  <div class='ocr_page' id='page_1' title='image "/cluster/home/n/w/nwhite01/storage/ocr_20150623/30/hvd.32044073501827/153.png"; bbox 0 0 4130 6210; ppageno 0'>
   <div class='ocr_carea' id='block_1_1' title="bbox 476 315 589 376">
    <p class='ocr_par' dir='ltr' id='par_1_1' title="bbox 476 315 589 376">
     <span class='ocr_line' id='line_1_1' title="bbox 476 315 589 376; baseline 0 -1"><span class='ocrx_word' id='word_1_1' title='bbox 476 315 589 376; x_wconf 73' lang='grc'>291</span> 
     </span>
    </p>
   </div>
   <div class='ocr_carea' id='block_1_2' title="bbox 1463 257 3071 369">
    <p class='ocr_par' dir='ltr' id='par_1_2' title="bbox 1463 257 3071 369">
     <span class='ocr_line' id='line_1_2' title="bbox 1463 257 3071 369; baseline -0.001 -1"><span class='ocrx_word' id='word_1_2' title='bbox 1463 305 1857 369; x_wconf 79' lang='lat' dir='ltr'>APPENDIX</span> <span class='ocrx_word' id='word_1_3' title='bbox 1896 299 2224 366; x_wconf 68' lang='lat' dir='ltr'>orarum</span> <span class='ocrx_word' id='word_1_4' title='bbox 2265 301 2330 364; x_wconf 91' lang='lat' dir='ltr'>s.</span> <span class='ocrx_word' id='word_1_5' title='bbox 2375 301 2657 366; x_wconf 83' lang='lat' dir='ltr'>BASILII</span> <span class='ocrx_word' id='word_1_6' title='bbox 2702 305 2982 368; x_wconf 78' lang='lat' dir='ltr'>MAGNI.</span> <span class='ocrx_word' id='word_1_7' title='bbox 3066 257 3071 264; x_wconf 53' lang='grc'><em>’</em></span> 
     </span>
    </p>
   </div>
   <div class='ocr_carea' id='block_1_3' title="bbox 3768 313 3895 374">
    <p class='ocr_par' dir='ltr' id='par_1_3' title="bbox 3768 313 3895 374">
     <span class='ocr_line' id='line_1_3' title="bbox 3768 313 3895 374; baseline 0 0"><span class='ocrx_word' id='word_1_8' title='bbox 3768 313 3895 374; x_wconf 71' lang='lat'>292</span> 
     </span>
    </p>
   </div>
   <div class='ocr_carea' id='block_1_4' title="bbox 479 429 2122 514">
    <p class='ocr_par' dir='ltr' id='par_1_4' title="bbox 479 435 2118 514">
     <span class='ocr_line' id='line_1_4' title="bbox 479 435 2118 514; baseline -0.008 -12"><span class='ocrx_word' id='word_1_9' title='bbox 479 444 772 514; x_wconf 62' lang='lat' dir='ltr'>aedificari,</span> <span class='ocrx_word' id='word_1_10' title='bbox 815 443 1141 499; x_wconf 88' lang='lat' dir='ltr'>secundum</span> <span class='ocrx_word' id='word_1_11' title='bbox 1200 439 1446 496; x_wconf 87' lang='lat' dir='ltr'>Paulum</span> <span class='ocrx_word' id='word_1_12' title='bbox 1503 438 1721 511; x_wconf 88' lang='lat' dir='ltr'>ipsum,</span> <span class='ocrx_word' id='word_1_13' title='bbox 1776 437 1877 509; x_wconf 86' lang='lat' dir='ltr'>qui</span> <span class='ocrx_word' id='word_1_14' title='bbox 1937 435 2118 491; x_wconf 86' lang='lat' dir='ltr'>dicit:</span> 
     </span>
    </p>
   </div>
   <div class='ocr_carea' id='block_1_5' title="bbox 2216 429 3889 514">
    <p class='ocr_par' dir='ltr' id='par_1_5' title="bbox 2237 429 3889 514">
     <span class='ocr_line' id='line_1_5' title="bbox 2237 429 3889 514; baseline 0.005 -26"><span class='ocrx_word' id='word_1_15' title='bbox 2237 429 2616 507; x_wconf 83' lang='grc' dir='ltr'>οικοδομεῖσθε</span> <span class='ocrx_word' id='word_1_16' title='bbox 2674 437 2787 510; x_wconf 87' lang='grc'>(88)</span> <span class='ocrx_word' id='word_1_17' title='bbox 2863 437 2938 500; x_wconf 86' lang='grc' dir='ltr'>εἰς</span> <span class='ocrx_word' id='word_1_18' title='bbox 3002 440 3432 514; x_wconf 71' lang='grc' dir='ltr'>κατοικητήριον</span> <span class='ocrx_word' id='word_1_19' title='bbox 3485 445 3582 496; x_wconf 88' lang='grc' dir='ltr'>τοῦ</span> <span class='ocrx_word' id='word_1_20' title='bbox 3640 447 3776 498; x_wconf 88' lang='grc' dir='ltr'>Θεοῦ</span> <span class='ocrx_word' id='word_1_21' title='bbox 3834 442 3889 498; x_wconf 78' lang='grc' dir='ltr'>ἐν</span> 
     </span>
    </p>
   </div>
   <div class='ocr_carea' id='block_1_6' title="bbox 476 527 2119 604">
    <p class='ocr_par' dir='ltr' id='par_1_6' title="bbox 476 527 2119 604">
     <span class='ocr_line' id='line_1_6' title="bbox 476 527 2119 604; baseline -0.009 -10"><span class='ocrx_word' id='word_1_22' title='bbox 476 534 916 604; x_wconf 68' lang='lat' dir='ltr'>Goazdiﬁcamini</span> <span class='ocrx_word' id='word_1_23' title='bbox 944 533 1000 587; x_wconf 83' lang='lat' dir='ltr'>in</span> <span class='ocrx_word' id='word_1_24' title='bbox 1031 531 1416 587; x_wconf 80' lang='lat' dir='ltr'>habitaculum</span> <span class='ocrx_word' id='word_1_25' title='bbox 1449 529 1546 584; x_wconf 88' lang='lat' dir='ltr'>Dei</span> <span class='ocrx_word' id='word_1_26' title='bbox 1574 531 1633 582; x_wconf 87' lang='lat' dir='ltr'>in</span> <span class='ocrx_word' id='word_1_27' title='bbox 1666 527 1876 599; x_wconf 79' lang='lat' dir='ltr'>Spiritu</span> <span class='ocrx_word' id='word_1_28' title='bbox 1908 527 1990 593; x_wconf 71' lang='lat'>9&quot;;</span> <span class='ocrx_word' id='word_1_29' title='bbox 2024 542 2119 580; x_wconf 89' lang='lat' dir='ltr'>as-</span> 
     </span>
    </p>
   </div>
   <div class='ocr_carea' id='block_1_7' title="bbox 477 613 2118 692">
    <p class='ocr_par' dir='ltr' id='par_1_7' title="bbox 477 613 2118 692">
     <span class='ocr_line' id='line_1_7' title="bbox 477 613 2118 692; baseline -0.009 -12"><span class='ocrx_word' id='word_1_30' title='bbox 477 625 736 692; x_wconf 88' lang='lat' dir='ltr'>seritque</span> <span class='ocrx_word' id='word_1_31' title='bbox 769 621 1080 676; x_wconf 88' lang='lat' dir='ltr'>Ecclesiam</span> <span class='ocrx_word' id='word_1_32' title='bbox 1115 619 1491 674; x_wconf 80' lang='lat' dir='ltr'>ministrante</span> <span class='ocrx_word' id='word_1_33' title='bbox 1521 616 1743 688; x_wconf 80' lang='lat' dir='ltr'>Spiritu</span> <span class='ocrx_word' id='word_1_34' title='bbox 1775 613 2118 671; x_wconf 66' lang='lat' dir='ltr'>coaediﬁcari</span> 
     </span>
    </p>
   </div>
   <div class='ocr_carea' id='block_1_8' title="bbox 472 703 2120 781">
    <p class='ocr_par' dir='ltr' id='par_1_8' title="bbox 472 703 2120 781">
     <span class='ocr_line' id='line_1_8' title="bbox 472 703 2120 781; baseline -0.007 -14"><span class='ocrx_word' id='word_1_35' title='bbox 472 717 530 768; x_wconf 89' lang='lat' dir='ltr'>et</span> <span class='ocrx_word' id='word_1_36' title='bbox 559 725 815 766; x_wconf 82' lang='lat' dir='ltr'>crescere</span> <span class='ocrx_word' id='word_1_37' title='bbox 848 710 906 764; x_wconf 90' lang='lat' dir='ltr'>in</span> <span class='ocrx_word' id='word_1_38' title='bbox 938 709 1224 781; x_wconf 83' lang='lat' dir='ltr'>templum</span> <span class='ocrx_word' id='word_1_39' title='bbox 1249 711 1516 763; x_wconf 89' lang='lat' dir='ltr'>sanctum</span> <span class='ocrx_word' id='word_1_40' title='bbox 1540 708 1599 759; x_wconf 92' lang='lat' dir='ltr'>in</span> <span class='ocrx_word' id='word_1_41' title='bbox 1627 705 1890 761; x_wconf 89' lang='lat' dir='ltr'>Domino.</span> <span class='ocrx_word' id='word_1_42' title='bbox 1917 703 2120 772; x_wconf 84' lang='lat' dir='ltr'>Itaque</span> 
     </span>
    </p>
   </div>
   <div class='ocr_carea' id='block_1_9' title="bbox 470 793 2118 870">
    <p class='ocr_par' dir='ltr' id='par_1_9' title="bbox 470 793 2118 870">
     <span class='ocr_line' id='line_1_9' title="bbox 470 793 2118 870; baseline -0.007 -14"><span class='ocrx_word' id='word_1_43' title='bbox 470 817 592 867; x_wconf 83' lang='lat' dir='ltr'>eos,</span> <span class='ocrx_word' id='word_1_44' title='bbox 640 800 740 870; x_wconf 89' lang='lat' dir='ltr'>qui</span> <span class='ocrx_word' id='word_1_45' title='bbox 799 799 955 854; x_wconf 91' lang='lat' dir='ltr'>hunc</span> <span class='ocrx_word' id='word_1_46' title='bbox 1007 796 1411 852; x_wconf 77' lang='lat' dir='ltr'>admirabilem</span> <span class='ocrx_word' id='word_1_47' title='bbox 1474 793 1876 850; x_wconf 80' lang='lat' dir='ltr'>consiliarium</span> <span class='ocrx_word' id='word_1_48' title='bbox 1937 796 2118 846; x_wconf 92' lang='lat' dir='ltr'>Deum</span> 
     </span>
    </p>
   </div>
   <div class='ocr_carea' id='block_1_10' title="bbox 469 881 2116 957">
    <p class='ocr_par' dir='ltr' id='par_1_10' title="bbox 469 881 2116 957">
     <span class='ocr_line' id='line_1_10' title="bbox 469 881 2116 957; baseline -0.006 -14"><span class='ocrx_word' id='word_1_49' title='bbox 469 889 725 945; x_wconf 88' lang='lat' dir='ltr'>Verbum</span> <span class='ocrx_word' id='word_1_50' title='bbox 786 889 1134 957; x_wconf 90' lang='lat' dir='ltr'>rejecerunt,</span> <span class='ocrx_word' id='word_1_51' title='bbox 1191 885 1439 957; x_wconf 82' lang='lat' dir='ltr'>sapienti</span> <span class='ocrx_word' id='word_1_52' title='bbox 1517 884 1838 939; x_wconf 82' lang='lat' dir='ltr'>architecto</span> <span class='ocrx_word' id='word_1_53' title='bbox 1897 881 2116 952; x_wconf 83' lang='lat' dir='ltr'>Spiritu</span> 
     </span>
    </p>
   </div>
   <div class='ocr_carea' id='block_1_11' title="bbox 469 968 2115 1048">
    <p class='ocr_par' dir='ltr' id='par_1_11' title="bbox 469 968 2115 1048">
     <span class='ocr_line' id='line_1_11' title="bbox 469 968 2115 1048; baseline -0.007 -14"><span class='ocrx_word' id='word_1_54' title='bbox 469 983 672 1036; x_wconf 87' lang='lat' dir='ltr'>sancto</span> <span class='ocrx_word' id='word_1_55' title='bbox 705 977 995 1048; x_wconf 82' lang='lat' dir='ltr'>spoliavit.</span> <span class='ocrx_word' id='word_1_56' title='bbox 1029 976 1415 1046; x_wconf 84' lang='lat' dir='ltr'>Quapropter,</span> <span class='ocrx_word' id='word_1_57' title='bbox 1438 990 1571 1028; x_wconf 90' lang='lat' dir='ltr'>cum</span> <span class='ocrx_word' id='word_1_58' title='bbox 1598 989 1710 1027; x_wconf 91' lang='lat' dir='ltr'>non</span> <span class='ocrx_word' id='word_1_59' title='bbox 1740 972 1991 1026; x_wconf 83' lang='lat' dir='ltr'>habeant</span> <span class='ocrx_word' id='word_1_60' title='bbox 2015 968 2115 1040; x_wconf 88' lang='lat' dir='ltr'>qui</span> 
     </span>
    </p>
   </div>
   <div class='ocr_carea' id='block_1_12' title="bbox 467 1059 2118 1137">
    <p class='ocr_par' dir='ltr' id='par_1_12' title="bbox 467 1059 2118 1137">
     <span class='ocr_line' id='line_1_12' title="bbox 467 1059 2118 1137; baseline -0.007 -14"><span class='ocrx_word' id='word_1_61' title='bbox 467 1085 566 1123; x_wconf 91' lang='lat' dir='ltr'>eos</span> <span class='ocrx_word' id='word_1_62' title='bbox 597 1069 967 1137; x_wconf 85' lang='lat' dir='ltr'>coagmentet</span> <span class='ocrx_word' id='word_1_63' title='bbox 999 1081 1061 1119; x_wconf 89' lang='lat' dir='ltr'>ac</span> <span class='ocrx_word' id='word_1_64' title='bbox 1095 1063 1454 1135; x_wconf 88' lang='lat' dir='ltr'>compingat,</span> <span class='ocrx_word' id='word_1_65' title='bbox 1488 1065 1629 1116; x_wconf 89' lang='lat' dir='ltr'>sunt</span> <span class='ocrx_word' id='word_1_66' title='bbox 1671 1059 1846 1116; x_wconf 88' lang='lat' dir='ltr'>soluti</span> <span class='ocrx_word' id='word_1_67' title='bbox 1882 1063 2051 1128; x_wconf 81' lang='lat' dir='ltr'>atque</span> <span class='ocrx_word' id='word_1_68' title='bbox 2084 1073 2118 1112; x_wconf 88' lang='lat' dir='ltr'>a</span> 
     </span>
    </p>
   </div>
   <div class='ocr_carea' id='block_1_13' title="bbox 468 1147 2114 1224">
    <p class='ocr_par' dir='ltr' id='par_1_13' title="bbox 468 1147 2114 1224">
     <span class='ocr_line' id='line_1_13' title="bbox 468 1147 2114 1224; baseline -0.007 -13"><span class='ocrx_word' id='word_1_69' title='bbox 468 1172 531 1211; x_wconf 88' lang='lat' dir='ltr'>se</span> <span class='ocrx_word' id='word_1_70' title='bbox 581 1153 829 1208; x_wconf 87' lang='lat' dir='ltr'>invicem</span> <span class='ocrx_word' id='word_1_71' title='bbox 882 1151 1157 1224; x_wconf 80' lang='lat' dir='ltr'>separati,</span> <span class='ocrx_word' id='word_1_72' title='bbox 1211 1165 1398 1221; x_wconf 87' lang='lat' dir='ltr'>neque</span> <span class='ocrx_word' id='word_1_73' title='bbox 1448 1148 1816 1221; x_wconf 88' lang='lat' dir='ltr'>spiritualem</span> <span class='ocrx_word' id='word_1_74' title='bbox 1865 1147 2114 1201; x_wconf 70' lang='lat' dir='ltr'>aedifica-</span> 
     </span>
    </p>
   </div>
   <div class='ocr_carea' id='block_1_14' title="bbox 464 1238 2112 1310">
    <p class='ocr_par' dir='ltr' id='par_1_14' title="bbox 464 1238 2112 1310">
     <span class='ocr_line' id='line_1_14' title="bbox 464 1238 2112 1310; baseline -0.007 -11"><span class='ocrx_word' id='word_1_75' title='bbox 464 1244 685 1305; x_wconf 76' lang='lat' dir='ltr'>tionem</span> <span class='ocrx_word' id='word_1_76' title='bbox 718 1242 840 1298; x_wconf 85' lang='lat' dir='ltr'>ﬁeri</span> <span class='ocrx_word' id='word_1_77' title='bbox 873 1240 972 1297; x_wconf 90' lang='lat' dir='ltr'>Dei</span> <span class='ocrx_word' id='word_1_78' title='bbox 1005 1239 1288 1310; x_wconf 86' lang='lat' dir='ltr'>templum</span> <span class='ocrx_word' id='word_1_79' title='bbox 1322 1243 1587 1310; x_wconf 90' lang='lat' dir='ltr'>possunt.</span> <span class='ocrx_word' id='word_1_80' title='bbox 1624 1238 1741 1293; x_wconf 91' lang='lat' dir='ltr'>Nos</span> <span class='ocrx_word' id='word_1_81' title='bbox 1762 1253 1895 1292; x_wconf 91' lang='lat' dir='ltr'>vero</span> <span class='ocrx_word' id='word_1_82' title='bbox 1919 1249 2112 1307; x_wconf 89' lang='lat' dir='ltr'>prece-</span> 
     </span>
    </p>
   </div>
   <div class='ocr_carea' id='block_1_15' title="bbox 466 1326 2112 1403">
    <p class='ocr_par' dir='ltr' id='par_1_15' title="bbox 466 1326 2112 1403">
     <span class='ocr_line' id='line_1_15' title="bbox 466 1326 2112 1403; baseline -0.007 -14"><span class='ocrx_word' id='word_1_83' title='bbox 466 1349 622 1403; x_wconf 86' lang='lat' dir='ltr'>mur,</span> <span class='ocrx_word' id='word_1_84' title='bbox 656 1336 721 1387; x_wconf 93' lang='lat' dir='ltr'>ut</span> <span class='ocrx_word' id='word_1_85' title='bbox 747 1328 1012 1386; x_wconf 68' lang='lat' dir='ltr'>Ecclesiae</span> <span class='ocrx_word' id='word_1_86' title='bbox 1046 1327 1414 1384; x_wconf 81' lang='lat' dir='ltr'>ministretur</span> <span class='ocrx_word' id='word_1_87' title='bbox 1442 1327 1696 1398; x_wconf 85' lang='lat' dir='ltr'>Spiritus</span> <span class='ocrx_word' id='word_1_88' title='bbox 1737 1326 1877 1381; x_wconf 89' lang='lat' dir='ltr'>adeo</span> <span class='ocrx_word' id='word_1_89' title='bbox 1911 1329 1975 1380; x_wconf 92' lang='lat' dir='ltr'>ut</span> <span class='ocrx_word' id='word_1_90' title='bbox 2008 1340 2112 1378; x_wconf 87' lang='lat' dir='ltr'>no-</span> 
     </span>
    </p>
   </div>
   <div class='ocr_carea' id='block_1_16' title="bbox 465 1412 2112 1493">
    <p class='ocr_par' dir='ltr' id='par_1_16' title="bbox 465 1412 2112 1493">
     <span class='ocr_line' id='line_1_16' title="bbox 465 1412 2112 1493; baseline -0.007 -15"><span class='ocrx_word' id='word_1_91' title='bbox 465 1422 560 1478; x_wconf 92' lang='lat' dir='ltr'>bis</span> <span class='ocrx_word' id='word_1_92' title='bbox 619 1419 914 1493; x_wconf 85' lang='lat' dir='ltr'>spiritales</span> <span class='ocrx_word' id='word_1_93' title='bbox 973 1418 1323 1473; x_wconf 85' lang='lat' dir='ltr'>architectos</span> <span class='ocrx_word' id='word_1_94' title='bbox 1381 1415 1720 1482; x_wconf 84' lang='lat' dir='ltr'>constituat,</span> <span class='ocrx_word' id='word_1_95' title='bbox 1778 1412 2112 1484; x_wconf 88' lang='lat' dir='ltr'>cujusmodi</span> 
     </span>
    </p>
   </div>
   <div class='ocr_carea' id='block_1_17' title="bbox 466 1502 2112 1579">
    <p class='ocr_par' dir='ltr' id='par_1_17' title="bbox 466 1502 2112 1579">
     <span class='ocr_line' id='line_1_17' title="bbox 466 1502 2112 1579; baseline -0.007 -12"><span class='ocrx_word' id='word_1_96' title='bbox 466 1515 592 1567; x_wconf 86' lang='lat' dir='ltr'>erat</span> <span class='ocrx_word' id='word_1_97' title='bbox 625 1508 900 1578; x_wconf 84' lang='lat' dir='ltr'>Beseleel,</span> <span class='ocrx_word' id='word_1_98' title='bbox 934 1524 1109 1579; x_wconf 90' lang='lat' dir='ltr'>quem</span> <span class='ocrx_word' id='word_1_99' title='bbox 1144 1505 1410 1578; x_wconf 87' lang='lat' dir='ltr'>implevit</span> <span class='ocrx_word' id='word_1_100' title='bbox 1441 1504 1596 1558; x_wconf 87' lang='lat' dir='ltr'>Deus</span> <span class='ocrx_word' id='word_1_101' title='bbox 1641 1503 1858 1574; x_wconf 85' lang='lat' dir='ltr'>Spiritu</span> <span class='ocrx_word' id='word_1_102' title='bbox 1893 1502 2112 1570; x_wconf 87' lang='lat' dir='ltr'>divino,</span> 
     </span>
    </p>
   </div>
   <div class='ocr_carea' id='block_1_18' title="bbox 462 1590 2111 1671">
    <p class='ocr_par' dir='ltr' id='par_1_18' title="bbox 462 1590 2111 1671">
     <span class='ocr_line' id='line_1_18' title="bbox 462 1590 2111 1671; baseline -0.005 -18"><span class='ocrx_word' id='word_1_103' title='bbox 462 1599 680 1671; x_wconf 89' lang='lat' dir='ltr'>Spiritu</span> <span class='ocrx_word' id='word_1_104' title='bbox 717 1596 1112 1668; x_wconf 59' lang='lat' dir='ltr'>intelligentia;</span> <span class='ocrx_word' id='word_1_105' title='bbox 1143 1600 1200 1649; x_wconf 89' lang='lat' dir='ltr'>ct</span> <span class='ocrx_word' id='word_1_106' title='bbox 1228 1594 1486 1650; x_wconf 59' lang='lat' dir='ltr'>scientias</span> <span class='ocrx_word' id='word_1_107' title='bbox 1510 1594 1574 1662; x_wconf 68' lang='lat'>9“,</span> <span class='ocrx_word' id='word_1_108' title='bbox 1608 1595 1672 1647; x_wconf 92' lang='lat' dir='ltr'>ut</span> <span class='ocrx_word' id='word_1_109' title='bbox 1701 1590 2111 1647; x_wconf 86' lang='lat' dir='ltr'>architectoni-</span> 
     </span>
    </p>
   </div>
   <div class='ocr_carea' id='block_1_19' title="bbox 465 1679 2112 1758">
    <p class='ocr_par' dir='ltr' id='par_1_19' title="bbox 465 1679 2112 1758">
     <span class='ocr_line' id='line_1_19' title="bbox 465 1679 2112 1758; baseline -0.005 -14"><span class='ocrx_word' id='word_1_110' title='bbox 465 1704 562 1744; x_wconf 89' lang='lat' dir='ltr'>ces</span> <span class='ocrx_word' id='word_1_111' title='bbox 583 1703 759 1758; x_wconf 84' lang='lat' dir='ltr'>opera</span> <span class='ocrx_word' id='word_1_112' title='bbox 789 1685 989 1742; x_wconf 86' lang='lat' dir='ltr'>omnia</span> <span class='ocrx_word' id='word_1_113' title='bbox 1019 1684 1420 1740; x_wconf 72' lang='lat' dir='ltr'>fabrefaceret.</span> <span class='ocrx_word' id='word_1_114' title='bbox 1453 1685 1528 1737; x_wconf 87' lang='lat' dir='ltr'>Et</span> <span class='ocrx_word' id='word_1_115' title='bbox 1573 1683 1898 1753; x_wconf 76' lang='lat' dir='ltr'>prudentem</span> <span class='ocrx_word' id='word_1_116' title='bbox 1941 1679 2112 1736; x_wconf 84' lang='lat' dir='ltr'>audi-</span> 
     </span>
    </p>
   </div>
   <div class='ocr_carea' id='block_1_20' title="bbox 463 1770 2112 1844">
    <p class='ocr_par' dir='ltr' id='par_1_20' title="bbox 463 1770 2112 1844">
     <span class='ocr_line' id='line_1_20' title="bbox 463 1770 2112 1844; baseline -0.006 -12"><span class='ocrx_word' id='word_1_117' title='bbox 463 1784 652 1833; x_wconf 75' lang='lat' dir='ltr'>torem.</span> <span class='ocrx_word' id='word_1_118' title='bbox 698 1775 754 1829; x_wconf 86' lang='lat' dir='ltr'>Si</span> <span class='ocrx_word' id='word_1_119' title='bbox 810 1775 981 1844; x_wconf 86' lang='lat' dir='ltr'>juxta</span> <span class='ocrx_word' id='word_1_120' title='bbox 1034 1771 1430 1842; x_wconf 87' lang='lat' dir='ltr'>Salomonem,</span> <span class='ocrx_word' id='word_1_121' title='bbox 1489 1771 1675 1826; x_wconf 88' lang='lat' dir='ltr'>Sermo</span> <span class='ocrx_word' id='word_1_122' title='bbox 1729 1771 1998 1841; x_wconf 79' lang='lat' dir='ltr'>pretiosus</span> <span class='ocrx_word' id='word_1_123' title='bbox 2050 1770 2112 1824; x_wconf 89' lang='lat' dir='ltr'>in</span> 
     </span>
    </p>
   </div>
   <div class='ocr_carea' id='block_1_21' title="bbox 464 1857 2114 1928">
    <p class='ocr_par' dir='ltr' id='par_1_21' title="bbox 464 1857 2114 1928">
     <span class='ocr_line' id='line_1_21' title="bbox 464 1857 2114 1928; baseline -0.006 -7"><span class='ocrx_word' id='word_1_124' title='bbox 464 1881 660 1922; x_wconf 86' lang='lat' dir='ltr'>aurem</span> <span class='ocrx_word' id='word_1_125' title='bbox 685 1863 1023 1920; x_wconf 75' lang='lat' dir='ltr'>obedientem</span> <span class='ocrx_word' id='word_1_126' title='bbox 1052 1863 1116 1928; x_wconf 75' lang='lat'>9°,</span> <span class='ocrx_word' id='word_1_127' title='bbox 1152 1862 1248 1916; x_wconf 91' lang='lat' dir='ltr'>ubi</span> <span class='ocrx_word' id='word_1_128' title='bbox 1282 1876 1476 1916; x_wconf 91' lang='lat' dir='ltr'>sermo</span> <span class='ocrx_word' id='word_1_129' title='bbox 1506 1877 1618 1915; x_wconf 90' lang='lat' dir='ltr'>non</span> <span class='ocrx_word' id='word_1_130' title='bbox 1650 1863 1759 1928; x_wconf 89' lang='lat' dir='ltr'>est,</span> <span class='ocrx_word' id='word_1_131' title='bbox 1793 1859 1995 1914; x_wconf 87' lang='lat' dir='ltr'>auditu</span> <span class='ocrx_word' id='word_1_132' title='bbox 2032 1857 2114 1912; x_wconf 92' lang='lat' dir='ltr'>ni-</span> 
     </span>
    </p>
   </div>
   <div class='ocr_carea' id='block_1_22' title="bbox 464 1946 2110 2024">
    <p class='ocr_par' dir='ltr' id='par_1_22' title="bbox 464 1946 2110 2024">
     <span class='ocr_line' id='line_1_22' title="bbox 464 1946 2110 2024; baseline -0.005 -16"><span class='ocrx_word' id='word_1_133' title='bbox 464 1953 548 2008; x_wconf 88' lang='lat' dir='ltr'>hil</span> <span class='ocrx_word' id='word_1_134' title='bbox 580 1970 728 2024; x_wconf 90' lang='lat' dir='ltr'>opus</span> <span class='ocrx_word' id='word_1_135' title='bbox 758 1955 868 2008; x_wconf 90' lang='lat' dir='ltr'>est.</span> <span class='ocrx_word' id='word_1_136' title='bbox 900 1955 1040 2006; x_wconf 89' lang='lat' dir='ltr'>Cum</span> <span class='ocrx_word' id='word_1_137' title='bbox 1075 1949 1255 2022; x_wconf 83' lang='lat' dir='ltr'>igitur</span> <span class='ocrx_word' id='word_1_138' title='bbox 1284 1965 1315 2004; x_wconf 84' lang='grc' dir='ltr'>θ</span> <span class='ocrx_word' id='word_1_139' title='bbox 1345 1949 1539 2003; x_wconf 83' lang='lat' dir='ltr'>medio</span> <span class='ocrx_word' id='word_1_140' title='bbox 1589 1947 1860 2002; x_wconf 88' lang='lat' dir='ltr'>sublatus</span> <span class='ocrx_word' id='word_1_141' title='bbox 1908 1946 1986 2001; x_wconf 86' lang='lat' dir='ltr'>sit</span> <span class='ocrx_word' id='word_1_142' title='bbox 2009 1947 2110 2001; x_wconf 88' lang='lat' dir='ltr'>ad-</span> 
     </span>
    </p>
   </div>
   <div class='ocr_carea' id='block_1_23' title="bbox 465 2035 2112 2109">
    <p class='ocr_par' dir='ltr' id='par_1_23' title="bbox 465 2035 2112 2109">
     <span class='ocr_line' id='line_1_23' title="bbox 465 2035 2112 2109; baseline -0.004 -12"><span class='ocrx_word' id='word_1_143' title='bbox 465 2041 756 2098; x_wconf 87' lang='lat' dir='ltr'>mirabilis</span> <span class='ocrx_word' id='word_1_144' title='bbox 795 2041 891 2096; x_wconf 87' lang='lat' dir='ltr'>ille</span> <span class='ocrx_word' id='word_1_145' title='bbox 940 2038 1338 2106; x_wconf 82' lang='lat' dir='ltr'>consiliarius,</span> <span class='ocrx_word' id='word_1_146' title='bbox 1389 2039 1644 2109; x_wconf 88' lang='lat' dir='ltr'>quadam</span> <span class='ocrx_word' id='word_1_147' title='bbox 1693 2035 2112 2107; x_wconf 84' lang='lat' dir='ltr'>consequentia</span> 
     </span>
    </p>
   </div>
   <div class='ocr_carea' id='block_1_24' title="bbox 463 2124 2108 2202">
    <p class='ocr_par' dir='ltr' id='par_1_24' title="bbox 463 2124 2108 2202">
     <span class='ocr_line' id='line_1_24' title="bbox 463 2124 2108 2202; baseline -0.005 -15"><span class='ocrx_word' id='word_1_148' title='bbox 463 2132 638 2188; x_wconf 89' lang='lat' dir='ltr'>etiam</span> <span class='ocrx_word' id='word_1_149' title='bbox 675 2131 932 2202; x_wconf 85' lang='lat' dir='ltr'>prudens</span> <span class='ocrx_word' id='word_1_150' title='bbox 953 2129 1188 2186; x_wconf 85' lang='lat' dir='ltr'>auditor</span> <span class='ocrx_word' id='word_1_151' title='bbox 1207 2125 1385 2182; x_wconf 90' lang='lat' dir='ltr'>simul</span> <span class='ocrx_word' id='word_1_152' title='bbox 1416 2127 1650 2181; x_wconf 87' lang='lat' dir='ltr'>ablatus</span> <span class='ocrx_word' id='word_1_153' title='bbox 1672 2128 1780 2180; x_wconf 91' lang='lat' dir='ltr'>est.</span> <span class='ocrx_word' id='word_1_154' title='bbox 1823 2124 1928 2180; x_wconf 90' lang='lat' dir='ltr'>Ubi</span> <span class='ocrx_word' id='word_1_155' title='bbox 1951 2124 2108 2179; x_wconf 91' lang='lat' dir='ltr'>enim</span> 
     </span>
    </p>
   </div>
   <div class='ocr_carea' id='block_1_25' title="bbox 463 2213 2106 2292">
    <p class='ocr_par' dir='ltr' id='par_1_25' title="bbox 463 2213 2106 2292">
     <span class='ocr_line' id='line_1_25' title="bbox 463 2213 2106 2292; baseline -0.005 -16"><span class='ocrx_word' id='word_1_156' title='bbox 463 2224 771 2292; x_wconf 82' lang='lat' dir='ltr'>argentum</span> <span class='ocrx_word' id='word_1_157' title='bbox 824 2234 936 2273; x_wconf 91' lang='lat' dir='ltr'>non</span> <span class='ocrx_word' id='word_1_158' title='bbox 985 2221 1096 2287; x_wconf 90' lang='lat' dir='ltr'>est,</span> <span class='ocrx_word' id='word_1_159' title='bbox 1147 2216 1365 2271; x_wconf 82' lang='lat' dir='ltr'>otiatur</span> <span class='ocrx_word' id='word_1_160' title='bbox 1406 2213 1708 2285; x_wconf 85' lang='lat' dir='ltr'>trapezita.</span> <span class='ocrx_word' id='word_1_161' title='bbox 1761 2214 1862 2268; x_wconf 91' lang='lat' dir='ltr'>Est</span> <span class='ocrx_word' id='word_1_162' title='bbox 1912 2218 2106 2268; x_wconf 90' lang='lat' dir='ltr'>autem</span> 
     </span>
    </p>
   </div>
   <div class='ocr_carea' id='block_1_26' title="bbox 462 2303 2108 2379">
    <p class='ocr_par' dir='ltr' id='par_1_26' title="bbox 462 2303 2108 2379">
     <span class='ocr_line' id='line_1_26' title="bbox 462 2303 2108 2379; baseline -0.005 -14"><span class='ocrx_word' id='word_1_163' title='bbox 462 2309 774 2365; x_wconf 84' lang='lat' dir='ltr'>molestum</span> <span class='ocrx_word' id='word_1_164' title='bbox 806 2307 1108 2379; x_wconf 90' lang='lat' dir='ltr'>quiddam,</span> <span class='ocrx_word' id='word_1_165' title='bbox 1138 2323 1271 2362; x_wconf 90' lang='lat' dir='ltr'>cum</span> <span class='ocrx_word' id='word_1_166' title='bbox 1304 2321 1496 2361; x_wconf 90' lang='lat' dir='ltr'>sermo</span> <span class='ocrx_word' id='word_1_167' title='bbox 1518 2304 1753 2376; x_wconf 90' lang='lat' dir='ltr'>quidem</span> <span class='ocrx_word' id='word_1_168' title='bbox 1777 2303 2108 2374; x_wconf 87' lang='lat' dir='ltr'>intelligen-</span> 
     </span>
    </p>
   </div>
   <div class='ocr_carea' id='block_1_27' title="bbox 457 2392 2105 2482">
    <p class='ocr_par' dir='ltr' id='par_1_27' title="bbox 457 2392 2105 2482">
     <span class='ocr_line' id='line_1_27' title="bbox 457 2392 2105 2482; baseline -0.005 -28"><span class='ocrx_word' id='word_1_169' title='bbox 457 2399 552 2454; x_wconf 67' lang='lat' dir='ltr'>tiae</span> <span class='ocrx_word' id='word_1_170' title='bbox 585 2404 642 2455; x_wconf 90' lang='lat' dir='ltr'>et</span> <span class='ocrx_word' id='word_1_171' title='bbox 673 2397 1094 2482; x_wconf 57' lang='lat' dir='ltr'>sententiarum</span> <span class='ocrx_word' id='word_1_172' title='bbox 1128 2394 1339 2467; x_wconf 89' lang='lat' dir='ltr'>plenus</span> <span class='ocrx_word' id='word_1_173' title='bbox 1371 2395 1645 2461; x_wconf 86' lang='lat' dir='ltr'>habetur,</span> <span class='ocrx_word' id='word_1_174' title='bbox 1679 2398 1738 2448; x_wconf 90' lang='lat' dir='ltr'>et</span> <span class='ocrx_word' id='word_1_175' title='bbox 1762 2392 1864 2463; x_wconf 90' lang='lat' dir='ltr'>qui</span> <span class='ocrx_word' id='word_1_176' title='bbox 1887 2393 1958 2446; x_wconf 87' lang='lat' dir='ltr'>de</span> <span class='ocrx_word' id='word_1_177' title='bbox 1979 2392 2105 2447; x_wconf 77' lang='lat' dir='ltr'>offi-</span> 
     </span>
    </p>
   </div>
   <div class='ocr_carea' id='block_1_28' title="bbox 465 2479 2107 2555">
    <p class='ocr_par' dir='ltr' id='par_1_28' title="bbox 465 2479 2107 2555">
     <span class='ocr_line' id='line_1_28' title="bbox 465 2479 2107 2555; baseline -0.004 -14"><span class='ocrx_word' id='word_1_178' title='bbox 465 2487 572 2542; x_wconf 85' lang='lat' dir='ltr'>ciis</span> <span class='ocrx_word' id='word_1_179' title='bbox 603 2479 830 2555; x_wconf 83' lang='lat' dir='ltr'>tractet,</span> <span class='ocrx_word' id='word_1_180' title='bbox 869 2500 973 2541; x_wconf 89' lang='lat' dir='ltr'>nec</span> <span class='ocrx_word' id='word_1_181' title='bbox 996 2489 1190 2538; x_wconf 89' lang='lat' dir='ltr'>tamen</span> <span class='ocrx_word' id='word_1_182' title='bbox 1215 2485 1380 2537; x_wconf 88' lang='lat' dir='ltr'>adest</span> <span class='ocrx_word' id='word_1_183' title='bbox 1400 2482 1718 2554; x_wconf 89' lang='lat' dir='ltr'>quisquam</span> <span class='ocrx_word' id='word_1_184' title='bbox 1758 2481 1856 2552; x_wconf 90' lang='lat' dir='ltr'>qui</span> <span class='ocrx_word' id='word_1_185' title='bbox 1904 2479 2107 2535; x_wconf 69' lang='lat' dir='ltr'>isthmc</span> 
     </span>
    </p>
   </div>
   <div class='ocr_carea' id='block_1_29' title="bbox 459 2569 2106 2646">
    <p class='ocr_par' dir='ltr' id='par_1_29' title="bbox 459 2569 2106 2646">
     <span class='ocr_line' id='line_1_29' title="bbox 459 2569 2106 2646; baseline -0.005 -16"><span class='ocrx_word' id='word_1_186' title='bbox 459 2575 779 2646; x_wconf 89' lang='lat' dir='ltr'>prudenter</span> <span class='ocrx_word' id='word_1_187' title='bbox 823 2572 1127 2646; x_wconf 87' lang='lat' dir='ltr'>percipiat,</span> <span class='ocrx_word' id='word_1_188' title='bbox 1177 2577 1485 2644; x_wconf 88' lang='lat' dir='ltr'>propterea</span> <span class='ocrx_word' id='word_1_189' title='bbox 1536 2570 1691 2642; x_wconf 92' lang='lat' dir='ltr'>quod</span> <span class='ocrx_word' id='word_1_190' title='bbox 1747 2585 1846 2624; x_wconf 88' lang='lat' dir='ltr'>eas</span> <span class='ocrx_word' id='word_1_191' title='bbox 1893 2569 2106 2623; x_wconf 65' lang='lat' dir='ltr'>animm</span> 
     </span>
    </p>
   </div>
   <div class='ocr_carea' id='block_1_30' title="bbox 2232 522 3890 604">
    <p class='ocr_par' dir='ltr' id='par_1_30' title="bbox 2232 522 3890 604">
     <span class='ocr_line' id='line_1_30' title="bbox 2232 522 3890 604; baseline 0.006 -28"><span class='ocrx_word' id='word_1_192' title='bbox 2232 522 2523 596; x_wconf 70' lang='grc' dir='ltr'>Πνεύματιο</span> <span class='ocrx_word' id='word_1_193' title='bbox 2571 524 2662 579; x_wconf 79' lang='grc' dir='ltr'>καὶ</span> <span class='ocrx_word' id='word_1_194' title='bbox 2711 526 2773 580; x_wconf 88' lang='grc' dir='ltr'>τὸ</span> <span class='ocrx_word' id='word_1_195' title='bbox 2806 523 2894 581; x_wconf 75' lang='grc' dir='ltr'>διὰ</span> <span class='ocrx_word' id='word_1_196' title='bbox 2940 534 3041 596; x_wconf 80' lang='grc' dir='ltr'>τῆς</span> <span class='ocrx_word' id='word_1_197' title='bbox 3093 526 3453 604; x_wconf 75' lang='grc' dir='ltr'>ἐπιχορηγίας</span> <span class='ocrx_word' id='word_1_198' title='bbox 3483 533 3578 584; x_wconf 87' lang='grc' dir='ltr'>τοῦ</span> <span class='ocrx_word' id='word_1_199' title='bbox 3635 531 3890 604; x_wconf 85' lang='grc' dir='ltr'>Πνεύμα-</span> 
     </span>
    </p>
   </div>
   <div class='ocr_carea' id='block_1_31' title="bbox 2227 611 3890 694">
    <p class='ocr_par' dir='ltr' id='par_1_31' title="bbox 2227 611 3890 694">
     <span class='ocr_line' id='line_1_31' title="bbox 2227 611 3890 694; baseline 0.005 -28"><span class='ocrx_word' id='word_1_200' title='bbox 2227 633 2320 674; x_wconf 88' lang='grc' dir='ltr'>τος</span> <span class='ocrx_word' id='word_1_201' title='bbox 2379 611 2884 687; x_wconf 82' lang='grc' dir='ltr'>συνοικοδομεῖσθαι</span> <span class='ocrx_word' id='word_1_202' title='bbox 2944 618 3031 670; x_wconf 82' lang='grc' dir='ltr'>καὶ</span> <span class='ocrx_word' id='word_1_203' title='bbox 3084 613 3256 687; x_wconf 73' lang='grc' dir='ltr'>αῦξειν</span> <span class='ocrx_word' id='word_1_204' title='bbox 3317 617 3392 681; x_wconf 85' lang='grc' dir='ltr'>εἷς</span> <span class='ocrx_word' id='word_1_205' title='bbox 3445 619 3573 673; x_wconf 87' lang='grc' dir='ltr'>ναὸν</span> <span class='ocrx_word' id='word_1_206' title='bbox 3632 622 3781 694; x_wconf 77' lang='grc' dir='ltr'>ἅγιον</span> <span class='ocrx_word' id='word_1_207' title='bbox 3838 620 3890 675; x_wconf 80' lang='grc' dir='ltr'>ἐν</span> 
     </span>
    </p>
   </div>
   <div class='ocr_carea' id='block_1_32' title="bbox 2227 699 3891 781">
    <p class='ocr_par' dir='ltr' id='par_1_32' title="bbox 2227 699 3891 781">
     <span class='ocr_line' id='line_1_32' title="bbox 2227 699 3891 781; baseline 0.006 -27"><span class='ocrx_word' id='word_1_208' title='bbox 2227 701 2428 774; x_wconf 81' lang='grc' dir='ltr'>Κυρίῳ.</span> <span class='ocrx_word' id='word_1_209' title='bbox 2473 701 2616 764; x_wconf 80' lang='grc' dir='ltr'>Τοὺς</span> <span class='ocrx_word' id='word_1_210' title='bbox 2664 703 2756 757; x_wconf 87' lang='grc' dir='ltr'>οὗν</span> <span class='ocrx_word' id='word_1_211' title='bbox 2789 699 3206 768; x_wconf 76' lang='grc' dir='ltr'>ἀποϐάλλοντας</span> <span class='ocrx_word' id='word_1_212' title='bbox 3247 705 3338 760; x_wconf 78' lang='grc' dir='ltr'>τὸν</span> <span class='ocrx_word' id='word_1_213' title='bbox 3389 707 3693 778; x_wconf 79' lang='grc' dir='ltr'>θαυμαστὸν</span> <span class='ocrx_word' id='word_1_214' title='bbox 3745 709 3891 781; x_wconf 88' lang='grc' dir='ltr'>σύμ-</span> 
     </span>
    </p>
   </div>
   <div class='ocr_carea' id='block_1_33' title="bbox 2229 784 3879 875">
    <p class='ocr_par' dir='ltr' id='par_1_33' title="bbox 2229 784 3879 875">
     <span class='ocr_line' id='line_1_33' title="bbox 2229 784 3879 875; baseline 0.005 -32"><span class='ocrx_word' id='word_1_215' title='bbox 2229 784 2452 857; x_wconf 77' lang='grc' dir='ltr'>ϐουλον,</span> <span class='ocrx_word' id='word_1_216' title='bbox 2484 792 2574 845; x_wconf 88' lang='grc' dir='ltr'>τὸν</span> <span class='ocrx_word' id='word_1_217' title='bbox 2625 793 2753 846; x_wconf 84' lang='grc' dir='ltr'>Θεὸν</span> <span class='ocrx_word' id='word_1_218' title='bbox 2801 792 2999 867; x_wconf 77' lang='grc' dir='ltr'>Λόγον,</span> <span class='ocrx_word' id='word_1_219' title='bbox 3043 792 3283 867; x_wconf 77' lang='grc' dir='ltr'>ἐρήμους</span> <span class='ocrx_word' id='word_1_220' title='bbox 3312 793 3534 866; x_wconf 81' lang='grc' dir='ltr'>ἐποίησε</span> <span class='ocrx_word' id='word_1_221' title='bbox 3563 801 3658 850; x_wconf 81' lang='grc' dir='ltr'>τοῦ</span> <span class='ocrx_word' id='word_1_222' title='bbox 3703 803 3879 875; x_wconf 69' lang='grc' dir='ltr'>σοφοῦ</span> 
     </span>
    </p>
   </div>
   <div class='ocr_carea' id='block_1_34' title="bbox 2226 879 3887 961">
    <p class='ocr_par' dir='ltr' id='par_1_34' title="bbox 2226 879 3887 961">
     <span class='ocr_line' id='line_1_34' title="bbox 2226 879 3887 961; baseline 0.002 -28"><span class='ocrx_word' id='word_1_223' title='bbox 2226 879 2735 954; x_wconf 68' lang='grc' dir='ltr'>ἀρχιτέκτονος,τοῦ</span> <span class='ocrx_word' id='word_1_224' title='bbox 2766 881 2924 955; x_wconf 85' lang='grc' dir='ltr'>ἁγίου</span> <span class='ocrx_word' id='word_1_225' title='bbox 2953 882 3387 954; x_wconf 79' lang='grc' dir='ltr'>Πνεύματος.Διά</span> <span class='ocrx_word' id='word_1_226' title='bbox 3415 889 3577 939; x_wconf 85' lang='grc' dir='ltr'>τοῦτο</span> <span class='ocrx_word' id='word_1_227' title='bbox 3614 887 3690 957; x_wconf 85' lang='grc' dir='ltr'>μή</span> <span class='ocrx_word' id='word_1_228' title='bbox 3723 881 3887 961; x_wconf 76' lang='grc' dir='ltr'>ἔχον-</span> 
     </span>
    </p>
   </div>
   <div class='ocr_carea' id='block_1_35' title="bbox 2225 967 3882 1046">
    <p class='ocr_par' dir='ltr' id='par_1_35' title="bbox 2225 967 3882 1046">
     <span class='ocr_line' id='line_1_35' title="bbox 2225 967 3882 1046; baseline 0.005 -25"><span class='ocrx_word' id='word_1_229' title='bbox 2225 988 2312 1028; x_wconf 89' lang='grc' dir='ltr'>τες</span> <span class='ocrx_word' id='word_1_230' title='bbox 2361 968 2451 1022; x_wconf 87' lang='grc' dir='ltr'>τὸν</span> <span class='ocrx_word' id='word_1_231' title='bbox 2502 967 3017 1046; x_wconf 81' lang='grc' dir='ltr'>συναρμολογοῦντα</span> <span class='ocrx_word' id='word_1_232' title='bbox 3059 971 3256 1033; x_wconf 72' lang='grc' dir='ltr'>αὐτοὺς</span> <span class='ocrx_word' id='word_1_233' title='bbox 3315 973 3403 1027; x_wconf 78' lang='grc' dir='ltr'>καὶ</span> <span class='ocrx_word' id='word_1_234' title='bbox 3450 969 3882 1046; x_wconf 73' lang='grc' dir='ltr'>συμϐιὸἀζοντα,</span> 
     </span>
    </p>
   </div>
   <div class='ocr_carea' id='block_1_36' title="bbox 2226 1053 3882 1138">
    <p class='ocr_par' dir='ltr' id='par_1_36' title="bbox 2226 1053 3882 1138">
     <span class='ocr_line' id='line_1_36' title="bbox 2226 1053 3882 1138; baseline 0.005 -28"><span class='ocrx_word' id='word_1_235' title='bbox 2226 1053 2520 1129; x_wconf 70' lang='grc' dir='ltr'>λελυμένοι</span> <span class='ocrx_word' id='word_1_236' title='bbox 2555 1057 2656 1112; x_wconf 65' lang='grc' dir='ltr'>εἰσὶ</span> <span class='ocrx_word' id='word_1_237' title='bbox 2686 1058 2774 1112; x_wconf 76' lang='grc' dir='ltr'>καὶ</span> <span class='ocrx_word' id='word_1_238' title='bbox 2809 1058 3126 1133; x_wconf 74' lang='grc' dir='ltr'>ἐσχισμένοι</span> <span class='ocrx_word' id='word_1_239' title='bbox 3157 1061 3244 1115; x_wconf 86' lang='grc' dir='ltr'>ἀπ’</span> <span class='ocrx_word' id='word_1_240' title='bbox 3301 1059 3592 1132; x_wconf 79' lang='grc' dir='ltr'>ἀλλήλων,</span> <span class='ocrx_word' id='word_1_241' title='bbox 3635 1066 3882 1138; x_wconf 74' lang='grc' dir='ltr'>γενέσθαι</span> 
     </span>
    </p>
   </div>
   <div class='ocr_carea' id='block_1_37' title="bbox 2224 1142 3884 1226">
    <p class='ocr_par' dir='ltr' id='par_1_37' title="bbox 2224 1142 3884 1226">
     <span class='ocr_line' id='line_1_37' title="bbox 2224 1142 3884 1226; baseline 0.005 -27"><span class='ocrx_word' id='word_1_242' title='bbox 2224 1144 2348 1206; x_wconf 82' lang='grc' dir='ltr'>ναὸς</span> <span class='ocrx_word' id='word_1_243' title='bbox 2381 1149 2514 1200; x_wconf 87' lang='grc' dir='ltr'>Θεοῦ</span> <span class='ocrx_word' id='word_1_244' title='bbox 2547 1142 2635 1200; x_wconf 76' lang='grc' dir='ltr'>διὰ</span> <span class='ocrx_word' id='word_1_245' title='bbox 2664 1153 2762 1215; x_wconf 86' lang='grc' dir='ltr'>τῆς</span> <span class='ocrx_word' id='word_1_246' title='bbox 2793 1155 3167 1219; x_wconf 80' lang='grc' dir='ltr'>πνευματικῆς</span> <span class='ocrx_word' id='word_1_247' title='bbox 3200 1147 3500 1222; x_wconf 72' lang='grc' dir='ltr'>οἶκοδομῆς</span> <span class='ocrx_word' id='word_1_248' title='bbox 3534 1153 3610 1224; x_wconf 84' lang='grc' dir='ltr'>μὴ</span> <span class='ocrx_word' id='word_1_249' title='bbox 3645 1149 3884 1226; x_wconf 79' lang='grc' dir='ltr'>δυνάμε-</span> 
     </span>
    </p>
   </div>
   <div class='ocr_carea' id='block_1_38' title="bbox 2221 1231 3884 1313">
    <p class='ocr_par' dir='ltr' id='par_1_38' title="bbox 2221 1231 3884 1313">
     <span class='ocr_line' id='line_1_38' title="bbox 2221 1231 3884 1313; baseline 0.006 -26"><span class='ocrx_word' id='word_1_250' title='bbox 2221 1254 2328 1301; x_wconf 89' lang='grc' dir='ltr'>νοι,</span> <span class='ocrx_word' id='word_1_251' title='bbox 2388 1231 2544 1290; x_wconf 88' lang='grc' dir='ltr'>Ἀλλ’</span> <span class='ocrx_word' id='word_1_252' title='bbox 2599 1236 2764 1307; x_wconf 78' lang='grc' dir='ltr'>ἡμεῖς</span> <span class='ocrx_word' id='word_1_253' title='bbox 2821 1235 3118 1309; x_wconf 78' lang='grc' dir='ltr'>εύξώμεθα,</span> <span class='ocrx_word' id='word_1_254' title='bbox 3173 1233 3317 1313; x_wconf 79' lang='grc' dir='ltr'>ἔχειν</span> <span class='ocrx_word' id='word_1_255' title='bbox 3386 1239 3486 1308; x_wconf 80' lang='grc' dir='ltr'>τήν</span> <span class='ocrx_word' id='word_1_256' title='bbox 3545 1240 3884 1310; x_wconf 77' lang='grc' dir='ltr'>Ἐκκλησίαν</span> 
     </span>
    </p>
   </div>
   <div class='ocr_carea' id='block_1_39' title="bbox 2220 1321 3882 1400">
    <p class='ocr_par' dir='ltr' id='par_1_39' title="bbox 2220 1321 3882 1400">
     <span class='ocr_line' id='line_1_39' title="bbox 2220 1321 3882 1400; baseline 0.006 -24"><span class='ocrx_word' id='word_1_257' title='bbox 2220 1323 2319 1392; x_wconf 87' lang='grc' dir='ltr'>τήν</span> <span class='ocrx_word' id='word_1_258' title='bbox 2371 1321 2731 1400; x_wconf 81' lang='grc' dir='ltr'>ἐπιχορηγίαν</span> <span class='ocrx_word' id='word_1_259' title='bbox 2763 1329 2859 1379; x_wconf 85' lang='grc' dir='ltr'>τοῦ</span> <span class='ocrx_word' id='word_1_260' title='bbox 2917 1325 3233 1398; x_wconf 87' lang='grc' dir='ltr'>Ηνεύματος</span> <span class='ocrx_word' id='word_1_261' title='bbox 3273 1326 3411 1382; x_wconf 84' lang='grc' dir='ltr'>ὣστε</span> <span class='ocrx_word' id='word_1_262' title='bbox 3469 1327 3882 1386; x_wconf 80' lang='grc' dir='ltr'>ἁναδείκνυσθαι</span> 
     </span>
    </p>
   </div>
   <div class='ocr_carea' id='block_1_40' title="bbox 2220 1413 3884 1491">
    <p class='ocr_par' dir='ltr' id='par_1_40' title="bbox 2220 1413 3884 1491">
     <span class='ocr_line' id='line_1_40' title="bbox 2220 1413 3884 1491; baseline 0.007 -25"><span class='ocrx_word' id='word_1_263' title='bbox 2220 1414 2357 1486; x_wconf 79' lang='grc' dir='ltr'>ἡμῖν</span> <span class='ocrx_word' id='word_1_264' title='bbox 2386 1413 2512 1474; x_wconf 78' lang='grc' dir='ltr'>τοὺς</span> <span class='ocrx_word' id='word_1_265' title='bbox 2554 1413 2952 1486; x_wconf 77' lang='grc' dir='ltr'>πνευματικοὺς</span> <span class='ocrx_word' id='word_1_266' title='bbox 3011 1415 3422 1491; x_wconf 72' lang='grc' dir='ltr'>ἀρχιτεκτονας,</span> <span class='ocrx_word' id='word_1_267' title='bbox 3482 1420 3672 1481; x_wconf 84' lang='grc' dir='ltr'>ὁποῖος</span> <span class='ocrx_word' id='word_1_268' title='bbox 3727 1423 3798 1490; x_wconf 75' lang='grc' dir='ltr'>ἦν</span> <span class='ocrx_word' id='word_1_269' title='bbox 3851 1424 3884 1477; x_wconf 88' lang='grc' dir='ltr'>ὁ</span> 
     </span>
    </p>
   </div>
   <div class='ocr_carea' id='block_1_41' title="bbox 2220 1500 3882 1583">
    <p class='ocr_par' dir='ltr' id='par_1_41' title="bbox 2220 1500 3882 1583">
     <span class='ocr_line' id='line_1_41' title="bbox 2220 1500 3882 1583; baseline 0.005 -28"><span class='ocrx_word' id='word_1_270' title='bbox 2220 1500 2513 1572; x_wconf 76' lang='grc' dir='ltr'>Βεσελεὴλ,</span> <span class='ocrx_word' id='word_1_271' title='bbox 2544 1501 2601 1556; x_wconf 73' lang='grc' dir='ltr'>εν</span> <span class='ocrx_word' id='word_1_272' title='bbox 2636 1501 2928 1574; x_wconf 73' lang='grc' dir='ltr'>ἰνὲπλησεν</span> <span class='ocrx_word' id='word_1_273' title='bbox 2963 1507 2990 1557; x_wconf 69' lang='grc' dir='ltr'>ὁ</span> <span class='ocrx_word' id='word_1_274' title='bbox 3048 1506 3178 1567; x_wconf 86' lang='grc' dir='ltr'>Θεὸς</span> <span class='ocrx_word' id='word_1_275' title='bbox 3208 1510 3426 1579; x_wconf 81' lang='grc' dir='ltr'>Πνεῦμα</span> <span class='ocrx_word' id='word_1_276' title='bbox 3458 1514 3623 1580; x_wconf 80' lang='grc' dir='ltr'>θεῖον,</span> <span class='ocrx_word' id='word_1_277' title='bbox 3657 1514 3882 1583; x_wconf 77' lang='grc' dir='ltr'>Πνεῦμα</span> 
     </span>
    </p>
   </div>
   <div class='ocr_carea' id='block_1_42' title="bbox 2221 1591 3882 1669">
    <p class='ocr_par' dir='ltr' id='par_1_42' title="bbox 2221 1591 3882 1669">
     <span class='ocr_line' id='line_1_42' title="bbox 2221 1591 3882 1669; baseline 0.006 -26"><span class='ocrx_word' id='word_1_278' title='bbox 2221 1591 2483 1652; x_wconf 67' lang='grc' dir='ltr'>συνέσεως</span> <span class='ocrx_word' id='word_1_279' title='bbox 2537 1592 2625 1646; x_wconf 77' lang='grc' dir='ltr'>καὶ</span> <span class='ocrx_word' id='word_1_280' title='bbox 2675 1591 3007 1665; x_wconf 80' lang='grc' dir='ltr'>ἐπιστήμης,</span> <span class='ocrx_word' id='word_1_281' title='bbox 3057 1593 3467 1669; x_wconf 78' lang='grc' dir='ltr'>ἀρχιτεκτονεῖν</span> <span class='ocrx_word' id='word_1_282' title='bbox 3515 1599 3654 1651; x_wconf 76' lang='grc' dir='ltr'>κατὰ</span> <span class='ocrx_word' id='word_1_283' title='bbox 3702 1599 3882 1653; x_wconf 77' lang='grc' dir='ltr'>πάντα</span> 
     </span>
    </p>
   </div>
   <div class='ocr_carea' id='block_1_43' title="bbox 2217 1673 3880 1761">
    <p class='ocr_par' dir='ltr' id='par_1_43' title="bbox 2217 1673 3880 1761">
     <span class='ocr_line' id='line_1_43' title="bbox 2217 1673 3880 1761; baseline 0.007 -30"><span class='ocrx_word' id='word_1_284' title='bbox 2217 1677 2285 1732; x_wconf 76' lang='grc' dir='ltr'>τὰ</span> <span class='ocrx_word' id='word_1_285' title='bbox 2332 1673 2458 1752; x_wconf 77' lang='grc' dir='ltr'>ἔργα</span> <span class='ocrx_word' id='word_1_286' title='bbox 2503 1681 2603 1748; x_wconf 70' lang='grc' dir='ltr'>τῆς</span> <span class='ocrx_word' id='word_1_287' title='bbox 2655 1679 3085 1755; x_wconf 76' lang='grc' dir='ltr'>ἀρχιτεκτονίας.</span> <span class='ocrx_word' id='word_1_288' title='bbox 3147 1682 3246 1736; x_wconf 85' lang='grc' dir='ltr'>Καὶ</span> <span class='ocrx_word' id='word_1_289' title='bbox 3307 1685 3521 1739; x_wconf 84' lang='grc' dir='ltr'>συνετὸν</span> <span class='ocrx_word' id='word_1_290' title='bbox 3579 1685 3880 1761; x_wconf 83' lang='grc' dir='ltr'>ἀκροατήν.</span> 
     </span>
    </p>
   </div>
   <div class='ocr_carea' id='block_1_44' title="bbox 2225 1767 3886 1848">
    <p class='ocr_par' dir='ltr' id='par_1_44' title="bbox 2225 1767 3886 1848">
     <span class='ocr_line' id='line_1_44' title="bbox 2225 1767 3886 1848; baseline -0.002 -24"><span class='ocrx_word' id='word_1_291' title='bbox 2225 1767 2451 1824; x_wconf 69' lang='grc' dir='ltr'>Εἱκατά</span> <span class='ocrx_word' id='word_1_292' title='bbox 2477 1768 2569 1822; x_wconf 87' lang='grc' dir='ltr'>τὸν</span> <span class='ocrx_word' id='word_1_293' title='bbox 2623 1767 2985 1841; x_wconf 80' lang='grc' dir='ltr'>Σολομῶντα,</span> <span class='ocrx_word' id='word_1_294' title='bbox 3049 1770 3222 1847; x_wconf 86' lang='grc' dir='ltr'>Λόγος</span> <span class='ocrx_word' id='word_1_295' title='bbox 3277 1771 3591 1843; x_wconf 82' lang='grc' dir='ltr'>πολυτελὴς</span> <span class='ocrx_word' id='word_1_296' title='bbox 3635 1777 3749 1848; x_wconf 87' lang='lat'>(89)</span> <span class='ocrx_word' id='word_1_297' title='bbox 3802 1775 3886 1837; x_wconf 70' lang='grc' dir='ltr'>εἷς</span> 
     </span>
    </p>
   </div>
   <div class='ocr_carea' id='block_1_45' title="bbox 2221 1857 3882 1934">
    <p class='ocr_par' dir='ltr' id='par_1_45' title="bbox 2221 1857 3882 1934">
     <span class='ocr_line' id='line_1_45' title="bbox 2221 1857 3882 1934; baseline 0.005 -24"><span class='ocrx_word' id='word_1_298' title='bbox 2221 1857 2313 1917; x_wconf 77' lang='grc' dir='ltr'>οῦς</span> <span class='ocrx_word' id='word_1_299' title='bbox 2383 1857 2634 1926; x_wconf 86' lang='grc' dir='ltr'>εὐήκοον,</span> <span class='ocrx_word' id='word_1_300' title='bbox 2708 1858 2846 1914; x_wconf 83' lang='grc' dir='ltr'>ὅπου</span> <span class='ocrx_word' id='word_1_301' title='bbox 2925 1858 3094 1934; x_wconf 84' lang='grc' dir='ltr'>λόγος</span> <span class='ocrx_word' id='word_1_302' title='bbox 3155 1859 3254 1916; x_wconf 83' lang='grc' dir='ltr'>ούκ</span> <span class='ocrx_word' id='word_1_303' title='bbox 3305 1859 3471 1934; x_wconf 76' lang='grc' dir='ltr'>ἔστιν,</span> <span class='ocrx_word' id='word_1_304' title='bbox 3529 1860 3654 1917; x_wconf 78' lang='grc' dir='ltr'>οὐδὲ</span> <span class='ocrx_word' id='word_1_305' title='bbox 3700 1863 3882 1933; x_wconf 85' lang='grc' dir='ltr'>ἀκοῆς</span> 
     </span>
    </p>
   </div>
   <div class='ocr_carea' id='block_1_46' title="bbox 2220 1943 3880 2022">
    <p class='ocr_par' dir='ltr' id='par_1_46' title="bbox 2220 1943 3880 2022">
     <span class='ocr_line' id='line_1_46' title="bbox 2220 1943 3880 2022; baseline -0.01 -2"><span class='ocrx_word' id='word_1_306' title='bbox 2220 1943 2399 2020; x_wconf 61' lang='grc' dir='ltr'>χρεία·</span> <span class='ocrx_word' id='word_1_307' title='bbox 2455 1946 2603 2000; x_wconf 75' lang='grc' dir='ltr'>Έπεῖ</span> <span class='ocrx_word' id='word_1_308' title='bbox 2635 1947 2726 2000; x_wconf 61' lang='grc' dir='ltr'>οὖν</span> <span class='ocrx_word' id='word_1_309' title='bbox 2783 1945 2928 2021; x_wconf 73' lang='grc' dir='ltr'>ἤρθη</span> <span class='ocrx_word' id='word_1_310' title='bbox 2983 1949 3010 2002; x_wconf 80' lang='grc' dir='ltr'>δ</span> <span class='ocrx_word' id='word_1_311' title='bbox 3040 1949 3347 2022; x_wconf 81' lang='grc' dir='ltr'>θαυμαστὸς</span> <span class='ocrx_word' id='word_1_312' title='bbox 3378 1945 3714 2022; x_wconf 75' lang='grc' dir='ltr'>σύμϐουλος,</span> <span class='ocrx_word' id='word_1_313' title='bbox 3743 1952 3880 2007; x_wconf 83' lang='grc' dir='ltr'>ἀκο-</span> 
     </span>
    </p>
   </div>
   <div class='ocr_carea' id='block_1_47' title="bbox 2221 2032 3878 2114">
    <p class='ocr_par' dir='ltr' id='par_1_47' title="bbox 2221 2032 3878 2114">
     <span class='ocr_line' id='line_1_47' title="bbox 2221 2032 3878 2114; baseline 0.005 -25"><span class='ocrx_word' id='word_1_314' title='bbox 2221 2032 2434 2096; x_wconf 83' lang='grc' dir='ltr'>λούθως</span> <span class='ocrx_word' id='word_1_315' title='bbox 2494 2037 2837 2114; x_wconf 74' lang='grc' dir='ltr'>συναφῃρὲφη</span> <span class='ocrx_word' id='word_1_316' title='bbox 2898 2037 2987 2090; x_wconf 85' lang='grc' dir='ltr'>καὶ</span> <span class='ocrx_word' id='word_1_317' title='bbox 3020 2037 3048 2090; x_wconf 98' lang='lat'>6</span> <span class='ocrx_word' id='word_1_318' title='bbox 3107 2039 3319 2100; x_wconf 82' lang='grc' dir='ltr'>συνετὸς</span> <span class='ocrx_word' id='word_1_319' title='bbox 3366 2038 3662 2112; x_wconf 90' lang='grc' dir='ltr'>ἀκροατής.</span> <span class='ocrx_word' id='word_1_320' title='bbox 3693 2042 3878 2097; x_wconf 83' lang='grc' dir='ltr'>Ὅπου</span> 
     </span>
    </p>
   </div>
   <div class='ocr_carea' id='block_1_48' title="bbox 2217 2121 3877 2204">
    <p class='ocr_par' dir='ltr' id='par_1_48' title="bbox 2217 2121 3877 2204">
     <span class='ocr_line' id='line_1_48' title="bbox 2217 2121 3877 2204; baseline 0.005 -28"><span class='ocrx_word' id='word_1_321' title='bbox 2217 2124 2319 2198; x_wconf 78' lang='grc' dir='ltr'>γὰρ</span> <span class='ocrx_word' id='word_1_322' title='bbox 2378 2123 2636 2198; x_wconf 85' lang='grc' dir='ltr'>ἀργύριον</span> <span class='ocrx_word' id='word_1_323' title='bbox 2699 2125 2797 2179; x_wconf 73' lang='grc' dir='ltr'>οὒκ</span> <span class='ocrx_word' id='word_1_324' title='bbox 2843 2121 2977 2196; x_wconf 80' lang='grc' dir='ltr'>ἔστι,</span> <span class='ocrx_word' id='word_1_325' title='bbox 3039 2127 3371 2200; x_wconf 75' lang='grc' dir='ltr'>τραπεζίτης</span> <span class='ocrx_word' id='word_1_326' title='bbox 3401 2127 3578 2202; x_wconf 81' lang='grc' dir='ltr'>ἀργεῖ.</span> <span class='ocrx_word' id='word_1_327' title='bbox 3611 2132 3877 2204; x_wconf 84' lang='grc' dir='ltr'>Λυπηρὸν</span> 
     </span>
    </p>
   </div>
   <div class='ocr_carea' id='block_1_49' title="bbox 2220 2209 3883 2289">
    <p class='ocr_par' dir='ltr' id='par_1_49' title="bbox 2220 2209 3883 2289">
     <span class='ocr_line' id='line_1_49' title="bbox 2220 2209 3883 2289; baseline 0.005 -23"><span class='ocrx_word' id='word_1_328' title='bbox 2220 2209 2277 2266; x_wconf 76' lang='grc' dir='ltr'>δὲ</span> <span class='ocrx_word' id='word_1_329' title='bbox 2305 2212 2395 2266; x_wconf 84' lang='grc' dir='ltr'>καὶ</span> <span class='ocrx_word' id='word_1_330' title='bbox 2425 2211 2550 2266; x_wconf 76' lang='grc' dir='ltr'>ὅταν</span> <span class='ocrx_word' id='word_1_331' title='bbox 2589 2211 2754 2288; x_wconf 87' lang='grc' dir='ltr'>λόγος</span> <span class='ocrx_word' id='word_1_332' title='bbox 2797 2214 2890 2286; x_wconf 72' lang='grc' dir='ltr'>μὲν</span> <span class='ocrx_word' id='word_1_333' title='bbox 2940 2213 2976 2288; x_wconf 74' lang='grc' dir='ltr'>ᾖ</span> <span class='ocrx_word' id='word_1_334' title='bbox 3020 2213 3244 2289; x_wconf 80' lang='grc' dir='ltr'>πλήρης</span> <span class='ocrx_word' id='word_1_335' title='bbox 3277 2218 3586 2289; x_wconf 80' lang='grc' dir='ltr'>νοημάτων,</span> <span class='ocrx_word' id='word_1_336' title='bbox 3618 2219 3708 2272; x_wconf 85' lang='grc' dir='ltr'>καὶ</span> <span class='ocrx_word' id='word_1_337' title='bbox 3738 2220 3883 2274; x_wconf 82' lang='grc' dir='ltr'>κατά</span> 
     </span>
    </p>
   </div>
   <div class='ocr_carea' id='block_1_50' title="bbox 2216 2299 3879 2376">
    <p class='ocr_par' dir='ltr' id='par_1_50' title="bbox 2216 2299 3879 2376">
     <span class='ocr_line' id='line_1_50' title="bbox 2216 2299 3879 2376; baseline 0.005 -23"><span class='ocrx_word' id='word_1_338' title='bbox 2216 2299 2551 2374; x_wconf 85' lang='grc' dir='ltr'>πραγμάτων</span> <span class='ocrx_word' id='word_1_339' title='bbox 2605 2302 2926 2376; x_wconf 80' lang='grc' dir='ltr'>φερόμενος,</span> <span class='ocrx_word' id='word_1_340' title='bbox 2979 2303 3007 2357; x_wconf 93' lang='lat'>6</span> <span class='ocrx_word' id='word_1_341' title='bbox 3069 2300 3126 2357; x_wconf 76' lang='grc' dir='ltr'>δὲ</span> <span class='ocrx_word' id='word_1_342' title='bbox 3155 2308 3388 2366; x_wconf 78' lang='grc' dir='ltr'>συνετῶς</span> <span class='ocrx_word' id='word_1_343' title='bbox 3419 2304 3593 2360; x_wconf 79' lang='grc' dir='ltr'>αὐτῶν</span> <span class='ocrx_word' id='word_1_344' title='bbox 3624 2305 3879 2372; x_wconf 76' lang='grc' dir='ltr'>ἐπαισθα-</span> 
     </span>
    </p>
   </div>
   <div class='ocr_carea' id='block_1_51' title="bbox 2214 2387 3876 2472">
    <p class='ocr_par' dir='ltr' id='par_1_51' title="bbox 2214 2387 3876 2472">
     <span class='ocr_line' id='line_1_51' title="bbox 2214 2387 3876 2472; baseline 0.005 -29"><span class='ocrx_word' id='word_1_345' title='bbox 2214 2390 2446 2461; x_wconf 88' lang='grc' dir='ltr'>νόμενος</span> <span class='ocrx_word' id='word_1_346' title='bbox 2507 2391 2582 2461; x_wconf 86' lang='grc' dir='ltr'>μή</span> <span class='ocrx_word' id='word_1_347' title='bbox 2615 2395 2784 2464; x_wconf 82' lang='grc' dir='ltr'>παρῇ,</span> <span class='ocrx_word' id='word_1_348' title='bbox 2817 2396 2896 2463; x_wconf 81' lang='grc' dir='ltr'>τῷ</span> <span class='ocrx_word' id='word_1_349' title='bbox 2927 2393 3004 2464; x_wconf 77' lang='grc' dir='ltr'>μή</span> <span class='ocrx_word' id='word_1_350' title='bbox 3047 2387 3193 2468; x_wconf 78' lang='grc' dir='ltr'>ἔχειν</span> <span class='ocrx_word' id='word_1_351' title='bbox 3225 2393 3291 2447; x_wconf 82' lang='grc' dir='ltr'>τὰ</span> <span class='ocrx_word' id='word_1_352' title='bbox 3321 2391 3434 2449; x_wconf 86' lang='grc' dir='ltr'>ὦτα</span> <span class='ocrx_word' id='word_1_353' title='bbox 3461 2401 3561 2465; x_wconf 89' lang='grc' dir='ltr'>τῆς</span> <span class='ocrx_word' id='word_1_354' title='bbox 3593 2399 3803 2472; x_wconf 83' lang='grc' dir='ltr'>ψυχῆς,</span> <span class='ocrx_word' id='word_1_355' title='bbox 3842 2397 3876 2452; x_wconf 83' lang='grc' dir='ltr'>ἃ</span> 
     </span>
    </p>
   </div>
   <div class='ocr_carea' id='block_1_52' title="bbox 2216 2479 3878 2558">
    <p class='ocr_par' dir='ltr' id='par_1_52' title="bbox 2216 2479 3878 2558">
     <span class='ocr_line' id='line_1_52' title="bbox 2216 2479 3878 2558; baseline 0.004 -24"><span class='ocrx_word' id='word_1_356' title='bbox 2216 2480 2244 2534; x_wconf 88' lang='lat'>6</span> <span class='ocrx_word' id='word_1_357' title='bbox 2275 2479 2470 2553; x_wconf 84' lang='grc' dir='ltr'>Κύριος</span> <span class='ocrx_word' id='word_1_358' title='bbox 2499 2480 2634 2551; x_wconf 87' lang='grc' dir='ltr'>πρὸς</span> <span class='ocrx_word' id='word_1_359' title='bbox 2662 2480 2760 2548; x_wconf 80' lang='grc' dir='ltr'>τὴν</span> <span class='ocrx_word' id='word_1_360' title='bbox 2787 2484 2895 2534; x_wconf 81' lang='grc' dir='ltr'>τῶν</span> <span class='ocrx_word' id='word_1_361' title='bbox 2933 2479 3086 2535; x_wconf 76' lang='grc' dir='ltr'>ἰδίων</span> <span class='ocrx_word' id='word_1_362' title='bbox 3123 2480 3306 2556; x_wconf 89' lang='grc' dir='ltr'>λόγων</span> <span class='ocrx_word' id='word_1_363' title='bbox 3339 2483 3595 2558; x_wconf 83' lang='grc' dir='ltr'>ἀκροάσιν</span> <span class='ocrx_word' id='word_1_364' title='bbox 3625 2483 3878 2556; x_wconf 66' lang='grc' dir='ltr'>ὶπιζητεῖ</span> 
     </span>
    </p>
   </div>
   <div class='ocr_carea' id='block_1_53' title="bbox 2214 2563 3369 2641">
    <p class='ocr_par' dir='ltr' id='par_1_53' title="bbox 2214 2563 3369 2641">
     <span class='ocr_line' id='line_1_53' title="bbox 2214 2563 3369 2641; baseline 0.005 -20"><span class='ocrx_word' id='word_1_365' title='bbox 2214 2564 2406 2641; x_wconf 64' lang='grc' dir='ltr'>λέγων·</span> <span class='ocrx_word' id='word_1_366' title='bbox 2438 2569 2499 2624; x_wconf 90' lang='grc' dir='ltr'>Ὁ</span> <span class='ocrx_word' id='word_1_367' title='bbox 2524 2563 2668 2641; x_wconf 77' lang='grc' dir='ltr'>ἔχων</span> <span class='ocrx_word' id='word_1_368' title='bbox 2702 2568 2813 2622; x_wconf 81' lang='grc' dir='ltr'>ὦτα</span> <span class='ocrx_word' id='word_1_369' title='bbox 2845 2567 3074 2641; x_wconf 77' lang='grc' dir='ltr'>ἀκούειν,</span> <span class='ocrx_word' id='word_1_370' title='bbox 3105 2568 3369 2628; x_wconf 66' lang='grc' dir='ltr'>ἀκουέτω.</span> 
     </span>
    </p>
   </div>
   <div class='ocr_carea' id='block_1_54' title="bbox 459 2657 3866 2734">
    <p class='ocr_par' dir='ltr' id='par_1_54' title="bbox 459 2657 3866 2734">
     <span class='ocr_line' id='line_1_54' title="bbox 459 2657 3866 2734; baseline 0.001 -16"><span class='ocrx_word' id='word_1_371' title='bbox 459 2680 632 2719; x_wconf 88' lang='lat' dir='ltr'>aures</span> <span class='ocrx_word' id='word_1_372' title='bbox 663 2679 777 2718; x_wconf 89' lang='lat' dir='ltr'>non</span> <span class='ocrx_word' id='word_1_373' title='bbox 811 2663 1042 2729; x_wconf 85' lang='lat' dir='ltr'>habeat,</span> <span class='ocrx_word' id='word_1_374' title='bbox 1074 2677 1221 2734; x_wconf 89' lang='lat' dir='ltr'>quas</span> <span class='ocrx_word' id='word_1_375' title='bbox 1270 2659 1551 2716; x_wconf 89' lang='lat' dir='ltr'>Dominus</span> <span class='ocrx_word' id='word_1_376' title='bbox 1602 2659 1675 2714; x_wconf 88' lang='lat' dir='ltr'>ad</span> <span class='ocrx_word' id='word_1_377' title='bbox 1722 2674 1965 2714; x_wconf 90' lang='lat' dir='ltr'>suorum</span> <span class='ocrx_word' id='word_1_378' title='bbox 2013 2673 2352 2713; x_wconf 84' lang='lat' dir='ltr'>sermonum</span> <span class='ocrx_word' id='word_1_379' title='bbox 2378 2657 2869 2714; x_wconf 88' lang='lat' dir='ltr'>auscultationem</span> <span class='ocrx_word' id='word_1_380' title='bbox 2921 2659 3188 2730; x_wconf 82' lang='lat' dir='ltr'>requirit,</span> <span class='ocrx_word' id='word_1_381' title='bbox 3236 2661 3488 2718; x_wconf 89' lang='lat' dir='ltr'>dicens:</span> <span class='ocrx_word' id='word_1_382' title='bbox 3541 2664 3649 2732; x_wconf 86' lang='lat' dir='ltr'>Qui</span> <span class='ocrx_word' id='word_1_383' title='bbox 3695 2665 3866 2721; x_wconf 77' lang='lat' dir='ltr'>habet</span> 
     </span>
    </p>
   </div>
   <div class='ocr_carea' id='block_1_55' title="bbox 458 2750 1237 2820">
    <p class='ocr_par' dir='ltr' id='par_1_55' title="bbox 458 2750 1237 2820">
     <span class='ocr_line' id='line_1_55' title="bbox 458 2750 1237 2820; baseline -0.005 -12"><span class='ocrx_word' id='word_1_384' title='bbox 458 2769 620 2808; x_wconf 87' lang='lat' dir='ltr'>aures</span> <span class='ocrx_word' id='word_1_385' title='bbox 650 2752 937 2820; x_wconf 78' lang='lat' dir='ltr'>audiendi,</span> <span class='ocrx_word' id='word_1_386' title='bbox 971 2750 1164 2806; x_wconf 81' lang='lat' dir='ltr'>audiat</span> <span class='ocrx_word' id='word_1_387' title='bbox 1196 2753 1237 2805; x_wconf 91' lang='grc'>¹.</span> 
     </span>
    </p>
   </div>
   <div class='ocr_carea' id='block_1_56' title="bbox 532 2834 2122 2910">
    <p class='ocr_par' dir='ltr' id='par_1_56' title="bbox 532 2837 2101 2910">
     <span class='ocr_line' id='line_1_56' title="bbox 532 2837 2101 2910; baseline -0.003 -14"><span class='ocrx_word' id='word_1_388' title='bbox 532 2843 650 2896; x_wconf 88' lang='grc'>108.</span> <span class='ocrx_word' id='word_1_389' title='bbox 679 2841 855 2895; x_wconf 76' lang='lat' dir='ltr'>Vens.</span> <span class='ocrx_word' id='word_1_390' title='bbox 890 2841 942 2894; x_wconf 81' lang='grc'>4.</span> <span class='ocrx_word' id='word_1_391' title='bbox 977 2842 1039 2895; x_wconf 80' lang='lat' dir='ltr'>Et</span> <span class='ocrx_word' id='word_1_392' title='bbox 1087 2842 1364 2910; x_wconf 83' lang='lat' dir='ltr'>imponam</span> <span class='ocrx_word' id='word_1_393' title='bbox 1410 2837 1775 2893; x_wconf 69' lang='lat' dir='ltr'>adolescentes</span> <span class='ocrx_word' id='word_1_394' title='bbox 1821 2837 2101 2907; x_wconf 67' lang='lat' dir='ltr'>principes</span> 
     </span>
    </p>
   </div>
   <div class='ocr_carea' id='block_1_57' title="bbox 2216 2834 2587 2910">
    <p class='ocr_par' dir='ltr' id='par_1_57' title="bbox 2283 2834 2587 2891">
     <span class='ocr_line' id='line_1_57' title="bbox 2283 2834 2587 2891; baseline -0.007 -1"><span class='ocrx_word' id='word_1_395' title='bbox 2283 2836 2406 2891; x_wconf 75' lang='grc'>408.</span> <span class='ocrx_word' id='word_1_396' title='bbox 2491 2834 2587 2890; x_wconf 81' lang='grc' dir='ltr'>Καὶ</span> 
     </span>
    </p>
   </div>
   <div class='ocr_carea' id='block_1_58' title="bbox 454 2923 2104 2996">
    <p class='ocr_par' dir='ltr' id='par_1_58' title="bbox 454 2923 2104 2996">
     <span class='ocr_line' id='line_1_58' title="bbox 454 2923 2104 2996; baseline -0.006 -8"><span class='ocrx_word' id='word_1_397' title='bbox 454 2947 694 2988; x_wconf 87' lang='lat' dir='ltr'>eorum:</span> <span class='ocrx_word' id='word_1_398' title='bbox 749 2931 1021 2986; x_wconf 75' lang='lat' dir='ltr'>derisores</span> <span class='ocrx_word' id='word_1_399' title='bbox 1087 2928 1523 2984; x_wconf 84' lang='lat' dir='ltr'>dominabuntur</span> <span class='ocrx_word' id='word_1_400' title='bbox 1577 2928 1678 2980; x_wconf 87' lang='lat' dir='ltr'>eis.</span> <span class='ocrx_word' id='word_1_401' title='bbox 1736 2923 1960 2996; x_wconf 81' lang='lat' dir='ltr'>Duplex</span> <span class='ocrx_word' id='word_1_402' title='bbox 2015 2928 2104 2980; x_wconf 91' lang='lat' dir='ltr'>est</span> 
     </span>
    </p>
   </div>
   <div class='ocr_carea' id='block_1_59' title="bbox 456 3013 2098 3092">
    <p class='ocr_par' dir='ltr' id='par_1_59' title="bbox 456 3013 2098 3092">
     <span class='ocr_line' id='line_1_59' title="bbox 456 3013 2098 3092; baseline -0.005 -16"><span class='ocrx_word' id='word_1_403' title='bbox 456 3038 640 3092; x_wconf 76' lang='lat' dir='ltr'>pcenze</span> <span class='ocrx_word' id='word_1_404' title='bbox 670 3036 878 3090; x_wconf 90' lang='lat' dir='ltr'>genus,</span> <span class='ocrx_word' id='word_1_405' title='bbox 911 3025 968 3073; x_wconf 88' lang='lat' dir='ltr'>et</span> <span class='ocrx_word' id='word_1_406' title='bbox 1001 3017 1169 3072; x_wconf 88' lang='lat' dir='ltr'>bonis</span> <span class='ocrx_word' id='word_1_407' title='bbox 1213 3016 1447 3088; x_wconf 83' lang='lat' dir='ltr'>privari,</span> <span class='ocrx_word' id='word_1_408' title='bbox 1497 3020 1554 3070; x_wconf 88' lang='lat' dir='ltr'>et</span> <span class='ocrx_word' id='word_1_409' title='bbox 1599 3014 1748 3070; x_wconf 88' lang='lat' dir='ltr'>tradi</span> <span class='ocrx_word' id='word_1_410' title='bbox 1799 3013 2098 3069; x_wconf 87' lang='lat' dir='ltr'>deteriori-</span> 
     </span>
    </p>
   </div>
   <div class='ocr_carea' id='block_1_60' title="bbox 454 3104 2102 3178">
    <p class='ocr_par' dir='ltr' id='par_1_60' title="bbox 454 3104 2102 3178">
     <span class='ocr_line' id='line_1_60' title="bbox 454 3104 2102 3178; baseline -0.005 -14"><span class='ocrx_word' id='word_1_411' title='bbox 454 3109 588 3164; x_wconf 89' lang='lat' dir='ltr'>bus.</span> <span class='ocrx_word' id='word_1_412' title='bbox 622 3109 1010 3178; x_wconf 88' lang='lat' dir='ltr'>Posteaquam</span> <span class='ocrx_word' id='word_1_413' title='bbox 1044 3106 1198 3160; x_wconf 89' lang='lat' dir='ltr'>enim</span> <span class='ocrx_word' id='word_1_414' title='bbox 1234 3104 1572 3160; x_wconf 82' lang='lat' dir='ltr'>Dominator</span> <span class='ocrx_word' id='word_1_415' title='bbox 1593 3104 1877 3158; x_wconf 90' lang='lat' dir='ltr'>Dominus</span> <span class='ocrx_word' id='word_1_416' title='bbox 1899 3104 2102 3157; x_wconf 88' lang='lat' dir='ltr'>abstu-</span> 
     </span>
    </p>
   </div>
   <div class='ocr_carea' id='block_1_61' title="bbox 455 3191 2102 3261">
    <p class='ocr_par' dir='ltr' id='par_1_61' title="bbox 455 3191 2102 3261">
     <span class='ocr_line' id='line_1_61' title="bbox 455 3191 2102 3261; baseline -0.004 -11"><span class='ocrx_word' id='word_1_417' title='bbox 455 3196 523 3250; x_wconf 91' lang='lat' dir='ltr'>lit</span> <span class='ocrx_word' id='word_1_418' title='bbox 554 3197 626 3250; x_wconf 86' lang='lat' dir='ltr'>ab</span> <span class='ocrx_word' id='word_1_419' title='bbox 656 3195 860 3250; x_wconf 67' lang='lat' dir='ltr'>Judaaa</span> <span class='ocrx_word' id='word_1_420' title='bbox 889 3200 945 3248; x_wconf 88' lang='lat' dir='ltr'>et</span> <span class='ocrx_word' id='word_1_421' title='bbox 974 3194 1048 3249; x_wconf 90' lang='lat' dir='ltr'>ab</span> <span class='ocrx_word' id='word_1_422' title='bbox 1075 3193 1408 3248; x_wconf 79' lang='lat' dir='ltr'>Jerusalem</span> <span class='ocrx_word' id='word_1_423' title='bbox 1442 3193 1622 3247; x_wconf 92' lang='lat' dir='ltr'>robur</span> <span class='ocrx_word' id='word_1_424' title='bbox 1655 3191 1822 3261; x_wconf 89' lang='lat' dir='ltr'>panis</span> <span class='ocrx_word' id='word_1_425' title='bbox 1845 3197 1902 3246; x_wconf 92' lang='lat' dir='ltr'>et</span> <span class='ocrx_word' id='word_1_426' title='bbox 1924 3191 2102 3246; x_wconf 90' lang='lat' dir='ltr'>robur</span> 
     </span>
    </p>
   </div>
   <div class='ocr_carea' id='block_1_62' title="bbox 455 3279 2096 3354">
    <p class='ocr_par' dir='ltr' id='par_1_62' title="bbox 455 3279 2096 3354">
     <span class='ocr_line' id='line_1_62' title="bbox 455 3279 2096 3354; baseline -0.002 -17"><span class='ocrx_word' id='word_1_427' title='bbox 455 3300 642 3353; x_wconf 69' lang='lat' dir='ltr'>aquas.</span> <span class='ocrx_word' id='word_1_428' title='bbox 700 3284 992 3354; x_wconf 88' lang='lat' dir='ltr'>gigantem</span> <span class='ocrx_word' id='word_1_429' title='bbox 1052 3283 1284 3346; x_wconf 87' lang='lat' dir='ltr'>fortem,</span> <span class='ocrx_word' id='word_1_430' title='bbox 1365 3280 1664 3335; x_wconf 89' lang='lat' dir='ltr'>hominem</span> <span class='ocrx_word' id='word_1_431' title='bbox 1736 3279 2096 3348; x_wconf 75' lang='lat' dir='ltr'>bellatorem,</span> 
     </span>
    </p>
   </div>
   <div class='ocr_carea' id='block_1_63' title="bbox 447 3367 2100 3442">
    <p class='ocr_par' dir='ltr' id='par_1_63' title="bbox 447 3367 2100 3442">
     <span class='ocr_line' id='line_1_63' title="bbox 447 3367 2100 3442; baseline -0.002 -18"><span class='ocrx_word' id='word_1_432' title='bbox 447 3370 730 3442; x_wconf 88' lang='lat' dir='ltr'>judicem,</span> <span class='ocrx_word' id='word_1_433' title='bbox 761 3371 1172 3440; x_wconf 86' lang='lat' dir='ltr'>conjectorem,</span> <span class='ocrx_word' id='word_1_434' title='bbox 1213 3368 1534 3439; x_wconf 87' lang='lat' dir='ltr'>principem</span> <span class='ocrx_word' id='word_1_435' title='bbox 1585 3384 1764 3438; x_wconf 89' lang='lat' dir='ltr'>super</span> <span class='ocrx_word' id='word_1_436' title='bbox 1807 3367 2100 3438; x_wconf 87' lang='lat' dir='ltr'>quinqua-</span> 
     </span>
    </p>
   </div>
   <div class='ocr_carea' id='block_1_64' title="bbox 453 3455 2097 3531">
    <p class='ocr_par' dir='ltr' id='par_1_64' title="bbox 453 3455 2097 3531">
     <span class='ocr_line' id='line_1_64' title="bbox 453 3455 2097 3531; baseline 0 -20"><span class='ocrx_word' id='word_1_437' title='bbox 453 3459 637 3531; x_wconf 85' lang='lat' dir='ltr'>ginta,</span> <span class='ocrx_word' id='word_1_438' title='bbox 671 3457 1076 3513; x_wconf 88' lang='lat' dir='ltr'>admirabilem</span> <span class='ocrx_word' id='word_1_439' title='bbox 1107 3456 1531 3526; x_wconf 85' lang='lat' dir='ltr'>consiliarium,</span> <span class='ocrx_word' id='word_1_440' title='bbox 1557 3455 1880 3527; x_wconf 87' lang='lat' dir='ltr'>sapientem</span> <span class='ocrx_word' id='word_1_441' title='bbox 1905 3456 2097 3511; x_wconf 89' lang='lat' dir='ltr'>archi-</span> 
     </span>
    </p>
   </div>
   <div class='ocr_carea' id='block_1_65' title="bbox 452 3544 2098 3617">
    <p class='ocr_par' dir='ltr' id='par_1_65' title="bbox 452 3544 2098 3617">
     <span class='ocr_line' id='line_1_65' title="bbox 452 3544 2098 3617; baseline -0.002 -15"><span class='ocrx_word' id='word_1_442' title='bbox 452 3552 672 3603; x_wconf 86' lang='lat' dir='ltr'>tectum</span> <span class='ocrx_word' id='word_1_443' title='bbox 707 3551 763 3601; x_wconf 90' lang='lat' dir='ltr'>et</span> <span class='ocrx_word' id='word_1_444' title='bbox 795 3546 1141 3617; x_wconf 88' lang='lat' dir='ltr'>prudentem</span> <span class='ocrx_word' id='word_1_445' title='bbox 1175 3545 1542 3601; x_wconf 89' lang='lat' dir='ltr'>auditorem:</span> <span class='ocrx_word' id='word_1_446' title='bbox 1578 3549 1721 3599; x_wconf 90' lang='lat' dir='ltr'>tunc</span> <span class='ocrx_word' id='word_1_447' title='bbox 1763 3544 1986 3600; x_wconf 80' lang='lat' dir='ltr'>minata</span> <span class='ocrx_word' id='word_1_448' title='bbox 2009 3549 2098 3600; x_wconf 89' lang='lat' dir='ltr'>est</span> 
     </span>
    </p>
   </div>
   <div class='ocr_carea' id='block_1_66' title="bbox 453 3631 2100 3707">
    <p class='ocr_par' dir='ltr' id='par_1_66' title="bbox 453 3631 2100 3707">
     <span class='ocr_line' id='line_1_66' title="bbox 453 3631 2100 3707; baseline -0.003 -15"><span class='ocrx_word' id='word_1_449' title='bbox 453 3637 779 3707; x_wconf 89' lang='lat' dir='ltr'>Scriptura,</span> <span class='ocrx_word' id='word_1_450' title='bbox 811 3634 931 3690; x_wconf 78' lang='lat' dir='ltr'>fore</span> <span class='ocrx_word' id='word_1_451' title='bbox 963 3638 1029 3689; x_wconf 91' lang='lat' dir='ltr'>ut</span> <span class='ocrx_word' id='word_1_452' title='bbox 1059 3631 1205 3706; x_wconf 88' lang='lat' dir='ltr'>ipsis</span> <span class='ocrx_word' id='word_1_453' title='bbox 1227 3632 1626 3688; x_wconf 85' lang='lat' dir='ltr'>adolescentes</span> <span class='ocrx_word' id='word_1_454' title='bbox 1649 3632 1941 3703; x_wconf 90' lang='lat' dir='ltr'>principes</span> <span class='ocrx_word' id='word_1_455' title='bbox 1965 3632 2100 3687; x_wconf 90' lang='lat' dir='ltr'>mit-</span> 
     </span>
    </p>
   </div>
   <div class='ocr_carea' id='block_1_67' title="bbox 452 3721 2099 3792">
    <p class='ocr_par' dir='ltr' id='par_1_67' title="bbox 452 3721 2099 3792">
     <span class='ocr_line' id='line_1_67' title="bbox 452 3721 2099 3792; baseline -0.002 -13"><span class='ocrx_word' id='word_1_456' title='bbox 452 3729 754 3780; x_wconf 87' lang='lat' dir='ltr'>terentur:</span> <span class='ocrx_word' id='word_1_457' title='bbox 785 3723 929 3778; x_wconf 89' lang='lat' dir='ltr'>adeo</span> <span class='ocrx_word' id='word_1_458' title='bbox 964 3727 1202 3777; x_wconf 86' lang='lat' dir='ltr'>noverat</span> <span class='ocrx_word' id='word_1_459' title='bbox 1233 3721 1382 3776; x_wconf 88' lang='lat' dir='ltr'>hanc</span> <span class='ocrx_word' id='word_1_460' title='bbox 1414 3739 1642 3792; x_wconf 75' lang='lat' dir='ltr'>pmnam</span> <span class='ocrx_word' id='word_1_461' title='bbox 1667 3721 2099 3792; x_wconf 87' lang='lat' dir='ltr'>gravissimam,</span> 
     </span>
    </p>
   </div>
   <div class='ocr_carea' id='block_1_68' title="bbox 453 3810 2101 3882">
    <p class='ocr_par' dir='ltr' id='par_1_68' title="bbox 453 3810 2101 3882">
     <span class='ocr_line' id='line_1_68' title="bbox 453 3810 2101 3882; baseline -0.002 -14"><span class='ocrx_word' id='word_1_462' title='bbox 453 3831 585 3868; x_wconf 90' lang='lat' dir='ltr'>cum</span> <span class='ocrx_word' id='word_1_463' title='bbox 627 3815 698 3868; x_wconf 87' lang='lat' dir='ltr'>ab</span> <span class='ocrx_word' id='word_1_464' title='bbox 749 3810 1222 3867; x_wconf 86' lang='lat' dir='ltr'>adolescentibus</span> <span class='ocrx_word' id='word_1_465' title='bbox 1266 3810 1488 3882; x_wconf 90' lang='lat' dir='ltr'>regitur</span> <span class='ocrx_word' id='word_1_466' title='bbox 1536 3810 2101 3881; x_wconf 86' lang='lat' dir='ltr'>administraturque</span> 
     </span>
    </p>
   </div>
   <div class='ocr_carea' id='block_1_69' title="bbox 451 3899 2104 3958">
    <p class='ocr_par' dir='ltr' id='par_1_69' title="bbox 451 3899 2104 3958">
     <span class='ocr_line' id='line_1_69' title="bbox 451 3899 2104 3958; baseline -0.002 0"><span class='ocrx_word' id='word_1_467' title='bbox 451 3901 675 3958; x_wconf 89' lang='lat' dir='ltr'>civitas.</span> <span class='ocrx_word' id='word_1_468' title='bbox 712 3901 813 3956; x_wconf 87' lang='lat' dir='ltr'>Est</span> <span class='ocrx_word' id='word_1_469' title='bbox 849 3907 1006 3956; x_wconf 85' lang='lat' dir='ltr'>enim</span> <span class='ocrx_word' id='word_1_470' title='bbox 1057 3899 1453 3955; x_wconf 89' lang='lat' dir='ltr'>adolescentia</span> <span class='ocrx_word' id='word_1_471' title='bbox 1501 3899 1719 3954; x_wconf 86' lang='lat' dir='ltr'>levitati</span> <span class='ocrx_word' id='word_1_472' title='bbox 1771 3900 2018 3954; x_wconf 82' lang='lat' dir='ltr'>obnoxia</span> <span class='ocrx_word' id='word_1_473' title='bbox 2047 3907 2104 3954; x_wconf 88' lang='lat' dir='ltr'>et</span> 
     </span>
    </p>
   </div>
   <div class='ocr_carea' id='block_1_70' title="bbox 451 3987 2101 4063">
    <p class='ocr_par' dir='ltr' id='par_1_70' title="bbox 451 3987 2101 4063">
     <span class='ocr_line' id='line_1_70' title="bbox 451 3987 2101 4063; baseline -0.002 -17"><span class='ocrx_word' id='word_1_474' title='bbox 451 3992 520 4046; x_wconf 90' lang='lat' dir='ltr'>ad</span> <span class='ocrx_word' id='word_1_475' title='bbox 539 3991 756 4063; x_wconf 82' lang='lat' dir='ltr'>flagitia</span> <span class='ocrx_word' id='word_1_476' title='bbox 771 4007 949 4062; x_wconf 86' lang='lat' dir='ltr'>prona</span> <span class='ocrx_word' id='word_1_477' title='bbox 968 4005 981 4043; x_wconf 91' lang='lat'>:</span> <span class='ocrx_word' id='word_1_478' title='bbox 999 3988 1352 4058; x_wconf 89' lang='lat' dir='ltr'>cupiditates</span> <span class='ocrx_word' id='word_1_479' title='bbox 1366 3989 1676 4056; x_wconf 70' lang='lat' dir='ltr'>eil‘renatae,</span> <span class='ocrx_word' id='word_1_480' title='bbox 1696 3987 1965 4043; x_wconf 72' lang='lat' dir='ltr'>belluina:</span> <span class='ocrx_word' id='word_1_481' title='bbox 1979 3988 2101 4054; x_wconf 69' lang='lat' dir='ltr'>irae,</span> 
     </span>
    </p>
   </div>
   <div class='ocr_carea' id='block_1_71' title="bbox 448 4077 2098 4154">
    <p class='ocr_par' dir='ltr' id='par_1_71' title="bbox 448 4077 2098 4154">
     <span class='ocr_line' id='line_1_71' title="bbox 448 4077 2098 4154; baseline -0.002 -19"><span class='ocrx_word' id='word_1_482' title='bbox 448 4079 794 4154; x_wconf 89' lang='lat' dir='ltr'>petulantia,</span> <span class='ocrx_word' id='word_1_483' title='bbox 811 4077 1169 4134; x_wconf 88' lang='lat' dir='ltr'>contumelia</span> <span class='ocrx_word' id='word_1_484' title='bbox 1187 4077 1643 4148; x_wconf 75' lang='lat' dir='ltr'>454,8uperbia</span> <span class='ocrx_word' id='word_1_485' title='bbox 1665 4082 1722 4131; x_wconf 93' lang='lat' dir='ltr'>et</span> <span class='ocrx_word' id='word_1_486' title='bbox 1744 4077 2098 4148; x_wconf 86' lang='lat' dir='ltr'>arrogantia,</span> 
     </span>
    </p>
   </div>
   <div class='ocr_carea' id='block_1_72' title="bbox 2669 2834 3865 2914">
    <p class='ocr_par' dir='ltr' id='par_1_72' title="bbox 2669 2834 3865 2914">
     <span class='ocr_line' id='line_1_72' title="bbox 2669 2834 3865 2914; baseline 0.006 -24"><span class='ocrx_word' id='word_1_487' title='bbox 2669 2834 2946 2905; x_wconf 72' lang='grc' dir='ltr'>ἐπιστήσω</span> <span class='ocrx_word' id='word_1_488' title='bbox 3025 2837 3338 2900; x_wconf 80' lang='grc' dir='ltr'>νεανίσκους</span> <span class='ocrx_word' id='word_1_489' title='bbox 3422 2837 3689 2914; x_wconf 75' lang='grc' dir='ltr'>ἄρχοντας</span> <span class='ocrx_word' id='word_1_490' title='bbox 3763 2841 3865 2896; x_wconf 79' lang='grc' dir='ltr'>αὖ·</span> 
     </span>
    </p>
   </div>
   <div class='ocr_carea' id='block_1_73' title="bbox 2207 2923 3866 3000">
    <p class='ocr_par' dir='ltr' id='par_1_73' title="bbox 2207 2923 3866 3000">
     <span class='ocr_line' id='line_1_73' title="bbox 2207 2923 3866 3000; baseline 0.005 -23"><span class='ocrx_word' id='word_1_491' title='bbox 2207 2924 2338 2992; x_wconf 81' lang='grc' dir='ltr'>τῶν,</span> <span class='ocrx_word' id='word_1_492' title='bbox 2405 2923 2496 2978; x_wconf 81' lang='grc' dir='ltr'>καὶ</span> <span class='ocrx_word' id='word_1_493' title='bbox 2568 2924 2864 2997; x_wconf 77' lang='grc' dir='ltr'>ὶμπᾶῖκται</span> <span class='ocrx_word' id='word_1_494' title='bbox 2957 2925 3326 2998; x_wconf 76' lang='grc' dir='ltr'>κνριεὺσουσιν</span> <span class='ocrx_word' id='word_1_495' title='bbox 3401 2926 3594 2984; x_wconf 82' lang='grc' dir='ltr'>αὺτῶν.</span> <span class='ocrx_word' id='word_1_496' title='bbox 3675 2929 3866 3000; x_wconf 85' lang='grc' dir='ltr'>Διπλῆ</span> 
     </span>
    </p>
   </div>
   <div class='ocr_carea' id='block_1_74' title="bbox 2209 3013 3874 3093">
    <p class='ocr_par' dir='ltr' id='par_1_74' title="bbox 2209 3013 3874 3093">
     <span class='ocr_line' id='line_1_74' title="bbox 2209 3013 3874 3093; baseline 0.004 -27"><span class='ocrx_word' id='word_1_497' title='bbox 2209 3014 2471 3087; x_wconf 81' lang='grc' dir='ltr'>τιμωρία,</span> <span class='ocrx_word' id='word_1_498' title='bbox 2530 3013 2617 3067; x_wconf 63' lang='grc' dir='ltr'>καθ</span> <span class='ocrx_word' id='word_1_499' title='bbox 2678 3014 3031 3090; x_wconf 67' lang='grc' dir='ltr'>ἀφαιρεθῆναι</span> <span class='ocrx_word' id='word_1_500' title='bbox 3063 3015 3129 3068; x_wconf 70' lang='grc' dir='ltr'>τὰ</span> <span class='ocrx_word' id='word_1_501' title='bbox 3157 3014 3352 3089; x_wconf 69' lang='grc' dir='ltr'>ἀγαθὲ,</span> <span class='ocrx_word' id='word_1_502' title='bbox 3401 3017 3491 3070; x_wconf 82' lang='grc' dir='ltr'>καὶ</span> <span class='ocrx_word' id='word_1_503' title='bbox 3547 3016 3874 3093; x_wconf 61' lang='grc' dir='ltr'>παραδοθῇ-</span> 
     </span>
    </p>
   </div>
   <div class='ocr_carea' id='block_1_75' title="bbox 2209 3101 3871 3181">
    <p class='ocr_par' dir='ltr' id='par_1_75' title="bbox 2209 3101 3871 3181">
     <span class='ocr_line' id='line_1_75' title="bbox 2209 3101 3871 3181; baseline 0.006 -28"><span class='ocrx_word' id='word_1_504' title='bbox 2209 3122 2296 3155; x_wconf 88' lang='grc' dir='ltr'>ναι</span> <span class='ocrx_word' id='word_1_505' title='bbox 2325 3106 2442 3163; x_wconf 91' lang='grc' dir='ltr'>τοῖς</span> <span class='ocrx_word' id='word_1_506' title='bbox 2474 3101 2708 3177; x_wconf 87' lang='grc' dir='ltr'>χείροσι.</span> <span class='ocrx_word' id='word_1_507' title='bbox 2767 3102 2918 3157; x_wconf 81' lang='grc' dir='ltr'>Μετὰ</span> <span class='ocrx_word' id='word_1_508' title='bbox 2941 3103 3041 3177; x_wconf 70' lang='grc' dir='ltr'>γὰρ</span> <span class='ocrx_word' id='word_1_509' title='bbox 3069 3103 3131 3158; x_wconf 86' lang='grc' dir='ltr'>τὸ</span> <span class='ocrx_word' id='word_1_510' title='bbox 3162 3102 3384 3181; x_wconf 75' lang='grc' dir='ltr'>ἀφελεῖν</span> <span class='ocrx_word' id='word_1_511' title='bbox 3435 3105 3524 3160; x_wconf 86' lang='grc' dir='ltr'>τὸν</span> <span class='ocrx_word' id='word_1_512' title='bbox 3587 3108 3871 3179; x_wconf 85' lang='grc' dir='ltr'>Δεσπότην</span> 
     </span>
    </p>
   </div>
   <div class='ocr_carea' id='block_1_76' title="bbox 2209 3187 3873 3272">
    <p class='ocr_par' dir='ltr' id='par_1_76' title="bbox 2209 3187 3873 3272">
     <span class='ocr_line' id='line_1_76' title="bbox 2209 3187 3873 3272; baseline 0.005 -30"><span class='ocrx_word' id='word_1_513' title='bbox 2209 3187 2406 3262; x_wconf 79' lang='grc' dir='ltr'>Κύριον</span> <span class='ocrx_word' id='word_1_514' title='bbox 2435 3190 2540 3243; x_wconf 86' lang='grc' dir='ltr'>ἀπὸ</span> <span class='ocrx_word' id='word_1_515' title='bbox 2569 3189 2671 3258; x_wconf 76' lang='grc' dir='ltr'>τῆς</span> <span class='ocrx_word' id='word_1_516' title='bbox 2704 3187 2965 3254; x_wconf 84' lang='grc' dir='ltr'>Ἰουδαίας</span> <span class='ocrx_word' id='word_1_517' title='bbox 2994 3190 3083 3244; x_wconf 85' lang='grc' dir='ltr'>καὶ</span> <span class='ocrx_word' id='word_1_518' title='bbox 3135 3192 3240 3245; x_wconf 83' lang='grc' dir='ltr'>ἀπὸ</span> <span class='ocrx_word' id='word_1_519' title='bbox 3289 3193 3655 3266; x_wconf 75' lang='grc' dir='ltr'>Ἰερουσαλὴμ</span> <span class='ocrx_word' id='word_1_520' title='bbox 3705 3195 3873 3272; x_wconf 77' lang='grc' dir='ltr'>ῒσχὺν</span> 
     </span>
    </p>
   </div>
   <div class='ocr_carea' id='block_1_77' title="bbox 2210 3275 3876 3358">
    <p class='ocr_par' dir='ltr' id='par_1_77' title="bbox 2210 3275 3876 3358">
     <span class='ocr_line' id='line_1_77' title="bbox 2210 3275 3876 3358; baseline 0.006 -27"><span class='ocrx_word' id='word_1_521' title='bbox 2210 3275 2373 3350; x_wconf 78' lang='grc' dir='ltr'>ἄρτου</span> <span class='ocrx_word' id='word_1_522' title='bbox 2421 3276 2510 3331; x_wconf 85' lang='grc' dir='ltr'>καὶ</span> <span class='ocrx_word' id='word_1_523' title='bbox 2561 3275 2719 3351; x_wconf 75' lang='grc' dir='ltr'>ἰσχὺν</span> <span class='ocrx_word' id='word_1_524' title='bbox 2781 3275 2997 3345; x_wconf 76' lang='grc' dir='ltr'>ὕδατος,</span> <span class='ocrx_word' id='word_1_525' title='bbox 3049 3278 3268 3355; x_wconf 84' lang='grc' dir='ltr'>γίγαντα</span> <span class='ocrx_word' id='word_1_526' title='bbox 3308 3281 3400 3334; x_wconf 84' lang='grc' dir='ltr'>καὶ</span> <span class='ocrx_word' id='word_1_527' title='bbox 3450 3281 3726 3358; x_wconf 80' lang='grc' dir='ltr'>ἰσχύοντα,</span> <span class='ocrx_word' id='word_1_528' title='bbox 3774 3287 3876 3341; x_wconf 86' lang='grc' dir='ltr'>καὶ</span> 
     </span>
    </p>
   </div>
   <div class='ocr_carea' id='block_1_78' title="bbox 2208 3363 3870 3447">
    <p class='ocr_par' dir='ltr' id='par_1_78' title="bbox 2208 3363 3870 3447">
     <span class='ocr_line' id='line_1_78' title="bbox 2208 3363 3870 3447; baseline 0.005 -27"><span class='ocrx_word' id='word_1_529' title='bbox 2208 3363 2488 3440; x_wconf 73' lang='grc' dir='ltr'>ἄνθρωπον</span> <span class='ocrx_word' id='word_1_530' title='bbox 2540 3364 2901 3438; x_wconf 82' lang='grc' dir='ltr'>πολεμιστήν,</span> <span class='ocrx_word' id='word_1_531' title='bbox 2957 3367 3046 3423; x_wconf 81' lang='grc' dir='ltr'>καὶ</span> <span class='ocrx_word' id='word_1_532' title='bbox 3094 3365 3375 3439; x_wconf 72' lang='grc' dir='ltr'>δικαστὴν,</span> <span class='ocrx_word' id='word_1_533' title='bbox 3407 3370 3496 3425; x_wconf 77' lang='grc' dir='ltr'>καὶ</span> <span class='ocrx_word' id='word_1_534' title='bbox 3529 3375 3870 3447; x_wconf 72' lang='grc' dir='ltr'>ποχαστήν,</span> 
     </span>
    </p>
   </div>
   <div class='ocr_carea' id='block_1_79' title="bbox 2208 3453 3872 3533">
    <p class='ocr_par' dir='ltr' id='par_1_79' title="bbox 2208 3453 3872 3533">
     <span class='ocr_line' id='line_1_79' title="bbox 2208 3453 3872 3533; baseline 0.005 -24"><span class='ocrx_word' id='word_1_535' title='bbox 2208 3453 2299 3509; x_wconf 84' lang='grc' dir='ltr'>καὶ</span> <span class='ocrx_word' id='word_1_536' title='bbox 2329 3454 2824 3531; x_wconf 84' lang='grc' dir='ltr'>πεντηκόνταρχον,</span> <span class='ocrx_word' id='word_1_537' title='bbox 2877 3456 2965 3511; x_wconf 83' lang='grc' dir='ltr'>καὶ</span> <span class='ocrx_word' id='word_1_538' title='bbox 3018 3458 3325 3530; x_wconf 84' lang='grc' dir='ltr'>θαυμαστὸν</span> <span class='ocrx_word' id='word_1_539' title='bbox 3386 3455 3723 3533; x_wconf 81' lang='grc' dir='ltr'>σύμϐουλον,</span> <span class='ocrx_word' id='word_1_540' title='bbox 3775 3465 3872 3518; x_wconf 82' lang='grc' dir='ltr'>καὶ</span> 
     </span>
    </p>
   </div>
   <div class='ocr_carea' id='block_1_80' title="bbox 2209 3541 3872 3624">
    <p class='ocr_par' dir='ltr' id='par_1_80' title="bbox 2209 3541 3872 3624">
     <span class='ocr_line' id='line_1_80' title="bbox 2209 3541 3872 3624; baseline 0.007 -27"><span class='ocrx_word' id='word_1_541' title='bbox 2209 3543 2376 3621; x_wconf 78' lang='grc' dir='ltr'>σοφὸν</span> <span class='ocrx_word' id='word_1_542' title='bbox 2443 3541 2822 3618; x_wconf 71' lang='grc' dir='ltr'>ἀρχιτέκτονα,</span> <span class='ocrx_word' id='word_1_543' title='bbox 2902 3545 2990 3600; x_wconf 86' lang='grc' dir='ltr'>καὶ</span> <span class='ocrx_word' id='word_1_544' title='bbox 3066 3547 3280 3602; x_wconf 84' lang='grc' dir='ltr'>συνετὸν</span> <span class='ocrx_word' id='word_1_545' title='bbox 3369 3547 3661 3624; x_wconf 63' lang='grc' dir='ltr'>ἀκροατήν</span> <span class='ocrx_word' id='word_1_546' title='bbox 3739 3552 3872 3608; x_wconf 88' lang='grc' dir='ltr'>τότε</span> 
     </span>
    </p>
   </div>
   <div class='ocr_carea' id='block_1_81' title="bbox 2208 3630 3873 3715">
    <p class='ocr_par' dir='ltr' id='par_1_81' title="bbox 2208 3630 3873 3715">
     <span class='ocr_line' id='line_1_81' title="bbox 2208 3630 3873 3715; baseline 0.007 -30"><span class='ocrx_word' id='word_1_547' title='bbox 2208 3630 2507 3702; x_wconf 79' lang='grc' dir='ltr'>ἠπείλησεν</span> <span class='ocrx_word' id='word_1_548' title='bbox 2567 3634 2595 3688; x_wconf 90' lang='lat'>6</span> <span class='ocrx_word' id='word_1_549' title='bbox 2653 3631 2820 3708; x_wconf 87' lang='grc' dir='ltr'>λόγος</span> <span class='ocrx_word' id='word_1_550' title='bbox 2875 3634 3058 3697; x_wconf 79' lang='grc' dir='ltr'>αὐτοῖς</span> <span class='ocrx_word' id='word_1_551' title='bbox 3118 3635 3622 3715; x_wconf 72' lang='grc' dir='ltr'>ὶπιπεμφθήσεσθαι</span> <span class='ocrx_word' id='word_1_552' title='bbox 3681 3642 3873 3696; x_wconf 85' lang='grc' dir='ltr'>νεανί-</span> 
     </span>
    </p>
   </div>
   <div class='ocr_carea' id='block_1_82' title="bbox 2210 3721 3871 3804">
    <p class='ocr_par' dir='ltr' id='par_1_82' title="bbox 2210 3721 3871 3804">
     <span class='ocr_line' id='line_1_82' title="bbox 2210 3721 3871 3804; baseline 0.006 -30"><span class='ocrx_word' id='word_1_553' title='bbox 2210 3742 2372 3782; x_wconf 88' lang='grc' dir='ltr'>σκους</span> <span class='ocrx_word' id='word_1_554' title='bbox 2421 3722 2718 3798; x_wconf 74' lang='grc' dir='ltr'>ἄρχοντας·</span> <span class='ocrx_word' id='word_1_555' title='bbox 2776 3721 2920 3778; x_wconf 76' lang='grc' dir='ltr'>οὕτω</span> <span class='ocrx_word' id='word_1_556' title='bbox 2960 3723 3363 3800; x_wconf 82' lang='grc' dir='ltr'>χαλεπωτάτην</span> <span class='ocrx_word' id='word_1_557' title='bbox 3395 3724 3510 3782; x_wconf 68' lang='grc' dir='ltr'>οἶδε</span> <span class='ocrx_word' id='word_1_558' title='bbox 3566 3730 3871 3804; x_wconf 84' lang='grc' dir='ltr'>τιμωρίαν,</span> 
     </span>
    </p>
   </div>
   <div class='ocr_carea' id='block_1_83' title="bbox 2215 3809 3874 3887">
    <p class='ocr_par' dir='ltr' id='par_1_83' title="bbox 2215 3809 3874 3887">
     <span class='ocr_line' id='line_1_83' title="bbox 2215 3809 3874 3887; baseline 0.005 -23"><span class='ocrx_word' id='word_1_559' title='bbox 2215 3811 2319 3865; x_wconf 85' lang='grc' dir='ltr'>ὑπὸ</span> <span class='ocrx_word' id='word_1_560' title='bbox 2350 3810 2636 3865; x_wconf 90' lang='grc' dir='ltr'>νεανίσκων</span> <span class='ocrx_word' id='word_1_561' title='bbox 2691 3809 2954 3887; x_wconf 74' lang='grc' dir='ltr'>ἄρχεσθαι</span> <span class='ocrx_word' id='word_1_562' title='bbox 3005 3813 3096 3867; x_wconf 86' lang='grc' dir='ltr'>καὶ</span> <span class='ocrx_word' id='word_1_563' title='bbox 3155 3811 3479 3870; x_wconf 81' lang='grc' dir='ltr'>διοικεῖσθαι</span> <span class='ocrx_word' id='word_1_564' title='bbox 3509 3815 3692 3874; x_wconf 80' lang='grc' dir='ltr'>πόλιν.</span> <span class='ocrx_word' id='word_1_565' title='bbox 3727 3821 3874 3874; x_wconf 84' lang='grc' dir='ltr'>Κοῦ-</span> 
     </span>
    </p>
   </div>
   <div class='ocr_carea' id='block_1_84' title="bbox 2210 3898 3871 3981">
    <p class='ocr_par' dir='ltr' id='par_1_84' title="bbox 2210 3898 3871 3981">
     <span class='ocr_line' id='line_1_84' title="bbox 2210 3898 3871 3981; baseline 0.005 -28"><span class='ocrx_word' id='word_1_566' title='bbox 2210 3919 2308 3976; x_wconf 72' lang='grc' dir='ltr'>φον</span> <span class='ocrx_word' id='word_1_567' title='bbox 2355 3898 2453 3973; x_wconf 77' lang='grc' dir='ltr'>γὰρ</span> <span class='ocrx_word' id='word_1_568' title='bbox 2481 3901 2515 3968; x_wconf 77' lang='grc' dir='ltr'>ἡ</span> <span class='ocrx_word' id='word_1_569' title='bbox 2546 3899 2739 3970; x_wconf 88' lang='grc' dir='ltr'>νεότης</span> <span class='ocrx_word' id='word_1_570' title='bbox 2785 3900 2874 3953; x_wconf 84' lang='grc' dir='ltr'>καὶ</span> <span class='ocrx_word' id='word_1_571' title='bbox 2911 3900 3188 3970; x_wconf 81' lang='grc' dir='ltr'>εὐκίνητον</span> <span class='ocrx_word' id='word_1_572' title='bbox 3221 3903 3358 3978; x_wconf 80' lang='grc' dir='ltr'>πρὸς</span> <span class='ocrx_word' id='word_1_573' title='bbox 3403 3903 3470 3958; x_wconf 76' lang='grc' dir='ltr'>τὰ</span> <span class='ocrx_word' id='word_1_574' title='bbox 3501 3904 3702 3981; x_wconf 70' lang='grc' dir='ltr'>φαῦλαο</span> <span class='ocrx_word' id='word_1_575' title='bbox 3743 3905 3871 3961; x_wconf 79' lang='grc' dir='ltr'>ἑπι-</span> 
     </span>
    </p>
   </div>
   <div class='ocr_carea' id='block_1_85' title="bbox 2210 3983 3872 4068">
    <p class='ocr_par' dir='ltr' id='par_1_85' title="bbox 2210 3983 3872 4068">
     <span class='ocr_line' id='line_1_85' title="bbox 2210 3983 3872 4068; baseline 0.006 -28"><span class='ocrx_word' id='word_1_576' title='bbox 2210 3986 2398 4057; x_wconf 84' lang='grc' dir='ltr'>θυμίαι</span> <span class='ocrx_word' id='word_1_577' title='bbox 2457 3983 2804 4051; x_wconf 83' lang='grc' dir='ltr'>δυσκάθεκτοι</span> <span class='ocrx_word' id='word_1_578' title='bbox 2839 4032 2855 4058; x_wconf 89' lang='grc'>,</span> <span class='ocrx_word' id='word_1_579' title='bbox 2917 3988 3071 4064; x_wconf 78' lang='grc' dir='ltr'>ὀργαὶ</span> <span class='ocrx_word' id='word_1_580' title='bbox 3130 3989 3465 4066; x_wconf 81' lang='grc' dir='ltr'>θηριώδεις,</span> <span class='ocrx_word' id='word_1_581' title='bbox 3523 3995 3872 4068; x_wconf 78' lang='grc' dir='ltr'>προπὲτειαι,</span> 
     </span>
    </p>
   </div>
   <div class='ocr_carea' id='block_1_86' title="bbox 2211 4070 3873 4162">
    <p class='ocr_par' dir='ltr' id='par_1_86' title="bbox 2211 4070 3873 4162">
     <span class='ocr_line' id='line_1_86' title="bbox 2211 4070 3873 4162; baseline 0.007 -34"><span class='ocrx_word' id='word_1_582' title='bbox 2211 4070 2391 4149; x_wconf 76' lang='grc' dir='ltr'>ὕϐρεις</span> <span class='ocrx_word' id='word_1_583' title='bbox 2439 4077 2574 4148; x_wconf 85' lang='grc'>(90),</span> <span class='ocrx_word' id='word_1_584' title='bbox 2657 4077 3014 4152; x_wconf 81' lang='grc' dir='ltr'>ὑπερηφανίαι</span> <span class='ocrx_word' id='word_1_585' title='bbox 3073 4079 3162 4133; x_wconf 88' lang='grc' dir='ltr'>καὶ</span> <span class='ocrx_word' id='word_1_586' title='bbox 3220 4079 3531 4156; x_wconf 79' lang='grc' dir='ltr'>φυσιώσεις,</span> <span class='ocrx_word' id='word_1_587' title='bbox 3592 4082 3873 4162; x_wconf 77' lang='grc' dir='ltr'>σύντροφα</span> 
     </span>
    </p>
   </div>
   <div class='ocr_carea' id='block_1_87' title="bbox 448 4163 2122 4270">
    <p class='ocr_par' dir='ltr' id='par_1_87' title="bbox 448 4163 2103 4236">
     <span class='ocr_line' id='line_1_87' title="bbox 448 4163 2103 4236; baseline -0.002 -14"><span class='ocrx_word' id='word_1_588' title='bbox 448 4169 592 4224; x_wconf 88' lang='lat' dir='ltr'>vitia</span> <span class='ocrx_word' id='word_1_589' title='bbox 616 4173 756 4224; x_wconf 88' lang='lat' dir='ltr'>sunt</span> <span class='ocrx_word' id='word_1_590' title='bbox 786 4185 904 4222; x_wconf 90' lang='lat' dir='ltr'>una</span> <span class='ocrx_word' id='word_1_591' title='bbox 944 4183 1076 4221; x_wconf 90' lang='lat' dir='ltr'>cum</span> <span class='ocrx_word' id='word_1_592' title='bbox 1118 4167 1426 4236; x_wconf 90' lang='lat' dir='ltr'>juventute</span> <span class='ocrx_word' id='word_1_593' title='bbox 1474 4165 1754 4219; x_wconf 89' lang='lat' dir='ltr'>enutrita.</span> <span class='ocrx_word' id='word_1_594' title='bbox 1808 4163 2103 4218; x_wconf 78' lang='lat' dir='ltr'>Excitatur</span> 
     </span>
    </p>
   </div>
   <div class='ocr_carea' id='block_1_88' title="bbox 2216 4163 3867 4270">
    <p class='ocr_par' dir='ltr' id='par_1_88' title="bbox 2216 4164 3867 4270">
     <span class='ocr_line' id='line_1_88' title="bbox 2216 4164 3867 4270; baseline 0.007 -53"><span class='ocrx_word' id='word_1_595' title='bbox 2216 4166 2305 4267; x_wconf 31' lang='grc' dir='ltr'>τῇ,</span> <span class='ocrx_word' id='word_1_596' title='bbox 2337 4164 2552 4270; x_wconf 54' lang='grc' dir='ltr'>νεότητι</span> <span class='ocrx_word' id='word_1_597' title='bbox 2578 4165 2747 4236; x_wconf 85' lang='grc' dir='ltr'>πάθη·</span> <span class='ocrx_word' id='word_1_598' title='bbox 2810 4166 3001 4243; x_wconf 78' lang='grc' dir='ltr'>φθόνοι</span> <span class='ocrx_word' id='word_1_599' title='bbox 3033 4167 3168 4241; x_wconf 87' lang='grc' dir='ltr'>πρὸς</span> <span class='ocrx_word' id='word_1_600' title='bbox 3210 4168 3272 4222; x_wconf 88' lang='grc' dir='ltr'>τὸ</span> <span class='ocrx_word' id='word_1_601' title='bbox 3306 4169 3596 4244; x_wconf 68' lang='grc' dir='ltr'>ὑπερέχον,</span> <span class='ocrx_word' id='word_1_602' title='bbox 3630 4168 3867 4246; x_wconf 73' lang='grc' dir='ltr'>ὕποψίαι</span> 
     </span>
    </p>
   </div>
   <div class='ocr_carea' id='block_1_89' title="bbox 444 4252 2097 4324">
    <p class='ocr_par' dir='ltr' id='par_1_89' title="bbox 444 4252 2097 4324">
     <span class='ocr_line' id='line_1_89' title="bbox 444 4252 2097 4324; baseline -0.002 -13"><span class='ocrx_word' id='word_1_603' title='bbox 444 4257 666 4312; x_wconf 82' lang='lat' dir='ltr'>invidia</span> <span class='ocrx_word' id='word_1_604' title='bbox 697 4257 974 4311; x_wconf 88' lang='lat' dir='ltr'>adversus</span> <span class='ocrx_word' id='word_1_605' title='bbox 1004 4255 1279 4308; x_wconf 90' lang='lat' dir='ltr'>virtutem</span> <span class='ocrx_word' id='word_1_606' title='bbox 1307 4252 1877 4322; x_wconf 74' lang='lat' dir='ltr'>przestantissimam,</span> <span class='ocrx_word' id='word_1_607' title='bbox 1903 4253 2097 4324; x_wconf 88' lang='lat' dir='ltr'>suspi-</span> 
     </span>
    </p>
   </div>
   <div class='ocr_carea' id='block_1_90' title="bbox 446 4341 2099 4398">
    <p class='ocr_par' dir='ltr' id='par_1_90' title="bbox 446 4341 2099 4398">
     <span class='ocr_line' id='line_1_90' title="bbox 446 4341 2099 4398; baseline -0.002 0"><span class='ocrx_word' id='word_1_608' title='bbox 446 4344 642 4398; x_wconf 89' lang='lat' dir='ltr'>ciones</span> <span class='ocrx_word' id='word_1_609' title='bbox 675 4345 964 4398; x_wconf 85' lang='lat' dir='ltr'>habentur</span> <span class='ocrx_word' id='word_1_610' title='bbox 985 4343 1268 4397; x_wconf 89' lang='lat' dir='ltr'>adversus</span> <span class='ocrx_word' id='word_1_611' title='bbox 1292 4341 1665 4396; x_wconf 84' lang='lat' dir='ltr'>domesticos.</span> <span class='ocrx_word' id='word_1_612' title='bbox 1691 4342 2099 4395; x_wconf 84' lang='lat' dir='ltr'>Innumerabi-</span> 
     </span>
    </p>
   </div>
   <div class='ocr_carea' id='block_1_91' title="bbox 447 4429 2099 4501">
    <p class='ocr_par' dir='ltr' id='par_1_91' title="bbox 447 4429 2099 4501">
     <span class='ocr_line' id='line_1_91' title="bbox 447 4429 2099 4501; baseline -0.001 -15"><span class='ocrx_word' id='word_1_613' title='bbox 447 4432 591 4487; x_wconf 86' lang='lat' dir='ltr'>lium</span> <span class='ocrx_word' id='word_1_614' title='bbox 625 4432 917 4487; x_wconf 90' lang='lat' dir='ltr'>malorum</span> <span class='ocrx_word' id='word_1_615' title='bbox 947 4434 1146 4485; x_wconf 86' lang='lat' dir='ltr'>turma</span> <span class='ocrx_word' id='word_1_616' title='bbox 1168 4433 1538 4500; x_wconf 84' lang='lat' dir='ltr'>juventutem</span> <span class='ocrx_word' id='word_1_617' title='bbox 1583 4429 1918 4494; x_wconf 87' lang='lat' dir='ltr'>comitatur,</span> <span class='ocrx_word' id='word_1_618' title='bbox 1955 4446 2099 4501; x_wconf 84' lang='lat' dir='ltr'>quo-</span> 
     </span>
    </p>
   </div>
   <div class='ocr_carea' id='block_1_92' title="bbox 447 4518 2097 4582">
    <p class='ocr_par' dir='ltr' id='par_1_92' title="bbox 447 4518 2097 4582">
     <span class='ocr_line' id='line_1_92' title="bbox 447 4518 2097 4582; baseline -0.002 -6"><span class='ocrx_word' id='word_1_619' title='bbox 447 4537 580 4582; x_wconf 89' lang='lat' dir='ltr'>rum</span> <span class='ocrx_word' id='word_1_620' title='bbox 613 4520 874 4576; x_wconf 90' lang='lat' dir='ltr'>omnium</span> <span class='ocrx_word' id='word_1_621' title='bbox 908 4524 1212 4574; x_wconf 90' lang='lat' dir='ltr'>consortes</span> <span class='ocrx_word' id='word_1_622' title='bbox 1241 4533 1371 4572; x_wconf 89' lang='lat' dir='ltr'>esse</span> <span class='ocrx_word' id='word_1_623' title='bbox 1403 4518 1672 4572; x_wconf 87' lang='lat' dir='ltr'>subditos</span> <span class='ocrx_word' id='word_1_624' title='bbox 1718 4534 1956 4574; x_wconf 87' lang='lat' dir='ltr'>necesse</span> <span class='ocrx_word' id='word_1_625' title='bbox 1988 4525 2097 4574; x_wconf 89' lang='lat' dir='ltr'>est.</span> 
     </span>
    </p>
   </div>
   <div class='ocr_carea' id='block_1_93' title="bbox 445 4605 2098 4683">
    <p class='ocr_par' dir='ltr' id='par_1_93' title="bbox 445 4605 2098 4683">
     <span class='ocr_line' id='line_1_93' title="bbox 445 4605 2098 4683; baseline -0.001 -18"><span class='ocrx_word' id='word_1_626' title='bbox 445 4612 670 4683; x_wconf 87' lang='lat' dir='ltr'>Quippe</span> <span class='ocrx_word' id='word_1_627' title='bbox 729 4610 1057 4682; x_wconf 88' lang='lat' dir='ltr'>principum</span> <span class='ocrx_word' id='word_1_628' title='bbox 1089 4607 1228 4662; x_wconf 88' lang='lat' dir='ltr'>vitia</span> <span class='ocrx_word' id='word_1_629' title='bbox 1259 4605 1624 4662; x_wconf 89' lang='lat' dir='ltr'>calamitates</span> <span class='ocrx_word' id='word_1_630' title='bbox 1667 4615 1802 4663; x_wconf 80' lang='lat' dir='ltr'>sunt</span> <span class='ocrx_word' id='word_1_631' title='bbox 1833 4609 2098 4664; x_wconf 90' lang='lat' dir='ltr'>subdito-</span> 
     </span>
    </p>
   </div>
   <div class='ocr_carea' id='block_1_94' title="bbox 447 4696 2102 4769">
    <p class='ocr_par' dir='ltr' id='par_1_94' title="bbox 447 4696 2102 4769">
     <span class='ocr_line' id='line_1_94' title="bbox 447 4696 2102 4769; baseline -0.001 -14"><span class='ocrx_word' id='word_1_632' title='bbox 447 4715 579 4755; x_wconf 88' lang='lat' dir='ltr'>rum</span> <span class='ocrx_word' id='word_1_633' title='bbox 613 4715 679 4754; x_wconf 89' lang='lat' dir='ltr'>ac</span> <span class='ocrx_word' id='word_1_634' title='bbox 711 4698 1030 4753; x_wconf 83' lang='lat' dir='ltr'>cruciatus.</span> <span class='ocrx_word' id='word_1_635' title='bbox 1071 4698 1360 4768; x_wconf 85' lang='lat' dir='ltr'>Imponam</span> <span class='ocrx_word' id='word_1_636' title='bbox 1406 4696 1772 4752; x_wconf 80' lang='lat' dir='ltr'>adolescentes</span> <span class='ocrx_word' id='word_1_637' title='bbox 1819 4698 2102 4769; x_wconf 83' lang='lat' dir='ltr'>principes</span> 
     </span>
    </p>
   </div>
   <div class='ocr_carea' id='block_1_95' title="bbox 444 4784 2099 4858">
    <p class='ocr_par' dir='ltr' id='par_1_95' title="bbox 444 4784 2099 4858">
     <span class='ocr_line' id='line_1_95' title="bbox 444 4784 2099 4858; baseline -0.001 -14"><span class='ocrx_word' id='word_1_638' title='bbox 444 4805 650 4844; x_wconf 85' lang='lat' dir='ltr'>eorum.</span> <span class='ocrx_word' id='word_1_639' title='bbox 686 4787 846 4842; x_wconf 77' lang='lat' dir='ltr'>Bona</span> <span class='ocrx_word' id='word_1_640' title='bbox 876 4787 1112 4858; x_wconf 89' lang='lat' dir='ltr'>quidem</span> <span class='ocrx_word' id='word_1_641' title='bbox 1164 4801 1412 4840; x_wconf 89' lang='lat' dir='ltr'>numero</span> <span class='ocrx_word' id='word_1_642' title='bbox 1457 4784 1746 4857; x_wconf 89' lang='lat' dir='ltr'>singulari</span> <span class='ocrx_word' id='word_1_643' title='bbox 1793 4787 2099 4858; x_wconf 79' lang='lat' dir='ltr'>expressit,</span> 
     </span>
    </p>
   </div>
   <div class='ocr_carea' id='block_1_96' title="bbox 2209 4251 3867 4330">
    <p class='ocr_par' dir='ltr' id='par_1_96' title="bbox 2209 4251 3867 4330">
     <span class='ocr_line' id='line_1_96' title="bbox 2209 4251 3867 4330; baseline 0.007 -25"><span class='ocrx_word' id='word_1_644' title='bbox 2209 4251 2345 4321; x_wconf 79' lang='grc' dir='ltr'>πρὸς</span> <span class='ocrx_word' id='word_1_645' title='bbox 2395 4253 2456 4307; x_wconf 88' lang='grc' dir='ltr'>τὸ</span> <span class='ocrx_word' id='word_1_646' title='bbox 2505 4252 2730 4310; x_wconf 74' lang='grc' dir='ltr'>οἷ’κεῖον.</span> <span class='ocrx_word' id='word_1_647' title='bbox 2787 4254 3012 4329; x_wconf 89' lang='grc' dir='ltr'>Μυρίων</span> <span class='ocrx_word' id='word_1_648' title='bbox 3063 4261 3244 4310; x_wconf 81' lang='grc' dir='ltr'>κακῶν</span> <span class='ocrx_word' id='word_1_649' title='bbox 3307 4257 3470 4330; x_wconf 73' lang='grc' dir='ltr'>ἐσμὸς</span> <span class='ocrx_word' id='word_1_650' title='bbox 3521 4259 3867 4328; x_wconf 71' lang='grc' dir='ltr'>συνέζευκται</span> 
     </span>
    </p>
   </div>
   <div class='ocr_carea' id='block_1_97' title="bbox 2207 4339 3870 4425">
    <p class='ocr_par' dir='ltr' id='par_1_97' title="bbox 2207 4339 3870 4425">
     <span class='ocr_line' id='line_1_97' title="bbox 2207 4339 3870 4425; baseline 0.007 -31"><span class='ocrx_word' id='word_1_651' title='bbox 2207 4344 2275 4415; x_wconf 81' lang='grc' dir='ltr'>τῇ</span> <span class='ocrx_word' id='word_1_652' title='bbox 2324 4339 2560 4411; x_wconf 88' lang='grc' dir='ltr'>νεότητι·</span> <span class='ocrx_word' id='word_1_653' title='bbox 2622 4344 2696 4396; x_wconf 83' lang='grc' dir='ltr'>ὧν</span> <span class='ocrx_word' id='word_1_654' title='bbox 2753 4342 2967 4398; x_wconf 74' lang='grc' dir='ltr'>πάντων</span> <span class='ocrx_word' id='word_1_655' title='bbox 3023 4345 3230 4420; x_wconf 80' lang='grc' dir='ltr'>ἀνάγκη</span> <span class='ocrx_word' id='word_1_656' title='bbox 3283 4346 3578 4402; x_wconf 87' lang='grc' dir='ltr'>ἀπολαύειν</span> <span class='ocrx_word' id='word_1_657' title='bbox 3608 4348 3735 4411; x_wconf 79' lang='grc' dir='ltr'>τοὺς</span> <span class='ocrx_word' id='word_1_658' title='bbox 3771 4351 3870 4425; x_wconf 80' lang='grc' dir='ltr'>ἀρ-</span> 
     </span>
    </p>
   </div>
   <div class='ocr_carea' id='block_1_98' title="bbox 2208 4428 3870 4514">
    <p class='ocr_par' dir='ltr' id='par_1_98' title="bbox 2208 4428 3870 4514">
     <span class='ocr_line' id='line_1_98' title="bbox 2208 4428 3870 4514; baseline 0.005 -30"><span class='ocrx_word' id='word_1_659' title='bbox 2208 4429 2504 4505; x_wconf 73' lang='grc' dir='ltr'>χομένους,</span> <span class='ocrx_word' id='word_1_660' title='bbox 2540 4428 2678 4486; x_wconf 86' lang='grc' dir='ltr'>διότι</span> <span class='ocrx_word' id='word_1_661' title='bbox 2709 4434 2777 4486; x_wconf 70' lang='grc' dir='ltr'>τὰ</span> <span class='ocrx_word' id='word_1_662' title='bbox 2813 4437 2921 4486; x_wconf 85' lang='grc' dir='ltr'>τῶν</span> <span class='ocrx_word' id='word_1_663' title='bbox 2956 4429 3239 4509; x_wconf 79' lang='grc' dir='ltr'>ἀρχόντων</span> <span class='ocrx_word' id='word_1_664' title='bbox 3271 4435 3406 4489; x_wconf 75' lang='grc' dir='ltr'>κατὰ</span> <span class='ocrx_word' id='word_1_665' title='bbox 3437 4439 3714 4514; x_wconf 76' lang='grc' dir='ltr'>συμφοραὶ</span> <span class='ocrx_word' id='word_1_666' title='bbox 3745 4445 3870 4501; x_wconf 84' lang='grc' dir='ltr'>τοῖς</span> 
     </span>
    </p>
   </div>
   <div class='ocr_carea' id='block_1_99' title="bbox 2210 4519 3876 4595">
    <p class='ocr_par' dir='ltr' id='par_1_99' title="bbox 2210 4519 3876 4595">
     <span class='ocr_line' id='line_1_99' title="bbox 2210 4519 3876 4595; baseline 0.005 -21"><span class='ocrx_word' id='word_1_667' title='bbox 2210 4520 2543 4594; x_wconf 63' lang='grc' dir='ltr'>ἀρχομένοις</span> <span class='ocrx_word' id='word_1_668' title='bbox 2673 4519 2946 4595; x_wconf 89' lang='grc' dir='ltr'>γίγνονται</span> <span class='ocrx_word' id='word_1_669' title='bbox 2982 4565 2995 4578; x_wconf 94' lang='grc'><strong>.</strong></span> <span class='ocrx_word' id='word_1_670' title='bbox 3121 4523 3430 4594; x_wconf 87' lang='grc' dir='ltr'>Ἐπιστήσω</span> <span class='ocrx_word' id='word_1_671' title='bbox 3553 4526 3876 4590; x_wconf 87' lang='grc' dir='ltr'>νεανίσκους</span> 
     </span>
    </p>
   </div>
   <div class='ocr_carea' id='block_1_100' title="bbox 2211 4607 3868 4690">
    <p class='ocr_par' dir='ltr' id='par_1_100' title="bbox 2211 4607 3868 4690">
     <span class='ocr_line' id='line_1_100' title="bbox 2211 4607 3868 4690; baseline 0.007 -29"><span class='ocrx_word' id='word_1_672' title='bbox 2211 4608 2482 4684; x_wconf 77' lang='grc' dir='ltr'>ἄρχοντας</span> <span class='ocrx_word' id='word_1_673' title='bbox 2539 4607 2745 4666; x_wconf 78' lang='grc' dir='ltr'>αὐτῶν.</span> <span class='ocrx_word' id='word_1_674' title='bbox 2800 4611 2874 4664; x_wconf 84' lang='grc' dir='ltr'>Τὰ</span> <span class='ocrx_word' id='word_1_675' title='bbox 2937 4610 3030 4684; x_wconf 75' lang='grc' dir='ltr'>μὶν</span> <span class='ocrx_word' id='word_1_676' title='bbox 3091 4611 3268 4687; x_wconf 78' lang='grc' dir='ltr'>ἀγαθά</span> <span class='ocrx_word' id='word_1_677' title='bbox 3323 4613 3511 4676; x_wconf 70' lang='grc' dir='ltr'>ἑνικῶς</span> <span class='ocrx_word' id='word_1_678' title='bbox 3570 4615 3868 4690; x_wconf 71' lang='grc' dir='ltr'>ἀπηγγελ-</span> 
     </span>
    </p>
   </div>
   <div class='ocr_carea' id='block_1_101' title="bbox 2211 4694 3875 4775">
    <p class='ocr_par' dir='ltr' id='par_1_101' title="bbox 2211 4694 3875 4775">
     <span class='ocr_line' id='line_1_101' title="bbox 2211 4694 3875 4775; baseline 0.005 -25"><span class='ocrx_word' id='word_1_679' title='bbox 2211 4694 2358 4766; x_wconf 90' lang='grc' dir='ltr'>λετο,</span> <span class='ocrx_word' id='word_1_680' title='bbox 2393 4696 2656 4773; x_wconf 73' lang='grc' dir='ltr'>ἰσχύοντα</span> <span class='ocrx_word' id='word_1_681' title='bbox 2705 4697 2796 4753; x_wconf 83' lang='grc' dir='ltr'>καὶ</span> <span class='ocrx_word' id='word_1_682' title='bbox 2846 4697 3140 4775; x_wconf 73' lang='grc' dir='ltr'>ἰσχύουσαν</span> <span class='ocrx_word' id='word_1_683' title='bbox 3189 4703 3532 4774; x_wconf 71' lang='grc' dir='ltr'>πολεμιστὴν</span> <span class='ocrx_word' id='word_1_684' title='bbox 3581 4700 3875 4774; x_wconf 76' lang='grc' dir='ltr'>δικαστὴν,</span> 
     </span>
    </p>
   </div>
   <div class='ocr_carea' id='block_1_102' title="bbox 2210 4787 3873 4868">
    <p class='ocr_par' dir='ltr' id='par_1_102' title="bbox 2210 4787 3873 4868">
     <span class='ocr_line' id='line_1_102' title="bbox 2210 4787 3873 4868; baseline 0.005 -26"><span class='ocrx_word' id='word_1_685' title='bbox 2210 4787 2498 4864; x_wconf 67' lang='grc' dir='ltr'>προφήτην</span> <span class='ocrx_word' id='word_1_686' title='bbox 2535 4833 2550 4859; x_wconf 85' lang='grc'>,</span> <span class='ocrx_word' id='word_1_687' title='bbox 2611 4789 2915 4864; x_wconf 75' lang='grc' dir='ltr'>ποχαστὴν</span> <span class='ocrx_word' id='word_1_688' title='bbox 2949 4831 2962 4858; x_wconf 92' lang='grc'>,</span> <span class='ocrx_word' id='word_1_689' title='bbox 3023 4791 3501 4868; x_wconf 83' lang='grc' dir='ltr'>πεντηκόνταρχον</span> <span class='ocrx_word' id='word_1_690' title='bbox 3551 4794 3666 4866; x_wconf 79' lang='grc'>(91)</span> <span class='ocrx_word' id='word_1_691' title='bbox 3739 4806 3873 4859; x_wconf 81' lang='grc' dir='ltr'>θαυ-</span> 
     </span>
    </p>
   </div>
   <div class='ocr_carea' id='block_1_103' title="bbox 517 4919 2122 4992">
    <p class='ocr_par' dir='ltr' id='par_1_103' title="bbox 517 4919 2102 4992">
     <span class='ocr_line' id='line_1_103' title="bbox 517 4919 2102 4992; baseline -0.002 -15"><span class='ocrx_word' id='word_1_692' title='bbox 517 4922 560 4957; x_wconf 83' lang='grc'>⁰⁷</span> <span class='ocrx_word' id='word_1_693' title='bbox 589 4920 800 4992; x_wconf 87' lang='lat' dir='ltr'>Ephes.</span> <span class='ocrx_word' id='word_1_694' title='bbox 836 4937 902 4989; x_wconf 85' lang='lat' dir='ltr'>II,</span> <span class='ocrx_word' id='word_1_695' title='bbox 931 4920 1022 4974; x_wconf 84' lang='lat'>22.</span> <span class='ocrx_word' id='word_1_696' title='bbox 1101 4919 1145 4954; x_wconf 69' lang='grc'>’⁸</span> <span class='ocrx_word' id='word_1_697' title='bbox 1176 4919 1351 4974; x_wconf 83' lang='lat' dir='ltr'>Exod.</span> <span class='ocrx_word' id='word_1_698' title='bbox 1384 4935 1540 4985; x_wconf 73' lang='lat' dir='ltr'>xxxx,</span> <span class='ocrx_word' id='word_1_699' title='bbox 1571 4919 1624 4974; x_wconf 91' lang='lat'>3.</span> <span class='ocrx_word' id='word_1_700' title='bbox 1700 4920 1746 4954; x_wconf 79' lang='lat'><strong>&quot;</strong></span> <span class='ocrx_word' id='word_1_701' title='bbox 1777 4919 1939 4975; x_wconf 88' lang='lat' dir='ltr'>Prov.</span> <span class='ocrx_word' id='word_1_702' title='bbox 1973 4937 2102 4991; x_wconf 84' lang='lat' dir='ltr'>xxv,</span> 
     </span>
    </p>
   </div>
   <div class='ocr_carea' id='block_1_104' title="bbox 2216 4919 2786 4992">
    <p class='ocr_par' dir='ltr' id='par_1_104' title="bbox 2216 4921 2786 4989">
     <span class='ocr_line' id='line_1_104' title="bbox 2216 4921 2786 4989; baseline 0.009 -17"><span class='ocrx_word' id='word_1_703' title='bbox 2216 4965 2218 4972; x_wconf 39' lang='grc' dir='ltr'>ι</span> <span class='ocrx_word' id='word_1_704' title='bbox 2299 4924 2313 4957; x_wconf 87' lang='grc'>¹</span> <span class='ocrx_word' id='word_1_705' title='bbox 2350 4921 2556 4978; x_wconf 84' lang='lat' dir='ltr'>Matth.</span> <span class='ocrx_word' id='word_1_706' title='bbox 2587 4939 2666 4989; x_wconf 85' lang='lat' dir='ltr'>x1,</span> <span class='ocrx_word' id='word_1_707' title='bbox 2701 4923 2786 4977; x_wconf 87' lang='grc'>15.</span> 
     </span>
    </p>
   </div>
   <div class='ocr_carea' id='block_1_105' title="bbox 515 5049 2097 5124">
    <p class='ocr_par' dir='ltr' id='par_1_105' title="bbox 515 5049 2097 5124">
     <span class='ocr_line' id='line_1_105' title="bbox 515 5049 2097 5124; baseline -0.001 -14"><span class='ocrx_word' id='word_1_708' title='bbox 515 5055 630 5124; x_wconf 87' lang='lat'>(88)</span> <span class='ocrx_word' id='word_1_709' title='bbox 660 5054 899 5110; x_wconf 86' lang='lat' dir='ltr'>Veteres</span> <span class='ocrx_word' id='word_1_710' title='bbox 930 5054 1192 5124; x_wconf 86' lang='lat' dir='ltr'>quinque</span> <span class='ocrx_word' id='word_1_711' title='bbox 1221 5053 1375 5121; x_wconf 90' lang='lat' dir='ltr'>libri,</span> <span class='ocrx_word' id='word_1_712' title='bbox 1409 5049 1909 5123; x_wconf 82' lang='grc' dir='ltr'>συνοικοδομεῖσθε.</span> <span class='ocrx_word' id='word_1_713' title='bbox 1946 5052 2097 5108; x_wconf 89' lang='lat' dir='ltr'>Editi</span> 
     </span>
    </p>
   </div>
   <div class='ocr_carea' id='block_1_106' title="bbox 445 5125 2095 5199">
    <p class='ocr_par' dir='ltr' id='par_1_106' title="bbox 445 5125 2095 5199">
     <span class='ocr_line' id='line_1_106' title="bbox 445 5125 2095 5199; baseline -0.002 -19"><span class='ocrx_word' id='word_1_714' title='bbox 445 5143 582 5199; x_wconf 73' lang='grc' dir='ltr'>νεςο</span> <span class='ocrx_word' id='word_1_715' title='bbox 612 5135 664 5182; x_wconf 84' lang='lat' dir='ltr'>et</span> <span class='ocrx_word' id='word_1_716' title='bbox 695 5127 832 5199; x_wconf 79' lang='lat' dir='ltr'>Reg.</span> <span class='ocrx_word' id='word_1_717' title='bbox 863 5128 1112 5199; x_wconf 90' lang='lat' dir='ltr'>primus,</span> <span class='ocrx_word' id='word_1_718' title='bbox 1147 5131 1206 5182; x_wconf 92' lang='lat' dir='ltr'>et</span> <span class='ocrx_word' id='word_1_719' title='bbox 1235 5125 1576 5198; x_wconf 90' lang='lat' dir='ltr'>Procopius,</span> <span class='ocrx_word' id='word_1_720' title='bbox 1623 5141 1757 5198; x_wconf 84' lang='lat' dir='ltr'>pag.</span> <span class='ocrx_word' id='word_1_721' title='bbox 1791 5125 1883 5190; x_wconf 82' lang='grc'>64,</span> <span class='ocrx_word' id='word_1_722' title='bbox 1918 5143 2095 5177; x_wconf 85' lang='grc' dir='ltr'>συνοι-</span> 
     </span>
    </p>
   </div>
   <div class='ocr_carea' id='block_1_107' title="bbox 447 5194 820 5268">
    <p class='ocr_par' dir='ltr' id='par_1_107' title="bbox 447 5194 820 5268">
     <span class='ocr_line' id='line_1_107' title="bbox 447 5194 820 5268; baseline -0.003 -15"><span class='ocrx_word' id='word_1_723' title='bbox 447 5194 578 5253; x_wconf 83' lang='grc' dir='ltr'>κοδο</span> <span class='ocrx_word' id='word_1_724' title='bbox 588 5194 820 5268; x_wconf 75' lang='grc' dir='ltr'>μεῖσθαῖ.</span> 
     </span>
    </p>
   </div>
   <div class='ocr_carea' id='block_1_108' title="bbox 517 5265 2094 5342">
    <p class='ocr_par' dir='ltr' id='par_1_108' title="bbox 517 5265 2094 5342">
     <span class='ocr_line' id='line_1_108' title="bbox 517 5265 2094 5342; baseline -0.005 -17"><span class='ocrx_word' id='word_1_725' title='bbox 517 5265 625 5342; x_wconf 81' lang='lat'>(89)</span> <span class='ocrx_word' id='word_1_726' title='bbox 677 5270 843 5342; x_wconf 86' lang='lat' dir='ltr'>Apud</span> <span class='ocrx_word' id='word_1_727' title='bbox 881 5268 1044 5342; x_wconf 61' lang='lat' dir='ltr'>LXX,</span> <span class='ocrx_word' id='word_1_728' title='bbox 1099 5284 1200 5339; x_wconf 88' lang='lat' dir='ltr'>pro</span> <span class='ocrx_word' id='word_1_729' title='bbox 1249 5265 1564 5342; x_wconf 71' lang='grc' dir='ltr'>πολυτελής</span> <span class='ocrx_word' id='word_1_730' title='bbox 1621 5265 1859 5342; x_wconf 77' lang='lat' dir='ltr'>legitur,</span> <span class='ocrx_word' id='word_1_731' title='bbox 1908 5265 2094 5342; x_wconf 74' lang='grc' dir='ltr'>σοφός,</span> 
     </span>
    </p>
   </div>
   <div class='ocr_carea' id='block_1_109' title="bbox 443 5336 2096 5426">
    <p class='ocr_par' dir='ltr' id='par_1_109' title="bbox 443 5336 2096 5426">
     <span class='ocr_line' id='line_1_109' title="bbox 443 5336 2096 5426; baseline -0.001 -32"><span class='ocrx_word' id='word_1_732' title='bbox 443 5336 927 5426; x_wconf 46' lang='grc' dir='ltr'>Λόγος-σαξρὸςτῖς</span> <span class='ocrx_word' id='word_1_733' title='bbox 957 5336 1182 5423; x_wconf 72' lang='grc' dir='ltr'>εύήκοον</span> <span class='ocrx_word' id='word_1_734' title='bbox 1230 5336 1345 5422; x_wconf 60' lang='grc' dir='ltr'>οὖς,</span> <span class='ocrx_word' id='word_1_735' title='bbox 1364 5344 1588 5426; x_wconf 53' lang='lat' dir='ltr'>‘Sermo</span> <span class='ocrx_word' id='word_1_736' title='bbox 1638 5338 1854 5426; x_wconf 70' lang='lat' dir='ltr'>sapiens</span> <span class='ocrx_word' id='word_1_737' title='bbox 1906 5338 1962 5391; x_wconf 82' lang='lat' dir='ltr'>in</span> <span class='ocrx_word' id='word_1_738' title='bbox 1987 5336 2096 5393; x_wconf 66' lang='grc' dir='ltr'>αω-</span> 
     </span>
    </p>
   </div>
   <div class='ocr_carea' id='block_1_110' title="bbox 442 5408 2096 5482">
    <p class='ocr_par' dir='ltr' id='par_1_110' title="bbox 442 5408 2096 5482">
     <span class='ocr_line' id='line_1_110' title="bbox 442 5408 2096 5482; baseline -0.002 -14"><span class='ocrx_word' id='word_1_739' title='bbox 442 5408 563 5468; x_wconf 80' lang='lat' dir='ltr'>rem</span> <span class='ocrx_word' id='word_1_740' title='bbox 592 5408 923 5468; x_wconf 75' lang='lat' dir='ltr'>obedientem</span> <span class='ocrx_word' id='word_1_741' title='bbox 944 5431 966 5467; x_wconf 85' lang='lat'><strong><em>:</em></strong></span> <span class='ocrx_word' id='word_1_742' title='bbox 996 5413 1056 5466; x_wconf 89' lang='lat' dir='ltr'>in</span> <span class='ocrx_word' id='word_1_743' title='bbox 1087 5428 1204 5482; x_wconf 88' lang='lat' dir='ltr'>quo</span> <span class='ocrx_word' id='word_1_744' title='bbox 1238 5411 1382 5481; x_wconf 91' lang='lat' dir='ltr'>quid</span> <span class='ocrx_word' id='word_1_745' title='bbox 1415 5410 1760 5481; x_wconf 84' lang='lat' dir='ltr'>scriptorem</span> <span class='ocrx_word' id='word_1_746' title='bbox 1784 5408 2096 5482; x_wconf 81' lang='lat' dir='ltr'>deceperit,</span> 
     </span>
    </p>
   </div>
   <div class='ocr_carea' id='block_1_111' title="bbox 443 5481 2098 5556">
    <p class='ocr_par' dir='ltr' id='par_1_111' title="bbox 443 5481 2098 5556">
     <span class='ocr_line' id='line_1_111' title="bbox 443 5481 2098 5556; baseline -0.002 -17"><span class='ocrx_word' id='word_1_747' title='bbox 443 5484 630 5550; x_wconf 85' lang='lat' dir='ltr'>facile,</span> <span class='ocrx_word' id='word_1_748' title='bbox 663 5486 890 5556; x_wconf 90' lang='lat' dir='ltr'>opinor,</span> <span class='ocrx_word' id='word_1_749' title='bbox 925 5481 1214 5553; x_wconf 84' lang='lat' dir='ltr'>intelliget</span> <span class='ocrx_word' id='word_1_750' title='bbox 1246 5481 1344 5553; x_wconf 93' lang='lat' dir='ltr'>qui</span> <span class='ocrx_word' id='word_1_751' title='bbox 1395 5483 1568 5556; x_wconf 79' lang='lat' dir='ltr'>verba</span> <span class='ocrx_word' id='word_1_752' title='bbox 1591 5481 1996 5556; x_wconf 73' lang='lat' dir='ltr'>antecedentia</span> <span class='ocrx_word' id='word_1_753' title='bbox 2020 5481 2098 5536; x_wconf 88' lang='lat' dir='ltr'>le-</span> 
     </span>
    </p>
   </div>
   <div class='ocr_carea' id='block_1_112' title="bbox 440 5549 2098 5636">
    <p class='ocr_par' dir='ltr' id='par_1_112' title="bbox 440 5549 2098 5636">
     <span class='ocr_line' id='line_1_112' title="bbox 440 5549 2098 5636; baseline -0.005 -24"><span class='ocrx_word' id='word_1_754' title='bbox 440 5549 878 5636; x_wconf 66' lang='lat' dir='ltr'>gere_voluerit.</span> <span class='ocrx_word' id='word_1_755' title='bbox 905 5556 1057 5636; x_wconf 42' lang='lat' dir='ltr'>‘Hzec‘</span> <span class='ocrx_word' id='word_1_756' title='bbox 1076 5549 1279 5636; x_wconf 49' lang='lat' dir='ltr'>anteiri</span> <span class='ocrx_word' id='word_1_757' title='bbox 1306 5557 1475 5636; x_wconf 49' lang='lat' dir='ltr'>sunt,</span> <span class='ocrx_word' id='word_1_758' title='bbox 1509 5552 1583 5611; x_wconf 67' lang='grc' dir='ltr'>εἷς</span> <span class='ocrx_word' id='word_1_759' title='bbox 1609 5549 1830 5604; x_wconf 69' lang='grc' dir='ltr'>ἱνώτιον</span> <span class='ocrx_word' id='word_1_760' title='bbox 1859 5556 2098 5636; x_wconf 87' lang='grc' dir='ltr'>χρυσοῦν</span> 
     </span>
    </p>
   </div>
   <div class='ocr_carea' id='block_1_113' title="bbox 439 5620 2101 5704">
    <p class='ocr_par' dir='ltr' id='par_1_113' title="bbox 439 5620 2101 5704">
     <span class='ocr_line' id='line_1_113' title="bbox 439 5620 2101 5704; baseline 0 -20"><span class='ocrx_word' id='word_1_761' title='bbox 439 5620 530 5684; x_wconf 68' lang='grc' dir='ltr'>ἰαὶ</span> <span class='ocrx_word' id='word_1_762' title='bbox 566 5624 802 5704; x_wconf 81' lang='grc' dir='ltr'>Σὰρδιον</span> <span class='ocrx_word' id='word_1_763' title='bbox 826 5623 1130 5687; x_wconf 79' lang='grc' dir='ltr'>πολυτελὶς</span> <span class='ocrx_word' id='word_1_764' title='bbox 1191 5620 1420 5694; x_wconf 72' lang='grc' dir='ltr'>δέδεται,</span> <span class='ocrx_word' id='word_1_765' title='bbox 1453 5626 1515 5682; x_wconf 83' lang='lat' dir='ltr'>in</span> <span class='ocrx_word' id='word_1_766' title='bbox 1561 5640 1790 5684; x_wconf 79' lang='lat' dir='ltr'>auream</span> <span class='ocrx_word' id='word_1_767' title='bbox 1845 5620 2101 5684; x_wconf 78' lang='lat' dir='ltr'>inaurem</span> 
     </span>
    </p>
   </div>
   <div class='ocr_carea' id='block_1_114' title="bbox 2207 5055 3875 5138">
    <p class='ocr_par' dir='ltr' id='par_1_114' title="bbox 2207 5055 3875 5138">
     <span class='ocr_line' id='line_1_114' title="bbox 2207 5055 3875 5138; baseline 0.008 -30"><span class='ocrx_word' id='word_1_768' title='bbox 2207 5055 2375 5138; x_wconf 78' lang='lat' dir='ltr'>etiam</span> <span class='ocrx_word' id='word_1_769' title='bbox 2409 5055 2677 5138; x_wconf 59' lang='lat' dir='ltr'>Sardium</span> <span class='ocrx_word' id='word_1_770' title='bbox 2703 5058 3005 5138; x_wconf 75' lang='lat' dir='ltr'>pretiosum</span> <span class='ocrx_word' id='word_1_771' title='bbox 3037 5059 3270 5138; x_wconf 69' lang='lat' dir='ltr'>ligatum</span> <span class='ocrx_word' id='word_1_772' title='bbox 3301 5069 3404 5116; x_wconf 76' lang='lat' dir='ltr'>est.</span> <span class='ocrx_word' id='word_1_773' title='bbox 3427 5059 3682 5138; x_wconf 70' lang='lat' dir='ltr'>Videtur</span> <span class='ocrx_word' id='word_1_774' title='bbox 3705 5065 3875 5122; x_wconf 88' lang='lat' dir='ltr'>enim</span> 
     </span>
    </p>
   </div>
   <div class='ocr_carea' id='block_1_115' title="bbox 2209 5127 3876 5206">
    <p class='ocr_par' dir='ltr' id='par_1_115' title="bbox 2209 5127 3876 5206">
     <span class='ocr_line' id='line_1_115' title="bbox 2209 5127 3876 5206; baseline 0.007 -25"><span class='ocrx_word' id='word_1_775' title='bbox 2209 5127 2630 5206; x_wconf 74' lang='lat' dir='ltr'>interpres_ill_e</span> <span class='ocrx_word' id='word_1_776' title='bbox 2659 5127 2857 5206; x_wconf 78' lang='lat' dir='ltr'>vacem</span> <span class='ocrx_word' id='word_1_777' title='bbox 2880 5127 3195 5206; x_wconf 49' lang='lat' dir='ltr'>noiiu&#39;cshﬁc</span> <span class='ocrx_word' id='word_1_778' title='bbox 3220 5132 3293 5187; x_wconf 87' lang='lat' dir='ltr'>ab</span> <span class='ocrx_word' id='word_1_779' title='bbox 3318 5149 3436 5188; x_wconf 89' lang='lat' dir='ltr'>una</span> <span class='ocrx_word' id='word_1_780' title='bbox 3459 5133 3684 5206; x_wconf 84' lang='lat' dir='ltr'>periodi</span> <span class='ocrx_word' id='word_1_781' title='bbox 3705 5143 3876 5206; x_wconf 87' lang='lat' dir='ltr'>parte</span> 
     </span>
    </p>
   </div>
   <div class='ocr_carea' id='block_1_116' title="bbox 2213 5198 3720 5272">
    <p class='ocr_par' dir='ltr' id='par_1_116' title="bbox 2213 5198 3720 5272">
     <span class='ocr_line' id='line_1_116' title="bbox 2213 5198 3720 5272; baseline 0.007 -24"><span class='ocrx_word' id='word_1_782' title='bbox 2213 5198 2926 5272; x_wconf 49' lang='lat' dir='ltr'>pvqpovmmo‘tpqptﬁuan</span> <span class='ocrx_word' id='word_1_783' title='bbox 2957 5201 3012 5256; x_wconf 86' lang='lat' dir='ltr'>in</span> <span class='ocrx_word' id='word_1_784' title='bbox 3047 5198 3288 5259; x_wconf 76' lang='lat' dir='ltr'>alterum</span> <span class='ocrx_word' id='word_1_785' title='bbox 3323 5198 3720 5272; x_wconf 60' lang='lat' dir='ltr'>tranetulisse:</span> 
     </span>
    </p>
   </div>
   <div class='ocr_carea' id='block_1_117' title="bbox 2279 5265 3870 5350">
    <p class='ocr_par' dir='ltr' id='par_1_117' title="bbox 2279 5265 3870 5350">
     <span class='ocr_line' id='line_1_117' title="bbox 2279 5265 3870 5350; baseline 0.008 -29"><span class='ocrx_word' id='word_1_786' title='bbox 2279 5265 2394 5339; x_wconf 85' lang='lat'>(90)</span> <span class='ocrx_word' id='word_1_787' title='bbox 2424 5265 2915 5350; x_wconf 37' lang='grc' dir='ltr'>Εάἷῐίέίξϐριςξᾉε</span> <span class='ocrx_word' id='word_1_788' title='bbox 2933 5289 3031 5327; x_wconf 80' lang='lat' dir='ltr'>sex</span> <span class='ocrx_word' id='word_1_789' title='bbox 3061 5291 3231 5350; x_wconf 68' lang='lat' dir='ltr'>mss,</span> <span class='ocrx_word' id='word_1_790' title='bbox 3277 5268 3478 5350; x_wconf 80' lang='grc' dir='ltr'>ὕϐρεις.</span> <span class='ocrx_word' id='word_1_791' title='bbox 3532 5276 3662 5332; x_wconf 89' lang='lat' dir='ltr'>Mox</span> <span class='ocrx_word' id='word_1_792' title='bbox 3694 5278 3870 5349; x_wconf 83' lang='lat' dir='ltr'>quin-</span> 
     </span>
    </p>
   </div>
   <div class='ocr_carea' id='block_1_118' title="bbox 2211 5341 3868 5420">
    <p class='ocr_par' dir='ltr' id='par_1_118' title="bbox 2211 5341 3868 5420">
     <span class='ocr_line' id='line_1_118' title="bbox 2211 5341 3868 5420; baseline 0.006 -27"><span class='ocrx_word' id='word_1_793' title='bbox 2211 5356 2321 5420; x_wconf 80' lang='lat' dir='ltr'>que</span> <span class='ocrx_word' id='word_1_794' title='bbox 2355 5357 2524 5420; x_wconf 83' lang='lat' dir='ltr'>mss.,</span> <span class='ocrx_word' id='word_1_795' title='bbox 2556 5341 2764 5420; x_wconf 71' lang='grc' dir='ltr'>φθόνοι.</span> <span class='ocrx_word' id='word_1_796' title='bbox 2797 5345 2867 5398; x_wconf 84' lang='lat' dir='ltr'>At</span> <span class='ocrx_word' id='word_1_797' title='bbox 2899 5348 3035 5417; x_wconf 81' lang='lat' dir='ltr'>Reg.</span> <span class='ocrx_word' id='word_1_798' title='bbox 3072 5341 3385 5420; x_wconf 10' lang='lat' dir='ltr'>pgrimusfe</span> <span class='ocrx_word' id='word_1_799' title='bbox 3436 5364 3555 5420; x_wconf 90' lang='lat' dir='ltr'>quo</span> <span class='ocrx_word' id='word_1_800' title='bbox 3583 5341 3762 5420; x_wconf 59' lang='lat' dir='ltr'>grave</span> <span class='ocrx_word' id='word_1_801' title='bbox 3796 5350 3868 5404; x_wconf 83' lang='lat' dir='ltr'>il-</span> 
     </span>
    </p>
   </div>
   <div class='ocr_carea' id='block_1_119' title="bbox 2210 5411 3868 5545">
    <p class='ocr_par' dir='ltr' id='par_1_119' title="bbox 2210 5411 3868 5545">
     <span class='ocr_line' id='line_1_119' title="bbox 2210 5411 3868 5545; baseline 0.007 -79"><span class='ocrx_word' id='word_1_802' title='bbox 2210 5411 2310 5545; x_wconf 54' lang='grc' dir='ltr'>Ιιόιὲ</span> <span class='ocrx_word' id='word_1_803' title='bbox 2344 5411 2600 5470; x_wconf 83' lang='lat' dir='ltr'>erratum</span> <span class='ocrx_word' id='word_1_804' title='bbox 2633 5417 2691 5470; x_wconf 92' lang='lat' dir='ltr'>in</span> <span class='ocrx_word' id='word_1_805' title='bbox 2728 5411 3340 5474; x_wconf 51' lang='lat' dir='ltr'>nostram&#39;editionem</span> <span class='ocrx_word' id='word_1_806' title='bbox 3374 5411 3631 5485; x_wconf 69' lang='lat' dir='ltr'>transiit,</span> <span class='ocrx_word' id='word_1_807' title='bbox 3665 5420 3868 5489; x_wconf 85' lang='lat' dir='ltr'>habet,</span> 
     </span>
     <span class='ocr_line' id='line_1_120' title="bbox 2210 5504 2414 5545; baseline 0.039 -14"><span class='ocrx_word' id='word_1_808' title='bbox 2210 5504 2244 5545; x_wconf 81' lang='grc' dir='ltr'>φ</span> <span class='ocrx_word' id='word_1_809' title='bbox 2316 5505 2414 5539; x_wconf 91' lang='grc' dir='ltr'>νω.</span> 
     </span>
    </p>
   </div>
   <div class='ocr_carea' id='block_1_120' title="bbox 2316 5505 2414 5539">
    <p class='ocr_par' dir='ltr' id='par_1_120' title="bbox 2316 5505 2414 5539">
     <span class='ocr_line' id='line_1_121' title="bbox 2316 5505 2414 5539; baseline 0.051 -5"><span class='ocrx_word' id='word_1_810' title='bbox 2316 5505 2414 5539; x_wconf 90' lang='grc' dir='ltr'>νω.</span> 
     </span>
    </p>
   </div>
   <div class='ocr_carea' id='block_1_121' title="bbox 2209 5504 3870 5637">
    <p class='ocr_par' dir='ltr' id='par_1_121' title="bbox 2209 5504 3870 5637">
     <span class='ocr_line' id='line_1_122' title="bbox 2209 5504 3870 5637; baseline 0.001 -23"><span class='ocrx_word' id='word_1_811' title='bbox 2209 5504 2512 5637; x_wconf 47' lang='grc' dir='ltr'>φυέῧξω</span> <span class='ocrx_word' id='word_1_812' title='bbox 2541 5555 2673 5637; x_wconf 58' lang='lat' dir='ltr'>libri</span> <span class='ocrx_word' id='word_1_813' title='bbox 2709 5575 2806 5613; x_wconf 85' lang='lat' dir='ltr'>sex</span> <span class='ocrx_word' id='word_1_814' title='bbox 2839 5559 3086 5637; x_wconf 62' lang='lat' dir='ltr'>antiqui.</span> <span class='ocrx_word' id='word_1_815' title='bbox 3137 5561 3315 5637; x_wconf 64' lang='lat' dir='ltr'>Editi,</span> <span class='ocrx_word' id='word_1_816' title='bbox 3363 5553 3870 5637; x_wconf 68' lang='grc' dir='ltr'>πεντηκόνταρχον,</span> 
     </span>
    </p>
   </div>
   <div class='ocr_carea' id='block_1_122' title="bbox 2207 5623 3871 5706">
    <p class='ocr_par' dir='ltr' id='par_1_122' title="bbox 2207 5623 3871 5706">
     <span class='ocr_line' id='line_1_123' title="bbox 2207 5623 3871 5706; baseline 0.008 -24"><span class='ocrx_word' id='word_1_817' title='bbox 2207 5627 2299 5683; x_wconf 82' lang='grc' dir='ltr'>καὶ</span> <span class='ocrx_word' id='word_1_818' title='bbox 2329 5623 2397 5685; x_wconf 81' lang='grc' dir='ltr'>τὰ</span> <span class='ocrx_word' id='word_1_819' title='bbox 2426 5623 2614 5687; x_wconf 82' lang='grc' dir='ltr'>λοιπὰ.</span> <span class='ocrx_word' id='word_1_820' title='bbox 2649 5623 2997 5706; x_wconf 51' lang='grc' dir='ltr'>θαυμαστόν(</span> <span class='ocrx_word' id='word_1_821' title='bbox 3017 5633 3193 5702; x_wconf 76' lang='lat' dir='ltr'>Illud,</span> <span class='ocrx_word' id='word_1_822' title='bbox 3220 5623 3313 5688; x_wconf 69' lang='grc' dir='ltr'>καὶ</span> <span class='ocrx_word' id='word_1_823' title='bbox 3340 5631 3408 5689; x_wconf 69' lang='grc' dir='ltr'>τὰ</span> <span class='ocrx_word' id='word_1_824' title='bbox 3454 5623 3628 5689; x_wconf 83' lang='grc' dir='ltr'>λοίπὰ</span> <span class='ocrx_word' id='word_1_825' title='bbox 3657 5623 3871 5705; x_wconf 54' lang='lat' dir='ltr'>etiam;</span> 
     </span>
    </p>
   </div>
  </div>
