4130 6210
453 298 572 358 295

1385 289 1784 351 APPENDIX
1826 285 2157 352 ossuum
2199 289 2265 352 s.
2308 288 2593 353 assum
2635 271 2912 355 MAGNI.

453 425 824 485 excascaverit
862 426 1190 497 peccatum,
1223 422 1272 478 is
1303 421 1376 477 ab
1423 419 1767 492 alienigenis
1815 418 2081 475 illuditur

2216 423 2343 488 πᾶς,
2375 418 2433 474 ὅν
2466 417 2528 475 ἃν
2562 419 2933 501 ἀποτυφλώσῃ
2982 424 3017 493 ἡ
3069 422 3324 500 ἁμαρτία,
3368 422 3688 498 ἐμπαίζεται
3717 392 3872 502 παρὰ

453 519 569 574 Hos
599 521 792 572 autem
839 513 1110 568 irrisores
1152 527 1267 566 non
1300 510 1700 566 comminatur
1731 507 2012 563 Dominus
2045 524 2081 564 si

2215 511 2321 563 τῶν
2382 506 2712 585 ἀλλοτρίων.
2771 511 3002 576 Τούτους
3062 510 3120 567 δε
3166 512 3295 576 τοὺς
3349 513 3708 587 ἐμπαίζοντας
3765 515 3866 570 οὐκ

456 623 586 662 esse
604 604 848 676 perinde
890 603 1508 670 instituturum,atque
1530 599 1596 654 ad
1611 597 1930 654 olescentes
1947 597 2106 669 prin-

2216 596 2376 660 αὐτὸς
2434 598 2741 671 ἐπιστήσειν
2800 602 2828 656 6
2906 600 3106 673 Κύριος
3184 601 3426 671 ἂπετλεί,
3498 602 3679 678 ὥσπερ
3734 604 3865 669 τοὺς

454 695 613 766 oipes
639 709 652 747 :
679 693 777 747 sed
812 691 895 747 ait
925 693 1099 746 hosce
1127 689 1420 744 derisores
1447 687 1593 759 ipsis
1623 687 1950 742 volentibus
1977 702 2081 742 εδει

2212 689 2519 752 νεανίσκους
2552 690 2845 766 ἄρχοντας,
2897 690 3022 747 ἀλλ’
3080 691 3169 768 ἀφ’
3222 692 3422 747 ἐαυτῶν
3473 693 3585 766 (99)
3629 688 3732 771 ἔφη
3765 715 3860 750 κυο

457 783 883 845 dominaturos,
917 780 1070 852 quod
1126 778 1250 834 suis
1283 778 1533 849 quisque
1564 776 1841 848 operibus
1871 792 1934 830 se
1977 775 2081 847 ipsi

2214 775 2458 849 ριεύσειν,
2492 777 2543 848 ἐξ
2573 779 2646 833 ὧν
2698 777 2758 834 ἂν
2806 775 3032 843 ἕκαστος
3085 781 3260 852 ἑαυτῷ
3317 779 3406 836 διὰ
3456 786 3563 836 τῶν
3593 780 3764 857 ἔργων
3796 785 3861 839 τὸ

454 891 655 931 eorum
713 872 973 927 dominio
1030 868 1320 940 subjiciat.
1382 868 1651 923 Fortasse
1703 866 1904 938 igitur,
1948 883 2081 942 quot

2210 873 2558 940 κυριευθῆναι
2614 869 2741 943 παρ’
2789 869 2965 923 αὐτῶν
3027 868 3412 940 ἐπισπάσηται.
3458 871 3614 946 Τάχα
3645 871 3735 926 οὖν
3771 869 3865 927 διὰ

451 967 588 1019 ante
623 977 855 1016 crucem
913 958 1162 1014 Domino
1221 957 1457 1012 illusere
1511 955 1679 1010 illum
1741 955 2097 1023 crucifixuri,

2207 954 2268 1008 τὸ
2317 953 2572 1027 ἐμπαῖξαι
2621 960 2699 1028 τῷ
2747 957 2930 1032 Κυρίῳ
2982 958 3087 1034 πρὸ
3141 962 3238 1013 τοῦ
3295 963 3528 1033 σταυροῦ
3570 960 3698 1024 τοὺς
3732 959 3864 1033 μὲλ-

450 1050 756 1107 recentiori
789 1053 1183 1103 Romanorum
1215 1045 1460 1116 imperio
1483 1043 1680 1098 traditi
1712 1048 1870 1111 sunt,
1896 1043 2081 1115 eisque

2208 1039 2401 1106 λοντας
2431 1049 2714 1120 σταυροῦν,
2764 1044 3137 1119 παρεδόθησαν
3184 1048 3422 1121 νεωτὲρᾳ
3464 1047 3613 1124 ἀρχῇ
3651 1049 3721 1124 τῇ
3747 1054 3858 1106 τῶν

449 1139 729 1196 dominali
780 1142 919 1192 sunt
965 1135 1276 1204 derisores,
1311 1133 1412 1205 qui
1471 1134 1625 1206 apud
1683 1149 1745 1188 se
1792 1132 2095 1188 veritatem

444 1229 688 1285 minime
734 1227 1049 1282 habebant.
1084 1225 1246 1292 Quod
1294 1224 1342 1278 si
1383 1222 1702 1278 Ecclesiam
1752 1221 1824 1278 ab
1872 1221 1944 1276 iis
1993 1222 2094 1292 qui

441 1336 548 1374 sua
577 1317 832 1374 versutia
861 1315 1198 1371 adulterant
1225 1313 1491 1379 verbum,
1523 1316 1582 1367 et
1624 1327 1727 1382 per
1758 1309 2093 1366 simulatio-

441 1424 575 1464 nem
635 1406 1009 1462 mendacium
1064 1404 1292 1472 dicunt,
1342 1401 1725 1473 gubernatam
1777 1413 2090 1471 conspexe-

439 1499 563 1554 ris:
598 1497 751 1552 scias
801 1495 913 1567 ipsi
962 1493 1252 1549 dominari
1302 1492 1612 1556 derisores,
1647 1488 1746 1563 qui
1795 1489 2090 1546 blandilo-

436 1587 570 1658 quis
620 1603 684 1641 ac
734 1582 1225 1656 persuasibilibus
1255 1581 1449 1637 verbis
1496 1580 1884 1652 simpliciores
1931 1580 2086 1636 deoi-

432 1675 622 1748 piunt.

2215 1133 2525 1205 ⁶Ρωμαίωνο
2583 1133 2876 1206 ἐμπαῖκται
2935 1133 2990 1190 δὲ
3046 1136 3455 1212 κατεκυρίευσαν
3533 1137 3732 1209 αὐτῶν,
3804 1139 3858 1194 οἱ

2201 1221 2300 1289 τὴν
2328 1221 2586 1292 ἀλήθειαν
2632 1225 2707 1296 μή
2741 1219 2962 1300 ἔχοντες
3018 1227 3144 1301 παρ’
3192 1226 3422 1290 ἑαυτοῖς.
3468 1223 3572 1281 Κᾶν
3615 1226 3855 1298 Ἐκκλη-

2201 1309 2315 1365 σίαν
2351 1309 2408 1367 δὲ
2459 1309 2575 1387 ἴδῃς
2627 1313 2728 1368 ὑπὸ
2773 1318 2882 1368 τῶν
2932 1313 2982 1368 ἐν
3041 1315 3343 1391 πανουργίᾳ
3387 1313 3726 1371 δουλούντων
3757 1317 3854 1372 τὸν

2199 1398 2361 1476 Λόγον
2395 1399 2688 1475 ἀγομένην,
2739 1402 2830 1457 καὶ
2879 1403 2983 1458 ὑπὸ
3027 1407 3135 1458 τῶν
3169 1403 3221 1459 ἐν
3269 1405 3550 1480 ὑποκρίσει
3581 1402 3854 1479 ψευδολό-

2197 1508 2332 1562 γων,
2389 1487 2617 1564 γίνωσκε
2675 1490 2758 1545 ὅτι
2817 1490 3113 1564 ἐμπαῖκται
3170 1492 3510 1568 κυριεύουσιν
3571 1494 3756 1569 αὐτῆς,
3797 1497 3852 1551 οἱ

2197 1573 2286 1632 διὰ
2313 1584 2413 1648 τῆς
2461 1578 2867 1656 χρηστολογίας
2911 1581 3003 1636 καὶ
3045 1581 3436 1658 πιθανολογίας
3476 1583 3850 1654 ἐξαπατῶντες

2191 1665 2318 1730 τοὺς
2348 1666 2782 1745 ἀκεραιοτέρους.

503 1783 626 1839 110.
650 1781 826 1837 Vsas.
859 1781 914 1836 5.
947 1780 1014 1835 Et
1043 1778 1300 1847 conﬂigat
1327 1777 1579 1848 populus,
1613 1776 1775 1831 homo
1808 1775 1878 1832 ad
1906 1775 2081 1831 homi-

2264 1775 2386 1830 110.
2422 1774 2519 1829 Καὶ
2598 1781 2950 1849 συμπεσεῖται
3006 1777 3034 1831 6
3117 1777 3268 1847 Λιοὸς,
3348 1776 3631 1856 ἅνθρωπος
3701 1781 3846 1856 πρὸς

429 1887 579 1942 nem,
613 1881 665 1926 et
712 1870 870 1925 homo
903 1868 979 1924 ad
1006 1869 1330 1940 proximum
1379 1882 1560 1921 suum.
1599 1864 1799 1920 Palam
1850 1868 2086 1922 enarrat

431 1960 716 2034 propheta
764 1975 891 2031 quis
927 1959 1078 2013 facta
1110 1960 1248 2012 sunt
1280 1959 1412 2011 ante
1443 1959 1766 2010 extremam
1797 1953 1958 2009 illam
1991 1953 2086 2009 Je-

431 2049 861 2122 rosolymorum
909 2046 1418 2118 expugnationem,
1455 2048 1588 2116 post
1627 2059 1801 2114 quam
1835 2041 2085 2115 dispersi

430 2144 587 2196 sunt.
618 2139 741 2194 Non
793 2136 1052 2208 amplius
1108 2149 1440 2192 sermonem
1497 2133 1719 2206 profert
1775 2133 2082 2204 anigmata

427 2227 784 2301 prophetica,
820 2227 920 2282 sed
964 2225 1118 2281 unde
1147 2229 1204 2280 et
1235 2224 1540 2296 perspicue
1572 2222 1732 2293 ipsas
1765 2238 1857 2277 res
1887 2227 2084 2294 gestas

436 2321 652 2382 narrat,
687 2332 820 2372 cum
879 2314 1105 2371 scilicet
1160 2313 1313 2368 inter
1355 2329 1416 2368 se
1447 2311 1742 2384 congressi
1798 2310 2084 2366 seditione

426 2415 480 2463 et
513 2407 664 2461 crede
690 2405 984 2461 civitatem
1015 2401 1329 2474 implevere
1386 2418 1573 2471 neque
1602 2418 1637 2456 a
1657 2401 1782 2456 suis
1811 2399 2082 2456 hostibus

432 2495 593 2568 ipsos
654 2495 915 2566 undique
969 2492 1376 2548 obsidentibus
1423 2490 1493 2545 ad
1550 2488 1919 2545 concordiam
1952 2505 2082 2561 quas

428 2585 758 2640 necessaria
815 2587 959 2650 erat,
995 2587 1136 2637 sunt
1183 2580 1424 2635 adducti
1459 2596 1472 2634 :
1507 2579 1608 2634 sed
1656 2583 1914 2634 extrema
1969 2576 2081 2633 sibi

425 2677 777 2743 metuentes,
826 2671 1060 2727 civitate
1117 2674 1346 2725 tantum
1406 2685 1520 2724 non
1583 2671 1772 2740 capta,
1825 2666 2080 2738 disjectis

325 2765 327 2768 ⁴
421 2761 633 2830 muris,
665 2760 934 2817 hostibus
978 2757 1477 2832 ingredientibus,
1511 2757 1568 2812 in
1601 2773 1664 2812 se
1700 2755 1943 2811 invicem
1977 2755 2079 2810 do-

427 2851 573 2908 mini
599 2868 662 2906 ac
694 2850 981 2923 primatus
1007 2847 1460 2904 obtinendorum
1485 2847 1681 2901 studio
1713 2844 2076 2901 invaserunt.

424 2945 613 3012 Atque
645 2939 767 2994 haec
798 2938 928 3021 ideo
959 2937 1354 3010 patiebantur,
1380 2935 1533 3006 quod
1557 2934 1790 2991 ablatus
1823 2938 1979 2990 esset
2008 2935 2080 3021 ab

421 3029 504 3084 eis
573 3028 880 3100 propheta,
919 3020 1256 3098 ioonjector,
1311 3023 1528 3091 senior,
1589 3028 1646 3079 et
1713 3020 2080 3078 admirabilis

418 3117 790 3173 consiliarius
825 3133 838 3172 :
873 3120 1098 3182 contra,
1133 3131 1312 3186 supra
1350 3114 1511 3185 ipsos
1548 3111 1848 3168 constituti
1879 3115 2076 3167 essent
2103 3155 2146 3222 Ο

472 3207 485 3222 ι
535 3204 547 3222 I
737 3210 747 3222 ι
935 3204 1147 3222 ',_!,_,
1217 3203 1404 3222 _!__-_-
1445 3201 1884 3222 J-...:..____A___
1917 3199 2034 3222 .I-_2

418 3204 819 3261 adolescentes
859 3204 1175 3276 principes,
1209 3203 1408 3272 eisque
1439 3201 1885 3256 dominarentur
1912 3199 2071 3255 deri-

421 3310 604 3349 sores.
639 3296 715 3348 Et
751 3293 1036 3348 invehatur
1083 3309 1225 3363 puer
1271 3293 1332 3346 in
1380 3306 1586 3357 senem,
1620 3291 1982 3346 inhonorata:
2012 3291 2069 3344 in

417 3383 773 3439 honoratum.
795 3385 928 3449 Qum
953 3385 1096 3437 sunt
1117 3379 1576 3452 perturbationis
1593 3377 2072 3449 confusionisque

418 3471 654 3544 propria
684 3475 940 3526 enarrat.
975 3470 1123 3525 Nam
1152 3467 1461 3524 seditionis
1503 3467 1806 3539 proprium
1839 3474 1948 3534 est,
1982 3467 2072 3521 ni-

418 3559 498 3616 hil
534 3564 597 3616 ut
626 3561 995 3616 discernatur
1030 3575 1043 3614 :
1091 3559 1190 3614 sed
1225 3561 1290 3612 ut
1327 3573 1474 3629 puer
1506 3556 1632 3612 seni
1665 3555 1976 3611 molestum
2011 3571 2072 3610 se

419 3651 697 3722 praebeat,
730 3654 786 3704 et
817 3649 876 3704 in
924 3649 1054 3720 ejus
1102 3649 1458 3703 documenta
1509 3645 1838 3701 invehatur.
1871 3645 1941 3699 Et
1971 3643 2074 3716 qui

418 3739 809 3794 inhonoratos
825 3743 915 3794 est
935 3739 1006 3792 ob
1034 3738 1300 3792 inustum
1327 3736 1441 3791 sibi
1466 3751 1568 3808 per
1587 3735 1920 3808 ignominia:
1937 3734 2075 3790 vilia

417 3827 1025 3894 dedecus,honestior
1073 3824 1394 3897 majoriqae
1445 3825 1768 3880 reverentia
1817 3823 2071 3897 dignior,

418 3933 598 3990 quam
632 3917 731 3988 qui
767 3915 1127 3972 honorabilis
1159 3919 1268 3982 est,
1302 3912 1454 3969 volet
1487 3913 1706 3969 haberi.
1740 3913 1936 3968 Metuo
1969 3929 2074 3968 au-

422 4011 541 4062 tem
575 4023 645 4062 ne
675 4005 876 4062 isthaac
930 4005 1000 4061 ad
1052 4020 1160 4060 nos
1207 4003 1382 4059 etiam
1416 4004 1768 4075 pertingant,
1804 4007 1860 4058 et
1886 4018 1956 4057 ne
1987 4001 2075 4056 hae

426 4095 566 4168 ipsis
609 4095 927 4168 prophetia:
981 4093 1088 4148 hac
1143 4096 1307 4148 aetate
1356 4090 1730 4163 impleantur,
1765 4107 1882 4162 qua
1913 4088 2077 4161 pueri

429 4189 596 4240 atate
618 4185 883 4254 juvenes,
912 4183 1175 4238 moribus
1197 4181 1484 4252 juniores,
1509 4180 1856 4235 adoriuntur
1885 4178 2078 4233 Eccle-

427 4273 527 4326 sia:
577 4273 964 4344 presbyteros,
1000 4287 1188 4342 neque
1247 4285 1414 4324 sacra
1460 4268 1691 4322 illorum
1756 4267 2082 4322 ministeria

427 4360 772 4428 admittunt,
805 4375 993 4430 neque
1037 4373 1360 4430 congruum
1400 4356 1781 4428 debitumque
1813 4355 2081 4412 Ecclesia

427 4450 692 4505 ordinem
725 4451 961 4504 servant
1014 4447 1164 4511 Quin
1196 4447 1373 4501 etiam
1405 4461 1540 4500 cum
1582 4445 1682 4518 qui
1740 4446 1890 4502 male
1919 4447 2076 4501 vixe-

2194 1859 2502 1935 ἄνθρωπον,
2561 1865 2651 1918 καὶ
2710 1866 2996 1942 ἄνθρωπος
3070 1867 3207 1942 πρὸς
3281 1869 3374 1922 τὸν
3441 1867 3674 1938 πλησίον
3745 1869 3847 1924 αύ-

2191 1955 2306 2007 τοῦ.
2359 1953 2649 2023 νΑντικρυς
2702 1953 2771 2008 τά
2801 1955 2908 2028 πρὸ
2959 1961 3058 2025 τῆς
3102 1953 3363 2021 ἁλώσεως
3410 1956 3842 2033 ⁶Ιεροσολύμων,

2191 2046 2292 2109 τῆς
2321 2039 2630 2106 τελευταίας
2657 2041 2858 2114 ταύτης
2916 2045 3034 2116 μεθ’
3078 2045 3139 2114 ἣν
3191 2048 3256 2118 τῇ
3307 2043 3575 2121 διασπορᾷ
3612 2044 3847 2123 παρεδό·

2193 2141 2380 2203 θησαν,
2413 2129 2678 2207 διηγεῖται
2711 2133 2738 2186 ὁ
2787 2135 3098 2210 προφήτηςσ
3158 2133 3336 2190 οὐκέτι
3388 2133 3460 2190 δι’
3504 2135 3840 2211 αἰνιγμάτων

2191 2222 2544 2296 προφητικῶν
2594 2222 2846 2298 προάγων
2895 2223 2988 2278 τὸν
3046 2222 3232 2299 λόγον·
3294 2223 3439 2281 ἀλλὰ
3486 2230 3712 2300 γυμνῶς
3750 2227 3844 2281 καὶ

2192 2307 2486 2388 ἀναφανδὸν
2563 2311 2699 2366 αὐτὰ
2771 2311 2837 2366 τὰ
2913 2314 3210 2388 πράγματα
3287 2310 3673 2389 διηγούμενος·
3753 2314 3849 2370 ὅτε

2191 2398 2552 2472 συμπεσόντες
2581 2398 2880 2471 ἀλλήλοις,
2927 2403 3165 2464 στάσεως
3210 2403 3299 2456 καὶ
3347 2402 3512 2478 φόνου
3541 2404 3642 2472 τήν
3673 2402 3846 2459 πόλιν

2189 2487 2512 2559 ἐνέπλησαν,
2563 2486 2687 2544 οὐδὲ
2766 2490 2868 2544 ὑπὸ
2938 2495 3045 2546 τῶν
3118 2492 3674 2568 περιεστοιχισμὲνων
3737 2494 3842 2549 αὖ·

2186 2581 2304 2638 τοῖς
2329 2579 2405 2650 (1)
2439 2575 2724 2650 πολεμίων
2780 2576 2858 2640 εἷς
2911 2579 3011 2647 τήν
3069 2578 3358 2654 ἀναγκαίαν
3412 2580 3671 2655 ὁμόνοιαν
3722 2604 3848 2637 συν-

2189 2665 2564 2738 ελαυνόμενοι,
2597 2665 2744 2722 ἀλλά
2775 2668 2898 2738 περί
2927 2672 3034 2722 τῶν
3067 2669 3312 2744 ἐσχάτων
3347 2670 3709 2744 ἀγωνιῶντες,
3739 2679 3850 2742 τῆς

2187 2752 2403 2816 πόλεως
2431 2751 2540 2824 ἤδη
2591 2750 3037 2829 λαμϐανομένης,
3080 2762 3191 2812 τῶν
3238 2763 3440 2835 τειχῶν
3471 2759 3845 2836 καταρῤιπτο-

2193 2843 2387 2917 μένων,
2445 2848 2550 2898 τῶν
2599 2843 2884 2918 πολεμίων
2933 2846 3322 2923 είσχεομένων,
3373 2849 3476 2903 ὑπὸ
3533 2848 3847 2926 φιλαρχίας

2186 2932 2276 2988 καὶ
2337 2931 2739 3007 φιλοπρωτείας
2812 2932 3087 3005 ἀλλήλοις
3162 2936 3490 3011 ἀντεηῄεσαν
3737 2941 3846 2994 Καὶ

2185 3026 2350 3077 ταῦτα
2378 3016 2616 3098 ἔπασχον
2671 3019 2760 3077 διὰ
2808 3024 2870 3078 τὸ
2913 3024 3142 3099 ἀρθῆναι
3193 3026 3284 3080 ἀπ’
3313 3027 3490 3082 αὐτῶν
3518 3029 3842 3103 προφήτην,

2184 3111 2274 3166 καὶ
2341 3113 2670 3187 στοχαστήν,
2743 3111 2834 3167 καὶ
2906 3108 3292 3189 πρεσϐύτερον,
3360 3115 3451 3170 καὶ
3526 3117 3848 3190 θαυμαστὸν

2184 3194 2521 3274 σύμϐουλον
2568 3199 2846 3271 ἐπιστῆναι
2896 3203 2974 3276 (3)
3024 3199 3081 3258 δέ
3123 3203 3310 3268 αὐτοῖς
3359 3203 3628 3281 ἄρχοντας
3664 3207 3848 3261 νεανί-

2181 3309 2364 3354 σκους,
2415 3289 2505 3344 καὶ
2557 3289 2858 3362 ἐμπαίκτας
2907 3289 3082 3346 αὐτῶν
3127 3296 3428 3367 κυριεῦσαι.
3463 3295 3561 3350 Καὶ
3599 3297 3852 3371 προσκό-

2180 3381 2268 3452 ψει
2343 3378 2405 3433 τὸ
2483 3375 2700 3433 παιδίον
2755 3380 2893 3456 πρὸς
2971 3382 3064 3436 τὸν
3131 3378 3462 3457 πρεσϐύτην.
3535 3385 3563 3438 6
3637 3383 3846 3458 ἄτιμος

2179 3467 2317 3543 πρὸς
2387 3466 2480 3521 τὸν
2555 3465 2796 3539 ἔντιμον.
2858 3470 3238 3548 Ἐπεξέρχεται
3295 3478 3412 3538 τοῖς
3468 3479 3568 3543 τῆς
3634 3475 3857 3551 συγχύ-

2181 3575 2315 3617 σεως
2375 3551 2689 3628 ίδιώμασιν·.
2749 3555 2916 3614 ’Ίδιον
2977 3559 3080 3635 γὰρ
3114 3559 3369 3629 στάσεως,
3402 3562 3463 3616 τὸ
3515 3558 3678 3636 μηδὲν
3724 3559 3852 3619 δια-

2177 3643 2399 3720 κρίνεινο
2460 3641 2606 3700 ἀλλά
2673 3645 2763 3701 καὶ
2837 3648 2929 3702 τὸν
3009 3646 3180 3704 παῖδα
3254 3647 3688 3722 δυσαρεστεῖσθαι
3759 3657 3852 3724 τῷ

2179 3729 2479 3808 πρεσϐύτῃ,
2537 3734 2626 3788 καὶ
2685 3734 3050 3812 προσκόπτειν
3110 3737 3274 3793 αὐτοῦ
3331 3744 3448 3803 τοῖς
3513 3736 3848 3815 διδάγμασι·

2181 3821 2272 3878 καὶ
2301 3821 2329 3875 6
2360 3819 2555 3894 ἄτιμος
2604 3820 2695 3878 διὰ
2739 3823 2802 3878 τὸ
2833 3823 2883 3878 ἐν
2935 3825 3092 3889 πάθει
3127 3828 3203 3900 (4)
3255 3827 3474 3900 ἀτιμίας
3506 3823 3850 3903 ἐνυϐρίσθαι,

2184 3909 2506 3986 σεμνότερον
2537 3911 2721 3967 ἐαυτὸν
2760 3912 3086 3989 βουλήσεται
3129 3916 3446 3988 νομίζεσθαι
3486 3921 3583 3972 τοῦ
3609 3918 3850 3992 (τιμίου.

2187 3995 2479 4073 Φοϐοῦμαι
2513 3999 2571 4055 δὶ
2603 4003 2679 4074 μὴ
2737 4003 2826 4057 καὶ
2881 4001 2963 4078 ἐφ’
3016 4006 3164 4076 ἡμᾶς
3215 4006 3388 4083 φθάνῃ
3432 4009 3507 4080 (5)
3537 4011 3857 4077 ταῦτα,καὶ

2185 4087 2273 4143 ἐπὶ
2303 4093 2399 4143 τοῦ
2443 4090 2710 4163 παρόντος
2755 4096 2947 4167 καιροῦ
3011 4091 3142 4148 ὦσιν
3187 4095 3240 4148 αἱ
3289 4101 3614 4172 προφητεῖαι
3660 4097 3858 4154 αὗταιο

2187 4175 2275 4231 ὅτε
2305 4175 2496 4244 παῖδες
2523 4179 2637 4234 νέοι
2669 4181 2768 4250 τήν
2817 4180 3064 4252 ἡλικίαν,
3114 4183 3440 4260 νεαρώτεροι
3489 4185 3580 4241 τὸν
3611 4186 3859 4260 τρόπον,

2185 4270 2304 4328 τοῖς
2388 4262 2740 4344 πρεϐυτὲροις
2823 4276 2923 4340 τῆς
2999 4269 3330 4343 Ἐκκλησίας
3414 4275 3861 4350 προσκόπτουσι,

2193 4359 2332 4430 μήτε
2372 4358 2466 4418 τὰς
2525 4357 2833 4433 ἱερουργίας
2905 4359 3084 4414 αὐτῶν
3135 4363 3511 4436 προσιέμενοι,
3559 4365 3697 4436 μήτε
3742 4368 3862 4436 τὴν

2191 4445 2498 4520 πρέπουσαν
2559 4444 2798 4516 εὐταξίαν
2870 4449 2968 4516 τῆς
3031 4448 3358 4520 Ἐκκλησίας
3419 4454 3496 4525 (6)
3539 4451 3865 4528 φυλάσσον-

425 4542 583 4606 runt,
609 4537 808 4610 probis
839 4535 1174 4609 reipublicae
1207 4517 1790 4591 administratoribus
1821 4535 2081 4591 inferunt

2194 4517 2295 4596 τες.
2333 4533 2432 4588 Καὶ
2483 4531 2607 4588 ὅταν
2659 4531 2716 4589 δὲ
2774 4535 2826 4594 οἱ
2873 4539 3056 4600 κακῶς
3106 4517 3433 4614 βεϐιωκότες
3461 4517 3596 4596 κατὰ
3619 4545 3731 4596 τῶν
3769 4544 3866 4600 εὖ-

431 4772 558 4900 παρ’
589 4769 788 4842 αύτῶν,
831 4770 894 4826 in
943 4769 1106 4854 nullo
1155 4785 1295 4852 mss.
1330 4767 1579 4852 legitur;
1604 4768 1703 4854 ob~
1723 4767 1902 4839 idque
1945 4767 2083 4824 inde

430 4847 509 4902 tol
539 4847 757 4902 endum
789 4859 1152 4900 censuimus.
1185 4841 1408 4898 Ibidem
1440 4841 1604 4908 editi,
1632 4859 1761 4908 πας,
1789 4839 1846 4894 ὃν
1881 4839 2083 4893 ἀποτυ-

432 4915 586 4994 φλοῖ.
622 4922 695 4994 ξεῖ
733 4933 834 4973 sex
884 4932 1024 4972 mss.
1059 4915 1149 4994 uti
1179 4915 1251 4994 in_
1271 4917 1567 4994 contextu:
1602 4913 1717 4971 Nec
1766 4911 1848 4967 ita
1896 4911 2082 4968 multo

431 4981 822 5063 postgaliquot
853 5005 1024 5063 mss.,
1053 4985 1292 5063 ὑπὸ-τῶν
1327 4981 1655 5063 ἀλλοτρίων.

505 5061 619 5130 (99)
649 5051 802 5118 Editi
834 5065 890 5116 et
921 5051 1060 5132 Reg.
1095 5060 1345 5132 primus,
1390 5051 1535 5132 quo,
1568 5062 1634 5132 ut
1674 5055 1801 5132 jam
1853 5051 2085 5132 monui-

435 5126 609 5200 mus,
636 5133 726 5189 usi
756 5137 893 5188 sunt
921 5126 1290 5204 typ'og'raphi,
1320 5126 1655 5204 ἐφέῖαυτῶν.
1681 5127 1792 5182 Alii
1825 5126 2085 5204 quin‘que

436 5149 592 5200 mus,
636 5151 726 5189 U81
756 5149 893 5188 sunt
921 5149 1056 5204 typo
1103 5149 1290 5203 rapui,
1320 5149 1344 5184 ι
1390 5149 1393 5150 ⁷
1432 5149 1655 5183 ιαυτων.
1681 5149 1792 5182 tun
1825 5149 2083 5196 qumque

436 5223 605 5281 mss.,
637 5204 996 5281 ἀφ’-ἑαυτῶν.
1051 5149 1270 5281 ᾗίᾀθω
1321 5149 1575 5281 αῗὶίιυοςι
1593 5217 1760 5281 mss.)
1791 5193 2083 5281 κυριεύειν.

435 5279 552 5336 Hoc
583 5265 708 5350 ἡ)εό
742 5277 799 5332 in
844 5277 966 5333 loco
1015 5277 1154 5350 editi
1203 5265 1496 5350 corrupte,
1525 5269 1575 5340 ἐξ
1610 5269 1682 5350 ὧν
1718 5265 2083 5350 ἀναγκάσςτῳς.

436 5340 817 5420 Αιγιιίθιάυο
872 5349 1130 5406 Combet‘.
1164 5354 1221 5405 et
1278 5340 1418 5420 Reg.
1454 5349 1700 5416 quartus
1756 5340 2083 5408 emendate,

435 5420 486 5492 ἐξ
519 5419 591 5474 ὣν
624 5420 682 5474 ἂν
715 5419 960 5484 ἕκαστος.

508 5494 582 5565 (1)
615 5495 700 5549 Ita
723 5476 958 5551 rnostrii
982 5510 1108 5565 sex,
1138 5489 1272 5547 libri
1307 5491 1574 5565 veteres:
1630 5482 1806 5565 editi,
1860 5476 2081 5565 αὐτούς.

435 5551 756 5693 Aliquanto
821 5571 954 5641 post
1018 5564 1178 5623 Colb.
1235 5561 1484 5636 primus,
1554 5555 1656 5612 ὑπὸ
1723 5551 2084 5635 φιλαργυρίας

437 5655 546 5693 κα.

437 5655 546 5694 και.

2263 4767 2341 4840 (2)
2372 4767 2558 4851 Unus.
2585 4769 2762 4851 codex
2809 4770 3068 4828 Combef.
3107 4777 3166 4829 et
3212 4773 3313 4830 alii
3341 4781 3614 4847 quatuor,
3648 4776 3867 4836 ἀντεπ-

2193 4837 2354 4914 ῄεσαν
2366 4881 2393 4914 ._
2413 4841 2490 4914 Ed
2499 4839 2559 4914 iti
2568 4881 2583 4908 ,
2617 4839 2898 4896 ἀντέπεσαν
2909 4885 2922 4900 .

2370 4911 2525 4993 [εξονὶ
2560 4914 3075 4993 quidamveteres,
3108 4912 3413 4993 {mg-riam,

2223 5052 2235 5065 .
2265 4983 2468 5065 (4)“Sio
2517 4999 2661 5065 mss.
2698 4986 2882 5065 nostri
2927 5003 3156 5065 omnes.
3187 4990 3357 5065 Editi,
3390 4989 3441 5046 ἐν
3469 4989 3683 5056 πάθεσι.
3715 4995 3876 5054 Sta-

2193 5054 2496 5142 timp‘Clolb.
2511 5057 2779 5142 'primus,
2813 5054 3407 5142 ἐαυτὸν-βουλεύσεται.

2375 5127 2469 5181 Sic
2510 5125 2933 5206 Beg._primu_s.
2964 5125 3078 5187 Alii
3127 5134 3389 5206 quinque
3435 5152 3603 5205 mss.,
3637 5137 3878 5206 φθάνει.

2266 5156 2346 5206 (τά)
2375 5156 2469 5181 om
2510 5156 2646 5198 ιιυὸ.
2726 5156 2933 5187 rlLuuu.
2964 5156 3078 5187 mu
3127 5156 3389 5206 qumque
3435 5156 3603 5205 mss.,
3678 5156 3878 5198 υανει.

2193 5196 2370 5288 Ῑὲιίιιι,
2421 5156 2846 5288 ιίρνε)όισ·ῃ.νιί³ιιιι(1Δ
2882 5203 3053 5288 longe
3113 5221 3256 5261 mss.
3291 5213 3432 5288 tres,
3487 5207 3562 5270 ὡς
3619 5156 3761 5288 εἶναι
3817 5215 3883 5270 αἱ

2194 5275 2526 5344 προφητεῖαι
2584 5275 2764 5354 orizae,
2799 5281 2857 5354 e_t
2903 5275 2986 5332 ita
3023 5279 3538 5354 _quo_q_ue_habent
3570 5281 3740 5354 editi
3813 5294 3885 5344 et

2194 5356 2351 5422 unus
2373 5346 2650 5422 ms.,‘nisi
2673 5346 2839 5422 quod
2870 5346 3075 5404 vocula
3106 5346 3249 5404 ai'in
3285 5350 3428 5422 ipsis
3456 5353 3878 5417 desideratur.

2195 5412 2336 5496 Reg.
2365 5419 2635 5487 quartus,
2657 5412 2732 5480 ὡς
2751 5417 2883 5472 εἶναι
2915 5425 3243 5498 προφητεῖαι
3261 5412 3448 5480 ταῦτα.
3472 5425 3611 5498 Reg.
3638 5412 3882 5490 tertius

2194 5488 2261 5540 ut
2289 5501 2348 5538 ιη
2379 5491 2673 5543 contextu.

2379 5501 2649 5544 contextu
2660 5530 2673 5545 ο

2263 5555 2341 5630 (6)
2371 5558 2506 5632 Reg.
2537 5563 2805 5634 quartus,
2836 5563 2906 5637 τῇ
2932 5560 3250 5640 Ἐκκλησίᾳ.
