4130 6210
452 303 569 363 299

1398 298 1794 363 APPENDIX
1839 298 2165 363 ossuum
2211 300 2275 362 s.
2322 297 2609 361 casn.“
2655 296 2925 360 MAGNI.
3008 248 3013 253 ’

3747 298 3873 363 300

455 449 587 490 sese
635 436 853 505 posset,
910 450 1026 489 non
1048 439 1484 505 concurrerent,
1510 435 1608 489 sed
1678 434 2092 506 unusquisque

2208 427 2434 488 ἕκαστον
2491 433 2588 485 τοῦ
2644 429 3053 508 προστυχόντος
3085 430 3200 504 (13)
3258 426 3743 506 ἐπιλαμϐάνεσθαι,
3773 432 3868 489 καὶ

446 521 768 596 quemlibet
806 521 1040 578 obvium
1073 528 1424 593 assumeret,
1465 540 1580 579 non
1630 538 1765 579 eum
1817 524 1915 595 qui
1947 528 2103 580 esset

443 611 726 669 electione
756 612 989 685 dignus,
1012 612 1109 667 sed
1134 613 1233 685 qui
1265 612 1377 668 sibi
1400 612 1709 669 familiaris
1729 618 1885 669 esset
1915 630 1981 667 ac
1998 629 2097 669 ne-

441 701 774 771 cessarius;
808 718 924 757 non
947 717 1083 758 eum
1115 701 1215 773 qui
1248 702 1440 757 salvos
1482 702 1640 774 ipsos
1671 718 1737 757 ac
1768 702 2097 758 incolumes

441 808 670 849 servare
689 795 907 863 posset,
930 792 1029 847 sed
1068 790 1169 861 qui
1190 791 1496 863 sanguinis
1527 792 1962 848 necessitudine
2007 792 2102 863 ip-

441 898 573 938 sum
592 881 972 953 contingeret.
992 880 1555 952 Apprehendetenz‘m,
1574 882 1789 953 inquit,
1813 882 1973 937 homo
1987 883 2102 951 fra-

441 976 585 1026 trem
602 986 786 1041 suum,
808 973 858 1025 et
886 969 1238 1025 domesticum
1257 972 1435 1041 patris
1456 972 1563 1025 sui.
1589 970 1758 1025 Absit
1778 976 1929 1027 certe
1948 987 2018 1026 ne
2040 970 2097 1025 id

442 1059 546 1115 ﬁat
576 1059 636 1113 in
692 1057 1024 1113 tribuendis
1067 1057 1457 1114 Ecclesiarum
1490 1059 1887 1131 praefecturis:
1922 1059 2004 1115 ita
2038 1062 2102 1115 ut

444 1146 693 1220 quilibet
719 1146 1042 1217 quemlibet
1060 1146 1259 1220 eligat,
1291 1164 1425 1204 eum
1458 1165 1666 1220 nempe
1713 1149 1813 1220 qui
1865 1149 2097 1222 nuptia-

441 1236 601 1293 libus
626 1235 992 1295 indumentis
1021 1241 1234 1305 careat,
1267 1238 1369 1309 qui
1399 1237 1477 1294 sit
1512 1238 1738 1294 deeenti
1769 1238 1930 1294 cultu
1962 1239 2097 1295 des-

440 1325 793 1398 titutus,qui
824 1325 1223 1398 spiritualium
1241 1330 1408 1399 egeat
1430 1326 1839 1383 alimentorum
1864 1344 1878 1383 :
1910 1333 1967 1383 et
1995 1328 2096 1400 qui

441 1423 503 1480 in
534 1424 709 1479 domo
731 1440 860 1494 sua,
893 1423 1004 1479 hoc
1035 1428 1141 1491 est,
1174 1425 1235 1480 in
1268 1441 1479 1481 arcano
1510 1425 1705 1481 cordis
1738 1425 1831 1482 sui
1860 1443 2096 1484 secessu

439 1528 655 1586 panem
685 1528 889 1568 verum
920 1529 987 1568 ac
1035 1512 1324 1569 viventem
1364 1530 1736 1587 nequaquam
1768 1515 1960 1586 habet,
1994 1518 2096 1588 qui

437 1600 629 1674 possit
645 1617 745 1657 cor
772 1600 1034 1657 hominis
1052 1602 1399 1659 confirmare
1420 1604 1487 1658 “.
1502 1603 1670 1660 Nunc
1700 1608 1897 1661 autem
1916 1605 2093 1662 timeo

437 1706 535 1760 ne,
568 1693 631 1745 ut
660 1688 799 1745 olim
831 1689 894 1746 in
922 1689 1162 1748 Judaica
1221 1692 1511 1749 seditione
1539 1697 1707 1749 erant
1737 1693 1837 1766 qui
1867 1695 2093 1768 seipsos

439 1778 867 1836 arbitrarentur
893 1779 1189 1853 indignos,
1223 1781 1321 1853 qui
1383 1781 1607 1839 caeteris
1637 1785 2091 1856 praeficerentur,
2124 1818 2172 1884 B

441 1869 642 1936 utpote
671 1882 789 1921 suae
850 1865 1113 1937 ipsorum
1169 1869 1536 1940 paupertatis
1583 1870 1823 1940 conscii,
1856 1872 1937 1927 ita
1990 1872 2096 1928 hoc

439 1953 833 2027 temporesint
857 1955 1149 2025 nonnulli,
1174 1957 1276 2030 qui
1294 1957 1429 2013 licet
1451 1958 1745 2016 Christum
1769 1965 1826 2015 et
1849 1960 2095 2017 misera-

440 2043 621 2101 tionis
644 2043 865 2100 viscera
880 2046 1030 2102 451
1058 2046 1247 2101 induti
1271 2064 1388 2103 non
1421 2047 1562 2115 sint,
1586 2050 1914 2105 secundum
1944 2052 2094 2122 Apo-

438 2132 626 2189 tolum
652 2133 716 2201 ¹²,
747 2133 797 2189 si
830 2134 966 2206 quis
986 2138 1180 2191 tamen
1208 2151 1307 2191 eos
1333 2142 1691 2208 promoveat,
1722 2156 1835 2199 non
1868 2143 2095 2195 contra-

442 2221 667 2279 dicant:
688 2227 743 2278 et
773 2222 823 2278 si
844 2229 1179 2295 promoveat
1200 2241 1394 2292 nemo,
1413 2225 1653 2297 plurimi
1670 2244 1733 2282 se
1762 2227 1959 2282 intrud
1971 2232 2092 2283 unt.

442 2312 589 2368 Nam
622 2313 1019 2385 principatum
1039 2315 1309 2369 ambiunt
1331 2332 1444 2370 non
1475 2317 1665 2387 pauci,
1698 2334 1807 2372 sua
1832 2316 2096 2389 ipsorum

441 2417 621 2475 opera
650 2401 854 2471 creati,
876 2408 1224 2475 praesentem
1247 2404 1657 2462 claritudinem
1689 2411 2096 2463 consectantes

438 2487 711 2546 futurum
741 2507 877 2548 vero
926 2491 1223 2563 judicium
1282 2510 1653 2566 nequaquam
1689 2495 2095 2567 praevidentes.

436 2578 615 2651 Atqui
652 2596 767 2636 non
817 2580 1112 2652 ejusmodi
1160 2580 1271 2638 fuit
1318 2582 1566 2655 Moyses,
1601 2585 1702 2640 sed
1734 2586 1793 2640 in
1825 2585 2097 2640 omnibus

437 2667 719 2725 obediens
751 2686 817 2725 ac
847 2669 1195 2742 morigerus,
1229 2673 1465 2743 quando
1498 2673 1569 2728 ad
1602 2673 1887 2746 populum
1909 2674 2099 2730 mitte-

436 2755 631 2825 batur,
664 2756 890 2814 aiebat:
940 2758 1188 2827 Obsecro,
1236 2762 1484 2832 Domine,
1531 2764 1675 2833 elige
1723 2764 1898 2818 alium
1935 2779 2098 2835 quem

436 2846 707 2902 mittes“.
737 2846 821 2902 Ex
856 2864 971 2919 quo
1005 2849 1220 2904 factum
1253 2854 1344 2905 est
1371 2854 1434 2905 ut
1469 2851 1617 2906 Deus
1639 2851 1830 2923 ipsum
1864 2858 2098 2925 urgeret

441 2936 609 3007 quasi
642 2936 1026 3010 pertinacius,
1061 2944 1261 3009 utpote
1310 2938 1408 3010 qui
1440 2939 1549 2995 hac
1571 2940 1698 3012 ipsa
1729 2941 2097 2997 recusatione

443 3029 500 3081 et
529 3041 647 3080 suae
678 3025 1043 3081 inﬁrmitatis
1074 3028 1436 3083 confessione
1467 3046 1529 3084 se
1571 3028 1826 3101 primatu
1849 3029 2094 3102 dignum

446 3114 798 3170 ostenderet.
833 3118 1196 3188 QuaprOpter
1226 3117 1456 3189 egregia
1485 3122 1575 3173 est
1604 3118 1927 3175 admonitio
1958 3118 2089 3174 illa:

2215 520 2290 593 μὴ
2323 520 2413 575 τὸν
2446 515 2589 590 ἄξιον
2622 520 2910 595 αἱρεῖσθαι,
2970 515 3117 575 ἀλλὰ
3144 518 3235 574 τὸν
3278 520 3430 593 αὖτῷ
3463 518 3687 576 οίκεῖονσ
3724 517 3871 595 μηδὲ

2208 609 2299 664 τὸν
2352 607 2541 678 σώζειν
2603 607 2918 682 δυνάμενον,
2962 604 3112 663 ἀλλά
3165 607 3256 663 τὸν
3311 609 3450 665 κατὰ
3505 609 3663 685 γένος
3717 608 3868 683 αὖτῷ

2211 695 2555 774 διαφέροντα.
2640 696 3001 773 Ἐπιλήψεται
3081 696 3205 774 γὰρ,
3290 696 3493 776 φησίν,
3584 696 3869 776 ἄνθρωπος

2208 791 2304 841 τοῦ
2363 784 2601 864 ἀδελφοῦ
2657 784 2842 855 αὐτοῦ,
2898 786 2989 841 καὶ
3040 790 3138 841 τοῦ
3197 785 3406 842 οἰκείου
3434 791 3531 842 τοῦ
3587 789 3702 861 (14)
3761 808 3870 843 πα-

2208 876 2336 954 τρὸς
2393 875 2578 934 αὐτοῦ.
2637 878 2807 949 Ὅπερ
2848 875 3008 946 ἀπείη
3068 873 3120 930 ἐν
3180 880 3299 938 ταῖς
3351 881 3457 931 τῶν
3514 875 3863 947 Ἐκκλησιῶν

2207 965 2560 1042 προστασίαις
2618 965 2883 1042 γενέσθαι,
2939 964 3078 1020 ὥστε
3133 965 3224 1020 τὸν
3275 964 3517 1041 τυχόντα
3547 970 3644 1020 τοῦ
3671 966 3870 1042 τυχόν-

2206 1078 2299 1118 τος
2375 1050 2859 1129 ἐπιλαμϐάνεσθαι,
2938 1055 3029 1110 καὶ
3108 1055 3200 1111 τὸν
3258 1055 3567 1133 ἀποροῦντα
3619 1061 3869 1133 γαμικῶν

2209 1142 2543 1219 ἐνδυμάτων,
2592 1144 2682 1200 καὶ
2730 1146 2940 1219 κόσμου
2987 1149 3086 1201 τοῦ
3114 1146 3423 1220 πρέποντος
3482 1144 3867 1223 ἐστερημένον,

2206 1233 2563 1311 πτωχεύοντα
2607 1234 2915 1310 βρωμάτων
2964 1238 3366 1308 πνευματικῶν,
3413 1234 3502 1290 καὶ
3535 1234 3634 1290 οὐκ
3663 1230 3869 1311 ἔχοντα

2208 1322 2258 1378 ἐν
2315 1325 2384 1397 τῇ
2417 1322 2563 1395 οἰκίᾳ
2590 1323 2776 1392 αὐτοῦ,
2808 1322 3083 1379 τουτέστιν
3115 1323 3168 1379 ἐν
3198 1328 3277 1398 τῷ
3321 1328 3551 1401 κρυπτῷ
3592 1331 3693 1395 τῆς
3735 1324 3868 1402 κάρη

2207 1409 2325 1475 δίας
2382 1411 2567 1485 αὐτοῦ,
2625 1409 2790 1490 ἄρτου
2848 1411 3107 1485 ἀληθινὸν
3164 1412 3254 1469 καὶ
3310 1418 3505 1484 ζῶντα,
3563 1411 3866 1488 δυνάμενον

2205 1501 2476 1578 στηρίζειν
2531 1502 2631 1572 τὴν
2664 1499 2888 1578 καρδίαν
2948 1501 3260 1580 ἀνθρώπου.
3315 1504 3425 1560 Νῦν
3460 1500 3517 1559 δὲ
3556 1498 3865 1583 φοϐοῦμαι,

2207 1593 2283 1665 μὴ
2334 1590 2386 1647 ἐν
2448 1592 2542 1665 μὲν
2598 1594 2667 1666 τῇ
2725 1589 3005 1667 Ἰουδαϊκῇ
3060 1591 3239 1648 στάσει
3298 1593 3433 1663 ἦσάν
3490 1604 3633 1656 τινες
3666 1594 3723 1648 οἱ
3767 1593 3864 1649 ἇν-

2203 1679 2383 1752 αξίους
2412 1678 2635 1745 tatu-robe;
2662 1685 2760 1737 τοῦ
2790 1678 2987 1757 ἑτέρων
3043 1679 3233 1758 ἄρχειν
3283 1680 3607 1759 ἡγούμενοι,
3641 1678 3732 1738 διὰ
3758 1683 3864 1753 τήν

2202 1768 2544 1841 συναίσθησιν
2624 1775 2725 1840 τῆς
2803 1767 3221 1847 ἐνυπαρχούσης
3295 1771 3482 1834 αὐτοῖς
3556 1767 3863 1848 πτωχείας·

2203 1858 2291 1915 ἐπὶ
2333 1856 2391 1914 δὲ
2419 1860 2526 1913 τῶν
2558 1859 2865 1936 παρόντων,
2912 1857 3010 1915 κᾶν
3067 1861 3144 1935 μή
3192 1859 3294 1915 ὧσί
3342 1881 3482 1923 τινες
3512 1857 3863 1934 ἐνδεδυμένοι

2204 1949 2457 2025 Χριστὸν,
2514 1946 2655 2023 μηδὲ
2683 1946 2970 2024 σπλάγχνα
3019 1948 3332 2027 οἰκτιρμοῦ,
3380 1949 3515 2006 κατᾶ
3542 1951 3634 2005 τὸν
3684 1950 3862 2007 Ἀπό-

2202 2038 2420 2107 στολον,
2477 2036 2572 2093 κᾶν
2625 2040 2737 2112 (l5)
2798 2033 3125 2109 ἐπιλάϐηταί
3180 2061 3283 2111 τις,
3337 2038 3437 2095 οὐκ
3483 2039 3860 2114 ἀντιλέγουσι,

2202 2124 2298 2181 κᾶν
2333 2129 2408 2200 μὴ
2464 2121 2812 2199 ἐπιλάϐηται,
2866 2126 3215 2183 εἷσωθοῦνται
3247 2126 3474 2199 πολλοὶ,
3510 2126 3860 2206 σπουδαρχαι

2205 2213 2263 2270 δὲ
2322 2212 2523 2271 πολλοὶ
2551 2218 2663 2291 (16)
2691 2216 3229 2292 αὐτοχειροτόνητοι,
3261 2218 3362 2287 τήτ
3403 2221 3678 2293 παροῦσαν
3711 2217 3860 2292 λαμ-

2204 2305 2450 2376 πρότητα
2505 2303 2794 2368 διώκοντες
2823 2347 2841 2380 ,
2892 2307 2992 2375 τήν
3053 2303 3111 2361 δὲ
3169 2304 3477 2380 μέλλουσαν
3536 2304 3712 2382 κρίσιν
3777 2309 3860 2380 μὴ

2204 2397 2609 2472 προορώμενοι.
2671 2396 2830 2454 Ἀλλ’
2896 2397 2964 2453 οὐ
3023 2400 3266 2470 Μωϋσῆς
3312 2403 3580 2464 τοιοῦτος’
3641 2398 3770 2456 ἀλλ’
3831 2401 3862 2455 ὁ

2205 2488 2373 2544 πάντα
2434 2488 2688 2558 εὐπειθὴς
2716 2490 2805 2544 καὶ
2848 2487 3098 2562 εὐήκοος,
3157 2489 3239 2545 ὅτι
3299 2488 3662 2547 ἀπεστέλλετο
3719 2491 3866 2567 πρὸς

2204 2577 2294 2633 τὸν
2350 2574 2500 2632 λαόν’
2557 2579 2782 2652 Δὲομαι,
2841 2578 2996 2657 φησὶ,
3051 2577 3238 2657 Κύρέε,
3297 2579 3647 2656 προχείρισαι
3676 2577 3863 2636 ἄλλον

2206 2665 2263 2721 δν
2319 2665 2659 2729 ἀποστελεῖς.
2695 2667 2771 2720 Δι’
2830 2666 2859 2721 ’ὀ
2914 2667 3001 2722 καὶ
3065 2645 3230 2722 οἱοῖεὶ
3263 2662 3698 2747 φιλονεικότερον
3731 2668 3862 2724 ἀντ-

2206 2756 2421 2831 έχεσθαι
2482 2755 2647 2812 αὐτοῦ
2698 2755 2789 2811 τὸν
2837 2756 2966 2811 Θεὸν
3011 2756 3391 2813 κατεσκεύασεν
3438 2759 3550 2833 (17)
3600 2756 3736 2832 αὐτῇ
3786 2760 3863 2832 τῇ

2205 2847 2528 2921 παραιτήσει
2581 2844 2670 2900 καὶ
2716 2848 2785 2919 τῇ
2834 2844 3113 2922 ὁμολογίᾳ
3156 2852 3258 2916 τῆς
3300 2846 3571 2909 ἀσθενείας
3601 2846 3664 2901 τὸ
3704 2845 3863 2916 ἄξιος

2206 2935 2337 2989 εἶναι
2388 2938 2485 2989 τοῦ
2514 2934 2837 3009 προεστάναι
2870 2930 3102 2997 δεικνύς.
3136 2934 3227 2990 Διὸ
3258 2934 3443 3000 καλῶς
3469 2932 3586 3012 ἔχει
3617 2935 3679 2990 τὸ
3709 2955 3861 3012 παρ-

2205 3021 2474 3097 άγγελμα·
2563 3023 2658 3091 Μὴ
2736 3024 2846 3097 (18)
2929 3025 3075 3094 ζήτει
3153 3024 3399 3099 γενέσθαι
3468 3024 3682 3101 κριτὴς,
3744 3026 3860 3098 μή·

2203 3132 2321 3175 πως
2371 3112 2470 3167 οὐκ
2527 3112 2769 3187 ἰσχύσεις
2815 3111 2995 3188 ἐξᾶραι
3042 3109 3293 3177 ἀδικίας.
3356 3113 3418 3171 Ὁ
3476 3111 3659 3187 μέντοι
3716 3133 3862 3189 προ-

446 3202 528 3257 Ne
558 3218 775 3274 quaeras
793 3204 919 3285 fieri
937 3204 1112 3275 judex
1138 3221 1208 3260 ne
1233 3208 1373 3276 forte
1400 3223 1515 3261 non
1539 3210 1714 3278 possis
1733 3211 1957 3280 auferre
1985 3209 2092 3264 ini-

2206 3200 2431 3279 φητικὸς
2490 3199 2658 3276 λόγος
2686 3202 2787 3271 τὴν
2818 3200 3141 3276 παραίτησιν
3173 3206 3280 3258 τῶν
3314 3196 3623 3277 ἑλκομένων
3657 3200 3858 3279 ἄρχειν

451 3290 681 3363 quitates
711 3292 774 3346 ³⁸.
806 3294 1077 3347 Attamen
1109 3294 1532 3350 recusationem
1561 3311 1783 3363 eorum,
1818 3297 1917 3368 qui
1951 3314 1982 3352 a
2015 3313 2102 3353 se-

447 3376 678 3435 ditiosis
699 3380 772 3435 ad
804 3380 1210 3451 excipiendum
1244 3382 1638 3454 principatum
1670 3384 2095 3456 compelleban-

443 3470 563 3534 tur,
594 3466 927 3539 generalem
978 3485 1092 3524 non
1124 3468 1305 3525 fuisse
1336 3470 1592 3526 declarat
1623 3489 1814 3528 sermo
1844 3474 2092 3546 praphe-

440 3554 615 3611 ticus.
647 3560 775 3611 Non
806 3558 959 3612 enim
1005 3556 1349 3629 sirrpliciler
1369 3559 1486 3615 ait:
1518 3561 1635 3617 Non
1664 3577 1759 3617 ero
1786 3563 2042 3634 princeps
2075 3582 2088 3633 ;

438 3644 541 3701 sed
573 3661 707 3701 cum
739 3645 1086 3717 adjectione,
1110 3650 1236 3703 Non
1266 3663 1358 3704 ero
1394 3649 1651 3720 princeps
1681 3654 1872 3723 populi
1890 3650 2053 3724 hujus
2071 3674 2093 3724 ,-

435 3737 614 3806 atque
646 3751 886 3791 causam
919 3734 1244 3807 subjuuxit.

502 3823 625 3879 113.
658 3827 835 3879 Vsas.
866 3824 921 3896 8,
952 3826 1006 3880 9.
1042 3828 1198 3898 Quia
1256 3827 1530 3885 dissoluta
1576 3833 1657 3885 est
1683 3832 2005 3900 Jerusalem,
2037 3848 2089 3904 et

427 3911 621 3970 Iudaea
649 3913 884 3969 concidit
916 3921 967 3969 et
1017 3917 1231 3986 linguae
1267 3931 1453 3972 eorum
1499 3933 1619 3973 cum
1676 3920 1971 3992 iniquitate
1998 3922 2085 3977 his

427 4016 554 4075 qum
581 4002 803 4058 Domini
827 4011 976 4072 sunt,
1000 4020 1109 4060 non
1142 4005 1528 4077 obtemperant.
1550 4007 1875 4064 Jerusalem
1900 4009 2078 4078 enim,

430 4108 557 4163 quis
581 4090 866 4148 hactenus
887 4110 989 4164 per
1017 4093 1248 4150 Domini
1270 4112 1511 4149 manum
1542 4096 1731 4152 fuerat
1759 4099 2079 4153 concordia:

429 4168 661 4235 vinculo
693 4179 983 4252 colligata,
1018 4198 1172 4236 nunc
1220 4182 1511 4238 dissoluta
1552 4188 1641 4238 est
1668 4189 1726 4239 et
1756 4186 2079 4257 repudiata.

429 4267 497 4321 Et
538 4267 736 4324 Iudaea
763 4268 1021 4334 concidit,
1057 4269 1365 4325 subductis
1415 4273 1543 4340 ejus
1584 4270 1964 4328 fulcimentis.
2000 4280 2082 4330 Ac

431 4344 794 4402 calamitates
824 4347 1059 4417 quidem
1089 4365 1282 4405 nonne
1314 4350 1460 4406 tales
1492 4351 1666 4406 sunt?
1687 4352 1820 4415 Quae
1850 4372 1982 4411 vero
2001 4356 2082 4411 di-

427 4433 670 4507 ligentia
700 4435 771 4491 ab
816 4436 900 4491 eis
944 4435 1209 4492 adhibita
1255 4444 1345 4492 cst
1395 4439 1464 4493 ad
1495 4455 1559 4495 se
1609 4442 1935 4499 reddendos
1963 4444 2079 4502 Deo

424 4529 647 4596 gratos,
677 4530 734 4580 et
764 4525 917 4596 quod
951 4525 1214 4581 studium
1250 4528 1318 4582 ad
1357 4528 1761 4599 pmnitentiam
1792 4534 2077 4604 agendam

425 4616 729 4668 ostensum
762 4618 871 4685 est,
908 4617 970 4668 ut
1017 4613 1152 4669 inde
1184 4615 1490 4687 effulgeret
1533 4635 1667 4690 spes
1699 4620 1875 4676 ﬁnem
1906 4622 2079 4679 malis

424 4702 734 4759 intentatis
767 4700 1110 4775 impositum
1144 4702 1258 4757 iri?
1286 4705 1459 4777 Atqui
1496 4709 1726 4778 Linguae
1752 4725 1939 4767 eorum
1970 4712 2076 4768 his.

422 4808 540 4864 qua
577 4793 797 4851 Domini
834 4800 980 4861 sunt,
1011 4809 1123 4851 non
1162 4795 1553 4877 obtemperant,
1586 4801 2072 4874 necinoebsquen-

2212 3289 2315 3344 ὑπὸ
2343 3294 2451 3344 τῶν
2480 3290 2875 3359 στασιαζόντων
2910 3291 2974 3346 οὐ
3023 3292 3261 3346 καθόλου
3319 3290 3451 3369 φησὶ
3501 3297 3859 3367 γεγενῆσθαι.

2206 3375 2282 3434 Οὐ
2312 3378 2413 3452 γὰρ
2447 3378 2586 3432 εἶπεν
2620 3375 2830 3446 ἁπλῶς,
2858 3379 2978 3437 Οὔκ
3007 3374 3202 3453 ἔσομαι
3235 3381 3501 3458 ἀρχηγὸς,
3536 3377 3682 3436 ἀλλὰ
3714 3382 3865 3454 μετᾶ

2202 3467 2542 3542 προσθήκης,
2574 3465 2689 3524 Οὔκ
2716 3465 2909 3542 ἔσομαι
2941 3469 3190 3546 ἀρχηγὸς
3220 3473 3316 3525 τοῦ
3348 3468 3484 3525 λαοῦ
3508 3470 3725 3526 τοῦτον
3760 3471 3860 3526 καὶ

2199 3556 2297 3625 τήν
2330 3554 2505 3611 αῗτίαν
2539 3555 2828 3633 ἐπήγαγεν.

2268 3826 2390 3881 113.
2470 3825 2593 3883 Ὃτι
2680 3824 2878 3880 ἀνεῖται
2963 3823 3335 3903 Ἱερουσαλήν,
3413 3827 3501 3884 καὶ
3590 3829 3625 3898 ἡ
3706 3828 3854 3886 Ἰου-

2194 3909 2317 3967 δαία
2374 3913 2757 3987 συμπέπτωκε,
2809 3913 2901 3968 καὶ
2933 3914 2986 3968 αἱ
3024 3911 3271 3989 γλῶσσαι
3313 3914 3489 3971 αὐτῶν
3537 3919 3674 3991 μετὰ
3726 3920 3853 3995 (19)

2191 4002 2419 4076 ἀνομίας
2460 4003 2528 4058 τὰ
2584 4003 2721 4077 πρὸς
2783 4001 2986 4078 Κύριον
3046 4003 3377 4064 ἀπειθοῦσιν,
3440 4006 3505 4062 Ἡ
3552 4006 3656 4083 γὰρ
3707 4008 3856 4072 τὲως

2194 4097 2528 4167 συνεχομένη
2573 4091 2677 4146 ὑπὸ
2716 4098 2816 4161 τῆς
2858 4092 3043 4168 χειρὸς
3073 4094 3185 4166 (20)
3242 4097 3339 4148 τοῦ
3394 4092 3595 4169 Κυρίου
3648 4096 3858 4172 Ἰερου-

2192 4178 2383 4253 σαλὴμ
2440 4184 2519 4253 τῷ
2586 4177 2771 4254 δεσμῷ
2825 4186 2925 4249 τῆς
2983 4181 3287 4260 συναφείας,
3344 4181 3548 4238 ἀνεῖται
3595 4188 3686 4240 νῦν
3752 4188 3856 4242 καὶ

2191 4264 2540 4340 ἐκϐέϐληται.
2601 4269 2698 4324 Καὶ
2748 4271 2781 4338 ἡ
2840 4266 3078 4325 Ἰουδαία
3123 4271 3508 4344 συμπέπτωκε,
3540 4277 3648 4327 τῶν
3710 4294 3858 4342 erm-

2189 4358 2464 4432 ριγμάτων
2524 4356 2692 4427 αὐτῆς
2752 4359 3167 4436 ὑφαιρεθέντων.
3226 4360 3323 4415 Καὶ
3400 4360 3528 4438 ούχῖ
3603 4362 3669 4417 τά
3749 4365 3861 4438 μὲν

2186 4445 2331 4516 πάθη
2389 4450 2650 4501 τοιαῦται
2727 4445 3015 4520 ἐπιμέλεια
3076 4444 3134 4502 δὶ
3190 4448 3273 4511 τίς
3327 4452 3425 4504 τοῦ
3478 4449 3857 4524 εὐαρεστῆσαι

2187 4540 2325 4608 Θεῷ,
2373 4534 2465 4590 καὶ
2523 4532 2732 4605 σπουδὴ
2788 4535 2865 4598 εἷς
2924 4536 3232 4609 μετάνοιαν,
3287 4535 3424 4593 ὥστε
3479 4536 3723 4603 ἐντεῦθεν
3756 4539 3860 4598 ἰλ-

2186 4621 2317 4678 πίδα
2349 4622 2483 4679 εἶναι
2513 4635 2880 4693 παυθησεσθαι
2908 4624 2975 4680 τὰ
3006 4622 3191 4695 δεινάς
3247 4623 3407 4682 Ἀλλ’
3462 4627 3534 4682 Αἱ
3584 4625 3853 4702 γλῶσσαι

2186 4712 2361 4768 αὐτῶν
2418 4714 2486 4768 τὰ
2539 4714 2676 4788 πρὸς
2732 4713 2927 4788 Κύριον
2986 4713 3319 4783 ἀπειθοῦσιν,
3373 4714 3465 4770 καὶ
3508 4713 3617 4793 οὔχ
3642 4717 3854 4783 ἁπλῶς

2187 4802 2520 4875 ἀπειθοῦσιν,
2581 4799 2728 4858 ἀλλά
2787 4802 2922 4877 μετά
2944 4801 3194 4878 ἀνομίας·
3230 4803 3328 4875 ὡς,
3362 4800 3451 4860 διὰ
3476 4804 3541 4860 τὸ
3568 4807 3671 4877 τὴν
3703 4829 3856 4885 καρ-

493 4965 539 5003 ίι
568 4963 724 5022 Psal.
757 4980 877 5037 cm,
914 4965 1002 5020 15.
1082 4966 1127 5002 ¹²
1152 4966 1376 5024 Coloss.
1412 4985 1496 5038 1n,
1532 4971 1618 5039 12,
1699 4972 1742 5007 ¹³
1773 4975 1949 5030 Exod.
1982 4990 2059 5046 ιν,
2103 5004 2107 5013 ε

2270 4976 2317 5011 η
2341 4975 2513 5032 Eccli.
2545 4992 2644 5045 vn,
2674 4977 2730 5033 6.

490 5137 605 5212 (13)
656 5138 739 5195 Ita
803 5154 947 5195 mss.
1003 5155 1229 5196 omnes.
1280 5141 1455 5208 Editi,
1485 5142 1581 5195 τοῦ
1628 5142 2071 5221 προστνγχάνον·

416 5223 508 5268 τος
523 5250 535 5268 ι

630 5280 801 5355 Εᾲὶῐί,
854 5275 1077 5336 οἰκείου.
1106 5286 1178 5355 At
1229 5298 1377 5355 mss.
1424 5282 1672 5355 aliquot,
1718 5283 1920 5342 οἰκείου
1947 5292 2066 5346 τοῦ.

629 5352 807 5428 Libri_
832 5350 1482 5428 νοίθΡοΒηβΑπόστολον,
1523 5350 1667 5413 ὂιιὶἱν.⁷
1707 5360 1878 5428 Editi,
1909 5360 2067 5417 Ἀπό-

416 5417 634 5497 στολοίν,
650 5417 1004 5497 ἐνδεδυμένοι,
1036 5417 1154 5481 κᾶν.

486 5495 596 5568 (16)
648 5494 825 5568 Εᾴἱμῐὶ,
854 5492 1226 5568 ἐἰσωροῦνταᾲι
1272 5492 1499 5568 πολλοὶ,
1537 5498 1649 5568 ,καὶ
1702 5498 1800 5557 οὐκ
1852 5500 2062 5559 ἀντιλέ-

413 5563 831 5644 γουσιλπολλόὶ
886 5563 1303 5644 σπουδαρχίδαι,
1337 5563 1563 5644 πολλοί,
1591 5571 1748 5643 haud
1780 5582 1955 5636 recte.
1987 5581 2063 5634 At

412 5639 577 5705 hunc
605 5639 801 5701 locum
830 5656 862 5699 ο
899 5657 1037 5700 mss.
1069 5639 1534 5702 e’m'endavimus.

2254 5148 2364 5225 (Π)
2391 5150 2602 5225 Itasex
2629 5146 2767 5225 libri
2784 5152 3026 5205 veteres.
3046 5148 3196 5225 _E_diti
3225 5164 3382 5219 vero,
3413 5152 3857 5225 παρεσκεύασεν,

2249 5220 2363 5293 (18)
2395 5219 2564 5298 Editi,
2596 5219 2658 5298 τὸ
2691 5220 2789 5290 μή.
2811 5225 2980 5277 Deest
2995 5219 3057 5274 τό
3075 5221 3136 5277 in
3167 5237 3313 5279 mss.
3342 5219 3550 5280 Statim
3578 5232 3863 5298 quatuor

2178 5288 2354 5366 ωέβεςῗ
2373 5291 2474 5366 ο-ὖκ
2496 5288 2744 5366 lanians-

2247 5364 2359 5436 (19)
2392 5363 2455 5420 In
2485 5360 2796 5448 edi'tis’pro
2840 5360 2988 5446 (uti.
3017 5361 3233 5448 legitur
3257 5362 3475 5448 μεσταί,
3507 5382 3625 5423 non
3657 5367 3869 5448 libra-

2174 5433 2398 5521 riorum
2429 5435 2668 5521 quidem
2689 5433 2858 5505 'vitio,
2891 5434 2992 5508 qui
3030 5433 3340 5510 diligenter
3359 5438 3649 5511 scripsere
3670 5445 3861 5521 μετά,

2172 5507 2273 5563 sed
2306 5506 2826 5579 typograpborum.

2241 5525 2273 5561 α
2306 5525 2330 5562 ι
2372 5525 2442 5579 ρο
2487 5525 2826 5579 rapnorum.

2241 5525 2792 5658 (20)_[_._igri_al_iquot
2839 5581 3083 5658 veteres,
3112 5581 3222 5636 τῶν
3250 5582 3478 5658 χειρῶν.
3510 5580 3649 5642 Mox
3676 5600 3863 5649 mna.

2168 5648 2462 5725 nonnulli,
2496 5648 3105 5735 αὗτῆξάφαιοεθᾶντων.
