4130 6210
238 376 337 439 301
1040 357 1447 443 COMMENT.
1499 373 1571 435 IN
1620 373 1889 435 lSAlAM
1937 370 2442 435 PltOPHETAM.
2487 375 2659 436 CAP.
2708 376 2809 447 ιη.

3514 390 3630 452 302

236 506 341 563 δίαν
391 504 806 583 ἠλλοτριῶσθαι
867 507 970 563 ἀπὸ
1029 512 1186 576 Θεοῦ,
1226 506 1315 563 καὶ
1348 505 1710 562 ἀνυπότακτον
1739 504 1850 559 sive

1988 511 2071 562 (es
2098 515 2229 561 sunt
2250 504 2616 579 simpliciter,
2640 509 2741 565 sed
2764 526 2887 566 cum
2917 513 3233 586 iniquitate.
3258 515 3403 573 Nam
3434 518 3636 593 lingua

234 599 321 652 τοῦ
351 598 496 662 θείου
527 597 725 671 νόμου,
776 604 881 667 τῆς
907 598 1167 672 γλώσσης
1209 596 1409 668 αὐτῶν,
1466 593 1583 651 δέον
1644 592 1871 669 μελετᾷν

233 687 413 749 νυκτὸς
458 686 550 741 καὶ
597 686 813 761 ἡμέρας
867 687 961 743 τὸν
1018 685 1187 760 νόμον
1220 686 1447 763 Κυρίου,
1482 683 1871 759 ἀντιλιγούσης

232 775 315 830 καὶ
342 774 691 847 ἇπειθούσης.
747 774 903 838 Τίνος
959 773 1050 830 οὖν
1110 775 1275 850 ἄρξω,
1336 774 1507 853 φησίς
1541 777 1652 843 Τῆς
1681 774 1876 848 Ἰερου-

435 885 451 935 ;
516 862 703 921 ’Λλλά
758 859 1087 932 ὲκϐἑϐληται
1144 864 1233 919 καὶ
1290 864 1515 919 ἀνεῖται.
1572 866 1680 933 Τῆς
1734 864 1868 920 Ἰου-

395 973 410 1021 ;
483 952 643 1009 Ἀλλ’
724 952 904 1009 οὐκέτι
975 949 1196 1023 ἔστηκεν
1265 952 1399 1027 ὀρθή
1429 973 1442 987 ’
1510 952 1871 1026 συμπέπτωκε

233 1042 347 1118 γάρ.
375 1044 498 1098 Τῶν
534 1040 941 1113 μετανοούντων
976 1067 992 1110 ;
1024 1038 1182 1096 Ἀλλ’
1229 1040 1506 1095 ἀπειθοῦσι
1536 1045 1655 1101 ταῖς
1683 1036 1871 1116 γλώσς-

234 1151 343 1193 σαις
390 1130 589 1187 αὐτῶν.
644 1129 797 1206 Τάχα
826 1128 1005 1185 τοίνυν
1040 1126 1131 1185 διὰ
1159 1131 1258 1199 τὴν
1291 1125 1750 1206 προϋπάρχουσαν
1780 1125 1869 1183 δό-

1985 612 2186 651 eorum
2215 613 2347 651 cum
2374 603 2540 653 nocte
2563 614 2627 654 ac
2648 597 2739 654 die
2770 598 2956 671 legem
2990 601 3224 658 Domini
3258 608 3523 664 meditari
3543 610 3637 665 de-

1983 684 2230 755 buisset,
2260 687 2611 741 contradicit
2633 704 2697 743 ac
2731 689 3241 764 relragatur,quod
3264 693 3582 753 alienatum
3604 716 3640 754 a

1981 773 2098 829 Deo
2118 774 2196 830 sit
2216 791 2316 830 cor
2337 790 2564 843 eorum,
2589 793 2779 849 neque
2810 778 2922 850 legi
2946 780 3154 836 divinae
3180 784 3508 841 subditum.
3533 786 3638 842 Cui

1980 878 2135 934 ergo,
2170 864 2380 936 inquit,
2414 865 2755 937 imperabo?
2786 867 3112 925 Jerusalem
3139 870 3163 925 ?
3192 872 3301 928 Sed
3335 875 3521 945 ejecta
3551 880 3640 933 est

1981 956 2037 1008 et
2066 952 2374 1009 dissoluta.
2410 956 2490 1008 An
2520 953 2779 1009 Judaaae?
2808 956 2916 1012 Sed
2955 975 3067 1013 non
3102 960 3360 1032 amplius
3392 968 3511 1020 stat
3542 981 3635 1021 re-

1980 1045 2108 1096 cta:
2145 1040 2440 1113 siquidem
2481 1042 2742 1116 collapsa
2772 1051 2880 1101 est.
2915 1047 3066 1103 Iisne
3097 1050 3196 1121 qui
3230 1053 3633 1121 paenitentiam

1979 1129 2203 1202 agunt?
2230 1131 2336 1186 Sed
2370 1131 2588 1204 linguis
2622 1133 2746 1189 suis
2779 1135 3094 1207 imperium
3127 1138 3475 1197 detrectant.
3502 1146 3632 1200 For-

233 1223 338 1293 ξαν,
387 1221 579 1294 σεμνὸν
610 1220 673 1275 τὸ
705 1216 894 1295 ἄρχειν
948 1223 1055 1274 τῶν
1090 1217 1377 1275 τοιούτων.
1438 1216 1598 1274 Ἀλλ’
1630 1219 1844 1273 Ἐταπει

1980 1225 2136 1275 tasse
2166 1218 2342 1291 igitur
2371 1221 2444 1276 ob
2475 1223 2788 1294 pristinam
2822 1224 3065 1296 gloriam
3100 1228 3423 1299 gloriosum
3455 1231 3633 1289 fuerit

233 1311 395 1380 νώθη,
455 1310 646 1388 φησὶν,
703 1311 741 1379 ἠ
808 1307 937 1379 δόξα
990 1309 1193 1377 αὐτῶν,
1253 1309 1343 1363 καὶ
1407 1310 1442 1377 ἡ
1488 1305 1720 1383 αἰσχύνη
1771 1307 1853 1361 τοί

1976 1307 2037 1363 in
2067 1308 2173 1364 bos
2205 1310 2515 1381 imperium
2549 1312 2780 1368 habere.
2805 1315 2913 1370 Sed
2948 1319 3259 1373 Humiliala
3287 1325 3386 1385 est,
3410 1319 3626 1393 inquit,

229 1399 517 1473 προσώπου
574 1398 755 1453 αὐτῶν
815 1396 1038 1469 ἀντέστη
1093 1397 1297 1460 αὐτοῖς.
1353 1396 1637 1453 Τουτὲστιν
1668 1441 1683 1462 ,
1742 1393 1853 1450 ούδὲ

1974 1398 2155 1467 gloria
2199 1414 2408 1470 eorum,
2439 1405 2490 1456 et
2532 1403 2780 1473 confusio
2809 1408 2988 1459 vultus
3033 1421 3222 1461 eorum
3268 1411 3478 1465 resistit
3523 1411 3621 1466 eis.

227 1487 489 1564 παρρησία
544 1489 736 1550 αὐτοῖς
764 1487 1035 1543 ἀνανεύειν
1074 1488 1211 1562 πρὸς
1254 1488 1345 1541 τὸν
1374 1486 1523 1559 Θεὸν,
1558 1483 1646 1541 διὰ
1672 1486 1734 1540 τὸ
1764 1485 1853 1554 τὴν

1977 1487 2094 1543 Hoc
2123 1493 2231 1556 est,
2258 1488 2420 1545 nulla
2448 1491 2531 1546 eis
2563 1489 2915 1564 relinquitur
2943 1494 3158 1550 fiducia
3183 1497 3383 1553 oculos
3415 1498 3626 1556 sustol-

228 1578 485 1655 ἁμαρτίαν
520 1580 632 1653 (21)
692 1578 770 1651 μὴ
801 1578 899 1647 τήν
926 1581 1199 1653 τυχοῦσαν
1233 1577 1386 1645 εἶναι,
1412 1574 1559 1631 ἀλλά
1585 1578 1654 1649 τῇ
1687 1571 1853 1630 Σοδο-

1974 1573 2133 1630 tendi
2165 1576 2235 1632 ad
2272 1581 2477 1649 Deum,
2508 1579 2664 1649 quod
2707 1585 3011 1651 peccatum
3041 1599 3243 1640 eorum
3275 1602 3391 1642 non
3422 1589 3626 1659 quale-

231 1672 389 1741 μιτῶν
443 1666 597 1741 ἀξίαν
653 1666 790 1723 εἶναι
847 1662 1336 1744 παραϐάλλεσθαι,
1389 1667 1449 1735 ἣν
1504 1663 1632 1740 οὐχὶ
1689 1662 1853 1739 λάθρα

1974 1679 2207 1737 cunque
2238 1666 2335 1734 sit,
2369 1667 2472 1722 sed
2520 1668 2766 1741 dignum
2798 1672 2953 1741 quoi
2993 1672 3223 1729 crimini
3259 1680 3629 1748 comparetur

226 1754 345 1812 οὐδὲ
366 1754 827 1833 ἑπαισχυνόμενοι
856 1757 1240 1827 πεποιήκασιν,
1272 1753 1401 1810 ἀλλ’
1430 1754 1602 1809 οἱονεὶ
1633 1752 1853 1829 ἐπαγαλ·

1973 1751 2429 1823 Sodomitarum,
2449 1757 2606 1827 quod
2631 1774 2820 1829 neque
2837 1758 3195 1827 clanculum,
3212 1779 3400 1834 neque
3417 1764 3629 1836 pudori

234 1843 445 1919 λόμενοι
672 1849 744 1920 τῇ
803 1844 1026 1921 ἐργασίᾳ
1077 1849 1184 1900 τῶν
1217 1847 1496 1954 πονηρῶν,
1529 1840 1853 1950 ἀνήγγειλαν

1972 1842 2164 1897 sufﬁsi
2198 1843 2512 1900 admisere.
2533 1845 2654 1903 Imo
2687 1846 2857 1918 quasi
2891 1848 2960 1904 de
3005 1848 3244 1923 ﬂagitiis
3276 1853 3629 1926 perpetratis

229 1939 356 1989 πᾶσι
390 1934 479 1991 καὶ
529 1934 862 2013 ἐνεφάνισαν⁸
908 1935 1088 2010 ὥσπερ
1132 1933 1347 2006 ἐκεῖνοι,
1399 1931 1487 1987 ἰπὶ
1534 1933 1630 1996 τὰς
1692 1952 1853 2006 παρα-

1972 1929 2313 2004 gloriantes,
2338 1949 2405 1989 ea
2459 1935 2875 1992 nuntiaverunt
2905 1938 3182 1995 omnibus
3228 1957 3295 1996 ac
3351 1942 3628 2014 prodide-

226 2018 424 2097 νόμους
468 2022 668 2095 ἡδονὰς
701 2026 1003 2101 ὁρμῶντες,
1050 2023 1180 2099 οὐχὶ
1212 2022 1594 2100 ῥήμασινξ(23)
1629 2022 1853 2095 εὐπροσ-

1973 2026 2130 2091 runt,
2163 2022 2404 2093 perinde
2437 2029 2613 2095 atque
2658 2024 2743 2079 illi
2776 2026 2836 2080 in
2868 2027 3322 2086 scelestissimas
3350 2029 3626 2090 libidines

226 2114 394 2175 ώποις
445 2114 547 2183 τήν
594 2112 879 2189 ἀσέλγειαν
949 2111 1365 2170 συνεκάλυπτον.
1418 2115 1530 2167 11οὖ
1585 2113 1687 2188 γάρ
1733 2111 1853 2185 εἶσι⁵

1970 2111 2338 2181 festinantes,
2361 2113 2664 2171 lasciviam
2717 2133 2884 2173 suam
2947 2119 3230 2191 speciosis
3262 2122 3455 2177 verbis
3504 2140 3619 2178 non

224 2203 397 2278 φησὶν,
468 2205 524 2258 οἱ
610 2201 801 2279 ἄνδρες
859 2204 913 2258 οἱ
971 2198 1302 2268 εἰσελθόντες
1355 2201 1501 2278 παρᾶ
1558 2200 1680 2271 σοί;
1740 2201 1853 2272 Ἐξ-

1970 2201 2355 2258 occultarunt.
2394 2204 2493 2261 Ubi
2517 2205 2665 2259 enim
2693 2215 2840 2277 sunt,
2874 2206 3084 2278 inquit,
3116 2210 3231 2265 viri
3259 2213 3355 2282 qui
3386 2213 3622 2280 ingressi

221 2293 375 2367 ἄγαγε
422 2291 621 2353 αὐτοὺς
672 2294 811 2364 πρὸς
858 2293 1032 2365 ἡμᾶς,
1074 2290 1167 2347 ’ίνα
1213 2290 1399 2361 αὐτοῖς
1452 2291 1852 2366 συγγενώμεθα.

1970 2302 2092 2347 sunt
2131 2291 2279 2363 apud
2325 2295 2419 2348 te?
2464 2294 2616 2350 Educ
2664 2294 2789 2351 illos
2835 2295 2905 2351 ad
2952 2313 3069 2365 nos,
3101 2302 3162 2352 ut
3205 2315 3461 2356 coeamus
3489 2317 3614 2357 cum

222 2381 447 2452 ’Βκείνην
483 2381 825 2456 ἐμιμήσαντο
862 2390 961 2451 τὴν
1013 2381 1301 2457 ἁμαρτίαν.
1360 2380 1467 2450 Τὴν
1524 2380 1627 2455 γὰρ
1687 2381 1853 2454 ἀμαρ-

1970 2381 2041 2435 eis
2068 2381 2129 2435 1⁵.
2164 2381 2472 2437 Peccatum
2504 2381 2651 2438 illud
2684 2388 2824 2440 sunt
2853 2384 3088 2442 imitati.
3123 2387 3269 2443 Nam
3308 2395 3610 2461 peccatum

215 2470 325 2527 τίαν
376 2471 581 2541 αὐτῶν,
617 2471 691 2533 ὡς
723 2469 987 2545 Σοδόμων
1013 2473 1151 2547 (24),
1182 2468 1508 2546 ἁνήγγειλαν
1542 2470 1630 2526 καὶ
1679 2469 1853 2547 ἐνεφά-

1970 2486 2161 2537 suum,
2193 2473 2693 2543 quemadmodum
2726 2480 3027 2546 peccatum
3061 2476 3451 2534 Sodomorum
3482 2480 3614 2535 vul-

220 2581 376 2618 νισαν.
405 2565 586 2617 Ταῦτα
647 2561 675 2616 ὁ
733 2559 974 2637 ἆντυχὼν
1034 2564 1104 2628 τῇ
1162 2560 1380 2635 ἱστορίᾳ
1417 2556 1756 2635 διηγουμένη
1787 2559 1853 2613 τὰ

1970 2563 2164 2631 gutum
2199 2560 2411 2630 fuerat,
2444 2561 2860 2634 evulgaverunt
2900 2581 2964 2620 ac
3008 2565 3415 2638 prodiderunt.
3442 2568 3614 2635 Quis-

218 2650 315 2725 πρὸ
357 2657 454 2721 τῆς
498 2656 887 2727 καταστροφῆς
914 2648 1280 2723 Ἰερουσαλὴμ
1306 2648 1473 2720 πάθη,
1504 2651 1602 2718 τῆς
1633 2668 1849 2724 προφη-

1970 2647 2096 2718 quis
2125 2646 2186 2704 in
2219 2648 2527 2705 historiam
2557 2667 2657 2706 eas
2696 2668 2824 2724 qua:
2872 2657 3006 2709 ante
3057 2653 3618 2728 Jerosolymitanum

220 2739 347 2801 τείας
400 2740 460 2796 τὸ
518 2739 745 2816 ἐναργὲς
803 2738 1226 2815 ἐκπλαγήσεται.
1284 2738 1387 2793 Δύο
1443 2736 1626 2793 τοίνυν
1683 2737 1851 2793 αἶ’τίαι

1970 2736 2255 2792 excidium
2289 2738 2634 2795 acciderunt
2664 2740 3035 2797 calamitates
3065 2749 3436 2800 enarrantem
3470 2746 3621 2801 inci-

217 2831 579 2903 παραιτήσεως
638 2828 867 2904 εὐλόγου
893 2833 1001 2884 τῶν
1033 2828 1108 2891 εἷς
1158 2826 1482 2905 προστασίαν
1543 2825 1852 2900 ἑλκομένων

1970 2825 2147 2895 derit,
2206 2826 2560 2883 evidentiam
2626 2829 3230 2902 perspicuitatemque
3297 2832 3619 2904 prophetiae

214 2922 301 2972 τοῦ
340 2918 494 2991 λαοῦ,
555 2922 596 2989 ἡ
630 2918 805 2975 οἰκεία
852 2916 1017 2974 αύτοῦ
1046 2915 1338 2991 ἀδυναμία,
1384 2918 1475 2972 καὶ
1505 2919 1540 2987 ἡ
1570 2921 1677 2971 τῶν
1711 2937 1850 2993 πρα-

1970 2914 2377 2972 admirabitur.
2415 2916 2637 2987 Duplex
2684 2918 2881 2989 itaque
2934 2919 3088 2976 458
3137 2920 3414 2992 speciosae
3462 2920 3626 2978 illius

214 3008 417 3082 γμάτων
445 3006 738 3078 δυσκολία,
800 3004 1215 3084 δυσδιορθώτων
1248 3002 1417 3061 ὄντων
1447 3009 1555 3060 τῶν
1586 3004 1731 3061 λαῶν
1765 3002 1853 3060 διὰ

1970 3003 2400 3060 detrectationis
2432 3004 2580 3060 ratio
2623 3007 2972 3077 suppetebat
3018 3008 3114 3073 iis,
3145 3008 3248 3081 qui
3297 3010 3615 3082 imperium

214 3098 303 3165 τὴν
353 3097 579 3168 πολλὴν
640 3097 801 3173 χύσιν
858 3099 955 3166 τῆς
1014 3096 1298 3173 ἁμαρτίας·
1349 3097 1483 3171 ἅπερ
1514 3094 1793 3173 ἀμφότερα
1822 3096 1850 3150 ὁ

1970 3092 2019 3147 in
2051 3095 2337 3165 populum
2368 3092 2632 3165 accipere
2688 3095 3212 3170 compellabantur,
3244 3100 3482 3172 prepria
3510 3101 3620 3156 im-

216 3187 558 3261 προκείμενος
606 3187 852 3263 περιέχει
894 3184 1083 3260 λόγος’
1114 3185 1237 3261 περὶ
1289 3185 1384 3259 μὲν
1414 3188 1512 3250 τῆς
1554 3181 1693 3248 ἰδίας
1719 3180 1851 3238 ἁδυ-

1970 3181 2269 3250 becillitas,
2321 3198 2387 3239 ac
2434 3183 2697 3240 difﬁcilis
2749 3201 2945 3240 rerum
2995 3192 3209 3258 status,
3243 3191 3617 3263 quandoqui-

212 3276 407 3348 ναμίας,
465 3280 573 3332 τοῦ
627 3277 728 3346 τὴν
785 3276 966 3352 ἀρχὴν
999 3272 1389 3349 ἐξομνυμένου,
1428 3272 1706 3348 λεγοντος·
1740 3271 1853 3330 Ούκ

1970 3271 2092 3327 dem
2126 3271 2378 3344 populus
2406 3272 2500 3328 vix
2531 3273 2602 3328 ad
2637 3273 2864 3346 frugem
2895 3276 3108 3331 bonam
3145 3278 3336 3333 redire
3367 3282 3613 3351 poterat,

210 3358 338 3419 ἔστιν
398 3365 565 3441 ἄρτος
628 3365 681 3421 ἐν
737 3370 819 3437 τῷ
870 3362 1007 3438 θ’ίκῳ
1065 3385 1192 3439 μου,
1253 3360 1379 3419 ούδὶ
1434 3363 1670 3436 ἱμάτιονο
1700 3362 1764 3417 τὸ
1796 3359 1853 3417 δὲ

1970 3362 2033 3416 ob
2065 3360 2382 3433 plurimam
2416 3369 2784 3433 peccatorum
2810 3365 3139 3437 congeriem
3166 3385 3179 3422 :
3204 3368 3357 3438 quod
3392 3373 3617 3425 utrum-
3656 3396 3665 3399 ι

205 3458 289 3507 τοῦ
331 3454 468 3510 λαοῦ
499 3454 747 3523 ἀνίατον,
806 3453 867 3509 ἐκ
916 3458 1013 3509 τοῦ
1069 3455 1258 3510 εἰπεῖν·
1290 3452 1406 3512 Οὐκ
1433 3448 1627 3525 ἔσομαι
1657 3452 1843 3528 ἄρχων

1970 3465 2074 3521 que
2133 3449 2226 3504 hic
2285 3467 2479 3506 sermo
2537 3450 2966 3523 complectitur.
3015 3453 3161 3509 Nam
3221 3456 3322 3526 qui
3382 3461 3617 3514 recusat

204 3545 291 3594 τοῦ
345 3541 481 3598 λαοῦ
536 3542 764 3613 τούτου,
822 3542 905 3598 ὅτι
963 3545 1167 3599 ἀνεῖται
1224 3541 1605 3614 Ἰερουσαλὴμ,
1661 3540 1752 3595 καὶ
1807 3542 1843 3610 ἡ

1970 3537 2380 3611 principatum,
2414 3540 2484 3595 de
2516 3556 2624 3595 sua
2667 3540 2855 3611 ipsius
2900 3541 3244 3599 inﬁrmitate
3272 3545 3414 3601 dicit
3448 3564 3461 3601 :
3493 3550 3618 3604 Non

203 3627 425 3687 Ἰουδαία
484 3632 881 3706 συμπέπτωκε,
938 3632 1028 3688 καὶ
1085 3634 1141 3687 αἱ
1188 3630 1434 3707 γλῶσσαι
1478 3629 1652 3687 αὐτῶν
1717 3629 1850 3703 μετὰ

1970 3637 2034 3685 ειςι
2078 3631 2241 3700 panis
2283 3630 2342 3683 in
2373 3629 2529 3686 domo
2577 3646 2719 3696 mea,
2751 3647 2922 3702 neque
2968 3634 3386 3697 vestimentum;
3416 3634 3618 3707 populi

202 3720 303 3791 (25)
332 3721 569 3793 ἀνομίας
596 3721 665 3775 τὰ
690 3721 828 3795 πρὸς
856 3722 950 3776 τὸν
1011 3720 1211 3796 Κύριον
1242 3720 1542 3777 ἀπειθοῦσι.
1590 3719 1696 3789 Τὴν
1746 3720 1847 3794 γὰρ

1970 3734 2093 3773 vero
2134 3717 2356 3773 malum
2407 3718 2739 3774 insanabile
2793 3721 3069 3788 ostendit,
3104 3722 3245 3777 dum
3280 3723 3423 3780 dicit
3454 3742 3466 3780 :
3498 3724 3615 3782 Non

205 3807 420 3882 ἀνομίαν
481 3809 671 3865 αὐτῶν
699 3809 774 3872 ὠς
830 3807 1094 3883 Σοδόμων
1128 3808 1454 3885 ἁνήγγειλαν
1485 3809 1572 3864 καὶ
1609 3805 1847 3886 ἐνεφάνι-

1970 3823 2054 3863 ero
2082 3808 2344 3879 princeps
2370 3808 2564 3879 populi
2604 3808 2790 3881 hujus,
2823 3812 2953 3881 quia
2994 3811 3264 3868 dissoluta
3293 3822 3373 3868 est
3399 3816 3618 3870 Jerusa-

200 3917 305 3953 σαν.
337 3896 478 3956 Οὐδὲ
507 3898 620 3975 γὰρ
652 3895 961 3972 Σοδομίτας
990 3899 1066 3962 εἷς
1095 3895 1154 3953 ἃν
1184 3897 1390 3975 ἐγένετο
1422 3894 1644 3959 δυνατὸς
1693 3916 1846 3971 περι-

1970 3896 2084 3967 ἷειη,
2111 3904 2162 3951 et
2188 3897 2382 3953 Iudaea
2415 3897 2688 3960 concidit;
2719 3902 2771 3954 et
2801 3900 3003 3971 linguae
3031 3917 3225 3957 eorum
3253 3919 3379 3957 eum
3411 3904 3615 3975 iniqui-

203 3986 485 4057 σώσασθαι,
520 3987 657 4043 ἀλλ’
687 3986 918 4063 ἔχρῃζον
955 3985 1179 4043 δικαίων
1213 3984 1340 4043 δέκα
1365 3988 1429 4042 τὸ
1458 3989 1570 4061 (26)
1616 3983 1846 4059 ἐλάχισ-

1970 3991 2069 4042 fate
2099 3985 2190 4041 his
2221 4002 2342 4057 quae
2372 3987 2595 4042 Domini
2634 3993 2786 4056 sunt,
2822 4004 2935 4044 non
2976 3990 3365 4062 obtemperant.
3396 3993 3613 4064 Iniqui-

198 4095 301 4146 τον,
322 4083 428 4134 τῶν
462 4076 869 4151 ἐξαιτουμένων
899 4076 1117 4140 αὐτούς.

1970 4079 2124 4132 tatem
2153 4077 2302 4131 enim
2343 4092 2503 4131 suam
2548 4079 2707 4148 quasi
2735 4078 3095 4135 Sodomorum
3140 4079 3502 4152 divulgarunt
3551 4098 3616 4137 ac

195 4168 574 4237 prodiderunt.
609 4168 812 4239 Neque
841 4168 999 4224 enim
1031 4184 1261 4225 servare
1288 4170 1516 4240 poterat
1546 4182 1699 4222 unus
1731 4163 1948 4237 aliquis
1978 4165 2334 4235 Sodomitas,
2370 4166 2473 4222 sed
2504 4166 2702 4223 decem
2733 4167 2941 4225 saltem
2980 4168 3163 4240 justis
3209 4170 3477 4242 egebant,
3511 4173 3612 4242 qui

197 4271 381 4314 eorum
410 4274 664 4332 pennam
691 4258 1166 4330 deprecarentur.

262 4346 380 4403 144.
456 4345 606 4405 Οὐαὶ
683 4348 752 4419 τῇ
819 4348 973 4420 ψυχῇ
1044 4345 1244 4415 αὐτῶν,
1322 4343 1405 4399 ὅτι
1466 4338 1852 4418 βεϐούλευνται

2036 4345 2158 4400 illi.
2191 4344 2368 4400 Vens.
2406 4347 2490 4400 10.
2531 4347 2619 4404 Va?
2658 4348 2876 4404 animae
2925 4363 3132 4417 eorum,
3180 4350 3313 4421 quia
3360 4350 3614 4406 inierunt

204 4431 399 4505 βουλὴν
479 4433 735 4508 πονηρὰν
814 4435 932 4489 καθ’
1011 4434 1245 4503 ἑαυτῶν,
1324 4431 1584 4495 εἰπόντες.
1664 4436 1853 4503 Δήσω-

204 4540 288 4591 μεν
381 4525 476 4580 τὸν
588 4520 826 4595 δίκαιον,
902 4523 985 4578 ὅτι
1062 4519 1411 4600 δύσχρηστος
1494 4524 1632 4596 ἡμῖν
1718 4519 1852 4576 ἐστι.

200 4610 376 4669 Τοίνυν
430 4613 504 4670 τὰ
561 4613 885 4690 γεννήματα
939 4615 1045 4668 τῶν
1105 4610 1275 4689 ἔργων
1333 4611 1513 4667 αὐτῶν
1570 4608 1850 4691 φάγονται.

262 4786 303 4824 ι⁸
328 4786 475 4846 Gen.
506 4804 636 4860 nx,
676 4788 730 4845 5.

260 4940 369 5016 (21)
396 4944 582 5013 Editi,
632 4942 899 5018 ἁμαρτίαν
931 4940 1128 4999 αὐτῶν.
1162 4941 1286 4999 Vox
1335 4937 1510 4995 αὐτῶν
1541 4940 1603 4996 in
1635 4939 1853 4997 nostris

358 5033 475 5072 non
509 5018 832 5088 reperitur.

261 5086 365 5154 (22)
396 5082 654 5144 ναι·ίαῦι
683 5089 839 5145 inter
879 5103 942 5143 se
989 5085 1122 5156 libri
1172 5083 1425 5156 antiqui.
1455 5082 1682 5139 Habent
1712 5086 1850 5156 tres,

203 5149 651 5231 ἰναγαλλόμενοι,
701 5159 803 5217 alii
852 5163 989 5227 tres,
1049 5149 1515 5231 ἔναγαλλιῶμενοι
1565 5149 1851 5212 ειτιςαιιαιιέ

202 5237 289 5282 ιω.

261 5296 1316 5385 ςὲξὶὲεῖε-.ειυεινιιιευ,βήμασιμόνοι-
1394 5372 1429 5385 ἢ
1475 5363 1531 5385 .,

265 5363 575 5447 Edita:
598 5363 683 5429 'et
743 5363 998 5447 qualilo'r
1053 5363 1222 5443 mss,
1255 5368 1363 5447 ὡς.-
1393 5363 1679 5447 Σοδόμων.
1741 5368 1853 5424 Alii

203 5440 327 5509 duo,
359 5443 435 5517 ᾡς
465 5441 722 5514 Σόδομα.
760 5440 1083 5517 'Aliquanto
1114 5440 1245 5515 post
1274 5442 1415 5517 editi
1448 5447 1506 5517 et
1531 5458 1682 5517 unus
1715 5457 1849 5510 ms.,

205 5510 702 5591 καταπλαγήσεται.
728 5518 843 5591 Alii
872 5510 1132 5591 quinque
1164 5531 1331 5591 9158.,
1358 5510 1780 5591 ἐκπλαγήσεται.

267 5588 373 5658 (25)
402 5586 541 5645 Jam
576 5586 920 5661 monuimus
950 5586 1065 5661 legi
1094 5587 1326 5661 debere,
1350 5586 1853 5658 quemadmodum

209 5653 431 5733 ium-ss.
465 5661 711 5733 legitur,
742 5659 897 5733 μετά,
925 5653 1046 5733 Ποῆ
1077 5656 1284 5733 μεσταίἲ

268 5731 380 5807 (26)
409 5727 573 5792 Ediii
614 5729 707 5786 καὶ
743 5727 835 5790 ’τό.
867 5727 1091 5792 Vocula
1132 5727 1223 5787 καί
1271 5730 1332 5788 in
1381 5745 1529 5788 mss.
1557 5743 1854 5804 nusquam

1961 4435 2260 4491 consilium
2289 4437 2509 4490 malum
2538 4444 2732 4491 contra
2759 4453 2834 4508 se,
2868 4438 3116 4493 dicentes
3148 4455 3169 4495 :
3197 4439 3500 4508 Alligemus
3518 4441 3613 4510 ju-

1963 4527 2128 4590 stum,
2161 4524 2294 4594 quia
2338 4524 2558 4579 inutilis
2585 4532 2665 4580 est
2691 4526 2871 4581 nobis.
2905 4529 3098 4598 Itaque
3143 4529 3359 4599 fructus
3388 4544 3616 4601 operum

1881 4596 1929 4661 D
1960 4628 2188 4670 suorum
2235 4612 2529 4670 comedent.
2562 4617 2954 4687 Posteaquam
2983 4596 3222 4672 tandem
3268 4596 3618 4675 advertisset

1960 4947 2279 5015 comparet.
2315 4939 2589 5015 Quod-ait
2631 4938 2919 5015 h_oc_loco
2966 4942 3374 5015 Combeﬁsius,
3407 4942 3613 5002 verbo-

1962 5007 2115 5066 rum_
2154 5009 2408 5087 illor_um,
2453 5007 2578 5087 δέκα
2620 5011 2695 5087 ’τὸ
2755 5009 3068 5087 ἐλάχιστον.
3103 5023 3237 5080 etc.,
3271 5007 3427 5073 hunc
3484 5033 3615 5075 esse

1962 5098 2225 5160 sensum,
2257 5082 2436 5160 decem
2485 5084 2784 5160 minimum
2839 5082 3089 5155 eqebant,
3122 5091 3222 5160 qui
3276 5097 3613 5160 expeterent,

1961 5154 2021 5227 in
2070 5170 2137 5210 eo
2195 5154 2984 5227 insigniterﬂballucinatum
3043 5154 3172 5215 esse
3229 5154 3604 5219 arbitramur.

1959 5226 2161 5305 Neque
2193 5224 2767 5305 satis_intellig_in_1u_s
2799 5231 2937 5305 quid
2974 5230 3087 5286 sibi
3119 5230 3300 5305 velint
3329 5233 3448 5302 illa,
3482 5249 3609 5305 qua:

1960 5298 2048 5375 vir
2076 5297 2514 5375 eruditissimus
2548 5297 2774 5375 addidit
2816 5297 3383 5375 adrapprobandam
3435 5297 3607 5357 suam

1962 5369 2524 5447 interpretationem,
2561 5371 2702 5447 Cum
2724 5388 2872 5447 unus
2902 5373 2958 5427 id
2982 5369 3281 5447 praestaret
3309 5374 3606 5431 Abraham.

1962 5437 2146 5516 Igitur
2173 5442 2419 5496 verbum
2471 5437 2690 5510 ἐξαιτεῖν
2724 5443 2818 5499 hic
2847 5461 2961 5501 non
2985 5437 3160 5501 'debet
3191 5448 3347 5503 sumi
3398 5463 3496 5516 pro
3543 5462 3610 5501 eo

2007 5515 2117 5569 uod
2161 5517 2252 5589 est
2298 5517 2552 5589 appetere
2580 5532 2607 5589 :_
2630 5516 2732 5570 sed
2782 5516 2936 5570 idem
2982 5517 3152 5584 valet,
3183 5520 3335 5588 quod
3384 5515 3611 5589 poenam

2007 5530 2117 5569 uoa
2161 5530 2251 5569 ess
2298 5530 2552 5584 expetere
2580 5532 2598 5568 :
2630 5530 2732 5570 seu
2782 5530 2936 5570 idem
2982 5530 3152 5584 valet,
3183 5530 3335 5588 quod
3384 5533 3611 5589 poenam

1960 5530 2271 5663 gem-cogi.
2327 5585 2692 5663 Respiciebat
2748 5589 3018 5660 scriptor,
3067 5589 3333 5663 quisquis
3381 5594 3487 5661 est,
3538 5588 3611 5645 ad

1960 5656 2140 5715 verba
2168 5656 2377 5714 Genes.
2410 5656 2575 5730 avni,
2603 5659 2693 5715 32.
