4130 6210
471 343 589 405 303

1410 328 1801 395 APPENDIX
1847 328 2172 395 OPERUM
2218 329 2282 393 S.
2329 330 2611 396 BASILlI
2659 334 2933 397 MAGNI.

3757 330 3882 396 304

474 473 759 548 propheta
780 468 1062 543 populum
1091 466 1277 523 instar
1297 465 1681 522 Sodomorum
1716 464 1843 520 sine
1873 463 1992 519 ullo
2023 481 2096 536 pu

2233 466 2410 519 Ταῦτα
2434 462 2629 520 λοιπὸν
2662 465 2692 521 ὁ
2723 465 3011 541 προφήτης
3043 461 3180 537 μετᾶ
3218 463 3282 519 τὸ
3312 460 3447 520 ἴδεῖν
3481 460 3574 519 τὸν
3607 461 3739 518 λαὸν
3772 484 3881 519 πα-

476 564 616 620 dore
647 562 719 617 ad
754 565 1057 633 peccatum
1091 555 1447 630 precipitem
1498 553 1654 625 ferri,
1688 553 1770 610 ita
1814 557 1878 609 ut
1926 569 1997 608 ne
2025 568 2121 609 oc-

473 652 627 709 culte
656 651 894 722 quidem
944 654 1044 704 aut
1093 645 1435 703 abscondite
1474 651 1800 717 peccarenl,
1832 644 1952 699 imo
1984 659 2119 699 cum

2231 553 2549 629 ραπλησίως
2603 552 2875 629 Σοδόμοις
2905 554 3366 628 ἀπερυθριάσαντα
3413 553 3549 628 πρὸς
3593 553 3657 609 τὸ
3708 554 3886 631 ἀμαρ-

2227 643 2423 716 τάνειν,
2481 645 2554 708 ὡς
2589 642 2728 720 μηδὲ
2783 645 2919 719 μετά
2975 642 3355 720 ἐπικαλύψεως
3388 645 3480 700 καὶ
3536 642 3882 721 ἐπικρύψεως

473 740 731 815 plurima
774 738 1019 795 audacia
1048 741 1106 793 et
1152 734 1517 806 impudentia
1563 750 1692 790 sese
1738 737 2026 806 gerentes,
2051 748 2103 788 οι

2228 733 2433 789 πταίειν
2472 781 2487 803 ,
2544 732 2671 789 ἀλλ’
2728 732 3262 811 ἐμπαρῥησιάζεσθαι
3322 732 3729 809 ἀναισχύντως,
3786 732 3882 787 καὶ

470 829 884 904 ignominiosis
942 824 1298 883 facinoribus
1354 822 1766 897 gloriarentur,
1817 824 1974 894 ipsos
2018 822 2118 877 ds-

473 920 642 988 ﬂeus,
674 918 795 973 haec
824 916 998 972 verba
1050 914 1270 987 profert
1302 931 1314 968 :
1357 914 1438 970 Ver
1488 915 1697 970 anima
1742 929 1955 980 eorum,
1989 913 2103 983 quit

2226 934 2388 987 φησιν
2425 933 2438 946 ·
2499 912 2634 971 Οὐαὶ
2692 916 2760 988 τῇ
2818 915 2975 988 ψυχῇ
3033 911 3207 968 αὐτῶν
3245 955 3260 982 ,

424 1006 433 1015 ’
470 1009 720 1064 inierunt
756 1005 1049 1062 consilium
1108 1004 1320 1059 malum
1374 1002 1659 1058 adversum
1708 1019 1783 1070 se,
1832 1001 2070 1057 dicentes
2098 1018 2116 1055 :

467 1097 772 1169 Alligemus
811 1094 1054 1168 justum,
1086 1095 1226 1165 quia
1276 1093 1494 1148 inutilis
1540 1093 1699 1148 nobis
1728 1095 1826 1148 est.
1861 1090 2116 1146 Consilia

470 1186 751 1242 adversus
786 1186 985 1255 justos
1033 1183 1179 1238 inita
1221 1181 1280 1237 in
1313 1181 1776 1238 consultantium
1809 1180 1997 1252 capita
2026 1196 2114 1235 re-

467 1276 819 1346 torquentur
846 1290 859 1329 :
894 1272 1392 1344 quemadmodum
1425 1271 1540 1327 tela
1564 1272 1723 1342 jacta
1753 1287 1785 1324 a
1814 1268 2019 1325 solidis
2049 1285 2115 1324 ac

468 1363 710 1436 repulsu
762 1361 1022 1435 praditis
1075 1361 1415 1433 corporibus
1456 1360 1516 1415 in
1566 1376 1705 1416 suos
1753 1358 2114 1431 jaculatores

467 1453 758 1510 resiliunt.
795 1452 934 1507 Eam
966 1452 1037 1507 ob
1071 1467 1194 1505 rem
1227 1449 1307 1504 ait
1339 1466 1350 1504 :
1383 1451 1633 1505 lnicrunt
1678 1449 1974 1504 consilium
2017 1448 2116 1503 ad-

2229 821 2669 897 ἐπισεμνύνεσθαι
2725 828 2843 886 τοῖς
2901 822 3194 899 αἰσχροῖς,
3262 824 3589 900 ἀποθρηνῶν
3647 820 3879 893 αὐτοὺς,

3328 911 3411 968 ὅτι
3485 906 3880 987 βεϐούλευνται

2230 1000 2437 1077 βουλὴν
2504 1003 2745 1078 πονηρὰν
2821 1001 2942 1056 καθ’
3017 1000 3241 1070 ἑαυτῶν,
3331 999 3596 1075 λέγοντες
3686 1002 3881 1072 Δήσω-

2229 1111 2321 1163 μεν
2374 1090 2465 1145 τὸν
2526 1088 2767 1163 δίκαιον,
2826 1089 2909 1144 ὅτι
2964 1086 3307 1166 δύσχρηστος
3362 1092 3497 1163 ἡμῖν
3560 1087 3743 1144 ἐστιν.
3807 1091 3880 1144 Δὶ

2222 1181 2359 1235 κατὰ
2387 1183 2494 1235 τῶν
2528 1177 2750 1235 δικαίων
2793 1177 2987 1256 βουλαὶ
3044 1177 3455 1257 ἐπιστρέφουσιν
3505 1177 3592 1234 ἐπὶ
3641 1178 3738 1242 τὰς
3786 1199 3880 1235 κε-

2222 1269 2400 1347 φαλὰς
2455 1270 2561 1323 τῶν
2622 1267 3035 1343 βουλευομένων
3093 1268 3227 1341 (27)·
3283 1267 3465 1344 ὥσπερ
3496 1268 3603 1323 ἀπὸ
3633 1267 3875 1345 περῥῶν

2222 1358 2311 1413 καὶ
2366 1358 2667 1414 ἀντιτύπων
2722 1358 2990 1431 σωμάτων
3047 1358 3114 1412 τὰ
3159 1357 3531 1434 προσπεσόντα
3565 1356 3700 1434 βέλη
3736 1358 3876 1435 πρὸς

2224 1448 2350 1510 τοὺς
2418 1446 2662 1526 ἀφιέντας
2739 1445 2998 1503 ἐπάνεισι.
3076 1448 3173 1502 Διά
3222 1446 3385 1502 τοῦτό
3439 1467 3626 1526 φησιν.
3687 1442 3880 1502 Ἐϐου-

468 1558 685 1600 versum
713 1558 790 1610 se,
823 1540 1101 1596 dicentes:
1138 1539 1445 1611 litigamus
1460 1540 1695 1612 justum,
1729 1540 1862 1610 quia
1893 1538 2103 1593 inutili:

2226 1536 2487 1593 λεύσαντο
2571 1535 2777 1615 βουλὴν
2850 1539 2969 1593 καθ’
3053 1534 3280 1607 ἑαυτῶν,
3353 1536 3616 1600 εἰπόντες*
3686 1539 3881 1609 Δήσωο

466 1632 622 1688 nobis
677 1629 996 1687 est.Juda3i
1048 1633 1243 1684 autem
1293 1628 1634 1685 adveniente
1691 1627 1938 1684 Domino
1995 1627 2117 1683 hanc

467 1721 811 1777 faciebant:
866 1719 1081 1791 quippe
1138 1717 1334 1790 ipsum
1394 1717 1642 1790 ligatum
1700 1718 1990 1773 deduxere
2044 1717 2114 1773 ad

466 1809 747 1882 Caipham
771 1808 833 1864 ¹⁶.
870 1808 1158 1881 Ligabant
1202 1824 1436 1876 manus,
1468 1825 1596 1880 quas
1626 1807 1786 1880 ipsos
1815 1806 2117 1863 beneficiis

467 1898 932 1965 cumulaverant,
967 1914 1070 1953 nec
1112 1896 1356 1969 justitiaa
1409 1897 1670 1953 ferebant
1717 1895 2112 1982 praesentiam,

467 1989 624 2061 quob
656 1987 945 2043 malitiam
1005 1985 1235 2042 abolent
1288 1991 1345 2042 et
1400 1987 1766 2042 cxterminet.
1802 1991 1899 2041 Est
1953 1985 2111 2042 enim

457 2077 695 2149 justitia
724 2076 963 2147 injustis
1003 2091 1069 2131 ac
1115 2075 1337 2148 iniquis
1369 2075 1634 2147 molesta,
1666 2074 1907 2148 perinde
1938 2082 2113 2147 atque

463 2166 550 2224 sol
598 2165 1000 2239 lippientibus.
1051 2164 1413 2237 Quapropter
1457 2165 1535 2221 ait
1571 2181 1582 2221 :
1618 2166 1842 2221 Fructus
1889 2180 2112 2237 operum

460 2273 687 2314 suorum
753 2255 1048 2313 comedent.
1099 2254 1337 2310 Illorum
1404 2261 1597 2310 autem
1663 2272 1903 2327 Operum
1959 2255 2109 2310 fetus

461 2351 602 2402 sunt
632 2346 959 2418 captivitas,
995 2344 1303 2416 dispersio,
1338 2344 1537 2417 templi
1569 2344 1814 2411 eversio,
1845 2345 2046 2415 lapsus
2076 2361 2111 2399 a

461 2435 667 2509 gloria,
700 2434 964 2490 confusio
998 2433 1193 2489 vultus
1240 2451 1466 2505 eorum,
1501 2451 1602 2505 per
1633 2451 1807 2505 quam
1858 2434 1942 2490 eis
1992 2450 2106 2489 non

459 2524 595 2580 licet
637 2523 839 2581 oculos
870 2523 941 2578 ad
973 2523 1180 2588 Deum,
1213 2523 1286 2578 ob
1335 2523 1584 2595 impium
1620 2522 1847 2578 facinus
1878 2523 1935 2577 in
1971 2522 2105 2578 Uni-

457 2612 726 2686 genitum
775 2611 1124 2681 admissum,
1157 2610 1377 2669 tollere.
1414 2614 1615 2683 Itaque
1646 2612 1919 2667 fiduciam
1951 2611 2106 2684 prio-

459 2718 581 2759 rem
610 2702 937 2774 perdidere,
970 2701 1189 2773 quippe
1223 2700 1321 2773 qui
1356 2718 1458 2756 nec
1490 2700 1952 2773 prOphetas.nec
1982 2700 2104 2756 cul-

458 2796 585 2848 tum
616 2791 911 2847 habeant:
945 2790 1132 2846 Verbo
1178 2794 1372 2846 autem
1405 2790 1603 2863 ligato,
1636 2789 1816 2863 ligata
1844 2789 2104 2857 veritate,

458 2879 588 2938 luce
616 2879 817 2953 ligata,
841 2879 1078 2950 justitia
1127 2878 1325 2951 ligata,
1359 2878 1537 2951 ligato
1580 2879 1893 2949 Salvatore,
1926 2879 2104 2951 ligato

459 2970 706 3040 medico,
737 2969 1046 3025 liberatore
1085 2967 1288 3040 ligato,
1321 2985 1446 3040 quas
1492 2969 1690 3024 omnia
1722 2968 1985 3024 Christus
2016 2973 2106 3024 est

460 3060 625 3131 iuxta
656 3058 877 3115 variam
911 3074 1037 3129 quas
1070 3058 1140 3112 de
1171 3074 1237 3113 eo
1266 3056 1516 3113 habetur
1546 3058 1860 3127 notionem,
1894 3057 2102 3130 privati

459 3152 601 3204 sunt
637 3146 882 3210 lumine,
917 3145 1122 3217 privati
1170 3151 1310 3200 sunt
1353 3145 1548 3211 verbo,
1582 3146 1787 3217 privati
1837 3151 1977 3201 sunt
2004 3163 2098 3201 ve-

2229 1648 2322 1701 μεν
2378 1628 2470 1682 τὸν
2522 1624 2755 1697 δίκαιον,
2816 1624 2900 1681 ὅτι
2933 1622 3276 1702 δύσχρηστος
3327 1627 3462 1699 ἡμῖν
3502 1624 3634 1683 ἐστι.
3686 1629 3879 1684 Ταῦτα

2225 1713 2284 1771 δὲ
2334 1714 2550 1772 ἐποίουν
2612 1717 2664 1771 o't
2719 1712 2976 1772 Ἰουδαῖοι
3009 1713 3061 1770 ἐν
3108 1719 3179 1790 τῇ
3209 1711 3476 1789 ἐπιδημίᾳ
3516 1718 3615 1771 τοῦ
3647 1715 3873 1792 Κυρίου’

2226 1803 2488 1878 δήσαντες
2560 1806 2662 1883 γὰρ
2739 1803 2898 1860 αὐτὸν
2977 1803 3177 1881 ἤγαγον
3231 1806 3345 1878 (28)
3402 1805 3538 1878 πρὸς
3593 1807 3873 1884 Καϊάφαν.

2225 1893 2519 1969 Ἐδέσμουν
2574 1895 2671 1959 τὰς
2700 1899 2891 1971 χεῖρας
2948 1893 3043 1956 τὰς
3069 1891 3474 1969 εύεργετούσας,
3520 1894 3582 1949 ού
3614 1894 3873 1973 φέροντες

2219 1993 2320 2056 τῆς
2354 1983 2699 2055 δικαιοσύνης
2729 1984 2828 2055 τήν
2862 1981 3176 2057 ἐπιδημίαν,
3208 1980 3347 2038 διότι
3389 1984 3656 2059 πονηρίας
3689 1984 3875 2062 ὑπῆρ·

2222 2095 2317 2151 χεν
2374 2075 2719 2153 ἀφανιστική.
2753 2072 3103 2148 Δύσχρηστος
3130 2071 3231 2148 γὰρ
3261 2077 3380 2135 τοῖς
3408 2068 3680 2127 ἀδικοῦσιν
3713 2074 3749 2143 ἡ
3782 2071 3871 2128 δι-

2217 2166 2501 2235 καιοσύνῃ’
2555 2164 2732 2237 ὥσπερ
2790 2158 3168 2241 ὁφθαλμιῖυσιν
3227 2162 3256 2215 ὁ
3313 2158 3513 2231 ἥλιος·
3564 2161 3658 2217 Διό
3706 2183 3866 2240 φησι·

2217 2255 2291 2308 Τά
2347 2255 2659 2330 γεννήματα
2712 2256 2818 2306 τῶν
2878 2249 3051 2326 ἔργων
3108 2249 3284 2305 αὐτῶν
3352 2250 3640 2329 φάγονται.
3689 2256 3872 2310 Ταῦτα

2219 2340 2276 2398 δὲ
2324 2342 2541 2397 ἐκείνων
2572 2345 2679 2396 τῶν
2714 2334 2886 2417 ἔργων
2915 2340 2981 2394 τὰ
3022 2341 3351 2415 γεννήματα,
3400 2342 3435 2410 ἡ
3480 2338 3868 2417 αἷχμαλωσία,

2216 2435 2251 2502 ἡ
2313 2428 2599 2506 διασπορὰ,
2659 2433 2694 2501 ἡ
2755 2431 3102 2505 καταστροφή
3133 2431 3230 2483 τοῦ
3259 2433 3411 2503 ναοῦ,
3451 2432 3484 2500 ἡ
3519 2432 3625 2486 ἀπὸ
3647 2439 3749 2502 τῆς
3779 2430 3872 2488 δό-

2217 2520 2312 2592 ξης
2342 2519 2709 2589 κατάπτωσις,
2764 2521 2799 2589 ἡ
2866 2517 3098 2594 αἰσχύνη
3156 2522 3254 2573 τοῦ
3310 2519 3605 2594 προσώπου
3661 2520 3869 2594 αὐτῶν,

2216 2611 2318 2666 οὐκ
2350 2609 2489 2665 ἐῶσα
2536 2608 2733 2670 αὐτοὺς
2783 2608 2919 2682 πρὸς
2963 2608 3089 2663 Θεὸν
3135 2602 3482 2679 ἀναϐλέπειν,
3527 2606 3615 2665 διὰ
3640 2611 3741 2680 τήν
3790 2611 3873 2674 εἷς

2212 2700 2302 2755 τὸν
2355 2701 2637 2775 Μονογενῆ
2686 2696 2970 2775 ἁμαρτίαν.
3024 2695 3337 2754 ’Δπώλεσαν
3391 2696 3481 2754 οὖν
3512 2699 3612 2767 τὴν
3671 2703 3873 2774 προτέ-

2216 2812 2309 2865 ραν
2378 2788 2721 2866 παρῥησίαν·
2795 2790 2934 2861 μήτε
3010 2790 3316 2866 προφήτας,
3397 2790 3536 2861 μήτε
3607 2787 3865 2866 λατρείαν

2214 2878 2452 2955 ἔχοντες
2512 2876 2767 2949 δήσαντες
2822 2875 2879 2932 δὲ
2924 2876 3019 2933 τὸν
3048 2878 3250 2952 Λόγον,
3310 2874 3566 2949 δήσαντες
3594 2879 3695 2949 τήν
3723 2880 3869 2954 ἀλή-

2214 2982 2378 3039 θειαν,
2439 2967 2700 3039 δήσαντες
2730 2967 2793 3022 τὸ
2824 2971 2957 3045 φῶς,
3006 2963 3266 3037 δήσαντες
3324 2968 3421 3037 τὴν
3484 2964 3863 3042 δικαιοσύνην,

2212 3056 2468 3131 δήσαντες
2512 3059 2604 3113 τὸν
2643 3063 2897 3133 Σωτῆρα,
2930 3053 3188 3127 δήσαντες
3219 3056 3311 3112 τὸν
3344 3057 3545 3132 ἱατρὸν,
3600 3055 3871 3129 δήσαντες

2209 3149 2302 3203 τὸν
2334 3146 2725 3222 ἐλευθερωτήψ
2760 3147 2893 3221 ἅπερ
2922 3145 3088 3199 πάντα
3119 3146 3254 3213 ἐστὶ,
3283 3145 3420 3201 κατά
3465 3145 3727 3219 ποικίλην
3753 3150 3862 3219 τὴν

460 3236 652 3305 ritate,
684 3235 743 3290 in
794 3234 1102 3304 iniquitate
1146 3234 1387 3305 degunt,
1420 3235 1623 3290 morbo
1670 3235 1984 3291 insanabili
2018 3235 2098 3290 la-

2217 3237 2335 3313 πιρὶ
2364 3236 2527 3291 αὐτοῦ
2558 3237 2670 3309 (29)
2705 3234 2967 3305 ἐπίνοιαν,
3001 3235 3030 3288 ὁ
3054 3234 3304 3310 Χριστός,
3355 3236 3697 3310 Ἐστέρηνται
3748 3259 3873 3316 φω-

459 3324 688 3380 borant.
720 3322 788 3377 Hi
839 3325 977 3378 sunt
1016 3322 1244 3377 fructus
1289 3340 1530 3395 operum
1580 3340 1779 3379 eorum
1827 3341 1974 3396 quos
2006 3339 2104 3379 co-

463 3413 727 3469 medunt.

535 3590 657 3646 115.
686 3589 859 3645 Vens.
896 3589 977 3643 1i
1019 3590 1107 3645 Vae
1136 3589 1330 3660 iniquo
1350 3595 1368 3644 !
1398 3589 1538 3645 Mala
1567 3605 1667 3662 pro
1697 3590 1953 3662 operibus
1983 3608 2103 3647 ma-

463 3696 636 3736 nuum
667 3680 820 3737 459
853 3680 973 3749 eius
1002 3679 1255 3734 evenient
1284 3682 1511 3734 cillere
1543 3679 1613 3734 de
1636 3679 1833 3735 divino
1856 3680 2103 3752 judicio,

463 3769 618 3841 quod
669 3766 988 3839 unicuique
1044 3784 1147 3838 pro
1202 3767 1409 3824 merito
1439 3768 1764 3825 mercedem
1813 3770 2103 3842 rependit,

460 3859 620 3916 dicta
649 3857 831 3914 fuisse
884 3856 1255 3914 arbitramur.
1288 3858 1448 3922 Quod
1499 3858 1546 3914 si
1598 3857 1729 3914 ideo
1766 3860 1848 3915 Vae
1891 3860 2100 3931 iniquo,

462 3947 696 4014 dicitur,
729 3946 883 4018 quod
914 3946 1057 4002 Mala
1095 3961 1199 4018 pro
1225 3946 1480 4017 aperibus
1512 3949 1686 4019 ipsius
1727 3949 1976 4004 evenient
1999 3951 2053 4004 ci
2082 3966 2102 4005 :

460 4037 630 4108 cujus
662 4034 888 4092 malitia
918 4036 987 4091 ad
1018 4052 1166 4108 opus
1218 4052 1395 4106 usque
1428 4053 1538 4091 non
1575 4038 1876 4108 processit,
1907 4036 2006 4093 sed
2039 4038 2099 4093 in

458 4144 671 4185 arcano
718 4128 910 4183 cordis
957 4143 1193 4182 recessu
1235 4138 1645 4183 consummata
1684 4133 1793 4196 est,
1830 4145 2018 4184 nonne
2048 4129 2101 4185 ei

453 4217 754 4289 inﬂigetur
782 4231 974 4288 poena,
998 4216 1079 4270 ita
1110 4220 1173 4270 ut
1207 4217 1289 4272 Va:
1327 4216 1435 4286 ipsi
1469 4217 1644 4272 etiam
1676 4216 1941 4288 adaptari
1970 4234 2102 4288 pos-

453 4304 572 4362 sit?
592 4309 710 4359 Aut
738 4303 837 4359 ubi
868 4304 1025 4374 quod
1056 4303 1116 4358 in
1148 4304 1366 4359 malitia
1398 4310 1719 4376 perlectum
1747 4312 1835 4360 est
1864 4306 2095 4375 retulit;

2210 3326 2320 3393 τὸς,
2366 3323 2677 3399 ἐστέρηνται
2735 3322 2928 3399 λόγου,
2980 3321 3291 3399 ἐστέρηνται
3345 3321 3623 3396 ἀληθείας·
3672 3322 3869 3401 ἀδικίᾳ

2213 3419 2460 3484 συζῶσιν,
2486 3415 2676 3470 ἀνίατα
2702 3417 2971 3469 νοσοῦσιν.
3002 3414 3177 3468 Ταῦτά
3350 3411 3462 3469 ἐστι
3488 3414 3556 3470 τὰ
3581 3417 3867 3491 γεννήμα-

2209 3524 2275 3558 τα
2302 3508 2409 3559 τῶν
2443 3502 2640 3579 ἔργων,
2671 3500 2704 3557 ἃ
2732 3501 3024 3567 ἐσθίουσιν,

2286 3595 2407 3649 115.
2466 3591 2602 3649 Οὐαὶ
2655 3594 2733 3663 τῷ
2793 3589 3019 3665 ἀνόμῳί
3094 3589 3317 3667 Πονηρὰ
3389 3592 3526 3647 κατά
3595 3593 3664 3647 τὰ
3721 3589 3866 3670 ἔργα

2209 3686 2317 3737 τῶν
2373 3686 2576 3757 χειρῶν
2635 3680 2800 3737 αὐτοῦ
2874 3674 3213 3754 συμϐήσεται
3281 3679 3428 3755 αὐτῷ
3460 3700 3477 3717 ο
3551 3682 3679 3759 Περὶ
3756 3690 3867 3755 τῆς

2213 3771 2357 3837 θείας
2398 3770 2649 3849 κρίσεως,
2693 3772 2792 3840 τῆς
2825 3766 3293 3841 ἀνταποδιδούσης
3345 3770 3553 3845 ἑκάστῳ
3592 3771 3662 3827 τὰ
3717 3774 3864 3849 πρὸς

2213 3862 2381 3935 ἀξίαν,
2418 3865 2587 3917 ταῦτα
2628 3859 2873 3938 εἰρῆσθαί
2929 3880 3125 3938 φαμεν.
3185 3858 3251 3916 Et
3309 3856 3367 3915 δὲ
3396 3858 3486 3915 διὰ
3517 3864 3686 3917 τοῦτο
3715 3862 3861 3920 Οὐαὶ

2206 3952 2287 4019 τῷ
2342 3950 2554 4024 ἀνόμῳ,
2612 3948 2695 4005 ὅτι
2725 3948 2948 4024 Πονηρά
2997 3948 3135 4003 κατά
3172 3947 3240 4003 τὰ
3275 3945 3402 4024 ἔργα
3443 3949 3610 4005 αὐτοῦ
3641 3946 3868 4025 συμϐή-

2210 4062 2356 4095 σεται
2413 4039 2579 4112 αὐτῷ,
2634 4039 2680 4111 ᾧ
2715 4038 2791 4112 μὴ
2848 4035 3239 4113 προεχώρησεν
3274 4037 3350 4101 εἷς
3395 4034 3550 4116 ἔργον
3581 4041 3617 4109 ὴ
3652 4037 3867 4112 ἀδικία,

2209 4126 2336 4185 ἀλλ’
2391 4126 2443 4183 ἐν
2500 4132 2581 4201 τῷ
2626 4130 2849 4204 κρυπτῷ
2897 4133 3000 4196 τῆς
3049 4123 3275 4203 καρδίας
3330 4125 3702 4201 συνετελέσθη
3754 4129 3867 4205 ἆρα

2209 4217 2307 4273 ούκ
2335 4216 2702 4293 ἐπαχθήσεται
2732 4217 2767 4287 ἡ
2799 4213 3047 4287 κόλασις,
3082 4215 3219 4270 ὥστε
3266 4214 3569 4293 ἐφαρμόσαι
3597 4219 3661 4273 τὸ
3719 4217 3867 4277 Οὐαὶ

2205 4307 2290 4362 καὶ
2353 4305 2530 4378 αὐτῷ;
2561 4307 2632 4363 ’Ἠ
2687 4305 2750 4361 τὸ
2776 4302 2986 4361 τέλειον
3044 4305 3211 4360 εἰπὼν
3270 4303 3321 4360 ἐν
3375 4306 3553 4378 κακίᾳ,
3585 4307 3670 4362 σοὶ
3710 4314 3861 4364 νοεῖν

451 4394 610 4467 quod
642 4392 838 4448 minus
864 4396 972 4461 est,
1000 4392 1055 4447 id
1080 4392 1187 4447 tibi
1221 4395 1589 4464 proportione
1612 4402 1840 4450 servata
1863 4394 2099 4467 reliquit

2217 4396 2265 4450 τὸ
2321 4393 2509 4451 λεῖπον
2566 4392 2617 4465 ἐξ
2664 4392 2953 4470 ἀναλογίας
3001 4391 3280 4451 κατέλιπε.
3340 4392 3530 4450 Τελεία
3582 4397 3679 4469 μὶν
3749 4397 3861 4473 γὰρ

448 4480 919 4552 excogitandum.
943 4480 1043 4536 Est
1064 4481 1218 4536 enim
1256 4485 1501 4551 perfecta
1528 4483 1773 4553 malitia,
1798 4501 1931 4539 cum
1964 4485 2097 4557 quis

2217 4482 2382 4551 ιακία,
2437 4482 2499 4538 τὸ
2555 4482 2645 4537 καὶ
2703 4482 2898 4558 γνώμα
2944 4482 3034 4537 καὶ
3065 4481 3312 4559 πράξεσιν
3363 4484 3687 4561 ἁμαρτάνειν
3717 4489 3862 4561 (31)⁶

447 4577 505 4627 et
526 4569 821 4627 voluntate
846 4574 1047 4642 peccat
1069 4574 1127 4625 et
1147 4569 1316 4625 factis
1336 4589 1349 4627 :
1374 4572 1621 4627 dimidia
1641 4589 1774 4629 vero
1797 4573 1934 4628 mali
1959 4591 2094 4645 pars

2217 4573 2376 4646 ἥμισυ
2408 4569 2466 4627 δὲ
2510 4576 2607 4627 τοῦ
2653 4576 2843 4644 κακοῦ,
2893 4570 2980 4627 ἐπὶ
3027 4574 3127 4641 τῆς
3175 4572 3356 4648 ὁρμῆς
3399 4579 3500 4643 τῆς
3547 4575 3686 4630 κατὰ
3738 4570 3864 4632 διά.

444 4664 695 4729 est,cum
718 4662 1020 4731 peccatum
1049 4659 1107 4714 in
1133 4658 1313 4714 animi
1337 4661 1635 4732 proposito
1654 4667 1867 4718 manet.
1891 4664 2094 4735 Itaque

2217 4683 2348 4717 ιοιαν
2384 4668 2572 4732 στῆναι
2627 4663 2726 4731 τὴν
2788 4660 3075 4739 ἁμαρτίαν.
3109 4660 3186 4719 Οὐ
3216 4661 3388 4733 πάντη
3422 4666 3515 4717 οὖν
3557 4664 3862 4740 ἀτιμώρη-

441 4748 544 4820 qui
572 4748 925 4819 cogitatione
946 4753 1167 4820 peccat,
1185 4766 1299 4805 non
1324 4751 1559 4806 omnino
1592 4768 1976 4809 remansuros
2002 4756 2093 4809 est

2217 4771 2290 4814 τος
2321 4752 2349 4806 ὁ
2380 4751 2517 4807 κατὰ
2547 4748 2784 4807 διάνοιαν
2842 4750 3185 4827 ἁμαρτάνων,
3242 4747 3371 4807 ἀλλ’
3420 4750 3546 4809 ὅσον
3602 4749 3864 4828 ἐλλείπε,

509 4929 554 4966 ¹⁶
579 4928 747 4985 Joan.
782 4944 944 4996 xvm,
973 4927 1063 4984 28.

504 5106 615 5194 (27)
646 5107 802 5190 Editi
859 5111 917 5163 et
973 5108 1113 5178 Reg.
1160 5107 1408 5179 primus,
1439 5113 1546 5163 τῶν
1610 5107 2080 5238 βεβουλευμένων.

504 5197 544 5237 lt
575 5196 839 5238 quinque
878 5196 1045 5238 mss..
1085 5178 1520 5238 βουλευομένων.
1554 5184 1671 5238 Pau
1701 5202 1731 5238 ο
1777 5193 1906 5238 “est
1936 5202 2080 5238 mss.

432 5178 544 5237 Alii
575 5180 854 5265 quinque
878 5196 1045 5265 mss”
1084 5178 1520 5265 βουλευομένων.
1554 5178 1731 5240 Paulo
1773 5178 1906 5256 post
1936 5202 2080 5241 mss.

434 5248 893 5326 nonnulli,:1rpoq
921 5248 1046 5326 τοὺς
1080 5248 1327 5326 ἆφέντας,

2193 5113 2277 5169 uti
2307 5112 2366 5169 in
2397 5116 2687 5170 contextu.

2194 5236 2213 5255 ,
2262 5187 2374 5257 (30)
2407 5189 2493 5241 lta
2526 5180 3336 5257 libriveteres._Editi,suam
3367 5177 3444 5240 δέ.

2284 5250 2373 5345 β1)
2407 5259 2613 5345 Tot‘um
2666 5256 2839 5345 illud,
2871 5252 3077 5345 'l‘skeia'
3118 5250 3212 5329 μὶν
3260 5256 3361 5333 γὰρ
3378 5254 3605 5345 τ’κακία
3630 5254 3695 5310 τὸ

498 5325 613 5404 (2ξξ)
645 5322 808 5404 ῼοιῦ.
853 5324 1098 5404 primus.
1128 5321 1331 5388 ἀύτὸν,
1381 5324 1590 5404 φησὶνη
1612 5322 1916 5404 ἀπήγαγηγς
1953 5345 2078 5400 qua

2217 5321 2387 5401 ’νῶμῂ
2433 5328 2522 5382 καὶ
2570 5321 2836 5404 πράξεσινξ
2868 5321 3215 5404 ἀμαρτᾴνειν)
3252 5321 3341 5386 ὀί
3377 5328 3745 5386 Henrioiano
3787 5336 3860 5404 et

426 5392 846 5477 ηψπ-ἀπήγαγον
889 5394 1179 5466 reperitur
1210 5392 1440 5467 quoque
1469 5414 1528 5451 in
1560 5392 1790 5453 duobus
1816 5392 1950 5455 aliis
1970 5392 2076 5455 ὀο-

427 5466 965 5629 ᾠίξέῐδῗῖξεέίέηυο.
1001 5534 1397 5629 θξὲτέξέἱειέε,
1435 5555 1611 5629 υιὲυετ
1657 5539 1757 5629 τὴν
1806 5541 1931 5629 περὶ

496 5575 608 5629 γαν]
644 5575 805 5610 “ob”
836 5575 951 5591 ...μυ
1001 5575 1383 5622 cannons,”
1439 5575 1611 5611 unus,
1668 5575 1756 5593 ιιν
1816 5575 1931 5613 ..ιρι
1977 5575 2070 5596 υιυ-

419 5626 573 5686 τουςΣ
600 5611 789 5686 Codex
816 5609 910 5664 Er.
948 5610 1127 5686 i,_'c‘r,v
1158 5608 1548 5686 reputantem
1590 5575 1925 5686 συμέουλίαν
1957 5614 2070 5670 καί.

422 5687 499 5742 At
525 5681 911 5741 Henricianus
968 5684 1026 5737 et
1078 5679 1312 5756 Anglici
1368 5682 1491 5759 alii,
1522 5692 1578 5743 et
1629 5679 1878 5761 uterque
1906 5686 2069 5745 Golb.

2188 5373 3324 5473 ἑῖἑῖῥὶνέὶῗεέριῖὅΚῖῖέὶιυῦἺῶὲὲἕυξ
3361 5373 3861 5469 ἑὲἔέξῖἴῖἐιιῖιὶ

2188 5471 2604 5544 inserendum,
2673 5471 2803 5544 jam
2869 5478 3179 5544 monuerat
3241 5472 3686 5530 eruditissimus
3752 5474 3860 5531 vir

2183 5542 2785 5618 Ducwus._Monemus
2840 5560 2951 5618 nos
2977 5543 3133 5618 _heo_
3181 5544 3312 5618 ipsa
3355 5546 3535 5604 verba
3591 5545 3856 5618 reperiri

2179 5632 2417 5746 ggptqgg
2458 5614 2520 5672 in
2552 5615 2683 5673 aliis
2714 5616 2947 5672 duobus
2975 5615 3174 5691 Regiis
3204 5614 3275 5675 ἐι
3318 5618 3380 5675 in
3429 5614 3676 5690 utroque
3706 5615 3859 5676 Col-

2221 5704 2430 5747 emno.

2425 5802 2462 5829 ρ
