4100 6220
523 381 639 442 307

597 511 718 566 117.
741 509 884 564 Cum
924 505 1102 576 igitur
1148 502 1205 558 in
1257 499 1428 557 nobis
1485 497 1772 555 invenerit
1819 497 2026 564 multa,
2058 513 2165 552 nos
2196 498 2250 564 Α

528 597 729 656 multis
762 600 1130 668 peccatorum
1155 608 1402 664 quorum
1437 594 1640 645 auctor
1659 593 1749 643 est
1771 587 2019 642 vinculis
2041 603 2169 658 per-

526 691 764 756 tractos,
797 685 1012 756 quibus
1064 681 1455 752 nosmetipsos
1504 677 1949 743 obstrinximus,
1982 675 2174 730 tradet

522 774 730 848 judici.
765 775 951 828 Judex
981 777 1178 827 autem
1220 770 1312 825 cui
1348 768 1640 840 judicium
1671 783 1844 823 omne
1875 766 2035 820 dedit
2064 769 2173 819 Pa-

531 871 621 922 ter
642 865 707 932 23,
741 880 848 918 nos
888 861 1236 918 criminibus
1287 859 1487 913 multis
1535 857 1607 912 ab
1653 855 1984 910 adversario
2015 854 2172 908 etab

530 955 720 1010 ultore
741 956 1050 1023 coargutos
1083 948 1550 1021 apprehendens,
1579 946 1768 1001 tradet
1790 945 2040 1000 exactori
2063 943 2173 998 exi-

529 1044 736 1117 gendis
766 1042 952 1113 pomis
998 1040 1350 1112 praestituto;
1385 1037 1486 1109 qui
1526 1052 1632 1090 nos
1662 1035 1857 1089 mittet
1887 1035 1946 1088 in
1978 1049 2175 1088 carce-

528 1152 676 1202 rem,
709 1134 817 1188 hoc
850 1137 957 1200 est,
982 1133 1038 1186 in
1090 1127 1364 1201 supplicii
1398 1128 1613 1194 locum,
1638 1127 1838 1198 flagris
1866 1124 2175 1180 immanis-

530 1225 699 1280 simis
729 1239 833 1294 pro
866 1222 1039 1276 rebus
1063 1219 1145 1274 vel
1172 1217 1434 1273 minimis
1461 1221 1515 1270 et
1547 1233 1648 1287 pro
1681 1216 1932 1286 peccatis
1957 1232 1988 1270 a
2011 1212 2176 1269 nobis

531 1332 664 1370 cum
680 1319 1018 1384 contemptu
1042 1310 1282 1383 patratis
1301 1324 1612 1380 reposcens
1630 1323 1694 1361 ac
1707 1306 1941 1378 exigens
1956 1322 2176 1378 pcenas.

533 1407 811 1472 Quocirca
841 1403 1152 1460 consilium
1217 1403 1318 1457 dat
1370 1400 1759 1467 Dominus,ut
1789 1400 1928 1453 dum
1981 1399 2035 1452 in
2088 1398 2179 1452 via

535 1514 668 1552 cum
692 1493 1022 1550 adversario
1054 1508 1264 1547 sumus
1285 1491 1350 1556 2‘,
1377 1491 1582 1544 demus
1614 1504 1847 1559 operam
1879 1493 1945 1541 ut
1975 1488 2047 1542 ab
2081 1486 2178 1540 illo

535 1586 874 1652 liberemur,
901 1585 1010 1638 hoc
1058 1585 1166 1647 est,
1190 1597 1258 1636 ea
1287 1577 1611 1634 efficiamus
1641 1594 1835 1648 opera,
1860 1577 2075 1648 quibus
2108 1577 2178 1630 ab

537 1673 776 1729 inimico
793 1672 1091 1728 valeamus
1115 1668 1379 1734 liberari;
1401 1683 1506 1722 nec
1523 1682 1781 1738 unquam
1805 1665 2179 1732 inducamur,

538 1767 603 1818 ut
633 1763 945 1817 adventum
978 1765 1245 1815 extrema:
1266 1757 1428 1812 illius
1456 1757 1610 1811 horta
1631 1760 2181 1826 exspectemus,qua

537 1852 812 1924 princeps
843 1855 1043 1905 astans
1083 1864 1190 1903 nos
1236 1845 1702 1918 perscrutabitur
1734 1861 1746 1900 :
1782 1844 1880 1915 qui
1914 1845 1960 1898 si
1997 1843 2181 1898 multa

537 1959 664 2015 quia
696 1941 789 1996 sui
848 1939 1036 2012 ipsius
1096 1936 1356 2008 impulsu
1416 1937 1644 2008 patrata
1700 1933 1936 1999 fuerint,
1969 1933 2028 1987 in
2061 1933 2181 1988 vita

534 2037 736 2086 nostra
762 2028 1071 2094 invenerit,
1093 2027 1282 2082 tradet
1312 2042 1419 2081 nos
1450 2023 1660 2096 judici,
1695 2038 2018 2096 coarguens
2050 2038 2177 2089 nos,

532 2135 639 2175 nec
671 2135 885 2189 negare
915 2135 1021 2173 nos
1053 2116 1360 2179 sinens,ut
1391 2114 1488 2185 qui
1522 2112 1689 2169 nobis
1721 2115 2098 2168 revocaturus
2121 2111 2179 2164 in

533 2206 880 2260 memoriam
914 2204 991 2258 sit
1020 2202 1212 2258 locum
1247 2203 1303 2256 in
1329 2218 1439 2272 quo
1472 2205 1774 2272 peccatum
1806 2199 2179 2264 admisimus,

532 2295 688 2366 quod
710 2297 865 2350 esset
900 2293 1302 2361 nobiscum,et
1325 2308 1440 2346 una
1466 2290 1772 2345 nobiscum
1801 2288 2020 2344 malum
2045 2305 2181 2343 con-

536 2384 766 2450 ticeret;
801 2383 938 2437 item
992 2381 1230 2436 modum
1265 2397 1378 2452 quo
1422 2379 1801 2450 deliquimus,
1826 2382 2001 2450 atque
2047 2393 2181 2432 eum

537 2488 654 2543 quo
674 2471 1042 2544 peccavimus
1061 2470 1350 2525 affectum.
1380 2471 1578 2540 Itaque
1607 2469 1826 2523 interea
1847 2469 1986 2522 dum
2009 2483 2185 2539 agen-

538 2562 596 2616 di
651 2561 939 2616 habemus
988 2563 1357 2631 potestatem,
1405 2574 1685 2613 navemus
1728 2573 1983 2630 operam,
2018 2561 2082 2611 ut
2113 2557 2185 2612 ab

539 2650 871 2705 adversario
903 2649 1239 2704 liberemur.
1266 2653 1330 2705 Et
1345 2651 1621 2719 exigentes
1641 2647 1997 2702 dominantur
2017 2646 2183 2702 vobis.

543 2738 832 2810 Pauperes
857 2738 1040 2794 multo
1089 2755 1197 2793 tere
1220 2737 1410 2792 alieno
1429 2752 1741 2808 oppressos
1761 2735 1821 2790 in
1843 2736 2184 2793 servitutem

545 2828 822 2900 redigunt
861 2833 1172 2884 exactores.
1203 2829 1271 2882 Et
1313 2827 1548 2897 quidem
1581 2842 1766 2898 operae
1816 2827 2065 2902 pretium
2101 2832 2190 2884 est

541 2917 684 2972 nihil
720 2917 930 2973 debere
963 2934 976 2974 :
1012 2917 1341 2989 proximum
1393 2921 1587 2971 autem
1631 2915 1825 2985 fuerit,
1850 2917 1980 2972 aeris
2013 2917 2188 2974 alieni

547 3006 904 3062 dissolvendi
930 3023 1044 3061 non
1069 3007 1270 3062 deesse
1301 3003 1637 3060 facultatem
1665 3021 1676 3060 :
1703 3004 1790 3060 sin
1812 3005 2030 3072 minus,
2055 3023 2188 3063 cum

550 3095 804 3151 rationes
853 3101 1204 3167 repetentur,
1238 3111 1472 3150 servum
1517 3110 1646 3150 esse
1691 3111 1925 3151 necesse
1955 3101 2044 3151 est
2066 3110 2191 3151 ‘om-

546 3185 705 3240 nino.
744 3186 868 3239 Haec
900 3185 1055 3240 dicta
1085 3185 1204 3239 sint
1235 3189 1468 3256 prepter
1487 3183 1632 3239 illud
1663 3187 1997 3241 :Exactores
2026 3189 2193 3242 vestri

544 3273 818 3328 demetunt
846 3290 956 3338 vos,
991 3279 1041 3328 et
1069 3276 1348 3345 exigentes
1376 3273 1744 3328 dominantur
1771 3274 1938 3328 vobis.

619 3361 738 3415 118.
772 3363 976 3432 Popule
1023 3379 1192 3429 meus,
1237 3364 1334 3432 qui
1382 3363 1560 3417 beatos
1607 3377 1697 3417 vos
1739 3363 2068 3433 pradicant,
2100 3363 2190 3419 de-

545 3451 763 3521 cipiunt
809 3466 925 3520 vos,
959 3453 1009 3504 et
1037 3452 1289 3505 semitam
1342 3449 1540 3520 pedum
1591 3458 1895 3506 vestrorum
1945 3454 2188 3508 turbant.

548 3538 654 3602 Qui
689 3538 1153 3593 adolescentibus
1177 3538 1593 3609 subjiciuntur,
1614 3544 1671 3594 et
1701 3539 2025 3595 derisorum
2059 3541 2193 3596 sub-

552 3627 774 3682 duntur
803 3627 1078 3695 dominio,
1113 3630 1209 3700 qui
1261 3628 1448 3682 instar
1488 3627 1770 3700 spicilegii
1816 3630 2194 3686 demetuntur

551 3719 623 3774 ab
656 3721 1046 3790 exactoribus,
1070 3727 1126 3776 et
1169 3720 1524 3776 addicuntur
1566 3720 1851 3789 servituti,
1886 3722 2039 3792 quod
2077 3740 2190 3778 non

549 3807 763 3864 habent
814 3811 969 3865 unde
1022 3809 1268 3876 solvant,
1295 3815 1472 3881 atque
1525 3809 1596 3864 ob
1651 3809 1895 3865 nimiam
1930 3811 2186 3883 inopiam

546 3897 798 3954 amisere
835 3897 1185 3970 libertatem,
1221 3899 1258 3953 ii
1293 3899 1549 3970 profecto
1583 3898 1880 3970 digniores
1922 3906 2060 3955 sunt
2089 3903 2189 3973 qui

546 3994 955 4046 commoveant
989 3989 1448 4058 miserationem,
1485 4005 1662 4060 quam
1697 3992 1760 4043 ut
1790 3989 1944 4044 beati
1976 3991 2186 4061 praedi-

543 4081 767 4132 centur.
790 4078 895 4144 Qui
929 4077 1110 4150 igitur
1138 4078 1283 4133 tales
1310 4079 1510 4133 beatos
1541 4077 1838 4149 praedicat,
1866 4078 2188 4134 adulatoria

545 4170 740 4236 partes
761 4166 908 4237 agit;
943 4171 1149 4236 praeter
1171 4167 1442 4221 decorum
1467 4167 1536 4221 ad
1562 4166 1911 4236 captandam
1938 4168 2185 4237 gratiam

544 4253 816 4324 loquens,
863 4270 961 4308 eos
1011 4255 1244 4325 decipit,
1280 4271 1385 4309 nec
1417 4252 1786 4309 mediocriter
1833 4259 2021 4320 nocet,
2053 4272 2186 4311 eum

545 4358 789 4397 sensum
822 4347 1189 4414 peccatorum
1226 4344 1474 4409 adimat;
1508 4347 1702 4412 atque,
1728 4343 1870 4397 dum
1901 4344 1973 4399 ob
2006 4345 2186 4400 beati-

542 4430 806 4485 tudinem
838 4430 1130 4486 immerito
1162 4431 1505 4486 attributam
1552 4429 1947 4502 decipiuntur,
1979 4434 2190 4514 semita

539 4518 755 4589 pedum
779 4535 981 4573 eorum
1003 4519 1406 4575 conturbatur.
1433 4520 1798 4592 Quapropter
1825 4519 2186 4579 calamitates

1458 364 1854 426 APPENDIX
1899 363 2224 424 OPERUM
2271 367 2332 424 S.
2385 365 2665 425 BASILll
2714 367 2984 428 MAGNI.

3803 379 3932 440 308

2352 497 2473 553 117.
2507 494 2756 552 Ἐπειδὰν
2815 495 2906 553 οῦν
2967 499 3095 576 εὕρῃ
3141 501 3193 556 ἐν
3247 505 3382 576 ἡμῖν
3435 504 3642 577 πολλὰ,
3690 511 3930 571 πολλαῖς

2282 586 2430 656 ἡμᾶς
2478 592 2698 660 σειραῖς,
2757 588 2839 652 αἷς
2868 589 3091 654 ἑαυτοὺς
3131 590 3528 668 κατεδήσαμεν,
3577 601 3683 650 τῶν
3733 597 3925 654 ἑαυτοῦ

2283 675 2561 761 ᾁμαρτιῶν
2619 675 3037 753 ἐπισυρόμενος,
3098 680 3409 756 παραδώσει
3464 685 3544 757 τῷ
3599 691 3756 761 κριτῇ
3789 731 3800 744 ·
3853 691 3917 746 Ὁ

2284 760 2341 816 δὲ
2369 765 2585 839 κριτὴς,
2613 766 2658 837 ᾧ
2689 771 2861 822 πᾶσαν
2891 767 3064 841 κρίσιν
3115 769 3312 827 ἔδωκεν
3344 773 3372 827 6
3402 776 3611 849 Πατὴρ,
3660 778 3799 851 παρά
3825 783 3923 832 τοῦ

2285 851 2487 929 ἐχθροῦ
2514 855 2606 942 καὶ,
2627 853 2915 942 ἐκδικητοῦ
2947 857 3303 935 ἐλεγχθέντας
3332 861 3420 916 ἐπὶ
3457 862 3695 928 πολλοῖς
3728 865 3924 942 ἐγκλή-

2290 963 2416 1015 μασι
2448 939 2803 1017 παραλαϐὼν,
2837 945 3145 1021 παραδώσει
3175 955 3254 1022 τῷ
3285 953 3548 1028 πράκτορι
3593 959 3674 1027 τῷ
3702 939 3786 1009 ἐπὶ
3813 961 3922 1011 τῶν

2285 1031 2560 1087 κολάσεων
2619 1036 2947 1110 τεταγμένον
3005 1034 3069 1099 ὃς
3127 1037 3286 1114 βαλεῖ
3341 1039 3420 1102 είς
3467 1043 3568 1110 τήν
3630 1043 3868 1120 φυλακὴν
3907 1064 3923 1076 ·

2286 1123 2582 1193 τουτέστιν,
2614 1123 2690 1185 εἰς
2716 1125 2808 1179 τὸν
2852 1125 3018 1180 τόπον
3065 1134 3164 1196 τῆς
3212 1126 3510 1197 κολάσεως,
3544 1128 3596 1186 δῖ
3643 1131 3915 1189 ἐπιπόνων

2292 1211 2565 1287 μαστίγων
2621 1213 2859 1268 ἀπαιτῶν
2919 1217 3009 1270 καὶ
3072 1215 3390 1292 ἐκπράσσων
3454 1219 3621 1297 μέχρι
3677 1223 3765 1278 καὶ
3821 1228 3931 1279 τῶν

2293 1300 2629 1376 μικροτάτων
2711 1303 2798 1358 καὶ
2872 1305 3005 1376 μετά
3076 1310 3530 1385 καταφρονήσεως
3589 1313 3713 1386 παρ’
3768 1315 3928 1385 ἡμῶν

2289 1391 2763 1466 ἁμαρτανομένων.
2798 1395 2890 1448 Διὸ
2924 1390 3283 1469 συμϐουλεύει
3317 1399 3344 1452 6
3376 1398 3595 1474 Κύριος,
3619 1397 3720 1463 ἕως
3769 1402 3930 1476 ἐσμὲν

2290 1477 2341 1532 ἐν
2399 1483 2466 1552 τῇ
2527 1477 2638 1553 ὁδῷ
2712 1483 2843 1554 μετά
2898 1488 2995 1538 τοῦ
3050 1482 3320 1540 ἀντιδίκου
3355 1529 3368 1555 ,
3431 1485 3615 1543 δοῦναι
3679 1489 3930 1566 ἐργασίαν

2290 1567 2648 1644 ἀπηλλάχθαι
2703 1570 2887 1644 αὐτοῦ,
2945 1574 3186 1629 τουτέστι
3262 1581 3434 1631 ποιεῖν
3491 1577 3558 1632 τὰ
3615 1576 3741 1655 ἔργα
3793 1582 3930 1653 πρὸς

2289 1656 2611 1732 ἀπαλλαγὴν
2641 1664 2734 1714 τοῦ
2783 1661 3004 1736 ἐχθροῦ,
3035 1662 3124 1718 καὶ
3179 1665 3253 1736 μή
3286 1664 3567 1738 ἀναμένειν
3595 1670 3724 1723 ποτέ
3754 1669 3936 1745 ἀχθῶ-

2295 1766 2414 1818 μεν,
2446 1747 2610 1802 ὁπότε
2641 1751 2753 1822 (39)
2791 1744 2924 1824 ἔλθῃ
2973 1753 3008 1820 ἡ
3051 1751 3333 1808 τελευταία
3383 1753 3517 1830 ὥρα’
3551 1754 3604 1810 ἐν
3718 1744 3935 1820 ἐπιστὰς

2291 1834 2319 1888 6
2375 1832 2560 1910 ἅρχων
2617 1834 3015 1912 διερευνήσεται
3073 1843 3263 1913 ἡμᾶς’
3325 1842 3385 1905 ὃς
3442 1842 3530 1898 ἐὰν
3590 1843 3775 1901 πολλὰ
3823 1852 3933 1902 τῶν

2290 1924 2479 1979 ἐαυτοῦ
2531 1923 2582 1979 ἐν
2613 1931 2690 1998 τῷ
2743 1927 2848 2004 βίῳ
2895 1931 3054 2001 ἡμῶν
3107 1928 3253 2005 εὕρῃ,
3303 1930 3612 2004 παραδώσει
3661 1937 3810 2008 ἡμᾶς
3848 1942 3936 2009 τῷ

2289 2017 2472 2089 κριτῇ,
2506 2013 2750 2091 ἐλέγχων
2782 2019 2952 2090 ἡμᾶς,
2985 2019 3075 2073 καὶ
3097 2019 3193 2088 τὴν
3223 2018 3445 2096 ἄρνησιν
3482 2023 3558 2095 μὴ
3609 2030 3933 2100 συγχωρῶν,

2293 2103 2728 2177 ὑπομιμνήσκων
2803 2109 2951 2179 ἡμᾶς
3018 2112 3114 2163 τοῦ
3188 2110 3358 2164 τόπου
3417 2109 3468 2165 ἐν
3536 2113 3581 2184 ᾧ
3641 2111 3934 2187 ἐποιοῦμεν

2290 2194 2388 2261 τήν
2425 2194 2710 2269 ἀμαρτίαν,
2744 2197 2817 2252 ὡς
2852 2198 2970 2269 μεθ’
3000 2199 3162 2270 ἡμῶν
3199 2199 3482 2275 ὑπάρχων,
3534 2203 3624 2256 καὶ
3669 2209 3935 2278 συνεργῶν

2291 2284 2425 2354 ἡμῖν
2455 2283 2517 2338 τὸ
2548 2285 2732 2354 κακὸν,
2763 2289 2860 2340 τοῦ
2909 2286 3112 2362 τρόπου
3143 2289 3172 2342 ’ὀ
3206 2291 3318 2362 (40)
3346 2288 3806 2365 ἐπετηδεύσαμεν,
3834 2297 3941 2358 τῆς

2295 2368 2580 2435 διαθέσεως
2630 2375 2746 2448 μεθ’
2793 2375 2861 2443 ἧς
2909 2375 3250 2451 ἡμάρτομεν.
3296 2380 3440 2440 Ἕως
3492 2378 3583 2434 οὖν
3637 2380 3790 2454 ἐσμεν
3838 2383 3942 2437 κύ-

2295 2480 2403 2535 ριοι
2463 2465 2560 2516 τοῦ
2616 2460 2979 2538 ἐργάζεσθαι,
3039 2463 3218 2539 δῶμεν
3275 2466 3520 2544 ἐργασίαν
3579 2470 3942 2547 ἀπηλλάχθαι

2291 2555 2388 2605 τοῦ
2421 2549 2712 2607 ἀντιδίκου.
2763 2555 2856 2608 Καὶ
2920 2556 2971 2609 οἱ
3032 2556 3381 2621 ἀπαιτοῦντες
3431 2558 3768 2632 κυριεύουσιν
3823 2564 3945 2633 (41)

2298 2640 2467 2712 ὑμῶν.
2507 2642 2572 2698 Οἱ
2611 2641 2740 2706 τοὺς
2785 2643 3019 2715 πένητας
3068 2643 3306 2708 πολλοῖς
3357 2646 3670 2725 ὀφλήμασιν
3723 2649 3946 2706 ὑποκει-

2301 2730 2494 2801 μένους
2543 2731 2914 2803 ἀπαιτοῦντες,
2962 2731 3214 2789 ἕλκουσιν
3271 2735 3348 2797 εἷς
3405 2734 3696 2794 δουλείαν.
3755 2737 3945 2794 Καλὸν

2302 2819 2395 2892 μὲν
2447 2820 2557 2887 οῦν,
2612 2823 2686 2892 μή
2741 2822 3110 2897 ὀφλισκάνειν·
3167 2822 3413 2901 δεύτερον
3464 2823 3543 2894 δὲ,
3574 2828 3635 2881 τὸ
3689 2828 3763 2900 μὴ
3799 2829 3950 2884 ἀπο-

2301 2914 2409 2984 ρεῖν
2460 2910 2596 2984 πρὸς
2643 2913 2742 2981 τὴν
2795 2908 3040 2968 διάλυσιν
3087 2918 3182 2968 τοῦ
3233 2915 3578 2992 ὀφλήματος.
3626 2915 3690 2972 Et
3739 2915 3798 2971 δὲ
3839 2920 3955 2989 μή,

2298 3004 2440 3052 πᾶσα
2498 2999 2724 3074 ἀνάγκη,
2787 2998 2982 3056 δοῦλον
3046 3004 3180 3058 εἶναι
3235 3008 3341 3058 τῶν
3396 3004 3743 3080 ἐπαγομένων
3794 3006 3955 3081 αὐτῷ

2299 3088 2664 3158 ἀπαιτήσεων.
2716 3094 2890 3144 Ταῦτα
2938 3089 3028 3146 διὰ
3071 3093 3155 3162 τὸ,
3207 3094 3275 3150 Οἱ
3323 3091 3623 3170 πράκτορες
3654 3095 3807 3167 ὑμῶν
3853 3116 3962 3151 κα-

2301 3174 2584 3249 λαμῖυνται
2625 3179 2783 3252 ὑμᾶς,
2834 3179 2923 3234 καὶ
2974 3181 3027 3235 οἱ
3075 3181 3422 3244 ἀπαιτοῦντες
3454 3185 3566 3258 (42)
3605 3182 3960 3259 κυριεύουσιν

2221 3251 2264 3319 C
2303 3264 2477 3338 ὑμῶν.

2374 3356 2495 3411 118.
2533 3355 2672 3418 Λαός
2729 3377 2853 3430 μου,
2915 3357 2966 3412 οἷ
3029 3359 3410 3436 μακαρίζοντες
3473 3361 3612 3433 ὑμᾶς
3649 3407 3662 3429 ,
3719 3358 3960 3417 πλανῶ-

2301 3460 2380 3496 σιν
2435 3443 2597 3516 ὑμᾶς,
2658 3445 2745 3499 καὶ
2787 3446 2885 3515 τήν
2933 3442 3120 3523 τρίϐον
3179 3453 3284 3503 τῶν
3328 3445 3514 3503 ποδῶν
3564 3449 3716 3521 ὑμῶν
3743 3450 3959 3527 ταράσο

2301 3553 2503 3588 σουσιν.
2565 3534 2631 3590 Οἱ
2681 3534 2781 3589 ὑπὸ
2828 3534 3118 3592 νεανίσκων
3179 3537 3503 3613 ἀρχόμενοι,
3555 3539 3642 3593 καὶ
3700 3538 3803 3593 ὑπὸ
3846 3539 3957 3613 ἐμ-

2299 3627 2540 3676 παικτῶν
2605 3624 3007 3700 κυριευόμενοι,
3056 3628 3112 3681 οἱ
3153 3627 3256 3682 ὑπὸ
3311 3631 3418 3682 τῶν
3471 3628 3794 3704 πρακτόρων
3853 3651 3963 3685 κα-

2301 3708 2645 3784 λαμώμεδοι,
2701 3713 2790 3768 καὶ
2841 3712 2929 3769 διὰ
2956 3715 3018 3770 τὸ
3075 3717 3299 3790 ἀπορεῖν
3354 3716 3493 3792 πρὸς
3547 3718 3645 3786 τὴν
3694 3714 3952 3774 διάλυσιν

2300 3800 2374 3863 εἷς
2431 3799 2679 3856 δουλείαν
2721 3803 3004 3878 ἀγόμενοι,
3052 3805 3140 3860 καὶ
3192 3807 3291 3880 ρὴν
3339 3805 3642 3881 ἐλευθερίαν
3692 3807 3798 3862 ὑπὸ
3845 3816 3959 3878 τῆς

2299 3889 2428 3967 ἄγαν
2504 3891 2688 3954 πενίας
2761 3892 3178 3957 ἀπολωλεκότες
3209 3941 3225 3966 ,
3284 3899 3380 3950 τοῦ
3450 3893 3711 3951 ἐλεεῖσθαι
3780 3895 3957 3969 ἀξίως

2298 3982 2596 4054 πράσσουσι
2651 3979 2861 4053 μᾶλλον
2903 3983 2940 4052 ἢ
2991 3988 3088 4039 τοῦ
3132 3984 3537 4059 μακαρίζεσθαι.
3586 3985 3646 4042 Ὁ
3697 3983 3789 4040 οῦν
3844 4008 3957 4057 μαι

2295 4070 2530 4145 καρίζων
2579 4069 2706 4133 τοὺς
2759 4073 3063 4141 τοιούτους,
3120 4072 3356 4136 κόλακος
3407 4079 3584 4128 ποιῶν
3635 4072 3818 4150 ἔργον,
3860 4095 3965 4129 κα-

2295 4159 2728 4236 ταχαριζόμενος
2778 4162 2925 4237 παρὰ
2969 4162 3030 4217 τὸ
3088 4169 3388 4238 προσῆκον,
3445 4161 3628 4235 πλανᾷ
3682 4161 3958 4240 βλάπτων

2297 4249 2358 4303 οὐ
2391 4250 2602 4324 μέτρια,
2632 4251 2730 4318 τὴν
2780 4248 2865 4305 ἐπὶ
2917 4256 3031 4314 τοῖς
3082 4253 3468 4327 ἁμαρτήμασιν
3507 4251 3759 4322 ατίσθησιν
3788 4254 3958 4330 ἀφαι-

2298 4338 2583 4414 ρούμενος·
2651 4343 2759 4393 τῶν
2820 4338 2876 4395 δὲ
2932 4341 3302 4415 ἀπατωμένων
3364 4340 3450 4396 ἐπὶ
3502 4346 3583 4412 τῷ
3638 4343 3787 4417 παρά
3846 4344 3958 4411 τὴν

2295 4426 2442 4500 ἀξίαν
2509 4433 2836 4504 μακαρισμῷ
2879 4431 2968 4484 καὶ
3025 4432 3060 4500 ἡ
3109 4425 3297 4505 τρίϐος
3349 4434 3458 4486 τῶν
3508 4428 3689 4485 ποδῶν
3751 4451 3965 4486 συντα-

2299 4522 2566 4596 ράσσεται.
2627 4521 2773 4575 Διότι
2806 4522 2860 4574 αἱ
2924 4521 3019 4594 μὲν
3074 4521 3282 4597 θλίψεις
3341 4522 3429 4578 ἐπὶ
3453 4521 3772 4578 ταπείνωσιν
3808 4544 3965 4598 προ-

537 4605 772 4677 quidem
803 4614 1118 4679 provocant
1155 4610 1227 4664 ad
1279 4608 1695 4679 humilitatem,
1731 4609 2026 4667 beatitatis
2055 4628 2183 4668 vero

2298 4609 2607 4665 καλοῦνται’
2643 4611 2670 4664 6
2702 4607 2759 4664 δὲ
2810 4613 3153 4685 μακαρισμὸς
3206 4611 3465 4688 φυσίωσιν
3518 4612 3762 4685 ἐμποιεῖ.
3804 4619 3970 4679 Καθ-

535 4693 947 4768 felicitatisque
1001 4698 1334 4769 praedicatio
1393 4703 1685 4754 tumorem
1745 4701 1898 4771 parit
1945 4705 2001 4756 et
2031 4702 2178 4757 461

534 4784 892 4855 superbiam.
925 4785 1079 4842 Dixit
1111 4794 1302 4843 autem
1357 4788 1702 4860 generatim,
1737 4789 1963 4861 Papa-le.
1996 4790 2185 4846 Nimi-

605 4891 650 4925 ³³
680 4890 848 4947 Joan.
881 4909 935 4960 v,
968 4895 1058 4948 22.
1134 4895 1180 4930 ²⁴
1210 4896 1347 4951 Luc.
1380 4912 1482 4964 xu,
1513 4895 1603 4950 58.

534 5000 592 5076 et
622 4996 963 5076 Theodorus
1007 5000 1170 5076 Beza,
1203 5006 1269 5076 ut
1294 5009 1491 5076 monet
1521 5002 1787 5076 Ducaaus,
1821 5002 1900 5076 ita
1926 5020 2180 5076 quoque

535 5068 595 5152 in
629 5067 859 5194 duobus
911 5067 1352 5143 exemplaribus
1392 5073 1631 5146 legerat,
1665 5067 1782 5149 οὐχ
1804 5067 2042 5149 ιὺρήσέι,
2072 5067 2181 5133 non

536 5155 754 5194 mvenze
784 5182 795 5194 .

934 5359 1138 5436 elhtrcs
1191 5373 1359 5422 mss.,
1403 5357 1691 5436 τρόπουό,
1723 5363 1779 5414 et
1809 5359 1893 5415 ita
1947 5377 2181 5436 quoque

536 5426 814 5504 scribitur
867 5426 930 5504 in_
983 5426 1478 5504 ‘Colb;s_ecundo,
1536 5430 1725 5504 prima
1779 5426 1978 5487 manu:
2039 5426 2176 5504 Reg.

538 5502 804 5570 quartus,
841 5498 1116 5570 cui_t'avet
1146 5499 1304 5554 Colb.
1339 5498 1655 5564 secundus,
1688 5505 1946 5558 secunda
1978 5498 2178 5570 manu,

537 5660 678 5695 eum
734 5660 790 5696 et
844 5660 977 5714 neg.
1034 5660 1282 5714 primus,
1314 5660 1722 5719 ημαρτανομεν.
1761 5660 1871 5702 Αιιι
1923 5663 2182 5720 qumque

537 5727 705 5780 mss.,
739 5711 1078 5786 ἡμάρτομεν.

2298 4698 2431 4754 όλου
2463 4696 2520 4753 δὲ
2570 4700 2734 4756 εἶπεν.
2783 4699 2946 4762 Λαός·
3001 4698 3212 4771 δηλῶν,
3263 4702 3344 4756 ὅτι
3396 4701 3525 4777 οὐχὶ
3565 4699 3722 4765 οὗτος
3781 4703 3972 4776 μόνον

2293 4792 2558 4850 ταπεινῶς
2589 4785 2928 4863 διακείμενος
2977 4791 3112 4864 (43),
3146 4790 3223 4853 ὡς
3276 4790 3327 4844 ἐν
3374 4796 3492 4853 τοῖς
3541 4791 3975 4867 ἀπηριθμημέ-

2505 5005 2646 5080 geg.
2679 5004 2928 5080 primus,
2954 5004 3317 5080 κυριεύσουσι.

2359 5075 2468 5148 (42)
2505 5075 2695 5145 Εάἷῐί,
2723 5075 3067 5139 ἀπαιτοῦντες
3125 5077 3284 5149 ὑμᾶς.
3321 5078 3440 5135 Vox
3488 5076 3696 5135 ultima
3734 5078 3805 5134 in
3839 5096 3974 5138 no-

2291 5149 2428 5203 stris
2461 5165 2560 5204 sex
2592 5165 2734 5222 mas.
2769 5167 2881 5204 non
2926 5149 3239 5206 invenitur.
3275 5151 3494 5207 Ibidem
3530 5151 3666 5222 Reg.
3701 5151 3972 5222 primus

2289 5237 2516 5294 rursus,
2550 5219 2941 5294 κυριεύσουσιν,

2362 5293 2474 5364 (43)
2507 5294 2600 5348 Sic
2620 5291 2999 5350 emendatum
3025 5294 3211 5364 reperi
3243 5292 3302 5347 in
3327 5293 3590 5365 margine
3616 5291 3730 5347 mei
3769 5292 3933 5351 libri
3962 5314 3976 5351 :

2291 5365 2415 5430 sed,
2444 5370 2507 5419 ut
2551 5382 2750 5421 verum
2811 5367 3012 5430 fatear,
3047 5382 3160 5420 non
3220 5366 3414 5420 notavi
3445 5383 3562 5436 qua
3590 5365 3981 5424 auctoritate

2291 5451 2475 5505 quove
2505 5437 2840 5493 testimonio
2875 5437 2928 5491 id
2977 5437 3234 5492 fecerim.
3271 5436 3412 5492 Mihi
3460 5443 3656 5494 tamen
3688 5442 3789 5492 est
3824 5455 3986 5504 per-

2291 5507 2729 5573 suasissimum,
2764 5526 2856 5564 me
2881 5525 2996 5564 non
3025 5510 3359 5578 conjectura
3393 5511 3655 5573 ductum,
3685 5509 3801 5564 sed
3839 5511 3988 5567 ﬁde

2289 5579 2544 5652 alicujus
2574 5581 2791 5636 codicis
2818 5580 3106 5647 innixum,
3141 5581 3221 5635 ita
3251 5582 3590 5652 castigasse.
3622 5580 3989 5652 Vulgatram

2290 5649 2598 5724 lectionem
2641 5668 2797 5724 nunc
2843 5652 3157 5724 ascribam,
3190 5668 3318 5724 quae
3368 5649 3487 5709 haec
3516 5656 3604 5710 est
3638 5671 3650 5709 ε
3685 5649 3992 5710 Κᾶθὸλου

2290 5718 2348 5776 δὶ
2375 5722 2466 5777 καὶ
2495 5728 2599 5786 πᾶς
2630 5724 2657 5777 ὁ
2689 5720 2846 5794 ὶαὸς,
2875 5721 3002 5798 οὐχὶ
3042 5718 3224 5788 οὗτοί
3241 5722 3406 5796 μόνον
3433 5724 3462 5780 6
3493 5743 3635 5781 ουτω
3661 5731 3992 5790 ταπεινῶς
