4130 6210
417 405 519 464 3H
1353 396 1748 458 APPENDIX
1795 394 2119 458 UPEllUM
2171 395 2237 455 S.
2285 395 2564 456 BASILII
2611 395 2882 456 MAGNI.
3711 401 3832 461 312

417 553 542 609 quae
571 535 640 591 ad
676 532 776 590 Dei
817 531 1114 605 justitiam
1157 530 1452 604 pertinent
1481 529 1666 586 oculis
1721 528 1933 600 subjici
1963 529 2063 584 de-

2192 529 2335 598 Dsoii,
2395 524 2476 581 ὅτι
2509 525 2618 603 οὐχ
2673 522 2906 604 ὑπερέϐη
2937 527 2998 582 τὸ
3030 526 3226 604 μέτρον
3255 531 3363 583 τῶν
3393 526 3747 603 ἀδικημάτων
3779 505 3832 587 ὲν

414 627 609 692 beant,
636 623 788 696 quod
819 622 1090 678 videlicet
1137 621 1516 692 iniquitatum
1568 636 1907 676 mensuram
1940 618 2067 674 vin-

2192 619 2254 687 τῷ
2313 614 2514 687 πλήθει
2547 623 2646 686 τῆς
2679 616 2968 692 τιμωρίας,
3030 615 3242 692 εἴρηται
3274 619 3336 673 τὸ
3367 621 3502 692 (50),
3534 617 3708 676 Ἀλλὰ
3740 627 3829 676 νῦν

418 716 583 770 dictis
634 712 1042 785 magnitudine
1095 728 1210 766 non
1258 710 1572 782 superarit,
1596 709 1811 765 idcirco
1843 709 2067 764 dictum

2192 707 2565 775 ιαταστήσεται
2641 705 2716 767 εἰς
2817 705 2990 778 κρίσιν
3083 706 3322 782 Κύριος·
3413 705 3506 762 ’ίνα
3587 709 3648 763 τὸ
3736 713 3830 765 νῦν

419 808 509 860 est
541 821 554 859 :
590 803 693 858 Sed
721 818 870 857 nunc
908 802 1270 856 conslituetur
1317 800 1375 854 in
1418 799 1702 872 judicium
1749 799 2018 854 Dominus
2050 816 2067 852 :

2192 798 2336 849 τοῦτο
2383 799 2464 867 τῷ
2497 791 2758 867 μὲλλοντι
2824 794 2982 850 αἰῶνι
3040 794 3578 866 ἀντιδιαπὲλληται.
3614 800 3683 854 Ἠ
3719 800 3830 872 μή-

422 898 486 947 ut
535 892 824 964 particula
879 907 1029 945 nunc
1085 889 1547 961 distinguatura
1587 890 1782 944 futuro
1836 887 2065 944 saaculo.

2192 904 2308 938 ποτε
2345 883 2428 951 τὸ,
2469 888 2584 952 νῦν,
2645 882 2724 960 ἐφ’
2784 885 2944 957 ἡμῶν
3009 886 3104 957 μὲν
3161 887 3222 940 τὸ
3280 886 3564 958 ἀκαριαῖον
3619 889 3706 942 καὶ
3770 889 3834 942 τὸ

420 986 536 1036 Aut
558 983 702 1036 forte
726 980 892 1045 illud,
913 995 1078 1049 nunc,
1103 979 1254 1050 apud
1291 995 1397 1034 nos
1419 979 1655 1050 quidem
1681 977 1992 1033 minimum
2015 981 2073 1032 et

2192 969 2480 1043 ἱδιαίρετον
2539 977 2634 1027 τοῦ
2674 975 2881 1048 χρόνου
2915 973 3189 1047 σημαίνει⁹
3251 974 3337 1029 ἐπὶ
3371 972 3428 1029 δὲ
3477 980 3610 1030 Θεοῦ
3661 976 3839 1032 πάντα

419 1071 787 1125 individuum
822 1069 1104 1140 temporis
1139 1072 1502 1123 momentum
1537 1067 1827 1139 signiﬁcat
1869 1085 1882 1123 :
1916 1067 2068 1123 462

2192 1061 2313 1116 ιατά
2340 1062 2438 1130 τὴν
2492 1066 2607 1134 τοῦ,
2656 1065 2771 1129 νῦν,
2822 1059 3070 1132 αἴσθησιν
3122 1063 3463 1138 παράκειται.
3508 1061 3679 1120 Οὐδὲν
3729 1066 3835 1142 γὰρ

421 1161 522 1215 sed
557 1159 615 1212 in
650 1159 789 1225 Deo,
815 1159 987 1226 juxta
1028 1156 1514 1226 signiﬁcationem
1563 1158 1722 1212 vocis
1769 1173 1938 1224 nunc,
1971 1157 2071 1210 ad-

2192 1149 2326 1221 ιῦτῷ
2355 1149 2656 1225 παρῆλθεν,
2707 1147 2834 1205 οὐδὲ
2895 1149 3109 1224 μέλλει,
3156 1149 3304 1207 ἀλλά
3351 1153 3525 1208 πάντα
3557 1152 3836 1225 ἐνέστηκε,

416 1250 618 1319 jacent
667 1250 723 1300 et
771 1249 962 1300 astant
1013 1245 1228 1300 omnia.
1266 1244 1419 1301 Nihil
1451 1245 1606 1300 enim
1665 1245 1818 1316 apud
1877 1245 2071 1316 ipsum

2192 1238 2268 1292 ιαὶ
2298 1237 2364 1292 τά
2414 1238 2692 1315 πόρρωθεν
2747 1242 2881 1312 ἡμῖν
2940 1237 3392 1315 προσδοκώμενα,
3429 1241 3504 1304 ὡς
3551 1239 3658 1312 ἤδη
3693 1264 3839 1316 παρα

427 1336 782 1410 przeteritum
841 1338 949 1400 est,
983 1333 1127 1388 nihil
1189 1335 1454 1389 futurum
1488 1350 1501 1389 :
1540 1333 1642 1390 sed
1671 1339 1883 1389 cuncta
1935 1338 2076 1390 sunt

2192 1327 2311 1383 5ντα
2360 1328 2461 1383 ὑπὸ
2507 1332 2603 1384 τοῦ
2660 1328 2804 1393 θείου
2848 1329 3136 1407 ὀφθαλμοῦ
3180 1331 3495 1405 καθορᾶται,
3549 1331 3687 1387 ὥστε
3745 1332 3837 1387 ιτπῖ

427 1423 758 1498 praesentia,
781 1427 832 1478 et
866 1440 988 1493 quae
1021 1421 1223 1494 procul
1255 1440 1285 1477 a
1318 1421 1485 1478 nobis
1519 1422 1713 1477 futura
1741 1426 2076 1494 exspectem

2192 1421 2316 1471 Θεοῦ
2367 1417 2451 1486 τὸ,
2483 1421 2596 1486 νῦν,
2627 1418 2714 1472 καὶ
2746 1419 2835 1472 τὸν
2892 1415 3166 1492 μέλλοντα
3195 1419 3386 1492 αἰῶνα,
3427 1418 3839 1496 συμπαραλαμ-

428 1520 540 1584 tur,
565 1518 848 1584 tanquam
891 1513 1017 1583 jam
1063 1512 1373 1583 praesentia
1404 1528 1437 1566 a
1465 1511 1678 1567 divinis
1725 1513 1909 1568 oculis
1939 1528 2073 1567 con~

2192 1499 2358 1559 ὅάνειν
2391 1508 2524 1579 (51).
2586 1507 2732 1561 Ἐπεὶ
2794 1507 2885 1560 οὗν
2933 1505 2994 1561 οὐ
3058 1509 3266 1582 μακράν
3295 1508 3438 1564 ἐστιν
3471 1509 3547 1571 ὡς
3573 1510 3709 1585 πρὸς
3741 1510 3840 1564 τὸν

427 1602 782 1674 spiciuntur,
816 1601 898 1656 ita
943 1604 1007 1656 ut
1036 1600 1096 1655 in
1127 1601 1242 1656 Deo
1271 1599 1370 1655 illa
1400 1599 1681 1672 temporis
1735 1617 1868 1673 pars
1916 1605 2078 1657 Nunc

2192 1595 2337 1667 Θεὸν,
2396 1595 2424 1648 6
2455 1593 2754 1671 ὡρισμίνος
2779 1601 2879 1665 τῆς
2908 1594 3138 1668 κρίσεως
3178 1597 3388 1671 καιρὸς,
3422 1597 3508 1652 ἰπὶ
3539 1600 3638 1669 τήν
3665 1610 3843 1663 καθο-

431 1707 615 1746 ωνυω
662 1691 838 1745 etiam
901 1691 1162 1745 futurum
1213 1689 1653 1762 complectatur.
1680 1690 1823 1746 Cum
1873 1690 2075 1762 igitur,

435 1783 719 1852 quantum
754 1780 824 1833 ad
852 1779 1036 1834 Deum
1079 1779 1306 1845 attinet,
1342 1795 1454 1834 non
1491 1777 1662 1851 longe
1690 1779 1844 1834 absit
1873 1778 2079 1834 deﬁni-

432 1874 559 1924 tum
594 1867 803 1938 judicii
854 1873 1110 1939 tempus,
1145 1883 1342 1922 vocem
1374 1867 1526 1922 hanc
1573 1885 1717 1924 nunc
1745 1869 1816 1924 ad
1849 1868 2082 1924 univer-

437 1957 558 2014 sale
579 1956 872 2028 judicium
913 1957 1112 2012 rei‘erri
1145 1956 1440 2013 duximus.
1471 1957 1841 2014 Constituetur
1887 1966 2080 2014 autem

439 2050 501 2104 in
520 2045 817 2118 judicium.
852 2045 1118 2101 Declarat
1155 2046 1408 2102 rationes
1453 2047 1695 2118 justiﬁes
1743 2064 1883 2115 ευω,
1907 2048 2081 2118 juxta

442 2152 590 2207 quas
622 2136 694 2191 ob
737 2136 866 2208 ipsa
896 2152 1073 2207 opera
1101 2151 1326 2207 mquam
1359 2135 1420 2191 in
1463 2136 1767 2192 sumendis
1791 2136 2080 2208 ejusmodi

435 2225 745 2299 suppliciis
774 2225 958 2280 vicem
988 2225 1226 2281 adhibet
1258 2241 1272 2280 :
1301 2223 1385 2281 sic
1416 2229 1481 2281 ut
1520 2225 1560 2280 ii
1601 2226 1775 2282 etiam
1809 2227 1910 2299 qui
1939 2243 2075 2282 con-

433 2315 808 2382 demnentur,
842 2313 1218 2385 pronuntiato
1251 2315 1559 2372 adversum
1599 2331 1661 2372 se
1691 2314 1915 2386 judicio
1947 2320 2073 2371 tan-

433 2419 612 2474 quam
636 2402 971 2472 justissima
1003 2402 1417 2458 assentiantur.

504 2510 625 2564 120.
660 2511 733 2565 Et
758 2510 912 2565 sistet
947 2511 1007 2563 in
1045 2509 1322 2581 judicium
1364 2511 1633 2582 populum
1663 2510 2073 2568 Israeliticum.

428 2598 772 2670 (Quicunque
790 2599 944 2654 enim
977 2599 1034 2653 in
1067 2599 1183 2668 lege
1204 2609 1580 2671 peccaverunt,
1605 2617 1704 2672 per
1735 2601 1907 2672 legem
1924 2600 2075 2672 judi-

426 2688 704 2743 cabuntur
725 2688 816 2758 3'.)
847 2687 1231 2758 Nequaquam
1264 2694 1455 2744 autem
1488 2690 1839 2745 sententiam
1878 2707 2074 2762 parem

426 2775 766 2849 prolaturus
797 2781 886 2831 est
917 2775 974 2830 in
1008 2775 1262 2848 reliquos
1295 2777 1558 2849 populos.
1586 2778 1731 2834 Nam
1762 2780 2079 2850 Quicunque

423 2866 549 2920 sine
578 2865 694 2934 lege
718 2875 1108 2936 peccaverunt,
1132 2867 1252 2921 sine
1282 2867 1396 2937 lege
1425 2869 1594 2922 etiam
1612 2869 1874 2940 peribunt
1894 2868 1960 2924 ³³.
1986 2869 2076 2936 Et,

429 2955 594 3026 Impii
624 2971 735 3010 non
765 2963 1048 3026 resurgant
1075 2957 1136 3009 in
1155 2955 1368 3026 judicio
1387 2956 1454 3023 ³⁴,
1489 2960 1587 3012 sed
1628 2957 1686 3012 in
1720 2958 2076 3013 condemna-

429 3043 607 3098 tione.
639 3042 940 3098 Judicium
974 3047 1170 3098 autem
1202 3050 1292 3099 est
1322 3061 1498 3116 penes
1520 3061 1754 3101 omnem
1791 3045 2079 3118 legislato-

433 3148 554 3186 rem
588 3130 648 3185 in
681 3148 779 3186 eos
829 3131 928 3202 qui
969 3133 1292 3188 secundum
1323 3132 1511 3204 legem
1559 3134 1633 3190 ab
1684 3150 1752 3189 eo
1799 3135 2076 3207 scriptam

426 3217 788 3289 judicantur,
811 3236 947 3276 cum
978 3224 1035 3275 et
1064 3237 1129 3276 ea
1150 3237 1277 3292 quae
1308 3226 1438 3276 acta
1464 3227 1622 3291 sunt,
1643 3226 1699 3278 et
1728 3221 2078 3295 legislaloris

2188 1682 2348 1752 λικήν
2423 1683 2598 1758 κρίσιν
2673 1684 3022 1762 ἀναφέρεσθαι
3104 1686 3166 1739 τὸ
3259 1689 3349 1740 νῦν
3449 1683 3840 1765 ἐξειλήφαμεν.

2189 1774 2590 1843 Καταστήσεται
2645 1770 2703 1828 δὶ
2756 1772 2830 1836 εἷς
2889 1773 3086 1848 κρίσιν,
3146 1773 3392 1845 ἑξαπλῶν
3448 1775 3576 1838 τοὺς
3634 1773 3846 1852 λόγους

2187 1869 2290 1932 τῆς
2334 1859 2680 1934 δικαιοσύνης
2709 1863 2897 1934 αὐτοῦ,
2929 1864 3046 1927 καθ’
3079 1863 3171 1924 οὕς
3202 1865 3314 1938 (52)
3347 1863 3433 1919 ἰπὶ
3481 1869 3596 1928 τοῖς
3649 1865 3845 1929 αὐτοῖς

2190 1949 2372 2027 ἔργοις
2432 1948 2643 2007 δικαίαν
2695 1957 2929 2008 ποιεῖται
2984 1957 3093 2008 τῶν
3146 1950 3375 2008 τοιῶνδε
3400 1953 3676 2010 κολάσεων
3735 1957 3841 2025 τήν

2193 2038 2570 2111 ἀνταπόδοσιν,
2621 2039 2756 2096 ὥστε
2811 2041 2900 2097 καὶ
2928 2041 3059 2104 τοὺς
3088 2039 3615 2117 καταδικαζομένους
3654 2044 3842 2100 συντί-

2190 2131 2373 2185 θεσθαι
2399 2133 2497 2202 τήν
2529 2132 2646 2186 κατ’
2675 2131 2848 2187 αὐτῶν
2881 2131 3276 2210 ἀποφανθεῖσαν
3306 2132 3478 2208 κρίσιν
3513 2133 3584 2196 ὡς
3623 2131 3842 2190 δικαιο-

2187 2218 2377 2290 τάτην.

2260 2508 2380 2562 120.
2441 2503 2539 2560 Καὶ
2593 2501 2777 2576 στήσει
2834 2505 2910 2568 εἷς
2952 2507 3127 2582 κρίσιν
3161 2509 3252 2562 τὸν
3309 2506 3440 2563 λαὸν
3484 2509 3575 2564 τὸν
3625 2512 3849 2584 Ἰσραη-

2187 2594 2394 2650 λιτικὸν
2445 2596 2618 2667 (Ὃσοι
2681 2593 2783 2670 γὰρ
2843 2594 2897 2650 ἐν
2955 2595 3112 2669 νόμῳ
3163 2595 3408 2670 ἥμαρτον
3440 2640 3453 2666 ,
3518 2594 3607 2652 διὰ
3663 2599 3847 2671 νόμου

2185 2685 2587 2758 κριθήσονται),
2641 2683 2770 2746 τοὺς
2830 2681 2887 2739 δὲ
2939 2685 3169 2748 λοιποὺς
3220 2684 3386 2748 λαοὺς
3444 2686 3643 2742 οὐκέτι·
3697 2685 3846 2744 διότι

2186 2773 2342 2831 Ὅσοι
2399 2771 2615 2846 ἀνόμως
2672 2773 2918 2847 ἥμαρτον
2956 2817 2970 2843 ,
3026 2773 3245 2848 ἀνόμως
3303 2777 3395 2830 καὶ
3453 2777 3795 2832 ἀπολοῦνται
3827 2799 3841 2813 ο

2183 2860 2302 2930 καὶ,
2391 2862 2457 2918 Οἱ
2541 2856 2752 2925 ἀσεϐεῖς
2843 2863 2946 2917 οὐκ
3027 2863 3417 2934 ἀναστήσονται
3500 2865 3550 2920 ἐν
3639 2866 3844 2941 κρίσει,

2181 2947 2309 3006 ἀλλ’
2363 2949 2414 3005 ἐν
2470 2950 2800 3024 κατακρίσει.
2860 2951 3026 3006 Παντὶ
3089 2949 3146 3007 δὶ
3205 2955 3472 3028 νομοθέτῃ
3533 2957 3650 3026 (53)
3700 2957 3846 3030 πρὸς

2181 3037 2308 3101 τοὺς
2335 3039 2470 3093 κατά
2495 3039 2586 3094 τὸν
2651 3039 2736 3093 ὑπ’
2786 3038 2951 3094 αὐτοῦ
3004 3043 3382 3116 γεγραμμένον
3434 3043 3599 3115 νόμον
3650 3063 3843 3119 κρινο-

2191 3129 2389 3202 μὲνους
2437 3127 2616 3202 κρίσις
2646 3127 2785 3183 ἐστὶν
2828 3127 2880 3184 ιν
2929 3133 2999 3203 τῇ
3049 3129 3389 3206 παρεξετάσει
3445 3139 3545 3202 τῆς
3589 3153 3648 3187 τε
3696 3135 3842 3209 πρά-

2188 3218 2320 3290 ξεως
2349 3216 2436 3270 καὶ
2488 3220 2585 3271 τοῦ
2637 3215 2988 3292 βουλήματος
3035 3221 3130 3272 τοῦ
3185 3220 3508 3292 νομοθέτου.
3560 3222 3655 3276 Διὸ
3685 3224 3776 3278 καὶ
3813 3223 3842 3276 6

426 3283 703 3362 voluntas
760 3283 913 3362 inter
968 3323 1030 3363 se
1087 3283 1524 3381 comparantur.
1578 3283 1941 3384 Quapropter
1997 3312 2078 3368 ait

2192 3283 2415 3380 Κύριος.
2475 3305 2536 3361 Ὀ
2589 3283 3007 3384 λόγοςμξρησὶν,
3058 3306 3115 3362 δν
3166 3283 3431 3379 ἐλάλησα,
3484 3309 3645 3373 αὐτὸς
3695 3312 3841 3384 ὑμᾶς

427 3395 609 3451 etiam
640 3395 926 3452 Dominus
961 3414 973 3451 :
1008 3396 1195 3453 Sermo
1226 3414 1386 3470 quem
1429 3400 1644 3454 locutus
1671 3416 1816 3469 sum,
1847 3402 1963 3473 ipse
1991 3417 2079 3456 vos

425 3485 698 3552 iudicabit
730 3485 775 3519 ³⁵
807 3503 826 3540 ,ο
861 3484 1074 3557 quippe
1115 3486 1496 3559 cogitationes
1539 3487 1651 3544 sibi
1699 3488 1944 3544 invicem
1976 3489 2081 3544 ad-

425 3576 760 3638 versantur,
792 3579 918 3628 tum
968 3590 1036 3629 ea
1067 3591 1193 3645 quae
1225 3592 1258 3630 a
1289 3574 1536 3631 Domino
1563 3577 1920 3650 suggeritur,
1954 3583 2079 3633 tum

426 3678 497 3717 ea
529 3678 657 3733 quis
697 3663 767 3717 ad
815 3667 1120 3733 peccatum
1175 3663 1401 3720 invitat.
1437 3669 1608 3736 Nam,
1651 3667 1822 3738 juxta
1850 3666 1993 3724 Osee
2015 3667 2079 3737 ³⁸,

430 3751 886 3807 circumdabant
928 3769 1413 3826 unumquemque
1459 3754 1839 3827 cogitationes
1869 3755 2080 3828 ipsius.

432 3840 780 3896 Videbimus
811 3841 966 3896 enim
999 3841 1175 3896 simul
1209 3842 1407 3898 omnia
1431 3861 1606 3915 opera
1627 3846 1795 3901 nobis
1825 3862 1928 3917 per
1958 3862 2081 3901 me-

436 3929 682 3986 moriam
705 3929 881 3985 veluti
903 3931 1178 4002 astantis,
1205 3935 1378 4004 atque
1408 3950 1476 3989 ex
1501 3935 1743 3990 adversa
1774 3935 1917 3990 facie
1946 3951 2077 3990 cum

438 4017 690 4090 propriis
723 4019 927 4075 formis
958 4020 1135 4076 menti
1168 4026 1384 4078 nostra:
1427 4023 1673 4094 objecta,
1699 4033 1868 4094 prout
1897 4039 2080 4078 unum

439 4108 716 4178 quodque
746 4107 833 4164 vel
863 4112 1118 4180 gestum,
1151 4110 1238 4165 vel
1282 4111 1574 4182 prolatum
1623 4117 1730 4167 est.
1766 4112 2082 4183 Postquam

437 4195 590 4251 enim
625 4196 926 4264 Dominus,
947 4198 1099 4269 quod
1123 4199 1192 4253 ad
1217 4199 1478 4270 gentium
1503 4217 1536 4254 a
1556 4215 1620 4254 se
1641 4204 2082 4270 assumptarum

437 4301 639 4340 curam
671 4287 897 4355 attinet,
922 4301 990 4341 ea
1033 4289 1231 4342 omnia
1260 4304 1386 4358 qua
1435 4289 1691 4344 muneris
1733 4287 1892 4344 illius
1921 4294 2080 4360 sunt,

435 4373 676 4429 omnino
699 4373 1040 4445 praestitisse
1063 4391 1124 4428 se
1146 4376 1422 4440 ostendit,
1447 4381 1574 4430 tum
1600 4377 1814 4432 dicitur
1833 4377 2081 4450 vincere,

436 4479 567 4518 cum
599 4464 754 4534 apud
786 4480 892 4517 nos
925 4462 1313 4533 judicatur".
1348 4465 1499 4519 Sane
1547 4464 1703 4520 haud
1755 4468 2080 4538 putandum

435 4555 524 4605 est
550 4550 802 4606 multum
823 4551 1105 4622 temporis
1123 4557 1539 4624 consumptum
1560 4552 1651 4622 iri,
1669 4557 1728 4609 ut
1747 4571 1809 4611 se
1831 4555 2082 4628 quisque

2188 3397 2380 3467 κρινεῖ·
2430 3392 2514 3448 δτι
2565 3395 2618 3448 οἱ
2666 3392 2928 3470 λογισμοὶ
2961 3394 3236 3467 ἀλλήλοις
3267 3397 3756 3462 ἀντικαθίστανται·
3812 3402 3845 3455 6'

2187 3501 2246 3536 τε
2291 3481 2438 3556 παρά
2492 3486 2589 3536 τοῦ
2633 3481 2839 3558 Κυρίου
2899 3480 3254 3556 ὁποϐληθεὶς,
3304 3489 3391 3542 καὶ
3453 3489 3480 3542 6
3547 3489 3687 3562 πρὸς
3739 3490 3842 3559 τὴν

2191 3570 2454 3644 ἁμαρτίαν
2513 3569 2963 3646 ἆκκαλεσάμενος.
3020 3573 3163 3629 Κατά
3205 3576 3310 3650 γὰρ
3361 3577 3452 3631 τὸν
3500 3577 3679 3648 Ὠσηὶ,
3741 3599 3842 3633 κυ-

2189 3656 2390 3714 κλώσει
2447 3656 2666 3714 ἕκαστον
2725 3661 2791 3715 τὰ
2848 3656 3137 3718 διαϐούλια
3193 3664 3381 3722 αὐτοῦ,
3437 3666 3715 3740 Ὠψόμεθα
3737 3669 3843 3742 γὰρ

2191 3747 2304 3821 ἅμα
2344 3749 2515 3803 πάντα
2563 3749 2732 3804 οἱονεὶ
2762 3754 3084 3825 παρεστῶτα
3139 3753 3276 3824 ἡμῖν
3329 3752 3395 3807 τὰ
3451 3748 3580 3828 ἔργα
3619 3751 3710 3809 διὰ
3737 3762 3844 3826 τῆς

2195 3840 2444 3911 μνήμης,
2495 3836 2585 3892 καὶ
2650 3838 2947 3915 φαινόμενα
3011 3838 3396 3916 ἀντιπρόσωπα
3472 3847 3540 3916 τῇ
3621 3840 3844 3917 διανοίᾳ

2191 3929 2351 4000 ἡμῶν
2401 3925 2533 4000 μετᾶ
2573 3931 2680 3982 τῶν
2727 3924 2879 3983 ἲδίων
2917 3928 3118 3998 τόπων,
3149 3930 3224 3994 ὡς
3253 3927 3472 3986 ἕκαστον
3508 3933 3842 4009 πέπρακται,

2191 4017 2226 4084 ἢ
2259 4016 2334 4078 ὡς
2367 4014 2686 4087 λελάληται.
2744 4015 2992 4072 Ἐπειδὰν
3041 4020 3144 4094 γὰρ
3176 4018 3412 4095 ἐπιδείξῃ
3464 4024 3533 4076 τὰ
3563 4025 3684 4087 καθ’
3715 4025 3846 4079 ἑαυ-

2189 4103 2281 4158 τόν
2330 4105 2503 4159 πάντα
2559 4104 2868 4169 ἀνελλιπῶς
2900 4108 3240 4178 πεποιηκότα
3269 4111 3390 4183 περὶ
3423 4112 3520 4180 τήν
3554 4109 3626 4165 ὦν
3679 4111 3845 4184 εἰλη-

2193 4215 2284 4272 φεν
2339 4193 2502 4249 ἐθνῶν
2557 4193 2872 4267 ἐπιμέλειαν
2905 4198 2932 4251 6
2964 4195 3185 4273 Κύριος,
3217 4204 3369 4270 νικᾷν
3401 4197 3616 4276 λέγεται
3673 4201 3725 4256 ἐν
3758 4207 3844 4275 τῷ

2191 4283 2457 4360 κρίνεσθαι
2510 4283 2646 4359 πρὸς
2695 4289 2861 4357 ἡμᾶς.
2913 4285 2989 4343 Οὐ
3054 4288 3160 4359 μὴν
3193 4288 3426 4363 χρόνους
3474 4309 3534 4363 γε
3565 4293 3845 4364 ’προσήκει

2191 4372 2435 4446 νομίζειν
2505 4371 3049 4444 καταναλωθήσεσθαι
3132 4375 3207 4438 εἷς
3282 4376 3346 4432 τὸ
3410 4374 3633 4432 ἕκαστον
3701 4377 3841 4434 ἰδεῖν

2191 4463 2374 4518 ἑαυτὸν
2431 4461 2563 4535 μετά
2615 4466 2723 4516 τῶν
2783 4462 2974 4518 ἑαυτοῦ
3024 4465 3303 4542 πράξεων,
3356 4466 3445 4520 καὶ
3501 4467 3592 4521 τὸν
3641 4469 3843 4542 κριτὴν

2190 4551 2280 4606 καὶ
2309 4550 2375 4606 τά
2429 4548 2701 4615 ἀκόλουθα
2724 4556 2803 4623 τῷ
2835 4553 2963 4626 θείῳ
3006 4551 3341 4630 δικαστηρίῳ
3369 4554 3556 4634 ἀφάτῳ
3609 4555 3845 4630 δυνάμει

436 4656 572 4694 cum
631 4639 966 4696 actionibus
1027 4640 1150 4695 suis
1207 4641 1543 4713 conspicere
1599 4643 1821 4713 valeat;
1865 4645 2078 4717 quippe

2192 4635 2241 4693 ἐν
2289 4638 2431 4714 ῥοπῇ
2481 4642 2671 4713 καιροῦ
2719 4641 3180 4717 φαντασιουμὲνου
3222 4647 3318 4698 τοῦ
3348 4647 3465 4716 νοῦ,
3513 4645 3600 4698 καὶ
3661 4647 3845 4701 πάντα

436 4728 672 4783 animus
723 4727 776 4782 vi
826 4727 1240 4800 inexplicabili,
1274 4737 1572 4788 momento
1619 4735 1922 4806 temporis,
1954 4739 2080 4791 tum

431 4815 717 4887 judicem,
750 4821 873 4871 tum
905 4835 1029 4888 quis
1063 4817 1259 4874 divino
1305 4819 1531 4891 judicio
1579 4823 1892 4894 conjuncta
1921 4829 2079 4894 sunt,

440 4904 551 4959 sibi
607 4904 733 4977 ipse
777 4905 979 4978 ﬁnget.
1013 4907 1243 4980 sibique
1297 4911 1736 4982 repraesentabit
1765 4913 1980 4981 omnia,
2014 4928 2082 4968 ac

438 4991 595 5049 velut
644 4994 701 5050 in
762 4995 1021 5068 speculo,
1053 5013 1256 5054 eorum
1289 5015 1413 5072 quae
1452 5005 1616 5074 gesta
1670 5005 1810 5058 sunt
1861 5001 2082 5059 formas

437 5082 559 5137 acie
589 5083 805 5139 mentis
838 5086 1230 5144 contuebitur.

2190 4729 2706 4805 ἀναζωγραφοῦντος
2763 4728 2957 4803 ὲιουτῷ,
2989 4729 3078 4785 καὶ
3111 4731 3276 4787 οἷονεί
3317 4731 3367 4786 ἐν
3417 4732 3711 4809 κατόπτρῳ
3755 4740 3843 4808 τῷ

2189 4815 2502 4892 ἡγεμονικῷ
2560 4815 2850 4891 ἐνορῶντες
2907 4818 3033 4884 τοὺς
3087 4821 3288 4883 τύπους
3360 4826 3470 4877 τῶν
3524 4824 3844 4900 πεπραγμὲς

2187 4925 2317 4964 νων.

501 5264 549 5301 ³⁸
579 5263 739 5320 Rom.
772 5283 834 5333 ιι,
870 5269 954 5322 12.
1031 5269 1076 5303 ⁸³
1104 5268 1249 5324 ibid.
1323 5270 1370 5304 ³⁴
1397 5269 1551 5326 Psal.
1585 5287 1625 5341 ι,
1658 5271 1711 5325 5.
1789 5270 1834 5307 ⁸⁵
1861 5274 2029 5327 Joan.
2062 5288 2078 5326 ι

2199 5269 2284 5324 48.
2359 5267 2404 5303 ⁸⁸
2435 5267 2563 5322 Ose.
2599 5285 2701 5336 vn,
2732 5272 2785 5323 2.
2862 5270 2906 5303 ³⁷
2939 5270 3088 5326 Psal.
3123 5287 3173 5340 L,
3203 5273 3259 5328 6.

501 5444 612 5516 (50)
647 5445 731 5521 ita
777 5449 916 5518 Reg.
951 5451 1216 5521 quartus.
1254 5449 1422 5504 Deest
1463 5445 1525 5501 τό
1557 5448 1615 5503 in
1650 5449 1780 5506 aliis
1812 5449 2074 5521 quinque

433 5532 579 5590 mss.
611 5516 754 5590 et‘in
789 5516 1164 5590 pervulgatis.

647 5584 883 5664 Yeteres
915 5584 1165 5664 quatuor
1196 5589 1349 5656 libri,
1382 5584 1942 5664 συμπεριλαμϐάνειν.

504 5661 616 5739 ῥ’ὶ)
649 5659 798 5714 Editi
830 5664 887 5739 et
916 5659 1374 5739 quinque_mss.,
1397 5659 1592 5739 καθῴς·
1625 5659 1728 5739 sed
1762 5682 1863 5739 pro
1892 5667 2072 5729 καθώς

432 5725 491 5780 in
514 5725 666 5800 Reg.
701 5735 908 5801 quarto
930 5725 1154 5791 rectius
1181 5725 1412 5807 legitur,
1442 5725 1569 5791 καθί
1589 5733 1700 5798 οὕς.

2255 5446 2368 5519 (53)
2401 5444 2527 5513 Hic,
2557 5451 2620 5502 ut
2649 5463 2802 5519 stepe
2831 5446 2998 5524 alias,
3023 5450 3276 5524 graviter
3300 5449 3850 5524 offenderuntope-

2185 5535 2278 5583 rae,
2306 5534 2440 5590 qua:
2473 5532 2605 5590 cum
2640 5535 2707 5574 ex
2741 5536 2882 5574 mss.
2916 5521 3208 5577 edendum
3250 5526 3426 5590 esset,
3459 5522 3617 5576 παντῖ
3651 5520 3708 5576 δὲ
3737 5520 3848 5579 ξιο-

2188 5587 2410 5716 μοθὲιξῃ,
2445 5587 2600 5645 aliud
2658 5591 2982 5664 cogitantes
3035 5595 3266 5651 edidere
3313 5587 3510 5651 tamen
3561 5595 3732 5649 πάντα
3777 5591 3846 5651 δὶ

2188 5681 2320 5716 νομο
2360 5679 2487 5716 ιτιι.

2181 5679 2487 5736 νομουετεηι.
