4048 6220
374 335 497 396 315

1327 345 1719 409 APPENDIX
1761 352 2088 415 OPEBUM
2131 353 2195 416 S.
2239 355 2522 419 BASILII
2565 358 2840 422 MAGNI.

3663 363 3782 423 316

381 486 517 525 nam
550 486 616 526 ac
647 487 751 542 per
791 471 946 529 bona
981 475 1110 531 vitae
1142 477 1378 549 privatae
1432 481 1696 554 exempla
1753 501 1868 540 non
1923 501 2018 542 ex-

2145 483 2595 564 δοτριϐουμὲνου.
2654 486 3012 569 Ιῐρεσϐύτεροι
3045 493 3147 547 οῦν.
3167 493 3260 548 καὶ
3289 490 3567 571 ἄρχοντες,
3617 494 3670 550 οἱ
3706 497 3779 569 μὴ

381 559 632 615 colimus
679 561 928 631 vineam,
962 564 1170 622 horum
1218 569 1642 626 accusabimur.
1681 573 1795 630 Nec
1826 574 2030 632 imme-

381 648 494 704 rito
527 665 734 705 sumus
791 653 1049 710 audituri
1093 655 1236 712 illud
1272 673 1285 713 :
1320 661 1383 714 Et
1429 662 1630 732 rapina
1673 667 1940 738 pauperis
1967 668 2028 721 in

382 737 635 794 domibus
680 743 904 804 vestris;
934 744 980 797 si
1015 761 1138 815 quae
1170 762 1449 805 concessa
1504 755 1643 806 sunt
1701 770 2023 826 pauperum

381 826 870 884 sublevandorum
927 847 1138 902 causa,
1197 835 1355 892 domi
1413 837 1790 915 retineamus,
1849 847 2027 916 atque

384 915 706 992 spoliemus
737 917 1084 996 indigentes.

453 1189 574 1244 122.
608 1189 784 1245 Vens.
819 1191 903 1245 15.
941 1192 1082 1260 Quid
1110 1211 1204 1251 vos
1247 1198 1458 1270 injuria
1505 1200 1733 1270 afﬁcitis
1757 1203 2023 1274 populum

379 1296 585 1347 meum,
617 1285 671 1336 et
699 1282 912 1338 vultum
938 1301 1244 1357 pauperum
1271 1293 1650 1361 confunditis?
1678 1293 1922 1366 Mosjest
1950 1294 2022 1349 iis

379 1371 480 1443 qui
514 1369 792 1442 injuriam
826 1371 1104 1446 inferunt,
1138 1380 1196 1432 et
1223 1377 1605 1450 spoliant,ut,
1638 1398 1771 1437 eum
1803 1401 1836 1438 a
1869 1382 2022 1438 laesis

377 1459 843 1533 expostulantur,
878 1464 1250 1522 contumeliis
1291 1472 1348 1524 et
1389 1470 1665 1527 conviciis
1695 1471 1856 1544 ipsos
1883 1489 2021 1529 con-

376 1549 656 1619 fundant,
714 1550 1136 1622 vilipendentes
1192 1572 1259 1611 ac
1313 1556 1518 1631 plagas
1574 1563 2021 1634 comminantes,

375 1654 592 1710 eosque
649 1641 932 1710 tanquam
991 1641 1259 1714 litigandi
1318 1647 1562 1718 cupidos
1620 1651 2018 1708 traducentes.

377 1729 582 1799 Itaque
621 1744 735 1783 non
770 1729 959 1785 solum
1006 1731 1108 1802 ait,
1140 1733 1363 1804 Injuria
1406 1738 1641 1794 efﬁcitis
1685 1756 2022 1814 pauperem,

380 1815 482 1888 qui
514 1815 682 1872 facile
738 1822 928 1889 potest
979 1820 1242 1892 spoliari,
1273 1825 1486 1898 cuique
1537 1831 1736 1901 utpote
1787 1830 2024 1888 auxiliis

380 1907 662 1964 destituto
693 1907 849 1964 haud
882 1911 1198 1970 difﬁculter
1237 1922 1520 1986 parantur
1562 1919 1807 1990 insidias,
1839 1923 1943 1978 sed
1973 1930 2028 1978 et

384 1996 623 2052 additur
654 2013 667 2054 :
700 1998 1072 2057 Confunditis
1111 2003 1308 2061 vultus
1357 2023 1700 2080 pauperum.
1735 2011 2024 2068 Pudorem

383 2101 500 2158 quo
544 2101 612 2142 ex
661 2086 825 2144 illata
881 2088 1098 2160 injuria
1149 2094 1302 2150 affici
1334 2095 1687 2168 debueratis,
1718 2100 2028 2173 tyrannide

381 2178 576 2232 vestra
618 2176 677 2232 in
711 2193 999 2250 pauperes
1029 2183 1365 2241 refunditis.
1397 2186 1797 2246 Subornantes
1826 2194 2023 2260 testes,

381 2265 650 2322 mercede
679 2267 1006 2325 eonducitis
1040 2275 1339 2343 patronos,
1370 2279 1748 2351 corrumpitis
1769 2280 2024 2351 judices,

381 2354 565 2410 donec
593 2358 803 2426 praeter
823 2355 1109 2429 reliquam
1139 2360 1506 2433 iniquitatem
1531 2367 1815 2438 pudorem
1847 2369 2022 2424 etiam

379 2459 445 2499 ex
476 2442 857 2516 sycophantia
895 2451 1088 2503 ortum
1131 2449 1188 2505 in
1244 2468 1531 2522 pauperes
1578 2457 2022 2516 transtuleritis.

379 2531 488 2588 Sed
522 2536 582 2588 at
617 2531 766 2589 alias
808 2534 1162 2595 incurrimus
1211 2540 1270 2596 in
1320 2543 1560 2614 crimen,
1593 2562 1728 2602 cum
1757 2547 1829 2604 ob
1866 2548 2026 2620 paria

379 2618 594 2678 delicta
641 2637 927 2694 pauperes
971 2626 1184 2684 acriter
1225 2627 1573 2690 lacessimus
1607 2651 1620 2691 :
1653 2636 1755 2708 qui
1799 2618 2026 2694 scilicet

380 2710 699 2782 prodamus
729 2714 884 2772 404
910 2715 1148 2786 quidem
1180 2735 1381 2776 eorum
1417 2732 1668 2794 peccata,
1696 2727 2024 2799 probroque

377 2799 536 2855 omni
591 2800 878 2872 adhibito,
913 2805 1128 2877 Deique
1155 2808 1276 2865 zelo
1321 2811 1380 2866 in
1428 2828 1713 2884 pauperes
1765 2821 2022 2885 ostenso,

377 2886 486 2944 hoc
519 2895 686 2961 pacto
709 2890 906 2949 vultus
936 2894 1200 2966 ipsorum
1234 2900 1684 2960 confundamus.
1719 2905 1866 2970 Quia
1889 2924 2022 2964 vero

379 2977 646 3034 nonnulli
705 2997 992 3054 pauperes
1029 2985 1305 3043 dicuntur
1356 2990 1508 3046 beati
1535 2992 1599 3064 3°,
1634 2995 1734 3065 qui
1790 2997 2024 3068 pietatis

377 3081 559 3123 causa
615 3071 910 3141 aspernati
962 3080 1101 3131 sunt
1151 3078 1370 3146 omnia,
1403 3085 1581 3154 atque
1637 3085 2024 3157 acquirenda-

380 3172 512 3213 rum
552 3157 654 3214 Dei
706 3159 1041 3220 divitiarum
1093 3182 1198 3238 spe
1252 3170 1466 3238 educti,
1501 3174 1829 3231 mundanas
1885 3192 2025 3248 opes

379 3244 551 3301 nihili
608 3247 1007 3321 aestimarunt;
1054 3256 1289 3326 quando
1326 3257 1368 3313 ii
1400 3261 1500 3332 qui
1557 3263 1710 3320 male
1763 3243 2026 3337 praesunt
2054 3243 2097 3313 Ο

381 3334 619 3425 populo,
639 3352 773 3392 cum
799 3338 1138 3410 hujusmodi
1171 3361 1456 3419 pauperes
1480 3349 1682 3408 beatos
1713 3334 2028 3425 praedicare

381 3423 746 3496 debuissent,
785 3443 886 3484 eos
931 3430 1389 3506 calumniantur,
1420 3423 1924 3515 vilipendu'ntque,
1971 3449 2027 3501 et

380 3515 908 3573 commendabilem
961 3535 1162 3576 eorum
1219 3522 1611 3584 humilitatem
1663 3533 2025 3605 contemptui

381 3601 621 3667 habent,
653 3609 778 3660 tum
812 3608 1020 3664 merito
1049 3611 1458 3685 objurgantur,
1479 3619 1730 3676 maxime
1761 3621 1809 3678 si
1841 3601 2029 3680 senio-

381 3707 475 3748 res
507 3691 630 3749 sint
658 3697 759 3750 aut
785 3695 1100 3770 principes,
1117 3701 1405 3773 siquidem
1438 3713 1775 3765 sanctorum
1809 3728 2028 3784 paupe-

382 3796 515 3836 rum
548 3781 808 3840 vultibus
837 3785 1132 3845 incutiunt
1158 3792 1459 3863 pudorem.
1485 3796 1740 3856 Joannes
1771 3781 1895 3856 erat
1922 3781 2027 3856 hu-

373 3870 643 3964 jusm-odi
661 3888 900 3947 pauper,
920 3877 1160 3935 domum
1183 3898 1297 3940 non
1317 3882 1560 3956 habens,
1580 3905 1694 3944 non
1713 3890 2025 3964 famulum,

382 3975 500 4017 non
539 3961 742 4019 bovem
791 3970 1102 4038 aratorem,
1133 3987 1248 4027 non
1299 3974 1575 4047 agellum,
1609 3995 1726 4035 non
1782 3961 2024 4052 lectum,

381 4065 499 4105 non
531 4067 765 4122 panem.
798 4054 958 4112 Talis
988 4057 1144 4114 Elias
1184 4067 1327 4117 erat.
1361 4063 1661 4135 Ejusmodi
1691 4075 1860 4126 erant
1891 4087 2025 4126 san-

381 4138 459 4195 cti
499 4155 725 4209 omnes,
760 4143 859 4215 qui
908 4144 1257 4206 Circuierunt
1304 4152 1364 4207 in
1409 4155 1640 4224 metotis,
1673 4158 1733 4212 in
1779 4158 2026 4231 pellibus

378 4231 646 4300 caprinis.
681 4237 909 4301 egentes,
940 4240 1275 4305 angustiati,
1305 4241 1510 4313 afﬂicti
1528 4244 1590 4300 ‘°.

453 4317 576 4374 123.
609 4319 783 4374 Vens.
819 4323 904 4392 16,
941 4325 1025 4380 17.
1059 4327 1186 4384 Haec
1233 4328 1368 4385 dicit
1420 4332 1687 4389 Dominus
1734 4352 1754 4392 :
1802 4341 1910 4394 Pro
1965 4355 2026 4396 eo

2139 573 2228 632 διὰ
2271 585 2372 648 τῆς
2423 579 2768 656 ὑγιαινούσης
2815 579 3166 645 διδασκαλίας
3215 583 3303 637 καὶ
3354 588 3462 638 τῶν
3515 585 3652 640 κατᾶ
3692 585 3783 641 τὸν

2138 663 2276 723 ἴδιον
2356 668 2472 744 βίον
2549 671 2762 744 ἀγαθῶν
2840 669 3248 748 ὑποδειγμάτων
3322 673 3413 728 τὸν
3481 672 3783 748 ἀμπελῶνα

2134 763 2518 834 γεωργοῦντες,
2567 763 2733 814 ταῦτα
2784 759 3256 835 ἐγκληθησόμεθα’
3318 760 3560 840 εὐλόγως
3607 760 3665 818 δὲ
3692 766 3779 820 καὶ

2135 845 2480 921 ἀκουσόμεθα
2533 849 2616 918 τὸ,
2675 848 2771 904 Καὶ
2829 852 2864 920 ἡ
2930 850 3142 926 ἀρπαγὴ
3197 857 3295 907 τοῦ
3321 857 3552 928 πτωχοῦ
3591 851 3642 907 ἐν
3669 859 3784 917 τοῖς

2135 931 2307 998 οἷόιοις
2364 937 2536 1011 ὑμῶν,
2591 937 2676 993 ἐὰν
2725 939 2792 992 τὰ
2842 939 2918 1001 εἷς
2969 939 3130 1015 λόγον
3161 947 3260 1011 τῆς
3294 941 3642 1004 ἀναπαύσεως
3674 947 3779 998 τῶν

2133 1027 2379 1096 πενήτων
2407 1024 2683 1100 διδόμενα,
2713 1026 2764 1082 ἐν
2791 1033 2908 1090 τοῖς
2942 1025 3112 1092 οἷϐιοις
3142 1025 3384 1107 ἔχωμεν,
3417 1031 3778 1109 ἀποστεροῦν-

2131 1137 2218 1181 τες
2247 1117 2376 1183 τοὺς
2404 1115 2619 1181 ἐνδεεῖς.

2206 1209 2326 1264 122.
2388 1206 2456 1264 Τί
2510 1207 2664 1280 ὑμεῖς
2719 1205 2953 1264 ἀδικεῖτε
3006 1209 3098 1263 τὸν
3157 1207 3290 1265 λαόν
3349 1231 3492 1284 μου,
3569 1211 3660 1268 καὶ
3715 1212 3782 1268 τὸ

2131 1296 2423 1372 πρόσωπον
2472 1300 2580 1352 τῶν
2641 1301 2880 1373 πτωχῶν
2937 1297 3360 1374 καταισχύνετε;
3441 1302 3604 1365 Ἕθος
3659 1307 3780 1365 τοῖς

2131 1383 2378 1441 ἀδικοῦσι
2433 1385 2523 1442 καὶ
2581 1387 2991 1463 ἀποστεροῦσιν,
3025 1386 3238 1443 ἐπειδὰν
3270 1388 3605 1466 ἐγκαλῶνται
3643 1391 3786 1469 παρᾶ

2129 1479 2236 1530 τῶν
2268 1473 2640 1548 ἠδικημένων,
2700 1471 2885 1552 ὕϐρεσι
2939 1477 3026 1532 καὶ
3061 1474 3368 1553 λοιδορίαις
3398 1479 3778 1557 καταισχύνειν

2131 1564 2328 1630 αὐτοὺς
2367 1564 2805 1637 ὶξευτελίζοντες,
2852 1567 2942 1623 καὶ
2991 1567 3208 1644 πληγὰς
3257 1569 3626 1641 ἀπειλοῦντες,
3685 1573 3783 1628 καὶ

2133 1654 2209 1718 ὡς
2259 1654 2710 1732 φιλοπράγμονας
2772 1651 3180 1719 διαϐάλλοντες.
3212 1658 3288 1716 Οὐ
3350 1659 3512 1733 μόνον
3547 1661 3637 1716 οὖν
3672 1683 3782 1737 φη-

2135 1766 2238 1817 σιν,
2298 1742 2564 1802 Ἀδικεῖτε
2615 1747 2707 1802 τὸν
2768 1747 2993 1818 πένητα,
3054 1744 3438 1824 εὗδιάρπαστον
3489 1745 3639 1823 ὄντα,
3687 1772 3782 1806 και

2134 1829 2605 1906 εὐεπιϐούλευτον,
2665 1833 2755 1890 διὰ
2781 1837 2880 1906 τὴν
2921 1835 3174 1912 ἐρημίαν·
3225 1836 3372 1893 ἀλλὰ
3411 1838 3522 1908 καὶ,
3582 1846 3780 1896 Καται-

2135 1923 2358 2001 σχύνετε
2408 1924 2475 1981 τὰ
2498 1924 2766 2002 πρόσωπα
2793 1930 2900 1981 τῶν
2926 1931 3214 2003 κπτωχῶν.
3247 1928 3363 1996 Τήν
3429 1929 3555 2001 ὑμῖν
3607 1949 3780 2003 προσ-

2133 2017 2372 2088 ήκουσαν
2433 2016 2492 2072 ἐκ
2547 2024 2646 2087 τῆς
2704 2014 2915 2081 ἀδικίας
2948 2017 3252 2094 αἰσχύνην,
3303 2019 3506 2091 ταύτην
3562 2019 3623 2076 ὲκ
3673 2029 3778 2092 τῆς

2131 2104 2448 2183 τυραννίδος
2498 2107 2648 2180 ὑμῶν
2697 2112 2816 2170 τοῖς
2863 2113 3111 2184 πτωχοῖς
3165 2109 3534 2184 περιτρέπετε,
3569 2111 3776 2186 μάρτυ-

2136 2216 2230 2272 ρας
2318 2196 2715 2268 ἀναπείθοντες,
2787 2196 3120 2273 συνηγόρους
3198 2197 3576 2272 μισθούμενοι,
3647 2199 3778 2262 τοὺς

2135 2282 2449 2355 δικάζοντας
2504 2282 2948 2361 παραπείθοντες,
3011 2282 3116 2348 ἕως
3172 2283 3233 2340 ἂν
3289 2289 3426 2363 πρὸς
3476 2291 3546 2362 τῇ
3604 2287 3781 2363 λοιπῇ

2135 2372 2318 2447 ἀδικίᾳ
2367 2373 2456 2430 καὶ
2508 2374 2608 2444 τὴν
2657 2371 2717 2429 ἐκ
2765 2381 2864 2444 τῆς
2916 2374 3271 2450 συκοφαντίας
3337 2375 3601 2452 αἰσχύνην
3659 2383 3780 2441 τοῖς

2133 2462 2324 2536 πένησι
2380 2465 2768 2538 περιστήσητε.
2799 2462 3010 2520 Γίνεται
3050 2461 3108 2519 δὶ
3149 2463 3240 2519 καὶ
3274 2462 3463 2529 ἄλλως
3510 2465 3780 2544 ἡμέτερον

2130 2555 2193 2610 τὸ
2248 2551 2522 2630 ἔγκλημα,
2574 2551 2698 2608 ὅταν
2733 2551 2786 2607 ἐν
2815 2557 2936 2616 τοῖς
2967 2555 3184 2627 ὁμοίοις
3210 2553 3512 2628 πταίσμασι
3537 2560 3644 2610 τῶν
3683 2557 3780 2629 μὶν

2131 2645 2378 2714 πενήτων
2431 2638 2681 2720 σφοδρῶς
2730 2643 3130 2716 καθαπτώμεθα
3179 2646 3308 2716 (61),
3355 2640 3779 2717 δημοσιεύοντες

2137 2733 2229 2806 μὲν
2263 2732 2436 2788 αὐτῶν
2463 2732 2531 2788 τὰ
2569 2732 2904 2805 πταίσματα,
2951 2733 3040 2787 καὶ
3093 2730 3324 2806 μηδενὸς
3371 2730 3614 2796 ὀνείδους
3661 2754 3781 2812 φει-

2133 2820 2378 2897 δόμενοι,
2412 2818 2898 2895 ἰνεπιδεικνύμενοι
2932 2817 2990 2876 δε
3017 2822 3109 2876 τὸν
3139 2826 3236 2877 τοῦ
3261 2826 3392 2878 Θεοῦ
3445 2820 3614 2893 ζῆλον
3660 2829 3784 2888 τοῖς

2130 2912 2348 2984 πὲνησι,
2379 2910 2471 2967 καὶ
2501 2908 2561 2966 ἑκ
2587 2909 2784 2966 τούτου
2821 2911 2888 2965 τὰ
2935 2910 3204 2987 πρόσωπα
3249 2910 3424 2966 αὐτῶν
3474 2911 3784 2988 καταισχύ-

2131 3023 2332 3064 νοντες.
2381 2999 2530 3058 Ἐπεὶ
2563 2999 2622 3056 δέ
2660 2997 2763 3054 sic!
2790 3020 2934 3062 τινες
2963 2999 3180 3077 πτωχοὶ
3216 2999 3662 3076 μακαριζόμενοι,
3726 3003 3779 3058 οἱ

2133 3089 2224 3148 διὸ.
2279 3090 2379 3160 τήν
2442 3083 2742 3144 θεοσέϐειαν
2819 3089 3034 3170 πάντων
3103 3091 3626 3168 καταφρονήσαντες,
3684 3093 3780 3148 καὶ

2132 3179 2215 3237 ἐπ’
2272 3176 2453 3236 ἐλπίδι
2482 3182 2578 3234 τοῦ
2629 3180 2766 3235 κατᾶ
2794 3178 2921 3234 Θεὸν
2949 3177 3214 3248 πλούτου,
3245 3185 3346 3249 τῆς
3384 3183 3650 3254 κοσμικῆς
3681 3201 3782 3238 πε-

2133 3269 2378 3346 ριουσίας
2410 3265 2775 3343 ὑπεριδόντες,
2829 3269 2881 3322 οἱ
2905 3273 3088 3332 κακῶς
3126 3274 3464 3344 προεστῶτες
3489 3274 3585 3326 τοῦ
3615 3268 3780 3342 λαοῦ,

2133 3357 2250 3414 ἀντὶ
2295 3362 2392 3414 τοῦ
2449 3357 2756 3434 μακαρίζειν
2805 3357 2932 3421 τοὺς
3000 3356 3143 3415 οὕτω
3197 3360 3602 3436 πτωχεύοντας,
3659 3357 3787 3416 δια-

2134 3443 2453 3517 ϐάλλοντες,
2530 3447 2621 3503 καὶ
2698 3445 3114 3520 ἐξουθενοῦντες,
3187 3447 3278 3504 καὶ
3332 3449 3431 3518 τήν
3490 3448 3780 3519 ἰπαινετὴν

2135 3536 2309 3593 αὐτῶν
2401 3536 2902 3615 ταπεινοφροσύνην
2998 3536 3454 3608 ἐξευτελίζοντες,
3552 3537 3783 3602 εἰκότως

2134 3623 2508 3702 ἐγκαλοῦνται·
2575 3625 2810 3701 μάλιστα
2861 3625 2950 3682 ἐὰν
3005 3622 3360 3705 πρεσϐύτεροι
3411 3629 3541 3684 ὦσιν
3595 3629 3631 3697 ἢ
3666 3631 3782 3703 (62)

2135 3716 2419 3792 ἄρχοντες,
2470 3715 2551 3778 ὡς
2603 3715 2672 3770 τὰ
2725 3715 2994 3790 πρόσωπα
3041 3720 3150 3772 τῶν
3182 3716 3350 3794 ἁγίων
3381 3722 3622 3794 πτωχῶν
3648 3739 3782 3775 κατ-

2135 3804 2502 3880 αισχύνοντες.
2531 3805 2755 3868 Ὃποῖος
2786 3805 2853 3874 ἦν
2884 3805 3109 3882 πτωχὸς
3162 3805 3438 3881 Ἰωάννης,
3493 3808 3569 3880 μὴ
3624 3808 3776 3864 οἶκον

2135 3889 2302 3970 ἔχων,
2360 3895 2436 3968 μὴ
2467 3893 2712 3966 οἰκέτην,
2747 3894 2823 3967 μὴ
2861 3895 2989 3970 βοῦν
3048 3896 3308 3973 ἀροτῆρα,
3344 3897 3418 3970 μὴ
3445 3894 3660 3973 γήδιον,
3696 3898 3777 3971 μὴ

2133 3980 2346 4054 κλίνην,
2412 3984 2486 4057 μή
2543 3985 2834 4059 τράπεζαν,
2907 3984 2983 4057 μὴ
3040 3981 3224 4060 ἄρτον.
3283 3987 3507 4050 Ὀποῖος
3563 3984 3779 4050 Ἠλίας.

2133 4072 2358 4136 Ὁποῖος
2404 4077 2513 4128 τῶν
2576 4073 2742 4149 ἁγίων
2771 4069 3018 4143 ἕκαστος,
3070 4073 3125 4130 ο¹ί
3151 4075 3462 4153 Περιῆλθον
3489 4075 3542 4131 ἂν
3577 4077 3784 4149 μηλω-

2131 4166 2272 4232 ταῖς,
2305 4160 2356 4218 ιν
2387 4161 2614 4239 αἰγείοις
2644 4159 2924 4240 δέρμασιν,
2979 4165 3384 4242 ὑστερούμενοι,
3433 4160 3782 4241 θλιϐόμενοι,

2131 4250 2591 4328 κακουχούμενοι.

2206 4342 2329 4398 123.
2389 4337 2532 4397 Τάδε
2590 4338 2732 4416 λέγει
2790 4341 3017 4418 Κύριοςο
3072 4343 3219 4407 Ἀνθ⁹
3277 4344 3351 4399 ῶν
3385 4343 3676 4419 ὑψώθησαν
3725 4347 3785 4401 αἱ

381 4404 521 4476 quod
549 4407 776 4465 elevata:
803 4416 932 4466 sunt
967 4413 1106 4483 ﬁliae
1130 4416 1284 4484 Sion,
1316 4422 1368 4473 et
1394 4421 1825 4482 ambulaverunt
1853 4431 2024 4486 erecto

2136 4429 2423 4504 θυγατὲρες
2501 4404 2676 4502 Σιὼν,
2739 4430 2830 4486 καὶ
2870 4404 3248 4506 ¹ἐπορεύθησαν
3310 4404 3510 4508 ὑψηλῷ
3563 4404 3785 4511 Σεραχή.

380 4493 540 4563 collo,
572 4501 626 4552 et
655 4497 712 4551 tu
743 4499 970 4556 nutibus
996 4504 1304 4574 ocutorum,
1338 4509 1388 4562 et
1415 4525 1607 4580 gressu
1628 4513 1829 4584 pedum
1858 4519 2024 4575 simul

2136 4493 2240 4593 lup,
2299 4493 2388 4574 καὶ
2468 4516 2520 4575 ἐν
2593 4493 2850 4594 νεύμασιν
2915 4493 3236 4600 ὀφιθαλνμῶν,
3299 4493 3416 4578 κοίῑ’
3583 4493 3786 4601 impii;

378 4582 666 4641 trahentes
694 4588 937 4660 tunicas,
970 4600 1021 4648 et
1044 4593 1274 4664 pedibus
1298 4598 1474 4654 simul
1515 4582 1762 4660 ludentes
1791 4624 1811 4661 :
1839 4612 1893 4663 et
1920 4608 2024 4664 hu-

2191 4582 2236 4593 ..
2692 4582 2702 4594 .
2961 4582 3012 4600 .v
3099 4582 3110 4596 .
3221 4582 3233 4591 ι
3502 4582 3526 4599 ..
3660 4582 3671 4601 .
3763 4582 3775 4597 .

2136 4611 2239 4665 τῶν
2293 4605 2477 4665 ποδῶν
2536 4609 2650 4684 ἅμα
2705 4609 2960 4687 σύρουσαι
3016 4612 3142 4674 τοὺς
3201 4617 3459 4687 χιτῶνας,
3515 4611 3605 4669 καί
3660 4619 3786 4678 τοῖς

380 4673 632 4732 miliabit
825 4680 1103 4772 principes
1128 4682 1286 4754 ﬁlias
1302 4687 1457 4744 Sion.
1477 4690 1594 4748 Etsi
1620 4693 1793 4751 verba
1821 4695 2024 4754 isthmc

2136 4696 2290 4754 ποσὶν
2371 4697 2486 4772 ἅμα
2557 4698 2890 4770 παίζουσαι*
2984 4701 3074 4757 καὶ
3147 4701 3465 4759 ταπεινώσει
3540 4704 3570 4758 6
3643 4704 3783 4767 Θεὸς

380 4778 473 4819 res
495 4765 804 4838 quaepiam
831 4771 1070 4842 majoris
1093 4776 1375 4832 momenti
1400 4779 1771 4850 potissimum
1805 4785 2024 4858 signifi-

2136 4765 2422 4864 ἀρχούσας.
2485 4765 2777 4864 θυγατέρας
2855 4790 3022 4849 Σιών.
3096 4790 3161 4849 Εἴ
3234 4791 3324 4847 καὶ
3387 4792 3607 4868 μείζονά
3657 4765 3785 4850 τινα

381 4855 750 4921 eant,tamen
769 4872 896 4929 quae
915 4859 1215 4932 dicuntur,
1227 4865 1530 4924 continent
1545 4870 1719 4928 etiam
1739 4872 1797 4929 in
1816 4855 2024 4947 seipsis

2136 4855 2574 4953 π’ροηγουμίνως
2593 4855 2837 4958 ἐμφαίνει
2892 4881 2920 4936 ὁ
2967 4878 3154 4956 λόγος,
3191 4879 3317 4938 ἀλλ’
3366 4855 3520 4958 έμως
3564 4877 3681 4960 ἔχει
3725 4905 3783 4940 τι

382 4939 664 5049 quiddam
695 4946 925 5018 populis
954 4949 1114 5024 utile,
1134 4957 1191 5008 et
1233 4955 1497 5014 moribus
1540 4939 2024 5034 corrigendis-ac-

2136 4939 2223 5022 καὶ
2268 4939 2503 5032 ’ἀύτόθεν
2551 4939 2688 5031 rei;
2707 4967 2941 5040 πλήθεσι
2985 4939 3264 5047 χρήσίμον
3313 4939 3785 5049 καίέπῶτὲεπτι-

382 5033 780 5090 commodum.
802 5036 1116 5098 Refrenant
1139 5043 1293 5099 enim
1331 5045 1644 5105 mulierum
1674 5033 2024 5111 lascivarum

2136 5053 2230 5111 κὸν
2257 5055 2324 5111 τὰ
2353 5055 2640 5135 λεγόμενα.
2674 5033 2968 5116 Συστέλλει
3151 5033 3467 5116 ἀκολάστων
3511 5033 3787 5138 γυναικῶν

379 5119 718 5194 vitamque
737 5124 962 5195 habitu,
980 5137 1243 5202 aspectu,
1259 5133 1492 5192 incessu
1507 5139 1846 5213 amictuque
1858 5160 2024 5200 suam

2136 5146 2236 5215 τὴν
2288 5119 2459 5217 ζωὴν,
2489 5119 2606 5203 ’καὶ
2657 5150 2926 5224 σχήματι,
2984 5119 3083 5205 ιίαὶι
3131 5147 3428 5226 βλέμματι,
3483 5119 3573 5207 καὶ
3630 5150 3792 5228 βαδί-

383 5209 456 5264 ad
487 5213 761 5284 stuprum
792 5216 1212 5288 proclivitatem
1259 5226 1535 5296 produnt.
1567 5232 1711 5286 Cum
1748 5209 1918 5289 enim
1954 5235 2024 5292 oh

2140 5209 2326 5310 apati,
2367 5209 2457 5292 καί
2491 5209 2800 5313 στολῇ
2855 5209 2993 5316 πρὸς
3048 5209 3301 5316 πορνείαν
3360 5209 3641 5297 εὐκολίαν.
3671 5240 3796 5298 ἐπι-

449 5385 495 5422 ”
525 5386 728 5444 Matth.
760 5407 816 5459 ν,
847 5391 900 5448 3.
979 5393 1026 5430 ⁴⁰
1054 5393 1227 5455 Hebr.
1257 5414 1335 5468 ιι,
1367 5399 1456 5455 37.

447 5541 560 5636 ςρ1)
589 5543 826 5636 Viatores
865 5546 1092 5636 aliquot
1129 5549 1284 5620 libri,
1313 5549 1569 5636 σφοδρῶς
1596 5559 2016 5636 κοιθαπτώμεθα.

375 5613 598 5700 Ibidem
623 5617 758 5702 Reg.
774 5613 1041 5748 quartus,
1065 5618 1130 5691 δη
1143 5613 1484 5712 μοσιεύοντες
1508 5613 1624 5702 μίν.
1645 5613 2018 5707 negligi}

377 5687 549 5746 editis
579 5693 638 5748 et
670 5707 730 5748 in
762 5708 796 5748 ι
821 5708 894 5748 us
925 5710 1069 5748 mss.
1103 5697 1365 5748 Subinde
1404 5701 1556 5748 Idem
1591 5705 1768 5748 nnrlmr
1815 5704 2016 5748 ima..-

377 5687 549 5746 editis
579 5693 638 5748 et
670 5687 733 5748 in
762 5687 894 5751 aliis
925 5687 1069 5754 mss.
1103 5687 1365 5758 Subinde
1404 5687 1560 5761 idem
1591 5687 2016 5781 οοίάοκξ-ἰῖιιδείἶ

2129 5563 2391 5648 κνύμενοι
2411 5563 2486 5648 δέ.
2505 5568 2657 5626 Editi
2675 5586 2813 5648 vero
2835 5573 2892 5628 et
2911 5569 3011 5648 alii
3035 5585 3203 5648 mss"
3214 5565 3786 5648 ἐπιδεικνύμινοιμιν,

2200 5639 2316 5712 (62)
2343 5643 2580 5767 ratores
2629 5642 2889 5716 quinque
2936 5642 3092 5715 libri,
3123 5638 3369 5714 ii.Editi
3395 5649 3455 5703 et
3481 5638 3621 5721 Reg.
3660 5638 3788 5722 pri-

2126 5726 2286 5770 mus.
2314 5729 2343 5766 ο
2373 5755 2391 5770 .

2269 5754 2286 5786 1
2316 5754 2391 5774 ""
