4130 6210
328 357 442 416 317

1143 354 1550 416 COMMENT.
1599 357 1671 416 IN
1721 355 1993 418 ISAIAM
2035 357 2548 420 PROPHETAM.
2593 359 2766 420 CAP.
2813 341 2924 420 ηιξ

3617 359 3740 425 318

325 484 707 559 δεικνυμένων.
740 485 906 542 Ὅταν
956 484 1057 560 γὰρ
1107 483 1194 539 ἐπὶ
1247 489 1326 557 τῷ
1354 483 1550 540 κάλλει
1593 490 1690 540 τοῦ
1721 485 1973 559 σώματος

2106 489 2348 562 :orporis
2373 489 2870 562 pulchritudinem
2893 508 2959 547 ac
2977 491 3328 566 elegantiam
3351 493 3599 550 nimium
3623 494 3737 551 sibi

328 575 832 653 μεγαλοφρονοῦααι
893 575 1252 651 ὑπεραίρωσιν
1321 576 1511 640 ἑαυτὰς
1565 581 1673 630 τῶν
1730 574 1966 645 λοιπῶν,

330 667 544 741 ματαίῳ
619 665 931 741 φρυάγματι
1021 667 1384 741 κεχρημέναι,
1459 665 1548 720 καὶ
1618 666 1976 742 ἐπαιρόμεναι

327 757 605 831 πράγματι
658 756 801 831 ταχὺ
879 756 1203 810 ἀπανθοῦντι
1278 756 1364 810 καὶ
1442 754 1785 831 ἀπορρέοντι·
1868 757 1979 810 εἶτα

333 846 543 919 ὑψηλὸν
578 845 674 918 μὶν
723 847 815 899 τὸν
864 842 1150 920 τράχηλον
1203 843 1478 922 φέρουσιν,
1531 845 1663 920 ὑπὲρ
1692 849 1788 900 τοῦ
1820 850 1977 900 πᾶσιν

336 935 510 990 αὐτῶν
568 935 635 989 τὰ
693 935 961 1010 πρόσωπα
1041 935 1174 989 εἶναι
1253 942 1551 1013 καταφανῆ.
1600 936 1661 990 ἹΙ
1731 935 1824 1007 μὲν
1879 936 1981 1011 γὰρ

334 1025 499 1096 σεμνή
557 1025 693 1099 γυνή
748 1023 838 1078 καὶ
889 1022 1113 1096 κοσμία,
1166 1023 1242 1084 εἰς
1299 1031 1401 1098 γῆν
1460 1024 1824 1080 κατανεύουσα
1881 1024 1983 1078 ὑπὸ

331 1111 534 1185 αἰδοῦς,
570 1113 659 1169 ἐπὶ
689 1115 754 1168 τὸ
788 1117 899 1187 (63)
949 1114 1098 1168 κάτω
1146 1112 1548 1188 καθελκόμενον
1578 1113 1692 1191 ἔχει
1721 1116 1784 1169 τὸ
1814 1113 1982 1190 πρόσ-

335 1225 479 1258 ωπον
499 1223 510 1238 ·
549 1207 584 1273 ἡ
621 1202 678 1259 δὲ
704 1202 952 1266 πολλοὺς
990 1203 1242 1279 ἀγρεῦσαι
1293 1209 1361 1278 τῇ
1391 1202 1579 1279 παγίδι
1605 1209 1703 1260 τοῦ
1735 1202 1980 1264 κάλλους

335 1292 774 1369 προαιρουμένη,
835 1293 1122 1368 πορεύεται
1186 1291 1383 1367 ὑψηλῷ
1438 1292 1733 1370 τραχήλῳ.
1768 1293 1867 1347 Καὶ
1922 1291 1981 1347 ἐν

333 1383 588 1454 νεύμασιν
649 1381 972 1460 ὀφθαλμῶν.
1056 1384 1313 1444 Γυναικὸς
1385 1384 1640 1458 πορνείας
1713 1382 1982 1452 πνεούσης

331 1472 392 1526 τὸ
421 1472 808 1548 κατηγόρημα,
861 1472 1119 1548 περίεργα
1180 1471 1399 1548 βλέπειν
1431 1478 1511 1546 τῷ
1556 1471 1849 1551 ὀφθαλμῷ,
1879 1473 1978 1542 τὴν

329 1560 610 1635 ἀσέλγειαν
683 1567 787 1630 τῆς
861 1565 1047 1636 ψυχῆς
1097 1562 1461 1635 καταμηνύειν
1535 1567 1616 1635 τῷ
1676 1562 1978 1638 βλέμματι,

331 1647 640 1722 ἐμμειδιᾷν,
700 1656 818 1712 τοῖς
879 1649 1186 1725 ὀφθαλμοῖς
1246 1650 1498 1726 ἐρεθίζειν
1549 1657 1847 1726 πορνικῶς,
1899 1650 1978 1705 ίόν

330 1759 445 1792 τινα
483 1739 778 1816 φθαρτικὸν
836 1737 1249 1810 ἐξαποστέλλειν
1305 1745 1422 1802 τοῖς
1479 1735 1740 1814 ὄμμασιν·
1789 1742 1979 1795 ὁποῖον

337 1824 400 1897 δή
430 1849 480 1882 τι
532 1828 623 1882 καὶ
678 1829 856 1903 ὁπερὶ
915 1833 1013 1883 τοῦ
1074 1827 1392 1904 βασιλίσκου
1437 1832 1655 1906 κατέχει
1708 1830 1891 1905 λόγος,
1921 1828 1978 1885 ὅν

338 1937 465 1995 φασι
492 1917 579 1972 καὶ
607 1917 666 1972 ἐκ
695 1917 867 1989 μόνης
894 1925 994 1987 τῆς
1051 1915 1227 1992 ὄψεως
1262 1917 1589 1998 διαφθείρειν
1619 1921 1746 1982 τοὸς
1767 1918 1982 1984 θεαθέν-

345 2025 455 2067 τας.
506 2005 733 2067 Δικαίως
780 2004 870 2060 οὖν
931 2007 1214 2080 ἀγανακτεῖ
1269 2009 1296 2062 ὁ
1345 2007 1510 2082 λόγος
1566 2009 1701 2064 κατὰ
1731 2014 1838 2064 τῶν
1888 2029 1988 2064 πο-

339 2097 641 2169 ρευομέτων
694 2093 897 2169 ὑψηλῷ
945 2097 1242 2172 τραχήλῳ·
1302 2097 1601 2167 τουτέστιν,
1657 2098 1986 2172 ἀπερυθρια-

338 2182 518 2257 σμένῳ
573 2186 878 2260 προσώπῳ,
911 2187 999 2240 καὶ
1057 2186 1108 2241 έν
1159 2188 1414 2260 νεύμασιν
1475 2186 1796 2263 ὀφθαλμῶν.
1825 2188 1899 2244 Τὸ
1932 2185 1989 2242 δὲ

340 2273 548 2348 ὀψηλὸν
579 2279 676 2329 τοῦ
707 2274 1017 2351 τραχήλου,
1051 2273 1250 2352 δεῖγμα
1288 2283 1385 2332 τοῦ
1438 2275 1578 2350 μηδὲ
1605 2282 1684 2350 τῷ
1719 2279 1860 2354 ζυγῷ
1889 2283 1987 2346 τῆς

339 2362 692 2440 σωφροσύνης
745 2365 1080 2429 ὑποκεῖσθαι·
1133 2361 1497 2442 ἁϐρυνογένης
1554 2363 1610 2422 δὲ
1656 2366 1746 2421 καὶ
1777 2363 1988 2442 χλιδώ-

340 2475 460 2524 σης,
495 2455 584 2508 τὸν
617 2455 830 2530 χιτῶνα
881 2454 1278 2531 ἐπισυρομένην
1334 2453 1596 2532 βαδίζειν,
1637 2457 1727 2511 καὶ
1782 2457 1845 2510 τὸ
1899 2454 1991 2531 βά-

343 2539 509 2615 δισμα
542 2544 620 2614 μὴ
671 2543 807 2598 κατὰ
851 2543 1004 2621 φύσιν
1066 2547 1360 2614 ποιεῖσθαι,
1412 2544 1557 2600 ἀλλὰ
1604 2546 1740 2621 πρὸς
1786 2545 1987 2621 ῥυθμὸν

342 2631 547 2704 ἐκμελῆ
591 2630 1068 2706 ἐπιτετηδευμένον
1127 2633 1386 2698 ἐκλότως.
1444 2635 1595 2692 Ἀντὶ
1654 2634 1743 2689 οὖν
1780 2635 1986 2690 τούτων

341 2722 673 2778 Ταπεινώσει
761 2724 790 2778 ὁ
877 2724 1004 2786 Θεὸς
1079 2723 1356 2800 ἀρχούσας
1434 2725 1728 2800 θυγατέρας
1805 2731 1988 2780 Σιών.

337 2808 570 2880 Ἐπειδὴ
605 2811 866 2874 ἑκουσίως
898 2813 958 2867 τὸ
1004 2813 1256 2868 ταπεινὸν
1313 2815 1424 2889 οὐχ
1462 2812 1674 2869 εἵλοντο
1705 2811 1831 2870 ἀλλ’
1862 2815 1990 2869 ἐπο-

342 2900 610 2974 ρεύθησαν
671 2901 872 2976 ὑψηλῷ
925 2906 1039 2976 (64)
1095 2901 1387 2979 τραχήλῳ,
1436 2905 1778 2973 ταπεινώσει,
1837 2904 1992 2981 φησὶ,

342 2990 434 3051 τὰς
503 2992 790 3066 ἀρχηγοὺς
865 2990 1062 3061 αὐτῶν,
1139 2993 1234 3054 τὰς
1293 2993 1585 3068 θυγατέρας
1658 2995 1768 3066 (65)
1827 2993 1992 3050 Σιών.

341 3081 462 3135 "Et:
517 3080 606 3134 καὶ
643 3084 735 3134 νῦν
790 3077 988 3153 ἔξεστιν
1042 3083 1168 3157 ὁρᾷν
1229 3080 1525 3157 πολλαχοῦ
1582 3082 1676 3144 τὰς
1729 3079 1994 3144 Ἰουδαίας

341 3174 596 3242 γυναῖκας
645 3174 763 3232 τοῖς
813 3169 1036 3227 ἐκάστου
1093 3171 1250 3226 ποσὶν
1307 3170 1716 3243 ἐπιπαιζούσας,
1772 3173 1862 3227 καὶ
1916 3173 1990 3245 μὴ

340 3255 736 3332 ἐντρεπομένας
758 3260 856 3328 τήν
887 3265 988 3314 τοῦ
1013 3262 1298 3339 προφήτου
1321 3261 1660 3338 φωνήν.Είθε
1682 3259 1739 3316 δὲ
1772 3262 1848 3335 μὴ
2024 3243 2066 3309 C

341 3347 428 3401 καὶ
491 3353 592 3416 τῆς
653 3347 972 3418 Ἐκκλησίας
1033 3351 1088 3405 αἱ
1147 3349 1434 3425 θυγατέρες
1507 3351 1575 3405 τὰ
1629 3350 1764 3406 αὗτᾶ
1837 3350 1996 3426 ἐγκα-

342 3433 554 3491 λοῖντο.
615 3436 831 3492 Πολλαὶ
885 3437 985 3514 γὰρ
1029 3439 1102 3500 ὡς
1149 3437 1200 3494 ἐν
1245 3437 1450 3510 πλήθει
1520 3438 1607 3494 ἐπὶ
1659 3444 1767 3494 τῶν
1833 3460 2002 3514 προσ-

345 3524 542 3581 ιόντων
574 3527 654 3598 τῷ
687 3527 822 3600 θείῳ
866 3525 1044 3602 λόγῳ,
1093 3527 1146 3584 ἐν
1192 3533 1309 3590 ταῖς
1357 3529 1590 3604 ἡμέραις
1631 3533 1738 3584 τῶν
1774 3529 2001 3604 ἑορτῶν,

341 3615 446 3670 οὐκ
534 3613 729 3670 εἰδυῖαι
824 3617 1158 3694 εὐφροσύνην
1267 3618 1666 3691 πνευματικὴ,
1758 3616 2000 3681 παιδιαῖς

343 3707 612 3778 ἆσέμνοις
692 3707 885 3762 έαυτὰτ
958 3705 1318 3778 ἐπιδιδοῢσαι,
1390 3709 1603 3781 κώμοις
1665 3707 1753 3762 καὶ
1818 3707 2003 3780 μέθαις

344 3792 824 3870 ἐγκαγινδοῦνται·
872 3797 960 3852 καὶ
1017 3800 1091 3870 μὴ
1121 3802 1386 3873 τηροῦσαι
1431 3797 1494 3852 τὸ
1544 3795 1909 3872 παράγγελμα
1941 3798 2002 3852 τὸ

345 3882 536 3959 λέγον,
601 3884 682 3939 ὅτι
777 3887 847 3944 Οἱ
915 3886 1192 3964 ὀφθαλμοί
1259 3907 1354 3941 σου
1421 3885 1554 3959 ὀρθὰ
1632 3886 2000 3961 βλεπέτωσαν·

345 3972 716 4044 ὑπολοξοῦσαι
751 3978 863 4048 (67)
895 3977 958 4031 τὸ
989 3973 1146 4049 ὄμμα
1172 3977 1263 4032 καὶ
1293 3974 1772 4052 παρεκκλίνουσαι,
1806 3973 2005 4052 δεῖγμα

342 4067 590 4139 πονηρᾶς
644 4061 925 4142 ἐκφέρουσι
984 4067 1369 4141 προαιρέσεως.
1447 4063 1751 4140 Πολλαχοῦ
1831 4062 1888 4120 δὶ
1937 4066 2004 4120 τὰ

342 4153 586 4224 νεύματα
615 4157 720 4207 τῶν
772 4152 1070 4230 ὀφθαλμῶν
1135 4149 1512 4225 διαϐέϐληται·
1565 4155 1639 4216 ὡς
1699 4154 1751 4210 ἐν
1797 4159 2002 4228 Παροι-

348 4241 500 4312 μίαις
537 4240 624 4296 ἐπὶ
675 4246 771 4296 τοῦ
813 4247 981 4297 κακοῦ
1037 4246 1500 4320 παρατετήρηται,
1553 4242 1636 4298 ὅτι
1676 4244 1732 4297 Ὀ
1760 4241 1817 4298 δὶ
1846 4242 2003 4305 αὐτὸς

344 4329 552 4386 ἐννεύει
603 4331 696 4403 μὶν
748 4330 1043 4409 ὀφθαλμῷ,
1101 4331 1352 4404 σημαίνει
1414 4330 1472 4388 δὲ
1544 4329 1694 4387 ποδί·
1755 4331 1844 4386 καὶ
1896 4333 1998 4386 πά-

345 4417 456 4473 λιν·
524 4420 582 4474 '0
658 4418 880 4476 ἐννεύων
960 4419 1231 4499 ὀφθαλμῷ
1307 4423 1440 4495 μετὰ
1517 4419 1707 4492 δόλου,
1786 4422 2000 4497 συνάγει

2087 585 2450 651 arrogantes,
2474 597 2600 636 sese
2627 597 2806 653 supra
2839 586 3074 638 caeteras
3107 582 3374 649 efferunt,
3396 583 3546 640 fastu
3575 583 3737 639 inani

2089 673 2337 724 utuntur
2359 674 2533 742 atque
2556 671 2626 724 de
2650 687 2708 725 re
2729 672 2842 726 cito
2869 677 3260 728 marcescente
3281 675 3338 728 et
3361 677 3740 729 evanescente

2090 758 2418 830 gloriantur
2451 776 2463 814 :
2496 759 2702 815 deinde
2742 759 2956 816 collum
2991 761 3048 815 in
3083 760 3336 818 sublime
3367 765 3626 818 erectum
3658 761 3742 818 fe-

2092 852 2250 913 runt,
2281 854 2343 902 ut
2375 865 2576 904 earum
2609 849 2806 904 vultus
2835 849 3069 906 valeant
3099 851 3361 906 omnium
3395 849 3582 907 oculis
3613 866 3743 924 spe-

2093 937 2258 993 ctari.
2285 938 2425 992 Nam
2463 955 2588 1009 qua:
2622 939 2834 1010 pudica
2864 944 2954 995 est
2985 940 3197 996 mulier
3226 945 3282 995 et
3311 941 3457 996 bene
3497 944 3743 1009 morata,

2095 1026 2299 1081 deﬁxis
2333 1044 2446 1098 prze
2493 1029 2713 1098 pudore
2745 1028 2801 1082 in
2854 1033 3066 1083 terram
3093 1028 3299 1096 oculis,
3329 1028 3538 1085 faciem
3569 1029 3749 1086 habet

2095 1117 2368 1170 deorsum
2389 1115 2707 1172 demissam
2731 1135 2744 1172 :
2765 1134 2891 1189 qua:
2913 1123 3107 1173 autem
3135 1117 3596 1189 pulchritudinis
3623 1136 3742 1175 suae

2093 1205 2302 1275 laqueo
2322 1210 2555 1276 captare
2579 1223 2644 1262 ao
2661 1208 2857 1262 venari
2881 1207 3095 1263 multos
3118 1207 3177 1262 in
3200 1207 3466 1264 animum
3488 1207 3742 1277 induxit,

2093 1294 2312 1351 incedit
2368 1304 2628 1352 surrecto
2684 1298 2853 1354 collo.
2902 1301 2964 1354 Et
3022 1302 3088 1356 in
3144 1300 3374 1354 nutibus
3429 1298 3739 1357 oculorum.

2092 1386 2398 1440 Accusatiu
2429 1392 2515 1442 est
2563 1390 2617 1442 in
2675 1387 2979 1444 mulierem
3040 1393 3308 1460 stuprum
3369 1388 3741 1445 anhelantem

2093 1475 2363 1542 conﬂata,
2388 1492 2518 1530 cum
2551 1476 2821 1532 videlicet
2851 1494 2918 1532 ea
2944 1477 3128 1532 oculis
3152 1477 3399 1534 curiosis
3426 1478 3742 1550 aspiciens,

2093 1564 2396 1620 obtutibus
2426 1565 2551 1620 suis
2581 1565 2985 1637 impuritatem
3018 1567 3226 1621 animae
3255 1566 3532 1633 declarat,
3566 1573 3742 1639 atque

2092 1653 2427 1721 subridens,
2454 1654 2779 1710 meretricie
2807 1654 2995 1710 oculis
3036 1655 3160 1711 suis
3190 1653 3420 1727 prolicit
3447 1670 3513 1710 ac
3545 1671 3745 1726 provo-

2093 1747 2206 1813 cat,
2237 1744 2378 1798 dum
2427 1749 2667 1815 aspectu
2717 1744 2846 1816 ipso
2900 1744 3210 1800 exitiosum
3260 1745 3553 1816 quoddam
3585 1743 3746 1800 virus

2083 1831 2404 1903 jaculatur.
2437 1833 2588 1888 Sane
2641 1833 2833 1889 simile
2863 1835 3144 1904 quiddam
3196 1837 3395 1889 narrat
3442 1849 3646 1889 rumor
3675 1833 3746 1889 de

2095 1919 2584 1993 basilisco,quem
2627 1923 2820 1978 ferunt
2849 1923 2973 1978 solo
3004 1923 3219 1978 intuitu
3251 1923 3575 1978 interﬁcere
3605 1938 3744 1994 spe-

2097 2014 2367 2068 ctatores.
2391 2011 2422 2066 J
2429 2028 2528 2066 ure
2562 2011 2744 2084 igitur
2771 2029 2838 2068 ac
2869 2012 3077 2069 merito
3103 2011 3396 2068 sententia
3424 2011 3627 2067 isthzec
3647 2011 3747 2067 ad-

2097 2117 2303 2157 versus
2332 2117 2432 2157 eas
2471 2118 2597 2173 quis
2632 2106 2855 2158 arrecto
2886 2100 3055 2170 collo,
3079 2101 3190 2157 hoc
3219 2105 3328 2168 est,
3353 2100 3745 2157 inverecunda

2097 2191 2284 2256 vultu,
2307 2195 2362 2246 et
2384 2191 2440 2245 in
2464 2191 2707 2247 nutibus
2728 2191 3030 2248 oculorum
3062 2190 3363 2258 incedunt,
3388 2189 3744 2262 indignatio-

2099 2297 2231 2336 nem
2256 2280 2804 2352 praafert.Caaterum
2828 2280 2961 2337 colli
2991 2280 3164 2336 elatio
3196 2280 3419 2334 indicat
3439 2279 3746 2335 mulierem

2099 2370 2467 2426 continentia;
2483 2371 2628 2441 jugo
2650 2387 3016 2442 nequaquam
3039 2369 3429 2442 subjici.Cum
3448 2373 3644 2426 autem
3667 2367 3749 2425 ita

2099 2459 2337 2529 incedit,
2360 2464 2427 2515 ut
2455 2459 2713 2516 tunicam
2746 2460 2962 2530 trahat,
2986 2460 3198 2532 hicque
3223 2459 3494 2516 incessus
3516 2475 3634 2514 non
3657 2475 3747 2515 se-

2100 2551 2360 2606 cundum
2393 2555 2682 2618 naturam,
2707 2552 2808 2606 sed
2858 2553 2928 2606 ad
2973 2568 3283 2607 numerum
3328 2550 3748 2607 inconcinnum

2099 2640 2386 2696 dissolute
2404 2657 2470 2695 ac
2487 2641 2814 2697 studiosius
2831 2641 3188 2713 perficiatur,
3207 2642 3262 2696 id
3284 2641 3578 2696 efferentis
3596 2654 3725 2695 sese
3739 2683 3754 2706 ,

2101 2734 2158 2784 et
2188 2730 2247 2784 in
2279 2728 2507 2785 deliciis
2536 2729 2782 2785 viventis
2827 2730 3107 2787 indicium
3139 2735 3248 2785 est.
3287 2730 3486 2801 Itaque
3515 2730 3586 2783 ob
3618 2744 3747 2783 eam

2101 2835 2224 2874 rem
2257 2819 2589 2874 Humiliabit
2622 2821 2759 2874 Deus
2786 2821 3065 2890 principes
3091 2819 3240 2888 ﬁlias
3271 2818 3426 2872 Sion.
3459 2817 3748 2882 Quoniam

2103 2924 2218 2962 non
2239 2913 2445 2978 sponte
2463 2925 2570 2962 sua
2592 2910 2740 2965 465
2768 2907 3046 2980 amplexae
3065 2914 3203 2962 sunt
3223 2903 3750 2973 humilitatem,sed

2104 2996 2556 3051 ambulaverunt
2585 2996 2733 3052 collo
2774 2997 2948 3066 elato,
2980 2995 3340 3063 humiliabit,
3375 2994 3584 3067 inquit,
3619 2993 3756 3050 illa-

2105 3101 2236 3140 rum
2261 3085 2460 3154 duces,
2483 3085 2634 3140 filias
2657 3085 2815 3140 Sion.
2839 3085 2996 3140 Licet
3015 3084 3336 3140 etiamnum
3363 3083 3567 3140 multis
3595 3083 3653 3140 in
3675 3083 3757 3139 lo-

2105 3173 2190 3230 cis
2211 3173 2404 3229 videre
2423 3174 2452 3229 J
2467 3174 2661 3230 udaaas
2683 3174 2982 3240 mulieres,
3008 3174 3478 3244 uniuscujusque
3505 3173 3753 3245 pedibus

2105 3263 2441 3329 illudentes,
2473 3279 2601 3334 quas
2640 3263 2789 3318 hanc
2830 3263 3124 3335 prophetae
3150 3279 3350 3318 vocem
3383 3262 3630 3317 minime
3659 3277 3755 3318 re-

2104 3356 2434 3409 vereantur.
2467 3353 2655 3424 Atque
2687 3352 2907 3408 utinam
2950 3350 3221 3408 Ecclesiae
3252 3367 3487 3424 quoque
3520 3350 3756 3407 ﬁliabus

2110 3441 2219 3497 hoc
2250 3441 2403 3497 idem
2437 3441 2771 3513 exprobrari
2805 3457 2918 3497 non
2953 3439 3181 3513 posset!
3218 3439 3412 3495 Multas
3443 3439 3602 3495 enim
3633 3444 3756 3495 tan-

2110 3548 2289 3603 quam
2322 3532 2661 3588 catervatim
2708 3531 2768 3586 in
2827 3529 3014 3586 oculis
3069 3546 3270 3587 eorum
3311 3530 3411 3602 qui
3444 3530 3504 3584 in
3549 3529 3756 3586 diebus

2111 3621 2274 3676 festis
2305 3621 2549 3677 verbum
2589 3620 2850 3676 divinum
2903 3621 3154 3675 audituri
3207 3620 3514 3688 accedunt,
3547 3617 3756 3674 laetitiae

2111 3709 2436 3781 spiritualis
2485 3711 2721 3780 ignarae,
2752 3710 3081 3766 inhonestis
3129 3708 3284 3764 ludis
3330 3714 3559 3773 vacant,
3591 3724 3657 3763 ac
3695 3707 3756 3763 in

2109 3799 2388 3856 conviviis
2419 3799 2652 3854 lascivis
2682 3803 2859 3870 atque
2889 3799 2946 3854 in
2969 3797 3246 3855 ebrietate
3268 3797 3627 3864 volutantur,
3649 3812 3757 3852 nec

2110 3888 2572 3944 admonitionem
2604 3888 2764 3943 illam
2789 3888 3117 3957 observant,
3139 3904 3265 3958 qua:
3289 3887 3430 3942 dicit
3453 3903 3466 3940 :
3493 3887 3650 3944 Oculi
3670 3887 3761 3941 tui

2111 3986 2254 4032 recte
2294 3976 2616 4043 videant“;
2669 3992 2878 4047 nempe
2925 3977 3066 4031 dum
3117 3976 3175 4029 in
3226 3974 3527 4043 obliquum
3559 3975 3757 4029 detor-

2113 4071 2291 4138 quent
2320 4066 2520 4122 oculos
2553 4081 2618 4121 ac
2645 4065 2978 4131 deﬂectunt,
3012 4081 3196 4134 pravae
3225 4061 3543 4118 voluntatis
3582 4077 3757 4134 argu-

2111 4158 2375 4210 mentum
2407 4171 2473 4209 ac
2503 4152 2798 4226 specimen
2843 4152 3117 4223 praebent.
3152 4149 3355 4206 Multis
3385 4155 3581 4206 autem
3613 4149 3758 4204 locis

2110 4243 2170 4298 in
2204 4242 2418 4299 malam
2451 4247 2677 4314 partem
2701 4240 2918 4312 accepti
2945 4245 3086 4296 sunt
3108 4240 3414 4294 oculorum
3447 4243 3647 4303 nutus,
3673 4236 3760 4293 uti

2111 4332 2172 4387 in
2202 4331 2528 4388 Proverbiis
2557 4331 2930 4387 observatum
2963 4333 3052 4385 est
3080 4329 3150 4384 de
3187 4327 3424 4383 homine
3457 4342 3704 4398 nequam
3743 4343 3757 4382 :

2109 4423 2224 4493 Ipse
2262 4426 2444 4477 autem
2489 4423 2676 4476 innuit
2724 4419 2940 4491 quidem
2986 4417 3167 4486 oculo,
3196 4417 3328 4490 pede
3366 4433 3496 4473 vero
3544 4417 3758 4489 signiﬁ-

347 4505 571 4584 ἀνδράσι
624 4507 825 4572 λύπας·
875 4511 964 4566 καὶ
1019 4511 1102 4578 τὸ,
1159 4511 1226 4568 Οἱ
1283 4510 1585 4584 μισοῦντές,
1650 4531 1715 4585 με
1768 4507 1992 4585 δωρεὰν,

2106 4516 2197 4568 cat
2219 4511 2286 4566 ‘2.
2320 4512 2388 4567 Et
2418 4527 2624 4566 rursus
2659 4527 2671 4565 :
2705 4510 2812 4579 Qui
2855 4511 3040 4566 innuit
3089 4509 3242 4565 oculo
3293 4523 3419 4564 cum
3465 4507 3612 4580 dolo,
3640 4521 3762 4564 con-

418 4682 462 4718 “
501 4685 670 4738 Prov.
705 4699 782 4753 ιν,
812 4682 902 4738 25.
977 4683 1023 4717 ⁴²
1053 4686 1220 4739 Prov.
1252 4699 1332 4752 v1,
1365 4684 1452 4739 13.

420 4859 539 4932 (63)
571 4859 656 4916 Ita
703 4876 850 4916 mss.
884 4860 1077 4930 multi,
1111 4865 1241 4918 tum
1302 4879 1337 4918 a
1389 4860 1530 4918 viris
1587 4859 2009 4917 eruditissimis

356 4931 564 5005 Ducam
613 4936 670 4988 et
717 4932 1085 5005 Combetisio,
1111 4939 1242 5005 tum
1297 4951 1330 4990 a
1376 4933 1546 4991 nobis
1593 4933 1739 5005 ipsis
1786 4932 2002 4989 collati.

348 5003 505 5060 Editi
537 5008 593 5059 et
624 5004 804 5060 codex
835 5009 922 5060 Fr.
955 5007 1005 5072 1,
1039 5003 1124 5058 ἐπὶ
1154 5005 1256 5072 τῷ.

422 5026 505 5060 ιηι
537 5026 593 5059 οι
624 5026 804 5060 ΟΟΟΒΧ
835 5026 922 5060 Μ’.
955 5026 1005 5072 1,
1039 5026 1124 5058 επι
1154 5026 1183 5058 τ
1243 5047 1256 5060 ο

422 5077 543 5144 (64)
571 5076 811 5132 Codices
838 5077 976 5142 duo,
1010 5074 1062 5130 έν
1095 5026 1314 5147 ὑψηλῷ.

427 5148 729 5240 WW3!
761 5152 828 5240 et.
847 5149 1041 5240 οοηειιί
1069 5167 1101 5205 α
1131 5143 2006 5240 Diceedietiﬂﬂ;ste-4%

351 5217 632 5295 ὀρχοῦσας
660 5224 779 5295 τῶν
801 5221 1132 5295 θυγατέρων·
1169 5239 1201 5277 a
1233 5221 1446 5295 quibus
1478 5220 1536 5274 in
1567 5235 1634 5295 eo
1667 5218 1860 5295 solum
1892 5219 2006 5274 duo

350 5289 673 5366 (Jol'bertini
726 5289 1024 5364 differunt,
1057 5295 1212 5365 quod
1249 5289 1376 5366 'proi
1415 5289 1691 5365 ἀρχούσας
1731 5291 2005 5359 habeant,

353 5361 725 5438 ἆρχηγοῦσας.
758 5368 829 5420 At
858 5361 1103 5438 uterque
1135 5361 1391 5438 Com'bel‘.
1417 5361 1474 5421 et
1489 5361 1631 5438 Reg.
1660 5367 1926 5438 quartus,
1952 5367 2010 5438 et

351 5432 764 5510 apograpbum
825 5432 1156 5510 Anglicum,
1186 5432 1618 5510 τάςᾼάρχηγοὺξ
1672 5432 1887 5510 αὐτῶν,
1912 5433 2009 5510 τὰς

356 5507 678 5578 θυγατέρας.
715 5507 974 5565 Mntasie
1001 5515 1272 5564 Ducaaum
1305 5507 1613 5564 lecti—onem
1635 5524 1829 5563 veram
1867 5507 2010 5565 falso

354 5581 745 5652 conqueritur
773 5581 1177 5638 Combeﬁsius.
1210 5582 1327 5636 Nos
1371 5597 1494 5636 rem
1538 5585 1720 5636 totam
1753 5580 2009 5636 erudito-

357 5668 489 5706 rum
514 5653 751 5726 judipio
779 5654 1192 5726 permittimus.
1220 5653 1426 5710 Statim
1460 5654 1597 5726 Reg.
1631 5653 1927 5726 secundus
1956 5656 2014 5726 et

360 5722 608 5797 uterque
635 5722 824 5795 GolbL,
850 5724 947 5787 τὰς
976 5722 1239 5787 Ἰουδαίας
1265 5722 1689 5800 γυναῖκαςίἾοι
1717 5723 1922 5784 ultima
1951 5725 2012 5781 in

2116 4859 2346 4918 excusis
2378 4859 2598 4915 deerat.

2182 4932 2295 5004 (66)
2324 4932 2471 4987 Vere
2502 4935 2560 4986 et
2579 4931 2746 5004 docte
2772 4929 3104 5004 emendavit
3125 4929 3281 5004 hunc
3302 4929 3494 5004 locum
3519 4931 3766 5004 Ducseus

2114 5019 2145 5058 e
2176 5002 2300 5059 suis
2331 5003 2630 5060 codicibus
2667 5003 2731 5058 Η.
2764 5003 2817 5058 J.
2851 5007 2909 5059 et
2941 5009 3029 5070 A.,
3064 5002 3278 5074 quibus
3321 5002 3488 5058 libris
3519 5002 3764 5074 adjungi

2117 5019 2145 5058 e
2176 5021 2300 5059 BlllS
2331 5019 2630 5060 comcmus
2667 5019 2731 5058 ιι.
2764 5019 2817 5058 δ.
2851 5019 2909 5059 et
2941 5019 3029 5070 A.,
3064 5019 3278 5074 quibus
3323 5019 3488 5058 llDI‘lS
3519 5019 3764 5128 adiungi

2117 5082 2366 5146 possunt
2395 5081 2452 5131 et
2472 5075 2570 5131 alii
2593 5081 2861 5144 quatuor,
2886 5074 3283 5146 ubisimiliter
3312 5074 3551 5146 legitur,
3568 5074 3676 5137 εἷ’θε
3740 5073 3768 5128 ὶ

2121 5141 2218 5218 μή,
2251 5154 2362 5203 etc.
2394 5149 2466 5202 At
2515 5141 2696 5204 codex
2745 5141 3060 5214 Fr.71,si"ce
3103 5142 3160 5199 δὶ
3208 5141 3760 5217 μὴ...’ἐνεκαλοῦντο·

2119 5237 2293 5290 quem
2353 5219 2609 5275 codicem
2667 5223 2905 5274 secutus
2962 5218 3332 5285 Tilmannus,
3365 5219 3450 5275 sic
3492 5222 3762 5274 verterat.

2119 5293 2200 5347 An
2230 5307 2335 5348 non
2367 5293 2499 5362 ﬁliae
2528 5293 2698 5347 etiam
2728 5292 2988 5362 Ecclesia:
3025 5291 3088 5346 ob
3127 5293 3333 5348 eadem
3358 5293 3416 5345 in
3438 5294 3536 5360 jus
3564 5292 3765 5344 vocata:

2117 5369 2247 5420 sunt
2269 5367 2296 5418 ?
2329 5361 2441 5419 lloc
2471 5363 2756 5434 exemplo.
2793 5367 2858 5418 ut
2889 5361 3020 5434 aliis
3066 5363 3292 5427 multis,
3325 5366 3572 5434 quantas
3603 5365 3762 5415 tene-

2119 5438 2256 5493 bras
2286 5435 2372 5491 vel
2404 5432 2822 5492 eruditissimis
2849 5433 3190 5491 hominibus
3220 5432 3430 5506 exigua
3457 5432 3762 5504 scriptura

2120 5508 2359 5566 variatio
2389 5509 2673 5570 otl‘undat,
2704 5508 3038 5562 edocemur.

2190 5581 2303 5652 (67)
2335 5580 2504 5652 Editi,
2535 5575 3118 5652 onokocooedqmale.
3144 5581 3215 5652 ᾼί
3241 5578 3484 5652 uterque
3504 5571 3762 5652 (lambat.

2120 5645 2256 5710 cum
2288 5645 2432 5708 aliis
2461 5645 3126 5719 ἁυοδυείὺπολοξθῦσαι.
3159 5647 3272 5704 Nee
3301 5645 3600 5703 ita'multo
3634 5649 3768 5716 post

2120 5727 2236 5781 duo
2268 5741 2438 5793 mss.,
2467 5723 2535 5778 τὰ
2561 5720 2876 5795 έννεόματα.
