4048 6220
340 295 457 357 319

1281 295 1677 355 APPENDIX
1723 293 2045 356 OPERUM
2091 292 2158 356 S.
2203 292 2488 355 BASILII
2537 292 2810 355 MAGNI.

3637 291 3762 353 320

342 436 541 498 gregat
572 425 711 482 viris
743 428 1002 482 tristitiae
1022 427 1086 481 “.
1119 429 1260 481 Item
1292 425 1436 482 illud
1463 443 1475 482 :
1511 426 1622 494 Qui
1647 424 1880 480 oderunt
1909 439 1995 479 me

2106 423 2196 477 καὶ
2229 419 2562 486 διανεύοντες
2615 419 2938 495 ὀθθαλμοῖς.
3003 421 3201 476 Φθάνει
3257 417 3313 475 δὲ
3366 440 3499 475 ποτε
3538 421 3628 475 καὶ
3671 417 3757 475 ἐπ’

343 517 548 590 gratis,
580 523 633 570 et
663 519 918 571 annuunt
965 516 1138 570 oculis
1162 516 1228 568 “.
1263 515 1413 578 Quin
1463 519 1519 570 et
1569 513 1886 586 aliquando
1920 514 1991 568 ad

343 607 500 660 viros
531 605 870 677 pertingunt
900 604 1233 660 istiusmodi
1260 604 1527 673 crimina,
1552 604 1652 675 qui
1686 603 1992 659 inferiores

344 695 599 766 superbo
623 694 856 764 quidem
887 695 1082 748 animo
1114 697 1528 764 aspernantur,
1546 697 1714 764 gestu
1738 709 1868 749 vero
1901 711 1992 750 su-

346 784 481 854 pino
513 782 835 854 habituque
869 786 926 838 et
957 781 1404 854 superciliorum
1438 782 1756 838 nictatione
1788 799 1990 855 super-

343 871 498 928 biam
532 874 812 942 detegunt
845 888 857 927 :
893 871 990 943 qui
1028 876 1082 924 et
1130 871 1346 926 fastose
1378 874 1435 926 et
1465 870 1614 927 elato
1663 873 1848 943 gradu
1882 889 1991 926 nu-

346 978 572 1017 merose
600 961 955 1026 incedentes,
981 959 1376 1032 arrogantiam
1411 977 1602 1030 suam,
1626 961 1886 1016 vestibus
1917 961 1989 1016 ad

344 1049 649 1106 malleolos
682 1065 866 1120 usque
888 1047 1187 1113 demissis,
1210 1049 1543 1104 declarant:
1573 1065 1721 1121 quos
1752 1049 1989 1104 tandem

342 1141 413 1196 ad
444 1138 614 1193 ludos
645 1137 1066 1193 immoderatos
1098 1137 1360 1192 animum
1395 1155 1569 1193 suum
1602 1139 1989 1211 adjungentes

343 1231 538 1284 manet
567 1227 853 1281 intentata
893 1225 1083 1298 ruina,
1115 1227 1275 1299 ipsos
1305 1245 1339 1283 a
1369 1227 1717 1284 celsitudine
1745 1245 1849 1300 per
1877 1229 1986 1285 hu-

339 1316 646 1374 militatem
678 1317 994 1387 dejeetura.

411 1406 534 1461 124.
571 1406 631 1460 Et
672 1406 932 1460 Dominus
964 1405 1232 1461 reuelabit
1279 1406 1527 1462 habitum
1573 1423 1790 1462 earum.
1823 1408 1990 1466 Hunc

340 1495 610 1552 habitum
644 1495 983 1567 superbum,
1004 1495 1074 1550 ad
1099 1496 1608 1568 intemperantiam
1635 1513 1989 1570 omnemque

340 1583 701 1656 impudicam
737 1583 1145 1656 cogitationem
1182 1584 1550 1640 incautorum
1583 1587 1798 1642 animis
1826 1587 1988 1660 inge-

341 1673 665 1730 nerandam
717 1673 1111 1744 compositum
1165 1674 1442 1729 revelabit
1492 1675 1798 1746 Dominus,
1832 1693 1986 1744 cum,

2103 509 2298 588 ἄνδρας
2343 511 2410 567 τὰ
2454 515 2677 566 τοιαῦτα
2725 509 3064 587 ἐγκλήματα,
3115 510 3244 574 τοὺς
3293 512 3606 589 φρονήματι
3660 512 3756 583 μὲν

2101 600 2410 672 ἀλαζονικῷ
2445 603 2909 678 ὑπερφρονοῦντας
2957 605 3064 655 τῶν
3098 597 3518 672 ὑποδεεστέρων,
3564 599 3759 654 ὗπτιὰ-

2105 696 2293 760 ζοντας
2325 687 2383 744 δὲ
2404 694 2483 762 τῷ
2539 691 2808 765 σχήματι,
2867 690 2955 744 καὶ
3003 693 3082 761 τῷ
3135 687 3360 762 νεόματι
3389 693 3496 743 τῶν
3533 686 3753 763 ὀφρύων

2099 780 2199 847 τὴν
2229 777 2544 848 ἀλαζονείαν
2597 775 3060 852 ἐνδεικνυμένους.
3114 772 3334 854 σοϐαρῷ
3363 774 3421 832 δὶ
3471 777 3561 832 καὶ
3604 774 3760 851 διηρ-

2105 868 2253 941 μὲνῳ
2288 865 2576 943 βαδίσματι
2608 863 2848 945 εὔρυθμα
2913 867 3215 942 βαίνοντας,
3273 869 3334 922 τὸ
3365 866 3582 940 ἱμάτιον
3615 868 3754 921 καθ-

2105 955 2273 1020 ιὲντας
2331 956 2495 1034 μέχρι
2541 962 2648 1012 τῶν
2709 961 2949 1035 σφυρῶν,
3023 955 3333 1026 ἀλαζονείαν
3413 953 3754 1028 ἐνδεικνυμὲο

2099 1066 2244 1118 νους,
2300 1046 2391 1101 καὶ
2449 1044 2691 1108 παιδιαῖς
2751 1044 2973 1110 δαυτοίις
3041 1045 3303 1122 ἀμέτροις
3359 1041 3756 1114 ἐκδεδωκότας,

2099 1133 2192 1197 οὓς
2223 1134 2369 1209 μὲνει
2407 1137 2470 1191 τὸ
2524 1133 2816 1206 ἀπειληθὲν
2863 1140 3066 1209 πτῶμα
3111 1136 3172 1190 τὸ
3222 1132 3312 1190 διὰ
3356 1140 3454 1204 τῆς
3483 1137 3757 1190 ταπεινώ-

2099 1245 2234 1288 σεως
2414 1232 2515 1295 τῆς
2547 1223 2651 1280 ἀπὸ
2680 1229 2778 1280 τοῦ
2809 1224 2997 1299 ὕψους.

2174 1407 2291 1461 124.
2360 1405 2459 1460 Καὶ
2506 1404 2702 1480 Κύριος
2771 1401 3102 1477 ἀνακαλύψει
3174 1403 3236 1458 τὸ
3313 1401 3504 1479 σχῆμα
3555 1402 3754 1461 αὐτῶν.

2097 1498 2270 1552 Τοῦτο
2326 1493 2388 1548 τὸ
2446 1500 2639 1570 σχῆμα
2692 1494 2755 1548 τὸ
2815 1492 3181 1570 ὖπερήφανον,
3229 1493 3318 1546 καὶ
3377 1493 3751 1565 πεποιημένον

2098 1584 2234 1659 πρὸς
2268 1579 2484 1637 ἔκλυσιν
2518 1585 2632 1656 (69)
2662 1583 2752 1637 καὶ
2797 1587 2970 1637 πᾶσαν
3027 1579 3327 1637 ἀκόλαστον
3374 1575 3602 1651 ἔννοιαν,
3635 1583 3755 1645 ταὶς

2097 1669 2343 1747 καρδίαις
2393 1676 2500 1726 τῶν
2551 1669 2875 1749 ἀφυλάκτων
2918 1671 3365 1746 ἐνεργαζόμενον,
3415 1669 3751 1745 ἆνακαλύψει

343 1763 650 1836 patefactis
691 1763 942 1833 arcanis,
973 1763 1166 1819 carnis
1198 1764 1436 1835 quidem
1479 1765 1815 1821 auferantur
1844 1767 1988 1822 inte-

2106 1763 2319 1838 Κύριος,
2355 1762 2478 1816 ὅταν
2511 1759 2563 1815 ἐν
2591 1764 2660 1835 τῇ
2688 1762 2986 1840 φανερώσει
3013 1765 3120 1815 τῶν
3144 1765 3395 1837 κρυπτῶν
3428 1759 3494 1816 τὰ
3527 1761 3625 1833 μὶν
3646 1767 3748 1830 τῆς

344 1855 645 1926 gumenta,
671 1851 1018 1907 animavero
1040 1853 1196 1906 nuda
1212 1853 1410 1909 etsola
1429 1870 1544 1908 una
1575 1871 1706 1910 cum
1735 1855 1987 1927 turpitu-

345 1941 500 1998 dinis
519 1941 794 2014 operibus
816 1941 1140 2014 proferetur
1161 1942 1219 1996 in
1245 1942 1501 1998 medium
1523 1944 1584 1997 ⁸³.
1605 1948 1792 2016 Atque
1813 1945 1989 2001 etiam

345 2030 406 2088 in
439 2030 549 2086 hoc
592 2029 802 2086 saeculo
851 2031 920 2085 ad
972 2046 1172 2086 eorum
1204 2031 1416 2102 quibus
1474 2033 1631 2088 istud
1684 2033 1989 2106 contingit,

345 2119 657 2176 utilitatem
684 2117 974 2176 reveletur
997 2119 1292 2176 interdum
1325 2121 1584 2188 habitus,
1608 2122 1689 2179 ita
1720 2127 1786 2179 ut
1815 2125 1990 2181 rebus

347 2226 476 2283 quae
509 2213 680 2266 antea
711 2208 927 2264 multos
959 2209 1270 2276 latuerant,
1301 2209 1632 2280 denudatis,
1653 2215 1829 2284 atque
1860 2229 1990 2285 pec-

349 2304 615 2357 catorum
661 2298 1028 2371 turpitudine
1057 2299 1129 2354 ad
1162 2298 1548 2371 plurimorum
1599 2302 1992 2374 cognitionem

349 2387 816 2464 perveniente,hi
837 2387 948 2460 ipsi
967 2387 1064 2459 qui
1097 2388 1259 2460 prius
1280 2387 1577 2446 latitantes
1600 2390 1658 2446 in
1683 2389 1836 2447 malo
1863 2407 1990 2464 per-

349 2478 652 2544 sistebant,
678 2478 802 2548 jam
855 2477 1181 2550 pudibundi
1214 2484 1628 2536 convertantur
1671 2497 1737 2536 ac
1787 2481 1991 2553 resipi-

349 2572 536 2626 scant.
556 2567 942 2634 Quamobrem
968 2567 1225 2624 fucatum
1246 2567 1702 2640 simulatumque
1721 2569 1991 2626 habitum

346 2657 618 2725 revelare,
645 2674 862 2713 munus
894 2656 1122 2713 Domini
1154 2662 1261 2714 est.
1290 2660 1478 2724 Quare
1509 2659 1557 2714 si
1590 2659 1690 2730 qui
1724 2664 1990 2716 nostrum

343 2748 441 2819 qui
472 2748 530 2803 in
559 2746 842 2820 dignitate
871 2750 929 2802 et
972 2747 1189 2803 honore
1221 2747 1655 2816 constituimur,
1689 2749 1868 2805 vitam
1902 2748 1988 2804 in-

343 2837 613 2894 decorem
639 2851 741 2908 per
761 2836 1196 2892 simulationem
1215 2827 1552 2910 contegunt,
1571 2841 1836 2893 metuant
1854 2854 1987 2894 eum

344 2927 444 3000 qui
486 2930 751 2981 nostrum
801 2925 1067 2982 habitum
1119 2925 1480 2982 revelaturus
1509 2932 1618 2996 est,
1651 2932 1826 2999 atque
1859 2944 1990 2984 cor-

342 3015 510 3072 dium
543 3019 877 3070 nostrorum
911 3013 1158 3070 consilia
1189 3015 1607 3086 patefacturus,
1634 3017 1777 3072 adeo
1808 3020 1873 3071 ut
1898 3032 1985 3088 pe-

335 3105 500 3175 jores
530 3103 910 3177 cogitationes
945 3104 1004 3158 in
1034 3105 1323 3175 cujusque
1368 3104 1563 3160 animo
1593 3110 1883 3178 conceptas
1915 3106 1987 3162 ob

341 3191 605 3248 omnium
655 3190 857 3247 oculos
909 3192 1286 3263 ponantur“.
1321 3192 1785 3250 Circumdabunt
1829 3196 1987 3251 enim
2019 3166 2062 3233 C

341 3295 823 3350 unumquemque
845 3285 1112 3335 nostrum
1137 3281 1516 3352 cogitationes
1539 3281 1728 3353 ipsius
1753 3283 1816 3337 ‘7.
1838 3283 1986 3350 Quin

339 3375 397 3427 et
425 3369 684 3425 actiones
716 3385 822 3424 nos
854 3369 1309 3434 oircumsistent,
1331 3386 1526 3442 eraque
1557 3371 1682 3427 suis
1715 3373 1866 3428 notis
1897 3372 1987 3427 inv

342 3457 592 3532 signitaa,
619 3459 902 3530 pudorem
946 3457 1348 3530 probrumque
1388 3463 1670 3516 internum
1704 3461 1873 3517 nobis
1901 3461 1991 3516 in-

346 3549 622 3617 ferentes,
653 3547 1128 3618 quandoquidem
1180 3549 1434 3603 sermoni
1465 3548 1863 3622 doctrinaeque
1892 3551 1991 3606 de-

347 3636 785 3710 prehendentur
829 3636 1136 3692 contrariae
1169 3653 1180 3692 :
1216 3637 1298 3693 ita
1327 3642 1390 3693 ut
1421 3639 1520 3710 qui
1559 3640 1835 3712 praedicat
1875 3657 1990 3695 non

348 3726 686 3793 furandum,
722 3726 771 3781 is
805 3726 938 3781 furti
992 3726 1320 3782 inveniatur
1351 3743 1484 3785 reus
1517 3743 1532 3781 :
1566 3729 1662 3800 qui
1697 3729 1838 3785 dicit
1877 3747 1990 3785 non

347 3815 787 3886 mmchandum,
818 3815 868 3871 is
917 3833 1084 3872 suam
1131 3834 1266 3872 cum
1328 3817 1611 3875 adulteris
1664 3820 1991 3891 portionem

346 3905 560 3963 habere
592 3905 987 3978 comperiatur
1008 3907 1050 3941 ⁵⁸
1078 3923 1090 3961 :
1114 3907 1212 3979 qui
1239 3908 1392 3962 466
1419 3907 1790 3964 abominatur
1816 3908 1991 3978 idola,

343 3997 499 4053 idem
551 4012 668 4051 non
727 3994 837 4052 sibi
895 3996 1598 4069 temperetasacrilegio.
1621 3997 1778 4053 Nihil
1837 3999 1993 4053 enim

348 4083 647 4143 occultum
678 4089 785 4156 est,
811 4086 966 4156 quod
997 4085 1390 4157 detegendum
1422 4103 1536 4142 non
1571 4086 1681 4141 sit:
1718 4085 1863 4141 nihil
1894 4087 1994 4141 ab-

349 4174 709 4237 sconditum,
740 4175 895 4244 quod
929 4173 1302 4229 revelandum
1335 4191 1447 4230 non
1481 4174 1638 4230 sit".

425 4263 549 4316 125.
582 4262 752 4317 Vens.
790 4263 874 4315 18.
916 4263 978 4316 1η
1007 4261 1096 4317 die
1144 4263 1247 4318 illa
1293 4265 1509 4332 auferet
1561 4263 1826 4319 Dominus
1879 4264 1996 4333 glo-

352 4351 496 4406 riam
529 4352 838 4405 vestimerm'
864 4367 1084 4418 carum,
1117 4353 1167 4405 et
1196 4355 1456 4406 ornatum
1489 4367 1700 4407 earum.
1725 4353 1996 4418 Quando-

351 4438 586 4511 quidem
621 4438 795 4494 rebus
827 4454 953 4510 qua?
984 4439 1054 4493 ad
1087 4455 1257 4495 usum
1285 4439 1512 4495 fuerant
1541 4457 1850 4508 concessas,
1875 4446 1998 4499 ute-

2101 1851 2299 1925 σαρκὸς
2375 1850 2836 1927 παραπετάσματα
2901 1854 3242 1926 περιαιρεθῇ,
3303 1851 3485 1925 γυμνὴ
3543 1849 3602 1905 δὶ
3657 1850 3748 1905 καὶ

2095 1941 2215 2004 καθ’
2247 1939 2439 2009 ἰαυτήν
2476 1939 2610 2012 μετὰ
2635 1943 2743 1994 τῶν
2789 1939 2958 2016 ἔργων
3007 1943 3104 2006 τῆς
3140 1938 3535 2016 ἀσχημοσύνης
3566 1959 3744 2014 παρα-

2098 2027 2498 2105 δειγματίζεται
2547 2031 2582 2099 ἡ
2615 2031 2792 2105 ψυχή.
2854 2030 3182 2105 Ἐνεργεῖται
3243 2026 3300 2084 δέ
3354 2049 3486 2083 ποτε
3541 2029 3634 2084 καὶ
3664 2028 3744 2084 ἐν·

2095 2119 2266 2173 ταῦθα
2301 2119 2338 2188 ἡ
2389 2116 2732 2192 ἀποκάλυψις
2787 2121 2885 2174 τοῦ
2943 2119 3230 2193 σχήματος
3287 2115 3375 2172 ἐπὶ
3431 2117 3589 2190 καλῶ
3632 2121 3740 2172 τῶν

2100 2207 2224 2283 περὶ
2269 2206 2360 2269 οὓς
2411 2209 2445 2276 ἡ
2505 2205 2766 2284 ἐνέργεια,
2833 2206 2969 2263 ὥστε
3040 2208 3450 2282 γυμνωθέντων,
3521 2206 3555 2260 ἃ
3608 2207 3747 2269 τᾶως

2101 2294 2346 2358 πολλοὺς
2396 2293 2758 2367 διαλανθάνει,
2813 2295 2904 2352 καὶ
2963 2295 3038 2358 είς
3093 2300 3294 2371 γοῶσιν
3351 2301 3470 2360 τοῖς
3513 2294 3751 2358 πολλοῖς

2102 2383 2370 2454 ὶλθούσης
2416 2391 2518 2454 τῆς
2575 2383 2660 2440 ἐπὶ
2710 2391 2827 2448 τοῖς
2885 2385 3272 2460 ἀμαρτήμασιν
3328 2384 3748 2461 ἀσχημοσύνης,

2103 2474 2414 2550 ἐπιστρίψαι
2467 2472 2911 2538 καταιδεσθέντας
2959 2474 3086 2538 τοὺς
3132 2475 3268 2537 τὲως
3317 2471 3406 2529 δὴ
3447 2475 3509 2529 τὸ
3548 2471 3751 2538 λανθά-

2102 2585 2209 2620 νειν
2243 2563 2605 2637 ἐπιμένοντας
2650 2568 2730 2636 τῷ
2783 2568 2957 2637 κακῷ.
3002 2566 3114 2622 Τοῦ
3168 2563 3372 2640 Κυρίου
3422 2559 3513 2617 οὖν
3562 2557 3748 2638 ἔργον,

2101 2651 2441 2727 ἀνακαλύψαι
2470 2653 2534 2708 τὸ
2581 2659 2775 2728 σχῆμα
2819 2654 2883 2708 τὸ
2936 2648 3292 2722 ἐπίπλαστον,
3342 2651 3432 2707 καὶ
3479 2670 3753 2726 κατεσχη-

2103 2741 2456 2817 ματισμὲνον.
2487 2743 2646 2797 ’Ὡστε
2691 2745 2784 2797 καὶ
2815 2740 2864 2796 εἴ
2892 2763 3032 2804 τινες
3077 2745 3240 2815 ἡμῶν
3273 2746 3381 2797 τῶν
3414 2739 3747 2814 τιμωμένων

2099 2833 2457 2910 προσχήματι
2503 2831 2622 2908 βίον
2673 2829 2904 2905 ἄσεμνον
2950 2830 3378 2904 ύποκρύπτουσι,
3427 2825 3750 2902 σοϐηθῄτωο

2100 2943 2194 2978 σαν
2223 2923 2315 2978 τὸν
2341 2919 2733 2977 ἀνακαλύπτειν
2783 2923 2940 2995 ἡμῶν
2989 2922 3052 2976 τὸ
3099 2927 3295 2996 σχῆμα
3328 2918 3622 2994 μέλλοντα,
3654 2918 3749 2973 καὶ

2099 3017 2430 3093 φανεροῦντα
2455 3013 2550 3074 τὰς
2605 3009 2819 3087 βομλᾶς
2871 3015 2980 3065 τῶν
3033 3007 3270 3088 καρδιῶν
3328 3012 3512 3083 ἡμῶν,
3543 3006 3596 3063 ἰν
3626 3012 3754 3072 ταῖς

2097 3103 2312 3158 πάντων
2339 3101 2658 3178 προκεῖσθαι
2689 3095 2843 3174 ὄψεσι
2892 3098 3022 3163 τοὺς
3062 3097 3114 3154 ἐν
3165 3099 3374 3171 ἑκάστῳ
3421 3098 3752 3174 γινομένους

2099 3193 2354 3268 χείρονας
2415 3188 2740 3267 λογισμούς.
2791 3188 3069 3244 Κυκλώσει
3142 3189 3246 3266 γὰρ
3301 3185 3524 3243 ἕκαστον
3583 3188 3750 3260 ἡμῶν

2097 3281 2166 3336 τὰ
2212 3276 2503 3336 διαϐούλια
2551 3280 2736 3347 αὐτοῦ,
2784 3280 2874 3334 καὶ
2925 3279 2979 3334 αἱ
3025 3278 3244 3356 πράξεις
3319 3277 3370 3333 ἰν
3421 3282 3537 3340 τοῖς
3586 3274 3755 3339 ίδίοις

2099 3369 2441 3447 γνωρίσμασι
2489 3371 2930 3446 περιστήσονται,
2977 3368 3244 3445 αίσχύνην
3294 3368 3384 3423 καὶ
3443 3363 3753 3439 ὀνειδισμὸν

2101 3459 2318 3515 αἰώνιον
2369 3461 2506 3532 ἡμῖν
2556 3457 2868 3536 ὲπάγουσαι,
2915 3459 3040 3513 ὅταν
3087 3456 3423 3535 ἐλέγχωνται
3491 3455 3753 3518 δναντίως

2101 3544 2324 3625 ἔχουσαι
2374 3549 2509 3624 πρὸς
2555 3548 2646 3603 τὸν
2708 3546 2897 3623 λόγον’
2950 3547 3087 3602 ὥστε
3144 3547 3236 3602 τὸν
3291 3545 3627 3622 κηρύσσοντα
3668 3546 3752 3618 μὴ

2100 3636 2376 3707 κλέπτειν,
2444 3635 2649 3692 κλοαὲα
2721 3634 3143 3714 ἑφευρίσκεσθαι·
3205 3633 3298 3691 τδν
3376 3634 3608 3711 λέγοντα
3668 3637 3750 3707 μή

2106 3725 2407 3803 μοιχεύειν,
2431 3725 2484 3782 ἐν
2510 3731 2628 3790 τοῖς
2679 3731 2903 3800 μοιχοῖς
2945 3721 3145 3801 ἔχοντα
3195 3726 3293 3794 τὴν
3346 3722 3538 3798 μερίδα
3567 3730 3752 3802 φωρᾶ-

2104 3819 2244 3872 σθαισ
2268 3817 2358 3871 τὸν
2395 3813 2828 3891 βδελυσσόμενον
2857 3815 2923 3870 τὰ
2952 3811 3178 3887 εἴδωλα,
3209 3812 3522 3889 ἱεροσυλίας
3556 3818 3751 3869 τοῦτον

2107 3907 2183 3979 μὴ
2217 3904 2578 3980 ἀπεχόμενον.
2628 3902 2800 3963 Ούδὶν
2850 3905 2952 3981 γὰρ
3003 3904 3263 3978 κρυπτὸν,
3317 3904 3347 3959 ’ὀ
3401 3903 3462 3959 ού
3507 3923 3754 3982 φανερωο

2105 3997 2342 4067 θήσεται·
2399 3991 2524 4050 οὐδὶ
2573 3990 2988 4068 κεκαλυμμένον
3048 3994 3184 4067 (70),
3237 3994 3267 4049 ’ὀ
3323 3992 3422 4048 οὐκ
3477 3991 3754 4048 ἀποκαλυ-

2105 4085 2388 4162 φθήσεται.

2179 4266 2301 4322 125.
2356 4263 2444 4321 Ἐν
2499 4264 2572 4331 τῆ
2625 4261 2807 4335 ἡμέρα
2886 4258 3064 4335 ἐκείνῃ
3134 4258 3326 4340 ἀφελεῖ
3392 4259 3595 4336 Κύρνος
3646 4263 3754 4331 τὴν

2108 4351 2262 4425 δόξαν
2319 4355 2414 4407 τοῦ
2471 4351 2771 4424 ἱματισμοῦ
2831 4348 3027 4421 αὐτῶν,
3085 4350 3174 4405 καὶ
3248 4350 3338 4405 τὸν
3395 4348 3601 4424 κόσμον
3659 4350 3758 4406 αύ-

2106 4447 2234 4500 τῶν.
2267 4438 2486 4510 Ἐπειδή
2514 4439 2660 4516 παρὰ
2709 4442 2770 4495 τὸ
2822 4437 3026 4514 πρέπον
3083 4437 3388 4516 ἐχρήσαντο
3434 4444 3552 4502 τοῖς
3600 4437 3755 4495 διδο-

350 4529 566 4585 bantur
603 4531 807 4584 contra
863 4527 1054 4583 decori
1116 4529 1424 4598 rationem,
1461 4532 1683 4602 Auferet
1741 4532 1998 4589 Dominus

2111 4531 2289 4606 μένοις
2341 4529 2416 4592 είς
2473 4536 2692 4605 χρῆσιν,
2753 4527 2975 4607 ’Δφελεῖ
3025 4527 3220 4605 Κύριος
3279 4529 3378 4598 τὴν
3440 4526 3592 4600 δόξαν
3650 4533 3755 4585 τοῦ

348 4617 601 4688 gloriam
630 4619 945 4673 vestimenti
966 4633 1178 4690 earum,
1207 4635 1322 4690 quo
1346 4617 1404 4674 in
1437 4636 1611 4675 suum
1646 4624 1700 4675 et
1725 4636 1996 4678 occuren-

349 4707 500 4763 tium
521 4705 741 4762 malum
761 4706 1207 4764 amiciebantur.
1229 4708 1668 4779 Itaqueomnem
1689 4708 1996 4766 mulierem

349 4795 685 4852 vestimenti
711 4795 874 4850 cultu
901 4797 1262 4863 abutentem,
1289 4813 1355 4853 eo
1377 4797 1692 4870 spoliatum
1722 4799 1791 4854 iri
1825 4799 1996 4855 mini-

349 4890 530 4943 tatur.
583 4885 892 4952 Quoniam,
939 4886 1151 4959 inquit,
1196 4886 1547 4945 incedebant
1593 4889 1767 4946 etiam
1817 4890 1996 4948 simul

347 4975 583 5032 tunicas
615 4974 936 5042 trahentes,
959 4976 1125 5048 quasi
1159 4993 1273 5031 non
1297 4981 1602 5034 uterentur
1626 4978 1994 5049 vestimento,

2107 4623 2408 4696 ἱματισμοῦ
2451 4617 2650 4688 αὐτῶν,
2709 4619 2768 4674 ’ὸν
2817 4615 2904 4673 ἐπὶ
2952 4622 3103 4691 κακῷ
3151 4618 3353 4673 ἑαυτῶν
3396 4617 3486 4673 καὶ
3527 4622 3634 4674 τῶν
3676 4617 3754 4674 ἐν·

2105 4711 2486 4788 τυγχανόντων
2548 4707 2734 4773 αὐταῖς
2789 4698 3219 4784 περιεϐάλλοντο
3253 4708 3381 4782 (71).
3415 4709 3574 4763 Ὥστε
3603 4710 3755 4764 πᾶσα

2105 4801 2243 4876 γυνὴ
2293 4801 2475 4860 κακῶς
2521 4797 2838 4874 κεχρημὲνη
2897 4799 2966 4872 τῇ
3024 4792 3294 4872 περιϐολῇ
3351 4802 3454 4866 τῆς
3498 4795 3753 4867 ὶσθῆτος,

2103 4890 2201 4960 τὴν
2234 4890 2346 4963 (72)
2378 4885 2656 4966 ἀφαίρεσιν
2678 4884 3003 4943 ἀπειλεῖται.
3034 4881 3252 4956 Ἐπειδή
3285 4883 3375 4940 καὶ
3406 4882 3754 4963 ἐπορεύοντο,

2107 4977 2291 5058 φησὶν,
2323 4976 2436 5052 ἅμα
2485 4975 2740 5052 σύρουσαι
2786 4974 2912 5038 τοὺς
2969 4977 3210 5051 χιτῶνας
3269 4975 3346 5038 ὠς
3406 4975 3483 5048 μὴ
3525 4977 3753 5052 χρώμε-

417 5128 465 5164 ⁶³
494 5128 655 5184 Prov.
689 5143 745 5196 ι,
783 5127 867 5182 10.
943 5127 990 5162 ⁸⁸
1019 5126 1173 5182 Psal.
1203 5144 1394 5197 xxxrv,
1428 5130 1513 5184 19.
1589 5130 1634 5166 ⁸⁸
1666 5134 1689 5185 Ι
1719 5131 1849 5188 Cor.
1881 5149 1958 5201 Iv,
1991 5133 2007 5188 ξ

2121 5131 2165 5168 ⁴⁶
2191 5131 2334 5188 ibid.
2410 5131 2454 5166 ὐτ
2485 5130 2617 5188 Ose.
2649 5145 2749 5196 vn,
2797 5131 2854 5184 2.
2931 5129 2974 5164 ⁴⁶
3003 5128 3157 5184 Psal.
3189 5144 3339 5195 χιιι,
3375 5129 3461 5186 18.
3537 5129 3583 5166 ⁸⁸
3614 5131 3758 5188 Luc.

349 5217 473 5271 vm,
511 5201 593 5255 17.

420 5355 534 5428 (68)
565 5355 686 5410 Vox
726 5352 1057 5428 tunetvmmc
1107 5355 1214 5428 hoc
1268 5353 1395 5428 loco
1451 5358 1730 5428 notamet
1760 5355 1994 5413 solitam

351 5425 842 5498 significationem
888 5444 1003 5482 non
1045 5426 1220 5500 babet
1251 5441 1265 5480 :
1299 5425 1401 5481 sed
1427 5426 1602 5500 sumi
1631 5427 1863 5500 videtur
1894 5446 1996 5500 pro

352 5500 882 5566 animadversione,
914 5516 1028 5569 qua
1056 5498 1210 5554 Deus
1239 5499 1526 5570 superbos
1558 5499 1748 5570 punit,
1781 5498 1998 5571 eosque

108 5557 260 5627 "d1.
291 5623 294 5632 ,
352 5571 650 5638 deprimit.

422 5644 534 5716 (69)
565 5643 658 5701 Sic
689 5646 936 5714 uterque
963 5641 1214 5700 Combef.
1249 5643 1307 5699 et
1334 5640 1435 5698 alii
1473 5657 1616 5700 mss.
1650 5658 1768 5702 non
1798 5643 1992 5717 pauci.

2106 5355 2278 5420 Editi,
2305 5350 2548 5422 ἕλκωσιν,
2577 5353 2806 5411 incuria
2834 5369 3168 5426 operarum.

2197 5429 2286 5496 70)
2319 5427 2482 5510 Regii
2513 5427 2721 5483 tertius
2752 5431 2808 5482 et
2829 5422 3103 5554 (quartus,
3135 5422 3710 5498 κατακεκαλυμμένον.

2197 5500 2288 5554 71)
2326 5502 2510 5554 Maior
2567 5515 2702 5554 pars
2758 5515 2826 5554 co
2871 5514 3026 5554 tcum
3083 5502 3440 5554 nostrorum.
3496 5493 3710 5554 πεοιεϐι

2107 5569 2139 5625 λ
2177 5493 2288 5571 (71)
2326 5493 2510 5569 Maior
2567 5515 2702 5570 pars
2758 5493 3026 5555 codicum
3083 5502 3440 5565 nostrorum,
3480 5493 3760 5573 ’περιεϐὼ

2145 5590 2290 5626 οντο.

2173 5643 2288 5716 (72)
2319 5640 2572 5716 Uterque
2621 5639 2782 5700 Colb.
2827 5643 2887 5699 et
2940 5639 3082 5713 Reg.
3130 5639 3447 5714 secundus,
3498 5637 3755 5714 ισθῆτος.
