4130 6210
296 357 391 416 321

1099 353 1506 416 COMMENT.
1553 354 1631 414 ΙΝ
1678 353 1951 416 ISAIAM
1997 354 2505 418 PROPHETAM.
2553 358 2717 418 CAP.
2766 357 2865 418 Ill.

3567 365 3686 426 322

295 508 369 542 ναι
416 489 492 557 τῷ
549 485 852 558 ἱματισμῷ,
913 481 1057 540 ἀλλὰ
1095 484 1550 560 παραχρώμεναι,
1603 481 1924 553 ἰκελεύσθη-

2065 487 2139 542 ιθό
2177 504 2303 559 quas
2335 488 2732 555 abuterentur,
2765 489 2893 546 ideo
2931 491 3114 563 jussaa
3167 497 3306 548 sunt
3355 495 3686 553 vestimenti

296 597 376 631 σαν
404 575 755 650 γυμνωθῆναι
785 576 885 640 τῆς
916 570 1080 644 δόξης
1125 577 1224 629 τοῦ
1282 574 1604 646 ἱματισμοῦ.
1655 573 1929 650 Ἀφαιρεῖ-

293 686 372 720 ται
428 661 725 738 μέντοικαί
773 663 862 741 ἀφ’
917 664 1070 735 ἡμῶν
1115 663 1216 732 τήν
1262 659 1416 735 δόξαν
1463 665 1558 717 τοῦ
1605 662 1932 736 ἱματισμοῦ,

296 752 375 808 ἔᾶν
402 751 625 823 ἀναξίως
674 751 822 825 αὐτῷ
869 752 1212 828 κεχρημένοι
1253 755 1526 829 φανῶμεν,
1559 754 1934 806 καταπατοῦν-

294 864 373 906 τες
453 841 641 913 αὐτὸν,
716 841 807 896 καὶ
871 845 980 895 τῶν
1054 841 1320 915 σαρκίνων
1386 839 1750 915 μολυσμάτων
1806 841 1933 894 ἀνα-

296 930 646 1006 πιμπλάντες·
699 929 793 992 Τίς
851 927 909 985 δὲ
966 929 1104 984 ἐστιν
1165 927 1321 992 οὗτος
1373 930 1401 984 6
1459 928 1934 1003 ἱματισμὸς,ἢτὸ

295 1018 486 1095 ἔνδυμα
535 1025 648 1076 τῶο
706 1019 894 1096 ἁγίων,
929 1020 957 1073 6
993 1018 1197 1095 Κύριος
1226 1022 1386 1092 ἡμῶν
1419 1020 1628 1089 Ἰησοῦς
1658 1018 1932 1090 Χριστός;

293 1114 435 1170 Ὀσοι
491 1110 595 1188 γὰρ
658 1108 735 1172 εἷς
803 1110 1036 1183 Χριστὸν
1106 1103 1483 1177 ἐϐαπτίσθητε.
1560 1109 1788 1183 Χριστὸν
1853 1106 1934 1162 ἐν-

297 1198 561 1269 εδύσασθε,
611 1198 668 1253 ὅν
722 1199 943 1276 ἀφαιρεῖ
989 1197 1184 1272 Κύριος
1237 1198 1341 1252 ἀπὸ
1369 1201 1480 1252 τῶν
1513 1194 1602 1252 διὰ
1629 1201 1724 1251 τοῦ
1755 1199 1935 1272 ἁμαρ-

295 1292 456 1346 τάνειν
515 1289 578 1344 τὸ
637 1293 800 1362 σῶμα
853 1285 1328 1343 καταπατούντων.
1388 1288 1480 1340 καὶ
1537 1286 1599 1340 τὸ
1652 1286 1790 1359 αἷμα
1835 1291 1937 1356 τῆς

297 1377 552 1450 διαθήκης
601 1377 786 1433 κοινὸν
830 1377 1149 1453 ἡγουμένων
1209 1379 1342 1449 (73).
1402 1374 1614 1433 Τούτου
1661 1379 1758 1430 τοῦ
1806 1375 1934 1448 ἱμα-

295 1466 480 1542 τισμοῦ
537 1461 793 1540 σύμϐολα
849 1468 914 1535 ἦν
959 1466 1025 1520 τὰ
1081 1466 1272 1538 ἱμάτια
1326 1465 1423 1519 τοῦ
1481 1465 1725 1541 Ἰσραὴλ,
1757 1465 1823 1518 τὰ
1858 1466 1933 1537 μὴ

296 1551 676 1633 κατατριϐέντα
707 1600 722 1626 ,
781 1555 960 1618 καθὼς
1017 1558 1316 1631 γέγραπται
1375 1553 1428 1608 ὲν
1489 1553 1934 1631 Δευτερονομίῳ,

297 1645 372 1704 ὅτι
429 1648 510 1704 Τὰ
567 1644 760 1721 ἱμάτια
813 1645 964 1719 ὑμῶν
1024 1643 1085 1699 ού
1137 1637 1452 1719 κατετρίϐη,
1513 1641 1697 1698 καίτᾶ
1730 1639 1937 1713 ὑποδή-

301 1758 434 1810 ματα
478 1735 534 1792 ἐν
590 1740 709 1798 τοῖς
785 1733 943 1790 ποσὶν
1022 1734 1175 1807 ὑμῶν
1255 1731 1353 1790 οὐκ
1403 1730 1720 1804 ἐπαλαιώθη
1753 1752 1764 1764 °
1821 1731 1933 1787 ἐπεὶ

296 1825 379 1881 καὶ
426 1827 492 1882 τά
547 1821 877 1898 ὑποδήματα
934 1817 1188 1897 σύμϐολα
1238 1823 1304 1892 ἦν
1336 1828 1437 1892 τῆς
1471 1821 1785 1896 ἐτοιμασίας
1841 1824 1938 1876 τοῦ
1971 1854 2018 1918 Β

301 1914 626 1992 Εὖαγγελίου
671 1920 772 1983 τῆς
824 1911 1067 1986 εἰρήνης.
1121 1913 1222 1968 "HV
1269 1912 1370 1988 γὰρ
1423 1908 1625 1966 δέδωκε
1663 1912 1936 1981 Διαθήκην

306 2006 500 2074 Καινήν
549 2005 660 2077 (74)
709 2002 941 2077 Χριστὸς
986 2003 1218 2073 Ἰησοῦς,
1273 1999 1417 2073 μένει
1448 2001 1632 2072 καινὴ,
1668 1997 1940 2074 μηδέποτε

305 2091 696 2166 παλαιουμὲνη.
757 2093 920 2148 “Ὁσον
978 2090 1081 2166 γὰρ
1132 2090 1397 2166 χρώμεθα
1445 2090 1625 2162 τούτῳ
1680 2091 1770 2144 καὶ
1821 2094 1938 2152 τοῖς

305 2181 634 2255 ὑποδήμασι,
676 2181 920 2237 τοσούτω
971 2180 1256 2254 καινότερα
1304 2179 1529 2254 γίνεται,
1577 2179 1656 2233 ἀεὶ
1695 2179 1939 2256 προσφά-

301 2293 390 2327 του
432 2271 522 2327 καὶ
555 2272 677 2332 νὲας
709 2269 1095 2344 ἐπιγινομένης
1145 2269 1281 2340 ἡμῖν
1325 2274 1424 2338 τῆς
1478 2265 1789 2340 ἔτοιμασίας
1846 2271 1942 2322 τοῦ

302 2359 629 2438 Εὗαγγελίου
658 2357 712 2414 ἕν
839 2361 1094 2434 προκοπῇ
1141 2364 1240 2428 τῆς
1289 2357 1365 2420 εἷς
1414 2357 1640 2433 Χριστὸν
1690 2356 1941 2418 πίστεως.

307 2456 399 2506 Καὶ
445 2449 578 2513 τοὺς
626 2441 937 2521 κοσύμϐους
994 2450 1126 2521 (75).
1177 2447 1528 2524 Ἀφαιρήσειν
1576 2443 1791 2500 ἀπειλεῖ
1836 2449 1943 2501 τῶν

305 2539 806 2611 καλλωπιζομὲνων
852 2541 1119 2611 γυναικῶν
1182 2533 1271 2590 διὰ
1311 2539 1409 2590 τοῦ
1455 2537 1740 2614 προφήτου
1782 2537 1810 2591 ὁ
1841 2535 1944 2590 Κύ-

307 2649 413 2706 ριος
441 2629 535 2683 καὶ
569 2626 700 2688 τοὺς
728 2620 1058 2698 κοσύμϐους.
1110 2624 1186 2682 Οὐ
1217 2624 1355 2680 πάνυ
1387 2622 1444 2680 δὲ
1474 2626 1509 2695 ἡ
1540 2629 1636 2680 τοῦ
1665 2619 1946 2698 κοσύμϐου

305 2716 435 2788 λέξις
478 2721 551 2792 τῇ
585 2713 891 2788 Ἑλληνικῇ
925 2713 1178 2786 συνηθείᾳ
1200 2714 1608 2788 καθωμίληται,
1659 2713 1779 2778 ὅθεν
1824 2711 1949 2769 οὐδὲ

304 2808 330 2862 6
358 2811 477 2869 νοῦς
506 2804 680 2875 αὐτῆς
705 2800 1010 2878 πρόδηλος.
1046 2803 1195 2872 Πλὴν
1229 2805 1392 2876 ἡμεῖς
1424 2803 1475 2857 ἐν
1524 2807 1594 2877 τῇ
1641 2807 1944 2878 κατασκευῇ

304 2903 395 2967 τῆς
419 2895 815 2973 ἀρχιερατικῆς
843 2892 1067 2961 ἐσθῆτος
1106 2891 1350 2968 εὑρόντες
1401 2896 1607 2968 χιτῶνα
1654 2887 1945 2964 κοσυμϐω·

303 2986 410 3056 τὸν,
440 2984 644 3061 ἔχοντα
677 2979 927 3058 ῥοΐσκους
976 2982 1065 3036 καὶ
1109 2979 1390 3050 κώδωνας,
1423 2979 1765 3054 ἀποδὲσμους
1799 2981 1946 3043 τινας

303 3081 402 3130 τῶν
449 3080 741 3149 κροσσων,
793 3069 1089 3144 ἐνοήσαμεν
1138 3069 1266 3133 τοὺς
1309 3065 1622 3144 κοσύμϐους
1670 3090 1947 3146 συναπηρ-

303 3164 568 3236 τημὲνους
603 3166 718 3223 τοῖς
749 3156 968 3215 κώδωσι
996 3164 1114 3224 τοῖς
1141 3163 1390 3236 χρυσοῖς,
1440 3161 1530 3215 καὶ
1560 3164 1675 3222 τοῖς
1704 3158 1944 3236 ῥοΐσκοις

2041 575 2228 649 gloria
2257 577 2491 650 privari.
2515 579 2716 635 Aufert
2745 579 2982 651 quidem
3011 587 3070 637 et
3097 601 3130 638 a
3159 581 3330 640 nobis
3351 585 3686 641 vestimenti

2040 665 2310 739 gloriam,
2365 668 2413 724 si
2462 685 2528 724 eo
2578 669 3072 740 deprehendimur
3110 671 3349 745 indigne
3399 673 3506 745 uti,
3541 673 3685 731 illud

2043 756 2472 823 conculcantes,
2488 762 2662 829 atque
2685 757 3019 816 carnalibus
3043 760 3506 832 inquinamentis
3529 779 3686 819 com-

2044 845 2287 917 plentes.
2313 847 2430 903 Hoc
2451 853 2648 902 autem
2673 848 3087 905 vestimentum
3111 851 3404 922 quodnam
3438 857 3549 922 est,
3574 851 3688 908 nisi

2043 939 2382 990 sanctorum
2425 935 2859 1004 indumentum,
2895 938 3018 1010 ipse
3047 938 3330 996 Dominus
3362 947 3558 998 noster
3587 943 3689 998 Je-

2043 1041 2146 1080 sus
2175 1024 2442 1081 Christus
2464 1025 2492 1080 ?
2543 1025 2858 1098 Quicunque
2888 1029 3039 1084 enim
3069 1031 3129 1083 in
3163 1028 3380 1086 Christo
3424 1033 3696 1104 baptizata“

2043 1115 2192 1183 estis,
2231 1113 2506 1170 Christum
2557 1116 2815 1171 induistis
2837 1117 2900 1185 ⁵ο,
2935 1133 3106 1188 quem
3157 1119 3228 1174 ab
3261 1119 3335 1176 iis
3365 1121 3555 1177 aufert
3585 1123 3695 1178 Do-

2045 1203 2269 1268 minus,
2300 1203 2398 1274 qui
2451 1220 2662 1275 corpus
2721 1204 3062 1276 proculcant
3116 1224 3220 1278 per
3275 1213 3606 1280 peccatum,
3638 1216 3698 1266 et

2045 1293 2380 1347 testamenti
2415 1291 2761 1364 sanguinem
2789 1311 2889 1364 pro
2922 1294 3140 1364 polluto
3171 1313 3235 1363 ac
3268 1297 3567 1354 communi
3600 1298 3700 1355 ha-

2046 1380 2185 1436 bent
2209 1381 2276 1436 ".
2301 1380 2630 1436 Indamenti
2664 1381 2840 1451 hujus
2866 1383 3052 1454 ﬁgura
3074 1389 3241 1440 erant
3271 1385 3575 1442 Israelitici
3599 1404 3696 1459 po-

2049 1469 2168 1539 puli
2201 1473 2413 1535 vestes,
2438 1487 2810 1541 nequaquam
2845 1471 3088 1539 detritis,
3115 1474 3195 1527 uti
3219 1475 3502 1546 scriptum
3526 1481 3614 1532 est
3636 1476 3696 1532 in

2048 1558 2498 1614 Dcuteronomio
2521 1559 2584 1613 δ’.
2615 1559 2933 1615 Vestimenta
2968 1569 3140 1617 vestra
3181 1578 3292 1618 non
3320 1573 3446 1620 sunt
3473 1565 3702 1636 detrita,

2049 1652 2100 1703 et
2130 1649 2514 1703 catceamenta
2549 1651 2604 1702 in
2630 1647 2864 1720 pedibus
2902 1651 3101 1705 vestris
3130 1666 3241 1706 non
3270 1661 3400 1707 sunt
3441 1656 3706 1711 vetustate

2048 1746 2387 1809 consumpta.
2420 1737 2728 1793 Enimvero
2763 1738 2881 1793 haec
2910 1737 3086 1794 etiam
3119 1739 3511 1797 calceamenta
3540 1757 3705 1815 sym-

2048 1823 2183 1880 bola
2211 1829 2378 1881 erant
2423 1842 2489 1881 ac
2538 1827 2727 1898 figura
2757 1827 3202 1899 praeparationis
3249 1829 3545 1903 Evangelii
3597 1848 3704 1904 pa-

2050 1914 2133 1970 cis
2159 1915 2223 1969 ”.
2252 1914 2396 1970 Nam
2430 1915 2655 1970 Novum
2688 1916 3134 1972 Testamentum
3165 1918 3321 1989 quod
3350 1918 3524 1976 Jesus
3547 1919 3705 1975 Chri-

2051 2008 2180 2060 stus
2220 2003 2480 2074 tradidit,
2515 2021 2730 2060 novum
2780 2013 3128 2077 perseverat,
3164 2023 3270 2062 nec
3301 2011 3390 2062 est
3439 2025 3700 2081 unquam

2052 2092 2504 2164 antiquandam.
2529 2093 2676 2148 Nam
2708 2111 2823 2166 quo
2855 2095 3040 2166 magis
3073 2096 3180 2151 hoc
3213 2097 3554 2154 vestimento
3585 2097 3701 2153 cal-

2055 2180 2488 2252 ceamentisque
2521 2181 2764 2252 utimur,
2788 2199 2854 2238 eo
2888 2187 3134 2255 utraque
3177 2184 3325 2238 ﬁunt
3357 2185 3699 2255 recentiora,

2054 2270 2532 2343 quandoquidem
2556 2271 2669 2327 ﬁde
2686 2289 2813 2342 qua:
2833 2271 2892 2326 in
2910 2270 3211 2328 Christum
3234 2278 3322 2328 est
3340 2272 3700 2344 proﬁciente,

2055 2359 2400 2432 praeparatio
2416 2359 2708 2432 Evangelii
2727 2377 2930 2416 recens
2947 2377 3180 2434 semper
3194 2379 3259 2417 ac
3285 2380 3428 2418 nova
3450 2363 3508 2418 in
3534 2363 3701 2419 nobis

2056 2449 2337 2506 succedit.
2371 2451 2433 2504 Et
2481 2451 2776 2520 cosymbos.
2822 2452 2867 2505 Α
2900 2449 3246 2508 mulieribus
3306 2451 3489 2508 nimio
3537 2451 3701 2508 cultu

2054 2538 2348 2595 exornatis
2378 2541 2688 2611 cosymbos
2735 2540 2910 2596 etiam
2958 2539 3288 2597 ablaturum
3323 2558 3385 2598 se
3417 2541 3705 2598 Dominus

2056 2645 2156 2700 per
2206 2627 2554 2700 prophetam
2595 2629 3011 2685 comminatur.
3046 2630 3164 2685 Hoc
3210 2635 3406 2686 autem
3462 2633 3708 2703 cosymbi

2054 2715 2406 2772 vocabulum
2439 2734 2552 2772 non
2587 2717 2751 2774 valde
2782 2718 3090 2774 admodum
3121 2719 3315 2774 Graaco
3351 2737 3454 2775 usu
3492 2724 3582 2774 est
3611 2736 3702 2775 re-

2055 2810 2310 2877 ceptum,
2345 2807 2498 2861 unde
2531 2806 2773 2862 minime
2804 2808 3113 2878 perspicua
3152 2812 3241 2863 est
3290 2807 3448 2863 illius
3481 2807 3706 2864 intelli-

2055 2895 2270 2969 gentia.
2295 2895 2440 2959 Quia
2462 2900 2656 2951 tamen
2681 2895 2736 2950 in
2763 2896 2938 2952 vestis
2961 2897 3269 2968 pontiﬁcize
3293 2901 3578 2969 apparatu
3608 2903 3704 2952 tu-

2059 2985 2247 3041 nicam
2273 2984 2564 3056 cosymbis
2587 2990 2853 3040 ornatam
2885 2992 2942 3040 et
2966 2985 3134 3042 malis
3159 2986 3388 3057 punicis
3411 3005 3478 3043 ac
3500 2986 3704 3042 tintin-

2057 3073 2292 3131 nabulis
2352 3073 2696 3128 instructam
2747 3075 3156 3146 reperimus“,
3181 3075 3454 3147 cosymbos
3502 3076 3702 3132 existi-

2059 3164 2347 3219 mavimus
2364 3163 2649 3234 quosdam
2671 3179 2800 3218 esse
2824 3164 3188 3220 ﬁmbriarum
3215 3165 3544 3233 nodos,una
3564 3181 3700 3221 cum

303 3253 401 3308 ἀπὸ
431 3257 543 3308 τῶν
576 3249 776 3323 ἄκρων,
809 3249 900 3312 οὕς
942 3248 1240 3323 ἐμιμοῦντο
1287 3249 1404 3313 καθ’
1455 3243 1766 3324 ὑπερϐολὴν
1816 3270 1942 3324 τρυ-

2065 3252 2470 3309 tintinnabulis
2505 3253 2695 3308 aureis
2728 3258 2785 3308 et
2824 3252 2996 3308 malis
3027 3255 3257 3326 punicis
3305 3256 3378 3310 ab
3425 3254 3703 3311 extremis

303 3349 400 3419 φῆς
427 3341 519 3396 καὶ
553 3341 612 3395 αἱ
664 3339 948 3414 θυγατέρες
1001 3339 1141 3392 Σιὼν
1197 3336 1250 3392 ἐν
1281 3341 1348 3411 τῇ
1381 3333 1651 3414 περιϐολῇ
1682 3345 1781 3408 τῆς
1813 3337 1952 3401 ἰδίας

299 3431 471 3487 οὔτῶν
505 3430 761 3499 ἐσθῆτος
796 3425 866 3483 δι’
895 3429 970 3482 ὧν
997 3421 1274 3503 ἐνύϐριζον
1319 3429 1428 3500 (76)
1484 3432 1600 3490 τοῖς
1660 3427 1951 3501 ἱερατικοῖς

306 3518 599 3592 ἱδιώμασιν
636 3564 650 3590 ,
739 3515 1018 3572 ὑακίνθιναι
1089 3516 1180 3570 καὶ
1253 3516 1480 3570 κόκκινα
1553 3511 1956 3590 ἐγκομϐώματα

299 3615 541 3686 κροσσῶν
640 3605 1004 3683 ἀπηρτημένα
1088 3608 1184 3660 τοῦ
1285 3603 1544 3679 λώματος
1637 3605 1956 3685 περιφέρου-

304 3720 406 3754 σαι.

377 3879 500 3934 126.
568 3876 672 3930 Καὶ
727 3873 855 3936 τοὺς
941 3872 1260 3947 μηνίσκους,
1319 3871 1407 3927 καὶ
1457 3873 1520 3928 τὸ
1579 3872 1810 3946 κᾶθεμα,
1868 3871 1958 3928 καὶ

301 3963 389 4020 τὸν
416 3965 637 4039 κόσμον
663 3967 761 4018 τοῦ
808 3963 1112 4038 προσώπου
1171 3960 1367 4024 αὐτῶν,
1428 3962 1553 4016 Κατ’
1613 3958 1755 4024 εἶδος
1810 3960 1960 4033 ἐπεξ-

302 4055 519 4130 ἱρχεται
605 4057 686 4125 τῷ
754 4050 1074 4130 γυναικείῳ.
1113 4048 1331 4124 κόσμῳ,
1396 4051 1460 4105 τὸ
1528 4051 1810 4127 περίεργον
1863 4055 1962 4106 τοῦ

304 4143 718 4216 καλλωπισμοῦ
748 4139 1036 4213 διασύρων.
1067 4139 1287 4218 ’Λφελεῖ
1330 4140 1430 4216 γὰρ
1464 4139 1661 4215 Κύριος
1707 4143 1820 4215 (77)
1869 4139 1959 4196 καὶ

299 4235 424 4296 τοὺς
474 4232 785 4307 μηνίσκους
837 4231 923 4284 καὶ
982 4229 1045 4284 τὸ
1093 4231 1324 4302 κάθεμα.
1376 4229 1712 4307 Σαφὲστερον
1747 4227 1803 4284 δὲ
1832 4229 1962 4294 τοὺς

308 4321 615 4395 μηνίσκους
645 4320 830 4394 ’ἔτερος
880 4315 1154 4389 ἐξέδωκεν,
1207 4317 1398 4391 εἰπὼν,
1455 4318 1545 4373 καὶ
1600 4318 1726 4381 τοὺς
1771 4319 1963 4392 μανιά-

303 4432 418 4473 wac'
470 4411 566 4466 καὶ
599 4409 722 4464 ἀντὶ
766 4411 862 4462 τοῦ
898 4406 1201 4481 καθὲματος
1254 4406 1420 4462 εἷ’πὼν
1466 4406 1733 4482 χαλαστά.
1788 4407 1962 4479 Μηνί-

307 4520 431 4562 σκος
459 4502 654 4555 τοίνυν
686 4496 894 4569 κόσμος
917 4494 1026 4551 ἐστὶ
1048 4500 1286 4572 γρυσοῦς
1307 4495 1965 4572 περιτραχήλιος,κυκλο-

2061 3342 2391 3399 vestimenti
2433 3342 2696 3413 partibus
2739 3342 3157 3414 dependentes,
3188 3360 3336 3414 quos
3364 3347 3540 3400 etiam
3575 3343 3705 3399 ﬁlim

2063 3429 2201 3485 Sion
2235 3446 2346 3500 pris
2379 3445 2486 3484 suo
2518 3429 2698 3483 nimio
2729 3427 2870 3483 luxu
2902 3427 3288 3484 imitabantur
3316 3429 3376 3484 in
3407 3428 3498 3484 sui
3530 3429 3706 3484 vesti—

2065 3516 2246 3574 menti
2276 3515 2522 3572 ambitu.
2557 3518 2678 3583 Quo
2728 3521 2897 3588 pacto
2943 3517 3297 3588 peculiarem
3328 3518 3580 3575 vestium
3612 3535 3710 3574 sa-

2065 3605 2449 3662 cerdotalium
2489 3605 2925 3676 praerogativam
2961 3607 3413 3676 dedecorabant,
3441 3624 3568 3664 cum
3598 3607 3709 3663 cir-

2067 3697 2422 3754 cumferrent
2452 3696 2673 3750 nodosa
2716 3695 3082 3751 ﬁmbriarum
3118 3702 3462 3754 ornamenta
3492 3697 3564 3754 ab
3595 3697 3713 3752 ima

2066 3787 2366 3857 vestis;ora
2388 3784 2722 3856 pendentia,
2743 3801 2925 3856 eaque
2946 3785 3322 3855 hyacinthina
3343 3791 3400 3842 et
3420 3787 3708 3842 coccinea.

2144 3875 2262 3929 1'26.
2288 3877 2466 3928 Vens.
2492 3874 2576 3928 19.
2597 3874 2658 3926 Ft
2690 3873 2934 3941 lunulas,
2965 3878 3015 3928 et
3043 3874 3247 3928 monile
3275 3873 3589 3943 demissum,
3621 3889 3711 3928 or-

2071 3973 2260 4020 natum
2287 3963 2457 4034 faciei
2496 3977 2708 4017 earum.
2742 3962 3027 4016 Mundam
3073 3961 3415 4017 muliebrem
3451 3961 3716 4035 singula-

2072 4053 2175 4108 tim
2209 4046 2516 4124 percurrit,
2548 4054 2724 4122 atque
2753 4049 2808 4104 id
2845 4051 2996 4121 quod
3027 4049 3085 4106 in
3129 4050 3236 4107 hoc
3269 4056 3477 4106 ornatu
3511 4067 3714 4122 super-

2073 4141 2257 4198 ﬂuum
2281 4145 2388 4209 est,
2412 4139 2803 4212 reprehendit.
2823 4140 3059 4195 Auferet
3078 4139 3234 4197 enim
3262 4141 3542 4197 Dominus
3563 4143 3612 4195 et
3635 4140 3714 4196 lu-

2069 4233 2232 4288 natas
2255 4236 2305 4288 et
2327 4231 2527 4287 monile
2547 4229 2862 4286 demissum.
2883 4227 3047 4285 Alius
3073 4233 3268 4286 autem
3302 4230 3718 4301 interpretatus

2073 4328 2164 4378 est
2220 4321 2456 4387 clarius,
2491 4337 2593 4392 pro
2640 4317 2864 4375 lanulis
2908 4320 3055 4374 467
3109 4319 3331 4387 dicens,
3360 4330 3410 4375 et
3466 4323 3718 4391 torques;

2074 4411 2394 4480 dicensque
2441 4407 2567 4463 loco
2615 4406 2850 4463 monilis
2881 4408 3145 4475 demissi,
3179 4411 3230 4463 et
3272 4408 3574 4464 catenatas.
3603 4408 3718 4462 Lu-

2078 4498 2219 4554 nula
2248 4498 2431 4569 igitur
2459 4513 2704 4552 auream
2741 4501 2831 4552 est
2869 4503 3274 4553 ornamentum
3301 4496 3450 4552 collo
3472 4495 3721 4552 circum-

303 4587 474 4665 τέρως
522 4586 990 4662 ἀπειργασμένος,
1040 4586 1098 4640 ’ὸν
1144 4584 1546 4661 περιτιθέμεναι
1587 4587 1643 4641 αἱ
1691 4591 1940 4661 γυναῖκες

2077 4587 2359 4658 positum,
2390 4584 2762 4642 orbiculatim
2795 4586 3088 4654 effectum,
3111 4586 3265 4658 quod
3310 4602 3446 4641 cum
3478 4584 3589 4640 sibi
3620 4583 3723 4640 ad-

305 4679 510 4754 γυμνὸν
547 4673 932 4747 ἐπιτηδεύουσι
965 4671 1344 4748 προδεικνύναι
1377 4675 1468 4729 τὸν
1515 4673 1823 4751 τράχηλον,
1877 4676 1963 4730 καὶ

2079 4679 2288 4747 aptant
2320 4673 2618 4743 mulieres,
2639 4674 2878 4730 student
2900 4673 3111 4730 collum
3146 4675 3371 4730 nudam
3405 4673 3598 4745 palam
3631 4687 3726 4728 os-

305 4766 690 4843 ἆναισχύντως
718 4761 1093 4839 ἂπογυμνοῦν,
1125 4759 1159 4816 a’i
1188 4762 1579 4839 συγκαλύπτειν
1625 4763 1794 4839 εύσχη
1807 4763 1946 4838 μονάι

2079 4763 2339 4831 tendere,
2358 4767 2415 4817 et
2443 4779 2510 4817 ea
2532 4778 2663 4834 quae
2683 4762 3124 4819 convenientiae
3143 4766 3500 4834 tegerentur,
3526 4761 3723 4833 impa-

307 4876 519 4932 στερον.
557 4853 670 4912 Καὶ
697 4854 762 4908 τὸ
790 4852 1000 4926 κάθεμα
1029 4853 1238 4925 κόσμος
1265 4851 1346 4914 τίς
1372 4850 1506 4926 ἐστι,
1536 4853 1626 4908 καὶ
1653 4851 1814 4916 αὐτὸς
1839 4863 1969 4918 καθ·

2081 4853 2288 4908 denter
2307 4850 2624 4906 denudare.
2645 4854 2716 4906 At
2744 4853 2949 4907 monile
2969 4853 3265 4907 demissum
3285 4851 3528 4924 quidam
3556 4867 3730 4908 mun-

375 4995 421 5030 ιο
451 4993 587 5052 Gal.
623 5007 713 5059 ιιι,
743 4991 836 5046 27·
912 4991 955 5028 ⁸⁸
987 4990 1161 5047 Hebr.
1188 5007 1247 5062 x,
1275 4991 1367 5047 29.
1445 4989 1491 5025 ⁸³
1521 4989 1690 5047 Deut.
1722 5007 1876 5060 XXIX,
1908 4991 1945 5046 5

2065 4990 2085 5025 ³
2113 4989 2326 5061 Ephes.
2361 5004 2440 5056 v1,
2471 4988 2558 5042 15.
2635 4987 2680 5021 ⁸⁴
2709 4986 2882 5042 Exod.
2917 5003 3117 5057 xxvm,
3148 4988 3240 5056 33,
3273 4988 3360 5044 34.

308 5122 678 5199 προσδοκάτω
734 5120 907 5199 αὐτῆς
961 5124 1083 5193 τήν,
1135 5128 1332 5199 Itaque
1377 5125 1556 5199 omnis
1603 5124 1811 5180 mulier
1854 5139 1980 5195 qua:

310 5195 633 5255 vestimenti
651 5198 807 5252 cultu
833 5198 1104 5268 abutitur,
1126 5197 1242 5267 ejus
1263 5195 1662 5268 ademptionem
1681 5200 1974 5267 exspectet.

2091 5125 2238 5190 fuse,
2273 5123 2353 5177 ita
2402 5121 2714 5192 diligenter
2769 5120 3034 5192 disputat
3083 5121 3325 5177 Ducaeus
3356 5137 3370 5177 :
3404 5120 3598 5192 cujus,
3629 5117 3728 5190 qui

2090 5195 2296 5250 barum
2342 5211 2534 5249 rerum
2567 5193 2782 5248 curiosi
2830 5200 2989 5260 sunt,
3022 5194 3482 5249 eruditissimam
3535 5199 3727 5260 notam

309 5274 470 5350 [laud
507 5269 950 5350 contemnenda
979 5259 1169 5324 lectio:
1192 5268 1304 5323 Alii
1329 5259 1445 5325 tres
1468 5285 1610 5324 mss.
1635 5259 1977 5324 cum-editis
2087 5267 2284 5350 legant
2331 5268 2564 5350 suadeo.
2602 5265 2752 5320 Illud
2797 5259 3344 5350 quodpnonnloug‘e‘
3378 5259 3730 5350 legitu’rzgfai

309 5344 392 5399 uti
427 5344 488 5398 in
522 5344 828 5397 contextu.

2086 5331 2213 5399 τοῖις
2253 5336 2591 5410 κοσύμοους,
2624 5354 2693 5392 ex
2740 5331 2999 5408 antiquis
3048 5337 3238 5392 tribus
3264 5331 3462 5391 'libris'
3503 5331 3732 5388 addidi-

378 5416 496 5485 (73)
525 5414 630 5469 Sic
657 5411 793 5485 libri
837 5409 1098 5482 quinque
1136 5413 1377 5466 veteres.
1410 5409 1565 5466 Editi
1595 5415 1654 5466 et
1681 5411 1823 5482 Reg.
1857 5414 1979 5465 ter-
2089 5428 2244 5485 mus.

309 5484 350 5541 ti
359 5482 452 5552 (is,
478 5482 887 5554 ⁷ἡγησαμένων.

378 5505 452 5552 Is,
486 5505 887 5609 ηἷησαμενων.
1215 5551 1226 5563 ο

378 5559 496 5630 (74)
524 5557 752 5637 __'_ocem
788 5551 1166 5637 Katvﬁvaquae
1211 5569 1273 5637 in
1303 5568 1346 5635 ei

309 5623 774 5702 suppeditavere
804 5624 1028 5702 antiqui
1059 5623 1372 5702 tres_libri.

568 5551 752 5612 i'oce'm
788 5551 1006 5621 Καινήν,
1040 5568 1166 5622 quae
1211 5551 1270 5607 in
1303 5553 1477 5608 editis
1509 5552 1973 5620 desiderabatur,

2160 5483 2271 5552 (76)
2304 5481 2443 5552 Reg.
2472 5483 2771 5552 quartus,
2820 5470 3118 5548 ἐνύϐριζον.
3150 5478 3329 5552 _Colb.
3364 5476 3612 5552 primus,
3647 5470 3730 5525 ἐν.

2088 5546 2534 5626 υϐρίζὸυσιῘΑιὶἷ
2561 5551 2801 5626 quidam
2835 5546 3256 5626 msst‘et_e(l_i_ti,
3289 5546 3704 5626 ζνυορίζουσαιε,

2178 5615 2272 5696 77)
2300 5625 2393 5680 Sic
2421 5615 2645 5680 veteres
2675 5621 2936 5694 quinque
2965 5619 3124 5678 libri.
3150 5615 3272 5678 Veii
3301 5615 3496 5694 Κύριος
3525 5618 3586 5674 in
3616 5615 3732 5672 edi-

381 5687 502 5778 (τῦ)
535 5701 628 5757 De
678 5687 1108 5774 signiﬁcatione
1158 5694 1286 5766 ejus
1346 5695 1523 5767 vocis,
1581 5687 1880 5770 κόσυμϐος,
1911 5697 1980 5752 at
2085 5687 2173 5755 tls'
2200 5687 2420 5755 deerat.
