4048 6220
341 367 461 428 323
1285 363 1678 427 APPENDIX
1720 325 2044 427 orarium
2091 364 2158 427 s.
2205 362 2489 428 BASILII
2534 363 2808 429 MAGNI.
3627 371 3745 431 324

340 501 455 557 dus
484 502 593 567 est,
625 503 687 556 et
706 498 835 573 ipse
862 500 1101 572 quidem
1132 499 1524 567 demissus,et
1553 501 1623 557 ad
1656 504 1864 573 peetus
1894 516 1977 555 us-

2110 495 2318 572 ιέμῑνος
2379 500 2492 573 (78)
2546 498 2730 573 μέντοι
2778 498 2869 555 καὶ
2926 493 3358 559 ἐπικατποϐαίνων
3415 506 3496 574 τῷ
3540 505 3746 577 στήθει,

343 605 459 662 que
492 589 879 658 descendens,
902 588 1128 646 levibus
1158 604 1225 645 ac
1256 588 1463 646 laxatis
1506 589 1861 662 quibusdam
1892 604 1977 644 ca-

2100 585 2360 663 χαλαρῶν
2407 592 2570 643 τινῶν
2599 587 2842 644 ἁλύσεων
2881 590 3302 665 ἀπῃωρημένος,
3361 591 3420 653 ’ὸς
3471 589 3567 647 ’ίνα
3611 613 3748 665 προ-

339 679 564 739 tenulis
592 680 960 753 dependens;
986 681 1086 754 qui
1119 685 1183 735 ut
1206 679 1482 736 omnibus
1509 680 1587 736 sit
1614 679 1977 751 conspicuus1

2100 676 2376 755 φαίνηται,
2433 677 2651 741 πάντως
2704 678 2904 753 ἀνάγκη
2968 676 3111 752 μηδὲ
3162 681 3231 735 τὰ
3275 680 3397 756 περὶ
3428 680 3492 736 τὸ
3547 684 3750 751 στῆθος

342 775 551 844 pectus
572 770 846 826 decenter
870 769 989 843 tegi
1017 786 1132 826 non
1163 786 1334 842 posse
1354 768 1592 826 omnino
1614 784 1851 825 necesse
1880 771 1977 824 est.

2100 765 2464 843 εὐσχημόνως
2496 768 2889 832 συνεσκιάσθαι.
2920 768 3017 824 Καὶ
3048 768 3139 823 τὸν
3186 769 3391 844 κόσμον
3435 775 3536 825 τοῦ
3573 791 3747 848 προσ-

346 860 413 917 Ει
441 861 705 915 ornatum
732 860 902 930 faciei
927 874 1140 915 earum.
1171 862 1320 914 Sunt
1348 864 1406 915 et
1437 857 1661 915 colores
1687 858 1927 930 quidam
1958 874 1977 913 ε

2099 856 2252 911 ώπου
2283 858 2483 914 αὐτῶν.
2532 859 2683 913 Ἔστι
2730 857 2849 913 τινὰ
2894 857 2984 913 καὶ
3032 859 3305 934 χρώματα
3353 860 3492 934 πρὸς
3536 862 3747 935 κόσμον

345 948 697 1007 mulieribus
727 949 797 1004 ad
840 948 1233 1004 decorandum
1264 947 1470 1004 faciem
1498 946 1665 1003 valde
1693 945 1990 1019 exquisiti,

344 1039 537 1109 albus,
578 1037 820 1106 rubens,
852 1043 910 1093 et
959 1035 1111 1093 alius
1157 1037 1342 1109 niger.
1372 1037 1556 1093 Albus
1602 1036 1990 1092 albitudinem

343 1128 665 1187 ementitur
714 1125 1002 1199 corporis;
1054 1127 1275 1183 rubens
1318 1127 1379 1181 in
1428 1126 1595 1199 genis
1641 1125 1989 1193 efﬂorescit;

346 1219 513 1292 niger
541 1217 601 1273 in
635 1217 875 1273 modum
922 1214 1075 1271 lunae
1114 1216 1173 1271 in
1205 1232 1425 1272 cornua
1470 1220 1720 1271 curvatas
1767 1215 1989 1270 circum

342 1306 546 1364 oculos
575 1304 890 1378 supercilia
916 1303 1216 1376 depingit:
1250 1320 1423 1376 quem
1455 1306 1652 1376 ipsum
1681 1304 1857 1360 etiam
1885 1303 1994 1359 Do-

344 1397 544 1453 minus
574 1394 907 1452 ablaturum
940 1409 1004 1449 se
1032 1393 1467 1450 interminatur.
1493 1393 1622 1449 Haec
1643 1392 1877 1465 quidem
1901 1393 1989 1449 di-

341 1487 440 1556 cit,
466 1502 540 1542 ne
584 1484 842 1541 virorum
896 1483 1388 1540 circumveniatur
1433 1484 1816 1554 continentia,
1850 1500 1992 1540 neve

339 1575 631 1648 ejusmodi
663 1573 908 1646 picturis
937 1571 1304 1630 miserabiles
1330 1571 1482 1629 oculi
1507 1572 1794 1642 juvenum
1817 1572 1992 1628 corri-

333 1665 596 1738 piantur.
630 1662 866 1735 Alioqui
904 1669 1047 1719 tunc
1075 1661 1417 1718 auferantur
1445 1660 1665 1731 isthasc,
1697 1677 1831 1716 cum
1862 1677 1988 1717 om-

331 1753 433 1811 nia
462 1769 658 1811 coram
684 1753 885 1825 judice
928 1752 1215 1808 sistentur
1260 1750 1420 1807 nuda
1445 1755 1502 1807 et
1532 1755 1766 1822 aperta;
1802 1766 1987 1821 quan-

331 1842 651 1916 doquidem
683 1841 951 1899 concidet
988 1838 1394 1912 supercilium,
1423 1854 1574 1911 gena
1602 1855 1721 1911 pm
1751 1854 1813 1895 se
1843 1839 1989 1897 feret

326 1936 656 2003 tristitiam,
689 1933 849 1991 color
893 1933 1108 1990 lividus
1148 1932 1259 1987 erit
1289 1947 1408 2004 pra:
1436 1930 1665 1986 timore.
1703 1932 1898 2002 Itaque
1926 1934 1985 1986 et

333 2029 605 2081 ornatum
637 2023 828 2080 aufert
856 2022 1163 2078 Dominus.
1193 2024 1369 2076 Vsas.
1404 2020 1476 2074 20
1500 2037 1514 2076 :
1538 2021 1602 2076 El
1629 2021 1981 2092 compositio-

329 2129 458 2169 nem
488 2117 716 2171 ornatus
743 2111 974 2184 gleriw,
1003 2110 1307 2167 materiam
1340 2108 1607 2165 videlicet
1633 2108 1867 2165 ornatui
1897 2108 1983 2164 in-

329 2202 680 2259 servientem
714 2200 961 2273 ipsaque
990 2198 1132 2255 artis
1163 2214 1338 2271 opera
1370 2215 1436 2253 ac
1464 2197 1717 2254 inventa.
1739 2198 1801 2253 Et
1831 2214 1979 2267 quo-

328 2290 490 2349 niam
523 2306 595 2347 ne
627 2306 741 2346 uno
764 2288 1003 2361 quidem
1035 2292 1246 2343 ornatu
1277 2286 1411 2343 licet
1434 2303 1620 2358 usque
1645 2287 1788 2342 adeo
1818 2288 1980 2342 etl‘er-

326 2382 401 2453 ri,
433 2384 536 2437 aut
566 2381 692 2451 ejus
723 2395 903 2435 causa
931 2376 1149 2443 inflari,
1181 2380 1242 2432 at
1269 2376 1544 2433 omnibus
1573 2381 1770 2432 tamen
1800 2375 1979 2432 simul

321 2471 551 2545 junctis
581 2468 857 2541 cogitatio
888 2467 1144 2540 superba
1173 2465 1411 2536 accedit,
1439 2464 1720 2521 Dominus
1748 2465 1981 2521 minita-

325 2567 427 2618 tur
466 2575 529 2615 se
557 2559 736 2615 etiam
784 2561 1029 2614 ornatus
1086 2555 1568 2628 compositionem
1619 2556 1975 2611 ablaturum.

329 2649 529 2719 Qualis
559 2652 756 2704 autem
787 2651 877 2704 est
904 2650 1168 2712 ornatus,
1195 2643 1331 2701 talis
1360 2648 1450 2701 est
1479 2643 1681 2716 utique
1709 2649 1766 2701 et
1793 2644 1979 2716 gloria

330 2740 402 2796 de
446 2755 514 2796 eo
564 2741 722 2794 nata.
753 2737 927 2809 Atqui
960 2734 1221 2807 corporis
1277 2738 1521 2790 ornatus
1548 2749 1738 2789 vanus
1785 2739 1874 2790 est
1919 2739 1978 2790 et

328 2827 574 2885 inanis:
607 2826 852 2900 proinde
897 2823 1084 2897 gloria
1127 2840 1360 2896 quoque
1390 2840 1459 2879 ex
1503 2822 1603 2879 illo
1645 2839 1973 2896 emergens,

326 2917 640 2974 interitura
666 2921 776 2985 est,
811 2931 917 2971 nec
946 2912 1270 2970 subsistere
1299 2917 1510 2986 potest.

399 3008 524 3063 127.
557 3007 624 3062 Et
666 3004 964 3072 chlidones,
995 3010 1050 3060 et
1095 3003 1372 3069 armillas,
1402 3007 1458 3058 et
1504 3001 1762 3058 relicum.
1794 3003 1975 3059 Totus

324 3094 562 3169 quidem
595 3095 697 3167 qui
727 3093 1056 3150 recensitus
1087 3097 1178 3148 est
1219 3091 1496 3155 mundus,
1532 3091 1798 3147 mulieris
1826 3090 1974 3148 deli-

324 3185 433 3243 ciis
456 3184 663 3241 deditae
684 3182 946 3240 studium
977 3186 1087 3250 est,
1109 3182 1214 3237 hoc
1245 3186 1353 3249 est,
1380 3181 1717 3252 voluptaria:
1743 3198 1809 3237 ac
1829 3197 1972 3253 gau-

325 3274 423 3331 dio
453 3271 818 3344 indulgentis
846 3289 860 3327 :
885 3270 1259 3343 potissimum
1290 3275 1485 3326 tamen
1515 3270 1795 3327 chlidones
1821 3270 1976 3342 quod
2007 3254 2050 3321 C

325 3361 679 3420 conveniant
722 3360 959 3416 nomine
1005 3376 1140 3415 cum
1170 3360 1490 3431 voluptate,
1544 3358 1680 3414 hinc
1726 3360 1976 3415 fortasse

324 3449 588 3508 brachiis
626 3448 1238 3521 circumponebantur.
1268 3446 1522 3503 Armillis
1570 3454 1766 3503 autem
1814 3453 1972 3518 sunt,

324 3557 454 3612 quae
485 3540 542 3595 in
578 3554 861 3595 manuum
905 3537 1271 3593 extremitate
1317 3536 1672 3608 aptabantur
1698 3536 1974 3592 omnibus

324 3629 680 3703 spectanda.
706 3627 1033 3699 Aliquando
1063 3631 1262 3682 tamen
1292 3625 1352 3681 in
1382 3626 1596 3681 bonam
1628 3630 1854 3697 partem
1879 3642 1973 3682 ac-

321 3723 501 3792 ceptis
531 3722 671 3775 sunt
690 3716 965 3786 armillis;
997 3714 1247 3788 exempli
1270 3731 1466 3782 causa,
1487 3731 1622 3770 cum
1655 3714 1850 3771 senior
1871 3717 1972 3771 do-

325 3823 461 3864 mus
491 3812 756 3864 sanctam
785 3805 1107 3863 Rebeccam
1129 3809 1434 3861 exornaret
1452 3804 1515 3858 ⁵⁵.
1535 3802 1837 3877 Siquidem
1869 3821 1976 3877 par

322 3900 450 3953 erat
479 3895 664 3965 illam,
693 3900 893 3967 utpote
923 3894 1267 3966 patriarcha
1292 3894 1675 3949 contubernio
1707 3911 1972 3962 usuram,

327 3986 401 4044 ab
423 4001 492 4042 eo
517 3987 687 4057 cujus
707 4001 884 4057 opera
902 3987 1028 4041 erat
1055 3980 1493 4057 despondenda,
1518 3983 1578 4038 in
1604 3987 1974 4041 antecessum

326 4075 648 4147 practicam
696 4075 912 4131 mentis
961 4075 1158 4130 dotem
1207 4073 1836 4145 erudiri.0uapropter
1883 4090 1973 4129 ar-

326 4163 507 4221 millis
549 4163 767 4230 aureis,
812 4164 871 4219 id
925 4168 1037 4231 est,
1087 4162 1319 4219 eximiis
1375 4161 1713 4218 actionibus.
1762 4178 1975 4217 manus

323 4252 516 4324 ipsius
545 4252 1056 4309 condecorahat“.
1098 4253 1300 4307 Decem
1332 4267 1466 4306 vero
1513 4266 1823 4306 aureorum
1853 4255 1978 4305 erat

322 4340 559 4412 pondus
587 4355 813 4404 earum,
841 4339 995 4410 quod
1018 4339 1312 4410 capitibus
1335 4339 1537 4394 decem
1568 4344 1689 4393 tota
1711 4338 1856 4411 legis
1879 4339 1977 4395 ob-

324 4428 577 4486 servatio
607 4428 978 4485 concluditur
990 4428 1053 4482 ‘7.
1082 4429 1147 4484 Et
1176 4430 1405 4485 inaures
1434 4428 1806 4501 singularum
1837 4431 1977 4486 dra-

324 4518 636 4574 chmarum
664 4518 895 4590 pondus
925 4517 1229 4584 habentes,
1251 4516 1393 4589 quia
1437 4517 1549 4574 ﬁde
1579 4534 1763 4575 unum
1794 4525 1974 4577 Deum

2096 950 2217 1008 ταῖς
2246 946 2481 1021 γυναιξὶν
2526 944 2976 1020 ἐπιτετηδευμένα
3021 952 3116 1002 τοῦ
3165 949 3498 1024 προσώπου·
3551 948 3747 1007 λευκόν

2096 1056 2176 1105 τε,
2221 1036 2310 1091 καὶ
2343 1035 2582 1113 ἐρυθρὸν,
2627 1036 2717 1091 καὶ
2753 1033 2933 1112 ἕτερον
2997 1036 3165 1111 μέλαν
3221 1039 3279 1094 ὃν
3336 1042 3471 1113 (79).
3520 1041 3599 1097 Τὸ
3650 1041 3747 1115 μὶν

2100 1122 2404 1197 λευκότητα
2455 1130 2551 1181 τοῦ
2581 1125 2834 1199 σώματος
2864 1125 3272 1201 καταῴεύδεταν
3303 1129 3367 1184 τὸ
3410 1127 3469 1185 δὲ
3519 1129 3748 1208 ἐρυθρὸν

2098 1220 2216 1279 ταῖς
2278 1221 2526 1293 παρειαῖς
2575 1213 2811 1280 έπανθεῦ
2870 1217 2933 1272 τὸ
2980 1214 3038 1272 δὶ
3085 1216 3252 1291 μέλαν
3303 1217 3611 1293 μηνοειδῶς
3651 1220 3752 1284 τὰς

2102 1303 2270 1383 όφρῦς
2345 1310 2461 1368 τοῖς
2530 1302 2838 1383 ὀφθαλμοῖς
2900 1306 3243 1385 περιγράφει’
3303 1310 3362 1364 ’ὀν
3430 1311 3520 1365 καὶ
3579 1311 3751 1366 αὐτὸν

2098 1396 2468 1470 περιαιρήσειν
2530 1395 2558 1451 ὁ
2603 1395 2799 1469 Κύριος
2857 1394 3093 1468 ἀπειλεῖ,
3144 1396 3237 1452 ’ίνα
3288 1401 3363 1472 μὴ
3412 1398 3747 1473 κλέπτηται,

2098 1483 2281 1560 φησὶν,
2334 1486 2369 1555 ἡ
2432 1483 2754 1562 σωφροσύνη
2811 1489 2921 1540 τῶν
2979 1483 3187 1562 ἀνδρῶν
3242 1490 3382 1562 (80),
3439 1487 3581 1562 μηδὲ
3629 1496 3754 1553 ταῖς

2099 1573 2431 1651 ζωγραφίαις
2458 1572 2675 1636 ταύταις
2707 1571 2934 1630 ἐλεεινοί
2951 1574 3229 1650 νεωτέρων
3254 1577 3532 1653 ὀφθαλμοὶ
3550 1600 3751 1656 συναρι

2094 1662 2392 1733 πάζωνται.
2425 1668 2495 1718 ’Ή
2522 1663 2648 1718 τότε
2693 1663 3109 1743 ἀφαιρεθήσεται
3156 1670 3345 1735 ταῦτα,
3394 1663 3522 1723 ὅταν
3558 1670 3747 1744 γυμνᾶ

2094 1753 2271 1807 πάντα
2326 1750 2651 1830 παρίσταται
2703 1758 2784 1826 τῷ
2830 1758 3013 1829 κριτῇ,
3073 1754 3161 1809 ὅτε
3191 1755 3359 1834 ὀφρὺς
3408 1777 3743 1831 συμπεπτω-

2095 1846 2240 1912 κυῖα,
2268 1841 2465 1916 παρειὰ
2492 1842 2762 1917 κατηφὴς,
2795 1847 2999 1918 χρῶμα
3047 1840 3304 1900 πελιδνὸν
3357 1845 3460 1900 ὑπὸ
3503 1850 3602 1902 τοῦ
3646 1848 3747 1924 φόο

2092 1925 2212 1988 ϐου.
2267 1932 2513 2007 Ἀφαιρεῖ
2541 1929 2631 1985 οὖν
2660 1930 2749 1985 καὶ
2777 1932 2868 1985 τὸν
2901 1928 3109 2006 κόσμον
3140 1933 3169 1988 6
3213 1933 3435 2006 Κύριος,
3490 1936 3588 1990 Καὶ
3636 1938 3741 2005 τήν

2092 2020 2332 2083 σύνθεσιν
2402 2025 2499 2075 τοῦ
2568 2021 2778 2094 κόσμου
2852 2024 2951 2090 τῆς
3024 2019 3208 2092 δόξης·
3268 2022 3435 2078 οἱονεὶ
3492 2024 3583 2079 καὶ
3638 2026 3746 2093 τήν

2089 2106 2227 2180 ὕλην
2288 2112 2387 2180 τήν
2444 2114 2774 2183 κοσμοῦσαν,
2829 2110 2918 2165 καὶ
2966 2110 3136 2181 αὐτὴν
3167 2112 3270 2181 τήν
3304 2110 3363 2166 ἐκ
3389 2110 3587 2188 τέχνης
3619 2112 3743 2168 ἐπί-

2088 2221 2260 2255 νοιαν.
2292 2199 2391 2254 Καὶ
2423 2197 2607 2268 ἐπειδὴ
2643 2200 2718 2253 ἑνὶ
2772 2199 2864 2272 μὶν
2894 2198 2991 2254 οὐκ
3037 2196 3179 2255 ἔστιν
3207 2200 3503 2275 ἐπαρθῆναι
3537 2207 3743 2259 τοσοῦ-

2086 2309 2202 2358 τον,
2230 2286 2354 2343 οὐδὲ
2384 2295 2721 2364 φυσιωθῆναι
2754 2288 2838 2343 ἔπ’
2868 2289 3031 2360 αὐτῷ,
3066 2290 3208 2362 ὁμοῦ
3247 2287 3304 2345 δὲ
3342 2296 3472 2345 πᾶσι
3521 2312 3742 2366 συγκει-

2091 2377 2271 2451 μένοις
2319 2378 2381 2433 τὸ
2429 2376 2752 2446 ἀλαζονικὸν
2805 2377 3102 2452 ἐπιγίνεται
3155 2377 3451 2457 φρόνημα,
3500 2380 3593 2435 καὶ
3633 2380 3738 2450 τήν

2087 2465 2329 2531 σύνθεσιν
2384 2470 2481 2521 τοῦ
2539 2467 2751 2540 κόσμου
2806 2465 3128 2542 ἀφαιρήσειν
3183 2468 3212 2522 6
3256 2468 3456 2544 Κύριος
3489 2467 3735 2524 ἀπειλεῖ.

2085 2556 2308 2618 Ὁποῖος
2342 2552 2399 2610 δὲ
2429 2556 2456 2610 ὁ
2478 2556 2708 2629 κόσμος,
2737 2556 2963 2625 τοιαύτη
2999 2554 3257 2628 δηλονότι
3285 2556 3374 2611 καὶ
3399 2560 3435 2627 ἡ
3468 2556 3551 2613 ἐπ’
3584 2555 3741 2629 αὐτῷ

2086 2640 2230 2718 δόξαι
2264 2645 2575 2719 σωματικὸς
2607 2641 2665 2699 δὲ
2688 2644 2916 2717 κόσμος,
2947 2647 3035 2700 καὶ
3079 2645 3329 2719 μάταιος·
3380 2647 3588 2722 φθαρτή
3640 2647 3738 2701 οὗν

2083 2733 2174 2788 καὶ
2200 2736 2235 2804 ἡ
2269 2733 2351 2789 ἐπ’
2384 2732 2530 2807 αὐτῷ
2560 2730 2687 2806 δόξα
2717 2733 2808 2789 καὶ
2840 2733 3233 2798 ἀνυπόστατος.

2157 3003 2278 3059 127.
2340 2999 2437 3055 Kal
2486 3000 2614 3063 τοὺς
2673 2998 2976 3076 χλιδῶνας,
3034 2999 3126 3056 καὶ
3180 3002 3249 3056 τὰ
3277 2997 3502 3076 ψέλλια,
3543 3001 3739 3058 καὶτὰ

2083 3089 2359 3163 ἔμπλόκια
2410 3092 2543 3164 (81).
2611 3089 2781 3152 ’Όλος
2809 3090 2904 3163 μὲν
2945 3091 2974 3144 ὁ
3003 3091 3487 3165 κατηριθμημένος
3518 3092 3739 3164 κόσμος

2082 3176 2371 3255 χλιδώσης
2413 3179 2662 3255 γυναικός
2710 3177 2850 3234 ἐστιν
2902 3176 3257 3253 ἐπιτήδευμα,
3306 3178 3574 3246 τουτέστι,
3601 3200 3739 3252 τρυ-

2081 3268 2269 3348 φώσης
2333 3268 2423 3323 καὶ
2497 3265 2913 3344 διακεχυμένης”
2974 3266 3257 3344 ἐξαιρέτως
3307 3265 3366 3323 δὲ
3414 3267 3468 3323 οἱ
3516 3266 3741 3345 χλιδῶ-

2083 3379 2170 3421 νες
2222 3360 2334 3431 (82)
2397 3357 2715 3432 παρώνυμνι
2771 3354 2921 3421 ὄντες
2972 3364 3073 3426 τῆς
3126 3364 3360 3436 τρυφῆς,
3414 3357 3559 3432 τάχα
3612 3363 3739 3424 τοῖς

2086 3446 2342 3524 βραχίοσι
2372 3446 2751 3521 περικείμενοι.
2786 3444 3002 3502 Ψέλλια
3030 3442 3087 3501 δέ
3113 3444 3243 3501 ἐστι.
3268 3446 3336 3501 τὰ
3376 3452 3490 3508 τοῖς
3532 3445 3732 3521 ἅκροῖς

2079 3540 2188 3592 τῶν
2247 3540 2450 3612 χειρῶν
2507 3536 2645 3590 κατά
2696 3534 2759 3590 τὸ
2814 3536 3086 3613 προφανὲς
3133 3530 3731 3611 προϐαλλόμενα

2083 3627 2239 3682 Ἔστι
2297 3622 2355 3680 δέ
2417 3645 2550 3679 ποτε
2615 3624 2705 3680 καὶ
2783 3623 2870 3679 ἐπὶ
2938 3623 3112 3681 καλοῦ
3178 3624 3604 3701 παρειλημμένα
3660 3626 3733 3681 τὰ

2081 3714 2303 3790 ψέλλια,
2335 3714 2409 3776 ὡς
2449 3713 2540 3770 ὅτε
2577 3714 2677 3783 τήν
2729 3713 2878 3790 ἁγίαν
2933 3708 3211 3768 Ῥεϐέκκαν
3274 3715 3302 3769 6
3359 3709 3731 3790 πρεσϐύτερος

2079 3811 2180 3875 τῆς
2239 3801 2412 3865 οἰκίας
2467 3803 2810 3876 κατεκόσμει.
2870 3799 3018 3859 Ἔδει
3077 3803 3180 3877 γὰρ
3244 3802 3350 3876 μὴν
3418 3801 3731 3876 μέλλουσαν

2084 3897 2345 3949 συνοικεῖν
2416 3897 2497 3965 τῷ
2555 3894 2894 3968 πατριάρχῃ,
2976 3891 3081 3947 ὑπὸ
3126 3895 3226 3946 τοῦ
3294 3893 3733 3966 μνηστενομένου

2084 3981 2249 4053 αὐτὴν
2307 3983 2370 4038 τὸ
2427 4002 2723 4057 πρακτικον
2752 3984 2853 4047 τῆς
2884 3984 3072 4057 ψυχῆς
3110 3978 3597 4056 προπαιδευθῆναι.
3632 3983 3739 4038 Διὰ

2080 4075 2240 4126 τοῦτο
2272 4068 2526 4143 ψελλίοις
2556 4075 2786 4146 χρυσοῖς
2837 4069 3160 4143 κατεκόσμει
3206 4069 3300 4132 τὰς
3331 4074 3542 4146 χεῖρας,
3571 4091 3739 4127 τουτ-

2083 4160 2196 4215 έστι
2247 4159 2467 4235 πράξεσι
2523 4158 2753 4231 τιμίαις.
2813 4159 2950 4213 Δίκα
3006 4155 3064 4213 δὲ
3118 4157 3361 4235 χρυσίων
3417 4161 3528 4234 (84)
3586 4160 3734 4231 ὁλκὴ

2083 4248 2279 4304 αὐτῶν·
2337 4245 2482 4303 διότι
2539 4246 2589 4303 ἐν
2625 4245 2751 4303 δέκα
2806 4246 3122 4326 κεφαλαίοις
3180 4250 3214 4317 ἡ
3273 4252 3417 4303 πᾶσα
3469 4251 3735 4325 τήρησις,

2082 4341 2183 4395 τοῦ
2213 4336 2385 4410 νόμου
2444 4340 2892 4413 συμπεραιοῦται.
2952 4336 3054 4395 Καὶ
3112 4335 3304 4393 ἐνώτια
3343 4335 3443 4392 ἀνὰ
3471 4334 3737 4414 δραχμήν

2085 4426 2257 4488 ὁλκοῖς
2288 4420 2505 4503 ἔχοντα·
2544 4424 2627 4481 ὅτι
2659 4426 2756 4495 τήν
2787 4425 3030 4495 ὑπακοὴν
3059 4427 3129 4500 τῇ
3161 4424 3239 4489 εἷς
3268 4422 3362 4481 ἕνα
3391 4426 3520 4482 Θεὸν
3552 4426 3738 4484 πίστει

2084 4521 2328 4596 προσῆκε
2399 4518 2787 4591 κεκοσμῆσθαι.
2862 4517 3119 4573 Ἐνταῦθα
3195 4517 3381 4591 μέντοι
3440 4523 3742 4593 περιαιρεῖ-

322 4607 633 4681 proﬁtente
661 4624 770 4680 par
790 4610 882 4664 est
909 4606 1301 4687 obedientiam
1333 4608 1624 4664 exornari.
1647 4608 1752 4665 Hic
1782 4613 1976 4668 tamen

2091 4629 2170 4664 ται
2229 4609 2344 4682 (85)
2394 4609 2463 4664 τὰ
2519 4605 2743 4683 ψέλλια,
2776 4604 2867 4663 διὰ
2918 4605 3013 4668 τὰς
3043 4604 3404 4681 ἐπαιρομένας
3428 4611 3510 4680 τῷ
3536 4608 3740 4682 κόσμῳ

391 4736 438 4775 ⁸⁸
465 4740 610 4795 Gen.
641 4752 795 4809 XXIV,
825 4735 917 4793 22.
993 4734 1038 4773 ⁸⁸
1066 4735 1209 4793 ibid.
1284 4736 1328 4772 ⁸⁷
1356 4736 1527 4795 Deut.
1557 4754 1613 4806 ι,
1646 4736 1701 4794 4.

389 4862 507 4938 (78)
538 4864 717 4938 Editi,
768 4861 1109 4938 καθειμένος.
1140 4866 1215 4922 At
1270 4866 1533 4939 quinque
1588 4882 1758 4935 mss.,
1791 4865 1973 4932 καθιέ-

324 4954 509 5011 μενος.

388 5006 506 5079 (79)
536 5008 716 5095 Editi,
774 5004 942 5095 μέλαν
1151 5009 1456 5095 A‘t.nonst”ri
1515 5025 1617 5095 sex
1674 5028 1819 5095 mss.
1856 5028 1973 5092 una

317 5077 454 5137 voce
484 5077 926 5164 μελανόνίεεά,
962 5080 1075 5136 nisi
1110 5080 1284 5166 ‘valde
1328 5082 1520 5148 fallor,
1554 5084 1783 5139 duabus
1817 5083 1971 5139 voci-

317 5152 429 5208 bus
456 5123 573 5208 lem
604 5155 859 5208 praestat.
903 5147 1072 5208 μέλαν
1107 5170 1188 5206 ον.

315 5152 429 5209 bus
456 5152 573 5224 legi
603 5155 859 5225 praestat,
903 5152 1072 5222 μέλαν
1107 5152 1188 5206 ὅν.

336 5295 350 5308 ι
371 5224 501 5308 (80)
533 5223 628 5308 Sic
658 5240 802 5308 mss.
836 5224 1021 5308 nostri
1051 5222 1476 5308 omnes.‘Edi_ti,
1506 5226 1614 5277 τῶν
1645 5221 1968 5308 ᾆνθρώπων.

320 5294 637 5368 Aliquanto
667 5299 818 5369 post,
853 5294 950 5369 ubi
983 5295 1042 5349 in
1072 5294 1254 5369 editis
1274 5294 1506 5366 legitur,
1527 5294 1840 5369 παρίστησι,
1874 5314 1968 5352 ve-

320 5364 474 5491 t‘ere's
515 5372 633 5424 tres
667 5364 809 5423 libri
856 5364 1093 5437 habent,
1123 5364 1499 5441 παρίστανται·
1534 5364 1631 5422 alii
1660 5364 1802 5436 tres,
1828 5364 1970 5444 mp-

351 5455 558 5491 σταται.

351 5455 709 5579 σῖἕῖῗιὲᾶίῐί,
752 5502 1081 5581 ζμπλόκιον·
1110 5513 1167 5564 et
1216 5508 1298 5564 ita
1345 5523 1579 5580 quoque
1626 5509 1972 5581 apudLXX

320 5577 544 5639 editum
576 5577 911 5638 invenimus
943 5596 957 5637 :
990 5585 1050 5636 at
1078 5582 1261 5636 nostri
1296 5577 1398 5635 se‘x
1439 5577 1604 5647 mss.,
1634 5577 1932 5651 ἐμπλόκια.

390 5652 506 5727 (82)
535 5653 698 5721 Quod
729 5653 826 5727 ait
858 5652 1129 5727 scriptor,
1159 5651 1437 5727 chliclenes
1476 5653 1703 5727 nomine
1729 5668 1970 5727 cumpo-

323 5722 539 5786 lmilalc
594 5725 908 5797 convenire,
946 5722 1007 5783 id
1063 5740 1197 5785 vere
1225 5741 1261 5784 a
1286 5724 1480 5784 Graeco
1537 5723 1650 5783 dici
1708 5725 1971 5801 potuisse

2084 4872 2334 4940 constat,
2367 4882 2500 4940 cum
2530 4862 2798 4938 voluptas
2835 4868 3028 4940 Graece
3057 4865 3309 4940 dicatur,
3340 4860 3536 4940 thwj.
3567 4864 3737 4925 Unde

2081 4936 2373 5014 χλιδῶνες,
2406 4938 2516 5022 hoc
2566 4936 2686 5022 est,
2722 4937 3054 5020 brachialia,
3085 4936 3430 5005 moniliafet
3458 4938 3573 4994 alia
3600 4941 3734 5010 eju-

2082 5013 2245 5068 sdem
2296 5027 2551 5068 generis.
2582 5010 2714 5065 ideo
2771 5025 2858 5066 διο
2905 5008 3371 5068 appellabantur.
3394 5012 3549 5068 auod
3599 5027 3734 5067 mu-

2082 5026 2245 5068 soem
2295 5027 2551 5084 generis,
2582 5026 2714 5065 meo
2771 5026 2858 5066 διο
2905 5026 3549 5082 appeuanantur,quou
3599 5027 3735 5067 mu-

2080 5083 2252 5140 lieres
2272 5078 2579 5158 χλιδῶσαι,
2607 5097 2715 5158 seu
2757 5081 3043 5158 voluptati
3074 5082 3306 5158 deditis,
3338 5083 3411 5158 ii_s
3461 5082 3542 5158 uti
3572 5082 3739 5158 sole:

2082 5160 2229 5212 rent.
2261 5150 2522 5212 S'ubinde
2566 5150 2719 5226 editi
2776 5158 2835 5209 et
2891 5150 3031 5226 Reg.
3066 5153 3318 5226 primus,
3370 5150 3403 5206 ει
3446 5156 3586 5215 τοῖς.
3618 5154 3737 5210 Alii

2081 5228 2325 5300 quidam
2359 5244 2541 5300 mss.,
2558 5223 2789 5300 tol'co‘k.

2151 5300 2264 5372 (83)
2296 5288 2664 5372 lta_antiqui.
2696 5312 2796 5372 sex
2829 5293 3000 5372 libri.
3052 5294 3229 5372 Editi,
3260 5288 3735 5372 περιϐαλλόμενα.

2079 5358 2285 5427 Statili)
2343 5370 2505 5437 editi,
2554 5358 3029 5439 ὁίκίαςἈϐραάμ’
3092 5358 3357 5424 εϐᾶ’νοὲ
3414 5358 3625 5424 ultima
3670 5371 3736 5426 in

2082 5459 2228 5499 mss.
2284 5459 2398 5497 non
2459 5440 2695 5512 legitur,
2746 5440 2819 5495 ob
2866 5438 3051 5507 idque
3106 5455 3233 5495 eam
3290 5439 3425 5496 inde
3482 5442 3735 5498 sustuli-

2081 5531 2263 5655 ωῗὲό)
2294 5583 2357 5638 In
2388 5581 2563 5656 editis
2581 5581 2834 5656 Aetapud
2869 5581 3010 5656 LXX
3040 5579 3543 5656 legi'tur,‘xpuc&w°
3578 5589 3641 5640 at
3671 5583 3735 5641 in

2081 5648 2434 5729 nostrissexg
2467 5648 2795 5729 codicibus,
2824 5648 3089 5729 χρυσίων,

2151 5729 2266 5808 (85)
2293 5725 2539 5801 Antiqui
2565 5730 2688 5783 tres
2716 5721 2880 5800 libri,"
2904 5721 3191 5803 περιαίρει,
3224 5725 3371 5783 tollit
3396 5726 3682 5786 armillas.
