4130 6210
272 332 378 396 325
422 311 436 320 ’

1081 327 1484 394 COMMENT.
1530 330 1611 391 IN
1657 329 1924 392 ISAIAM
1968 322 2469 391 PROPHETAM.
2517 326 2691 390 CAP.
2742 324 2847 389 Ill.

3551 331 3671 393 326
3693 424 3705 434 .

267 473 369 523 τῶν
401 464 671 542 ψελλίων·
701 461 945 529 καθόλου
963 465 1098 537 ἡμῖν
1130 460 1540 537 ἐνδεικνυμένου
1568 462 1664 518 τοῦ
1713 460 1909 538 λόγου,

2043 430 2368 518 ldimuntur
2389 461 2652 528 armillae,
2673 461 2825 518 488
2851 466 3154 534 propterea
3179 465 3334 534 quod
3357 465 3671 537 gloriaren-

267 557 344 614 ὅτι
377 557 405 611 ὁ
437 555 526 612 ἐπὶ
554 559 635 628 τῷ
665 553 984 624 δεδυνῆσθαι
1015 553 1083 608 τὰ
1123 551 1403 628 κρείττονα
1456 550 1917 630 ὑψηλοφρονήσας

266 642 711 721 ἐγκαταλείπεται
745 644 862 717 (86)
895 643 996 698 ὑπὸ
1053 649 1150 712 τῆς
1201 641 1535 718 συνεχούσης
1589 639 1748 696 αὐτὸν
1799 639 1914 695 ἐπι-

268 738 491 800 σκοπῆς.
543 734 616 788 Τὸ
666 730 723 787 δὲ
781 729 1085 805 ἐμπλόκιον
1153 727 1296 786 ἔοικέ
1353 751 1405 786 τι
1464 730 1596 785 εἶναι
1653 749 1914 806 συγκατα-

268 823 603 897 πλεκόμενον
630 827 749 884 ταῖς
782 821 975 898 θριξὶν,
1006 819 1083 882 εἷς
1105 819 1169 875 τὸ
1195 823 1264 893 τῇ
1296 819 1424 894 παρ’
1470 819 1661 874 ἐαυτοῦ
1693 818 1919 894 εὐχροίᾳ

272 913 530 989 διεγεῖραι
585 916 689 966 τῶν
747 913 956 986 τριχῶν
994 909 1094 978 τὴν
1128 908 1318 984 χρόαν.
1351 907 1456 963 Καὶ
1521 905 1714 981 μηδενὶ
1753 911 1918 962 ταῦτα

273 1007 624 1080 μικροπρεπῆ
656 1000 982 1073 νομιζέσθω.
1014 997 1092 1055 Οὐ
1117 997 1218 1073 γάρ
1249 996 1563 1072 σεμνότεροι
1601 1000 1697 1050 τοῦ
1747 995 1917 1051 [1νεῦ-

272 1113 438 1166 ματος
477 1093 667 1164 ἡμεῖς,
712 1088 788 1152 ὠς
833 1087 1090 1158 ἀπαξιοῦν
1137 1086 1232 1150 τὰς
1280 1085 1331 1141 ἐν
1378 1089 1445 1160 τῇ
1504 1089 1691 1163 Γραφῇ
1750 1083 1920 1156 λέξεις

269 1179 657 1255 διερευνᾶσθαι.
710 1178 1113 1252 Μεμαθήκαμεν
1172 1176 1275 1251 γὰρ
1340 1174 1392 1230 ἐν
1481 1181 1598 1238 τοῖς
1654 1176 1917 1247 ᾊσμασι,

265 1278 362 1340 τῆς
418 1268 815 1342 ἐπαινουμένης
869 1265 1086 1344 νύμφης
1142 1265 1233 1319 καὶ
1283 1264 1346 1320 τὸ
1389 1261 1690 1338 ἐμπλόκιον
1723 1285 1918 1337 σεμνυ-

268 1360 493 1434 νόμενον
529 1374 545 1389 ·
606 1356 827 1433 Κεφαλή
886 1355 989 1431 γάρ
1068 1375 1184 1422 σου,
1232 1353 1419 1428 φησὶν,
1479 1353 1553 1415 ὠς
1609 1353 1636 1406 ὁ
1690 1351 1919 1427 Κάρμη-

268 1448 386 1521 λος,
443 1447 536 1502 καὶ
596 1445 903 1520 ἐμπλόκιον
961 1447 1075 1519 (87)
1149 1446 1396 1519 κεφαλῆς
1466 1463 1583 1514 σου,
1639 1443 1715 1506 ὡς
1780 1463 1920 1519 πορ-

306 1538 429 1594 rica.

268 1558 484 1685 φδῗὲ.
565 1627 666 1684 Καὶ
743 1625 812 1680 τὰ
891 1623 1123 1695 ἐνώτια,
1199 1621 1289 1678 καὶ
1353 1621 1480 1686 τοὺς
1561 1619 1917 1686 δακτυλίους.

271 1717 595 1786 Ἐπαινετήν
655 1716 752 1789 μὲν
799 1715 898 1783 τήν
946 1720 1151 1790 χρῆσιν
1198 1711 1432 1768 ἐνωτίων
1483 1709 1534 1766 ἐν
1567 1713 1636 1784 τῇ
1664 1710 1923 1786 μνηστείᾳ

2027 555 2124 607 tur
2152 552 2221 608 de
2250 568 2451 608 earum
2483 554 2714 608 ornatu.
2750 551 2872 608 Uno
2901 554 3076 610 verbo
3123 554 3287 612 hisce
3315 557 3507 614 verbis
3535 561 3671 617 edo-

2025 656 2228 696 cemur
2277 657 2431 712 eum,
2465 641 2564 712 qui
2597 643 2666 697 ob
2701 641 3136 714 praestantiores
3168 645 3384 717 quibus
3437 647 3672 707 dotatus

2026 734 2116 785 est
2165 729 2469 786 facultates
2517 731 2772 798 effertur,
2807 748 2839 786 a
2871 733 3138 788 custodia
3185 750 3247 790 se
3295 745 3674 796 conservante

2029 819 2291 875 destitui.
2317 819 2556 875 Videtur
2594 824 2788 875 autem
2821 822 3114 877 reticulum
3161 829 3402 882 ornatus
3435 827 3673 899 quidem

2027 908 2209 964 fuisse
2269 909 2494 980 capillis
2550 902 2919 981 intertextus,
2955 916 3018 966 ut
3059 913 3271 970 eximio
3327 933 3434 972 suo
3482 917 3675 976 colore

2028 997 2256 1070 capillis
2287 997 2536 1054 colorem
2568 998 2863 1054 excitaret.
2898 999 3028 1056 Haec
3059 1007 3255 1060 autem
3291 1008 3678 1080 parvipendat

2029 1104 2220 1142 nemo.
2253 1087 2368 1144 Nos
2407 1087 2564 1144 enim
2611 1105 2723 1144 non
2775 1105 2983 1146 sumus
3032 1091 3254 1164 Spiritu
3303 1101 3506 1153 sancto
3537 1114 3673 1171 gra-

2027 1176 2234 1244 viores,
2269 1182 2335 1232 ut
2380 1193 2548 1233 voces
2590 1177 2647 1232 in
2679 1178 2983 1250 Scriptura
3041 1183 3261 1252 positas
3319 1188 3674 1257 perscrutari

2031 1266 2424 1322 fastidiamus.
2449 1266 2771 1323 Didicimus
2794 1269 2946 1324 enim
2981 1269 3037 1325 in
3061 1273 3336 1342 Canticis,
3361 1277 3670 1334 reticulum

2029 1371 2259 1427 quoque
2316 1371 2566 1426 sponsae,
2607 1372 2733 1427 quae
2792 1356 3161 1427 laudabatur,
3195 1366 3669 1422 commendatum

2032 1443 2209 1500 fuisse
2239 1461 2252 1500 :
2287 1447 2433 1500 Nam
2468 1448 2628 1516 caput
2671 1451 2847 1517 tuum,
2879 1446 3091 1519 inquit,
3123 1453 3263 1507 sicut
3293 1453 3592 1524 Carmelus,
3620 1463 3676 1512 et

2028 1534 2323 1590 reticulum
2352 1536 2552 1603 capitis
2578 1536 2664 1590 tui
2689 1537 2749 1591 in
2773 1553 3028 1608 purpura
3049 1539 3114 1594 ⁸⁸.

2104 1626 2224 1680 128.
2257 1623 2435 1680 Vsas.
2473 1626 2562 1679 20.
2606 1629 2672 1682 Et
2719 1627 2961 1698 inaures,
3012 1638 3064 1683 et
3107 1630 3363 1686 tumulos.
3393 1631 3675 1688 Novimus

2032 1713 2271 1787 quidem
2317 1713 2617 1770 inaurium
2673 1731 2841 1772 usum
2895 1716 2954 1770 in
3003 1717 3270 1773 Rebeccae
3301 1719 3677 1792 sponsalibus

274 1814 372 1878 τῆς
428 1801 714 1869 Ῥεϐέκκας
756 1801 1170 1880 ἐδιδάχθημεν,
1230 1796 1510 1903 σύμϐολον
1582 1805 1679 1857 τοῦ
1753 1801 1923 1876 ἀγαθά

2043 1803 2217 1858 fuisse
2247 1801 2574 1858 laudatum.
2605 1804 2766 1869 Quod
2797 1809 2920 1860 erat
2949 1811 3295 1878 argumento
3325 1810 3678 1868 documenta

282 1896 506 1971 μίλλειν
557 1895 693 1969 αὐτῇ
751 1891 1061 1969 διδάγματα
1106 1892 1229 1967 περὶ
1293 1895 1392 1956 τῆς
1435 1890 1486 1946 ἐν
1531 1895 1647 1953 τοῖς
1700 1895 1923 1962 νοητοῖς

2043 1891 2221 1949 eidem
2253 1893 2493 1948 domum
2516 1893 2758 1948 Abrahzs
2787 1893 3062 1965 ingressae
3085 1897 3154 1952 de
3175 1913 3370 1954 rerum
3402 1900 3677 1971 spiritua-

280 1984 543 2056 ἀληθείας
589 1984 639 2038 ἐν
683 1988 766 2056 τῷ
817 1982 952 2055 οίειῳ
997 1987 1094 2037 τοῦ
1149 1975 1395 2056 Ἀϐραὰμ
1430 1979 1694 2056 γενομένῃ
1749 2000 1924 2054 παρα-

279 2073 600 2145 δοθήσεσθαι
651 2075 803 2148 (88)·
844 2071 1292 2147 κατηγορούμενα
1338 2068 1395 2125 δὲ
1443 2070 1577 2125 αὐτὰ
1630 2067 1925 2146 πολλαχοῦ

276 2163 708 2240 κατειλήφαμεν.
742 2165 965 2238 Πρῶτον
1033 2161 1150 2233 μὲν,
1203 2160 1260 2214 ἐκ
1314 2164 1431 2232 τοῦ,
1483 2160 1573 2214 ὅτε
1620 2153 1922 2214 ἀναϐαίνειν

280 2248 519 2326 ἔμελλον
563 2251 640 2307 εἷς
691 2249 897 2318 Βεθήλ,
939 2255 1350 2326 προσταχθῆναι
1409 2250 1555 2326 παρά
1607 2253 1702 2304 τοῦ
1730 2244 1925 2305 Ἰακὼϐ

278 2343 372 2406 τὰς
403 2346 670 2416 γυναῖκας
724 2337 1066 2411 περιελέσθαι
1124 2337 1257 2392 αὐτά
1298 2338 1431 2412 μετὰ
1473 2343 1578 2394 τῶν
1626 2343 1760 2403 θεῶν
1818 2342 1925 2393 τῶν

281 2429 620 2506 ἀλλοτρίων,
652 2429 728 2492 ὡς
760 2425 1030 2501 ἐμποδίου
1060 2423 1217 2489 ὄντος
1246 2425 1306 2482 ἐκ
1328 2434 1427 2498 τῆς
1451 2425 1928 2502 εἷδωλολατρείας,

281 2520 369 2574 καὶ
416 2523 517 2589 τῆς
556 2523 666 2574 τῶν
716 2516 944 2574 ἐνωτίων
999 2520 1275 2594 χρήσεως,
1307 2517 1446 2592 πρὸς
1491 2518 1553 2572 τὸ
1579 2516 1820 2574 ἀνελθεῖν
1850 2515 1926 2580 εἷς

279 2611 370 2666 τὸν
422 2611 571 2665 οἷκον
616 2613 713 2664 τοῦ
771 2608 971 2685 Κυρίου
997 2629 1008 2640 ·
1044 2606 1220 2678 Βεθήλ
1251 2607 1355 2682 γὰρ
1387 2607 1533 2669 οἶκος
1562 2610 1694 2662 Θεοῦ
1750 2607 1930 2682 ἑρμη-

283 2699 514 2754 νεύεται.
557 2703 788 2753 Ἔπειτα
835 2696 886 2752 ἐν
933 2700 1002 2771 τῇ
1051 2693 1248 2768 Ἐξόδῳ
1293 2697 1762 2759 καταστασιασθεὶς
1827 2696 1929 2752 ὑπὸ

279 2793 377 2844 τοῦ
409 2785 550 2844 λαοῦ
596 2788 625 2842 ὁ
653 2789 866 2862 Ἀαρὼν
896 2785 970 2849 εἷς
1001 2785 1062 2841 τὸ
1101 2787 1323 2854 ποιῆσαι
1355 2781 1608 2857 εἷ’δωλον,
1633 2785 1707 2848 ὡς
1740 2785 1930 2857 ἐπιτη-

283 2875 424 2932 δείαν
491 2877 631 2947 ὕλην
679 2875 755 2938 είς
808 2874 1137 2944 κατασκευὴν
1194 2878 1301 2929 τῶν
1357 2873 1814 2950 ἀπηγορευμένων
1863 2873 1931 2929 τὰ

279 2966 477 3021 ἐνώτια
529 2963 826 3036 ἐξελέξατο.
859 2961 1208 3039 Περιείλαντο
1260 2965 1367 3036 (89)
1416 2963 1517 3038 γὰρ
1568 2968 1672 3026 πᾶς
1715 2964 1743 3018 ὁ
1775 2961 1930 3035 λαὸς,

282 3056 414 3134 φησὶ
465 3056 536 3110 τὰ
579 3053 775 3110 ἐνώτια
819 3055 888 3109 τὰ
933 3059 1130 3129 χρυσᾶ,
1168 3053 1235 3108 τὰ
1281 3051 1332 3106 ἐν
1379 3057 1496 3114 τοῖς
1549 3050 1681 3106 ὠσὶν
1730 3051 1928 3121 αὐτῶν,

279 3146 370 3201 καὶ
463 3143 700 3220 ἤνεγκαν
779 3144 915 3215 πρὸς
997 3141 1203 3218 Ἀαρὼν
1233 3189 1248 3214 ,
1307 3140 1397 3196 καὶ
1476 3135 1705 3196 ἔπλασεν
1793 3141 1928 3196 αὐτὰ

2033 1981 2178 2036 lium
2211 1981 2453 2036 veritate
2478 1983 2759 2038 tradenda
2779 2000 2927 2039 esse.
2955 1990 3028 2040 At
3053 1985 3288 2044 inaures
3319 1989 3503 2045 fuisse
3526 2007 3679 2062 saepe

2035 2071 2453 2126 condemnatus
2485 2070 3001 2143 deprehendimus.
3031 2075 3225 2131 Primo
3256 2077 3493 2148 quidem
3526 2080 3584 2134 id
3611 2094 3680 2135 ex

2036 2160 2146 2215 hoc
2176 2160 2378 2232 liquet,
2402 2161 2552 2230 quod
2576 2177 2707 2216 cum
2743 2161 3019 2219 mulieres
3041 2171 3241 2221 essent
3261 2183 3587 2223 ascensura:
3619 2170 3678 2224 in

2039 2248 2256 2316 Bethel,
2289 2265 2387 2304 eas
2409 2249 2595 2322 jussit
2621 2251 2798 2306 Jacob
2827 2251 3062 2309 inaures
3087 2271 3203 2311 una
3232 2272 3364 2310 cum
3397 2258 3509 2314 diis
3541 2256 3680 2314 alie-

2039 2339 2132 2394 nis
2165 2337 2433 2411 ablegare
2453 2339 2516 2393 η.
2540 2339 2685 2394 Nam
2728 2340 3060 2398 idololatria
3106 2349 3163 2400 et
3208 2343 3504 2402 inaurium
3536 2365 3681 2406 usus

2038 2432 2204 2484 erant
2231 2427 2666 2498 impedimento,
2693 2446 2765 2485 ne
2794 2434 3178 2489 ascenderent
3206 2434 3266 2489 in
3297 2435 3538 2492 domum
3574 2442 3683 2493 Do-

2041 2516 2184 2572 mini
2212 2535 2224 2572 :
2259 2516 2477 2588 quippe
2508 2517 2557 2572 si
2591 2517 2786 2575 Bethel
2816 2519 3237 2593 interpreteris,
3262 2531 3435 2581 sonat
3462 2526 3685 2584 domum

2038 2607 2154 2661 Dei.
2186 2605 2406 2661 Deinde
2433 2608 2623 2662 Aaron
2673 2607 2732 2663 in
2783 2609 2975 2666 Exodo
3034 2612 3236 2685 populi
3293 2615 3580 2672 seditione
3611 2617 3683 2672 ad

2038 2694 2414 2750 conﬂandum
2443 2693 2667 2751 idolum
2693 2697 2960 2771 adactus,
2983 2699 3222 2758 inaures
3245 2705 3528 2775 tanquam
3561 2721 3682 2761 ma-

2039 2785 2248 2841 teriam
2282 2784 2565 2840 faciendis
2596 2786 2771 2841 rebus
2801 2786 3112 2857 prohibitis
3141 2789 3413 2846 idoneam
3446 2791 3681 2865 delegit.

2040 2872 2399 2930 Abstulerunt
2425 2873 2604 2939 enim,
2629 2874 2842 2946 inquit,
2868 2878 3046 2931 omnis
3073 2879 3310 2950 populus
3339 2881 3563 2937 inaures
3581 2898 3684 2936 au-

2039 2979 2161 3019 reas
2189 2977 2315 3035 quae
2361 2964 2423 3018 in
2467 2963 2696 3018 auribus
2739 2981 2932 3019 earum
2978 2971 3159 3033 erant,
3191 2973 3242 3024 et
3283 2971 3589 3026 attulerunt
3614 2970 3687 3026 ad

2039 3055 2248 3118 Aaron,
2277 3056 2332 3107 et
2357 3053 2617 3121 formavit
2663 3054 2789 3108 illas
2828 3056 3063 3110 vitulum
3089 3057 3314 3126 fusilem
3330 3059 3394 3113 ⁵ο.
3428 3059 3577 3125 Quin
3627 3062 3687 3116 et

2039 3142 2269 3198 Gedeon
2303 3144 2615 3212 postquam
2646 3158 2714 3196 ex
2745 3142 3174 3200 lsmaelitarum
3207 3147 3410 3219 spoliis
3446 3149 3686 3204 inaures

280 3207 500 3310 μόσχον
547 3207 844 3310 χξωνευτόν..
889 3230 1066 3289 Ἀλλὰ
1097 3207 1470 3286 ¹καὶΤεδεὼν
1529 3229 1588 3285 ἐκ
1640 3235 1746 3286 τῶν
1807 3229 1929 3285 σκύ-

2043 3250 2076 3287 a
2105 3207 2319 3302 papqu
2351 3207 2594 3302 accepit.
2619 3230 2760 3286 Fecit
2785 3247 2877 3288 eas
2907 3233 2972 3289 in
2999 3234 3210 3305 Ephud,
3237 3207 3288 3292 et
3314 3239 3509 3293 statuit
3539 3236 3688 3293 illud

277 3323 390 3380 λων
422 3328 535 3378 τῶν
589 3320 1014 3397 Ἰσμαηλιτικῶν
1066 3316 1248 3376 λαϐὼν
1278 3321 1344 3376 τὰ
1398 3319 1593 3375 ἐνώτια
1650 3321 1795 3395 παρά
1836 3325 1933 3375 τοῦ

278 3413 440 3484 λαοῦ,
505 3411 798 3481 Ἐποίησεν
879 3410 1012 3465 αὐτὰ
1092 3408 1168 3473 εἷς
1244 3406 1476 3487 Ἐφοὺδ,
1538 3409 1626 3464 καὶ
1715 3406 1931 3480 ἔστησεν

286 3501 414 3557 αὐτὸ
445 3503 561 3574 (90)
612 3500 664 3556 ἐν
715 3503 786 3574 τῇ
831 3499 1012 3556 πόλει.
1040 3497 1140 3553 Καὶ
1187 3497 1532 3573 ἐξεπόρνευσε
1587 3502 1690 3561 πᾶς
1715 3497 1934 3574 Ἰσραὴλ

285 3591 467 3646 ὀπίσω
524 3590 691 3645 αὐτοῦ
750 3588 881 3657 ἐκεῖ,
909 3589 999 3644 καὶ
1055 3585 1260 3664 ἐγένετο
1315 3591 1394 3660 τῷ
1451 3584 1656 3642 Γεδεὼν
1713 3587 1804 3643 καὶ
1858 3586 1939 3661 τῷ

283 3679 424 3753 οἴκῳ
468 3679 636 3734 αὐτοῦ
690 3678 767 3740 είς
822 3674 1144 3735 σκάνδαλον.
1203 3676 1302 3731 Καὶ
1369 3680 1541 3731 ταῦυα
1589 3681 1680 3732 νῦν
1741 3677 1809 3732 τὰ
1862 3676 1938 3732 ἐν·

285 3770 425 3825 ώτια
457 3766 547 3824 διὰ
575 3769 639 3823 τὸ
669 3765 1005 3844 συνεπαίρειν
1036 3767 1099 3821 τὸ
1152 3767 1410 3844 φρόνημα
1462 3770 1569 3821 τῶν
1631 3767 1942 3843 θυγατέρων

292 3857 436 3914 Σιῶν
517 3852 899 3927 διαϐέϐληται.
963 3855 1063 3910 Καὶ
1136 3857 1204 3909 τὰ
1275 3854 1677 3931 περιπόρφυρα,
1737 3855 1946 3910 καὶτά

291 3945 706 4024 μεσοπόρῳυρα.
735 3945 836 3999 Τὸν
890 3942 942 3999 έν
991 3947 1061 4018 τῇ
1107 3943 1293 4013 ἐσθῆτι
1320 3943 1525 4017 κόσμον
1553 3947 1660 3998 τῶν
1721 3942 1944 4000 καλλω-

286 4035 605 4110 πιζομένων
661 4055 930 4110 γυναικων
979 4033 1052 4096 ὡς
1107 4032 1391 4110 περίεργον
1453 4027 1760 4103 διαϐάλλει,
1812 4053 1946 4111 πορ-

293 4125 466 4200 φύραν
520 4123 656 4178 ποτε
701 4123 797 4196 μὶν
845 4123 981 4178 κατά
1025 4121 1092 4176 τὰ
1139 4118 1275 4196 ἄκρα
1312 4123 1782 4198 παρυφαινόντων,
1815 4123 1948 4178 ποτε

296 4213 353 4269 δέ
381 4215 525 4268 κατά
552 4214 616 4268 τὸ
651 4213 810 4286 μέσον
866 4210 1030 4280 αὐτὴν
1091 4208 1424 4267 ἐντιθέντων.
1459 4209 1634 4266 Δόλου
1695 4207 1752 4265 δὲ
1810 4210 1945 4285 σύμ-

293 4299 464 4358 ϐολον
515 4306 550 4372 ἡ
600 4301 852 4380 πορφύρα
907 4303 1006 4370 τὴν
1064 4300 1199 4354 κατά
1249 4298 1406 4378 φύσιν
1461 4298 1633 4376 χρόαν
1687 4298 1946 4355 ἐπικαλύ-

295 4413 524 4465 meum,
557 4391 647 4446 καὶ
678 4391 742 4445 τὸ
773 4389 970 4444 οίκεῖον
1006 4386 1166 4453 ἄνθος
1212 4388 1610 4466 προφαίνουσα,
1641 4389 1778 4444 κατὰ
1820 4387 1948 4451 τοὺς

293 4483 351 4539 έν
393 4481 681 4561 ἐπιφανείᾳ
739 4477 1021 4558 φαιδροὺς,
1071 4476 1124 4533 ἐν
1177 4475 1235 4533 δὲ
1306 4483 1386 4551 τῷ
1461 4479 1610 4553 βάθει
1663 4478 1726 4532 τὸ
1782 4479 1946 4534 κακὸν

2041 3339 2097 3377 ιη
2129 3321 2366 3376 civitate.
2401 3320 2465 3374 Et
2491 3319 2806 3393 fornicatus
2846 3325 2924 3378 est
2969 3323 3147 3378 omnis
3192 3327 3367 3382 Israel
3392 3332 3516 3398 post
3546 3326 3689 3382 illud

2043 3410 2180 3476 illic,
2212 3417 2263 3464 et
2289 3412 2499 3480 factum
2523 3413 2605 3464 est
2633 3409 2872 3466 Gedeoni
2910 3420 2962 3467 et
3005 3411 3192 3469 domui
3219 3415 3337 3483 eius
3368 3416 3424 3471 in
3453 3416 3689 3472 scanda-

2047 3500 2163 3554 lum
2184 3497 2252 3553 δι.
2287 3500 2472 3569 Atque
2503 3497 2739 3554 inaures
2789 3501 2913 3554 istae
2963 3517 3118 3557 nunc
3170 3503 3386 3559 dantur
3433 3504 3690 3575 crimini,

2047 3587 2199 3658 quod
2217 3587 2452 3642 animus
2470 3585 2720 3642 filiarum
2741 3587 2880 3644 Sion
2909 3589 3043 3646 inde
3064 3591 3383 3649 ell‘erretur.
3403 3593 3578 3652 Vsas.
3600 3595 3692 3651 21.

2049 3677 2114 3731 Et
2158 3681 2480 3748 praetextas,
2507 3685 2560 3732 et
2592 3679 2756 3732 vestes
2801 3693 2872 3733 ea:
2919 3679 3104 3736 media
3155 3688 3311 3752 parte
3362 3699 3693 3755 purpureas.

2056 3765 2313 3820 Vestium
2360 3770 2770 3820 ornamentum
2805 3768 2958 3838 quod
2989 3786 3023 3824 a
3052 3769 3400 3826 mulieribus
3448 3773 3696 3843 gloriam

2051 3872 2120 3911 ex
2175 3853 2268 3908 bis
2317 3853 2747 3920 aucupantibus
2796 3855 3128 3925 adhibetur,
3164 3863 3437 3929 tanquam
3491 3876 3697 3932 super-

2052 3943 2236 4000 ﬂuum
2270 3940 2630 4013 perstringit.
2649 3940 2978 4013 Aliquando
3027 3946 3265 4015 quidem
3315 3945 3424 4001 illae
3475 3964 3698 4019 purpu-

2053 4049 2178 4090 ram
2210 4029 2546 4086 attexebant
2574 4031 2646 4086 ad
2667 4035 3014 4103 extremum,
3034 4032 3350 4106 aliquando
3381 4051 3514 4092 vero
3548 4036 3699 4107 parti

2056 4121 2259 4179 media:
2288 4137 2417 4176 eam
2467 4119 2828 4176 inserebant.
2859 4125 3140 4180 Caeterum
3171 4124 3287 4180 doli
3340 4125 3701 4197 fallaciasque

2055 4213 2244 4284 figura
2285 4226 2545 4282 purpura
2597 4214 2690 4266 est
2736 4228 2863 4284 quas
2922 4213 3185 4269 nativum
3216 4213 3467 4270 colorem
3519 4219 3701 4288 tegat,

2058 4299 2357 4372 proprium
2391 4315 2524 4355 vero
2567 4299 2767 4356 ﬂorem
2817 4300 2876 4355 in
2927 4301 3185 4358 medium
3235 4305 3509 4375 proferat,
3543 4303 3701 4360 haud

2057 4389 2227 4461 aliter
2258 4394 2433 4458 atque
2473 4386 2578 4456 illi,
2611 4389 2707 4460 qui
2739 4389 2797 4444 in
2828 4390 3079 4462 speciem
3129 4392 3261 4448 laeta
3307 4397 3446 4448 sunt
3493 4393 3702 4462 fronte,

2058 4477 2221 4534 intus
2268 4494 2400 4532 vero
2453 4477 2676 4533 malum
2725 4479 3041 4536 occultant.
3075 4482 3237 4548 Quod
3285 4498 3426 4539 sane
3476 4482 3705 4557 fugien-

296 4574 702 4642 συσκιάζοντας.
736 4573 904 4644 Ὅπερ
962 4565 1059 4623 κᾶν
1110 4569 1178 4624 τά
1228 4566 1365 4642 ἄκρα
1411 4571 1509 4621 τοῦ
1570 4567 1711 4643 βίου,
1743 4565 1837 4622 κᾶν
1889 4568 1932 4622 τί

2060 4567 2198 4621 dum
2231 4570 2321 4622 est
2358 4565 2480 4622 sive
2528 4570 2850 4623 extremum
2883 4567 3034 4637 vitae,
3067 4569 3188 4625 sive
3238 4571 3499 4627 medium
3529 4589 3708 4628 occu-

303 4663 462 4736 μέσον
513 4660 688 4735 ἐπέχῃ
741 4661 878 4733 (91),
909 4658 1158 4736 φευκτόν.
1193 4654 1390 4732 Διόπερ
1448 4655 1540 4710 καὶ
1587 4656 1658 4711 τὰ
1690 4656 1947 4733 περιπόρ-

301 4772 442 4827 pupa
473 4753 813 4825 παραιτεῖται
847 4749 874 4802 ὁ
905 4744 1095 4823 λόγος.

2060 4660 2178 4729 pet.
2211 4656 2399 4720 Quare
2451 4660 2509 4712 et
2554 4661 2852 4726 praetextas
2899 4674 3216 4730 purpureas
3263 4661 3566 4734 Scriptura
3617 4676 3709 4717 re-

2055 4744 2203 4817 jicit.

369 4925 410 4961 “
437 4928 604 4982 Cant.
637 4940 738 4993 vn,
769 4924 825 4980 5.
898 4923 944 4959 ⁸⁹
971 4926 1112 4980 Gen.
1144 4937 1314 4987 xxxv,
1345 4920 1400 4976 4.
1476 4919 1521 4955 ⁶⁰
1553 4919 1730 4976 Exod.
1761 4935 1932 4990 xxxii,

2055 4919 2108 4975 4.
2183 4917 2226 4953 ⁶¹
2259 4917 2451 4974 Judic.
2484 4933 2606 4989 vm,
2637 4919 2727 4973 27.

368 5099 478 5170 (86)
510 5099 752 5156 Codices
768 5097 1038 5170 aliquot,
1055 5091 1556 5170 ἐγκαταλέλειπται.

371 5159 482 5245 (87)
513 5172 696 5256 Apud
883 5159 992 5241 pro
1016 5159 1323 5240 {ualidum
1357 5167 1571 5240 legitur
1598 5161 1850 5237 πλόκιον,
1878 5167 1932 5220 Ε

2059 5183 2163 5221 cus
2215 5182 2281 5219 ac
2523 5159 2774 5256 ἔπλασεν,
2806 5159 3092 5256 Iaruman.
3133 5168 3399 5256 Sabim-de

297 5245 490 5317 placas
520 5245 720 5317 capitis
751 5245 852 5317 lui.

370 5318 482 5390 (88)
511 5303 725 5390 Ndstra
755 5312 1018 5390 editio__et
1047 5315 1186 5390 Reg.
1217 5310 1466 5382 primus,
1489 5303 1948 5390 παραδοθήσεται,

301 5380 818 5453 baud'emendate.
856 5383 964 5438 Alii
996 5380 1250 5453 quatuor
1279 5380 1454 5452 mss.,
1475 5380 1949 5453 praeterCombe-

305 5459 598 5531 fisianum,
630 5450 1382 5533 aupaSoOﬁcco-bai._lbidem
1415 5450 1518 5526 pro
1545 5450 1711 5506 αὐτοῦ
1742 5469 1772 5509 e
1804 5451 1951 5508 mul-

305 5533 372 5588 tis
402 5552 540 5591 mss.
565 5525 672 5607 redi
705 5525 1067 5607 oportuerat,
1098 5525 1253 5607 αὐεᾴ.
1276 5597 1288 5607 _
1419 5525 1431 5526 ί
1541 5591 1575 5607 Α
1801 5595 1841 5607 ,η

364 5608 473 5679 (89)
535 5591 1095 5679 Veteres___quatuor
1157 5597 1314 5679 librj‘,
1379 5591 1740 5679 sapiet-lavso.
1801 5594 1951 5679 Editi

303 5664 428 5737 cum
455 5664 701 5737 duobus
735 5664 875 5732 aliis
906 5688 1078 5743 mss.,
1106 5664 1470 5748 περιείλοντο.
1501 5668 1714 5725 Statim
1765 5667 1953 5726 nostri

2059 5109 2159 5149 sex
2207 5083 2643 5184 ωεε;,νέἕλασαν
2693 5089 3397 5184 a61ai,formarunt._l$di‘ti
3445 5117 3701 5184 non.se-

2059 5183 2163 5221 cus
2215 5182 2281 5219 ac
2331 5174 2487 5222 Ιλλλ.
2523 5174 2774 5231 επλασεν,
2806 5174 3092 5236 [oi-mauu.
3139 5174 3399 5226 Subinde
3455 5174 3696 5244 quidam

2059 5254 2228 5321 ms§.,
2266 5238 2373 5289 τῶν
2409 5232 2794 5307 Ἰσμαηλιτῶν.
2825 5237 2936 5294 Alii
2981 5245 3038 5294 et
3081 5240 3242 5312 editi,
3272 5245 3379 5295 τῶν
3413 5240 3695 5315 Ἰσμαηλι-

2274 5379 2510 5454 Editiet
2553 5378 2693 5454 Reg.
2727 5381 3042 5454 secundus,
3075 5379 3241 5454 αὐτῷ.
3276 5384 3485 5441 Codex.
3519 5384 3608 5442 Fr.
3645 5385 3699 5454 1,

2059 5450 2216 5505 αὐτά.
2248 5451 2407 5506 Alter
2433 5450 2764 5507 Combeﬁsii
2796 5453 2984 5508 Codex
3015 5458 3071 5510 et
3105 5450 3206 5511 alii
3232 5461 3372 5520 tres,
3404 5453 3554 5512 αὐτό.

2059 5591 2083 5648 ἰ
2127 5524 2243 5651 (91)
2272 5521 2427 5579 Editi
2476 5528 2535 5579 et
2579 5527 2713 5598 Reg.
2747 5525 2995 5600 primus,
3034 5524 3240 5600 ἀπέχῃ.
3270 5527 3379 5584 Alii
3427 5532 3698 5601 quatuor,

2084 5614 2124 5649 π
2154 5613 2248 5671 χῃ.
