4048 6220
388 346 503 408 327

1340 331 1729 399 APPENDIX
1776 330 2102 395 OPERUM
2149 334 2213 393 S.
2262 328 2545 395 BASILII
2595 328 2862 395 MAGNI.

3679 334 3809 399 328

346 462 362 475 ’
465 475 587 532 129.
607 472 788 529 Vens.
808 472 900 527 22.
916 471 980 528 Et
1010 469 1338 526 indumenta
1367 482 1495 539 quae
1521 474 1651 521 sunt
1676 480 1775 536 per
1792 464 2039 531 domum,

2226 463 2349 520 429.
2385 461 2484 516 Καὶ
2535 461 2602 516 τὰ
2659 456 3011 536 ἐπιϐλήματα
3067 462 3133 516 τὰ
3161 463 3299 518 κατᾶ
3324 463 3424 532 τήν
3458 462 3629 519 οἷ’κίαν
3662 466 3812 541 (92),

278 624 285 633 ι
390 570 443 619 σι
464 562 741 636 pelluczda
761 564 1046 618 Laconica.
1071 557 1448 615 Immodicam
1473 556 1648 611 luxus
1669 554 2042 612 deliciarum-

394 669 509 725 que
538 651 763 724 copiam
798 649 1055 706 declarat
1084 649 1205 703 haec
1234 645 1704 713 sententia,dum
1739 645 1819 700 ait
1851 661 2046 701 recon-

392 740 517 796 dita
545 740 702 796 domi
734 739 1085 795 indumenta
1110 754 1223 808 prae
1247 734 1431 790 nimia
1458 734 1742 790 tenuitate
1765 750 1894 789 esse
1926 732 2041 805 pel-

2149 551 2240 606 καί
2325 550 2393 606 τὰ
2471 548 2700 629 διαφανῆ

2149 638 2238 694 καὶ
2279 646 2488 718 τρυφῆς
2534 638 2787 715 ἀφειδοῢς
2841 642 2868 695 ὁ
2919 638 3081 715 λόγος
3133 640 3402 719 ἐμφαίνει,
3452 643 3519 698 τὰ
3575 638 3816 715 ἐπιϐλή-

2792 551 3097 608 Λακωνικά.
3159 548 3499 630 Ὑπερϐολὴν
3572 552 3817 620 ἀσωτίας

2156 749 2297 801 ματα
2347 728 2416 782 τὰ
2471 730 2585 783 κατ’
2620 731 2763 785 οἶκον
2816 727 3050 809 διαφανῆ
3097 728 3268 805 λέγων
3325 732 3456 787 εἶναι
3513 735 3581 805 τῇ
3642 733 3813 809 ὑπερο

388 827 901 898 lucida.Sumptus
936 825 1092 881 enim
1126 825 1197 880 ad
1229 823 1683 880 ostentationem
1720 822 1909 877 factus
1940 837 2043 893 pro

2168 812 2297 892 Ξολῇ
2328 824 2428 887 τῆς
2464 815 2821 891 λεπτότητος.
2853 821 2924 874 Τὸ
2973 819 3077 894 γὰρ
3126 821 3264 895 πρὸς
3321 818 3573 892 ἐπίδειξιν
3634 819 3815 877 δάπα-

392 934 570 992 scopo
628 917 877 990 gratiam
930 914 1237 970 hominum
1294 928 1360 969 ae
1423 911 1883 968 benevolentiam
1934 910 2042 967 sibi

2168 906 2342 980 μηρὸν,
2378 905 2495 983 ἔχει
2536 907 2736 963 σκοπὸν
2784 908 2885 976 τὴν
2936 907 3456 986 ἀνθρωπαρὲσκειαν·
3487 910 3550 964 τὸ
3610 908 3667 965 δὲ
3714 908 3814 966 καὶ

390 1006 683 1081 proponit.
703 1006 844 1059 Cum
879 1007 1077 1059 autem
1100 1001 1234 1074 quis
1257 1001 1429 1057 etiam
1456 1000 1689 1055 nemine
1719 1004 2043 1071 spectante,

393 1094 666 1167 privatim
719 1091 877 1149 domi
930 1092 1172 1164 degens.
1225 1089 1535 1162 pellucidis
1584 1089 1736 1144 469
1784 1087 2047 1143 vestibus

395 1182 690 1248 amicitur,
723 1181 779 1235 id
813 1195 1011 1236 rerum
1064 1184 1264 1236 nostro
1316 1178 1449 1234 usui
1500 1193 1909 1234 concessarum
1942 1177 2045 1232 ah-

396 1286 569 1326 usum
616 1285 899 1342 perquam
953 1266 1337 1322 immodicum
1376 1278 1505 1322 esse
1548 1264 1820 1321 ostendit.
1848 1266 2049 1336 Itaque

398 1359 743 1414 indumenta
765 1358 1138 1413 Lacmnarum
1164 1354 1567 1420 imitabantur,
1592 1371 1717 1426 quae
1739 1370 1873 1409 cum
1897 1354 2051 1409 inter

398 1447 733 1504 saltandum
759 1444 929 1517 plane
950 1444 1156 1499 nudari
1179 1444 1386 1510 nolint,
1408 1448 1687 1514 tanquam
1714 1442 1769 1498 id
1790 1442 1868 1497 sit
1889 1443 2051 1498 inde-

399 1552 626 1609 corum,
649 1534 867 1590 lineam
890 1538 1108 1589 vestem
1135 1549 1309 1605 quam
1343 1531 1689 1587 tenuissimo
1720 1535 2048 1588 contextam

400 1626 678 1692 induunt,
699 1638 987 1695 perquam
1008 1621 1290 1691 objiciant
1310 1621 1630 1693 spectanda
1646 1638 1775 1693 quae
1791 1621 2047 1676 virorum

401 1712 585 1769 oculis
618 1728 729 1767 non
756 1710 1015 1784 conspici
1044 1710 1368 1782 oportebat.
1395 1709 1576 1765 Vens.
1597 1711 1688 1775 23.
1715 1713 1780 1766 Et
1807 1710 2049 1782 byssina,

400 1807 454 1859 et
509 1801 891 1875 hyacinthina,
930 1809 982 1857 et
1030 1801 1271 1874 byssum,
1327 1816 1453 1856 cum
1504 1816 1641 1856 auro
1670 1803 1721 1857 et
1749 1800 2051 1872 hyacintho

398 1893 719 1948 intertexta.
757 1890 883 1947 Jam
915 1906 1048 1945 vero
1078 1888 1488 1946 immodestam
1515 1890 1693 1945 vitam
1725 1894 1966 1962 agentes
1994 1894 2052 1945 et

401 1995 516 2052 prae
546 1964 862 2034 immodico
913 1978 1049 2033 luxu
1098 1978 1318 2034 sanctis
1348 1977 1700 2034 insultantes
1732 1977 1862 2034 ﬁliae
1891 1979 2048 2046 Sion,

401 2070 578 2125 etiam
604 2073 825 2124 vestem
851 2067 1340 2123 circumferebant
1364 2066 1751 2123 similitudine
1777 2067 1845 2122 ad
1880 2066 2052 2122 indu-

402 2162 667 2214 mentum
695 2156 1055 2213 sacerdotale
1076 2157 1445 2212 accedentem
1464 2157 1543 2212 “:
1570 2156 1918 2212 vestimenta
1937 2154 2051 2210 sci-

400 2248 537 2304 licet
569 2247 808 2320 byssina
836 2250 893 2302 ct
922 2244 1299 2319 hyacinthina
1331 2246 1624 2317 gerebant,
1649 2244 1923 2317 qualibus
1945 2258 2049 2299 ceu

403 2335 685 2410 symbolis
732 2334 1152 2391 elementorum
1186 2350 1254 2390 ex
1284 2333 1501 2405 quibus
1530 2333 1730 2389 omnia
1758 2336 2048 2402 constant,

356 2486 361 2491 ί
401 2424 591 2480 induti
617 2424 968 2493 sacerdotes,
989 2423 1310 2479 introibant
1334 2423 1391 2477 in
1416 2428 1617 2479 sancta
1641 2422 2052 2490 seorsum,Deo

404 2530 509 2586 pro
540 2514 762 2569 mundo
792 2511 1196 2584 supplicaturi.
1226 2512 1445 2585 llyssus
1474 2513 1708 2584 quidem
1742 2530 1844 2584 pro
1872 2518 2049 2581 terra,

404 2601 759 2676 hyacinthus
789 2618 892 2673 pro
925 2618 1075 2667 aere,
1105 2618 1367 2673 purpura
1415 2618 1516 2673 pro
1549 2617 1721 2673 aqua,
1750 2601 2047 2657 coccinum

403 2707 511 2765 pro
540 2690 676 2764 igne
706 2690 958 2763 ponitur.
995 2689 1091 2745 Hae
1123 2693 1314 2745 autem
1345 2690 1623 2746 mulieres
1655 2690 1929 2746 harumce
1958 2707 2052 2745 re-

406 2796 538 2836 rum
570 2784 775 2835 ornatu
820 2797 932 2835 non
981 2783 1284 2842 contenta»,
1317 2778 1385 2834 ad
1418 2778 1760 2835 varietatem
1794 2779 2051 2835 efﬁcien-

406 2870 540 2925 dam
575 2872 632 2924 et
661 2869 732 2923 ad
768 2869 1047 2937 majorem
1079 2868 1499 2923 ostendendam
1529 2868 2050 2940 magnificentiam,

407 2975 617 3014 aurum
651 2974 784 3013 cum
836 2957 909 3012 iis
956 2960 1397 3013 contexuerunt.
1430 2957 1495 3011 Et
1523 2957 1784 3012 therislra
1830 2957 2052 3013 accubi-

406 3049 569 3104 toria.
601 3046 964 3102 Theristrum
997 3046 1228 3102 videtur
1269 3063 1397 3102 esse
1437 3046 1847 3102 indumentum
1902 3046 2052 3102 tasti-

403 3152 565 3205 vum,
600 3135 683 3190 ita
713 3139 776 3190 ut
803 3140 861 3190 et
890 3140 1083 3208 tegere
1111 3136 1423 3198 videretur,
1460 3152 1558 3190 nec
1589 3140 1783 3190 tamen
1818 3135 1873 3190 in
1908 3139 2048 3191 aestu

406 3228 673 3294 gravaret
702 3240 716 3278 :
749 3206 1243 3294 quemadmodum
1294 3227 1350 3278 et
1395 3222 1456 3277 in
1488 3223 1694 3278 Genesi
1738 3224 2054 3279 didicimus
2082 3206 2125 3273 C

407 3311 725 3366 Reheccam
758 3311 987 3367 obviam
1043 3312 1205 3367 Isaac
1254 3315 1513 3378 euntem,
1550 3312 1824 3367 theristro
1875 3312 2056 3369 fuisse

405 3399 674 3455 indutam
696 3399 761 3452 ⁸³.
795 3400 929 3464 Quae
958 3402 1149 3453 autem
1203 3416 1359 3454 nunc
1408 3399 1711 3470 Scriptura
1741 3400 2051 3472 vituperat,

404 3492 693 3545 vocantur
710 3486 1008 3552 theristra,
1031 3503 1160 3557 quae
1181 3486 1445 3542 videlicet
1467 3488 1534 3542 ad
1561 3488 2053 3545 discumbendum

407 3595 524 3652 pra
558 3576 738 3632 nimio
770 3574 1086 3647 voluptatis
1116 3575 1311 3631 studio
1358 3575 1522 3632 lectis
1554 3577 2053 3638 insternebantur.

403 3664 513 3720 Sed
546 3662 862 3719 dictionem
888 3662 1057 3732 hanc,
1079 3661 1358 3728 cataclita,
1386 3680 1457 3720 ne
1479 3664 1785 3721 reddidere
1814 3668 2053 3738 quidem

404 3754 755 3825 interpretes
798 3749 921 3806 alii.
955 3751 1321 3823 Quapropter
1348 3755 1632 3824 tanquam
1666 3770 1792 3827 quas
1823 3755 2052 3811 nullum

406 3857 645 3899 sensum
676 3839 993 3906 exhiberet,
1027 3844 1227 3896 notata
1256 3840 1422 3897 obelo
1452 3847 1560 3897 est.

481 3932 601 3986 130.
629 3930 805 3985 Vens.
834 3930 925 3984 24.
956 3931 1021 3986 Bt
1048 3931 1155 3985 erit
1189 3946 1288 4002 pro
1337 3931 1501 3988 odore
1545 3933 1708 3988 suavi
1750 3936 1935 4006 pulvis
1963 3953 1984 3992 :
2007 3944 2059 3993 et.

405 4037 506 4094 pro
533 4036 673 4076 zona
691 4019 946 4091 funiculo
966 4020 1223 4089 cingeris,
1246 4023 1299 4075 et
1323 4036 1426 4092 pro
1448 4027 1647 4077 ornatu
1676 4025 1875 4093 capitis
1894 4041 2060 4081 aureo

408 4112 695 4167 calvitium
724 4109 949 4164 habebis
977 4113 1204 4179 propter
1230 4124 1401 4181 opera
1428 4113 1546 4165 tua.
1573 4110 1712 4168 Pars
1741 4109 2063 4184 voluptatis

408 4199 667 4256 suavitas
698 4204 788 4254 est
827 4199 1092 4264 odorum,
1121 4199 1595 4270 quandoquidem
1642 4199 1898 4257 incensis
1928 4202 2059 4273 qui-

410 4288 661 4344 busdam
688 4288 1005 4358 unguentis
1035 4286 1308 4341 inficiunt
1326 4303 1539 4354 aerem,
1567 4304 1925 4360 suavemque
1947 4289 2060 4345 sibi

410 4376 659 4430 halitum
703 4375 975 4430 reddunt.
1009 4375 1110 4429 His
1159 4375 1342 4445 igitur
1391 4374 1738 4432 mulieribus
1771 4376 2062 4450 voluptate

413 4462 666 4535 perfusis
679 4462 982 4518 etodorem
994 4463 1326 4532 jucundum
1342 4463 1577 4518 olfactui
1597 4466 2059 4536 accersentibus,

2159 991 2392 1068 μηδενὸς
2424 997 2663 1071 ὁρῶντος
2694 996 2775 1073 ἐφ’
2807 998 2997 1052 ἑαυτοῦ
3030 994 3287 1073 διάγοντα
3315 998 3452 1054 κατὰ
3478 1000 3578 1069 τὴν
3632 999 3819 1055 οἰκίαν

2156 1079 2384 1161 διαφανῆ
2426 1080 2877 1161 περιϐάλλεσθαι,
2917 1091 3089 1140 πᾶσαν
3151 1081 3465 1162 ὑπερϐολὴν
3521 1090 3819 1164 παραχρή-

2156 1193 2293 1234 σεως
2350 1177 2457 1227 τῶν
2507 1174 2645 1249 πρὸς
2693 1181 2893 1251 χρῆσιν
2959 1176 3467 1252 συγκεχωρημένων
3509 1178 3644 1251 ἡμῖν
3697 1176 3820 1233 ἐπι-

2158 1258 2474 1316 δείκνυται·
2536 1263 2674 1319 ὥστε
2733 1264 3016 1337 μιμεῖσθαι
3071 1264 3138 1319 τὰ
3192 1270 3299 1320 τῶν
3361 1270 3641 1321 Λακαινῶν
3698 1269 3817 1341 (93)

2158 1345 2533 1424 έπιόλήματασ
2569 1351 2623 1405 αἳ
2684 1352 2820 1406 κατὰ
2873 1354 2972 1422 τήν
3022 1348 3256 1428 ὄρχησιν
3315 1353 3377 1408 τὸ
3426 1359 3671 1432 φανερῶς
3714 1377 3817 1431 γυ-

2162 1443 2422 1512 μνοῦσθαι
2482 1440 2556 1503 ὡς
2602 1438 2833 1514 ἄσεμνον
2876 1442 3328 1516 παραιτούμεναι,
3362 1439 3818 1520 ὑπερϐάλλουσαν

2161 1525 2456 1601 λεπτότητι
2516 1527 2673 1599 λινῆν
2732 1528 2931 1600 ἐσθῆτα
2979 1526 3470 1606 περιϐαλλόμεναι,
3512 1530 3584 1588 δι’
3639 1533 3820 1604 αὐτῆς

2160 1619 2439 1696 φαίνουσιν
2500 1618 2534 1672 ’ὰ
2589 1618 2842 1693 κρύπτειν
2903 1616 3007 1675 ἔδει
3064 1620 3160 1682 τὰς
3215 1625 3321 1676 τῶν
3368 1620 3603 1698 ἀρῥένων
3633 1618 3821 1697 ὄψεις.

2160 1706 2260 1761 Καὶ
2317 1706 2384 1761 τὰ
2439 1705 2684 1779 βύσσινα,
2737 1706 2827 1762 καὶ
2885 1708 2954 1763 τὰ
3013 1707 3309 1778 ὑακίνθινά,
3370 1709 3461 1765 καὶ
3514 1711 3616 1780 τὴν
3676 1710 3824 1787 βὺσ-

2159 1816 2250 1850 σον
2334 1794 2426 1850 σὺν
2514 1801 2709 1871 χρυσῷ
2815 1797 2903 1852 καὶ
2986 1797 3221 1871 ὑακίνθῳ
3299 1799 3818 1878 συγκαθυφασμένα.

2159 1882 2300 1955 ’Ἤδη
2331 1881 2388 1939 δὲ
2419 1886 2504 1939 καὶ
2537 1893 2638 1955 τῆς
2666 1887 2945 1963 ἱερατικῆς
2991 1886 3217 1957 ἐσθῆτος
3268 1889 3587 1961 μιμήματα,
3637 1888 3690 1944 ἐν
3738 1893 3819 1964 τῇ

2161 1972 2582 2047 ἆσὲμνῳαὺτῶν
2617 1976 2729 2046 (94)
2785 1979 2899 2050 ζωῇ
2959 1973 3030 2030 δι’
3087 1970 3400 2053 ὑπερϐολὴν
3458 1984 3668 2056 τρυφῆς
3717 1976 3823 2053 έμ-

2160 2068 2516 2139 παροινοῦσαι
2545 2069 2662 2125 τοῖς
2694 2063 2893 2139 ἁγίοις,
2925 2066 2979 2119 αἱ
3027 2065 3313 2141 θυγατέρες
3366 2073 3465 2137 τῆς
3515 2067 3659 2122 Σιὼν
3710 2088 3823 2123 πε-

2161 2155 2463 2230 ριφέρουσι.
2501 2151 2723 2227 βύσσινα
2779 2153 2868 2207 καὶ
2930 2153 3224 2226 ὑακίνθινά,
3259 2154 3422 2209 ὁποῖα
3482 2154 3671 2211 ἐκεῖνοι
3699 2158 3823 2230 (95)

2160 2235 2416 2314 σύμϐολα
2463 2245 2571 2295 τῶν
2634 2241 2921 2318 στοιχείων
2979 2238 3466 2317 περιϐαλλόμενοι,
3508 2243 3559 2315 ἐξ
3616 2245 3690 2300 ὧν
3747 2246 3828 2302 τὰ

2159 2328 2331 2384 πάντα
2376 2327 2713 2401 συνέστηκεν,
2745 2329 2990 2404 εἰσῄεσαν
3039 2330 3116 2396 εἷς
3160 2332 3227 2386 τὰ
3282 2334 3410 2409 ἅγια
3468 2330 3535 2388 δι’
3584 2334 3822 2406 ἑαυτῶν,

2165 2418 2296 2492 ὑπὲρ
2325 2423 2423 2473 τοῦ
2465 2418 2677 2492 κόσμου
2733 2420 2824 2473 τὸν
2877 2419 3007 2475 Θεὸν
3065 2418 3400 2494 ἱλεούμενοι.
3454 2421 3658 2486 Βύσσος
3719 2424 3829 2497 μὶν

2159 2507 2260 2584 γὰρ
2314 2507 2431 2562 ἀντὶ
2485 2514 2586 2577 τῆς
2632 2514 2752 2584 γῆς·
2787 2510 2822 2577 ἡ
2880 2506 2936 2564 δὲ
3001 2509 3250 2573 ὑάκινθος
3298 2510 3415 2565 ἀντὶ
3469 2511 3564 2567 τοῦ
3619 2511 3826 2588 ἀέρος’

2160 2596 2247 2652 καὶ
2280 2597 2534 2674 πορφύρα
2563 2596 2679 2651 ἀντὶ
2735 2595 2832 2652 τοῦ
2890 2594 3106 2666 ὕδατος,
3136 2598 3225 2654 καὶ
3270 2599 3334 2655 τὸ
3388 2600 3637 2656 κόκκινον
3694 2601 3827 2657 ἀντὶ

2159 2689 2257 2741 τοῦ
2286 2685 2478 2760 πυρός·
2513 2685 2567 2740 αἱ
2600 2682 2656 2740 δὲ
2696 2685 2794 2740 οὑκ
2841 2686 3223 2761 έξαρκούμενοι
3255 2690 3368 2757 (96)
3386 2684 3477 2761 ’τῷ
3525 2688 3576 2762 ὶξ
3630 2690 3824 2747 αὐτῶν

2160 2773 2374 2848 κόσμῳ,
2449 2772 2539 2828 καὶ
2624 2774 2827 2850 χρυσὸν
2902 2774 3085 2837 αὐτοῖς
3162 2776 3616 2855 συγκαθύφαινον,
3680 2779 3826 2855 ὑπὲρ

2161 2861 2445 2926 ποικιλίας
2501 2862 2592 2918 καὶ
2647 2862 3003 2928 πολυτελείας
3076 2863 3355 2929 πλείονος.
3407 2868 3504 2921 Καὶ
3562 2868 3830 2944 θέριστρο,

2161 2953 2458 3009 κατάκλιτα
2502 2955 2636 3026 (97).
2682 2960 2865 3008 ’Έοικε
2906 2954 2966 3009 τὸ
3007 2949 3283 3031 θέριστρον
3340 2950 3627 3029 ἐπίϐλημα
3675 2957 3827 3013 εἶναι

2165 3043 2396 3119 θερινόν·
2429 3043 2502 3104 ὡς
2541 3043 2628 3097 καὶ
2667 3037 3020 3118 περιϐάλλειν
3061 3041 3262 3117 δοκεῖν,
3286 3045 3377 3099 καὶ
3425 3046 3499 3118 μὴ
3563 3044 3827 3121 βαρύνειν

2163 3129 2214 3184 ἐν
2246 3136 2323 3203 τῷ
2352 3130 2610 3186 καύσωνι’
2647 3131 2721 3194 ὡς
2777 3131 2865 3186 καὶ
2928 3131 2980 3187 ἐν
3029 3131 3097 3206 τῇ
3146 3131 3355 3187 Γενέσει
3421 3136 3828 3208 μεμαθήκαμεν

2163 3220 2261 3287 τήν
2321 3214 2600 3275 Ῥεϐέκκαν
2660 3220 2712 3275 ἐν
2778 3224 2845 3295 τῇ
2904 3231 3125 3286 συναντῆ
3145 3243 3222 3276 σει
3278 3225 3376 3277 τοῦ
3435 3223 3614 3280 Ἰσαὰκ
3659 3242 3826 3297 περι-

2164 3303 2514 3382 ϐαλλομένην
2571 3310 2633 3364 τὸ
2687 3310 2990 3386 θέριστρον.
3021 3312 3091 3365 ’Ἄ
3125 3307 3181 3364 δὲ
3212 3315 3302 3365 νῦν
3338 3305 3621 3367 διαϐάλλει
3655 3312 3683 3366 ὁ
3712 3308 3826 3367 λό-

2163 3418 2283 3473 γος,
2343 3398 2593 3473 θέριστρα
2650 3399 2884 3476 Λέγεται,
2939 3399 3003 3453 τὰ
3048 3397 3099 3453 ἐν
3158 3404 3238 3472 τῷ
3284 3398 3691 3464 κατακλίνεσθαι
3743 3397 3827 3456 δι’

2166 3481 2475 3562 ὑπερϐολὴν
2524 3490 2732 3563 τρυφῆς
2775 3492 2892 3550 ταῖς
2940 3485 3158 3551 κλίναις
3208 3483 3641 3563 ἐπιϐαλλόμενοι.
3676 3491 3821 3545 Καί-

2161 3596 2246 3630 τοι
2304 3576 2385 3648 τὸ,
2416 3573 2736 3645 κατάκλιτα,
2771 3574 2895 3632 οὐδὲ
2948 3573 3304 3632 ἐκδεδώκασιν
3361 3578 3418 3632 οἱ
3466 3575 3674 3637 λοιποί.
3716 3579 3822 3635 Διὸ

2161 3663 2253 3719 καὶ
2283 3657 2600 3732 ὠϐέλισται,
2631 3664 2705 3729 ὡς
2736 3662 2923 3721 οὐδένα
2954 3670 3078 3721 νοῦν
3112 3664 3391 3746 ἐμφαῖνον.

2241 3935 2363 3989 130.
2424 3931 2526 3990 Καὶ
2596 3928 2739 3988 ἔσται
2828 3931 2944 3986 ἀντὶ
2999 3930 3169 4007 ἒσμῆς
3224 3930 3430 4004 ἡδείας,
3488 3934 3819 4010 κονιορτὸς*

2167 4020 2257 4076 καὶ
2315 4020 2429 4075 ἀντὶ
2491 4020 2685 4092 ζώνης,
2747 4020 2978 4096 σχοινίῳ
3037 4021 3203 4096 ζώσῃ,
3247 4020 3337 4076 καὶ
3398 4021 3513 4078 ἀντὶ
3568 4026 3666 4077 τοῦ
3719 4024 3824 4079 κό-

2170 4113 2311 4183 σμοῦ
2368 4116 2467 4179 τῆς
2519 4105 2762 4183 κεφαλῆς
2815 4113 2912 4164 τοῦ
2983 4109 3214 4186 χρυσίου
3275 4112 3409 4185 (98),
3469 4110 3828 4189 φαλάκρωμα

2166 4196 2301 4270 ἕξεις
2354 4195 2443 4253 διὰ
2494 4197 2561 4253 τὰ
2617 4195 2744 4275 ἔργα
2799 4219 2916 4254 σου.
2968 4197 3146 4273 Μέρος
3205 4206 3413 4275 τρυφῆς
3460 4198 3571 4256 ἐστι
3613 4199 3705 4256 καὶ
3759 4203 3827 4257 τὸ

2170 4287 2221 4343 ἐν
2256 4293 2375 4350 ταῖς
2427 4286 2624 4361 ὀσμαῖς
2671 4283 2798 4359 ἡδὺ,
2831 4287 3136 4366 φαρμάκοις
3181 4288 3320 4343 τισὶν
3381 4288 3826 4364 ἑκθυμιωμένοις

2168 4376 2758 4456 καταφαρμακευόντων
2830 4376 2921 4432 τὸν
2992 4376 3144 4453 ἀέρα,
3191 4377 3281 4432 καὶ
3346 4375 3532 4448 ἡδεῖαν
3602 4380 3829 4442 ἑαυτοῖς

2173 4466 2584 4542 μηχανωμένων
2636 4464 2930 4552 ἀναπνοήν.
2963 4468 3097 4528 Ταῖς
3145 4463 3238 4552 οὖν
3282 4463 3704 4542 διακεχυμέναις
3735 4468 3833 4545 ὑφ’

414 4552 487 4608 ab
506 4567 573 4608 eo
594 4551 693 4624 qui
726 4550 919 4606 minas
948 4550 1220 4622 intentat,
1245 4550 1450 4624 pulvis'
1468 4552 1837 4610 retribuetur.
1864 4556 2060 4614 Pulvis

2174 4553 2398 4626 ἡδονῆς,
2429 4553 2519 4609 καὶ
2552 4553 2727 4627 ὀσμὴν
2772 4550 2960 4624 ἡδεῖαν
3011 4544 3434 4630 μηχανωμέναις
3490 4559 3559 4630 τῇ
3618 4544 3833 4634 ὀσφρή-

484 4748 530 4784 ⁸²
559 4746 737 4806 Exod.
767 4765 966 4819 xxvm,
996 4747 1051 4806 5.
1126 4750 1173 4787 ⁸³
1204 4747 1346 4809 Gen.
1376 4767 1613 4821 xxxvm,
1645 4752 1731 4810 14.

488 4946 599 5022 (92)
631 4947 725 5005 Sic
755 4947 812 5004 in
847 4946 1110 5022 quinque
1141 4967 1285 5007 mss.
1318 4955 1377 5008 et
1424 4951 1483 5007 in
1526 4953 1782 5009 editione
1808 4952 2069 5010 Romana

418 5019 648 5098 legitur.
685 5019 937 5098 Additur
965 5019 1133 5077 αὑτοῦ
1167 5024 1220 5078 in
1266 5025 1440 5080 editis
1489 5030 1546 5080 et
1596 5026 1652 5080 in
1702 5026 1841 5098 Reg.
1879 5025 2067 5097 primo

418 5089 779 5164 postivocem
814 5089 1010 5149 οἰκίαν.

493 5162 605 5242 (93)
638 5164 829 5242 Nostri
863 5183 963 5221 sex
1007 5164 1314 5242 msslftibv
1352 5165 1642 5242 Λακώνων.
1675 5167 1820 5223 Hinc
1867 5167 2066 5242 suspi-

419 5235 539 5291 cari
570 5235 866 5306 quispiam
900 5238 1105 5309 possit,
1137 5237 1513 5309 Tilmannum
1547 5240 1619 5294 de
1649 5256 1757 5295 suo
1788 5235 2065 5308 edidisse,

420 5309 723 5394 {taxawibw
752 5308 1116 5394 gum-tamen
1142 5308 1391 5394 Lacaenae
1419 5310 1832 5394 Graecepotius
1865 5313 2066 5394 dican-

419 5384 520 5434 tur
547 5374 878 5456 Λοικωνίδες.
906 5382 1030 5456 -ῌροο
1075 5378 1203 5456 ipso
1253 5379 1310 5433 in
1364 5380 1489 5436 loco
1518 5374 1659 5456 editi
1688 5390 1746 5456 et
1776 5383 1917 5456 Reg.
1946 5384 2066 5456 pri-

420 5466 576 5514 mus,
612 5447 644 5503 ἃ
667 5448 821 5506 κατά.
860 5451 967 5507 Alii
1001 5447 1458 5522 quinque‘mss”
1491 5448 1545 5504 αῖ
1574 5452 1729 5521 κατά,
1762 5447 1934 5510 τεοῖο.

487 5521 603 5589 (94)
634 5523 870 5593 Antiqui
904 5539 1003 5579 sex
1022 5519 1189 5585 libri,
1223 5519 1421 5593 αὐτῷν.
1458 5523 1633 5593 Editi,
1667 5519 1886 5580 ἑαυτῶν.

491 5592 605 5665 (95)
634 5590 823 5651 Codex
853 5596 944 5651 Fr.
980 5597 1021 5669 _t_
1042 5601 1101 5651 et
1128 5594 1291 5669 editi,
1322 5590 1517 5661 ἐκεῖνα,
1551 5590 1722 5669 male.
1756 5597 1865 5669 Alii
1895 5596 2069 5669 quin-

419 5680 535 5740 que
564 5681 709 5723 mss.
743 5672 952 5744 preter
979 5665 1394 5724 Henricianum
1418 5672 1475 5723 et
1491 5668 1824 5743 Anglicum,
1847 5665 2066 5737 ἐκεῖνοι,

2178 4955 2341 5010 bene.
2379 4953 2529 5022 Lege
2560 4951 2856 5008 Duceum.

2247 5025 2357 5097 (96)
2391 5019 2640 5097 italibrj
2671 5024 2896 5095 antiqui
2917 5038 3160 5097 omnes.
3194 5021 3364 5091 Editi,
3398 5019 3756 5097 dpxoupevut:

2248 5093 2360 5167 (97)
2390 5096 2563 5151 Notat
2606 5093 2872 5159 Ducaaus,
2913 5094 3315 5167 interpretem,
3343 5093 3494 5167 quod
3528 5093 3587 5148 in
3619 5093 3834 5167 Uibliis

2176 5164 2564 5223 Plautinianis
2595 5173 2653 5223 et
2681 5166 3044 5223 Germanicis
3074 5164 3345 5239 legisset,
3379 5164 3629 5239 Bépietpa
3657 5166 3833 5239 κατά-

2175 5251 2419 5304 κΛειστα,
2454 5239 2715 5306 vertisse,
2764 5239 3029 5293 theriura
3071 5237 3266 5292 clausa
3297 5255 3316 5291 :
3347 5237 3449 5293 sed
3482 5237 3706 5308 optime
3728 5238 3835 5308 ju-

2176 5310 2389 5366 dicavit
2409 5312 2655 5391 D_uea3us
2686 5310 2881 5391 e_suis_
2903 5308 3205 5391 codicibus
3235 5308 3347 5391 legi
3370 5314 3660 5391 oportere,
3686 5308 3836 5391 OéEt:

2178 5401 2307 5449 στρα
2336 5380 2655 5449 κατάκλιτα,
2689 5383 2950 5438 theristra
2982 5381 3337 5437 accubitoria
3382 5380 3686 5436 Iudicium
3717 5380 3838 5437 viri

2175 5454 2560 5510 eruditissimi
2595 5455 2853 5523 adjuvat,
2879 5452 3035 5524 quod
3062 5451 3145 5508 ita
3173 5468 3406 5524 quoque
3434 5452 3494 5507 in
3524 5452 3659 5508 aliis
3689 5468 3839 5523 qua-

2180 5531 2310 5581 tuor
2340 5542 2482 5581 mss.
2517 5526 2764 5597 legatur.

2248 5598 2357 5661 (98)
2391 5597 2536 5652 Editi
2573 5595 2729 5667 libri,
2757 5597 2855 5670 τοῦ
2885 5595 3114 5670 χρυσοῦ.
3148 5596 3222 5650 At
3249 5610 3350 5652 sex
3379 5610 3524 5652 mss.
3558 5598 3616 5652 et.
3643 5595 3840 5654 editio

2179 5666 2461 5743 Romana,
2493 5669 2591 5724 τοῦ
2622 5667 2877 5747 χρυσίου.
