4048 6220
395 353 508 422 331

1329 353 1725 416 APPENDIX
1777 353 2100 416 OPERUM
2147 355 2212 417 S.
2258 352 2531 418 BASILII
2577 357 2850 420 MAGNI.

3685 359 3797 421 332

395 493 531 562 pitis
566 506 754 560 aureo,
810 491 1098 546 calvitium
1156 489 1377 544 habebis
1429 493 1649 561 propter
1704 504 1866 559 opera
1923 491 2039 543 tua.

2165 481 2288 556 ἕξεις
2343 485 2432 542 διὰ
2483 486 2551 544 τὰ
2609 487 2741 565 ἔργα
2797 511 2932 548 σου.
2992 491 3194 566 Ὥσπερ
3253 487 3340 546 ἐπὶ
3397 495 3495 560 τῆς
3552 490 3684 546 κατὰ
3733 489 3799 546 τὰ

399 579 1030 648 Ουθωαᾶωοὰυωίιιω
1061 597 1176 651 pra:
1207 579 1387 634 nimia
1409 596 1605 634 rerum
1631 579 1701 634 ad
1733 580 2041 634 odoratum

399 671 622 728 attinen
632 670 775 725 tium
790 668 1182 725 sollicitudine
1201 667 1562 739 requirentes
1576 684 1702 739 quae
1717 673 1878 722 erant
1900 685 2042 739 prea-

400 764 490 817 ter
511 759 884 827 naturam,ab
907 758 1001 814 bis
1022 775 1149 830 quae
1174 773 1244 812 ex
1266 761 1474 812 natura
1498 757 2042 825 sunt,exciderunt;

400 850 556 907 baud
579 848 731 924 enim
761 848 912 904 aeris
935 846 1222 919 simplicis
1243 846 1595 918 aspiratione
1618 851 1924 913 contenta,
1944 845 2044 902 sed

401 938 718 1012 unguentis
749 937 1223 1008 sufﬁmentisque
1253 953 1385 991 eum
1421 936 2044 1007 imbuentes,postmo-

397 1030 538 1084 dum
571 1044 644 1083 ne
675 1042 869 1083 aerem
897 1026 1135 1098 quidem
1167 1041 1406 1097 purum,
1438 1025 1540 1080 sed
1580 1024 1876 1096 pulverem
1910 1041 2044 1096 per-

399 1117 641 1174 mistum
673 1116 883 1188 spiritu
915 1116 1209 1170 duxerunt
1236 1131 1248 1168 :
1273 1114 1430 1169 hunc
1451 1115 1523 1170 ad
1549 1115 1788 1169 modum
1817 1119 2044 1186 propte-

399 1221 495 1261 rea
525 1205 680 1276 quod
712 1204 772 1259 in
805 1204 1000 1260 nativo
1031 1203 1377 1276 capillorum
1429 1208 1662 1273 ornatu,
1694 1203 2046 1260 mulieribus

396 1311 502 1367 pro
529 1293 818 1349 velamine
849 1294 985 1349 dato
1015 1295 1203 1360 7°,non
1234 1309 1624 1364 permansere,
1650 1294 1750 1348 sed
1784 1292 2045 1348 reticulis

400 1382 756 1454 quibusdam
775 1381 1017 1453 capillos
1039 1381 1508 1454 implicantes,ad
1538 1381 1836 1437 fastidium
1858 1398 2045 1452 usque

400 1489 463 1529 se
490 1472 634 1544 ipsa)
661 1472 1399 1541 adornabant,ornamento
1429 1471 1603 1526 etiam
1629 1471 1879 1526 naturali
1912 1489 2044 1543 spo-

399 1563 549 1620 liatas
572 1568 732 1634 sunt,
768 1568 941 1634 atque
971 1562 1208 1618 amissis
1238 1562 1500 1617 crinibus
1532 1564 1670 1635 (quo
1701 1567 1907 1618 ornatu
1941 1579 2045 1619 ceu

403 1652 638 1728 proprio
667 1652 980 1724 nativoque
1009 1652 1080 1707 ab
1113 1651 1244 1723 ipsa
1274 1655 1484 1708 natura
1521 1652 1740 1709 vestitis
1772 1653 2048 1709 mulieres

405 1744 566 1817 sunt)
597 1743 812 1800 eaedem
844 1743 1007 1798 factis
1039 1747 1178 1796 sunt
1207 1740 1604 1813 spectaculum
1633 1740 2045 1798 foedissimum.

403 1833 656 1904 Etenim,
686 1832 736 1930 si
767 1833 1108 1930 foedum-est
1126 1829 1384 1930 ’κουροιιὶ
1416 1830 1643 1930 tonderi
1675 1836 1777 1886 aut
1807 1831 2046 1930 r-adi‘WI:
2081 1864 2129 1930 Β

404 1927 626 1995 quanto
655 1921 858 1993 utique
889 1921 1091 1976 fcedias
1122 1920 1297 1976 fuerit
1323 1919 1514 1990 ipsam
1547 1921 1845 1993 deturpari
1875 1920 2051 1977 calvi-

402 2012 506 2076 tio,
540 2012 695 2085 quod
727 2015 925 2067 tamen
951 2010 1036 2067 eis
1069 2027 1195 2082 quae
1229 2026 1336 2065 sua
1357 2014 1658 2065 venustate
1691 2009 1844 2066 male
1875 2016 2050 2066 utun-

405 2107 522 2170 tur,
555 2101 985 2157 deformitatem
1037 2099 1258 2154 utiliter
1287 2097 1557 2152 inducit?
1587 2099 1694 2154 Pro
1735 2101 1926 2154 tunica
1955 2116 2053 2154 au-

405 2193 509 2247 tem
540 2191 765 2246 ctavatae
786 2206 1049 2262 purpurae
1079 2188 1535 2255 circumcingeris
1551 2189 1795 2243 sacron
1820 2205 2055 2261 quoque

405 2279 596 2336 sancit
609 2278 891 2334 Dominus
905 2280 962 2332 in
977 2277 1350 2333 commodum
1368 2293 1567 2331 earum
1585 2279 1864 2347 quaa47l
1878 2295 2052 2333 suum

408 2370 676 2424 decorem
703 2367 1296 2437 ostentant,bancque
1330 2366 1452 2421 fieri
1474 2366 1647 2436 jubet
1676 2366 2052 2438 permutatio-

412 2473 568 2514 nem.
621 2457 1108 2529 Quandoquidem
1157 2457 1336 2512 vestis
1366 2473 1656 2527 purpurea
1704 2455 1969 2512 mollitiei
1999 2462 2057 2514 et

408 2547 705 2619 jactantiw
737 2545 983 2602 materia
1013 2550 1103 2601 est
1131 2555 1184 2601 et
1213 2545 1442 2601 occasio
1477 2562 1489 2599 :
1516 2561 1721 2600 saccus
1751 2563 1884 2602 vero
1916 2562 2054 2602 con-

409 2636 668 2692 tritionis
680 2634 1148 2707 humilitatisque
1162 2633 1556 2706 comparandae
1575 2634 1905 2691 facultatem
1917 2653 2057 2708 pra:-

411 2724 529 2780 bet.
561 2723 631 2779 Et
656 2723 755 2794 qui
789 2739 1051 2794 purpura
1081 2722 1325 2778 indutus
1357 2721 1730 2791 est,abjicere
1756 2738 1818 2777 se
1848 2723 1907 2778 in
1939 2729 2053 2780 ter-

410 2829 558 2881 ram,
592 2813 896 2884 Deumque
926 2813 1170 2867 adorare
1200 2811 1440 2881 fastidit,
1477 2815 1754 2882 cavetque
1799 2814 2053 2884 ornatui,

409 2919 482 2958 ne
511 2901 738 2958 scilicet
781 2900 962 2958 vestis
993 2917 1115 2956 suae
1162 2900 1321 2956 color
1350 2901 1710 2957 deformetur
1742 2919 1755 2956 :
1790 2903 1890 2973 qui
1921 2920 2054 2960 vero

410 2992 662 3050 amictus
692 2995 782 3048 est
827 3007 1018 3061 sacco,
1045 3007 1280 3047 omnem
1312 2990 1506 3046 locum
1543 2990 1653 3046 sibi
1685 2992 1755 3046 ad
1802 2992 2052 3049 adoran-

407 3081 548 3138 dum
580 3079 858 3137 idoneum
889 3096 1018 3136 esse
1047 3079 1227 3135 ducit.

481 3170 603 3225 132.
637 3170 812 3226 Vens.
843 3171 934 3224 25.
969 3171 1034 3224 Et
1081 3169 1242 3239 titius
1272 3172 1396 3223 tuus
1439 3169 1860 3241 pulcherrimus,
1892 3187 2051 3243 quem

406 3257 674 3328 dilexisti,
729 3258 918 3327 gladio
973 3232 1145 3313 cadet.
1181 3232 1518 3312 Praestiterit
1572 3258 1665 3326 iis,
1699 3259 1797 3331 qui
1847 3232 2048 3332 pravis
2079 3232 2122 3300 (ἶ

413 3345 680 3403 moribus
729 3351 928 3403 essent
973 3346 1355 3413 informandi,
1410 3347 1637 3418 praeripi
1689 3352 1873 3403 morte
1922 3353 2057 3404 ante

415 3433 870 3490 adolescentiam
903 3451 1082 3506 quam
1107 3434 1328 3489 diutius
1355 3434 1700 3491 educatione
1723 3435 1878 3492 mala
1904 3453 1936 3492 a
1953 3453 2056 3508 pa-

415 3523 684 3580 rentibus
712 3522 916 3578 imbui.
946 3522 1212 3578 Habebas
1242 3521 1422 3593 igitur
1451 3523 1658 3591 filium,
1687 3531 1789 3580 aut
1817 3543 2057 3598 corpore

414 3611 907 3685 pulcherrimum,
941 3617 1037 3666 aut
1086 3611 1186 3682 qui
1222 3612 1503 3666 maternis
1529 3611 1715 3668 oculis
1765 3612 1899 3669 talis
1930 3630 2058 3672 esse

408 3701 722 3759 videretur.
759 3701 862 3757 Hic
891 3701 950 3756 in
979 3700 1108 3772 ipsa
1129 3701 1438 3771 juventute
1470 3706 1528 3756 et
1580 3701 1638 3756 in
1689 3702 1876 3758 astatis
1917 3703 2058 3761 ﬂore

412 3791 791 3850 morietur.Et
812 3790 948 3846 hinc
971 3789 1194 3846 malum
1221 3794 1488 3862 augetur,
1506 3791 1660 3862 quod
1683 3809 2055 3865 nequaquam

411 3887 598 3940 morte
623 3886 829 3954 sponte
858 3878 1360 3953 proveniente,aut
1386 3880 1658 3949 naturali,
1683 3881 1784 3937 sed
1806 3882 2058 3940 violenta

408 3971 682 4029 sublatus
712 3987 743 4028 e
775 3969 964 4026 medio
1004 3973 1112 4038 est,
1147 3973 1344 4040 utpote
1377 3986 1479 4042 per
1507 3985 1750 4026 manum
1781 3970 2054 4028 hostilem

407 4061 601 4135 gladio
646 4059 965 4117 sauciatus.
999 4061 1062 4114 Et
1108 4061 1277 4130 fortes
1313 4061 1476 4114 vestri
1503 4060 1688 4128 gladio
1735 4061 1953 4117 cadent.
1986 4062 2056 4118 Et

409 4151 532 4208 hinc
565 4151 704 4206 dum
739 4149 1014 4221 patietur,
1036 4164 1105 4203 ne
1127 4147 1699 4218 ulciscendiquidem
1725 4149 1974 4206 facultas
2003 4151 2056 4206 ei

408 4237 854 4310 suppetet.Nam
888 4235 1092 4290 ulcisci
1124 4234 1700 4304 interfectos,eisque
1721 4236 1822 4304 qui
1846 4253 2053 4295 mcero-

410 4342 534 4382 rem
558 4323 900 4387 conficiunt,
933 4327 1088 4378 vices
1119 4323 1458 4393 rependere,
1479 4322 1536 4375 in
1573 4322 1743 4378 malis
1776 4323 2054 4382 solatium

408 4418 518 4469 est.
543 4416 619 4466 At
639 4427 712 4466 ne
733 4411 841 4465 hoc
864 4409 1102 4480 quidem
1131 4427 1308 4480 penes
1327 4416 1380 4464 te
1405 4409 1534 4463 erit.
1569 4410 1678 4476 Qui
1700 4412 1854 4467 enim
1889 4420 2054 4472 aetate

406 4498 908 4573 vigent,morituri
932 4502 1071 4553 sunt
1093 4498 1150 4551 in
1182 4496 1332 4551 bello
1355 4513 1579 4566 omnes,
1612 4500 1755 4555 adeo
1786 4507 1846 4557 ut
1881 4503 2053 4560 relin-

2163 575 2434 655 ὀσφραντὰ
2506 581 2816 655 περιεργίας
2894 579 2961 634 τὰ
3023 581 3169 656 παρὰ
3226 580 3382 658 φύσιν
3431 577 3793 649 έπιζητοῦσαι,

2157 666 2246 720 καὶ
2305 671 2412 721 τῶν
2467 667 2603 722 κατὰ
2657 667 2812 745 φύσιν
2864 667 3167 740 έξὲπιπτον·
3225 669 3327 724 οὐκ
3356 667 3796 745 ἀνεχόμεναιγάρ

2160 753 2414 810 ἀναπνεῖν
2461 753 2624 829 ψιλὸν
2672 756 2821 832 ἀέρα,
2881 755 3026 814 ἀλλά
3054 757 3247 833 μύροις
3302 757 3462 812 αὐτὸν
3494 777 3800 833 καταχρων-

2161 846 2311 896 νῦσαι
2359 843 2449 897 καὶ
2498 847 2850 919 θυμιάμασιν,
2912 845 3131 924 ὕστερον
3195 844 3319 902 οὖδὶ
3374 846 3605 922 καθαρὸν
3653 845 3796 920 ἀέρα,

2161 929 2307 985 ἀλλὰ
2361 938 2629 1007 κονιορτῷ
2657 939 2849 990 τοῦτον
2905 934 3348 1012 ἀναμεμιγμένον
3382 934 3652 990 ἀνέπνεον·
3712 933 3798 989 οὕ-

2162 1039 2270 1083 νως
2299 1018 2485 1090 ἐπειδὴ
2533 1026 2612 1094 τῷ
2661 1022 2720 1077 έκ
2758 1031 2861 1094 τῆς
2901 1023 3111 1102 φύσεως
3164 1024 3358 1098 κόσμῳ
3413 1029 3521 1079 τῶν
3575 1027 3800 1100 τριχῶν,

2164 1110 2221 1170 ὅς
2279 1109 2394 1163 ἀντὶ
2425 1105 2781 1186 περιϐολαίου
2821 1109 3034 1169 δέδοται
3083 1119 3200 1177 ταῖς
3253 1113 3513 1190 γυναιξὶν,
3565 1111 3664 1167 οὐκ
3713 1111 3802 1168 έπ-

2163 1197 2354 1270 έμενον
2386 1201 2484 1273 (5),
2529 1199 2676 1257 ἀλλὰ
2703 1199 3032 1275 ἐμπλοκίοις
3062 1203 3166 1264 τιςὶ
3215 1202 3313 1267 τὰς
3366 1201 3562 1277 τρίχας
3616 1221 3802 1278 συγκα-

2160 1286 2548 1357 ταπλέκουσαι,
2629 1295 2902 1367 φορτικῶς
2982 1290 3170 1353 ἑαυτὰς
3245 1289 3649 1359 έκαλλώπιζον,
3715 1291 3804 1345 καὶ

2161 1382 2256 1430 τοῦ
2313 1378 2448 1432 κατά
2512 1377 2667 1454 φύσιν
2722 1379 2931 1452 κόσμου
3006 1381 3444 1456 ἀπεστερήθησαν
3480 1422 3495 1449 ,
3561 1380 3651 1434 καὶ
3701 1378 3804 1454 ἒγέ-

2162 1488 2319 1520 νοντο
2376 1467 2683 1542 ἀωρότατον
2742 1471 2916 1543 θέαμα
2945 1469 2997 1524 ἂν
3050 1473 3117 1544 τῇ
3151 1465 3409 1543 ἀποϐολῇ
3439 1474 3546 1523 τῶν
3573 1474 3802 1545 τριχῶν,

2161 1555 2218 1617 δς
2278 1555 2479 1612 οἷκεῖος
2507 1556 2596 1611 καὶ
2652 1560 2910 1634 συγγενὴς
2963 1558 3168 1632 κόσμος
3203 1560 3345 1633 ,παρ’
3387 1557 3556 1628 αὐτῆς
3585 1566 3683 1628 τῆς
3715 1558 3807 1637 φύ-

2162 1664 2297 1705 σεως
2372 1650 2492 1709 ταῖς
2557 1647 2761 1720 γυναιξὶ
2824 1643 3238 1722 περιϐέϐληται.
3298 1647 3362 1704 Εἰ
3417 1647 3519 1723 γὰρ
3579 1647 3802 1723 αἷσχρὸν

2159 1732 2370 1808 γυναικὶ
2424 1734 2486 1788 τὸ
2532 1734 2807 1811 κείρασθαι
2870 1737 2946 1810 (6)
2987 1737 3022 1806 ἢ
3083 1737 3361 1812 ξυρᾶσθαι,
3417 1735 3572 1791 πόσὼ
3628 1733 3806 1808 δήπου

2161 1821 2400 1898 αἶ’σχιον,
2455 1822 2801 1900 φαλάκρωμα
2851 1820 3021 1900 ἔχειν,
3072 1827 3158 1880 ἐπὶ
3193 1826 3524 1905 συμφέροντι
3553 1826 3652 1895 τὴν
3681 1823 3808 1882 δυσ-

2164 1911 2398 1990 μορφίαν
2443 1911 2644 1989 ἐπάγον
2687 1919 2804 1977 ταῖς
2853 1919 3034 1976 κακῶς
3075 1915 3174 1983 τὴν
3223 1913 3367 1991 ὥραν
3423 1913 3804 1989 διαθεμέναις;

2161 2002 2309 2056 Ἀντί
2369 1999 2425 2057 δὲ
2471 2007 2568 2058 τοῦ
2625 2007 2860 2079 χίτῶνος
2913 2008 3010 2059 τοῦ
3066 2004 3491 2081 μεσοπορφόρου
3532 2007 3808 2081 περιζώσῃ

2163 2090 2380 2148 σάκκον,
2443 2092 2540 2146 Καὶ
2569 2096 2730 2148 τοῦτο
2785 2093 2872 2148 ἐπὶ
2926 2093 3254 2171 συμφέροντι
3279 2099 3386 2149 τῶν
3419 2095 3804 2168 ὠραϊζομένων

2162 2180 2469 2254 οἰκονομῶν
2517 2183 2544 2236 6
2599 2181 2794 2258 Κύριος
2839 2185 2938 2252 τὴν
2977 2179 3287 2257 μεταϐολὴν
3317 2183 3517 2255 ταύτην
3563 2185 3805 2260 γενέσθαι

2161 2271 2526 2344 προστάσσει.
2582 2272 2730 2327 Διότι
2786 2275 2820 2342 ἡ
2885 2273 2978 2346 μὶν
3036 2273 3306 2352 πορφυρὶς
3362 2269 3663 2350 ἁϐρότητος
3712 2275 3804 2328 καὶ

2162 2357 2478 2427 ἀλαζονείας
2545 2359 2683 2415 ἔστὶν
2717 2360 2964 2438 ἀφορμήο
3009 2363 3037 2416 6
3097 2360 3154 2417 δὲ
3211 2361 3406 2425 σάκκος
3466 2368 3806 2439 συντριμμοῦ

2163 2445 2251 2501 καὶ
2281 2447 2657 2510 ταπεινώσεώς
2714 2448 2855 2504 ἐστιν
2889 2448 3129 2524 ὶφόδιον.
3161 2450 3266 2506 Καὶ
3299 2451 3327 2506 ὀ
3362 2451 3455 2524 μὲν
3477 2453 3576 2521 τήν
3604 2449 3810 2527 ἁλουρ-

2161 2533 2287 2611 γίδα
2337 2537 2713 2613 περικείμενος
2744 2585 2760 2612 ,
2818 2544 2998 2594 πεσεῖν
3057 2539 3135 2602 εἴς
3191 2542 3292 2615 γῆν
3347 2540 3437 2594 καὶ
3493 2546 3814 2614 προσκυνεῖν

2162 2624 2253 2679 τὸν
2311 2625 2440 2680 Θεὸν
2497 2633 2794 2699 κατοκνεῖ,
2869 2625 3050 2706 φειδοῖ
3103 2633 3199 2684 τοῦ
3256 2628 3463 2703 κόσμου
3497 2675 3510 2700 ,
3586 2632 3663 2702 μή
3710 2637 3818 2702 τῆς

2163 2713 2389 2784 ἐσθῆτος
2444 2715 2508 2770 τὸ
2566 2711 2724 2781 ἄνθος
2782 2714 3211 2790 διαλυμήνηται·
3272 2719 3299 2772 6
3360 2716 3417 2774 δὶ
3472 2719 3563 2774 τὸν
3610 2721 3816 2776 σάκκον

2163 2805 2539 2877 περικείμενος
2571 2849 2584 2875 ,
2661 2805 2835 2861 πάντα
2902 2806 3070 2862 τόπον
3137 2805 3442 2879 ἐπιτήδειον
3501 2809 3674 2865 έαυτῶ
3731 2809 3815 2873 εἷς

2164 2892 2529 2967 προσκύνησιν
2561 2893 2786 2958 τίθεται.

2230 3164 2351 3220 432.
2416 3167 2515 3222 Καὶ
2565 3169 2594 3222 6
2646 3166 2764 3228 υἱός
2821 3185 2916 3219 σου
2975 3165 3002 3220 6
3049 3162 3364 3235 κάλλιστος,
3397 3165 3453 3222 δν
3486 3164 3811 3243 ἤγάπησας,

2166 3253 2416 3329 μαχαίρᾳ
2471 3260 2730 3313 πεσεῖται.
2785 3256 2914 3316 Τοῖς
2943 3251 2997 3308 ἐν
3027 3250 3180 3322 ἤθεσι
3217 3255 3527 3330 μοχθηροῖς
3559 3258 3634 3329 (7)
3668 3256 3812 3329 μέλ·-

2166 3341 2352 3397 λουσιν
2384 3343 2793 3422 ἀνατρέφεσθαε,
2829 3340 3266 3418 λυσιτελέστερον
3297 3341 3496 3416 πολλῷ
3523 3346 3812 3422 προαπελ-

2167 3435 2276 3494 θεῖν
2332 3438 2434 3501 τῆς
2466 3433 2665 3506 ἀκμῆς,
2716 3431 2751 3502 ἢ
2812 3429 2899 3486 ἐπὶ
2927 3429 3097 3487 πλέον
3145 3437 3244 3501 τῆς
3299 3439 3540 3507 πονηρᾶς
3569 3435 3677 3488 τών
3708 3456 3820 3510 γο-

2166 3520 2296 3576 νέων
2355 3520 2582 3596 ἀγωγῆς
2637 3518 3102 3595 ἀναπίμπλασθαι.
3162 3521 3286 3576 Υἱὸν
3339 3520 3430 3577 οὖν
3458 3516 3634 3599 ἔσχες,
3681 3521 3823 3592 ἤτοι

2165 3614 2246 3682 τῷ
2276 3610 2489 3683 σώματι
2521 3610 2839 3680 κάλλιστον,
2899 3609 2933 3678 ἢ
2991 3615 3109 3672 τοῖς
3173 3616 3460 3686 μητρικοῖς
3502 3611 3823 3690 ὀφθαλμοῖς

2164 3703 2410 3754 τοιοῦτον
2467 3701 2810 3778 φαινόμενον.
2871 3696 3044 3762 Οὗτος
3101 3698 3152 3754 έν
3212 3699 3348 3774 αὐτῇ
3395 3704 3466 3775 τῇ
3516 3701 3665 3775 ἀκμῇ
3722 3703 3825 3758 καὶ

2164 3792 2244 3860 τῷ
2293 3786 2436 3844 ἄνθει
2493 3795 2595 3859 τῆς
2645 3786 2868 3858 ἡλικίας
2924 3789 3256 3861 τεθνήξεται.
3319 3788 3418 3846 Καὶ
3475 3791 3509 3859 ἡ
3575 3788 3828 3854 ἐπίτασις

2165 3881 2260 3932 τοῦ
2307 3883 2498 3947 κακοῦ,
2550 3879 2619 3932 οὐ
2665 3878 2757 3932 τὸν
2803 3876 3132 3949 αὐτόματον,
3166 3874 3289 3932 οὐδὲ
3345 3879 3438 3933 τὸν
3470 3877 3529 3933 ἐκ
3556 3877 3653 3945 τῆς
3710 3880 3825 3958 φύ-

2167 3988 2300 4029 σεως
2357 3969 2603 4035 θάνατον,
2686 3965 2832 4022 ἀλλά
2907 3965 3098 4042 βιαίως
3156 3963 3216 4020 ἐκ
3269 3963 3539 4040 πολεμίας
3595 3970 3822 4044 χειρὸς,

2162 4057 2499 4132 τραυματίας
2562 4056 2824 4131 μαχαίρᾳ.
2887 4054 2984 4109 Καὶ
3045 4055 3097 4109 οἱ
3154 4054 3436 4130 ἰσχύοντες
3495 4057 3645 4130 ὑμῶν
3699 4080 3823 4131 μα-

2165 4143 2334 4221 χαίρᾳ
2403 4148 2714 4204 πεσοῦνται.
2793 4145 2898 4200 Καὶ
2965 4148 3131 4199 ταῦτα
3203 4149 3468 4215 παθοῦσα,
3522 4144 3650 4202 οὐδὲ
3705 4149 3824 4217 τὴν

2164 4236 2301 4310 πρὸς
2352 4235 2414 4289 τὸ
2473 4232 2772 4307 ἀμύνασθαι
2803 4230 3030 4306 δύναμιν
3085 4228 3206 4306 ἔξει.
3268 4234 3585 4309 Παραμυθία
3621 4236 3726 4310 γὰρ
3765 4236 3828 4292 ἰν

2163 4329 2349 4385 κακοῖς
2377 4323 2439 4378 τὸ
2488 4321 2754 4396 ἒπαμῦναι
2802 4326 2918 4383 τοῖς
2967 4321 3357 4397 ἀνῃρημένοις,
3404 4323 3640 4388 καὶτοῖς
3673 4321 3831 4390 ἴσοις

2163 4404 2635 4488 ἀντιπεριϐάλλειν
2683 4413 2760 4484 (8)
2816 4410 2946 4472 τοὺς
2996 4409 3395 4481 λελυπηκότας.
3441 4413 3539 4467 Σοὶ
3571 4410 3628 4467 δὲ
3687 4412 3833 4470 οὐδὲ

2160 4507 2321 4558 τοῦτο
2365 4500 2608 4576 ὑπάρξει.
2671 4499 2733 4552 Οἱ
2791 4499 2894 4575 γὰρ
2951 4497 3003 4554 ἐν
3058 4499 3251 4570 ἡλικίᾳ
3306 4499 3500 4564 πάντες
3557 4500 3836 4575 τελευτή-

410 4589 643 4662 quenda
667 4588 746 4644 sit
775 4590 915 4642 mtas
947 4585 1174 4641 inutilis
1216 4585 1337 4641 sola
1359 4591 1416 4641 et
1449 4586 1722 4658 imbellis,
1757 4607 1885 4662 quae
1914 4610 2048 4649 cum

2165 4613 2339 4647 σουσιν
2375 4590 2424 4643 έν
2481 4588 2736 4662 πολέμῳ,
2795 4587 2933 4643 ὥστε
2976 4589 3076 4657 τὴν
3128 4585 3407 4664 ἄχρηστον
3451 4588 3674 4659 ἡλικίαν
3716 4613 3829 4647 πι-

407 4676 622 4735 auxilio
653 4676 733 4732 sit
755 4675 1058 4741 destituta,
1077 4675 1148 4730 ad
1172 4675 1368 4734 omnia
1393 4675 1539 4732 mala
1561 4677 1864 4735 toleranda
1888 4683 2056 4738 valde

2165 4681 2546 4759 ριλειφθῆναι’
2624 4677 2660 4746 ἢ
2733 4674 2823 4732 διὰ
2884 4675 2945 4732 τό
3003 4671 3316 4748 ἀϐοήθητος
3369 4678 3524 4747 εἶναι,
3584 4678 3835 4744 εὔκολός

407 4765 920 4839 estexposita,quaa
933 4765 984 4820 ei
999 4765 1208 4822 inferre
1224 4766 1406 4820 visum
1423 4766 2052 4829 tuerithostibus.Veas.

405 4858 575 4914 26.E6
595 4855 1044 4912 humiliabuntur
1061 4860 1114 4910 et
1138 4855 1397 4924 lugebant
1417 4857 1587 4914 thecae
1604 4863 1833 4914 ornatus
1860 4863 2048 4919 vestri.

403 4945 606 5004 Tbecee
639 4946 763 5002 auri
797 4950 852 5002 et
873 4945 1118 5016 argenti,
1142 4946 1438 5017 vestisque
1459 4952 1815 5019 sumptuosa
1841 4957 1894 5006 et
1916 4967 2050 5022 pre-

477 5103 521 5138 7°
550 5102 572 5157 Ι
603 5103 732 5159 Cor.
763 5116 841 5167 xx,
877 5101 963 5156 15.
1040 5101 1083 5135 ⁷⁷
1111 5099 1254 5154 ibid.
1284 5103 1336 5155 6.

475 5273 550 5356 (5)
583 5269 825 5356 Antiqui
847 5267 1473 5356 ‘(i_u0‘libri,énépetvav.
1501 5272 1722 5356 Ibidem
1747 5274 1862 5356 duo
1884 5289 2052 5343 mss.,

405 5343 455 5400 tv
485 5342 765 5403 πλοκίοις.
797 5342 908 5396 Alii
957 5342 1073 5396 duo
1108 5357 1250 5396 mss.
1283 5358 1414 5397 cum
1463 5344 1634 5399 editis
1662 5345 1834 5400 unica
1886 5342 2043 5418 voce,

404 5413 753 5470 έυιπλοκίοις.
786 5414 952 5468 bene.

436 5429 753 5488 μπλοκιοις,
788 5429 952 5468 bene.

473 5490 551 5558 (6)
585 5489 724 5560 Reg.
758 5490 1024 5557 quartus,
1055 5481 1118 5560 to
1149 5480 1436 5560 κείρεσθαι.

759 5552 1025 5642 quartus,
1057 5552 1334 5642 αἰῖχροῖς·
1391 5557 1491 5611 sed
1524 5556 1583 5612 in
1615 5574 1716 5613 ora
1757 5556 1917 5614 illius
1948 5558 2041 5631 ip-

402 5626 1321 5712 είιέεξιιιπῑιθῖςίιυιενμοχεδῃ-ρεεῖςε

473 5702 551 5780 (8)
581 5692 817 5764 Veteres
845 5692 1272 5774 quidam'lib'ri,
1302 5692 1756 5776 ἀντιπεριεαλιῖν.

2161 4771 2273 4827 ἐστι
2302 4773 2377 4843 (9)
2421 4769 2593 4822 πάντα
2641 4768 2851 4835 παθεῖν,
2905 4767 3040 4839 ἅπερ
3094 4763 3154 4819 ἂν
3187 4763 3322 4840 δοκῇ
3352 4773 3468 4830 τοῖς
3493 4770 3831 4841 πολεμίοις,

2162 4860 2257 4918 Καὶ
2343 4857 2843 4926 ταπεινωθήσονται
2914 4854 3003 4909 καὶ
3082 4856 3434 4926 πενθήσουσιν
3510 4858 3565 4911 αἱ
3644 4860 3828 4929 θῆκαι

2157 4952 2254 5002 τοῦ
2305 4947 2514 5019 κόσμου
2556 4945 2728 5018 ὑμῶν.
2763 4943 2995 5020 Χρυσίου
3031 4943 3121 5000 καὶ
3152 4943 3411 5022 ἀργυρίου
3453 4946 3566 5021 (40)
3619 4947 3835 5018 θῆκαι,

2239 5275 2317 5343 (9)
2349 5273 2508 5330 Colb.
2542 5272 2861 5341 secundus,
2894 5265 3060 5326 ἔσται.

2225 5336 2771 5426 ('iQ).Sic_quinque
2819 5336 3236 5426 russus-tediti,
3265 5336 3472 5426 χρυσοιῖ
3519 5337 3610 5426 καὶ
3647 5338 3850 5416 ἀργύ-

2192 5434 2274 5471 ου.
2310 5417 2424 5472 Nec
2453 5413 2545 5472 ita
2565 5413 2754 5471 multo
2786 5417 2936 5485 post,
2960 5415 3060 5470 ubi
3091 5414 3150 5469 in
3183 5413 3414 5471 excusis
3440 5413 3847 5486 legitur,'1io-

2152 5434 2720 5540 ῗυτίιλωνωοιιὶοωω
2753 5486 3087 5540 invenimus
3110 5486 3170 5540 in
3202 5487 3464 5540 auinaue
3479 5485 3846 5540 codicibus.

2195 5486 3087 5560 uttutnv,scriptum_invenimus
3110 5486 3170 5541 in
3202 5485 3846 5560 quinquecOdicibus,

2157 5556 2497 5633 @apu‘rtpwu.
2549 5556 2660 5614 Sed
2693 5556 2945 5633 sipaulo
2968 5558 3198 5616 diversa
3217 5556 3315 5616 est
3361 5556 3680 5630 Scriptura,
3718 5574 3849 5617 ea.-

2151 5629 2282 5688 dein
2316 5629 2487 5705 plane
2516 5629 2812 5689 sententia
2841 5633 2951 5686 est.
