4130 6210
278 379 385 442 333

1113 379 1520 443 COMMENT.
1566 382 1641 443 ΙΝ
1690 380 1955 444 lSAlAM
1999 376 2504 442 PROPHETAM.
2553 381 2726 443 CAP.
2773 381 2873 444 ιν.

3571 387 3689 453 334

281 512 364 564 καὶ
396 511 626 579 ἐσθῆτος
674 509 1037 579 πολυτελοῦς,
1081 509 1171 566 καὶ
1231 508 1401 566 λίθων
1461 512 1798 587 βαρυτίμων,
1829 508 1932 572 ἕως

2048 511 2333 568 tiosorum
2362 513 2920 585 lapidum,quandiu
2954 515 3305 588 supellectili
3335 519 3590 590 pretiosa
3604 537 3691 578 re-

284 600 376 672 μὲν
430 599 492 652 ἃν
541 596 644 674 ἔχῃ
691 599 758 653 τὰ
807 599 1092 672 κειμήλια,
1143 598 1362 665 πολλῆς
1403 601 1642 671 ἀξιοῦται
1690 597 1930 669 σπουδῆς

277 688 363 742 καὶ
421 686 779 761 ἐπιμελείας·
814 688 864 743 ἐν
920 686 1092 750 οἷ’κοις
1147 688 1375 764 ὀχυροῖς
1428 688 1758 762 ἀποκείμενα
1816 692 1932 762 (11)

278 776 361 832 ἐπὶ
399 777 628 851 ὑψηλῶν
659 778 871 846 τόπων,
910 778 999 832 καὶ
1049 777 1278 853 μοχλοὶ,
1310 779 1399 832 καὶ
1436 777 1608 849 κλεῖς,
1641 777 1730 832 καὶ
1762 798 1930 855 σφρα-

277 863 443 940 γῖδες,
493 867 582 920 καὶ
642 863 900 942 φύλακες,
950 867 1038 921 καὶ
1095 866 1266 921 πάντα
1319 867 1387 921 τὰ
1439 867 1575 942 πρὸς
1633 865 1924 945 ἀσφάλειαν

273 955 359 1010 καὶ
413 953 662 1033 φυλακὴν
707 955 1096 1028 ἐπινοούμενα·
1141 953 1353 1011 ἐπειδὰν
1403 953 1461 1010 δὲ
1504 957 1632 1010 κενὰ
1672 961 1779 1010 τῶν
1824 977 1931 1010 κει-

276 1043 498 1117 μηλίων
533 1047 646 1118 (42)
678 1043 1005 1120 ἀποδειχθῇ,
1037 1044 1366 1119 ἠμελημένα
1394 1046 1482 1100 καὶ
1521 1044 1925 1121 παραρῥιπτού-

275 1155 408 1206 μενα
472 1139 801 1208 παρορᾶται.
859 1139 1033 1188 Ταῦτα
1096 1135 1186 1188 καὶ
1254 1137 1400 1207 ἡμᾶς
1473 1133 1774 1212 ὠφελείτω,
1843 1132 1924 1187 ὅτι

269 1222 469 1298 ψυχαὶ,
517 1225 573 1278 αἱ
635 1221 917 1295 δεξάμεναι
968 1228 1064 1278 τοῦ
1132 1223 1276 1286 θείου
1335 1221 1504 1298 λόγου
1547 1225 1646 1293 τήν
1698 1221 1926 1296 δωρεὰν,

269 1312 542 1382 ἀποθῆκαι
576 1312 835 1387 γεγόνασι
863 1317 972 1368 τῶν
996 1312 1194 1386 τιμίων
1219 1317 1316 1366 τοῦ
1359 1312 1410 1366 ἐν
1458 1318 1574 1374 τοῖς
1616 1312 1780 1376 θείοις
1829 1324 1926 1382 θη-

273 1407 495 1478 σαυροῖς
529 1401 849 1456 ἀποκεῖσθαι
881 1398 1040 1471 ἇίξιαι⁸
1075 1399 1286 1456 ἐπειδὰν
1321 1399 1378 1456 δὲ
1414 1399 1561 1456 κεναὶ
1602 1406 1710 1456 τῶν
1768 1402 1924 1455 θείων

270 1493 493 1565 κόσμων
545 1489 944 1568 ἆποδειχθῶσι,
972 1493 1470 1561 ταπεινωθήσονται
1517 1490 1923 1567 ἀπορριφεῖσαι,

270 1581 573 1656 ἀχρηστίαν
654 1584 1136 1657 καταγνωσθεῖσαι.
1227 1579 1324 1634 Διὰ
1407 1584 1568 1634 τοῦτο
1655 1579 1925 1654 ’Πχρειώ-

272 1682 334 1740 θη
398 1674 534 1742 (l3),
592 1671 780 1748 φησὶν,
814 1668 1100 1744 Ἰεχονίας,
1129 1669 1203 1731 ὡς
1264 1673 1475 1738 σκεῦος,
1533 1670 1594 1722 οὗ
1654 1669 1755 1723 οὐκ
1814 1666 1925 1722 ἔστι

271 1760 447 1836 χρεία.
507 1767 624 1816 Ἵνα
674 1758 766 1814 οὗν
832 1761 1076 1833 μὲνωμεν
1131 1757 1182 1813 ἐν
1240 1763 1358 1822 ταῖς
1433 1757 1742 1835 βασιλικαῖς
1789 1757 1924 1813 ἀπο-

271 1852 480 1920 θήκαις,
517 1849 594 1922 μή
649 1845 944 1925 προδῶμεν
993 1853 1110 1910 τοῖς
1158 1846 1418 1910 κλὲπταις
1466 1848 1559 1903 τὸν
1607 1843 1926 1919 πολυτίμη-

267 1959 358 1994 τον
395 1939 756 2015 μαργαρίτην,
784 1938 844 1993 ’ὸν
889 1935 1303 2012 ἐπιστεύθημεν.

1942 2204 2022 2218 αι*

770 2336 1172 2387 ΚΕΦΔΛΑΙΟΝ
1222 2338 1272 2385 A'
1311 2333 1355 2404 (ι
1372 2333 1443 2405 4).

345 2425 470 2480 133.
533 2422 642 2479 Καὶ
719 2421 1081 2494 ἐπιλήψονται
1139 2423 1273 2477 ἒπτᾶ
1331 2425 1577 2495 γυναῖκες
1647 2419 1935 2495 ἀνθρώπου

284 2513 416 2580 ἑνὸς,
493 2511 774 2586 λέγουσαι,
833 2511 934 2566 Τὸν
1003 2507 1162 2585 ἄρτον
1237 2513 1398 2583 ἡμῶν
1478 2509 1776 2585 φαγόμεθα,
1844 2508 1935 2563 καὶ

285 2601 350 2656 τὸ.
421 2603 619 2674 ἱμάτια
694 2603 856 2672 ἡμῶν
919 2595 1381 2673 περιϐαλούμεθα,
1439 2597 1585 2668 πλὴν
1642 2599 1704 2653 τὸ
1763 2594 1939 2671 ὄνομά

289 2711 380 2745 σου
454 2688 748 2760 κεκλήσθω
821 2688 900 2765 ίφ’
972 2691 1119 2761 ἡμᾶς
1155 2709 1167 2723 ο
1230 2686 1397 2765 ἄφελε
1463 2687 1553 2742 τὸν
1633 2683 1939 2760 ὀνειδισμὸν

286 2779 371 2854 ἀφ’
436 2783 624 2852 ἡμῶν.
675 2779 764 2839 Ὡς
833 2777 969 2852 πρὸς
1034 2777 1096 2831 τὸ
1174 2776 1362 2852 ῥητὸν,
1435 2775 1582 2830 δοκεῖ
1647 2775 1938 2851 ὀλιγότητα

285 2866 490 2942 ἀνδρῶν
526 2867 586 2923 ἐκ
633 2866 900 2938 πολέμων
946 2867 981 2936 ἢ
1029 2864 1200 2920 νόσων
1251 2865 1643 2941 ἐπιγενομὲνων
1694 2869 1773 2936 τῷ
1821 2863 1938 2936 λαῷ

283 2960 396 3010 κατ’
441 2956 616 3030 ὀργὴν
674 2959 772 3010 τοῦ
821 2959 954 3010 Θεοῦ
999 2955 1026 3008 6
1069 2953 1232 3031 λόγος
1271 2954 1575 3028 σημαίνειν,
1627 2953 1764 3008 ὥστε
1803 2953 1936 3027 ὐπὶρ

286 3050 379 3100 τοῦ
442 3047 520 3119 μὴ
574 3041 770 3121 ἄγονον
827 3045 957 3098 εἶναι
993 3041 1134 3117 μηδὶ
1173 3049 1407 3120 στεῖραν,
1441 3044 1574 3117 ἅπερ
1633 3042 1686 3097 ἐν
1734 3041 1941 3116 κατάρᾳ

287 3141 397 3196 τοῖς
446 3133 621 3190 πάλαι
674 3132 1008 3209 λελόγισται,
1041 3133 1364 3208 ἀπερυθριᾷν
1407 3133 1505 3195 τὰς
1546 3137 1801 3208 γυναῖκας
1848 3145 1938 3198 καὶ

288 3225 396 3286 ἑνὸς
448 3221 647 3293 ἀνδρὸς
694 3221 921 3286 πλείους
969 3216 1454 3294 ἐπιλαμϐάνεσθαι,
1481 3220 1569 3276 καὶ
1617 3222 1710 3276 τὸν
1752 3219 1840 3275 ἰπὶ
1868 3223 1937 3294 τῇ

286 3311 592 3387 προστασίᾳ
631 3311 904 3367 πλειόνων
953 3314 1223 3385 γυναικῶν
1257 3310 1436 3384 ἀγῶνα
1482 3309 1647 3364 αὐτοῦ
1693 3329 1938 3385 παραμυ-

291 3404 555 3475 θουμένας
607 3399 786 3476 λέγειν
820 3419 833 3432 ⁸
895 3400 998 3455 Τὸν
1052 3398 1211 3475 ἄρτον
1271 3401 1432 3473 ἡμῶν
1489 3395 1788 3476 φαγόμεθα,
1844 3398 1934 3453 καὶ

287 3492 350 3546 τὰ
380 3491 572 3563 ἷμάτια
603 3493 718 3562 (45)
755 3493 917 3562 ἡμῶν
949 3483 1413 3563 περιϐαλούμεθα.
1448 3488 1632 3565 Ἀφεὶς
1696 3487 1786 3542 οὖν
1839 3488 1938 3556 τὴν

291 3580 373 3635 ἐπὶ
418 3585 502 3652 τῷ
549 3582 810 3655 πορισμῷ
859 3577 1146 3652 ἀναγκαίαν
1209 3576 1496 3652 μέριμναν,
1528 3577 1590 3631 τὸ
1630 3572 1805 3648 ὄνομά
1836 3596 1931 3629 σου

288 3676 493 3743 χρῆσον
521 3671 659 3740 ἡμῖν
702 3667 778 3728 εἰς
804 3667 867 3721 τὸ
900 3664 1177 3743 διαφυγεῖν
1209 3668 1358 3738 ἡμᾶς
1399 3667 1492 3720 τὸν
1539 3665 1623 3720 ἰπὶ
1672 3669 1742 3738 τῇ
1797 3664 1930 3741 ἔρη-

293 3759 381 3831 μίᾳ
406 3755 747 3830 ὀνειδισμόν.
777 3757 850 3810 Τὸ
883 3757 976 3828 μὲν
1010 3757 1144 3810 κατὰ
1193 3753 1359 3825 λίξιν,
1387 3759 1572 3809 τοῦτο’
1602 3757 1636 3823 ἡ
1689 3751 1745 3808 δὲ
1796 3753 1927 3808 ὑπό-

286 3869 402 3902 νοια
449 3847 544 3902 καὶ
603 3845 692 3901 ἐπὶ
749 3844 1008 3918 μειζόνων
1088 3841 1303 3918 ἔρευναν
1357 3849 1710 3919 προκαλεῖται
1768 3845 1930 3914 ἡμῶν

285 3937 367 3990 τὸν
396 3937 666 3997 νοῦν.⁶Ως
697 3932 787 3988 οὗν
838 3932 890 3988 ἐν
934 3933 1089 4005 τόπῳ
1146 3929 1508 4005 δυσθεωρήτῳ
1557 3931 1647 3987 καὶ
1694 3929 1839 3986 πολὺ
1867 3931 1930 3986 τὸ

288 4022 705 4097 ἰπεσκιασμένον
757 4022 817 4078 ἐκ
861 4029 960 4092 τῆς
1003 4021 1258 4100 ἀσαφείας
1320 4019 1526 4097 ἔχοντι,
1574 4020 1799 4091 τοιαύτη
1849 4041 1930 4082 τις

290 4115 415 4186 ἡμῖν
443 4113 712 4187 περὶτῶν
771 4112 906 4166 ἑπτὰ
957 4115 1226 4186 γυναικῶν
1267 4106 1444 4165 ἔννοια
1501 4109 1814 4180 ὑποπίπτει,
1847 4108 1930 4163 ὅτι

290 4202 582 4278 πολλαχοῦ
612 4201 702 4255 καὶ
736 4201 764 4255 6
797 4201 916 4277 βίος
945 4199 1102 4261 οὗτος
1133 4199 1222 4254 καὶ
1255 4200 1284 4253 6
1330 4198 1465 4254 κατὰ
1513 4200 1686 4274 σάρκα
1715 4196 1930 4273 Ἰσραὴλ

291 4289 368 4345 ἐπὶ
423 4295 527 4345 τοῦ
560 4291 673 4362 (16)
707 4288 839 4343 ἑπτὰ
891 4283 1371 4362 λαμϐάνονται.⁹0
1429 4288 1522 4360 μὲν
1581 4287 1704 4362 περὶ
1757 4288 1826 4341 τὰ
1879 4284 1932 4341 ἐν

292 4382 485 4454 γενέσει
546 4379 845 4453 πράγματα
897 4374 1118 4453 χρόνος,
1171 4374 1310 4431 διότι
1362 4376 1468 4431 ἀπὸ
1529 4376 1662 4430 ἑπτὰ
1713 4377 1936 4449 ἡμερῶν

291 4467 778 4539 ἄνακυκλουμίνων
836 4465 1164 4540 πληροῦται.
1223 4466 1385 4523 ’Όθεν
1436 4463 1525 4519 καὶ
1575 4465 1603 4519 6
1647 4463 1780 4537 μετὰ
1832 4465 1932 4534 τὴν

289 4560 606 4614 κατάστασιν
647 4555 848 4626 ταύτην
893 4555 1049 4626 αἰὼν,
1084 4552 1249 4630 ὀγδόη
1303 4552 1513 4630 εἷ’ρηται
1565 4552 1617 4608 ἐν
1674 4552 1744 4628 τῇ
1794 4559 1935 4628 Γρα-

351 4745 395 4780 τε
421 4745 648 4800 Jerem.
679 4758 819 4810 nn,
848 4741 940 4798 28.
1014 4740 1062 4776 ⁷⁵
1090 4740 1262 4797 Deut.
1294 4755 1394 4806 vn,
1430 4739 1516 4795 14.

353 4928 466 4998 (Η)
500 4925 738 4998 Antiqui
771 4925 1032 4998 quinque
1059 4921 1218 4992 libri,
1256 4919 1631 4998 ἀποκείμεναι.
1656 4919 1811 4998 Editi
1839 4936 1936 4998 sq-

294 4987 737 5068 Ιὶ,“ἀτέοκείμενα.
771 4987 1084 5068 ᾸΙὶᾳιίᾶῐιίο
1127 4987 1263 5068 post,
1305 4987 1475 5068 editi,
1519 4991 1594 5055 ὡς
1646 4987 1938 5068 ἠμελημέ-

290 5063 368 5136 να,
401 5063 595 5136 recte,
616 5073 680 5122 ut
710 5063 1145 5140 nobis'quiderri
1175 5067 1423 5140 videtur.
1445 5063 1730 5140 Putemus
1761 5063 1940 5140 igitur

291 5129 404 5213 bsic
426 5143 510 5213 ita
533 5129 912 5213 intelligenda
925 5129 1078 5213 esse,
1096 5138 1264 5210 quasi
1283 5137 1566 5213 scriptum
1595 5129 1941 5213 fuisset,_'éwc

294 5211 382 5284 μὲν
414 5210 478 5266 ἂν
510 5215 677 5265 ταῦτα
708 5206 1157 5286 τῖράγματᾳῖχῇ,
1191 5214 1324 5286 etc.,
1353 5206 1600 5286 quandiu
1649 5223 1738 5286 res
1784 5207 1935 5286 ejus:

288 5278 435 5340 inedi
494 5278 796 5356 pretiosam
835 5278 1259 5356 supellectilem,
1291 5278 1746 5356 includunt,_etc.
1778 5278 1937 5356 Quod

292 5374 418 5412 cum
453 5347 571 5411 non
605 5347 1138 5412 animadverterent
1175 5347 1423 5421 librarii,
1456 5369 1559 5420 pro
1589 5347 1940 5421 ’ἀποκείμενα

291 5430 678 5508 scripserunt,
737 5426 1128 5508 dnoxsiuevat,_
1164 5429 1249 5508 ut.
1282 5441 1391 5508 vpx
1456 5422 1806 5508 dnouslpevat
1848 5421 1937 5504 cad

286 5495 481 5556 vocem
513 5495 678 5568 θῆκαι
705 5501 908 5558 referri
935 5495 1157 5573 posset.
1188 5500 1259 5552 At
1303 5497 1512 5553 Socula
1541 5495 1614 5556 ὡς
1653 5495 1711 5551 in
1761 5495 1938 5566 quin-

295 5588 402 5645 que
430 5588 576 5628 mss.
613 5573 799 5628 deest.

341 5645 468 5722 _’l‘2)
497 5645 592 5722 S_ic
622 5644 810 5700 nostri
854 5641 989 5722 libri
1043 5642 1289 5696 veteres.
1311 5637 1472 5722 _lj3diti
1518 5654 1674 5706 vero,
1701 5639 1810 5692 τῶν
1853 5653 1936 5689 τι·

297 5713 433 5785 μίων
450 5713 717 5792 κόσμων,
743 5714 997 5790 pretiosi:
1025 5713 1390 5772 ornamentis.

2041 601 2498 674 plentur,studio
2532 603 2718 658 multo
2749 608 2924 675 atque
2955 606 3258 678 diligentia
3287 614 3686 678 asservantur,

2040 695 2519 763 seponunturque
2549 692 2606 746 in
2641 691 2784 748 tutis
2817 694 3028 749 :sdiurn
3059 695 3328 766 partibus
3348 701 3405 752 et
3427 696 3486 752 in
3509 699 3690 754 excel-

2040 781 2122 836 sis
2152 780 2316 836 locis.
2348 783 2537 851 Atque
2571 780 2929 837 adhibentur
2956 788 3172 852 vectes,
3203 783 3416 854 claves,
3466 787 3684 859 sigilla,

2038 870 2333 935 custodes,
2389 886 2452 924 ac
2486 870 2717 925 landem
2750 871 2966 938 omnia,
3000 889 3124 942 quae
3155 873 3226 928 ad
3274 875 3575 932 munimen
3631 880 3691 933 et

2036 960 2341 1014 custodem
2361 962 2498 1013 sunt
2517 961 2858 1031 excogitata.
2888 961 2997 1016 Sed
3019 967 3330 1032 postquam
3351 981 3539 1036 capsae
3559 964 3687 1022 ista:

2037 1047 2386 1119 supellectili
2418 1053 2557 1102 sunt
2585 1048 2910 1112 exinanitaa,
2935 1050 3059 1120 jam
3093 1050 3367 1122 neglecta:
3394 1058 3452 1108 et
3473 1054 3684 1110 dereli-

2037 1141 2162 1205 etas,
2197 1137 2555 1208 contemptui
2587 1137 2901 1194 habentur.
2944 1143 3073 1194 Haec
3105 1144 3161 1194 et
3187 1142 3355 1196 nobis
3402 1142 3630 1214 prosint
3665 1161 3679 1199 :

2036 1225 2254 1298 quippe
2284 1243 2361 1280 ea:
2393 1226 2756 1297 animaque
2787 1227 2948 1284 verbi
2979 1228 3159 1283 divini
3193 1230 3409 1285 donum
3443 1248 3680 1304 accepe-

2036 1319 2195 1384 runt,
2227 1315 2616 1386 pretiosarum
2645 1332 2840 1370 rerum
2875 1316 3038 1372 facta:
3069 1322 3207 1372 sunt
3236 1319 3551 1390 apothecas,
3593 1322 3682 1377 di-

2036 1421 2162 1477 gnes
2196 1404 2398 1474 utique
2430 1420 2556 1474 quae
2588 1404 2645 1458 in
2679 1404 2890 1460 divinis
2924 1405 3218 1462 thesauris
3270 1412 3680 1478 recondantur,

2035 1494 2178 1548 Cum
2213 1498 2406 1548 autem
2439 1493 2816 1564 deprehensae
2847 1494 3064 1550 fuerint
3085 1495 3297 1552 divinis
3319 1500 3683 1555 ornamentis

2034 1599 2248 1650 vacuae,
2283 1581 2755 1637 humiliabuntur
2785 1588 2982 1654 utpote
3008 1585 3332 1657 abjectas,et
3360 1587 3431 1642 de
3456 1587 3685 1642 inutili-

2035 1676 2154 1727 tate
2181 1672 2490 1726 damnatas.
2525 1672 2665 1726 Eam
2694 1672 2767 1727 ob
2797 1689 2920 1728 rem
2952 1674 3199 1739 Inutilis,
3248 1673 3460 1746 inquit,
3509 1678 3688 1747 factu:

2035 1764 2112 1817 est
2140 1760 2447 1830 Jechom'as,
2479 1763 2624 1817 sicut
2655 1777 2776 1832 vas,
2805 1764 2962 1835 cujus
2991 1764 3183 1820 nulla:
3209 1772 3287 1820 est
3310 1781 3442 1821 usus
3470 1766 3535 1821 ⁷⁸.
3569 1770 3682 1823 Ita-

2036 1867 2148 1923 que
2179 1854 2245 1906 ut
2275 1867 2621 1906 maneamus
2639 1851 2692 1906 id
2714 1851 3009 1924 regalibus
3041 1853 3684 1926 apothecis,preliosam

2032 1937 2184 1993 hanc
2241 1937 2622 2010 margaritam
2679 1938 2851 1996 nobis
2900 1941 3298 1999 concreditam
3349 1943 3580 2002 furibus
3611 1960 3685 2003 ne

2029 2027 2370 2099 prodamus.

2687 2334 2923 2391 CAPUT
2956 2335 3048 2390 IV.

2117 2421 2239 2477 133.
2273 2421 2451 2477 Vens.
2491 2425 2538 2478 1.
2583 2425 2645 2479 Ει
2701 2424 3116 2495 apprehendent
3170 2434 3376 2498 septem
3431 2428 3698 2485 muliere:

2045 2508 2320 2567 hominem
2352 2528 2540 2579 unum,
2571 2512 2810 2569 dicentes
2842 2529 2855 2568 :
2887 2519 3104 2571 Panem
3132 2524 3378 2571 nostrum
3399 2516 3697 2574 manduca-

2047 2599 2246 2666 bt'mus,
2264 2609 2316 2656 et
2344 2603 2678 2657 vestimentis
2705 2604 2905 2658 nostris
2932 2605 3242 2674 apteremur
3274 2621 3287 2658 :
3314 2613 3568 2660 ceterum
3595 2622 3695 2661 no-

2043 2704 2168 2743 men
2224 2697 2380 2744 tuum
2435 2695 2654 2746 vocetur
2707 2707 2875 2758 super
2924 2707 3024 2747 nos
3057 2694 3255 2762 :au/‘er
3282 2694 3635 2764 opprobrium
3661 2711 3696 2749 a

2044 2777 2316 2832 nobt:.Ad
2350 2777 2602 2833 litteram
2634 2779 2788 2849 quod
2821 2779 3050 2845 attinet,
3079 2780 3232 2834 472
3263 2779 3557 2835 sententia
3584 2779 3695 2836 ist-

2047 2865 2167 2920 hmc
2197 2866 2454 2921 virorum
2485 2866 2840 2938 paucitatem
2871 2882 3000 2938 quae
3033 2865 3095 2921 in
3133 2866 3349 2938 populo
3380 2882 3450 2922 ex
3505 2867 3698 2939 bellis,

2046 2959 2146 3009 aut
2177 2955 2399 3010 morbis
2425 2956 2496 3011 ob
2533 2955 2628 3011 Dei
2660 2955 2808 3010 iram
2841 2955 3185 3027 contigerat,
3216 2956 3447 3012 videtur
3465 2955 3690 3028 signiti-

2047 3058 2198 3098 care.
2235 3044 2436 3114 Itaque
2468 3060 2540 3098 ne
2571 3060 2686 3114 qua
2738 3043 3055 3099 infecunda
3123 3050 3225 3100 aut
3255 3043 3474 3101 sterilis
3516 3049 3694 3114 esset,

2048 3131 2204 3202 quod
2264 3137 2584 3203 utrumque
2641 3132 2796 3204 apud
2852 3137 3077 3188 veteres
3110 3132 3420 3190 maledicto
3452 3133 3562 3189 fuit
3590 3134 3692 3189 ob-

2050 3219 2288 3274 noxium
2320 3219 2670 3290 7’,rnulieres
2701 3219 2899 3292 plures
2929 3220 3090 3276 omni
3121 3221 3342 3293 pudore
3371 3221 3562 3294 posito
3589 3238 3693 3293 ap-

2049 3309 2419 3380 prehendunt
2447 3309 2636 3364 virum
2668 3325 2875 3376 unum,
2907 3315 3081 3381 atque
3125 3309 3455 3367 molestiam
3512 3327 3692 3382 quam

1966 3383 2008 3467 C
2047 3398 2097 3453 ei
2119 3396 2264 3453 illud
2289 3398 2347 3453 in
2372 3397 2568 3470 plures
2590 3398 2866 3454 mulieres
2887 3399 3150 3471 regimen
3174 3399 3447 3455 exhibere
3468 3399 3693 3471 potuis-

2048 3491 2156 3557 set,
2191 3485 2462 3542 solaturae
2494 3487 2698 3544 dicunt
2731 3504 2744 3542 :
2777 3493 2988 3544 Panem
3032 3496 3277 3544 nostrum
3322 3488 3694 3546 manducabi-

2041 3581 2243 3642 mus,et
2271 3578 2609 3632 vestimentis
2638 3578 2846 3633 nostris
2875 3577 3296 3650 aperientur-Es
3324 3577 3503 3649 igitur
3532 3578 3692 3634 solli-

2041 3663 2301 3720 citudine
2323 3681 2448 3736 quae
2474 3665 2544 3719 ad
2569 3670 2850 3734 quaestum
2878 3665 3209 3720 faciendum
3233 3666 3562 3722 necessaria
3582 3671 3692 3753 est,

2039 3753 2259 3808 omissa
2284 3769 2493 3808 nomen
2517 3757 2686 3808 tuum
2711 3753 2880 3810 nobis
2911 3755 3242 3824 commoda,
3260 3760 3324 3809 ut
3355 3754 3694 3812 solitudinis

2038 3847 2252 3898 nostrae
2288 3842 2565 3913 probrum
2590 3842 2940 3913 effugiemus
2961 3847 3018 3898 et
3038 3842 3450 3898 dedecus.Hzec
3470 3848 3558 3898 est
3584 3843 3697 3902 uti-

2037 3946 2152 4002 que
2183 3930 2380 3985 nativa
2406 3934 2462 3986 et
2481 3931 2720 4001 propria
2745 3931 3054 3986 verborum
3069 3931 3419 4002 signiﬁcatio
3443 3948 3456 3986 :
3482 3947 3693 3989 sensus

2040 4025 2237 4077 autem
2261 4020 2550 4090 figuratus
2571 4019 2641 4074 ad
2667 4020 2892 4089 majora
2910 4019 3582 4090 investigandamentem
3596 4035 3695 4076 no-

2039 4118 2221 4166 stram
2254 4107 3000 4174 invitat.Quemadmodum
3031 4107 3217 4179 igitur
3245 4107 3295 4163 si
3325 4123 3695 4164 versaremur

2037 4197 2098 4254 in
2130 4197 2254 4254 loco
2287 4213 2460 4268 quem
2491 4196 2826 4269 conspicere
2855 4196 2948 4251 vix
2967 4197 3186 4269 possis,
3213 4211 3502 4268 quemque
3531 4203 3694 4253 tene-

2039 4286 2157 4341 bras
2181 4285 2375 4341 multas
2397 4287 2664 4357 operiant
2682 4285 2753 4341 ob
2781 4285 3227 4354 obscuritatem;
3261 4284 3484 4357 aliquid
3534 4286 3693 4355 eius-

2042 4375 2199 4430 modi
2229 4375 2299 4430 de
2331 4373 2421 4429 his
2442 4379 2666 4446 septem
2685 4373 3034 4430 mulieribus
3053 4374 3694 4446 cogitamue,nimirum

2042 4463 2194 4535 quod
2228 4466 2285 4518 et
2313 4463 2428 4516 vita
2460 4463 2600 4533 haec,
2632 4466 2689 4518 et
2714 4462 2767 4518 is
2798 4463 2899 4534 qui
2930 4463 3255 4519 secundum
3308 4478 3544 4519 carnem
3604 4467 3698 4520 est

2042 4550 2219 4608 Israel
2259 4567 2361 4622 per
2391 4551 2790 4623 septenarium
2820 4567 3135 4607 numerum
3166 4550 3509 4622 plerumque
3540 4551 3694 4608 desi-

2144 4916 2234 4989 l3)
2261 4916 2430 4988 Apud
2459 4915 2618 4991 μΧΧ,
2652 4933 2756 4988 pro
2803 4913 3089 4991 ἠχρειώθη
3141 4914 3356 4991 legitur
3406 4914 3693 4991 ἠτιμώθη,

2049 4987 2430 5044 ἰηὴοηοναιιω.
2465 4987 2685 5044 Ibidem
2718 4987 2899 5043 vetus
2934 4987 3266 5044 Combeﬁsii
3323 4987 3517 5045 codex'
3558 4987 3694 5046 cum

2050 5060 2184 5115 aliis
2213 5061 2425 5128 tribus,
2460 5063 2646 5121 σκεῦος
2689 5058 2770 5113 οὗ.
2806 5058 2966 5115 Alter
3021 5065 3081 5116 et
3135 5059 3299 5130 editi,
3349 5063 3535 5122 σκεῦος
3595 5061 3693 5131 ὧν,

2049 5136 2339 5202 corrupte.

2121 5200 2240 5273 (14)’
2264 5201 2497 5286 Titulus
2552 5201 2752 5258 nullus
2812 5201 2872 5290 i‘n
2928 5200 3489 5290 msspositu‘svest.
3523 5202 3691 5290 Ilaud

2048 5271 2220 5398 longe
2249 5274 2509 5347 quinque
2559 5272 2840 5342 mss.,xal
2897 5272 2966 5327 τὰ
3019 5271 3234 5345 ἱμάτια.
3268 5273 3441 5343 Editi,
3485 5272 3573 5327 καὶ
3629 5271 3693 5326 τὸ

2075 5364 2288 5398 ματιον.

2119 5364 2288 5399 ατιον.

2075 5366 2369 5488 μῗῗὲῗνίίἰο
2390 5420 2611 5473 veteres
2640 5418 2756 5472 duo
2801 5415 2932 5488 libri
2975 5431 3203 5488 rursus,
3234 5412 3327 5468 καὶ
3356 5413 3418 5468 τὸ
3447 5415 3689 5487 ἱμάτιον.

2047 5485 2255 5543 Statim
2288 5488 2453 5562 editi,
2483 5492 2741 5561 πορισμῷ
2769 5491 2875 5541 τῶν
2909 5485 3230 5562 ἀναγκαίων.
3266 5491 3341 5541 At
3370 5485 3695 5558 mss.quin-

2049 5575 2163 5632 que
2195 5565 2259 5616 ut
2287 5561 2344 5632 in
2379 5565 2668 5616 contextu.

2084 5626 2232 5716 146)
2265 5631 2422 5702 Libri
2456 5633 2741 5704 quinque
2795 5627 3043 5700 antiqui,
3077 5625 3165 5686 tul
3221 5630 3339 5684 τοῦ.
3400 5627 3573 5700 Editi,
3603 5625 3692 5685 ὶπὶ

2047 5719 2155 5758 των
2164 5742 2179 5760 ο
