4130 6210
470 309 586 371 335
1419 308 1816 368 ΑΡΡΕΝΒΙΧ
1859 308 2120 370 OPERU

2238 309 2296 369 S.
2341 308 2626 370 BASILII
2670 309 2938 371 MAGNI.
3774 304 3902 366 336

471 446 1004 516 gnentur.Tempus
1025 443 1263 514 quidem
1287 442 1345 496 in
1364 443 1540 498 rebus
1555 441 1722 496 initio
1747 441 2016 497 creandis
2039 441 2120 496 in-

2238 443 2333 516 φῇ.
2367 438 2456 493 καὶ
2509 435 2722 512 ψαλμοὶ
2782 438 2914 511 ὑπὲρ
2975 443 3074 508 τῆς
3132 434 3356 512 ὀγδόης⁹
3415 435 3534 490 ἀντὶ
3581 438 3700 508 τοῦ,
3759 436 3895 512 ὑπὲρ

473 536 775 604 sumptum
799 531 1332 603 signiﬁcatur,quia
1357 536 1598 603 septena
1629 530 1854 585 dierum
1887 547 2120 586 conver-

2238 533 2330 583 τοῦ
2365 527 2497 601 μετὰ
2525 529 2617 583 τὸν
2647 527 2847 604 χρόνον
2878 531 3070 582 τοῦτον
3105 527 3322 588 αἰῶνος.
3355 523 3658 602 Πολλαχοῦ
3713 521 3771 580 δὲ
3800 525 3893 579 καὶ

473 621 639 677 siono
671 638 736 676 ac
767 621 1110 677 circuitione
1142 620 1472 693 completur
1499 621 1564 677 ⁸ο.
1603 619 1761 674 Unde
1797 624 1854 675 et
1903 620 2120 675 aeterni-

2238 619 2287 672 οἱ
2319 617 2370 673 ἐν
2402 622 2481 690 τῷ
2527 622 2744 693 φανερῷ
2776 615 3054 685 Ἰουδαῖοι,
3086 616 3177 671 καὶ
3228 618 3262 686 ἡ
3306 614 3442 670 κατὰ
3488 614 3686 678 αὐτοὺς
3726 611 3895 670 πολι-

475 713 566 766 tas
598 715 814 767 statum
847 711 1002 767 hunc
1047 716 1340 779 secutura,
1391 710 1451 764 in
1501 709 1800 780 Scriptura
1850 708 2005 765 dicta
2035 715 2120 766 est

2238 707 2352 763 τεία
2413 706 2500 762 ἐπὶ
2558 712 2655 762 τοῦ
2712 706 2846 761 ἒπτά
2900 701 3295 780 λαμϐάνονται.
3328 705 3429 767 Δὸς
3484 701 3695 780 μερίδα,
3730 703 3886 778 φησὶ,

478 799 695 856 Octava.
729 800 875 856 Hinc
902 800 1115 872 psalmi
1147 816 1250 870 pro
1281 802 1470 854 octava
1500 799 1572 866 ⁸¹,
1621 798 1680 853 id
1712 804 1822 866 est,
1857 815 1962 870 pro
2019 815 2120 854 saa-

2238 802 2348 860 τοῖς
2387 796 2540 870 ἔπτὰ,
2571 796 2660 850 καί
2706 818 2766 870 γε
2822 801 2940 859 τοῖς
2995 797 3166 850 ὀκτώ⁶
3207 796 3280 857 ὡς
3334 794 3425 849 καὶ
3483 800 3582 864 τῆς
3643 792 3888 856 Παλαιᾶς

475 889 606 946 culo
636 890 773 948 huic
804 890 1052 961 tempori
1087 906 1456 945 successuro.
1490 891 1598 944 Sed
1631 894 1687 944 et
1717 889 1818 960 qui
1851 889 1908 943 in
1943 888 2120 945 mani-

2238 888 2509 956 Διαθήκης
2545 884 2876 964 ὀφειλούσης
2906 879 3091 940 λαϐεῖν
3124 905 3244 940 τινα
3296 885 3590 959 μαρτυρίαν
3638 882 3745 938 ἀπὸ
3793 887 3890 939 τοῦ

475 979 620 1034 festo
650 979 987 1034 suntJudwi
1018 979 1150 1045 8{et
1179 980 1443 1050 ipsorum
1470 978 1729 1050 regimen
1753 995 1905 1050 saepe
1938 979 2008 1033 de
2031 993 2120 1033 se-

2238 981 2366 1031 Θεοῦ
2396 976 2572 1045 ἥκειν,
2605 977 2693 1031 καὶ
2742 983 2843 1045 τῆς
2903 977 3124 1048 Καινῆς,
3155 975 3244 1029 καὶ
3291 974 3370 1037 εἷς
3422 975 3547 1048 μίαν
3607 971 3892 1044 ἀλλήλαις

471 1067 736 1138 ptenario
769 1084 1013 1122 numero
1047 1067 1437 1139 accipiuntur.
1489 1069 1585 1133 Da,
1642 1067 1858 1139 inquit,
1903 1071 2120 1138 partem

2238 1063 2409 1129 ἐλθεῖν
2444 1066 2779 1142 συμφωνίαν.
2815 1066 2884 1120 Αἱ
2919 1065 3009 1119 οὗν
3061 1063 3193 1119 ἔπτὰ
3243 1069 3515 1140 γυναῖκες,
3547 1066 3582 1134 ἠ
3641 1065 3888 1135 Διαθήκη

470 1157 603 1226 ipsis
629 1165 849 1227 septem,
883 1165 932 1211 et
961 1157 1183 1226 quidem
1213 1159 1348 1225 ipsis
1379 1167 1494 1213 octo
1524 1158 1742 1211 ‘3.Nam
1775 1157 2120 1211 Testamen-

2238 1158 2265 1223 ἡ
2300 1153 2532 1210 ΙΙαλαιά·
2592 1153 2920 1227 ἐπιλήψεται
2979 1154 3268 1229 ἀνθρώπου
3327 1153 3464 1222 ἑνὸς,
3509 1156 3604 1206 τοῦ
3665 1153 3888 1226 Κυρίου,

470 1249 618 1310 tum,
651 1250 780 1300 tum
815 1249 1148 1317 Vetus,tum
1168 1247 1827 1316 Novum,testimonium
1861 1247 2120 1317 accipere

2238 1243 2289 1304 ὃς
2323 1243 2450 1318 οὐχὶ
2483 1245 2560 1305 εἷς
2591 1247 2698 1298 τῶν
2732 1241 2961 1297 πολλῶν
2996 1242 3159 1310 ἐστιν,
3195 1241 3414 1303 ἀλλἐἷς
3443 1241 3575 1296 ἐστι’
3611 1239 3891 1318 λέγουσαι,

470 1333 704 1404 debent,
740 1335 898 1406 quod
931 1336 1171 1391 veniant
1203 1352 1235 1390 a
1263 1337 1708 1406 Deo,unamque
1741 1339 2007 1390 mutuam
2029 1353 2120 1391 so-

2238 1333 2315 1385 δτι
2366 1333 2465 1386 Τὸν
2523 1333 2682 1406 ἄρτον
2749 1333 2910 1404 ἡμῶν
2966 1331 3270 1409 φαγόμεθα,
3321 1331 3562 1386 τουτέστι
3626 1335 3896 1404 μενοῦμεν

469 1422 736 1479 cietatem
769 1425 971 1479 ineant
1000 1441 1066 1480 ac
1098 1424 1704 1496 concordiam.ltaque
1736 1425 2013 1481 mulieres
2037 1443 2120 1482 se-

2238 1423 2344 1495 147)
2381 1420 2468 1476 ἐπὶ
2495 1425 2591 1476 τοῦ
2621 1421 2896 1496 ἡμετέρου
2946 1421 3144 1496 μέτρου
3193 1422 3292 1488 τῆς
3353 1419 3719 1482 ὑποστάσεως.
3757 1420 3895 1475 Σκιᾶ

471 1515 630 1582 ptem
653 1512 1008 1568 adumbrant
1031 1517 1212 1570 Vetus
1234 1514 2120 1586 Testamentum.Apprehendet

2238 1511 2332 1586 γὰρ
2366 1509 2597 1583 ἐσόμεθα
2653 1514 2761 1565 τῶν
2817 1507 3156 1583 μελλόντων,
3183 1509 3271 1564 καὶ
3316 1507 3516 1573 εἰκόνες
3560 1513 3670 1565 τῶν
3725 1508 3891 1565 ἦπου-

473 1599 772 1657 hominem
809 1619 1015 1668 unum,
1049 1603 1388 1672 Dominum,
1429 1604 1532 1675 qui
1565 1619 1679 1659 non
1730 1621 1884 1660 unus
1937 1608 2026 1659 est
2053 1619 2120 1659 ex

2238 1599 2450 1675 ρανίων.
2486 1599 2661 1656 Μόνον
2714 1600 2777 1654 τὸ
2830 1600 2926 1655 τοῦ
2978 1601 3214 1674 Χριστοῦ
3241 1595 3417 1671 ὄνομα
3451 1597 3741 1668 κεκλήσθω
3773 1601 3893 1673 (48)

473 1688 806 1761 multis,sed
834 1697 1030 1748 tamen
1063 1709 1218 1748 unus
1245 1697 1354 1748 est.
1385 1692 1618 1762 Dicunt,
1638 1695 1844 1749 Panem
1872 1702 2120 1748 nostrum

2238 1691 2297 1762 τῇ
2331 1687 2564 1759 Παλαιᾷ,
2593 1685 2682 1743 ’ίνα
2713 1689 2740 1743 ὁ
2767 1685 3078 1761 ὀνειδισμὸς
3107 1694 3208 1757 τῆς
3252 1685 3560 1763 ἀχρηστίας
3591 1687 3886 1763 ἀφαιρεθῇ,

467 1779 958 1848 comedemus,hoc
988 1783 1166 1851 est,in
1195 1786 1395 1838 nostro
1427 1782 1768 1838 substantiae
1802 1783 1974 1838 modo
2002 1799 2120 1838 ma-

2238 1777 2456 1833 Δύναται
2514 1775 2571 1832 δὲ
2624 1777 2720 1832 κπὶ
2771 1780 2806 1847 ἡ
2865 1777 3162 1852 συναιωγή
3212 1774 3460 1850 Ἰσραὴλ,
3517 1775 3892 1840 ἀποθανόντος

472 1868 764 1924 nebimus.
799 1869 1024 1925 Etenim
1056 1871 1389 1926 futurorum
1424 1871 1644 1927 erimus
1669 1872 1879 1927 umbra
1909 1872 1972 1938 8‘,
2006 1888 2118 1927 cce-

2238 1872 2324 1922 τοῦ
2371 1867 2545 1940 νόμου
2603 1866 2656 1921 ἐν
2706 1867 2750 1939 ᾧ
2796 1837 3120 1942 κατείχετο,
3153 1837 3414 1940 έλευὸέρα
3442 1837 3709 1940 ῖγενομένη
3746 1837 3885 1940 (19),

2227 1957 2362 2032 πρὸς
2391 1957 2452 2010 τὸ
2485 1955 2529 2028 ᾧ
2581 1955 2726 2019 θέλει
2773 1960 3103 2030 γαμηθεῖσα,
3140 1955 3215 2026 μή
3269 1954 3629 2030 χρηματίζειν
3677 1975 3886 2030 μοιχα-

465 2046 542 2102 sti
570 2046 630 2102 in
659 2047 854 2103 Veteri
870 2048 1337 2118 Testamento,ut
1365 2049 1704 2105 inutilitatis
1735 2049 2116 2121 opprobrium

2238 2047 2334 2116 λὶς,
2366 2049 2444 2116 τῷ
2475 2045 2697 2118 νυμφίῳ
2731 2045 2888 2119 Λόγῳ
2918 2040 3321 2118 προσελθοῦσα,
3354 2041 3443 2096 καὶ
3489 2043 3656 2098 οἱονεὶ
3689 2041 3884 2117 ἐρωτι-

466 2135 784 2192 auferatur.
817 2137 930 2193 Sed
963 2143 1018 2192 et
1046 2137 1282 2194 Israelis
1313 2155 1630 2212 synagoga,
1648 2157 1715 2195 ea
1747 2157 1862 2210 qua
1893 2139 2114 2194 detine-

2238 2137 2335 2195 u'bc
2367 2131 2706 2207 ἀντεχομένη
2741 2133 2928 2204 αὐτοῦ,
2957 2129 3158 2206 λέγειν·
3191 2131 3266 2188 Τὸ
3307 2126 3483 2204 ὄνομά
3531 2152 3630 2187 σου
3675 2131 3887 2204 κεκλή-

465 2224 643 2280 batur
669 2224 795 2298 lege
823 2226 1140 2294 destructa,
1170 2228 1292 2297 jam
1334 2228 1516 2283 libera
1547 2230 1719 2294 facta,
1767 2234 1823 2282 et
1852 2227 1946 2283 cui
1980 2227 2117 2282 velit

2238 2234 2337 2284 σθω
2368 2221 2450 2297 ἐφ’
2475 2224 2509 2290 ἡ
2521 2226 2647 2295 μᾶς.

467 2319 652 2384 nupta
679 2315 744 2383 ⁸⁸,
777 2320 969 2386 potest
997 2317 1187 2372 vocari
1221 2334 1336 2372 non
1366 2317 1631 2373 adultera
1662 2316 1726 2383 ⁸⁵,
1759 2317 1993 2373 tametsi
2023 2315 2095 2371 ad
2128 2329 2408 2386 sponsum
2441 2313 2697 2368 Verbum
2729 2312 2972 2383 accedit,
3006 2312 3176 2385 eique
3206 2310 3383 2368 veluti
3439 2312 3689 2368 amatori
3719 2329 3889 2369 com-

468 2401 641 2474 plexu
688 2403 1090 2462 adharescens
1117 2406 1269 2462 valet
1297 2406 1490 2462 dicere
1523 2425 1534 2462 :
1569 2407 1773 2462 Nomen
1807 2416 1962 2462 tuum
1995 2407 2203 2461 vocetur
2235 2419 2400 2474 super
2423 2417 2540 2458 nos.

468 1955 701 2013 lestium
711 1975 824 2030 que
838 1959 1406 2031 imagines.Vocetur
1419 1961 1704 2016 duntaxat
1719 1977 1930 2016 nomen
1953 1961 2115 2016 Chri-

543 2492 666 2547 134.
698 2492 925 2549 Dictum
958 2499 1154 2550 autem
1203 2499 1293 2551 est
1321 2513 1355 2550 a
1403 2495 1783 2568 quihusdam,
1839 2496 2115 2551 mulieres

470 2584 698 2652 septem
729 2585 951 2653 septem
982 2599 1112 2639 esse
1142 2583 1403 2655 spiritus,
1437 2600 1585 2654 quos
1615 2583 1789 2656 paulo
1815 2589 1946 2656 post
1973 2601 2115 2640 enu-

470 2675 802 2726 meraturus
827 2675 917 2727 est
945 2671 1042 2727 ille
1071 2671 1197 2742 ipse
1229 2671 1529 2743 propheta,
1576 2678 1859 2745 tanquam
1893 2675 2116 2746 requie-

469 2761 637 2814 turos
667 2774 844 2830 super
869 2775 1022 2829 eum,
1055 2759 1155 2830 qui
1187 2776 1256 2816 ex
1286 2761 1479 2816 radice
1519 2762 1686 2817 Jesse
1715 2779 1817 2818 ceu
1853 2763 1960 2818 ﬂos
1991 2767 2116 2818 erat

467 2848 1670 2921 orupturus:spiritum,inquam,sapientiae
1685 2856 1742 2907 et
1760 2851 2112 2920 intellectus,

465 2935 740 3008 Spiritum
765 2937 993 2992 consilii
1011 2943 1067 2992 et
1084 2937 1748 3011 fortitudinis,spiritum
1776 2941 2031 2996 scientiae
2057 2946 2116 2996 et

465 3024 1003 3097 pietatis,spiritum
1025 3026 1254 3081 timoris
1275 3027 1376 3082 Dei
1405 3028 1581 3092 33.Qui
1607 3029 1845 3100 quidem
1869 3030 2113 3101 spiritus

469 3117 776 3185 prOpterea
789 3114 942 3184 quod
959 3114 1556 3182 declinarentomues,
1581 3117 1877 3188 simulque
1912 3118 2116 3173 ﬁerent

469 3198 708 3256 inutiles
736 3200 800 3266 ⁸³,
834 3217 938 3257 nec
969 3201 1250 3258 haberent
1273 3203 1331 3257 in
1354 3221 1468 3275 quo
1499 3211 1766 3261 amanter
1794 3206 2116 3277 requiesce-

474 3293 622 3357 rent,
658 3289 1108 3360 apprehendunt
1153 3291 1387 3346 Domini
1419 3293 1738 3362 hominem,
1793 3312 1858 3352 ac
1890 3312 1957 3352 ea
1987 3312 2116 3367 quae

477 3379 618 3432 sunt
647 3375 883 3447 scripta,
916 3376 1336 3448 implent.Nam
1368 3381 1617 3451 spiritus
1641 3382 1896 3438 scientias
1928 3388 1983 3439 et
2007 3383 2122 3456 pie-
2155 3382 2170 3392 ”

478 3463 616 3520 tatis
646 3469 893 3533 vacat,et
923 3465 1146 3522 otiosus
1179 3472 1376 3522 manet
1404 3473 1530 3524 tum
1578 3487 1710 3525 cum
1744 3489 1857 3527 non
1889 3478 1979 3528 est
2021 3473 2120 3542 qui

483 3553 793 3627 intelligat,
829 3555 982 3609 473
1033 3560 1136 3610 aut
1178 3557 1446 3626 exquirat
1493 3558 1676 3614 Deum
1709 3562 1771 3616 ⁸ο.
1824 3566 2012 3632 Atque
2060 3562 2120 3618 id

477 3642 793 3699 virtutibus
825 3644 995 3715 quasi
1025 3645 1237 3716 probro
1268 3649 1357 3702 est
1403 3653 1460 3703 et
1489 3649 1780 3720 dedecori,
1826 3652 2119 3710 neminem

477 3732 717 3805 reperiri
752 3733 851 3804 qui
877 3750 977 3788 eas
1008 3734 1416 3806 amplectatur,
1450 3739 1551 3793 sed
1601 3756 1722 3808 eas,
1755 3741 1954 3798 anima
1993 3759 2120 3815 qua:

475 3820 636 3893 ipsas
681 3821 964 3893 suscipiat
1011 3823 1336 3893 deﬁciente,
1384 3844 1513 3883 esse
1565 3832 1843 3901 tanquam
1891 3831 2118 3888 viduas.

475 3911 622 3975 Quia
649 3910 803 3966 enim
837 3928 946 3968 sua
965 3911 1230 3984 ipsarum
1251 3915 1689 3986 pulchritudine
1705 3936 1911 3992 capere
1935 3922 2121 3977 nemi-

476 4016 612 4055 nem
645 4005 912 4072 possunt,
958 4002 1057 4056 sed
1085 4011 1428 4074 permanent
1463 4007 1515 4061 in
1551 4007 2122 4081 soliludine,perhoc

479 4092 537 4144 et
567 4088 815 4145 virtutes
846 4089 985 4161 ipsae
1020 4091 1188 4162 quasi
1221 4096 1535 4166 perstringi
1569 4097 1982 4163 videntur.Qui
2013 4117 2119 4154 au-

480 4180 598 4234 tem
631 4178 690 4232 in
723 4177 928 4248 seipso
952 4195 1124 4235 omne
1153 4181 1385 4237 virtutis
1403 4200 1588 4252 genus
1609 4202 1839 4241 summe
1864 4193 1920 4242 et
1942 4190 2121 4259 perfe-

477 4265 738 4321 ctissime
766 4269 889 4320 erat
920 4267 1455 4330 demonstraturus.
1488 4269 1538 4324 is
1569 4274 1759 4327 aufert
1801 4274 1872 4329 ab
1904 4274 1988 4329 eis
2018 4293 2118 4348 op-

477 4355 788 4426 probrium
821 4361 879 4410 et
905 4355 1389 4426 ignominiam.Et
1411 4363 1691 4431 quoniam
1725 4364 1797 4418 ab
1826 4363 1896 4419 iis
1917 4365 2120 4422 etiam.

476 4444 577 4515 qui
612 4444 793 4498 Deum
843 4445 1215 4516 ignorabant,
1271 4447 1597 4516 scientiam,
1649 4451 2120 4526 intelligentiam,

473 4531 811 4604 consilium,
844 4533 1271 4603 fortitudinem,
1305 4538 1677 4608 sapientiam,
1728 4544 2120 4616 pietatemque

475 4621 657 4680 excoli
687 4627 1054 4694 compertum
1085 4628 1198 4695 est,
1221 4628 1524 4697 postulant
1552 4631 1770 4687 Christi
1797 4650 2005 4690 nomen
2025 4652 2122 4692 su-
2154 4620 2202 4684 D

474 4729 578 4785 per
599 4727 659 4768 se
691 4712 968 4767 invocari.

545 4801 668 4857 135.
706 4804 880 4856 Vens.
929 4802 984 4858 2.
1030 4802 1093 4856 In
1141 4802 1231 4858 die
1276 4810 1464 4862 autem
1514 4809 1614 4864 illa
1660 4812 1989 4881 splendescat
2017 4815 2120 4871 Do-

474 4882 665 4936 minus
695 4882 754 4936 in
783 4882 1010 4937 consilio
1040 4898 1163 4937 cum
1192 4884 1374 4952 gloria
1402 4904 1565 4961 super
1612 4893 1844 4962 terram,
1880 4897 1938 4948 ut
1965 4896 2120 4951 exal-

2299 2491 2421 2547 434.
2456 2487 2686 2566 Εἴρηται
2747 2487 2803 2545 δέ
2854 2511 3018 2558 τισιν,
3054 2491 3136 2544 ὅτι
3167 2490 3222 2543 αἱ
3254 2489 3388 2545 ἔπτὰ
3443 2494 3696 2565 γυναῖκες
3752 2490 3892 2546 ἑπτὰ

2223 2578 2505 2653 πνεύματά
2537 2578 2696 2650 εἷ’σιν,
2729 2578 2762 2632 ἃ
2795 2579 2987 2653 μικρὸν
3019 2578 3236 2648 ὕστερον
3271 2580 3299 2634 ὁ
3331 2577 3488 2640 αὐτὸς
3533 2579 3690 2642 οὗτος
3739 2600 3888 2653 προ-

2225 2671 2403 2746 φήτης
2479 2669 2926 2741 καταριθμεῖσθαι
3015 2666 3230 2740 μέλλει,
3291 2668 3365 2729 ὡς
3424 2666 3886 2742 ἐπαναπαυόμενα

2223 2756 2310 2812 ἐπὶ
2369 2757 2459 2812 τὸν
2520 2755 2579 2811 ἐκ
2631 2763 2731 2826 τῆς
2791 2756 2946 2832 ῥίζης
2978 2757 3168 2813 Ἰεσσαὶ
3223 2755 3527 2827 έξανθήσειν
3582 2755 3882 2830 μέλλονταο

2221 2851 2435 2919 πνεῦμα
2491 2845 2679 2922 σοφίας
2737 2847 2824 2901 καὶ
2883 2847 3165 2918 συνέσεως,
3223 2849 3436 2918 πνεῦμα
3495 2843 3704 2921 βουλῆς
3783 2848 3879 2903 καὶ

2225 2935 2437 3010 ἰσχύος,
2469 2939 2682 3008 πνεῦμα
2722 2935 2974 3010 γνώσεως
3018 2935 3106 2988 καὶ
3165 2929 3455 3004 εὐσεϐείας,
3504 2939 3717 3008 πνεῦμα
3773 2937 3880 3003 φό-

2223 3018 2322 3078 ϐου
2371 3027 2542 3079 Θεοῦ·
2594 3024 2728 3099 ἅπερ
2787 3020 2875 3078 διὰ
2928 3023 2990 3077 τὸ
3045 3024 3247 3085 πάντας
3299 3021 3565 3092 ἐκκλῖναι,
3612 3023 3703 3078 καὶ
3761 3025 3884 3099 ἅμα

2223 3112 2621 3187 ἀχρειωθῆναι,
2675 3113 2776 3168 οὐκ
2831 3110 3030 3187 ἔχοντα
3073 3113 3118 3184 ᾧ
3166 3111 3594 3168 έπαναπαύσεται
3651 3113 3887 3188 ἀγαπη-

2224 3206 2357 3272 τῶς,
2386 3205 2487 3256 τοῦ
2518 3202 2652 3256 κατὰ
2679 3202 2772 3258 τὸν
2804 3201 3008 3274 Κύριον
3059 3201 3348 3277 ἀνθρώπου
3398 3195 3696 3276 λαϐόμενα,
3727 3209 3890 3258 ποιεῖ

2228 3290 2296 3344 τὰ
2330 3291 2803 3366 ἀΛαγεγραμμένα.
2839 3291 3027 3365 Ἀργεῖ
3057 3290 3157 3366 γὰρ
3211 3291 3274 3346 τὸ
3332 3293 3547 3365 πνεῦμα
3583 3298 3685 3361 τῆς
3731 3293 3886 3366 γνώ-

2231 3397 2364 3440 σεως
2417 3379 2505 3434 καὶ
2554 3385 2654 3448 τῆς
2700 3373 2970 3441 εὐσεϐείας
3029 3379 3082 3436 ἰν
3141 3385 3379 3455 καιροῖς,
3411 3380 3500 3435 ὅτε
3529 3380 3634 3436 οὐκ
3687 3375 3793 3436 ἔστιν
3857 3382 3888 3438 ὁ

2231 3467 2450 3540 συνιὼν,
2485 3467 2586 3522 οὐκ
2641 3466 2782 3524 ἔστιν
2841 3469 2868 3523 ὁ
2928 3466 3167 3538 ἐκζητῶν
3225 3469 3316 3523 τὸν
3376 3467 3654 3524 Θεόνοκαὶ
3712 3467 3892 3526 οἱονεὶ

2231 3552 2438 3618 ὄνειδός
2491 3557 2602 3612 ἐστι
2656 3562 2774 3619 ταῖς
2829 3557 3044 3633 ἀρεταῖς
3095 3544 3159 3612 τὸ
3209 3554 3416 3631 μηδένα
3446 3557 3578 3613 εἶναι
3609 3559 3702 3613 τὸν
3759 3557 3892 3614 ἀντ-

2232 3644 2494 3720 εχόμενον
2542 3645 2742 3713 αὐτῶν,
2774 3642 2902 3700 ἀλλ’
2955 3644 3121 3700 οἱονεὶ
3152 3645 3409 3721 χηρεύειν
3462 3647 3628 3709 αὐτὰς
3681 3646 3894 3724 ἀπορίᾳ

2228 3741 2329 3804 τῆς
2362 3731 2776 3810 ὕποδεχομένης
2825 3734 2988 3797 αὐτὰς
3018 3737 3224 3811 ψυχῆς.
3256 3735 3326 3790 Τὸ
3374 3735 3476 3811 γὰρ
3537 3733 3743 3809 μηδένα
3798 3734 3892 3792 δυ-

2230 3828 2455 3897 νηθῆναι
2503 3825 2647 3883 ἑλεῖν
2703 3831 2784 3898 τῷ
2825 3826 3013 3899 οἰκείῳ
3038 3825 3254 3900 κάλλει,
3287 3825 3412 3883 ἀλλ’
3436 3826 3788 3902 έναπομεῖναι
3820 3833 3891 3902 τῇ

2231 3913 2454 3990 ἐρημίᾳ,
2503 3915 2684 3990 ὥσπερ
2739 3915 2829 3969 καὶ
2872 3919 2980 3970 τῶν
3047 3916 3251 3990 ἀρετῶν
3304 3913 3454 3971 δοκεῖ
3499 3916 3890 3980 καθάπτεσθαι.

2230 4004 2290 4059 Ὁ
2323 4001 2378 4058 δὲ
2405 4002 2456 4057 ἐν
2493 4004 2666 4075 ἑαυτῷ
2701 4006 2809 4076 (20)
2835 4009 2939 4058 πᾶν
2973 4001 3113 4068 εἶδος
3142 4003 3338 4080 ἀρετῆς
3386 4006 3525 4061 κατᾶ
3571 4007 3670 4076 τὴν
3724 4007 3894 4080 ἄκραν

2228 4089 2509 4146 τελείωσιν
2561 4089 2922 4146 ἐπιδεικνύναι
2985 4091 3228 4166 μέλλων,
3261 4093 3483 4171 ἀφαιρεῖ
3537 4096 3629 4151 τὸν
3691 4093 3893 4150 ὀνειδιο

2232 4181 2366 4253 σμὸν
2401 4181 2491 4234 ἀπ’
2522 4181 2723 4237 αὐτῶν.
2752 4182 2854 4237 Καὶ
2897 4179 3086 4251 ἐπειδὴ
3145 4182 3236 4236 καὶ
3298 4183 3444 4260 παρὰ
3493 4189 3608 4246 τοῖς
3657 4184 3892 4260 ἀγνοοῦ-

2231 4291 2282 4324 σι
2337 4273 2428 4324 τὸν
2507 4271 2634 4325 Θεὸν
2725 4267 2974 4325 δοκοῦσιν
3053 4269 3465 4342 ἐπιτηδεύεσθαι
3517 4278 3740 4346 γνῶσις,
3801 4272 3899 4328 καὶ

2233 4358 2438 4420 σύνεσις
2474 4403 2490 4430 ,
2543 4360 2634 4413 καὶ
2693 4357 2911 4434 βουλὴ,
2970 4360 3060 4416 καὶ
3120 4360 3324 4438 ἰσχὺς,
3385 4361 3476 4416 καὶ
3535 4360 3699 4439 σοφία
3731 4407 3744 4432 ,
3803 4362 3900 4416 καὶ

2231 4442 2492 4519 εὐσέϐεια,
2553 4447 2759 4518 ἀξιοῦσι
2813 4449 2876 4505 τὸ
2933 4453 3170 4524 Χριστοῦ
3247 4446 3423 4524 ὄνομα
3496 4449 3897 4520 ἐπικεκλῆσθαι

2234 4558 2443 4599 αυταις.

2303 4808 2426 4864 435.
2487 4808 2572 4878 Τῇ
2629 4803 2686 4861 δὶ
2749 4807 2932 4882 ἡμέρᾳ
2997 4806 3169 4882 ἰκείνῃ
3247 4804 3549 4882 ἐπιλάμψει
3606 4807 3633 4861 ὁ
3695 4807 3910 4883 Κύριος

2231 4893 2283 4949 ἐν
2347 4893 2523 4969 βουλῇ
2600 4895 2733 4967 μετὰ
2802 4891 2963 4966 δόξης
3039 4895 3128 4950 ἐπὶ
3181 4903 3284 4967 τῆς
3336 4902 3463 4973 γῆς,
3520 4899 3618 4951 τοῦ
3679 4896 3909 4970 ὑψῶσαι

477 4973 553 5027 εει
579 4978 633 5026 et
662 4967 943 5040 glori/ioci
966 4970 1104 5042 quod
1132 4972 1457 5031 derelictum
1480 4983 1558 5032 cst
1596 4995 1667 5035 ea:
1693 4981 1883 5037 In'ael.
1919 4985 2120 5040 lethaeo

2238 4967 2508 5058 καὶν(21)η
2562 4979 2779 5054 δοξάσαι
2865 4983 2927 5038 τὸ
3013 4967 3364 5062 καταλειφθὲν
3447 4967 3548 5041 τοῦ
3630 4967 3848 5062 Ισραήλ
3892 5031 3912 5047 .

544 5076 589 5112 ⁸ο
618 5074 760 5150 Gen.
795 5092 859 5142 ιι,
889 5077 942 5129 2.
1042 5076 1087 5150 f“
1122 5076 1272 5134 Psal.
1310 5098 1384 5136 v1.
1423 5083 1470 5149 1,
1505 5087 1561 5138 et
1590 5103 1666 5150 ιι,
1699 5088 1754 5142 1.

1839 5090 1884 5166 θξ
1912 5093 2077 5145 Rom.
2107 5110 2120 5166 ‘1

2238 5093 2343 5166 :78.”
2376 5093 2436 5166 _°3
2465 5091 2650 5148 Eccle.
2684 5108 2766 5162 ιι,
2793 5092 2850 5146 2.
2925 5091 2973 5126 ⁸⁸
3001 5090 3218 5150 Coloss.
3256 5110 3320 5165 ιι,
3355 5095 3442 5151 17.
3519 5094 3564 5130 ⁸⁸
3597 5095 3616 5151 Ι
3650 5095 3914 5166 Comm,

468 5148 557 5203 39.
633 5146 678 5183 ⁸⁸
707 5147 873 5203 Rom.
899 5162 999 5214 vn,
1033 5148 1086 5202 3.
1164 5151 1206 5184 ⁸⁷
1245 5153 1352 5208 [3a.
1381 5146 1466 5222 x1,
1491 5157 1609 5210 2-3.
1659 5146 1729 5193 ⁷⁸⁸
1759 5160 1910 5215 Psal.
1944 5178 2067 5229 xm,
2101 5146 2181 5218 3.,
2233 5146 2552 5221 “ibidié.

538 5258 660 5382 <£17)
694 5261 929 5346 Veteres
979 5262 1117 5342 tres.
1155 5258 1323 5328 libri,
1389 5262 1636 5334 μένομεν.
1697 5269 1900 5324 Statim
1963 5272 2126 5343 editi,

575 5339 708 5382 μεθα
738 5348 827 5382 και
857 5347 1024 5382 τυπος
1054 5347 1183 5382 των.
1221 5337 1291 5382 At
1345 5333 1621 5382 illlld_‘/_ai
1674 5337 1842 5382 τόπον
1898 5342 1954 5382 in
2020 5361 2126 5382 nn-

478 5326 708 5406 ἒσόμεθα
738 5328 827 5382 καὶ
857 5326 1024 5406 τύπος
1054 5332 1183 5406 τῶν.
1221 5326 1317 5406 Δρ
1345 5326 1621 5406 ἱΙῙυό,’καὶ
1674 5337 1863 5406 τύπος,
1898 5326 1984 5396 in?
2020 5326 2130 5400 no:

479 5403 631 5476 stris
648 5418 790 5476 mss.
817 5417 936 5476 non
970 5401 1203 5476 legitur,
1237 5404 1308 5476 ob
1341 5405 1516 5476 idque
1547 5408 1801 5466 deletum
1835 5401 1945 5469 est.

699 5473 1085 5556 antiqui'dpo
1116 5472 1272 5543 libri,
1313 5472 1624 5548 κυκλήσθω.
1651 5481 1763 5537 Alii
1822 5489 1940 5541 tres
1990 5503 2123 5543 cum

478 5541 674 5613 editis,
709 5541 968 5611 ἐπικεκλή
977 5544 1106 5599 σθω.

554 5616 662 5690 (49)
692 5616 869 5689 Editi,
899 5616 1186 5693 γινομένη.
1217 5619 1291 5678 At
1337 5638 1482 5684 mss.
1517 5624 1797 5698 quinque.
1833 5625 2120 5705 γενομένη.

2308 5276 2421 5360 (2οξ
2452 5274 2695 5360 Ap‘tiqui
2753 5273 3016 5360 quinque
3071 5273 3228 5360 libri,
3261 5273 3456 5360 ἑαυτῷ.
3489 5274 3664 5345 Editi,
3694 5272 3850 5360 αὐτῷ
3893 5297 3910 5360 ς

2238 5361 2364 5421 quae
2391 5347 2462 5402 de
2493 5346 2723 5421 Christo
2753 5346 3003 5421 Domino
3043 5346 3386 5421 accipienda
3411 5346 3587 5419 esse,
3618 5349 3792 5419 satis,
3823 5346 3914 5406 Vni

2236 5417 2424 5491 fallor,
2453 5436 2491 5491 7a
2523 5419 2730 5491 quovis
2761 5417 3131 5491 intelligitur.

2304 5488 2602 5614 ἔξυέἷιὲῐιί
2649 5495 2707 5547 et
2763 5490 2902 5562 Reg.
2930 5488 3162 5562 tertius,
3192 5490 3282 5546 καὶ
3337 5493 3460 5549 ros.-
3492 5488 3606 5548 Alii
3634 5494 3913 5564 quatuor

2232 5576 2403 5631 mss.,
2435 5576 2542 5617 και.
