4130 6210
246 394 337 454 337
1065 388 1392 452 COMMEN
1398 389 1472 450 Τ.
1514 388 1595 448 IN
1639 387 1846 448 ISAIA

1965 387 2430 448 PROPHETAM
2443 433 2456 447 .
2506 389 2676 449 CAP.
2725 389 2828 452 1V.

3508 393 3624 456 338

249 519 447 594 Συνᾷδει
473 525 638 578 ταῦτα
663 525 787 585 τοῖς
835 517 1394 596 προαποδεδομίνοις.
1428 519 1506 576 Οὔ
1534 521 1637 595 γὰρ
1665 516 1853 574 ἐπελά-

1976 536 2106 575 cum
2132 520 2206 576 iis
2227 537 2354 592 quae
2369 522 2641 595 superius
2664 523 2879 579 tradita
2901 526 3062 591 sunt,
3087 523 3424 582 concinunt.
3439 528 3620 590 Quem

243 607 384 669 ϐοντο
408 613 462 666 αἱ
491 611 623 666 ἔπτὰ
651 615 898 688 γυναῖκες
929 612 1004 676 ὡς
1058 613 1169 686 (22)
1220 607 1436 686 ἀνδρὸς,
1470 609 1629 670 οὗτος
1655 607 1731 672 ὡς
1762 605 1866 662 Κύ-

241 723 342 774 ριος
386 699 700 776 ἐπιλάμψει.
758 698 978 771 Ἐπειδή
1035 700 1135 776 γὰρ
1195 700 1624 770 ἀντεποιήθησαν
1679 698 1865 753 τοῦτὸ

238 791 393 865 ὄνομα
419 790 578 846 αὐτοῦ
605 788 903 861 κεκλῆσθαι
939 790 1020 846 ἐπ’
1073 790 1281 859 αὐταῖς,
1327 783 1738 864 ἀποδεχόμενος
1765 789 1863 841 αύ-

234 885 328 936 τῶν
380 881 474 949 τὴν
528 880 838 955 προθυμίαν
916 880 944 934 6
1003 879 1154 947 Θεὸς,
1218 877 1516 951 ἰπιλάμψει
1576 877 1761 939 αὐταῖς
1811 875 1862 930 ἐν

239 967 396 1045 βουλῇ
430 969 562 1041 μετὰ
592 965 756 1040 δόξης
789 967 873 1023 ἐπὶ
903 974 1006 1039 τῆς
1059 975 1183 1044 γῆς·
1233 967 1501 1036 τουτέστι,
1533 965 1865 1040 κεκριμένως

232 1059 312 1114 καὶ
341 1052 798 1134 βεϐουλευμένως,
847 1057 908 1112 τὸ
963 1057 1024 1112 ἐκ
1078 1063 1178 1127 τῆς
1217 1056 1444 1134 κρίσεως
1477 1056 1668 1130 ἀγαθὸν
1697 1074 1862 1131 χαρι-

234 1148 456 1220 ζόμενος,
513 1146 602 1202 καὶ
657 1147 757 1201 οὐκ
836 1140 1202 1219 ἀϐουλεύτως,
1280 1143 1404 1200 οὐδὲ
1462 1144 1860 1220 ἐκκεχυμένως.

230 1234 414 1311 Ἡμέρα
460 1233 519 1291 δὲ
563 1236 698 1307 αὕτη
753 1237 865 1310 (23)
926 1234 1093 1306 ἐστὶν,
1128 1234 1179 1290 ἰν
1231 1235 1266 1304 ἦ
1326 1233 1622 1308 ἐπιλάμψει
1675 1234 1702 1288 ὁ
1734 1233 1862 1295 Θεὸς

231 1325 276 1380 ἂν
307 1324 472 1400 βουλῇ
506 1323 640 1398 μετὰ
669 1322 849 1398 δόξηςο
881 1323 1013 1396 αὕτη
1047 1326 1106 1394 ἣν
1141 1323 1302 1386 αὐτὸς
1333 1328 1483 1379 ποιεῖ
1512 1324 1539 1378 6
1569 1321 1734 1392 ἥλιος
1759 1328 1863 1391 τῆς

231 1412 580 1485 δικαιοσύνης,
611 1415 640 1469 6
689 1413 884 1489 Κύριος
931 1415 1117 1488 ἡμῶν,
1173 1415 1201 1468 6
1253 1410 1520 1468 διδάσκων
1581 1412 1705 1487 περὶ
1738 1411 1861 1465 ἑαυ-

228 1508 332 1576 τοῦ,
393 1502 472 1559 ὅτι
541 1500 646 1568 ἕως
716 1502 856 1559 ἰστίν
926 1503 979 1558 ἐν
1025 1508 1106 1576 τῷ
1156 1502 1370 1576 κόσμῳ,
1431 1507 1542 1579 φῶς
1610 1501 1722 1556 ἐστι
1765 1503 1860 1554 τοῦ

230 1593 435 1666 κόσμου·
468 1590 554 1647 διὸ
583 1594 670 1650 καὶ
721 1591 977 1669 παρῄνει,
1012 1591 1322 1668 ἐργάζεσθαι
1373 1589 1477 1655 ἕως
1509 1592 1691 1665 ἡμίρα
1722 1589 1855 1646 ἐστί.

233 1681 554 1755 Σημειωτέον
606 1679 683 1751 δὲ,
733 1680 817 1737 ὅτι
864 1683 982 1743 κατ’
1029 1679 1206 1752 ἄλλην
1252 1680 1342 1736 καὶ
1396 1678 1573 1752 ἄλλην
1619 1679 1856 1735 ἐπίνοιαν

231 1769 306 1826 καὶ
334 1771 504 1847 ἡμέρα
527 1771 751 1848 ⁸λέγεται
802 1771 832 1826 6
870 1772 1057 1847 παρὼν
1114 1770 1252 1845 βίος,
1280 1770 1367 1824 καὶ
1419 1768 1511 1839 νὺξ
1541 1772 1575 1839 ἡ
1607 1776 1707 1838 τῆς
1736 1768 1854 1843 κρί-

232 1881 352 1922 σεως
622 1860 722 1915 Καὶ
771 1857 960 1931 πάλιν,
1009 1857 1097 1929 νὺξ
1152 1858 1268 1931 μὶν,
1312 1861 1347 1928 ἠ
1404 1863 1652 1932 παροῦσα
1689 1857 1854 1912 κατά-
1887 1889 1934 1954 Β

235 1969 426 2017 στασις,
455 1948 630 2025 ἡμέρα
659 1946 740 2021 δὲ,
767 1949 796 2002 ὁ
841 1945 1298 2022 προσδοκώμενος
1318 1947 1474 2005 αἰών.
1500 1949 1572 2002 Τὸ
1607 1949 1699 2020 μὲν
1731 1950 1854 2024 γὰρ,

235 2038 536 2112 ’Βργάζεσθε
563 2041 678 2112 (24)
726 2035 831 2100 ἓως
875 2038 1058 2114 ἡμέρα
1106 2037 1240 2108 ἐστὶ,
1289 2041 1471 2115 σαφῶς
1504 2038 1581 2100 εἰς
1611 2037 1702 2092 τὸν
1738 2038 1856 2113 βίον

232 2131 405 2181 τοῦτον
434 2129 578 2205 φέρει
626 2127 722 2183 τὸν
770 2125 1181 2201 πεφωτισμένον
1230 2131 1298 2201 τῇ
1347 2129 1582 2201 Χριστοῦ
1626 2125 1854 2203 ἰπιγνώ-

234 2235 323 2268 σει·
360 2216 419 2272 τὸ
464 2213 542 2286 δὲ,
594 2218 857 2292 Ἔρχεται
901 2214 1024 2288 τὺξ,
1057 2215 1180 2291 περί
1226 2219 1323 2270 τοῦ
1376 2215 1675 2288 μέλλοντος
1725 2215 1856 2270 αἰῶ-

233 2324 313 2366 νος
357 2302 600 2378 εἴρηται,
657 2301 748 2364 διὰ.
795 2304 856 2380 τὸ
921 2304 1242 2380 σκυθρωπὸν
1294 2305 1380 2360 καὶ
1439 2303 1695 2360 ἐπίπονον
1752 2309 1859 2360 τῶν

235 2391 586 2470 ἑνάμαρτίαις
627 2380 1022 2468 εὑρισκομένων
1077 2399 1176 2462 τῆς
1233 2393 1607 2470 προσηγορίας
1657 2393 1856 2465 ταύτης

233 2480 559 2555 ἆξιουμίνου.
615 2483 756 2549 Καθὸ
803 2483 892 2538 καὶ
951 2484 978 2538 6
1024 2483 1316 2561 προφήτης
1361 2482 1496 2557 πρὸς
1533 2484 1660 2546 τοὺς
1687 2483 1739 2538 ἐν
1771 2479 1857 2555 ἔρ-

232 2593 332 2648 γοις
384 2575 474 2646 μὲν
525 2579 795 2648 πονηροῖς
843 2568 1018 2642 ὄντας,
1067 2573 1385 2648 ἇπείγοντας
1435 2571 1493 2628 δὲ
1521 2575 1617 2642 τὴν
1646 2576 1855 2651 ἡμέραν

229 2667 317 2730 τῆς
365 2660 800 2733 ἁνταποδόσεως,
853 2663 968 2720 Ἵνα
1021 2661 1073 2718 τί
1131 2663 1281 2737 ὑμῖν,
1342 2663 1527 2740 φησὶν,
1585 2665 1619 2733 ἡ
1676 2664 1859 2738 ἡμέρα

231 2747 576 2824 ΚυρίουςΚαὶ
617 2749 752 2821 αὕτη
813 2749 925 2806 ἆστὶ
982 2749 1193 2820 σκότος,
1251 2749 1342 2804 καὶ
1400 2750 1462 2805 οὐ
1520 2755 1654 2826 φῶς.
1716 2753 1855 2824 Ἐμ-

225 2838 370 2896 παλιν
401 2837 456 2897 δὶ
479 2842 570 2896 καὶ
775 2840 802 2894 ὁ
859 2837 1190 2901 Ἀπόστολος
1237 2838 1399 2895 νύκτα
1449 2839 1541 2913 μὲν
1584 2839 1727 2917 λέγει
1763 2840 1852 2895 τὸν

229 2927 328 3002 βίον
353 2933 563 2998 τοῦτον,
619 2931 708 2984 καὶ
745 2926 836 2984 διὰ
889 2930 988 2998 τὴν
1023 2927 1074 2984 ἰν
1126 2926 1272 3001 αύτῷ
1325 2927 1607 3004 σύγχυσιν,
1639 2930 1730 2984 καὶ
1759 2931 1858 2998 τὴν

223 3014 386 3088 tuti;
412 3019 617 3095 σαρκὸς
661 3017 752 3075 καὶ
798 3022 906 3074 τῶν
971 3019 1246 3094 βιωτικῶν
1298 3016 1601 3096 φροντίδων
1651 3018 1857 3095 ἐγγινο-

228 3105 372 3178 utqu
542 3112 628 3182 τῷ
660 3112 759 3180 νῷ,
794 3107 870 3170 ὡς
893 3105 959 3162 τὰ
987 3106 1198 3180 πολλὰ,
1246 3105 1614 3178 ἐπισκότησιν·
1643 3110 1852 3184 ἡμέραν

227 3190 288 3264 δὲ,
323 3197 407 3253 τὸν
457 3199 666 3275 χρόνον
716 3203 819 3266 τῆς
876 3197 1240 3267 ἀναστάσεως,
1298 3196 1350 3250 ὲν
1407 3198 1487 3268 τῷ
1535 3196 1731 3273 λέγειν·
1784 3199 1849 3253 Ἠ

223 3253 297 3357 νὺξ
322 3253 618 3363 προὲκέψεν
652 3253 816 3362 (2⁸7),⁷
843 3289 877 3357 ἡ
937 3284 994 3342 δὲ
1049 3253 1239 3362 ἥμερα
1279 3253 1493 3364 ἤγγικε.
1547 3253 1678 3344 κᾶθ’
1722 3289 1848 3344 ὁπο-
1882 3253 1925 3320 C

221 3375 351 3451 τᾶραν
382 3377 470 3432 οὗν
504 3377 595 3433 ἐὰν
635 3376 916 3453 βουληθῇς
942 3372 1200 3452 ἐκδοχὴν,
1248 3373 1545 3450 ἰπιλάμψει
1578 3378 1605 3430 6
1637 3378 1766 3439 Θεὸς
1795 3376 1849 3433 ἐν

223 3464 375 3540 βουλῇ
406 3465 543 3540 μετᾶ
575 3465 742 3539 δόξης
772 3464 861 3520 ἰπὶ
915 3471 1013 3534 τῆς
1058 3471 1180 3540 γῆς.
1231 3465 1380 3521 Ἐπεὶ
1426 3464 1514 3520 οὖν
1552 3469 1685 3539 μετᾶ
1719 3469 1849 3543 βου-

219 3549 305 3622 λῆς
355 3553 683 3631 ἐπιλάμπει,
719 3553 943 3617 ἰαυτοὺς
995 3553 1172 3624 ἀξίους
1229 3556 1548 3628 ποιήσωμεν
1604 3556 1740 3632 πρὸς
1786 3556 1848 3611 τὸ

215 3650 444 3717 χωρῆσαι
474 3646 569 3701 τὸν
627 3643 911 3721 φωτισμὸν
961 3643 1152 3709 αὐτοῦ,
1184 3642 1322 3699 ὥστε
1358 3644 1452 3699 τὸν
1483 3643 1619 3700 κατὰ
1646 3642 1845 3700 ἀναλος

203 3729 315 3804 γίαν
338 3741 434 3802 τῆς
466 3733 519 3791 ἰν
550 3732 770 3807 ἑκάστῳ
813 3729 1255 3804 ἐπιτηδειότητος
1299 3734 1398 3802 τὴν
1432 3731 1706 3808 ἴλλαμψιν
1739 3754 1841 3810 χα-

213 3821 496 3895 ριζόμενον,
528 3824 586 3880 ἐν
628 3822 838 3897 μείζονι
875 3824 946 3896 τῇ
997 3822 1134 3877 κατὰ
1162 3823 1261 3891 τὴν
1294 3822 1476 3897 ψυχὴν
1509 3825 1668 3895 ἡμῶν
1709 3843 1844 3898 προ-

212 3909 378 3983 θυμίᾳ⁶
436 3913 671 3987 μείζονα
721 3911 812 3966 καὶ
858 3908 1166 3986 τελειότερα
1220 3911 1305 3966 καὶ
1378 3912 1444 3966 τὰ
1499 3913 1626 3985 παρ’
1681 3910 1843 3966 αὐτοῦ

209 4006 510 4078 παρασχεῖν.
572 4001 680 4057 Καὶ
759 3999 961 4074 ὑψώσει
1207 4000 1269 4055 τὸ
1348 3997 1698 4076 καταλειφθὲν
1745 3998 1842 4054 τοῦ

210 4083 429 4161 Ἰσραήλο
476 4090 788 4162 τουτὲστιν,
842 4087 1020 4143 ἐπάνω
1075 4089 1293 4159 ποιήσει
1347 4092 1457 4143 τῶν
1495 4086 1721 4160 ὑλικῶν,
1751 4087 1840 4143 καὶ

209 4177 266 4248 τῇ
294 4177 486 4256 θεωρίᾳ
531 4177 798 4255 προσάξει
838 4181 946 4233 τῶν
997 4177 1299 4251 ἀσωμάτων
1350 4177 1413 4232 τὸ
1445 4178 1560 4232 κατ’
1609 4176 1842 4252 ἐκλογὴν

211 4262 409 4336 χάριτος
441 4265 670 4342 λεῖμμα
711 4267 808 4322 τοῦ
851 4265 1095 4342 Ἰσραήλ.
1129 4266 1190 4321 Εἰ
1232 4265 1289 4322 δὶ
1326 4266 1416 4321 καὶ
1445 4267 1544 4336 τὴν
1573 4263 1751 4337 δόξαν,
1782 4268 1843 4336 ἣν

1977 609 2132 665 enim
2165 610 2442 666 mulieres
2488 617 2707 684 septem
2750 614 3261 686 apprehenderunt
3293 615 3376 670 uti
3409 615 3620 686 virum,

1975 697 2074 754 ille
2104 700 2404 772 etiulgebit
2432 705 2715 774 tanquam
2741 692 3048 759 Dominus.
3074 704 3217 760 Nam
3243 704 3383 776 quia
3407 722 3621 762 nomen

1975 788 2162 860 ipsius
2207 807 2383 860 super
2430 808 2492 846 se
2515 793 2731 853 .vocari
2766 793 3185 862 desideravere,
3209 793 3362 850 Deus
3393 794 3621 851 deside-

1976 878 2127 933 rium
2159 895 2360 935 earum
2394 882 2803 952 comprobans,
2836 881 3137 940 illucescet
3165 883 3310 954 ipsis
3342 883 3401 938 in
3433 886 3621 939 consi-

1976 968 2052 1025 lio
2084 986 2215 1024 cum
2247 970 2432 1042 gloria
2463 987 2641 1041 super
2670 976 2924 1039 terram;
2959 972 3068 1027 hoc
3099 977 3189 1028 est
3217 975 3372 1028 certo
3395 972 3620 1044 judicio

1974 1061 2032 1112 et
2062 1058 2326 1126 consilio,
2361 1076 2472 1113 non
2528 1059 2857 1116 inconsulte
2906 1065 3005 1116 aut
3053 1061 3238 1117 eﬁ'use
3276 1061 3333 1116 id
3367 1062 3520 1132 quod
3552 1077 3621 1116 ex

1966 1148 2192 1218 judicio
2226 1148 2446 1203 bonum
2494 1154 2582 1204 est
2633 1149 2920 1204 tribuens.
2955 1150 3089 1206 Dies
3121 1155 3318 1206 autem
3351 1150 3478 1222 ipsa
3507 1153 3618 1218 est,

1974 1236 2030 1291 in
2065 1254 2181 1308 qua
2225 1237 2470 1308 fulgebit
2505 1243 2651 1293 Deus
2695 1238 2754 1292 in
2786 1239 3028 1295 consilio
3061 1256 3195 1295 eum
3244 1238 3449 1310 gloria.
3482 1239 3618 1295 Dies

1973 1331 2060 1382 est
2100 1327 2250 1399 ipsa,
2285 1343 2460 1398 quam
2495 1327 2632 1382 facit
2666 1330 2787 1399 ipse
2834 1328 2924 1384 Sol
2968 1329 3211 1400 justitiaa
3233 1329 3297 1395 ’0,
3331 1328 3616 1385 Dominus

1974 1421 2188 1483 noster,
2224 1415 2325 1487 qui
2353 1415 2462 1471 hoc
2501 1417 2571 1470 de
2611 1416 2802 1486 seipso
2833 1417 3020 1481 docet,
3052 1433 3114 1473 se
3143 1417 3407 1488 quandiu
3437 1416 3612 1473 estin

1971 1505 2213 1568 mundo,
2251 1505 2451 1558 mundi
2493 1522 2621 1560 esse
2672 1505 2857 1560 lucem
2893 1523 2904 1561 :
2941 1507 3214 1577 quocirca
3261 1505 3616 1562 admonebat

1971 1598 2035 1647 ut
2066 1600 2446 1665 opersrentur
2476 1595 2659 1650 donec
2690 1596 2813 1651 dies
2844 1598 2933 1650 est
2957 1595 3020 1649 θί.
3055 1596 3473 1650 Adnotandum
3505 1611 3613 1650 au-

1967 1684 2085 1735 tem
2117 1687 2224 1749 est,
2253 1684 2422 1752 juxta
2455 1683 2628 1738 aliam
2663 1689 2714 1738 et
2744 1683 2918 1738 aliam
2961 1682 3275 1752 notionem,
3310 1684 3464 1740 diem
3498 1686 3612 1742 dici

1966 1769 2138 1825 etiam
2174 1778 2514 1842 praesentem
2545 1773 2746 1836 vitam,
2773 1777 3001 1828 noctem
3031 1789 3164 1828 vero
3188 1773 3400 1843 judicii
3432 1774 3610 1830 diem.

1966 1859 2032 1913 Et
2082 1877 2307 1926 rursus,
2341 1878 2451 1915 nox
2500 1862 2738 1931 quidem
2798 1877 3056 1932 praesens
3107 1865 3196 1917 est
3243 1865 3453 1932 status,
3485 1864 3612 1920 dies

1967 1964 2122 2015 vero,
2171 1949 2316 2003 illud
2368 1951 2522 2020 quod
2570 1955 2841 2020 speratur
2896 1950 3198 2006 saeculum.
3238 1951 3384 2008 Nam
3442 1951 3610 2024 illud,

1965 2039 2298 2109 Operamini
2316 2039 2497 2094 donec
2516 2038 2640 2095 dies
2671 2042 2778 2106 est,
2801 2038 2954 2095 clare
2977 2040 3046 2095 ad
3074 2040 3219 2095 hanc
3234 2042 3413 2097 vitam
3438 2042 3617 2098 refert

1969 2130 2168 2197 utpote
2198 2127 2410 2182 Christi
2461 2128 2789 2200 cognitione
2842 2128 3223 2198 illustratum;
3257 2130 3366 2186 hoc
3395 2136 3610 2202 autem,

1970 2218 2136 2272 Venit
2165 2232 2276 2272 nox
2296 2218 2363 2287 θεῖ,
2396 2217 2613 2272 dictum
2648 2221 2737 2273 est
2767 2217 2839 2274 de
2871 2218 3066 2273 futuro
3093 2218 3325 2288 saeculo,
3350 2221 3505 2291 quod
3537 2221 3610 2277 ob

1966 2321 2168 2361 eorum
2197 2305 2294 2378 qui
2327 2307 2385 2362 in
2428 2307 2679 2378 peccatis
2711 2307 3226 2378 deprehenduntur
3271 2310 3612 2367 mcestitiam

1966 2412 2032 2450 ac
2063 2395 2343 2463 laborem,
2379 2395 2460 2451 sic
2493 2395 2852 2467 appellatum
2883 2401 2992 2452 est.
3022 2398 3524 2462 Quemadmodum
3557 2404 3616 2456 et

1966 2486 2250 2558 propheta
2279 2503 2378 2542 eos
2409 2486 2722 2558 compellat
2752 2485 2851 2558 qui
2882 2487 3017 2542 licet
3046 2487 3104 2542 in
3135 2488 3409 2560 operibus
3441 2489 3611 2562 ﬂagi-

1965 2575 2134 2630 tiosis
2165 2579 2557 2643 versarentur,
2591 2575 2977 2632 nihilominus
3007 2580 3202 2632 tamen
3237 2578 3387 2634 diem
3421 2594 3612 2634 remu-

1966 2663 2285 2720 nerationis
2316 2665 2604 2736 urgebant
2637 2681 2649 2720 :
2685 2665 2900 2736 thuid,
2933 2665 3141 2736 inquit,
3174 2667 3324 2721 vobis
3361 2666 3476 2722 die:
3504 2668 3606 2723 Do-

1964 2754 2147 2808 mini?
2173 2758 2228 2809 et
2257 2755 2384 2824 ipsa
2412 2762 2490 2810 est
2518 2753 2773 2820 tenebrae,
2805 2757 2859 2808 et
2893 2769 3002 2810 non
3035 2755 3135 2809 tua:
3153 2754 3216 2808 '3.
3246 2754 3472 2810 Rursus
3503 2772 3604 2810 au-

1966 2846 2082 2898 tem
2115 2843 2496 2915 etApostolus
2526 2847 2753 2898 noctem
2788 2843 3022 2914 quidem
3053 2848 3219 2898 vocat
3247 2843 3400 2900 hanc
3427 2842 3604 2899 vitam

1965 2932 2038 2986 ob
2067 2932 2387 2988 tumultum
2416 2932 2602 3004 ipsius
2633 2937 2690 2986 et
2718 2931 3235 3003 perturbationem,
3255 2933 3512 3004 itemque
3533 2932 3605 2989 ob

1967 3021 2232 3076 tenebras
2264 3021 2609 3092 plerumque
2639 3038 2672 3075 ει
2691 3036 2865 3076 carne
2892 3023 2949 3075 et
2966 3036 2998 3075 a
3020 3019 3214 3076 saeculi
3246 3020 3425 3092 huius
3449 3021 3607 3077 solli-

1964 3110 2328 3165 citudinibus
2360 3110 2538 3165 menti
2574 3109 2827 3177 otiusas;
2860 3108 3015 3164 diem
3045 3125 3177 3164 vero
3209 3117 3371 3166 vocat
3405 3127 3607 3167 resur-

1965 3199 2242 3255 rectionis
2269 3204 2522 3271 tempus,
2547 3216 2680 3253 cum
2714 3197 2882 3254 dicit:
2902 3202 3026 3255 Nox
3050 3214 3341 3269 progressa
3369 3209 3466 3268 est,
3492 3201 3610 3258 dies

1962 3291 2141 3344 autem
2164 3290 2626 3360 appmpinquavit
2639 3289 2702 3344 9".
2725 3288 2925 3360 Itaque
2941 3287 3162 3343 utravis
3182 3287 3610 3359 signiﬁcatione

1963 3377 2251 3449 acceperis
2279 3377 2577 3434 illucescet
2597 3378 2750 3433 Deus
2778 3377 2835 3432 in
2861 3375 3104 3433 consilio
3127 3393 3260 3434 cum
3293 3377 3479 3450 gloria
3505 3396 3608 3434 su-

1961 3483 2063 3539 per
2094 3473 2333 3522 terram.
2353 3468 2637 3533 Quoniam
2670 3466 2848 3538 igitur
2867 3483 3000 3522 cum
3026 3467 3271 3523 consilio
3297 3467 3606 3538 illucescit,

1960 3557 2353 3628 nosmetipsos
2386 3557 2700 3611 reddamus
2731 3555 2937 3628 dignos
2963 3556 3063 3627 qui
3085 3557 3212 3627 eius
3235 3554 3605 3628 splendorem

1958 3647 2380 3718 suscipiamus,
2417 3646 2571 3701 sicut
2600 3647 2700 3717 qui
2727 3646 2999 3718 singulis,
3019 3650 3192 3717 prout
3221 3646 3415 3702 idonei
3442 3649 3602 3714 sunt,

1956 3735 2244 3808 fulgorem
2276 3752 2451 3790 suum
2485 3735 2871 3806 largitur,pro
2903 3735 3109 3804 majori
3154 3734 3365 3791 animm
3406 3740 3605 3792 nostro

1954 3825 2144 3881 studio
2179 3826 2331 3880 dona
2363 3825 2536 3879 etiam
2572 3825 2796 3894 majora
2827 3823 3287 3895 perfectioraque
3309 3825 3605 3880 submini-

1955 3921 2118 3973 stret.
2150 3917 2215 3972 Et
2246 3915 2512 3971 exaltabit
2533 3913 2674 3986 quod
2703 3914 3025 3970 derelictum
3047 3922 3124 3970 est
3153 3931 3222 3970 ea:
3249 3916 3469 3983 Israel;
3498 3915 3605 3971 hoc

1954 4006 2108 4060 474
2123 4003 2521 4074 est,reliquias
2535 4001 2763 4058 Israelis
2781 4003 3106 4057 secundum
3121 4001 3462 4058 electionem
3481 4018 3609 4074 gra-

1953 4094 2312 4165 tiae“,supra
2328 4097 2558 4148 terrena
2573 4097 2632 4146 et
2646 4106 2845 4146 crassa
2865 4089 3111 4158 attollet,
3121 4094 3299 4161 atque
3316 4090 3388 4146 ad
3408 4107 3604 4165 rerum

1950 4164 2427 4253 incorporearum
2462 4180 2732 4251 provehat
2747 4178 3326 4251 contemplationem.
3358 4179 3516 4244 Quod
3553 4164 3606 4237 εί

1953 4271 2226 4345 gloriam,
2259 4287 2375 4342 qua
2405 4268 2692 4324 efﬁciendi
2743 4274 2884 4325 sunt
2913 4267 3124 4338 sancti,
3159 4267 3385 4324 discere
3431 4269 3601 4341 cupis

188 4347 609 4428 ’δοξασθήσονται
647 4357 700 4411 οἱ
757 4356 927 4432 ἅγιοι.
986 4356 1123 4411 κατὰ
1166 4356 1228 4411 τὸ
1284 4354 1506 4430 ἀρέσκον
1545 4360 1610 4429 τῇ
1655 4360 1840 4433 Γραφῇ

1965 4363 2116 4430 iuxta
2137 4360 2449 4432 Scriptura:
2483 4357 2796 4429 placitum;
2821 4357 3106 4429 excogita,
3130 4374 3346 4429 quaeso,
3367 4373 3602 4415 sacrum

207 4450 368 4508 ποθεῖς
413 4453 636 4520 μαθεῖν,
677 4440 874 4516 νόησόν
927 4466 1021 4519 μοι
1067 4446 1166 4514 τὴν
1226 4445 1350 4519 περὶ
1395 4446 1458 4500 τὸ
1513 4446 1838 4520 ἡγεμονικὸν

206 4534 296 4584 τῶν
337 4534 401 4588 τὰ
447 4537 665 4611 μεγάλα
712 4534 804 4589 καὶ
858 4538 972 4598 θεῖα
1016 4533 1360 4608 θεωρούντων
1413 4535 1712 4610 ἱεροπρεπῆ
1743 4557 1840 4591 κα-

1953 4450 2122 4506 illum
2155 4453 2393 4516 statum,
2426 4449 2485 4501 in
2527 4463 2642 4517 quo
2675 4462 2842 4501 mens
2888 4447 3239 4518 animusque
3267 4463 3468 4503 eorum
3501 4449 3604 4520 qui

1954 4553 2168 4610 magna
2219 4553 2284 4592 ac
2316 4537 2511 4591 divina
2563 4533 3057 4608 contemplantur,
3082 4535 3370 4591 consistit.
3402 4536 3601 4600 Qualis

203 4619 449 4692 τάστασιν,
500 4622 673 4680 ὁποία
717 4623 786 4692 ἦν
831 4622 955 4698 περὶ
1005 4620 1260 4691 Μωϋσὲα,
1309 4621 1398 4678 δτε
1441 4624 1752 4697 κατηξιώθη
1786 4626 1837 4681 ἰν

1965 4631 2072 4685 ποι
2102 4625 2318 4695 Moysis
2340 4629 2527 4680 status
2552 4629 2676 4679 tum
2704 4641 2835 4680 cum
2862 4624 3080 4695 dignus
3104 4623 3342 4681 habitus
3364 4629 3474 4692 est,
3500 4625 3602 4696 qui

269 4771 309 4808 ¹⁹
333 4772 584 4833 Malach.
622 4791 705 4848 Iv,
735 4775 791 4830 2.
867 4775 908 4811 οι
940 4775 1108 4832 Joan.
1142 4791 1218 4843 xx,
1251 4775 1304 4830 4.
1382 4775 1427 4810 ⁸³
1457 4776 1601 4832 ibid.
1679 4779 1722 4814 ⁸³
1752 4780 1853 4835 Am

1965 4797 2014 4851 ν,
2047 4779 2130 4834 18.
2207 4778 2252 4812 ⁹⁶
2285 4776 2452 4832 Rom.
2485 4792 2610 4843 xm,
2645 4776 2731 4847 12,
2809 4775 2852 4810 ’5
2879 4779 3045 4831 Rom.
3077 4791 3157 4842 iu,
3185 4775 3241 4832 5.

209 5009 221 5020 .
262 4940 367 5011 (22)
394 4943 618 5002 Vocem
670 4939 807 5020 ἑνός,
837 4958 962 5020 qua;
1011 4943 1069 4998 in
1118 4942 1292 5020 editis
1321 4942 1444 4998 voci
1495 4939 1691 5020 ανδρός
1741 4947 1843 5002 ad-

201 5013 384 5087 ignota
428 5021 616 5087 erat,
647 5013 1404 5087 auctoritatenostrorumr
1433 5013 1698 5087 quinque
1749 5035 1841 5074 co-

208 5081 381 5162 dicum
429 5081 790 5162 delevirnus.
838 5088 966 5162 mox
994 5085 1156 5162 (ξομ).
1191 5081 1651 5162 εεᾳυιξόυὶηουὶῑι
1701 5089 1839 5162 Reg.

206 5150 383 5230 itidem
414 5159 686 5216 secundo
719 5155 875 5217 οὗτος
905 5156 978 5218 ὡς
1002 5155 1207 5230 ’Κύριος
1259 5151 1708 5230 ἐπιλαμϐάνεται,
1751 5150 1838 5214 καὶ

206 5219 502 5303 intentu,
549 5231 666 5286 Hic
710 5231 794 5284 uti
837 5219 1103 5284 Domina}
1149 5219 1596 5301 apprehenditur,
1628 5219 1838 5288 et'illu-

205 5309 370 5355 αισα.

259 5370 361 5442 (23)
390 5372 484 5428 Sic
513 5376 751 5427 veteres
781 5368 1003 5442 aliquot
1029 5369 1184 5425 libri.
1217 5371 1289 5425 At
1317 5371 1480 5437 editi,
1513 5368 1702 5439 αὐτῆς.

260 5441 484 5525 (ἳρλβὶιξ
515 5441 1013 5525 Regiisecundus
1036 5446 1380 5525 etquartus.
1407 5442 1515 5525 Alii
1548 5447 1667 5499 tres
1693 5459 1836 5500 mes.

205 5512 250 5588 fit
280 5512 433 5588 editi,
464 5512 813 5588 ᾇργάζεσθαις
847 5513 942 5568 ubi
978 5518 1255 5588 praeterea
1285 5514 1633 5588 notandum,
1665 5531 1838 5588 vocu-

206 5575 301 5635 lam
328 5575 431 5646 ἕως
459 5575 523 5642 in
542 5575 739 5642 'ed'itis
770 5575 996 5653 deesse;
1029 5585 1129 5640 sed
1160 5599 1228 5639 ex
1258 5585 1464 5640 multis
1494 5575 1638 5641 mss.
1673 5585 1837 5641 addi-

207 5653 536 5746 E‘n’rt‘uisse.
563 5655 836 5715 Subinde
857 5656 1119 5729 quinque
1143 5673 1287 5715 mss.
1303 5653 1638 5730 ,ἐπιγνώσει.
1661 5658 1838 5728 Editi,

208 5739 401 5796 γνώσει.

2024 4946 2138 5026 (ἓὸ)
2166 4945 2381 5026 Addita
2410 4947 2499 4998 est
2525 4943 2862 5014 oonjunctio
2891 4941 2980 4996 καί
3033 4959 3101 4998 ex
3141 4943 3404 5016 quinque
3434 4943 3604 5002 libris

1954 5021 2781 5166 αῃῖἑὲῗὲίίἱρ,’ἐπιγινομένηψ
2820 5085 2892 5139 At
2925 5101 3074 5166 ἕως.
3113 5089 3176 5166 ut
3206 5085 3264 5140 in
3297 5089 3596 5143 contextu.

2047 5156 2140 5228 27)
2171 5160 2234 5214 In
2263 5156 2514 5230 Vulgata
2558 5160 2725 5212 Rom.
2758 5158 3001 5230 x111,_42_,
3036 5156 3251 5228 legitur
3295 5173 3408 5213 nox
3451 5173 3598 5229 prx-

1951 5228 2110 5286 cessit
2133 5249 2150 5285 :
2173 5231 2272 5286 sed
2307 5228 2419 5285 non
2453 5229 2666 5284 desunt
2697 5230 2795 5301 qui
2818 5228 3154 5284 existiment
3185 5228 3601 5301 erratum’esse

1951 5301 2349 5366 librariorum,
2381 5301 2503 5372 qui,
2537 5302 2690 5371 quod
2717 5300 2837 5355 aut
2869 5317 3075 5372 parum
3127 5300 3332 5372 attenti
3379 5303 3593 5367 essent,

1951 5379 2052 5428 aut
2082 5372 2293 5445 ignari,
2329 5371 2438 5427 leVi
2493 5388 2655 5442 aaque
2704 5389 2770 5426 ac
2818 5371 2987 5445 facili,
3023 5371 3346 5427 mutatione
3379 5385 3448 5424 ex
3469 5385 3596 5445 pro-

1949 5443 2466 5514 cessit'eti‘ecerunt
2505 5446 2799 5514 praecessit.
2852 5443 3053 5498 Statim
3103 5447 3222 5497 tres
3273 5443 3597 5514 ωδελέπι-

1951 5512 2176 5586 λάμπει.
2202 5517 2342 5586 Reg.
2372 5511 2686 5581 secundus,
2710 5511 2999 5586 ἐκλάμπει.
3023 5513 3177 5570 Editi
3205 5529 3338 5568 vero
3369 5515 3427 5568 et
3454 5513 3592 5586 Reg.

1948 5585 2174 5652 tertius,
2207 5585 2528 5657 ἔπιλάμψει.

1950 5659 2134 5782 ὑώφ8)
2164 5658 2334 5728 Editi,
2371 5652 2572 5730 ὑψώσιι
2616 5654 2703 5711 καὶ
2749 5652 2976 5728 δοξάσει.
3007 5657 3080 5712 At
3112 5655 3371 5727 quinque
3421 5671 3590 5726 mem,

2025 5747 2171 5782 ωσει.

1981 5728 2171 5802 tam.
