4048 6220
389 329 508 391 339

1346 320 1747 384 APPENDIX
1792 315 2116 380 OPERUM
2163 315 2229 376 S.
2279 315 2549 378 BASILII
2595 315 2867 378 MAGNI.

3685 323 3813 385 340

394 460 580 516 Deum
637 456 998 529 conspiceret
1035 456 1098 510 ³⁸.
1158 455 1445 520 Quoniam
1504 452 1684 525 igitur
1739 449 2074 522 aﬁ‘ulgebit,

2166 444 2346 522 lemplq
2428 449 2524 500 τοῦ
2609 451 2743 501 Θεοῦ
2825 449 3085 525 γενέσθαι.
3169 450 3318 504 Ἐπεὶ
3395 447 3485 504 οὖν
3566 449 3805 527 ἑοιλάμ-

396 548 552 604 Deus
581 547 640 602 in
673 545 918 602 consilio
950 561 1083 600 cum
1115 543 1323 616 gloria,
1353 542 1447 599 bis
1495 542 1726 598 duobus
1771 541 1886 595 duo
1937 539 2042 594 ad-

391 636 610 708 junxit,
652 635 955 701 nimirum,
1003 641 1063 689 ut
1110 634 1316 689 exultet
1361 636 1412 687 et
1459 630 1726 700 gloriﬁcet
1759 648 1776 683 :
1810 645 1924 700 quo
1956 627 2043 682 in-

399 725 632 797 telligas
671 741 888 780 munus
937 738 1066 778 esse
1115 721 1345 778 consilii
1389 721 1639 777 exaltare
1687 717 1882 792 glorise
1912 733 2044 771 vero

399 814 747 886 gloriﬁcare.

473 903 595 958 136.
617 901 794 957 Vens.
818 901 870 956 3.
900 905 966 956 Et
995 901 1121 966 erit,
1147 900 1291 971 quod
1318 900 1593 972 reliquum
1620 900 1793 970 fuerit
1822 898 1877 951 in
1913 895 2046 951 Sion

399 1001 451 1048 et
481 993 623 1063 quod
651 992 905 1046 relictum
925 989 1103 1062 fuerit
1133 991 1192 1044 in
1221 989 1544 1056 Jerusalem,
1569 989 1747 1043 sancti
1776 986 2045 1042 vocabun-

397 1085 494 1134 tur
522 1095 706 1135 omnes
756 1079 952 1148 scripti
980 1077 1049 1131 ad
1079 1078 1248 1132 vitam
1297 1079 1358 1131 in
1405 1077 1730 1132 Jerusalem.
1765 1073 2046 1146 Reliquiae

399 1167 633 1223 Israelis
655 1167 980 1222 secundum
1001 1165 1342 1222 electionem
1361 1167 1559 1238 gratiis
1576 1166 1667 1234 οϐ’,
1681 1165 2048 1220 vocabuntur

399 1253 610 1323 sancti,
630 1259 688 1310 et
709 1255 1157 1311 conscribentur
1189 1255 1260 1310 ad
1289 1255 1466 1310 vitam
1500 1255 1557 1309 in
1590 1251 1943 1317 Jerusalem,
1975 1250 2045 1305 il-

400 1344 636 1400 lustrati
661 1343 762 1400 Dei
788 1345 1060 1414 adventu,
1081 1349 1135 1398 et
1161 1343 1345 1416 gloria
1367 1343 1553 1414 ipsius
1575 1341 1828 1398 exaltati.
1853 1340 2046 1396 Sancti

398 1433 767 1489 vocabuntur
797 1432 876 1500 hi,
911 1448 1058 1503 quos
1091 1431 1202 1486 sibi
1249 1431 1361 1503 ipsi
1414 1431 1654 1502 reliquit
1683 1431 1856 1497 Deus,
1891 1429 2043 1501 quod

401 1521 618 1578 imitati
668 1521 788 1576 sint
835 1535 933 1576 eos
964 1520 1061 1590 qui
1105 1537 1220 1575 non
1260 1524 1648 1576 curvaverunt
1703 1535 1853 1591 genu
1915 1524 2048 1573 ante

405 1609 540 1666 Baal
557 1611 890 1675 9".Quanam
913 1614 1111 1664 autem
1143 1609 1366 1664 ratione
1387 1609 1534 1665 alios
1554 1608 1790 1680 quidem
1808 1607 1864 1662 in
1885 1607 2046 1677 Sion,

405 1697 551 1754 alios
580 1714 714 1753 vero
746 1698 805 1752 in
826 1696 1192 1753 Jerusalem?
1223 1698 1369 1764 Quia
1388 1698 1446 1753 in
1478 1697 1550 1754 iis
1578 1698 1680 1769 qui
1700 1698 1770 1752 ad
1795 1695 2047 1752 salutem

404 1786 768 1859 psrtingunt,
809 1786 1124 1842 discrimen
1166 1792 1257 1842 est
1291 1804 1304 1842 :
1339 1787 1812 1858 quandoquidem
1861 1801 2047 1840 unus-

403 1874 657 1948 quisque
685 1876 744 1930 in
776 1891 884 1931 suo
915 1874 1117 1931 ordine
1137 1876 1179 1910 9⁸
1202 1875 1371 1932 bonis
1392 1893 1426 1932 a
1447 1875 1561 1931 Deo
1591 1875 1813 1947 paratis
1839 1873 2046 1929 fruitu-

404 1981 507 2020 rus
538 1968 647 2030 est,
677 1980 995 2034 eorumque
1025 1965 1260 2019 futurus
1301 1969 1391 2020 est
1421 1964 1731 2036 particeps.
1761 1963 1872 2020 Sed
1904 1979 2048 2034 quo-

404 2054 563 2110 niam
595 2054 767 2125 pauci
797 2059 938 2108 sunt
966 2054 1068 2124 qui
1098 2053 1352 2110 salutem
1383 2057 1822 2126 consequantur
1840 2053 1904 2123 9°,
1930 2068 2048 2106 non

404 2142 755 2216 plurali,sed
779 2140 1066 2214 singulari
1089 2158 1334 2198 numero
1357 2159 1597 2199 sensum
1620 2141 1874 2198 reddidit
1893 2140 2050 2197 Scri-

405 2235 598 2304 ptura.
620 2235 746 2287 Non
777 2229 935 2286 enim
965 2229 1112 2285 dixit
1138 2247 1150 2286 :
1176 2229 1283 2296 Qui
1315 2231 1474 2286 tuere
1503 2230 1716 2297 relicti;
1741 2231 1864 2298 sed,
1887 2229 2053 2299 Quod

405 2322 662 2377 relictum
691 2327 787 2376 est.
823 2319 884 2375 Id
917 2324 1108 2375 autem
1139 2319 1293 2391 quod
1327 2319 1670 2376 derelictum
1693 2323 1783 2376 est
1811 2319 1872 2374 in
1891 2319 2050 2386 Sion,

408 2410 640 2466 videtur
659 2410 800 2465 ordo
821 2425 951 2464 esse
971 2409 1425 2478 deterior,veluti
1447 2409 1729 2464 dimissus
1752 2409 1824 2464 ab
1847 2409 1919 2463 iis
1951 2407 2051 2480 qui

433 2515 471 2555 n
502 2497 794 2555 anteriora
841 2497 1122 2552 festinant
1152 2514 1164 2550 :
1202 2498 1304 2569 qui
1333 2502 1528 2553 autem
1561 2498 1701 2553 ordo
1750 2497 2054 2569 perfectior

412 2592 521 2655 est,
554 2603 659 2659 pro
689 2602 932 2658 operum
979 2586 1185 2641 merito
1212 2587 1410 2642 sedem
1465 2585 1522 2641 in
1573 2587 1702 2659 ipsa
1729 2586 2055 2643 Jerusalem

414 2676 646 2732 videtur
674 2675 1022 2731 obtinuisse.
1055 2675 1203 2738 Quin
1238 2680 1295 2730 et
1322 2674 1568 2730 historia
1619 2675 1750 2747 ipsa
1796 2674 2058 2747 suggerit

416 2764 588 2821 nobis
612 2764 882 2819 ordinum
906 2763 1392 2828 differentiam,ex
1421 2779 1487 2818 eo
1509 2765 1660 2835 quod
1683 2763 1821 2818 Sion
1851 2763 2056 2819 civitas

412 2859 579 2910 vetus
611 2853 687 2909 sit
725 2857 781 2908 et
821 2851 1103 2920 deterior;
1133 2852 1456 2908 Jerusalem
1485 2869 1618 2908 vero
1667 2853 1826 2925 regia
1853 2853 2058 2908 civitas

413 2944 512 3012 sit,
544 2943 602 2997 in
635 2958 752 3014 qua
779 2941 934 3014 viget
962 2941 1370 2998 sanctimonia.
1400 2942 1564 2997 Certe
1594 2940 1654 2996 hi
1687 2958 1890 2997 omnes
1919 2941 2058 2998 scri-

411 3031 628 3088 bentur
648 3031 717 3086 ad
737 3030 915 3086 vitam
938 3031 997 3085 in
1014 3030 1546 3102 Jerusalem,atque
1565 3031 1771 3086 beatus
1792 3035 1880 3087 est
1896 3030 2058 3101 quis-

414 3121 546 3190 quis
574 3119 886 3174 habebitur
915 3119 1152 3190 dignus,
1177 3118 1276 3189 qui
1307 3119 1710 3175 conscribatur
1741 3119 1798 3174 in
1828 3119 2060 3175 Jerusa-

2152 537 2239 607 ψει
2301 536 2412 608 (29)
2470 535 2498 589 6
2543 535 2671 598 Θεὸς
2725 536 2775 591 tv
2841 537 3019 612 βουλῇ
3085 537 3220 611 μετά
3272 535 3454 612 δόξης,
3514 541 3650 617 πρὸς
3707 540 3804 598 δύο

2151 623 2318 678 ταῦτα
2375 620 2469 678 δύο
2543 623 2799 701 ἐπήγαγε,
2873 627 2934 681 τὸ
2983 628 3218 700 ὁψωσαι,
3285 629 3373 683 καὶ
3431 627 3671 700 δοξάσαι·
3728 634 3804 696 ὡς

2153 714 2386 767 νοεῖσθαι
2423 711 2630 787 βουλῆς
2688 716 2782 788 μὲν
2842 713 3000 792 ἔργον
3052 717 3148 785 τὴν
3182 715 3410 790 ὕψωσιν,
3467 715 3627 791 δόξης
3660 716 3715 775 δὲ
3743 723 3806 776 τὸ

2159 800 2399 872 δοξάσαι.
3127 869 3132 874 ⁸

2229 894 2349 948 136.
2385 892 2481 946 Καὶ
2534 888 2680 948 ἔσται
2724 895 2786 948 τὸ
2836 897 2948 968 (30)
3005 893 3328 973 ὑπολειφθεν
3387 895 3439 950 ἐν
3498 898 3662 966 Σιὼν,
3717 899 3807 953 καὶ

2152 979 2215 1035 τὸ
2299 980 2648 1054 καταλειφθὲν
2733 984 2784 1037 ἰν
2866 983 3251 1058 Ἰερουσαλὴμ,
3363 986 3506 1062 ἅγιοι
3593 986 3809 1058 κληθήο

2156 1091 2337 1124 σονται
2397 1073 2588 1132 πάντες
2649 1073 2702 1126 οἱ
2753 1074 3044 1148 γραφέντες
3096 1073 3171 1135 εἷς
3233 1075 3376 1143 ζωὴν
3432 1074 3484 1128 ἐν
3540 1077 3807 1151 Ἰερουσα-

2156 1157 2297 1232 λήμ.
2330 1160 2400 1213 Τὸ
2444 1162 2564 1214 κατ’
2613 1158 2848 1235 ἐκλογὴν
2901 1162 3126 1237 χάριτος
3183 1161 3395 1236 λεῖμμα
3440 1169 3538 1218 τοῦ
3584 1164 3807 1237 Ἰσραὴλ

2157 1247 2302 1322 ἅγιοι
2349 1245 2740 1319 κληθήσονται·
2801 1249 2890 1303 καὶ
2949 1249 3380 1326 ἐγγραφήσονται
3435 1251 3512 1314 εἲς
3569 1255 3714 1322 ζωὴν
3753 1253 3806 1307 ἐν

2155 1336 2520 1411 Ἰερουσαλὴμ
2567 1339 2619 1391 οἱ
2662 1335 3014 1415 φωτισθέντες
3055 1339 3124 1410 τῇ
3166 1337 3450 1417 ἐπιφανείᾳ
3509 1345 3604 1394 τοῦ
3648 1345 3806 1412 Θεοῦ,

2155 1425 2244 1479 καὶ
2277 1425 2575 1500 ὐψωθέντες
2606 1431 2675 1500 τῇ
2709 1423 2836 1501 δόξῃ
2885 1427 3076 1482 αὐτοῦ.
3121 1427 3286 1484 Οὗτοι
3320 1429 3463 1505 ἅγιοι
3495 1426 3809 1500 κληθήσον-

2155 1535 2264 1583 ται,
2293 1514 2385 1577 οὒς
2434 1516 2523 1570 καὶ
2571 1514 2858 1570 κατέλιπεν
2911 1515 3084 1588 ἰαυτῷ
3133 1517 3161 1571 6
3211 1518 3362 1590 Θεὸς,
3405 1518 3539 1572 κατὰ
3571 1517 3806 1592 μίμησιν

2155 1604 2264 1658 τῶν
2318 1606 2393 1676 μὴ
2445 1605 2774 1678 καμψάντων
2819 1605 2950 1680 γόνυ
2999 1604 3066 1677 τῇ
3122 1604 3293 1661 Βάαλ.
3358 1607 3454 1660 Διὰ
3500 1606 3552 1661 τί
3591 1604 3648 1662 δὶ
3677 1607 3812 1672 τοὺς

2162 1691 2256 1765 μὶν
2288 1690 2339 1746 ἐν
2375 1692 2541 1760 Σιὼν,
2585 1693 2710 1755 τοὺς
2759 1689 2817 1748 δὲ
2865 1693 2914 1748 ἐν
2966 1694 3372 1767 ⁸ΙερουσαΛήμ;
3422 1696 3545 1752 ’Ότι
3576 1698 3664 1751 καὶ
3693 1702 3806 1751 τῶν

2160 1780 2484 1854 σωζομένων
2517 1781 2627 1835 ἐστὶ
2667 1779 2924 1860 διαφοφὰ,
2975 1781 3198 1836 ὶκάστου
3230 1782 3280 1836 ἒν
3311 1788 3388 1856 τῷ
3436 1781 3562 1857 ἰδίῳ
3590 1786 3806 1862 τάγμα-

2154 1891 2206 1925 τι
2234 1877 2335 1941 τῆς
2367 1869 2721 1932 ἀπολαύσεως
2761 1875 2870 1926 τῶν
2920 1871 3065 1946 παρά
3120 1876 3253 1928 Θεοῦ
3305 1873 3518 1948 ἀγαθῶν
3552 1876 3806 1947 μεθέξον-

2155 1979 2270 2021 τος.
2304 1957 2525 2028 Ἐπειδὴ
2550 1956 2606 2014 δὲ
2636 1957 2813 2036 ὀλίγοι
2847 1961 2899 2014 οἱ
2931 1960 3253 2033 σωζόμενοι,
3299 1961 3361 2015 οὐ
3392 1961 3805 2033 πληθυντικῶς,

2158 2045 2284 2104 ἀλλ’
2315 2047 2503 2110 ἑνικῶς
2550 2050 2578 2103 6
2623 2046 2791 2124 λόγος
2831 2046 3106 2120 ἐξέδωκεν.
3140 2051 3215 2104 Οὐ
3263 2050 3363 2126 γὰρ
3414 2051 3577 2123 εἶπεν,
3609 2053 3677 2109 Ol
3709 2073 3812 2107 κα·

2157 2137 2552 2216 ταλειφθᾶντες,
2603 2137 2766 2207 ἀλλὰ,
2827 2137 2898 2192 Τὸ
2954 2136 3326 2212 καταλειφθὲν.
3388 2143 3573 2197 Ἕοικε
3631 2138 3690 2196 δὲ
3743 2143 3811 2196 τὸ

2163 2229 2256 2300 μὶν
2289 2226 2614 2305 ὑπολειφθὲν
2649 2226 2700 2282 ἐν
2729 2228 2895 2297 Σιὼν,
2926 2229 2987 2282 τὸ
3029 2226 3410 2302 ὑποδεέστερον
3440 2229 3574 2284 εἶναι
3603 2232 3812 2306 τάγμα,

2160 2316 2326 2372 οἱονεὶ
2383 2317 2630 2392 ἆναφεθὶν
2691 2318 2793 2372 ὑπὸ
2865 2322 2972 2372 τῶν
3026 2316 3394 2392 ἐπειγομένων
3460 2318 3535 2381 εἷς
3590 2320 3651 2374 τὸ
3710 2317 3818 2394 ἔμ-

2159 2408 2412 2480 προσθεν’
2471 2407 2534 2462 τὸ
2584 2405 2642 2461 δὲ
2698 2405 3056 2483 τελειότερον,
3116 2403 3206 2462 διὰ
3276 2409 3374 2476 τήν
3446 2413 3555 2463 τῶν
3630 2404 3807 2485 ἔργων

2163 2496 2305 2567 ἀξίαν
2335 2499 2469 2570 (31),
2517 2503 2617 2566 τῆς
2658 2496 2710 2550 ἐν
2758 2495 2894 2570 αὐτῇ
2938 2501 3006 2570 τῇ
3034 2490 3413 2573 ⁶Ἰερουσαλὴμ
3441 2495 3813 2571 καθιδρύσεως

2161 2585 2459 2658 ὴψιῶσθαι.
2487 2580 2815 2641 Ὑποόάλλει
2849 2583 2906 2640 δὶ
2933 2587 3068 2658 ἡμῖν
3119 2585 3209 2640 καὶ
3261 2589 3295 2655 ἡ
3341 2585 3553 2662 ἱστορία
3579 2593 3689 2642 τῶν
3715 2610 3818 2644 τα-

2161 2671 2382 2749 γμάτων
2432 2675 2494 2728 τὸ
2545 2671 2826 2752 διάφορον,
2873 2673 2934 2728 ἐκ
2975 2674 3072 2729 τοὸ
3117 2674 3214 2743 τήν
3260 2675 3356 2748 μὲν
3408 2678 3549 2730 Σιὼν
3582 2678 3680 2744 τήν
3710 2679 3820 2755 ἀρ-

2164 2763 2326 2838 χαίαν
2363 2762 2495 2817 εἶναι
2545 2761 2730 2832 πόλιν,
2784 2762 2874 2817 καὶ
2931 2761 3334 2839 ὑποδεεστέρανο
3390 2766 3489 2833 τὴν
3523 2763 3817 2841 δὶἹερου-

2167 2849 2376 2922 σαλήμ,
2426 2851 2523 2918 τήν
2575 2849 2987 2926 βασιλεύουσαν,
3047 2849 3097 2906 ἐν
3156 2852 3191 2920 ἦ
3223 2853 3284 2906 τὸ
3315 2851 3570 2928 ἀγίασμα.
3603 2854 3819 2918 Ηάντες

2171 2940 2352 3012 μέντοι
2384 2940 2530 2994 οὗτοι
2579 2941 2692 3014 (32)
2741 2942 3110 3018 γραφήσονται
3161 2939 3239 3003 εἷς
3273 2941 3416 3010 ζωὴν
3447 2941 3497 2995 ἐν
3543 2943 3817 3018 Ἰερουσα-

2168 3025 2311 3101 λήμ·
2361 3027 2450 3082 καὶ
2502 3027 2763 3103 μακάριος
2814 3029 2841 3082 6
2893 3035 2992 3098 τῆς
3051 3028 3100 3083 ἐν
3153 3027 3516 3105 Ἰερουσαλὴμ
3543 3052 3818 3108 καταγρα-

2167 3123 2274 3191 φῆς
2323 3115 2658 3189 ἀξιούμενος.
2735 3111 2846 3172 Ἐν’
2883 3116 3058 3188 ἐκείνη
3137 3117 3238 3192 γὰρ
3312 3116 3482 3174 ἔοικεν
3553 3119 3685 3175 εἶναι
3743 3124 3820 3195 τῇ

414 3186 551 3263 lem.
576 3206 802 3262 Etenim
831 3186 1144 3262 viventium
1188 3186 1403 3261 librum
1435 3207 1492 3262 in
1527 3224 1640 3278 quo
1686 3208 1886 3281 scripti
1919 3212 2058 3264 sunt

2172 3186 2535 3280 ἐΙερουσαλὴνμ
2563 3207 2597 3274 ἡ
2626 3199 2816 3281 βίϐλος
2843 3209 2950 3260 τῶν
3004 3186 3241 3274 ζώντέυᾴ,
3275 3206 3328 3261 ιν
3433 3206 3728 3284 γράφονται
3764 3186 3824 3264 0-1

419 3294 637 3350 Christi
667 3295 965 3366 discipuli,
1000 3295 1057 3349 in
1090 3294 1189 3349 illa
1225 3296 1550 3351 Jerusalem
1584 3297 1823 3368 reperiri
1854 3298 2068 3352 conde-

421 3390 532 3441 cet.
565 3385 804 3440 Gaudete
831 3387 1000 3455 enim,
1028 3385 1240 3456 inquit,
1255 3385 1396 3457 quod
1413 3388 1638 3442 nomina
1661 3396 1847 3443 vestra
1865 3390 2070 3458 scripta

422 3479 552 3530 sunt
576 3475 636 3530 in
655 3473 808 3529 acetis
825 3475 866 3529 ¹.
891 3473 1173 3540 Quoniam
1200 3478 1395 3529 autem
1426 3473 1616 3529 verbis
1637 3474 1750 3541 his,
1776 3474 1982 3546 Scripti
2010 3478 2071 3530 in

423 3564 755 3630 Jerusalem,
781 3562 1128 3634 adjungitur
1155 3560 1322 3630 illud,
1347 3563 1410 3617 In
1439 3563 1643 3629 vitam;
1673 3565 2070 3620 necessarium

425 3651 601 3709 fuerit
631 3650 781 3707 scire
811 3654 1010 3706 utrum
1043 3650 1163 3706 sint
1191 3649 1428 3722 quidam
1452 3651 1551 3722 qui
1583 3651 1918 3708 scribantur
1946 3654 2073 3724 qui-

426 3740 704 3808 dem,sed
737 3755 852 3796 non
884 3740 955 3796 ad
985 3739 1189 3810 vitam,
1205 3741 1376 3810 juxta
1396 3739 1712 3796 Jeremiam
1737 3741 2028 3798 dicentem
2053 3761 2066 3799 ι

423 3831 536 3901 Qui
563 3832 925 3894 recesserunt,
955 3829 1017 3882 in
1051 3831 1203 3884 terra
1245 3831 1568 3886 scribantur
1590 3830 1631 3884 ³.
1677 3830 1880 3902 Itaque
1903 3832 2070 3903 juxta

420 3921 578 3976 hunc
608 3934 847 3975 sensum
878 3917 1010 3973 duas
1039 3916 1286 3990 intelligi
1317 3922 1568 3989 possunt
1596 3918 2017 3992 descriptiones
2050 3937 2063 3975 :

422 4026 542 4066 una
573 4008 814 4080 quidem
843 4023 1046 4063 eorum
1077 4010 1166 4062 est
1195 4006 1296 4078 qui
1326 4007 1396 4062 ad
1429 4006 1626 4073 vitam,
1659 4007 1841 4063 altera
1869 4013 2066 4064 autem

421 4115 624 4155 eorum
657 4097 756 4168 qui
787 4096 1130 4152 scribuntur
1159 4096 1231 4151 ad
1263 4094 1668 4166 perditionem.
1697 4100 1886 4168 Atque
1916 4113 2068 4170 saepe

420 4186 705 4256 contingit
742 4185 1052 4256 Scriptura;
1100 4183 1474 4254 permutatio,
1499 4185 1581 4240 uti
1631 4201 1764 4240 cum
1795 4201 1828 4239 a
1855 4186 2066 4241 virtute

422 4276 493 4330 ad
528 4273 814 4329 malitiam
849 4272 1186 4328 dilabimur.
1211 4273 1354 4328 Nam
1377 4274 1554 4328 verba
1584 4272 1740 4329 haec:
1775 4275 2067 4330 Deleantur

419 4363 492 4417 de
522 4361 660 4416 libro
688 4361 1018 4427 viventium,
1051 4365 1103 4416 et
1144 4376 1269 4414 cum
1314 4362 1473 4429 iustis
1524 4377 1635 4416 non
1675 4364 2061 4433 scribantur’;

2181 3295 2414 3367 μαθηταὶ
2465 3298 2560 3348 τοῦ
2615 3297 2868 3369 Χριστοῦ.
2925 3292 3151 3371 Χαίρετε
3197 3297 3324 3370 γὰρ,
3382 3297 3565 3372 φησὶν,
3621 3296 3705 3352 ὅτι
3756 3300 3830 3353 τὰ

2179 3382 2422 3456 ὀνόματα
2492 3384 2641 3456 ὑμῶν
2690 3404 3044 3459 γεγραμμενα
3091 3383 3228 3438 ἐστὶν
3279 3383 3332 3438 ἐν
3381 3391 3497 3446 τοῖς
3545 3385 3826 3461 οὐρανοῖς.

2179 3469 2402 3540 Ἐπειδὴ
2453 3470 2510 3527 δὲ
2558 3473 2871 3547 πρόσκειται
2924 3476 3026 3544 τῷ,
3077 3473 3145 3530 Οἱ
3187 3474 3477 3549 γραφέντες
3527 3475 3580 3529 ὲν
3624 3477 3832 3551 Ἰερου-

2180 3559 2391 3634 σαλὴμ,
2431 3561 2517 3630 τὸ,
2569 3561 2659 3622 Εἰς
2719 3562 2886 3630 ζωὴν,
2947 3561 3232 3631 ἐπιστῆσαι
3291 3563 3595 3639 ἀναγκαῖον,
3641 3566 3834 3636 μήπο-

2177 3649 2237 3705 τέ
2267 3649 2370 3705 εἶσί
2416 3671 2552 3712 τινες
2601 3651 2653 3704 οἱ
2697 3649 3031 3727 γραφόμενοι
3087 3651 3204 3724 μὲν,
3263 3650 3362 3706 οὐκ
3417 3651 3496 3714 εἷς
3556 3655 3699 3722 ζωῄν
3742 3651 3830 3724 δὲ,

2177 3741 2313 3795 κατά
2362 3740 2454 3794 τὸν
2513 3739 2774 3813 Ἱερεμίαν
2831 3738 3073 3816 λίγονταο
3122 3740 3510 3814 ’Δφεστηκότες
3567 3741 3655 3796 επὶ
3719 3751 3832 3812 τῆς
3891 3759 3910 3776 ·

2177 3837 2282 3904 γῆς
2321 3830 2700 3907 γραφήτωσανο
2749 3827 2887 3882 ὥστε
2934 3827 3067 3883 κατὰ
3106 3831 3268 3883 τοῦτο
3319 3827 3415 3884 δύο
3457 3831 3605 3892 τινὰς
3657 3851 3834 3886 κατα-

2177 3918 2385 3996 γραφὰς
2411 3923 2668 3981 νοεῖσθαι·
2723 3921 2828 3972 τῶν
2875 3917 2968 3989 μὶν
3019 3916 3096 3980 εἷς
3144 3918 3310 3988 ζωήν,
3367 3922 3477 3973 τῶν
3510 3916 3566 3973 Si
3614 3918 3691 3982 εἷς
3722 3919 3833 3975 ἁπ-

2177 4005 2395 4061 ώλειαν’
2441 4007 2531 4062 καὶ
2579 4007 2709 4061 εἶναι
2757 4004 3028 4068 πολλάκις
3068 4005 3158 4060 καὶ
3204 4001 3514 4079 μεταϐολήν
3558 4015 3659 4079 τῆς
3694 4015 3839 4086 Γρα-

2176 4103 2304 4174 φῆς,
2337 4090 2460 4150 ὅταν
2493 4095 2582 4150 καὶ
2626 4097 2788 4169 ἡμεῖς
2839 4093 2918 4157 εἲς
2963 4094 3152 4150 κακίαν
3205 4095 3308 4150 ἀπὸ
3355 4095 3550 4170 ἀρετῆς
3590 4098 3833 4170 μεταπέ-

2176 4205 2379 4258 σωμεν.
2438 4187 2517 4242 Τὸ
2571 4184 2696 4260 γὰρ,
2749 4182 3253 4263 Ἐξαλειφθὴτωσαν
3311 4184 3372 4239 ἑκ
3443 4180 3638 4260 βίϐλου
3695 4188 3838 4255 ζών-

2177 4293 2303 4341 των,
2360 4273 2450 4327 καὶ
2511 4272 2644 4346 μετὰ
2719 4270 2941 4327 δικαίων
3023 4273 3098 4344 μὴ
3156 4275 3536 4348 γραφήτωσαν·
3595 4273 3687 4329 καὶ
3733 4275 3830 4345 τὸ,

2174 4361 2483 4434 Ἐξάκειψον
2559 4361 2699 4433 κάμὲ
2767 4361 2872 4414 ἀπὸ
2944 4363 3043 4428 τῆς
3120 4355 3315 4435 βίϐλου
3375 4380 3490 4416 σουο
3555 4361 3631 4425 ὡς
3705 4360 3828 4433 ἤδη

416 4451 556 4506 item
587 4448 792 4504 isthmc
820 4465 833 4503 :
867 4449 996 4504 Dele
1023 4453 1074 4504 el
1099 4465 1184 4505 me
1211 4448 1278 4503 de
1308 4449 1448 4504 libro
1480 4457 1572 4505 tuo
1595 4451 1648 4516 ‘;
1685 4450 1964 4508 dicuntur
1993 4454 2063 4509 de

2170 4457 2270 4520 τῆς
2304 4450 2356 4504 ἒν
2387 4453 2455 4523 τῇ
2492 4443 2668 4525 βίϐλῳ
2697 4453 2793 4503 τοῦ
2824 4453 2957 4504 Θεοῦ
2989 4456 3340 4526 καταγραφῆς
3380 4450 3699 4523 ἠξιωμένων
3737 4449 3834 4507 λά-

418 4537 775 4609 quibusdam
807 4544 1087 4608 tanquam
1127 4537 1254 4608 jam
1285 4536 1449 4609 digni
1497 4542 1695 4595 essent
1741 4539 1924 4596 habiti
1957 4546 2058 4614 qui
2086 4546 2134 4610 D
2164 4560 2335 4615 γεται.

416 4626 476 4680 in
504 4624 602 4680 Dei
632 4624 780 4680 libro
811 4623 1340 4680 conscriberentur.

490 4714 610 4769 137.
635 4712 809 4768 Vsas.
843 4713 895 4767 4.
929 4714 1077 4781 Quia
1105 4713 1290 4768 abluet
1317 4715 1579 4770 Dominus
1606 4715 1788 4772 sordes
1814 4718 2060 4788 ﬁliorum

2243 4720 2366 4776 137.
2415 4719 2533 4772 Ὅτι
2594 4714 2849 4771 ἓκπλυνεῖ
2898 4713 3094 4792 Κύριος
3145 4713 3238 4769 τὸν
3299 4713 3465 4789 ρύπον
3523 4717 3632 4776 τῶς
3676 4716 3823 4770 υἱῶν

414 4805 466 4858 st
494 4801 746 4871 ﬁliarum
766 4801 919 4867 Sion,
947 4809 998 4856 et
1027 4804 1351 4872 sanguinem
1377 4804 1681 4860 Jerusalem
1704 4807 1966 4877 purgabit
1993 4825 2062 4863 sa:

2167 4806 2257 4862 καὶ
2313 4810 2419 4861 τῶν
2481 4804 2782 4881 θυγατέρων
2844 4802 3012 4875 Σιὼν,
3083 4803 3171 4857 καὶ
3220 4803 3285 4857 τὺ
3339 4804 3477 4876 αἷμα
3533 4803 3827 4877 Ἰερουσα-

412 4891 587 4947 medio
615 4907 827 4956 eorum,
861 4891 920 4945 in
951 4891 1156 4960 spiritu
1190 4891 1398 4962 judicii
1424 4903 1477 4947 et
1517 4894 1576 4948 in
1605 4895 1811 4964 spiritu
1839 4896 2059 4952 combu-

2169 4894 2290 4969 λὴμ
2335 4896 2644 4969 ὲκκειθαριεῖ
2689 4893 2749 4948 ὲκ
2808 4893 2973 4966 μέσου
3030 4892 3232 4963 αὐτῶν,
3281 4893 3331 4947 ἓν
3377 4893 3642 4964 πνεύματι
3696 4893 3826 4966 κρί-

408 4980 618 5035 stionis.
654 4979 842 5034 Verba
887 4979 1008 5032 hinc
1059 4979 1215 5034 idem
1266 4980 1571 5052 perspicue
1601 4984 1750 5039 475
1786 5000 2059 5054 praenun-

2168 5005 2326 5053 σεως,
2373 4984 2462 5038 καὶ
2521 4985 2574 5038 ὲν
2631 4983 2897 5054 πνεύματι
2954 4981 3215 5043 καύσεως.
3279 4983 3499 5054 Τρανῶς
3551 4982 3619 5035 τὰ
3678 4980 3825 5037 αὐτὰ

409 5069 579 5135 tiant,
607 5068 763 5140 quod
809 5066 1064 5123 Joannes
1095 5068 1166 5122 de
1197 5068 1442 5125 Domino
1491 5069 1636 5126 dixit
1670 5087 1682 5126 :
1715 5073 1832 5142 Ipse
1857 5082 1936 5128 est
1963 5076 2061 5145 qui

2166 5078 2242 5145 τῷ
2273 5073 2492 5146 Ἰωάννῃ
2549 5073 2577 5125 6
2634 5068 2802 5145 λόγος
2859 5069 3239 5145 προαγορεύει,
3295 5069 3415 5144 περὶ
3470 5073 3567 5123 τοῦ
3602 5070 3825 5146 Κυρίου

408 5171 499 5212 vos
531 5155 837 5227 baptixabit
865 5157 926 5210 in
965 5155 1179 5226 Spiritu
1206 5167 1391 5213 sancto
1420 5163 1471 5213 et
1502 5161 1629 5230 igne
1648 5160 1702 5227 ⁸;
1736 5161 1807 5216 de
1836 5177 1898 5216 se
1929 5163 2055 5234 ipso

2167 5161 2402 5238 λέγοντι,
2471 5159 2552 5214 ὅτι
2629 5159 2800 5221 Αὐτὸς
2881 5158 3024 5231 ὐμᾶς
3101 5159 3350 5233 βαπτίσει
3425 5159 3476 5213 ὲν
3539 5157 3828 5231 Πνεῦματι

477 5283 522 5360 _’°
551 5281 966 5360 Exodlxxxur,‘
987 5281 1074 5349 14,
1105 5281 1196 5336 23.
1237 5283 1506 5360 ¹³ξξ1ἶοιιιζ
1532 5301 1610 5360 x1_,
1640 5286 1694 5340 5.
1737 5287 1780 5321 ⁸⁷
1811 5287 1885 5341 III
1911 5290 2074 5360 Beg.:

2170 5290 2310 5359 ,18;
2345 5290 2508 5345 Rom.
2541 5305 2620 5356 χι,
2655 5288 2705 5360 4.
2743 5286 2825 5360 ᾼῨθ
2848 5287 2869 5340 Ι
2892 5287 3016 5360 _Cor.
3049 5285 3260 5360 xv,_23.
3301 5285 3347 5320 9°
3362 5283 3563 5341 Matth.
3595 5299 3697 5356 xx,
3724 5286 3825 5341 16.

406 5355 423 5390 ¹
459 5355 596 5410 Luc.
631 5370 688 5419 x,
717 5353 806 5406 20.
886 5351 907 5386 ²
934 5351 1054 5407 Jer.
1087 5368 1224 5421 xvn,
1258 5353 1344 5408 13.
1422 5357 1443 5390 ³
1473 5355 1626 5412 Psal.
1664 5372 1860 5428 vam,
1889 5351 2023 5414 29.“
2058 5361 2074 5395 ⁴

2166 5351 2494 5426 ἑοᾱίχκχιι,
2525 5351 2617 5416 32.
2689 5359 2711 5393 ⁵
2742 5357 2950 5415 Matth.
2989 5373 3078 5424 ιιι,
3112 5351 3197 5412 11.

472 5495 584 5637 ἓ29)
617 5493 854 5576 Antiqui
888 5495 1004 5584 duo
1035 5493 1190 5565 libri,
1222 5489 1487 5569 ἔλαμψεν.
1711 5569 1722 5581 ⁸
2222 5502 2335 5645 έ31)
2368 5502 2507 5583 Reg.
2543 5496 3084 5583 quartus,~&£twaw.
3443 5568 3455 5580 .
3763 5568 3776 5580 η

494 5566 563 5620 30
613 5568 786 5638 Edlti,
819 5565 918 5618 Καὶ
974 5563 1119 5621 ἔσται
1170 5564 1280 5622 καί.
1321 5570 1396 5624 At
1451 5583 1595 5626 mss.
1647 5568 1892 5642 aliquot,
1945 5569 2042 5626 Καὶ
2173 5643 2206 5645 Α
2246 5573 2337 5644 32)
2370 5573 2545 5643 Editi,
2579 5570 2672 5643 μὲν
2703 5589 2966 5626 τοιουτοι.
2995 5572 3067 5626 At
3115 5585 3258 5627 mss.
3289 5572 3407 5626 tres
3439 5572 3542 5637 ita,
3575 5572 3647 5624 ut
3673 5569 3776 5624 δά]

399 5628 427 5688 ἔ
472 5564 786 5638 Editi,
819 5565 918 5618 Καὶ
974 5564 1119 5621 ἔσται
1170 5564 1280 5622 καί.
1321 5564 1396 5624 At
1451 5583 1595 5626 mss.
1647 5568 1892 5642 aliquot,
1945 5569 2042 5626 Καὶ

429 5655 568 5692 σται.

2166 5564 2337 5701 1.(32')
2370 5564 2672 5643 Εᾶῖιὶ,’μὲν
2703 5564 2966 5626 τοιοῦτοι.
2995 5572 3067 5626 At
3115 5585 3258 5627 mss.
3289 5572 3407 5626 tres
3439 5568 3542 5637 ita,
3575 5572 3647 5624 ut
3673 5568 3820 5624 edi-

2195 5660 2370 5702 ιωιιε.
