4130 6210
252 361 348 422 3H
1069 358 1476 424 COMMENT.
1518 359 1596 421 IN
1645 358 1912 421 ISAIAM
1960 355 2459 418 PROPHETAM.
2505 357 2678 419 CAP.
2726 357 2829 418 IV.
3526 367 3650 428 342

249 492 382 567 ἂγίῳ
436 492 527 547 καὶ
580 490 732 568 πυρί·
765 492 888 566 περὶ
922 489 980 548 δὲ
1007 491 1220 562 ἑαυτοῦ,
1274 490 1356 548 ὅτι
1415 493 1560 567 Ἐγὼ
1621 492 1715 565 μὶν
1747 492 1886 565 ὑμᾶς

2005 495 2194 547 autem
2227 491 2308 546 ait
2341 507 2353 545 :
2388 493 2495 562 Ego
2524 491 2743 563 quidem
2787 507 2874 548 vos
2899 493 3120 564 baptixo
3150 493 3208 548 in
3241 511 3385 566 aqua
3410 497 3471 552 in
3526 515 3634 570 pa:-

251 579 493 656 βαπτίζω
550 580 602 637 ἰν
672 578 829 636 ὕδατι
890 581 965 644 εἲς
1027 583 1336 656 μετάνοιαν
1399 582 1546 638 Ἐπεὶ
1597 579 1722 657 γοῦν
1776 583 1888 654 (33)

245 669 523 748 ἀμφότερα
572 674 806 746 συνῆψεν
865 673 894 726 6
942 670 1161 747 Κύριος,
1211 671 1273 726 τό
1330 691 1389 725 τε
1449 671 1535 742 Ἐξ
1593 667 1783 732 ὕδατος
1815 669 1888 731 είς

249 759 554 833 μετάνοιαν,
628 761 716 815 καὶ
788 761 850 814 τὸ
922 761 1012 818 Ἐκ
1085 760 1401 834 Πνεύματος
1462 760 1538 822 εἷς
1593 759 1887 833 ἀναγέννη-

241 869 322 904 σιν
355 850 491 922 (34),
523 846 613 903 καί
643 850 671 903 ὁ
702 846 873 925 λόγος
913 848 1202 904 αἰνίσσεται
1243 848 1523 928 ἀμφότερα
1573 850 1640 904 τὰ
1700 847 1887 924 βαπτί-

239 957 436 1011 σματα.
469 939 701 1008 Μήποτε
727 943 876 1012 τρεῖς
903 938 1032 992 εἰσιν
1086 941 1140 994 αἱ
1172 937 1404 994 ἓπινοιαι
1433 943 1532 993 τοῦ
1584 937 1886 1013 βαπτίσμα-

233 1047 348 1093 τος,
407 1027 436 1081 ’ὁ
460 1048 519 1082 τε
541 1031 639 1081 τοῦ
666 1025 844 1103 ῥὸπου
873 1028 1235 1102 καθαρισμὸς,
1268 1027 1357 1083 καὶ
1389 1030 1423 1098 ἡ
1453 1025 1543 1083 διὰ
1570 1032 1667 1082 τοῦ
1718 1026 1886 1083 Ηνεύ-

235 1135 406 1189 ματος
454 1115 823 1192 ἀναγέννησις,
885 1117 971 1172 καὶ
1033 1119 1067 1186 ἡ
1114 1116 1166 1172 ιν
1215 1122 1296 1189 τῷ
1338 1116 1468 1192 πυρὶ
1512 1123 1615 1185 τῆς
1658 1115 1884 1192 κρίσεως

232 1205 490 1280 βάσανος,
521 1202 659 1260 ὥστε
687 1205 751 1259 τὸ
786 1206 880 1278 μὲν
933 1200 1221 1262 ἔκπλύνειν
1278 1206 1414 1280 πρὸς
1467 1205 1566 1274 τὴν
1601 1202 1707 1260 ὦδε
1748 1205 1884 1259 ἀπο-

229 1305 377 1358 θεσιν
451 1301 550 1364 τῆς
607 1294 876 1370 ἁμαρτίας
935 1290 1340 1369 λαμϐάνεσθαι⁸
1391 1296 1452 1350 τὸ
1505 1292 1562 1348 δὲ
1617 1293 1887 1365 πνεύματι

226 1383 502 1456 κρίσεως,
559 1383 650 1438 καὶ
697 1384 967 1458 πνεύματι
1025 1383 1305 1456 καύσεως,
1361 1384 1500 1460 πρὸς
1551 1383 1648 1452 τὴν
1705 1381 1758 1436 ἰν
1807 1387 1886 1454 τῷ

235 1470 498 1545 μέλλοντι
531 1471 690 1527 αἰῶνι
722 1470 813 1528 διὰ
842 1477 942 1528 τοῦ
972 1473 1141 1548 πυρὸς
1173 1471 1509 1546 δοκιμασίαν.
1561 1470 1778 1526 Δέονται
1831 1469 1888 1525 δὲ

231 1562 293 1615 αἱ
327 1561 420 1633 μὲν
453 1561 570 1615 κατ’
604 1557 821 1636 ἄγνοιαν
852 1561 1132 1636 ἁμαρτίαι,
1187 1563 1322 1617 οἱνεὶ
1376 1561 1549 1638 ῥύπος
1596 1581 1679 1622 τις
1707 1557 1882 1629 οὖσαι,

231 1651 334 1719 τὴν
360 1649 670 1729 ἕπιςράνειαν
697 1653 797 1716 τῆς
827 1654 1012 1727 ψυχῆς
1044 1649 1421 1726 ἀφανίζουσαι,
1482 1650 1572 1705 καὶ
1597 1654 1676 1722 τῷ
1725 1669 1884 1725 φυσι-

231 1744 318 1811 κῷ
355 1737 550 1794 κάλλει
583 1737 750 1809 αὐτῆς
777 1737 1198 1813 λυμαινόμεναι,
1249 1743 1345 1794 τοῦ
1397 1739 1457 1793 ἐκ
1483 1745 1585 1808 τῆς
1637 1737 1885 1798 πλύσεως

1998 582 2350 637 nitentium“.
2401 582 2688 644 Quoniam
2738 581 2919 653 igitur
2971 586 3290 655 utrumque
3341 581 3648 657 conjunxit

1997 671 2300 740 Dominus,
2357 669 2521 736 illud,
2567 671 2643 725 Ex
2701 689 2850 742 aqua
2907 671 2963 726 in
3019 673 3463 744 pcenitentiam:
3505 675 3642 733 item

1997 759 2161 826 illud,
2184 761 2260 815 Ex
2282 759 2488 832 spiritu
2512 759 2570 814 in
2601 761 3126 830 regenerationem;
3150 763 3323 819 etiam
3350 764 3646 838 baptisma

1997 854 2306 922 utrumque
2347 849 2611 920 designat
2640 849 2962 922 Scriptura.
2988 852 3268 922 Equidem
3314 853 3470 910 haud
3520 855 3641 916 soio

1997 956 2069 994 an
2113 943 2231 995 tres
2280 938 2397 994 sint
2449 939 2817 1010 baptismatis
2862 939 3248 1012 acceptiones,
3298 944 3641 1016 expurgatio

1995 1029 2280 1096 sordium,
2315 1029 2673 1100 regeneratio
2726 1044 2828 1100 per
2869 1028 3173 1100 Spiritum,
3209 1034 3264 1086 et
3311 1048 3378 1087 ea
3426 1050 3551 1105 quae
3581 1034 3642 1092 in

1993 1119 2128 1192 igne
2149 1119 2357 1191 judicii
2390 1120 2453 1174 fit
2483 1119 2749 1191 probatio
2776 1137 2788 1174 :
2813 1121 2955 1175 adeo
2978 1125 3043 1175 ut
3073 1120 3290 1178 ablutio
3310 1124 3546 1194 quidem
3570 1125 3642 1182 de

1994 1226 2062 1265 ea
2093 1209 2311 1280 peccati
2343 1208 2723 1279 depositione,
2749 1226 2876 1280 quas
2920 1209 3031 1265 hoc
3078 1214 3337 1284 tempore
3368 1214 3454 1284 fit,
3487 1214 3640 1270 acci-

1996 1296 2210 1368 piatur,
2244 1295 2330 1350 hsa
2363 1311 2493 1350 vero
2525 1296 2831 1366 dictiones,
2857 1298 3058 1368 spiritu
3089 1300 3315 1368 iudicii,
3348 1305 3405 1356 et
3431 1303 3644 1373 spiritu

1993 1386 2406 1452 combustionis,
2439 1385 2510 1440 ad
2559 1385 2960 1456 probationem
2993 1403 3097 1457 per
3125 1388 3317 1460 ignem
3352 1390 3411 1445 in
3445 1391 3641 1450 futuro

1996 1474 2207 1528 seculo
2266 1475 2611 1546 exigendam
2673 1474 3019 1529 referantur.
3053 1476 3164 1531 Sed
3222 1478 3484 1536 admissa
3540 1498 3644 1553 per

1994 1563 2384 1635 ignorantiam
2417 1567 2674 1634 peccata,
2707 1579 2840 1617 cum
2891 1563 3011 1618 sint
3039 1564 3215 1620 veluti
3250 1567 3453 1624 sordes
3485 1585 3645 1640 quaa-

1996 1653 2152 1722 dam,
2177 1668 2305 1723 quae
2337 1652 2543 1707 animae
2567 1651 2934 1722 superficiem
2968 1659 3372 1726 corrumpunt,
3397 1657 3644 1729 ejusque

1995 1741 2249 1796 nativam
2284 1741 2614 1796 deformant
2656 1740 3188 1812 pulchritudinem;
3223 1745 3642 1817 expurgatione

233 1829 594 1903 καθαρισμοῦ*
645 1829 702 1882 αἱ
754 1825 811 1883 δὶ
867 1829 1006 1904 πρὸς
1050 1827 1273 1893 θάνατον
1304 1827 1561 1924 ἁμαρτίαι
1587 1832 1697 1882 τῶν
1729 1825 1884 1882 ἄκου-

2005 1847 2122 1901 quae
2154 1847 2258 1903 per
2303 1829 2652 1886 lavationem
2685 1847 2996 1886 accessura
3045 1831 3122 1887 sit
3167 1832 3431 1906 indigent
3466 1850 3479 1888 :
3512 1851 3642 1907 quae

235 1916 370 1979 σίως
399 1917 891 1992 ἐξαμαρτανόντων,
953 1919 1086 1992 μετὰ
1141 1919 1204 1972 τὸ
1262 1912 1448 1972 λαϐεῖν
1497 1919 1594 1986 τὴν
1655 1914 1886 1991 ἐπίγνω-

237 2027 350 2076 σιν,
404 2007 537 2077 αἷμα
561 2005 1080 2083 προσαγορεύονται,
1140 2005 1386 2079 δεόμεναι
1435 2012 1536 2075 τῆς
1570 2004 1622 2060 ἰν
1655 2027 1734 2078 τῳ
1762 2005 1887 2059 καύ-

242 2115 373 2168 ματι
423 2093 665 2169 κρίσεως.
729 2081 877 2152 Ἐπεὶ
911 2093 1002 2149 οὖν
1036 2096 1064 2149 6
1096 2093 1604 2170 ἐξομολογούμενος
1635 2095 1722 2148 καὶ
1756 2081 1912 2149 πλυέ

240 2185 401 2252 θῆναι
455 2182 598 2254 ἀξιοῖ
637 2183 728 2238 καὶ
776 2186 1188 2259 καθαρισθῖψαι,
1237 2185 1330 2239 καὶ
1381 2185 1479 2252 τὴν
1517 2183 1612 2256 μὶν
1662 2180 1886 2256 ἀνομίαν

244 2269 493 2333 πλύσεώς
543 2293 676 2349 φησι
730 2269 958 2347 δεῖσθαι,
1000 2274 1098 2342 τὴν
1132 2270 1190 2329 δὲ
1219 2271 1482 2349 ἁμαρτίαν
1528 2273 1890 2345 καθαρισμοῦ,

248 2357 417 2435 λίγων
449 2403 464 2416 .
544 2360 667 2416 Ἐπὶ
741 2358 932 2415 πλεῖον
985 2361 1188 2417 πλῦνόν
1242 2381 1309 2435 με
1360 2361 1466 2416 ἀπὸ
1515 2367 1616 2430 τῆς
1664 2358 1890 2432 ἀνομίας

256 2472 377 2524 μου,
430 2453 521 2506 καὶ
582 2452 689 2506 ὰπὸ
737 2457 837 2522 τῆς
893 2451 1156 2527 ἁμαρτίας
1217 2473 1323 2527 μου
1363 2450 1650 2528 καθάρισόν
1711 2472 1798 2525 με.
1830 2451 1893 2504 Οἱ

257 2539 346 2610 μὶν
403 2539 582 2609 πάντη
642 2539 873 2611 ἀνήκοοι
903 2544 1010 2595 τῶν
1041 2541 1198 2605 θείων
1235 2540 1596 2615 μαθημάτων,
1628 2540 1753 2616 πρὶν
1791 2559 1892 2612 μα-

253 2629 356 2682 θεῖν
412 2629 506 2683 τὸν
564 2624 735 2704 λόγον
790 2629 1208 2706 ἡμαρτηκότες,
1266 2630 1432 2685 οἷονεῖ
1493 2624 1890 2707 ἐῤῥυπωμόνοι,

250 2721 345 2772 τοῦ
372 2719 603 2773 ἀπὸτοῦ
649 2715 843 2780 ὕδατος
890 2717 1099 2774 δέονται
1147 2723 1507 2794 καθαρισμοῦ·
1569 2719 1620 2773 ol
1653 2716 1710 2773 δὲ
1759 2716 1894 2791 μετὰ

248 2807 308 2860 τὸ
354 2801 542 2860 λαϐεῖν
596 2807 694 2876 τὴν
747 2808 890 2876 ζωὴν
940 2803 1383 2870 ἆπιϐουλεύοντες
1439 2809 1668 2877 ἑαυτοῖς,
1726 2806 1888 2880 αἳμα-

248 2913 296 2948 τι
499 2891 648 2958 ὄντες
708 2894 914 2972 ἔνοχοι,
944 2899 1040 2951 τοῦ
1072 2895 1128 2952 ἐκ
1154 2901 1252 2952 τοῦ
1280 2898 1453 2970 πυρὸς
1485 2894 1692 2952 δέονται
1724 2897 1889 2950 καθα-

251 2989 463 3060 ρισμοῦ.
497 2990 650 3039 Ἔστι
685 2983 742 3040 δὲ
788 2985 878 3041 καὶ
926 2985 1291 3063 ἁπλούστερον
1344 2981 1610 3042 ἰκλάϐεἶν.
1654 2987 1778 3043 ’Ὁτι
1824 2984 1890 3039 τὰ

257 3074 343 3147 μὶν
404 3072 707 3130 ἑπιπόλαια
761 3080 870 3130 τῶν
941 3077 1350 3152 ἁμαρτημάτων
1405 3079 1517 3149 (36)
1579 3075 1734 3153 ῥύπῳ
1781 3074 1888 3128 τινὶ

251 3161 405 3218 ἔοικε
464 3162 534 3219 τὰ
585 3160 644 3218 δὶ
691 3160 781 3218 διὰ
831 3165 1026 3240 βάθους
1071 3164 1131 3221 ἐκ
1176 3162 1460 3228 διαθέσεως
1487 3167 1586 3234 τῆς
1636 3165 1770 3239 πρὸς
1822 3164 1885 3219 τὸ

1995 1935 2129 1974 vero
2157 1920 2225 1974 ad
2263 1923 2509 1974 mortem
2559 1919 2783 1973 ducunt
2814 1923 3070 1991 peccata,
3103 1936 3326 1990 eorum,
3360 1923 3461 1994 qui
3508 1928 3642 1995 post

1997 2013 2292 2080 acceptam
2325 2007 2720 2079 cognitionem
2752 2007 3075 2064 voluntarie
3104 2009 3475 2081 delinquunt,
3503 2029 3636 2068 san-

1997 2097 2131 2170 guis
2163 2102 2463 2164 vocantur,
2486 2113 2550 2152 ac
2592 2096 2843 2152 ustionis
2878 2097 3105 2167 judicio
3135 2104 3326 2170 egent.
3360 2100 3640 2173 Quisquis

1998 2187 2179 2259 igitur
2198 2188 2527 2251 confitetur,
2550 2202 2731 2256 seque
2753 2184 2910 2240 ablui
2943 2185 3201 2258 postulat
3221 2192 3276 2242 et
3305 2190 3638 2260 expurgari,

2000 2275 2215 2330 fatetur
2263 2291 2430 2330 suam
2463 2273 2700 2345 quidem
2758 2273 3129 2345 iniquitatem
3180 2275 3391 2344 lotura,
3440 2294 3638 2349 pecca-

1998 2366 2124 2418 tum
2155 2380 2287 2419 vero
2316 2362 2732 2435 expurgatione
2761 2362 3043 2436 indigere,
3075 2381 3208 2420 cum
3239 2363 3321 2420 ait
3355 2381 3366 2420 :
3392 2366 3645 2439 Amplius

2003 2452 2126 2508 lava
2154 2469 2242 2507 me
2271 2453 2340 2507 ab
2369 2452 2664 2523 iniquitate
2701 2468 2844 2522 mea,
2870 2457 2922 2508 et
2951 2469 2984 2507 a
3007 2457 3228 2524 peccato
3253 2469 3392 2529 ,φηεο
3437 2453 3647 2511 munda

1999 2559 2086 2598 me
2103 2544 2170 2595 δ’.
2196 2541 2301 2608 Qui
2335 2544 2487 2596 certe
2512 2541 2581 2596 de
2612 2540 2825 2597 divinis
2847 2543 3212 2598 documentis
3234 2543 3380 2598 nihil
3404 2545 3644 2601 omnino

2001 2631 2295 2699 audivere,
2321 2631 2367 2686 si
2403 2629 2746 2702 priusquam
2779 2631 3017 2686 verbum
3040 2631 3351 2699 discerent,
3377 2649 3645 2704 peccave-

2000 2738 2081 2790 re,
2104 2721 2143 2776 ii
2175 2721 2260 2776 uti
2311 2720 2583 2776 sordibus
2616 2719 2800 2792 operti
2846 2719 3112 2790 indigent
3161 2725 3225 2776 ut
3276 2737 3379 2792 per
3425 2738 3638 2793 aquam

1999 2815 2323 2883 purgentur
2351 2827 2364 2865 :
2397 2809 2493 2880 qui
2522 2825 2654 2864 vero
2689 2813 2820 2880 post
2847 2816 3141 2881 acceptam
3171 2809 3353 2865 vitam
3383 2809 3494 2865 sibi
3527 2809 3640 2881 ipsi

1997 2899 2369 2965 insidiantes,
2402 2898 2654 2953 reddunt
2685 2914 2745 2953 se
2773 2898 3050 2970 sanguini
3079 2898 3378 2966 obnoxios,
3403 2913 3640 2956 necesse

1997 2993 2105 3058 est,
2129 2989 2235 3044 hos
2268 2985 2502 3060 purgari
2524 3003 2626 3058 per
2650 2987 2867 3058 ignem.
2884 2987 3034 3054 Quin
3054 2991 3111 3042 et
3141 2986 3283 3042 illud
3309 2987 3639 3060 simplicius

1998 3082 2192 3152 potest
2220 3075 2513 3148 explicari.
2540 3075 2841 3146 Siquidem
2866 3075 2979 3130 sita
3008 3075 3067 3130 in
3088 3074 3396 3147 superficie
3425 3075 3641 3133 delicta

1999 3167 2220 3224 similia
2248 3169 2386 3220 sunt
2417 3164 2690 3220 sordibus
2723 3156 3083 3236 quibusdam
3107 3181 3120 3219 :
3147 3168 3382 3235 peccata
3411 3181 3544 3222 vero
3575 3181 3644 3221 ex

250 3252 403 3307 κακὸν
473 3255 585 3307 τῶν
661 3230 1140 3327 πλημμελούντων
1177 3257 1184 3272 ³
1218 3230 1635 3330 ἁμαρτανόμενα
1676 3230 1889 3328 ,αἵματι

2005 3253 2472 3327 delinquentium
2505 3253 2713 3308 affectu
2742 3230 2817 3308 in
2863 3251 3084 3308 malum
3115 3230 3499 3326 propendenti
3531 3253 3646 3313 alte

252 3342 645 3418 παρεικάζεται.
706 3343 800 3396 Διὸ
848 3343 935 3397 καὶ
987 3342 1045 3397 ἐκ
1111 3344 1274 3417 μέσου
1328 3347 1434 3399 τῶν
1492 3345 1894 3419 ἡμαρτηκότων

257 3427 340 3485 διὰ
388 3436 494 3499 τῆς
546 3434 646 3485 τοῦ
691 3429 1000 3504 πνεύματος
1055 3431 1294 3495 καύσεως
1338 3432 1774 3506 εκκαθαρίζεσθαι
1831 3433 1894 3488 τὸ

257 3521 384 3592 αἷμα
411 3518 655 3595 λέγεται.

321 3610 445 3665 138.
500 3608 607 3664 Καὶ
663 3605 802 3680 ἥξει,
860 3608 950 3663 καὶ
1000 3602 1146 3664 ἔσται
1203 3614 1309 3672 πᾶς
1363 3609 1530 3672 τόπος
1582 3614 1678 3666 τοῦ
1735 3608 1896 3686 ὅρους

258 3699 395 3752 Σιὼν
425 3739 440 3766 ,
501 3698 593 3752 καὶ
663 3696 836 3752 πάντα
901 3696 969 3752 τὰ
1041 3697 1164 3773 περὶ
1221 3696 1411 3772 κύκλῳ
1459 3700 1629 3765 αὐτῆς
1689 3698 1891 3754 σκιάσει

254 3783 447 3864 νεφέλη
494 3785 725 3862 ἡμέρας,
781 3783 872 3840 καῖ
929 3786 1003 3850 ὡς
1056 3791 1261 3841 καπνοῦ
1310 3788 1444 3861 (37),
1500 3788 1588 3842 καὶ
1648 3788 1720 3850 ὡς
1778 3810 1895 3866 cpe)-

253 3874 337 3936 τὸς
405 3874 706 3948 καιομένου
783 3876 996 3946 νυκτὸς,
1070 3875 1217 3951 πάσῃ
1277 3877 1349 3948 τῇ
1405 3873 1532 3951 δόξῃ
1591 3879 1892 3948 σκεπασθή-

254 3983 413 4020 σεται.
477 3963 579 4018 Καὶ
633 3962 781 4018 ἔσται
841 3962 914 4027 εἷς
971 3963 1122 4019 σκιὰν
1183 3965 1287 4020 ἀπὸ
1345 3965 1643 4038 καύματος,
1704 3966 1793 4021 καὶ
1842 3964 1893 4021 ἐν

255 4052 441 4127 σκέπῃ,
529 4053 622 4108 καὶ
699 4052 751 4108 ἐν
818 4054 1118 4130 ἀποκρύφῳ
1181 4055 1286 4110 ἀπὸ
1358 4054 1734 4130 σκληρότητος
1805 4058 1896 4113 καὶ

255 4144 422 4200 ὑετοῦ.
459 4145 614 4202 Μετὰ
639 4147 742 4214 τήν
777 4146 880 4200 ὑπὸ
908 4149 1004 4201 τοῦ
1045 4143 1281 4223 λουτροῦ
1327 4148 1610 4222 κάθαρσιν,
1658 4151 1744 4204 καὶ
1796 4152 1892 4220 τὴν

254 4233 305 4287 ἐκ
350 4234 646 4307 μετανοίας
697 4235 1060 4309 ἀποκάθαρσιν
1118 4238 1251 4309 (38),
1311 4236 1448 4309 ἥξει,
1483 4237 1636 4315 φησὶ,
1687 4240 1894 4314 καιρὸς,

254 4321 333 4376 ὅτε
383 4328 493 4384 πᾶς
549 4321 720 4386 τόπος
781 4322 1191 4394 οἶκειωθήσεται
1248 4328 1328 4396 τῷ
1385 4320 1498 4401 lipsi
1547 4324 1896 4381 Σιώνοτουτ-

252 4410 407 4484 εστιν,
442 4409 680 4484 ὑψηλὸς,
738 4411 828 4466 καὶ
875 4416 983 4468 τῶν
1050 4414 1319 4488 οὐρανίων
1379 4413 1512 4469 εἶναι
1544 4416 1896 4478 σκοπευτικὸς

252 4501 727 4572 καταξιωθήσεται.
762 4501 916 4558 Μετὰ
943 4501 1004 4556 τὸ
1052 4497 1404 4567 ίπιλαϐἐσθαι
1440 4501 1633 4580 ἀνδρὸς
1663 4507 1774 4578 (39)
1803 4505 1898 4569 τὰς

2003 3344 2314 3417 impressa,
2355 3341 2628 3414 sanguini
2671 3345 3105 3413 comparantur.
3137 3341 3500 3416 Quapropter
3545 3359 3648 3400 ex-

2004 3433 2348 3507 purgandus
2381 3431 2598 3487 dicitur
2638 3429 2882 3503 sanguis
2912 3431 2982 3485 de
3023 3431 3212 3487 medio
3242 3431 3417 3488 etiam
3447 3448 3651 3490 eorum

2005 3523 2107 3595 qui
2138 3538 2448 3595 peccavere
2479 3537 2578 3592 per
2609 3519 2852 3592 spiritus
2885 3521 3200 3576 ustionem.

2078 3614 2200 3668 138.
2231 3612 2411 3668 Vsas.
2442 3614 2496 3666 5.
2531 3613 2594 3666 Et
2624 3612 2823 3676 veniet,
2856 3613 2906 3665 et
2933 3611 3036 3667 erit
3079 3612 3257 3666 omnis
3306 3611 3456 3668 locus
3494 3627 3654 3668 mon-

2006 3705 2078 3760 tis
2124 3703 2275 3767 Sion,
2309 3706 2359 3757 et
2388 3701 2582 3756 omnia
2630 3715 2754 3771 quae
2803 3701 2864 3754 in
2911 3701 3151 3755 circuitu
3204 3701 3324 3768 eius
3379 3708 3526 3773 sunt,
3557 3702 3649 3759 ob-

2004 3792 2280 3850 umbrabit
2335 3791 2508 3844 nubes
2556 3805 2657 3859 per
2709 3789 2875 3856 diem,
2933 3793 2984 3844 et
3041 3796 3310 3859 tanquam
3363 3791 3541 3860 fumo,
3597 3793 3650 3845 et

2005 3892 2266 3954 tanquam
2302 3878 2424 3933 luce
2454 3878 2688 3932 ardente
2723 3893 2821 3946 per
2849 3884 3059 3932 noctem
3071 3894 3091 3938 ;
3125 3878 3280 3931 omni
3303 3875 3494 3948 gloria
3515 3892 3646 3947 pro-

2006 3975 2236 4041 tegetur.
2289 3970 2352 4023 Et
2401 3967 2504 4021 erit
2551 3967 2610 4021 in
2659 3966 2912 4020 umbram
2969 3966 3036 4019 ab
3091 3974 3251 4030 aestu,
3300 3969 3353 4019 et
3402 3967 3462 4018 in
3516 3980 3645 4034 pro-

2005 4063 2313 4126 tectionem,
2344 4061 2394 4113 et
2439 4056 2494 4110 in
2546 4055 2958 4110 absconsioncm
2987 4053 3054 4107 ab
3085 4055 3381 4123 asperitate
3419 4062 3472 4108 et
3517 4054 3647 4124 ptu-

2005 4151 2115 4205 υἰα.
2147 4149 2462 4219 Postquam
2526 4145 2675 4198 facta
2730 4142 2996 4214 purgatio
3048 4145 3137 4197 est
3182 4157 3284 4214 per
3328 4140 3649 4209 lavacrum,

2007 4243 2064 4294 et
2093 4243 2222 4311 post
2272 4234 2748 4308 expurgationem
2782 4247 2908 4302 quas
2958 4230 3024 4286 fit
3072 4247 3174 4303 per
3219 4230 3652 4302 paenitentiam,

2007 4335 2260 4399 tempus,
2321 4325 2532 4396 inquit,
2590 4320 2802 4386 veniet,
2858 4335 2992 4376 cum
3049 4319 3213 4375 locus
3270 4318 3459 4376 omnis
3517 4335 3652 4376 cum

2009 4421 2206 4472 monte
2223 4415 2359 4470 Sion
2384 4410 2877 4469 necessitudinem
2896 4408 3362 4481 afﬁnitatemque
3383 4409 3656 4478 habebit;

2007 4505 2116 4561 hoc
2147 4509 2256 4571 est,
2289 4503 2398 4558 erit
2435 4500 2732 4566 sublimis,
2765 4514 2832 4554 ac
2882 4498 3097 4570 dignus
3141 4497 3498 4570 idoneusque
3527 4497 3655 4553 efﬁ-

255 4588 383 4644 ἑπτὰ
438 4595 724 4665 γυναῖκας,
749 4591 838 4645 καὶ
872 4589 1178 4665 ἐπιλάμψαι
1233 4591 1426 4666 Κύριον
1473 4594 1606 4666 μετὰ
1657 4590 1816 4664 δόξης
1845 4593 1891 4648 ἐν

2008 4595 2208 4658 cietur,
2237 4609 2304 4648 ex
2327 4608 2441 4662 quo
2464 4594 2804 4661 spectentur
2824 4588 3098 4644 cmlestia.
3132 4591 3522 4660 Posteaquam
3552 4603 3654 4659 ap-

255 4676 454 4752 βουλῇ,
510 4682 609 4734 τοῦ
639 4679 850 4754 ὑψῶσαι
880 4680 967 4734 καὶ
1020 4678 1236 4752 δοξάσαι
1282 4680 1346 4736 τὸ
1395 4683 1748 4757 καταλειφθὲν
1797 4687 1893 4738 τοῦ

313 4823 336 4858 ⁸
362 4823 573 4880 Matth.
607 4839 695 4893 ω,
724 4824 812 4881 11.
888 4825 935 4862 δ’
964 4823 1116 4884 Psal.
1147 4842 1198 4897 ιι,
1226 4826 1280 4882 4.

333 4983 425 5058 33)
457 4982 711 5058 ςιοᾶὶωε
733 4982 977 5058 aliquot,
1011 4981 1128 5040 οὖν.

331 5055 427 5125 34)
461 5054 851 5130 Combeﬁsiué
881 5061 1048 5130 putat
1094 5057 1317 5129 aliquid
1371 5062 1504 5130 post
1533 5073 1734 5115 vocem
1764 5058 1898 5130 ἀναέ

281 5125 496 5198 ἑννησιν
531 5127 766 5198 deesse;
807 5125 982 5185 et'de
1029 5145 1136 5185 suo
1184 5125 1546 5186 confidenter
1592 5130 1776 5197 addit,
1807 5129 1896 5184 καὶ

324 5196 523 5270 πυρός,
555 5207 705 5271 (tea:
751 5196 897 5271 igne.
929 5201 1045 5257 Nec
1091 5202 1242 5257 satis
1289 5201 1520 5271 habuit
1547 5203 1603 5258 id
1655 5196 1895 5271 fecisse;

243 5275 526 5344 praeterea
555 5270 753 5344 paulog
777 5270 1059 5344 superius
1106 5289 1210 5344 pro
1242 5272 1364 5338 illo,
1396 5273 1424 5326 6
1455 5270 1668 5343 Κύριος,
1702 5274 1783 5330 ait
1812 5270 1896 5329 le?

241 5338 525 5417 gendum,
556 5338 588 5396 ὖ
618 5338 956 5417 πρόδρομος,
983 5338 1313 5417 praet-mmor.
1348 5345 1470 5414 Hic,
1507 5338 1568 5400 ut
1599 5338 1736 5402 alibi
1772 5363 1901 5417 pas-

243 5412 524 5488 sim,gsibi
552 5412 1186 5488 Amultum‘trib’uitvir
1215 5415 1436 5488 alioqui
1458 5412 1850 5474 doctissimus
1882 5433 1894 5471 :

246 5501 352 5540 nos
384 5486 707 5544 inaudaces
737 5485 1020 5543 libentius
1049 5486 1232 5544 libros
1258 5485 1382 5544 tum
1419 5506 1596 5546 manu
1636 5495 1900 5546 exaratos

246 5561 368 5631 tum
405 5559 564 5631 typis
594 5558 924 5631 descriptos
953 5559 1279 5631 sequimur.

319 5627 437 5702 (35)
466 5627 645 5702 Editi,
676 5627 922 5700 δαυτοὺς,
969 5627 1222 5703 uitiatae.
1254 5633 1326 5689 At
1368 5635 1612 5705 uterque
1642 5633 1902 5693 Combef.

257 5701 312 5752 αἱ
339 5699 440 5758 Ilii
468 5706 612 5777 tres,
646 5701 883 5777 ὶαυτοῖς,
913 5698 1124 5778 αἵματι.

593 5747 612 5777 ﬁ
646 5744 740 5758 ν’*
756 5744 883 5777 ’⁷⁷⁸1
914 5744 1124 5777 ’⁸⁸1⁵⁵⁸⁸⁵⁸⁸

2003 4679 2420 4756 prehenderint
2459 4679 2648 4734 virum
2701 4677 2978 4733 mulieres
3009 4680 3256 4749 septem,
3290 4679 3348 4733 et
3395 4676 3655 4750 illuxerit

2078 4987 2187 5059 (36)
2220 4986 2356 5057 Reg.
2389 4984 2638 5059 primus,
2689 4985 2795 5036 τῶν
2833 4982 3132 5059 ἁμαρτιῶν.
3167 4979 3374 5038 Statim
3422 4979 3565 5037 editi
3596 4985 3654 5059 et

2006 5054 2179 5115 unus
2215 5054 2353 5128 msZ,
2384 5054 2820 5131 παρεικάζονται.
2860 5054 2971 5109 Alii
3021 5058 3141 5110 tres
3191 5070 3361 5124 11188.,
3393 5054 3651 5128 παρεικά-

2040 5149 2174 5184 εται.

2009 5134 2190 5271 tua?)
2222 5199 2307 5255 Ita
2349 5202 2574 5254 veteres
2605 5200 2859 5271 quatuor
2904 5194 3076 5271 libri;
3121 5212 3235 5271 nec
3281 5195 3460 5271 aliter:
3500 5195 3655 5271 apud

2009 5266 2149 5328 LXX
2177 5266 2281 5327 aut
2312 5272 2464 5342 apud
2498 5266 3081 5342 Eusebiumlegitur.
3102 5266 3658 5342 Antiquuspombe:

2011 5345 2124 5399 ﬁsii
2185 5335 2379 5408 codei,
2432 5342 2655 5401 καπνός.
2689 5341 2864 5404 Editi,
2904 5335 3137 5394 καπνόν.
3180 5335 3310 5394 Mox
3359 5337 3517 5408 editi,
3566 5335 3657 5390 καὶ

2011 5417 2176 5488 πάσῃ).
2210 5413 2423 5470 Vocula
2453 5413 2540 5466 καί
2576 5414 2631 5468 in
2655 5430 2808 5488 mss.
2842 5428 2956 5488 non
2990 5411 3297 5488 reperitur.

2082 5477 2196 5558 (38)
2228 5489 2460 5541 Veteres
2491 5491 2622 5558 tres
2653 5484 2808 5550 libri,
2839 5482 2929 5558 καὶ
2959 5477 3149 5551 rip—ix
3176 5478 3468 5558 rogaupoe
3519 5477 3654 5531 ἀπο-

2011 5553 2352 5624 κατάστασιν,
2384 5561 2502 5629 post
2531 5556 3056 5625 redintegralionem
3083 5569 3208 5624 quae
3232 5555 3294 5623 ﬁt
3317 5567 3416 5623 per
3445 5553 3649 5622 ignem.

2012 5631 2206 5687 Lectio
2236 5647 2268 5684 ο
2313 5629 2479 5685 tima.

2085 5702 2191 5757 (39)
2221 5647 2431 5757 Agdita
2459 5717 2479 5757 ε

2085 5702 2191 5773 (39)
2221 5694 2431 5759 Addita
2459 5703 2548 5758 est
2575 5716 2702 5770 vox,
2735 5694 2951 5773 ἀνδρός,
2980 5713 3049 5755 ex
3077 5696 3216 5768 Reg.
3251 5695 3480 5765 quarto.
