4130 6210
425 371 543 434 343

1379 365 1772 427 APPENDIX
1815 362 2143 426 OPERUM
2187 363 2252 424 S.
2299 363 2585 424 BASILlI
2629 363 2904 425 MAGNI.

2889 209 2898 242 l

3737 365 3862 425 344

432 503 721 560 Dominus
743 519 876 559 cum
903 501 1092 575 gloria
1121 501 1178 556 in
1200 500 1469 566 consilio,
1488 504 1555 555 ut
1575 499 1788 555 exaltet
1815 502 1876 554 et
1903 497 2090 571 gloria

2203 492 2447 570 Ἰσραήλ*
2480 496 2570 550 ὅτε
2618 494 2710 550 καὶ
2764 495 2910 570 ἅγιοι
2957 493 3291 566 ικλήθησαν,
3322 493 3411 551 διὰ
3455 495 3520 551 τὸ
3576 494 3860 568 ἱκπλοθῆ-

436 592 659 650 afﬁciat
680 591 961 664 reliquias
983 591 1246 657 Israelis;
1271 605 1526 661 cumque
1545 589 1819 645 sordibus
1841 587 2092 643 filiarum

437 682 576 737 Sion
610 681 850 748 ablutis,
885 698 950 735 ac
997 679 1284 751 sanguine
1316 680 1386 734 de
1425 678 1618 734 medio
1649 693 1850 734 eorum
1883 694 2092 749 expur-

439 776 594 842 gato,
628 770 813 825 sancti
862 769 1046 824 vocati
1097 766 1333 834 fuerint,
1368 767 1521 822 476
1570 770 1694 821 tum
1747 781 1817 820 ea
1863 781 1990 836 quze
2031 763 2092 817 in

439 858 690 914 circuitu
745 857 1071 913 Jerusalem
1134 861 1295 924 sunt,
1328 855 1706 912 obumbrabit
1752 855 1936 910 nubes
1992 869 2094 924 per

440 948 619 1016 diem,
645 947 726 1002 ita
758 950 822 1001 ut
846 947 1112 1000 umbram
1139 945 1474 1017 suppeditet
1493 945 1561 1000 ad
1588 943 1968 999 coercendum
1993 959 2094 998 aes-

438 1041 588 1106 tum,
621 1040 1008 1108 protegatque
1051 1035 1123 1088 ab
1171 1036 1488 1104 asperitate
1537 1050 1600 1088 ac
1654 1031 1876 1105 pluvia;
1908 1036 1966 1086 et
1995 1029 2096 1086 lux

437 1141 684 1181 accensa
711 1126 953 1194 occupet
975 1127 1228 1189 noctem,
1252 1122 1446 1193 sitque
1474 1121 1662 1193 gloria
1692 1120 1862 1191 quasi
1893 1120 2093 1175 fumus

437 1213 678 1285 quidam
709 1211 808 1282 qui
835 1211 1035 1268 omnia
1064 1210 1471 1284 apprehendit.
1495 1210 1868 1264 Arhitramur
1897 1213 2091 1263 autem

435 1300 556 1356 haec
587 1299 852 1372 promitti
886 1299 1078 1374 iisqui
1114 1298 1315 1370 requie
1345 1298 1564 1353 fuerint
1585 1297 1767 1368 digni.
1788 1297 1931 1352 Nam
1956 1312 2089 1351 cum

436 1389 496 1444 in
519 1390 690 1445 domo
716 1389 907 1443 Patris
931 1373 1268 1444 mansiones
1301 1387 1498 1441 multa:
1533 1387 1711 1453 sint",
1736 1387 2094 1456 diversaeque

438 1477 843 1550 conditionum
864 1475 1313 1546 distributiones
1336 1475 1781 1530 reserventurin
1803 1474 1905 1529 illa
1921 1474 2094 1530 heare-

439 1565 640 1638 ditatis
684 1571 859 1634 terra,
885 1581 1061 1636 quam
1094 1564 1426 1636 possessuri
1475 1563 1650 1619 mites
1699 1563 1899 1630 sunt”,
1933 1579 2091 1618 com-

441 1659 674 1727 perium
719 1657 809 1709 est
860 1653 1090 1724 aliquos
1121 1653 1358 1724 quidem
1407 1651 1466 1707 in
1515 1651 1822 1720 splendore
1848 1650 2092 1707 visionis

442 1741 566 1811 Dei,
599 1741 826 1814 aliquos
848 1757 990 1816 .vero
1022 1742 1134 1796 sub
1169 1741 1426 1814 tegmine
1455 1741 1776 1797 caelestium
1807 1741 2089 1795 virtutum

443 1817 834 1904 re‘quieturos,
868 1829 1014 1885 alios
1042 1829 1296 1902 denique
1344 1829 1404 1885 in
1461 1829 1643 1902 gloria
1699 1845 1767 1884 ex
1821 1827 1923 1885 illa
1965 1828 2090 1885 luce

443 1918 614 1990 quasi
645 1934 712 1974 ex
766 1918 924 1974 fumo
967 1918 1264 1990 resiliente
1293 1918 1652 1974 occultatum
1699 1916 1792 1972 iri.
1826 1918 2094 1974 Fortasse

443 2011 638 2062 autem
688 2006 803 2080 ipsi
835 2007 972 2064 Sion
1014 2006 1112 2061 lux
1146 2005 1468 2080 all‘ulgebit,
1500 2009 1677 2078 atque
1706 2005 1832 2062 loca
1879 2006 1930 2061 ei
1983 2005 2093 2062 cir-

443 2096 734 2167 cumjecta
763 2113 867 2168 per
896 2096 1049 2152 diem
1084 2095 1410 2151 illustrabit
1441 2095 1648 2162 nubes,
1681 2112 1808 2166 quae
1839 2112 1956 2150 non
1987 2095 2092 2151 ali-

443 2185 600 2240 unde
638 2201 814 2256 quam
865 2185 937 2240 ab
986 2185 1114 2256 ipso
1159 2184 1383 2239 lumine
1433 2201 1606 2239 suum
1652 2187 1846 2239 ortum
1887 2183 2089 2240 trahit.

441 2274 946 2338 Quemadmodum
977 2275 1174 2328 fumus
1205 2274 1277 2328 ab
1308 2273 1464 2344 igne,
1491 2273 1572 2328 ita
1602 2290 1637 2328 a
1667 2272 1890 2328 lumine
1920 2272 2094 2328 habet

439 2362 842 2418 exsistentiam
864 2363 1196 2427 nubes,suh
1215 2379 1332 2434 qua
1349 2362 1449 2433 qui
1471 2363 1701 2434 degent,
1718 2378 1930 2432 magna
1951 2365 2092 2416 sunt

441 2449 675 2505 fruituri
704 2450 910 2522 gloria,
934 2452 1085 2520 quod
1120 2451 1192 2506 ab
1222 2451 1352 2522 ipsa
1375 2451 1528 2506 nube
1560 2450 2090 2522 illustrentur,quze

439 2539 503 2594 in
535 2544 681 2594 aestu
728 2540 962 2610 quidem
995 2556 1056 2595 se
1087 2539 1363 2611 expandit
1413 2556 1594 2611 supra
1641 2540 1832 2610 capita
1862 2556 2086 2606 eorum,

441 2626 640 2698 eisque
673 2645 782 2684 sua
807 2629 1016 2683 umbra
1038 2633 1263 2700 gratam
1288 2628 1454 2684 affert
1483 2627 1926 2683 oblectationem
1955 2646 1967 2683 :
1996 2629 2090 2684 de-

441 2715 775 2772 cidentibus
805 2733 940 2772 vero
998 2717 1223 2788 asperis
1268 2715 1578 2781 imbribus,
1609 2717 1794 2772 vicem
1854 2717 2089 2788 supplet

440 2804 608 2860 densi
638 2821 704 2860 ac
733 2803 904 2860 solidi
953 2803 1300 2873 umbraculi,
1335 2810 1392 2860 et
1433 2821 1785 2876 magnopere
1835 2806 2088 2878 protegit

439 2907 560 2963 eos,
585 2894 684 2964 qui
707 2910 855 2965 opus
875 2893 1096 2948 habent
1120 2894 1376 2965 quodam
1401 2893 1664 2961 latibulo,
1685 2899 1741 2948 et
1761 2910 1870 2948 sua
1897 2893 2086 2965 ipsius

439 2981 728 3037 densitate
758 2982 1001 3037 obtutus
1051 2986 1226 3037 arcet.
1260 2981 1561 3052 Ejusmodi
1609 2985 1734 3036 erat
1781 2983 1964 3037 nubes
1994 2981 2084 3036 lu-

438 3069 592 3138 cida,
634 3087 760 3142 qua
812 3070 871 3124 in
919 3069 1152 3125 Domini
1199 3071 1713 3142 transﬁguratione
1761 3070 2082 3142 discipulos

438 3157 695 3213 obvolvit
713 3160 753 3212 9.
777 3159 921 3213 Cum
954 3162 1147 3213 autem
1180 3158 1350 3214 nobis
1381 3159 1548 3229 quies
1578 3175 1643 3213 ac
1667 3158 1825 3213 velut
1855 3174 2083 3213 concre-

2200 603 2287 637 ναι
2341 583 2432 638 τὸν
2487 582 2649 658 ῥύπεν
2695 587 2802 638 τῶν
2838 583 3139 659 θυγατέρων
3172 585 3339 656 Σιὼν,
3397 583 3485 639 καὶ
3517 586 3635 658 (40)
3696 583 3857 640 ἐκκα-

2200 674 2518 748 θαρισθῆναι
2561 673 2624 728 τὸ
2672 675 2811 745 αἷμα
2860 672 3034 728 αὐτῶν
3067 672 3125 727 ἐκ
3154 672 3340 745 μίσου,
3373 673 3496 728 τότε
3527 675 3732 729 σκιάσει
3789 674 3860 730 τὰ

2200 762 2322 835 περὶ
2368 760 2559 833 κύκλῳ
2605 767 2706 830 τῆς
2753 760 3118 835 Ἰερουσαλὴμ
3172 760 3373 836 νεφέλη
3423 761 3653 836 ἡμέρας,
3718 762 3861 818 ὥστε

2202 855 2504 925 παρασχεῖν
2580 851 2730 904 σκιὰν
2807 850 2914 904 ἀπὸ
2986 850 3286 922 καύματος,
3339 849 3428 905 καί
3487 852 3688 922 σκέπην
3749 853 3858 907 ἀπὸ

2203 937 2580 1014 σκληρότητος
2634 937 2724 994 καὶ
2780 940 2970 994 ὑετοῦ·
3031 940 3129 1008 τὴν
3193 936 3252 994 δὲ
3301 939 3464 995 νύκτα
3524 940 3626 994 ὑπὸ
3679 941 3864 1018 φωτὸς

2201 1029 2523 1103 κατέχεσθαι
2603 1029 2921 1100 καιομίνου,
2981 1027 3070 1082 καὶ
3123 1029 3250 1082 εἶναι
3308 1029 3407 1097 τὴν
3471 1026 3626 1099 δόξαν
3685 1030 3860 1085 οἱονεὶ

2198 1118 2403 1172 καπνόν
2465 1138 2585 1172 τινα
2639 1119 2706 1171 τὰ
2762 1119 2931 1173 πάντα
2973 1113 3475 1190 ἐπιλαμϐάνουσαν.
3508 1118 3862 1193 Αογιζόμεθα

2202 1203 2260 1260 δὲ
2287 1210 2457 1260 ταῦτα
2486 1203 2916 1280 ἐπαγγέλλεσθαι
2973 1211 3090 1268 τοῖς
3140 1205 3311 1276 ἀξίοις
3337 1210 3434 1276 τῆς
3481 1208 3860 1270 ἀναπαύσεως.

2201 1296 2348 1348 Διότι
2375 1292 2604 1349 πολλῶν
2667 1299 2846 1366 μονῶν
2904 1294 3076 1349 οὐσῶν
3111 1293 3162 1348 ἓν
3196 1299 3264 1368 τῇ
3317 1294 3464 1366 οἰκίᾳ
3488 1299 3584 1349 τοῦ
3618 1297 3857 1371 Ηατρὸς,

2199 1382 2290 1437 καὶ
2347 1379 2607 1458 διαφόρου
2636 1380 3006 1456 κληροδοσίας
3030 1382 3394 1456 ἀποκειμένης
3424 1383 3477 1437 ἐν
3521 1388 3590 1457 τῇ
3641 1385 3716 1460 γῇ
3757 1391 3863 1454 τῆς

2199 1471 2594 1546 κληρονομίας,
2621 1473 2684 1540 ἣν
2713 1471 3228 1547 κληρονομήσουσιν
3262 1474 3372 1545 (41)
3409 1474 3463 1527 οἱ
3503 1479 3723 1548 πραεῖς,
3753 1471 3861 1544 δῆ-

2202 1559 2322 1627 λον,
2353 1559 2435 1614 ὅτι
2465 1561 2604 1622 τινες
2637 1561 2732 1632 μὲν
2765 1560 2818 1615 ἐν
2848 1564 2915 1634 τῇ
2948 1559 3272 1637 φαιδρότησι
3305 1564 3407 1625 τῆς
3437 1566 3537 1616 τοῦ
3567 1567 3702 1617 Θεοῦ
3733 1563 3863 1617 ἔπι·-

2202 1648 2444 1725 φανείας,
2491 1649 2632 1710 τινες
2682 1647 2739 1703 δὲ
2790 1649 2894 1704 ὑπὸ
2939 1650 3038 1718 τὴν
3090 1650 3294 1719 σκέπην
3324 1653 3428 1708 τῶν
3459 1649 3727 1725 οὐρανίων
3762 1649 3861 1706 δυ-

2199 1735 2412 1809 νάμεων
2445 1735 3138 1804 ἀναπαύσονταιικαὶᾶλλοι
3173 1739 3224 1792 ἐν
3258 1741 3325 1811 τῇ
3367 1735 3496 1811 δόξῃ
3525 1742 3594 1802 τῆ
3625 1739 3732 1794 ἀπὸ
3761 1744 3863 1794 τοῦ

2202 1824 2380 1902 φωτὸς
2414 1825 2488 1888 ὡς
2519 1825 2626 1880 ἀπὸ
2665 1830 2872 1880 καπνοῦ
2920 1825 3386 1900 καλυφθήσονται.
3432 1827 3592 1901 Τάχα
3623 1823 3682 1880 δὲ
3717 1827 3860 1901 αἰ)τῇ

2206 1913 2300 1986 μὲν
2349 1917 2418 1986 τῇ
2470 1914 2612 1968 Σιὼν
2663 1912 2963 1987 ἐπιλάμψαι
3008 1915 3071 1970 τὸ
3116 1919 3249 1991 φῶς·
3301 1911 3455 1970 τὰδὲ
3484 1914 3609 1987 περὶ
3657 1913 3855 1987 κύκλῳ

2201 2003 2374 2072 αὐτῆς
2403 2001 2699 2076 ἐπιλάμψει
2757 2002 2954 2077 νεφέλη
3011 2003 3242 2078 ἡμέρας.
3301 2001 3424 2072 ἥτις
3455 2002 3554 2060 οὐκ
3611 2000 3854 2067 ἄλλοθεν

2201 2087 2317 2166 ἔχει
2373 2093 2470 2160 τὴν
2542 2091 2745 2166 γένεσιν
2825 2094 2965 2164 (42),
3042 2093 3080 2162 ἢ
3137 2092 3227 2146 ἀπ’
3276 2091 3440 2146 αὐτοῦ
3487 2095 3586 2148 τοῦ
3643 2092 3849 2168 φωτός·

2201 2179 2382 2254 ὥσπερ
2457 2181 2656 2242 καπνὸς
2731 2180 2871 2236 ἀπὸ.
2910 2181 3102 2255 πυρὸς,
3165 2179 3341 2243 οὕτως
3393 2179 3527 2250 αὕτη
3588 2181 3693 2235 ἄπὸ
3749 2185 3854 2236 τοῦ

2200 2270 2378 2342 φωτὸς
2433 2271 2532 2337 τὴν
2588 2268 2835 2324 σύστασιν
2881 2266 3115 2344 ἔχουσα,
3166 2270 3252 2346 ὑφ’
3307 2271 3372 2338 ἣν
3429 2270 3480 2322 oi
3530 2271 3648 2342 (43)
3699 2266 3851 2324 διαι-

2202 2359 2434 2431 τώμενοι
2497 2357 2740 2434 μεγάλης
2791 2364 2891 2430 τῆς
2943 2355 3104 2428 δόξης
3149 2355 3574 2426 ἀπολαύσουσιν,
3629 2358 3704 2420 ὡς
3760 2359 3838 2414 ὑπ

2198 2447 2369 2515 αὐτῆς
2412 2454 2514 2517 τῆς
2560 2446 2790 2524 νεφέλης
2817 2445 3322 2519 καταλαμπόμενοι,
3375 2446 3426 2500 ἂν
3457 2446 3693 2518 καύματι
3749 2447 3848 2520 μὶν

2200 2534 2670 2608 ὑπερηπλωμὲνης
2725 2540 2831 2590 τῶν
2889 2534 3142 2614 κεφαλῶν
3175 2536 3375 2605 αὐτῶν,
3423 2534 3512 2590 καὶ
3562 2534 3755 2604 ἡδεῖαν
3790 2535 3849 2591 ἐκ

2193 2628 2290 2679 τοῦ
2320 2623 2678 2698 ἐπισκιασμοῦ
2707 2627 2822 2698 (44)
2849 2624 3236 2700 παρεχομένης
3268 2625 3562 2694 ἀναπνοήν·
3617 2619 3848 2698 ὄμϐρων

2196 2710 2254 2767 δὶ
2311 2717 2565 2788 σκληρῶν
2631 2712 3182 2789 καταρῥηγνυμὲνων,
3251 2714 3349 2780 τὴν
3406 2717 3513 2770 τῶν
3572 2718 3847 2788 στεγανῶν

2195 2802 2585 2874 σκεπασμάτων
2617 2801 2803 2877 χρείαν
2858 2801 3300 2876 ἀναπληρούσης,
3350 2800 3596 2865 καὶτοὺς
3645 2799 3857 2857 διαλαυ

2191 2891 2298 2944 θεῖν
2333 2887 2621 2963 δεομένους
2668 2891 2866 2952 ἱκανῶς
2909 2889 3368 2964 περισκεπούσης,
3415 2889 3504 2944 καὶ
3547 2893 3618 2963 τῇ
3648 2889 3855 2944 πυκνό-

2189 3000 2314 3050 τητι
2357 2983 2424 3053 τῇ
2465 2981 2591 3054 παρ’
2642 2980 2834 3048 εαυτῆς
2889 2976 3230 3054 διειργούσης
3275 2979 3368 3041 τὰς
3419 2975 3593 3052 ὄψεις.
3645 2977 3848 3035 Ὁποία

2187 3089 2273 3130 τις
2302 3070 2367 3136 ἦν
2412 3069 2547 3122 κατὰ
2583 3069 2684 3138 τὴν
2736 3067 3153 3144 μεταμόρφωσιν
3197 3071 3295 3130 τοῦ
3328 3066 3530 3143 Κυρίου
3561 3069 3596 3136 ἡ
3630 3088 3843 3144 φωτει-

2187 3157 2256 3224 νή
2285 3155 2482 3232 νεφέλη
2533 3156 2659 3218 τοὺς
2711 3156 2956 3229 μαθητὰς
3001 3155 3384 3232 περιστείλασα
3427 3158 3562 3230 (45).
3612 3153 3843 3225 Ἐπειδή

437 3245 520 3300 tio
543 3247 779 3316 signum
811 3247 886 3302 sit
916 3245 1274 3314 serenitatis;
1305 3222 1433 3317 ejus
1456 3245 1555 3317 qui
1579 3250 1721 3301 tunc
1749 3244 1860 3300 erit
1888 3250 2079 3302 status

2209 3222 2267 3301 δὲ
2295 3247 2330 3314 ἡ
2358 3222 2562 3308 ’στάσις
2611 3222 2721 3299 καὶ.
2757 3222 2870 3301 οἷον
2923 3247 2958 3314 ἡ
3009 3222 3280 3318 σύμπηξις
3308 3251 3406 3316 τῆς
3434 3222 3669 3323 vagiam
3695 3222 3864 3315 mve-

441 3332 931 3403 tranquillitatem
977 3349 1080 3404 per
1127 3333 1315 3404 ipsius
1348 3333 1523 3388 nubis
1564 3333 1975 3389 umbraculum
2009 3334 2100 3389 in-

443 3421 620 3477 dicat.
656 3421 941 3493 Equidem
977 3426 1041 3476 ut
1071 3423 1261 3476 adhuc
1287 3421 1503 3480 clarius
1534 3422 1930 3493 percipiamus
1961 3424 2100 3494 quid

341 3569 352 3578 κ
445 3510 524 3565 sit
551 3509 722 3578 illud,
751 3511 813 3563 In
841 3509 1248 3565 absconst‘vnem
1279 3511 1576 3565 velamenti
1602 3525 1734 3570 esse.
1767 3510 1967 3566 induci
2001 3511 2103 3566 ali-

446 3613 562 3670 quo
589 3596 881 3667 ejusmodi
913 3597 1176 3668 exemplo
1208 3613 1549 3670 possumus.
1581 3599 1666 3654 Sit
1698 3615 1854 3654 unus
1885 3599 2101 3672 aliquis

453 3685 556 3756 qui
615 3687 686 3742 ab
743 3686 1094 3742 adversariis
1149 3687 1608 3758 quaeratur,sed
1665 3688 2031 3744 custodiatur
2069 3707 2102 3744 a

452 3774 848 3832 familiaribus
873 3776 998 3830 suis
1026 3774 1082 3829 in
1108 3775 1377 3830 cubiculo
1409 3777 1664 3846 quodam
1697 3777 1939 3832 inventu
1970 3794 2099 3849 per-

451 3879 630 3935 quam
663 3861 908 3919 difficili.
943 3867 1091 3919 Sane
1135 3863 1439 3920 consimile
1468 3865 1747 3936 quiddam
1792 3882 1930 3937 erga
1959 3884 2100 3922 san-

448 3951 900 4008 ctumadivina
957 3951 1058 4008 illa
1116 3953 1270 4009 nube
1328 3953 1525 4025 ipsum
1584 3959 1920 4027 protegente
1949 3955 2099 4010 effici

446 4041 775 4114 putandum
808 4045 916 4112 est,
950 4057 1024 4096 ne
1053 4040 1224 4098 facile
1266 4043 1324 4096 in
1368 4041 1534 4097 illum
1567 4042 1841 4099 invadere
1871 4044 2102 4115 possint

447 4129 695 4185 inimici.
729 4129 898 4186 Dicta
948 4134 1125 4186 sunto
1176 4130 1400 4197 isthaec,
1430 4135 1495 4186 ut
1536 4131 1855 4187 dilucidius
1885 4147 2098 4202 cogno-

445 4223 644 4275 scatur
673 4218 957 4276 auxilium
993 4219 1067 4272 iis
1097 4219 1198 4289 qui
1240 4219 1297 4272 in
1331 4219 1577 4273 circuitu
1625 4220 1762 4275 Sion
1793 4224 2101 4274 versantur

443 4306 726 4361 traditum
775 4321 842 4361 eo
891 4305 1157 4375 consilio,
1208 4310 1273 4361 ut
1327 4322 1427 4361 eos
1484 4306 1738 4362 interdiu
1787 4307 2100 4364 obumbret

444 4393 653 4458 nubes,
715 4409 833 4469 qua
890 4393 961 4447 ab
1021 4398 1165 4448 testu
1228 4398 1625 4464 protegantur,
1685 4399 1865 4466 utque
1922 4402 2095 4452 noctu

443 4479 544 4537 lux
573 4480 728 4553 ignis
775 4477 1152 4549 accendatur,
1186 4498 1284 4538 eos
1335 4481 1720 4552 illustratura,
1753 4489 1923 4556 atque
1952 4487 2095 4544 adeo

2215 3333 2342 3406 μίας
2407 3331 2515 3387 ἐστὶ
2563 3339 2814 3406 σημεῖον,
2862 3335 2925 3388 τὸ
2955 3333 3226 3409 ἀτάραχον
3275 3340 3374 3403 τῆς
3422 3332 3545 3396 τότε
3592 3334 3863 3388 καταστά-

2211 3442 2345 3484 σεως
2395 3419 2483 3476 διὰ
2530 3428 2626 3491 τῆς
2675 3421 2809 3477 κατὰ
2837 3423 2935 3491 τὴν
2963 3421 3196 3499 νεφὲλην
3229 3424 3339 3496 (46)
3369 3421 3573 3492 σκέπης
3601 3419 3864 3477 ἐνδείκνυο

2207 3531 2316 3565 ται.
2351 3511 2468 3566 Ἔτι
2520 3510 2652 3585 ὑπὲρ
2681 3511 2776 3565 τοῦ
2799 3513 3121 3586 τρανότερον
3156 3509 3310 3579 ἰδεῖν,
3369 3511 3421 3566 τί
3479 3510 3588 3566 ἐστι
3620 3513 3704 3580 τὸ,
3766 3513 3857 3568 Ἐν

2209 3599 2507 3676 ἀποκρύφῳ
2559 3600 2762 3670 σκέπης
2816 3601 3098 3675 γενέσθαι,
3149 3599 3385 3673 τοιούτῳ
3433 3599 3542 3654 τινὶ
3593 3597 3859 3674 παραδεί-

2207 3709 2372 3763 γματι
2411 3687 2815 3762 προσαγόμεθα.
2868 3691 3046 3746 Ἑστω
3099 3709 3181 3750 τις
3231 3687 3566 3761 ζητούμενος
3599 3689 3692 3760 μὶν
3748 3689 3859 3744 ὑπὸ

2205 3780 2313 3831 τῶν
2361 3775 2666 3850 πολεμίων,
2727 3776 2829 3832 ὑπὸ
2879 3775 2935 3832 δὲ
2981 3781 3090 3832 τῶν
3133 3776 3348 3833 οῗκείων
3401 3774 3454 3832 ἔν
3483 3798 3592 3832 τινι
3623 3776 3859 3850 οἰκίσκῳ
3923 3827 3930 3833 .

2210 3862 2509 3941 δυσευρέτῳ
2580 3865 3009 3943 φρουρούμενος.
3048 3870 3308 3922 Τοιοῦτον.
3365 3864 3457 3922 οὖν
3511 3887 3564 3920 τι
3627 3867 3860 3936 νοητὲον

2207 3953 2443 4028 γίνεσθαι
2473 3955 2597 4030 περὶ
2625 3955 2718 4009 τὸν
2752 3954 2930 4029 ἅγιον,
2966 3955 3070 4010 ὑπὸ
3100 3962 3198 4025 τῆς
3251 3953 3398 4019 θείας.
3443 3954 3650 4024 ὶκείνης
3695 3955 3859 4032 νεφε-

2211 4041 2314 4112 λης
2372 4043 2745 4113 σκεπαζούσης
2796 4041 2956 4100 αύτὸν
3009 4043 3147 4119 πρὸς
3194 4045 3256 4098 τὸ
3310 4045 3384 4117 μὴ
3436 4042 3858 4118 εὐεπιχείρητον

2207 4131 2338 4185 εἶναι
2394 4136 2511 4194 τοῖς
2567 4130 2877 4205 πολεμίοις.
2936 4135 3217 4201 Τοσαῦτα,
3277 4131 3355 4195 εἷς
3410 4133 3473 4187 τὸ
3530 4131 3860 4208 σαφεστερον

2205 4226 2469 4290 νοηθῆναι
2494 4225 2608 4282 τοῖς
2654 4218 2844 4294 κύκλῳ
2889 4220 3031 4276 Σιὼν
3080 4221 3179 4290 τὴν
3215 4220 3517 4297 Δγινομὲνην
3568 4221 3861 4296 βοήθοιαν,

2207 4306 2284 4370 εἷς
2320 4310 2382 4363 τὸ
2414 4311 2623 4385 ἡμέρας
2675 4310 2769 4382 μὲν
2809 4310 3042 4379 σκιάζειν
3073 4309 3275 4372 αὐτοὺς
3309 4311 3407 4379 τὴν
3458 4309 3716 4386 νεφέλην,
3770 4308 3866 4364 ἶνα

2208 4397 2470 4473 ῥυσοῶσιν
2505 4399 2609 4454 ἀπὸ
2655 4397 2952 4471 καύματος·
3012 4399 3206 4460 νυκτὸς
3262 4395 3339 4467 δὲ,
3391 4401 3508 4476 φῶς
3537 4397 3707 4472 πυρὸς
3756 4396 3865 4452 αὖ-

2203 4491 2320 4550 τοῖς
2361 4485 2624 4553 καίεσθαι,
2672 4486 2904 4564 φωτίζον
2951 4488 3067 4560 (47)
3117 4486 3349 4548 αὐτούς·⁴
3405 4485 3736 4564 ἀμῳτᾶροις
3798 4483 3866 4541 δὶ

443 4574 693 4640 utroque
724 4573 987 4641 tempore
1021 4571 1093 4626 ab
1137 4571 1562 4628 insidiantibus
1613 4574 1722 4629 tuti
1773 4575 1893 4630 sint
1921 4582 1977 4632 et
2007 4593 2090 4633 se-

2203 4580 2320 4636 τοῖς
2377 4579 2590 4651 καιροῖς
2638 4575 2736 4643 τὴν
2781 4575 2888 4630 ἀπὸ
2911 4579 3018 4632 τῶν
3053 4571 3520 4632 ἐπιϐουλευόντων
3553 4573 3860 4652 ἀσφάλειαν

440 4671 587 4713 euri.

505 4754 528 4791 ⁷
557 4755 724 4812 Joan.
757 4772 873 4827 XIV,
906 4760 962 4812 2.
1039 4757 1058 4792 ³
1088 4757 1295 4813 Matth.
1327 4775 1382 4828 ν,
1415 4759 1468 4814 4.
1545 4760 1566 4795 θ
1595 4759 1803 4816 Matth.
1835 4778 1974 4831 xvn,
2005 4764 2059 4820 5.

510 4852 933 4928 (_lgO)Similiter
983 4853 1391 4928 copulam_xal
1443 4857 1770 4928 adjecimus
1824 4876 1892 4916 ex
1940 4877 2083 4917 mss.

439 4924 818 5003 quibusdam.
867 4924 1249 5003 Ιίίιιόξαύτῶν
1271 4925 1329 5003 ἐκ
1361 4924 1551 5000 μὲσοῦ,
1580 4931 1728 5003 verti
1776 4937 1988 5003 potest,
2022 4933 2088 4988 de

436 4995 614 5051 medio
644 5013 857 5063 eorum,
878 5004 1003 5063 aut,
1034 4999 1099 5056 de
1127 5000 1307 5057 medio
1335 4995 1545 5056 eorum.
1572 4995 2084 5060 Potest'enim'bic

437 5067 600 5142 locus
625 5071 714 5142 vel
748 5069 1084 5142 deqﬁliabus
1127 5071 1288 5139 solis,
1322 5073 1410 5129 vel
1439 5075 1510 5129 de
1547 5073 1682 5131 filiis
1714 5075 1886 5131 simul
1923 5080 1980 5131 et
2011 5076 2084 5130 fi-

434 5138 628 5213 liabus
660 5139 927 5213 intelligi.

507 5211 620 5288 (41)
650 5211 988 5288 δίοινοιειιεε
1021 5217 1272 5288 quatuor
1317 5213 1470 5288 libri.
1493 5215 1656 5288 _Edit_i
1689 5231 1820 5270 vero
1852 5221 1910 5271 et
1941 5217 2079 5288 Reg.

437 5280 662 5358 tertius,
690 5280 1174 5358 _x)\npovop.o;36w.
1210 5285 1381 5354 Illud,
1418 5282 1587 5358 δῆλον
1626 5285 1730 5351 ὅτι,
1762 5289 1917 5358 quod
1971 5280 2082 5345 h6c

432 5354 554 5428 loco
588 5354 922 5426 legitur,'ex
951 5354 1091 5428 Reg.
1127 5361 1332 5428 quarto
1365 5357 1629 5412 additum
1663 5362 1770 5412 est.

476 5427 611 5510 '(42)
660 5431 771 5484 Pro
825 5427 1070 5501 γέννησιν
1130 5427 1419 5484 edidimus
1477 5445 1544 5484 ex
1600 5434 1852 5500 quatuor
1910 5447 2075 5501 mss.,

429 5517 460 5552 ⁵1
477 5516 658 5552 ενεσιν.

444 5547 451 5567 ⁸
484 5547 739 5640 (ἐῶ-ἐὴ)
767 5575 1189 5646 quatuormss.
1223 5570 1295 5624 At
1335 5568 1494 5640 editi,
1531 5568 1616 5646 ὑφ’
1645 5568 1732 5638 ἥν.
1768 5571 1898 5629 Mox
1929 5589 2073 5644 qua-

429 5644 564 5695 tuor
593 5638 1184 5706 Πιεεηάπολαύουσιν.
1483 5638 1488 5640 ἡ
1574 5638 1584 5646 ’
1693 5697 1695 5700 ι

499 5711 611 5783 (44)
647 5712 827 5781 Εάίιί,-
867 5715 964 5767 τοῦ
1020 5713 1417 5794 σκιασμοῦ.Αι
1464 5712 1724 5788 quinque
1775 5731 1944 5784 mss.,
1977 5719 2072 5772 τοῦ

2193 4663 2454 4739 ὑπάρχειν
2488 4664 2698 4726 αὐτοῖς.

2202 4859 2583 4932 ἑπισκιασμοῦ.

2270 4933 2383 5004 (45)
2412 4929 2668 5018 antiqui
2693 4932 3160 5018 quatuornlibri,‘
3199 4934 3508 5018 περιστᾶσα,
3542 4929 3861 5018 discipulos

2195 5000 2591 5076 cifcuindedit:
2630 5000 2782 5060 Editi
2843 5009 2899 5059 et
2955 5005 3093 5076 Reg.
3136 5000 3359 5060 tortilis
3379 5035 3417 5076 ,ιν
3443 5000 3857 5076 περιστείλασα,

2196 5075 2448 5147 obuoluit.
2486 5077 2624 5132 Utra
2662 5076 2956 5147 scriptura
2985 5074 3189 5132 malior
3217 5077 3316 5144 sit,
3349 5074 3858 5147 alii‘judicabunt.

2192 5145 2430 5203 Interim
2464 5145 3172 5220 vulgatam‘retinuimus.

2265 5219 2374 5291 (46)
2411 5221 2469 5274 In
2513 5212 3039 5291 ndstriaquinque
3093 5236 3236 5274 mss.
3272 5235 3412 5285 non,
3461 5212 3862 5291 glscputhLuti

2191 5285 2484 5366 ineditis,
2516 5295 2615 5348 sed
2650 5285 2880 5366 νεφέλην
2907 5285 3139 5360 legitur.
3175 5291 3298 5366 Vox
3322 5285 3592 5366 κεφαλὴν,
3627 5289 3678 5366 si
3710 5285 3858 5366 l_i_bri

2190 5362 2736 5438 antiq_ui_faverent,
2771 5379 2889 5438 non
2939 5379 3174 5438 parum_
3199 5363 3368 5438 nobis
3403 5362 3860 5438 'plaoeret._Hoc

2189 5429 2403 5516 ipsein
2434 5433 2560 5491 loco
2592 5429 2732 5507 Reg.
2761 5429 2968 5520 tertius
2998 5440 3057 5490 et
3085 5434 3246 5502 editi,
3282 5429 3435 5487 ἔστιν’
3459 5433 3604 5520 tmép
3622 5429 3853 5488 τούτου.

2185 5505 2295 5558 Aln
2327 5510 2580 5579 quatuor
2610 5525 2778 5572 mss.,
2810 5503 2886 5560 ἒτι
2924 5506 3054 5579 ὑπὲρ
3084 5509 3205 5572 τοῦ,
3234 5507 3400 5562 bene.
3431 5505 3858 5562 Subinde-tres

2186 5591 2353 5652 mea,
2389 5577 2592 5652 εκέῖτης
2620 5578 2881 5652 γίνεσθαι·

2255 5648 2365 5722 (47)
2395 5645 2568 5722 Editi,
2599 5645 2873 5728 φωτίζων.
2902 5651 2986 5707 At
3000 5649 3462 5724 quinquemsm,
3497 5645 3734 5723 φωτίζον
