4048 6220
378 348 497 409 347

1326 352 1719 417 APPENDlX
1761 359 2082 423 OPERUM
2129 363 2195 424 S.
2239 364 2523 427 BASILll
2566 368 2836 431 MAGNI.

3663 374 3788 433 348

380 477 771 535 militudinem
810 497 823 535 :
861 482 970 551 Ego
1002 488 1187 540 autem
1213 484 1471 557 plantavi
1498 495 1551 542 te
1579 489 1799 545 vineam
1826 493 1999 563 fructi

2140 490 2455 563 ὀνειδίζεται
2514 496 2542 550 6
2605 494 2759 559 λαός*
2813 499 2952 575 Ἐγὼ
3002 496 3060 554 δὲ
3110 499 3373 575 ἐφύτευσά
3421 522 3481 556 σε
3532 500 3781 575 θμπελον

376 574 555 638 [oram
584 573 760 624 totum
802 586 1012 627 veram.
1040 574 1312 641 Quomodo
1354 591 1617 632 conversa
1645 594 1700 634 es
1728 582 1788 635 ιή
1817 585 2024 638 amari-

376 657 646 725 tudinem,
672 660 797 713 vitis
826 660 1015 716 aliena
1038 662 1121 717 "‘1
1150 665 1208 719 In
1238 680 1427 734 cornu,
1465 668 1521 721 in
1557 667 1670 723 loco
1696 671 1910 740 pingui.
1945 672 2026 728 De

376 748 533 800 terra
584 745 845 818 loquitur
872 750 943 804 ab
975 750 1296 808 Israelitico
1342 755 1557 825 populo
1588 762 1887 830 occupata,
1923 778 2021 832 pa-

376 833 564 889 tribus
601 851 802 891 eorum
847 838 1014 907 juxta
1061 840 1162 895 Dei
1210 845 1660 913 promissionem
1711 848 1847 903 data
1867 850 1928 903 ιο.
1960 852 2023 905 In

373 934 565 991 carnu,
600 925 655 979 in
689 925 801 981 loco
824 929 1043 997 pingui.
1070 928 1316 987 Summa
1345 932 1473 988 laus
1504 940 1594 990 est
1627 937 1829 1008 paucis
1859 955 2023 994 com-

375 1013 684 1084 prehensa.
706 1015 893 1069 Cornu
919 1022 1007 1071 est
1031 1018 1208 1074 altius
1230 1019 1577 1095 ﬁrmiusque
1602 1025 1826 1096 reliquo
1862 1029 2022 1084 omni

374 1118 612 1172 corpore
648 1119 661 1158 :
696 1104 849 1173 quod
883 1105 1055 1160 simul
1087 1116 1499 1167 ornamentum
1550 1115 1716 1170 affert
1746 1115 1942 1186 capiti,
1966 1122 2022 1174 et

372 1187 551 1243 simul
584 1188 709 1243 loco
739 1194 829 1245 est
860 1208 1160 1250 armorum
1202 1198 1272 1251 ad
1314 1200 1741 1271 propulsandas
1772 1205 2021 1275 injurias

371 1276 737 1331 idoneorum.
756 1279 865 1333 Sed
889 1281 1110 1337 siccum
1138 1289 1227 1340 est
1252 1290 1307 1342 et
1335 1303 1669 1347 exsuccum.
1696 1292 1859 1349 Unde
1890 1296 2020 1350 ani-

369 1363 615 1420 malium
649 1366 1085 1441 cornigerorum
1125 1374 1301 1429 catuli
1351 1394 1463 1432 non
1497 1380 1568 1434 ad
1603 1382 1807 1438 matris
1838 1400 2018 1440 cornu

367 1453 660 1522 feruntur,
686 1457 784 1510 sed
819 1460 1049 1516 nemine
1070 1462 1314 1520 docente
1343 1482 1661 1525 mammam
1687 1472 2014 1543 requirunt,

366 1540 562 1598 locum
596 1543 861 1601 videlicet
894 1547 1207 1606 humidum
1241 1570 1305 1607 ac
1335 1554 1636 1627 pinguem.
1661 1540 1805 1615 Cum
1838 1540 2019 1633 igitur

365 1630 665 1703 Scriptura
693 1634 893 1689 doceat
919 1635 1254 1695 Judzeorum
1286 1643 1581 1715 regionem
1606 1648 1675 1702 ad
1700 1630 2017 1723 utrumque

366 1720 639 1777 idoneam
674 1739 802 1778 esse
834 1741 899 1779 ac
930 1726 1345 1798 sufficientem,
1376 1738 1499 1787 tum
1531 1735 1601 1789 ad
1638 1739 1887 1793 tuendos
1917 1755 2015 1795 eos

365 1810 439 1866 ab
456 1809 885 1878 hostibus,tum
907 1814 977 1869 ad
998 1814 1216 1872 incolas
1234 1818 1816 1896 alendos,utrumque
1834 1828 2013 1884 simul

357 1898 577 1969 junxit,
605 1904 671 1954 In
702 1917 893 1970 cornu,
928 1904 990 1958 in
1020 1907 1173 1962 478
1204 1908 1316 1963 loco
1347 1910 1567 1981 pingui,
1592 1912 1699 1968 hoc
1731 1920 1841 1982 est,
1863 1922 1921 1971 et
1951 1917 2008 1973 in

366 1992 518 2043 terra
550 1988 757 2056 solida,
782 1993 839 2047 et
867 1992 925 2046 in
959 2010 1073 2064 qua
1101 1994 1424 2066 plurimum
1456 2004 1545 2055 est
1575 2000 1860 2059 alimenti.
1882 2006 2007 2061 Jam

364 2090 497 2131 vero
524 2083 663 2133 sunt
684 2079 783 2152 qui
806 2080 946 2136 dum
971 2084 1322 2140 sententiam
1344 2086 1496 2143 hanc
1527 2089 2007 2163 interpretantur,

362 2164 656 2238 attingant
700 2166 1144 2240 intelligentiam
1198 2177 1663 2235 reconditiorem.
1715 2181 2005 2239 Nimirum

361 2253 515 2309 sicut
535 2261 915 2312 cornutorum
940 2260 1286 2317 animalium
1311 2270 1486 2336 caput
1506 2267 1564 2321 in
1590 2268 1852 2340 ipsorum
1875 2276 2004 2326 ortu

360 2342 618 2414 primum
643 2346 919 2417 erumpit,
944 2346 1217 2405 ultimum
1244 2355 1443 2409 tamen
1465 2354 1806 2428 absolvitur,
1829 2363 2004 2433 atque

358 2433 486 2486 tum
519 2433 757 2488 demum
789 2438 1201 2494 enascentibus
1233 2443 1507 2498 cornibus
1538 2462 1666 2501 sero
1700 2465 2004 2505 ornamen-

359 2521 485 2574 tum
513 2536 686 2577 suum
714 2523 937 2597 recipit,
965 2526 1044 2581 ita
1068 2532 1126 2582 et
1156 2529 1330 2586 Israel
1358 2533 1455 2603 qui
1481 2535 1708 2606 primus
1736 2537 2001 2609 gentium

359 2608 627 2665 omnium
658 2611 727 2665 ad
752 2611 853 2667 Dei
883 2615 1105 2672 accitus
1134 2622 1223 2673 est
1245 2619 1697 2680 familiaritatem
1730 2608 1796 2682 ac
1826 2628 2000 2684 bene-

359 2694 671 2752 volentiam
695 2699 914 2769 (Faclus
943 2712 1024 2758 est
1053 2706 1230 2775 enim,
1256 2708 1469 2782 inquit,
1494 2714 1729 2783 populus
1758 2718 1997 2788 Domini,

354 2800 487 2856 pars
516 2786 655 2858 ejus,
677 2790 958 2859 funiculus
1006 2792 1348 2853 hmreditatis
1393 2800 1510 2871 ejus
1557 2805 1727 2859 Israel
1750 2806 1837 2875 1⁷),
1870 2786 2004 2879 post

360 2890 566 2930 omnes
622 2879 1034 2947 perfectionem
1092 2901 1262 2941 suam
1310 2894 2003 2968 consummationemque

359 2967 450 3018 est
482 2971 926 3025 consecuturus.
958 2975 1103 3027 Nam
1140 2974 1238 3029 ubi
1288 2976 1589 3048 plenitudo
1618 2984 1881 3053 gentium
1913 2967 2003 3040 in-

357 3053 604 3122 troierit,
637 3059 777 3112 tunc
807 3059 1000 3116 omnis
1034 3064 1208 3119 Israel
1239 3065 1432 3124 salvus
1462 3069 1557 3125 ﬁet
1584 3071 1646 3126 ³⁸.

428 3142 552 3200 141.
597 3145 899 3215 Ejusmodi
948 3156 1145 3207 autem
1196 3154 1353 3211 fama
1408 3157 1682 3228 obtinuit,
1715 3177 1845 3232 qum
1901 3180 2005 3235 per

2136 583 2483 661 καρποφόρον
2537 590 2710 641 πᾶσαν
2768 586 3035 659 ἀληθινήν
3074 632 3087 647 .
3172 594 3296 654 Πῶς
3366 589 3633 667 ἐστράφης
3703 593 3786 650 εἰς

2133 671 2371 747 πικρίαν,
2431 676 2465 743 ἡ
2527 669 2773 747 ἃμπελος
2830 678 2865 746 ἠ
2927 676 3257 753 ἀλλοτρία;
3316 680 3405 737 Ἐν
3460 680 3665 756 κέρατι,
3726 681 3784 737 ἐν

2131 760 2285 833 τόπῳ
2317 761 2485 820 πίονι.
2517 761 2647 839 Περί
2693 767 2792 834 τῆς
2846 773 2948 841 γῆς
3003 764 3153 841 λέγει
3201 771 3302 834 τῆς
3351 772 3788 847 κατασχεθείσης

2134 851 2237 905 ὑπὸ
2275 857 2370 907 τοῦ
2401 854 2643 929 Ἰσραὴλ,
2693 858 2809 909 κατ’
2859 855 3183 932 ἐπαγγελίαν
3231 863 3363 914 Θεοῦ
3413 866 3531 923 τοῖς
3578 881 3787 935 πατρα-

2133 962 2213 995 σιν
2248 942 2423 997 αὐτῶν
2467 940 2762 1017 δεδομένης
2810 946 2944 1018 (53).
2973 946 3062 1002 Ἐν
3112 947 3318 1023 κέρατι,
3370 948 3421 1002 ἐν
3474 949 3623 1022 τόπῳ
3652 949 3788 1005 πίο-

2130 1050 2203 1086 νι.
2240 1029 2395 1106 Μέγα
2442 1031 2712 1109 ἐγκώμιον
2764 1033 2814 1088 ἐν
2860 1036 3077 1110 βραχεῖ.
3109 1036 3180 1090 Τὸ
3230 1038 3388 1112 κέρας
3439 1036 3785 1114 ὑψηλότερόν

2130 1116 2240 1173 ἐστι
2270 1124 2367 1174 τοῦ
2397 1122 2596 1184 παντὸς
2630 1123 2882 1196 σώματος
2934 1124 3021 1178 καὶ
3080 1121 3450 1201 στεῤῥότερον,
3500 1128 3641 1200 ὁμοῦ
3685 1127 3783 1201 μὶν

2128 1208 2333 1283 κόσμον
2377 1210 2620 1286 παρέχον
2666 1214 2733 1286 τῇ
2780 1210 2995 1290 κεφαλῇ
3041 1213 3183 1286 ὁμοῦ
3228 1211 3285 1268 δὲ
3337 1214 3427 1270 καὶ
3477 1217 3649 1271 ὅπλον
3682 1217 3785 1272 ὑπ-

2128 1296 2300 1373 άρχον
2349 1298 2733 1376 ἀμυντήριον.
2768 1300 2946 1357 Ἀλλὰ
2993 1302 3154 1376 ξηρόν
3214 1302 3324 1358 ἐστι
3378 1304 3469 1359 καὶ
3528 1302 3781 1379 ἅνικμον.

2128 1386 2226 1442 Διὰ
2270 1391 2438 1443 τοῦτο
2486 1388 2577 1442 καὶ
2629 1390 2696 1444 τὰ
2742 1392 3051 1466 γεννώμενα
3112 1393 3214 1446 ὑπὸ
3265 1398 3375 1448 τῶν
3428 1394 3783 1472 κερασφόρων

2129 1477 2302 1546 ζώων,
2335 1476 2434 1531 οὐκ
2463 1476 2549 1532 ἐπὶ
2579 1477 2641 1532 τὸ
2682 1478 2841 1554 κέρας
2888 1480 3036 1555 ὁρμᾷ
3077 1487 3177 1551 τῆς
3237 1482 3467 1556 μητρὸς,
3500 1481 3647 1537 ἀλλὰ
3673 1485 3777 1553 τήν

2126 1563 2303 1635 θηλὴν
2335 1563 2639 1628 ἀδιδάκτως
2690 1566 2954 1637 ἐπιζητεῖ,
3005 1568 3096 1622 τὸν
3138 1569 3299 1644 ὑγρὸν
3328 1568 3492 1623 τόπον
3524 1571 3612 1624 καὶ
3647 1572 3775 1626 πίο-

2123 1674 2204 1711 να.
2237 1658 2453 1717 Δεικνῦς
2486 1653 2576 1710 οὖν
2610 1656 2637 1709 6
2688 1653 2873 1732 λόγος,
2920 1656 3001 1711 ὅτι
3032 1660 3067 1726 ἠ
3121 1658 3280 1732 χώρα
3328 1662 3433 1712 τῶν
3486 1656 3775 1715 Ἰουδαίων

2120 1744 2258 1818 πρὸς
2287 1742 2566 1822 ἀμφότερά
2594 1744 2734 1799 ἐστιν
2781 1744 3074 1821 αὐτάρκης,
3118 1746 3207 1801 καὶ
3252 1743 3497 1822 φυλακὴν
3529 1749 3631 1818 τήν
3664 1749 3775 1804 ἀπὸ

2043 1866 2091 1930 Β
2120 1836 2227 1886 τῶν
2259 1832 2566 1905 πολεμίων,
2613 1833 2701 1888 καὶ
2752 1831 3035 1911 διαθρέψαι
3082 1834 3613 1930 τοὺς-ἐνοικοῦντας,
3645 1837 3772 1930 ἐᾶμ-

2121 1920 2319 1998 φότερα
2402 1925 2655 1996 συνῆψιν,
2743 1923 2829 1980 Ἐν
2916 1924 3137 1997 κέρατι,
3222 1924 3273 1980 ἐν
3357 1925 3511 1999 τόπῳ
3594 1926 3767 1981 πίονι’

2116 2009 2408 2081 τουτέστιν,
2457 2010 2509 2066 ἐν
2569 2014 2681 2086 (54)
2712 2010 2906 2089 στεῤῥᾷ
2935 2014 3025 2068 καὶ
3077 2013 3342 2091 τροφίμῃ.
3374 2018 3674 2070 ’Ἄπτονται
3708 2013 3770 2071 δὲ

2115 2096 2225 2169 ἤδη
2256 2101 2398 2162 τινες
2446 2098 2538 2156 καῖ
2593 2101 2889 2177 βαθυτὲρου
2938 2098 3107 2178 λόγου
3154 2101 3207 2157 ἐν
3263 2106 3331 2177 τῇ
3384 2102 3634 2180 ἐξηγήσει
3664 2109 3767 2160 τοῦ

2117 2187 2285 2264 ῥητοῦ
2326 2189 2544 2246 τούτου.
2588 2193 2711 2249 ’Ότι
2766 2189 2946 2267 ὥσπερ
2996 2194 3031 2263 ἠ
3078 2191 3291 2271 κεφαλὴ
3340 2198 3450 2249 τῶν
3496 2189 3762 2272 κερασφό-

2115 2297 2221 2353 ρων
2259 2278 2411 2347 ζώων
2442 2280 2633 2353 πρώτη
2684 2280 2985 2352 προκύπτει
3034 2281 3169 2336 κατὰ
3195 2283 3294 2351 τὴν
3326 2283 3570 2359 γάννησιν

2108 2367 2395 2424 τελευταία
2424 2366 2481 2424 δὲ
2510 2368 2840 2446 πληροῦται,
2864 2372 2954 2426 καὶ
2982 2370 3081 2446 6ψέ
3107 2392 3239 2427 ποτε
3266 2372 3359 2428 τὸν
3394 2370 3529 2427 ἴδιον
3547 2373 3756 2445 κόσμον

2109 2454 2488 2532 ἀπολαμϐάνει
2535 2460 2671 2514 κατὰ
2724 2461 2824 2530 τήν
2873 2458 3093 2538 ἔκφυσιν
3137 2465 3245 2519 τῶν
3292 2465 3552 2538 κεράτων·
3608 2462 3756 2516 οὕτω

2106 2547 2253 2602 καὶὸ
2285 2546 2505 2623 Ἰσραὴλ
2548 2552 2767 2625 πρῶτος
2814 2550 3026 2607 πάντων
3070 2555 3177 2607 τῶν
3224 2550 3388 2607 ἐθνῶν
3422 2552 3497 2615 εἷς
3543 2550 3757 2606 οἰκείως

2108 2656 2188 2692 σιν
2250 2640 2383 2692 Θεοῦ
2439 2636 2665 2709 κληθεὶς
2723 2639 3005 2715 (Ἐγενήθη
3064 2641 3187 2717 γὰρ,
3240 2642 3395 2716 φησὶ,
3454 2638 3585 2703 λαὸς
3646 2647 3754 2695 Κυ-

2111 2724 2252 2801 ρίου,
2317 2726 2467 2802 μερὶς
2542 2727 2753 2794 αὐτοῦ,
2812 2728 3110 2805 σχοίνισμα
3162 2729 3536 2804 κληρονομίας
3586 2729 3757 2785 αὐτοῦ

2109 2813 2374 2891 Ἰσραὴλ),
2411 2814 2544 2889 μετὰ
2585 2817 2785 2878 πάντας
2834 2815 3027 2890 μέλλει
3074 2820 3172 2888 τῆς
3216 2819 3548 2881 τελειώσεως
3578 2818 3761 2889 ἀξιοῦ-

2111 2914 2254 2967 σθαι.
2302 2906 2464 2961 ’Όταν
2496 2904 2595 2980 γὰρ
2625 2906 2688 2960 τὸ
2718 2904 3001 2982 πλήρωμα
3029 2908 3136 2962 τῶν
3170 2906 3336 2963 ἐθνῶν
3370 2907 3604 2983 εἷσὲλθῃ,
3632 2907 3761 2964 τότε

2110 2998 2213 3054 π’ᾶς
2240 2993 2460 3068 Ἰσραὴλ
2505 2995 2826 3066 σωθήσεται.

2189 3172 2311 3227 141.
2336 3169 2510 3247 Λόγος
2542 3169 2599 3226 δέ
2622 3172 2702 3235 τίς
2752 3170 2863 3227 ἐστι
2910 3172 2998 3228 καὶ
3046 3170 3261 3230 τοιόσδε
3296 3173 3433 3230 κατὰ
3458 3176 3555 3244 τὴν
3588 3173 3761 3252 ἄγρα-

356 3230 733 3289 traditionem
764 3252 881 3290 non
910 3239 1190 3310 scriptam
1222 3242 1281 3297 in
1312 3244 1568 3302 Ecclesia
1597 3255 1879 3321 servatur,
1915 3254 1998 3308 ni-

2117 3280 2213 3337 φον
2245 3230 2467 3332 μνήμην
2672 3230 2722 3315 ἐν
2755 3264 2823 3335 τῇ
2872 3262 3171 3335 Ἐκκλησία
3214 3230 3759 3337 διασωζὸμενοςοηὼς

357 3317 576 3374 mirum
606 3320 869 3379 Judaeum
918 3328 1176 3397 primum
1225 3330 1614 3390 habitatorem
1662 3317 1999 3398 Adam'ha-

356 3405 575 3474 buisse,
610 3409 709 3481 qui
742 3417 1053 3485 postquam
1086 3433 1116 3472 e
1147 3421 1417 3489 paradiso
1453 3424 1671 3495 ejectus
1702 3428 1911 3485 fuisset
1940 3431 1999 3487 in

354 3510 421 3549 ea
451 3496 649 3552 sedem
684 3502 879 3569 posuit
901 3504 964 3573 η,
998 3504 1283 3562 bonorum
1316 3526 1518 3569 eorum
1550 3515 1762 3585 quibus
1791 3523 2000 3577 exutus

354 3583 545 3639 fuerat
579 3586 873 3656 jacturam
920 3592 1315 3665 mitigaturus.
1340 3600 1540 3672 Itaque
1566 3583 1794 3679 excepit
1822 3608 1999 3664 etiam

352 3672 544 3743 prima
576 3680 874 3733 mortuum
920 3680 1240 3757 hominem,
1274 3704 1408 3744 cum
1439 3692 1623 3748 Adam
1656 3694 1735 3749 ibi
1769 3696 1998 3753 mulctra

354 3760 722 3820 satisfecerit.
754 3767 1142 3831 Quamobrem
1174 3791 1239 3831 os
1269 3779 1478 3850 capitis
1510 3782 1796 3841 nudatum
1827 3803 2000 3843 carne

354 3864 486 3920 quae
516 3852 856 3927 deﬂuxerat,
888 3856 1047 3916 illius
1092 3865 1277 3921 aetatis
1316 3867 1655 3928 hominibus
1686 3891 1900 3931 novum
1934 3894 2000 3934 ac

351 3938 613 3997 insolens
662 3947 1061 4015 spectaculum
1116 3968 1244 4009 esse
1291 3955 1617 4015 videbatur.
1652 3964 1720 4017 Et
1769 3965 1907 4036 quia
1938 3967 1997 4023 in

352 4026 462 4084 hoc
491 4028 616 4087 loco
644 4031 965 4104 deposuere
1005 4039 1342 4112 calvariam,
1370 4047 1639 4105 Calvaria:
1668 4050 1861 4110 locum
1894 4073 1999 4127 ap-

352 4115 665 4188 pellarunt.
683 4121 1011 4182 Verisimile
1031 4135 1224 4186 autem
1258 4138 1346 4189 est
1375 4136 1491 4192 Noe
1521 4140 1856 4211 sepulcrum
1890 4115 1995 4200 dii-

352 4204 436 4260 cis
493 4210 829 4266 mortalium
864 4216 1127 4273 omnium
1187 4220 1343 4277 haud
1401 4204 1723 4298 ignorasse,
1758 4232 1899 4289 adeo
1932 4237 1998 4291 ut

352 4297 485 4390 post
514 4295 803 4354 diluvium
857 4319 1059 4359 rumor
1104 4306 1216 4363 iste
1246 4311 1318 4366 ab
1349 4295 1474 4383 ipso
1513 4295 1847 4390 divulg'atus
1897 4322 1993 4379 sit.

353 4380 491 4435 Eam
516 4384 589 4437 ob
614 4401 849 4441 causam
877 4390 1158 4451 Dominus
1181 4399 1385 4455 mortis
1405 4401 1676 4461 humanae
1704 4409 1994 4478 primitias

352 4476 776 4546 perscrutatus,
809 4476 866 4532 in
925 4489 1246 4540 memorato
1286 4487 1556 4547 Calvaria
1613 4476 1737 4552 loco
1793 4515 1990 4559 necem

2110 3346 2212 3425 ἄρα
2262 3352 2478 3423 πρῶτον
2527 3351 2563 3419 ἠ
2615 3347 2854 3406 Ἰουδαία
2897 3345 3051 3428 ἔσχεν
3101 3351 3363 3428 οἷ’κήτορα
3406 3354 3496 3409 τὸν
3550 3351 3757 3427 ’Δδᾶμ,

2114 3436 2247 3510 μετὰ
2294 3437 2354 3491 τὸ
2406 3432 2739 3509 ἐκϐληθῆναι
2781 3442 2878 3495 τοῦ
2926 3438 3252 3517 παραδείσου
3300 3442 3352 3497 ἐν
3396 3441 3564 3517 ταύτῃ
3620 3445 3757 3498 καθ-

2113 3521 2407 3600 ιδρυθὶντα,
2455 3526 2531 3589 εἰς
2570 3528 2911 3601 παραμυθίαν
2953 3530 3029 3584 ὧν
3077 3529 3361 3607 ἐστερήθη.
3409 3533 3608 3605 Πρώτη
3656 3531 3753 3587 οὗν

2108 3614 2197 3668 καὶ
2226 3614 2410 3689 νεκρὸν
2448 3612 2659 3687 ἐδέξατο
2708 3614 3012 3692 ἄνθρωπον,
3052 3618 3163 3674 ἐκεῖ
3189 3624 3289 3675 τοῦ
3321 3617 3496 3695 Ἀδὰμ
3525 3622 3623 3693 τὴν
3654 3642 3755 3677 κα-

2106 3700 2330 3774 ταδίκην
2379 3703 2797 3781 πληρώσαντος.
2849 3705 3040 3763 Καινὸν
3087 3707 3178 3763 οὖν
3234 3707 3405 3765 ἐδόκει
3454 3710 3587 3765 εἶναι
3630 3717 3753 3775 τοῖς

2106 3791 2229 3848 τότε
2260 3790 2453 3866 θέαμα,
2508 3794 2691 3849 ὁστέον
2738 3795 3003 3873 κεφαλῆς,
3052 3803 3151 3867 τῆς
3196 3800 3392 3875 σαρκὸς
3443 3799 3753 3877 περιῤῥυεί-

2111 3902 2231 3951 σης,
2274 3882 2363 3936 καὶ
2411 3881 2736 3957 ἀποθέμενοι
2782 3884 2845 3938 τὸ
2875 3886 3095 3959 κρανίον
3125 3885 3177 3940 ἐν
3208 3891 3288 3959 τῷ
3316 3889 3495 3961 τόπῳ,
3528 3889 3756 3965 κρανίου

2108 3971 2274 4025 τόπον
2309 3970 2618 4045 ὠνόμασαν.
2652 3972 2810 4037 Εἰκὸς
2839 3974 2898 4028 νὲ
2932 3973 3073 4048 μηδὲ
3100 3979 3198 4030 τοῦ
3229 3981 3350 4032 Νῶε
3371 3981 3466 4031 τοῦ
3497 3977 3757 4054 ἀρχηγοῦ

2109 4060 2323 4115 πάντων
2354 4061 2650 4136 ἀνθρώπων
2701 4062 2960 4136 ἀγνοῆσαι
3009 4065 3099 4119 τὸν
3147 4066 3338 4144 τάφτν,
3369 4066 3442 4129 ὡς
3476 4068 3609 4140 μετὰ
3657 4068 3754 4125 τὸν

2109 4148 2490 4223 κατακλυσμὸν
2525 4151 2615 4205 ἀπ’
2657 4150 2821 4207 αὐτοῦ
2870 4148 3188 4223 διαδοθῆναι
3228 4154 3329 4224 τήν
3379 4156 3590 4232 φήμην.
3626 4155 3758 4211 Διό-

2109 4256 2209 4313 περ
2238 4238 2265 4293 ὁ
2293 4237 2492 4315 Κύριος
2538 4240 2634 4303 τὰς
2681 4239 2853 4317 ἀρχὰς
2896 4245 2993 4297 τοῦ
3041 4241 3378 4319 ἀνθρωπείου
3425 4246 3537 4318 (57)
3586 4244 3755 4300 θανά-

2106 4346 2204 4381 του
2254 4325 2563 4403 ἐρευνήσας,
2610 4328 2686 4392 είς
2732 4331 2823 4385 τὸν
2874 4328 3169 4407 λεγόμενον
3220 4334 3444 4409 κρανίου
3490 4333 3657 4389 τόπον
3685 4337 3753 4391 τὸ

2106 4414 2277 4477 πάθος
2308 4413 2540 4489 ἐδέξατο,
2567 4416 2661 4473 ’ἕνα
2687 4416 2738 4473 ἐν
2773 4419 2818 4491 ᾧ
2847 4418 3001 4493 τόπῳ
3032 4422 3067 4490 ἡ
3091 4422 3266 4499 φθορὰ
3288 4425 3395 4477 τῶν
3442 4421 3747 4499 ἀνθρώπων

2104 4504 2203 4573 τὴν
2234 4503 2413 4581 ἀρχὴν
2444 4502 2660 4578 ἔλαϐεν,
2691 4506 2886 4563 ἐκεῖθεν
2936 4511 2970 4579 ἡ
3005 4510 3119 4580 ζωὴ
3171 4517 3271 4580 τῆς
3322 4510 3599 4586 βασιλείας
3643 4514 3749 4589 ἄρ-

350 4559 593 4627 Pertulit
618 4562 684 4634 ³ο,
711 4568 771 4620 ut
802 4582 917 4637 quo
948 4568 1006 4624 in
1039 4569 1165 4628 loco
1206 4573 1512 4637 hominum
1562 4582 1831 4644 interitus
1877 4590 1992 4646 ini-

350 4645 497 4673 ιζαεηνι
535 4652 753 4673 ---Α-ΞΑ
816 4655 827 4666 ³
894 4657 908 4673 1
1146 4662 1158 4673 υ
1229 4664 1262 4673 ..
1413 4670 1423 4673 -
1474 4671 1483 4673 _

2117 4559 2280 4663 inrui:
2307 4559 2423 4648 “xui
2943 4559 3147 4672 ⁷ἐν’ἠτίῷ
3196 4559 3372 4673 ’ᾹῚδᾶΙμ
3415 4601 3443 4655 6
3491 4559 3745 4672 Odv‘mbz,

350 4645 500 4703 tium
534 4652 778 4723 accepit,
814 4655 948 4713 inde
998 4662 1160 4733 regni
1189 4664 1306 4722 vita
1342 4670 1626 4742 originem
1676 4692 1842 4734 suam
1871 4683 1994 4736 tra-

347 4736 534 4837 heret,
564 4743 619 4839 et
666 4747 1163 4839 quemadmodum
1215 4770 1375 4814 mors
1421 4736 1671 4819 invaluit
1697 4765 1757 4823 in
1787 4768 1991 4839 Adam,

346 4823 431 4882 ita
463 4825 523 4883 in
553 4828 765 4889 Christi
811 4840 996 4894 morte
1040 4839 1437 4904 inﬁrmaretur
1457 4849 1523 4906 9‘.
1548 4823 1995 4930 Quapropter-ei

2105 4681 2277 4746 οὕτως
2309 4683 2576 4761 ἀσθενήσῃ
2764 4684 2816 4741 ἐν
2847 4690 2926 4759 τῷ
2965 4685 3174 4762 θανάτῳ
3201 4690 3456 4763 Χριστοῦ.
3490 4690 3589 4744 Διὰ
3616 4691 3748 4746 τοῦ·

2101 4791 2164 4827 το
2194 4771 2283 4827 καὶ
2318 4774 2404 4831 Ἐν
2448 4774 2658 4850 κὲρατι,
2712 4775 2787 4837 ὡς
2833 4778 2968 4831 κατὰ
3013 4780 3109 4832 τοῦ
3156 4774 3357 4854 ἐχθροῦ
3408 4778 3746 4855 ἀμυντήριον

2104 4858 2285 4938 ἔχοντι
2311 4861 2400 4918 τὸν
2428 4863 2654 4939 σταυρὸν
2678 4867 2776 4919 τοῦ
2822 4866 3078 4936 Χριστοῦ·
3112 4866 3223 4939 καὶ,
3267 4865 3444 4939 Πίονι,
3476 4866 3550 4931 ὡς
3607 4869 3750 4942 μετᾶ

418 4951 702 5067 ‘r'gre'rem‘;
737 4975 815 5067 rga
828 4962 918 5023 21.
996 4966 1041 5003 ¹⁶
1069 4966 1211 5027 Gen.
1241 4988 1341 5042 xu,
1373 4976 1429 5032 7.
1509 4980 1551 5016 ¹⁷
1580 4984 1741 5040 Deut.
1766 5000 1942 5055 χχιιι,
1968 4988 2003 5043 9

2117 4989 2144 5026 ³
2174 4989 2341 5047 Rom.
2364 5006 2443 5061 xx,
2465 4991 2555 5047 25.
2634 4991 2679 5029 "
2707 4992 2847 5048 Gen.
2873 5007 2959 5063 nr,
2982 4992 3073 5050 23.
3152 4992 3198 5029 ὀ
3224 4994 3431 5051 Matth.
3453 5011 3630 5067 xxvu,
3651 4996 3749 5054 33.

341 5021 385 5060 ³⁸
417 5024 442 5080 Ι
472 5028 598 5082 Cor.
631 5045 719 5099 xv,
744 5021 834 5087 22.

556 5154 792 5243 (antiqui
824 5160 939 5217 duo
970 5161 1123 5243 libri,
1158 5163 1468 5243 διδομένης.

555 5225 646 5282 Sic
686 5223 829 5312 flag.
864 5223 1177 5312 secundus
1226 5223 1567 5303 οιὶτέιῖὸιι).
1609 5255 1886 5310 secundo.
1921 5256 1985 5312 In

338 5294 513 5383 editis
547 5314 649 5383 pro
683 5297 734 5353 ἐν
766 5294 980 5383 regitur
1010 5309 1117 5367 καί.
1154 5294 1984 5383 ΜόὶἒοιῖιῦὶῖόεῧνὲὄᾶἕὲᾉὲιἸ

336 5365 577 5446 ῒὶῳέξριί.
588 5365 854 5427 ἅπτονταῖ
876 5372 983 5446 δη
995 5422 1007 5434 .

429 5438 753 5537 balteus}:
803 5438 1060 5521 quinque
1112 5469 1256 5510 mss.
1311 5461 1772 5520 emendavimus.
1806 5467 1978 5537 Editi,

337 5506 435 5573 τὴν
466 5506 690 5573 γένεσιν.

407 5528 784 5679 ξῶἷνθὲἓτεε
837 5590 1095 5679 quinque
1142 5593 1297 5679 libri,
1350 5600 1598 5679 μνήμην.
1642 5605 1795 5663 Editi
1844 5625 1976 5667 vero

334 5659 583 5724 γνώμην.
612 5659 821 5716 Statim
855 5659 1035 5737 “Regii
1085 5659 1313 5739 primus
1342 5659 1399 5731 et
1428 5659 1682 5747 dtuli-tu;
1694 5659 1974 5755 wet—editi,

2098 5185 2171 5245 ὡς
2228 5181 2331 5274 ἄρα
2377 5206 2567 5274 πρώτη
2627 5189 2662 5257 ἦ
2726 5185 2959 5274 Ἰουδαία
3024 5188 3529 5274 ανθρώπονῌξσχεν
3587 5190 3751 5265 οίκήο

2092 5275 2250 5329 τορα,
2284 5263 2391 5316 etc.
2422 5262 2494 5315 At
2522 5264 2657 5331 Reg.
2690 5262 2985 5317 secundus
3014 5267 3071 5318 et
3099 5262 3258 5321 Colb.
3290 5262 3491 5320 itidem
3524 5262 3746 5323 secun-

2092 5329 2205 5410 dus
2240 5328 2321 5385 uti
2348 5331 2406 5385 in
2438 5337 2730 5404 contextu,
2757 5334 2995 5390 rectius.
3029 5332 3260 5391 Fabulae
3290 5340 3346 5392 et
3377 5352 3566 5410 nugae.
3592 5334 3749 5397 Vide

2091 5400 2526 5474 Hieronymum.

2162 5472 2275 5541 (57)
2306 5471 2550 5547 Antiqui
2602 5474 2715 5531 duo
2747 5474 2880 5531 libri
2911 5471 3097 5549 διόπερ
3128 5474 3219 5532 καὶ
3251 5476 3347 5533 6...
3378 5480 3474 5533 τοῦ
3522 5476 3743 5554 ἀνθρω-

2086 5541 2268 5599 πίνου.

2157 5614 2269 5688 (58)
2300 5613 2536 5675 Veteres
2564 5614 2722 5688 libri,
2754 5616 3051 5689 ἀσθενήσει.
3082 5618 3258 5693 Editi,
3287 5619 3577 5695 ἀσθενήσῃ.
