4048 6220
271 323 368 383 349
1068 318 1470 382 COMMENT.
1520 320 1600 379 IN
1643 318 1920 380 ISAIAM
2014 319 2465 382 ROPHETAM.
2512 321 2682 383 CAP.
2732 322 2804 383 V.

3539 317 3660 380 350

265 456 345 509 τὸν
367 449 688 528 παράδεισον
729 454 837 505 τῶν
895 449 1032 506 κατὰ
1082 451 1262 521 πάσης
1319 456 1418 520 τῆς
1473 451 1560 527 ὑφ’
1591 448 1740 523 ἡλίῳ
1791 453 1895 504 τῶν

2012 454 2072 508 In
2100 469 2290 522 cornu,
2323 454 2502 510 veluti
2534 472 2700 510 arma
2734 455 2804 510 ad
2835 454 2950 510 vim
2982 454 3169 510 hostis
3197 454 3655 527 propulsandam

265 543 536 620 πρωτείων
567 541 879 614 ἠξιωμὲνῳ.

2005 540 2215 597 idonea
2259 543 2528 610 habente,
2562 560 2791 599 crucem
2825 543 3093 599 videlicet
3135 543 3346 599 Christi
3381 561 3394 598 :
3435 547 3492 599 et
3524 547 3654 601 Pin-

261 637 370 705 gui,
400 633 576 688 veluti
605 632 829 704 primas
863 636 998 703 post
1026 631 1368 703 paradisum
1402 631 1555 686 inter
1583 646 1787 686 omnes
1817 629 2083 699 regiones
2114 648 2240 702 quae
2271 633 2382 688 sub
2413 631 2532 688 sole
2562 637 2721 698 sunt,
2753 633 3072 689 obtinendi.

325 742 458 796 442.
523 737 624 794 Καὶ
711 737 962 814 φραγμὸν
1044 737 1380 810 περιάθηκα,
1441 734 1531 790 καί
1619 734 1902 810 ἐχαράκω-

261 850 320 884 σα
372 831 506 900 (59),
541 827 631 881 καὶ
693 826 954 905 ἰφῦτευσα
1011 824 1257 899 ἄμπελον
1319 827 1561 900 Σωρήχο
1614 826 1700 878 καὶ
1762 825 1903 897 ᾠκο-

261 919 465 988 δόμησα
534 917 738 989 πύργον
818 915 870 969 ἐν
955 915 1100 988 μέσῳ
1181 914 1383 986 αὐτῆς,
1441 916 1530 968 καὶ
1604 913 1900 989 προλήνιον

259 1004 426 1081 ὧρυξα
457 1005 511 1060 ἐν
544 1006 701 1078 αὐτῇ.
736 1005 808 1058 Οὐ
839 1003 977 1057 πάνυ
1018 1026 1070 1058 τι
1120 1007 1155 1073 ἡ
1211 1001 1504 1058 ἀκολουθία
1558 1011 1656 1073 τῆς
1711 1003 1904 1076 λέξεως

256 1101 318 1171 τῇ
349 1095 502 1173 φύσει
534 1099 642 1148 τῶν
686 1095 1022 1169 πραγμάτων
1066 1091 1272 1148 ἕπεται.
1306 1093 1571 1166 Πρότερον
1631 1094 1731 1166 γάρ
1791 1092 1902 1147 ἑστι

255 1187 313 1239 τὸ
349 1188 606 1261 φυτεῦσαι
661 1187 758 1237 τοῦ
814 1189 1152 1257 χαρακῶσαι·
1189 1178 1337 1256 εἷ’περ
1399 1183 1450 1235 οἱ
1507 1181 1742 1256 χάρακές
1800 1180 1900 1235 εἶσι

261 1275 477 1349 βοήθεια
532 1277 602 1346 τῇ
661 1269 896 1344 ἀμπέλῳ
925 1272 1061 1346 πρὸς
1112 1271 1174 1325 τὸ
1227 1270 1440 1344 ἀνέχειν
1495 1270 1598 1324 ἀπὸ
1653 1276 1753 1338 τῆς
1804 1276 1903 1343 γῆς

256 1363 370 1422 τοὺς
417 1360 689 1436 καρπούς.
741 1362 806 1414 Ἣ
880 1362 1092 1432 μήποτε
1144 1360 1172 1414 ὁ
1229 1360 1592 1436 προνοητικὸς
1668 1359 1904 1434 γεωργὸς

257 1452 390 1527 παρᾶ
419 1452 525 1518 τήν
586 1450 814 1524 πρώτην
871 1449 1202 1517 κατασκευὴν
1251 1451 1425 1503 πάντα
1454 1447 1898 1521 προευτρεπίσας,

258 1541 470 1614 ὕστερον
505 1539 735 1614 ἄρχεται
765 1546 866 1608 τῆς
899 1539 1154 1614 φυτείας;
1191 1537 1286 1592 Διά
1321 1543 1482 1592 τοῦτο
1535 1541 1754 1613 πρῶτον
1805 1557 1898 1589 πε-

258 1629 562 1707 ριφράσσει,
621 1629 734 1682 εἶτα
792 1633 1049 1702 χαρακοῖ,
1100 1629 1212 1682 εἶτα
1262 1626 1473 1704 φυτεύει
1536 1623 1804 1698 ἄμπελον·
1839 1623 1901 1678 οὐ

255 1721 346 1788 τὴν
377 1722 679 1794 τυχοῦσαν,
711 1716 858 1772 ἀλλὰ
889 1719 1116 1792 Σωρήχ,
1152 1715 1281 1790 ὅπερ
1317 1715 1626 1790 Σύμμαχος
1651 1713 1898 1784 ἐποίησεν

257 1805 574 1876 Ἐκλεκτήν.
607 1805 705 1867 Τίς
736 1804 826 1860 οὖν
871 1807 898 1860 ὁ
948 1806 1219 1882 φραγμὸς,
1253 1804 1288 1873 ἢ
1335 1803 1592 1874 δηλονότι
1650 1804 1705 1858 αἱ
1756 1803 1902 1857 ιντο-

258 1895 383 1964 λαί;
415 1895 475 1958 ’ἇς
539 1896 646 1968 πρὸ
704 1899 802 1949 τοῦ
859 1895 1076 1970 ἀγαγεῖν
1133 1894 1208 1956 εἷς
1256 1895 1356 1963 τὴν
1386 1896 1486 1969 γῆν
1515 1900 1613 1962 τῆς
1643 1893 1902 1966 κατασχὲ-

261 2006 388 2047 σεως
420 1987 554 2057 (60),
587 1980 760 2039 ἔδωκε
789 1988 866 2054 τῷ
897 1981 1050 2055 λαῷ;
1081 1983 1211 2037 Εἶτα
1240 1980 1465 2055 δύναμις
1495 1981 1679 2043 αὐτοῖς
1736 1979 1897 2051 ἐδόθη

261 2075 397 2149 παρὰ
426 2078 580 2143 Θεοῦ,
613 2079 830 2145 κρατεῖν
861 2077 972 2127 τῶν
1013 2071 1362 2140 ὑπεναντίων,
1397 2071 1486 2126 καὶ
1538 2070 1897 2146 ἒξολοθρεύειν

256 2165 319 2218 τὰ
347 2165 812 2239 προενοικησαντα
842 2160 990 2231 ἔθνη.
1023 2164 1194 2237 ’Ότιερ
1239 2165 1482 2237 χάρακας
1531 2162 1664 2231 εἶπε,
1703 2157 1791 2214 διὰ
1838 2161 1898 2214 τὸ

260 2251 497 2326 ὑψηλοὺς
559 2256 736 2306 ποιεῖν
779 2251 867 2306 καὶ
919 2256 1254 2328 περιφανεῖς,
1283 2249 1412 2312 τοὺς
1461 2248 1700 2326 καρποὺς
1759 2248 1897 2323 ἐγεί-

257 2362 435 2416 ροντας
469 2342 582 2395 ἀπὸ
612 2345 712 2394 τοῦ
761 2341 1075 2412 πτώματος,
1107 2341 1243 2415 πρὸς
1300 2340 1360 2394 τὸ
1421 2340 1496 2412 μὴ
1551 2340 1724 2408 πάντη
1787 2340 1896 2412 (61)

257 2430 706 2506 εὖεπιχειρήτους
766 2430 1090 2485 εἶναι.Μετὺ
1146 2432 1372 2498 τοῦτοὴ
1407 2428 1592 2505 φυτεία
1645 2432 1753 2482 τῶν
1811 2427 1897 2481 ἰκ-

255 2521 449 2574 λεκτῶν
486 2539 500 2550 ·
573 2516 664 2573 διὰ
717 2520 779 2573 τὸ
837 2519 896 2573 lx
955 2519 1261 2593 σπερματος
1319 2518 1450 2572 εἶναι
1504 2512 1758 2589 Ἀϐραὰμ
1806 2515 1896 2570 καὶ

249 2610 426 2665 Ἰσαὰκ
476 2609 574 2663 καὶ
644 2602 820 2664 Ιακὼό
878 2612 982 2662 τῶν
1041 2606 1307 2662 ἐκλεκτῶν
1355 2610 1452 2661 τοῦ
1508 2606 1660 2662 Θεοὸ.
1720 2607 1782 2662 Ὁ
1839 2603 1898 2659 δὶ

249 2697 444 2770 πᾶργος
476 2699 508 2751 ὁ
543 2693 931 2768 οἰκοδομηθεὶς
977 2697 1027 2750 ἒν
1066 2697 1215 2769 μέσῳ
1266 2694 1362 2751 τοῦ
1412 2693 1761 2768 ἀμπελῶνος,
1792 2692 1896 2764 δη·-

249 2784 420 2840 λονότι
453 2789 577 2860 (62)
612 2787 640 2839 ὁ
672 2785 796 2847 ναός
823 2787 963 2840 ἐστιν
998 2786 1048 2840 ἓν
1087 2786 1222 2860 μέσῃ
1255 2788 1322 2858 τῇ
1356 2782 1587 2856 Ἰουδαίᾳ
1638 2781 1894 2859 καθιδρυ-

249 2875 418 2945 μένοςο
474 2873 788 2951 προλήνιον
840 2872 916 2943 δὲ,
968 2873 1100 2943 αὕτη
1162 2877 1195 2944 ἡ
1257 2875 1545 2950 συναγωγή
1600 2878 1706 2927 τῶν
1757 2875 1892 2929 Ἰου-

1930 1593 1979 1658 Β

2087 739 2207 794 142.
2243 739 2416 795 Vens.
2451 741 2503 793 2.
2557 742 2619 796 Et
2663 757 2843 812 sepem
2895 741 3281 811 circumposui,
3333 743 3384 796 et
3428 740 3654 810 voltavi,

2013 837 2065 883 et
2090 831 2345 900 plantavi
2390 833 2611 886 vineam
2654 831 2849 887 Sorech
2879 848 2897 885 :
2928 837 2978 886 et
3025 830 3323 887 wdivz‘cavi
3366 832 3568 886 turrim
3598 831 3654 886 in

2011 919 2193 972 medio
2225 921 2362 989 eius,
2391 929 2443 974 et
2469 920 2818 988 proiorcular
2841 922 2964 992 fodi
2991 923 3050 975 in
3076 937 3157 976 ea.
3182 921 3306 975 Non
3333 919 3655 976 admodum

2012 1021 2145 1062 cum
2181 1014 2389 1063 natura
2420 1026 2612 1065 rerum
2645 1010 2894 1064 cohazret
2923 1009 3221 1064 sententiae
3253 1010 3453 1066 series.
3488 1009 3654 1065 Prius

2012 1097 2170 1151 enim
2220 1097 2525 1169 plantatur
2570 1100 2756 1168 vinea,
2790 1115 2965 1170 quam
3014 1097 3262 1154 valletur
3303 1115 3315 1152 :
3358 1098 3653 1170 siquidem

2012 1187 2363 1255 pedamenta
2395 1188 2492 1242 viti
2524 1191 2663 1242 sunt
2693 1186 2928 1257 auxilio,
2952 1187 3022 1242 ad
3049 1188 3272 1243 fructus
3301 1203 3332 1241 e
3360 1191 3514 1242 terra
3545 1187 3656 1242 eri-

2012 1276 2254 1348 gendos.
2276 1277 2589 1348 Ceteroqui
2625 1276 2910 1347 numquid
2941 1275 3194 1348 agricola
3221 1275 3516 1348 providus,
3551 1276 3651 1331 ubi

2011 1365 2210 1420 omnia
2238 1366 2306 1419 ad
2340 1365 2595 1436 primum
2630 1370 2971 1436 apparatum
3002 1365 3306 1420 attinentia
3328 1365 3652 1435 adornavit,

2010 1457 2134 1509 tum
2165 1455 2402 1508 demum
2446 1453 2711 1526 plantare
2743 1452 3114 1525 aggreditur?
3152 1453 3432 1518 Quocirca
3463 1453 3651 1524 primo

2011 1542 2405 1615 circumsepit,
2440 1543 2650 1598 deinde
2700 1542 2895 1611 vallat,
2928 1548 3131 1614 postea
3177 1542 3404 1614 plantat
3431 1543 3653 1598 vineam

2014 1649 2128 1687 non
2163 1631 2652 1702 qualemcunque,
2677 1632 2776 1686 sed
2810 1631 3029 1697 Sorech,
3048 1647 3222 1702 quam
3255 1647 3452 1687 vocem
3484 1631 3653 1702 Sym-

2014 1720 2260 1776 machus
2297 1721 2716 1792 interpretatur
2752 1722 3010 1776 Electam.
3045 1721 3318 1784 Quaenam
3350 1724 3438 1776 est
3475 1719 3657 1793 igitur

2012 1826 2202 1881 sepes,
2228 1809 2342 1865 nisi
2371 1809 2470 1864 illa
2502 1810 2704 1880 utique
2737 1815 3019 1881 praecepta
3049 1826 3175 1881 quae
3207 1816 3338 1864 ante
3368 1809 3529 1865 dedit
3558 1825 3654 1880 po-

2013 1898 2151 1972 pulo
2174 1899 2242 1965 ³³,
2267 1915 2444 1971 quam
2471 1914 2604 1954 eum
2637 1901 2694 1954 in
2725 1904 2939 1954 terram
2972 1899 3387 1971 possidendam
3417 1897 3656 1954 induce-

2011 1987 2144 2042 ret?
2174 1987 2393 2043 Deinde
2423 1988 2508 2043 eis
2540 2005 2572 2043 a
2611 1993 2722 2044 Deo
2753 1989 2970 2044 tradita
3000 1987 3249 2044 facultas
3278 1991 3390 2053 est,
3413 2003 3526 2058 qua
3556 2004 3654 2044 su-

2012 2082 2282 2148 perarent
2311 2077 2528 2144 hostes,
2562 2093 2627 2132 ac
2665 2081 2885 2149 gentes,
2911 2094 3036 2148 quae
3067 2076 3187 2132 illic
3231 2076 3393 2149 prius
3427 2075 3653 2132 habita-

2010 2172 2239 2236 verant,
2299 2165 2536 2237 penitus
2592 2166 2945 2222 tollerent”.
2998 2166 3159 2232 Quod
3217 2165 3410 2238 ipsum
3472 2164 3653 2220 vallos

2011 2254 2347 2326 appellavit,
2381 2255 2534 2326 quod
2576 2254 2683 2310 hos
2728 2256 2879 2310 419
2931 2253 3212 2310 sublimes
3259 2255 3555 2310 efﬁcerent
3584 2271 3650 2310 ac

2009 2344 2374 2415 conspicuos,
2401 2345 2625 2399 fructus
2655 2344 2912 2400 levantes
2934 2361 3003 2399 ne
3024 2345 3317 2411 caderent,
3342 2347 3399 2399 et
3426 2360 3499 2399 ne
3529 2343 3648 2399 ullo

2009 2433 2181 2488 modo
2212 2434 2282 2488 ad
2332 2434 2586 2504 praedam
2636 2439 2832 2488 essent
2859 2433 3124 2504 expositi.
3156 2433 3488 2488 Secundum
3540 2432 3648 2488 hoc

2007 2520 2274 2592 sequitur
2305 2521 2582 2593 plantatio
2604 2521 2942 2589 electorum,
2972 2527 3172 2594 utpote
3204 2522 3302 2593 qui
3325 2521 3650 2593 prodierint

2006 2626 2074 2666 ex
2103 2611 2325 2666 semine
2348 2611 2667 2681 Abraham,
2693 2611 2853 2666 Isaac
2877 2616 2934 2667 et
2959 2612 3157 2678 Jacob,
3181 2610 3496 2666 electorum
3527 2610 3644 2666 Dei.

2005 2699 2206 2754 Turris
2255 2704 2450 2754 autem
2507 2700 2565 2754 in
2629 2699 2817 2755 medio
2875 2701 3053 2755 vineis
3109 2699 3412 2768 aediﬁcata,
3447 2698 3648 2770 utique

2003 2791 2092 2844 est
2128 2787 2404 2858 templum
2439 2789 2496 2842 in
2531 2788 2724 2843 media
2751 2788 2954 2843 Judaaa
2986 2787 3329 2843 collocatum
3363 2803 3377 2842 :
3413 2789 3642 2859 protor-

2002 2876 2164 2932 cular
2193 2892 2325 2932 vero
2357 2876 2482 2946 ipsa
2513 2886 2599 2931 est
2629 2877 2965 2932 Judaorum
3002 2892 3299 2948 synagoga
3334 2893 3346 2930 :
3381 2875 3643 2948 quando-

246 2961 419 3034 δαίων,
452 2962 605 3018 διότι
637 2961 806 3033 ληνὸς
841 2964 934 3036 μὲν
967 2963 1168 3039 κυρίως
1219 2965 1253 3031 ἡ
1303 2967 1400 3017 τοῦ
1457 2967 1590 3018 Θεοῦ
1653 2961 1883 3032 Ἐκκλη-

2012 2965 2242 3035 quidem
2274 2964 2528 3020 torcular
2570 2965 2802 3037 prOprie
2854 2965 3070 3020 dicitur
3116 2965 3218 3020 Dei
3267 2963 3544 3032 Ecclesia,
3576 2979 3645 3018 ex

246 3053 340 3119 σία,
374 3055 433 3108 ὲκ
492 3055 600 3117 τῇς
661 3051 997 3127 πανταχόθεν
1057 3051 1331 3126 συλλογῆς
1377 3050 1790 3125 κεκοσμημένη,
1824 3048 1892 3105 δι’

242 3141 300 3209 ἣν
330 3143 416 3196 καὶ
447 3143 522 3196 τὰ
557 3139 817 3211 ὲπιλήνια
847 3140 1060 3212 ᾅσματα
1103 3144 1215 3215 (63)
1246 3142 1393 3214 παρὰ
1457 3145 1536 3213 τῷ
1593 3138 1895 3212 Ψαλμῳδῷ
1925 3141 1931 3145 ’

246 3227 438 3300 ᾅδεταιο
473 3229 792 3306 προλήνιον
844 3227 920 3298 δὶ,
955 3231 1042 3284 καὶ
1073 3232 1106 3298 ἡ
1141 3230 1563 3306 προπαρασκευὴ
1597 3232 1630 3298 ἡ
1665 3227 1752 3283 διὰ
1797 3233 1894 3283 τοῦ

243 3320 427 3391 νόμου,
483 3321 582 3373 καὶ
642 3318 1048 3392 προμελὲτὴσις
1107 3317 1184 3380 εἷς
1243 3313 1509 3373 εὐσέϐειαν
1546 3337 1559 3350 ·
1619 3318 1708 3373 καὶ
1761 3318 1894 3372 καθὸ

248 3408 332 3478 μὲν
366 3408 443 3470 εἷς
497 3408 730 3478 ἑνότητα
779 3405 914 3482 ἄγει,
949 3405 1139 3479 ληνὸς,
1171 3408 1304 3461 καθὸ
1363 3405 1418 3461 δὲ
1473 3407 1892 3481 προπαρασκευὴ

236 3495 619 3573 τελειοτᾶρων,
679 3493 791 3551 ἔστι
849 3495 1189 3570 προλήνιον.
1237 3501 1464 3568 Ἕμεινα
1516 3500 1613 3550 τοῦ
1668 3502 1893 3564 ποιῆσαι

240 3583 524 3660 σταφυλήν
559 3631 572 3656 ,
653 3584 878 3654 ἐποίησε
963 3583 1020 3638 δὲ
1102 3585 1368 3648 ἀκάνθας.
1429 3581 1761 3647 Ἀκόλουθον
1827 3585 1892 3652 ἦν

227 3673 308 3727 ἐπὶ
515 3671 713 3748 φυτεία
775 3677 845 3746 τῇ
907 3670 1158 3746 ἐκλεκτῇ,
1217 3673 1307 3727 καὶ
1358 3676 1426 3747 τῇ
1485 3671 1772 3745 ὲπιμελείᾳ
1824 3677 1893 3746 τῇ

226 3763 476 3835 τοσαύτῃ,
504 3763 638 3823 τούς
697 3761 939 3837 καρποὺς
990 3760 1211 3835 γλυκεῖς
1259 3759 1633 3818 ἀποδίδοσθαι.
1665 3762 1744 3818 Τὰ
1793 3763 1892 3837 γὰρ

229 3852 382 3906 τέκνα
439 3857 550 3906 τοῦ
600 3846 856 3925 Ἀϐραὰμ
905 3851 972 3904 τὰ
1029 3848 1156 3927 ἔργα
1207 3855 1301 3904 τοῦ
1351 3846 1603 3927 Ἀϐραὰμ
1652 3851 1892 3906 ἀπαιτεῖ-

230 3961 332 3997 ται.
367 3941 537 3998 Ἀλλ’
571 3941 687 3995 ἀντὶ
718 3944 818 4004 τῆς
868 3937 1340 4013 προσδοκηθείσης
1379 3939 1654 4017 σταφυλῆς
1708 3940 1895 4009 εποίη-

231 4053 307 4087 σεν
365 4034 616 4097 ἀκάνθας
648 4050 662 4062 '
722 4031 1025 4099 τουτίστιν,
1084 4031 1203 4086 ἀντὶ
1275 4035 1372 4086 τοῦ
1448 4031 1745 4107 εὐφραίνειν
1803 4030 1891 4086 καὶ

233 4121 558 4194 ἀναπαύειν,
609 4119 838 4194 ἕτοιμος
915 4122 1028 4193 (64)
1103 4121 1238 4194 πρὸς
1290 4121 1354 4176 τὸ
1407 4125 1742 4175 κατακεντεῖν
1803 4122 1892 4175 καὶ

230 4212 572 4282 καταξαίνειν
624 4209 714 4264 καὶ
771 4210 1052 4283 αἱμάσσειν
1111 4209 1238 4271 τοὺς
1288 4207 1712 4279 πλησιάζοντας.
1759 4209 1892 4267 Τίνα

231 4301 323 4373 γὰρ
351 4306 464 4356 τῶν
498 4303 808 4375 προφητῶν
862 4299 963 4352 οὐκ
991 4298 1323 4368 ἀπέκτειναν,
1355 4299 1490 4353 κατὰ
1543 4299 1643 4367 τὴν
1703 4299 1754 4353 ὲν
1811 4302 1892 4371 τῷ

233 4347 967 4465 ὲὲὲέᾷςᾷίξέἷξξᾲέβλζεζξ
994 4347 1292 4460 KQS.
1311 4347 1610 4460 ’δξξᾶμοξέξ
1627 4347 1777 4443 "mla.
1824 4347 1892 4442 ῖτῖ
1926 4347 1970 4412 υ

234 4480 458 4553 ῖιονικὸν
525 4477 760 4538 ἀκάνθας
816 4476 1174 4551 ἑγκαλοῦνται
1229 4478 1604 4547 πεποιηκέναι,
1635 4474 1761 4532 ἀλλ’
1811 4475 1892 4531 ὅτι

233 4567 630 4627 καταΑιπόντες
657 4566 720 4620 τὸ
753 4566 887 4620 εἶναι
918 4565 1187 4641 φιλόθεοι,
1221 4563 1511 4643 φιλήδονοι
1548 4563 1760 4638 μᾶλλον
1801 4587 1895 4642 γε-

231 4657 443 4730 γόνασι,
471 4656 572 4710 καὶ
599 4658 718 4718 ταῖς
754 4653 1040 4729 μερίμναις
1081 4658 1178 4710 τοῦ
1235 4654 1356 4731 βίου
1418 4653 1583 4710 οἱονεὶ
1639 4654 1892 4720 ἀκάνθαις

292 4831 338 4866 ⁸³
365 4831 562 4886 Exod.
594 4845 690 4898 xx,
726 4845 890 4901 seqq.
968 4830 1014 4865 ³⁸
1041 4830 1217 4887 Num.
1248 4845 1364 4902 ul,
1395 4830 1486 4886 23.

229 4900 268 4935 ”
301 4903 446 4958 Luc.
478 4917 612 4969 vm,
642 4902 731 4955 14.

298 5083 416 5153 (59)
435 5082 788 5157 Admonere
819 5081 928 5157 abs
956 5097 1016 5136 re
1057 5098 1171 5136 non
1222 5081 1416 5157 fuerit,
1446 5083 1688 5157 verbum
1719 5101 1892 5157 χαρα-

233 5157 400 5206 nam
433 5154 556 5209 hoc
603 5153 729 5209 loco
778 5153 931 5209 sumi
975 5169 1078 5224 pro
1128 5169 1192 5209 eo
1244 5155 1399 5225 quod
1431 5158 1539 5225 est,
1570 5153 1893 5226 palis,'seu,

227 5227 593 5351 pbeefiiamentis
620 5225 970 5295 ﬁrmioribus
999 5226 1221 5281 vineam
1254 5227 1512 5296 alligare.
1549 5225 1698 5297 Lege
1725 5230 1892 5282 Com-

269 5314 301 5351 e
351 5314 546 5351 suum.

236 5307 546 5352 betisxum.

295 5370 411 5439 (60)
429 5369 584 5424 Jure
601 5367 822 5438 optimo
842 5366 1472 5439 reprehenditDuceus
1491 5367 1890 5437 Tilmannum,

229 5441 326 5509 qui
360 5438 508 5495 cum
541 5444 769 5494 vertere
798 5438 1113 5507 debuisset,
1149 5441 1210 5493 in
1256 5446 1462 5494 terram
1512 5442 1889 5511 possessionis,

229 5516 493 5582 verterat
529 5515 746 5581 tamen,
779 5512 836 5565 in
866 5521 1082 5565 terram
1107 5512 1501 5582 promissionis.
1528 5512 1593 5566 Et
1622 5528 1754 5567 vero
1784 5529 1892 5566 vox

232 5581 573 5656 κατάσχιςις
615 5581 1174 5656 ροεεεξδὲοηεηιηηορ
1219 5583 1654 5656 promissionem,
1683 5583 1888 5656 signi-

236 5655 366 5712 ﬁcat
381 5653 548 5724 {nec
578 5653 748 5711 aliter
775 5653 884 5712 hoc
903 5653 1254 5721 vocabulum
1285 5654 1548 5711 redditur
1570 5653 1802 5713 Psalmo
1824 5672 1886 5725 ιι,

1584 4830 1630 4866 ²⁴
1657 4831 1807 4888 Psal.
1838 4847 1960 4900 vm,
1997 4832 2018 4886 1
2115 4845 2278 4898 Lxxx,
2311 4829 2362 4884 1.

2003 3058 2152 3110 ccetu
2194 3053 2494 3109 undelibet
2542 3058 2853 3109 convocato
2902 3054 3205 3119 adornata,
3238 3054 3408 3124 cujus
3456 3052 3645 3124 gratia

2005 3141 2222 3197 Psaltes
2250 3141 2500 3212 epilenia
2530 3141 2755 3197 cantica
2784 3143 3013 3198 cecinit.
3037 3143 3183 3206 Quin
3215 3142 3392 3197 etiam
3424 3146 3645 3214 protor-

2005 3230 2252 3302 cular",
2285 3231 2629 3303 praaparatio
2658 3237 2744 3286 est
2790 3247 2892 3303 per
2931 3232 3118 3303 legem
3147 3230 3422 3299 exhibita,
3454 3235 3512 3286 et
3541 3247 3642 3286 an-

2003 3321 2274 3376 tecedens
2314 3320 2578 3390 quaedam
2626 3321 2856 3389 pietatis
2902 3320 3257 3375 exercitatio.
3292 3321 3360 3374 Et
3411 3321 3644 3389 quidem

2002 3409 2260 3464 torcular
2280 3413 2387 3479 est,
2409 3414 2696 3480 quatenus
2717 3409 2955 3465 adducit
2975 3410 3044 3464 ad
3070 3409 3354 3464 unitatem
3380 3425 3393 3464 :
3418 3413 3644 3480 protor-

2005 3497 2169 3553 cular
2198 3515 2350 3566 vero,
2384 3503 2674 3570 quatenus
2717 3503 3006 3570 praeparat
3037 3498 3108 3553 ad
3140 3497 3498 3569 perfectiora.
3535 3497 3644 3551 Ex-

2003 3589 2240 3656 spectavi
2268 3593 2329 3642 ut
2357 3589 2559 3657 faceret
2586 3604 2749 3642 uvam
2775 3606 2793 3642 :
2820 3589 2950 3658 [ecit
2979 3592 3159 3643 autem
3188 3589 3396 3656 spinas.
3430 3585 3645 3642 Conve-

2007 3676 2204 3732 niebat
2232 3675 2581 3748 plantationi
2628 3675 2763 3730 huic
2808 3676 3020 3743 electae,
3055 3679 3334 3747 tantaque
3382 3691 3522 3730 cura
3551 3689 3644 3729 ex-

2005 3765 2194 3834 cultae,
2211 3770 2274 3820 ut
2291 3765 2492 3820 dulces
2509 3765 2703 3819 ederet
2723 3765 2968 3820 fructus.
2986 3764 3286 3820 Enimvero
3313 3764 3386 3818 ab
3401 3763 3646 3820 Abrahie

2005 3853 2141 3909 ﬁliis
2174 3854 2412 3908 Abrahae
2464 3869 2641 3925 opera
2672 3858 3014 3923 repetuntur
3039 3854 3102 3907 π.
3128 3854 3238 3909 Sed
3288 3869 3391 3924 pro
3439 3869 3643 3923 exspe-

2005 3947 2160 4000 ctata
2191 3959 2301 3998 uva
2331 3943 2533 4015 spinas
2582 3943 2743 4009 fecit;
2775 3941 2885 3997 hoc
2922 3947 3031 4009 est,
3055 3958 3190 3996 cum
3238 3939 3560 3996 exhilarare
3588 3944 3646 3995 et

2004 4048 2262 4088 recreare
2291 4031 2592 4086 debuisset
2621 4047 2718 4086 eos
2751 4031 2850 4103 qui
2890 4032 3192 4096 accedunt,
3226 4030 3460 4086 eosdem
3491 4045 3642 4101 pun-

2002 4137 2157 4194 gere,
2188 4119 2483 4177 lancinare
2505 4136 2571 4174 ac
2597 4124 2899 4175 cruentare
2927 4123 3129 4190 parata
3155 4123 3260 4173 est.
3281 4119 3464 4183 Quem
3485 4117 3640 4172 enim

2003 4211 2416 4283 prophetarum
2466 4225 2578 4263 non
2629 4208 2987 4275 occideruut,
3032 4207 3203 4278 juxta
3251 4205 3641 4276 evangelicam

2003 4299 2336 4372 parabolam
2356 4298 2436 4351 ’5?
2478 4302 2599 4352 Meo
2631 4297 2866 4367 quidem
2890 4296 3116 4368 judicio
3149 4313 3260 4352 non
3294 4300 3646 4351 accusantur

2004 4389 2193 4444 solum
2219 4389 2373 4458 quod
2397 4387 2599 4457 spinas
2617 4385 2860 4440 fecerint
2883 4401 2983 4458 per
3003 4401 3170 4440 suam
3189 4385 3258 4440 ad
3283 4385 3497 4439 caedem
3521 4400 3648 4455 pro-

2003 4477 2340 4542 clivitatem,
2370 4477 2469 4531 sed
2502 4475 2656 4546 quod
2707 4479 2882 4529 Deum
2933 4490 3130 4530 amare
3160 4474 3517 4540 desinentes,
3549 4489 3644 4529 vo-

2003 4567 2285 4633 luptatem
2319 4564 2508 4636 magis
2538 4579 2824 4630 amavere,
2861 4580 2924 4618 ac
2955 4563 3084 4618 vitae
3119 4563 3298 4632 hujus
3329 4561 3485 4617 curis
3515 4567 3644 4617 tan-

2003 4672 2180 4728 quam
2200 4653 2390 4726 spinis
2413 4653 2569 4708 anim
2581 4669 2677 4708 um
2697 4653 3040 4709 suﬂ'ocarint
3055 4653 3119 4706 ³⁷.
3140 4651 3645 4718 Quemadmodum

2458 4826 2504 4861 ³⁸
2528 4827 2699 4882 Joan.
2730 4842 2854 4895 vm,
2885 4826 2972 4882 39.
3051 4826 3096 4860 ³⁸
3125 4823 3332 4882 Matth.
3364 4839 3524 4892 nm,
3554 4823 3644 4881 37.

2002 5085 2036 5139 8
2069 5099 2081 5138 ε
2120 5083 2262 5138 Dabo
2289 5081 2396 5137 tibi
2422 5083 2610 5148 gentes
2645 5079 3018 5136 haereditatem
3062 5087 3232 5150 tuam,
3265 5088 3316 5136 et
3343 5079 3643 5150 possessio-

2000 5171 2124 5210 nem
2153 5158 2306 5209 tuam
2331 5155 2588 5208 terminos
2613 5161 2792 5208 terrm.

2072 5227 2184 5298 (61)
2217 5226 2385 5290 Editi,
2415 5222 2596 5295 παντί,
2627 5225 2824 5280 cuivis.
2856 5224 2928 5278 At
2968 5223 3151 5279 nostri
3182 5222 3444 5295 quinque
3475 5237 3643 5290 mss,

2000 5297 2170 5366 πάντη
2183 5339 2195 5363 ,
2229 5299 2470 5352 omnino.

2070 5362 2189 5440 (62'),
2216 5369 2353 5440 Reg.
2387 5370 2655 5440 quartus,
2687 5362 2856 5435 δῆλον
2885 5363 2994 5422 ὅτι.

2071 5385 2180 5440 (02)
2217 5385 2353 5495 Heg.
2387 5385 2652 5440 quartus,
2687 5385 2856 5435 οηΛον
2885 5385 2994 5422 οτι.

2071 5441 2181 5512 (63)
2211 5442 2314 5512 Ερι
2344 5440 2476 5512 enia
2506 5439 2734 5512 cantica
2763 5455 2829 5493 ea
2859 5442 3018 5508 sunt,
3043 5453 3170 5507 quae
3200 5435 3353 5491 inter
3381 5447 3639 5506 premen-

1999 5512 2104 5567 das
2134 5511 2276 5567 uvas
2307 5511 2435 5566 cani
2466 5511 2738 5567 solerent.

2069 5585 2183 5655 (64)
2211 5583 2448 5640 Veteres
2495 5583 2755 5656 quinque
2803 5580 2958 5648 libri,
3005 5577 3246 5646 ἕτοιμος.
3298 5574 3470 5644 Editi,
3499 5569 3638 5626 ἕτοι-

2004 5673 2124 5727 μον.
