4048 6220
375 410 488 472 351

1336 408 1731 469 APPENDIX
1777 407 2098 471 OPERUM
2143 408 2208 470 S.
2253 407 2532 469 BASlLlI
2576 407 2849 472 MAGNI.

3666 408 3786 469 352

380 546 577 600 autem
608 542 780 614 spina
818 558 933 597 non
992 540 1102 597 fert
1132 556 1326 606 uvam,
1359 539 1441 595 ita
1497 556 1602 597 nec
1661 543 2023 596 sarmentum

2136 539 2229 593 τὸν
2256 542 2377 593 νοῦν
2410 537 2806 615 συνεπνίγοντο.
2839 541 3040 613 Ὥσπερ
3092 535 3150 593 δὲ
3188 540 3302 611 (65)
3331 536 3532 602 ἄκανθα
3584 559 3783 617 σταφυ-

382 632 587 706 spinas
618 632 905 704 producit.
935 632 1073 686 Eam
1107 631 1179 685 ob
1212 647 1330 685 rem
1384 630 1464 686 ait
1506 629 1827 686 Dominus:
1856 632 2025 686 Num-

381 722 512 794 quid
569 723 839 794 colligunt
888 720 954 775 de
998 721 1173 790 spinis
1222 736 1351 776 uvas
1372 719 1665 777 '8?Juda3i
1696 723 1892 776 tamen
1925 736 2027 793 pro

385 812 512 868 uvis
542 812 846 887 proferunt
876 812 1095 884 spinas.

458 994 578 1049 143.
612 992 788 1048 Vens.
820 993 873 1047 3.
908 994 972 1047 Et
1004 1006 1168 1055 nunc,
1211 996 1373 1047 homo
1413 989 1583 1057 Juda,
1618 992 1665 1045 et
1699 988 2030 1044 habitatores

380 1083 703 1149 Jerusalem,
727 1082 982 1151 judicate
1034 1082 1182 1134 inter
1209 1094 1295 1134 me
1323 1087 1373 1134 et
1404 1080 1551 1134 inter
1579 1080 1800 1133 vineam
1827 1093 2028 1133 meam.

381 1172 441 1227 Si
478 1170 704 1226 Domini
755 1169 923 1225 vinea
954 1169 1161 1224 domus
1201 1167 1381 1223 Israel
1412 1171 1519 1236 est,
1551 1172 1607 1223 et
1652 1167 1828 1223 homo
1879 1167 2033 1223 Juda

381 1258 611 1315 novella
640 1258 839 1330 planta
869 1258 1118 1324 dilecta;
1165 1258 1460 1329 quomodo
1504 1273 1695 1312 coram
1731 1256 1899 1311 vinea
1925 1256 2030 1310 ad—

379 1365 583 1405 versus
613 1347 841 1402 vineam
871 1346 945 1401 lis
988 1346 1354 1401 intenditur?
1398 1344 1697 1416 Numquid
1728 1344 1851 1400 vult
1878 1344 2031 1400 Scri-

382 1442 555 1510 ptura
584 1436 654 1491 ob
687 1435 1037 1491 evidentiam
1071 1435 1551 1507 objurgationum
1598 1439 1772 1506 atque
1802 1434 2030 1506 perspi-

381 1514 676 1595 cuitatem,
701 1541 798 1580 eos
830 1526 1139 1580 adversum
1173 1541 1234 1580 se
1263 1524 1423 1596 ipsos
1457 1523 1734 1579 adhibere
1756 1521 2031 1594 judices?

381 1616 540 1671 Fecit
559 1619 617 1670 et
640 1614 749 1669 hoc
770 1611 998 1669 Nathan
1026 1614 1336 1669 adversum
1361 1612 1535 1668 David
1565 1617 1713 1681 tum,
1738 1629 1871 1667 cum
1895 1628 2029 1667 eum

382 1702 687 1759 constituit
715 1703 959 1774 pr0pria3
991 1700 1321 1774 iniquitatis
1355 1701 1618 1771 judicem
1641 1701 1705 1755 ’9.
1740 1699 1888 1755 Illud
1922 1717 2031 1756 au-

380 1797 498 1849 tem
542 1808 837 1847 summam
888 1791 1146 1847 ostendit
1191 1789 1638 1861 benignitatem,
1672 1789 1828 1861 quod
1882 1791 2030 1845 Deus

380 1897 515 1937 cum
549 1879 788 1936 famulis
820 1880 943 1935 suis
977 1881 1099 1952 pari
1130 1878 1464 1935 conditione
1513 1878 1571 1933 in
1610 1878 1904 1949 judicium
1936 1894 2028 1933 ve-
2061 1919 2108 1985 B

381 1970 489 2026 nit.
515 1970 666 2035 Quin
700 1974 757 2025 et
786 1968 965 2025 simul
997 1968 1133 2024 hinc
1155 1969 1595 2024 demonstratur
1616 1966 2027 2039 justitia,quod

381 2059 483 2131 qui
514 2059 1000 2126 condemnentur,
1013 2056 1169 2129 juris
1196 2056 1497 2113 evidentia
1527 2072 1592 2111 ac
1624 2055 2031 2128 perspicuitati

381 2148 778 2204 contradicere
809 2164 922 2202 non
959 2147 1204 2219 possint.
1231 2147 1511 2215 Judicate,
1535 2145 1745 2216 inquit,
1771 2147 1919 2200 inter
1944 2161 2031 2201 me

380 2244 434 2293 σι
460 2239 677 2292 vineam
705 2251 904 2292 meam.
937 2236 1007 2291 Et
1035 2234 1208 2290 dicite
1238 2235 1380 2306 quid
1425 2234 1643 2290 factum
1676 2250 1789 2289 non
1823 2234 1899 2289 sit
1929 2250 2027 2290 eo-

384 2342 540 2394 rum,
562 2342 690 2397 quze
724 2324 861 2380 huic
891 2325 1214 2380 conducere
1238 2328 1526 2395 poterant
1555 2324 1625 2378 ad
1655 2323 2029 2395 proferendos

385 2415 653 2471 fructus?
683 2415 856 2469 Vens.
886 2416 938 2469 4.
980 2413 1119 2481 Quid
1164 2412 1342 2484 enim,
1376 2411 1585 2484 inquit,
1616 2413 1821 2483 faciam
1849 2415 2030 2470 vineae

382 2520 541 2569 meae,
572 2510 623 2559 et
651 2518 761 2558 non
789 2504 894 2574 feci
924 2504 1015 2557 ei?
1045 2503 1189 2568 Quid
1221 2519 1336 2557 non
1367 2502 1609 2573 praestiti
1640 2518 1864 2571 eorum,
1899 2518 2029 2571 quae

383 2592 530 2649 mihi
558 2592 629 2648 ad
662 2608 789 2648 eam
823 2592 1141 2648 curandam
1176 2593 1359 2647 facere
1391 2607 1483 2647 me
1514 2590 1794 2647 decebat?
1825 2590 2029 2646 Nonne

383 2680 619 2753 pinguis
651 2680 814 2736 locus
860 2686 971 2748 est,
1002 2680 1277 2751 idemque
1325 2678 1797 2735 munitissimus?
1837 2695 2029 2735 nonne

384 2786 575 2842 sepes,
596 2786 787 2825 nonne
804 2768 961 2835 valli,
976 2786 1171 2824 annon
1192 2768 1473 2840 plantatio
1490 2784 1772 2840 perquam
1792 2768 2025 2835 eximia,

386 2875 583 2915 annon
632 2859 833 2926 turris,
884 2875 1078 2914 annon
1128 2856 1490 2929 protorcular
1537 2857 1802 2913 adhibita
1846 2856 2031 2913 sunt?

383 2964 579 3005 nonne
611 2948 828 3003 factum
861 2952 950 3003 est
970 2947 1257 3019 quidquid
1291 2948 1426 3019 quis
1456 2947 1514 3002 in
1548 2947 1805 3002 medium
1839 2949 2030 3019 potest

378 3036 678 3109 proferre?
698 3038 980 3093 Casterum
1012 3037 1340 3108 putandum
1368 3036 1523 3093 480
1545 3041 1634 3093 est
1663 3035 2027 3108 Scripturam

376 3125 497 3182 haec
527 3127 841 3182 adversum
873 3143 979 3181 nos
1011 3125 1187 3181 etiam
1220 3126 1412 3182 dicere
1447 3144 1459 3180 :
1493 3126 1594 3197 qui
1644 3126 1716 3181 ad
1770 3126 2027 3181 edendos

365 3215 611 3285 justitite
645 3214 929 3269 fructus3°
959 3214 1165 3283 vocati,
1198 3214 1516 3270 incidimus
1560 3231 1675 3286 prie
1720 3213 1902 3270 nimio
1934 3215 2026 3269 di-

2137 627 2239 697 λὴν
2269 627 2330 683 οὐ
2363 629 2539 703 φὲριι,
2566 627 2739 689 οὕτως
2770 624 2895 683 ούδὶ
2934 626 3212 701 κληματὶς
3268 627 3517 692 ἀκάνθας.
3548 628 3645 682 Διὰ
3688 633 3787 684 τοῦ

2134 738 2197 772 το
2258 718 2286 772 6
2346 717 2567 792 Κύριος,
2613 722 2761 789 Μήτι
2816 715 3160 793 συλλέγουσι,
3212 718 3398 796 φησὶν,
3457 716 3563 773 ἀπὸ
3618 717 3789 772 ἀκαν-

2138 808 2243 861 θῶν
2278 806 2548 885 σταφυλάς
2576 827 2589 877 ;
2624 805 2784 863 Ἀλλ’
2808 806 2961 881 ὅμως
2997 806 3048 862 οἱ
3080 803 3333 861 Ἰουδαῖοι
3374 810 3623 862 ποιοῦσιν
3669 806 3791 861 ἀντὶ

2139 894 2424 967 σταφυλῶν
2460 895 2711 959 ἀκάνθας.

2212 988 2333 1043 143.
2383 984 2488 1041 Καὶ
2533 989 2645 1054 νῦν,
2697 982 2979 1060 ἄνθρωπος
3050 987 3146 1040 τοῦ
3190 981 3388 1054 Ἰούδα,
3434 984 3525 1039 καὶ
3596 986 3650 1039 οἱ
3705 984 3793 1040 ὲν-

2140 1079 2411 1137 οικοῦντες
2468 1072 2851 1150 Ἰερουσαλὴμ,
2912 1073 3126 1151 κρίνατε
3197 1072 3248 1129 ἐν
3332 1072 3455 1147 ἐμοὶ
3530 1075 3616 1129 καὶ
3695 1074 3798 1129 ἀνὰ

2144 1164 2303 1238 μέσον
2353 1168 2450 1219 τοῦ
2498 1160 2824 1237 ἀμπελῶνός
2877 1183 3004 1236 μου.
3041 1162 3106 1218 El
3152 1164 3180 1217 6
3225 1161 3491 1236 ἀμπελὼν
3547 1167 3643 1218 τοῦ
3687 1169 3796 1218 Κυ-

2142 1253 2260 1329 ρίου
2310 1252 2464 1315 οἶκος
2506 1257 2603 1308 τοῦ
2635 1251 2855 1328 Ἰσραήλ
2905 1250 3036 1323 ἐστι,
3064 1251 3155 1307 καὶ
3202 1249 3487 1326 ἅνθρωπος
3534 1256 3629 1307 τοῦ
3661 1252 3800 1310 Ἰού-

2141 1338 2207 1395 δα
2255 1341 2513 1416 νεόφυτον
2570 1330 2961 1417 ἠγαπήμὲνον·
2996 1345 3112 1404 πῶς
3172 1339 3259 1396 ἐπὶ
3312 1344 3409 1395 τοῦ
3461 1339 3793 1412 ἀμπελῶνος

2141 1426 2412 1499 δικάζεται
2453 1430 2587 1486 κατὰ
2635 1434 2732 1485 τοῦ
2785 1426 3109 1502 ἀμπελῶνος
3137 1450 3151 1499 ;
3182 1431 3250 1485 Ἢ
3284 1427 3372 1484 διὰ
3418 1430 3481 1485 τὸ
3536 1429 3793 1507 ἀναντίρ-

2141 1518 2307 1595 ῥητον
2353 1522 2459 1574 τῶν
2512 1518 2755 1595 ἐλίγχων
2805 1518 2991 1583 αὐτοῖς
3027 1518 3279 1593 βούλεται
3312 1521 3427 1574 καθ’
3452 1520 3654 1575 ὶαυτῶν
3704 1517 3793 1575 δι-

2138 1614 2357 1671 κασταῖς
2390 1610 2417 1664 6
2451 1608 2619 1684 λόγος
2649 1610 2953 1684 χρήσασθαι
2980 1627 2993 1677 ;
3026 1609 3093 1666 Ὀ
3135 1610 3224 1663 καὶ
3256 1609 3283 1663 6
3314 1610 3493 1673 Νάθαν
3545 1609 3630 1665 ἰπὶ
3687 1613 3791 1664 τοῦ

2139 1691 2303 1751 Δαόὶδ
2358 1696 2635 1768 ἐποίησεν,
2682 1696 2840 1752 αύτὸν
2902 1695 3157 1766 δικαστὴν
3214 1698 3433 1760 καθίσας
3490 1702 3586 1753 τοῦ
3640 1696 3789 1754 ἰδίου

2140 1782 2501 1858 ἀδικήματος.
2561 1787 2671 1855 Τήν
2726 1783 2782 1841 δὲ
2841 1782 3150 1862 ὑπερϐολὴν
3200 1792 3303 1855 τῆς
3377 1786 3791 1863 φιλανθρωπίας

2138 1874 2417 1944 συνίστησι
2446 1876 2509 1931 τὸ
2559 1874 2636 1938 sic
2688 1874 2933 1949 ἰσότιμον
2970 1878 3076 1949 (66)
3108 1875 3281 1949 κρίσιν
3337 1876 3428 1931 τὸν
3484 1877 3612 1933 Θεὸν
3664 1882 3791 1939 τοῖς

2139 1964 2331 2019 ἑαυτοῦ
2389 1963 2621 2025 οἰκέταις
2680 1958 3139 2041 συγκαταϐαίνειν.
3200 1965 3374 2038 Ὁμοῦ
3430 1962 3486 2021 δὲ
3541 1966 3633 2021 καὶ
3686 1970 3793 2021 τοῦ

2139 2048 2351 2107 δικαίου
2382 2050 2652 2123 ἀπόδειξιν
2686 2050 2825 2129 ἔχει,
2857 2053 2930 2115 ὡς
2963 2051 3088 2108 ούδὶ
3136 2050 3288 2109 οὐδὲν
3340 2057 3448 2108 τῶν
3495 2050 3793 2108 καταδικα-

2141 2141 2381 2214 ζομένων
2470 2140 2711 2216 ἐχόντων
2769 2139 3066 2218 ἀντιλέγειν
3121 2144 3191 2215 τῇ
3246 2139 3492 2218 ἐναργείᾳ
3543 2145 3639 2196 τοῦ
3698 2139 3793 2197 δι-

2136 2229 2292 2284 καίου
2350 2232 2486 2305 (67).
2541 2232 2795 2306 Κρίνατε,
2856 2231 3012 2306 φησί,
3072 2230 3268 2305 μεταξὺ
3326 2231 3461 2304 ἐμοῦ
3516 2230 3606 2285 καὶ
3682 2235 3787 2287 τοῦ

2138 2317 2465 2390 ἆμπελῶνός
2519 2340 2644 2393 μου.
2677 2319 2785 2375 Καὶ
2839 2318 3040 2391 εἴπατε,
3070 2320 3123 2375 τί
3152 2325 3261 2376 τῶν
3314 2320 3450 2396 πρὸς
3507 2340 3787 2398 καρπογο-

2136 2406 2252 2461 νίαν
2311 2408 2457 2481 αὐτῷ
2513 2408 2913 2465 συντελούντων
2961 2408 3090 2487 οὐχὶ
3147 2410 3474 2485 γεγένηται;
3528 2409 3597 2468 Τί
3652 2411 3783 2486 γὰρ,

2137 2496 2290 2575 φησὶ,
2345 2499 2562 2568 ποιήσω
2609 2490 2689 2571 τῷ
2747 2496 3037 2572 ἀμπελῶνί
3097 2520 3223 2574 μου,
3254 2503 3344 2554 καί
3402 2498 3501 2554 οὐκ
3547 2496 3786 2570 ἐποίησα

2136 2586 2323 2659 αύτῷ;
2354 2585 2414 2640 Τί
2442 2592 2550 2642 τῶν
2586 2582 2998 2644 ἐπιϐαλλόντων
3034 2610 3128 2662 μοι
3171 2588 3295 2663 περὶ
3343 2595 3443 2658 τῆς
3492 2588 3568 2651 εἷς
3617 2588 3784 2644 αὐτὸν

2136 2674 2450 2750 ἐπιμελείας
2482 2676 2611 2752 ούχὶ
2646 2677 2953 2749 πεποίηκα;
2986 2677 3063 2736 Οὐ
3092 2677 3260 2740 τόπος
3287 2678 3425 2734 πίων
3456 2679 3545 2733 καὶ
3592 2698 3793 2754 καρτε-

2138 2765 2229 2840 ρὸς
2263 2766 2290 2819 ὁ
2338 2765 2536 2836 ainde;
2589 2765 2651 2821 ού
2700 2767 2987 2845 φρογμός;
3040 2766 3099 2822 ού
3148 2768 3427 2843 χάρακις;
3477 2766 3539 2823 οὐ
3597 2766 3795 2845 φυτιία

2136 2852 2482 2926 εύγενιστάτη
2506 2874 2528 2919 ;
2558 2855 2620 2911 ού
2652 2855 2877 2931 πύργος,
2908 2855 2969 2911 ού
3000 2855 3302 2932 προλήνιον
3338 2875 3353 2925 ;
3390 2856 3498 2931 οὐχ
3534 2856 3564 2911 6'
3611 2877 3662 2911 τι
3726 2855 3794 2912 ἂν

2137 2940 2263 3018 sin“
2293 2962 2413 3013 τις;
2447 2946 2632 3001 Ταῦτα
2663 2945 2847 3017 μὲντοι
2870 2965 2931 3021 γε
2958 2946 3244 3018 νομιστέον
3278 2943 3520 3020 λέγεσθαι
3554 2945 3654 3001 ὑπὸ
3686 2949 3794 3001 τοῦ

2137 3028 2303 3107 λόγου
2353 3030 2441 3087 καὶ
2499 3034 2638 3107 πρὸς
2695 3035 2861 3107 ἡμᾶς·
2898 3035 2950 3089 οἳ
2996 3032 3287 3104 κληθέντες
3337 3033 3421 3090 ἰπὶ
3481 3039 3561 3107 τῷ
3606 3040 3793 3091 ποιεῖν

2135 3118 2262 3183 τοὺς
2292 3122 2533 3197 καρποὺς
2560 3128 2659 3192 τῆς
2690 3119 3059 3194 δικαιοσύνης,
3093 3123 3196 3179 ὑπὸ
3244 3120 3642 3199 φιλοπλουτίας
3686 3122 3792 3197 ἆμ-

2134 3208 2402 3283 πίπτομεν
2455 3209 2530 3273 ιίς
2588 3212 2916 3286 πειρασμὸν,
2947 3211 3036 3266 καὶ
3095 3208 3316 3287 παγίδα,
3346 3212 3437 3267 καὶ
3490 3212 3786 3285 ἐπιθυμίας

370 3302 646 3358 vitiarum
678 3303 875 3357 studio
905 3301 965 3357 in
998 3302 1379 3359 tentationem
1419 3302 1816 3375 laqueumque
1845 3309 1901 3359 et
1929 3304 2020 3359 in-

2135 3297 2396 3368 ἀνοήτους
2442 3300 2530 3354 καὶ
2582 3295 2877 3376 βλαϐερὰς,
2929 3299 3126 3365 αἵτινες
3180 3302 3455 3377 βυθίζουσι
3508 3300 3636 3366 τοὺς
3686 3303 3787 3358 ἆν-

372 3389 567 3446 sulsas
608 3395 783 3461 atque
841 3391 1044 3446 noxias
1092 3391 1462 3463 cupiditates,
1495 3408 1623 3461 quas
1671 3391 2021 3463 demergunt

370 3479 640 3536 homines
687 3478 745 3533 in
795 3478 1035 3535 exitium
1070 3484 1127 3535 et
1165 3479 1555 3535 interitum”.
1588 3482 1915 3550 Exspectavi
1960 3489 2021 3536 ut

366 3572 576 3640 facere:
603 3585 789 3637 uvam,
811 3570 943 3639 fecit
963 3578 1146 3624 autem
1165 3570 1372 3641 spinas.
1397 3568 1594 3640 Operaa
1625 3569 1876 3641 pretium
1911 3568 2021 3625 fuit

368 3660 636 3714 eamdem
670 3663 929 3729 repetere
952 3658 1324 3713 sententiam.
1350 3657 1574 3713 Etenim
1598 3657 1699 3730 qui
1721 3658 2018 3729 superiore

364 3747 490 3804 loco
540 3746 964 3818 pronuntiabat
1014 3747 1332 3817 canticum,
1383 3747 1660 3803 dicebat:
1697 3750 2022 3819 Exspeclavi

366 3840 426 3892 ut
464 3836 673 3906 Iaceret
717 3851 883 3893 uvam
911 3854 933 3890 .-
965 3836 1059 3891 hic
1116 3852 1251 3891 vero
1307 3852 1406 3892 eos
1458 3835 1781 3908 alloquitur
1822 3853 2018 3892 coram

367 3924 580 3997 quibus
604 3924 910 3995 judicatur
949 3942 960 3979 :
985 3925 1230 3981 Judicate
1258 3927 1402 3981 inter
1432 3941 1517 3981 me
1544 3930 1597 3981 et
1627 3927 1771 3981 inter
1801 3928 2020 3982 vineam

364 4031 570 4070 meam.
590 4013 904 4071 Nimirum.
930 4018 1096 4070 Ferte
1119 4014 1413 4085 judicium
1437 4015 1507 4071 de
1539 4015 1666 4083 hoc,
1692 4018 2020 4088 Exspectant

366 4111 428 4160 ut
455 4106 657 4174 faceret
687 4120 871 4171 uvam,
902 4103 1041 4177 fecit
1068 4108 1257 4160 autem
1284 4104 1491 4175 spinas.

437 4193 561 4247 144.
585 4191 762 4247 Vens.
793 4194 847 4247 5.
881 4192 1034 4247 Nunc
1078 4201 1263 4249 autem
1306 4194 1661 4249 annuntiabo
1698 4193 1855 4248 vobis
1884 4194 2020 4264 quia

362 4280 569 4351 faciam
596 4283 777 4337 uinea;
822 4294 980 4337 meas.
1013 4280 1318 4351 Pr0prium
1367 4285 1456 4336 est
1503 4281 1630 4351 ejus
1679 4282 1833 4352 quod
1866 4285 2018 4337 Deus

364 4367 425 4421 in
450 4366 718 4421 homines
743 4367 918 4421 habet
938 4367 1539 4438 studii,inequaquam
1562 4367 1795 4424 silentio
1816 4386 2018 4440 poenas

364 4454 644 4526 irrogare,
670 4455 768 4510 sed
794 4470 893 4509 eas
927 4453 1339 4525 praenuntiare,
1362 4460 1561 4526 utpote
1582 4457 1678 4527 qui
1702 4474 1804 4528 per
1826 4459 2016 4516 minas

364 4548 700 4615 peccatores
731 4547 1004 4614 provocet
1045 4543 1117 4598 ad
1169 4543 1569 4614 pcenitentiam
1606 4562 1618 4599 :
1654 4563 1769 4617 qua
1806 4549 2015 4620 agendi

377 4631 602 4687 ratione
624 4648 763 4687 usus
783 4636 872 4687 est
891 4647 1030 4702 erga
1048 4631 1336 4688 Ninivitas
1353 4632 1514 4688 Jona:
1532 4650 1710 4706 opera
1723 4637 1787 4691 ³³.
1809 4638 1922 4694 Nec
1943 4643 2025 4696 ta.

381 4720 494 4776 cite
515 4720 754 4776 exitium
778 4719 1214 4793 perniciemque
1244 4721 1471 4778 induxit
1492 4724 1687 4780 Israeli
1720 4728 2020 4798 peccanti:

2131 3391 2383 3462 θρώπους
2438 3386 2513 3451 sic
2594 3384 2820 3465 ὄλεθρον
2892 3389 2981 3445 καὶ
3046 3388 3343 3448 ἀπώλειαν.
3403 3392 3628 3464 Ἐμεινα
3680 3390 3789 3447 τοῦ

2130 3482 2355 3546 ποιῆσαι
2424 3477 2725 3555 σταφυλὴν,
2775 3478 2999 3549 ἐποίησε
3071 3476 3128 3534 δὲ
3201 3478 3450 3542 ἀκάνθας.
3511 3482 3673 3555 Ἔχει
3727 3502 3786 3535 τι

2130 3567 2415 3642 ἀναγκαῖον
2448 3570 2482 3637 ἡ
2514 3566 2862 3644 ταυτολογία.
2900 3569 2985 3625 Ἐν
3020 3568 3114 3642 μὲν
3163 3568 3267 3646 γὰρ
3311 3574 3431 3633 τοῖς
3480 3566 3590 3624 ἄνω
3622 3571 3651 3625 ὁ
3678 3571 3788 3641 τὴν

2130 3652 2277 3728 ᾠδὴν
2340 3653 2690 3733 ὶπαγγὲλλων
2745 3654 2948 3734 ἔλεγεν,
2980 3659 3208 3732 Ἔμεινα
3252 3656 3349 3714 τοῦ
3387 3664 3613 3728 ποιῆσαι
3654 3680 3787 3715 στα-

2129 3744 2328 3824 φυλήν
2367 3744 2590 3810 ἐνταῦθα
2616 3743 2674 3801 δὲ
2703 3748 2839 3823 πρὸς
2878 3746 3030 3815 τοὺς,
3071 3747 3151 3824 ἐφ’
3185 3748 3257 3801 ὧν
3308 3745 3568 3822 κρίνεται,
3599 3754 3782 3804 ποιεῖ-

2125 3854 2213 3889 ται
2389 3834 2515 3897 τοὺς
2563 3832 2769 3909 λόγους
2798 3854 2813 3871 ·
2841 3836 3071 3911 Κρίνατε
3118 3836 3172 3891 ἰν
3224 3834 3349 3909 ἐμοὶ
3385 3836 3474 3892 καὶ
3531 3836 3629 3891 ἀνὰ
3678 3838 3786 3910 μὲ-

2128 3943 2222 3978 σον
2274 3928 2370 3979 τοῦ
2428 3923 2757 3999 ἀμπελῶνός
2819 3943 2957 3997 μου’
2988 3924 3074 3996 τὸ,
3122 3927 3349 3999 Ἐμεινα
3403 3930 3501 3981 τοῦ
3550 3933 3784 3995 ποιῆσαι

2128 4010 2430 4087 σταφυλὴν,
2463 4011 2685 4083 ἐποίησε
2710 4010 2767 4068 δὶ
2797 4013 3046 4078 ἀκάνθας.

2202 4194 2324 4249 144.
2356 4194 2464 4247 Νῦν
2525 4188 2583 4246 δὲ
2639 4188 2927 4266 ἅναγγιλῶ
2992 4192 3120 4266 ὑμῖν
3175 4189 3231 4248 τί
3276 4194 3493 4263 ποιήσω
3541 4196 3622 4266 τῷ
3675 4193 3786 4268 ἀμ.

2126 4277 2335 4336 πιλῶνί
2372 4302 2497 4354 μου.
2530 4276 2696 4336 Ἰδιον
2753 4286 2855 4351 τῆς
2911 4284 3008 4341 τοῦ
3064 4284 3199 4338 Θεοῦ
3255 4279 3690 4360 φιλανθρωπίας,
3717 4285 3787 4340 τὸ

2130 4370 2206 4443 μή
2240 4373 2420 4444 σιωπῇ
2470 4369 2567 4432 τὰς
2615 4369 2866 4433 κολάσεις
2907 4369 3146 4447 ἆπάγειν,
3188 4370 3335 4429 ἀλλὰ
3375 4371 3782 4447 προκηρύσσειν

2127 4456 2217 4513 διὰ
2247 4463 2356 4513 τῶν
2388 4458 2627 4515 ἀπιιλῶν
2661 4457 3116 4536 προκαλουμένου
3174 4460 3252 4541 είς
3313 4460 3597 4535 μετάνοιαν
3645 4462 3783 4526 τοὺς

2124 4549 2534 4623 ἡμαρτηκόταςο
2572 4549 2647 4611 ὡς
2677 4548 2944 4625 πεποίηκε
2967 4555 3017 4607 Ν
3025 4549 3276 4613 ινιυΐταις
3334 4548 3425 4607 διὰ
3466 4555 3564 4607 τοῦ
3594 4554 3780 4609 Ἰωνᾶ.

2053 4658 2098 4724 D
2128 4636 2235 4693 Καὶ
2264 4642 2344 4710 τῷ
2373 4637 2593 4715 Ἰσραὴλ
2648 4637 2990 4721 ἡμαρτηκότι
3041 4638 3104 4703 o6
3153 4644 3342 4717 σιωπῇ
3382 4638 3647 4717 ἐπήγαγε,
3677 4639 3778 4696 τὸν

2133 4725 2459 4806 ἀφανισμὸν,
2490 4724 2637 4783 ἀλλὰ
2664 4730 2827 4784 κινῶν
2860 4726 2936 4791 τίς
2966 4729 3064 4799 τὴν
3102 4729 3233 4804 ὖπὶρ
3264 4732 3359 4785 τοῦ
3390 4728 3525 4786 λαοῦ
3572 4729 3779 4786 ἱκεσίαν

432 4860 476 4896 ﬂ
510 4859 717 4918 Matth.
748 4875 849 4931 vn,
884 4860 969 4915 16.
1048 4861 1094 4897 ³ο
1124 4860 1169 4918 ΙΙ
1202 4862 1338 4935 Reg.
1371 4879 1472 4931 xu,
1503 4864 1558 4919 5.
1634 4866 1680 4901 ⁸ο
1705 4866 1824 4924 Jac.
1864 4882 1949 4937 ιιι,
1984 4869 2023 4923 11

2150 4869 2195 4906 ιι
2228 4870 2251 4924 Ι
2282 4866 2434 4926 Tim.
2468 4886 2550 4937 vr,
2577 4871 2632 4926 9.
2708 4870 2753 4905 “
2780 4844 3129 4938 άουᾙωζιζ

459 5006 546 5072 65)
580 5004 673 5061 Sic
704 5020 847 5060 mss.
881 5003 1177 5077 nonnulli.
1193 5006 1472 5077 ,Atediti,
1505 5002 1594 5077 δή.

458 5077 550 5149 66)
578 5077 807 5153 Veteres
858 5076 1119 5153 quinque
1166 5075 1319 5153 libri,
1354 5075 1624 5153 ἰσότιμον.
1670 5082 1843 5153 Editi,
1877 5079 2012 5153 ὁμό-

360 5166 545 5218 τιμον,
580 5151 781 5205 eadem
828 5150 999 5219 plane
1052 5150 1359 5204 sententia.
1410 5151 1539 5206 Mox
1582 5153 1747 5219 editi,
1782 5150 1857 5214 ὡς
1888 5150 2012 5208 οὖδὶ

359 5222 490 5303 τῶν.
519 5220 979 5303 Beg._secundus
1009 5226 1067 5303 et
1096 5221 1569 5303 duo‘Collzertini,
1594 5223 1671 5285 ὡς
1700 5220 1825 5278 οὐδὲ
1857 5223 2006 5280 οὐδὲν

359 5294 489 5347 τῶν.
524 5288 633 5348 ΑΙίῖ
666 5300 782 5347 tres
816 5308 985 5361 mss.,
1018 5290 1091 5351 ὡς
1125 5288 1276 5344 ούδὶν
1309 5295 1438 5347 τῶν.

432 5364 543 5445 (67)
579 5363 1102 5445 Aithmheﬁsius,
1146 5362 1426 5445 Basilium
1458 5364 1606 5445 sine
1653 5366 2007 5445 dublo_scr_i-

360 5433 571 5518 psisse,
732 5433 1041 5518 ἐπεργασία,
1075 5436 1756 5518 επξεσιιείοῃιλιιζίεηροη
1787 5440 1871 5518 ’τῇ
1922 5439 2005 5493 :6-

362 5505 594 5590 εργισίᾳ.
628 5507 727 5589 uti.
763 5505 835 5561 in"
870 5505 1035 5590 libris
1085 5507 1249 5576 prius
1299 5506 1472 5561 editis
1517 5506 1749 5589 legitur.
1785 5505 1856 5563 ln'
1889 5527 2005 5594 quo

363 5595 561 5661 mirari
596 5578 774 5661 subit,
810 5578 1032 5661 homim
1066 5583 1389 5659 ceteroque
1417 5579 1756 5661 doctissimo
1788 5598 1896 5636 sua
1926 5588 2006 5661 ita

425 5650 675 5719 acuisse,
705 5656 790 5722 ut,
812 5649 1733 5722 lectionemicomminisceretur,
1768 5669 1899 5709 cum
1953 5655 2005 5712 ei

138 5726 141 5729 _
172 5702 177 5703 ,
334 5708 335 5711 η
350 5649 675 5762 placuisse,
705 5656 771 5733 ut
812 5649 1119 5706 lectionem
1170 5649 1733 5736 comminisceretur,
1768 5669 1899 5709 cum
1953 5655 2005 5712 ei

438 5737 570 5781 sms
592 5720 891 5782 codicibus
910 5725 1068 5781 esset
1086 5721 1158 5780 ad
1180 5738 1423 5782 manum
1446 5722 1616 5785 lectio
1642 5723 1780 5799 alia,
1797 5742 1865 5785 ex
1887 5743 2005 5801 qua

542 5914 723 6103 ³ης..

2121 5012 2325 5088 eadem
2356 5013 2528 5085 plane
2552 5013 2850 5088 sententia
2880 5012 3031 5069 etﬁci
3062 5016 3277 5088 posset.
3303 5013 3452 5088 Nam
3483 5014 3545 5070 in
3563 5014 3778 5088 ﬁegiis

2121 5083 2314 5156 primo
2344 5083 2401 5140 et
2431 5085 2625 5158 tertio,
2655 5101 2804 5158 quos
2834 5084 2907 5153 is,
2942 5083 3119 5158 quem
3149 5085 3291 5158 dixi,
3324 5083 3772 5158 vir_eruditi§si-

2122 5154 2546 5241 muscont‘ulit,
2568 5158 2651 5213 ita
2671 5154 3772 5241 ὀονὶρρυιζὴιρροτὶωιςητῇ.ἐνεργείᾳ-τοῦ

2120 5223 2354 5310 δικαίου,
2397 5230 2543 5310 juris
2593 5223 2956 5310 exsecutioni,
2986 5223 3144 5310 jtlrif
3192 5223 3591 5310 ασι’ἰοῄἱ;,οὶιίᾶ
3620 5223 3769 5310 iam

2119 5300 2366 5377 sentiam
2396 5300 2542 5372 ipse,
2567 5302 2770 5371 paucis
2793 5300 3069 5377 aperiam.
3095 5300 3314 5377 Censeo
3336 5301 3515 5377 igitur
3534 5318 3603 5357 ex
3624 5300 3769 5377 Reg.

2118 5374 2324 5449 quarto
2355 5379 2408 5426 et
2424 5370 2507 5449 ex
2523 5370 3153 5449 ‘u’troqueAColber‘tino
3170 5370 3481 5449 legendum
3514 5389 3665 5449 esse,
3697 5370 3771 5449 ἷῇ

2117 5438 2364 5527 tum”
2391 5445 2487 5495 τοῦ
2519 5438 2749 5527 item,
2771 5446 2921 5527 12W
2945 5438 3432 5527 φίάεπξὲξιιίςιξε
3454 5438 3770 5527 metu?

2115 5510 2234 5588 tati.
2257 5510 2403 5578 'Quaa
2434 5510 2745 5588 scriptura
2771 5510 2857 5571 ita
2904 5520 3039 5588 apta
3069 5515 3214 5571 mihi
3244 5510 3473 5588 videtur
3520 5510 3598 5573 et'.
3626 5518 3769 5577 huic

2112 5586 2239 5642 loco
2269 5587 2640 5663 conveniens,
2664 5590 2729 5663 ut
2756 5586 3136 5663 quamquam,
3156 5587 3261 5660 qui
3288 5602 3415 5645 eam
3448 5587 3767 5663 improbet,

2114 5661 2411 5730 repertum
2443 5657 2521 5714 iri
2547 5654 2919 5730 noh‘p‘u'tem‘.
2953 5654 3007 5699 7~
3068 5688 3073 5695 -
3123 5654 3131 5658 ’
3164 5654 3319 5730 ξίφη)
3534 5654 3573 5697 ’-

2203 5730 2295 5804 68)
2324 5729 2519 5790 Nostri
2549 5747 2650 5792 lex
2673 5728 2845 5805 mem,
2874 5730 3136 5791 ποιεῖται.
3161 5728 3338 5804 Editi,
3366 5732 3537 5791 ποιοῖ.
