4048 6220
255 282 352 345 353

1055 271 1460 340 COMMENT.
1506 275 1582 338 ΙΝ
1626 273 1896 338 18ΑΙΑΜ
1942 272 2444 338 PROPHETAM.
2489 273 2659 337 CAP.
2709 276 2784 338 ν.

3519 277 3637 341 354

253 413 329 469 τὸν
393 411 586 466 ἑαυτοῦ
660 408 981 484 θεράποντα,
1047 411 1440 486 προεκήρυσσε,
1499 406 1674 484 λέγων
1706 425 1720 440 ο
1779 405 1877 461 Καὶ

2003 409 2094 463 sed
2128 408 2416 464 famulum
2449 426 2623 465 suum
2658 410 2728 464 ad
2767 409 3096 466 fundandae
3126 426 3230 483 pro
3261 411 3476 483 populo
3507 428 3646 484 pre-

250 507 328 558 νῦν
385 499 515 578 ἄφες
577 521 662 574 με,
695 500 782 554 καὶ
844 501 951 572 (69)
1009 498 1274 574 ἐξαλείψω
1331 499 1420 554 τὸν
1479 496 1611 553 λαὸν
1669 500 1880 554 τοῦτον.

253 587 638 666 Παραπλησίως
693 585 752 643 δὲ
805 609 857 643 τι
909 587 1000 644 καὶ
1041 587 1093 643 ἂν
1125 593 1203 661 τῷ
1232 584 1555 665 Εύαγγελίῳ
1610 585 1733 660 περὶ
1784 593 1884 656 τῆς

249 678 368 735 κατᾶ
395 683 495 746 τὴν
527 680 693 747 συκῆν
725 671 1049 751 παραϐολῆς
1091 678 1511 750 μεμαθήκαμεν,
1537 680 1634 731 τοῦ
1691 673 1884 730 δεσπό-

248 791 333 824 του
359 767 526 838 αὐτῆς
571 765 826 841 λὲγοντος
876 771 956 839 τῷ
1003 771 1251 843 γεωργῷ-
1286 763 1423 820 Ἰδοὺ
1473 765 1599 842 τρία
1654 762 1745 835 ἔτη
1795 761 1884 840 ἴρ-

250 876 410 936 χομαι
475 855 565 912 ἐπὶ
613 856 712 925 τήν
774 861 965 925 συκῆν,
999 860 1176 926 ζητῶν
1230 856 1435 931 καρπὸν
1495 854 1548 909 ἐν
1605 853 1763 927 αὐτῇ,
1794 851 1883 908 καὶ

249 947 341 1023 οὐχ
410 946 647 1023 εὑρίσκω
716 946 853 1018 (70).
910 946 1182 1019 ’Έκκοψον
1255 943 1444 1015 αὐτήν.
1499 945 1616 1001 Ἵνα
1670 941 1722 996 τί
1795 941 1884 996 καὶ

244 1037 332 1104 τήν
376 1038 490 1110 γῆν
548 1038 847 1108 καταργεῖ;
893 1037 1066 1089 Τοῦτο
1118 1030 1175 1088 δὲ
1222 1029 1426 1107 ἔλεγεν,
1472 1030 1722 1107 ἐρεθίζων
1787 1030 1880 1104 μὶν

243 1125 324 1179 τὸν
351 1124 602 1199 γεωργὸν
645 1122 724 1185 εἰς
769 1123 872 1192 τὴν
924 1122 1054 1197 ὑπὲρ
1100 1123 1272 1192 αὐτῆς
1315 1120 1652 1194 ἐπιμίλειαν,
1689 1117 1884 1195 διεγεί-

244 1235 338 1288 ρων
370 1211 430 1268 δὲ
460 1214 564 1283 τὴν
597 1210 836 1289 ἄκαρπον
892 1213 1078 1287 ψυχὴν
1130 1212 1205 1273 εἰς
1250 1213 1314 1266 τὸ
1365 1216 1539 1265 ποιεῖν
1587 1209 1715 1272 τοὺς
1763 1209 1882 1264 ἐπι-

242 1299 542 1364 ϐάλλοντας
591 1302 730 1375 αὐτῇ
785 1301 1048 1376 καρπούς.
1076 1303 1144 1357 ‘0
1174 1298 1230 1356 δὲ
1280 1301 1534 1376 λέγομεν,
1561 1299 1880 1377 σαφέστερον

242 1392 374 1467 παρὰ
425 1390 512 1465 τῷ
541 1391 780 1465 Ἱερεμίᾳ
834 1389 976 1446 ἔστιν
1033 1391 1228 1466 εὑρεῖν.
1260 1387 1400 1446 Ἰδοὺ
1453 1390 1578 1466 γὰρ,
1623 1387 1777 1466 φησὶ,
1810 1386 1885 1449 ὡς

242 1484 267 1536 ὁ
302 1479 488 1551 πηλὸς
543 1484 642 1535 τοῦ
697 1481 1003 1555 κεραμέως,
1055 1479 1225 1541 οὕτως
1278 1479 1397 1535 tua
1447 1480 1602 1552 ὑμεῖς
1655 1477 1707 1533 ἐν
1763 1481 1884 1538 ταῖς

241 1568 386 1646 χερσί
472 1590 601 1643 μου,
655 1568 805 1631 οἶκος
880 1567 1122 1643 Ἰσραὴλ,
1203 1567 1353 1644 λάγει
1433 1567 1654 1642 Κύριος.
1715 1567 1887 1643 Πὲρας

245 1656 467 1729 λαλήσω
522 1656 615 1715 ἐπὶ
671 1655 820 1722 “voc
880 1657 916 1728 ἢ
986 1656 1073 1713 ἐπὶ
1158 1655 1459 1735 βασιλείαν,
1513 1661 1612 1713 τοῦ
1696 1654 1886 1729 ἐξᾶμαι

243 1747 424 1811 αὐτοὺς
494 1747 586 1803 καὶ
665 1744 1001 1804 ἀπολλύειν·
1060 1749 1151 1802 καὶ
1228 1746 1534 1824 ἐπιστρέψει
1605 1747 1666 1801 τιὸ
1737 1743 1887 1806 ἔθνος

246 1835 402 1893 ἐκεῖνο
489 1838 597 1893 ἀπὸ
673 1842 782 1892 τῶν
829 1841 1039 1893 ’κακῶν
1113 1837 1288 1893 αὐτῶν
1315 1882 1330 1908 ,
1400 1836 1492 1892 καὶ
1563 1837 1882 1908 μετανοήσω

253 1927 360 2000 περὶ
401 1931 515 1983 τῶν
574 1932 780 1996 κακῶν,
822 1927 898 1982 ὧν
957 1925 1298 2002 ἐλογισάμην
1357 1931 1453 1982 τοῦ
1501 1933 1727 1996 ποιῆσαι
1785 1923 1881 1978 αὐ-

254 2021 372 2078 τοῖς.
424 2015 523 2070 Καὶ
580 2017 749 2092 πέρας
807 2013 1040 2086 λαλήσω
1083 2015 1166 2072 ἐπὶ
1220 2014 1372 2080 ἔθνος
1429 2017 1518 2071 καὶ
1577 2014 1663 2070 ἐπὶ
1726 2017 1884 2092 βασι-

250 2102 382 2158 λείαν
442 2108 583 2179 (71),
641 2110 739 2161 τοῦ
817 2102 1292 2177 ἀνοικοδομεῖσθαι
1347 2106 1435 2160 καὶ
1495 2103 1592 2160 τοῦ
1649 2126 1884 2183 καταφυ-

243 2193 514 2258 τιύεσθαιο
575 2193 666 2248 καὶ
723 2196 1018 2265 ποιήσουσι
1074 2194 1142 2250 τὰ
1191 2195 1408 2270 πονηρὰ
1460 2194 1694 2250 ἐναντίον
1759 2215 1883 2267 μου,

243 2286 327 2336 τοῦ
380 2284 460 2356 μὴ
528 2283 746 2339 ἀκούειν
811 2290 912 2353 τῆς
969 2290 1156 2359 φωνῆς
1218 2303 1360 2358 μου’
1420 2284 1508 2339 καὶ
1568 2285 1886 2359 μετανοήσω

247 2373 357 2446 περὶ
428 2377 544 2427 τῶν
623 2372 864 2448 ἀγαθῶν,
923 2371 995 2427 ὧν
1058 2371 1325 2445 ἐλάλησα,
1364 2378 1462 2429 τοῦ
1519 2377 1746 2440 ποιῆσαι
1794 2372 1887 2428 αύ-

249 2467 372 2525 τοῖς.
401 2461 602 2526 Οὕτως
632 2459 720 2518 οὖν
746 2462 837 2517 καὶ
886 2461 1110 2518 ἐνταῦθα
1160 2460 1434 2539 δεχόμεθα
1486 2465 1585 2532 τὴν
1643 2462 1887 2540 πρόρῥη-

249 2570 344 2622 σιν,
394 2550 502 2606 οὐκ
557 2550 827 2630 ἀπόφασιν
886 2555 983 2606 τοῦ
1039 2553 1253 2614 πάντως
1311 2547 1703 2626 ὲκϐησομὲνου,
1763 2549 1889 2608 ἀλλ’

247 2638 470 2709 ἀπειλὴν
521 2639 867 2719 ιπιστροφήν.
887 2638 1250 2714 ἐμποιοῦντος
1295 2641 1401 2696 ἀπὸ
1447 2649 1549 2712 τῆς
1603 2642 1887 2716 ἁμαρτίας.

249 2731 307 2785 Τί
337 2728 427 2784 οὖν
463 2727 612 2785 ἐστιν
639 2729 672 2784 ἃ
700 2727 952 2800 ἀπειλεῖς

317 2821 436 2876 145.
503 2816 724 2896 ’Δφελῶ
777 2819 870 2874 τὸν
929 2820 1174 2896 φραγμὸν
1234 2819 1419 2888 αὐτοῦ,
1474 2821 1562 2874 καὶ
1616 2817 1764 2876 ἔσται
1816 2820 1893 2886 εἴς

252 2903 577 2984 διαρπαγήν.
637 2909 736 2962 Καὶ
811 2906 1026 2972 καθελῶ
1102 2909 1195 2963 τὸν
1269 2914 1462 2984 τοῖχον
1540 2910 1742 2982 αὐτοῦ,
1800 2911 1887 2965 καὶ

250 2992 383 3051 ἔσται
445 2996 530 3060 εἰς
583 2996 865 3067 καταπάτη
877 3018 970 3070 μα.
1029 2997 1131 3056 Καὶ
1206 2997 1388 3068 ἀνήσω
1441 2999 1533 3054 τὸν
1593 2998 1894 3074 ἀμπελῶνα

253 3106 369 3157 μου,
398 3086 502 3140 καὶ
561 3087 624 3140 οὗ
677 3087 752 3159 μὴ
787 3089 999 3160 τμηθῇ,
1030 3083 1165 3142 οὐδὲ
1232 3088 1308 3160 μή
1369 3090 1568 3166 σκαφῇ,
1615 3089 1702 3143 καὶ
1762 3088 1892 3142 ἀνα-

249 3168 466 3244 ϐήσεται
557 3174 633 3237 εἷς
680 3158 876 3230 αὐτὸν
953 3158 1028 3237 ὧς
1114 3174 1188 3238 εἷς
1235 3158 1454 3252 νχὲρσον
1482 3158 1732 3241 ’ἄκανθα
1793 3175 1891 3234 Καὶ
1923 3158 1966 3227 C

242 3268 352 3326 ταῖς
405 3261 668 3338 νεφέλαις
747 3261 1071 3338 ἐντελοῦμαι
1148 3269 1244 3319 τοῦ
1301 3265 1376 3338 μή
1436 3266 1615 3342 βρέξαι
1672 3266 1748 3330 εἰς
1804 3265 1895 3320 αό-

246 3353 327 3407 τὸν
386 3354 569 3408 ὑετόν.
597 3354 659 3410 Ὁ
682 3354 787 3429 γὰρ
845 3352 1107 3426 ἀμπελὼν
1169 3352 1391 3428 Κυρίου,
1442 3354 1588 3417 οἶκος
1643 3355 1740 3409 τοῦ
1790 3355 1890 3410 Ἰσο

239 3441 377 3515 ραήλ
472 3441 611 3513 ἔστι,
674 3441 765 3497 καὶ
839 3440 1123 3518 ἄνθρωπος
1203 3447 1298 3498 τοῦ
1378 3441 1556 3500 Ἰούδα
1636 3443 1891 3521 νεόφυτον

242 3530 624 3605 ἠγαπημένον.
683 3533 912 3605 Ἔμεινα
980 3535 1079 3586 τοῦ
1141 3538 1368 3602 ποιῆσαι
1444 3533 1641 3608 κρίσιν,
1702 3533 1894 3604 ἐποίη-

239 3639 290 3674 σε
360 3618 420 3677 δὲ
507 3620 756 3693 ἀνομίαν,
812 3621 901 3676 καὶ
952 3620 1013 3677 οὐ
1089 3617 1458 3695 δικαιοσύνην,
1512 3621 1660 3679 ἀλλὰ
1729 3643 1893 3698 κραυ-

238 3712 354 3784 γήν.
413 3705 814 3772 ’Δναλαϐόντες
866 3709 1061 3784 ιτοίνυν
1134 3711 1224 3766 καὶ
1290 3712 1410 3776 καθ’
1486 3709 1706 3768 ἕκαστον
1792 3717 1898 3767 τῶν

244 3798 448 3871 ἧπειλη
461 3799 638 3872 μένων
670 3798 1008 3870 ἐξετάσαντες
1034 3800 1123 3855 καὶ
1156 3801 1532 3876 βασανίσαντες
1580 3801 1754 3856 αὐτῶν
1803 3801 1894 3856 τὸν

243 3893 379 3959 νοῦν,
422 3889 810 3964 ξρευνήσωμεν
869 3891 1002 3962 μήτι
1032 3891 1143 3962 (72)
1195 3889 1287 3944 καὶ
1337 3892 1496 3964 ἡμῶν
1555 3891 1778 3946 ἅπτεται
1831 3890 1900 3946 τὰ

243 3975 537 4054 λεγόμενα·
573 3975 820 4054 ῌαθελῶ,
879 3977 1035 4056 φησὶ,
1064 3979 1156 4033 τὸν
1199 3980 1450 4056 φραγμὸν
1494 3980 1678 4038 αὐτοῦ.
1728 3981 1901 4055 Ηροσ-

239 4069 356 4135 vim
393 4068 502 4141 μὲν
555 4067 652 4129 τὰς
711 4067 940 4140 νομικὰς
997 4065 1221 4132 ἐντολὰς
1270 4069 1516 4146 φραγμὸν
1573 4069 1896 4142 ὑπονοῆσαι,

243 4154 359 4224 ἤτοι
391 4158 497 4212 τὸν
530 4155 776 4231 Ἰσραὴλ,
808 4156 868 4211 ἐκ
895 4159 997 4227 τῆς
1046 4158 1182 4232 πρὸς
1233 4156 1512 4236 Ἐφεσίους
1570 4158 1900 4228 Ἐπιστολῆς

236 4250 331 4299 τοῦ
377 4243 615 4303 Παύλου
662 4244 936 4321 λέγοντος,
971 4244 1052 4301 ὅτι
1103 4245 1281 4309 Αὐτός
1333 4245 1472 4302 ἐστιν
1533 4247 1560 4302 ὁ
1618 4248 1680 4302 τὸ
1739 4248 1898 4321 μεσό-

239 4354 432 4411 τοιχον
497 4339 599 4390 τοῦ
666 4339 923 4412 φραγμοῦ
1008 4333 1196 4408 λύσας,
1249 4335 1342 4392 τὸν
1403 4338 1511 4411 (73)
1569 4336 1738 4410 νόμον
1794 4341 1903 4392 τῶν

241 4421 486 4481 ἐντολῶν
564 4423 618 4479 ἂν
709 4421 941 4500 δόγμασί
1023 4426 1388 4500 καταργήσας.
1434 4425 1504 4480 Τὸ
1587 4425 1687 4500 γὰρ
1773 4424 1900 4481 αὐτὸ

2000 512 2097 553 ces
2126 498 2408 566 excitans,
2440 497 2531 553 his
2559 498 2752 553 verbis
2799 499 3066 569 praedixit
3101 515 3116 555 :
3148 501 3210 554 Et
3239 516 3386 556 nunc
3432 501 3646 560 dimitte

1998 602 2108 653 me,
2139 596 2191 643 et
2221 587 2404 644 delebo
2439 588 2706 659 populum
2738 588 2884 643 hunc
2900 589 2964 644 ⁸³.
3001 589 3228 645 Rursus
3259 589 3450 645 simile
3475 591 3647 661 quid-

1998 675 2132 730 dam
2183 675 2241 730 in
2303 677 2611 748 Evangelio
2668 676 2842 732 etiam
2905 693 3006 749 per
3064 677 3403 751 parabolam
3446 696 3479 734 a
3531 678 3640 735 ficu

1997 769 2296 836 sumptam
2354 781 2562 820 sumus
2631 765 2853 833 edocti;
2915 767 3131 839 quippe
3187 767 3462 822 dominus
3519 769 3647 838 ejus

1997 852 2139 908 dicit
2166 853 2436 925 agricolae
2466 872 2478 910 :
2506 855 2640 910 Ecce
2670 857 2809 909 anni
2836 859 2948 910 tres
2975 861 3105 911 sunt
3146 873 3215 912 ea:
3257 871 3362 928 quo
3389 857 3550 912 venio
3577 856 3648 912 ad

1997 943 2139 1000 hanc
2164 946 2350 1014 ﬁcum,
2389 962 2633 1017 quarens
2678 948 2930 1014 fructum
2961 949 3018 1002 in
3050 963 3133 1017 ea,
3163 952 3214 1004 et
3241 965 3353 1003 non
3402 948 3644 1004 invenio.

1995 1033 2222 1090 Succide
2249 1035 2433 1090 illam.
2471 1035 2668 1106 thuid
2717 1037 2891 1091 etiam
2940 1045 3143 1093 terram
3171 1041 3391 1108 occupat
3411 1037 3497 1092 θυι
3527 1037 3645 1094 Hoc

1995 1127 2188 1177 autem
2224 1123 2454 1180 dicebat
2482 1128 2608 1179 tum
2642 1131 2706 1180 ut
2744 1125 3058 1198 agricolam
3107 1125 3376 1182 incitaret
3405 1127 3475 1181 ad
3509 1143 3639 1182 eam

1994 1212 2408 1279 accurandam,
2459 1216 2583 1268 tum
2644 1219 2708 1269 ut
2765 1215 3020 1269 animam
3080 1214 3503 1270 infructuosam
3566 1216 3638 1270 ad

1996 1301 2402 1372 producendos
2435 1301 2665 1358 fructus
2713 1304 2821 1358 sibi
2855 1305 3264 1367 convenientes
3294 1303 3642 1360 exstimula-

1994 1394 2101 1444 rct.
2133 1390 2295 1452 Quod
2337 1395 2532 1448 autem
2584 1391 2861 1459 dicimus,
2896 1393 2953 1446 id
2996 1392 3226 1448 licuerit
3273 1393 3642 1450 manifestius

1995 1478 2430 1550 deprehendere
2463 1481 2617 1552 apud
2648 1481 2962 1537 Joremiam
2998 1499 3011 1537 :
3049 1483 3176 1537 Ecce
3205 1481 3384 1548 enim,
3425 1482 3640 1554 inquit,

1992 1571 2137 1625 sicut
2167 1569 2346 1624 lutum
2376 1571 2553 1642 ﬁgnil,
2587 1571 2668 1625 sic
2690 1571 2817 1625 estis
2845 1586 2934 1625 vos
2965 1573 3022 1626 in
3049 1571 3307 1626 inanibus
3347 1573 3502 1639 meis,
3552 1572 3648 1628 do-

1993 1674 2118 1713 mus
2147 1659 2344 1729 Israel,
2375 1658 2510 1714 dicit
2539 1660 2820 1715 Dominus.
2851 1660 2931 1716 Ad
2958 1676 3229 1715 summam
3262 1659 3457 1731 loquar
3482 1674 3648 1732 super

1993 1756 2209 1817 gentem
2238 1756 2334 1804 aut
2361 1764 2529 1820 super
2557 1765 2812 1819 regnum,
2845 1757 2905 1804 ut
2935 1752 3188 1821 auferam
3230 1748 3378 1816 illos,
3427 1757 3482 1805 et
3527 1750 3646 1805 dis-

1993 1837 2222 1906 perdam
2249 1853 2262 1893 :
2294 1841 2346 1894 et
2375 1843 2719 1894 convertetur
2745 1855 2877 1907 gens
2907 1839 3007 1894 illa
3032 1856 3063 1893 a
3094 1839 3258 1893 malis
3283 1839 3416 1909 suis,
3447 1843 3501 1895 et
3535 1853 3648 1908 pae-

1993 1930 2188 1986 nitebit
2235 1947 2320 1986 me
2358 1933 2633 1985 malorum
2683 1946 2807 2002 quae
2836 1931 3195 2002 cogitaveram
3223 1931 3409 2003 facere
3436 1932 3536 1985 eis.
3571 1933 3651 1986 Et

1995 2019 2064 2074 ad
2093 2034 2373 2076 summam
2403 2020 2594 2092 loquar
2624 2036 2788 2092 super
2831 2025 3041 2091 gentem
3089 2024 3141 2076 et
3186 2036 3350 2091 super
3393 2036 3643 2091 regnum,

1993 2111 2066 2165 ad
2112 2109 2558 2179 resediﬁcandum
2604 2118 2655 2165 et
2699 2109 3110 2181 plantandum;
3157 2114 3207 2164 et
3257 2111 3466 2180 facient
3494 2109 3646 2164 mala

1995 2215 2179 2256 coram
2209 2214 2317 2266 me,
2348 2215 2459 2254 non
2497 2198 2774 2254 audiendo
2819 2214 3001 2254 vocem
3048 2215 3267 2258 meam;
3313 2204 3367 2253 et
3411 2199 3645 2269 panite-

1999 2290 2074 2345 bit
2121 2305 2208 2343 me
2256 2287 2543 2358 bonorum,
2591 2305 2710 2359 qua
2761 2287 2974 2344 locutus
3019 2291 3260 2359 fueram.
3307 2295 3368 2342 ut
3403 2289 3646 2358 facerem

1995 2380 2074 2435 eis
2103 2379 2167 2432 ³⁸.
2201 2378 2285 2432 Ad
2321 2377 2476 2432 hunc
2508 2377 2689 2449 igitur
2719 2377 2956 2432 modum
2990 2376 3165 2432 etiam
3196 2376 3291 2432 hic
3322 2376 3646 2449 accipimus

1998 2469 2151 2524 hanc
2178 2465 2637 2539 praedictionem,
2670 2483 2786 2522 non
2817 2467 2974 2522 velut
3022 2466 3104 2522 rei
3151 2471 3305 2522 certo
3352 2470 3645 2523 eventui-te

2000 2555 2530 2624 denuntiationem,
2564 2556 2667 2612 sed
2700 2573 2804 2612 ceu
2836 2555 3350 2612 comminationem
3387 2556 3515 2626 ejus
3545 2554 3647 2627 qui

2001 2662 2035 2700 ε
2063 2650 2298 2717 peccato
2331 2649 2552 2701 avocat.
2583 2645 2731 2712 Quid
2765 2645 2950 2718 igitur
2978 2649 3086 2715 est,
3120 2645 3273 2717 quod
3307 2644 3648 2700 intermina-

2001 2733 2142 2790 tur?

2074 2824 2197 2879 145.
2230 2822 2403 2878 Vens.
2437 2824 2555 2878 5-7.
2589 2823 2851 2895 Auferam
2882 2839 3062 2894 sepem
3113 2821 3250 2891 eius,
3303 2825 3355 2878 et
3406 2821 3533 2892 erit,
3585 2821 3646 2878 in

2001 2913 2380 2984 direptionem.
2438 2913 2502 2966 Et
2551 2911 2770 2966 diruam
2812 2912 3138 2977 maceriam,
3187 2910 3325 2982 ejus,
3369 2914 3422 2966 et
3449 2912 3555 2967 erit
3587 2911 3645 2966 in

2001 3000 2482 3057 coneulcationem.
2514 3003 2576 3055 Et
2603 3001 2883 3056 dimittam
2924 3001 3146 3055 vineam
3193 3015 3391 3069 meam,
3437 3004 3489 3055 et
3531 3015 3647 3055 non

2001 3092 2311 3163 putabitur,
2361 3105 2539 3160 neque
2583 3089 2844 3162 fodietur,
2894 3093 2946 3145 et
2973 3095 3171 3144 crescet
3200 3089 3259 3144 in
3288 3103 3350 3144 ea
3383 3092 3648 3159 tanquam

2003 3181 2061 3236 in
2089 3181 2299 3235 inculta
2323 3182 2474 3234 terra
2501 3181 2686 3250 spina.
2724 3179 2788 3233 Et
2815 3179 3056 3234 nubibus
3093 3176 3366 3233 mandabo
3412 3193 3481 3233 ne
3520 3177 3648 3248 plu-

2000 3279 2098 3326 ant
2141 3285 2307 3339 super
2351 3285 2481 3325 eam
2522 3269 2796 3340 pluviam.
2848 3269 2988 3324 Nam
3015 3269 3174 3323 vinea
3209 3267 3430 3323 Domini
3457 3266 3653 3322 domus

2001 3357 2175 3416 Israel
2204 3362 2305 3424 est,
2339 3361 2388 3414 et
2431 3359 2588 3414 homo
2641 3357 2798 3428 ludo,
2842 3356 3060 3413 novella
3107 3357 3382 3425 plantatio
3431 3355 3652 3410 dilecta.

2003 3449 2325 3522 Exspectari
2372 3451 2433 3502 ut
2481 3449 2685 3518 faceret
2723 3445 3023 3519 judicium,
3068 3446 3201 3516 fecit
3230 3448 3408 3501 autem
3444 3445 3658 3516 iniqui-

2004 3543 2190 3603 tatem,
2222 3545 2280 3594 et
2305 3552 2416 3592 non
2427 3535 2850 3608 justitiam,sed
2877 3533 3404 3605 clamoremJtaque
3435 3549 3658 3589 resum-

2005 3627 2120 3700 ptis
2133 3643 2195 3682 ex
2208 3625 2520 3698 pensisque
2533 3623 2782 3697 singulis
2797 3621 3654 3690 comminationibue,etearum

2005 3733 2182 3773 sensu
2236 3714 2545 3785 diligenter
2593 3713 2923 3786 explorato,
2978 3715 3411 3784 perscrutemur
3455 3715 3655 3766 utrum

2005 3822 2128 3878 qua
2162 3804 2442 3859 dicuntur
2473 3819 2578 3858 nos
2610 3802 2787 3858 etiam
2815 3800 3656 3872 attingant.Auferam,inquit,

2005 3910 2186 3967 sepem
2217 3891 2476 3964 ejus.Par
2504 3896 2594 3946 est
2640 3906 2835 3962 sepem
2888 3889 3061 3958 hanc,
3113 3891 3399 3960 praecepta
3447 3886 3659 3959 legalis

2009 3988 2109 4039 aut
2140 3980 2408 4038 Israelem
2445 3978 2836 4050 interpretari,
2862 3979 3036 4049 juxta
3067 3975 3230 4032 Pauli
3263 3977 3332 4031 ad
3378 3974 3661 4046 Ephesios

2009 4071 2350 4145 Epistolam,
2383 4067 2631 4124 dicentis
2666 4086 2678 4123 :
2716 4069 2830 4139 Ipse
2859 4075 2936 4123 est
2958 4066 3105 4122 481
3143 4067 3240 4138 qui
3268 4064 3511 4120 medium
3553 4080 3660 4136 pa-

2007 4164 2208 4217 rietem
2241 4161 2497 4215 macerias
2543 4158 2722 4227 solvit,
2779 4157 2953 4229 legem
2999 4157 3384 4212 mandatorum
3432 4153 3662 4210 decretis

2007 4267 2278 4308 evacuans
2308 4250 2372 4304 ⁸⁸.
2403 4248 2546 4304 Nam
2582 4247 2737 4304 idem
2771 4247 2868 4303 ille
2898 4246 3088 4319 paries
3119 4246 3350 4302 medius
3381 4248 3439 4300 et
3479 4240 3662 4299 Israel

2009 4339 2324 4407 custodire,
2373 4341 2429 4393 et
2457 4336 2899 4408 permistionem
2931 4335 3528 4406 conjunctionemque
3559 4348 3661 4404 po-

2011 4427 2282 4500 pulorum
2305 4425 2592 4498 impedire
2608 4425 3099 4497 videbatur,quod
3120 4421 3570 4479 reformidarent
3590 4421 3663 4477 ob

241 4510 418 4569 ἐδόκει
450 4515 545 4569 καὶ
581 4512 955 4590 φυλακτήριον
989 4514 1120 4569 εἶναι
1163 4517 1260 4570 τοῦ
1303 4513 1546 4590 Ἰσραὴλ,
1579 4515 1669 4570 καὶ
1717 4512 1891 4570 κωλυ-

2017 4533 2190 4588 grave
2218 4515 2364 4585 legis
2387 4515 2599 4586 jugum
2632 4514 2866 4587 pietatis
2899 4527 3229 4569 sermonem
3264 4508 3665 4582 exoipere.Qui

242 4604 392 4658 τικὸν
445 4610 552 4672 τῆς
604 4600 876 4676 ἐπιμιξίας
922 4601 1010 4657 καὶ
1057 4609 1158 4668 τῆς
1205 4602 1448 4666 ὲνώσεως
1477 4607 1584 4658 τῶν
1618 4603 1790 4673 λαῶν,
1822 4601 1891 4659 διέ

2020 4605 2202 4678 igitur
2233 4605 2288 4659 in
2325 4604 2574 4659 decretis
2599 4603 2706 4659 hoc
2746 4607 2856 4670 est,
2902 4601 2962 4657 in
3017 4601 3154 4658 altis
3202 4598 3670 4670 sublimibusque

248 4693 339 4747 τὸν
373 4691 545 4768 βαρὺν
581 4693 744 4767 ζυγὸν
775 4695 872 4746 τοῦ
898 4690 1071 4764 νόμου
1102 4691 1483 4748 ἀποκνούντων
1534 4691 1610 4754 εἰς
1655 4694 1754 4762 τὴν
1803 4714 1891 4749 πα-

2019 4691 2617 4764 contemplationibus
2647 4706 2918 4747 carneam
2941 4693 2998 4746 et
3027 4689 3313 4745 humilem
3340 4687 3546 4758 legalis
3572 4685 3671 4742 lit-

248 4779 505 4857 ραδοχήν
532 4785 634 4837 τοῦ
661 4778 833 4856 λόγου
863 4784 964 4846 τῆς
993 4775 1289 4843 εὐσεϐείας.
1321 4781 1381 4838 Ὀ
1411 4781 1502 4836 οὗν
1549 4780 1600 4836 ἐν
1653 4778 1907 4858 δόγμασι,

241 4869 628 4940 τουτὲστιν,ἐν
660 4873 1009 4947 θεωρήμασιν
1070 4869 1306 4944 ὑψηλοῖς
1353 4873 1454 4940 τὴν
1516 4870 1768 4946 σαρκίνην
1816 4872 1903 4926 καὶ

2021 4787 2156 4839 teras
2187 4781 2646 4838 observationem
2678 4779 2998 4851 abrogavit,
3013 4778 3065 4833 is
3099 4778 3354 4833 medium
3383 4776 3668 4849 parietem

2019 4869 2284 4928 macerias
2306 4869 2498 4941 solvit,
2521 4885 2637 4924 non
2656 4868 2811 4941 quod
2831 4866 3114 4940 populum
3136 4882 3309 4923 suum
3341 4864 3665 4935 derelique-

316 5027 366 5062 ³³
395 5026 581 5084 Exod.
613 5041 797 5093 χχιιι,
831 5026 918 5083 10.
993 5025 1040 5060 ³⁵
1069 5026 1207 5082 Luo.
1238 5041 1362 5099 xm,
1392 5027 1448 5082 7.
1523 5025 1569 5061 ⁸⁸
1597 5025 1814 5083 Jerem.
1847 5043 1891 5082 ιε

2003 5074 2006 5089 ,
2037 5025 2192 5081 6-10.
2267 5025 2312 5060 ⁸⁸
2337 5023 2548 5096 Ephes.
2584 5040 2647 5095 ιι,
2681 5023 2766 5090 14,
2799 5023 2885 5078 15.

249 5251 393 5308 LXX

252 5323 364 5388 θείς
393 5323 586 5381 deest.

328 5398 463 5471 _(70)_
482 5395 724 5471 veteres
751 5400 871 5452 tres
891 5395 1048 5471 lihri,
1080 5392 1187 5471 sui
1221 5392 1336 5471 οὐχ.
1358 5394 1606 5471 εὑρίσκω.
1642 5395 1751 5450 Alii
1784 5397 1920 5471 tres,

256 5465 476 5544 καῖῄμῆ
509 5466 1018 5544 εὖρίσκωνβίαῑὶιη
1050 5465 1189 5522 editi
1220 5465 1429 5524 et’duo‘
1452 5486 1621 5538 mes.,
1651 5466 1918 5540 καταργῇ.

411 5546 558 5613 tres,
569 5539 580 5544 ⁷
591 5557 693 5613 κατ
701 5541 869 5613 αργεῖ.

333 5611 461 5685 (71)
491 5607 745 5669 Codices"
779 5607 932 5685 tres,
988 5609 1080 5666 καὶ
1139 5607 1227 5664 ἐπὶ
1287 5608 1588 5688 βασιλείαν.
1636 5610 1749 5668 Alii
1806 5608 1923 5667 duo

317 5181 450 5307 (69%
476 5181 656 5263 Editi,
713 5179 802 5232 καὶ
866 5177 1185 5263 θυμωθείς,.
1218 5185 1278 5236 et
1328 5180 1412 5237 ita
1468 5195 1703 5252 quoque
1761 5196 1891 5253 aput

317 5251 393 5307 IX
456 5258 647 5307 emtur
679 5270 695 5307 :
727 5252 831 5307 sed
893 5269 949 5307 1n
1002 5257 1223 5307 nostris
1269 5267 1373 5307 sex
1413 5269 1559 5307 mss.
1591 5267 1698 5307 vox
1732 5260 1888 5307 θυμω

2029 5194 2160 5234 cum
2193 5177 2385 5244 editis,
2416 5176 2503 5230 καὶ
2544 5173 2844 5251 βασιλείαν.

2098 5251 2207 5307 (72)
2230 5250 2420 5306 Codex
2477 5265 2652 5307 unus.
2691 5249 2763 5307 μή
2822 5268 2844 5301 τ

456 5254 647 5324 agitur
679 5270 695 5310 ε
727 5252 831 5308 sed
893 5252 949 5307 in
1002 5252 1223 5308 nostris
1269 5267 1373 5308 sex
1413 5269 1559 5308 mss.
1591 5267 1698 5307 vox
1732 5252 1918 5324 θυμω-

2822 5267 2962 5309 πως.
2998 5247 3308 5319 Aliquanto
3369 5247 3501 5315 post
3552 5242 3668 5319 duo

2027 5311 2472 5449 mee.,§paypov
2506 5311 2719 5390 νοῆσαί.
2753 5311 2974 5377 ibidem
3007 5311 3192 5376 nos-tri
3223 5333 3322 5374 sex
3353 5311 3520 5382 tiles,
3547 5311 3669 5382 ἤτοι

2027 5390 2136 5447 τόν.
2171 5398 2213 5448 Ε
2256 5393 2341 5449 lti.
2375 5391 2410 5449 ἢ
2440 5391 2529 5446 καὶ
2561 5391 2671 5448 τόν.

2026 5390 2136 5447 τόν.
2171 5390 2354 5458 Εάἱῐὶ,’
2440 5391 2529 5446 καὶ
2561 5391 2671 5448 τόν.
3613 5453 3623 5465 ο

2082 5465 2210 5540 μβ)
2234 5469 2372 5538 Reg.
2406 5473 2675 5540 quartus,
2702 5460 2791 5516 καὶ
2818 5463 2932 5519 τόν.
2967 5459 3208 5540 Vocula.
3231 5456 3326 5540 καί
3377 5472 3570 5529 neque
3611 5470 3670 5510 in

2030 5529 2228 5608 editis,
2261 5529 2451 5612 εἰςυὸ
2481 5537 2540 5594 in
2572 5529 2700 5595 aliis
2728 5540 2984 5609 quatuor
3016 5549 3159 5600 mss.
3193 5529 3430 5603 legitur.

2098 5251 2207 5321 (72)
2230 5250 2429 5321 Codex,
2477 5249 2652 5315 unus,
2691 5249 2763 5320 μή
