4048 6220
385 416 504 480 355

1342 408 1738 474 APPENDIX
1780 405 2103 470 ΟΡΕΗΟΜ
2150 406 2216 468 8.
2260 406 2541 471 BASILII
2584 409 2857 473 MAGNl.

3678 409 3797 473 356

385 552 462 608 rit
491 551 709 622 absque
738 546 1318 612 circummunitione,
1344 544 1446 599 sed
1479 540 1635 614 quod
1659 540 1716 594 in
1752 556 1866 594 uno
1897 536 2021 594 ovili

2146 538 2402 607 ταπεινὴν
2432 542 2532 594 τοῦ
2561 544 2791 613 νομικοῢ
2846 538 3174 616 γράμματος
3226 538 3608 616 παρατήρησιν
3664 559 3795 593 κατ-

382 641 553 698 ilium
588 638 915 705 incluserit,
951 642 1017 692 ut
1046 637 1148 691 fiat
1181 651 1334 691 unus
1363 649 1522 706 grex,
1556 646 1710 687 unus
1742 633 1941 702 pastor
1968 628 2036 683 ⁸⁷.

380 730 428 787 Ν
435 747 548 786 unc
569 729 751 802 igitur
768 727 1060 799 scriptura
1081 724 1342 780 minatur
1361 727 1544 778 Deum
1570 719 1883 776 maceriam
1909 734 2037 774 esse

2146 627 2410 701 αργήσας,
2444 627 2604 689 αὐτὸς
2660 627 2816 685 ἔλυσε
2872 632 2969 685 τοῦ
3026 632 3285 706 φραγμοῦ
3313 629 3376 683 τὸ
3437 629 3789 703 μεσότοιχον,

2145 714 2245 770 οὐκ
2299 716 2693 794 ἀπερίφρακτον
2752 717 3174 791 καταλιμπάνων
3234 719 3327 774 τὸν
3383 718 3575 773 ἑαυτοῦ
3633 715 3789 790 λαὸν,

382 818 741 887 diruturum,
772 815 831 871 id
863 818 953 871 est
998 812 1432 869 munimentum
1478 823 1652 864 omne
1702 807 1773 862 ab
1822 804 2021 861 Israelt

2145 802 2291 860 ἀλλά
2332 811 2431 879 μιᾷ
2477 802 2898 883 περιλαμϐάνων
2928 810 3041 881 (74)
3071 806 3235 882 αὐλῇ,
3265 805 3357 862 ’ίνα
3409 808 3630 884 γίνηται
3693 806 3796 881 μία

383 907 745 964 ablaturum.
795 908 865 959 Et
912 904 1161 958 fortasse
1191 915 1325 956 cum
1356 915 1459 971 per
1488 896 1729 971 angelos
1760 896 1819 950 in
1855 910 2031 950 manu

384 994 729 1054 mediatoris
760 994 895 1049 dato
925 991 1016 1047 lex
1046 991 1123 1046 sit
1148 990 1213 1057 ³⁸,
1248 990 1437 1062 ipsam
1477 987 1653 1045 etiam
1702 984 2031 1041 custodiam

268 1122 271 1131 ι
380 1084 722 1159 angelorum
755 1080 1040 1138 terminos
1069 1078 1302 1135 Israelis
1334 1077 1625 1134 tuentium
1657 1074 2031 1132 sublaturum

381 1190 443 1231 se
474 1172 715 1229 indicat.
745 1169 1036 1227 Fortassis
1066 1167 1244 1225 etiam
1284 1184 1419 1223 cum
1471 1165 1881 1237 unusquisque
1929 1179 2030 1219 no-

382 1268 575 1319 strum
625 1259 727 1332 qui
776 1258 952 1315 habet
1002 1262 1273 1314 sanctum
1305 1255 1575 1328 angelum
1607 1257 2030 1310 castrametan-

382 1356 499 1408 tem
531 1350 589 1405 in
623 1348 872 1405 circuitu
902 1345 1239 1404 timentium
1270 1344 1610 1409 Dominum,
1666 1344 1723 1398 in
1777 1342 2030 1414 peccatis

381 1438 976 1509 versatus,intentataa
999 1436 1134 1491 huic
1156 1435 1339 1507 plagae
1363 1436 1595 1490 futurus
1613 1438 1702 1489 est
1718 1431 2026 1499 obnoxius;

377 1538 434 1586 et
463 1545 631 1584 muro
658 1526 1002 1600 privabitur,
1027 1524 1211 1580 tutela
1244 1523 1503 1578 videlicet
1537 1527 1877 1578 sanctarum
1913 1522 2029 1576 vir-

358 1624 601 1684 ,tutum,
634 1633 764 1688 quae
796 1615 1034 1688 quidem
1085 1614 1347 1685 quandiu
1397 1611 1713 1680 adfuerint,
1749 1627 1847 1666 eos
1878 1626 2029 1682 quos

360 1708 521 1780 .ipsm
568 1705 930 1771 custodiunt,
980 1700 1465 1774 inexpugnabiles
1514 1704 1768 1756 servant.
1817 1699 2030 1755 Anima

375 1800 575 1853 autem
606 1794 801 1851 omnis
832 1809 963 1865 quae
995 1792 1104 1848 hoc
1135 1790 1406 1863 praesidio
1437 1788 1796 1861 destituitur,
1828 1787 2029 1859 objici-

2143 893 2373 967 ποίμνη,
2408 898 2485 960 εἷς
2526 898 2756 970 ποιμήν.
2788 899 2896 953 Νῦν
2934 894 3025 951 οὖν
3074 895 3291 952 ἀπειλεῖ
3337 897 3366 951 6
3413 896 3581 973 λόγος
3607 908 3795 962 καθαι-

2143 985 2329 1057 ρήσειν
2354 986 2447 1040 τὸν
2479 986 2728 1062 φραγμόν
2753 1005 2768 1019 ⁸
2800 984 3066 1055 τουτέστι,
3099 992 3203 1041 πᾶν
3262 984 3636 1063 φυλακτήριον
3697 990 3795 1041 τοῦ

2141 1073 2362 1147 Ἰσραὴλ
2421 1077 2814 1150 περιαιρήσειν.
2847 1074 2946 1130 Καὶ
2998 1074 3144 1150 τάχα
3201 1072 3390 1145 ἐπειδὴ
3444 1072 3515 1130 δι’
3545 1074 3795 1151 ἀγγέλων

2140 1162 2299 1234 ἐδόθη
2349 1166 2377 1219 ὁ
2427 1165 2593 1238 νόμος
2648 1163 2701 1219 ἐν
2758 1165 2903 1240 χειρὶ
2941 1163 3184 1237 μεσίτου,
3215 1166 3302 1220 καὶ
3333 1166 3434 1235 τὴν
3467 1169 3575 1220 τῶν
3624 1163 3793 1240 ἀγγέ-

2140 1251 2252 1308 λων
2285 1256 2557 1329 φυλακὴν,
2585 1258 2696 1309 τῶν
2726 1253 3108 1331 φρουρούντων
3151 1252 3217 1308 τὰ
3265 1253 3389 1330 ὅρια
3416 1257 3516 1309 τοῦ
3542 1253 3792 1331 Ἰσραὴλ,

2138 1343 2506 1417 περιαιρήσειν
2563 1340 2871 1398 αἰνίττεται.
2906 1343 3132 1412 Μήποτε
3192 1339 3250 1397 δὲ
3304 1344 3395 1397 καὶ
3452 1345 3614 1417 ἡμῶν
3663 1339 3794 1398 Exa-

2138 1452 2261 1486 στος
2289 1428 2434 1506 ἔχων
2463 1428 2697 1513 ἄγγελον
2731 1433 2880 1506 ἅγιον
2928 1432 3021 1486 τόν
3082 1427 3548 1507 παρεμϐάλλοντα
3602 1431 3796 1506 κύκλῳ

2135 1526 2243 1575 τῶν
2316 1515 2671 1597 φοϐουμένων
2748 1521 2840 1575 τὸν
2897 1520 3117 1597 Κύριον,
3174 1520 3225 1576 ἐν
3271 1520 3562 1597 ἁμαρτίαις
3619 1521 3795 1592 ἰξετα-

2136 1609 2300 1678 σθεὶς,
2336 1607 2595 1672 ὑπόδικος
2641 1608 2860 1687 γίνηται
2918 1614 2986 1684 τῇ
3039 1608 3397 1685 ἀπειληθείσῃ
3446 1606 3665 1685 πληγῇ,
3698 1613 3789 1667 καὶ

2134 1700 2397 1774 γυμνωθῇ
2450 1702 2546 1754 τοῦ
2593 1698 2811 1774 τείχους
2859 1706 2959 1768 τῆς
3014 1699 3120 1755 ἀπὸ
3167 1703 3273 1755 τῶν
3312 1698 3473 1775 ἁγίων
3505 1696 3790 1773 δυνάμεων

2137 1785 2450 1866 ἀσφαλείας’
2484 1785 2705 1859 α’ίτινες,
2737 1787 2861 1843 ὅσον
2917 1787 2977 1844 ἂν
3030 1792 3248 1864 παρῶσι
3305 1790 3530 1865 χρόνον,
3562 1788 3792 1854 ἀκαθαιι

373 1888 473 1941 tur
502 1883 772 1941 hostibus
801 1882 874 1939 ad
900 1881 1313 1953 direptionem,
1359 1878 1468 1936 hoc
1518 1882 1627 1946 est,
1678 1876 2021 1933 adversariis

2135 1876 2323 1952 ρέτους
2380 1874 2705 1947 διασώζουσι
2757 1876 2883 1940 τοὺς
2929 1879 3055 1953 παρ’
3087 1877 3264 1933 αὐτῶν
3319 1879 3790 1956 φρουρουμένους.

372 1973 710 2044 virtutibus,
759 1975 818 2028 et
863 1972 934 2027 ad
979 1968 1482 2027 conculcationem
1512 1969 1640 2041 ejus
1671 1966 1770 2039 qui
1800 1965 2019 2040 gloria-

375 2062 613 2119 bundus
636 2060 1104 2132 dicitzPostquam
1117 2056 1500 2130 perambulavi
1517 2054 2017 2128 terram,adsum”.

372 2150 510 2208 Tale
553 2150 832 2222 quiddam
885 2153 943 2205 et
989 2147 1253 2220 psalmus
1304 2148 1376 2203 de
1404 2147 1574 2203 vinea
1602 2145 1787 2202 dicit:
1820 2144 2021 2217 thuid

373 2240 702 2297 destruzisti
745 2241 1045 2294 maceriam
1091 2236 1211 2308 ejus
1258 2235 1349 2291 ‘0?
1394 2236 1482 2305 Et,
1527 2235 1841 2291 Devastavit
1897 2250 2021 2289 eam

373 2346 509 2399 aper
535 2329 604 2385 de
631 2328 774 2384 silva
804 2329 868 2384 “.
896 2325 1006 2393 Qui
1037 2326 1193 2383 enim
1225 2321 1482 2382 consilio.
1500 2328 1557 2380 et
1585 2325 1797 2381 virtute
1843 2339 2019 2396 ange-

373 2419 566 2476 lorum
597 2417 946 2475 communiti
979 2432 1095 2472 non
1126 2414 1332 2482 sunt,ii
1363 2412 1593 2470 stolidis
1631 2412 2022 2484 absurdisque

376 2506 872 2564 commotionibus
918 2507 1310 2576 exponuntur,
1362 2506 1618 2574 suntque
1664 2500 2021 2573 excipiendis

376 2598 571 2672 porcis
600 2597 795 2654 idonei
825 2596 898 2652 ob
931 2594 1152 2667 peccati
1181 2591 1635 2666 graveolentiam
1668 2592 1727 2646 in
1759 2591 1903 2663 ipsis
1933 2608 2022 2647 re-

377 2689 765 2756 dundantem,
797 2701 928 2741 cum
967 2683 1157 2755 magis
1189 2700 1255 2738 ac
1286 2681 1474 2755 magis
1523 2680 1741 2753 peccati
1790 2698 2022 2737 casuum

377 2779 804 2841 commoveant,
838 2788 1081 2844 seseque
1110 2771 1169 2827 in
1196 2787 1262 2828 eo
1289 2768 1812 2842 volutent.A1iquid
1845 2770 2022 2827 etiam

376 2864 671 2938 ejusmodi
703 2866 903 2920 narrat
931 2859 1246 2933 Apostolus
1280 2877 1293 2914 :
1323 2862 1387 2915 Et
1415 2861 1556 2915 sicut
1599 2877 1712 2914 non
1755 2860 2023 2931 probave-

376 2962 510 3011 runt
540 2955 707 3011 Deum
752 2953 954 3008 habere
998 2952 1060 3006 in
1106 2951 1327 3016 notitia,
1377 2948 1611 3005 tradidit
1642 2950 1768 3005 illo:
1798 2951 1934 3005 Deus
1960 2951 2024 3005 in

375 3046 655 3117 passiones
684 3042 1038 3114 ignominiae,
1071 3043 1133 3096 ut
1156 3040 1371 3110 faciant
1400 3055 1461 3095 ea
1509 3056 1627 3110 quae
1679 3054 1786 3095 non
1834 3055 2025 3095 conve-

376 3136 542 3190 niunt
569 3133 762 3188 “.Hoc
793 3130 1017 3202 est,qui
1050 3128 1295 3185 rationis
1326 3129 1653 3185 custodiam
1687 3128 2025 3200 rejiciunt,ii

378 3225 579 3294 patent
608 3219 882 3276 belluinis
913 3216 1364 3291 cogitationibus
1390 3221 1447 3272 et
1495 3216 1860 3273 daemonibus
1906 3217 2023 3273 im-

376 3310 600 3383 probis,
652 3308 753 3381 qui
786 3308 932 3380 ipsis
960 3306 1044 3362 eis
1075 3310 1341 3362 auctores
1367 3310 1508 3361 sunt
1539 3305 1921 3377 impuritatis.
1953 3308 2023 3363 Et

377 3399 618 3471 quidem
650 3396 889 3469 pertigit
911 3396 981 3451 ad
1018 3394 1193 3451 Israel
1224 3394 1599 3450 comminatio
1630 3399 1917 3465 tum,cum
1948 3397 2023 3452 oh

374 3491 681 3560 peccatum
739 3485 1023 3542 adversus
1076 3483 1389 3539 Dominum
1440 3482 1768 3539 admissum
1823 3484 2021 3541 traditi

374 3576 672 3651 gentibus,
720 3576 924 3645 eisque
971 3572 1266 3646 permissi,
1314 3570 1448 3627 facti
1478 3576 1618 3627 sunt
1647 3573 1707 3628 in
1743 3573 2019 3647 direptio-

373 3681 507 3721 nem
539 3669 709 3736 atque
734 3662 793 3719 in
828 3661 1325 3719 conculcationem
1353 3659 1633 3717 hostium.

2130 1971 2482 2039 Γυμνωθεῖσα
2515 1964 2573 2021 δὶ
2595 1972 2738 2021 πᾶσα
2769 1968 2921 2042 ψυχὴ
2952 1973 3052 2038 τῆς
3101 1966 3395 2043 ἀσφαλείας
3437 1966 3666 2039 ταύτης,
3700 1964 3792 2024 ἔκ-

2128 2076 2302 2110 κειται
2362 2056 2476 2130 (75)
2532 2054 2607 2117 εἰς
2665 2052 2967 2131 διαρπαγὴν
3043 2060 3160 2117 τοῖς
3234 2055 3481 2133 ἆχθροῖς,
3535 2057 3789 2127 τουτᾶστι

2126 2150 2245 2208 ταῖς
2302 2144 2698 2219 ἀντικειμέναις
2755 2142 3069 2221 ἐνεργείαις,
3125 2143 3216 2200 καὶ
3279 2144 3358 2208 εἲς
3418 2146 3788 2219 καταπάτημα

2127 2238 2224 2289 τοῦ
2276 2232 2702 2310 ἐγκαυχωμένου
2751 2234 2840 2289 καὶ
2897 2234 3179 2309 μὲγοντος,
3231 2232 3313 2289 ὅτι
3372 2235 3788 2311 Ἐμπεριπατή-

2130 2344 2224 2389 σας
2277 2324 2376 2392 τὴν
2427 2323 2754 2397 οἰκουμένην
2805 2324 3052 2399 πάρειμι.
3091 2324 3345 2380 Τοιοῦτόν
3368 2345 3421 2379 τι
3451 2323 3541 2379 καὶ
3573 2325 3603 2379 6
3631 2324 3784 2399 ψαλ-

2134 2414 2232 2487 μὸς
2281 2414 2406 2489 περὶ
2447 2410 2699 2486 ἀμπέλου
2747 2413 2931 2491 φησίν.
2963 2414 3083 2468 Ἵνα
3113 2413 3165 2467 τί
3212 2413 3459 2476 καθεῖλες
3503 2413 3597 2468 τὸν
3648 2434 3781 2491 φρα-

2126 2503 2266 2579 γμὸν
2323 2501 2529 2572 αύτῆς;
2583 2503 2695 2575 καὶ,
2750 2500 3095 2576 Ἐλυμήνατο
3169 2501 3336 2572 αὐτὴν
3411 2503 3471 2565 ὗς
3540 2502 3600 2558 ἐκ
3648 2500 3779 2579 δρυ-

2134 2596 2260 2664 μοῦ.
2293 2593 2362 2650 Οἱ
2389 2592 2488 2669 γὰρ
2525 2593 2600 2666 μὴ
2632 2590 3007 2668 πεφραγμένοι
3040 2591 3190 2668 λόγῳ
3219 2592 3308 2647 καὶ
3341 2588 3565 2666 δυνάμει
3614 2592 3783 2669 ἄγγει

2130 2679 2288 2757 λικῇ,
2319 2677 2532 2737 ἕκδοτοί
2559 2680 2660 2736 είσι
2684 2686 2801 2743 τοῖς
2834 2679 3062 2757 ἀλόγοις
3089 2683 3381 2755 κινήμασι’
3411 2682 3503 2737 καὶ
3553 2678 3642 2736 διὰ
3675 2683 3780 2751 τήν

2129 2769 2529 2839 πλεονάζουσαν
2559 2768 2609 2825 ἐν
2644 2769 2827 2832 αὐτοῖς
2875 2776 2975 2839 τῆς
3023 2771 3290 2846 ἁμαρτίας
3339 2766 3628 2841 δυσωδίαν,
3661 2771 3782 2826 6m-

2129 2857 2339 2931 τήδειοί
2366 2858 2466 2915 εἷ’σι
2498 2858 2709 2936 χοίρων
2744 2856 3154 2935 ὑποδοχῆς,ἐπὶ
3182 2858 3351 2916 πλέον
3381 2866 3481 2930 τῆς
3511 2861 3784 2937 ἁμαρτίας

2130 2951 2222 3005 τὸν
2292 2943 2563 3028 βόρϐορον
2631 2948 3050 3018 ἀνακινούντων,
3109 2949 3197 3004 καὶ
3274 2946 3784 3023 ἐγκαλινδουμινων

2131 3038 2297 3111 αὐτῷ.
2332 3038 2592 3095 Τοιοῦτόν
2646 3058 2697 3092 τι
2748 3039 2838 3093 καὶ
2884 3039 2912 3093 6
2944 3035 3280 3103 ’Δπόο-τολος
3330 3038 3496 3115 Λέγει·
3532 3039 3632 3094 Καὶ
3683 3060 3785 3094 κα-

2132 3129 2239 3191 θὼς
2292 3127 2391 3182 οὐκ
2448 3125 2770 3201 ἐδοκίμασαν
2826 3128 2917 3182 τὸν
2977 3128 3107 3183 Θεὸν
3165 3123 3311 3203 ἔχειν
3357 3126 3411 3183 ἐν
3469 3127 3785 3205 ἐπιγνώσει,

2140 3214 2449 3290 παρέδωκεν
2534 3213 2728 3279 αὐτοὺς
2809 3218 2837 3271 6
2921 3216 3048 3279 Θεὸς
3134 3216 3210 3278 είς
3287 3217 3434 3288 πάθη
3517 3216 3783 3289 ἀτιμίας,

2135 3311 2311 3361 ποιεῖν
2356 3307 2424 3361 τὰ
2475 3306 2551 3378 μή
2608 3307 2938 3377 καθήκοντα.
2968 3306 3273 3379 Τουτέστιν,
3306 3306 3358 3360 οἱ
3413 3306 3513 3376 τὴν
3571 3306 3631 3361 ἐκ
3683 3310 3789 3361 τοῦ

2134 3395 2306 3470 λόγου
2366 3393 2613 3472 φυλακὴν
2664 3389 3093 3467 ἀποϐάλλοντες,
3122 3392 3334 3450 ἕκδοτοί
3387 3394 3488 3449 εἲσι
3525 3400 3642 3457 τοῖς
3693 3396 3788 3471 βο-

2133 3481 2508 3558 σκηματώδεσι
2590 3482 2901 3560 λογισμοῖς,
2959 3483 3049 3537 γαί
3132 3489 3396 3560 πονηροῖς
3471 3482 3787 3558 δαιμονίοις

2129 3579 2245 3637 τοῖς
2303 3574 2370 3628 τὰ
2434 3573 2706 3645 ἀκάθαρτα
2763 3571 3082 3649 ἐνεργοῦσιν.
3116 3572 3238 3627 Ἐπὶ
3291 3573 3473 3646 μίντοι
3530 3576 3627 3627 τοῦ
3678 3574 3785 3629 Ἰσ-

2132 3662 2272 3740 ραὴλ
2306 3658 2526 3741 ἔφθασεν
2553 3664 2589 3730 ἡ
2621 3659 2845 3731 ἀπειλὴ,
2877 3660 2965 3716 ὅτε
2995 3658 3084 3716 διὰ
3134 3662 3232 3731 τὴν
3283 3661 3363 3724 εὶς
3419 3661 3511 3717 τὸν
3569 3661 3787 3733 Κύριον

372 3752 640 3830 ἁμαρτίαν
671 3748 885 3806 ἔκδοτοι
915 3754 1032 3812 τοῖς
1064 3745 1261 3804 ἔθνεσιν
1295 3746 1576 3825 ἀφεθέντες
1610 3751 1743 3824 (76),
1774 3749 1851 3813 εἰς
1884 3747 2186 3833 διαρπαγὴν
2218 3752 2461 3827 ἐγένοντο
2490 3751 2579 3806 καὶ
2610 3749 2973 3823 καταπάτημα
3000 3754 3108 3805 τῶν
3140 3749 3449 3824 πολεμίων.

446 3844 570 3900 146.
605 3841 826 3899 Deinde
851 3840 935 3898 ait
983 3857 996 3896 :
1050 3841 1113 3896 Et
1158 3839 1387 3896 diruam
1433 3842 1734 3896 maceriam
1781 3844 1918 3912 eius,
1969 3849 2021 3901 et

368 3934 475 3991 erit
505 3936 568 3989 in
595 3929 1083 3990 conculcationem.
1106 3928 1329 3986 Collata
1359 3946 1394 3985 a
1423 3946 1485 3985 se
1516 3929 1576 3984 in
1607 3931 1891 4003 p0pu1um
1923 3933 2020 3989 be-

369 4021 579 4079 neficia
628 4020 903 4094 superius
950 4036 1083 4075 cum
1134 4023 1479 4090 recenseret,
1532 4018 1725 4076 aiebat
1770 4039 1784 4077 :
1827 4021 2019 4094 Sepem

366 4113 757 4184 circumposui,
791 4114 843 4166 et
868 4109 1144 4181 aediﬁcavi
1172 4109 1376 4164 turrim
1423 4125 1443 4164 :
1493 4106 1588 4162 hic
1636 4124 1792 4173 vero,
1846 4115 2014 4180 Aufe-

368 4216 493 4257 ram
538 4215 723 4271 sepem
774 4200 916 4269 ejus,
963 4206 1018 4253 et
1061 4198 1287 4252 diruam
1330 4212 1572 4261 murum,
1622 4211 1724 4266 pro
1755 4197 1923 4262 turri,
1953 4200 2018 4252 ut

368 4288 739 4360 puto,dicens
768 4284 1311 4357 murum,quoniam
1342 4282 1522 4338 turris
1556 4283 1739 4337 muris
1762 4288 2016 4354 quatuor

366 4377 522 4431 inter
550 4391 613 4430 se
644 4392 747 4447 per
774 4372 1022 4446 angulos
1053 4373 1384 4444 conjunctis
1410 4375 1660 4438 constat;
1695 4374 1774 4426 ita
1800 4377 1865 4428 ut
1894 4372 2015 4430 illic

367 4462 524 4519 altus
555 4478 858 4519 murorum
890 4461 1070 4516 vineae
1094 4459 1351 4516 ambitus
1383 4475 1485 4531 per
1512 4459 1725 4515 turrim
1748 4460 1828 4517 sit
1849 4461 2016 4519 intel-

365 4551 664 4623 ligendus,
697 4555 763 4606 ut
810 4550 1114 4606 inaccessa
1142 4551 1297 4604 esset
1339 4546 1609 4603 hostibus
1656 4551 2014 4622 atqueinex-

2205 3845 2326 3900 146.
2363 3842 2494 3898 Εἶτά
2538 3862 2668 3917 φησι
2698 3859 2710 3870 ⁸
2771 3840 2870 3895 Καὶ
2927 3838 3143 3904 καθελῶ
3195 3840 3287 3894 τὸν
3340 3846 3533 3916 τοῖχον
3592 3838 3786 3911 αὐτοῦ,

2129 3929 2397 3988 καὶὲσται
2450 3929 2529 3993 εἷς
2585 3930 2969 4003 καταπάτημα.
3003 3931 3091 3986 Ἐν
3147 3934 3262 3992 τοῖς
3318 3926 3428 3984 ἄνω
3482 3925 3788 4005 διηγούμετ
3876 3954 3883 3957 ι

2127 4042 2223 4085 νος
2273 4022 2368 4084 τὰς
2417 4020 2543 4097 παρ’
2574 4020 2766 4074 ἑαυτοῦ
2824 4017 2903 4081 εἷς
2954 4016 3046 4074 τὸν
3107 4016 3238 4074 λαὸν
3282 4017 3603 4095 εὐεργεσίας,
3636 4023 3790 4094 Φρα-

2127 4111 2292 4184 γμὸν,
2352 4109 2505 4188 φησὶ,
2556 4108 2872 4183 περιάθηκα,
2938 4107 3027 4163 καὶ
3108 4105 3442 4181 ᾠκοδόμησα
3520 4107 3730 4183 πύργον
3767 4128 3782 4142 ·

2126 4197 2353 4263 ἐνταῦθα
2409 4195 2484 4254 δὲ.
2540 4194 2759 4275 ’Λφελῶ
2814 4196 2906 4252 τὸν
2961 4196 3210 4275 φραγμὸν
3260 4196 3447 4265 αὐτοῦ,
3499 4197 3587 4251 καὶ
3648 4198 3782 4251 καθ-

2127 4286 2237 4343 ελῶ
2282 4288 2375 4343 τὸν
2414 4292 2626 4363 τοῖχον,
2661 4286 2777 4341 ἀντὶ
2823 4286 3057 4361 πύργου,
3091 4286 3167 4351 ὡς
3213 4286 3393 4360 οἶμαι,
3440 4286 3531 4341 τὸν
3583 4290 3785 4362 τοῖχον

2126 4374 2323 4452 λίγων·
2354 4375 2468 4432 ἐπεὶ
2498 4375 2589 4431 καὶ
2629 4377 2657 4430 6
2705 4374 2912 4451 πύργος
2949 4375 3202 4450 τὲσσαρὲς
3249 4374 3351 4430 εἶσι
3398 4378 3584 4450 τοῖχοι
3638 4374 3784 4429 κατὰ

2122 4464 2322 4541 γωνίας
2379 4462 2654 4535 ἀλλήλοις
2703 4462 3305 4538 συναπτόμειοιχῶστε
3352 4463 3508 4519 κάκεῖ
3562 4464 3777 4539 πύργον

2124 4558 2360 4618 νοεῖσθαι
2389 4556 2502 4627 (77)
2526 4555 2624 4623 τήν
2658 4551 2875 4628 ὑψηλὴν
2905 4557 3003 4608 τοῦ
3031 4550 3363 4627 ἀμπελῶνος
3409 4556 3519 4608 τῶν
3562 4551 3777 4627 τοίχων

363 4638 724 4713 pugnabilis.
745 4637 894 4706 Quin
918 4641 976 4694 et
994 4639 1276 4694 evertitur
1296 4653 1504 4693 murus
1528 4642 1884 4709 noster,cum
1909 4657 2012 4713 per

2133 4638 2447 4719 περιϐολὴν,
2470 4642 2605 4719 πρὸς
2636 4643 2698 4698 τὸ
2730 4637 3031 4716 ἀνέμϐατον
3056 4641 3213 4698 αὐτὸν
3247 4641 3380 4697 εἶναι
3438 4641 3528 4696 καὶ
3587 4640 3783 4696 ἀνεπι-

365 4728 696 4787 socordiam
732 4726 1146 4801 ignaviamque
1192 4726 1622 4785 reddiderimus
1672 4745 1778 4786 nos
1827 4728 2013 4787 tutela

364 4818 694 4875 divinorum
723 4818 1069 4891 dogmatum
1102 4816 1556 4890 indignos.Deus
1587 4818 1823 4891 quidem
1848 4821 2011 4891 justo

364 4907 544 4965 turris
573 4911 664 4965 est
692 4924 727 4965 a
755 4907 908 4965 482
936 4907 1080 4964 facie
1108 4906 1333 4964 inimici
1362 4908 1407 4942 ‘3
1441 4925 1455 4964 :
1486 4908 1585 4964 sed
1634 4926 1667 4964 a
1712 4914 2014 4983 peccatore

363 4998 436 5054 ob
458 4996 894 5053 derelictionem
912 4996 1106 5053 omnis
1128 4996 1393 5054 custodia
1413 5000 1469 5052 et
1487 4997 1670 5054 totius
1696 4999 1847 5055 arcis
1879 5017 2012 5072 pro-

362 5086 769 5161 pugnaculum
800 5086 1083 5143 aufertur.
1117 5091 1183 5143 Et
1221 5087 1499 5143 dimittam
1544 5093 1765 5144 vineam
1811 5106 2013 5163 meam,

2120 4732 2379 4808 χείρητον
2411 4737 2530 4794 τοῖς
2564 4731 2922 4795 ὑπεναντίοις.
2955 4730 3056 4786 Καὶ
3085 4734 3248 4805 ἡμῶν
3296 4728 3355 4787 δὶ
3399 4736 3590 4807 τοῖχος
3641 4742 3782 4796 καθ-

2120 4826 2374 4898 αιρεῖται,
2428 4820 2555 4877 ὅταν
2612 4821 2857 4895 ἀναξίους
2916 4819 3137 4883 ἑαυτοὺς
3190 4827 3291 4890 τῆς
3338 4819 3399 4876 ἀκ
3446 4824 3551 4876 τῶν
3613 4820 3781 4884 θείων

2123 4908 2411 4985 δογμάτων
2468 4910 2736 4986 φυλακῆς,
2793 4908 2882 4965 διὰ
2956 4910 3226 4986 ῥᾳθυμίας
3277 4912 3620 4984 ποιήσωμεν.
3676 4911 3784 4983 Τῷ

2128 5001 2220 5073 μὲν
2275 4999 2375 5076 γὰρ
2429 4996 2620 5073 δικαίῳ
2649 4999 2855 5074 πύργος
2906 4999 3040 5062 ἐςτὶν
3074 5001 3102 5053 ὁ
3133 5000 3264 5062 Θεὸς
3323 4998 3430 5054 ἀπὸ
3476 4998 3781 5071 προσώπου

2123 5087 2346 5165 ἐχθροῦ,
2371 5093 2469 5145 τοῦ
2501 5086 2558 5144 δὲ
2585 5088 2918 5165 ἁμαρτωλοῦ
2950 5090 3063 5162 (78)
3094 5086 3182 5143 διὰ
3236 5088 3337 5157 τὴν
3396 5086 3778 5164 ἐγκατάλειψιν

430 5201 474 5238 ³⁷
500 5204 671 5275 Joan.
702 5218 759 5271 x,
792 5202 878 5257 16.
954 5201 999 5238 ⁸⁸
1028 5201 1216 5259 Galat.
1252 5218 1334 5269 ιιι,
1369 5202 1456 5257 19.
1531 5202 1578 5239 ⁸9
1605 5203 1738 5261 Job.
1774 5221 1814 5273 ι,
1845 5206 1899 5261 7.
1981 5207 2021 5243 ω

2133 5204 2205 5263 al.
2240 5224 2427 5274 LXXIX,
2461 5207 2548 5263 13.
2625 5207 2667 5242 ⁸ί
2699 5206 2844 5263 ibid.
2882 5207 2966 5261 14.
3043 5206 3089 5241 ⁴²
3117 5207 3279 5263 Rom.
3313 5223 3353 5275 ι,
3378 5205 3471 5260 28.
3548 5206 3596 5240 ⁴³
3618 5205 3779 5261 Psal.

363 5292 452 5346 ει,
486 5274 539 5330 Ir

449 5394 541 5466 74)
579 5392 742 5450 Colb.
777 5392 1094 5459 secundus,
1126 5384 1545 5464 περιλαμϐάνει.

428 5395 544 5539 (75)
577 5466 726 5539 Editi
757 5471 815 5539 et
843 5481 1015 5539 unus
1045 5480 1191 5530 ms.,
1221 5458 1471 5537 ἔγκειται.
1506 5463 1609 5518 Alii

452 5463 546 5594 75a
577 5466 726 5521 Editi
757 5471 815 5548 et
843 5481 1017 5550 unus.
1045 5463 1471 5537 ωεηὲγκειται.
1506 5463 1612 5518 Alii
1660 5468 1801 5535 tres,
1835 5463 2006 5523 ἔκκει-

457 5578 472 5593 .
550 5537 696 5593 odex
726 5536 901 5594 alius.
932 5554 1127 5590 κειται.

362 5557 472 5593 ται.
504 5554 696 5594 uooex
726 5554 901 5603 auus,
932 5554 1127 5590 κειται.

430 5610 544 5683 (76)
572 5609 782 5665 Nostra
837 5607 1012 5683 editio
1067 5610 1126 5663 et
1171 5609 1311 5680 Reg.
1342 5603 1589 5678 primus,
1620 5604 1862 5683 ἀφέντες.
1895 5610 2007 5667 Alii

361 5677 825 5755 quinquagies"
856 5677 1160 5755 ἀφεθέντες.

427 5748 548 5829 (77)"
573 5751 726 5810 Editi
758 5748 820 5811 et
843 5748 959 5810 ttae
989 5766 1161 5825 mss.,
1181 5748 1442 5809 νοεῖσθαι.
1471 5748 1587 5807 Alii
1618 5755 1702 5809 tre
1935 5772 2007 5811 σι.

2334 5393 3107 5481 Αηξίςιιὶἡεθξθὶὺτὶᾕτοῢ’δε
3129 5393 3487 5481 είμιιρτωλοῦι
3506 5396 3783 5481 Edit'iyrc‘p

2120 5464 2178 5521 δὶ
2200 5464 2783 5552 ’ἁμαρξυίλῷ.“8ιαῒίιῃ
2815 5469 2955 5552 editi
2989 5473 3047 5525 et
3092 5464 3214 5552 tres
3245 5464 3428 5552 :mss._,
3462 5464 3777 5552 ρχυρώμαζ

2115 5559 2208 5625 ’ξος
2238 5533 2515 5625 προϐολή.
2552 5540 2692 5613 Reg.
2726 5540 2958 5625 tertius,
2989 5533 3473 5625 πςριόολήβαξίνί
3489 5533 3776 5625 ﬁdum-“ius.

2118 5605 2538 5742 ll‘tetzgté'quartns
2568 5605 2703 5670 cuin
2765 5605 3172 5686 Colbfpriino,
3215 5605 3529 5687 τέροσεολτς,
3573 5614 3783 5671 minus
