4130 6210
425 335 544 396 359

1371 323 1766 386 APPENDIX
1809 323 2133 386 OPEBUM
2178 323 2243 385 S.
2289 322 2576 385 BASILIl
2623 323 2895 386 MAGNI.

3721 325 3847 389 360

427 467 610 540 igitur
639 464 718 522 rei
751 459 1060 519 familiaris
1104 458 1548 516 administrator
1576 457 1659 512 ait
1690 473 1702 511 :
1738 455 1942 511 Fodere
1971 470 2080 511 non

2197 455 2249 509 '0
2282 455 2376 526 μὲν
2409 453 2498 509 οὖν
2545 457 2710 518 κακὸς
2767 455 3079 528 οἷ’κονόμος,
3143 455 3428 527 Σκάπτειν,
3495 458 3681 533 φησὶν,
3741 457 3842 512 οὐκ

428 556 590 612 valeo
606 556 670 624 ⁸⁷,
688 554 878 609 bonus
894 557 1088 608 autem
1108 565 1174 606 ac
1199 549 1454 621 prudens
1476 547 1554 603 rei
1579 546 1886 602 familiaris
1903 545 2087 601 admi-

431 645 712 701 nistrator
733 643 874 697 scite
896 638 1320 707 circumfodiat,
1336 637 1445 692 hoc
1463 641 1694 705 est,sua
1711 635 1910 690 omnia
1930 651 2084 689 omo-

425 733 606 798 vebit,
639 736 816 802 atque
845 729 996 784 483
1045 725 1351 800 principali
1400 741 1517 781 sure
1551 723 1680 778 vita:
1736 723 2083 779 accomoda-

426 821 532 877 bit.
556 819 826 876 Ostendit
872 815 1152 872 nimirum
1186 814 1338 885 quod
1371 812 1876 884 quemadmodum
1928 818 2084 866 terra

429 926 556 984 qua:
589 909 660 964 ab
694 906 886 962 radice
918 903 1184 971 solvitur,
1212 903 1274 957 lit
1304 902 1518 974 planta
1542 901 1910 972 alimentum,
1935 904 1991 955 et
2015 915 2083 955 ea

429 1015 554 1070 quaa
585 996 636 1052 ei
669 994 980 1057 incumbit,
1004 990 1336 1063 comprimit
1365 990 1527 1044 illam
1553 995 1610 1044 et
1640 989 1916 1061 degravat
1949 1005 1960 1042 :
1997 987 2081 1042 sic

427 1090 484 1143 et
512 1101 689 1158 opum
723 1081 1137 1154 exsuperantia
1167 1079 1449 1135 divitibus
1479 1078 1851 1144 incumbens,
1877 1093 2080 1132 eorum

430 1174 658 1231 animas
689 1172 992 1242 demergit,
1027 1169 1278 1225 alienata
1307 1185 1438 1223 vero
1467 1185 1496 1222 a
1530 1167 1992 1240 possessoribus,
2025 1170 2083 1220 et

429 1262 831 1334 indigentibus
853 1259 1191 1325 distributa,
1211 1263 1353 1313 tunc
1372 1273 1574 1313 eorum
1600 1258 1664 1311 fit
1694 1256 1949 1328 pr0pria.
1970 1255 2078 1310 Sed

427 1368 496 1408 ex
526 1368 592 1407 eo
637 1349 792 1422 quod
846 1364 1032 1420 neque
1086 1352 1287 1418 putata
1332 1347 1501 1401 vinea
1532 1345 1632 1411 sit,
1670 1361 1858 1416 neque
1901 1343 2078 1414 fossa,

426 1455 792 1512 consequens
821 1443 910 1493 est
941 1442 1005 1492 ut
1036 1437 1093 1490 in
1125 1453 1194 1491 ea
1222 1441 1505 1506 tanquam
1558 1435 1616 1489 in
1673 1439 1828 1489 terra
1859 1431 2080 1490 inculta

426 1533 694 1586 crescant
725 1527 928 1599 epinze.
953 1526 1226 1581 Servator
1258 1529 1453 1580 noster
1485 1540 1582 1580 eos
1609 1523 1709 1595 qui
1743 1537 1870 1578 sese
1900 1522 2078 1593 hujus

422 1618 553 1673 vita
585 1615 742 1672 curis
790 1631 856 1670 ac
907 1613 1410 1670 sollicitudinibus
1464 1612 1793 1685 implicant,
1824 1611 1903 1666 ait
1949 1628 2078 1668 esse

422 1710 639 1762 terram
694 1703 896 1776 spinas
945 1703 1386 1774 producentem,
1419 1719 1544 1774 quae
1579 1701 1817 1773 quidem
1867 1700 2080 1771 excipit

429 1793 590 1849 verbi
625 1794 900 1859 fructum,
935 1791 1035 1846 sed
1069 1790 1236 1846 illum
1285 1790 1473 1863 spinis
1517 1789 1847 1846 suil'ocat‘s-
1882 1788 2084 1859 Itaque

426 1882 638 1956 ingens
670 1897 946 1937 curarum
978 1885 1172 1935 turma
1219 1879 1443 1935 invadit
1491 1880 1550 1934 in
1604 1877 1862 1934 animam
1894 1877 2081 1932 incul-

426 1974 570 2026 tam.
605 1971 745 2025 Eam
777 1970 850 2024 ob
882 1985 1121 2024 causam
1149 1969 1229 2023 ait
1265 1985 1277 2022 :
1314 1969 1564 2024 Crescent
1603 1970 1664 2024 in
1706 1982 1770 2022 ea
1817 1969 2083 2037 tanquam

427 2060 488 2113 in
519 2058 725 2113 inculta
756 2061 907 2113 terra
935 2058 1128 2128 spinae.

499 2148 621 2202 148.
654 2145 910 2203 Observa
939 2151 1137 2202 autem
1163 2145 1509 2218 prophetam
1543 2145 1812 2218 superius
1844 2144 2080 2216 quidem

424 2235 688 2292 dixisse:
733 2236 1054 2307 Exspectavi
1102 2245 1159 2289 ut
1206 2238 1416 2306 faceret
1470 2251 1635 2290 uvam
1667 2252 1685 2289 :
1715 2235 1849 2306 fecit
1899 2245 2081 2289 autem

425 2327 610 2397 spinas
631 2341 652 2385 ;
697 2324 789 2378 hic
836 2339 969 2380 vero
1011 2324 1237 2379 addidit
1270 2339 1282 2377 :
1320 2325 1381 2378 Et
1411 2328 1668 2379 crescent.
1703 2322 1927 2378 Etenim
1957 2340 2079 2378 ma-

429 2430 604 2487 gnam
638 2414 955 2485 quamdam
1009 2411 1318 2483 malitiam,
1351 2417 1407 2468 et
1450 2411 1608 2468 illius
1645 2411 1933 2467 fusionem
1969 2411 2082 2467 late

434 2509 765 2575 serpentem
799 2502 1022 2557 indicat
1053 2501 1378 2574 Scriptura,
1405 2519 1508 2573 per
1537 2502 1839 2573 spinarum
1873 2517 2078 2556 ascen-

426 2609 559 2648 sum
584 2591 1085 2662 acretionemque.
1104 2590 1322 2646 Deinde
1344 2591 1624 2661 quoniam
1650 2607 1826 2662 prava
1847 2594 1985 2645 sunt
2006 2590 2079 2646 vi-

425 2701 552 2740 nea
582 2684 868 2757 germina,
895 2685 968 2739 ab
995 2701 1062 2740 ea
1091 2683 1317 2739 tollitur
1347 2683 1579 2756 pluvia:
1607 2683 2078 2754 quandoquidem

425 2773 575 2844 ejus,
616 2777 681 2828 ut
711 2790 816 2844 par
847 2781 991 2842 eral,
1025 2773 1366 2842 adjumento
1398 2789 1504 2828 usa
1535 2789 1648 2828 non
1685 2776 1792 2828 est.
1820 2772 2006 2835 Quare
2025 2778 2082 2828 et

430 2878 535 2918 nos
558 2879 692 2918 cum
717 2862 1022 2918 occasione
1044 2861 1215 2916 nobis
1238 2878 1271 2916 a
1292 2861 1408 2916 Deo
1442 2864 1577 2916 data
1609 2877 1722 2916 non
1756 2862 1829 2916 ad
1862 2862 2082 2916 bonum

427 2951 672 3019 utimur,
697 2951 866 3006 nobis
898 2951 1181 3005 adimitur
1211 2952 1442 3006 cceleste
1468 2949 1825 3022 praesidium.
1847 2951 2006 3015 Quod
2032 2949 2082 3005 si

429 3041 606 3097 Israel
655 3040 823 3095 vinea
871 3044 980 3110 est,
1015 3044 1213 3094 manet
1261 3038 1503 3106 inculta,
1538 3056 1650 3095 non
1704 3040 1896 3094 solum
1930 3039 2082 3110 quod

426 3129 674 3186 Domino
696 3145 814 3184 non
842 3128 1104 3183 attulerit
1138 3129 1362 3183 fructus
1392 3128 1503 3183 sibi
1535 3133 1946 3199 congruentes,
1980 3129 2081 3183 sed

2197 541 2392 617 ἶσχόω·
2431 545 2458 597 6
2487 541 2542 599 δὲ
2583 546 2778 615 ἀγαθὸς
2826 545 2914 599 καὶ
2963 545 3230 621 φρόνιμος
3279 545 3568 618 οἰκονόμος
3619 545 3841 616 ἐπιστηο

2197 631 2377 704 μόνως
2433 635 2771 706 περισκάψει·
2831 636 3126 707 τουτέστιν,
3178 635 3487 706 ἀνακινήσει
3543 637 3717 690 πάντα
3771 634 3843 690 τὰ

2193 720 2509 795 ὑπάρχοντα
2555 721 2738 792 αὐτοῦ,
2795 725 2885 778 καὶ
2940 729 3008 798 τῇ
3060 723 3444 800 προηγουμένῃ
3498 724 3690 779 ἑαυτοῦ

2193 813 2306 884 ζωῇ
2350 813 2760 885 προσὸικειώσει
2796 833 2808 846 ο
2858 811 3088 882 δεικνὺς,
3123 814 3206 868 ὅτι
3231 813 3409 887 ὥσπερ
3439 816 3473 883 ἡ
3495 816 3587 890 γῆ,
3612 814 3840 890 ἀφιστα-

2194 898 2324 970 μένη
2373 899 2465 971 μὲν
2505 908 2604 970 τῆς
2653 901 2829 978 ῥίζης,
2879 903 3053 980 τροφὴ
3105 907 3201 956 τοῦ
3250 907 3419 980 φυτοῦ
3461 902 3684 977 γίνεται,
3718 903 3840 957 im-

2188 989 2414 1058 κειμένη
2447 986 2502 1044 δὲ
2535 989 2691 1064 αὐτῇ,
2737 986 2911 1046 θλίϐει
2955 991 3123 1060 αὐτὴν
3155 991 3243 1045 καὶ
3301 992 3538 1067 βαρύνει·
3573 990 3714 1046 οὕτω
3744 992 3837 1046 καὶ

2189 1079 2224 1145 ἡ
2255 1082 2361 1132 τῶν
2396 1079 2701 1152 χρημάτων
2733 1074 3028 1152 περιϐολὴ,
3063 1079 3377 1152 έπικειμένη
3410 1082 3504 1152 μὲν
3525 1087 3642 1142 τοῖς
3670 1081 3842 1136 πλου-

2187 1170 2361 1236 τοῦσι,
2427 1168 2632 1242 βυθίζει
2684 1168 2860 1223 αὐτῶν
2904 1169 3000 1231 τὰς
3053 1169 3256 1244 ψυχὰς,
3291 1167 3732 1246 ἀλλοτριουμένη
3782 1168 3842 1225 δὲ

2187 1260 2293 1310 τῶν
2342 1254 2580 1332 ἐχόντων
2635 1257 2712 1320 εἷς
2760 1259 2860 1327 τήν
2909 1263 3015 1313 τῶν
3067 1255 3341 1331 δεομένων
3376 1256 3684 1332 με-ἀδοσιν,
3714 1261 3844 1315 τότε

2188 1345 2363 1399 αὐτῶν
2396 1345 2570 1401 οἰκεία
2598 1347 2818 1422 γίνεται.
2852 1345 3178 1403 Ἀκολουθεῖ
3210 1346 3266 1403 δὶ
3297 1353 3374 1420 τῷ
3421 1350 3496 1422 μή
3528 1351 3843 1423 τέμνεσθαι,

2193 1431 2332 1507 μηδὲ
2363 1436 2706 1508 σκάπτεσθαι,
2756 1438 2817 1492 τὸ
2865 1432 3169 1492 ἀναϐαίνειν
3215 1439 3288 1500 ὡς
3333 1437 3410 1498 εἰς
3444 1440 3640 1514 χέρσον
3675 1438 3847 1493 ἄκαν-

2189 1533 2306 1586 θαν.
2341 1523 2485 1586 Τοὺς
2517 1523 2876 1600 ἐνεχομένους
2905 1531 3023 1587 ταῖς
3052 1524 3148 1581 τοῖ’)
3183 1526 3306 1602 βίου
3333 1527 3623 1602 μερίμναις
3655 1529 3683 1582 6
3718 1533 3844 1581 Σω-

2185 1613 2289 1686 τήρ
2321 1613 2481 1684 ἡμῶν
2534 1610 2724 1690 ἔφησεν
2779 1615 2911 1668 εἶναι
2958 1621 3058 1690 γῆν
3114 1614 3344 1677 ἀκάνθας
3373 1606 3708 1690 έκρῦουσαν,
3755 1613 3847 1671 δε-

2187 1701 2427 1775 χομένην
2465 1703 2557 1775 μὲν
2611 1703 2700 1757 τὸν
2746 1708 2842 1758 τοῦ
2876 1703 3042 1779 λόγου
3080 1704 3310 1778 καρπὸν,
3342 1704 3747 1780 συμπνὶγουσαν
3783 1702 3844 1760 δὶ

2192 1790 2294 1844 ὑπὸ
2349 1795 2456 1846 τῶν
2514 1791 2754 1847 ἀκανθῶν
2789 1834 2802 1846 .
2859 1793 2950 1855 Εἰς
3009 1791 3097 1847 οὖν
3159 1796 3274 1867 (87)
3327 1795 3426 1862 τὴν
3487 1794 3848 1870 ἀγεώργητον

2190 1881 2376 1955 ψυχήν
2425 1879 2569 1936 πολὺ
2621 1883 2682 1936 τὸ
2735 1879 2947 1951 πλῆθος
3000 1886 3106 1936 τῶν
3163 1887 3464 1957 μεριμνῶν.
3517 1883 3609 1938 Διό
3650 1900 3841 1960 φησιν·

2191 1964 2589 2040 Ἀναὸήσονται
2623 1971 2696 2033 εἷς
2722 1970 2878 2026 αὐτὸν
2911 1972 2984 2032 ὡς
3017 1971 3093 2033 εἰς
3126 1973 3324 2047 χέρσον
3360 1973 3598 2028 ἄκανθαι.

2266 2151 2576 2222 148.Τγςρει
2633 2145 2711 2221 δὲ,
2770 2150 2851 2204 ὅτι
2911 2151 3021 2203 ἄνω
3078 2150 3174 2222 μὶν
3234 2152 3398 2205 εἶπεν
3463 2153 3692 2223 Ἔμεινα
3745 2156 3848 2206 τοῦ

2190 2242 2415 2305 ποιῆσαι
2469 2233 2748 2308 σταφυλὴν
2785 2279 2797 2303 ,
2862 2237 3083 2306 ἐποίησε
3154 2235 3211 2292 δὲ
3283 2237 3557 2302 ἀκάνθας*
3617 2238 3849 2293 ένταῦθα

2191 2321 2248 2378 δέ
2304 2325 2604 2400 προσέθηκε
2659 2326 2722 2379 τὸ
2756 2371 2770 2395 ,
2830 2325 2926 2379 Καὶ
2985 2321 3343 2396 ἀναϐήσονται
3375 2371 3387 2382 .
3446 2329 3684 2402 Μέγεθος
3738 2328 3846 2402 γάρ

2187 2433 2238 2466 τι
2272 2416 2382 2487 (88)
2433 2420 2532 2482 τῆς
2583 2414 2794 2482 κακίας,
2821 2414 2910 2469 καὶ
2959 2415 3057 2483 τὴν
3091 2413 3178 2469 ἐπὶ
3225 2414 3372 2470 πολὺ
3419 2416 3578 2492 χύσιν
3612 2417 3640 2470 6
3673 2415 3846 2491 λόγος

2190 2501 2431 2579 ἐμφαίνει
2503 2500 2592 2557 διὰ
2665 2507 2764 2568 τῆς
2814 2508 2920 2558 τῶν
2979 2504 3223 2560 ἀκανθῶν
3292 2500 3646 2567 ἀναϐάσεως.
3709 2506 3848 2562 Εἶτα

2190 2589 2376 2660 ἐπειδὴ
2461 2594 2677 2667 πονηρά
2750 2599 2850 2662 τῆς
2937 2592 3187 2666 ἀμπέλου
3262 2595 3329 2648 τὰ
3409 2592 3775 2669 βλαστήματα
3828 2639 3842 2664 ,

2189 2679 2393 2754 αἶ’ρεται
2425 2682 2593 2750 αὑτῆς
2625 2682 2652 2735 6
2695 2681 2872 2744 ὑετός·
2899 2681 3192 2759 ἐπειδήπερ
3243 2682 3358 2738 οὐκ·
3388 2683 3462 2745 είς
3505 2680 3623 2738 δέον
3665 2682 3849 2758 ἐχρή-

2190 2789 2317 2826 σατο
2360 2775 2430 2844 τῇ
2483 2771 2608 2844 παρ’
2663 2771 2830 2826 αὐτοῦ
2883 2773 3130 2846 βοηθείᾳ.
3163 2774 3325 2828 Ὥστε
3365 2771 3456 2827 καὶ
3495 2775 3656 2845 ἡμεῖς
3710 2771 3846 2828 ὅταν

2188 2865 2308 2922 ταῖς
2356 2860 2502 2934 παρά
2547 2860 2643 2916 τοῦ
2687 2864 2819 2916 Θεοῦ
2871 2857 3186 2934 δεδομέναις
3242 2864 3377 2934 ἡμῖν
3429 2861 3704 2937 ἀφορμαῖς
3763 2863 3848 2933 μὴ

2193 2949 2268 3011 εἷς
2325 2948 2520 3025 ἀγαθὸν
2563 2949 2898 3026 κεχρημένοι
2946 2951 3112 3023 ὦμεν,
3166 2953 3470 3028 ἀφαιρεῖται
3520 2953 3678 3023 ἡμῶν
3721 2953 3754 3020 ἡ
3793 2949 3855 3021 ἐξ

2192 3037 2421 3113 οὐρανοῦ
2458 3039 2702 3113 βοήθεια.
2738 3037 2800 3095 Εἰ
2833 3036 2889 3093 δὲ
2921 3040 3182 3112 ἀμπελὼν
3217 3042 3244 3094 6
3277 3039 3522 3115 Ἰσραὴλ,
3554 3039 3856 3115 ἀγεώργη-

2191 3148 2287 3189 τος
2323 3128 2468 3198 μένει
2527 3124 2616 3181 διὰ
2662 3128 2724 3181 τὸ
2787 3133 2861 3200 μὴ
2912 3125 3232 3182 ἀποδιδόναι
3281 3128 3406 3189 τοὺς
3445 3123 3859 3189 ἐπιϐάλλοντας

426 3218 582 3288 quod
615 3233 812 3272 servos
846 3217 1008 3289 prius
1043 3217 1114 3272 ad
1147 3233 1208 3273 se
1241 3217 1456 3272 missos
1499 3217 1790 3280 ceciderit,
1825 3217 2083 3272 obruerit

2197 3195 2339 3286 αὐτῷ
2367 3215 2607 3288 καρποὺς
2643 3220 2721 3287 τῷ
2775 3195 3032 3290 Δεσπότῃ·
3079 3215 3225 3273 ἀλλά
3270 3217 3532 3293 πρότερον
3587 3217 3678 3289 μὶν
3711 3216 3853 3279 τοὺς

426 3303 726 3376 lapidibus
758 3309 815 3360 et
844 3304 1139 3371 occiderit,
1165 3322 1229 3361 ac
1278 3310 1571 3376 pastremo
1622 3306 1679 3360 in
1728 3305 1922 3376 ipsum
1956 3306 2078 3361 heri

430 3393 617 3449 lilium
650 3410 862 3449 manus
885 3395 954 3448 ad
991 3411 1189 3449 necem
1219 3394 1486 3464 injecerit
1506 3395 1570 3449 ‘9.
1599 3395 1856 3448 Fuerunt
1882 3400 2080 3450 autem

431 3482 738 3554 spinarum
774 3482 1079 3537 nomine‘o
1115 3482 1407 3554 insignitae
1452 3482 1537 3538 hae
1579 3499 1783 3539 omnes
1814 3500 1998 3554 prava:
2027 3489 2086 3540 et

430 3569 664 3640 injustas
695 3571 956 3626 actiones
991 3587 1004 3626 :
1040 3587 1166 3642 qua:
1200 3575 1365 3626 terrze
1408 3569 1731 3627 maledicta:
1767 3573 1918 3627 fetus
1947 3589 2082 3627 cum

432 3657 572 3726 sint,
601 3660 734 3729 jure
774 3676 840 3714 ac
891 3659 1097 3715 merito
1128 3660 1315 3716 nubes
1346 3659 1404 3714 in
1438 3659 1668 3715 vineam
1717 3661 1858 3716 talia
1889 3662 2082 3734 profe-

433 3752 656 3803 rentem
693 3764 808 3802 non
842 3746 1041 3820 pluere
1064 3749 1246 3818 jusse
1279 3753 1434 3804 sunt.
1468 3748 1675 3820 Ecquaa
1708 3750 1942 3806 tandem
1975 3769 2084 3806 nu-

432 3835 557 3902 bes,
591 3835 793 3908 ecquis
836 3835 1066 3891 imberi’
1109 3837 1401 3892 Conemur
1447 3837 1707 3910 physicis
1759 3823 2085 3896 rationibus

435 3924 506 3980 ad
541 3924 727 3980 nubes
780 3926 1182 3996 spectantibus
1223 3926 1293 3981 ad
1327 3942 1528 3981 eorum
1561 3944 1686 3998 quae
1718 3928 1876 3983 dicta
1923 3933 2085 3996 sunt,

430 4012 881 4086 intelligentiam
907 4014 1255 4087 pertingere.
1277 4018 1377 4070 Est
1398 4015 1580 4087 igitur
1602 4016 1788 4072 nubes
1812 4032 1910 4072 aer
1929 4034 2085 4074 cras-

433 4119 536 4158 sus
560 4119 626 4158 ex
648 4101 910 4159 humidis
931 4103 1246 4175 vaporibus
1269 4118 1298 4158 e
1323 4109 1475 4159 terra
1495 4104 1762 4160 excitatis
1788 4111 2086 4175 constans,

431 4189 566 4246 dein
598 4207 838 4247 sursum
865 4191 1057 4247 ventis
1089 4197 1342 4260 evectus,
1367 4184 1724 4264 simulatque
1748 4209 1947 4248 eorum
1981 4211 2089 4265 ope

431 4278 489 4332 in
513 4280 744 4348 justum
781 4296 1051 4335 acervum
1094 4285 1483 4353 congregatus
1512 4286 1624 4350 est,
1658 4285 1715 4336 et
1743 4297 1812 4335 ex
1843 4282 2087 4339 humore

431 4367 544 4421 sibi
595 4368 862 4439 insperso
903 4368 1153 4436 gravitas
1205 4368 1505 4422 sufficiens
1558 4370 1822 4436 accessit,
1854 4377 1995 4426 tunc
2027 4373 2084 4427 in

431 4459 649 4511 terram
681 4455 956 4528 guttatim
993 4455 1228 4511 labitur.
1266 4457 1389 4510 Haec
1421 4455 1656 4529 quidem
1689 4462 1777 4514 est
1807 4458 2087 4517 imbrium

2192 3303 2632 3373 ἀπεσταλμένους
2679 3303 2910 3367 δούλους
2953 3303 3126 3381 δεῖραι
3171 3307 3261 3360 καὶ
3315 3301 3699 3371 λιθοϐολῆσαι,
3749 3305 3853 3359 καὶ

2192 3393 2527 3461 ἀποκτεῖναι,
2579 3391 2794 3466 ὕστερον
2850 3391 2906 3447 δὲ
2954 3393 3044 3449 καὶ
3093 3393 3238 3466 αὐτῷ
3267 3399 3348 3467 τῷ
3390 3396 3490 3466 υἱῷ
3521 3398 3616 3449 τοῦ
3643 3391 3847 3449 δεσπό-

2189 3501 2285 3535 του
2339 3481 2436 3544 τὰς
2486 3486 2678 3556 χεῖρας
2732 3482 2806 3543 εἷς
2863 3483 3025 3559 φόνον
3072 3477 3375 3540 έπιϐαλεῖν.
3417 3482 3580 3540 Δύταὶ
3631 3485 3744 3555 (89)
3782 3480 3847 3537 δὲ

2191 3575 2354 3624 πᾶσαι
2412 3571 2467 3623 αἱ
2515 3570 2748 3644 πονηραὶ
2801 3572 2890 3625 καὶ
2944 3568 3118 3626 ἄδικοι
3169 3571 3386 3647 πράξεις
3436 3571 3654 3626 ἄκανθαί
3703 3571 3847 3627 εἶσιν

2193 3660 2593 3732 ὠνομασμέναι⁸
2631 3657 2720 3713 διὰ
2761 3661 2824 3714 τὸ
2873 3665 2976 3734 γῆς
3025 3660 3406 3736 κατηραμένης
3437 3661 3571 3716 εἶναι
3609 3660 3854 3735 βλαστή-

2199 3771 2359 3823 ματα,
2418 3747 2643 3812 εἷκότως
2693 3747 2919 3811 ἐντολὰς
2971 3745 3338 3821 λαμϐάνουσιν
3392 3752 3448 3804 αἱ
3496 3751 3714 3828 νεφέλαι
3745 3754 3853 3805 τοῦ

2199 3839 2274 3912 μὴ
2313 3840 2528 3914 βρέχειν
2584 3837 2671 3892 ἐπὶ
2707 3838 2796 3893 τὸν
2841 3840 2909 3894 τὰ
2957 3841 3068 3911 (90)
3124 3843 3348 3894 τοιαῦτα
3398 3838 3688 3916 ἐκφέροντα
3735 3838 3858 3912 ἀμ-

2195 3926 2430 3984 πελῶνα.
2463 3927 2612 3989 Τίνες
2660 3926 2750 3981 οὖν
2784 3928 2839 3980 αἱ
2889 3925 3130 4003 νεφέλαι,
3171 3929 3259 3982 καὶ
3292 3929 3376 3991 τίς
3411 3930 3439 3983 ὁ
3471 3924 3718 4003 ὅμῦρος;
3756 3929 3857 3984 Ἐκ

2194 4024 2294 4086 τῆς
2344 4015 2467 4090 περὶ
2513 4017 2684 4092 νεφῶν
2735 4015 3087 4089 φυσιολογίας
3137 4022 3480 4093 πειραθῶμεν
3533 4018 3608 4079 είς
3637 4013 3852 4072 ἔννοιαν

2194 4110 2302 4160 τῶν
2361 4106 2665 4178 εἰρημένων
2725 4103 2922 4160 ἐλθεῖν.
2953 4107 3105 4162 ’Ἐστι
3163 4105 3341 4161 τοίνυν
3397 4109 3431 4176 ἡ
3481 4104 3682 4185 νεφέλη
3738 4107 3852 4180 ἀήρ

2197 4193 2377 4270 παχὺς
2435 4193 2489 4248 ἐκ
2548 4201 2648 4262 τῆς
2707 4195 2871 4268 ὑγρᾶς
2927 4195 3061 4249 κατά
3117 4197 3218 4268 γῆν
3267 4195 3677 4268 ἀναθυμιάσεως
3719 4216 3852 4251 συν-

2201 4281 2506 4354 ιστάμενος,
2538 4282 2648 4335 εἶτα
2703 4283 3081 4355 μετεωρισθεὶς
3112 4288 3229 4346 τοῖς
3267 4282 3510 4356 ἀνέμοις,
3543 4284 3669 4338 ὅταν
3698 4278 3853 4358 λάϐῃ

2196 4372 2323 4446 παρ’
2353 4371 2525 4425 αὑτῶν
2581 4370 2865 4446 ἀξιόλογον
2912 4369 3204 4445 ἄθροισμα,
3253 4372 3343 4426 καὶ
3390 4373 3452 4426 τὸ
3505 4372 3565 4428 ἐκ
3613 4379 3716 4442 τῆς
3767 4373 3857 4428 έν-

2199 4461 2543 4535 εσπαρμένης
2575 4459 2720 4532 αὖτῷ
2775 4462 2888 4533 (91)
2934 4457 3148 4522 νοτίδος
3208 4460 3372 4535 βάρος
3399 4461 3583 4516 ἱκανὸν
3634 4460 3860 4538 έγγένη-

434 4548 668 4615 natura,
695 4545 793 4615 qui
829 4560 998 4599 suam
1029 4545 1318 4618 originem
1348 4545 1592 4600 trahunt
1623 4563 1656 4601 a
1685 4551 1858 4619 terra,
1885 4566 1949 4605 ac
1980 4551 2083 4606 ite-

2197 4570 2305 4616 ται,
2347 4551 2469 4603 τότε
2519 4548 2781 4623 σταγόνας
2833 4548 2907 4611 εἰς
2955 4550 3054 4618 τὴν
3103 4557 3202 4625 γῆν
3274 4549 3502 4627 ἀφίησι,
3565 4550 3661 4605 Καὶ
3712 4551 3861 4623 αὕτη

434 4648 567 4688 rum
591 4648 694 4704 per
710 4648 846 4688 aera
869 4633 927 4688 in
958 4636 1174 4689 terram
1201 4632 1570 4692 delabuntur.
1599 4635 1898 4706 Ejusmodi
1920 4644 2087 4695 erant

434 4725 493 4777 et
522 4721 839 4793 prophetae,
868 4720 1024 4793 quia
1055 4723 1352 4778 communi
1377 4723 1615 4794 quidem
1650 4730 1858 4781 natura
1888 4728 2086 4784 oriun-

434 4809 516 4879 di,
545 4809 646 4866 sed
677 4813 915 4882 propter
955 4809 1162 4865 animaa
1213 4811 1527 4883 puritatem
1580 4812 1791 4870 virtute
1837 4816 2091 4887 Spiritus

2199 4642 2306 4693 τῶν
2353 4631 2575 4713 ὄμϐρων
2607 4639 2642 4707 ἡ
2674 4638 2853 4715 φύσις,
2903 4639 3008 4694 ἀπὸ
3057 4643 3163 4715 γῆς
3215 4640 3316 4707 τὴν
3357 4638 3537 4716 ἀρχὴν
3583 4638 3861 4714 ἐχόντων,

2199 4727 2288 4782 καὶ
2323 4725 2390 4782 δι’
2422 4726 2580 4802 ἀέρος
2605 4725 2770 4782 πάλιν
2799 4725 2886 4781 ἐπὶ
2933 4728 3033 4796 τὴν
3062 4733 3166 4802 γῆν
3219 4729 3552 4804 φερομένων.
3595 4733 3862 4785 Τοιοῦτοι

2200 4816 2334 4884 ἦσαν
2394 4816 2484 4870 καὶ
2543 4816 2595 4870 οἱ
2641 4823 2942 4894 προφῆται,
3002 4815 3060 4870 ἐκ
3118 4816 3215 4889 μὲν
3265 4824 3365 4886 τῆς
3417 4825 3608 4887 κοινῆς
3638 4817 3862 4896 φύσεως

508 4983 552 5018 ⁸⁷
583 4983 721 5039 Luc.
753 5000 868 5056 xv1,
900 4986 952 5040 3.
1033 4985 1076 5019 ⁴⁸
1110 4985 1245 5041 Luc.
1280 5003 1402 5057 vui,
1439 4988 1523 5042 14.
1601 4990 1644 5024 ⁴⁹
1675 4988 1882 5045 Matth.
1915 5008 2029 5063 xxx,
2063 4993 2083 5046 Ε

2199 4993 2252 5047 9.
2330 4992 2375 5026 ⁵ο
2404 4991 2546 5047 Gen.
2584 5009 2668 5061 III,
2703 4991 2788 5047 18.

506 5151 620 5236 (86)
669 5152 900 5210 Veteres
959 5154 1219 5228 quinque
1275 5155 1430 5223 libri,
1488 5155 1698 5212 ἑαυτοῦ.
1757 5159 1927 5228 Editi,
1990 5160 2090 5215 αὐ-

439 5241 557 5279 του.

513 5295 624 5367 (87)
655 5294 778 5363 llla,
827 5292 902 5355 εἷς
946 5293 1060 5367 οὗν,
1103 5301 1236 5370 etc.,
1271 5304 1372 5353 aut
1418 5295 1776 5359 έλλειπτικῶς
1823 5301 1959 5370 dici,
1992 5308 2093 5359 aut

441 5371 653 5446 trunca
673 5383 803 5446 esse
833 5382 1029 5446 nemo,
1055 5372 1113 5446 ni
1141 5369 1327 5446 fallor,
1353 5370 1925 5446 homondilﬁtebitur.
1946 5379 2090 5446 Sup-

443 5437 604 5518 pleas
635 5435 817 5518 igitur
870 5434 1384 5518 oportet__verbum
1433 5434 1730 5513 ἀναϐαίνει,
1762 5449 1864 5498 aut
1906 5434 2087 5518 aliud,

443 5510 617 5584 quod
632 5510 820 5584 magis
852 5510 1152 5582 placuerit.

514 5580 626 5654 (88)
655 5580 758 5637 Sic'
800 5580 1021 5654 veteres
1068 5586 1322 5654 quatuor
1371 5583 1527 5654 libri.
1559 5583 1714 5640 Editi
1766 5600 1898 5644 vero
1931 5583 2020 5642 ἐπί

442 5649 653 5710 Statim
682 5657 822 5742 Reg.
854 5649 1289 5742 tertium-X6195
1305 5651 1562 5736 ἐκφαίνει.

2417 5160 2588 5245 Edjti,
2635 5159 2825 5245 ᾼῦταιε
2855 5163 2926 5216 At
2973 5162 3233 5245 quinque
3286 5181 3456 5245 mss,
3503 5161 3682 5245 αὐταί.
3724 5168 3866 5223 Mox

2199 5228 2372 5299 editi,
2394 5232 2459 5306 ait
2482 5228 2569 5285 διὰ
2596 5231 2679 5288 τό.
2710 5236 2782 5289 At
2809 5233 2869 5288 in
2902 5228 3176 5306 quinque
3193 5253 3333 5292 mss.
3367 5228 3531 5292 deest
3558 5235 3634 5290 at.

2203 5376 2213 5385 .
2271 5306 2380 5375 (90)
2413 5303 2651 5385 Veteres
2681 5303 2943 5376 quinque
2973 5303 3130 5376 libri,
3163 5305 3248 5361 ἐπὶ
3296 5307 3387 5361 τὸν
3438 5307 3524 5363 τά.
3568 5313 3750 5364 Deest
3791 5308 3867 5363 τά

2201 5390 2256 5429 ID
2291 5391 2537 5430 CXCUSIS.

2271 5447 2380 5516 (91)
2415 5445 2814 5524 βᾴγίιίμαύτῶνμ.
2850 5449 3097 5524 Antiqui
3144 5455 3264 5524 tres
3315 5449 3474 5524 libri,
3526 5447 3687 5524 αὐτῇ.
3745 5451 3870 5509 Alii

2201 5515 2537 5597 ᾶυοηαρτῷ,
2570 5518 2686 5597 etp;
2711 5515 3028 5597 _videlicet,'
3048 5522 3278 5580 melius.
3306 5515 3516 5579 Statim
3548 5515 3651 5580 sex'
3685 5540 3870 5597 mss.,

2201 5539 2336 5586 uuo,
2370 5539 2537 5589 αυτῳ,
2570 5539 2628 5572 αε
2673 5540 2686 5570 ι
2717 5539 2979 5576 Videlicet

2196 5593 2294 5656 τῆν
2329 5587 2540 5665 ἀφίησι.
2574 5539 2748 5661 Εὲἱὶὶ,
2783 5589 2979 5661 ἐνίησι.
