4130 6210
262 408 347 471 361

1088 403 1494 467 COMMENT.
1539 405 1612 466 IN
1662 403 1925 465 ISAlAM
1972 405 2471 469 PliOPHETAM.
2519 405 2691 468 CAP.
2739 408 2814 467 V.

3511 410 3630 472 362

261 537 573 616 ὡρμημένοι,
608 534 698 592 διὰ
729 534 788 592 δὲ
814 536 1161 611 καθαρότητα
1183 539 1371 611 ψυχῆς
1392 539 1462 610 τῇ
1511 532 1736 608 δυνάμει
1783 535 1879 589 τοῦ

1999 537 2052 592 in
2103 537 2355 594 sublime
2407 540 2604 607 erecti,
2649 540 2959 596 animabus
3017 539 3188 596 bonis
3235 543 3295 596 et
3339 541 3634 613 frugiferis

259 627 548 702 Πνεύματος
596 625 1055 700 ὑπερυψούμενοι,
1087 625 1177 681 καὶ
1232 624 1412 700 λόγων
1458 624 1698 699 γονίμων
1753 644 1877 678 στα-

255 718 390 794 γόνας
440 721 561 779 ταῖς
614 719 818 792 ψυχαῖς
878 720 1000 778 ταῖς
1052 715 1270 790 ἀγαθαῖς
1342 713 1433 769 καὶ
1506 713 1877 790 καρποφόροις

256 806 592 876 ἐνστάζοντες.
641 809 902 867 Τοιοῦτος
949 803 1016 872 ἦν
1055 805 1319 874 Μωυσῆς,
1369 802 1570 878 λέγων·
1635 800 1875 876 Προσδο-

254 895 407 951 κάσθω
455 895 531 958 ὡς
595 894 744 958 ὑετὸς
797 895 861 950 τὸ
913 891 1236 970 ἀπόφθεγμά
1308 911 1450 966 μου”
1519 891 1608 947 καὶ
1687 889 1872 947 πάλιν·

254 988 326 1048 Ὠς
376 986 483 1059 (92)
544 979 752 1058 ὄμϐρος
833 983 916 1038 ἰπ¹
991 980 1280 1058 ἄγρωστιν,
1337 982 1427 1036 καὶ
1480 981 1607 1036 ὡσεὶ
1664 981 1879 1055 νιφετὸς

252 1073 326 1130 ἐπὶ
351 1074 570 1150 χόρτον.
633 1074 801 1128 Λῦται
827 1071 919 1128 οὖν
978 1073 1032 1127 αἱ
1091 1071 1332 1146 οὐράνιοι
1367 1068 1616 1144 δυνάμεις
1647 1069 1873 1138 ἐντολὴν

252 1159 570 1236 λαμϐάνουσι
622 1167 722 1217 τοῦ
783 1163 859 1236 μὴ
923 1163 1137 1238 βρέχειν
1192 1159 1280 1215 ἐπὶ
1349 1161 1441 1215 τὸν
1503 1158 1873 1237 ἀκανθοφόρον

247 1251 548 1326 ἀμπελῶνα,
579 1252 672 1307 τὸν
702 1256 822 1314 ταῖς
851 1252 1105 1315 ἀκάνθαις
1148 1255 1269 1312 ταῖς
1320 1249 1545 1311 οἰκείαις
1605 1249 1875 1326 στεφανώ-

247 1341 387 1396 σαντά
435 1363 540 1415 μου
587 1342 681 1396 τὸν
733 1339 1035 1410 Δεσπότην.
1089 1340 1188 1394 Διά
1214 1343 1379 1395 τοῦτο
1406 1339 1496 1393 νῦν
1528 1341 1706 1409 σιωπή
1765 1337 1877 1393 ἐστι

245 1432 371 1506 παρά
393 1434 464 1505 τῇ
496 1433 786 1507 συναγωγῇ
819 1429 998 1505 ἐκείνῃ
1046 1428 1216 1504 λόγου
1260 1433 1415 1496 Θεοῦ,
1464 1428 1553 1484 καὶ
1585 1427 1686 1483 ούκ
1733 1423 1875 1483 ἔστιν

247 1520 313 1576 ἔτι
357 1523 668 1599 προφήτης,
731 1518 856 1576 οὐδὲ
913 1517 1120 1596 ἄρχων,
1175 1516 1299 1575 οὔτε
1354 1518 1688 1594 ἡγούμενος,
1752 1518 1877 1576 ἀλλ’

250 1609 409 1685 αἰθρία
460 1609 611 1679 δεινὴ
658 1610 748 1665 καὶ
796 1608 1075 1684 ἀνέφελος,
1131 1613 1231 1675 τῆς
1293 1609 1465 1664 πάλαι
1511 1610 1744 1682 κατάρας
1795 1608 1878 1663 ἐπ’

249 1699 398 1768 «uti:
459 1694 892 1775 βεϐαιουμένης·
953 1698 1075 1768 ὅτι,
1136 1699 1234 1753 Καὶ
1285 1696 1431 1752 ἔσται
1492 1719 1576 1752 σοι
1631 1698 1660 1751 6
1715 1698 1878 1771 οὐρα-

250 1788 329 1849 νὸς
393 1791 504 1863 (93)
568 1789 702 1865 ὑπὲρ
778 1787 1024 1865 κεφαλῆς
1104 1808 1199 1842 σου
1248 1786 1516 1862 χαλκοῦς,
1574 1786 1664 1841 καὶ
1720 1789 1756 1856 ἡ
1806 1793 1876 1864 γῆ

253 1877 490 1932 ὑποκάτω
543 1899 642 1934 σου
698 1874 916 1953 σιδηρᾶ’
974 1877 1061 1932 καὶ
1109 1876 1296 1933 πάλινο
1345 1878 1469 1949 Δῴη
1498 1877 1526 1932 6
1557 1877 1758 1951 Κύριος
1786 1877 1877 1932 τὸν

258 1966 396 2022 ὑετὸν
466 1975 563 2037 τῆς
636 1974 740 2044 γῆς
813 1987 908 2022 σου
967 1967 1274 2043 κονιορτὸν,
1342 1967 1433 2021 καὶ
1491 1971 1627 2042 χοῦς
1676 1965 1735 2021 ἐκ
1787 1970 1883 2022 τοῦ

254 2056 478 2131 ούρανοῦ
528 2053 887 2127 καταϐήσεται
945 2054 1033 2110 ἐπὶ
1091 2057 1150 2110 σὲ
1182 2098 1196 2124 ,
1255 2051 1359 2118 ἕως
1411 2053 1471 2110 ἂν
1522 2053 1748 2130 ἐκτριψῃ
1805 2075 1882 2111 σε.

256 2143 432 2201 Ούκὲτι
485 2145 584 2222 γάρ
640 2146 696 2199 αἱ
752 2143 972 2223 νεφέλαι
1026 2147 1082 2199 αἱ
1137 2145 1525 2218 πνευματικαί·
1579 2145 1670 2199 καὶ
1707 2144 1883 2200 οὐκέτι

251 2235 546 2310 προφήτης,
603 2241 703 2304 τῆς
751 2233 979 2303 ἐντοΛῆς
1037 2237 1134 2288 τοῦ
1166 2234 1370 2305 Κυρίου
1416 2229 1636 2309 βεϐαίας
1680 2233 1883 2311 φυλατ-

251 2324 490 2395 τομένης·
551 2322 665 2378 Κᾶν
696 2324 750 2378 αἱ
779 2322 998 2400 νεφέλαι
1027 2321 1084 2378 δὲ
1118 2324 1334 2399 βρέχειν
1381 2321 1668 2398 λέγωνται⁶
1728 2320 1884 2378 οὐδὲν

250 2413 395 2479 ἦττον
422 2414 452 2467 ὁ
487 2411 688 2486 Κύριός
718 2412 860 2467 ἐστιν
892 2413 920 2466 6
953 2411 1186 2488 βρέχων.
1237 2411 1350 2469 Οὐκ
1392 2411 1500 2466 ἐστι
1547 2412 1670 2488 γάρ,
1726 2412 1888 2490 φησὶν

251 2503 278 2554 6
302 2505 614 2579 προφήτης,
658 2502 880 2570 ὑετίζων
937 2501 1117 2576 ὥσπερ
1165 2501 1248 2558 σύ.
1285 2501 1387 2557 Καὶ
1418 2499 1582 2582 πάλιν
1615 2500 1673 2556 ἐκ
1718 2521 1885 2577 προσ-

254 2589 392 2645 ώπου
417 2595 515 2645 τοῦ
573 2591 711 2645 Θεοῦ
742 2587 974 2664 εἴρηται·
1037 2589 1135 2644 Καὶ
1196 2589 1366 2665 βρὲξω
1403 2589 1490 2644 ἰπὶ
1539 2588 1701 2644 πόλιν
1740 2588 1885 2662 μίαν,

251 2676 330 2732 ἐπὶ
381 2678 435 2734 δὲ
492 2678 661 2735 πόλιν
725 2680 850 2752 μίαν
911 2679 972 2734 ού
1029 2678 1229 2755 βρὲξω’
1296 2678 1449 2754 μερὶς
1510 2677 1607 2753 μία
1667 2680 1888 2754 βραχῆ-

256 2787 407 2842 σεται,
465 2770 558 2824 καὶ
620 2769 805 2842 μάρὶς,
868 2767 949 2845 ἰφ¹
1002 2769 1064 2837 ἣν
1122 2769 1187 2822 ού
1245 2768 1439 2843 βρὲξω,
1472 2770 1883 2842 ξηρανθήσεταιο

251 2857 659 2930 οίκονομοῦντος
690 2863 787 2912 τοῦ
817 2858 1021 2933 ἀγαθοῦ
1050 2861 1183 2912 Θεοῦ
1219 2859 1320 2927 τὴν
1370 2854 1564 2932 μερίδα
1609 2861 1716 2911 τῶν
1762 2877 1885 2932 χει-

253 2945 410 3019 ρόνων
466 2949 548 3020 μὴ
608 2948 881 3023 βραχῆναι
918 2946 1050 3021 ὑπὲρ
1080 2950 1178 3001 τοῦ
1218 2946 1540 3020 ξηρανθῆναι
1574 2945 1626 3000 ἐν
1656 2945 1791 3019 αὐτῇ
1821 2946 1888 3000 τά

247 3039 336 3108 τῇς
405 3036 680 3112 πονηρίας
754 3037 1131 3112 βλαστήματα.
1212 3039 1408 3113 Σαφῶς
1474 3035 1776 3108 παρέστησε
1825 3033 1886 3090 τὰ

1989 626 2252 683 vitalium
2288 629 2595 684 verborum
2643 633 2839 700 guttas
2889 629 3276 686 instillabant.
3309 628 3465 686 Talis
3511 635 3637 687 erat

1989 716 2236 788 Moyses,
2286 717 2486 772 dicens
2541 737 2552 774 :
2607 721 2956 790 Exspectatur
3003 726 3062 774 ut
3099 720 3315 791 pluvia,
3359 720 3640 791 eloquium

1987 821 2169 861 meum
2197 807 2278 874 δίς
2311 812 2366 862 et
2398 825 2606 863 rursus
2641 824 2653 863 :
2693 809 2865 876 Quasi
2892 808 3066 864 imber
3109 825 3276 880 super
3303 826 3555 881 gramen,
3587 813 3642 866 et

1985 897 2144 968 quasi
2167 896 2360 967 pluvia
2390 898 2594 951 nivalis
2633 900 2690 951 in
2718 898 2941 952 herbam
2974 898 3039 951 ⁵2.
3070 898 3411 970 Ρτωοίρίιυι·
3441 899 3641 972 itaque

1985 983 2316 1040 cmlestibus
2349 985 2479 1040 istis
2501 986 2834 1054 virtutibus,
2863 1003 2932 1041 ne
2957 985 3014 1041 in
3034 985 3264 1042 vineam
3297 988 3637 1060 spiniferam

1986 1074 2211 1146 pluant,
2236 1091 2362 1145 qua:
2386 1075 2699 1131 Dominum
2724 1092 2918 1130 meum
2943 1075 3068 1131 suis
3098 1077 3286 1148 spinis
3316 1079 3635 1136 coronavit.

1986 1165 2172 1228 Quare
2202 1163 2259 1217 in
2290 1180 2587 1236 synagoga
2632 1164 2732 1219 illa
2781 1181 2936 1220 nunc
2985 1165 3191 1221 siletur
3235 1166 3334 1221 Dei
3369 1168 3634 1239 verbum,

1987 1267 2091 1306 nec
2119 1256 2210 1306 est
2239 1252 2494 1323 amplius
2526 1253 2828 1324 prOpbeta,
2863 1269 3050 1324 neque
3107 1254 3399 1326 princeps,
3447 1271 3636 1327 neque

1986 1340 2107 1395 dux
2127 1341 2198 1394 l‘3:
2225 1341 2324 1396 sed
2348 1341 2560 1396 sudum
2582 1357 2774 1413 grave,
2799 1342 3056 1397 nubibus
3079 1342 3256 1398 nullis
3278 1345 3632 1401 obductum:

1986 1430 2204 1502 quippe
2227 1430 2602 1501 pronuntiata
2622 1429 2760 1486 olim
2784 1439 3064 1487 adversus
3085 1447 3212 1486 eam
3232 1433 3384 1489 484
3403 1434 3640 1491 maledi-

1987 1520 2100 1574 ctio
2123 1520 2527 1576 conﬁrmatur.
2557 1519 2868 1587 Nimirum,
2895 1521 2958 1575 Et
2979 1522 3090 1576 erit
3119 1522 3224 1576 tibi
3250 1523 3445 1578 caelum
3473 1540 3639 1596 super

1986 1612 2150 1680 caput
2181 1613 2360 1676 tuum,
2389 1623 2646 1666 aeneum:
2674 1618 2725 1665 et
2755 1617 2902 1665 terra
2923 1611 3026 1664 sub
3052 1618 3104 1665 te
3130 1611 3394 1680 ferrea“.
3420 1613 3486 1668 Et
3512 1630 3639 1669 rur-

1988 1714 2092 1754 sus
2125 1715 2137 1753 :
2170 1700 2266 1754 Det
2290 1700 2554 1754 Dominus
2580 1698 2834 1770 pluviam
2863 1702 3024 1755 terra:
3069 1703 3180 1754 tuae
3229 1701 3510 1770 pulverem
3539 1719 3559 1757 :
3588 1706 3644 1757 et

1986 1789 2166 1858 pulvis
2198 1804 2228 1843 e
2253 1789 2382 1844 coelo
2412 1787 2696 1844 descendet
2723 1804 2886 1860 super
2907 1793 2977 1859 te,
3025 1788 3378 1862 quoadusque
3407 1792 3644 1847 attrive-

1989 1879 2069 1932 rit
2107 1881 2159 1933 te
2188 1878 2251 1932 ⁵⁵.
2286 1878 2409 1934 Non
2441 1878 2598 1933 enim
2623 1877 2856 1950 amplus
2888 1881 3119 1934 exstant
3149 1879 3336 1935 nubes
3366 1879 3645 1952 spiritua-

1994 1967 2077 2022 les
2111 1982 2124 2021 :
2160 1983 2348 2039 neque
2378 1966 2636 2039 amplius
2668 1967 2958 2040 reperitur
2989 1963 3270 2040 propheta
3300 1984 3315 2024 :
3348 1969 3641 2041 siquidem

1994 2056 2162 2112 firme
2209 2074 2276 2113 ae
2321 2061 2658 2113 constanter
2686 2061 2955 2113 servatur
3001 2057 3233 2113 Domini
3266 2064 3639 2134 praeceptum.

1996 2145 2116 2201 Etsi
2138 2147 2324 2202 nubes
2352 2145 2552 2217 pluere
2581 2145 2878 2214 dicuntur,
2905 2146 3288 2204 nihilominus
3310 2154 3505 2204 tamen
3540 2150 3643 2222 qui

1996 2234 2143 2307 pluit
2172 2235 2457 2290 Dominus
2489 2239 2624 2291 est:
2674 2235 2798 2293 Non
2847 2239 2934 2291 est
2981 2236 3157 2303 enim,
3210 2238 3289 2292 ait
3337 2237 3640 2310 propheta,

1995 2325 2096 2397 qui
2130 2325 2314 2396 pluat,
2346 2325 2502 2380 sicut
2532 2329 2593 2380 tu
2624 2326 2689 2379 ⁵⁵.
2741 2326 2811 2380 Et
2863 2325 3078 2380 iterum
3132 2326 3202 2382 de
3253 2343 3500 2398 persona
3539 2329 3642 2385 Dei

1995 2413 2218 2470 dictum
2269 2418 2358 2470 est
2407 2430 2421 2468 :
2474 2416 2538 2469 Et
2584 2415 2780 2485 pluam
2834 2429 3002 2486 super
3057 2431 3226 2470 unum
3281 2419 3569 2474 civitatem
3624 2435 3644 2472 :

1993 2518 2157 2574 super
2185 2519 2358 2558 unam
2389 2511 2570 2559 autem
2609 2505 2892 2560 civitatem
2941 2519 3051 2558 non
3081 2503 3283 2573 pluam
3319 2524 3340 2559 ,ο
3375 2522 3509 2576 pars
3532 2523 3649 2562 una

1996 2594 2327 2663 irrigabitur
2347 2611 2365 2646 :
2385 2597 2436 2648 el
2451 2609 2602 2662 pars,
2634 2609 2797 2664 super
2817 2609 2978 2663 quam
3002 2609 3110 2649 non
3125 2595 3559 2665 pluero,arcscet
3580 2598 3643 2650 ⁸⁷.

1994 2682 2199 2737 Sanxit
2229 2681 2504 2736 nimirum
2554 2681 2710 2737 Deus
2740 2682 2952 2747 bonus,
2985 2699 3056 2738 ne
3096 2683 3368 2754 irrigetur
3398 2685 3646 2740 deterio-

1996 2787 2125 2825 rum
2184 2787 2340 2841 pars,
2391 2774 2456 2824 ut
2504 2771 2563 2824 in
2626 2786 2694 2825 ea
2747 2771 3011 2842 germina
3040 2773 3356 2828 exareﬁant
3385 2773 3642 2828 malitiae.

1998 2860 2306 2930 Perspicua
2355 2875 2595 2914 sensum
2665 2858 2930 2913 exhibuit
2985 2859 3124 2916 dicti
3185 2860 3382 2931 hujus,
3434 2877 3647 2934 nempe

1995 2949 2222 3003 vineam
2274 2945 2546 3003 Israelem
2595 2947 2807 3016 vocari,
2841 2947 2934 3002 cui
2979 2953 3036 3003 et
3083 2965 3210 3019 quae
3260 2950 3646 3020 praenuntiata

1997 3041 2137 3092 sunt
2165 3040 2224 3091 et
2256 3035 2548 3105 praedicta,
2581 3039 2856 3091 eventura
2887 3051 3015 3091 esse
3048 3037 3358 3094 minitatus
3388 3043 3497 3094 est.

253 3122 500 3198 βούλημα
533 3126 650 3198 (9i)
678 3129 775 3180 τοῦ
806 3123 996 3200 λόγου,
1029 3123 1110 3180 ὅτι
1142 3122 1439 3198 ἀμπελῶνα
1465 3125 1556 3179 τὸν
1590 3123 1808 3199 Ἰσραὴλ
1843 3122 2014 3200 λέγει,
2045 3123 2169 3198 περὶ
2199 3125 2258 3178 ’ὸν
2289 3124 2606 3196 γενήσεσθαι
2637 3122 2703 3178 τὰ
2731 3121 3126 3199 ἰπαγγελθὲντα
3153 3124 3243 3179 καὶ
3273 3125 3647 3202 προειρημένα

249 3212 437 3282 ἧπείλη
443 3235 533 3268 ται
544 3259 558 3272 .

312 3306 431 3360 149.
491 3302 597 3358 Καὶ
654 3300 938 3380 ἄνθρωπος
1009 3306 1106 3358 τοῦ
1179 3299 1376 3371 Ἰούδα,
1447 3302 1708 3380 τεόφυτον
1756 3305 1887 3379 ἠγα-

2077 3304 2198 3360 149.
2244 3305 2308 3360 Et
2355 3303 2511 3361 homo
2558 3305 2724 3374 Iuda,
2765 3303 2987 3360 novella
3029 3306 3232 3376 planta
3278 3306 3498 3364 dilecta.
3532 3308 3650 3378 Ap-

251 3392 510 3465 πημὲνον.
547 3393 782 3467 Διῃρέοη
826 3395 862 3462 ἡ
923 3392 1264 3468 προσηγορίᾳ
1318 3396 1415 3446 τοῦ
1471 3387 1666 3447 Ἰακὼϐ
1698 3392 1773 3454 εἷς
1803 3392 1894 3446 τὸν

248 3479 462 3553 Ἰσραὴλ
523 3480 618 3536 καὶ
677 3477 905 3552 Ἰούδαν,
963 3482 1226 3556 πρότερον
1291 3479 1384 3552 μὲν
1446 3479 1533 3535 ἐπὶ
1589 3485 1686 3535 τοῦ
1710 3477 1896 3552 Δαδίδ,

247 3569 379 3638 μετά
402 3571 508 3640 τὴν
541 3569 802 3639 τελευτὴν
833 3567 930 3624 τοῦ
958 3569 1164 3639 Σαοὺλ,
1226 3570 1570 3646 μερισθέντος
1611 3561 1708 3624 τοῦ
1756 3569 1892 3624 λαοῦ

244 3654 320 3719 εἷς
347 3658 440 3714 τὸν
469 3660 592 3714 υἱὸν
624 3658 804 3714 Σαοὺλ
835 3659 925 3713 καὶ
955 3659 1047 3713 τὸν
1080 3653 1267 3714 Δαϐὶδ⁶
1328 3657 1546 3733 ὕστερον
1594 3655 1651 3713 δὲ
1680 3658 1767 3712 ἐπὶ
1797 3662 1892 3714 τοῦ

248 3742 510 3822 Ῥοϐοάμ,
575 3746 664 3803 ὅτε
719 3743 1009 3824 Ἱεροὸοὰμ
1066 3747 1333 3818 ἀπέστησε
1387 3749 1483 3803 τὰτ
1535 3745 1664 3803 δέκα
1719 3747 1893 3826 φυλάς

238 3836 350 3898 υἱὸς
409 3833 629 3907 Νάϐατ,
685 3838 744 3899 ὃς
777 3836 1043 3912 ἐξήμαρτε
1070 3838 1162 3892 τὸν
1195 3835 1436 3912 Ἰσραήλ.
1487 3838 1586 3892 Διὰ
1612 3842 1772 3892 τοῦτο
1802 3839 1889 3892 καὶ

241 3928 329 3978 νῦν
375 3923 591 3991 διπλῆς
638 3925 798 4001 ἔτυχε
850 3933 953 3995 τῆς
1005 3926 1398 4002 προσηγορίας.
1459 3926 1710 3980 Φαίνεται
1736 3923 1794 3980 δὲ
1836 3925 1895 3979 ἐκ

235 4020 330 4082 τῆς
382 4014 661 4092 τετάρτης
687 4020 794 4069 τῶν
827 4013 1126 4071 Βασιλειῶν
1179 4014 1362 4070 πλεῖον
1413 4016 1668 4090 ἁμαρτὼν
1718 4017 1828 4087 (95)
1863 4015 1892 4068 6

240 4101 487 4176 Ἰσραήλ,
543 4101 631 4158 διὸ
677 4103 767 4158 καὶ
817 4103 1009 4179 τάχιον
1059 4101 1490 4180 ᾐχμαλωτίσθη.
1549 4103 1644 4158 Καὶ
1700 4103 1753 4158 ἐν
1814 4108 1894 4176 τῷ

239 4190 499 4262 Ἰεζεκιήλ
559 4190 904 4264 ἐννενήκοντα
955 4193 1048 4266 μὲν
1086 4191 1175 4248 καὶ
1216 4198 1361 4268 τρεῖς
1544 4194 1745 4267 ἡμέραι
1805 4191 1889 4246 ἐπὶ

234 4283 335 4334 tim
401 4283 694 4356 ἁμαρτιῶν
751 4285 851 4336 τοῦ
910 4281 1132 4356 Ἰσραὴλ
1190 4282 1579 4358 ἀριθμοῦνται,
1636 4280 1893 4357 τεσσαρά-

233 4388 391 4426 κοντα
424 4369 488 4426 δὶ
522 4371 614 4426 ἐπὶ
644 4375 741 4425 τοῦ
772 4368 968 4428 Ἰούδα.
1002 4371 1099 4425 Διὰ
1126 4375 1287 4426 τοῦτο
1313 4371 1403 4425 καὶ
1453 4370 1677 4434 ἐνταῦθα
1723 4371 1751 4424 ὁ
1796 4371 1891 4444 μὲν

234 4457 620 4538 ἀκανθυφόρος
651 4459 914 4534 άμπελὼν
973 4460 1119 4521 οίκος
1169 4463 1268 4515 τοῦ
1327 4457 1546 4534 Ἰσραὴλ
1589 4460 1813 4535 γίνεται,
1863 4459 1891 4514 ὁ

236 4543 288 4600 δὲ
335 4550 436 4604 τοῦ
500 4546 685 4606 Ἰούδα
714 4546 1016 4624 ἅνθρωπος,
1048 4547 1227 4604 ούκὲτι
1275 4549 1558 4621 άμπεΑὼν,
1603 4547 1747 4604 ἀλλᾶ
1775 4549 1891 4604 νεό-

2006 3392 2243 3464 pellatio
2272 3393 2452 3449 Jacob
2483 3393 2794 3465 dispertita
2813 3398 2903 3448 est
2933 3393 2990 3448 in
3025 3392 3297 3450 Israelem
3329 3399 3385 3450 et
3410 3394 3648 3451 Judam.

2005 3486 2151 3537 Nam
2184 3481 2443 3554 primum
2475 3483 2708 3552 quidem
2760 3482 2977 3540 Davide
3017 3486 3150 3554 post
3179 3482 3372 3540 Saulis
3403 3488 3651 3540 mortem

2001 3576 2280 3643 regnante
2309 3570 2532 3626 divisus
2563 3576 2653 3627 est
2672 3571 2926 3642 populus
2953 3572 3010 3626 in
3043 3571 3231 3627 lilium
3253 3572 3447 3628 Saulis
3475 3576 3534 3628 et
3561 3572 3650 3643 ip-

2001 3677 2134 3716 sum
2158 3659 2337 3716 David
2368 3660 2414 3695 ⁸³
2446 3676 2458 3715 :
2493 3664 2698 3730 postea
2727 3676 2859 3715 vero
2891 3661 2999 3715 sub
3050 3661 3330 3728 Roboam,
3359 3677 3475 3731 quo
3506 3665 3650 3717 tem-

2003 3765 2139 3820 pore
2165 3749 2473 3803 Jeroboam
2522 3747 2680 3803 ﬁlius
2713 3748 2915 3814 Nubat,
2959 3765 3074 3820 quo
3127 3754 3360 3804 auctore
3391 3749 3649 3820 peccavit

2005 3837 2395 3904 lsrael,tribus
2417 3837 2616 3892 decem
2636 3837 2705 3892 ad
2729 3836 3113 3892 defectionem
3137 3837 3648 3908 impulit5’.Quare

2001 3927 2326 3983 etiamnum
2348 3924 2640 3994 duplicem
2666 3929 2912 3980 sortttur
2928 3925 3648 3998 appellationem.Constat

2002 4020 2196 4072 autem
2226 4031 2295 4069 ex
2325 4018 2529 4084 quarto
2550 4017 2884 4085 Regnorum
2916 4013 3062 4069 libro
3090 4014 3343 4086 amplius
3375 4029 3647 4086 peccasse

2002 4103 2294 4170 Israelem,
2323 4103 2478 4158 unde
2497 4102 2669 4157 citius
2699 4117 2932 4174 quoque
2962 4103 3251 4159 deductus
3275 4106 3363 4158 est
3386 4102 3444 4157 in
3467 4103 3647 4174 capti-

2001 4193 2258 4248 vitatem.
2320 4193 2389 4247 Et
2441 4191 2500 4246 in
2523 4191 2838 4262 Ezechiele,
2872 4207 2974 4262 pro
3006 4193 3257 4263 peccatis
3310 4191 3508 4260 Israel,
3541 4209 3649 4248 no-

2001 4281 2236 4352 naginta
2266 4284 2384 4336 tres
2413 4279 2540 4336 dies
2571 4285 2991 4349 numerantur;
3026 4297 3129 4352 pro
3152 4281 3316 4337 Judae
3349 4298 3480 4337 vero
3511 4298 3648 4354 pec-

2001 4371 2170 4440 catis,
2208 4370 2599 4441 quadraginta
2626 4371 2692 4425 ⁸ο.
2743 4372 3109 4442 Quapropter
3159 4374 3216 4426 et
3246 4370 3339 4426 his
3368 4370 3651 4443 spinifera

2000 4460 2238 4532 quidem
2272 4459 2442 4514 vinea
2491 4460 2701 4515 domus
2735 4458 2912 4514 Israel
2943 4464 3032 4515 est
3076 4475 3090 4514 :
3123 4463 3184 4515 at
3227 4460 3388 4515 ludas
3419 4462 3652 4542 domus,

2002 4548 2200 4614 homo,
2234 4564 2347 4602 non
2381 4552 2573 4614 vinea,
2608 4548 2707 4603 sed
2753 4545 2982 4602 novella
3031 4546 3248 4618 planta,
3280 4563 3655 4620 nequaquam

235 4657 423 4711 φατον,
457 4637 529 4694 ού
583 4637 1020 4712 κεχερσωμίνον,
1079 4637 1206 4694 ἀλλ’
1235 4638 1612 4711 ἠγαπημένον.
1643 4638 1736 4700 Τίς
1764 4634 1822 4692 δὲ
1869 4638 1887 4694 ἐ

2005 4635 2246 4707 inculta,
2280 4636 2382 4691 sed
2407 4635 2637 4691 dilecta.
2670 4634 2950 4701 Quisnam
2983 4651 3115 4692 vero
3153 4636 3231 4692 sit
3259 4635 3433 4692 homo
3464 4635 3562 4692 ille
3586 4651 3656 4691 ex

300 4794 344 4829 ⁸⁸
382 4793 568 4850 Deut.
599 4809 780 4863 χχχιι,
809 4797 864 4848 2.
965 4794 1010 4828 ⁶²
1040 4794 1184 4850 ibid.
1288 4794 1332 4829 ⁵³
1361 4793 1510 4850 Dan.
1560 4809 1646 4862 ιιι,
1695 4794 1783 4848 38.

1886 4793 1932 4828 ⁸⁴
1964 4792 2134 4848 Deut.
2182 4807 2381 4858 xxvm,
2427 4790 2518 4844 23.

2623 4789 2668 4824 ⁵³
2694 4789 2837 4845 ibid.
2870 4791 2959 4844 24.
3061 4790 3105 4824 ⁸⁸
3134 4791 3351 4847 Jerem.
3400 4807 3514 4861 xxv,
3561 4792 3653 4846 22.

233 4865 272 4898 ⁸⁷
302 4873 523 4923 Amos.
558 4881 638 4937 Iv,
666 4868 725 4922 7.
764 4861 771 4863 “
801 4865 846 4900 ⁸⁸
877 4865 923 4920 II
956 4865 1095 4938 Reg.
1130 4882 1194 4932 ιι,
1230 4866 1315 4921 10.
1392 4867 1437 4901 δ’
1471 4864 1546 4921 llI
1578 4861 1716 4936 Reg.
1749 4881 1852 4934 x11,
1881 4868 1887 4918 1

2048 4865 2094 4899 ⁶⁰
2124 4861 2325 4918 Ezech.
2360 4878 2436 4928 IV,
2467 4862 2523 4927 5,
2553 4861 2607 4914 6.

296 5022 418 5091 (92)
455 5020 640 5089 Editi,
673 5017 842 5075 Ὡσεί.
882 5024 957 5075 At
1005 5020 1486 5092 quinquermss"
1516 5019 1625 5080 Ὦς.
1659 5020 1775 5092 Nec
1823 5019 1908 5075 ita

235 5093 424 5148 multo
458 5093 621 5168 intra
649 5092 791 5168 editi
821 5096 880 5148 et
909 5091 1064 5150 unus
1087 5091 1225 5164 mel,
1249 5091 1303 5145 αἱ
1335 5091 1603 5168 οὐράνιοι.
1636 5091 1739 5148 Alii
1767 5109 1904 5164 qua-

233 5169 388 5227 tuor,
429 5164 492 5217 αἱ
529 5161 795 5236 οὐράνιαι.

300 5237 419 5309 (93)
453 5232 639 5309 Apud
673 5235 808 5309 LXX
835 5239 892 5309 et
929 5236 988 5291 in
1041 5236 1230 5292 tribus
1281 5252 1427 5292 mss.
1474 5235 1709 5309 legitur,
1743 5232 1903 5309 ούρα-

232 5306 322 5369 νός
353 5308 410 5378 ό.
446 5308 577 5364 Ηοο
605 5308 736 5378 ipso
766 5308 827 5363 in
860 5307 983 5378 loco
1024 5310 1209 5364 nostri
1249 5325 1394 5364 mss.
1429 5323 1634 5363 omnes
1667 5306 1903 5378 habent,

231 5375 517 5468 κεφαλῆς,
574 5375 750 5447 Editi,
797 5377 1061 5456 κεφαλήν.
1110 5380 1319 5436 Statim
1371 5381 1486 5436 duo
1538 5397 1704 5447 mss.,
1756 5377 1902 5432 ὑετὸν

236 5471 404 5504 meo
434 5470 570 5518 της.

235 5523 440 5647 λέῗέ
461 5521 628 5577 Libri
675 5526 919 5590 veteres,
972 5521 1037 5576 τὸ
1099 5518 1382 5597 βούλημα.
1429 5521 1604 5590 Editi,
1652 5519 1717 5574 τὸ
1778 5517 1906 5594 βού-

478 5663 665 5736 Εάίίίθ
725 5665 1004 5738 ἀμαρτιῖν.
1063 5669 1138 5721 At
1193 5664 1458 5738 quinque
1516 5681 1683 5736 mea,
1731 5662 1906 5737 ἀμαρ-

237 5753 366 5794 των.

549 5863 812 5928 Ρλτιιοι.
861 5865 976 5927 Gn.
1018 5862 1205 5926 XXX.

2088 5017 2200 5089 (96)
2235 5021 2446 5072 Putare
2476 5033 2537 5070 se
2569 5016 2649 5071 ait
2679 5017 3083 5086 Combcﬁsius,
3119 5017 3282 5088 illud,
3316 5015 3662 5088 ἐννενήκοντα

2012 5090 2102 5143 καὶ
2148 5093 2313 5161 τρεῖς.
2366 5090 2680 5159 Nonaginta
2731 5094 2860 5159 tres,
2898 5092 3240 5144 tuendosum
3291 5105 3440 5161 esse,
3474 5108 3579 5147 nec
3626 5108 3662 5150 a

2015 5160 2228 5216 Basilio
2262 5163 2582 5232 profectum
2611 5177 2624 5214 :
2650 5162 2820 5232 cujus
2843 5178 2949 5216 nos
2971 5162 3195 5232 judicio
3226 5160 3660 5219 subscribimus

2014 5234 2173 5290 haud
2206 5231 2416 5304 inviti:
2450 5233 2551 5288 sed
2591 5233 2663 5304 ab
2703 5231 2832 5304 ipso
2877 5231 3282 5300 dissentimus,
3317 5235 3376 5289 in
3404 5251 3471 5290 eo
3502 5233 3657 5303 quod

2016 5304 2249 5376 culpam
2274 5303 2500 5377 (derivet
2540 5304 2598 5358 in
2643 5303 2972 5375 librarium,
3006 5324 3112 5362 nos
3161 5308 3218 5361 in
3269 5308 3460 5377 ipsum
3489 5309 3658 5359 Com—

2017 5375 2287 5433 mentarii
2325 5375 2680 5449 scriptorem
2717 5394 2740 5449 :4
2764 5392 2936 5449 quem
2969 5394 3002 5430 a
3037 5378 3244 5432 Basilio
3282 5375 3472 5449 alium
3505 5392 3658 5446 esse,

2013 5465 2083 5503 ex
2115 5448 2450 5504 Prat'atione
2480 5447 2797 5503 constabit.
2837 5448 3001 5502 Hunc
3034 5448 3348 5503 Ezechielis
3379 5449 3571 5503 locum
3601 5453 3661 5503 et

2016 5521 2181 5575 docte
2233 5525 2290 5576 et
2335 5520 2569 5590 copiose
2615 5519 3460 5590 interpretansHieronymus,
3490 5520 3659 5575 docet

2015 5591 2338 5647 Bibliorum
2370 5589 2728 5663 exemplaria
2747 5589 2997 5663 multum
3022 5589 3176 5663 inter
3202 5589 3654 5663 se’discrepare;

2018 5664 2187 5734 cujus
2215 5663 2393 5718 verba
2421 5659 2559 5718 cum
2587 5661 2898 5734 prolixiora
2927 5659 3066 5731 sint,
3091 5661 3301 5718 referre
3332 5661 3519 5730 nolui;
3551 5661 3656 5717 aed

2016 5733 2235 5791 fontem
2266 5734 2463 5806 ipsum
2495 5733 2670 5792 adeas
2699 5733 2939 5791 suadeo.

3310 5859 3384 5922 12
