4130 6210
492 441 608 502 363

1434 441 1829 501 APPENDIX
1875 433 2202 499 OPERUM
2245 437 2310 498 S.
2357 431 2632 498 BASILIl
2678 437 2950 500 MAGNI.

3777 441 3905 500 364

493 574 646 631 Juda
678 573 988 643 oriundus,
1020 573 1135 630 vita
1165 573 1389 630 ﬂorenti
1426 573 1705 646 praeditus
1736 589 1801 627 ac
1829 586 1959 629 vere
1990 569 2125 624 dile-

2245 565 2296 636 ἐξ
2329 565 2504 624 Ἰούδα
2562 566 2847 630 ἀνατείλας
2879 569 3179 644 ἅνθρωπος,
3240 567 3497 641 ἀκμάζων
3528 571 3597 643 τῇ
3632 573 3745 643 ζωῇ
3798 571 3896 625 καὶ

495 669 647 734 ctus,
679 664 847 720 facile
876 667 1144 737 cognosci
1177 669 1366 736 potest
1395 663 1672 735 aquovis,
1708 663 1809 735 qui
1837 661 1976 718 talia
2005 677 2134 716 con-

493 752 765 826 templari
805 754 1030 808 noverit
1062 770 1073 807 :
1107 755 1439 824 Exspectan
1486 755 1547 807 ut
1583 753 1787 822 faceret
1805 749 2086 820 judicium
2115 765 2134 802 :

495 845 625 914 fecit
655 846 846 898 autem
875 843 1248 913 iniquitatem,
1269 845 1321 897 et
1349 858 1464 896 non
1485 843 1782 913 justitiam,
1814 840 1916 895 sed
1938 840 2136 894 clamo-

495 948 628 988 rem.
687 931 828 986 Cum
872 931 1040 1000 juxta
1091 929 1487 997 Salomouem,
1539 930 1901 998 Cogitationes
1953 928 2133 998 justo-

495 1038 620 1078 rum
649 1020 770 1076 sint
787 1018 1004 1091 judicia
1036 1018 1101 1088 “,
1142 1017 1393 1090 exigitur
1421 1035 1452 1073 a
1493 1018 1684 1085 nobis,
1720 1024 1783 1072 ut
1811 1033 1942 1072 cum
1969 1014 2134 1086 judi-

497 1108 584 1164 cio
618 1106 902 1162 faciamus
933 1104 1150 1172 omnia,
1192 1105 1336 1160 nihil
1378 1122 1510 1162 vero
1551 1105 1693 1162 citra
1716 1104 2031 1176 judicium.
2064 1104 2136 1158 Et

499 1195 730 1268 quidem
762 1194 941 1251 vitam
974 1195 1099 1252 sine
1131 1195 1356 1266 judicio
1395 1200 1454 1252 ct
1483 1194 1912 1250 inconsiderate
1942 1198 2131 1248 actam

497 1283 852 1340 comitantur
897 1283 1255 1354 iniquitates.
1291 1287 1434 1338 Nam
1467 1282 1568 1354 qui
1601 1282 1840 1338 minime
1871 1281 2136 1352 sequitur

492 1377 709 1430 rectam
741 1373 1049 1440 rationem,
1075 1372 1421 1443 uecjudicat
1442 1372 1580 1443 quid
1605 1373 1895 1443 agendum
1929 1370 2135 1442 sit,aut

495 1477 609 1518 non
640 1462 932 1535 agendum
964 1476 1033 1516 ex
1063 1461 1200 1516 data
1225 1460 1372 1533 legis
1396 1460 1672 1533 regula,is
1703 1465 1895 1533 putrat
1920 1459 2133 1531 iniqui-

493 1555 672 1607 tatem
705 1567 718 1606 :
753 1567 859 1606 nec
886 1549 1021 1605 facit
1042 1549 1358 1620 justitiam,
1378 1550 1478 1605 sed
1499 1549 1790 1618 clamoris,
1817 1548 2132 1604 tumultus-

491 1655 605 1711 que
633 1642 690 1695 et
718 1637 1080 1694 confusionis
1127 1641 1216 1692 est
1259 1641 1479 1693 auctor.
1529 1637 1918 1701 Quamobrem
1967 1635 2133 1706 quies

491 1744 694 1785 eorum
727 1728 828 1799 qui
851 1725 1200 1797 judicantur
1244 1726 1463 1796 judicia
1489 1727 1656 1798 justa
1683 1725 1968 1798 sequitur,
1997 1741 2130 1781 cum

489 1832 558 1874 ea
589 1833 714 1889 que
743 1817 972 1872 decreta
991 1819 1152 1881 sunt,
1173 1816 1466 1871 constanti
1487 1814 1915 1888 tranquilloque
1936 1815 2132 1872 animo

488 1905 781 1978 excipiant
811 1921 824 1960 :
859 1909 1060 1961 contra
1085 1903 1328 1976 clamor,
1359 1905 1771 1976 tumultusque
1814 1905 2132 1961 seditiosus

488 2011 713 2062 eorum,
748 1994 846 2066 qui
879 1994 952 2050 ob
1002 1992 1353 2064 injustitiam
1404 1993 1762 2066 indignatur,
1795 1993 2014 2064 judicia
2042 1994 2130 2049 in-

481 2086 647 2156 justa
663 2083 995 2140 comitatur.
1019 2083 1103 2138 Ad
1130 2083 1285 2138 hunc
1313 2087 1507 2138 autem
1531 2083 1841 2138 clamorem
1875 2084 2029 2154 quod
2054 2087 2135 2138 at-

486 2175 658 2246 tinet,
707 2172 1013 2245 Apostolus
1053 2171 1229 2228 etiam
1279 2173 1575 2240 admonet,
1625 2172 1827 2228 dicens
1875 2189 1887 2225 :
1945 2174 2133 2228 Omnis

487 2261 636 2321 485
697 2262 911 2318 clamor
958 2270 1011 2316 et
1069 2261 1334 2316 tumultus
1391 2262 1624 2316 tollatur
1688 2277 1727 2316 (ι
1785 2261 1950 2331 vobis,
2009 2278 2132 2316 cum

483 2353 639 2408 omni
664 2352 887 2407 malitia
927 2351 994 2404 ⁶².
1045 2351 1148 2404 Est
1177 2353 1372 2404 autem
1407 2353 1462 2404 et
1491 2349 1711 2405 clamor
1741 2351 1949 2420 bonus,
1984 2367 2131 2422 qua-

483 2440 598 2498 lem
630 2445 794 2496 stans
826 2441 882 2494 in
909 2438 1126 2510 templo
1149 2439 1418 2495 Christus
1468 2439 1666 2494 emisit
1690 2441 1774 2505 ⁶³;
1809 2439 1966 2511 quali
1990 2457 2133 2496 usus

485 2533 573 2586 est
604 2534 660 2586 et
689 2529 891 2596 David,
924 2546 1057 2584 cum
1103 2529 1321 2583 diceret
1362 2545 1374 2582 :
1435 2531 1562 2584 Voce
1592 2545 1710 2584 mea
1741 2529 1810 2583 ad
1843 2531 2133 2584 Dominum

483 2618 731 2674 clamavi
757 2619 823 2673 “.
848 2618 964 2673 Nec
995 2617 1316 2689 quidquam
1348 2623 1440 2673 est
1469 2619 1622 2681 miri,
1657 2618 1702 2672 si
1734 2618 1887 2673 idem
1924 2635 2132 2674 nomen

484 2709 556 2764 ad
589 2724 681 2764 res
713 2707 1034 2763 contrarias
1057 2707 1450 2778 designandas
1475 2706 1549 2762 sit
1583 2711 1950 2779 usurpatum,
1975 2708 2022 2763 si
2055 2711 2140 2764 vi-

482 2793 693 2850 delicet
705 2793 876 2849 modo
889 2797 947 2848 tu
959 2791 1322 2847 multuosum
1337 2793 1638 2864 quidpiam
1654 2799 1711 2849 et
1723 2799 1782 2849 tu
1794 2794 2131 2851 rbulentum

480 2883 789 2956 signiticet,
815 2881 987 2938 modo
1016 2898 1149 2938 vero
1180 2881 1359 2937 altam
1384 2897 1775 2954 magnamque
1805 2882 2129 2940 caelestium

482 2972 824 3045 dogmatum
873 2987 1094 3027 vocem.
1143 2971 1405 3026 Profecto
1453 2970 1513 3026 in
1566 2971 1836 3042 praesenti
1875 2972 2130 3029 dictione

480 3059 702 3117 clamor
729 3075 864 3116 cum
893 3076 958 3116 eo
990 3058 1089 3132 qui
1119 3076 1152 3114 a
1181 3059 1452 3116 Sodomis
1481 3064 1539 3115 et
1577 3060 1902 3116 Gomorrha
1926 3077 2126 3118 ascen-

478 3149 567 3207 dit
592 3148 659 3218 ",
689 3148 1033 3206 afﬁnitatem
1064 3147 1258 3204 habet.

550 3255 675 3311 450.
715 3259 881 3310 Vaas.
913 3255 1061 3310 8-10.
1101 3259 1214 3320 γάρ,
1247 3254 1342 3324 qui
1377 3255 1720 3325 conjungunt
1749 3257 1971 3312 domum
1999 3275 2124 3314 cum

479 3343 656 3414 domo,
679 3349 732 3399 et
759 3343 1054 3412 agrumad
1083 3359 1280 3413 agrum
1301 3343 1672 3410 admovenl,ut
1689 3365 1724 3399 ιι
1751 3349 2004 3414 proximo
2025 3365 2122 3402 uu-

480 3434 665 3505 [erant
684 3430 924 3503 aliquid.
947 3431 1210 3502 Nunquid
1232 3430 1549 3486 habitabilis
1563 3433 1668 3487 soli
1686 3449 1859 3505 super
1880 3443 2085 3490 terram
2103 3439 2128 3488 .9

482 3521 683 3577 Audita
715 3521 863 3575 enim
878 3529 1005 3575 sunt
1023 3519 1137 3575 haec
1160 3521 1218 3574 in
1240 3520 1467 3574 auribus
1489 3521 1703 3576 Domini
1723 3522 2126 3579 Sabaoth.Nam

482 3612 536 3666 ei
560 3611 770 3680 fuerint
796 3608 988 3664 domus
1015 3609 1240 3670 multa;
1298 3611 1356 3664 in
1387 3609 1661 3665 desertum
1697 3620 1882 3678 erunt,
1911 3629 2126 3683 magna

483 3707 538 3756 et
561 3698 828 3771 pulchra",
851 3703 906 3754 et
934 3716 1046 3752 non
1079 3706 1242 3753 erunt
1264 3700 1361 3768 qui
1379 3698 1622 3754 habitent
1649 3701 1712 3754 in
1740 3701 1836 3755 eis.
1861 3701 1959 3758 Ubi
1977 3703 2126 3756 enim

484 3793 789 3860 operantur
807 3787 986 3844 decem
1004 3788 1136 3857 iuga
1167 3787 1517 3857 boum/aciei
1547 3788 1901 3859 lagunculam
1929 3807 2122 3847 uuam.

485 3878 549 3933 Et
598 3879 694 3948 qui
738 3879 976 3933 seminat
1025 3877 1248 3932 artabas
1293 3892 1407 3944 sex,
1455 3877 1621 3948 faciet
1669 3895 1950 3934 mensuras
1986 3887 2123 3936 tres.

481 3965 776 4023 Deﬂentur
806 3982 962 4022 nunc
993 3965 1053 4037 ii,
1088 3967 1185 4038 qui
1230 3966 1399 4038 plura
1447 3966 1943 4038 concupiscentes,
1995 3986 2122 4041 qua

477 4060 618 4113 sunt
649 4055 1382 4128 proximorum,resecant;
1404 4055 1503 4127 qui
1527 4073 1713 4128 neque
1734 4058 1858 4113 suis
1891 4058 2124 4130 prtediis

477 4145 600 4200 ruri
631 4144 762 4201 sitis
792 4160 980 4215 neque
1023 4144 1148 4200 suis
1197 4143 1577 4199 facultatibus
1621 4146 1778 4200 domi
1808 4147 2124 4203 reconditis

477 4233 754 4304 contenti,
777 4233 878 4288 sed
901 4232 958 4287 in
982 4233 1138 4304 agris
1164 4233 1453 4288 metandis
1477 4233 1797 4288 vicinorum
1840 4236 1985 4289 lines
2018 4235 2122 4290 im-

473 4322 773 4387 vadentes,
805 4336 1059 4392 suosque
1098 4321 1616 4392 transgredientes,
1667 4328 1724 4376 et
1771 4322 2120 4380 interclusas

473 4410 802 4466 vicinorum
834 4409 1040 4464 domos
1089 4407 1199 4464 sibi
1232 4410 1613 4478 ascribeutes,
1647 4409 1977 4482 inexplebili
2011 4431 2119 4470 sua

473 4497 720 4554 avaritia
750 4497 811 4553 in
843 4501 1160 4570 angustum
1193 4497 1396 4566 coacti,
1451 4498 1508 4552 in
1559 4499 1683 4554 suis
1731 4517 1859 4556 sese
1904 4502 2117 4559 finibus

471 4587 768 4644 continere
799 4585 1042 4642 minime
1085 4592 1333 4658 possunt
1365 4603 1376 4642 :
1413 4587 1554 4658 quin
1603 4593 1660 4644 et
1705 4590 1968 4659 specioso
2017 4591 2115 4648 illo

2243 652 2517 726 ἀληθινῶς
2569 658 2684 729 (97)
2717 655 2974 733 ὑπάρχων
3008 657 3307 733 ἀγαπητὸς,
3359 658 3423 712 ού
3456 656 3701 732 χαλεπὸν
3758 656 3894 715 ἰδεῖν

2241 748 2321 815 τῷ
2384 743 2728 817 ἐπισταμένῳ
2793 744 2860 800 τὰ
2931 743 3156 802 τοιαῦτα
3221 747 3467 822 θεωρεῖν.
3540 753 3769 820 ’Έμεινα
3803 746 3899 803 ἵνα

2243 835 2450 907 ποιήσῃ
2525 832 2726 908 κρίσιν,
2799 832 3022 905 ἐποίησε
3098 833 3155 890 δὶ
3230 834 3478 907 ἀνομίαν,
3554 836 3643 890 καὶ
3695 836 3758 891 ού
3816 834 3897 892 δι-

2243 921 2556 993 καιοσύνην,
2636 920 2781 976 ἀλλὰ
2844 925 3126 999 κραυγήν.
3214 925 3512 1001 Ἐπείπερ,
3589 929 3724 980 κατά
3797 926 3894 982 τὸν

2245 1009 2622 1082 Σολομῶντα,
2679 1012 2950 1086 Λογισμοὶ
3004 1010 3226 1068 δικαίων
3284 1013 3559 1088 κρίματαο
3635 1014 3898 1070 ἀπαιτού-

2247 1111 2382 1172 μεθα
2440 1103 2552 1173 (98)
2582 1101 2755 1156 πάντα
2800 1101 2973 1176 κρίσει
3023 1107 3217 1172 ποιεῖν,
3250 1103 3340 1157 καὶ
3402 1101 3570 1176 μηδὲν
3631 1104 3894 1176 ἀκρίτως.

2243 1191 2466 1246 ’Έπεται
2533 1191 2714 1262 μέντοι
2784 1193 2852 1264 τῇ
2901 1191 3106 1266 ἀκρίτῳ
3152 1191 3240 1246 καὶ
3286 1191 3613 1266 ἀνεξετάστῳ
3663 1197 3778 1268 ζωῇ
3825 1195 3899 1248 τὰ

2244 1276 2440 1352 ἄνομα.
2501 1279 2562 1336 Ὁ
2613 1279 2716 1354 γὰρ
2779 1279 2854 1352 μή
2886 1280 3152 1352 ἑπόμενος
3208 1302 3288 1352 τῳ
3344 1281 3492 1356 ὀρθῷ
3544 1279 3718 1358 λόγῳ,
3751 1280 3897 1356 μηδὶ

2241 1368 2438 1442 κρίνων
2491 1369 2552 1423 τὸ
2610 1368 2896 1442 πρακτέον,
2947 1368 3036 1423 καὶ
3092 1370 3168 1442 μὴ
3209 1371 3347 1425 κατά
3368 1371 3460 1426 τὸν
3494 1367 3783 1444 δεδομένον
3834 1371 3900 1427 ἐκ

2240 1461 2336 1511 τοῦ
2361 1456 2530 1530 νόμου
2559 1459 2778 1528 κανόνα,
2812 1457 3042 1532 ἀνομίαν
3082 1460 3188 1531 (99)
3238 1465 3406 1529 ποιεῖ,
3451 1459 3540 1513 καὶ
3572 1458 3633 1514 ού
3685 1457 3898 1515 δικαιο-

2243 1545 2408 1618 σύνης
2449 1545 2589 1602 ἰστίν
2619 1545 2873 1622 ἐργάτης,
2918 1545 3064 1602 ἀλλὰ
3107 1554 3345 1624 κραυγῆς
3392 1547 3482 1603 καὶ
3514 1544 3748 1624 θορύϐου
3803 1550 3900 1606 καὶ

2243 1635 2560 1711 συγχύσεως
2590 1632 2783 1698 αἷίτιος.
2821 1637 2967 1690 Διότι
2997 1642 3115 1699 τοῖς
3152 1638 3246 1711 μὶν
3290 1635 3523 1702 δικαίοις
3569 1637 3829 1712 κρίμασιν
3859 1643 3895 1709 ἡ

2241 1723 2448 1799 ἡσυχία
2479 1729 2583 1779 τῶν
2629 1723 2964 1798 κρινομένων
2995 1723 3311 1796 ἀκολουθεῖ,
3342 1725 3611 1789 εὐσταθῶς
3659 1726 3898 1784 καταδε-

2240 1814 2495 1889 χομὲνων
2547 1812 2614 1867 τὰ
2665 1812 2978 1887 ὀριζόμενα·
3027 1819 3145 1876 τοῖς
3195 1811 3251 1869 δὶ
3275 1811 3486 1878 ἀδίκοις
3535 1817 3748 1891 κραυγὴ
3797 1818 3894 1872 καὶ

2162 1934 2209 2000 Β
2243 1896 2473 1976 θόρυϐος
2549 1902 2964 1975 στασιαστικὸς,
3015 1901 3453 1980 ἀγανακτούντων
3528 1907 3603 1977 (1)
3671 1903 3760 1959 ἰπὶ
3815 1909 3892 1979 τῇ

2241 1989 2442 2063 ἀδικίᾳ.
2478 1994 2609 2064 Περί
2643 1988 2698 2045 δὲ
2727 1997 2830 2060 τῆς
2873 1993 3110 2067 κραυγῆς
3149 1993 3351 2062 ταύτης
3373 1991 3463 2048 καί
3493 1993 3521 2046 ὁ
3550 1991 3895 2055 ’Δπόστολος

2240 2084 2508 2155 παραινεῖ,
2577 2078 2791 2154 λέγων*
2873 2085 3022 2135 Πᾶσα
3091 2083 3298 2157 κραυγὴ
3358 2081 3446 2135 καὶ
3505 2077 3737 2155 θόρυϐος
3793 2082 3894 2157 ἀρ-

2242 2171 2392 2239 θήτω
2449 2169 2540 2244 ἀφ’
2598 2170 2776 2242 ὑμῶν,
2827 2168 2919 2224 σὺν
2969 2171 3115 2239 πάση
3171 2170 3348 2241 κακίᾳ.
3383 2171 3531 2226 Ἐστι
3565 2167 3620 2226 δέ
3667 2192 3752 2233 τις
3796 2172 3891 2226 καὶ

2239 2260 2450 2333 κραυγή
2495 2257 2695 2331 ἀστεία,
2757 2260 2816 2327 ἣν
2882 2260 2910 2312 ὁ
2968 2258 3162 2334 Κύριος
3233 2259 3398 2321 ἑστὼς
3458 2258 3512 2314 έν
3543 2262 3623 2334 (2)
3647 2265 3726 2332 τῷ
3757 2261 3896 2336 ἱερῷ

2240 2343 2474 2420 ἔκραξεν·
2543 2347 2580 2422 ᾖ
2608 2349 2698 2402 καὶ
2742 2342 2908 2424 Δαὸὶδ
2950 2347 3238 2424 ἐκέχρητο,
3292 2347 3491 2424 λέγων’
3552 2354 3719 2424 Φωνῃ
3785 2371 3894 2423 μου

2241 2437 2376 2510 πρὸς
2444 2437 2643 2512 Κύριον
2721 2437 3016 2512 ἐκέκραξα.
3077 2437 3173 2492 Καὶ
3235 2435 3388 2492 οὐδὲν
3449 2440 3776 2511 θαυμαστὸν,
3831 2440 3896 2495 τὸ

2243 2526 2370 2581 αὐτὸ
2403 2523 2578 2599 ὄνομα
2635 2525 2724 2581 ἰπὶ
2779 2533 2887 2581 τῶν
2947 2527 3197 2581 ἐναντίων
3227 2528 3506 2603 τετάχθαι,
3565 2527 3654 2582 καὶ
3686 2549 3897 2601 σημαι-

2241 2637 2347 2670 νειν
2379 2620 2470 2670 νῦν
2504 2617 2598 2688 μὲν
2630 2616 2691 2670 τὸ
2736 2613 3054 2692 ταραχῶδες
3103 2615 3192 2670 καὶ
3243 2611 3628 2690 σεσοϐημένον,
3681 2617 3772 2671 vim
3838 2615 3899 2672 δὲ

2239 2706 2301 2759 τὸ
2336 2704 2726 2783 μεγαλόφωνον
2758 2705 2848 2760 καὶ
2901 2703 3236 2783 μεγαλοφυὲς
3291 2710 3398 2759 τῶν
3467 2706 3734 2781 οὐρανίων
3799 2703 3896 2761 δο-

2239 2793 2481 2870 γμάτων.
2539 2795 2658 2851 Ἐπὶ
2698 2796 2877 2868 μέντοι
2902 2802 3002 2864 τῆς
3043 2793 3323 2869 παρούσης
3351 2793 3565 2866 λέξεως,
3598 2797 3633 2864 ἡ
3679 2797 3896 2871 κραυγὴ

2240 2886 2504 2958 συγγενής
2554 2883 2664 2938 ἐστι
2717 2887 2785 2957 τῇ
2836 2884 2942 2938 ἀπὸ
2993 2881 3255 2957 Σοδόμων
3306 2884 3396 2938 καὶ
3451 2882 3734 2960 Γομόρῥας
3769 2885 3899 2941 ἀνα-

2239 2969 2517 3047 ὄαινούσῃ.

2309 3260 2428 3314 150.
2483 3255 2617 3314 Ούαί
2679 3257 2730 3310 οἱ
2786 3257 3142 3319 συνάπτοντες
3212 3255 3386 3312 οἰκίον
3463 3257 3600 3332 πρὸς
3657 3255 3889 3327 οἷ’κίαν,

2234 3347 2320 3400 καὶ
2398 3345 2562 3420 ἀγρὸν
2635 3344 2770 3420 πρὸς
2845 3346 3005 3421 ἀγρὸν
3062 3344 3381 3422 ἐγγίζοντες,
3434 3343 3523 3400 ’ίνα
3578 3347 3668 3400 τὸν
3725 3346 3887 3417 πλη-

2234 3434 2346 3487 σίον
2404 3431 2710 3510 ἀφέλωνταί
2737 3454 2812 3489 τι.
2872 3435 2961 3503 Μὴ
3024 3433 3302 3505 οῒκήσεται
3340 3435 3498 3508 μόνοι
3529 3433 3614 3489 ἐπὶ
3644 3442 3743 3504 τῆς
3775 3440 3887 3511 γῆς

2231 3522 2505 3595 Ἠκούσθη
2571 3521 2671 3598 γάρ
2731 3521 2806 3583 εἷς
2849 3522 2916 3577 τὰ
2972 3524 3086 3578 ὦτα
3143 3524 3345 3598 Κυρίου
3405 3517 3635 3587 Σαϐαὼθ
3687 3529 3883 3582 ταῦτα.

2233 3611 2354 3666 Ἐὰν
2427 3611 2538 3686 γὰρ
2620 3611 2880 3684 γένωνται
2965 3610 3131 3666 οἷ’κίαι
3216 3610 3443 3683 πολλοὶ,
3514 3611 3591 3676 εἷς
3670 3608 3884 3687 ἔρημον

2235 3699 2490 3769 ἔσονται,
2556 3697 2783 3774 μεγάλαι
2844 3701 2920 3772 (3)
2977 3698 3066 3754 καί
3121 3698 3307 3769 καλαὶ,
3365 3701 3452 3755 καὶ
3517 3700 3616 3756 οὐκ
3663 3698 3882 3757 ἔσονται

2234 3789 2289 3844 οἱ
2342 3787 2677 3849 ἐνοικοῦντες
2733 3786 2785 3841 ἰν
2846 3787 3032 3851 αὐταῖς
3065 3832 3077 3844 .
3139 3785 3217 3845 Οὗ
3272 3789 3372 3866 γὰρ
3426 3788 3688 3864 ὲργῶνται
3751 3785 3888 3846 δέκα

2235 3877 2394 3954 ζεύγη
2461 3878 2626 3952 βοῶν,
2686 3878 2904 3946 ποιήσει
2963 3876 3221 3950 κεράμιον
3279 3875 3354 3934 ἲν.
3409 3879 3510 3935 Καὶ
3581 3877 3883 3951 ὁσπεὶρων

2233 3962 2470 4040 ἀρτάϐας
2525 3963 2600 4036 ἓξ,
2657 3967 2875 4035 ποιήσει
2941 3964 3107 4040 μέτρα
3163 3965 3305 4041 τρία.
3363 3964 3753 4036 Ταλανίζονται
3785 3971 3881 4022 νῦν

2233 4057 2284 4111 οἱ
2345 4053 2433 4110 διά
2483 4055 2584 4123 τήν
2638 4057 2734 4108 τοῦ
2764 4051 3017 4115 πλείονος
3067 4052 3355 4126 ἐπιθυμίαν
3404 4055 3472 4108 τὰ
3498 4059 3604 4108 τῶν
3634 4053 3881 4124 πλησίον

2230 4141 2700 4220 παρατεμνόμενοι
2760 4144 2853 4214 (4),
2903 4141 2992 4196 καὶ
3028 4144 3164 4215 μήτε
3213 4142 3274 4197 ἐν
3308 4143 3496 4219 ἀγροῖς
3542 4147 3661 4206 ταῖς
3703 4143 3880 4198 οἷ’κεί-

2229 4254 2313 4295 αις
2371 4231 2695 4308 ἀρκούμενοι
2770 4233 3012 4301 κτήσεσι,
3087 4228 3227 4304 μήδε
3300 4230 3353 4286 ἐν
3419 4237 3538 4294 ταῖς
3596 4232 3876 4302 οἰκήσεσιν

2230 4321 2556 4398 ἀρκούμενοι
2614 4325 2728 4382 τοῖς
2758 4321 2834 4393 (5)
2880 4321 3102 4390 ἑαυτῶν,
3162 4318 3307 4376 ἀλλὰ
3356 4321 3747 4395 παρορίζοντες
3784 4323 3881 4394 μὲν

2226 4411 2352 4474 τοὺς
2403 4409 2572 4473 πέλας
2597 4408 2650 4464 ἐν
2679 4412 2748 4482 τῇ
2799 4409 3212 4485 γεωργουμένη,
3261 4404 3879 4484 προσπεριϐαλλόμενοι

2229 4497 2285 4554 δὲ
2312 4500 2380 4554 τὰ
2409 4501 2516 4552 τῶν
2546 4496 2803 4571 γειτόνων
2839 4496 3138 4570 οἰκήματα,
3175 4497 3275 4552 ὑπὸ
3304 4504 3404 4567 τῆς
3432 4497 3633 4560 οἰκείας
3665 4497 3879 4554 πλεον-

2227 4588 2365 4659 εξίας
2423 4585 2949 4661 στενοχωρούμενοι,
3009 4588 3098 4640 καὶ
3159 4586 3329 4659 μένειν
3387 4586 3438 4642 ἂν
3469 4593 3590 4648 τοῖς
3645 4587 3882 4652 οἰκείοις

472 4680 753 4750 praetextu
770 4677 840 4733 ad
855 4675 1256 4733 exsatiandam
1269 4692 1432 4732 suam
1447 4678 1744 4734 avaritiam
1758 4681 2104 4750 abutuntur,

2239 4676 2362 4755 ἐροις
2396 4675 2494 4731 οὐκ
2525 4674 2871 4750 ἀνεχόμενοι,
2932 4673 3058 4731 ἀλλ’
3105 4673 3316 4750 εὐλόγῳ
3347 4672 3414 4745 δὴ
3447 4675 3614 4750 ταύτῃ
3643 4697 3878 4733 κατακε-

537 4857 581 4896 ⁶¹
612 4860 779 4914 Prov.
811 4871 911 4929 xu,
942 4855 997 4912 5.
1075 4854 1121 4890 θ’
1151 4853 1359 4927 Ephes.
1392 4872 1466 4928 ιν,
1499 4857 1587 4912 31.
1663 4859 1708 4894 ⁸³
1735 4858 1904 4916 Joan.
1935 4878 2033 4930 vn,
2063 4862 2125 4918 37

2239 4861 2275 4897 "
2306 4857 2459 4916 Psal.
2491 4873 2636 4928 CXLI,
2666 4857 2722 4910 2.
2798 4855 2843 4891 ⁸⁸
2871 4859 3011 4912 Gen.
3045 4871 3161 4924 xxx,
3196 4856 3284 4912 13.

535 5041 647 5126 (9:7)
676 5041 914 5114 Antiqui
965 5057 1063 5096 sex
1119 5039 1276 5106 libri,
1316 5039 1404 5093 καὶ
1463 5037 1757 5110 ἀληθινῶς.
1815 5042 1987 5113 Editi,
2017 5039 2108 5095 καὶ

466 5109 914 5256 ἁλῶἓωῗῖθιονοε
943 5187 1060 5239 tres
1088 5183 1246 5248 libri,
1279 5181 1651 5254 ἀπαιτούμεθα
1682 5180 1760 5238 δέ.

477 5325 483 5327 _
534 5186 829 5327 (99;_Editi
872 5271 1005 5311 eum
1066 5254 1255 5310 tribus
1311 5270 1478 5323 mss,
1537 5253 1760 5326 ἀνομίαν

534 5253 829 5328 (99)_Editi
872 5271 1005 5311 eum
1066 5254 1255 5310 tribus
1311 5270 1478 5323 mss,
1537 5253 1786 5326 ἀνομίαν.
1818 5255 1931 5312 Alii
1989 5259 2105 5312 tres

464 5324 834 5471 ἀῆἷῗτιῗέἑιιὶ
885 5414 1026 5454 mss.
1055 5413 1282 5471 ρωῐιθε,
1311 5389 1546 5471 “Ego:
1595 5407 2104 5471 στασιαστικοςν-¹²⁴’

458 5463 668 5543 mullus
715 5469 1019 5525 seditiosus.
1054 5469 1226 5534 Editi,
1261 5463 1512 5543 θόρυϐος,
1545 5474 1932 5530 στασιαστικῶς
1973 5463 2103 5543 ἀγα-

458 5541 828 5608 νακτούντων,
899 5545 1103 5612 quippe
1179 5541 1336 5611 quiu'
1396 5543 1722 5599 tumultuose
1799 5541 2102 5612 indignan-

631 5685 868 5770 Vetcres
897 5699 999 5739 sex
1024 5681 1396 5770 libij‘pos'tri,
1429 5680 1594 5747 ἑστὼς
1627 5682 1701 5741 ἐν.
1746 5685 1920 5758 Editi,
1951 5683 2099 5747 στάς.

456 5747 662 5813 Statim
692 5763 811 5812 tres
841 5771 1011 5823 mss.,
1044 5747 1210 5808 Δαϐὶδ
1242 5747 1529 5830 κέχρηται.

2291 5041 2367 5112 (3)
2397 5038 2766 5096 Cotbertinus
2818 5037 3066 5112 primus,
3117 5033 3327 5112 ἔσονται
3385 5034 3552 5112 οἰκίαι
3610 5037 3878 5112 μεγάλαι.

2219 5106 2391 5183 Illud,
2425 5113 2763 5184 quodnmox
2790 5106 3078 5184 sequitur,
3105 5110 3322 5178 ποιήσει
3353 5106 3620 5182 κερᾴμιον
3664 5106 3746 5178 ἓν,
3778 5113 3874 5168 in-

2217 5182 2546 5256 terpretans
2579 5182 2986 5256 Hieronymus,
3012 5182 3093 5237 ita
3122 5183 3366 5238 scribit:
3397 5184 3504 5256 Pro
3534 5184 3879 5256 laguncula,

2217 5254 2380 5326 quam
2411 5257 2512 5312 soli
2545 5255 2670 5309 LXX
2699 5254 3097 5309 transtulerunt
3126 5272 3147 5307 :
3177 5269 3362 5310 omne:
3401 5255 3512 5310 alii
3556 5254 3749 5310 butum
3779 5257 3876 5310 in-

2216 5329 2504 5400 terpretati
2551 5335 2748 5383 sunt...
2780 5327 2842 5380 In
2886 5326 3182 5400 eterilitate
3231 5342 3355 5398 ergo
3386 5326 3580 5400 nimia
3610 5342 3740 5397 qua:
3764 5343 3881 5400 ise-

2250 5396 2410 5456 uetur
2449 5400 2844 5469 captivitatem,
2873 5396 3054 5469 decem
3101 5396 3304 5468 iugera
3338 5396 3634 5454 vinearum
3656 5399 3879 5469 ﬁzcient

2250 5418 2410 5456 uetur
2449 5418 2512 5454 ca
2553 5418 2844 5463 lwualem,
2873 5418 3054 5451 αεεεγη
3101 5418 3120 5464 7

2215 5418 2424 5536 gutum,
2460 5418 2642 5536 idpest,
2675 5478 2783 5525 tres
2813 5468 3126 5540 amphorae.

2285 5543 2362 5683 (4)
2393 5541 2550 5624 Regii
2585 5543 2722 5606 duo,
2755 5537 3230 5614 περιτεμνόμενοι.

2285 5615 2340 5681 (5
2394 5613 2566 5679 Editi,
2619 5613 2872 5683 ταῖς.νΑῐ
2920 5629 3065 5668 mss.
3097 5616 3230 5667 nost

2285 5611 2362 5681 (5)
2394 5611 2566 5679 Editi,
2619 5613 2755 5675 ταῖς.
2802 5611 2872 5666 At
2920 5629 3065 5668 mss.
3097 5611 3281 5667 nostri
3332 5626 3557 5680 omnes,
3587 5615 3731 5672 τοῖςδ
3764 5612 3878 5669 ubi

2212 5681 2571 5740 arbitramur
2613 5682 2873 5757 suppleri
2914 5684 3127 5741 debere
3167 5683 3335 5753 illud,
3388 5681 3724 5756 ὑπάρχουσι,
3749 5687 3879 5743 sui:

2207 5755 2591 5828 facultatibus.

2233 5758 2333 5813 'acu
2344 5758 2591 5812 llalibue.
