4048 6220
245 437 345 496 365

1066 433 1474 498 COMMENT.
1517 436 1591 496 IN
1642 433 1910 496 ISAIAM
1955 433 2463 496 PROPHETAM.
2511 435 2681 497 CAP.
2731 437 2799 497 V.

3524 441 3641 504 366

247 585 508 640 χρημινοι
560 568 826 643 προφάσει
886 567 1022 642 πρὸς
1078 568 1178 635 τὴν
1229 563 1466 642 ἄμετρον
1530 564 1878 643 φιλογτημο-

1996 568 2147 638 quod
2179 567 2502 622 vicinorum
2553 569 2766 639 praedia
2809 571 3011 640 utpote
3057 569 3354 642 contigua,
3409 575 3468 626 et
3519 573 3644 630 suis

246 655 417 724 σῦνην,
447 659 526 726 τῷ
553 657 633 727 (6)
676 652 854 709 δοκεῖν
912 661 1162 730 προσεχῆ
1224 654 1312 708 καὶ
1372 657 1690 728 συνημμίνα
1751 657 1882 710 εἶναι

239 744 298 797 τὰ
345 749 454 798 τῶν
507 744 786 819 γειτόνων.
823 745 964 820 Πρὸς
1021 742 1112 806 οὓς
1169 742 1605 819 ἐλεγκτικώτατα
1654 746 1681 798 ὁ
1724 741 1886 819 λόγος

241 834 560 902 ἀπήντησεν,
623 831 836 887 εἰπών·
897 834 988 902 Μὴ
1049 833 1297 903 οἰκήσετε
1379 828 1536 906 μόνοι
1613 832 1701 888 ἐπὶ
1784 839 1883 902 τῆς

239 929 332 996 γῆς
359 942 373 991 ;
404 922 470 978 Ei.
499 921 598 997 γὰρ
632 923 716 976 ὅτι
760 923 954 997 γείτων
1010 923 1037 977 ὁ
1085 924 1184 992 τήν
1234 921 1511 998 ἐχομένην
1561 929 1664 997 γῆν
1711 943 1884 997 γεωρ-

239 1015 338 1084 γῶν
402 1013 756 1087 ἀφαιρεθῆναι
820 1009 1049 1082 δίκαιος,
1098 1010 1380 1083 δηλονότι,
1431 1010 1626 1066 τούτου
1681 1007 1883 1080 ἐκϐλη-

239 1101 435 1168 θέντος,
485 1097 669 1174 ἕτερός
721 1121 803 1154 σοι
855 1100 1020 1155 πάλιν
1071 1101 1265 1176 γείτων
1320 1101 1735 1178 ἀναφανήσεται,
1795 1102 1880 1155 καὶ

233 1189 287 1244 τὸ
312 1189 448 1244 αὐτό
481 1211 566 1243 σοι
599 1191 674 1262 (7)
707 1188 871 1244 πάλιν
906 1191 993 1244 καὶ
1023 1191 1158 1264 πρὸς
1187 1191 1386 1245 ἐκεῖνον
1441 1189 1618 1265 λέγειν
1651 1193 1685 1259 ἡ
1717 1188 1883 1244 πλεο-

235 1279 449 1346 νεκτικὴ
481 1275 680 1352 καρδία
718 1274 1044 1349 ὑποϐάλλει,
1079 1277 1309 1354 εὔλογον
1356 1276 1780 1334 ὑποδεικνύουσα
1811 1282 1884 1351 (8)

235 1368 358 1420 εἶναι
415 1371 643 1421 σεαυτοῦ
692 1370 1021 1438 ποιήσασθαι
1068 1369 1135 1422 τὰ
1182 1367 1572 1444 πλησιόχωρα.
1615 1370 1778 1424 ’Ὸταν
1829 1364 1886 1422 δὲ

231 1457 474 1518 κάκεῖνος
558 1456 869 1531 γυμνωθεὶς
950 1456 1160 1532 ἀπέλθῃ
1244 1463 1351 1513 τῶν
1435 1455 1608 1527 ἰδίων,
1656 1456 1744 1511 καὶ
1792 1457 1880 1532 γε·

228 1565 378 1615 νηται
447 1544 614 1620 μέρος
660 1552 759 1614 τῆς
803 1552 904 1616 σῆς
952 1548 1193 1616 στήσεως
1234 1548 1269 1614 ἡ
1315 1551 1412 1601 τοῦ
1460 1544 1647 1622 τρίτου
1704 1545 1883 1620 χώρα·

230 1634 384 1689 πάλιν
443 1631 620 1696 ἄλλος
673 1633 888 1709 γείτων,
921 1633 1086 1689 ἄλλαι
1137 1632 1388 1706 σπουδαὶ,
1436 1632 1733 1704 ἀποδιῶξαι
1789 1635 1883 1708 μὶν

225 1729 324 1778 τῶν
389 1723 758 1799 ὑπαρχόντων
811 1722 1037 1795 ἐκεῖνον,
1071 1725 1264 1779 ἑαυτοῦ
1324 1721 1382 1779 δὶ
1436 1725 1768 1795 ποιήσασθαι
1819 1723 1886 1778 τὰ

227 1817 313 1868 τοῦ
352 1814 618 1886 τετάρτου
674 1814 939 1888 γείτονος.
973 1813 1063 1876 Τίς
1121 1811 1212 1868 οὖν
1259 1811 1408 1868 ἔσται
1461 1835 1545 1868 σοι
1604 1812 1732 1887 ὅρος
1786 1819 1886 1881 τῆς

229 1901 511 1974 ἐπιθυμίας
570 1906 668 1956 τοῦ
724 1901 1012 1974 πλείονος;
1045 1903 1181 1978 Πυρὶ
1234 1903 1338 1978 γὰρ
1391 1900 1562 1956 ἔοικεν
1595 1904 1630 1971 ἡ
1691 1900 1881 1956 πλεον-

235 1992 412 2060 εκτικὴ
445 1987 662 2066 καρδία,
696 1989 785 2045 διὰ
813 1993 911 2060 της
956 1991 1252 2064 καιομένης
1307 1991 1446 2062 ὕλης
1498 1990 1876 2066 πορευομένῳ,

231 2080 314 2132 καί
344 2078 409 2133 τὰ
443 2079 534 2150 μὲν
571 2079 866 2156 φθείροντι,
897 2080 962 2134 τὰ
1021 2078 1078 2134 δὲ
1136 2079 1515 2157 ἐπερχομένῳ.
1550 2085 1728 2134 ’Ήπου
1780 2100 1876 2134 κα-

229 2168 387 2242 θάπερ
416 2173 518 2221 τοῦ
579 2168 912 2244 ἐμπρησμοῦ
971 2163 1150 2232 σϐἐσις
1202 2171 1473 2243 γίνεταιὴ
1523 2168 1723 2244 ἀπορία
1780 2171 1876 2238 τῆς

228 2253 371 2328 ὕλης,
409 2257 557 2312 οὕτω
610 2259 699 2312 καὶ
761 2259 862 2326 την
921 2257 1310 2327 πλεονεκτικήν
1356 2255 1578 2332 καρδίαν
1636 2257 1725 2312 καὶ
1781 2259 1873 2311 τὸν

224 2343 553 2421 ἀκλήρωτον
588 2345 872 2423 ὀφθαλμὸν
904 2346 1077 2402 ἐκεῖνο
1106 2346 1292 2417 ’ίστησι
1329 2347 1512 2420 μόνον,
1543 2347 1606 2401 τὸ
1668 2344 1875 2419 μηδένα

227 2429 360 2509 ἔχειν
390 2435 489 2490 τὸν
522 2435 942 2510 συνοριζόμενον
973 2441 1090 2497 τοῖς
1131 2439 1398 2508 κτήμασι.
1439 2435 1722 2512 Πόρῥωθεν
1781 2433 1872 2489 οὖν

225 2524 456 2596 ἰώμενος
473 2525 501 2578 ὁ
525 2522 694 2599 λόγος
707 2525 770 2578 τὸ
787 2526 977 2593 πάθος,
995 2525 1160 2579 οἱονεὶ
1185 2522 1394 2596 ἐπᾴδων
1415 2529 1484 2599 τῇ
1507 2524 1873 2602 φιλοκτήμονι

226 2616 390 2687 ψυχῇ,
423 2612 596 2668 ταῦτά
626 2633 779 2691 φησι·
815 2615 910 2682 Μὴ
943 2613 1192 2684 οἰκήσετε
1229 2613 1385 2687 μόνοι
1417 2613 1505 2669 ἐπὶ
1536 2621 1635 2684 τῆς
1661 2621 1800 2687 γῆςς

1909 1953 1956 2018 Β

1993 658 2327 727 conjuncta,
2363 657 2451 711 sui
2479 657 2909 728 ipsorumjuris
2934 673 3063 714 esse
3087 658 3646 724 videantur.Quibus

1992 744 2291 815 Scriptura
2313 744 2748 800 olisistitverbis
2765 762 3047 818 perquam
3063 747 3643 820 objurgatoriis,cum

1995 835 2074 890 ait
2097 851 2110 888 :
2141 835 2403 906 Nunquid
2426 835 2752 890 habitabitz’s
2770 837 2876 891 soli
2925 852 3088 908 super
3125 841 3328 893 terram
3348 842 3372 890 γ
3399 838 3456 893 Si
3487 838 3642 895 enim

1996 940 2029 978 a
2058 923 2247 979 vicino
2272 929 2480 978 terram
2512 941 2685 995 quam
2706 924 2862 991 colit,
2890 926 3016 982 ideo
3042 943 3272 998 aequum
3297 928 3640 1000 estauferri,

1993 1014 2143 1083 quod
2169 1013 2274 1067 tibi
2301 1014 2576 1083 contigua
2600 1013 2704 1068 sit:
2752 1015 3030 1084 profecto,
3072 1033 3138 1070 eo
3170 1017 3374 1088 ejecto,
3407 1033 3641 1090 compe-

1993 1101 2175 1156 rietur
2205 1118 2437 1157 rursum
2470 1101 2613 1157 alter
2643 1102 2746 1156 tibi
2779 1102 3006 1159 vicinus
3039 1121 3186 1160 esse.
3222 1109 3410 1176 Atque
3449 1107 3641 1162 denuo

1994 1207 2233 1244 avarum
2263 1208 2361 1246 cor
2390 1191 2495 1246 tibi
2528 1197 2822 1264 suggeret,
2857 1197 2918 1247 ut
2942 1192 3048 1248 hoc
3072 1193 3222 1248 idem
3249 1194 3424 1249 etiam
3443 1196 3642 1251 adver-

1995 1294 2094 1334 sus
2120 1279 2283 1333 illum
2304 1280 2467 1334 dicas
2489 1297 2499 1334 :
2525 1282 2734 1336 suadet
2757 1281 3001 1348 scilicet,
3029 1283 3167 1347 fore,
3194 1287 3257 1337 ut
3279 1283 3378 1338 ﬁat
3418 1283 3640 1356 aliquid

1993 1369 2202 1423 rationi
2228 1370 2630 1436 consonum,si
2661 1370 2761 1424 tibi
2786 1376 2998 1426 terram
3025 1371 3334 1427 ﬁnitimam
3360 1373 3639 1445 vindices,

1993 1460 2311 1528 Postquam
2343 1463 2540 1513 autem
2573 1457 2783 1513 abierit
2813 1457 2930 1528 ille,
2961 1457 3131 1514 bonis
3163 1461 3287 1515 suis
3333 1461 3639 1532 spoliatus,

1993 1551 2048 1601 et
2070 1546 2224 1601 tertii
2248 1563 2386 1617 ager
2406 1547 2798 1619 possessionis
2823 1552 2936 1602 tuas
2964 1553 3186 1619 partem
3212 1549 3467 1604 effecerit
3495 1567 3507 1604 ε
3533 1551 3639 1606 ite-

1994 1652 2124 1689 rum
2158 1636 2326 1691 adest
2353 1636 2580 1691 vicinus
2603 1636 2753 1692 alius
2784 1637 2938 1707 :jam
2968 1641 3292 1692 nascuntur
3313 1637 3438 1694 aliae
3466 1655 3638 1707 curae,

1995 1724 2284 1795 quomodo
2318 1724 2485 1780 illum
2519 1725 2758 1795 quidem
2793 1743 2826 1781 a
2858 1725 2982 1781 suis
3010 1725 3242 1797 praediis
3299 1726 3527 1798 abigas,
3576 1744 3643 1782 ac

1993 1814 2186 1884 quarti
2217 1813 2394 1885 hujus
2427 1814 2662 1870 finitimi
2681 1815 2836 1870 bona
2860 1814 2967 1869 tibi
2989 1831 3280 1871 assumas.
3301 1815 3482 1879 Quem
3506 1831 3643 1887 ergo

1994 1902 2169 1958 ﬁnem
2201 1902 2339 1958 huic
2367 1908 2480 1958 tuae
2513 1903 2823 1975 cupiditati
2883 1903 3054 1976 plura
3100 1903 3353 1960 habendi
3397 1903 3641 1977 imposi-

1987 1995 2154 2047 turus
2181 1990 2288 2047 es?
2318 1992 2543 2048 Etenim
2577 2009 2675 2048 cor
2705 2010 2946 2049 avarum
2979 1993 3098 2065 igni
3157 1993 3463 2049 consimile
3513 2010 3644 2051 esse

1986 2080 2214 2136 videtur
2245 2099 2346 2153 per
2377 2099 2683 2138 accensam
2716 2081 3017 2138 materiam
3052 2083 3340 2155 evaganti,
3372 2082 3487 2138 alia
3510 2083 3641 2154 qui-

1986 2170 2118 2225 dem
2153 2171 2490 2242 depascenti
2523 2176 2580 2227 et
2609 2171 3008 2242 corrumpenti
3039 2189 3052 2240 ;
3086 2171 3143 2226 in
3176 2170 3292 2226 alia
3323 2171 3635 2228 veroinvo-

1984 2259 2129 2314 lanti
2160 2276 2225 2316 ac
2257 2259 2560 2316 insilienti.
2613 2260 2871 2316 Profecto
2921 2260 3077 2315 sicut
3130 2261 3384 2316 materias
3436 2261 3636 2332 inopia

1985 2348 2322 2404 incendium
2357 2349 2709 2421 exstinguit:
2743 2349 2824 2404 ita
2853 2355 2909 2405 et
2964 2367 3062 2404 cor
3104 2350 3420 2406 immodica
3469 2351 3637 2421 cupi-

1984 2437 2165 2492 ditate
2187 2438 2524 2509 acquirendi
2546 2437 3164 2510 ﬂagrans,oculusque
3183 2438 3555 2510 inexplebilis
3568 2456 3633 2496 eo

1985 2527 2269 2582 duntaxat
2291 2533 2611 2592 coercetur,
2637 2529 2788 2598 quod
2817 2528 3110 2584 neminem
3138 2529 3349 2584 habeat
3371 2529 3496 2585 suis
3519 2545 3644 2601 pos-

1984 2614 2355 2671 sessionibus
2385 2616 2696 2673 conﬁnem.
2732 2621 2937 2688 Itaque
2964 2617 3262 2688 Scriptura
3289 2619 3492 2673 morbo
3505 2618 3644 2673 huic

224 2704 546 2759 remedium
580 2705 802 2760 eminus
832 2706 1097 2773 atterens,
1134 2705 1399 2761 animum
1453 2705 1785 2762 divitiarum
1820 2703 2101 2776 cupidum
2158 2705 2339 2762 veluti
2398 2705 2660 2761 carmine
2711 2705 3071 2776 demulcens,
3133 2706 3351 2777 profert
3402 2706 3645 2779 isthaecg

224 2793 481 2865 Nunquid
513 2793 843 2850 habitabilis
873 2796 976 2849 soli
1004 2811 1168 2866 super
1195 2794 1445 2850 terram?

286 2882 493 2941 451.Εἰ
525 2883 628 2957 γάρ
662 2880 945 2954 ἐπιθυμεῖς
973 2886 1079 2936 τῶν
1109 2885 1203 2936 τοῦ
1221 2881 1686 2958 γείτονος,γείτων
1719 2879 1774 2935 δέ
1796 2901 1880 2934 σοι

229 2971 439 3036 πάντως
473 2971 534 3025 οὗ
567 2970 768 3043 λείψει·
801 2970 1008 3046 ἀνάγκη
1046 2992 1102 3025 σε
1134 2968 1390 3041 δηλονότι
1426 2970 1512 3025 ἐπὶ
1557 2972 1622 3025 τὰ
1679 2968 1882 3045 ἔσχατα

227 3059 422 3136 σθάσαι
457 3067 560 3129 τῆς
592 3060 712 3113 καθ’
742 3061 891 3133 ἡμᾶς
941 3058 1294 3133 οἰκουμένης.
1342 3059 1405 3115 Εἴ
1432 3056 1488 3114 δὶ
1528 3063 1686 3113 τοῦτο
1735 3059 1880 3131 ἀμή-

230 3168 418 3222 χανον,
453 3149 565 3204 ἀπὸ
593 3151 692 3217 τῆς
720 3149 945 3224 πρώτης
994 3147 1201 3210 ἐννοίας
1249 3152 1454 3203 παῦσον
1505 3151 1727 3203 σεαυτοῦ
1777 3148 1876 3216 τήν

222 3239 349 3309 πρὸς
397 3241 466 3293 τὸ
516 3238 683 3293 κακὸν
744 3239 946 3313 ὁρμὴν,
979 3239 1022 3292 ὧ
1076 3233 1346 3314 ἄνθρωπε,
1405 3236 1737 3312 ἀρκούμενος
1797 3237 1880 3298 οἷς

2061 2883 2183 2938 451.
2220 2882 2445 2939 Etenim
2478 2883 2525 2938 si
2560 2899 2690 2954 quae
2720 2889 2861 2939 sunt
2889 2883 3064 2938 vicini
3096 2882 3501 2956 concupiscas,
3554 2883 3645 2939 vi-

1991 2971 2160 3028 cinus
2196 2978 2390 3028 autem
2424 2989 2539 3027 non
2569 2971 2648 3028 sit
2680 2972 2882 3044 utique
2915 2971 3018 3027 tibi
3041 2973 3379 3041 defuturus;
3407 2987 3642 3028 necesse

1989 3061 2142 3117 486
2165 3061 2402 3117 omnino
2443 3061 2618 3116 fuerit
2640 3066 2704 3116 ut
2734 3062 2804 3116 ad
2829 3064 2995 3116 terrea
3021 3061 3199 3131 hujus
3234 3070 3446 3117 nostrae
3479 3060 3644 3118 habi-

1988 3149 2186 3206 tabilis
2207 3154 2467 3206 extrema
2488 3150 2972 3222 pertingas.Quod
2991 3149 3038 3205 si
3066 3150 3121 3204 id
3148 3149 3271 3205 fieri
3293 3167 3404 3206 non
3424 3153 3639 3222 potest,

1988 3244 2150 3295 tuam
2173 3240 2363 3311 ipsius
2385 3241 2459 3295 ad
2483 3238 2703 3296 malum
2718 3237 3350 3311 proclivitatem,priori
3375 3243 3476 3294 tuo
3499 3255 3641 3294 con-

219 3323 556 3402 παρέλαϐες,
591 3325 860 3400 ἐπιμένων
902 3328 988 3389 οἷς
1019 3322 1186 3401 ἔχεις,
1219 3323 1398 3394 εἰδὼς,
1432 3325 1515 3381 ὅτι
1545 3325 1633 3380 καὶ
1673 3327 1874 3401 μεγέοη

1996 3328 2124 3384 silia
2153 3330 2331 3384 fotum
2384 3329 2656 3401 reprime,
2717 3346 2749 3385 ο
2794 3329 2990 3396 homo,
3045 3328 3117 3383 iis
3163 3344 3292 3399 quas
3342 3327 3639 3400 accepisti.

223 3413 430 3483 οἰκιῶν,
469 3411 560 3468 διὰ
589 3415 650 3469 τὸ
704 3415 754 3487 ἐξ
811 3411 1028 3478 ἀδικίας
1089 3421 1366 3486 συστῆναι,
1400 3411 1580 3487 ἔρημά
1629 3413 1738 3468 ἐστι
1768 3417 1874 3468 τῶν

221 3504 558 3579 οἰκητόρων,
588 3503 683 3557 καὶ
707 3501 924 3572 πλῆθος
956 3504 1147 3579 χώρας
1181 3505 1279 3577 (9),
1311 3503 1370 3558 ἐκ
1419 3503 1730 3575 πλεονεξίας
1787 3523 1880 3556 πε·-

223 3587 514 3666 ριεληθὶν,
550 3591 746 3666 ἄγονον
805 3590 1081 3654 πολλάκις
1131 3597 1237 3647 τῶν
1288 3596 1507 3666 καρπῶν
1560 3588 1881 3666 ἀπεδείχθη.

218 3675 626 3757 Προλαμϐάνει
659 3681 763 3756 γὰρ
796 3680 1070 3744 πολλάκις
1119 3683 1218 3750 την
1265 3679 1567 3754 μέλλουσαν
1606 3685 1782 3756 κρίσιν
1843 3683 1878 3750 ἡ

219 3771 336 3833 θεία
368 3769 530 3842 δίκη,
561 3772 650 3825 καὶ
694 3768 802 3840 ⁴ἤδη
835 3770 932 3834 τὰς
968 3768 1167 3832 ἀδίκως
1226 3771 1628 3846 πεπορισμένας
1685 3769 1879 3838 οἰκίας,

216 3861 291 3921 είς
324 3860 622 3936 ἄχρηστον
653 3859 992 3934 περιίστησιν
1040 3862 1173 3934 (40),
1207 3859 1311 3914 ἀπὸ
1365 3867 1465 3930 τῆς
1525 3857 1879 3933 πολυανθρώ-

214 3969 317 4002 που
373 3950 658 4019 οἰκήσεως
718 3949 811 4003 καὶ
866 3955 964 4018 τῆς
1023 3947 1277 4025 λαμπρᾶς
1338 3947 1606 4020 εὐθηνίας,
1640 3948 1880 4025 ἐρήμους

210 4043 317 4092 τῶν
350 4038 674 4112 οἰκητόρων
707 4041 962 4094 ποιοῦσα.
1019 4035 1296 4100 Πολλάκις
1338 4042 1466 4112 γοῦν
1501 4041 1607 4110 (11)
1642 4036 1882 4112 ἔγνωμεν

214 4128 315 4179 ὅλα
339 4128 485 4203 γένη
517 4124 688 4200 ἄρδην
720 4127 1094 4204 ἀφανισθέντα.
1135 4127 1209 4190 ὡς
1240 4128 1440 4202 ἀπορίᾳ
1467 4131 1576 4181 τῶν
1631 4124 1881 4202 διαδεχο-

215 4217 395 4286 μένων
458 4214 838 4292 καταρρυῆναι
893 4217 1030 4291 πρὸς
1073 4223 1171 4290 γῆν
1224 4218 1316 4278 τὰς
1371 4215 1735 4293 μεγαλοφυεῖς
1790 4215 1880 4270 καὶ

215 4304 612 4381 ὑπερηφάνους
644 4308 750 4357 τῶν
811 4303 1128 4376 οἰκημάτων
1182 4304 1528 4365 κατασκευάς.
1564 4303 1737 4361 ’Λλλᾶ
1794 4305 1881 4359 καὶ

214 4391 329 4447 ὅσοι
370 4393 523 4464 μετᾶ
565 4397 914 4467 παρορισμοῦ
960 4397 1065 4447 τῶν
1113 4390 1354 4462 πλησίον
1401 4392 1529 4456 τοὺς
1557 4391 1718 4466 ὅρους
1775 4397 1879 4447 τῶν

248 4483 261 4502 9
342 4482 355 4499 1
824 4482 837 4501 ε
956 4502 974 4512 ,
1459 4482 1471 4500 ι

215 4502 446 4536 οικειων
502 4483 745 4552 κτήσεων
819 4481 1236 4556 υπεριξέτειναν,
1288 4479 1376 4535 διὰ
1420 4502 1481 4536 το
1539 4481 1644 4536 ἀπὸ
1696 4503 1884 4536 στενα-

211 4575 359 4645 γμοῦ
412 4574 533 4624 τῶν
591 4566 946 4642 ἠδικημένων
999 4569 1434 4645 συμπεπορίσθαι
1490 4571 1586 4632 τὰς
1643 4573 1882 4644 κτήσεις,

210 4659 450 4751 πάντως
499 4657 786 4751 ἀλλότριοι
809 4665 910 4751 τῆς
961 4658 1106 4751 θείας
1153 4655 1551 4751 ἀπεδείχθησαν
1611 4659 1881 4736 εὐλογίας·
1917 4689 1964 4751 D

214 4747 354 4801 ὥστε
419 4746 558 4810 ἔνθα
615 4743 743 4801 δέκα
801 4747 960 4821 ζεύγη
1026 4747 1167 4822 βοῶν
1194 4747 1498 4823 εἰργάσατο,
1534 4749 1691 4822 μόγις
1722 4751 1886 4822 κερά-

215 4857 341 4906 μιον
375 4836 440 4890 ’ἐν
499 4842 831 4911 τρυῃθῆναι
890 4837 1023 4909 (12)·
1058 4837 1147 4890 καὶ
1198 4832 1323 4900 ἔνθα
1376 4836 1430 4907 ἓξ
1479 4833 1708 4913 ἀρτάὸαι
1762 4859 1884 4894 κατ-

214 4927 568 4999 εσπάρησαν,
598 4924 724 5000 τρία
757 4923 926 5000 μὲτρα
954 4924 1269 5000 συνάγεσθαι
1317 4929 1424 4980 τῶν
1474 4931 1719 5002 καρπῶν,
1749 4928 1882 5003 ἅπερ

214 5012 330 5068 ἐπὶ
360 5012 868 5089 πολλοστημόριον
896 5018 1003 5067 τῶν
1038 5015 1383 5090 σπερμάτων.

278 5201 364 5270 (6)
398 5198 647 5281 veteres
677 5199 938 5271 quinque
967 5198 1125 5269 libri,
1160 5193 1242 5254 τὸ.
1295 5199 1444 5254 Editi
1474 5203 1530 5256 et
1561 5199 1719 5256 Colb.
1771 5201 1883 5274 pri-

212 5289 354 5326 mus
415 5288 452 5323 τ
515 5311 528 5324 ,

253 5413 266 5431 ν
285 5314 380 5458 (‘5'),
400 5291 585 5401 Egiti,
617 5338 708 5393 καὶ
737 5339 899 5393 toﬁ-:23
924 5359 1030 5396 σοι.
1055 5347 1131 5396 At
1159 5341 1345 5398 nostri
1378 5359 1480 5398 sex
1513 5359 1680 5415 mss.,
1703 5342 1790 5397 καὶ
1819 5344 1883 5398 τὸ

212 5435 306 5458 ’ΐτπ
332 5443 345 5458 ε
383 5433 506 5458 σοι-

211 5433 654 5564 σδὲεειδθε
681 5481 1124 5564 quinque'libri,
1158 5479 1535 5564 ιξποδεικνῦσα.
1570 5485 1716 5564 Editi
1750 5502 1884 5540 cum

212 5550 357 5631 Reg;
397 5555 605 5636 tertio,
674 5550 1284 5636 6'n03éitgupuaa._ﬂoc
1316 5558 1458 5636 ipso
1507 5559 1565 5612 in
1609 5559 1734 5614 loco
1785 5573 1886 5614 sex

213 5627 394 5711 {ns}:
433 5627 1283 5711 ποιησάσθω,ηΕάὶίιὶηποιῆσαι.
1311 5627 1546 5711 statim“
1560 5645 1667 5711 sex
1715 5645 1884 5711 mss.,

214 5698 470 5830 άτὶἑλθῃ.
535 5699 708 5770 Editi,
795 5697 1099 5770 ἀπελασθῇ,
1162 5716 1266 5771 pro
1343 5697 1608 5770 ἀπελαθῇ,
1686 5697 1888 5764 eiectus

214 5789 266 5830 ετ
293 5811 319 5830 α

1989 3421 2318 3486 contentus,
2348 3417 2420 3472 iis
2448 3434 2574 3488 qua:
2605 3416 2892 3488 possides,
2927 3417 3286 3472 immorans:
3318 3415 3637 3488 praesertim

1990 3521 2125 3560 cum
2157 3505 2384 3562 noveris
2415 3522 2663 3577 magnas
2682 3505 2818 3562 illas
2847 3507 3021 3572 aedes,
3051 3506 3203 3575 quod
3237 3521 3340 3576 per
3399 3504 3640 3575 injusti-

1989 3594 2128 3649 tiam
2161 3599 2508 3650 constructas
2543 3598 2700 3663 sunt,
2734 3594 2974 3650 destitui
3005 3594 3470 3661 habitatoribus;
3514 3609 3640 3648 am-

1989 3682 2265 3754 plamque
2295 3683 2613 3754 regionem,
2647 3699 2772 3753 quas
2802 3699 2870 3738 ex
2903 3683 3145 3738 avaritia
3203 3682 3638 3753 circumjaceat,

1989 3772 2414 3827 infructuosam
2447 3789 2563 3826 non
2587 3788 2714 3826 raro
2743 3772 2995 3827 ostendi.
3015 3776 3160 3827 Nam
3189 3771 3426 3842 justitia
3447 3771 3643 3826 divina

1990 3877 2140 3931 saepe
2173 3861 2433 3915 futurum
2466 3859 2610 3914 illud
2635 3859 2929 3930 judicium
2954 3860 3256 3931 anticipat,
3281 3861 3516 3930 jamque
3538 3860 3641 3913 do-

1991 3964 2116 4003 mos
2148 3947 2345 4018 inique
2365 3952 2735 4019 comparatas
2755 3947 2975 4002 nullius
3003 3949 3187 4018 frugis
3213 3948 3485 4013 reddit,et
3507 3945 3642 4002 licet

1989 4038 2152 4108 prius
2167 4037 2238 4092 ab
2252 4036 2680 4091 habitatoribus
2698 4035 2898 4091 multis
2916 4034 3643 4108 frequentarentur,splen-

1990 4126 2242 4196 didaque
2273 4141 2451 4196 opum
2482 4125 2650 4196 copia
2675 4123 3060 4196 replerentur,
3094 4125 3358 4180 desertas
3380 4123 3641 4195 inhospi-

1991 4220 2199 4286 tasque
2228 4213 2423 4269 efficit.
2456 4213 2733 4269 Novimus
2763 4230 2903 4269 sane
2933 4213 3196 4286 integras
3226 4211 3484 4268 familias
3523 4229 3639 4268 non

1993 4322 2122 4360 raro
2157 4304 2336 4359 fuisse
2363 4302 2596 4375 penitus
2624 4318 2652 4358 e
2686 4303 2876 4358 medio
2917 4302 3204 4369 sublatas,
3259 4304 3338 4358 ita
3388 4309 3451 4357 ut
3499 4301 3641 4356 deﬁ-

1992 4394 2283 4450 cientibus
2314 4391 2772 4459 successoribus,
2805 4392 2867 4446 in
2902 4396 3116 4448 terram
3150 4394 3386 4446 ruerent
3414 4390 3643 4463 magni-

1995 4483 2114 4537 ﬁcae
2146 4481 2256 4536 illa:
2288 4497 2352 4536 ac
2385 4481 2650 4552 superba)
2709 4481 3088 4536 aediﬁciorum
3137 4484 3467 4536 structuras.
3518 4484 3642 4534 Imo

1994 4571 2166 4627 etiam
2200 4569 2532 4640 quicunque
2555 4569 2853 4641 usurpatis
2869 4570 3267 4641 proximorum
3290 4568 3472 4641 agris,
3495 4567 3648 4622 limi-

1993 4665 2081 4717 tes
2111 4659 2552 4732 possessionum
2586 4674 2828 4714 suarum
2863 4658 2996 4730 plus
3027 4674 3191 4729 (equo
3229 4657 3641 4727 extenderunt,

1993 4766 2060 4806 eo
2091 4749 2244 4821 quod
2278 4746 2686 4818 possessiones
2713 4745 2825 4801 illae
2856 4763 2971 4802 non
3005 4747 3131 4802 sine
3177 4745 3500 4817 gemitibus
3549 4760 3646 4800 eo-

1995 4856 2125 4894 rum
2158 4837 2258 4909 qui
2289 4836 2505 4906 iniuria
2554 4836 2984 4902 efﬁciebantur,
3043 4835 3274 4890 fuerant
3320 4833 3644 4906 acquisita,

1995 4927 2131 4985 facti
2158 4930 2296 4982 sunt
2326 4924 2567 4980 omnino
2584 4940 2617 4978 a
2638 4923 2836 4979 divina
2855 4922 3260 4978 benedictione
3280 4921 3647 4979 alieni.Unde

1994 5018 2093 5075 ubi
2145 5016 2341 5070 decem
2394 5013 2570 5068 boum
2613 5013 2759 5083 juga
2802 5017 3129 5080 araverant,
3176 5012 3269 5067 vix
3330 5009 3648 5085 laguncula

2068 5199 2144 5270 (9)
2169 5199 2404 5270 Veteres
2428 5211 2536 5270 sex
2565 5193 2719 5270 libri,
2753 5193 2958 5270 χώρας.
2995 5195 3165 5266 Editi,
3216 5194 3418 5269 ἀγρῶν,
3469 5197 3644 5266 paulo

1993 5265 2225 5339 melius,
2259 5269 2358 5324 sed
2391 5268 2516 5322 sine
2556 5265 2676 5321 ulla
2697 5265 3059 5339 austeritate.

2066 5343 2178 5413 (10)
2211 5336 2402 5398 Nostri
2451 5355 2548 5394 sex
2614 5353 2784 5404 mss.,
2841 5336 3200 5410 περιίστησιν.
3266 5336 3438 5403 Editi,
3495 5351 3644 5406 περι-

1995 5435 2103 5468 στω
2110 5433 2172 5466 σα
2179 5455 2192 5470 ο

2067 5489 2173 5554 (11)
2209 5481 2384 5554 Editi,
2418 5476 2531 5554 οὖν.
2558 5483 2769 5554 _At_se_x
2800 5495 2979 5548 mss.,
3012 5482 3164 5554 γοῦν.

2067 5543 2175 5626 (12)
2207 5554 2315 5626 Ubi
2346 5543 2402 5607 in
2434 5551 2606 5626 editis
2637 5548 2872 5626 legitur,
2903 5543 3318 5626 τρυγηθήσεται,
3342 5543 3643 5626 innostris

1996 5618 2095 5684 sei
2127 5618 2417 5707 veteribus
2450 5621 2614 5677 libris
2645 5618 2946 5707 scribitur,
2979 5618 3330 5707 τραφθῆναι.
3357 5618 3640 5707 aliqum}:

1998 5705 2053 5754 to
2077 5703 2216 5824 lpost
2236 5695 2419 5753 nostri
2448 5710 2550 5750 sex
2583 5708 2757 5762 mss.,
2795 5689 3042 5764 ἔχειμὶν
3071 5689 3182 5746 οὖν.
3214 5693 3380 5748 Deest
3436 5689 3526 5740 οὖν
3578 5689 3641 5742 in

1998 5787 2070 5824 vu
2098 5773 2196 5824 erat
2221 5785 2270 5824 s.

1996 5770 2270 5844 vulgatis.
