4048 6220
418 441 535 507 36⁸1

1361 439 1754 502 APPENDIX
1794 437 2119 500 OPERUM
2158 438 2222 499 S.
2270 432 2545 500 BASILII
2595 435 2865 500 MAGNI.

3705 437 3824 501 368

418 595 540 652 una
567 575 1044 641 vindemiabitur,
1078 581 1135 630 et
1164 574 1262 630 ubi
1295 590 1394 631 sex
1423 574 1640 631 artabaa
1681 574 1913 630 fuerant
1943 571 2265 637 seminatis,
2300 569 2393 627 vix
2421 575 2541 628 tres
2572 571 2868 627 fructuum
2909 585 3207 628 mensurae
3249 569 3638 645 colligantur:
3693 589 3820 646 qua

417 668 715 726 seminum
748 683 886 739 pars
916 669 1002 721 est
1031 664 1299 720 minima.

489 758 611 813 152.
644 757 715 812 Et
744 755 981 827 quidem
1014 753 1304 809 sententia
1334 753 1538 808 istlzaac
1567 767 1637 807 ex
1693 768 1755 807 se
1803 751 2048 806 multum

2245 749 2366 806 152.
2400 751 2561 823 Ἔχει
2593 749 2684 822 μὶν
2719 747 2809 803 οὖν
2840 747 2984 804 πολὺ
3015 748 3107 804 καὶ
3153 747 3370 804 αὐτόθεν
3421 749 3484 804 τὸ
3541 748 3823 828 ὠφέλιμον

417 847 592 903 habet
622 843 914 901 utilitatis.
937 843 1047 897 Sed
1079 841 1292 911 quivis,
1324 842 1374 896 si
1391 841 1696 897 studiosus
1717 844 1806 896 est
1826 845 1882 895 et
1906 839 2058 895 labo-

416 952 547 992 rum
581 934 831 1008 patiens,
861 949 930 988 ex
959 931 1068 986 hac
1096 930 1404 1002 prophetia
1449 931 1620 1002 juxta
1662 930 1973 1002 mysticum
2005 933 2064 985 et

415 1023 782 1082 reconditum
805 1036 1040 1078 sensum
1065 1019 1432 1076 considerata
1453 1020 1920 1076 emolumentum
1947 1036 2064 1074 ma-

405 1116 508 1187 jus
531 1113 828 1187 percipere
851 1114 1061 1182 potest.
1096 1109 1323 1166 Etenim
1347 1127 1449 1182 per
1472 1109 1941 1181 uniuscujusque
1958 1109 2058 1164 do-

414 1219 578 1260 mum
597 1203 872 1273 dogmata
891 1199 1268 1272 actionesque
1291 1203 1537 1270 possunt
1555 1197 1800 1271 intelligi
1827 1199 1900 1255 ob
1921 1199 2060 1253 den-

411 1309 544 1350 sum
575 1292 1022 1360 adunatumque
1053 1288 1390 1354 artiﬁcium,
1424 1289 1575 1358 quod
1599 1289 1655 1342 in
1682 1287 2058 1359 opinionibus

408 1383 480 1437 de
511 1395 858 1450 unoquoque
885 1379 1154 1448 dogmate
1184 1376 1400 1432 habitis
1434 1377 1742 1448 reperitur.
1795 1381 1931 1432 Eam
1983 1377 2057 1432 ob

407 1485 671 1535 causam,
703 1465 1198 1539 quemadmodum
1219 1465 1276 1519 in
1301 1465 1474 1521 domo
1497 1466 1941 1521 fundamentum
1963 1481 2056 1520 re-

407 1559 585 1631 liqum
615 1560 920 1614 structura:
951 1553 1338 1626 supponitur:
1374 1553 1456 1609 ita
1497 1559 1556 1610 et
1587 1555 1644 1609 in
1678 1555 2058 1627 dogmatibus

411 1648 680 1721 quaedam
712 1647 884 1701 bases
916 1648 1058 1700 sunt
1083 1660 1149 1698 ac
1179 1643 1470 1715 principia
1501 1645 1716 1716 prima,
1741 1644 2060 1715 quibusin-

411 1738 533 1796 nixi
562 1737 836 1809 dogmata
865 1750 972 1790 sua
1004 1732 1429 1800 disseminant;
1461 1737 1517 1787 et
1546 1750 1673 1804 quae
1704 1739 2053 1805 sequuntur,

411 1828 617 1885 ordine
640 1829 698 1882 et
727 1823 1085 1894 conjunctim
1107 1821 1413 1894 principiis
1444 1821 1652 1894 primis
1680 1827 2054 1880 connectunt.

409 1917 753 1986 Quicunque
769 1912 951 1985 igitur
971 1911 1106 1967 ﬁdei
1127 1911 1527 1983 dogma,quod
1547 1927 1652 1984 pro
1678 1911 2055 1968 fundamento

409 2023 476 2064 ac
507 2002 794 2078 principio
826 2001 1001 2057 habet
1031 1999 1341 2055 Dominum
1375 2003 1640 2055 nostrum
1671 2000 1875 2056 Jesum
1898 1999 2056 2056 Chri-

408 2100 586 2163 stum,
618 2109 752 2149 cum
783 2090 1156 2162 dogmatibus
1187 2088 1395 2144 alienis
1425 2092 1481 2143 et
1507 2107 1538 2143 a
1572 2089 1783 2160 pietate
1814 2090 2053 2146 remotis

407 2183 770 2249 consociant,
795 2179 835 2235 ii
865 2181 1005 2235 sunt
1056 2177 1154 2248 qui
1205 2193 1325 2256 per.
1356 2178 1717 2249 Scripturam
1768 2179 2058 2234 deﬂentur

406 2290 509 2330 ceu
542 2287 666 2328 rem
695 2270 1030 2325 indecorem
1063 2270 1426 2338 peragentes,
1450 2267 1667 2338 quippe
1689 2267 1789 2338 qui
1812 2269 2051 2322 domum

406 2361 607 2420 domui
638 2359 1017 2429 conjungant.
1041 2355 1202 2419 Quod
1225 2355 1379 2410 enim
1405 2355 1641 2428 pietatis
1662 2357 1938 2428 dogmata
1957 2358 2057 2413 do-

409 2467 543 2507 mus
573 2446 865 2520 appellata
896 2445 1037 2515 sint,
1073 2443 1351 2500 Dominus
1382 2445 1507 2515 ipse
1567 2462 1667 2516 per
1715 2445 2052 2517 parabolam

407 2556 514 2598 nos
542 2536 795 2602 edocuit,
829 2535 1030 2590 dicens
1053 2551 1066 2588 :
1094 2534 1281 2588 Omnis
1300 2535 1395 2603 qui
1413 2534 1575 2588 audit
1596 2535 1756 2589 verba
1779 2552 1898 2590 mea
1914 2536 2052 2601 haec,

407 2637 461 2685 et
486 2629 621 2700 facit
648 2641 743 2691 ea,
765 2623 1167 2679 assimilabitur
1184 2624 1306 2677 viro
1333 2624 1600 2692 sapienti,
1629 2625 1724 2693 qui
1750 2624 2055 2694 aediﬁcavit

397 2719 633 2774 ldomum
655 2731 815 2770 suam
843 2729 1015 2783 supra
1044 2720 1254 2782 petram
1283 2711 1348 2767 ⁸⁸.
1379 2712 1488 2766 Sed
1522 2718 1580 2767 et
1611 2712 1824 2768 Paulus
1858 2730 1963 2770 nos
1994 2713 2052 2769 in

409 2807 600 2880 priore
621 2805 693 2861 ad
706 2801 1036 2859 Corinthios
1059 2799 1317 2872 Epistola
1337 2801 1543 2856 docere
1572 2801 1820 2866 videtur,
1855 2819 2054 2874 quem-

405 2897 548 2953 libet
574 2909 778 2951 eorum
810 2891 907 2963 qui
959 2889 1256 2944 Christum
1289 2890 1436 2944 487
1493 2889 1885 2961 crediderunt,
1940 2892 2053 2948 sibi

406 2985 522 3060 ipsi
549 2982 838 3040 ediﬁcare
867 2981 1138 3036 domum.
1185 2979 1627 3034 Fundamentum
1674 2981 1826 3034 enim
1873 2982 2051 3051 aliud,

405 3074 619 3148 inquit,
641 3085 804 3128 nemo
830 3071 1006 3141 potest
1033 3083 1254 3138 ponere,
1284 3072 1495 3139 praeter
1533 3069 1590 3123 id
1631 3069 1769 3140 quod
1812 3073 2051 3141 positum

403 3172 504 3235 est,
530 3161 673 3236 quod
702 3162 781 3215 est
808 3163 966 3216 Jesus
999 3156 1260 3211 Christus.
1295 3157 1354 3211 Si
1383 3158 1504 3227 quis
1541 3166 1726 3212 autem
1753 3158 2053 3230 superaedi-

400 3253 544 3324 ﬁcat
569 3265 738 3320 super
753 3247 1184 3319 fundamentum
1216 3245 1336 3314 hoc,
1367 3262 1584 3313 aurum,
1634 3257 1940 3316 argentum,
1973 3252 2052 3304 la-

403 3343 558 3415 pides
585 3339 872 3412 pretiosos,
906 3335 1077 3404 tigna,
1108 3336 1319 3404 fenum,
1369 3333 1638 3404 stipulam
1665 3336 1730 3389 ⁸⁷.
1763 3337 2046 3400 Quoniam

2171 839 2205 906 ἠ
2239 835 2400 908 λέξις*
2438 835 2656 893 δυνατὸν
2683 836 2740 893 δὲ
2768 843 2850 910 τῷ
2880 837 3167 916 φιλοπόνῳ
3197 837 3334 893 κατὰ
3385 839 3672 914 ἀναγωγὴν
3734 840 3822 896 ἐπὶ

2169 924 2358 981 πλεῖον
2412 924 2553 1002 ἄγειν
2597 927 2659 981 νὸ
2716 927 2822 982 ἀπὸ
2869 934 2970 998 τῆς
3012 927 3345 1005 προφητείας
3386 930 3687 1003 χρήσιμον.
3721 929 3825 984 Δύ-

2170 1037 2323 1070 ναται
2383 1017 2486 1091 γὰρ
2537 1015 2686 1071 οἰκία
2743 1016 2968 1072 ἑκάστου
3025 1023 3260 1082 νοεῖσθαι
3318 1017 3385 1072 τά
3430 1013 3676 1091 δόγματα
3729 1019 3824 1074 καὶ

2169 1106 2223 1159 αἱ
2275 1105 2518 1182 πράξεις,
2577 1103 2665 1162 διὰ
2721 1106 2782 1161 τὸ
2841 1105 3035 1161 πυκνὸν
3107 1105 3197 1162 καὶ
3267 1106 3550 1180 ἡνωμένον
3605 1114 3706 1176 τῆς
3768 1108 3820 1164 έν

2167 1200 2283 1258 τοῖς
2337 1197 2576 1268 νοήμασι
2651 1203 3006 1266 κατασκευῆς,
3057 1197 3182 1270 περὶ
3243 1195 3466 1251 ἑκάστου
3525 1193 3822 1271 δόγματος,

2169 1285 2317 1339 Διότι
2368 1287 2502 1356 (13),
2555 1284 2732 1359 ὥσπερ
2794 1285 2846 1340 έν
2907 1285 3052 1356 οἰκίᾳ
3099 1282 3355 1358 θεμέλιος
3419 1285 3695 1341 ὑπόκειται
3749 1290 3822 1360 τῇ

2168 1371 2338 1448 λοιπῇ
2369 1379 2689 1449 κατασκευῇ·
2726 1373 2870 1429 οὕτω
2899 1376 2990 1429 καὶ
3034 1372 3120 1429 ἐπὶ
3180 1378 3286 1429 τῶν
3349 1372 3637 1450 δογμάτων
3691 1375 3824 1430 ὑπο-

2167 1462 2336 1526 θέσεις
2366 1465 2508 1526 τινές
2558 1463 2660 1518 εἶσι
2708 1465 2794 1519 καὶ
2839 1468 3054 1538 πρῶται
3103 1464 3292 1540 ἀρχαὶ,
3332 1465 3416 1525 οἷς
3473 1461 3821 1540 ἆπερειδόμε-

2165 1573 2248 1606 νοι
2281 1549 2689 1628 δογματίζουσι,
2719 1555 2788 1608 τὰ
2821 1552 3011 1629 ἐφεξῆς
3044 1552 3362 1616 ἀκολούθως
3416 1553 3508 1607 καὶ
3565 1559 3820 1632 ωναφῶς

2163 1646 2282 1704 ταῖς
2310 1643 2553 1717 πρώταις
2585 1641 2787 1718 ἀρχαῖς
2817 1641 3244 1718 συνυφαίνοντες.
3278 1643 3432 1696 Ὅσοι
3468 1639 3557 1696 οὗν
3605 1642 3668 1697 τὸ
3719 1649 3822 1714 τῆς

2163 1730 2394 1793 πίστεως
2445 1729 2648 1807 δόγμα,
2679 1731 2812 1807 ὅπερ
2861 1728 2978 1806 ἔχει
3031 1729 3286 1804 θεμέλιον
3345 1751 3435 1785 και
3493 1731 3673 1807 ἀρχὴν
3721 1733 3815 1788 τὸν

2163 1819 2364 1894 Κύριον
2420 1823 2580 1894 ἡμῶν
2616 1821 2824 1890 Ἰησοῦν
2873 1819 3128 1896 Χριστὸν,
3161 1816 3428 1894 δόγμασιν
3489 1817 3817 1896 ἀλλοτρίοις

2161 1909 2251 1963 καὶ
2285 1908 2453 1979 ξένοις
2483 1916 2583 1979 τῆς
2612 1904 2916 1972 θεοσεϐείας
2952 1907 3426 1979 ἐπισυνάπτουσιν,
3471 1909 3622 1964 οὗτοί
3682 1909 3817 1965 εἰσιν

2164 1997 2255 2062 οὓς
2285 2000 2313 2052 6
2341 1996 2510 2073 λόγος
2539 1997 2786 2075 ὀδύρεται
2818 1998 2965 2073 παρὰ
3009 1999 3072 2053 τὸ
3119 1999 3354 2068 καθῆκον
3415 2001 3728 2071 ποιοῦντας,
3762 1998 3817 2055 έν

2161 2091 2241 2160 τῷ
2263 2087 2542 2144 συνάπτειν
2575 2087 2746 2144 οἷ’κίαν
2779 2090 2893 2162 (14)
2920 2089 3057 2164 πρὸς
3097 2087 3293 2144 οἰκίαν.
3325 2088 3448 2145 ’Ότι
3507 2086 3611 2164 γάρ
3672 2086 3821 2144 οἰκία

2161 2177 2230 2231 τά
2257 2183 2356 2246 τῆς
2390 2173 2694 2239 θεοσεϐείας
2726 2176 3038 2250 ὠνόμασται
3097 2173 3364 2250 δόγματα,
3397 2175 3558 2239 αὐτὸς
3615 2178 3643 2230 6
3704 2177 3816 2235 Κύ-

2165 2287 2281 2342 ριος
2311 2265 2400 2322 διὰ
2428 2273 2528 2336 τῆς
2559 2260 2882 2343 παραϐολῆς
2909 2269 3056 2339 ἡμᾶς
3091 2263 3316 2338 ἐδίδαξε,
3352 2262 3529 2340 λέγων
3561 2265 3666 2335 ὅτι,
3699 2270 3818 2331 Πᾶς

2163 2359 2310 2419 ὅστις
2387 2356 2573 2412 ἀκούει
2636 2377 2740 2430 μου
2796 2354 2926 2417 τοὺς
2979 2353 3178 2430 λόγους
3243 2356 3354 2427 (15)
3406 2353 3652 2424 τούτους,
3719 2356 3814 2411 καὶ

2163 2452 2310 2501 ποιεῖ
2366 2445 2586 2516 αὐτοὺς,
2640 2446 3045 2519 ὁμοιωθήσεται
3118 2441 3270 2518 ἀνδρὶ
3330 2444 3604 2521 φρονίμῳ,
3665 2443 3818 2509 ὅστις

2163 2531 2492 2608 ᾠκοδόμησε
2573 2535 2672 2603 τήν
2753 2533 2929 2589 οἷκίαν
3009 2533 3176 2588 αὐτοῦ
3258 2533 3343 2587 tul
3419 2533 3518 2602 τὴν
3588 2533 3818 2610 πέτραν.

2163 2627 2350 2680 Ἕοικε
2383 2621 2439 2678 δὲ
2467 2625 2555 2678 καὶ
2591 2625 2618 2678 6
2651 2622 2866 2685 ΙΙαῦλος
2900 2622 2950 2676 ἐν
2982 2626 3051 2696 τῇ
3083 2623 3219 2698 πρὸς
3248 2621 3565 2696 Κορινθίους
3613 2624 3813 2698 πρώτῃ

2163 2711 2430 2768 διδάσκειν
2478 2715 2646 2784 ἡμᾶς,
2680 2711 2761 2767 δτι
2814 2709 3038 2774 ἕκαστος
3099 2711 3273 2782 ἑαυτῷ
3321 2709 3493 2765 οἷ’κίαν
3524 2707 3817 2778 οἰκοδομεῖ

2159 2804 2267 2857 τῶν
2313 2803 2388 2866 εἷς
2445 2803 2672 2878 Χριστὸν
2724 2801 3179 2856 πεπιστευκότων.
3230 2799 3491 2874 Θεμέλιον
3545 2801 3670 2876 γὰρ,
3702 2823 3816 2875 φη·-

2162 2891 2265 2961 σὶν,
2321 2891 2491 2946 ἄλλον
2576 2889 2752 2952 οὐδεὶς
2827 2888 3042 2945 δυναται
3097 2895 3290 2958 θεῖναι,
3349 2889 3496 2964 παρὰ
3549 2892 3639 2944 τὸν
3695 2890 3812 2944 κεί-

2164 3001 2346 3054 μενον,
2381 2976 2438 3042 ὅς
2494 2981 2636 3036 ἐστιν
2696 2982 2907 3050 Ἰησοῦς
2963 2979 3212 3054 Χριστός.
3273 2979 3341 3036 E’i
3398 2976 3455 3033 δέ
3508 2999 3592 3041 τις
3651 2978 3808 3034 ἰποι-

2157 3068 2389 3142 κοδομεῖ
2439 3070 2523 3124 ἐπὶ
2595 3072 2686 3124 τὸν
2769 3068 3020 3142 θεμέλιον
3078 3072 3293 3139 τοῦτον,
3352 3069 3579 3143 χρυσὸν,
3639 3069 3813 3143 ἄργυ-

2160 3179 2252 3234 ρον
2304 3162 2438 3232 (16),
2492 3158 2679 3221 λίθους
2734 3158 2973 3232 τιμίοὺς,
3033 3156 3187 3230 ξύλα,
3247 3157 3471 3232 χόρτον,
3518 3155 3809 3230 καλάμην,

2158 3245 2378 3317 Ἐπειδή
2409 3245 2466 3302 δὲ
2493 3253 2600 3302 τῶν
2644 3246 3149 3316 κατασκευαζόντων
3179 3247 3247 3301 τά
3298 3244 3547 3322 δόγματα
3599 3245 3647 3300 οἷ
3709 3248 3810 3318 μὲν

2156 3335 2400 3413 γέλωτος
2449 3337 2538 3392 καὶ
2598 3335 2810 3414 χλεύης
2863 3333 2982 3408 ἄξια
3023 3341 3357 3414 φρονοῦντες,
3389 3333 3557 3390 οἷονεί
3585 3333 3813 3411 γέλωτα

399 3435 597 3489 autem
627 3444 697 3484 ex
725 3425 819 3494 iis,
851 3422 950 3496 qui
981 3423 1256 3494 dogmata
1285 3422 1657 3490 concinnant,
1689 3423 1787 3479 alii
1809 3425 2047 3496 quidem

2159 3423 2544 3496 οἰκοδομοῦσιν
2583 3447 2595 3461 ο
2657 3427 2710 3481 οἱ
2767 3423 2825 3481 δε
2881 3425 3250 3502 ἀστειότεροι,
3306 3421 3571 3480 σπουδαῖα
3643 3445 3814 3480 καταο

404 3522 528 3578 risu
558 3522 616 3575 et
641 3514 897 3571 ludibrio
920 3512 1099 3584 digna
1127 3511 1445 3567 sentientes
1477 3528 1597 3568 rem
1629 3512 2048 3570 aedificantvel-

2160 3516 2528 3584 σκευάζουσιν·
2562 3517 2590 3570 6
2621 3514 2863 3590 Μιχαίας
2920 3519 3192 3590 καθαιρῶν
3239 3515 3309 3569 τὰ
3363 3513 3642 3586 οἲκήματα
3689 3515 3811 3587 (17)

406 3611 492 3669 uti
522 3608 810 3666 ludicram
844 3609 901 3660 et
931 3601 1331 3668 deridiculam,
1360 3601 1459 3658 alii
1492 3618 1624 3659 vero
1662 3603 2046 3674 honestiores,

406 3717 500 3758 res
531 3696 715 3755 serias
745 3711 811 3750 ac
841 3690 1166 3748 laudabiles
1195 3695 1465 3746 struunt:
1526 3691 1794 3750 Miohieas
1841 3695 2048 3751 domos

396 3804 603 3847 eorum
636 3783 737 3856 qui
754 3780 1035 3838 ridiculos
1061 3795 1122 3835 se
1139 3780 1417 3851 praebent,
1442 3781 1910 3850 demoliens,ait:
1941 3785 2048 3852 Qui

392 3880 455 3936 in
485 3877 636 3942 Geth,
657 3889 730 3929 ne
749 3871 1186 3942 magniﬁcemini
1205 3884 1218 3924 :
1253 3872 1306 3925 et
1329 3871 1426 3942 qui
1478 3871 1537 3924 in
1584 3872 1825 3939 Acarim,
1873 3873 2046 3929 nolite

392 3965 728 4036 rewdiﬁcare
745 3977 816 4017 ex
843 3960 998 4015 domo
1029 3959 1085 4012 in
1109 3956 1352 4012 derisum
1393 3963 1635 4014 vestrum
1649 3959 1714 4014 ⁸⁸.
1748 3962 1817 4015 Et
1839 3977 2044 4017 rursus

395 4056 494 4112 ille
525 4055 651 4127 ipse
684 4066 892 4124 pravos
925 4047 1192 4102 doctores
1221 4046 1554 4118 increpans,
1617 4048 1798 4104 dicit:
1847 4049 2045 4105 Audite

390 4160 540 4202 nunc
567 4147 700 4208 hac,
718 4140 882 4196 duces
910 4136 1099 4192 domus
1121 4137 1372 4200 Jacob,et
1395 4137 1602 4208 reliqui
1624 4136 1813 4192 domus
1836 4139 2036 4194 Israel:

388 4236 486 4306 qui
512 4226 918 4287 abominamini
937 4225 1238 4294 judicium,
1289 4232 1341 4278 et
1387 4228 1574 4278 omnia
1623 4231 1772 4279 recta
1817 4242 2038 4295 perver-

391 4323 544 4378 titis:
579 4319 675 4390 qui
700 4315 990 4384 aediﬁcetis
1039 4311 1170 4366 Sion
1202 4313 1257 4365 in
1307 4312 1694 4382 sanguinibus,
1724 4321 1778 4368 et
1821 4315 2040 4371 Jerusa-

389 4410 495 4465 lem
525 4411 586 4462 in
646 4401 1033 4474 iniquitatibus
1088 4400 1152 4454 ⁸ο.
1215 4399 1494 4470 Quisquis
1553 4399 1710 4455 enim
1761 4403 2039 4475 dogmata

388 4498 576 4555 aliena
608 4489 1094 4559 comminiscitur,
1127 4489 1374 4542 aediﬁcat
1401 4489 1557 4556 Sion,
1611 4489 1720 4545 hoc
1741 4495 1848 4562 est,
1868 4510 2036 4550 suam

387 4585 576 4661 ipsius
607 4579 928 4657 speculam,
960 4580 1020 4634 in
1048 4577 1413 4648 sanguinibus
1437 4596 1457 4633 :
1487 4582 1542 4632 et
1573 4577 1676 4650 qui
1733 4582 2040 4640 constituit

455 4789 499 4825 ⁸⁸
528 4785 731 4844 Matth.
762 4799 862 4855 vn,
892 4781 984 4836 24.
1057 4779 1103 4814 ⁵⁷
1132 4783 1157 4834 Ῑ
1187 4779 1314 4834 Cor.
1348 4795 1431 4848 III,
1467 4779 1553 4846 11,
1588 4780 1672 4835 12.
1749 4781 1792 4815 ⁸⁸
1821 4782 1992 4839 Mich.
2025 4799 2042 4838 ι

458 4976 906 5064 (-13)ῌι1ἱῐὶ,ηΚαὶ
934 4973 1090 5064 διότι.
1123 4973 1411 5064 Deest.qu
1447 4977 1504 5032 in
1557 4983 1812 5064 utroque
1866 4986 2032 5064 Com-

387 5049 502 5116 bel‘.
538 5049 595 5113 et
621 5057 682 5111 in
715 5054 844 5109 aliis
886 5055 1135 5122 quatuor
1184 5049 1505 5122 codicibus.
1557 5054 1672 5105 Nec
1716 5049 1801 5108 ita
1851 5055 2034 5110 multo

393 5135 525 5204 post
553 5129 718 5192 editi,
753 5123 806 5204 αἱ
837 5117 1032 5204 ἀρχαί..
1063 5120 1234 5186 lllud,
1268 5117 1344 5204 αἱ,
1370 5122 1642 5204 nequein
1668 5125 2037 5204 (Iombeilsia-

393 5191 507 5268 nis,
540 5215 730 5271 neque
761 5199 820 5271 in
853 5191 1068 5271 nostris
1100 5209 1242 5271 mss:
1269 5191 1514 5271 legitur.
1542 5198 1659 5249 Hoc
1683 5196 1808 5266 ipso
1831 5197 1890 5252 in
1910 5198 2036 5271 loco

391 5262 611 5340 excusi,
637 5262 728 5330 αῖς
760 5262 1183 5340 ἒπερειδόμενοι.
1215 5265 1288 5317 At
1331 5265 1516 5318 nostri
1565 5282 1667 5322 sex
1705 5262 1880 5338 mea,
1934 5268 2035 5340 οἷς,

392 5341 943 5418 δόγμκσξγὶίῖθιίςθῒο
1042 5403 1067 5418 ..
1192 5409 1241 5418 ..
1400 5404 1411 5414 -

461 5403 777 5486 (14)Εάὶῐί,
809 5409 1001 5464 οἰκίαν·
1038 5403 1142 5460 ὅτι.
1175 5409 1250 5458 At
1280 5403 1415 5460 libri
1444 5410 1666 5464 veteres
1699 5409 1783 5464 uti
1807 5411 1866 5466 in
1900 5428 2037 5467 con-

632 5555 928 5632 Antiquus
1002 5545 1594 5632 Combeﬁsiivcoden,
1655 5545 1850 5623 λόγους
1917 5551 2034 5632 καί.

391 5617 671 5702 Ejusdem
703 5617 884 5702 codex
904 5620 1192 5681 recentior
1220 5623 1277 5674 et
1306 5617 1405 5674 alii
1435 5620 1670 5691 quidam
1701 5617 1833 5680 cum
1867 5626 2039 5682 editis

392 5697 674 5760 omittunt
695 5697 808 5755 καί.

463 5775 578 5853 (16)
608 5777 844 5831 Veteres
874 5768 1100 5843 aliquot
1126 5762 1282 5836 libri,
1313 5763 1561 5839 χρυσίον,
1590 5765 1868 5844 ἀργύριον.

2158 3608 2264 3659 τῶν
2323 3602 2764 3680 καταγελάστων,
2796 3605 2865 3662 Οἱ
2922 3605 2973 3659 ἒν
3034 3603 3150 3673 Γὲθ,
3179 3603 3334 3681 φησὶ,
3370 3604 3446 3677 μὴ
3511 3600 3809 3676 μεγαλύνε-

2159 3705 2294 3757 σθεο
2342 3694 2432 3749 καὶ
2511 3695 2564 3748 οἱ
2641 3694 2693 3749 δν
2769 3696 3058 3770 ³Ακαρεὶμ,
3120 3694 3196 3766 μή
3280 3689 3692 3764 ἀνοικοδομεῖτε
3751 3691 3807 3762 ἐξ

2157 3779 2309 3837 οἷ’κου
2356 3782 2492 3838 κατᾶ
2530 3781 2744 3858 γέλωτα
2795 3784 2969 3855 ὑμῶν.
3020 3782 3123 3838 Καὶ
3176 3780 3340 3837 πάλιν
3374 3783 3402 3836 6
3458 3780 3618 3843 αὐτὸς
3678 3781 3808 3835 ἑπι-

2153 3869 2413 3943 πλήττων
2474 3874 2782 3948 μοχθηροῖς
2841 3869 3215 3940 διδασκάλοις,
3267 3871 3470 3948 φησίν·
3505 3868 3808 3926 Ἀκούσατε

2155 3957 2222 4030 δὴ
2282 3966 2468 4034 ταῦτα,
2517 3962 2569 4016 οἱ
2624 3962 2923 4036 ἡγούμενοι
2981 3959 3140 4017 οἷ’κου
3194 3955 3410 4027 Ἰακὼϐ,
3439 3960 3526 4014 καὶ
3588 3959 3642 4014 οἱ
3696 3979 3806 4012 κα-

2150 4049 2406 4106 τάλοιποι
2467 4049 2622 4106 οἴκου
2680 4050 2922 4126 Ἰσραὴλ,
2986 4049 3042 4106 οἷ’
3095 4047 3519 4125 βδελυσσόμενοι
3599 4052 3804 4124 κρῖμα,

2149 4140 2240 4194 καὶ
2282 4141 2456 4194 πάντα
2519 4141 2587 4195 τὰ
2644 4140 2779 4216 ὀρθὰ
2835 4137 3278 4217 διαστρέφοντες,
3336 4139 3387 4192 οἱ
3439 4134 3806 4210 οἰκοδομοῦν-

2148 4247 2234 4289 τες
2293 4229 2436 4283 Σιὼν
2486 4230 2538 4284 ὲν
2594 4227 2809 4302 αἶ’μασι,
2864 4231 2952 4284 καὶ
3013 4227 3376 4304 Ἰερουσαλὴμ
3430 4227 3483 4283 ἓν
3533 4225 3800 4289 ἀδικίαις.

2152 4321 2262 4379 Πᾶς
2293 4319 2406 4392 (18)
2438 4318 2541 4394 γὰρ
2569 4319 2598 4373 6
2621 4318 2689 4373 τὰ
2738 4316 3008 4394 ἀλλότρια
3061 4318 3470 4386 κατασκευάζων
3523 4313 3802 4390 δόγματα,

2149 4403 2435 4479 οἰκοδομεῖ
2489 4409 2587 4476 τὴν
2646 4409 2810 4478 Σιὼν,
2837 4407 3080 4463 τουτέστι
3131 4409 3194 4463 τὸ
3249 4407 3440 4462 ἑαυτοῦ
3492 4408 3802 4477 σκοπευτή-

2149 4515 2291 4571 ριον,
2326 4497 2378 4550 ὲν
2419 4495 2631 4570 αἶ’μασι·
2665 4498 2755 4552 καὶ
2787 4498 2815 4552 6
2846 4496 3093 4558 συνιστὰς
3149 4493 3441 4566 ἒκκλησίαν
3501 4515 3804 4569 πονηρευο-

2149 4587 2345 4658 μένων,
2381 4582 2669 4660 οἰκοδομεῖ
2697 4587 2798 4656 τὴν
2828 4583 3192 4662 Ἰερουσαλὴμ
3230 4586 3283 4641 ὲν
3314 4581 3569 4648 ἀδικίαις.
3601 4582 3671 4641 Εἰ
3701 4582 3799 4640 οὖν

2048 4828 2064 4854 ,
2103 4785 2188 4840 10.
2264 4785 2310 4821 ⁸⁸
2338 4784 2514 4842 Mich.
2547 4802 2632 4857 ιιι,
2661 4788 2716 4856 9,
2751 4788 2837 4842 10.

2216 4983 2327 5053 (17)
2360 4983 2510 5039 Editi
2541 4989 2596 5038 et
2625 4985 2740 5039 duo
2771 5000 2936 5050 mss.,
2993 4984 3150 5036 καθαι
3191 4985 3263 5036 ὧν
3295 4981 3362 5036 τὰ
3409 4981 3651 5053 οἶήματα
3703 4985 3799 5051 fa-

2216 5071 2288 5108 im
2315 5059 2367 5109 et
2397 5057 2774 5110 arroaantiam
2802 5056 3078 5110 cohibens.
3113 5001 3224 5110 Alii
3255 5061 3375 5110 tres
3397 5071 3563 5110 mss..
3603 5052 3799 5110 καθαί-

2143 5062 2288 5108 slum
2313 5052 2367 5140 et
2397 5057 2774 5145 arrogantiam
2799 5056 3078 5145 cohibens.
3113 5052 3224 5110 Alii
3255 5061 3375 5140 tres
3397 5052 3563 5122 mea,
3603 5052 3800 5145 x302!-

2147 5143 2253 5199 ρων
2285 5126 2349 5178 τὰ
2389 5126 2650 5197 otism—ca,
2708 5130 2910 5198 fastum
2964 5136 3016 5183 et
3069 5129 3451 5196 arrogantiam
3491 5126 3797 5181 mundans.

2146 5196 2321 5262 Alter,
2381 5202 2626 5270 καθορῶν
2655 5199 2722 5251 τὰ
2752 5197 3014 5270 οῒήματα,
3043 5201 3254 5270 fastum
3307 5204 3360 5255 et
3402 5200 3801 5270 arrogantiam

2146 5215 2321 5262 Alter,
2381 5215 2626 5273 καθορων
2655 5217 2722 5251 τα
2752 5215 3014 5270 οῖηματα,
3043 5215 3254 5270 fastum
3307 5215 3360 5255 et
3402 5215 3800 5270 arrogantiam

2145 5271 2389 5324 intuens.
2451 5271 2588 5335 Quae
2633 5272 2832 5326 omnia
2879 5272 3021 5326 ouin
3071 5271 3280 5327 vitiosa
3334 5271 3477 5338 sint,
3531 5269 3800 5325 dubitari

2143 5340 2240 5394 vix
2271 5347 2477 5410 potest.
2511 5342 2802 5398 Malumus
2832 5343 3013 5411 igitur
3043 5344 3212 5415 sequi
3238 5341 3636 5398 Colbertinum
3659 5341 3799 5468 (pri-

2148 5429 2330 5468 mum.
2365 5415 2484 5468 aui.
2517 5420 2581 5468 ut
2609 5431 2808 5468 verum
2842 5415 3153 5468 fateamur.
3187 5431 3301 5468 non
3336 5414 3521 5468 prima
3550 5411 3655 5468 qui
3699 5427 3799 5468 em

2148 5429 2330 5479 mum,
2365 5415 2484 5485 qui,
2517 5420 2581 5470 ut
2609 5431 2808 5487 verum
2842 5415 3153 5487 fateamur,
3187 5431 3301 5470 non
3336 5415 3521 5487 prima
3550 5415 3803 5487 quidem

2147 5500 2352 5552 manu,
2382 5482 2484 5560 sed
2519 5486 2762 5558 antiqua
2794 5492 2987 5542 tamen
3012 5482 3512 5560 habet,xae'aipibv
3541 5482 3808 5560 ricini-

2150 5574 2315 5639 ματα,
2372 5558 2689 5639 ιίιενηιόιίρη.ςΔ
2727 5561 2932 5639 domos.
2964 5558 3415 5639 _Combeiisiu_s,
3493 5558 3808 5639 conjectu-

2150 5629 2530 5755 ratduntaxat
2558 5631 2794 5698 ductus,
2825 5631 2906 5686 ita
2963 5628 3278 5703 legendum
3319 5631 3448 5700 jam
3487 5628 3812 5701 judicave-

2150 5717 2213 5755 ra
2245 5743 2257 5754 .

2149 5717 2334 5847 η(18)
2366 5772 2519 5830 Libri
2545 5777 2790 5844 veteres,
2821 5773 2954 5836 Πᾶς.
2985 5772 3196 5834 Nostra
3223 5771 3424 5846 editio,
3456 5769 3519 5830 Ὀ
3548 5772 3692 5850 πῶς..
