4130 6210
289 411 401 471 369

1143 403 1544 467 COMMENT.
1593 405 1670 465 IN
1715 405 1983 465 ISAIAM
2029 401 2530 467 PROPHE'I‘AM.
2579 404 2749 465 CAP.
2793 405 2869 466 V.

3576 404 3697 465 370

294 537 388 595 δύο
427 538 572 594 ἔστιν
606 534 726 608 εἴδη
760 535 1068 612 οἰκοδομῶν
1099 539 1232 610 (19)*
1281 536 1346 593 τὸ
1381 535 1474 610 μὶν
1505 535 1726 612 ἀγαθὸν,
1761 538 1822 592 τὸ
1853 537 1936 592 ἐπὶ

2055 538 2360 594 ecclesiam
2396 538 2650 611 maligne
2663 535 3091 610 agentium,ille
3103 534 3348 592 exstruit
3365 536 3696 594 Jerusalem

286 631 386 700 τὴν
438 629 660 702 πέτραν,
721 628 810 682 καὶ
863 625 950 682 ἐπὶ
987 627 1079 681 τὸν
1131 623 1384 700 θεμέλιον
1432 631 1529 681 τοῦ
1569 630 1821 699 Χριστοῦ⁸
1877 627 1938 680 τὸ

289 716 346 774 δὶ
375 715 559 792 ἕτερον
611 714 839 795 φαῦλον,
893 717 922 772 ὃ
969 716 1059 770 καὶ
1084 714 1486 790 καταγέλαστόν
1546 717 1654 770 ἑστι
1712 717 1801 771 καὶ
1831 715 1938 771 ἀπ·-

288 806 488 869 ωλείας
523 803 694 861 αἶ’τιον
727 803 1094 878 (20),εἳκότως
1125 805 1152 859 ὁ
1184 803 1347 881 λόγος
1377 803 1650 874 ταλανίζει
1679 805 1806 868 τοὺς
1835 806 1936 873 τὴν

286 897 496 974 ἀγαθὴν
532 894 709 950 οὶκίαν
767 898 835 969 τῇ
886 895 1191 972 φαυλοτέρα
1240 896 1623 962 συνάπτοντας,
1653 894 1742 949 καὶ
1771 895 1936 949 οἱονεὶ

287 987 581 1063 μιγνύντας
639 985 707 1040 τὰ
754 982 979 1058 ἄμικτα.
1028 985 1369 1055 Ἐπιστήσεις
1400 982 1477 1056 δὶ,
1540 986 1754 1057 μήποτε
1810 986 1934 1039 πάν-

278 1099 369 1140 τες
406 1078 706 1151 ἅνθρωποι,
758 1073 789 1129 6'
830 1096 882 1129 τι
933 1074 1055 1129 ποτ’
1105 1073 1194 1128 οὖν
1227 1074 1349 1148 περὶ
1383 1072 1638 1144 ἀληθείας
1672 1071 1936 1148 δογματί-

282 1173 486 1238 ζοντες,
519 1165 689 1240 ὑγιὲσι
736 1163 848 1219 τισὶ
895 1164 982 1218 καὶ
1039 1160 1266 1234 ἀληθέσι
1306 1167 1422 1225 τοῖς
1452 1160 1936 1239 προκατειλημμέ-

276 1276 399 1317 νοις
437 1255 574 1309 κατά
618 1255 714 1315 τὰς
767 1251 954 1315 κοινὰς
1003 1252 1210 1314 ἑννοίας
1240 1251 1329 1306 καὶ
1361 1251 1772 1327 ἐνεσπαρμὲνοις
1832 1251 1935 1307 ὐπὸ

274 1347 377 1401 τοῦ
423 1345 802 1418 Δημιουργοῦ,
850 1339 1024 1410 καλὴν
1057 1337 1277 1416 ἔχοντες
1308 1339 1501 1408 οἰκίαν,
1537 1341 1660 1394 ὅταν
1695 1341 1936 1419 σφαλλό-

279 1453 437 1506 μενοι
467 1439 570 1500 τῆς
602 1429 890 1500 ἀληθείας,
946 1429 1214 1506 ἀλλότρια
1259 1436 1361 1500 τῆς
1399 1428 1540 1491 Θείας
1589 1427 1935 1492 διδασκαλίας

276 1523 338 1578 ὲκ
367 1527 471 1591 τῆς
521 1518 716 1590 ’ἔξωθεν
775 1517 982 1590 ἀπάτης
1041 1517 1422 1594 ἐπεισάγωσιν,
1476 1520 1590 1572 οἷον
1620 1518 1763 1590 οἰκίᾳ
1791 1516 1935 1593 καλῇ

278 1611 640 1666 συνάπτουσιν
676 1607 851 1663 οῗκίαν
882 1609 982 1677 τὴν
1013 1609 1259 1684 χείρονα.
1283 1608 1382 1663 Καὶ
1411 1611 1576 1662 ταῦτα
1611 1607 1706 1681 μὶν
1738 1606 1815 1670 εἷς
1845 1608 1935 1662 τὸν

277 1697 409 1774 περὶ
442 1704 544 1767 τῆς
579 1696 756 1760 οἰκίας
787 1697 972 1772 λόγον.

2049 627 2107 683 in
2137 627 2632 699 injustiis.ltaque
2661 627 2840 682 siduo
2872 629 3007 682 sunt
3040 623 3415 680 aediﬁciorum
3439 639 3692 696 genere:

2047 715 2294 771 alterum
2328 716 2565 787 quidem
2595 717 2837 784 bonum,
2871 715 2927 768 in
2948 719 3112 786 petra
3140 717 3198 769 et
3225 713 3284 768 in
3318 712 3532 769 Christi
3555 713 3694 769 fun-

2046 808 2316 863 damento
2341 808 2692 872 stabilitum,
2723 807 2969 862 alterum
3003 823 3136 862 vero
3178 805 3421 873 malum,
3453 809 3512 861 et
3564 803 3694 861 irri-

2047 897 2269 952 sionem
2304 897 2507 951 afferat
2538 900 2595 951 et
2615 897 2957 968 perniciem,
2992 896 3118 966 iure
3150 894 3369 966 optimo
3400 910 3498 951 eos
3528 894 3692 968 luget

2045 986 2468 1058 Scriptura,qui
2489 987 2728 1041 domum
2746 986 2958 1041 bonam
2982 1001 3114 1040 cum
3139 983 3424 1040 deteriore
3445 985 3690 1056 conjun-

2045 1081 2210 1148 gunt,
2245 1081 2299 1131 et
2331 1076 2762 1146 quodammodo
2787 1091 2910 1146 quae
2924 1078 3305 1145 nonpossunt
3326 1073 3689 1146 permisceri,

2047 1164 2610 1238 permiscent.Velim
2633 1168 2828 1219 autem
2858 1163 3461 1231 animadvertas,num
3486 1177 3694 1219 omnes

2048 1253 2314 1309 homines
2332 1253 2764 1325 qualiacunque
2779 1253 2849 1308 de
2869 1252 3111 1308 veritate
3133 1251 3407 1323 dogmata
3439 1252 3693 1307 tradide-

2048 1344 2186 1407 rint,
2218 1347 2304 1398 ex'
2329 1343 2785 1415 cogitationibus
2835 1341 3191 1412 quibusdam
3232 1341 3392 1397 sanis
3430 1345 3488 1397 et
3517 1341 3691 1409 veris,

2046 1433 2420 1502 iisquejuxta
2451 1447 2789 1486 communes
2816 1431 3082 1486 notiones
3109 1428 3694 1502 praeconceptis,sibi-

2047 1538 2158 1592 que
2193 1521 2264 1575 ab
2297 1519 2504 1592 opiﬁce
2537 1536 2728 1574 rerum
2763 1519 3070 1590 inspersis,
3105 1518 3343 1573 domum
3385 1518 3692 1590 pulchram

2048 1610 2352 1677 habentes,
2385 1626 2519 1664 cum
2562 1627 2594 1664 a
2623 1609 2862 1663 veritate
2893 1608 3228 1664 aberrantes
3258 1624 3326 1663 ex
3355 1623 3550 1664 errore
3596 1624 3691 1664 ex-

2046 1703 2214 1753 terno
2241 1697 2464 1768 aliquid
2499 1715 2530 1752 a
2563 1697 2762 1752 divina
2786 1697 3052 1752 doctrina
3082 1695 3341 1752 alienum
3374 1701 3432 1752 et
3477 1697 3690 1752 abhor-

279 1807 421 1847 rens
451 1791 756 1862 promunt,
788 1788 1246 1856 animadvertas,
1279 1789 1545 1859 inquam,
1580 1805 1722 1844 num
1750 1787 1926 1845 veluti
1953 1789 2150 1844 domui
2185 1788 2439 1860 pulchrm
2485 1788 2827 1842 deteriorem
2861 1787 3209 1859 adiungant.
3267 1787 3335 1841 Et
3389 1785 3511 1842 haec
3561 1787 3690 1859 qui-

283 1880 420 1937 dem
450 1878 611 1934 dicta
639 1884 812 1933 sunto
843 1877 915 1934 de
935 1879 1146 1934 domus
1173 1877 1476 1934 vocabulo.

366 1968 487 2024 153.
519 1963 744 2035 Ἐπειδὴ
780 1962 836 2020 δὲ
867 1967 896 2019 6
924 1966 1072 2041 ἅγιος
1103 1964 1166 2021 οὐ
1201 1967 1366 2038 μόνον
1420 1969 1553 2020 Θεοῦ
1599 1964 1740 2020 ἐστιν
1790 1964 1936 2020 οἷκο-

2122 1968 2242 2022 153.
2276 1967 2560 2031 Quoniam
2595 1971 2792 2022 autem
2824 1970 3066 2022 sanctus
3097 1982 3210 2020 non
3231 1965 3328 2021 Dei
3351 1964 3542 2021 solum
3561 1965 3694 2020 aedi.

301 2052 474 2127 δομή,
507 2053 651 2109 ἀλλὰ
679 2053 768 2109 καὶ
801 2057 935 2109 Θεοῦ
959 2054 1246 2130 γεώργιον,
1279 2054 1354 2116 ὠς
1404 2053 1432 2108 6
1482 2053 1748 2126 μακάριος
1801 2057 1942 2108 Παῦ-

297 2143 397 2205 λός
443 2161 594 2220 φησι·
644 2143 738 2198 καὶ
787 2145 822 2212 ἡ
873 2140 1006 2212 αὐτὴ
1057 2143 1212 2218 ψυχὴ
1271 2144 1384 2216 (21)
1429 2140 1819 2215 τεθεμελίωται
1868 2143 1943 2205 ὠς

295 2232 464 2307 οἲκία,
528 2235 620 2290 καὶ
686 2233 974 2312 ἐρῥίζωται
1047 2233 1122 2296 ὡς
1190 2232 1352 2312 φυτόν
1411 2235 1522 2306 (Ἐν
1573 2232 1752 2309 ἀγάπῃ
1805 2233 1940 2310 γὰρ,

292 2325 496 2402 φησὶν,
560 2322 920 2400 ὲρῤιζωμενοι
971 2321 1062 2378 καὶ
1117 2321 1614 2397 τεθεμελιωμένοιγ
1675 2324 1801 2401 ιρὲρε
1852 2322 1942 2378 καὶ

290 2413 413 2484 περὶ
442 2416 545 2468 τοῦ
595 2413 732 2468 κατὰ
771 2413 864 2468 τὸν
917 2413 1076 2489 ἀγρὸν
1127 2417 1538 2488 προσεγγισμοῦ
1570 2407 1940 2486 διαλάϐωμεν,

289 2504 348 2559 δν
381 2505 434 2559 οἱ
464 2501 695 2582 φαύλως
744 2507 1036 2566 ποιοῦντες
1090 2503 1179 2559 καὶ
1231 2501 1606 2579 ζσφαλμὲνως,
1644 2507 1713 2577 τῇ
1763 2501 1941 2578 ἐγκει-

296 2595 428 2668 μᾶνῃ
464 2594 782 2670 κατακρίσει
841 2590 1092 2649 ὑπόδικοι
1148 2591 1408 2668 γίνονται.
1467 2595 1603 2650 "Och
1662 2593 1752 2648 οὗν
1815 2594 1936 2670 περὶ

289 2682 558 2758 γεωργίας
638 2681 852 2758 εἴρηται
884 2724 901 2752 ,
976 2683 1051 2746 ὡς
1102 2688 1324 2759 συγγενῆ
1381 2686 1497 2744 τοῖς
1556 2683 1940 2759 προκειμένοις

292 2772 753 2845 συνιξετάσωμιν.
813 2773 966 2827 Ἔστι
999 2772 1094 2845 μὲν
1124 2769 1214 2827 οῦν
1252 2771 1435 2826 ἀστεία
1483 2769 1692 2850 φυτεία,
1720 2773 1754 2841 ἡ
1805 2770 1940 2826 κατᾶ

286 2859 377 2915 τὸν
412 2861 757 2934 Σολομῶντα
800 2861 1052 2938 λίγοντα.
1121 2860 1412 2937 Ἐφύτευσά
1466 2882 1558 2934 μοι
1615 2859 1936 2934 ἀμπελῶνα,

290 2949 524 3020 ἐποίησά
596 2971 690 3023 μοι
756 2952 966 3022 κήπους
1029 2949 1125 3006 κπὶ
1193 2948 1588 3027 παραδείσους,
1646 2950 1734 3005 καὶ
1813 2950 1938 3028 ἐφύ-

287 3058 452 3093 τευσα
500 3037 556 3094 ἐν
605 3040 795 3102 αὐτοῖς
874 3037 1032 3110 ξύλον
1095 3045 1200 3095 πᾶν
1255 3040 1485 3114 καρποῦ.
1537 3041 1690 3097 Ἔστι
1752 3036 1809 3094 δέ
1854 3060 1936 3102 τις

289 3128 502 3204 φυτεία,
535 3129 598 3198 ἢν
631 3129 730 3184 ούκ
777 3126 1058 3207 ἐφύτευσεν
1110 3130 1138 3184 6
1171 3129 1418 3206 οὐράνιος
1448 3131 1656 3205 Πατὴρ,
1688 3128 1808 3198 ἥτις
1847 3128 1936 3184 καὶ

291 3216 600 3292 ἑκριζοῦται
651 3217 786 3273 κατὰ
812 3219 912 3288 τὴν
955 3216 1186 3289 ἀπειλὴν
1231 3223 1326 3274 τοῦ
1357 3218 1580 3289 Κυρίου.
1633 3217 1779 3289 Αὕτη
1814 3215 1870 3273 δὲ
1899 3223 1933 3289 ἠ

286 3307 477 3407 φυτεία
507 3305 568 3362 ἐκ
743 3311 912 3407 φυτοῦ
966 3305 1228 3407 Σοδόμων
1260 3310 1358 3378 τὴν
1389 3304 1633 3407 ἄμπελον
1675 3304 1933 3407 ἔχει,“καὶ
1966 3341 2009 3407 C

282 3397 387 3465 τήν
417 3393 738 3469 κληματίδα
789 3395 849 3451 ἐκ
889 3395 1193 3474 Γομόρρας,
1246 3398 1335 3452 καὶ
1368 3395 1718 3475 στφραφυλήν
1752 3395 1934 3474 χολῆς

285 3489 541 3561 γεωργεῖ,
589 3506 679 3539 και
733 3485 930 3561 βότρυν
976 3485 1198 3561 πικρίας
1239 3485 1386 3564 φέρει
1415 3491 1529 3548 τοῖς
1557 3487 1932 3560 κεκτημένοις.

286 3574 474 3646 Θυμὸς
522 3571 826 3650 δρακόντων
876 3575 903 3630 6
951 3576 1098 3637 οἶνος
1146 3574 1344 3646 αὐτῶν,
1401 3577 1488 3630 καὶ
1552 3576 1719 3650 θυμὸς
1777 3577 1934 3632 ἀσπί-

284 3684 398 3738 γων
457 3662 675 3726 ἀνίατος
927 3664 990 3721 Ὁ
1047 3663 1139 3718 οὖν
1193 3664 1590 3742 καταφυτεύσας
1636 3665 1698 3720 τὸ
1747 3665 1934 3720 ἑαυτοῦ

288 3754 620 3828 ἡγεμονικὸν
673 3754 820 3828 πάσῃ
869 3753 1216 3830 καρποφορίᾳ
1261 3758 1623 3828 πνευματικῇ,
1682 3756 1769 3809 καὶ
1820 3759 1936 3817 τοῖς

287 3840 351 3896 ix
405 3840 617 3918 φύσεως
647 3841 1012 3919 ἰρῥιζωθεῖσιν
1065 3841 1212 3914 αύτῷ
1240 3842 1376 3918 πρὸς
1414 3839 1666 3915 ἐπίδειξιν
1712 3848 1934 3917 καρπῶν

291 3927 644 4002 δικαιοσύνης
685 3931 833 4006 παρὰ
878 3935 976 3986 τυῦ
1022 3930 1302 3994 κτίσαντος
1350 3926 1627 3986 ἐπιϐαλὼν
1657 3931 1724 3986 τὰ
1753 3931 1812 3987 ἐκ
1838 3937 1935 3987 τοῦ

286 4024 534 4096 πονηροῦ
565 4024 832 4097 γεωργοῦ,
884 4017 1039 4083 οὗτός
1082 4018 1224 4075 ἐστιν
1255 4021 1283 4074 6
1315 4017 1403 4075 διὰ
1430 4022 1519 4076 τὸν
1556 4021 1934 4098 ἀπηγορευμέ-

285 4130 378 4164 νον
427 4111 834 4186 προσεγγισμὸν
896 4109 1062 4186 ἀγροῦ
1118 4111 1255 4186 πρὸς
1306 4109 1468 4186 ἀγρὸν
1506 4109 1611 4166 ὐπὸ
1640 4114 1737 4165 τοῦ
1768 4109 1936 4188 λόγου

282 4198 734 4272 τιλανιζόμενος.
769 4198 866 4254 Διᾶ
906 4203 1067 4254 τοῦτο
1118 4200 1208 4255 καὶ
1251 4200 1467 4255 ἀπειλεῖ
1494 4202 1644 4273 αὐτῷ
1671 4202 1770 4270 τὴν
1805 4202 1934 4279 ἀφο-

291 4288 429 4364 ρίαν,
482 4289 558 4352 ὡς
613 4290 688 4362 μή
737 4287 1037 4360 ὶξοίσοντος
1093 4289 1461 4365 ἀναλογοῦντα
1513 4294 1582 4364 τῇ
1615 4286 1937 4362 διδασκαλίᾳ

288 4383 356 4453 τῇ
388 4377 514 4450 περῖ
545 4378 707 4434 αὐτὸν
753 4378 822 4434 τὸ.
864 4382 972 4434 τῶν
1022 4383 1243 4454 καρπῶν
1284 4376 1656 4456 ἐπιδείγματα.
1704 4381 1780 4438 Οὔ
1831 4379 1935 4455 γὰρ

289 4467 558 4544 ἔργῶνται
609 4467 735 4523 δεκα
783 4467 946 4545 ζεύγη
1000 4468 1169 4544 βοῶν,
1214 4470 1432 4540 ποιήσει
1462 4470 1724 4545 κεράμιον
1751 4467 1829 4524 ἓν.
1871 4470 1934 4525 Ἡ

292 4560 387 4632 μὶν
417 4556 563 4628 λίξις
592 4558 692 4627 τήν
725 4556 993 4633 ὶγχώριον
1027 4559 1311 4628 συνήθειαν
1344 4557 1488 4634 λέγει
1519 4562 1624 4613 τῶν
1655 4559 1790 4614 κατὰ
1835 4561 1932 4629 τήν

290 4647 561 4716 Φοινίκην
603 4643 692 4700 διὰ
745 4647 888 4722 βοῶν
939 4647 1316 4723 ἀροτριῶντων
1369 4648 1468 4716 τήν
1520 4646 1785 4720 ἄμπελον’
1820 4648 1848 4702 6
1879 4645 1935 4702 δὲ

2055 2055 2246 2111 ﬂcatio
2279 2057 2498 2125 est,sed
2516 2057 2612 2110 Dei
2632 2055 2806 2110 etiam
2822 2054 3294 2127 agricultura,uti
3316 2055 3523 2112 beatus
3545 2061 3694 2112 Pau-

2053 2144 2148 2200 lus
2180 2145 2261 2200 ait
2281 2146 2360 2214 ⁷ος
2404 2150 2460 2201 et
2483 2145 2757 2216 quoniam
2778 2144 2980 2199 eadem
3014 2143 3467 2200 animafundata
3486 2149 3576 2200 est
3589 2161 3693 2201 ceu

2053 2236 2288 2300 domus,
2321 2252 2387 2291 ac
2425 2236 2686 2290 radicata
2724 2239 3006 2306 tanquam
3059 2234 3257 2306 planta
3295 2235 3379 2305 (In
3424 2234 3696 2292 charitate

2053 2325 2233 2392 enim,
2256 2325 2464 2396 inquit,
2497 2324 2735 2380 radicati
2761 2332 2812 2379 et
2837 2323 3067 2394 fundati
3094 2323 3200 2393 7‘):
3235 2323 3482 2395 agedum
3516 2323 3690 2379 etiam

2052 2415 2122 2470 de
2153 2415 2276 2486 agri
2299 2415 2370 2470 ad
2390 2430 2596 2487 agrum
2621 2412 2948 2470 admotione
2971 2413 3336 2468 disseramus
3360 2432 3373 2480 ;
3395 2429 3570 2484 quam
3591 2413 3692 2486 qui

2051 2502 2344 2559 malitiose
2375 2508 2432 2558 et
2461 2519 2593 2559 cum
2624 2518 2818 2558 errore
2846 2506 3146 2574 praestant,
3179 2501 3454 2571 subjectae
3495 2501 3691 2558 multae

2049 2595 2202 2651 ﬁunt
2222 2595 2476 2651 obnoxii.
2509 2595 2880 2665 Quaecunque
2921 2593 3103 2665 igitur
3142 2592 3212 2646 de
3277 2593 3692 2664 agricolatione

2049 2690 2189 2742 sunt
2216 2686 2390 2749 dicta,
2427 2691 2623 2758 utpote
2654 2684 2726 2739 iis
2749 2701 2873 2756 quae
2899 2684 2970 2740 ad
2991 2699 3228 2738 manum
3257 2686 3394 2738 sunt
3415 2683 3688 2752 confinia,

2050 2775 2224 2832 simul
2267 2775 2650 2830 excutiamus.
2685 2779 2834 2829 Sane
2863 2773 3101 2845 elegans
3129 2775 3220 2827 est
3248 2776 3304 2827 et
3321 2773 3500 2843 proba
3530 2771 3689 2843 plan-

2047 2865 2215 2930 tatio,
2251 2863 2349 2918 illa
2370 2862 2595 2920 scilicet
2625 2863 2979 2928 Salomonis,
3010 2861 3111 2932 qui
3134 2861 3242 2916 ait:
3279 2861 3534 2916 Plantavi
3551 2861 3692 2916 mihi

2047 2958 2266 3012 vineam
2286 2974 2304 3010 :
2334 2957 2442 3026 feci
2471 2954 2610 3008 mihi
2638 2955 2820 3010 hortos
2848 2958 2902 3007 et
2941 2953 3214 3023 pomaria,
3259 2959 3309 3006 et
3334 2951 3586 3022 plantavi
3631 2951 3690 3006 in

2047 3046 2125 3102 eis
2149 3046 2361 3116 lignum
2386 3059 2544 3099 omne
2558 3043 2849 3114 fructus".
2879 3039 3401 3112 Contra,plantatio
3424 3041 3693 3112 quaedam
3759 3103 3766 3111 ι

2047 3141 2154 3204 est,
2190 3151 2364 3206 quam
2397 3150 2512 3188 non
2539 3132 2822 3204 plantavit
2849 3131 3014 3186 Pater
3041 3129 3318 3198 caelestis,
3341 3146 3468 3200 quae
3500 3134 3557 3184 et
3572 3145 3694 3185 era-

2047 3223 2296 3290 dicatur,
2331 3223 2501 3293 juxta
2534 3219 2763 3275 Domini
2793 3217 3309 3275 comminationem
3340 3218 3403 3271 ⁷³.
3429 3217 3556 3272 Haec
3587 3235 3690 3274 au-

2046 3317 2161 3369 tem
2195 3313 2476 3385 plantatio
2499 3313 2674 3368 habet
2695 3312 2871 3367 vitem
2901 3327 2966 3366 ex
2984 3311 3367 3364 Sodomorum
3402 3307 3692 3381 plantario

2046 3402 2353 3470 consitam,
2387 3407 2444 3458 et
2475 3401 2770 3474 palmitem
2812 3417 2880 3456 ex
2907 3398 3230 3454 Gomorrha
3273 3401 3638 3468 exportatum
3671 3419 3686 3468 ;

2045 3493 2262 3564 profert
2290 3492 2486 3546 itidem
2521 3508 2687 3545 uvam
2724 3489 3077 3560 fellis,atque
3099 3487 3224 3544 suis
3252 3487 3691 3558 possessoribus

2045 3598 2343 3637 racemum
2378 3581 2498 3636 edit
2536 3577 2968 3634 amaritudinis.
3020 3580 3196 3634 Furor
3251 3577 3558 3632 draconum
3601 3577 3683 3632 vi-

2043 3687 2178 3727 num
2207 3687 2418 3738 eorum,
2453 3670 2604 3725 488
2635 3673 2686 3724 ct
2713 3671 2875 3739 [uror
2915 3666 3169 3739 aspidum
3223 3665 3559 3721 insanabilis
3614 3667 3680 3723 ⁷⁸.

2045 3760 2153 3824 Qui
2187 3759 2366 3832 igitur
2386 3764 2638 3813 mentem
2659 3773 2825 3812 suam
2860 3755 3020 3812 omni
3050 3756 3412 3827 plantatione
3460 3757 3684 3812 fructus

2045 3847 2234 3903 omnis
2265 3846 2494 3919 generis
2517 3845 2744 3914 ferenti,
2777 3861 2962 3916 eaque
2980 3843 3229 3914 spiritali
3287 3845 3562 3912 consevit,
3596 3849 3688 3901 at-

2047 3937 2232 4009 quein
2257 3935 2564 3990 facultates
2583 3932 2902 3998 naturales,
2928 3949 3055 4004 quae
3087 3932 3286 4002 inipso
3317 3949 3351 3986 a
3379 3932 3687 3988 Conditore

2046 4026 2116 4081 ad
2150 4025 2374 4080 fructus
2407 4022 2644 4094 iustitia:
2677 4021 3053 4093 proferendos
3084 4021 3354 4076 radicatze
3406 4028 3559 4093 sunt,
3601 4020 3685 4076 in-

2036 4114 2180 4186 jecit
2219 4113 2559 4184 nequissimi
2595 4110 2857 4181 agricolae
2891 4109 3138 4179 semina,
3173 4109 3263 4166 hic
3293 4111 3417 4182 ipse
3443 4115 3552 4181 est,
3585 4111 3685 4180 qui

2046 4206 2118 4260 ob
2149 4204 2515 4260 interdictam
2553 4203 2670 4272 agri
2702 4203 2771 4257 ad
2815 4219 3020 4275 agrum
3065 4201 3463 4258 admotionem
3507 4204 3687 4260 miser

2044 4311 2078 4349 a
2105 4295 2404 4366 Scriptura
2424 4293 2788 4366 praedicatur.
2822 4295 3183 4365 Quapropter
3207 4293 3257 4348 ei
3289 4293 3464 4350 etiam
3508 4295 3686 4352 inter-

2046 4384 2306 4438 minatur
2338 4382 2726 4451 sterilitatem,
2774 4387 2837 4436 ut
2879 4381 2979 4453 qui
3023 4383 3319 4439 fructuum
3362 4384 3688 4456 specimina

2044 4471 2319 4528 doctrinae
2339 4472 2451 4527 sibi
2473 4472 2696 4527 tradita
2722 4470 3126 4527 convenientia
3158 4471 3424 4529 editurus
3445 4490 3560 4529 non
3587 4474 3684 4530 sit.

2048 4561 2148 4618 Ubi
2174 4563 2327 4617 enim
2356 4564 2519 4616 arant
2547 4561 2729 4616 decem
2768 4559 2906 4631 juga
2947 4560 3128 4631 baum,
3186 4561 3357 4635 faciet
3416 4563 3685 4635 laguncu-

2049 4648 2162 4706 lam
2184 4667 2371 4706 unam.
2402 4650 2613 4704 Littera
2645 4649 2882 4720 quidem
2904 4649 3150 4720 patriam
3187 4649 3519 4706 Phoenicum
3552 4668 3688 4708 con-

292 4735 458 4811 λὸγος
490 4717 827 4788 ἐνδείκνυται
846 4717 1103 4808 περὶτῶν
1152 4717 1651 4814 ἐπαμφοτεριστῶν,
1701 4736 1790 4791 καὶ
1832 4740 1936 4792 τῶν

2050 4739 2415 4795 suetudinem
2441 4739 2627 4804 docet,
2664 4736 2764 4808 qui
2797 4753 2927 4792 cum
2960 4737 3145 4793 bobus
3201 4742 3369 4794 arant
3419 4740 3684 4811 vineam;

292 4821 546 4878 ἐναντίων
580 4819 866 4898 δογμάτων
907 4821 1317 4899 ἐφαπτομίνων,
1356 4824 1445 4880 καὶ
1468 4824 1936 4881 συναπτόντοντων

2050 4844 2260 4885 sensus
2292 4841 2425 4882 vero
2455 4842 2554 4882 eos
2585 4825 2824 4890 indicat,
2859 4827 2956 4896 qui
2988 4827 3045 4880 in
3079 4829 3389 4899 utramque
3438 4845 3688 4902 propen-

289 4914 428 4988 πρὸς
459 4909 709 4982 ἄλληλα,
739 4910 814 4966 ὧν
847 4909 1078 4988 ἄκαρποί
1109 4911 1242 4967 εἰσιν
1275 4915 1330 4968 αἱ
1359 4914 1552 4990 ψυχαί.

2048 4919 2190 4975 dent
2210 4921 2528 4990 patrem,ac
2548 4915 2837 4972 contraria
2867 4916 3309 4989 amplectuntur
3334 4919 3693 4993 dogmata,et

288 5004 537 5060 alterum
569 5001 734 5059 alteri
767 5007 1156 5059 connectunt:
1191 5021 1444 5076 quorum
1485 5005 1694 5062 animae
1725 5005 2103 5065 infructuosae
2131 5011 2270 5063 sunt
2290 5023 2356 5063 ao
2388 5004 2637 5062 steriles.

356 5094 480 5150 454.
515 5089 657 5150 Οὐαὶ
717 5091 768 5145 οἱ
826 5088 1162 5167 ἐγειρόμενοι
1219 5092 1282 5146 τὸ
1337 5095 1451 5165 (24)
1506 5092 1672 5168 πρωὶ,
1732 5094 1822 5149 καὶ
1876 5096 1939 5149 τὸ

2121 5097 2242 5153 154.
2276 5099 2452 5152 Vsas.
2487 5093 2688 5163 11,12.
2709 5095 2796 5151 Vae
2826 5095 2898 5150 iis
2917 5096 3014 5168 qui
3032 5111 3193 5154 mane
3221 5100 3690 5172 surgunt,etsice-

355 5257 400 5294 ⁷ο
425 5258 600 5314 ICor.
633 5259 798 5325 111,9.
875 5257 916 5293 ⁷³
948 5256 1152 5331 Ephes.
1187 5275 1274 5327 ιιι,
1309 5259 1395 5314 17.
1473 5259 1518 5294 ⁷³
1540 5257 1726 5316 Eccle.
1761 5275 1823 5332 11,
1856 5261 1909 5315 4.

2072 5260 2116 5296 ⁷³
2147 5259 2354 5316 Matth.
2386 5276 2480 5327 xv,
2514 5259 2599 5315 13.
2676 5260 2724 5295 7‘
2755 5260 2925 5317 Deut.
2955 5277 3131 5332 χχχιι,
3163 5261 3251 5319 33.

353 5439 464 5512 (19)
493 5438 742 5524 deices
782 5437 1069 5524 quisque.
1113 5433 1444 5512 οἰκοδομῶν.
1501 5439 1654 5496 Editi
1697 5456 1832 5498 vero
1881 5445 1936 5498 et

2050 5439 2360 5524 iungitur.-

287 5506 420 5584 Reg.
446 5506 715 5584 primus,
747 5506 1098 5584 οίὶιοδομιῶν.

349 5527 420 5638 ag.
455 5527 715 5584 primus,
747 5527 1098 5582 οικοοομιων.

349 5585 462 5665 (__0)
487 5583 648 5665 ἷξάὶιί
682 5587 739 5638 et
771 5583 909 5655 Reg.
945 5577 1392 5665 ErlmUB,M&IEIOV,
1425 5583 1641 5665 excidio
1679 5585 1931 5655 dignum.

291 5655 394 5711 Alii
426 5653 693 5726 quinque
725 5653 894 5710 mssI.
927 5653 1123 5726 αἴτιον,
1157 5655 1389 5726 offerens
1425 5656 1741 5726 perniciem.

354 5725 470 5802 (21)
493 5725 678 5797 Editi,
710 5726 866 5802 ψυχὴ
897 5726 1008 5786 καί.
1040 5725 1331 5786 Particula
1367 5725 1456 5782 xuii
1507 5726 1569 5784 in
1615 5745 1760 5786 mss.
1815 5742 1932 5784 non

2119 5512 2230 5655 (22g
2251 5509 2423 5576 Editi,
2458 5507 2515 5563 ἐκ
2544 5513 2663 5566 τοῦ.
2694 5513 2767 5566 At
2797 5528 2895 5569 sex
2925 5528 3093 5580 mss.,
3127 5508 3205 5568 ἐκ.

2119 5583 2208 5654 (23
2277 5583 2510 5639 Veteres
2555 5599 2670 5655 sex
2721 5584 2873 5652 libri,
2923 5583 3157 5643 ἀνίατος.

2117 5583 2230 5655 (23)
2277 5583 2670 5656 νθῑθτοεῌεθχ
2721 5584 2873 5652 libri,
2923 5583 3157 5643 ἀνίατος.
3219 5583 3392 5656 Editi,
3455 5583 3690 5653 ἀνίατον,

2045 5653 2131 5711 res
2158 5653 2235 5710 est
2264 5653 2609 5710 insanabilis.

2116 5728 2230 5799 (24)
2258 5726 2495 5797 Antiqui
2525 5727 2640 5784 duo
2671 5723 2829 5797 libri,
2861 5730 2958 5798 τῷ.
