4048 6220
382 370 493 431 371

383 595 543 656 enim
563 594 838 650 comburat
865 609 977 649 eos.
1012 594 1144 648 Nam
1186 609 1310 646 cum
1363 591 1598 662 cithara,
1648 601 1700 646 et
1752 592 2032 662 psalterio,

388 687 440 741 et
472 685 768 754 tympanis,
802 687 854 737 at
886 684 1059 749 tibiis,
1094 683 1289 736 vinum
1321 681 1504 736 bibam
1538 698 1556 735 :
1586 697 1748 752 Opera
1782 696 1902 736 vero
1934 682 2034 736 Do-

387 775 532 828 mini
550 789 656 828 non
690 773 1013 843 respiciunt,
1042 779 1096 826 et
1122 787 1288 842 opera
1309 787 1578 824 manuum
1602 773 1718 839 eius
1741 786 1847 826 non
1863 772 2038 826 consi-

385 863 597 918 derant.
630 860 888 932 Apostoli
906 859 1044 914 dicti
1063 857 1535 930 explanationem
1567 858 1690 931 {illa
1746 859 1874 931 ipsa
1905 876 2034 930 pro-

388 953 596 1026 phetiae
627 969 763 1023 pars
794 950 1092 1006 continet:
1133 965 1266 1004 nam
1303 948 1420 1003 illic
1453 949 1682 1020 inquit;
1717 951 2034 1005 Ebriosz're-

387 1058 565 1114 gnum
588 1042 688 1094 Dei
716 1055 826 1093 non
851 1038 1211 1109 possidebunt
1243 1039 1287 1072 ⁷⁵
1315 1055 1336 1099 ;
1372 1037 1466 1093 hic
1518 1042 1711 1094 autem
1738 1055 1750 1094 :
1817 1044 1908 1095 Va?
1966 1041 2037 1094 iis

387 1130 483 1200 qui
511 1142 672 1181 mane
700 1130 934 1195 surgunt
963 1129 1016 1180 et
1055 1126 1286 1180 siceram
1324 1135 1752 1196 persequuntur.
1806 1127 2032 1181 Etenim

385 1214 678 1286 potionem
699 1212 1024 1285 quamlibet
1038 1230 1165 1283 quae
1185 1213 1598 1269 temulentium
1620 1215 1807 1270 facere
1826 1219 2032 1286 potest,

384 1303 631 1360 siceram
665 1319 868 1358 vocare
917 1303 1107 1358 solent
1159 1303 1398 1357 Hebrazi.
1451 1303 1654 1375 Itaque
1700 1305 1820 1376 qui,
1869 1306 2038 1375 juxta

333 1448 337 1452 ,
387 1392 766 1448 Proverbium
801 1394 868 1460 ⁷⁸,
899 1410 1034 1448 mox
1065 1392 1410 1448 adveniente
1440 1393 1555 1459 die,
1588 1395 1657 1448 ad
1717 1395 1925 1466 pocula
1982 1401 2039 1450 et

386 1481 618 1554 phialas
645 1481 967 1552 conjiciunt
999 1499 1140 1537 suos
1185 1482 1403 1550 oculos,
1431 1483 2037 1555 circumspectantque

386 1572 486 1628 ubi
520 1572 663 1626 fiant
691 1572 1178 1642 compotationes,
1212 1576 1268 1626 et
1298 1571 1722 1628 circumferunt
1751 1575 1951 1628 oculos
1977 1575 2033 1628 in

387 1662 663 1717 tabernas
695 1677 758 1715 ac
790 1677 1106 1732 cauponas,
1129 1663 1346 1732 quique
1363 1679 1492 1718 sese
1513 1663 1760 1718 invicem
1789 1665 1859 1719 ad
1884 1681 2034 1720 com-

389 1750 710 1822 potandum
744 1751 1300 1816 deducentes,omne
1332 1752 1511 1806 animi
1538 1753 1801 1808 studium
1826 1753 2037 1810 sollici-

1317 369 1715 429 APPENDIX
1763 366 2084 429 eranum
2134 367 2196 428 s.
2245 335 2527 429 BASILII
2575 368 2842 430 MAGNI.

383 520 515 560 ram
538 512 969 576 persequuntur,
1000 504 1102 575 qui
1129 505 1447 574 ewapcclant
1495 518 1818 574 vesperam:
1850 504 2038 557 vinum

2152 499 2336 576 σίκερα
2413 498 2724 571 διώκοντες,
2788 502 2838 555 οἳ.
2917 499 3172 574 μένοντες
3243 500 3305 554 τὸ
3383 497 3500 573 btt-

3673 369 3792 429 372

3588 501 3616 555 ὁ
3691 499 3793 576 γὰρ

2146 590 2285 651 οἶνος
2349 589 2544 652 αὐτοὺς
2630 588 2939 664 συγκαύσει.
3022 589 3169 645 Μετὰ
3244 589 3346 665 γὰρ
3406 587 3658 664 κιθάρας,
3702 590 3792 642 καὶ

2145 677 2478 754 ψαλτηρίου,
2537 679 2627 734 καὶ
2685 677 3021 751 τυμπάνων,
3081 679 3171 733 καὶ
3231 678 3440 745 αὐλῶν,
3497 678 3589 732 τὸν
3651 679 3794 734 οἶνον

2144 767 2380 834 πίνουσι,
2437 769 2504 821 τὰ
2563 765 2620 821 δὲ
2677 762 2806 841 ἔργα
2865 768 3072 843 Κυρίου
3127 767 3230 821 οὐκ
3288 761 3648 839 ἰμῦλὲπουσι,
3699 766 3792 821 καί

2143 856 2209 910 τὰ
2276 855 2404 932 ἔργα
2473 861 2578 910 τῶν
2647 861 2848 932 χειρῶν
2929 855 3091 910 αὐτοῦ
3167 857 3228 910 οὐ
3282 860 3620 912 κατανοοῦσι.
3685 861 3794 925 Τῆς

2145 943 2516 1014 ἀποστολικῆς
2549 945 2744 1015 λέξεως
2773 947 2873 1013 τὴν
2905 945 3160 1020 ἐξήγησιν
3192 943 3254 1000 τὸ
3283 945 3453 1020 παρὸν
3484 949 3648 999 τοῦτο
3691 947 3795 1018 μὲ-

2147 1055 2238 1110 ρος
2295 1040 2395 1103 τῆς
2435 1033 2769 1112 προφητείας
2824 1032 3088 1110 περιεχει·
3145 1033 3255 1088 ἐκεῖ
3316 1033 3409 1106 μὶν
3470 1035 3574 1108 γάρ
3635 1056 3794 1111 φησι.

2145 1124 2382 1187 Μὲουσοι
2498 1123 2770 1197 βασιλείαν
2875 1127 3009 1178 Θεοῦ
3112 1123 3174 1177 οὐ
3270 1122 3792 1197 κληρονομήσουσιν

2144 1211 2372 1275 ἐνταῦθα
2433 1210 2508 1266 δὲ·
2569 1211 2705 1269 Οὐαὶ
2763 1213 2814 1266 οἱ
2873 1211 3212 1287 ἐγειρόμενοι
3271 1212 3331 1266 τὸ
3388 1212 3556 1288 πρωὶ,
3610 1213 3794 1266 καὶτὸ

2145 1300 2328 1376 σίκερα
2381 1299 2670 1363 διώκοντες

2144 1413 2233 1446 νον
2267 1391 2433 1463 μὲθην
2474 1390 2771 1463 ἐμποιῆσαι
2821 1392 2974 1463 πόμᾳ
3015 1395 3147 1452 τοῖςο
3180 1385 3452 1465 Ἑϐραίοις
3504 1389 3793 1463 ὀνομάζειν

2147 1480 2388 1550 σύνηθες.
2423 1480 2490 1535 Οἱ
2525 1478 2615 1534 οὖν
2649 1479 2804 1544 εὐθὺς
2854 1479 3170 1554 ἀρχομένης
3222 1486 3321 1548 τῆς
3370 1479 3604 1553 ἡμέρας,
3655 1481 3799 1534 κατᾶ

2145 1570 2241 1637 τὴν
2275 1569 2599 1642 Παροιμίαν,
2651 1568 2738 1623 ἐπὶ
2786 1569 2855 1623 τὰ
2881 1571 3122 1644 ποτήρια
3169 1567 3258 1622 καὶ
3307 1571 3402 1629 τὰς
3457 1566 3657 1645 φιάλας
3707 1566 3798 1623 δι-

2146 1655 2327 1720 δόντες
2360 1658 2560 1712 ἒαυτῶν
2614 1657 2741 1719 τοὺς
2792 1655 3129 1735 ὀφθαλμοὺς,
3196 1658 3283 1711 καὶ
3339 1661 3799 1732 περισκοποῦντες

2145 1750 2250 1802 ποῦ
2289 1746 2444 1800 πότοι
2474 1747 2734 1820 γίνονται⁵
2797 1744 3130 1800 οἷ’νοπωλεῖα
3157 1745 3245 1800 καὶ
3303 1744 3580 1815 καπηλεῖα
3638 1767 3798 1821 περι-

2925 1301 3117 1374 Σίκερα
3145 1302 3246 1375 γὰρ
3303 1306 3403 1355 πᾶν
3454 1300 3516 1355 τὸ
3567 1298 3797 1374 δυνάμει

389 1836 776 1907 tudinemque
808 1837 866 1890 in
908 1837 1200 1906 ejusmodi
1233 1839 1391 1893 curis
1421 1845 1800 1910 consumunt,
1851 1841 1888 1894 ii
1941 1843 2036 1897 de-

2149 1839 2450 1912 αθροῦντες,
2476 1836 2565 1891 καὶ
2597 1833 2882 1906 ἀλλήλους
2910 1835 2997 1889 ἐπὶ
3027 1835 3094 1890 τὰ
3125 1836 3400 1907 συμπόσια
3433 1830 3800 1910 παραλαμϐά-

388 1927 605 1982 ﬂentur
629 1943 662 1980 a
692 1926 996 1999 propheta.
1031 1927 1095 1981 Hi
1131 1927 1367 1999 quidem
1402 1928 1626 1984 nullum
1661 1931 1772 1986 sibi
1801 1935 2035 2004 tempus

388 2019 689 2072 reservant
720 2017 788 2072 ad
819 2017 968 2071 mira
1011 2017 1102 2072 Dei
1137 2034 1311 2089 opera
1349 2018 1792 2090 consideranda,
1847 2039 2036 2094 neque

389 2107 461 2162 ad
497 2105 705 2161 ccelum
740 2122 928 2175 neque
966 2108 1037 2162 ad
1085 2107 1215 2177 ejus
1272 2108 1539 2164 decorem
1590 2110 2032 2180 suspiciendum

387 2193 573 2250 oculis
604 2194 728 2249 suis
760 2195 944 2249 otium
978 2195 1358 2266 suppeditant
1397 2199 1461 2250 ut
1490 2213 1557 2251 ex
1587 2213 1785 2253 eorum
1827 2204 2031 2254 ornatu

390 2281 736 2354 perveniant
756 2283 828 2337 ad
859 2284 1187 2338 Conditoris
1214 2284 1604 2356 cognitionem
1627 2288 1671 2320 ⁷⁷
1699 2302 1711 2342 :
1743 2288 1843 2343 sed
1875 2292 2034 2359 tape-

387 2371 550 2427 tibus
582 2372 830 2428 diversis
843 2377 899 2428 et
923 2372 1143 2428 ﬂoridis
1163 2374 1280 2444 peri
1293 2375 1716 2445 petasmatibus
1749 2378 2038 2433 adornant

392 2460 640 2515 convivii
665 2461 879 2526 locum,
915 2466 1090 2532 atque
1121 2462 1295 2518 inane
1328 2465 1624 2534 quoddam
1661 2466 1924 2521 studium
1945 2484 2038 2522 va-

389 2564 647 2620 namque
679 2548 1044 2620 diligentiam
1079 2551 1136 2604 in
1171 2553 1452 2622 parandis
1475 2553 1701 2622 poculis
1735 2553 2032 2610 adhibent.

389 2636 614 2708 Quippe
633 2653 771 2691 vasa
804 2637 1195 2709 refrigerando
1221 2641 1354 2695 vino
1387 2643 1786 2707 accommoda,
1844 2644 2034 2716 rhyta,

387 2723 921 2796 phialas,poculum
937 2727 1622 2796 hcderaceum,crateres,
1650 2736 1707 2786 et
1733 2732 1845 2787 alia
1867 2733 1922 2787 id
1938 2749 2035 2804 ge-

387 2828 500 2867 nus
513 2813 753 2867 nomine
765 2829 829 2867 ac
843 2813 1060 2882 ﬁguras
1076 2831 1177 2884 pro
1191 2816 1788 2888 ebrietatis‘apparatu
1807 2821 2037 2891 ﬁngunt

386 2902 563 2970 atque
587 2901 1116 2958 comminiscuntur
1135 2920 1148 2957 :
1165 2905 1329 2975 quasi
1353 2905 1472 2961 hzec
1494 2923 1765 2962 vasorum
1785 2909 2036 2966 varietas

387 2987 461 3042 ab
492 2988 578 3044 eis
599 2995 923 3045 removeret
962 2991 1310 3059 satietatem,
1337 2993 1752 3050 etimmutatio
1799 2997 2036 3068 poculo-

387 3091 521 3130 rum
554 3077 979 3148 diversitasque
1011 3079 1280 3135 idoneam
1315 3082 1386 3136 ad
1417 3083 1734 3138 bibendum
1766 3086 2036 3141 exercita-

388 3165 776 3237 tionemipsis
798 3168 1604 3237 prazberet.Deindevicissim
1639 3173 1750 3228 sibi
1782 3173 2029 3231 invicem

2145 1947 2348 1994 νοντες,
2381 1924 2470 1979 καὶ
2500 1930 2670 1979 πᾶσαν
2700 1931 2799 1993 τῆς
2836 1926 3019 1999 ψυχῆς
3062 1925 3164 1992 τὴν
3199 1923 3462 1997 μέριμναν
3522 1923 3645 1999 περὶ
3691 1925 3796 1992 τήν

2142 2020 2248 2070 τῶν
2279 2014 2543 2070 τοιούτων
2602 2013 2860 2090 φροντίδα
2916 2013 3422 2076 καταναλίσκοντες·
3485 2011 3635 2069 οὗτοι
3684 2013 3794 2069 ὑπὸ

2141 2105 2238 2159 τοῦ
2294 2107 2580 2182 προφήτου
2628 2108 3110 2176 καταθρηνοῦνται.
3147 2100 3222 2159 Οἷ¹
3245 2103 3434 2177 καιρὰν
3471 2103 3565 2177 μὲν
3597 2101 3799 2158 οὐδένα

2145 2194 2353 2255 ἑαυτοῖς
2386 2193 2521 2267 πρὸς
2552 2194 2650 2262 τήν
2677 2196 2782 2246 τῶν
2817 2191 3130 2264 θαυμασίων
3185 2195 3281 2246 τοῦ
3327 2195 3461 2246 Θεοῦ
3516 2191 3797 2259 κατανόη-

2143 2301 2225 2336 σιν
2270 2283 2624 2356 παρέχουσιν,
2658 2278 2782 2335 οΰδέ
2814 2278 3023 2335 διδόασι
3066 2279 3278 2356 σχολὴν
3311 2286 3428 2344 τοῖς
3480 2279 3799 2356 ὀφθαλμοῖς

2144 2371 2420 2425 ἀνανεῦσαι
2470 2371 2606 2446 πρὸς
2639 2369 2889 2446 οὐρανὸν,
2920 2368 3007 2424 καὶ
3033 2370 3099 2424 τὰ
3129 2369 3179 2423 ἐν
3213 2368 3360 2442 αὐτῷ
3389 2368 3594 2439 κάλλη,
3655 2368 3799 2424 ὥστε

2144 2458 2202 2514 ἰκ
2228 2463 2328 2522 τῆς
2349 2459 2554 2514 τούτων
2589 2455 3004 2530 διακοσμήσεως
3037 2458 3124 2512 τὸν
3157 2458 3535 2534 γενεσιουργὸν
3569 2457 3793 2529 ἐννοεῖν,

2143 2547 2287 2604 ἀλλὰ
2314 2550 2402 2602 καὶ
2608 2552 2940 2620 κοσμοῦντες
2990 2549 3192 2601 ἑαυτῶν
3230 2547 3290 2601 τὸ
3347 2547 3650 2618 συμπόσιον
3693 2549 3794 2601 τά·

2143 2658 2278 2707 πησι
2325 2635 2603 2700 ποικίλοις
2628 2637 2716 2691 καὶ
2757 2638 2994 2700 ἀνθινοῖς
3025 2634 3497 2712 παραπετάσμασι,
3531 2638 3792 2709 περιττήν

2144 2724 2201 2781 δέ
2229 2747 2348 2780 τινα
2378 2724 2617 2794 σπουδὴν
2668 2727 2757 2780 καὶ
2819 2723 3131 2797 ἐπιμέλειαν
3167 2724 3244 2786 εἷς
3296 2726 3397 2793 τὴν
3449 2729 3558 2779 τῶν
3612 2724 3796 2779 ἐκπω-

2148 2817 2329 2888 μάτων
2409 2816 2749 2888 παρασκευὴν
2830 2811 3241 2885 ἐπιδείκνυνται,
3309 2816 3624 2888 ψυκτῆρας,
3701 2815 3799 2869 καὶ

2145 2906 2296 2981 ῥυτὰ,
2346 2906 2434 2960 καὶ
2491 2904 2712 2980 φιάλας,
2761 2906 2851 2960 καὶ
2876 2901 3178 2975 κισσύϐιον,
3237 2904 3326 2959 καὶ
3356 2911 3650 2979 κρατῆρας,
3701 2904 3798 2959 καὶ

2141 2997 2208 3051 τὰ
2235 3001 2456 3050 τοιαῦτα
2485 2995 2727 3069 ὀνόματά
2779 3017 2838 3050 τε
2893 2995 2982 3050 καὶ
3031 2998 3293 3071 σχήματα
3346 2999 3412 3065 τᾷ
3468 2998 3788 3068 παρασκευῇ

2141 3089 2240 3149 τῆς
2301 3086 2469 3158 μέθης
2502 3085 2861 3146 ἐπινοοῦντες·
2898 3085 2972 3148 ὡς
3003 3083 3062 3138 ἃν
3091 3085 3154 3139 τὸ
3182 3088 3288 3139 τῶν
3322 3083 3546 3160 ἀγγείων
3593 3080 3803 3161 διάφο-

2145 3194 2256 3248 ρον,
2287 3173 2378 3228 τὸν
2429 3173 2590 3248 κόρον
2620 3173 2802 3234 αὐτοῖς
2855 3172 3212 3242 ὑποκλέπτοι,
3257 3172 3348 3227 καὶ
3379 3174 3412 3241 ἢ
3454 3176 3561 3225 τῶν
3615 3170 3800 3226 ἐκπω-

389 3253 769 3324 propinantes
811 3260 986 3326 atque
1050 3261 1221 3326 potus
1279 3264 1575 3314 certamen
1635 3261 2030 3332 instituentes,

2149 3239 2330 3335 μάτων
2382 3239 2673 3336 ὑπαλλαγὴ
2724 3264 2836 3334 (27)
2891 3261 2979 3316 καὶ
3043 3239 3332 3334 μετάϐασις
3380 3239 3569 3328 ἱκανὴν
3602 3259 3792 3322 αὐτοῖς

389 3354 564 3410 quem
588 3341 826 3394 modum
861 3342 931 3396 ad
965 3358 1133 3397 suam
1166 3345 1430 3414 ipsorum
1464 3346 1848 3416 ignominiam
1885 3368 2033 3421 pra:-

386 3426 724 3482 termittunt
749 3425 772 3480 Ρ
804 3430 977 3494 Victi,
1007 3431 1276 3493 victores.
1307 3432 1676 3489 inebriantur
1698 3453 1923 3494 omnes.

2144 3350 2217 3408 εἷς
2249 3350 2309 3405 τὸ
2341 3350 2512 3405 πίνειν
2549 3346 2835 3423 διατριϐήν
2871 3350 3098 3423 ἐμποιῇ.
3146 3351 3275 3404 Εἶτα
3330 3348 3808 3423 ἀντιπροπίνοντις

2142 3438 2439 3509 ἀλλήλοις,
2503 3441 2591 3495 καὶ
2645 3439 2720 3501 είς
2759 3441 2859 3508 τήν
2893 3440 3024 3514 ὑπὲρ
3057 3437 3152 3494 τοῦ
3182 3439 3352 3494 πίνειν
3387 3436 3627 3512 ἅμιλΑαν
3661 3451 3802 3503 καθ-

390 3515 629 3577 ιστάντες
681 3517 815 3588 (28),
879 3515 998 3570 τίνα
1042 3513 1350 3592 ὑπερϐολὴν
1395 3520 1469 3582 εἷς
1521 3522 1781 3596 αἰσχύνην
1831 3525 2287 3598 καταλείπουσιν;
2339 3529 2404 3586 Ol
2464 3530 2796 3602 ἡττώμενοι,
2844 3529 2894 3584 οἱ
2937 3513 3216 3598 νικῶντες,
3301 3529 3490 3590 πάντες
3561 3527 3803 3600 μεθύου-

394 3623 497 3659 σιν.

465 3693 586 3749 155.
621 3695 900 3752 Praeterea
927 3699 1123 3751 autem
1149 3702 1288 3753 sunt
1319 3699 1416 3770 qui
1452 3701 1689 3772 prmsint
1732 3705 2037 3763 conviviis:

391 3787 532 3840 sunt
560 3786 617 3839 et
646 3783 944 3855 principes
968 3785 1378 3855 pincernarum
1411 3793 1467 3844 et
1490 3789 1957 3859 architriclini,et
1981 3796 2039 3852 in

391 3887 452 3927 re
482 3871 816 3928 inordinata
833 3874 973 3929 ordo
995 3879 1170 3938 est,et
1199 3877 1539 3945 quaedamin
1571 3895 1629 3934 re
1650 3879 2042 3954 incomposita

393 3961 767 4033 compositio.
793 3962 1132 4019 Obruuntur
1162 3965 1292 4020 vino
1326 3967 1598 4037 praefecti,
1629 3970 1881 4027 ministri
1909 3975 2041 4029 vino

391 4054 746 4122 merguntur
793 4068 804 4106 :
859 4052 1232 4122 complentur
1275 4057 1425 4112 489
1486 4058 1685 4112 omnia
1755 4061 2040 4119 risoribus

390 4143 446 4194 et
476 4139 840 4208 temulentis,
869 4143 1270 4213 spectaculum
1325 4146 1510 4201 oculis
1567 4147 2037 4207 Christianorum

388 4226 814 4284 miserandum.
836 4234 1042 4286 Postea
1069 4249 1222 4296 vero,
1244 4236 1745 4304 quemadmodum
1780 4237 1836 4292 in
1857 4240 2041 4294 domi-

387 4315 504 4370 niis
536 4317 851 4372 mundanis
868 4321 1182 4388 potentiam
1210 4327 1388 4389 auget
1417 4323 1739 4379 satellitum
1763 4327 2036 4396 gravitas:

389 4403 474 4459 ita
503 4405 678 4460 etiam
703 4406 1061 4462 temulentiae
1095 4412 1374 4480 tanquam
1428 4411 1637 4483 regina;
1687 4415 2035 4486 obsequium

387 4494 764 4560 quoddamin
796 4495 996 4550 orbem
1057 4501 1423 4567 praestantes,
1472 4500 1633 4557 cultu
1683 4503 2035 4574 impensiore

2221 3708 2345 3764 455.
2406 3706 2826 3781 Συμποσίαρχοι
2876 3705 2933 3762 δι
2982 3727 3121 3768 τινες
3170 3706 3256 3760 ἐπὶ
3309 3705 3543 3774 τούτοις,
3573 3705 3662 3760 καὶ
3696 3707 3800 3781 ἄρα

2150 3794 2462 3871 χιοινοχόοι
2510 3795 2599 3850 καὶ
2649 3793 3081 3872 άρχιτρίκλινοι,
3143 3797 3231 3850 καὶ
3277 3794 3422 3865 τάξις
3473 3794 3524 3849 ἐν
3579 3795 3797 3868 ἀταξίᾳ,

2148 3884 2236 3939 καὶ
2313 3883 2545 3946 διάθεσις
2602 3883 2654 3938 ἐν
2730 3884 2957 3958 ἀκόσμῳ
3007 3885 3310 3958 πράγματι.
3369 3883 3676 3940 Μεθύουσιν
3742 3886 3798 3939 οἱ

2149 3973 2448 4028 ἐπιστάταιο
2511 3974 2794 4044 μεθύουσιν
2847 3975 2898 4027 οἱ
2957 3974 3239 4048 ὑπηρέται·
3300 3973 3472 4027 πάντα
3500 3971 3800 4048 γελώντων

2148 4062 2237 4116 καὶ
2311 4060 2615 4136 μεθυόντων
2688 4061 2864 4138 γέμει,
2935 4061 3164 4117 ἐλεεινὸν
3244 4064 3415 4134 θέαμα
3458 4063 3806 4137 Χριστιανῶν

2152 4149 2476 4228 ὀφθαλμοῖς.
2539 4150 2668 4206 Εἶτα
2700 4149 2908 4223 μίντοι,
2938 4149 3118 4226 ὧσπερ
3149 4155 3269 4212 ταῖς
3301 4149 3500 4224 ἀργαῖς
3527 4155 3643 4211 ταῖς
3670 4145 3805 4220 ἔξω·

2149 4249 2231 4303 θεν
2276 4241 2310 4308 ἡ
2363 4238 2632 4310 σεμνότης
2677 4243 2783 4293 τῶν
2831 4237 3147 4316 δορυφόρων
3178 4241 3280 4308 τὴν
3313 4236 3618 4293 δυναστείαν
3649 4258 3806 4314 παρ-

2147 4327 2310 4398 αόξει·
2382 4327 2524 4381 οὕτω
2585 4327 2673 4381 καὶ
2738 4331 2806 4400 τῇ
2861 4328 2998 4400 μέθῃ
3045 4329 3160 4382 οἷον
3214 4324 3455 4402 βασιλίδι
3508 4328 3799 4402 θεραπείαν

2144 4417 2265 4470 τινὰ
2293 4417 2732 4490 περιστήσαντες,
2765 4415 2826 4469 τὸ
2857 4413 3220 4470 ἐπονείδιστον
3270 4418 3379 4488 (29)
3414 4412 3504 4469 διὰ
3530 4416 3592 4470 τὸ
3624 4416 3803 4491 ὑπερ-

2146 4498 2352 4559 ϐάλλον
2383 4511 2483 4573 τῆς
2512 4502 2749 4572 σπουδῆς
2773 4501 3215 4580 περεστὲλλουσι.
3253 4504 3512 4582 Στέφανοι
3545 4503 3632 4558 ἐπὶ
3660 4506 3805 4560 τού-

387 4581 641 4637 dedecus
679 4583 808 4653 ejus
831 4583 1131 4656 obtegunt.
1167 4587 1239 4640 At
1300 4586 1420 4643 haec
1468 4605 1713 4659 coronas,
1765 4567 1936 4649 tlores
1976 4595 2034 4649 in

2149 4613 2258 4655 τοις
2303 4594 2393 4647 καὶ
2444 4594 2574 4662 ἄνθη
2633 4590 3168 4665 κατασκεδαννύμενα
3214 4597 3292 4665 τῷ
3341 4593 3647 4665 συμποσίῳ,
3704 4595 3802 4649 καὶ

387 4670 647 4725 convivio
677 4673 998 4742 conspersi,
1036 4680 1352 4744 unguenta,
1374 4676 1758 4746 thymiamata
1786 4687 1843 4736 et
1869 4682 2035 4738 innu-

387 4773 547 4815 mera
579 4761 845 4831 quasdam
878 4760 1306 4819 oblectamenta
1362 4765 1724 4824 extrinsecus
1769 4769 2034 4827 adhibita

455 4937 500 4970 ⁷⁵
529 4939 551 4992 Ι
582 4935 710 4993 Cor.
738 4955 818 5006 νι,
855 4939 942 4994 10.
1017 4939 1061 4974 ⁷⁸
1091 4940 1257 4997 Prov.
1289 4958 1449 5011 χχιιι,
1483 4945 1570 5003 31.
1648 4947 1691 4982 ⁷⁷
1717 4948 1854 5020 Sap.
1886 4965 2009 5018 xm,
2041 4949 2096 5004 5.

458 5114 848 5206 (2.5),?)ditiet
905 5115 1167 5206 quisque
1208 5135 1374 5206 mss,
1436 5118 1574 5206 διότι
1625 5121 1724 5197 γὰρ
1789 5123 2033 5206 μέθυσοι,

384 5182 565 5311 φησὶ,⁷
591 5182 868 5272 βασιλείαν
921 5182 1164 5241 Θεοῦόὐ
1212 5182 1752 5266 κληρονομήσουσιν,
1789 5182 2033 5249 ’ὶνταῦθά

422 5276 444 5310 ε
475 5253 740 5311 δείκνυται
791 5258 872 5312 ὁτι
909 5258 960 5312 οἱ
1007 5255 1339 5321 ἐγειρόμενοι
1382 5264 1442 5317 τὸ
1488 5265 1630 5321 ποωί
1661 5267 1749 5320 καὶ
1779 5267 1842 5320 τὸ
1875 5266 2032 5321 μέθυ-

422 5276 444 5310 ε
475 5276 740 5342 οεικνυται
791 5276 882 5342 οτι.
909 5276 960 5312 οι
1007 5276 1352 5342 εγειρομενοι⁸
1382 5276 1442 5317 τὸ
1488 5276 1630 5338 πρωί
1661 5276 1749 5320 καί
1779 5276 1842 5320 τὸ
1875 5276 2006 5338 μεθυ

2147 4681 2289 4755 μύρα
2333 4682 2420 4735 καὶ
2475 4680 2807 4753 θυμιάματα.
2839 4681 2927 4735 καὶ
2983 4681 3167 4755 μυρίαι
3215 4681 3355 4744 τινες
3401 4678 3589 4750 ἔξωθεν
3640 4682 3788 4754 θυμ-

2142 4767 2291 4842 ηδίαι
2338 4769 2902 4847 προσμηχανώμεναι,
2955 4769 3182 4826 πλείονα
3236 4771 3336 4840 τὴν
3369 4767 3634 4845 ἀσχολίαν
3666 4775 3797 4834 τοῖς

2145 5125 2420 5197 vulgatis.

2215 5195 2505 5273 (@7)991b-
2541 5194 2793 5273 primus!
2827 5194 3165 5273 μεταλλαγήέ

2212 5266 2327 5339 (28)
2357 5266 2594 5325 Veteres
2623 5267 2889 5337 sexlibri,
2922 5266 3282 5330 καθιστάντες.
3343 5266 3520 5339 Editj,
3542 5334 3556 5339 _
3579 5266 3806 5330 καθιέν-

388 5348 499 5400 σμα
525 5325 834 5421 διιύκοντις·
855 5331 926 5421 in
961 5325 1306 5421 quibuspbolc
1339 5325 1696 5420 incommodi
1728 5325 2028 5421 esth'quod

2149 5325 2242 5421 τεξ.
2277 5325 2497 5421 ibidem
2531 5325 3096 5421 iidemillicodices,
3152 5325 3275 5421 τινὰ
3331 5325 3679 5421 ιπερεδλήί
3715 5340 3799 5405 αις

387 5404 643 5478 secunda
674 5402 1048 5478 periodipars
1070 5406 1321 5473 perfecta
1355 5423 1466 5462 non
1500 5409 1596 5478 sit,
1633 5427 1736 5465 nec
1768 5402 2026 5466 suis-nu-

385 5475 563 5546 meris
595 5473 881 5546 absoluta.
914 5476 985 5546 At
1015 5473 1152 5546 Reg.
1189 5481 1431 5546 quartus
1477 5480 1562 5533 uti
1585 5473 1667 5534 'in
1727 5485 2022 5546 contextu,

385 5545 618 5625 melius.
653 5545 877 5625 Haecab
902 5545 1270 5625 ‘Eusebioit‘a
1297 5553 1602 5625 mutuatus
1632 5557 1721 5609 est
1779 5545 2027 5625 scriptor

385 5613 824 5683 Commentarii,
857 5619 919 5668 ut
948 5631 1015 5670 ea
1043 5615 1347 5683 paululum
1391 5621 1806 5680 immutaverit.

449 5688 562 5759 (26)
595 5686 835 5759 Antiqui
856 5691 976 5743 tres
1003 5686 1320 5760 abruma.
1350 5691 1460 5750 καί.
1495 5699 1666 5754 Deest
1692 5694 1780 5749 καί
1803 5695 1861 5752 in
1895 5711 2021 5768 per-

2136 5410 2402 5498 αἰσχύνην
2436 5409 2626 5498 κκταλ.
2672 5411 2822 5498 Editi
2857 5427 3009 5498 vero,
3043 5411 3163 5465 τίνα
3194 5409 3268 5472 είς
3295 5409 3556 5485 αἶσχῦνης
3621 5410 3792 5488 ὑπερ-

2136 5477 2310 5552 ϐολῆν
2339 5477 2556 5550 καταλ.,
2591 5483 2748 5538 haud
2783 5487 2954 5552 recte.

2207 5551 2318 5627 (29)
2353 5553 2612 5623 Editinc
2670 5551 3030 5609 ἐπονείδιστον
3081 5553 3266 5623 αὐτῆς.
3316 5558 3388 5610 At
3444 5569 3550 5610 vox
3611 5551 3793 5624 αὐτῆς

2130 5626 2189 5683 in
2215 5626 2430 5684 noetris
2453 5644 2553 5684 sex
2579 5643 2725 5683 mss.
2762 5644 2877 5684 non
2911 5627 3217 5700 reperitur.
