4130 6210
272 378 384 442 3’73

1137 371 1543 436 COMMENT.
1588 375 1665 434 ΙΝ
1708 372 1986 437 ISAIAM
2033 374 2540 440 PROPHE’I‘AM.
2581 377 2748 440 CAP.
2801 323 2896 438 ν..

3564 381 3683 441 374

274 506 682 581 ἀπολλυμένοις
711 505 1232 584 παρασκευάζουσιν,
1266 503 1558 581 ἰσόρῥοπον
1593 505 1774 566 αὐτοῖς
1811 507 1902 577 (30

2040 506 2306 565 homines
2329 511 2585 580 perditos
2611 511 2798 584 magis
2818 510 3310 582 exercent,eisque
3337 511 3677 584 supplicium

272 603 339 672 τῇ
371 599 620 672 παρούσῃ
680 594 1006 673 φαιδρότητι
1062 595 1165 663 τὴν
1217 593 1440 649 αῗώνιον
1485 593 1708 650 κόλασιν
1737 594 1929 668 προξε-

2042 599 2321 652 aeternum
2355 601 2623 671 praesenti
2648 600 2927 657 hilaritati
2957 600 3113 656 haud
3143 599 3332 673 impar
3351 605 3677 658 accersunt.

271 688 481 744 νοῦντα.
510 688 640 743 Εἶτα
687 685 881 763 πόῤῥω
929 684 1222 761 προϊόντος
1269 688 1368 738 τοῦ
1419 683 1611 751 πότου,
1646 681 1806 738 αὐλοὶ
1837 704 1907 738 κα

2040 684 2136 740 Dei
2148 687 2256 741 nde
2271 702 2372 742 con
2385 688 2528 744 vivio
2549 688 2703 759 longi
2715 706 2781 744 us
2805 688 3682 761 progrediente,tibia3,citharaa-

271 775 488 848 κιθάραι
529 776 618 830 καὶ
666 775 942 849 τύμπανα,
989 776 1124 828 κατᾶ
1178 773 1272 845 μὲν
1325 775 1423 842 τήν
1474 772 1734 844 ἀλήθειαν
1790 774 1926 828 ἀπο-

271 868 572 938 θρηνοῦντα
622 864 750 926 τοὺς
800 861 1238 935 ἀπολλυμένους,
1301 862 1436 916 κατά
1481 859 1538 916 δὶ
1585 861 1682 930 τήν
1735 860 1928 931 ἐπιτή-

269 951 446 1008 δευσιν
474 951 580 1007 τῶν
619 953 946 1027 μεθυόντων,
980 950 1118 1005 ὥστε
1165 951 1354 1012 αὐτοῖς
1399 951 1570 1011 πάσας
1611 957 1710 1019 τῆς
1739 953 1926 1024 ψυχῆς

261 1042 360 1104 τάς
392 1040 595 1112 ἡδονὰς
629 1047 698 1116 τῇ
753 1038 1003 1115 μελῳδίᾳ
1050 1037 1412 1116 διεγερθῆναι·
1449 1040 1522 1100 ὡς
1572 1038 1671 1094 οὐκ
1697 1037 1924 1111 ἀρκοῦν-

260 1152 357 1193 τος
387 1136 486 1186 τοῦ
536 1129 684 1186 οῗ¹νου
713 1135 784 1205 τῇ
828 1131 953 1203 παρ’
1003 1131 1198 1185 ἑαυτοῦ
1247 1127 1541 1204 θερμότητι
1573 1135 1779 1201 σμῆνος
1810 1128 1926 1182 ἐπιδ

262 1223 473 1293 θυμιῶν
603 1218 771 1291 ἀθλίᾳ
799 1223 952 1294 ψυχῇ
1001 1223 1096 1272 τοῦ
1144 1217 1394 1280 πίνοντος
1433 1217 1729 1293 ἰπεγεῖραι.
1761 1207 1923 1271 Ἀλλ’

255 1308 350 1364 ’ἶνα
378 1314 544 1364 πᾶσαι
579 1309 767 1372 αὐτοῖς
797 1310 852 1363 αἱ
901 1308 1175 1379 αἰσθήσεις
1225 1307 1328 1362 ὑπὸ
1374 1314 1473 1376 τῆς
1518 1304 1723 1376 ἡδονῆς
1754 1327 1919 1360 κατα-

258 1400 633 1474 γοητευθεῖσαι
664 1396 1023 1473 κατέχωνται·
1078 1397 1132 1450 αἱ
1166 1396 1260 1468 μὲν
1320 1394 1476 1450 ἀκοαὶ
1505 1394 1916 1465 καταυλοῦνται,

266 1489 319 1541 αἱ
372 1486 431 1542 δὶ
480 1489 777 1565 ἄσφρήσεις
809 1487 911 1541 ὑπὸ
954 1491 1063 1540 τῶν
1107 1486 1567 1558 ἀναθυμιωμένων
1615 1487 1727 1558 (31)
1766 1482 1914 1553 πλη-

265 1581 505 1649 ροῦνται,
560 1576 622 1630 τὸ
671 1573 847 1648 στόμα
894 1579 961 1648 τῇ
1019 1572 1244 1648 παρόδῳ
1289 1579 1386 1628 τοῦ
1435 1573 1584 1628 οἷ’νου
1627 1574 1913 1648 ὑπηρετεῖ-

265 1664 545 1744 ὀφθαλμοὶ
584 1663 845 1741 βλέπουσι
874 1665 942 1718 τὰ
986 1663 1267 1738 γινόμενα,
1309 1662 1519 1736 μᾶλλον
1553 1659 1611 1716 δὲ
1640 1656 1911 1738 παραϐλέ-

262 1775 446 1824 πουσι,
493 1755 594 1823 τὴν
643 1747 918 1828 ἀκρίϐειαν
957 1758 1075 1821 τῆς⁴
1105 1751 1406 1822 αἰσθήσεως
1458 1752 1561 1806 ὑπὸ
1605 1758 1705 1820 τῆς
1742 1750 1910 1822 μέθης

2039 791 2152 845 que
2178 780 2232 829 et
2261 781 2538 849 tympana
2572 786 2972 851 praparantur
2998 795 3012 834 :
3039 793 3164 851 quae
3196 795 3255 834 re
3286 778 3521 851 quidem
3552 778 3683 852 ipsa

2035 862 2233 932 lugent
2272 867 2578 936 perituros,
2614 868 2710 923 sed
2764 884 2832 923 ex
2879 868 3244 936 ebriosorum
3293 868 3564 924 instituto
3612 883 3680 924 eo

2037 958 2306 1024 spectant
2346 960 2408 1010 ut
2440 956 2558 1010 sint
2588 957 2980 1025 oblectationi,
3012 972 3114 1028 per
3142 956 3292 1012 hanc
3325 956 3677 1014 modulatio~

2036 1058 2167 1096 nem
2201 1061 2404 1099 omnes
2429 1045 2486 1098 in
2518 1062 2579 1100 se
2609 1047 2897 1101 suscitant
2917 1045 3095 1101 animi
3119 1045 3480 1118 voluptates:
3507 1046 3675 1117 quasi

2033 1132 2418 1202 cupiditatum
2437 1135 2648 1189 turmis
2663 1135 2722 1189 in
2741 1135 2955 1191 misera
2972 1135 3191 1207 poteris
3211 1135 3410 1190 anima
3426 1136 3678 1191 excitan-

2031 1221 2122 1275 dis
2155 1223 2426 1294 preprius
2454 1224 2570 1278 vini
2605 1224 2760 1279 calor
2785 1225 2927 1280 satis
2947 1241 3063 1280 non
3084 1223 3396 1280 esset.Imo
3424 1240 3582 1294 vero,
3607 1228 3673 1280 ut

2031 1327 2234 1366 omnes
2264 1328 2464 1367 eorum
2484 1329 2692 1368 sensus
2725 1314 3031 1385 praestigiis
3048 1313 3419 1384 voluptatum
3440 1313 3668 1385 decepti

2030 1398 2402 1455 detineantur
2434 1419 2446 1454 :
2481 1418 2652 1456 aures
2685 1402 2960 1458 tibiarum
3003 1405 3284 1457 concentu
3331 1401 3667 1458 demulcen-

2026 1491 2145 1553 tur,
2179 1489 2424 1545 olfactus
2473 1491 2824 1546 suffimentis
2864 1491 3378 1561 odoramentisque
3408 1491 3664 1562 comple-

2025 1580 2158 1644 tur;
2192 1594 2256 1632 os
2288 1580 2579 1634 subservit
2609 1579 2935 1635 transeunti
2966 1580 3138 1646 vino;
3177 1579 3482 1635 intuentur
3509 1580 3662 1635 oculi

2023 1682 2152 1738 quae
2175 1667 2323 1721 fiunt
2350 1685 2360 1731 ;
2395 1668 2480 1724 vel
2515 1668 2708 1740 potius
2733 1669 3165 1741 sensus,vigore
3186 1685 3251 1724 ac
3270 1668 3540 1724 acumine
3561 1685 3663 1740 per

2020 1756 2356 1812 ebrietatem
2384 1757 2600 1827 ablato,
2633 1757 2804 1813 aliter
2827 1774 2893 1813 ac
2915 1761 3055 1814 sunt
3076 1757 3664 1829 vident.Quapropter

261 1844 626 1921 ἀφῃρημένοι.
661 1842 738 1897 Δι’
789 1841 821 1896 ἂ
867 1839 1077 1916 ε²ίρηται
1121 1842 1207 1911 τὸ,
1263 1841 1398 1895 Οὐαὶ
1604 1841 1655 1894 o't
1695 1839 1907 1915 ἐγειρό-

2020 1843 2238 1900 dictum
2271 1849 2358 1902 est
2381 1863 2394 1900 :
2430 1848 2508 1902 Vas
2537 1849 2608 1902 iis
2628 1849 2724 1918 qui
2741 1863 2904 1903 mane
2927 1854 3185 1918 surgunt,
3205 1851 3256 1903 et
3279 1847 3516 1902 siceram
3534 1861 3662 1916 per-

261 1953 419 2005 μενοι
464 1932 528 1986 τὸ
586 1933 754 2008 πρωὶ,
805 1930 896 1984 καὶ
942 1931 1006 1985 τὸ
1048 1930 1231 2005 σίκερα
1276 1927 1585 1998 διώκοντες,
1637 1930 1688 1983 οἳ
1723 1927 1910 2001 μένον-

255 2041 349 2083 τες
380 2021 445 2075 τὸ
475 2021 589 2094 ὀψε,
638 2021 729 2074 καὶ
780 2017 1194 2093 διημερεύοντες
1235 2017 1288 2073 έν
1335 2019 1571 2086 τούτοις,
1603 2017 1676 2078 ὡς
1709 2014 1913 2090 μηδένα

259 2110 451 2183 καιρὸν
503 2109 711 2171 ἑαυτοῖς
760 2107 1020 2183 παρέχειν
1062 2107 1130 2163 τὰ
1176 2107 1303 2184 ἔργα
1351 2107 1548 2183 Κυρίον
1591 2101 1908 2179 ἐμϐλέπειν,

261 2198 352 2254 καὶ
382 2198 450 2253 τὰ
479 2195 610 2273 ἔργα
649 2201 758 2252 τῶν
810 2201 1013 2273 χειρῶν
1058 2195 1224 2252 αὐτοῦ
1276 2201 1573 2253 κατανοεῖν.
1625 2196 1763 2250 Πότε
1810 2195 1910 2270 γὰρ

263 2285 570 2362 διδαχθῶσι
610 2287 733 2362 περὶ
781 2290 954 2356 Θεοῦ;
1001 2287 1072 2341 Τὸ
1119 2285 1302 2362 πρωί;
1349 2284 1504 2341 Ἀλλ’
1543 2284 1695 2350 εὐθὺς
1728 2284 1910 2355 ἐξανα-

260 2376 478 2438 στάντες
504 2376 613 2430 ἀπὸ
643 2380 738 2430 τοῦ
791 2375 982 2440 ὕπνου,
1033 2376 1094 2430 τὸ
1146 2375 1329 2451 σίκερα
1385 2373 1688 2431 διώκουσιν.
1737 2371 1912 2430 Ἀλλὰ

266 2465 538 2538 μεσούσης
570 2466 780 2539 ἡμέρας
807 2483 821 2534 ;
856 2462 1035 2520 Ἀλλὰ
1075 2463 1199 2520 τότε
1229 2462 1294 2533 δὴ
1335 2462 1572 2537 μάλιστα
1601 2464 1785 2524 αὐτοῖς
1815 2460 1910 2517 αδ-

263 2556 413 2625 Εησιν
447 2556 538 2610 καὶ
573 2551 812 2609 ἐπίδοσιν
840 2553 867 2608 ὁ
898 2553 1068 2616 πότος
1101 2549 1239 2629 ἔχει.
1276 2552 1431 2610 Ἀλλ’
1461 2553 1682 2627 ἑσπέρας
1709 2570 1723 2620 ;
1753 2550 1910 2608 Ἀλλ.

252 2643 326 2699 ἔτι
361 2645 604 2699 πίνουσι’
657 2643 748 2698 καὶ
777 2645 812 2712 ἡ
869 2644 963 2716 μὲν
1011 2643 1192 2720 ἡμέρα
1245 2642 1439 2706 αὐτοὺς
1467 2640 1834 2709 ἐπιλέλοιπεν,
1867 2643 1901 2710 ἡ

251 2731 308 2788 δὲ
343 2733 482 2807 μέθη
516 2732 616 2788 οὐκ
647 2730 938 2789 έπιλείπει.
970 2729 1146 2789 Ἀλλὰ
1198 2731 1436 2804 μάλιστα
1467 2729 1534 2801 δὴ
1564 2734 1664 2796 τῆς
1690 2730 1900 2799 νυκτός,

246 2823 318 2884 ὡς
353 2820 506 2884 ἰδίως
535 2824 657 2894 (33)
689 2820 876 2884 αὐτοῖς
909 2818 1295 2898 διαφερούσης,
1328 2819 1664 2897 ἀντέχονται.

323 3004 446 3058 156.
509 2999 646 3058 Οὐαὶ
701 2997 793 3054 οὖν
853 3000 906 3054 οἱ
963 2999 1298 3076 ἐγειρόμενοι
1345 3000 1408 3054 τὸ
1463 3001 1630 3075 πρωὶ,
1691 3002 1780 3056 καὶ
1837 3001 1898 3055 τὸ

248 3091 432 3165 σίκερα
489 3087 806 3160 διώκοντες,
865 3090 918 3143 οἱ
977 3089 1226 3160 μένοντες
1303 3089 1366 3144 τὸ
1434 3088 1553 3163 ὀψέ.
1613 3089 1742 3144 Εἷνα
1795 3091 1894 3159 τήν

2015 1943 2341 2006 sequuntur,
2375 1938 2471 2006 qui
2497 1942 2811 2008 exspectant
2838 1953 3018 2008 vesper
3032 1955 3122 1992 am
3165 1940 3221 1992 et
3261 1939 3414 1992 totos
3443 1936 3568 1993 dies
3595 1936 3657 1993 in

2016 2021 2111 2077 his
2139 2025 2567 2095 versantur,ita
2596 2030 2662 2080 ut
2694 2025 2921 2081 nullum
2972 2027 3085 2082 sibi
3135 2029 3369 2081 servent
3417 2029 3650 2098 tempus

2020 2112 2092 2166 ad
2112 2128 2287 2184 opera
2308 2113 2536 2169 Domini
2561 2115 2966 2187 perspicienda
2993 2118 3050 2170 et
3079 2116 3146 2171 ad
3172 2131 3346 2186 opera
3375 2131 3660 2171 manuum

2019 2201 2148 2270 ejus
2178 2193 2581 2274 intelligenda.
2634 2204 2946 2276 Ecquando
2976 2205 3130 2260 enim
3173 2205 3242 2259 de
3273 2203 3389 2260 Deo
3418 2207 3659 2274 possent

2017 2289 2242 2346 edoceri
2267 2291 2294 2346 ?
2321 2296 2482 2347 Mane
2508 2295 2530 2347 Ρ
2553 2293 2663 2348 Sed
2712 2293 2887 2350 simul
2910 2296 3084 2365 atque
3113 2310 3143 2348 e
3173 2309 3380 2348 somno
3411 2292 3660 2349 suscita-

2018 2377 2061 2433 ti
2092 2383 2252 2444 sunt,
2275 2380 2516 2436 siceram
2545 2386 2990 2453 persequuntur.
3006 2382 3156 2437 Num
3179 2381 3372 2438 media
3392 2381 3485 2436 die
3502 2381 3530 2435 ‘I
3549 2381 3657 2436 Sed

2018 2469 2144 2520 tum
2178 2467 2263 2522 vel
2297 2468 2548 2524 maxime
2571 2470 2721 2524 inter
2743 2470 2872 2526 illos
2901 2474 3190 2543 augentur
3212 2486 3276 2525 ac
3298 2469 3664 2525 invalescunt

2016 2559 2496 2630 compotationes.
2538 2560 2814 2633 Nunquid
2844 2577 3081 2632 vespere
3115 2561 3144 2616 ‘I
3191 2561 3300 2617 Sed
3353 2561 3545 2616 adhuc
3575 2560 3663 2616 hi-

2015 2645 2197 2702 bunt:
2224 2652 2281 2704 et
2309 2649 2434 2704 dies
2465 2651 2702 2722 quidem
2735 2651 2866 2706 illos
2897 2651 3113 2718 deﬁcit,
3138 2667 3242 2706 nee
3271 2654 3466 2706 tamen
3500 2650 3661 2722 ipsos

2011 2734 2228 2792 deserit
2268 2738 2541 2795 ebrietas.
2574 2740 2819 2796 Maxime
2867 2745 3060 2796 autem
3102 2757 3205 2812 per
3242 2743 3493 2803 noctem,
3523 2743 3658 2794 tan-

2011 2839 2188 2895 quam
2234 2827 2304 2881 ad
2357 2827 2517 2898 ipsos
2565 2828 2839 2899 peculiari
2882 2829 3017 2899 jure
3074 2829 3438 2895 attinentem,
3475 2826 3654 2882 dediti

2008 2929 2132 2968 com
2145 2916 2540 2985 potationibus
2569 2920 2728 2972 sunt.

2080 3000 2200 3056 156.
2235 3003 2321 3060 Vae
2339 3002 2519 3075 igitur
2539 3006 2609 3060 iis
2631 3008 2728 3075 qui
2750 3020 2910 3061 mane
2931 3013 3182 3076 surgunt,
3203 3012 3255 3060 et
3273 3005 3509 3060 siceram
3525 3020 3650 3075 per-

2003 3095 2332 3161 sequuntur,
2365 3093 2460 3164 qui
2489 3098 2798 3164 exspectant
2842 3109 3145 3165 vesperam.
3185 3092 3321 3149 Dein
3371 3091 3653 3164 propheta

252 3179 429 3234 αἷτίαν
479 3182 578 3234 τοῦ
624 3175 877 3233 δύνασθαι
933 3176 1126 3240 αὐτοὺς
1182 3175 1419 3253 διαρκεῖν
1469 3177 1520 3233 έν
1573 3183 1652 3250 τῷ
1685 3179 1837 3252 πότῳ
1867 3180 1895 3234 ὁ

2020 3178 2266 3236 ieclarat
2280 3197 2385 3236 cur
2405 3182 2631 3254 possint
2648 3182 2909 3237 convivio
2931 3182 3261 3238 immorari:
3291 3183 3488 3238 Vinum
3507 3181 3656 3237 enim

249 3270 542 3347 προφήτης
616 3266 800 3345 φησὶν,
873 3267 934 3324 Ὁ
991 3267 1095 3342 γὰρ
1170 3242 1314 3328 οἶνός
1399 3265 1593 3329 αὐτοὺς
1664 3267 1892 3342 συγκαύ-

2020 3284 2097 3324 eos
2125 3271 2420 3326 comburat.
2444 3272 2688 3326 Causam
2714 3271 2881 3327 affert
2900 3288 3006 3328 cur
3025 3271 3110 3328 eis
3129 3271 3272 3326 insit
3287 3267 3656 3341 inexplebilis

249 3378 327 3412 σει
361 3360 500 3429 (34),
544 3358 644 3426 τὴν
695 3353 867 3410 αἲτίαν
930 3354 1101 3431 λέγων
1153 3356 1271 3419 καθ’
1327 3357 1387 3424 ἢν
1444 3354 1774 3430 ἀπλήρωτος
1807 3355 1896 3410 αὗ-

246 3452 367 3508 τοῖς
416 3445 562 3501 ἐστιν
612 3447 648 3514 ἡ
695 3449 792 3499 τοῦ
837 3443 1005 3500 πίνειν
1055 3443 1334 3518 ἐπιθυμία.
1382 3445 1503 3501 Ὅτι
1553 3442 1768 3500 ἐπειδὰν
1795 3468 1894 3500 πο-

247 3534 371 3604 λὺς,
400 3536 588 3612 φηοίν,
643 3535 671 3589 ὁ
703 3532 934 3609 ἄκρατος
982 3533 1236 3608 εῗσχυθῇ,
1286 3531 1511 3588 πλείονα
1556 3535 1654 3603 τήν
1694 3537 1894 3610 θερμα-

245 3623 364 3679 σίαν
415 3621 788 3698 έπεισαγαγὼν
846 3627 926 3694 τῷ
979 3623 1212 3695 σώματι,
1264 3623 1365 3691 τήν
1414 3624 1642 3700 φυσικὴν
1694 3620 1895 3695 ἰκμάδα

240 3717 338 3768 τοῦ
367 3714 625 3774 πίνοντος
658 3711 1040 3788 καταφρύσσει.
1092 3711 1243 3779 Εἶτα,
1278 3711 1453 3783 οἶμαι,
1496 3710 1690 3774 αύτοὸς
1721 3711 1895 3785 ἐαυτῷ

241 3805 272 3857 ὁ
301 3802 448 3866 οἶνος
500 3801 821 3874 ὑπέκκαυμα
874 3800 1158 3874 γινόμενος
1211 3803 1344 3870 (35),
1392 3803 1419 3856 ὁ
1469 3796 1762 3877 προλαϐὼν
1791 3803 1891 3872 τὴν

243 3889 592 3968 εὐρυχωρίαν
642 3888 1036 3961 παρασκευάζει
1081 3892 1162 3962 τῷ
1211 3890 1452 3945 εΐσιόντι.
1500 3892 1701 3965 Ὥσπερ
1753 3889 1810 3944 δὲ
1837 3891 1891 3944 αὶ

243 3978 545 4057 χαράδραι,
585 3978 930 4055 έπιῤῥέοντνς
988 3979 1081 4052 μὲν
1126 3981 1222 4032 τοῦ
1273 3979 1465 4053 ὑγροῦ,
1496 3977 1729 4053 πλήρεις
1758 3981 1894 4033 εἶναι

245 4068 487 4140 δοκοῦσι,
517 4067 886 4144 παρελθόντος
919 4064 995 4136 δὶ,
1047 4067 1203 4143 ξηραὶ
1253 4067 1342 4122 καὶ
1393 4065 1644 4130 λιθώδεις
1682 4067 1772 4122 καὶ
1805 4069 1896 4122 ἄν·

248 4179 400 4232 ικμοι
458 4156 905 4213 καταλείπονται·
958 4155 1102 4210 οὕτω
1147 4157 1237 4211 καὶ
1297 4156 1364 4211 τὰ
1426 4161 1533 4212 τῶν
1589 4157 1893 4229 μεθυόντων

247 4249 475 4320 σώματα
505 4243 1039 4322 ἂποχαραδρωθέντα
1079 4248 1148 4319 τῇ
1197 4245 1426 4320 ἀμετρίᾳ
1452 4250 1550 4300 τοῦ
1603 4245 1772 4314 οἷ’νου,
1807 4248 1897 4300 καὶ

244 4338 344 4406 τήν
389 4335 450 4391 ἐκ
498 4337 712 4414 φύσεως
769 4332 973 4408 ἰκμάδα
1028 4333 1477 4410 προσκατασύρει.
1538 4336 1602 4388 Οἱ
1654 4336 1898 4408 μένοντες

243 4427 305 4480 τὸ
359 4425 479 4498 ὀψέ.
534 4424 634 4478 Διά
687 4427 847 4478 τοῦτο
905 4423 1146 4497 μένουσι,
1207 4423 1359 4498 φησὶ,
1413 4424 1476 4478 τὸ
1537 4422 1654 4497 ὀψέ’
1705 4425 1765 4480 Ὁ
1794 4425 1896 4498 γὰρ

244 4518 390 4580 οἶνος
442 4515 642 4579 αύτούς
700 4515 1013 4590 συγκαύσει.
1065 4515 1144 4571 Τὸ
1203 4511 1260 4569 δὶ
1307 4514 1366 4569 έκ
1421 4516 1515 4569 τοῦ
1569 4514 1717 4569 οἷ’νου
1768 4520 1896 4588 πῦρ,

2003 3357 2238 3413 bibendi
2267 3359 2464 3415 libido.
2489 3359 2772 3415 Nimirum
2794 3365 3131 3432 postquam,
3157 3359 3370 3432 inquit,
3397 3359 3650 3414 multum
3699 3407 3704 3418 ..

2005 3445 2084 3501 sit
2135 3448 2274 3502 meri
2321 3449 2604 3510 infusum,
2651 3465 2786 3502 cum
2842 3448 2902 3503 in
2963 3465 3177 3520 corpus
3223 3446 3474 3503 calorem
3533 3463 3656 3500 ma-

1994 3535 2183 3605 jorem
2232 3536 2490 3601 inducat,
2525 3538 2782 3593 nativum
2816 3537 3094 3608 potatoris
3125 3536 3430 3594 humorem
3469 3538 3653 3591 torre-

2003 3625 2160 3682 facit.
2198 3627 2430 3690 Deinde,
2464 3626 2689 3697 opinor,
2723 3643 2853 3682 cum
2887 3626 3080 3697 ipsum
3113 3625 3224 3682 sibi
3253 3625 3366 3697 ipsi
3408 3626 3472 3679 fit
3501 3624 3652 3679 inci-

2001 3715 2740 3787 tamentum,vinum,quod
2767 3713 3435 3786 pracessitﬁngredienti
3455 3713 3646 3770 locum

2004 3804 2346 3876 ampliorem
2373 3805 2820 3876 parat.Quemad
2831 3806 3067 3859 modum
3087 3807 3282 3858 autem
3297 3805 3644 3858 torrentium

2004 3895 2149 3950 alvei
2174 3895 2446 3949 videntur
2475 3911 2603 3948 esse
2633 3893 2808 3963 pleni,
2833 3893 3198 3948 interendum
3232 3893 3389 3947 unda
3420 3892 3644 3948 efﬂuit:

2004 3990 2384 4057 posteaquam
2450 3999 2574 4037 vere
2623 3982 3044 4053 pertransierit,
3094 3981 3255 4047 sicci,
3300 3979 3542 4052 lapidosi
3591 3984 3649 4036 et

2006 4072 2152 4130 aridi
2185 4075 2527 4144 permanent
2559 4087 2571 4124 :
2608 4070 2690 4126 sic
2721 4069 2895 4125 etiam
2919 4069 3376 4125 temulentorum
3407 4085 3650 4141 corpora

2006 4179 2107 4236 per
2135 4161 2413 4216 nimirum
2447 4159 2646 4214 vinum
2680 4162 2952 4214 excavata
2972 4162 3029 4212 et
3049 4158 3261 4212 etl'ossa
3291 4157 3649 4224 exsicantur,

2007 4255 2180 4322 atque
2211 4250 2279 4304 ad
2304 4265 2364 4304 se
2389 4249 2692 4304 humorem
2721 4247 3048 4304 naturalem
3071 4246 3446 4315 trahunt.Qut
3466 4263 3656 4320 exspe-

2005 4345 2156 4396 ctant
2185 4354 2481 4410 vesperam.
2515 4338 2597 4393 0b
2629 4337 2778 4392 hanc
2810 4336 3658 4409 causam,inquit,exspectant

2007 4444 2306 4499 vesperam
2343 4443 2356 4481 :
2394 4428 2590 4482 Vinum
2636 4427 2784 4481 enim
2832 4442 2920 4481 eos
2969 4426 3271 4481 comburet.
3314 4423 3415 4481 Ille
3459 4429 3654 4482 autem

2009 4516 2302 4590 ignis,qui
2337 4533 2368 4570 a
2395 4515 2878 4582 vino,excitatur,
2903 4514 2961 4569 in
2997 4531 3230 4571 carnem
3263 4515 3655 4580 introductus,

246 4607 600 4684 ἐγγινόμενον
643 4610 712 4681 τῇ
747 4607 922 4682 σαρκὶ,
967 4602 1181 4681 ἔξαμμα
1231 4605 1432 4682 γίνεται
1489 4611 1597 4662 τῶν
1629 4628 1886 4684 πεπυρω-

2020 4603 2659 4676 Lscenditignitajacula
2677 4604 2898 4659 inimici
2915 4603 3197 4659 7°.Vinum
3215 4603 3369 4660 enim
3386 4603 3656 4660 rationem

253 4697 426 4770 μένων
464 4696 644 4772 βελῶν
672 4701 770 4751 τοῦ
810 4694 1030 4772 ἐχθροῦ.
1080 4697 1178 4750 Τὸν
1216 4696 1307 4768 μὲν
1337 4696 1440 4770 γὰρ
1483 4694 1768 4770 λογισμὸν,
1800 4697 1891 4752 καὶ

2020 4693 2329 4764 submergit
2359 4699 2416 4747 et
2446 4697 2698 4748 mentem
2727 4710 2739 4758 ;
2775 4694 3031 4764 itemque
3061 4693 3408 4765 cupiditates
3445 4709 3512 4748 ac
3550 4709 3660 4749 vo-

249 4787 341 4842 τόν
371 4791 499 4841 νοῦν
533 4786 561 4840 ὁ
593 4788 741 4848 οἶνος
790 4779 1192 4854 καταϐαπτίζει,
1241 4784 1338 4848 τὰς
1380 4781 1436 4839 δὶ
1486 4784 1772 4857 ἐπιθυμίας
1804 4786 1894 4840 καὶ

2020 4786 2259 4856 .uptates
2293 4780 2638 4850 inflammat,
2665 4781 2903 4852 perinde
2935 4786 3110 4852 atque
3141 4780 3334 4837 oleum
3358 4780 3655 4838 flammam

252 4878 346 4940 τὰς
397 4872 604 4944 ἡδονᾶς
665 4871 844 4950 ὥσπερ
890 4871 1072 4929 ἔλαιον
1123 4872 1305 4952 φλόγα
1353 4872 1584 4944 ἐξάπτει.
1633 4875 1792 4928 Ὥστε
1835 4874 1898 4929 τὸ

2020 4870 2295 4929 ascendit.
2361 4869 2522 4925 Unde
2585 4871 2739 4926 490
2795 4871 2971 4926 verba
3017 4869 3242 4939 isthmc,
3307 4871 3501 4926 Vinum
3567 4886 3658 4926 eo:

254 4963 542 5039 εἰρημένον
597 4961 702 5032 ὅτι,
765 4965 822 5018 Ὀ
870 4964 1014 5026 οἶνος
1073 4961 1269 5026 αὐτοὺς
1327 4961 1636 5039 σογκαύσει,
1688 4961 1785 5018 οὐκ
1813 4959 1900 5017 ἐπὶ

2020 4961 2306 5027 comburat,
2340 4975 2456 5014 non
2488 4958 2807 5031 accipimus
2839 4959 3030 5016 solum
3060 4975 3166 5032 pro
3200 4958 3440 5016 bibendi
3469 4959 3659 5016 avidi-

328 5120 374 5156 ⁷³
403 5119 618 5193 Bphes.
647 5135 728 5190 vr,
764 5119 851 5176 16.

324 5288 437 5359 (30)
468 5287 622 5343 Bditi
654 5291 715 5344 et
743 5302 886 5344 mss.
920 5285 1210 5358 nonnulli,
1241 5285 1447 5359 αὐτοῖς.
1506 5286 1616 5359 Alii
1642 5287 1908 5358 quidam,

261 5356 487 5485 12:52:22,.
523 5359 652 5416 Mox
678 5359 864 5416 nostri
897 5376 997 5416 sex
1026 5376 1170 5416 mss.
1196 5356 1424 5413 αἰώνιον
1454 5356 1700 5416 κόλασιν.
1733 5359 1909 5428 Editi,

268 5451 397 5485 αιων
427 5452 509 5485 αν.

268 5451 397 5485 αιων
407 5451 509 5485 ιαν.

332 5505 448 5572 (31)
476 5501 720 5574 Antiqui
751 5516 852 5558 sex
881 5501 1038 5568 libri,
1071 5499 1555 5574 ἀναθυμιωμένων.
1591 5501 1760 5569 Editi,
1787 5500 1912 5554 ἀνα-

268 5569 592 5648 Θυμιάσεων.
635 5569 672 5648 -_
1061 5640 1081 5648 _
1114 5644 1126 5648 _
1184 5642 1205 5648 η
1244 5569 1253 5574 ⁷
1296 5641 1308 5648 _
1363 5569 1370 5572 Ἴ
1552 5642 1563 5648 Α
1672 5643 1686 5648 _
1734 5642 1745 5648 -
2025 5569 2382 5648 qu'e,_ret6_1.'obc
2413 5569 2720 5648 συγκαύσειζ

342 5637 442 5722 ἰ32)
473 5646 674 5722 Nostri
707 5661 819 5722 sex
855 5660 1024 5722 mss_.,
1048 5640 1126 5722 ,δι’
1265 5641 1476 5722 εἴρηται
1512 5642 1774 5722 τὸ,-οὐαξ,
1805 5647 1907 5700 etc.

2040 5637 2210 5722 ’,(35)
2241 5637 2766 5715 Veteres'quinque
2814 5640 2970 5708 lihri,
3003 5639 3314 5713 γινόμενος.
3368 5637 3542 5706 Editi,
3571 5656 3666 5710 γο-

272 5713 526 5792 Atediti,
581 5715 675 5774 διὰ
727 5719 888 5771 τοῦτο
941 5715 1084 5774 οὐαί.
1131 5713 1449 5789 Aliquanto
1494 5713 1628 5789 poet
1655 5717 1907 5788 quinque

2026 5713 2279 5789 νόμενος,

2020 5302 2190 5352 mss.,
2222 5284 2409 5358 καιρδν
2437 5279 2673 5358 ἑαυτοῖς.
2704 5283 2882 5358 Editi,
2916 5283 3120 5358 αὐτοῖς.

2094 5349 2206 5429 (33')
2255 5349 2490 5430 Antiqui
2548 5359 2664 5412 tres
2739 5349 2892 5425 libri,
2966 5355 3042 5417 ὡς
3120 5349 3300 5424 tam,
3357 5353 3528 5421 Editi,
3592 5352 3668 5414 ὡς

2023 5424 2204 5572 ἶδιῖἓίι)
2235 5499 2412 5575 Editi,
2446 5496 2659 5575 αὐτούς,
2691 5497 2844 5575 φησὶ,
2879 5495 3186 5572 συγκαύσει.
3219 5500 3292 5555 At
3323 5513 3445 5554 mss
3499 5494 3669 5568 quin-
