  <div class='ocr_page' id='page_1' title='image "/cluster/home/n/w/nwhite01/storage/ocr_20150623/30/hvd.32044073501827/195.png"; bbox 0 0 4048 6220; ppageno 0'>
   <div class='ocr_carea' id='block_1_1' title="bbox 399 353 516 414">
    <p class='ocr_par' dir='ltr' id='par_1_1' title="bbox 399 353 516 414">
     <span class='ocr_line' id='line_1_1' title="bbox 399 353 516 414; baseline -0.017 -1"><span class='ocrx_word' id='word_1_1' title='bbox 399 353 516 414; x_wconf 78' lang='lat'>375</span> 
     </span>
    </p>
   </div>
   <div class='ocr_carea' id='block_1_2' title="bbox 1357 346 2848 409">
    <p class='ocr_par' dir='ltr' id='par_1_2' title="bbox 1357 346 2848 409">
     <span class='ocr_line' id='line_1_2' title="bbox 1357 346 2848 409; baseline 0.001 -2"><span class='ocrx_word' id='word_1_2' title='bbox 1357 347 1749 407; x_wconf 85' lang='lat' dir='ltr'>APPENDIX</span> <span class='ocrx_word' id='word_1_3' title='bbox 1792 347 2118 409; x_wconf 83' lang='lat' dir='ltr'>OPERUM</span> <span class='ocrx_word' id='word_1_4' title='bbox 2165 347 2228 406; x_wconf 91' lang='lat' dir='ltr'>S.</span> <span class='ocrx_word' id='word_1_5' title='bbox 2274 347 2552 408; x_wconf 87' lang='lat' dir='ltr'>BASlLll</span> <span class='ocrx_word' id='word_1_6' title='bbox 2595 346 2848 408; x_wconf 84' lang='lat' dir='ltr'><strong>MAGNI</strong></span> 
     </span>
    </p>
   </div>
   <div class='ocr_carea' id='block_1_3' title="bbox 3695 348 3814 409">
    <p class='ocr_par' dir='ltr' id='par_1_3' title="bbox 3695 348 3814 409">
     <span class='ocr_line' id='line_1_3' title="bbox 3695 348 3814 409; baseline 0.017 -2"><span class='ocrx_word' id='word_1_7' title='bbox 3695 348 3814 409; x_wconf 85' lang='lat'>376</span> 
     </span>
    </p>
   </div>
   <div class='ocr_carea' id='block_1_4' title="bbox 399 476 2062 556">
    <p class='ocr_par' dir='ltr' id='par_1_4' title="bbox 399 481 2046 556">
     <span class='ocr_line' id='line_1_4' title="bbox 399 481 2046 556; baseline -0.004 -13"><span class='ocrx_word' id='word_1_8' title='bbox 399 489 540 554; x_wconf 88' lang='lat' dir='ltr'>tate,</span> <span class='ocrx_word' id='word_1_9' title='bbox 564 486 660 541; x_wconf 91' lang='lat' dir='ltr'>sed</span> <span class='ocrx_word' id='word_1_10' title='bbox 691 499 795 556; x_wconf 90' lang='lat' dir='ltr'>pro</span> <span class='ocrx_word' id='word_1_11' title='bbox 816 483 1039 555; x_wconf 88' lang='lat' dir='ltr'>reliqua</span> <span class='ocrx_word' id='word_1_12' title='bbox 1061 483 1238 537; x_wconf 90' lang='lat' dir='ltr'>etiam</span> <span class='ocrx_word' id='word_1_13' title='bbox 1271 481 1530 554; x_wconf 85' lang='lat' dir='ltr'>corporis</span> <span class='ocrx_word' id='word_1_14' title='bbox 1561 481 2046 538; x_wconf 86' lang='lat' dir='ltr'>inﬂammatione.</span> 
     </span>
    </p>
   </div>
   <div class='ocr_carea' id='block_1_5' title="bbox 2176 476 3813 556">
    <p class='ocr_par' dir='ltr' id='par_1_5' title="bbox 2176 476 3813 553">
     <span class='ocr_line' id='line_1_5' title="bbox 2176 476 3813 553; baseline 0 -19"><span class='ocrx_word' id='word_1_15' title='bbox 2176 480 2262 549; x_wconf 79' lang='grc' dir='ltr'>τήν</span> <span class='ocrx_word' id='word_1_16' title='bbox 2291 479 2368 542; x_wconf 83' lang='grc' dir='ltr'>εἷς</span> <span class='ocrx_word' id='word_1_17' title='bbox 2395 480 2460 535; x_wconf 82' lang='grc' dir='ltr'>τὸ</span> <span class='ocrx_word' id='word_1_18' title='bbox 2488 479 2659 535; x_wconf 85' lang='grc' dir='ltr'>πίνειν</span> <span class='ocrx_word' id='word_1_19' title='bbox 2709 477 3001 552; x_wconf 80' lang='grc' dir='ltr'>ἐπιθυμίαν</span> <span class='ocrx_word' id='word_1_20' title='bbox 3036 476 3226 553; x_wconf 89' lang='grc' dir='ltr'>μόονο.</span> <span class='ocrx_word' id='word_1_21' title='bbox 3279 478 3426 535; x_wconf 82' lang='grc' dir='ltr'>ἀλλὰ</span> <span class='ocrx_word' id='word_1_22' title='bbox 3461 480 3552 534; x_wconf 86' lang='grc' dir='ltr'>καὶ</span> <span class='ocrx_word' id='word_1_23' title='bbox 3583 478 3680 541; x_wconf 17' lang='grc' dir='ltr'>ἐπὶ,</span> <span class='ocrx_word' id='word_1_24' title='bbox 3713 480 3813 550; x_wconf 72' lang='grc' dir='ltr'>τὴν</span> 
     </span>
    </p>
   </div>
   <div class='ocr_carea' id='block_1_6' title="bbox 401 569 2046 643">
    <p class='ocr_par' dir='ltr' id='par_1_6' title="bbox 401 569 2046 643">
     <span class='ocr_line' id='line_1_6' title="bbox 401 569 2046 643; baseline -0.003 -13"><span class='ocrx_word' id='word_1_25' title='bbox 401 573 656 630; x_wconf 87' lang='lat' dir='ltr'>Subinde</span> <span class='ocrx_word' id='word_1_26' title='bbox 686 571 983 643; x_wconf 89' lang='lat' dir='ltr'>Scriptura</span> <span class='ocrx_word' id='word_1_27' title='bbox 1011 571 1293 642; x_wconf 83' lang='lat' dir='ltr'>ineptiam</span> <span class='ocrx_word' id='word_1_28' title='bbox 1327 569 1829 642; x_wconf 82' lang='lat' dir='ltr'>stoliditatemque</span> <span class='ocrx_word' id='word_1_29' title='bbox 1859 572 2046 642; x_wconf 85' lang='lat' dir='ltr'>majo-</span> 
     </span>
    </p>
   </div>
   <div class='ocr_carea' id='block_1_7' title="bbox 403 659 2051 732">
    <p class='ocr_par' dir='ltr' id='par_1_7' title="bbox 403 659 2051 732">
     <span class='ocr_line' id='line_1_7' title="bbox 403 659 2051 732; baseline -0.004 -12"><span class='ocrx_word' id='word_1_30' title='bbox 403 680 526 720; x_wconf 89' lang='lat' dir='ltr'>rem</span> <span class='ocrx_word' id='word_1_31' title='bbox 570 662 873 731; x_wconf 86' lang='lat' dir='ltr'>exhibens,</span> <span class='ocrx_word' id='word_1_32' title='bbox 907 659 1280 732; x_wconf 78' lang='lat' dir='ltr'>progreditur</span> <span class='ocrx_word' id='word_1_33' title='bbox 1313 677 1326 715; x_wconf 89' lang='lat'>:</span> <span class='ocrx_word' id='word_1_34' title='bbox 1358 661 1498 715; x_wconf 86' lang='lat' dir='ltr'>Nam</span> <span class='ocrx_word' id='word_1_35' title='bbox 1525 675 1649 714; x_wconf 87' lang='lat' dir='ltr'>cum</span> <span class='ocrx_word' id='word_1_36' title='bbox 1679 660 1917 726; x_wconf 77' lang='lat' dir='ltr'>cithara,</span> <span class='ocrx_word' id='word_1_37' title='bbox 1961 661 2051 714; x_wconf 89' lang='lat' dir='ltr'>in-</span> 
     </span>
    </p>
   </div>
   <div class='ocr_carea' id='block_1_8' title="bbox 406 747 2052 826">
    <p class='ocr_par' dir='ltr' id='par_1_8' title="bbox 406 747 2052 826">
     <span class='ocr_line' id='line_1_8' title="bbox 406 747 2052 826; baseline -0.003 -18"><span class='ocrx_word' id='word_1_38' title='bbox 406 753 554 826; x_wconf 82' lang='lat' dir='ltr'>quit,</span> <span class='ocrx_word' id='word_1_39' title='bbox 578 756 626 807; x_wconf 80' lang='lat' dir='ltr'>et</span> <span class='ocrx_word' id='word_1_40' title='bbox 656 751 934 823; x_wconf 82' lang='lat' dir='ltr'>psalterio,</span> <span class='ocrx_word' id='word_1_41' title='bbox 958 754 1008 805; x_wconf 84' lang='lat' dir='ltr'>et</span> <span class='ocrx_word' id='word_1_42' title='bbox 1037 747 1340 820; x_wconf 79' lang='lat' dir='ltr'>tympanis,</span> <span class='ocrx_word' id='word_1_43' title='bbox 1363 751 1411 804; x_wconf 82' lang='lat' dir='ltr'>et</span> <span class='ocrx_word' id='word_1_44' title='bbox 1443 748 1594 803; x_wconf 80' lang='lat' dir='ltr'>tibiis</span> <span class='ocrx_word' id='word_1_45' title='bbox 1626 749 1812 803; x_wconf 79' lang='lat' dir='ltr'>vinum</span> <span class='ocrx_word' id='word_1_46' title='bbox 1844 749 2052 803; x_wconf 83' lang='lat' dir='ltr'>bibunt.</span> 
     </span>
    </p>
   </div>
   <div class='ocr_carea' id='block_1_9' title="bbox 403 836 2054 910">
    <p class='ocr_par' dir='ltr' id='par_1_9' title="bbox 403 836 2054 910">
     <span class='ocr_line' id='line_1_9' title="bbox 403 836 2054 910; baseline -0.003 -13"><span class='ocrx_word' id='word_1_47' title='bbox 403 842 708 899; x_wconf 81' lang='lat' dir='ltr'>Enimvero</span> <span class='ocrx_word' id='word_1_48' title='bbox 745 841 994 910; x_wconf 81' lang='lat' dir='ltr'>juvenes</span> <span class='ocrx_word' id='word_1_49' title='bbox 1043 837 1278 910; x_wconf 86' lang='lat' dir='ltr'>quidem</span> <span class='ocrx_word' id='word_1_50' title='bbox 1325 836 1640 893; x_wconf 69' lang='lat' dir='ltr'>citharistaa</span> <span class='ocrx_word' id='word_1_51' title='bbox 1673 838 1870 892; x_wconf 87' lang='lat' dir='ltr'>animo</span> <span class='ocrx_word' id='word_1_52' title='bbox 1903 836 2054 892; x_wconf 89' lang='lat' dir='ltr'>malo</span> 
     </span>
    </p>
   </div>
   <div class='ocr_carea' id='block_1_10' title="bbox 404 926 2053 998">
    <p class='ocr_par' dir='ltr' id='par_1_10' title="bbox 404 926 2053 998">
     <span class='ocr_line' id='line_1_10' title="bbox 404 926 2053 998; baseline -0.003 -11"><span class='ocrx_word' id='word_1_53' title='bbox 404 947 538 988; x_wconf 91' lang='lat' dir='ltr'>cum</span> <span class='ocrx_word' id='word_1_54' title='bbox 579 929 763 986; x_wconf 90' lang='lat' dir='ltr'>oculis</span> <span class='ocrx_word' id='word_1_55' title='bbox 795 927 1133 983; x_wconf 87' lang='lat' dir='ltr'>ebrietatem</span> <span class='ocrx_word' id='word_1_56' title='bbox 1182 926 1596 982; x_wconf 85' lang='lat' dir='ltr'>anhelantibus</span> <span class='ocrx_word' id='word_1_57' title='bbox 1636 928 2053 998; x_wconf 87' lang='lat' dir='ltr'>irrumpentes,</span> 
     </span>
    </p>
   </div>
   <div class='ocr_carea' id='block_1_11' title="bbox 401 1015 2053 1089">
    <p class='ocr_par' dir='ltr' id='par_1_11' title="bbox 401 1015 2053 1089">
     <span class='ocr_line' id='line_1_11' title="bbox 401 1015 2053 1089; baseline -0.003 -14"><span class='ocrx_word' id='word_1_58' title='bbox 401 1020 772 1089; x_wconf 64' lang='lat' dir='ltr'>tibicinesque</span> <span class='ocrx_word' id='word_1_59' title='bbox 803 1023 858 1073; x_wconf 91' lang='lat' dir='ltr'>et</span> <span class='ocrx_word' id='word_1_60' title='bbox 890 1017 1136 1072; x_wconf 73' lang='lat' dir='ltr'>fidicina:</span> <span class='ocrx_word' id='word_1_61' title='bbox 1177 1016 1465 1088; x_wconf 85' lang='lat' dir='ltr'>ﬂagitiose</span> <span class='ocrx_word' id='word_1_62' title='bbox 1498 1016 1745 1072; x_wconf 86' lang='lat' dir='ltr'>formam</span> <span class='ocrx_word' id='word_1_63' title='bbox 1777 1015 2053 1084; x_wconf 82' lang='lat' dir='ltr'>colentes,</span> 
     </span>
    </p>
   </div>
   <div class='ocr_carea' id='block_1_12' title="bbox 401 1104 2057 1177">
    <p class='ocr_par' dir='ltr' id='par_1_12' title="bbox 401 1104 2057 1177">
     <span class='ocr_line' id='line_1_12' title="bbox 401 1104 2057 1177; baseline -0.003 -12"><span class='ocrx_word' id='word_1_64' title='bbox 401 1108 563 1165; x_wconf 90' lang='lat' dir='ltr'>chori</span> <span class='ocrx_word' id='word_1_65' title='bbox 594 1107 836 1177; x_wconf 88' lang='lat' dir='ltr'>insuper</span> <span class='ocrx_word' id='word_1_66' title='bbox 865 1122 930 1160; x_wconf 85' lang='lat' dir='ltr'>ac</span> <span class='ocrx_word' id='word_1_67' title='bbox 979 1109 1294 1160; x_wconf 87' lang='lat' dir='ltr'>concentus</span> <span class='ocrx_word' id='word_1_68' title='bbox 1327 1104 1726 1176; x_wconf 89' lang='lat' dir='ltr'>improborum</span> <span class='ocrx_word' id='word_1_69' title='bbox 1770 1121 2057 1176; x_wconf 91' lang='lat' dir='ltr'>quorum-</span> 
     </span>
    </p>
   </div>
   <div class='ocr_carea' id='block_1_13' title="bbox 399 1194 2060 1268">
    <p class='ocr_par' dir='ltr' id='par_1_13' title="bbox 399 1194 2060 1268">
     <span class='ocr_line' id='line_1_13' title="bbox 399 1194 2060 1268; baseline -0.004 -14"><span class='ocrx_word' id='word_1_70' title='bbox 399 1199 533 1254; x_wconf 94' lang='lat' dir='ltr'>dam</span> <span class='ocrx_word' id='word_1_71' title='bbox 555 1211 808 1268; x_wconf 88' lang='lat' dir='ltr'>quorum</span> <span class='ocrx_word' id='word_1_72' title='bbox 833 1211 1076 1266; x_wconf 90' lang='lat' dir='ltr'>corpora</span> <span class='ocrx_word' id='word_1_73' title='bbox 1096 1195 1166 1249; x_wconf 85' lang='lat' dir='ltr'>ob</span> <span class='ocrx_word' id='word_1_74' title='bbox 1188 1194 1703 1266; x_wconf 89' lang='lat' dir='ltr'>intemperantinm</span> <span class='ocrx_word' id='word_1_75' title='bbox 1724 1194 1907 1249; x_wconf 81' lang='lat' dir='ltr'>fracta</span> <span class='ocrx_word' id='word_1_76' title='bbox 1919 1199 2060 1248; x_wconf 89' lang='lat' dir='ltr'>sunt</span> 
     </span>
    </p>
   </div>
   <div class='ocr_carea' id='block_1_14' title="bbox 400 1282 2058 1350">
    <p class='ocr_par' dir='ltr' id='par_1_14' title="bbox 400 1282 2058 1350">
     <span class='ocr_line' id='line_1_14' title="bbox 400 1282 2058 1350; baseline -0.002 -7"><span class='ocrx_word' id='word_1_77' title='bbox 400 1291 457 1344; x_wconf 88' lang='lat' dir='ltr'>et</span> <span class='ocrx_word' id='word_1_78' title='bbox 488 1289 780 1350; x_wconf 84' lang='lat' dir='ltr'>enervata,</span> <span class='ocrx_word' id='word_1_79' title='bbox 813 1283 1112 1340; x_wconf 90' lang='lat' dir='ltr'>communi</span> <span class='ocrx_word' id='word_1_80' title='bbox 1143 1283 1245 1339; x_wconf 90' lang='lat' dir='ltr'>illa</span> <span class='ocrx_word' id='word_1_81' title='bbox 1273 1282 1666 1339; x_wconf 85' lang='lat' dir='ltr'>modulatione</span> <span class='ocrx_word' id='word_1_82' title='bbox 1695 1283 2058 1340; x_wconf 88' lang='lat' dir='ltr'>emollientes</span> 
     </span>
    </p>
   </div>
   <div class='ocr_carea' id='block_1_15' title="bbox 401 1371 2058 1444">
    <p class='ocr_par' dir='ltr' id='par_1_15' title="bbox 401 1371 2058 1444">
     <span class='ocr_line' id='line_1_15' title="bbox 401 1371 2058 1444; baseline -0.002 -14"><span class='ocrx_word' id='word_1_83' title='bbox 401 1376 649 1442; x_wconf 88' lang='lat' dir='ltr'>animos,</span> <span class='ocrx_word' id='word_1_84' title='bbox 685 1373 756 1428; x_wconf 88' lang='lat' dir='ltr'>ad</span> <span class='ocrx_word' id='word_1_85' title='bbox 813 1388 1047 1427; x_wconf 80' lang='lat' dir='ltr'>onmem</span> <span class='ocrx_word' id='word_1_86' title='bbox 1101 1371 1528 1441; x_wconf 86' lang='lat' dir='ltr'>turpitudinem</span> <span class='ocrx_word' id='word_1_87' title='bbox 1578 1371 2058 1444; x_wconf 84' lang='lat' dir='ltr'>voluptatemque</span> 
     </span>
    </p>
   </div>
   <div class='ocr_carea' id='block_1_16' title="bbox 402 1462 2054 1538">
    <p class='ocr_par' dir='ltr' id='par_1_16' title="bbox 402 1462 2054 1538">
     <span class='ocr_line' id='line_1_16' title="bbox 402 1462 2054 1538; baseline -0.002 -17"><span class='ocrx_word' id='word_1_88' title='bbox 402 1466 664 1538; x_wconf 87' lang='lat' dir='ltr'>iniquam</span> <span class='ocrx_word' id='word_1_89' title='bbox 698 1463 874 1520; x_wconf 89' lang='lat' dir='ltr'>hosce</span> <span class='ocrx_word' id='word_1_90' title='bbox 905 1462 1256 1518; x_wconf 83' lang='lat' dir='ltr'>temulentos</span> <span class='ocrx_word' id='word_1_91' title='bbox 1288 1467 1622 1533; x_wconf 88' lang='lat' dir='ltr'>provocant.</span> <span class='ocrx_word' id='word_1_92' title='bbox 1677 1463 1827 1529; x_wconf 85' lang='lat' dir='ltr'>Quid</span> <span class='ocrx_word' id='word_1_93' title='bbox 1860 1467 2054 1518; x_wconf 86' lang='lat' dir='ltr'>autem</span> 
     </span>
    </p>
   </div>
   <div class='ocr_carea' id='block_1_17' title="bbox 406 1551 2059 1624">
    <p class='ocr_par' dir='ltr' id='par_1_17' title="bbox 406 1551 2059 1624">
     <span class='ocr_line' id='line_1_17' title="bbox 406 1551 2059 1624; baseline -0.002 -13"><span class='ocrx_word' id='word_1_94' title='bbox 406 1555 544 1611; x_wconf 88' lang='lat' dir='ltr'>inde</span> <span class='ocrx_word' id='word_1_95' title='bbox 573 1552 816 1608; x_wconf 84' lang='lat' dir='ltr'>evenit?</span> <span class='ocrx_word' id='word_1_96' title='bbox 866 1552 938 1607; x_wconf 94' lang='lat' dir='ltr'>Ut</span> <span class='ocrx_word' id='word_1_97' title='bbox 966 1568 1142 1622; x_wconf 89' lang='lat' dir='ltr'>opera</span> <span class='ocrx_word' id='word_1_98' title='bbox 1198 1551 1421 1606; x_wconf 89' lang='lat' dir='ltr'>Domini</span> <span class='ocrx_word' id='word_1_99' title='bbox 1473 1569 1586 1606; x_wconf 91' lang='lat' dir='ltr'>non</span> <span class='ocrx_word' id='word_1_100' title='bbox 1638 1551 1970 1624; x_wconf 86' lang='lat' dir='ltr'>respiciant,</span> <span class='ocrx_word' id='word_1_101' title='bbox 2002 1558 2059 1608; x_wconf 85' lang='lat' dir='ltr'>et</span> 
     </span>
    </p>
   </div>
   <div class='ocr_carea' id='block_1_18' title="bbox 406 1640 2058 1716">
    <p class='ocr_par' dir='ltr' id='par_1_18' title="bbox 406 1640 2058 1716">
     <span class='ocr_line' id='line_1_18' title="bbox 406 1640 2058 1716; baseline -0.003 -15"><span class='ocrx_word' id='word_1_102' title='bbox 406 1659 584 1716; x_wconf 88' lang='lat' dir='ltr'>opera</span> <span class='ocrx_word' id='word_1_103' title='bbox 605 1658 887 1697; x_wconf 86' lang='lat' dir='ltr'>manuum</span> <span class='ocrx_word' id='word_1_104' title='bbox 913 1642 1043 1710; x_wconf 87' lang='lat' dir='ltr'>ejus</span> <span class='ocrx_word' id='word_1_105' title='bbox 1073 1657 1186 1695; x_wconf 91' lang='lat' dir='ltr'>non</span> <span class='ocrx_word' id='word_1_106' title='bbox 1211 1640 1603 1696; x_wconf 89' lang='lat' dir='ltr'>considerent.</span> <span class='ocrx_word' id='word_1_107' title='bbox 1625 1641 1756 1696; x_wconf 90' lang='lat' dir='ltr'>Jam</span> <span class='ocrx_word' id='word_1_108' title='bbox 1785 1659 1917 1699; x_wconf 84' lang='lat' dir='ltr'>vero</span> <span class='ocrx_word' id='word_1_109' title='bbox 1939 1658 2058 1697; x_wconf 89' lang='lat' dir='ltr'>ver-</span> 
     </span>
    </p>
   </div>
   <div class='ocr_carea' id='block_1_19' title="bbox 406 1729 2058 1802">
    <p class='ocr_par' dir='ltr' id='par_1_19' title="bbox 406 1729 2058 1802">
     <span class='ocr_line' id='line_1_19' title="bbox 406 1729 2058 1802; baseline -0.001 -14"><span class='ocrx_word' id='word_1_110' title='bbox 406 1734 549 1788; x_wconf 89' lang='lat' dir='ltr'>bum</span> <span class='ocrx_word' id='word_1_111' title='bbox 580 1730 747 1800; x_wconf 87' lang='lat' dir='ltr'>illud,</span> <span class='ocrx_word' id='word_1_112' title='bbox 771 1732 1056 1801; x_wconf 73' lang='lat' dir='ltr'>respicere,</span> <span class='ocrx_word' id='word_1_113' title='bbox 1084 1746 1275 1784; x_wconf 90' lang='lat' dir='ltr'>rerum</span> <span class='ocrx_word' id='word_1_114' title='bbox 1312 1729 1548 1801; x_wconf 87' lang='lat' dir='ltr'>quidem</span> <span class='ocrx_word' id='word_1_115' title='bbox 1584 1729 1901 1786; x_wconf 87' lang='lat' dir='ltr'>visibilium</span> <span class='ocrx_word' id='word_1_116' title='bbox 1935 1747 2058 1802; x_wconf 85' lang='lat' dir='ltr'>per-</span> 
     </span>
    </p>
   </div>
   <div class='ocr_carea' id='block_1_20' title="bbox 407 1818 2058 1893">
    <p class='ocr_par' dir='ltr' id='par_1_20' title="bbox 407 1818 2058 1893">
     <span class='ocr_line' id='line_1_20' title="bbox 407 1818 2058 1893; baseline -0.001 -16"><span class='ocrx_word' id='word_1_117' title='bbox 407 1820 735 1893; x_wconf 87' lang='lat' dir='ltr'>ceptionem</span> <span class='ocrx_word' id='word_1_118' title='bbox 783 1835 886 1892; x_wconf 90' lang='lat' dir='ltr'>per</span> <span class='ocrx_word' id='word_1_119' title='bbox 927 1818 1127 1874; x_wconf 91' lang='lat' dir='ltr'>oculos</span> <span class='ocrx_word' id='word_1_120' title='bbox 1188 1818 1599 1875; x_wconf 77' lang='lat' dir='ltr'>transmissum</span> <span class='ocrx_word' id='word_1_121' title='bbox 1647 1819 1914 1877; x_wconf 89' lang='lat' dir='ltr'>indicat:</span> <span class='ocrx_word' id='word_1_122' title='bbox 1950 1821 2058 1876; x_wconf 90' lang='lat' dir='ltr'>hoc</span> 
     </span>
    </p>
   </div>
   <div class='ocr_carea' id='block_1_21' title="bbox 403 1908 2060 1980">
    <p class='ocr_par' dir='ltr' id='par_1_21' title="bbox 403 1908 2060 1980">
     <span class='ocr_line' id='line_1_21' title="bbox 403 1908 2060 1980; baseline -0.001 -14"><span class='ocrx_word' id='word_1_123' title='bbox 403 1927 562 1977; x_wconf 89' lang='lat' dir='ltr'>vero,</span> <span class='ocrx_word' id='word_1_124' title='bbox 594 1909 961 1975; x_wconf 80' lang='lat' dir='ltr'>considerare,</span> <span class='ocrx_word' id='word_1_125' title='bbox 987 1926 1113 1964; x_wconf 87' lang='lat' dir='ltr'>eam</span> <span class='ocrx_word' id='word_1_126' title='bbox 1147 1925 1324 1980; x_wconf 90' lang='lat' dir='ltr'>quam</span> <span class='ocrx_word' id='word_1_127' title='bbox 1358 1924 1527 1965; x_wconf 89' lang='lat' dir='ltr'>mens</span> <span class='ocrx_word' id='word_1_128' title='bbox 1559 1908 1894 1980; x_wconf 86' lang='lat' dir='ltr'>assequitur</span> <span class='ocrx_word' id='word_1_129' title='bbox 1924 1926 2060 1966; x_wconf 90' lang='lat' dir='ltr'>con-</span> 
     </span>
    </p>
   </div>
   <div class='ocr_carea' id='block_1_22' title="bbox 403 1997 2064 2071">
    <p class='ocr_par' dir='ltr' id='par_1_22' title="bbox 403 1997 2064 2071">
     <span class='ocr_line' id='line_1_22' title="bbox 403 1997 2064 2071; baseline -0.001 -15"><span class='ocrx_word' id='word_1_130' title='bbox 403 1998 845 2071; x_wconf 88' lang='lat' dir='ltr'>templationem</span> <span class='ocrx_word' id='word_1_131' title='bbox 901 1997 1152 2055; x_wconf 87' lang='lat' dir='ltr'>exhibet.</span> <span class='ocrx_word' id='word_1_132' title='bbox 1203 1998 1490 2061; x_wconf 88' lang='lat' dir='ltr'>Quoniam</span> <span class='ocrx_word' id='word_1_133' title='bbox 1536 1997 1717 2070; x_wconf 85' lang='lat' dir='ltr'>igitur</span> <span class='ocrx_word' id='word_1_134' title='bbox 1745 1998 2064 2055; x_wconf 71' lang='lat' dir='ltr'>invisibilia</span> 
     </span>
    </p>
   </div>
   <div class='ocr_carea' id='block_1_23' title="bbox 406 2086 2059 2157">
    <p class='ocr_par' dir='ltr' id='par_1_23' title="bbox 406 2086 2059 2157">
     <span class='ocr_line' id='line_1_23' title="bbox 406 2086 2059 2157; baseline -0.001 -13"><span class='ocrx_word' id='word_1_135' title='bbox 406 2089 535 2154; x_wconf 86' lang='lat' dir='ltr'>Dei,</span> <span class='ocrx_word' id='word_1_136' title='bbox 565 2105 600 2142; x_wconf 80' lang='grc' dir='ltr'>(ι</span> <span class='ocrx_word' id='word_1_137' title='bbox 626 2091 880 2144; x_wconf 79' lang='lat' dir='ltr'>creatura</span> <span class='ocrx_word' id='word_1_138' title='bbox 911 2086 1120 2153; x_wconf 85' lang='lat' dir='ltr'>mundi,</span> <span class='ocrx_word' id='word_1_139' title='bbox 1146 2102 1248 2157; x_wconf 76' lang='lat' dir='ltr'>per</span> <span class='ocrx_word' id='word_1_140' title='bbox 1275 2101 1361 2153; x_wconf 86' lang='lat' dir='ltr'>ea,</span> <span class='ocrx_word' id='word_1_141' title='bbox 1395 2101 1520 2156; x_wconf 72' lang='lat' dir='ltr'>quae</span> <span class='ocrx_word' id='word_1_142' title='bbox 1548 2088 1702 2157; x_wconf 79' lang='lat' dir='ltr'>facta</span> <span class='ocrx_word' id='word_1_143' title='bbox 1729 2097 1858 2143; x_wconf 77' lang='lat' dir='ltr'>sunt</span> <span class='ocrx_word' id='word_1_144' title='bbox 1891 2086 2059 2143; x_wconf 80' lang='lat' dir='ltr'>intel—</span> 
     </span>
    </p>
   </div>
   <div class='ocr_carea' id='block_1_24' title="bbox 406 2172 2058 2247">
    <p class='ocr_par' dir='ltr' id='par_1_24' title="bbox 406 2172 2058 2247">
     <span class='ocr_line' id='line_1_24' title="bbox 406 2172 2058 2247; baseline 0.001 -18"><span class='ocrx_word' id='word_1_145' title='bbox 406 2176 570 2240; x_wconf 81' lang='lat' dir='ltr'>lecta,</span> <span class='ocrx_word' id='word_1_146' title='bbox 600 2173 1020 2245; x_wconf 76' lang='lat' dir='ltr'>conspiciuntur</span> <span class='ocrx_word' id='word_1_147' title='bbox 1048 2173 1093 2207; x_wconf 79' lang='grc'>⁷⁹</span> <span class='ocrx_word' id='word_1_148' title='bbox 1117 2190 1130 2240; x_wconf 91' lang='grc'>;</span> <span class='ocrx_word' id='word_1_149' title='bbox 1163 2173 1214 2227; x_wconf 90' lang='lat' dir='ltr'>is</span> <span class='ocrx_word' id='word_1_150' title='bbox 1246 2172 1345 2244; x_wconf 91' lang='lat' dir='ltr'>qui</span> <span class='ocrx_word' id='word_1_151' title='bbox 1371 2189 1483 2228; x_wconf 91' lang='lat' dir='ltr'>non</span> <span class='ocrx_word' id='word_1_152' title='bbox 1509 2174 1748 2245; x_wconf 89' lang='lat' dir='ltr'>respicit</span> <span class='ocrx_word' id='word_1_153' title='bbox 1770 2175 1840 2230; x_wconf 88' lang='lat' dir='ltr'>ad</span> <span class='ocrx_word' id='word_1_154' title='bbox 1863 2191 2058 2247; x_wconf 86' lang='lat' dir='ltr'>opera,</span> 
     </span>
    </p>
   </div>
   <div class='ocr_carea' id='block_1_25' title="bbox 408 2261 2062 2336">
    <p class='ocr_par' dir='ltr' id='par_1_25' title="bbox 408 2261 2062 2336">
     <span class='ocr_line' id='line_1_25' title="bbox 408 2261 2062 2336; baseline 0.002 -18"><span class='ocrx_word' id='word_1_155' title='bbox 408 2277 480 2318; x_wconf 89' lang='lat' dir='ltr'>ne</span> <span class='ocrx_word' id='word_1_156' title='bbox 511 2264 584 2319; x_wconf 92' lang='lat' dir='ltr'>ad</span> <span class='ocrx_word' id='word_1_157' title='bbox 615 2277 746 2318; x_wconf 90' lang='lat' dir='ltr'>eam</span> <span class='ocrx_word' id='word_1_158' title='bbox 778 2261 1014 2333; x_wconf 88' lang='lat' dir='ltr'>quidem</span> <span class='ocrx_word' id='word_1_159' title='bbox 1066 2278 1193 2332; x_wconf 82' lang='lat' dir='ltr'>quae</span> <span class='ocrx_word' id='word_1_160' title='bbox 1244 2266 1441 2318; x_wconf 90' lang='lat' dir='ltr'>mente</span> <span class='ocrx_word' id='word_1_161' title='bbox 1489 2263 1817 2335; x_wconf 89' lang='lat' dir='ltr'>comparari</span> <span class='ocrx_word' id='word_1_162' title='bbox 1867 2268 2062 2336; x_wconf 88' lang='lat' dir='ltr'>potest</span> 
     </span>
    </p>
   </div>
   <div class='ocr_carea' id='block_1_26' title="bbox 413 2351 1226 2424">
    <p class='ocr_par' dir='ltr' id='par_1_26' title="bbox 413 2351 1226 2424">
     <span class='ocr_line' id='line_1_26' title="bbox 413 2351 1226 2424; baseline -0.002 -16"><span class='ocrx_word' id='word_1_163' title='bbox 413 2351 860 2424; x_wconf 80' lang='lat' dir='ltr'>intelligentiam</span> <span class='ocrx_word' id='word_1_164' title='bbox 894 2351 1226 2406; x_wconf 89' lang='lat' dir='ltr'>deducitur.</span> 
     </span>
    </p>
   </div>
   <div class='ocr_carea' id='block_1_27' title="bbox 485 2457 2062 2530">
    <p class='ocr_par' dir='ltr' id='par_1_27' title="bbox 485 2457 2062 2530">
     <span class='ocr_line' id='line_1_27' title="bbox 485 2457 2062 2530; baseline 0.001 -16"><span class='ocrx_word' id='word_1_165' title='bbox 485 2461 608 2514; x_wconf 90' lang='grc'>157.</span> <span class='ocrx_word' id='word_1_166' title='bbox 640 2458 789 2522; x_wconf 88' lang='lat' dir='ltr'>Quid</span> <span class='ocrx_word' id='word_1_167' title='bbox 823 2458 1001 2530; x_wconf 84' lang='lat' dir='ltr'>igitur</span> <span class='ocrx_word' id='word_1_168' title='bbox 1030 2457 1142 2513; x_wconf 86' lang='lat' dir='ltr'>sibi</span> <span class='ocrx_word' id='word_1_169' title='bbox 1192 2458 1316 2514; x_wconf 86' lang='lat' dir='ltr'>vult</span> <span class='ocrx_word' id='word_1_170' title='bbox 1364 2458 1421 2512; x_wconf 89' lang='lat' dir='ltr'>id</span> <span class='ocrx_word' id='word_1_171' title='bbox 1479 2461 1628 2530; x_wconf 89' lang='lat' dir='ltr'>quod</span> <span class='ocrx_word' id='word_1_172' title='bbox 1666 2459 1888 2515; x_wconf 88' lang='lat' dir='ltr'>dictum</span> <span class='ocrx_word' id='word_1_173' title='bbox 1921 2466 2011 2516; x_wconf 88' lang='lat' dir='ltr'>est</span> <span class='ocrx_word' id='word_1_174' title='bbox 2034 2462 2062 2516; x_wconf 69' lang='grc' dir='ltr'><strong><em>*ἶ</em></strong></span> 
     </span>
    </p>
   </div>
   <div class='ocr_carea' id='block_1_28' title="bbox 415 2547 2062 2619">
    <p class='ocr_par' dir='ltr' id='par_1_28' title="bbox 415 2547 2062 2619">
     <span class='ocr_line' id='line_1_28' title="bbox 415 2547 2062 2619; baseline -0.001 -14"><span class='ocrx_word' id='word_1_175' title='bbox 415 2547 701 2605; x_wconf 86' lang='lat' dir='ltr'>Videlicet</span> <span class='ocrx_word' id='word_1_176' title='bbox 731 2548 1068 2604; x_wconf 88' lang='lat' dir='ltr'>ebrietatem</span> <span class='ocrx_word' id='word_1_177' title='bbox 1103 2547 1425 2619; x_wconf 89' lang='lat' dir='ltr'>impietatis</span> <span class='ocrx_word' id='word_1_178' title='bbox 1457 2565 1692 2603; x_wconf 87' lang='lat' dir='ltr'>causam</span> <span class='ocrx_word' id='word_1_179' title='bbox 1717 2566 1845 2605; x_wconf 88' lang='lat' dir='ltr'>esse</span> <span class='ocrx_word' id='word_1_180' title='bbox 1877 2554 1934 2604; x_wconf 90' lang='lat' dir='ltr'>et</span> <span class='ocrx_word' id='word_1_181' title='bbox 1955 2549 2062 2604; x_wconf 91' lang='lat' dir='ltr'>ori-</span> 
     </span>
    </p>
   </div>
   <div class='ocr_carea' id='block_1_29' title="bbox 414 2637 2060 2710">
    <p class='ocr_par' dir='ltr' id='par_1_29' title="bbox 414 2637 2060 2710">
     <span class='ocr_line' id='line_1_29' title="bbox 414 2637 2060 2710; baseline 0.001 -18"><span class='ocrx_word' id='word_1_182' title='bbox 414 2638 610 2710; x_wconf 88' lang='lat' dir='ltr'>ginem</span> <span class='ocrx_word' id='word_1_183' title='bbox 639 2655 652 2706; x_wconf 91' lang='lat'><strong>;</strong></span> <span class='ocrx_word' id='word_1_184' title='bbox 695 2654 829 2692; x_wconf 92' lang='lat' dir='ltr'>cum</span> <span class='ocrx_word' id='word_1_185' title='bbox 863 2637 1041 2691; x_wconf 89' lang='lat' dir='ltr'>menti</span> <span class='ocrx_word' id='word_1_186' title='bbox 1073 2654 1187 2707; x_wconf 89' lang='lat' dir='ltr'>qua</span> <span class='ocrx_word' id='word_1_187' title='bbox 1217 2637 1471 2692; x_wconf 81' lang='lat' dir='ltr'>maxime</span> <span class='ocrx_word' id='word_1_188' title='bbox 1501 2637 1653 2692; x_wconf 90' lang='lat' dir='ltr'>Deus</span> <span class='ocrx_word' id='word_1_189' title='bbox 1686 2637 1926 2709; x_wconf 89' lang='lat' dir='ltr'>agnosci</span> <span class='ocrx_word' id='word_1_190' title='bbox 1959 2655 2060 2710; x_wconf 90' lang='lat' dir='ltr'>po-</span> 
     </span>
    </p>
   </div>
   <div class='ocr_carea' id='block_1_30' title="bbox 413 2725 2064 2798">
    <p class='ocr_par' dir='ltr' id='par_1_30' title="bbox 413 2725 2064 2798">
     <span class='ocr_line' id='line_1_30' title="bbox 413 2725 2064 2798; baseline 0.001 -16"><span class='ocrx_word' id='word_1_191' title='bbox 413 2726 846 2795; x_wconf 88' lang='lat' dir='ltr'>test,tenebras</span> <span class='ocrx_word' id='word_1_192' title='bbox 885 2725 1166 2781; x_wconf 74' lang='lat' dir='ltr'>effundat.</span> <span class='ocrx_word' id='word_1_193' title='bbox 1221 2727 1500 2781; x_wconf 83' lang='lat' dir='ltr'>Manuum</span> <span class='ocrx_word' id='word_1_194' title='bbox 1551 2731 1744 2782; x_wconf 87' lang='lat' dir='ltr'>autem</span> <span class='ocrx_word' id='word_1_195' title='bbox 1779 2743 1973 2798; x_wconf 87' lang='lat' dir='ltr'>opera,</span> <span class='ocrx_word' id='word_1_196' title='bbox 2007 2731 2064 2783; x_wconf 86' lang='lat' dir='ltr'>et</span> 
     </span>
    </p>
   </div>
   <div class='ocr_carea' id='block_1_31' title="bbox 414 2813 2060 2888">
    <p class='ocr_par' dir='ltr' id='par_1_31' title="bbox 414 2813 2060 2888">
     <span class='ocr_line' id='line_1_31' title="bbox 414 2813 2060 2888; baseline 0.001 -17"><span class='ocrx_word' id='word_1_197' title='bbox 414 2832 540 2888; x_wconf 75' lang='lat' dir='ltr'>quae</span> <span class='ocrx_word' id='word_1_198' title='bbox 571 2815 631 2870; x_wconf 91' lang='lat' dir='ltr'>in</span> <span class='ocrx_word' id='word_1_199' title='bbox 665 2815 929 2870; x_wconf 87' lang='lat' dir='ltr'>futurum</span> <span class='ocrx_word' id='word_1_200' title='bbox 964 2815 1357 2886; x_wconf 90' lang='lat' dir='ltr'>rependentur</span> <span class='ocrx_word' id='word_1_201' title='bbox 1387 2813 1562 2878; x_wconf 89' lang='lat' dir='ltr'>vices,</span> <span class='ocrx_word' id='word_1_202' title='bbox 1585 2819 1727 2870; x_wconf 87' lang='lat' dir='ltr'>sunt</span> <span class='ocrx_word' id='word_1_203' title='bbox 1754 2816 1909 2887; x_wconf 89' lang='lat' dir='ltr'>ignis</span> <span class='ocrx_word' id='word_1_204' title='bbox 1938 2816 2060 2884; x_wconf 90' lang='lat' dir='ltr'>ille,</span> 
     </span>
    </p>
   </div>
   <div class='ocr_carea' id='block_1_32' title="bbox 411 2903 2065 2976">
    <p class='ocr_par' dir='ltr' id='par_1_32' title="bbox 411 2903 2065 2976">
     <span class='ocr_line' id='line_1_32' title="bbox 411 2903 2065 2976; baseline 0 -16"><span class='ocrx_word' id='word_1_205' title='bbox 411 2908 467 2961; x_wconf 87' lang='lat' dir='ltr'>et</span> <span class='ocrx_word' id='word_1_206' title='bbox 499 2904 796 2959; x_wconf 88' lang='lat' dir='ltr'>cruciatus</span> <span class='ocrx_word' id='word_1_207' title='bbox 828 2903 887 2958; x_wconf 90' lang='lat' dir='ltr'>in</span> <span class='ocrx_word' id='word_1_208' title='bbox 918 2903 1144 2959; x_wconf 86' lang='lat' dir='ltr'>inferno</span> <span class='ocrx_word' id='word_1_209' title='bbox 1175 2908 1413 2974; x_wconf 86' lang='lat' dir='ltr'>paratus</span> <span class='ocrx_word' id='word_1_210' title='bbox 1457 2904 1520 2971; x_wconf 82' lang='grc' dir='ltr'>⁸ο,</span> <span class='ocrx_word' id='word_1_211' title='bbox 1563 2903 1765 2976; x_wconf 85' lang='lat' dir='ltr'>lingua</span> <span class='ocrx_word' id='word_1_212' title='bbox 1797 2905 2065 2976; x_wconf 89' lang='lat' dir='ltr'>perarida</span> 
     </span>
    </p>
   </div>
   <div class='ocr_carea' id='block_1_33' title="bbox 413 2991 2066 3065">
    <p class='ocr_par' dir='ltr' id='par_1_33' title="bbox 413 2991 2066 3065">
     <span class='ocr_line' id='line_1_33' title="bbox 413 2991 2066 3065; baseline 0.001 -17"><span class='ocrx_word' id='word_1_213' title='bbox 413 2993 633 3065; x_wconf 80' lang='lat' dir='ltr'>exiguae</span> <span class='ocrx_word' id='word_1_214' title='bbox 663 2998 837 3064; x_wconf 65' lang='lat' dir='ltr'>guttai</span> <span class='ocrx_word' id='word_1_215' title='bbox 867 2993 1131 3048; x_wconf 83' lang='lat' dir='ltr'>levamen</span> <span class='ocrx_word' id='word_1_216' title='bbox 1161 2997 1458 3064; x_wconf 84' lang='lat' dir='ltr'>expetens,</span> <span class='ocrx_word' id='word_1_217' title='bbox 1493 2991 1730 3048; x_wconf 86' lang='lat' dir='ltr'>ﬂamma</span> <span class='ocrx_word' id='word_1_218' title='bbox 1767 2994 2066 3051; x_wconf 88' lang='lat' dir='ltr'>undelibet</span> 
     </span>
    </p>
   </div>
   <div class='ocr_carea' id='block_1_34' title="bbox 413 3082 2064 3154">
    <p class='ocr_par' dir='ltr' id='par_1_34' title="bbox 413 3082 2064 3154">
     <span class='ocr_line' id='line_1_34' title="bbox 413 3082 2064 3154; baseline 0.001 -16"><span class='ocrx_word' id='word_1_219' title='bbox 413 3082 807 3152; x_wconf 89' lang='lat' dir='ltr'>circumdans,</span> <span class='ocrx_word' id='word_1_220' title='bbox 837 3099 965 3153; x_wconf 68' lang='lat' dir='ltr'>quas</span> <span class='ocrx_word' id='word_1_221' title='bbox 1015 3098 1086 3137; x_wconf 90' lang='lat' dir='ltr'>ne</span> <span class='ocrx_word' id='word_1_222' title='bbox 1125 3087 1332 3138; x_wconf 65' lang='lat' dir='ltr'>aestum</span> <span class='ocrx_word' id='word_1_223' title='bbox 1383 3083 1623 3154; x_wconf 90' lang='lat' dir='ltr'>quidem</span> <span class='ocrx_word' id='word_1_224' title='bbox 1651 3083 1708 3137; x_wconf 94' lang='lat' dir='ltr'>in</span> <span class='ocrx_word' id='word_1_225' title='bbox 1741 3083 2064 3140; x_wconf 90' lang='lat' dir='ltr'>visceribus</span> 
     </span>
    </p>
   </div>
   <div class='ocr_carea' id='block_1_35' title="bbox 414 3171 2062 3244">
    <p class='ocr_par' dir='ltr' id='par_1_35' title="bbox 414 3171 2062 3244">
     <span class='ocr_line' id='line_1_35' title="bbox 414 3171 2062 3244; baseline 0.002 -17"><span class='ocrx_word' id='word_1_226' title='bbox 414 3188 725 3227; x_wconf 89' lang='lat' dir='ltr'>accensum</span> <span class='ocrx_word' id='word_1_227' title='bbox 784 3187 886 3243; x_wconf 91' lang='lat' dir='ltr'>per</span> <span class='ocrx_word' id='word_1_228' title='bbox 932 3172 1083 3227; x_wconf 86' lang='lat' dir='ltr'>aeris</span> <span class='ocrx_word' id='word_1_229' title='bbox 1136 3171 1577 3243; x_wconf 86' lang='lat' dir='ltr'>respirationem</span> <span class='ocrx_word' id='word_1_230' title='bbox 1629 3171 1769 3227; x_wconf 85' lang='lat' dir='ltr'>sinit</span> <span class='ocrx_word' id='word_1_231' title='bbox 1827 3173 2062 3244; x_wconf 84' lang='lat' dir='ltr'>refrige-</span> 
     </span>
    </p>
   </div>
   <div class='ocr_carea' id='block_1_36' title="bbox 2162 565 3811 646">
    <p class='ocr_par' dir='ltr' id='par_1_36' title="bbox 2162 565 3811 646">
     <span class='ocr_line' id='line_1_36' title="bbox 2162 565 3811 646; baseline -0.001 -22"><span class='ocrx_word' id='word_1_232' title='bbox 2162 568 2360 637; x_wconf 81' lang='grc' dir='ltr'>λοιπήν</span> <span class='ocrx_word' id='word_1_233' title='bbox 2388 573 2484 624; x_wconf 89' lang='grc' dir='ltr'>τοῦ</span> <span class='ocrx_word' id='word_1_234' title='bbox 2532 571 2788 641; x_wconf 83' lang='grc' dir='ltr'>σώματος</span> <span class='ocrx_word' id='word_1_235' title='bbox 2832 568 3076 640; x_wconf 84' lang='grc' dir='ltr'>πύρωσιν</span> <span class='ocrx_word' id='word_1_236' title='bbox 3111 565 3472 644; x_wconf 83' lang='grc' dir='ltr'>ἐκδεχόμεθα.</span> <span class='ocrx_word' id='word_1_237' title='bbox 3505 571 3642 624; x_wconf 77' lang='grc' dir='ltr'>Εἶτα</span> <span class='ocrx_word' id='word_1_238' title='bbox 3671 589 3811 646; x_wconf 78' lang='grc' dir='ltr'>παρο</span> 
     </span>
    </p>
   </div>
   <div class='ocr_carea' id='block_1_37' title="bbox 2161 656 3810 734">
    <p class='ocr_par' dir='ltr' id='par_1_37' title="bbox 2161 656 3810 734">
     <span class='ocr_line' id='line_1_37' title="bbox 2161 656 3810 734; baseline 0.001 -22"><span class='ocrx_word' id='word_1_239' title='bbox 2161 658 2331 728; x_wconf 81' lang='grc' dir='ltr'>αύξων</span> <span class='ocrx_word' id='word_1_240' title='bbox 2386 659 2484 727; x_wconf 77' lang='grc' dir='ltr'>τήν</span> <span class='ocrx_word' id='word_1_241' title='bbox 2544 657 2767 712; x_wconf 79' lang='grc' dir='ltr'>ἀτοπίαν</span> <span class='ocrx_word' id='word_1_242' title='bbox 2801 660 2830 712; x_wconf 84' lang='grc' dir='ltr'>ὁ</span> <span class='ocrx_word' id='word_1_243' title='bbox 2875 656 3046 732; x_wconf 82' lang='grc' dir='ltr'>λόγος</span> <span class='ocrx_word' id='word_1_244' title='bbox 3095 658 3329 732; x_wconf 82' lang='grc' dir='ltr'>πρόεισι’</span> <span class='ocrx_word' id='word_1_245' title='bbox 3389 659 3538 713; x_wconf 80' lang='grc' dir='ltr'>Μετὰ</span> <span class='ocrx_word' id='word_1_246' title='bbox 3577 658 3679 734; x_wconf 79' lang='grc' dir='ltr'>γὰρ</span> <span class='ocrx_word' id='word_1_247' title='bbox 3723 679 3810 713; x_wconf 79' lang='grc' dir='ltr'>κι-</span> 
     </span>
    </p>
   </div>
   <div class='ocr_carea' id='block_1_38' title="bbox 2161 745 3810 823">
    <p class='ocr_par' dir='ltr' id='par_1_38' title="bbox 2161 745 3810 823">
     <span class='ocr_line' id='line_1_38' title="bbox 2161 745 3810 823; baseline 0.001 -22"><span class='ocrx_word' id='word_1_248' title='bbox 2161 748 2348 823; x_wconf 81' lang='grc' dir='ltr'>θάρας,</span> <span class='ocrx_word' id='word_1_249' title='bbox 2410 748 2566 822; x_wconf 77' lang='grc' dir='ltr'>φησὶ,</span> <span class='ocrx_word' id='word_1_250' title='bbox 2625 747 2714 801; x_wconf 84' lang='grc' dir='ltr'>καὶ</span> <span class='ocrx_word' id='word_1_251' title='bbox 2791 745 3122 820; x_wconf 82' lang='grc' dir='ltr'>ψαλτηρίου,</span> <span class='ocrx_word' id='word_1_252' title='bbox 3188 746 3278 802; x_wconf 81' lang='grc' dir='ltr'>καὶ</span> <span class='ocrx_word' id='word_1_253' title='bbox 3343 757 3664 820; x_wconf 81' lang='grc' dir='ltr'>τυμπάνων,</span> <span class='ocrx_word' id='word_1_254' title='bbox 3718 749 3810 802; x_wconf 84' lang='grc' dir='ltr'>καὶ</span> 
     </span>
    </p>
   </div>
   <div class='ocr_carea' id='block_1_39' title="bbox 2163 833 3814 912">
    <p class='ocr_par' dir='ltr' id='par_1_39' title="bbox 2163 833 3814 912">
     <span class='ocr_line' id='line_1_39' title="bbox 2163 833 3814 912; baseline 0.001 -22"><span class='ocrx_word' id='word_1_255' title='bbox 2163 836 2368 908; x_wconf 79' lang='grc' dir='ltr'>αὐλῶν,</span> <span class='ocrx_word' id='word_1_256' title='bbox 2423 836 2516 890; x_wconf 90' lang='grc' dir='ltr'>τὸν</span> <span class='ocrx_word' id='word_1_257' title='bbox 2595 838 2742 890; x_wconf 82' lang='grc' dir='ltr'>οἶνον</span> <span class='ocrx_word' id='word_1_258' title='bbox 2816 833 3055 892; x_wconf 82' lang='grc' dir='ltr'>πίνουσι.</span> <span class='ocrx_word' id='word_1_259' title='bbox 3129 836 3449 911; x_wconf 84' lang='grc' dir='ltr'>Κιθαρισταὶ</span> <span class='ocrx_word' id='word_1_260' title='bbox 3507 836 3610 912; x_wconf 80' lang='grc' dir='ltr'>γὰρ</span> <span class='ocrx_word' id='word_1_261' title='bbox 3666 857 3814 899; x_wconf 87' lang='grc' dir='ltr'>τινες</span> 
     </span>
    </p>
   </div>
   <div class='ocr_carea' id='block_1_40' title="bbox 2162 923 3811 1004">
    <p class='ocr_par' dir='ltr' id='par_1_40' title="bbox 2162 923 3811 1004">
     <span class='ocr_line' id='line_1_40' title="bbox 2162 923 3811 1004; baseline 0 -25"><span class='ocrx_word' id='word_1_262' title='bbox 2162 923 2296 992; x_wconf 80' lang='grc' dir='ltr'>νέοι,</span> <span class='ocrx_word' id='word_1_263' title='bbox 2347 925 2400 979; x_wconf 81' lang='grc' dir='ltr'>οἳ</span> <span class='ocrx_word' id='word_1_264' title='bbox 2453 929 2630 986; x_wconf 87' lang='grc' dir='ltr'>κακῶς</span> <span class='ocrx_word' id='word_1_265' title='bbox 2683 925 3085 1000; x_wconf 87' lang='grc' dir='ltr'>παραπεσόντες</span> <span class='ocrx_word' id='word_1_266' title='bbox 3145 925 3428 998; x_wconf 77' lang='grc' dir='ltr'>μεθύουσιν</span> <span class='ocrx_word' id='word_1_267' title='bbox 3475 924 3811 1004; x_wconf 77' lang='grc' dir='ltr'>ὀφθαλμοῖς·</span> 
     </span>
    </p>
   </div>
   <div class='ocr_carea' id='block_1_41' title="bbox 2163 1012 3816 1090">
    <p class='ocr_par' dir='ltr' id='par_1_41' title="bbox 2163 1012 3816 1090">
     <span class='ocr_line' id='line_1_41' title="bbox 2163 1012 3816 1090; baseline 0.002 -22"><span class='ocrx_word' id='word_1_268' title='bbox 2163 1013 2254 1068; x_wconf 83' lang='grc' dir='ltr'>καὶ</span> <span class='ocrx_word' id='word_1_269' title='bbox 2284 1012 2610 1088; x_wconf 78' lang='grc' dir='ltr'>αὐλητρίδες</span> <span class='ocrx_word' id='word_1_270' title='bbox 2637 1014 2727 1070; x_wconf 84' lang='grc' dir='ltr'>καὶ</span> <span class='ocrx_word' id='word_1_271' title='bbox 2760 1013 3044 1088; x_wconf 81' lang='grc' dir='ltr'>ψάλτριαι,</span> <span class='ocrx_word' id='word_1_272' title='bbox 3089 1019 3272 1076; x_wconf 86' lang='grc' dir='ltr'>κακῶς</span> <span class='ocrx_word' id='word_1_273' title='bbox 3312 1016 3412 1084; x_wconf 76' lang='grc' dir='ltr'>τὴν</span> <span class='ocrx_word' id='word_1_274' title='bbox 3465 1015 3608 1090; x_wconf 83' lang='grc' dir='ltr'>ὥραν</span> <span class='ocrx_word' id='word_1_275' title='bbox 3644 1013 3816 1071; x_wconf 80' lang='grc' dir='ltr'>διατιο</span> 
     </span>
    </p>
   </div>
   <div class='ocr_carea' id='block_1_42' title="bbox 2167 1100 3820 1182">
    <p class='ocr_par' dir='ltr' id='par_1_42' title="bbox 2167 1100 3820 1182">
     <span class='ocr_line' id='line_1_42' title="bbox 2167 1100 3820 1182; baseline 0.002 -26"><span class='ocrx_word' id='word_1_276' title='bbox 2167 1103 2404 1176; x_wconf 72' lang='grc' dir='ltr'>θέμεναι·</span> <span class='ocrx_word' id='word_1_277' title='bbox 2457 1102 2544 1158; x_wconf 84' lang='grc' dir='ltr'>καὶ</span> <span class='ocrx_word' id='word_1_278' title='bbox 2595 1103 2760 1178; x_wconf 82' lang='grc' dir='ltr'>χοροὶ</span> <span class='ocrx_word' id='word_1_279' title='bbox 2809 1102 2901 1158; x_wconf 86' lang='grc' dir='ltr'>καὶ</span> <span class='ocrx_word' id='word_1_280' title='bbox 2947 1100 3180 1176; x_wconf 84' lang='grc' dir='ltr'>συνῳδία</span> <span class='ocrx_word' id='word_1_281' title='bbox 3228 1105 3340 1177; x_wconf 83' lang='grc'>(36)</span> <span class='ocrx_word' id='word_1_282' title='bbox 3371 1106 3551 1160; x_wconf 80' lang='grc' dir='ltr'>κακῶν</span> <span class='ocrx_word' id='word_1_283' title='bbox 3592 1105 3727 1182; x_wconf 84' lang='grc' dir='ltr'>πρὸς</span> <span class='ocrx_word' id='word_1_284' title='bbox 3755 1105 3820 1160; x_wconf 84' lang='grc' dir='ltr'>τὸ</span> 
     </span>
    </p>
   </div>
   <div class='ocr_carea' id='block_1_43' title="bbox 2165 1187 3819 1268">
    <p class='ocr_par' dir='ltr' id='par_1_43' title="bbox 2165 1187 3819 1268">
     <span class='ocr_line' id='line_1_43' title="bbox 2165 1187 3819 1268; baseline 0.003 -24"><span class='ocrx_word' id='word_1_285' title='bbox 2165 1187 2390 1247; x_wconf 75' lang='grc' dir='ltr'>ἔκλυτον</span> <span class='ocrx_word' id='word_1_286' title='bbox 2424 1189 2874 1268; x_wconf 72' lang='grc' dir='ltr'>διατεθρυμμένοι</span> <span class='ocrx_word' id='word_1_287' title='bbox 2923 1192 2992 1246; x_wconf 81' lang='grc' dir='ltr'>τὰ</span> <span class='ocrx_word' id='word_1_288' title='bbox 3035 1193 3282 1265; x_wconf 84' lang='grc' dir='ltr'>σώματα,</span> <span class='ocrx_word' id='word_1_289' title='bbox 3311 1193 3402 1248; x_wconf 83' lang='grc' dir='ltr'>καὶ</span> <span class='ocrx_word' id='word_1_290' title='bbox 3446 1191 3534 1247; x_wconf 81' lang='grc' dir='ltr'>ἐπὶ</span> <span class='ocrx_word' id='word_1_291' title='bbox 3579 1197 3649 1268; x_wconf 80' lang='grc' dir='ltr'>τῇ</span> <span class='ocrx_word' id='word_1_292' title='bbox 3681 1214 3819 1249; x_wconf 86' lang='grc' dir='ltr'>παν-</span> 
     </span>
    </p>
   </div>
   <div class='ocr_carea' id='block_1_44' title="bbox 2167 1279 3814 1360">
    <p class='ocr_par' dir='ltr' id='par_1_44' title="bbox 2167 1279 3814 1360">
     <span class='ocr_line' id='line_1_44' title="bbox 2167 1279 3814 1360; baseline 0.002 -26"><span class='ocrx_word' id='word_1_293' title='bbox 2167 1279 2332 1354; x_wconf 78' lang='grc' dir='ltr'>δήμῳ</span> <span class='ocrx_word' id='word_1_294' title='bbox 2367 1284 2600 1353; x_wconf 87' lang='grc' dir='ltr'>μουσικῆ</span> <span class='ocrx_word' id='word_1_295' title='bbox 2645 1281 2740 1342; x_wconf 79' lang='grc' dir='ltr'>τὰς</span> <span class='ocrx_word' id='word_1_296' title='bbox 2790 1280 2973 1356; x_wconf 79' lang='grc' dir='ltr'>ψυχὰς</span> <span class='ocrx_word' id='word_1_297' title='bbox 3025 1281 3426 1350; x_wconf 87' lang='grc' dir='ltr'>κατακλῶντες,</span> <span class='ocrx_word' id='word_1_298' title='bbox 3471 1283 3608 1360; x_wconf 87' lang='grc' dir='ltr'>πρὸς</span> <span class='ocrx_word' id='word_1_299' title='bbox 3639 1290 3814 1338; x_wconf 80' lang='grc' dir='ltr'>πᾶσαν</span> 
     </span>
    </p>
   </div>
   <div class='ocr_carea' id='block_1_45' title="bbox 2166 1367 3827 1447">
    <p class='ocr_par' dir='ltr' id='par_1_45' title="bbox 2166 1367 3827 1447">
     <span class='ocr_line' id='line_1_45' title="bbox 2166 1367 3827 1447; baseline 0.001 -22"><span class='ocrx_word' id='word_1_300' title='bbox 2166 1371 2396 1445; x_wconf 76' lang='grc' dir='ltr'>αἰσχρὰν</span> <span class='ocrx_word' id='word_1_301' title='bbox 2428 1370 2517 1424; x_wconf 88' lang='grc' dir='ltr'>καὶ</span> <span class='ocrx_word' id='word_1_302' title='bbox 2570 1373 2882 1444; x_wconf 87' lang='grc' dir='ltr'>παράνομον</span> <span class='ocrx_word' id='word_1_303' title='bbox 2935 1367 3139 1440; x_wconf 80' lang='grc' dir='ltr'>ἡδονὴν</span> <span class='ocrx_word' id='word_1_304' title='bbox 3187 1370 3317 1435; x_wconf 80' lang='grc' dir='ltr'>τοὺς</span> <span class='ocrx_word' id='word_1_305' title='bbox 3364 1370 3416 1426; x_wconf 88' lang='grc' dir='ltr'>ἐν</span> <span class='ocrx_word' id='word_1_306' title='bbox 3465 1376 3534 1446; x_wconf 77' lang='grc' dir='ltr'>τῇ</span> <span class='ocrx_word' id='word_1_307' title='bbox 3565 1373 3704 1447; x_wconf 78' lang='grc' dir='ltr'>μέθῃ</span> <span class='ocrx_word' id='word_1_308' title='bbox 3739 1371 3827 1428; x_wconf 82' lang='grc' dir='ltr'>δι-</span> 
     </span>
    </p>
   </div>
   <div class='ocr_carea' id='block_1_46' title="bbox 2167 1455 3826 1537">
    <p class='ocr_par' dir='ltr' id='par_1_46' title="bbox 2167 1455 3826 1537">
     <span class='ocr_line' id='line_1_46' title="bbox 2167 1455 3826 1537; baseline 0.002 -23"><span class='ocrx_word' id='word_1_309' title='bbox 2167 1461 2519 1534; x_wconf 85' lang='grc' dir='ltr'>ερεθίζουσιν.</span> <span class='ocrx_word' id='word_1_310' title='bbox 2582 1460 2675 1514; x_wconf 86' lang='grc' dir='ltr'>Ἐκ</span> <span class='ocrx_word' id='word_1_311' title='bbox 2732 1457 2790 1514; x_wconf 79' lang='grc' dir='ltr'>δὲ</span> <span class='ocrx_word' id='word_1_312' title='bbox 2835 1459 3031 1514; x_wconf 90' lang='grc' dir='ltr'>τούτου</span> <span class='ocrx_word' id='word_1_313' title='bbox 3075 1460 3128 1514; x_wconf 88' lang='grc' dir='ltr'>τί</span> <span class='ocrx_word' id='word_1_314' title='bbox 3177 1455 3503 1533; x_wconf 80' lang='grc' dir='ltr'>συμϐαίνει;</span> <span class='ocrx_word' id='word_1_315' title='bbox 3552 1461 3631 1518; x_wconf 80' lang='grc' dir='ltr'>Τὰ</span> <span class='ocrx_word' id='word_1_316' title='bbox 3688 1457 3826 1537; x_wconf 81' lang='grc' dir='ltr'>ἔργα</span> 
     </span>
    </p>
   </div>
   <div class='ocr_carea' id='block_1_47' title="bbox 2169 1543 3824 1625">
    <p class='ocr_par' dir='ltr' id='par_1_47' title="bbox 2169 1543 3824 1625">
     <span class='ocr_line' id='line_1_47' title="bbox 2169 1543 3824 1625; baseline 0.004 -23"><span class='ocrx_word' id='word_1_317' title='bbox 2169 1548 2365 1622; x_wconf 80' lang='grc' dir='ltr'>Κυρίου</span> <span class='ocrx_word' id='word_1_318' title='bbox 2399 1549 2474 1621; x_wconf 79' lang='grc' dir='ltr'>μὴ</span> <span class='ocrx_word' id='word_1_319' title='bbox 2510 1543 2824 1620; x_wconf 74' lang='grc' dir='ltr'>ἐμϐλέπειν,</span> <span class='ocrx_word' id='word_1_320' title='bbox 2868 1548 2958 1603; x_wconf 85' lang='grc' dir='ltr'>καὶ</span> <span class='ocrx_word' id='word_1_321' title='bbox 3005 1548 3072 1602; x_wconf 80' lang='grc' dir='ltr'>τὰ</span> <span class='ocrx_word' id='word_1_322' title='bbox 3100 1545 3227 1625; x_wconf 71' lang='grc' dir='ltr'>ἔργα</span> <span class='ocrx_word' id='word_1_323' title='bbox 3271 1553 3380 1606; x_wconf 89' lang='grc' dir='ltr'>τῶν</span> <span class='ocrx_word' id='word_1_324' title='bbox 3412 1555 3617 1625; x_wconf 87' lang='grc' dir='ltr'>χειρῶν</span> <span class='ocrx_word' id='word_1_325' title='bbox 3655 1551 3824 1609; x_wconf 77' lang='grc' dir='ltr'>αὐτοῦ</span> 
     </span>
    </p>
   </div>
   <div class='ocr_carea' id='block_1_48' title="bbox 2171 1632 3823 1716">
    <p class='ocr_par' dir='ltr' id='par_1_48' title="bbox 2171 1632 3823 1716">
     <span class='ocr_line' id='line_1_48' title="bbox 2171 1632 3823 1716; baseline 0.004 -26"><span class='ocrx_word' id='word_1_326' title='bbox 2171 1638 2247 1710; x_wconf 73' lang='grc' dir='ltr'>μὴ</span> <span class='ocrx_word' id='word_1_327' title='bbox 2281 1642 2578 1694; x_wconf 82' lang='grc' dir='ltr'>κατανοεῖν.</span> <span class='ocrx_word' id='word_1_328' title='bbox 2613 1635 2789 1694; x_wconf 86' lang='grc' dir='ltr'>Ἀλλᾶ</span> <span class='ocrx_word' id='word_1_329' title='bbox 2816 1638 2877 1692; x_wconf 88' lang='grc' dir='ltr'>τὸ</span> <span class='ocrx_word' id='word_1_330' title='bbox 2929 1638 3024 1710; x_wconf 76' lang='grc' dir='ltr'>μὶν</span> <span class='ocrx_word' id='word_1_331' title='bbox 3059 1632 3352 1711; x_wconf 74' lang='grc' dir='ltr'>ἐμϐλέπειν</span> <span class='ocrx_word' id='word_1_332' title='bbox 3382 1641 3482 1708; x_wconf 85' lang='grc' dir='ltr'>τήν</span> <span class='ocrx_word' id='word_1_333' title='bbox 3508 1636 3578 1693; x_wconf 86' lang='grc' dir='ltr'>δι’</span> <span class='ocrx_word' id='word_1_334' title='bbox 3608 1639 3823 1716; x_wconf 81' lang='grc' dir='ltr'>ὀφθαλ-</span> 
     </span>
    </p>
   </div>
   <div class='ocr_carea' id='block_1_49' title="bbox 2171 1724 3825 1805">
    <p class='ocr_par' dir='ltr' id='par_1_49' title="bbox 2171 1724 3825 1805">
     <span class='ocr_line' id='line_1_49' title="bbox 2171 1724 3825 1805; baseline 0.004 -25"><span class='ocrx_word' id='word_1_335' title='bbox 2171 1729 2290 1799; x_wconf 89' lang='grc' dir='ltr'>μῶν</span> <span class='ocrx_word' id='word_1_336' title='bbox 2341 1724 2648 1799; x_wconf 81' lang='grc' dir='ltr'>κατάληψιν</span> <span class='ocrx_word' id='word_1_337' title='bbox 2697 1729 2807 1780; x_wconf 89' lang='grc' dir='ltr'>τῶν</span> <span class='ocrx_word' id='word_1_338' title='bbox 2857 1727 3066 1801; x_wconf 81' lang='grc' dir='ltr'>ὁρατῶν</span> <span class='ocrx_word' id='word_1_339' title='bbox 3115 1726 3420 1805; x_wconf 77' lang='grc' dir='ltr'>ὑποφαίνει,</span> <span class='ocrx_word' id='word_1_340' title='bbox 3449 1727 3512 1782; x_wconf 84' lang='grc' dir='ltr'>τὸ</span> <span class='ocrx_word' id='word_1_341' title='bbox 3563 1725 3619 1783; x_wconf 74' lang='grc' dir='ltr'>δὲ</span> <span class='ocrx_word' id='word_1_342' title='bbox 3659 1750 3825 1786; x_wconf 84' lang='grc' dir='ltr'>κατα-</span> 
     </span>
    </p>
   </div>
   <div class='ocr_carea' id='block_1_50' title="bbox 2167 1810 3827 1896">
    <p class='ocr_par' dir='ltr' id='par_1_50' title="bbox 2167 1810 3827 1896">
     <span class='ocr_line' id='line_1_50' title="bbox 2167 1810 3827 1896; baseline 0.002 -27"><span class='ocrx_word' id='word_1_343' title='bbox 2167 1820 2308 1869; x_wconf 85' lang='grc' dir='ltr'>νοεῖν</span> <span class='ocrx_word' id='word_1_344' title='bbox 2353 1816 2451 1884; x_wconf 77' lang='grc' dir='ltr'>τὴν</span> <span class='ocrx_word' id='word_1_345' title='bbox 2514 1810 2603 1868; x_wconf 81' lang='grc' dir='ltr'>διὰ</span> <span class='ocrx_word' id='word_1_346' title='bbox 2647 1817 2743 1868; x_wconf 89' lang='grc' dir='ltr'>τοῦ</span> <span class='ocrx_word' id='word_1_347' title='bbox 2801 1818 2898 1868; x_wconf 84' lang='grc' dir='ltr'>νοῦ</span> <span class='ocrx_word' id='word_1_348' title='bbox 2945 1815 3175 1890; x_wconf 78' lang='grc' dir='ltr'>θεωρίαν</span> <span class='ocrx_word' id='word_1_349' title='bbox 3223 1821 3331 1871; x_wconf 89' lang='grc' dir='ltr'>τῶν</span> <span class='ocrx_word' id='word_1_350' title='bbox 3381 1817 3629 1892; x_wconf 79' lang='grc' dir='ltr'>ἀοράτων</span> <span class='ocrx_word' id='word_1_351' title='bbox 3680 1839 3827 1896; x_wconf 83' lang='grc' dir='ltr'>παρ-</span> 
     </span>
    </p>
   </div>
   <div class='ocr_carea' id='block_1_51' title="bbox 2175 1901 3827 1979">
    <p class='ocr_par' dir='ltr' id='par_1_51' title="bbox 2175 1901 3827 1979">
     <span class='ocr_line' id='line_1_51' title="bbox 2175 1901 3827 1979; baseline 0.004 -21"><span class='ocrx_word' id='word_1_352' title='bbox 2175 1904 2404 1974; x_wconf 89' lang='grc' dir='ltr'>ίστησιν.</span> <span class='ocrx_word' id='word_1_353' title='bbox 2465 1902 2614 1959; x_wconf 85' lang='grc' dir='ltr'>Ἐπεὶ</span> <span class='ocrx_word' id='word_1_354' title='bbox 2671 1901 2762 1958; x_wconf 76' lang='grc' dir='ltr'>οὖν</span> <span class='ocrx_word' id='word_1_355' title='bbox 2812 1904 2886 1958; x_wconf 72' lang='grc' dir='ltr'>Τὰ</span> <span class='ocrx_word' id='word_1_356' title='bbox 2943 1903 3146 1979; x_wconf 82' lang='grc' dir='ltr'>ἀόρατα</span> <span class='ocrx_word' id='word_1_357' title='bbox 3197 1909 3294 1960; x_wconf 88' lang='grc' dir='ltr'>τοῦ</span> <span class='ocrx_word' id='word_1_358' title='bbox 3351 1909 3508 1976; x_wconf 86' lang='grc' dir='ltr'>Θεοῦ,</span> <span class='ocrx_word' id='word_1_359' title='bbox 3557 1907 3663 1962; x_wconf 85' lang='grc' dir='ltr'>ἀπὸ</span> <span class='ocrx_word' id='word_1_360' title='bbox 3708 1907 3827 1964; x_wconf 87' lang='grc' dir='ltr'>κτί-</span> 
     </span>
    </p>
   </div>
   <div class='ocr_carea' id='block_1_52' title="bbox 2172 1993 3827 2073">
    <p class='ocr_par' dir='ltr' id='par_1_52' title="bbox 2172 1993 3827 2073">
     <span class='ocr_line' id='line_1_52' title="bbox 2172 1993 3827 2073; baseline 0.002 -24"><span class='ocrx_word' id='word_1_361' title='bbox 2172 2014 2306 2055; x_wconf 86' lang='grc' dir='ltr'>σεως</span> <span class='ocrx_word' id='word_1_362' title='bbox 2385 1993 2621 2065; x_wconf 83' lang='grc' dir='ltr'>κόσμου,</span> <span class='ocrx_word' id='word_1_363' title='bbox 2697 1996 2812 2053; x_wconf 87' lang='grc' dir='ltr'>τοῖς</span> <span class='ocrx_word' id='word_1_364' title='bbox 2877 1995 3150 2067; x_wconf 78' lang='grc' dir='ltr'>ποιήμασι</span> <span class='ocrx_word' id='word_1_365' title='bbox 3227 1993 3513 2069; x_wconf 85' lang='grc' dir='ltr'>νοούμενα,</span> <span class='ocrx_word' id='word_1_366' title='bbox 3588 2002 3827 2073; x_wconf 83' lang='grc' dir='ltr'>καθορᾶ-</span> 
     </span>
    </p>
   </div>
   <div class='ocr_carea' id='block_1_53' title="bbox 2170 2076 3828 2160">
    <p class='ocr_par' dir='ltr' id='par_1_53' title="bbox 2170 2076 3828 2160">
     <span class='ocr_line' id='line_1_53' title="bbox 2170 2076 3828 2160; baseline 0.002 -24"><span class='ocrx_word' id='word_1_367' title='bbox 2170 2101 2278 2137; x_wconf 87' lang='grc' dir='ltr'>ται·</span> <span class='ocrx_word' id='word_1_368' title='bbox 2311 2083 2339 2137; x_wconf 88' lang='grc' dir='ltr'>ὁ</span> <span class='ocrx_word' id='word_1_369' title='bbox 2370 2083 2446 2154; x_wconf 82' lang='grc' dir='ltr'>μή</span> <span class='ocrx_word' id='word_1_370' title='bbox 2497 2076 2788 2154; x_wconf 70' lang='grc' dir='ltr'>ἐμϐλέπων</span> <span class='ocrx_word' id='word_1_371' title='bbox 2836 2086 2951 2143; x_wconf 88' lang='grc' dir='ltr'>τοῖς</span> <span class='ocrx_word' id='word_1_372' title='bbox 3009 2079 3212 2159; x_wconf 74' lang='grc' dir='ltr'>ἔργοις,</span> <span class='ocrx_word' id='word_1_373' title='bbox 3264 2080 3393 2140; x_wconf 72' lang='grc' dir='ltr'>οὐδὲ</span> <span class='ocrx_word' id='word_1_374' title='bbox 3438 2085 3574 2160; x_wconf 82' lang='grc' dir='ltr'>πρὸς</span> <span class='ocrx_word' id='word_1_375' title='bbox 3599 2087 3703 2154; x_wconf 79' lang='grc' dir='ltr'>τήν</span> <span class='ocrx_word' id='word_1_376' title='bbox 3737 2083 3828 2140; x_wconf 73' lang='grc' dir='ltr'>διὰ</span> 
     </span>
    </p>
   </div>
   <div class='ocr_carea' id='block_1_54' title="bbox 2170 2167 2946 2244">
    <p class='ocr_par' dir='ltr' id='par_1_54' title="bbox 2170 2167 2946 2244">
     <span class='ocr_line' id='line_1_54' title="bbox 2170 2167 2946 2244; baseline 0.003 -18"><span class='ocrx_word' id='word_1_377' title='bbox 2170 2172 2264 2228; x_wconf 89' lang='grc' dir='ltr'>τοῦ</span> <span class='ocrx_word' id='word_1_378' title='bbox 2293 2175 2390 2227; x_wconf 88' lang='grc' dir='ltr'>νοῦ</span> <span class='ocrx_word' id='word_1_379' title='bbox 2421 2170 2611 2242; x_wconf 86' lang='grc' dir='ltr'>νόησιν</span> <span class='ocrx_word' id='word_1_380' title='bbox 2641 2167 2946 2244; x_wconf 81' lang='grc' dir='ltr'>ὁδηγεῖται.</span> 
     </span>
    </p>
   </div>
   <div class='ocr_carea' id='block_1_55' title="bbox 2243 2459 3829 2536">
    <p class='ocr_par' dir='ltr' id='par_1_55' title="bbox 2243 2459 3829 2536">
     <span class='ocr_line' id='line_1_55' title="bbox 2243 2459 3829 2536; baseline 0 -19"><span class='ocrx_word' id='word_1_381' title='bbox 2243 2465 2363 2518; x_wconf 83' lang='grc'>157.</span> <span class='ocrx_word' id='word_1_382' title='bbox 2397 2463 2456 2516; x_wconf 92' lang='grc' dir='ltr'>Τί</span> <span class='ocrx_word' id='word_1_383' title='bbox 2490 2459 2581 2516; x_wconf 79' lang='grc' dir='ltr'>οῦν</span> <span class='ocrx_word' id='word_1_384' title='bbox 2616 2461 2725 2516; x_wconf 90' lang='grc' dir='ltr'>ἐστι</span> <span class='ocrx_word' id='word_1_385' title='bbox 2767 2463 2830 2516; x_wconf 82' lang='grc' dir='ltr'>τὸ</span> <span class='ocrx_word' id='word_1_386' title='bbox 2889 2461 3221 2536; x_wconf 87' lang='grc' dir='ltr'>λεγόμενον;</span> <span class='ocrx_word' id='word_1_387' title='bbox 3253 2462 3376 2518; x_wconf 81' lang='grc' dir='ltr'>’Ότι</span> <span class='ocrx_word' id='word_1_388' title='bbox 3425 2460 3561 2535; x_wconf 76' lang='grc' dir='ltr'>μέθη</span> <span class='ocrx_word' id='word_1_389' title='bbox 3593 2464 3829 2532; x_wconf 85' lang='grc' dir='ltr'>ἀθεότη-</span> 
     </span>
    </p>
   </div>
   <div class='ocr_carea' id='block_1_56' title="bbox 2169 2547 3825 2626">
    <p class='ocr_par' dir='ltr' id='par_1_56' title="bbox 2169 2547 3825 2626">
     <span class='ocr_line' id='line_1_56' title="bbox 2169 2547 3825 2626; baseline 0.001 -21"><span class='ocrx_word' id='word_1_390' title='bbox 2169 2549 2260 2614; x_wconf 87' lang='grc' dir='ltr'>τός</span> <span class='ocrx_word' id='word_1_391' title='bbox 2289 2549 2428 2605; x_wconf 86' lang='grc' dir='ltr'>ἐστιν</span> <span class='ocrx_word' id='word_1_392' title='bbox 2480 2550 2652 2626; x_wconf 80' lang='grc' dir='ltr'>ἀρχὴ,</span> <span class='ocrx_word' id='word_1_393' title='bbox 2711 2547 2974 2612; x_wconf 86' lang='grc' dir='ltr'>σκότωσις</span> <span class='ocrx_word' id='word_1_394' title='bbox 3017 2549 3148 2605; x_wconf 82' lang='grc' dir='ltr'>οὖσα</span> <span class='ocrx_word' id='word_1_395' title='bbox 3195 2555 3293 2605; x_wconf 71' lang='grc' dir='ltr'>τοῦ</span> <span class='ocrx_word' id='word_1_396' title='bbox 3343 2549 3716 2624; x_wconf 78' lang='grc' dir='ltr'>διανοητικοῦ,</span> <span class='ocrx_word' id='word_1_397' title='bbox 3751 2549 3825 2606; x_wconf 87' lang='grc' dir='ltr'>δι’</span> 
     </span>
    </p>
   </div>
   <div class='ocr_carea' id='block_1_57' title="bbox 2171 2638 3823 2718">
    <p class='ocr_par' dir='ltr' id='par_1_57' title="bbox 2171 2638 3823 2718">
     <span class='ocr_line' id='line_1_57' title="bbox 2171 2638 3823 2718; baseline 0.001 -24"><span class='ocrx_word' id='word_1_398' title='bbox 2171 2641 2233 2695; x_wconf 80' lang='grc' dir='ltr'>οὗ</span> <span class='ocrx_word' id='word_1_399' title='bbox 2269 2639 2505 2713; x_wconf 83' lang='grc' dir='ltr'>μάλιστα</span> <span class='ocrx_word' id='word_1_400' title='bbox 2535 2641 2564 2695; x_wconf 78' lang='grc' dir='ltr'>ὁ</span> <span class='ocrx_word' id='word_1_401' title='bbox 2613 2641 2743 2702; x_wconf 85' lang='grc' dir='ltr'>Θεὸς</span> <span class='ocrx_word' id='word_1_402' title='bbox 2792 2639 3242 2715; x_wconf 85' lang='grc' dir='ltr'>ἐπιγινώσκεσθαι</span> <span class='ocrx_word' id='word_1_403' title='bbox 3290 2638 3544 2718; x_wconf 72' lang='grc' dir='ltr'>πέφυκεν·</span> <span class='ocrx_word' id='word_1_404' title='bbox 3586 2639 3721 2716; x_wconf 75' lang='grc' dir='ltr'>ἔργα</span> <span class='ocrx_word' id='word_1_405' title='bbox 3761 2639 3823 2696; x_wconf 75' lang='grc' dir='ltr'>δὲ</span> 
     </span>
    </p>
   </div>
   <div class='ocr_carea' id='block_1_58' title="bbox 2171 2726 3832 2806">
    <p class='ocr_par' dir='ltr' id='par_1_58' title="bbox 2171 2726 3832 2806">
     <span class='ocr_line' id='line_1_58' title="bbox 2171 2726 3832 2806; baseline 0.001 -23"><span class='ocrx_word' id='word_1_406' title='bbox 2171 2734 2397 2806; x_wconf 89' lang='grc' dir='ltr'>χειρῶν,</span> <span class='ocrx_word' id='word_1_407' title='bbox 2430 2730 2521 2784; x_wconf 69' lang='grc' dir='ltr'>καῗ</span> <span class='ocrx_word' id='word_1_408' title='bbox 2550 2731 2584 2799; x_wconf 77' lang='grc' dir='ltr'>ἡ</span> <span class='ocrx_word' id='word_1_409' title='bbox 2629 2727 3061 2804; x_wconf 75' lang='grc' dir='ltr'>προσδοκωμένη</span> <span class='ocrx_word' id='word_1_410' title='bbox 3114 2726 3408 2797; x_wconf 83' lang='grc' dir='ltr'>ἀντίδοσις,</span> <span class='ocrx_word' id='word_1_411' title='bbox 3440 2729 3502 2784; x_wconf 85' lang='grc' dir='ltr'>τὸ</span> <span class='ocrx_word' id='word_1_412' title='bbox 3547 2734 3653 2804; x_wconf 88' lang='grc' dir='ltr'>πῦρ</span> <span class='ocrx_word' id='word_1_413' title='bbox 3684 2729 3832 2786; x_wconf 72' lang='grc' dir='ltr'>ἐκεῖ·</span> 
     </span>
    </p>
   </div>
   <div class='ocr_carea' id='block_1_59' title="bbox 2170 2814 3837 2894">
    <p class='ocr_par' dir='ltr' id='par_1_59' title="bbox 2170 2814 3837 2894">
     <span class='ocr_line' id='line_1_59' title="bbox 2170 2814 3837 2894; baseline 0.001 -20"><span class='ocrx_word' id='word_1_414' title='bbox 2170 2840 2251 2888; x_wconf 92' lang='grc' dir='ltr'>νο,</span> <span class='ocrx_word' id='word_1_415' title='bbox 2280 2819 2368 2874; x_wconf 85' lang='grc' dir='ltr'>καὶ</span> <span class='ocrx_word' id='word_1_416' title='bbox 2399 2821 2433 2888; x_wconf 80' lang='grc' dir='ltr'>ἡ</span> <span class='ocrx_word' id='word_1_417' title='bbox 2467 2817 2519 2874; x_wconf 77' lang='grc' dir='ltr'>ἐν</span> <span class='ocrx_word' id='word_1_418' title='bbox 2560 2814 2690 2889; x_wconf 67' lang='grc' dir='ltr'>ᾅδου</span> <span class='ocrx_word' id='word_1_419' title='bbox 2738 2818 2989 2888; x_wconf 89' lang='grc' dir='ltr'>κόλασις,</span> <span class='ocrx_word' id='word_1_420' title='bbox 3021 2815 3244 2892; x_wconf 89' lang='grc' dir='ltr'>γλῶσσα</span> <span class='ocrx_word' id='word_1_421' title='bbox 3293 2818 3594 2894; x_wconf 80' lang='grc' dir='ltr'>κατάξηρος</span> <span class='ocrx_word' id='word_1_422' title='bbox 3628 2826 3837 2894; x_wconf 77' lang='grc' dir='ltr'>μικρᾶς</span> 
     </span>
    </p>
   </div>
   <div class='ocr_carea' id='block_1_60' title="bbox 2173 2903 3836 2985">
    <p class='ocr_par' dir='ltr' id='par_1_60' title="bbox 2173 2903 3836 2985">
     <span class='ocr_line' id='line_1_60' title="bbox 2173 2903 3836 2985; baseline 0.002 -25"><span class='ocrx_word' id='word_1_423' title='bbox 2173 2903 2391 2982; x_wconf 80' lang='grc' dir='ltr'>ῥανίδος</span> <span class='ocrx_word' id='word_1_424' title='bbox 2439 2907 2778 2980; x_wconf 82' lang='grc' dir='ltr'>παραμυθίαν</span> <span class='ocrx_word' id='word_1_425' title='bbox 2843 2907 3206 2980; x_wconf 77' lang='grc' dir='ltr'>ἐπιθυμοῦσα,</span> <span class='ocrx_word' id='word_1_426' title='bbox 3269 2906 3404 2985; x_wconf 78' lang='grc' dir='ltr'>φλὸξ</span> <span class='ocrx_word' id='word_1_427' title='bbox 3465 2907 3836 2984; x_wconf 79' lang='grc' dir='ltr'>πανταχόθεν,</span> 
     </span>
    </p>
   </div>
   <div class='ocr_carea' id='block_1_61' title="bbox 2173 2993 3838 3072">
    <p class='ocr_par' dir='ltr' id='par_1_61' title="bbox 2173 2993 3838 3072">
     <span class='ocr_line' id='line_1_61' title="bbox 2173 2993 3838 3072; baseline 0.002 -21"><span class='ocrx_word' id='word_1_428' title='bbox 2173 2993 2298 3051; x_wconf 71' lang='grc' dir='ltr'>οὐδὲ</span> <span class='ocrx_word' id='word_1_429' title='bbox 2343 2996 2499 3070; x_wconf 80' lang='grc' dir='ltr'>ἀέρος</span> <span class='ocrx_word' id='word_1_430' title='bbox 2548 2996 2819 3065; x_wconf 76' lang='grc' dir='ltr'>ἀναπνοὴν</span> <span class='ocrx_word' id='word_1_431' title='bbox 2877 2995 3177 3072; x_wconf 78' lang='grc' dir='ltr'>ἀναψύχειν</span> <span class='ocrx_word' id='word_1_432' title='bbox 3231 2998 3323 3051; x_wconf 82' lang='grc' dir='ltr'>τὸν</span> <span class='ocrx_word' id='word_1_433' title='bbox 3366 2995 3618 3052; x_wconf 78' lang='grc' dir='ltr'>καύσωνα</span> <span class='ocrx_word' id='word_1_434' title='bbox 3651 2999 3748 3053; x_wconf 85' lang='grc' dir='ltr'>τὸν</span> <span class='ocrx_word' id='word_1_435' title='bbox 3777 2999 3838 3056; x_wconf 76' lang='grc' dir='ltr'>ἐν</span> 
     </span>
    </p>
   </div>
   <div class='ocr_carea' id='block_1_62' title="bbox 2177 3083 3840 3161">
    <p class='ocr_par' dir='ltr' id='par_1_62' title="bbox 2177 3083 3840 3161">
     <span class='ocr_line' id='line_1_62' title="bbox 2177 3083 3840 3161; baseline 0.004 -22"><span class='ocrx_word' id='word_1_436' title='bbox 2177 3090 2293 3148; x_wconf 83' lang='grc' dir='ltr'>τοῖς</span> <span class='ocrx_word' id='word_1_437' title='bbox 2321 3083 2662 3161; x_wconf 80' lang='grc' dir='ltr'>σπλάγχνοις</span> <span class='ocrx_word' id='word_1_438' title='bbox 2714 3085 2873 3140; x_wconf 82' lang='grc' dir='ltr'>ἐῶσα.</span> <span class='ocrx_word' id='word_1_439' title='bbox 2905 3086 3050 3142; x_wconf 85' lang='grc' dir='ltr'>Ἀνθ’</span> <span class='ocrx_word' id='word_1_440' title='bbox 3101 3087 3176 3140; x_wconf 83' lang='grc' dir='ltr'>ὧν</span> <span class='ocrx_word' id='word_1_441' title='bbox 3225 3084 3458 3155; x_wconf 83' lang='grc' dir='ltr'>αὐληταὶ</span> <span class='ocrx_word' id='word_1_442' title='bbox 3488 3089 3621 3160; x_wconf 89' lang='grc'>(37),</span> <span class='ocrx_word' id='word_1_443' title='bbox 3656 3088 3684 3141; x_wconf 82' lang='grc' dir='ltr'><strong>ὁ</strong></span> <span class='ocrx_word' id='word_1_444' title='bbox 3714 3110 3840 3144; x_wconf 83' lang='grc' dir='ltr'>στε-</span> 
     </span>
    </p>
   </div>
   <div class='ocr_carea' id='block_1_63' title="bbox 2171 3175 3838 3252">
    <p class='ocr_par' dir='ltr' id='par_1_63' title="bbox 2171 3175 3838 3252">
     <span class='ocr_line' id='line_1_63' title="bbox 2171 3175 3838 3252; baseline 0.002 -24"><span class='ocrx_word' id='word_1_445' title='bbox 2171 3175 2403 3249; x_wconf 72' lang='grc' dir='ltr'>ναγμόςο</span> <span class='ocrx_word' id='word_1_446' title='bbox 2438 3175 2553 3229; x_wconf 87' lang='grc' dir='ltr'>ἀντὶ</span> <span class='ocrx_word' id='word_1_447' title='bbox 2585 3182 2684 3246; x_wconf 80' lang='grc' dir='ltr'>τῆς</span> <span class='ocrx_word' id='word_1_448' title='bbox 2735 3176 2980 3252; x_wconf 67' lang='grc' dir='ltr'>ἀμέτρου</span> <span class='ocrx_word' id='word_1_449' title='bbox 3032 3175 3221 3247; x_wconf 65' lang='grc' dir='ltr'>μέθης,</span> <span class='ocrx_word' id='word_1_450' title='bbox 3256 3175 3516 3249; x_wconf 83' lang='grc' dir='ltr'>ἐπιθυμία</span> <span class='ocrx_word' id='word_1_451' title='bbox 3547 3177 3838 3252; x_wconf 77' lang='grc' dir='ltr'>σταγόνος,</span> 
     </span>
    </p>
   </div>
   <div class='ocr_carea' id='block_1_64' title="bbox 417 3233 2062 3343">
    <p class='ocr_par' dir='ltr' id='par_1_64' title="bbox 417 3233 2060 3333">
     <span class='ocr_line' id='line_1_64' title="bbox 417 3233 2060 3333; baseline 0.002 -18"><span class='ocrx_word' id='word_1_452' title='bbox 417 3260 531 3315; x_wconf 87' lang='lat' dir='ltr'>rari</span> <span class='ocrx_word' id='word_1_453' title='bbox 562 3260 626 3314; x_wconf 78' lang='grc'>⁸³.</span> <span class='ocrx_word' id='word_1_454' title='bbox 659 3260 768 3315; x_wconf 87' lang='lat' dir='ltr'>Pro</span> <span class='ocrx_word' id='word_1_455' title='bbox 784 3233 1138 3316; x_wconf 65' lang='lat' dir='ltr'>tibicinibus</span> <span class='ocrx_word' id='word_1_456' title='bbox 1167 3233 1266 3332; x_wconf 76' lang='lat' dir='ltr'>qui</span> <span class='ocrx_word' id='word_1_457' title='bbox 1301 3261 1561 3329; x_wconf 87' lang='lat' dir='ltr'>aderant,</span> <span class='ocrx_word' id='word_1_458' title='bbox 1583 3261 1750 3316; x_wconf 88' lang='lat' dir='ltr'>adest</span> <span class='ocrx_word' id='word_1_459' title='bbox 1777 3233 2060 3333; x_wconf 68' lang='lat' dir='ltr'>gemitus;</span> 
     </span>
    </p>
   </div>
   <div class='ocr_carea' id='block_1_65' title="bbox 2176 3233 3834 3343">
    <p class='ocr_par' dir='ltr' id='par_1_65' title="bbox 2176 3233 3834 3343">
     <span class='ocr_line' id='line_1_65' title="bbox 2176 3233 3834 3343; baseline 0.003 -26"><span class='ocrx_word' id='word_1_460' title='bbox 2176 3233 2491 3339; x_wconf 49' lang='lat' dir='ltr'>rbé‘aapxdc</span> <span class='ocrx_word' id='word_1_461' title='bbox 2539 3233 3602 3340; x_wconf 35' lang='lat' dir='ltr'>tdiv&#39;peiiuéiirwv&#39;diiioirnyavkriuévnc</span> <span class='ocrx_word' id='word_1_462' title='bbox 3655 3233 3708 3322; x_wconf 89' lang='grc' dir='ltr'>ἐν</span> <span class='ocrx_word' id='word_1_463' title='bbox 3758 3233 3834 3343; x_wconf 58' lang='grc' dir='ltr'>τξ</span> 
     </span>
    </p>
   </div>
   <div class='ocr_carea' id='block_1_66' title="bbox 418 3349 2064 3424">
    <p class='ocr_par' dir='ltr' id='par_1_66' title="bbox 418 3349 2064 3424">
     <span class='ocr_line' id='line_1_66' title="bbox 418 3349 2064 3424; baseline 0.002 -20"><span class='ocrx_word' id='word_1_464' title='bbox 418 3365 522 3421; x_wconf 87' lang='lat' dir='ltr'>pro</span> <span class='ocrx_word' id='word_1_465' title='bbox 565 3349 847 3404; x_wconf 87' lang='lat' dir='ltr'>ebrietate</span> <span class='ocrx_word' id='word_1_466' title='bbox 895 3349 1230 3421; x_wconf 87' lang='lat' dir='ltr'>immodica,</span> <span class='ocrx_word' id='word_1_467' title='bbox 1261 3349 1627 3406; x_wconf 86' lang='lat' dir='ltr'>desineratur</span> <span class='ocrx_word' id='word_1_468' title='bbox 1654 3367 1817 3421; x_wconf 72' lang='lat' dir='ltr'>aqua:</span> <span class='ocrx_word' id='word_1_469' title='bbox 1849 3357 2017 3424; x_wconf 86' lang='lat' dir='ltr'>gutta</span> <span class='ocrx_word' id='word_1_470' title='bbox 2049 3367 2064 3407; x_wconf 86' lang='lat'><strong>:</strong></span> 
     </span>
    </p>
   </div>
   <div class='ocr_carea' id='block_1_67' title="bbox 419 3437 2066 3512">
    <p class='ocr_par' dir='ltr' id='par_1_67' title="bbox 419 3437 2066 3512">
     <span class='ocr_line' id='line_1_67' title="bbox 419 3437 2066 3512; baseline 0.003 -20"><span class='ocrx_word' id='word_1_471' title='bbox 419 3440 636 3510; x_wconf 88' lang='lat' dir='ltr'>quippe</span> <span class='ocrx_word' id='word_1_472' title='bbox 666 3437 944 3509; x_wconf 87' lang='lat' dir='ltr'>quoniam</span> <span class='ocrx_word' id='word_1_473' title='bbox 1001 3455 1133 3493; x_wconf 88' lang='lat' dir='ltr'>caro</span> <span class='ocrx_word' id='word_1_474' title='bbox 1184 3438 1545 3493; x_wconf 88' lang='lat' dir='ltr'>ebriosorum</span> <span class='ocrx_word' id='word_1_475' title='bbox 1581 3439 1714 3512; x_wconf 87' lang='lat' dir='ltr'>igne</span> <span class='ocrx_word' id='word_1_476' title='bbox 1745 3441 1803 3496; x_wconf 92' lang='lat' dir='ltr'>in</span> <span class='ocrx_word' id='word_1_477' title='bbox 1837 3441 2066 3497; x_wconf 90' lang='lat' dir='ltr'>camino</span> 
     </span>
    </p>
   </div>
   <div class='ocr_carea' id='block_1_68' title="bbox 421 3527 2068 3603">
    <p class='ocr_par' dir='ltr' id='par_1_68' title="bbox 421 3527 2068 3603">
     <span class='ocr_line' id='line_1_68' title="bbox 421 3527 2068 3603; baseline 0.001 -19"><span class='ocrx_word' id='word_1_478' title='bbox 421 3527 741 3594; x_wconf 87' lang='lat' dir='ltr'>cruciatur;</span> <span class='ocrx_word' id='word_1_479' title='bbox 767 3544 870 3599; x_wconf 91' lang='lat' dir='ltr'>pro</span> <span class='ocrx_word' id='word_1_480' title='bbox 897 3527 1218 3597; x_wconf 88' lang='lat' dir='ltr'>impudicio</span> <span class='ocrx_word' id='word_1_481' title='bbox 1239 3528 1591 3599; x_wconf 87' lang='lat' dir='ltr'>spectaculis</span> <span class='ocrx_word' id='word_1_482' title='bbox 1625 3529 1922 3585; x_wconf 86' lang='lat' dir='ltr'>intersunt</span> <span class='ocrx_word' id='word_1_483' title='bbox 1943 3549 2068 3603; x_wconf 86' lang='lat' dir='ltr'>pro-</span> 
     </span>
    </p>
   </div>
   <div class='ocr_carea' id='block_1_69' title="bbox 423 3616 2069 3691">
    <p class='ocr_par' dir='ltr' id='par_1_69' title="bbox 423 3616 2069 3691">
     <span class='ocr_line' id='line_1_69' title="bbox 423 3616 2069 3691; baseline 0.002 -18"><span class='ocrx_word' id='word_1_484' title='bbox 423 3617 618 3673; x_wconf 60' lang='lat' dir='ltr'>fundas</span> <span class='ocrx_word' id='word_1_485' title='bbox 639 3616 891 3672; x_wconf 64' lang='lat' dir='ltr'>tenebras</span> <span class='ocrx_word' id='word_1_486' title='bbox 916 3633 929 3684; x_wconf 91' lang='lat'><strong>;</strong></span> <span class='ocrx_word' id='word_1_487' title='bbox 956 3633 1058 3688; x_wconf 89' lang='lat' dir='ltr'>pro</span> <span class='ocrx_word' id='word_1_488' title='bbox 1081 3617 1400 3688; x_wconf 88' lang='lat' dir='ltr'>cupiditate</span> <span class='ocrx_word' id='word_1_489' title='bbox 1421 3616 1758 3688; x_wconf 87' lang='lat' dir='ltr'>irrequieta,</span> <span class='ocrx_word' id='word_1_490' title='bbox 1783 3619 2069 3691; x_wconf 87' lang='lat' dir='ltr'>irrequie-</span> 
     </span>
    </p>
   </div>
   <div class='ocr_carea' id='block_1_70' title="bbox 420 3705 2073 3776">
    <p class='ocr_par' dir='ltr' id='par_1_70' title="bbox 420 3705 2073 3776">
     <span class='ocr_line' id='line_1_70' title="bbox 420 3705 2073 3776; baseline 0.003 -16"><span class='ocrx_word' id='word_1_491' title='bbox 420 3711 518 3761; x_wconf 88' lang='lat' dir='ltr'>tus</span> <span class='ocrx_word' id='word_1_492' title='bbox 546 3706 762 3761; x_wconf 89' lang='lat' dir='ltr'>vermis</span> <span class='ocrx_word' id='word_1_493' title='bbox 791 3705 1012 3760; x_wconf 90' lang='lat' dir='ltr'>accedit</span> <span class='ocrx_word' id='word_1_494' title='bbox 1027 3705 1092 3760; x_wconf 67' lang='grc'>⁸³.</span> <span class='ocrx_word' id='word_1_495' title='bbox 1119 3707 1318 3776; x_wconf 87' lang='lat' dir='ltr'>Itaque</span> <span class='ocrx_word' id='word_1_496' title='bbox 1347 3705 1447 3776; x_wconf 89' lang='lat' dir='ltr'>qui</span> <span class='ocrx_word' id='word_1_497' title='bbox 1470 3707 1527 3762; x_wconf 93' lang='lat' dir='ltr'>in</span> <span class='ocrx_word' id='word_1_498' title='bbox 1552 3707 1892 3764; x_wconf 89' lang='lat' dir='ltr'>temulentia</span> <span class='ocrx_word' id='word_1_499' title='bbox 1913 3725 2073 3765; x_wconf 85' lang='lat' dir='ltr'>men-</span> 
     </span>
    </p>
   </div>
   <div class='ocr_carea' id='block_1_71' title="bbox 420 3794 2071 3869">
    <p class='ocr_par' dir='ltr' id='par_1_71' title="bbox 420 3794 2071 3869">
     <span class='ocr_line' id='line_1_71' title="bbox 420 3794 2071 3869; baseline 0.002 -19"><span class='ocrx_word' id='word_1_500' title='bbox 420 3797 538 3850; x_wconf 88' lang='lat' dir='ltr'>tem</span> <span class='ocrx_word' id='word_1_501' title='bbox 571 3810 738 3850; x_wconf 91' lang='lat' dir='ltr'>suam</span> <span class='ocrx_word' id='word_1_502' title='bbox 764 3794 1176 3866; x_wconf 84' lang='lat' dir='ltr'>submergunt,</span> <span class='ocrx_word' id='word_1_503' title='bbox 1202 3794 1402 3850; x_wconf 82' lang='lat' dir='ltr'>isthasc</span> <span class='ocrx_word' id='word_1_504' title='bbox 1424 3812 1707 3852; x_wconf 89' lang='lat' dir='ltr'>manuum</span> <span class='ocrx_word' id='word_1_505' title='bbox 1740 3813 1915 3869; x_wconf 83' lang='lat' dir='ltr'>Opera</span> <span class='ocrx_word' id='word_1_506' title='bbox 1940 3813 2071 3854; x_wconf 92' lang='lat' dir='ltr'>con-</span> 
     </span>
    </p>
   </div>
   <div class='ocr_carea' id='block_1_72' title="bbox 419 3883 2069 3958">
    <p class='ocr_par' dir='ltr' id='par_1_72' title="bbox 419 3883 2069 3958">
     <span class='ocr_line' id='line_1_72' title="bbox 419 3883 2069 3958; baseline 0.002 -18"><span class='ocrx_word' id='word_1_507' title='bbox 419 3883 676 3940; x_wconf 85' lang='lat' dir='ltr'>siderare</span> <span class='ocrx_word' id='word_1_508' title='bbox 715 3900 827 3940; x_wconf 91' lang='lat' dir='ltr'>non</span> <span class='ocrx_word' id='word_1_509' title='bbox 872 3888 1149 3955; x_wconf 87' lang='lat' dir='ltr'>possunt;</span> <span class='ocrx_word' id='word_1_510' title='bbox 1193 3888 1250 3940; x_wconf 90' lang='lat' dir='ltr'>et</span> <span class='ocrx_word' id='word_1_511' title='bbox 1278 3885 1417 3956; x_wconf 90' lang='lat' dir='ltr'>quia</span> <span class='ocrx_word' id='word_1_512' title='bbox 1447 3902 1559 3942; x_wconf 89' lang='lat' dir='ltr'>non</span> <span class='ocrx_word' id='word_1_513' title='bbox 1593 3886 1910 3958; x_wconf 70' lang='lat' dir='ltr'>prmvident</span> <span class='ocrx_word' id='word_1_514' title='bbox 1941 3903 2069 3943; x_wconf 84' lang='lat' dir='ltr'>cru-</span> 
     </span>
    </p>
   </div>
   <div class='ocr_carea' id='block_1_73' title="bbox 417 3971 2074 4046">
    <p class='ocr_par' dir='ltr' id='par_1_73' title="bbox 417 3971 2074 4046">
     <span class='ocr_line' id='line_1_73' title="bbox 417 3971 2074 4046; baseline 0.003 -18"><span class='ocrx_word' id='word_1_515' title='bbox 417 3971 627 4040; x_wconf 89' lang='lat' dir='ltr'>ciatus,</span> <span class='ocrx_word' id='word_1_516' title='bbox 660 3973 758 4045; x_wconf 91' lang='lat' dir='ltr'>qui</span> <span class='ocrx_word' id='word_1_517' title='bbox 789 3973 951 4044; x_wconf 90' lang='lat' dir='ltr'>ipsos</span> <span class='ocrx_word' id='word_1_518' title='bbox 980 3979 1339 4044; x_wconf 83' lang='lat' dir='ltr'>exspectant,</span> <span class='ocrx_word' id='word_1_519' title='bbox 1365 3975 1501 4045; x_wconf 88' lang='lat' dir='ltr'>jure</span> <span class='ocrx_word' id='word_1_520' title='bbox 1547 3991 1613 4031; x_wconf 89' lang='lat' dir='ltr'>ac</span> <span class='ocrx_word' id='word_1_521' title='bbox 1661 3975 1868 4032; x_wconf 89' lang='lat' dir='ltr'>merito</span> <span class='ocrx_word' id='word_1_522' title='bbox 1915 3976 2074 4046; x_wconf 87' lang='lat' dir='ltr'>luget</span> 
     </span>
    </p>
   </div>
   <div class='ocr_carea' id='block_1_74' title="bbox 417 4061 2070 4136">
    <p class='ocr_par' dir='ltr' id='par_1_74' title="bbox 417 4061 2070 4136">
     <span class='ocr_line' id='line_1_74' title="bbox 417 4061 2070 4136; baseline 0.002 -19"><span class='ocrx_word' id='word_1_523' title='bbox 417 4061 552 4118; x_wconf 90' lang='lat' dir='ltr'>illos</span> <span class='ocrx_word' id='word_1_524' title='bbox 583 4062 907 4135; x_wconf 84' lang='lat' dir='ltr'>Scriptura,</span> <span class='ocrx_word' id='word_1_525' title='bbox 937 4062 1249 4136; x_wconf 86' lang='lat' dir='ltr'>quasijam</span> <span class='ocrx_word' id='word_1_526' title='bbox 1279 4063 1334 4118; x_wconf 91' lang='lat' dir='ltr'>in</span> <span class='ocrx_word' id='word_1_527' title='bbox 1369 4063 1490 4120; x_wconf 66' lang='lat' dir='ltr'>haec</span> <span class='ocrx_word' id='word_1_528' title='bbox 1522 4063 1674 4120; x_wconf 90' lang='lat' dir='ltr'>mala</span> <span class='ocrx_word' id='word_1_529' title='bbox 1702 4064 2070 4122; x_wconf 88' lang='lat' dir='ltr'>incidissent.</span> 
     </span>
    </p>
   </div>
   <div class='ocr_carea' id='block_1_75' title="bbox 417 4150 2074 4224">
    <p class='ocr_par' dir='ltr' id='par_1_75' title="bbox 417 4150 2074 4224">
     <span class='ocr_line' id='line_1_75' title="bbox 417 4150 2074 4224; baseline 0.003 -18"><span class='ocrx_word' id='word_1_530' title='bbox 417 4150 676 4207; x_wconf 85' lang='lat' dir='ltr'>Audiant</span> <span class='ocrx_word' id='word_1_531' title='bbox 704 4151 825 4208; x_wconf 64' lang='lat' dir='ltr'>base</span> <span class='ocrx_word' id='word_1_532' title='bbox 848 4152 947 4223; x_wconf 93' lang='lat' dir='ltr'>qui</span> <span class='ocrx_word' id='word_1_533' title='bbox 977 4151 1100 4208; x_wconf 86' lang='lat' dir='ltr'>lcco</span> <span class='ocrx_word' id='word_1_534' title='bbox 1129 4152 1572 4224; x_wconf 87' lang='lat' dir='ltr'>Evangeliorum</span> <span class='ocrx_word' id='word_1_535' title='bbox 1601 4153 1661 4208; x_wconf 90' lang='lat' dir='ltr'>in</span> <span class='ocrx_word' id='word_1_536' title='bbox 1695 4154 1919 4209; x_wconf 65' lang='lat' dir='ltr'>aedibus</span> <span class='ocrx_word' id='word_1_537' title='bbox 1948 4155 2074 4211; x_wconf 90' lang='lat' dir='ltr'>suis</span> 
     </span>
    </p>
   </div>
   <div class='ocr_carea' id='block_1_76' title="bbox 419 4239 2070 4314">
    <p class='ocr_par' dir='ltr' id='par_1_76' title="bbox 419 4239 2070 4314">
     <span class='ocr_line' id='line_1_76' title="bbox 419 4239 2070 4314; baseline 0.002 -19"><span class='ocrx_word' id='word_1_538' title='bbox 419 4239 680 4296; x_wconf 86' lang='lat' dir='ltr'>citharas</span> <span class='ocrx_word' id='word_1_539' title='bbox 710 4241 961 4296; x_wconf 89' lang='lat' dir='ltr'>retinent</span> <span class='ocrx_word' id='word_1_540' title='bbox 985 4257 1051 4295; x_wconf 89' lang='lat' dir='ltr'>ac</span> <span class='ocrx_word' id='word_1_541' title='bbox 1080 4240 1253 4312; x_wconf 84' lang='lat' dir='ltr'>lyras.</span> <span class='ocrx_word' id='word_1_542' title='bbox 1281 4241 1570 4296; x_wconf 88' lang='lat' dir='ltr'>Nimirum</span> <span class='ocrx_word' id='word_1_543' title='bbox 1603 4241 2070 4314; x_wconf 88' lang='lat' dir='ltr'>ipsos,tanquam</span> 
     </span>
    </p>
   </div>
   <div class='ocr_carea' id='block_1_77' title="bbox 2175 3351 3837 3428">
    <p class='ocr_par' dir='ltr' id='par_1_77' title="bbox 2175 3351 3837 3428">
     <span class='ocr_line' id='line_1_77' title="bbox 2175 3351 3837 3428; baseline 0.004 -22"><span class='ocrx_word' id='word_1_544' title='bbox 2175 3353 2412 3425; x_wconf 82' lang='grc' dir='ltr'>καμίνῳ’</span> <span class='ocrx_word' id='word_1_545' title='bbox 2447 3352 2561 3407; x_wconf 88' lang='grc' dir='ltr'>ἀντὶ</span> <span class='ocrx_word' id='word_1_546' title='bbox 2611 3357 2720 3408; x_wconf 89' lang='grc' dir='ltr'>τῶν</span> <span class='ocrx_word' id='word_1_547' title='bbox 2776 3351 3018 3428; x_wconf 73' lang='grc' dir='ltr'>ἀσελγῶν</span> <span class='ocrx_word' id='word_1_548' title='bbox 3068 3353 3372 3426; x_wconf 73' lang='grc' dir='ltr'>θεαμάτων,</span> <span class='ocrx_word' id='word_1_549' title='bbox 3429 3355 3492 3408; x_wconf 88' lang='grc' dir='ltr'>τὸ</span> <span class='ocrx_word' id='word_1_550' title='bbox 3545 3355 3742 3421; x_wconf 79' lang='grc' dir='ltr'>σκότος</span> <span class='ocrx_word' id='word_1_551' title='bbox 3770 3359 3837 3413; x_wconf 84' lang='grc' dir='ltr'>τὸ</span> 
     </span>
    </p>
   </div>
   <div class='ocr_carea' id='block_1_78' title="bbox 2181 3439 3838 3522">
    <p class='ocr_par' dir='ltr' id='par_1_78' title="bbox 2181 3439 3838 3522">
     <span class='ocr_line' id='line_1_78' title="bbox 2181 3439 3838 3522; baseline 0.005 -28"><span class='ocrx_word' id='word_1_552' title='bbox 2181 3441 2338 3516; x_wconf 84' lang='grc' dir='ltr'>βαθύ·</span> <span class='ocrx_word' id='word_1_553' title='bbox 2373 3441 2497 3496; x_wconf 78' lang='grc' dir='ltr'>ἀντὶ</span> <span class='ocrx_word' id='word_1_554' title='bbox 2517 3449 2618 3511; x_wconf 78' lang='grc' dir='ltr'>τῆς</span> <span class='ocrx_word' id='word_1_555' title='bbox 2650 3439 2956 3516; x_wconf 69' lang='grc' dir='ltr'>ἀκοιμήτου</span> <span class='ocrx_word' id='word_1_556' title='bbox 2988 3441 3298 3516; x_wconf 82' lang='grc' dir='ltr'>ἐπιθυμίας,</span> <span class='ocrx_word' id='word_1_557' title='bbox 3323 3444 3350 3498; x_wconf 86' lang='grc' dir='ltr'>ὁ</span> <span class='ocrx_word' id='word_1_558' title='bbox 3382 3443 3683 3516; x_wconf 84' lang='grc' dir='ltr'>ἀκοίμητος</span> 
     </span>
    </p>
   </div>
   <div class='ocr_carea' id='block_1_79' title="bbox 2179 3530 3834 3606">
    <p class='ocr_par' dir='ltr' id='par_1_79' title="bbox 2179 3530 3834 3606">
     <span class='ocr_line' id='line_1_79' title="bbox 2179 3530 3834 3606; baseline 0.004 -23"><span class='ocrx_word' id='word_1_559' title='bbox 2179 3530 2420 3601; x_wconf 76' lang='grc' dir='ltr'>σκώληξ.</span> <span class='ocrx_word' id='word_1_560' title='bbox 2453 3532 2521 3586; x_wconf 72' lang='grc' dir='ltr'>Οἱ</span> <span class='ocrx_word' id='word_1_561' title='bbox 2555 3530 2645 3585; x_wconf 81' lang='grc' dir='ltr'>οὗν</span> <span class='ocrx_word' id='word_1_562' title='bbox 2680 3531 2732 3586; x_wconf 83' lang='grc' dir='ltr'>ἐν</span> <span class='ocrx_word' id='word_1_563' title='bbox 2762 3535 2831 3606; x_wconf 79' lang='grc' dir='ltr'>τῇ</span> <span class='ocrx_word' id='word_1_564' title='bbox 2869 3532 3006 3606; x_wconf 74' lang='grc' dir='ltr'>μέθῃ</span> <span class='ocrx_word' id='word_1_565' title='bbox 3051 3533 3142 3587; x_wconf 89' lang='grc' dir='ltr'>τὸν</span> <span class='ocrx_word' id='word_1_566' title='bbox 3191 3537 3314 3587; x_wconf 89' lang='grc' dir='ltr'>νοῦν</span> <span class='ocrx_word' id='word_1_567' title='bbox 3366 3532 3564 3588; x_wconf 83' lang='grc' dir='ltr'>ἐαυτῶν</span> <span class='ocrx_word' id='word_1_568' title='bbox 3591 3531 3834 3590; x_wconf 75' lang='grc' dir='ltr'>καταϐυ-</span> 
     </span>
    </p>
   </div>
   <div class='ocr_carea' id='block_1_80' title="bbox 2180 3619 3834 3699">
    <p class='ocr_par' dir='ltr' id='par_1_80' title="bbox 2180 3619 3834 3699">
     <span class='ocr_line' id='line_1_80' title="bbox 2180 3619 3834 3699; baseline 0.004 -27"><span class='ocrx_word' id='word_1_569' title='bbox 2180 3619 2437 3689; x_wconf 87' lang='grc' dir='ltr'>θίσαντες,</span> <span class='ocrx_word' id='word_1_570' title='bbox 2487 3625 2766 3676; x_wconf 85' lang='grc' dir='ltr'>κατανοεῖν</span> <span class='ocrx_word' id='word_1_571' title='bbox 2817 3624 2983 3676; x_wconf 89' lang='grc' dir='ltr'>ταῦτα</span> <span class='ocrx_word' id='word_1_572' title='bbox 3029 3620 3096 3676; x_wconf 82' lang='grc' dir='ltr'>τὰ</span> <span class='ocrx_word' id='word_1_573' title='bbox 3140 3619 3268 3698; x_wconf 80' lang='grc' dir='ltr'>ἔργα</span> <span class='ocrx_word' id='word_1_574' title='bbox 3303 3627 3409 3677; x_wconf 92' lang='grc' dir='ltr'>τῶν</span> <span class='ocrx_word' id='word_1_575' title='bbox 3459 3627 3662 3699; x_wconf 77' lang='grc' dir='ltr'>χειρῶν</span> <span class='ocrx_word' id='word_1_576' title='bbox 3695 3622 3834 3679; x_wconf 77' lang='grc' dir='ltr'>ἀδυ-</span> 
     </span>
    </p>
   </div>
   <div class='ocr_carea' id='block_1_81' title="bbox 2178 3705 3836 3786">
    <p class='ocr_par' dir='ltr' id='par_1_81' title="bbox 2178 3705 3836 3786">
     <span class='ocr_line' id='line_1_81' title="bbox 2178 3705 3836 3786; baseline 0.004 -24"><span class='ocrx_word' id='word_1_577' title='bbox 2178 3712 2422 3763; x_wconf 88' lang='grc' dir='ltr'>νατοῦσι·</span> <span class='ocrx_word' id='word_1_578' title='bbox 2475 3710 2563 3764; x_wconf 84' lang='grc' dir='ltr'>καὶ</span> <span class='ocrx_word' id='word_1_579' title='bbox 2619 3707 2705 3764; x_wconf 81' lang='grc' dir='ltr'>διὰ</span> <span class='ocrx_word' id='word_1_580' title='bbox 2761 3710 2823 3764; x_wconf 86' lang='grc' dir='ltr'>τὸ</span> <span class='ocrx_word' id='word_1_581' title='bbox 2859 3711 2935 3783; x_wconf 76' lang='grc' dir='ltr'>μὴ</span> <span class='ocrx_word' id='word_1_582' title='bbox 2994 3705 3324 3785; x_wconf 82' lang='grc' dir='ltr'>προϐλέπειν</span> <span class='ocrx_word' id='word_1_583' title='bbox 3373 3712 3440 3766; x_wconf 78' lang='grc' dir='ltr'>τὰ</span> <span class='ocrx_word' id='word_1_584' title='bbox 3495 3711 3836 3786; x_wconf 68' lang='grc' dir='ltr'>ἀναμένοντα</span> 
     </span>
    </p>
   </div>
   <div class='ocr_carea' id='block_1_82' title="bbox 2181 3795 3840 3869">
    <p class='ocr_par' dir='ltr' id='par_1_82' title="bbox 2181 3795 3840 3869">
     <span class='ocr_line' id='line_1_82' title="bbox 2181 3795 3840 3869; baseline 0.004 -17"><span class='ocrx_word' id='word_1_585' title='bbox 2181 3797 2397 3868; x_wconf 79' lang='grc' dir='ltr'>αὐτοὺς,</span> <span class='ocrx_word' id='word_1_586' title='bbox 2430 3798 2653 3861; x_wconf 74' lang='grc' dir='ltr'>εἰκότως</span> <span class='ocrx_word' id='word_1_587' title='bbox 2685 3799 2759 3862; x_wconf 87' lang='grc' dir='ltr'>ὡς</span> <span class='ocrx_word' id='word_1_588' title='bbox 2786 3796 2896 3869; x_wconf 77' lang='grc' dir='ltr'>ἤδη</span> <span class='ocrx_word' id='word_1_589' title='bbox 2946 3797 2998 3853; x_wconf 89' lang='grc' dir='ltr'>ἐν</span> <span class='ocrx_word' id='word_1_590' title='bbox 3049 3799 3231 3862; x_wconf 82' lang='grc' dir='ltr'>αὐτοῖς</span> <span class='ocrx_word' id='word_1_591' title='bbox 3283 3795 3442 3864; x_wconf 83' lang='grc' dir='ltr'>ὄντας</span> <span class='ocrx_word' id='word_1_592' title='bbox 3479 3807 3598 3864; x_wconf 88' lang='grc' dir='ltr'>τοῖς</span> <span class='ocrx_word' id='word_1_593' title='bbox 3631 3799 3840 3866; x_wconf 82' lang='grc' dir='ltr'>δεινοῖς</span> 
     </span>
    </p>
   </div>
   <div class='ocr_carea' id='block_1_83' title="bbox 2182 3886 3834 3967">
    <p class='ocr_par' dir='ltr' id='par_1_83' title="bbox 2182 3886 3834 3967">
     <span class='ocr_line' id='line_1_83' title="bbox 2182 3886 3834 3967; baseline 0.004 -23"><span class='ocrx_word' id='word_1_594' title='bbox 2182 3886 2398 3963; x_wconf 86' lang='grc' dir='ltr'>ὁλόγος</span> <span class='ocrx_word' id='word_1_595' title='bbox 2441 3886 2709 3967; x_wconf 85' lang='grc' dir='ltr'>ὀδύρεται.</span> <span class='ocrx_word' id='word_1_596' title='bbox 2770 3890 3140 3946; x_wconf 73' lang='grc' dir='ltr'>Ἀκουὲτωσαν</span> <span class='ocrx_word' id='word_1_597' title='bbox 3200 3890 3404 3947; x_wconf 91' lang='grc' dir='ltr'>τούτων</span> <span class='ocrx_word' id='word_1_598' title='bbox 3454 3893 3506 3947; x_wconf 73' lang='grc' dir='ltr'>οἳ</span> <span class='ocrx_word' id='word_1_599' title='bbox 3555 3892 3670 3947; x_wconf 86' lang='grc' dir='ltr'>ἀντί</span> <span class='ocrx_word' id='word_1_600' title='bbox 3719 3899 3834 3951; x_wconf 82' lang='grc' dir='ltr'>τῶν</span> 
     </span>
    </p>
   </div>
   <div class='ocr_carea' id='block_1_84' title="bbox 2182 3976 3837 4056">
    <p class='ocr_par' dir='ltr' id='par_1_84' title="bbox 2182 3976 3837 4056">
     <span class='ocr_line' id='line_1_84' title="bbox 2182 3976 3837 4056; baseline 0.002 -21"><span class='ocrx_word' id='word_1_601' title='bbox 2182 3976 2527 4054; x_wconf 83' lang='grc' dir='ltr'>Εὐαγγελίων</span> <span class='ocrx_word' id='word_1_602' title='bbox 2558 3979 2652 4041; x_wconf 80' lang='grc' dir='ltr'>τὰς</span> <span class='ocrx_word' id='word_1_603' title='bbox 2681 3980 2905 4053; x_wconf 82' lang='grc' dir='ltr'>κιθάρας</span> <span class='ocrx_word' id='word_1_604' title='bbox 2953 3979 3045 4035; x_wconf 84' lang='grc' dir='ltr'>καὶ</span> <span class='ocrx_word' id='word_1_605' title='bbox 3092 3981 3188 4042; x_wconf 84' lang='grc' dir='ltr'>τὰς</span> <span class='ocrx_word' id='word_1_606' title='bbox 3236 3979 3404 4056; x_wconf 88' lang='grc' dir='ltr'>λὺρας</span> <span class='ocrx_word' id='word_1_607' title='bbox 3453 3981 3540 4037; x_wconf 78' lang='grc' dir='ltr'>ἐπὶ</span> <span class='ocrx_word' id='word_1_608' title='bbox 3587 3983 3693 4038; x_wconf 88' lang='grc' dir='ltr'>τῶν</span> <span class='ocrx_word' id='word_1_609' title='bbox 3745 3981 3837 4038; x_wconf 70' lang='grc' dir='ltr'>οτ-</span> 
     </span>
    </p>
   </div>
   <div class='ocr_carea' id='block_1_85' title="bbox 2179 4065 3834 4148">
    <p class='ocr_par' dir='ltr' id='par_1_85' title="bbox 2179 4065 3834 4148">
     <span class='ocr_line' id='line_1_85' title="bbox 2179 4065 3834 4148; baseline 0.004 -28"><span class='ocrx_word' id='word_1_610' title='bbox 2179 4086 2290 4121; x_wconf 90' lang='grc' dir='ltr'>κων</span> <span class='ocrx_word' id='word_1_611' title='bbox 2460 4065 2841 4144; x_wconf 78' lang='grc' dir='ltr'>φυλάσσοντες.</span> <span class='ocrx_word' id='word_1_612' title='bbox 2875 4068 2957 4123; x_wconf 77' lang='grc' dir='ltr'>ὅτι</span> <span class='ocrx_word' id='word_1_613' title='bbox 2991 4069 3066 4132; x_wconf 83' lang='grc' dir='ltr'>ὡς</span> <span class='ocrx_word' id='word_1_614' title='bbox 3095 4066 3204 4140; x_wconf 70' lang='grc' dir='ltr'>ἤδη</span> <span class='ocrx_word' id='word_1_615' title='bbox 3238 4067 3599 4132; x_wconf 87' lang='grc' dir='ltr'>ἀπολωλότας</span> <span class='ocrx_word' id='word_1_616' title='bbox 3630 4071 3658 4126; x_wconf 87' lang='grc' dir='ltr'><strong>ὁ</strong></span> <span class='ocrx_word' id='word_1_617' title='bbox 3688 4091 3834 4148; x_wconf 85' lang='grc' dir='ltr'>προ-</span> 
     </span>
    </p>
   </div>
   <div class='ocr_carea' id='block_1_86' title="bbox 2182 4154 3838 4236">
    <p class='ocr_par' dir='ltr' id='par_1_86' title="bbox 2182 4154 3838 4236">
     <span class='ocr_line' id='line_1_86' title="bbox 2182 4154 3838 4236; baseline 0.004 -26"><span class='ocrx_word' id='word_1_618' title='bbox 2182 4157 2359 4231; x_wconf 77' lang='grc' dir='ltr'>φήτης</span> <span class='ocrx_word' id='word_1_619' title='bbox 2409 4154 2774 4226; x_wconf 86' lang='grc' dir='ltr'>ἀνακαλεῖται,</span> <span class='ocrx_word' id='word_1_620' title='bbox 2824 4157 2883 4212; x_wconf 82' lang='grc' dir='ltr'>ἐκ</span> <span class='ocrx_word' id='word_1_621' title='bbox 2922 4164 3025 4228; x_wconf 83' lang='grc' dir='ltr'>τῆς</span> <span class='ocrx_word' id='word_1_622' title='bbox 3067 4159 3184 4214; x_wconf 86' lang='grc' dir='ltr'>κατ’</span> <span class='ocrx_word' id='word_1_623' title='bbox 3229 4159 3437 4236; x_wconf 82' lang='grc' dir='ltr'>ἀγάπην</span> <span class='ocrx_word' id='word_1_624' title='bbox 3489 4159 3838 4234; x_wconf 79' lang='grc' dir='ltr'>συμπαθείας</span> 
     </span>
    </p>
   </div>
   <div class='ocr_carea' id='block_1_87' title="bbox 2185 4244 3064 4320">
    <p class='ocr_par' dir='ltr' id='par_1_87' title="bbox 2185 4244 3064 4320">
     <span class='ocr_line' id='line_1_87' title="bbox 2185 4244 3064 4320; baseline 0.005 -22"><span class='ocrx_word' id='word_1_625' title='bbox 2185 4245 2396 4320; x_wconf 91' lang='grc' dir='ltr'>θρηνῶν</span> <span class='ocrx_word' id='word_1_626' title='bbox 2428 4245 2604 4301; x_wconf 80' lang='grc' dir='ltr'>αὐτῶν</span> <span class='ocrx_word' id='word_1_627' title='bbox 2633 4247 2735 4316; x_wconf 81' lang='grc' dir='ltr'>τήν</span> <span class='ocrx_word' id='word_1_628' title='bbox 2766 4244 3064 4302; x_wconf 87' lang='grc' dir='ltr'>ἀπώλειαν.</span> 
     </span>
    </p>
   </div>
   <div class='ocr_carea' id='block_1_88' title="bbox 418 4328 3844 4404">
    <p class='ocr_par' dir='ltr' id='par_1_88' title="bbox 418 4328 3844 4404">
     <span class='ocr_line' id='line_1_88' title="bbox 418 4328 3844 4404; baseline 0.004 -19"><span class='ocrx_word' id='word_1_629' title='bbox 418 4328 471 4385; x_wconf 85' lang='lat' dir='ltr'>si</span> <span class='ocrx_word' id='word_1_630' title='bbox 491 4330 616 4400; x_wconf 79' lang='lat' dir='ltr'>jam</span> <span class='ocrx_word' id='word_1_631' title='bbox 649 4329 980 4400; x_wconf 86' lang='lat' dir='ltr'>periissent,</span> <span class='ocrx_word' id='word_1_632' title='bbox 1014 4335 1242 4384; x_wconf 85' lang='lat' dir='ltr'>revocat</span> <span class='ocrx_word' id='word_1_633' title='bbox 1271 4329 1580 4402; x_wconf 85' lang='lat' dir='ltr'>propheta,</span> <span class='ocrx_word' id='word_1_634' title='bbox 1627 4335 1804 4402; x_wconf 90' lang='lat' dir='ltr'>atque</span> <span class='ocrx_word' id='word_1_635' title='bbox 1835 4348 1938 4404; x_wconf 85' lang='lat' dir='ltr'>per</span> <span class='ocrx_word' id='word_1_636' title='bbox 1985 4335 2555 4393; x_wconf 87' lang='lat' dir='ltr'>commiserationem</span> <span class='ocrx_word' id='word_1_637' title='bbox 2605 4354 2673 4393; x_wconf 85' lang='lat' dir='ltr'>ex</span> <span class='ocrx_word' id='word_1_638' title='bbox 2703 4337 2988 4394; x_wconf 87' lang='lat' dir='ltr'>cbaritate</span> <span class='ocrx_word' id='word_1_639' title='bbox 3036 4343 3222 4394; x_wconf 89' lang='lat' dir='ltr'>ortam</span> <span class='ocrx_word' id='word_1_640' title='bbox 3258 4339 3498 4395; x_wconf 85' lang='lat' dir='ltr'>exitium</span> <span class='ocrx_word' id='word_1_641' title='bbox 3532 4355 3734 4397; x_wconf 87' lang='lat' dir='ltr'>eorum</span> <span class='ocrx_word' id='word_1_642' title='bbox 3771 4358 3844 4398; x_wconf 85' lang='lat' dir='ltr'>ac</span> 
     </span>
    </p>
   </div>
   <div class='ocr_carea' id='block_1_89' title="bbox 419 4425 872 4482">
    <p class='ocr_par' dir='ltr' id='par_1_89' title="bbox 419 4425 872 4482">
     <span class='ocr_line' id='line_1_89' title="bbox 419 4425 872 4482; baseline -0.002 -2"><span class='ocrx_word' id='word_1_643' title='bbox 419 4425 654 4481; x_wconf 88' lang='lat' dir='ltr'>ruinam</span> <span class='ocrx_word' id='word_1_644' title='bbox 681 4426 872 4482; x_wconf 89' lang='lat' dir='ltr'>deﬂet.</span> 
     </span>
    </p>
   </div>
   <div class='ocr_carea' id='block_1_90' title="bbox 493 4533 2062 4618">
    <p class='ocr_par' dir='ltr' id='par_1_90' title="bbox 493 4533 2062 4609">
     <span class='ocr_line' id='line_1_90' title="bbox 493 4533 2062 4609; baseline 0.004 -21"><span class='ocrx_word' id='word_1_645' title='bbox 493 4533 614 4588; x_wconf 86' lang='grc'>153.</span> <span class='ocrx_word' id='word_1_646' title='bbox 673 4535 772 4603; x_wconf 69' lang='lat' dir='ltr'>Vas,</span> <span class='ocrx_word' id='word_1_647' title='bbox 824 4533 1036 4604; x_wconf 89' lang='lat' dir='ltr'>inquit,</span> <span class='ocrx_word' id='word_1_648' title='bbox 1093 4536 1163 4588; x_wconf 85' lang='lat' dir='ltr'>iis</span> <span class='ocrx_word' id='word_1_649' title='bbox 1213 4535 1311 4605; x_wconf 85' lang='lat' dir='ltr'>qui</span> <span class='ocrx_word' id='word_1_650' title='bbox 1358 4551 1483 4592; x_wconf 85' lang='lat' dir='ltr'>cum</span> <span class='ocrx_word' id='word_1_651' title='bbox 1532 4537 1779 4609; x_wconf 77' lang='lat' dir='ltr'>cithara,</span> <span class='ocrx_word' id='word_1_652' title='bbox 1813 4543 1861 4594; x_wconf 82' lang='lat' dir='ltr'>et</span> <span class='ocrx_word' id='word_1_653' title='bbox 1894 4540 2062 4609; x_wconf 79' lang='lat' dir='ltr'>tibiis,</span> 
     </span>
    </p>
   </div>
   <div class='ocr_carea' id='block_1_91' title="bbox 2176 4533 3836 4618">
    <p class='ocr_par' dir='ltr' id='par_1_91' title="bbox 2254 4540 3836 4618">
     <span class='ocr_line' id='line_1_91' title="bbox 2254 4540 3836 4618; baseline 0.001 -23"><span class='ocrx_word' id='word_1_654' title='bbox 2254 4542 2373 4595; x_wconf 82' lang='grc'>158.</span> <span class='ocrx_word' id='word_1_655' title='bbox 2426 4540 2583 4609; x_wconf 77' lang='grc' dir='ltr'>Οὐαὶ,</span> <span class='ocrx_word' id='word_1_656' title='bbox 2647 4541 2833 4616; x_wconf 80' lang='grc' dir='ltr'>φησὶν,</span> <span class='ocrx_word' id='word_1_657' title='bbox 2893 4542 2946 4596; x_wconf 75' lang='grc' dir='ltr'>οὶ</span> <span class='ocrx_word' id='word_1_658' title='bbox 3009 4543 3142 4614; x_wconf 82' lang='grc' dir='ltr'>μετά</span> <span class='ocrx_word' id='word_1_659' title='bbox 3193 4544 3435 4618; x_wconf 80' lang='grc' dir='ltr'>κιθάρας,</span> <span class='ocrx_word' id='word_1_660' title='bbox 3477 4542 3565 4598; x_wconf 75' lang='grc' dir='ltr'>καὶ</span> <span class='ocrx_word' id='word_1_661' title='bbox 3616 4542 3836 4614; x_wconf 75' lang='grc' dir='ltr'>αὐλῶν,</span> 
     </span>
    </p>
   </div>
   <div class='ocr_carea' id='block_1_92' title="bbox 417 4623 2071 4700">
    <p class='ocr_par' dir='ltr' id='par_1_92' title="bbox 417 4623 2071 4700">
     <span class='ocr_line' id='line_1_92' title="bbox 417 4623 2071 4700; baseline 0.004 -22"><span class='ocrx_word' id='word_1_662' title='bbox 417 4627 470 4678; x_wconf 82' lang='grc' dir='ltr'>ει</span> <span class='ocrx_word' id='word_1_663' title='bbox 501 4623 800 4694; x_wconf 81' lang='lat' dir='ltr'>tympanis,</span> <span class='ocrx_word' id='word_1_664' title='bbox 833 4627 882 4678; x_wconf 87' lang='lat' dir='ltr'>et</span> <span class='ocrx_word' id='word_1_665' title='bbox 912 4625 1166 4690; x_wconf 75' lang='lat' dir='ltr'>psalmis,</span> <span class='ocrx_word' id='word_1_666' title='bbox 1201 4626 1392 4680; x_wconf 73' lang='lat' dir='ltr'>vinum</span> <span class='ocrx_word' id='word_1_667' title='bbox 1424 4626 1636 4681; x_wconf 81' lang='lat' dir='ltr'>bibunt.</span> <span class='ocrx_word' id='word_1_668' title='bbox 1674 4627 1819 4700; x_wconf 77' lang='lat' dir='ltr'>Lyra</span> <span class='ocrx_word' id='word_1_669' title='bbox 1876 4635 2071 4684; x_wconf 90' lang='lat' dir='ltr'>autem</span> 
     </span>
    </p>
   </div>
   <div class='ocr_carea' id='block_1_93' title="bbox 421 4711 2076 4786">
    <p class='ocr_par' dir='ltr' id='par_1_93' title="bbox 421 4711 2076 4786">
     <span class='ocr_line' id='line_1_93' title="bbox 421 4711 2076 4786; baseline 0.003 -18"><span class='ocrx_word' id='word_1_670' title='bbox 421 4727 562 4768; x_wconf 85' lang='lat' dir='ltr'>auro</span> <span class='ocrx_word' id='word_1_671' title='bbox 594 4715 652 4766; x_wconf 85' lang='lat' dir='ltr'>et</span> <span class='ocrx_word' id='word_1_672' title='bbox 679 4712 850 4767; x_wconf 90' lang='lat' dir='ltr'>ebore</span> <span class='ocrx_word' id='word_1_673' title='bbox 881 4716 1157 4766; x_wconf 85' lang='lat' dir='ltr'>exornata</span> <span class='ocrx_word' id='word_1_674' title='bbox 1178 4711 1237 4767; x_wconf 88' lang='lat' dir='ltr'>in</span> <span class='ocrx_word' id='word_1_675' title='bbox 1269 4711 1387 4768; x_wconf 88' lang='lat' dir='ltr'>alta</span> <span class='ocrx_word' id='word_1_676' title='bbox 1416 4714 1692 4786; x_wconf 88' lang='lat' dir='ltr'>quapiam</span> <span class='ocrx_word' id='word_1_677' title='bbox 1713 4733 1813 4770; x_wconf 87' lang='lat' dir='ltr'>ara</span> <span class='ocrx_word' id='word_1_678' title='bbox 1845 4717 1926 4772; x_wconf 85' lang='lat' dir='ltr'>uti</span> <span class='ocrx_word' id='word_1_679' title='bbox 1961 4722 2076 4773; x_wconf 88' lang='lat' dir='ltr'>sta-</span> 
     </span>
    </p>
   </div>
   <div class='ocr_carea' id='block_1_94' title="bbox 422 4803 2068 4880">
    <p class='ocr_par' dir='ltr' id='par_1_94' title="bbox 422 4803 2068 4880">
     <span class='ocr_line' id='line_1_94' title="bbox 422 4803 2068 4880; baseline 0.004 -24"><span class='ocrx_word' id='word_1_680' title='bbox 422 4805 524 4856; x_wconf 86' lang='lat' dir='ltr'>tua</span> <span class='ocrx_word' id='word_1_681' title='bbox 552 4806 816 4872; x_wconf 64' lang='lat' dir='ltr'>quaedam</span> <span class='ocrx_word' id='word_1_682' title='bbox 847 4819 913 4858; x_wconf 87' lang='lat' dir='ltr'>ac</span> <span class='ocrx_word' id='word_1_683' title='bbox 946 4803 1279 4860; x_wconf 79' lang='lat' dir='ltr'>daemonum</span> <span class='ocrx_word' id='word_1_684' title='bbox 1328 4805 1549 4860; x_wconf 90' lang='lat' dir='ltr'>idolum</span> <span class='ocrx_word' id='word_1_685' title='bbox 1584 4823 1617 4860; x_wconf 91' lang='lat' dir='ltr'>a</span> <span class='ocrx_word' id='word_1_686' title='bbox 1656 4811 1714 4862; x_wconf 91' lang='lat' dir='ltr'>te</span> <span class='ocrx_word' id='word_1_687' title='bbox 1746 4808 2068 4880; x_wconf 90' lang='lat' dir='ltr'>reponitur.</span> 
     </span>
    </p>
   </div>
   <div class='ocr_carea' id='block_1_95' title="bbox 420 4891 2074 4963">
    <p class='ocr_par' dir='ltr' id='par_1_95' title="bbox 420 4891 2074 4963">
     <span class='ocr_line' id='line_1_95' title="bbox 420 4891 2074 4963; baseline 0.004 -17"><span class='ocrx_word' id='word_1_688' title='bbox 420 4891 606 4963; x_wconf 90' lang='lat' dir='ltr'>Atque</span> <span class='ocrx_word' id='word_1_689' title='bbox 637 4891 852 4946; x_wconf 83' lang='lat' dir='ltr'>misera</span> <span class='ocrx_word' id='word_1_690' title='bbox 885 4891 1081 4963; x_wconf 89' lang='lat' dir='ltr'>aliqua</span> <span class='ocrx_word' id='word_1_691' title='bbox 1109 4891 1322 4948; x_wconf 89' lang='lat' dir='ltr'>mulier</span> <span class='ocrx_word' id='word_1_692' title='bbox 1349 4910 1482 4950; x_wconf 91' lang='lat' dir='ltr'>cum</span> <span class='ocrx_word' id='word_1_693' title='bbox 1517 4895 1742 4952; x_wconf 90' lang='lat' dir='ltr'>discere</span> <span class='ocrx_word' id='word_1_694' title='bbox 1774 4896 2074 4953; x_wconf 88' lang='lat' dir='ltr'>debuisset</span> 
     </span>
    </p>
   </div>
   <div class='ocr_carea' id='block_1_96' title="bbox 421 4980 2070 5055">
    <p class='ocr_par' dir='ltr' id='par_1_96' title="bbox 421 4980 2070 5055">
     <span class='ocr_line' id='line_1_96' title="bbox 421 4980 2070 5055; baseline 0.004 -19"><span class='ocrx_word' id='word_1_695' title='bbox 421 4996 634 5036; x_wconf 88' lang='lat' dir='ltr'>manus</span> <span class='ocrx_word' id='word_1_696' title='bbox 664 4981 736 5036; x_wconf 92' lang='lat' dir='ltr'>ad</span> <span class='ocrx_word' id='word_1_697' title='bbox 769 4980 962 5036; x_wconf 87' lang='lat' dir='ltr'>fusum</span> <span class='ocrx_word' id='word_1_698' title='bbox 1007 4983 1335 5044; x_wconf 86' lang='lat' dir='ltr'>admovere;</span> <span class='ocrx_word' id='word_1_699' title='bbox 1365 5001 1462 5040; x_wconf 84' lang='lat' dir='ltr'>cas</span> <span class='ocrx_word' id='word_1_700' title='bbox 1490 5002 1603 5055; x_wconf 83' lang='lat' dir='ltr'>prae</span> <span class='ocrx_word' id='word_1_701' title='bbox 1635 4986 1936 5042; x_wconf 86' lang='lat' dir='ltr'>servitutis</span> <span class='ocrx_word' id='word_1_702' title='bbox 1968 5002 2070 5042; x_wconf 88' lang='lat' dir='ltr'>ne-</span> 
     </span>
    </p>
   </div>
   <div class='ocr_carea' id='block_1_97' title="bbox 2183 4627 3844 4704">
    <p class='ocr_par' dir='ltr' id='par_1_97' title="bbox 2183 4627 3844 4704">
     <span class='ocr_line' id='line_1_97' title="bbox 2183 4627 3844 4704; baseline 0.004 -21"><span class='ocrx_word' id='word_1_703' title='bbox 2183 4627 2271 4683; x_wconf 84' lang='grc' dir='ltr'>καὶ</span> <span class='ocrx_word' id='word_1_704' title='bbox 2329 4631 2646 4702; x_wconf 78' lang='grc' dir='ltr'>τυμπάνων,</span> <span class='ocrx_word' id='word_1_705' title='bbox 2722 4632 2807 4685; x_wconf 83' lang='grc' dir='ltr'>καὶ</span> <span class='ocrx_word' id='word_1_706' title='bbox 2881 4628 3139 4704; x_wconf 82' lang='grc' dir='ltr'>ψαλμῶν,</span> <span class='ocrx_word' id='word_1_707' title='bbox 3196 4632 3286 4686; x_wconf 89' lang='grc' dir='ltr'>τὸν</span> <span class='ocrx_word' id='word_1_708' title='bbox 3346 4635 3491 4687; x_wconf 81' lang='grc' dir='ltr'>οἶνον</span> <span class='ocrx_word' id='word_1_709' title='bbox 3562 4633 3844 4696; x_wconf 85' lang='grc' dir='ltr'>πίνοντες.</span> 
     </span>
    </p>
   </div>
   <div class='ocr_carea' id='block_1_98' title="bbox 2185 4717 3850 4800">
    <p class='ocr_par' dir='ltr' id='par_1_98' title="bbox 2185 4717 3850 4800">
     <span class='ocr_line' id='line_1_98' title="bbox 2185 4717 3850 4800; baseline 0.004 -28"><span class='ocrx_word' id='word_1_710' title='bbox 2185 4719 2281 4772; x_wconf 75' lang='grc' dir='ltr'>Σοὶ</span> <span class='ocrx_word' id='word_1_711' title='bbox 2311 4717 2367 4772; x_wconf 76' lang='grc' dir='ltr'>δέ</span> <span class='ocrx_word' id='word_1_712' title='bbox 2399 4717 2588 4794; x_wconf 87' lang='grc' dir='ltr'>χρυσῷ</span> <span class='ocrx_word' id='word_1_713' title='bbox 2620 4720 2707 4774; x_wconf 80' lang='grc' dir='ltr'>καὶ</span> <span class='ocrx_word' id='word_1_714' title='bbox 2758 4719 3010 4798; x_wconf 68' lang='grc' dir='ltr'>ἐλέφαντι</span> <span class='ocrx_word' id='word_1_715' title='bbox 3050 4719 3452 4793; x_wconf 69' lang='grc' dir='ltr'>πεποικιλμένη</span> <span class='ocrx_word' id='word_1_716' title='bbox 3482 4723 3517 4790; x_wconf 78' lang='grc' dir='ltr'>ἡ</span> <span class='ocrx_word' id='word_1_717' title='bbox 3559 4719 3721 4794; x_wconf 88' lang='grc' dir='ltr'>λύρα,</span> <span class='ocrx_word' id='word_1_718' title='bbox 3757 4722 3850 4800; x_wconf 70' lang='grc' dir='ltr'>ἐφ’</span> 
     </span>
    </p>
   </div>
   <div class='ocr_carea' id='block_1_99' title="bbox 2187 4803 3846 4886">
    <p class='ocr_par' dir='ltr' id='par_1_99' title="bbox 2187 4803 3846 4886">
     <span class='ocr_line' id='line_1_99' title="bbox 2187 4803 3846 4886; baseline 0.004 -25"><span class='ocrx_word' id='word_1_719' title='bbox 2187 4803 2401 4880; x_wconf 83' lang='grc' dir='ltr'>ὑψηλοῦ</span> <span class='ocrx_word' id='word_1_720' title='bbox 2457 4828 2601 4870; x_wconf 89' lang='grc' dir='ltr'>τινος</span> <span class='ocrx_word' id='word_1_721' title='bbox 2656 4809 2847 4884; x_wconf 84' lang='grc' dir='ltr'>βωμοῦ</span> <span class='ocrx_word' id='word_1_722' title='bbox 2906 4806 3086 4885; x_wconf 82' lang='grc' dir='ltr'>ὥσπερ</span> <span class='ocrx_word' id='word_1_723' title='bbox 3132 4831 3184 4864; x_wconf 91' lang='grc' dir='ltr'>τι</span> <span class='ocrx_word' id='word_1_724' title='bbox 3246 4806 3466 4886; x_wconf 82' lang='grc' dir='ltr'>ἄγαλμα</span> <span class='ocrx_word' id='word_1_725' title='bbox 3520 4810 3609 4865; x_wconf 81' lang='grc' dir='ltr'>καὶ</span> <span class='ocrx_word' id='word_1_726' title='bbox 3669 4809 3846 4867; x_wconf 62' lang='grc' dir='ltr'>εἴδω-</span> 
     </span>
    </p>
   </div>
   <div class='ocr_carea' id='block_1_100' title="bbox 2183 4893 3850 4975">
    <p class='ocr_par' dir='ltr' id='par_1_100' title="bbox 2183 4893 3850 4975">
     <span class='ocr_line' id='line_1_100' title="bbox 2183 4893 3850 4975; baseline 0.004 -25"><span class='ocrx_word' id='word_1_727' title='bbox 2183 4894 2279 4951; x_wconf 83' lang='grc' dir='ltr'>λον</span> <span class='ocrx_word' id='word_1_728' title='bbox 2310 4893 2582 4970; x_wconf 86' lang='grc' dir='ltr'>δαιμόνων</span> <span class='ocrx_word' id='word_1_729' title='bbox 2634 4898 2926 4952; x_wconf 66' lang='grc' dir='ltr'>ἀνάκειται*</span> <span class='ocrx_word' id='word_1_730' title='bbox 2959 4898 3049 4953; x_wconf 88' lang='grc' dir='ltr'>καὶ</span> <span class='ocrx_word' id='word_1_731' title='bbox 3079 4900 3214 4975; x_wconf 82' lang='grc' dir='ltr'>γυνή</span> <span class='ocrx_word' id='word_1_732' title='bbox 3260 4919 3341 4961; x_wconf 86' lang='grc' dir='ltr'>τις</span> <span class='ocrx_word' id='word_1_733' title='bbox 3371 4898 3550 4968; x_wconf 84' lang='grc' dir='ltr'>ἀθλία,</span> <span class='ocrx_word' id='word_1_734' title='bbox 3585 4898 3706 4956; x_wconf 83' lang='grc' dir='ltr'>ἀῦτί</span> <span class='ocrx_word' id='word_1_735' title='bbox 3738 4907 3850 4956; x_wconf 70' lang='grc' dir='ltr'>τοῦ</span> 
     </span>
    </p>
   </div>
   <div class='ocr_carea' id='block_1_101' title="bbox 2179 4983 3850 5064">
    <p class='ocr_par' dir='ltr' id='par_1_101' title="bbox 2179 4983 3850 5064">
     <span class='ocr_line' id='line_1_101' title="bbox 2179 4983 3850 5064; baseline 0.005 -25"><span class='ocrx_word' id='word_1_736' title='bbox 2179 4984 2274 5047; x_wconf 81' lang='grc' dir='ltr'>τὰς</span> <span class='ocrx_word' id='word_1_737' title='bbox 2319 4989 2512 5060; x_wconf 83' lang='grc' dir='ltr'>χεῖρας</span> <span class='ocrx_word' id='word_1_738' title='bbox 2570 4983 2786 5062; x_wconf 82' lang='grc' dir='ltr'>ἐρείδειν</span> <span class='ocrx_word' id='word_1_739' title='bbox 2853 4986 2988 5063; x_wconf 88' lang='grc' dir='ltr'>πρὸς</span> <span class='ocrx_word' id='word_1_740' title='bbox 3041 4985 3302 5062; x_wconf 76' lang='grc' dir='ltr'>ἄτρακτον</span> <span class='ocrx_word' id='word_1_741' title='bbox 3361 4985 3712 5064; x_wconf 80' lang='grc' dir='ltr'>διδαχθῆναι,</span> <span class='ocrx_word' id='word_1_742' title='bbox 3748 4988 3850 5047; x_wconf 71' lang='grc' dir='ltr'>διὰ</span> 
     </span>
    </p>
   </div>
   <div class='ocr_carea' id='block_1_102' title="bbox 491 5175 2062 5254">
    <p class='ocr_par' dir='ltr' id='par_1_102' title="bbox 491 5175 2062 5254">
     <span class='ocr_line' id='line_1_102' title="bbox 491 5175 2062 5254; baseline 0.004 -23"><span class='ocrx_word' id='word_1_743' title='bbox 491 5177 536 5211; x_wconf 74' lang='lat'>7°</span> <span class='ocrx_word' id='word_1_744' title='bbox 565 5175 732 5232; x_wconf 85' lang='lat' dir='ltr'>Rom.</span> <span class='ocrx_word' id='word_1_745' title='bbox 760 5195 798 5248; x_wconf 86' lang='lat'>1,</span> <span class='ocrx_word' id='word_1_746' title='bbox 830 5178 920 5232; x_wconf 90' lang='grc'>20.</span> <span class='ocrx_word' id='word_1_747' title='bbox 997 5179 1042 5213; x_wconf 79' lang='grc' dir='ltr'>⁸ο</span> <span class='ocrx_word' id='word_1_748' title='bbox 1071 5177 1276 5234; x_wconf 87' lang='lat' dir='ltr'>Matth.</span> <span class='ocrx_word' id='word_1_749' title='bbox 1308 5197 1436 5246; x_wconf 84' lang='lat' dir='ltr'>xxv,</span> <span class='ocrx_word' id='word_1_750' title='bbox 1472 5181 1559 5234; x_wconf 82' lang='grc'>41.</span> <span class='ocrx_word' id='word_1_751' title='bbox 1637 5181 1678 5216; x_wconf 81' lang='grc'>⁹¹</span> <span class='ocrx_word' id='word_1_752' title='bbox 1712 5181 1849 5237; x_wconf 91' lang='lat' dir='ltr'>Luc.</span> <span class='ocrx_word' id='word_1_753' title='bbox 1885 5199 1998 5254; x_wconf 84' lang='lat' dir='ltr'>xv1,</span> <span class='ocrx_word' id='word_1_754' title='bbox 2027 5183 2062 5237; x_wconf 90' lang='lat'>2</span> 
     </span>
    </p>
   </div>
   <div class='ocr_carea' id='block_1_103' title="bbox 2176 5175 2682 5254">
    <p class='ocr_par' dir='ltr' id='par_1_103' title="bbox 2196 5183 2682 5252">
     <span class='ocr_line' id='line_1_103' title="bbox 2196 5183 2682 5252; baseline 0 -14"><span class='ocrx_word' id='word_1_755' title='bbox 2196 5183 2242 5218; x_wconf 73' lang='grc'>⁸³</span> <span class='ocrx_word' id='word_1_756' title='bbox 2275 5183 2450 5240; x_wconf 87' lang='lat' dir='ltr'>Marc.</span> <span class='ocrx_word' id='word_1_757' title='bbox 2485 5201 2564 5252; x_wconf 84' lang='lat' dir='ltr'>IX,</span> <span class='ocrx_word' id='word_1_758' title='bbox 2594 5185 2682 5240; x_wconf 75' lang='grc'>43.</span> 
     </span>
    </p>
   </div>
   <div class='ocr_carea' id='block_1_104' title="bbox 490 5375 2066 5449">
    <p class='ocr_par' dir='ltr' id='par_1_104' title="bbox 490 5375 2066 5449">
     <span class='ocr_line' id='line_1_104' title="bbox 490 5375 2066 5449; baseline 0.003 -17"><span class='ocrx_word' id='word_1_759' title='bbox 490 5377 597 5449; x_wconf 87' lang='grc'>(36)</span> <span class='ocrx_word' id='word_1_760' title='bbox 629 5379 780 5434; x_wconf 88' lang='lat' dir='ltr'>Editi</span> <span class='ocrx_word' id='word_1_761' title='bbox 829 5383 886 5434; x_wconf 89' lang='lat' dir='ltr'>et</span> <span class='ocrx_word' id='word_1_762' title='bbox 933 5383 1053 5434; x_wconf 88' lang='lat' dir='ltr'>tres</span> <span class='ocrx_word' id='word_1_763' title='bbox 1098 5395 1238 5449; x_wconf 79' lang='lat' dir='ltr'>mss.</span> <span class='ocrx_word' id='word_1_764' title='bbox 1293 5375 1542 5443; x_wconf 86' lang='grc' dir='ltr'>συνῳδία.</span> <span class='ocrx_word' id='word_1_765' title='bbox 1606 5383 1678 5436; x_wconf 82' lang='grc' dir='ltr'>Αι</span> <span class='ocrx_word' id='word_1_766' title='bbox 1735 5382 2066 5438; x_wconf 81' lang='lat' dir='ltr'>Combeﬁsii</span> 
     </span>
    </p>
   </div>
   <div class='ocr_carea' id='block_1_105' title="bbox 421 5446 1245 5520">
    <p class='ocr_par' dir='ltr' id='par_1_105' title="bbox 421 5446 1245 5520">
     <span class='ocr_line' id='line_1_105' title="bbox 421 5446 1245 5520; baseline 0.001 -17"><span class='ocrx_word' id='word_1_767' title='bbox 421 5446 597 5504; x_wconf 65' lang='lat' dir='ltr'>codex</span> <span class='ocrx_word' id='word_1_768' title='bbox 633 5451 935 5516; x_wconf 88' lang='lat' dir='ltr'>recentior,</span> <span class='ocrx_word' id='word_1_769' title='bbox 965 5446 1245 5520; x_wconf 83' lang='grc' dir='ltr'>συνῳδίαι.</span> 
     </span>
    </p>
   </div>
   <div class='ocr_carea' id='block_1_106' title="bbox 491 5517 2061 5602">
    <p class='ocr_par' dir='ltr' id='par_1_106' title="bbox 491 5517 2061 5602">
     <span class='ocr_line' id='line_1_106' title="bbox 491 5517 2061 5602; baseline 0.006 -33"><span class='ocrx_word' id='word_1_770' title='bbox 635 5527 694 5575; x_wconf 90' lang='lat' dir='ltr'>ln</span> <span class='ocrx_word' id='word_1_771' title='bbox 728 5523 888 5602; x_wconf 69' lang='lat' dir='ltr'>illis,_</span> <span class='ocrx_word' id='word_1_772' title='bbox 917 5522 1047 5602; x_wconf 44' lang='grc' dir='ltr'>ἀνθ’.</span> <span class='ocrx_word' id='word_1_773' title='bbox 1080 5517 1152 5574; x_wconf 75' lang='grc' dir='ltr'>ὧν</span> <span class='ocrx_word' id='word_1_774' title='bbox 1205 5517 1468 5602; x_wconf 53' lang='grc' dir='ltr'>αὐληταί,</span> <span class='ocrx_word' id='word_1_775' title='bbox 1491 5527 1625 5602; x_wconf 73' lang='lat' dir='ltr'>e_tc.,</span> <span class='ocrx_word' id='word_1_776' title='bbox 1660 5523 1916 5602; x_wconf 42' lang='lat' dir='ltr'>aut‘vitii</span> <span class='ocrx_word' id='word_1_777' title='bbox 1959 5523 2061 5602; x_wconf 74' lang='lat' dir='ltr'>ali-</span> 
     </span>
    </p>
   </div>
   <div class='ocr_carea' id='block_1_107' title="bbox 421 5592 2064 5718">
    <p class='ocr_par' dir='ltr' id='par_1_107' title="bbox 421 5592 2064 5718">
     <span class='ocr_line' id='line_1_107' title="bbox 421 5592 2064 5718; baseline 0.002 -72"><span class='ocrx_word' id='word_1_778' title='bbox 421 5592 560 5718; x_wconf 61' lang='lat' dir='ltr'>quid</span> <span class='ocrx_word' id='word_1_779' title='bbox 593 5592 766 5660; x_wconf 87' lang='lat' dir='ltr'>inest,</span> <span class='ocrx_word' id='word_1_780' title='bbox 797 5600 917 5660; x_wconf 89' lang='lat' dir='ltr'>aut,</span> <span class='ocrx_word' id='word_1_781' title='bbox 950 5593 1050 5664; x_wconf 91' lang='lat' dir='ltr'>qui</span> <span class='ocrx_word' id='word_1_782' title='bbox 1082 5609 1211 5649; x_wconf 88' lang='lat' dir='ltr'>mos</span> <span class='ocrx_word' id='word_1_783' title='bbox 1241 5597 1330 5648; x_wconf 89' lang='lat' dir='ltr'>est</span> <span class='ocrx_word' id='word_1_784' title='bbox 1358 5593 1681 5666; x_wconf 86' lang='lat' dir='ltr'>scriptoris.</span> <span class='ocrx_word' id='word_1_785' title='bbox 1707 5592 2064 5656; x_wconf 81' lang='grc' dir='ltr'>ἐλλειπτικῶς</span> 
     </span>
     <span class='ocr_line' id='line_1_108' title="bbox 462 5663 1818 5718; baseline 0 0"><span class='ocrx_word' id='word_1_786' title='bbox 462 5663 578 5718; x_wconf 83' lang='lat' dir='ltr'>icta</span> <span class='ocrx_word' id='word_1_787' title='bbox 609 5669 768 5718; x_wconf 89' lang='lat' dir='ltr'>sunt.</span> <span class='ocrx_word' id='word_1_788' title='bbox 800 5665 1058 5718; x_wconf 89' lang='lat' dir='ltr'>Aliorum</span> <span class='ocrx_word' id='word_1_789' title='bbox 1089 5664 1195 5718; x_wconf 90' lang='lat' dir='ltr'>erit</span> <span class='ocrx_word' id='word_1_790' title='bbox 1227 5681 1294 5718; x_wconf 88' lang='lat' dir='ltr'>ea</span> <span class='ocrx_word' id='word_1_791' title='bbox 1322 5667 1391 5718; x_wconf 92' lang='lat' dir='ltr'>de</span> <span class='ocrx_word' id='word_1_792' title='bbox 1421 5683 1482 5718; x_wconf 89' lang='lat' dir='ltr'>re</span> <span class='ocrx_word' id='word_1_793' title='bbox 1511 5666 1818 5718; x_wconf 89' lang='lat' dir='ltr'>iudicium.</span> 
     </span>
    </p>
   </div>
   <div class='ocr_carea' id='block_1_108' title="bbox 462 5663 1818 5737">
    <p class='ocr_par' dir='ltr' id='par_1_108' title="bbox 462 5663 1818 5737">
     <span class='ocr_line' id='line_1_109' title="bbox 462 5663 1818 5737; baseline 0.004 -20"><span class='ocrx_word' id='word_1_794' title='bbox 462 5663 578 5719; x_wconf 84' lang='lat' dir='ltr'>icta</span> <span class='ocrx_word' id='word_1_795' title='bbox 609 5669 768 5721; x_wconf 90' lang='lat' dir='ltr'>sunt.</span> <span class='ocrx_word' id='word_1_796' title='bbox 800 5663 1058 5722; x_wconf 73' lang='lat' dir='ltr'>Aliordm</span> <span class='ocrx_word' id='word_1_797' title='bbox 1089 5664 1195 5720; x_wconf 89' lang='lat' dir='ltr'>erit</span> <span class='ocrx_word' id='word_1_798' title='bbox 1227 5681 1294 5722; x_wconf 88' lang='lat' dir='ltr'>ea</span> <span class='ocrx_word' id='word_1_799' title='bbox 1322 5667 1391 5722; x_wconf 91' lang='lat' dir='ltr'>de</span> <span class='ocrx_word' id='word_1_800' title='bbox 1421 5663 1818 5737; x_wconf 57' lang='lat' dir='ltr'>re&#39;judicium.</span> 
     </span>
    </p>
   </div>
   <div class='ocr_carea' id='block_1_109' title="bbox 2249 5384 3853 5459">
    <p class='ocr_par' dir='ltr' id='par_1_109' title="bbox 2249 5384 3853 5459">
     <span class='ocr_line' id='line_1_110' title="bbox 2249 5384 3853 5459; baseline 0.004 -21"><span class='ocrx_word' id='word_1_801' title='bbox 2249 5384 2361 5456; x_wconf 86' lang='lat'>(38)</span> <span class='ocrx_word' id='word_1_802' title='bbox 2392 5387 2584 5442; x_wconf 80' lang='lat' dir='ltr'>Nostri</span> <span class='ocrx_word' id='word_1_803' title='bbox 2617 5403 2715 5442; x_wconf 78' lang='lat' dir='ltr'>sex</span> <span class='ocrx_word' id='word_1_804' title='bbox 2756 5403 2922 5455; x_wconf 85' lang='lat' dir='ltr'>mss.,</span> <span class='ocrx_word' id='word_1_805' title='bbox 2955 5387 2982 5439; x_wconf 85' lang='grc' dir='ltr'>ὁ</span> <span class='ocrx_word' id='word_1_806' title='bbox 3052 5385 3371 5459; x_wconf 83' lang='grc' dir='ltr'>ἀκοίμητος.</span> <span class='ocrx_word' id='word_1_807' title='bbox 3434 5389 3606 5456; x_wconf 80' lang='lat' dir='ltr'>Editi,</span> <span class='ocrx_word' id='word_1_808' title='bbox 3639 5390 3667 5443; x_wconf 90' lang='grc' dir='ltr'>ὁ</span> <span class='ocrx_word' id='word_1_809' title='bbox 3700 5390 3853 5453; x_wconf 78' lang='grc' dir='ltr'>ἀθά-</span> 
     </span>
    </p>
   </div>
   <div class='ocr_carea' id='block_1_110' title="bbox 2174 5475 3857 5602">
    <p class='ocr_par' dir='ltr' id='par_1_110' title="bbox 2174 5475 3857 5602">
     <span class='ocr_line' id='line_1_111' title="bbox 2174 5475 3857 5602; baseline 0.006 -20"><span class='ocrx_word' id='word_1_810' title='bbox 2174 5475 2807 5602; x_wconf 31' lang='grc' dir='ltr'>κ-αἷὲᾅλΕᾶίὶὶλοῗκιῶν.</span> <span class='ocrx_word' id='word_1_811' title='bbox 2858 5531 2932 5584; x_wconf 90' lang='lat' dir='ltr'>At</span> <span class='ocrx_word' id='word_1_812' title='bbox 2981 5529 3243 5602; x_wconf 89' lang='lat' dir='ltr'>quinque</span> <span class='ocrx_word' id='word_1_813' title='bbox 3295 5548 3462 5597; x_wconf 88' lang='lat' dir='ltr'>mss.,</span> <span class='ocrx_word' id='word_1_814' title='bbox 3503 5530 3672 5586; x_wconf 75' lang='grc' dir='ltr'>οἴκων</span> <span class='ocrx_word' id='word_1_815' title='bbox 3705 5539 3857 5591; x_wconf 72' lang='lat' dir='ltr'>Sta-</span> 
     </span>
    </p>
   </div>
   <div class='ocr_carea' id='block_1_111' title="bbox 2172 5598 3857 5678">
    <p class='ocr_par' dir='ltr' id='par_1_111' title="bbox 2172 5598 3857 5678">
     <span class='ocr_line' id='line_1_112' title="bbox 2172 5598 3857 5678; baseline 0.007 -25"><span class='ocrx_word' id='word_1_816' title='bbox 2172 5598 2491 5678; x_wconf 80' lang='lat' dir='ltr'>tim_iidem_</span> <span class='ocrx_word' id='word_1_817' title='bbox 2528 5600 2611 5678; x_wconf 81' lang='lat' dir='ltr'>illi</span> <span class='ocrx_word' id='word_1_818' title='bbox 2661 5602 2924 5674; x_wconf 90' lang='lat' dir='ltr'>quinque</span> <span class='ocrx_word' id='word_1_819' title='bbox 2972 5598 3162 5675; x_wconf 42' lang='lat'>11—183.;</span> <span class='ocrx_word' id='word_1_820' title='bbox 3185 5603 3301 5656; x_wconf 87' lang='grc' dir='ltr'>κατ’</span> <span class='ocrx_word' id='word_1_821' title='bbox 3359 5602 3596 5677; x_wconf 84' lang='grc' dir='ltr'>ἀγάπην.</span> <span class='ocrx_word' id='word_1_822' title='bbox 3653 5606 3857 5678; x_wconf 84' lang='lat' dir='ltr'>Editi,</span> 
     </span>
    </p>
   </div>
   <div class='ocr_carea' id='block_1_112' title="bbox 2171 5669 2702 5746">
    <p class='ocr_par' dir='ltr' id='par_1_112' title="bbox 2171 5669 2702 5746">
     <span class='ocr_line' id='line_1_113' title="bbox 2171 5669 2702 5746; baseline 0.006 -22"><span class='ocrx_word' id='word_1_823' title='bbox 2171 5669 2304 5724; x_wconf 86' lang='grc' dir='ltr'>κατᾶ</span> <span class='ocrx_word' id='word_1_824' title='bbox 2328 5670 2427 5739; x_wconf 78' lang='grc' dir='ltr'>τὴν</span> <span class='ocrx_word' id='word_1_825' title='bbox 2467 5669 2702 5746; x_wconf 60' lang='grc' dir='ltr'>ἀγάπηνξ</span> 
     </span>
    </p>
   </div>
  </div>
