4048 6220
233 379 324 439 377
1086 374 1488 436 COMMENT.
1535 375 1610 433 IN
1656 373 1928 435 lSAlAM
1975 373 2476 436 PROPHETAM.
2523 372 2692 434 CAP.
2738 371 2812 431 V.

3509 370 3628 430 378

229 509 308 575 τήν
341 505 403 561 ἐκ
430 509 535 571 τῆς
579 503 829 568 δουλείας
874 503 1112 580 ἀνάγκην
1145 504 1233 560 ἐπὶ
1266 504 1432 580 λύραν
1465 503 1714 560 ἐκτείνειν
1749 507 1860 579 (40)

1991 508 2247 564 mssitate
2276 507 2344 563 ad
2381 506 2563 578 lyram
2617 507 2922 562 admovere
2954 522 2988 560 a
3033 508 3090 560 te
3120 505 3325 560 edocta
3364 507 3491 560 est:
3524 504 3627 576 qui

229 595 477 671 ἐδιδάχθη
529 594 679 670 παρὰ
726 600 845 665 σοῦ,
907 593 1036 658 ἴσως
1094 596 1185 649 καὶ
1242 597 1464 668 μισθοὺς
1523 593 1866 664 τελέσαντος,

226 688 356 761 τάχα
384 685 477 740 καὶ
510 688 830 759 προαγωγῷ
878 705 983 739 τινι
1036 685 1246 759 γυναικὶ
1275 681 1630 760 παραδόντος,
1665 683 1700 752 ἢ
1737 685 1870 756 μετὰ

226 776 277 831 τὸ
315 779 491 828 πᾶσαν
539 773 823 847 ἀσέλγειαν
871 772 921 828 ἐν
972 778 1051 846 τῷ
1102 771 1225 845 ἰδίῳ
1278 774 1489 845 σώματι
1533 773 1867 842 ἀπαθλῆσαι,

225 869 328 926 ταῖς
359 865 513 924 νέαις
563 861 904 936 προκάθηται
948 868 1057 918 τῶν
1089 861 1296 934 ὁμοίων
1332 859 1678 924 διδάσκαλος.
1712 862 1868 936 Ὑπὶρ

225 954 283 1022 ἧς
321 973 410 1007 σοι
471 952 524 1006 ἐν
576 955 643 1025 τῇ
692 950 876 1027 ἡμέρᾳ
921 959 1021 1021 τῆς
1068 951 1295 1026 κρίσεως
1334 948 1561 1006 διπλοῦν
1605 951 1667 1006 τὸ
1700 951 1873 1006 ,κοκὸν

222 1044 604 1114 ἆπαντήσεται,
667 1043 742 1095 ὧν
818 1062 876 1096 τε
953 1041 1113 1103 αὐτὸς
1186 1039 1527 1116 ἀσελγαίνει(
1559 1085 1573 1111 ,
1630 1041 1720 1096 καὶ
1797 1038 1869 1096 ὧν

224 1129 411 1186 ἀθλίαν
441 1131 632 1207 ψυχὴν
652 1127 745 1184 διὰ
767 1134 1022 1204 πονηρῶν
1046 1127 1392 1205 διδαγμάτων
1417 1131 1525 1200 ἆπη
1537 1128 1874 1205 λλοτρίωσας

222 1225 307 1276 τοῦ
346 1225 515 1276 Θεοῦ.
568 1219 704 1276 Εἶτα
746 1218 1067 1293 παρίσταται
1125 1222 1195 1293 τῇ
1244 1217 1386 1295 λύρᾳ
1441 1219 1529 1273 καὶ
1585 1215 1872 1274 ἐπιϐάλλει

220 1315 328 1371 τοῖς
383 1309 658 1387 φθόγγοις
700 1309 797 1370 τὰς
846 1313 1055 1384 χεῖραςο
1101 1309 1304 1385 γυμνὸς
1339 1310 1368 1363 ὁ
1404 1314 1609 1383 πῆχυς,
1661 1306 1872 1371 ἀναιδὲς

217 1400 274 1455 τὸ
301 1397 631 1474 πρόσωπον.
686 1399 819 1452 Εἶτα
862 1398 1220 1472 ὶπέστραπται
1268 1398 1331 1452 τὸ
1382 1397 1680 1470 συμπόσιον
1715 1399 1873 1466 ἅπαν,

218 1488 298 1543 καὶ
332 1489 389 1542 οἱ
427 1486 709 1565 ὀφθαλμοὶ
758 1487 971 1558 πάντων
1013 1489 1128 1559 (41)
1175 1485 1286 1541 ἐκεῖ
1333 1487 1607 1561 φέρονται,
1638 1488 1728 1541 καὶ
1763 1485 1876 1541 ὦτα

222 1578 512 1646 ὑποσιωπᾷ
555 1581 675 1638 τοῖς
731 1575 1025 1651 κρούμασι,
1075 1576 1163 1630 καὶ
1221 1574 1640 1631 καταστᾶλλεται
1692 1577 1784 1648 μὶν
1846 1577 1874 1630 ὁ

222 1662 454 1742 θόρυϐος
484 1664 599 1720 ἰκεῖ
627 1667 1038 1740 κατασιγάζεται
1072 1662 1128 1720 δὲ
1159 1665 1187 1718 ὁ
1217 1662 1419 1740 γέλως,
1449 1667 1540 1721 καὶ
1578 1670 1685 1721 τῶν
1715 1665 1876 1720 ἀσελ-

220 1761 321 1832 γῶν
387 1753 659 1832 ῥημάτων
707 1757 742 1824 ἡ
798 1752 1031 1826 ἅμιλλα.
1079 1755 1518 1832 Ἐφησυχάζουσι
1563 1759 1670 1829 (42)
1728 1753 1785 1810 δὲ
1824 1757 1877 1809 οἱ

1977 598 2226 654 fortasse
2255 601 2313 652 et
2352 597 2679 652 mercedem
2738 594 3092 668 persolvisti,
3154 593 3254 664 qui
3299 593 3544 650 fortasse
3574 599 3630 650 et

1979 687 2166 758 ipsam
2199 685 2454 758 cuipiam
2483 685 2708 740 mulieri
2740 683 2882 740 lenm
2905 683 3197 739 tradidisti
3225 701 3237 739 :
3261 700 3386 754 quae
3408 688 3632 754 postea-

1981 791 2157 846 quam
2193 775 2250 829 in
2285 775 2518 846 proprio
2576 790 2815 845 corpore
2873 775 3018 828 491
3055 772 3360 828 libidinem
3393 789 3629 829 omnem

1979 864 2246 936 explevit,
2281 864 2551 935 praesidet
2596 862 2941 918 mulieribus
2991 861 3353 933 junioribus,
3386 877 3627 933 operum

1980 953 2266 1009 similium
2303 953 2603 1025 magistra.
2638 951 2898 1008 Mulieris
2920 951 3098 1022 hujus
3128 950 3314 1022 gratia
3343 950 3402 1005 in
3433 950 3632 1022 dieju-

1982 1043 2116 1098 dicii
2147 1043 2443 1115 duplicem
2477 1043 2722 1098 daturus
2753 1057 2814 1096 es
2862 1057 3127 1112 poenam:
3161 1048 3287 1095 tum
3320 1041 3478 1112 quod
3508 1040 3636 1112 ipse

1983 1131 2239 1188 lascivus
2268 1149 2352 1199 es,
2375 1137 2503 1186 tum
2525 1133 2680 1203 quod
2714 1147 2817 1204 per
2839 1131 3103 1202 improba
3133 1131 3485 1186 documenta
3506 1131 3631 1186 ani-

1984 1238 2142 1277 mam
2173 1222 2465 1276 infelicem
2491 1239 2524 1275 a
2549 1221 2666 1276 Deo
2697 1219 3062 1276 abalienasti.
3086 1220 3306 1276 Deinde
3325 1223 3479 1275 astat
3498 1236 3632 1278 cum

1983 1309 2128 1383 lyra,
2167 1311 2552 1381 admovetque
2582 1326 2795 1365 manus
2829 1309 2899 1364 ad
2945 1325 3119 1364 sonos
3163 1307 3632 1380 depromendos;

1985 1400 2181 1455 nudus
2213 1403 2453 1470 apparet
2482 1399 2738 1466 cubitus,
2769 1398 2964 1453 vultus
3004 1398 3314 1469 impudens
3343 1397 3632 1468 conspici-

1983 1493 2099 1544 tur.
2134 1490 2284 1543 Tum
2316 1489 2675 1544 convertitur
2705 1487 3032 1543 convivium
3064 1503 3273 1554 omne;
3308 1487 3637 1557 conjiciun-

1983 1582 2082 1633 tur
2109 1577 2250 1632 illuc
2282 1577 2546 1633 omnium
2580 1577 2771 1645 oculi;
2807 1593 2979 1632 aures
3024 1575 3213 1631 tacitae
3244 1591 3386 1631 sono
3418 1575 3637 1647 pulsati

1984 1666 2363 1721 instrumenti
2425 1667 2778 1737 praebentur.
2839 1670 3026 1736 Atque
3065 1670 3130 1719 ut
3183 1664 3302 1719 illic
3333 1664 3639 1720 cohibetur

1985 1755 2298 1826 tumultus,
2331 1755 2414 1811 ita
2444 1772 2676 1828 quoque
2696 1754 2842 1811 risui
2865 1772 2930 1810 ac
2951 1755 3256 1810 verborum
3288 1753 3636 1810 lascivorum

218 1845 346 1900 κατᾶ
376 1844 478 1898 τὸν
529 1842 682 1897 οἶκον
733 1842 959 1904 ἅπαντες
1001 1845 1071 1916 τῇ
1117 1839 1402 1914 ἀκολάστῳ
1438 1839 1682 1914 μέλῳδιᾳ
1708 1862 1875 1897 κατα-

1991 1844 2292 1900 certamini
2312 1844 2976 1916 silentiuminjungitur.
2997 1847 3209 1899 Favent
3221 1846 3414 1898 autem
3434 1858 3639 1898 omnes

219 1930 588 2003 κηλούμενοι,
621 1930 735 2005 οὐχ
781 1928 1042 2006 ἡσυχάζει
1076 1927 1134 1984 δὲ
1165 1928 1218 1985 ὲν
1248 1929 1316 2004 τῇ
1346 1934 1442 1984 τοῦ
1473 1936 1607 1986 Θεοῦ
1639 1929 1872 2001 Ἐκκλη-

227 2021 329 2092 σία,
380 2019 505 2076 οὔτε
560 2021 851 2090 ὑποσιωπᾷ
900 2025 1019 2081 ταῖς
1067 2022 1164 2074 τοῦ
1214 2016 1549 2094 Εὐαγγελίου
1589 2025 1812 2093 φωναῖς,
1847 2021 1876 2075 ὁ

229 2109 337 2166 tu?
376 2113 624 2165 σιωπῶν.
683 2107 950 2170 Εἰκότως.
1004 2109 1063 2165 Ὀ
1111 2106 1212 2182 γὰρ
1257 2105 1370 2162 ἐκεῖ
1416 2109 1628 2176 σιωπὴν
1661 2109 1876 2165 ἐπιτάσ-

229 2221 328 2254 σων
371 2199 601 2273 ἐχθρὸς,
653 2195 811 2259 οὗτος
863 2197 1087 2252 ἐνταῦθα
1127 2196 1217 2251 τὸν
1268 2191 1497 2272 θόρυϐον
1551 2193 1875 2257 ὑποϐάλλει.

227 2288 493 2344 Ἐλεεινὸν
525 2286 704 2360 θέαμα
753 2287 1024 2362 σώφροσιν
1071 2284 1404 2362 ὀφθαλμοῖς,
1449 2287 1525 2358 μὴ
1575 2287 1876 2362 ἱπουργεῖν

226 2383 472 2452 γυναῖκα,
497 2375 650 2431 ἀλλὰ
679 2373 946 2452 λυρῳδεῐν
971 2377 1104 2448 (43)·
1134 2376 1209 2448 μῆ
1239 2375 1340 2429 ὑπὸ
1363 2371 1504 2429 ΐδίου
1529 2377 1878 2451 γνωρίζεσθαι

227 2465 441 2540 ἀνδρὸς,
476 2464 608 2520 ἀλλ’
643 2465 747 2520 ὑπὸ
779 2464 967 2520 ἄλλων
996 2459 1730 2537 ἀποϐλέπεσθαιοπάνδημον
1766 2468 1880 2539 (44)

227 2559 374 2610 εἶναι’
415 2557 496 2628 μῆ
530 2553 752 2628 ψαλμὸν
785 2550 928 2624 ᾅδειν
975 2551 1422 2628 ἐξομολογήσεως
1452 2599 1468 2624 ,
1493 2551 1640 2609 ἀλλὰ
1667 2551 1880 2627 ᾅσματα

227 2644 448 2720 πόρνης·
517 2645 596 2715 μή
657 2643 786 2698 Θεὸν
842 2641 1125 2709 ἱκετεύειν,
1185 2640 1311 2697 ἀλλ’
1368 2639 1456 2696 ἐπὶ
1510 2643 1612 2710 τὴν
1665 2641 1877 2718 γέενναν

226 2732 546 2810 ἐπείγεσθαι’
590 2733 666 2803 μή
717 2730 793 2793 εἷς
847 2729 1171 2800 Ἐκκλησίαν
1205 2734 1340 2786 Θεοῦ
1392 2733 1504 2803 (45)
1536 2728 1876 2801 σπουδάζειν,

229 2819 368 2876 ἀλλὰ
438 2815 825 2875 συνεκϐάλλειν
899 2819 1061 2892 tauri,
1109 2819 1200 2873 καὶ
1244 2819 1478 2892 δτὲρους.
1531 2821 1736 2895 Ἐχθρά
1787 2821 1882 2893 μὲν

227 2910 389 2985 ταύτῃ
423 2908 570 2984 ἔρια·
606 2910 854 2981 στήμονα
884 2906 944 2962 δὲ
989 2909 1262 2984 κατάγειν,
1293 2908 1330 2976 ἢ
1362 2909 1563 2982 κρόκην
1615 2908 1879 2988 στρέφειν,

228 2998 345 3054 οὔτε
375 2996 550 3067 οἶδεν,
581 2994 732 3052 οῦτεε
762 2995 928 3062 θέλει.
965 2996 1232 3061 Μὲθύουσι
1284 2995 1340 3052 δὲ
1371 3002 1620 3064 συνοῦσα,
1651 2999 1718 3053 τὰ
1747 2997 1880 3054 ίκεί-

221 3109 320 3143 νων
370 3084 710 3158 ἐπιτηδεύει.
760 3088 978 3148 Ὀυτως
1034 3087 1180 3142 ἱστὸν
1235 3086 1481 3163 ἀράχνης
1544 3086 1878 3165 ὑφαίνουσιν,

227 3180 338 3232 οἷον
390 3177 447 3231 ἐν
504 3175 741 3248 στήμοσί
787 3196 897 3229 τισι
939 3181 1058 3238 ταῖς
1094 3175 1466 3248 ἐντεταμέναις
1520 3182 1734 3250 νευραῖς
1785 3178 1879 3239 τὰς

227 3272 414 3341 χεῖρας
471 3267 676 3320 ἑαυτῶν
722 3260 1120 3320 ἐπιϐάλλουσαι
1152 3308 1166 3335 ,
1208 3265 1383 3320 πυκνά
1439 3263 1495 3320 δὲ
1543 3266 1608 3320 τὸ
1662 3266 1880 3341 κέντρον

231 3356 339 3410 οἷον
394 3351 629 3428 κερκίδα
687 3351 795 3408 ὧδε
866 3353 956 3409 καὶ
1016 3351 1123 3409 ὧδε
1183 3354 1610 3427 μετακομίσασαι
1647 3400 1661 3423 ,
1714 3355 1882 3431 πέρας

225 3443 376 3499 οὒδὶν
425 3445 531 3512 τῆς
577 3441 842 3518 ἐνεργείας
893 3440 1310 3500 ἐπιδεικνύουσι.
1344 3445 1462 3500 Τῶν
1527 3445 1620 3516 μὶν
1668 3444 1770 3520 γὰρ
1795 3465 1880 3498 τε·

222 3538 368 3608 χνῶν
404 3534 532 3588 ὅσαι
583 3532 719 3588 κατὰ
756 3532 848 3586 τὸν
885 3531 999 3606 βίον
1041 3533 1344 3608 ἀναγκαῖαι,
1376 3531 1464 3586 καὶ
1495 3533 1557 3586 τὸ
1587 3529 1742 3594 τέλος
1781 3531 1879 3610 όφ-

225 3621 462 3694 θαλμοῖς
492 3621 804 3697 ἑγκείμενόν
837 3623 953 3694 (46)
995 3620 1160 3692 ἐστιν,
1194 3624 1306 3676 οἷον
1347 3625 1660 3686 τεκτονικῆς
1685 3622 1748 3676 τὸ
1783 3621 1878 3697 βά-

223 3712 372 3786 θρον,
407 3709 777 3783 οἰκοδομικῆς
810 3709 978 3779 οἰκία,
1001 3717 1339 3786 ναυπηγικῆς
1366 3712 1428 3766 τὸ
1458 3708 1679 3779 πλοῖον,
1713 3710 1876 3787 ὑφαν-

224 3808 381 3870 τικῆς
428 3801 494 3855 τὸ
551 3798 792 3873 ἱμάτιον,
845 3798 1210 3876 χαλκευτικῆς
1265 3802 1299 3869 ἡ
1363 3798 1626 3875 μάχαιρα·
1677 3803 1784 3855 τῶν
1823 3797 1880 3855 δὶ

225 3893 663 3963 ματαιοτεχνιῶν
699 3891 835 3961 (47),
871 3889 984 3943 οἷον
1017 3890 1413 3965 κιθαριστικῆς,
1446 3890 1481 3958 ἢ
1515 3888 1876 3965 ὀρχηστικῆς,

221 3979 254 4047 ἧ
309 3979 648 4049 αὐλητικῆς,
706 3978 740 4047 ἢ
800 3976 988 4033 ἄλλων
1037 3978 1324 4048 τοιούτων,
1375 3980 1728 4052 παυσαμένης
1777 3981 1876 4045 τῆς

220 4067 511 4145 ἐνεργείας,
573 4067 636 4121 τὸ
697 4065 852 4142 ἔργον
910 4069 1021 4140 (48)
1076 4066 1502 4142 συναφανίζεται*
1547 4067 1636 4122 καὶ
1689 4064 1875 4141 ὅντως,

292 4277 404 4349 (40)
433 4277 530 4333 Sic
561 4280 686 4350 Reg
757 4280 1027 4350 quartus.
1050 4276 1250 4350 illlud,
1282 4276 1370 4330 ὲπὶ
1403 4273 1570 4350 λύραν
1603 4274 1876 4350 ὲκτείνιιν,

223 4348 538 4405 οιὶηειίὶε
601 4348 744 4406 mss.
775 4354 834 4404 et
887 4348 946 4403 in
997 4349 1170 4405 editis
1222 4348 1605 4405 desideratur.
1653 4349 1768 4406 Nec
1800 4349 1880 4403 ita

223 4421 405 4476 multo
437 4424 574 4494 post
603 4438 704 4494 sex
733 4437 902 4484 mss.,
950 4425 1386 4494 npogqmqum
1435 4419 1876 4494 yuvaml.__Editi,

221 4489 539 4581 προαγωγῇ.»
595 4490 796 4562 ταύτην
854 4489 1371 4566 γυναικίξλΙΒῘ-ἀθω
1429 4489 1603 4564 editi,
1662 4491 1697 4560 ἤ
1734 4535 1746 4547 .
1805 4493 1879 4547 At

224 4580 368 4619 mss.
397 4580 458 4631 η.

287 4637 402 4705 (lit)
428 4636 521 4722 Si'c
553 4638 803 4707 uterque
834 4633 993 4690 Coll).
1025 4639 1083 4690 et
1111 4636 1246 4707 Reg.
1276 4636 1593 4691 secundus.
1625 4634 1735 4689 Alii
1760 4639 1875 4690 tres

225 4724 394 4773 11138.,
423 4725 644 4767 παντες.

435 4784 674 4837 Veteres
706 4778 821 4833 duo
850 4776 1008 4844 libri,
1040 4777 1466 4852 ὲφησυχάζουσι.
1500 4777 1713 4834 Nostra
1750 4776 1876 4834 edi-

225 4849 766 4925 ίίοεῦφησυχάζουι.

298 4911 795 5008 (43Σόο16ὀιυίἰηυε
820 4920 1049 4992 primus
1074 4920 1350 4977 secundis
1371 4921 1550 4990 curis,
1575 4915 1721 4972 ἀλλὰ
1752 4916 1878 4993 λυρ-

228 5011 392 5050 ουργε
402 5015 442 5046 ιν
453 5037 468 5050 .

297 5012 564 5135 ῗῖξίνὶιιε,
599 5062 704 5118 ὑπὸ
737 5059 921 5116 ἄλλων
953 5055 1359 5126 ἀποϐλέπεσθαι
1407 5059 1716 5134 πάνδημον,
1741 5065 1876 5129 eto.,

228 5135 321 5190 sic
356 5143 594 5193 verterat
623 5139 915 5206 interpres
943 5140 1144 5191 vetus:
1179 5136 1288 5192 Sed
1317 5136 1384 5191 ab
1423 5136 1552 5190 aliis
1593 5135 1880 5206 publicam

227 5208 534 5278 ξηρασίαν-ἱ
563 5209 928 5274 mretricem,
959 5207 1393 5278 nonrmodulari,
1427 5212 1559 5273 eto.,
1593 5223 1771 5278 quam
1797 5207 1879 5278 in-

225 5277 584 5352 terpretandi
619 5279 907 5352 rationem
928 5277 1118 5334 verbis
1146 5279 1487 5352 asperrimis
1511 5277 1882 5352 reprehendit

227 5351 635 5422 Combefisius.
672 5351 872 5421 Neque
927 5355 1120 5406 tamen
1153 5351 1286 5422 apte
1338 5351 1570 5405 videtur
1598 5351 1722 5421 ipse
1751 5366 1880 5405 ver-

229 5421 402 5489 tisse,
433 5442 564 5480 cum
598 5423 679 5479 ita
709 5422 984 5489 scripsit:
1031 5421 1262 5478 Publica
1302 5426 1570 5478 conventu
1613 5438 1723 5478 non
1752 5438 1880 5477 con-

232 5497 484 5568 fessioni:
502 5496 779 5568 psalmum
813 5494 1121 5568 demutari,
1154 5496 1249 5568 sed
1295 5494 1596 5549 cantilenas
1626 5494 1882 5568 merelri:

238 5566 376 5638 cies.
405 5566 546 5624 Nam
575 5585 644 5624 ex
671 5583 761 5638 eo,
797 5567 848 5622 si
876 5566 1114 5636 viveret,
1162 5566 1349 5622 libens
1391 5582 1708 5638 quarerem
1742 5566 1881 5637 quid

238 5637 363 5692 sibi
391 5639 520 5696 velit
544 5657 654 5696 vox
713 5637 866 5691 εἶναι·
900 5639 970 5694 ad
1005 5654 1182 5710 quam
1237 5637 1428 5710 virum
1461 5637 1883 5710 peritissimum

242 5655 363 5692 ιιοι
391 5655 520 5696 vent
544 5657 654 5696 vox
713 5655 866 5691 ειναι·
900 5655 970 5694 aa
997 5655 1182 5765 suam
1237 5655 1428 5694 Virum
1461 5655 1883 5710 permesnmum

242 5715 474 5770 constat
492 5729 608 5771 non
629 5710 970 5769 attendi-sse.
1047 5711 1212 5768 ident
1238 5709 1392 5767 enim
1423 5726 1626 5768 omnes
1647 5725 1782 5766 eum
1802 5709 1888 5766 in-

1906 4601 1954 4666 D

1985 1939 2043 1989 et
2072 1933 2457 2004 acquiescunt
2487 1933 2547 1988 in
2587 1934 2781 2004 domo,
2815 1933 3047 2004 impura
3095 1932 3206 1987 ista
3237 1931 3640 1987 modulatione

1987 2023 2231 2079 inescati
2262 2041 2273 2078 :
2309 2023 2408 2079 sed
2432 2023 2491 2077 in
2528 2021 2782 2078 Ecclesia
2803 2022 2904 2078 Dei
2937 2038 3050 2077 non
3083 2021 3640 2092 conticescit,neque

1987 2128 2184 2168 vocem
2217 2111 2514 2183 Evangelii
2546 2110 2781 2167 silentio
2821 2111 3005 2178 audit,
3042 2110 3140 2182 qui
3189 2109 3308 2165 illic
3337 2108 3488 2165 silet.
3524 2109 3639 2166 Nec

1989 2202 2228 2258 mirum.
2262 2201 2407 2258 Nam
2433 2200 2708 2256 inimicus
2734 2201 2835 2272 qui
2863 2200 2944 2255 ibi
2973 2199 3181 2256 indicit
3209 2197 3640 2267 silentium,ille

1989 2290 2311 2346 tumultum
2348 2295 2405 2345 et
2449 2290 2947 2360 perturbationem
2978 2288 3074 2344 hic
3132 2287 3414 2360 suggerit.
3445 2285 3638 2344 Castis

1990 2379 2176 2435 oculis
2205 2384 2263 2434 et
2291 2378 2524 2451 pudicis
2562 2377 2964 2450 spectaculum
2995 2382 3082 2434 est
3111 2375 3468 2443 miserabile,
3501 2392 3638 2431 mu-

1989 2467 2188 2524 lierem
2221 2472 2462 2523 texturze
2495 2485 2608 2523 non
2642 2482 2879 2540 operam
2908 2469 3069 2538 dare,
3097 2467 3194 2523 sed
3229 2467 3353 2540 lyra
3384 2481 3592 2522 canere
3620 2482 3633 2521 :

1990 2573 2104 2612 non
2139 2574 2172 2612 a
2202 2556 2435 2628 proprio
2487 2557 2611 2612 viro
2663 2558 2957 2629 cognosci,
3007 2558 3110 2612 sed
3143 2556 3352 2628 respici
3403 2556 3474 2612 ab
3506 2554 3640 2610 aliis

1989 2645 2157 2718 quasi
2189 2650 2345 2701 esset
2377 2644 2587 2700 mulier
2615 2645 2887 2717 publica;
2922 2662 3036 2700 non
3069 2645 3457 2701 confessionis
3487 2643 3642 2716 psal-

1990 2749 2153 2789 mum
2186 2734 2521 2804 decantare,
2564 2735 2663 2790 sed
2713 2734 3039 2790 cantilenas
3086 2733 3488 2802 meretricias;
3523 2748 3639 2788 non

1990 2827 2102 2878 Deo
2134 2822 2481 2893 supplicare,
2517 2823 2617 2878 sed
2671 2839 2978 2894 properare
3007 2824 3075 2877 ad
3125 2821 3488 2894 gehennam;
3522 2836 3638 2876 non

1991 2912 2062 2966 ad
2096 2910 2410 2966 Ecclesiam
2438 2911 2533 2966 Dei
2557 2911 2822 2967 studiose
2843 2912 3214 2973 contendere.
3241 2911 3340 2966 sed
3366 2925 3564 2966 secum
3586 2912 3643 2965 et

1989 2999 2136 3056 alios
2167 3001 2302 3056 inde
2333 3017 2594 3055 avocare.
2641 3001 2787 3056 Huic
2829 3001 3028 3056 invisae
3087 3004 3227 3056 sunt
3267 2999 3436 3065 lanea,
3469 3002 3642 3070 atque

1991 3091 2277 3145 deducere
2325 3094 2577 3157 stamen,
2630 3095 2732 3144 aut
2780 3095 3028 3145 tramam
3087 3090 3424 3161 intorquere
3455 3103 3641 3158 neque

1993 3179 2124 3247 scit,
2157 3195 2347 3251 neque
2375 3177 2518 3234 vult.
2543 3179 2654 3234 Sed
2678 3179 2817 3251 quia
2838 3183 3103 3235 versatur
3123 3194 3252 3234 cum
3278 3176 3635 3244 temulentis,

1992 3283 2196 3325 eorum
2227 3267 2424 3324 studia
2454 3272 2728 3324 sectatur.
2762 3268 3086 3325 Ordiuntur
3131 3268 3332 3336 utique
3362 3281 3636 3322 araneam

1991 3357 2190 3413 telam.
2211 3357 2501 3414 Nimirum
2526 3358 2598 3412 ad
2618 3358 2762 3413 ﬁdes
2783 3362 3087 3413 contentas
3105 3357 3272 3428 quasi
3291 3356 3361 3411 ad
3386 3355 3641 3412 stamina

1990 3447 2254 3517 quaedam
2290 3463 2502 3502 manus
2535 3463 2674 3502 suas
2701 3448 3102 3512 admoventes,
3129 3443 3343 3517 etlyrze
3374 3447 3639 3500 centrum

1989 3536 2156 3606 quasi
2193 3535 2421 3592 radium
2444 3536 2558 3592 huc
2588 3541 2645 3592 et
2674 3536 2811 3592 illuc
2833 3537 3032 3592 crebro
3064 3532 3640 3600 transferentes,nul-

1991 3625 2111 3679 lum
2145 3625 2338 3697 operis
2368 3624 2459 3680 sui
2494 3626 2666 3681 linem
2703 3627 3038 3681 ostendunt.
3069 3625 3284 3679 Verum
3317 3623 3472 3679 enim
3503 3637 3636 3678 vero

1988 3712 2122 3768 finis
2153 3714 2367 3769 artium
2398 3730 2889 3786 quarumcunque
2912 3731 3038 3786 qua:
3063 3729 3129 3769 ae
3154 3713 3306 3768 hanc
3325 3711 3502 3768 vitam
3528 3715 3640 3767 tra-

1989 3803 2316 3858 ducendam
2344 3806 2480 3858 sunt
2505 3803 2866 3873 necessariae,
2889 3802 3076 3858 oculis
3109 3801 3466 3873 spectandus
3491 3799 3638 3870 obji-

1988 3891 2160 3947 citur.
2194 3891 2456 3962 Exempli
2489 3908 2667 3947 causa
2697 3891 2841 3948 artis
2871 3890 3132 3964 lignariae
3162 3889 3296 3945 finis
3326 3903 3636 3945 scamnum

1987 3983 2115 4036 est:
2150 3979 2655 4046 architectonicas,
2701 3982 2949 4036 domus:
2985 3981 3127 4034 artis
3173 3977 3635 4049 compingenda-

1987 4085 2112 4125 rum
2147 4069 2407 4138 navium,
2445 4070 2742 4141 navigium
2782 4069 3016 4141 ipsum:
3068 4066 3352 4135 textrina,
3385 4066 3566 4121 vestis
3619 4081 3632 4120 :

1987 4280 2371 4350 terpretatum
2401 4293 2548 4350 esse,
2585 4278 2752 4350 quasi
2773 4275 3118 4350 simpliciter
3147 4274 3424 4350 scriptum
3456 4275 3632 4350 esset,

1987 4345 2273 4420 πάνδημον
2313 4349 2386 4420 μὴ
2434 4345 2678 4422 ψαλμόν.
2727 4349 2872 4422 Hine
2893 4345 3070 4422 facile
3118 4345 3633 4422 mihipersuaderi

1991 4417 2206 4504 posset,
2240 4417 2388 4504 duas
2419 4417 2526 4477 has
2554 4417 2746 4504 voces,
2788 4417 3074 4504 πάνδημον
3125 4419 3277 4504 εἶναι’,
3310 4434 3340 4472 e
3372 4417 3634 4488 margine

1989 4490 2047 4547 in
2079 4499 2300 4548 textum
2361 4494 2690 4565 irrepsisse,
2751 4509 2855 4547 nec
2911 4490 3066 4565 aliud
3128 4490 3447 4565 quidquam
3481 4505 3632 4565 esse,

1989 4581 2165 4636 quam
2199 4559 2562 4636 superiorum
2597 4566 2902 4619 verborum
2937 4559 3412 4619 declarationem.
3450 4559 3637 4636 Libra-

1988 4631 2056 4692 rii
2092 4631 2291 4706 igitur,
2324 4637 2493 4707 quasi
2525 4641 2862 4692 vererentur
2891 4653 2964 4692 ne
3009 4636 3458 4707 quisua‘mente
3486 4631 3633 4686 scri-

2027 4703 2169 4763 tori's
2200 4703 2552 4778 deflecteret,
2583 4709 2836 4778 primum
2881 4707 2939 4761 in
2973 4703 3075 4762 ora
3125 4703 3255 4778 libri
3287 4703 3637 4778 addiderant

1985 4773 2156 4850 illud,
2187 4775 2472 4850 πάνδημον
2495 4773 2647 4846 εῖνάι,
2680 4784 2744 4834 ut
2767 4783 3101 4834 moneretur
3126 4777 3306 4850 lector
3329 4773 3636 4850 mulierem

1988 4845 2217 4924 quze'ab
2250 4845 2384 4906 aliis.
2424 4845 2807 4924 conspicitur,
2846 4851 3062 4924 ipsam_
3097 4849 3500 4924 cujuscunque
3531 4845 3638 4901 viri

1987 4919 2292 4979 mulierem
2317 4939 2465 4991 esse,
2485 4928 2540 4978 et
2559 4919 2628 4979 ad
2654 4922 2851 4978 omnia
2871 4919 3315 4995 paratissimam
3342 4937 3355 4975 :
3377 4919 3478 4974 sed
3503 4935 3638 4991 pos-

2088 5000 2183 5050 tea
2217 4995 2475 5066 idipsum
2509 4995 2802 5052 contextui
2835 4998 3106 5066 assutum
3139 4997 3246 5066 estr

2059 5056 2171 5138 (45)
2205 5056 2439 5122 Veteres
2472 5067 2692 5139 aliquot
2719 5066 2876 5136 libri,
2927 5065 3012 5119 ὶπὶ
3044 5065 3144 5133 τήν
3191 5061 3400 5138 γὲενναν
3428 5057 3638 5132 πάμπε-

2023 5127 2202 5192 θαι...,
2224 5136 2446 5192 Κυρίου.

1990 5147 2202 5193 συαι...,
2224 5147 2446 5194 Κυρίου.

2061 5157 2603 5280 ῗ4ξέίέἔξόῖιΐωεε.
2637 5208 2926 5276 nonnulli,
2978 5207 3287 5280 ἐκκείμενον
3335 5222 3438 5278 pro
3469 5201 3637 5276 ἐγκεί-

2037 5299 2174 5335 ενον.

2037 5299 2174 5335 ενον.

1994 5299 2033 5350 μ
2064 5354 2175 5423 (47)
2207 5351 2379 5421 Editi,
2417 5354 2867 5425 ματαιοτεχνιῶν.
2904 5355 2975 5407 At
3007 5367 3174 5421 mss.,
3204 5344 3632 5421 ματαιοτέχνων,

1992 5442 2106 5480 non
2141 5428 2311 5480 recte.

2204 5495 2442 5574 A_ntiqui
2468 5494 2745 5574 treslibri
2759 5495 2831 5574 τὸΔ
2845 5491 3000 5567 ἔργον
3015 5491 3242 5574 τούτων,
3257 5492 3634 5574 ,(ιονιιηιὶρριιε.

1990 5563 2196 5624 Statim
2222 5563 2677 5636 Reg—secundus
2697 5572 2755 5622 et
2778 5563 3022 5636 uterque
3046 5563 3432 5628 Colbertinus,
3457 5563 3632 5612 ἄνεσιν

1990 5585 2196 5624 statim
2225 5585 2302 5624 ltc
2349 5611 2360 5622 .
2386 5585 2677 5624 secundus
2697 5585 2755 5622 et
2778 5585 3022 5636 Uterque
3046 5587 3047 5596 ι

1990 5645 2215 5717 τρυφῆς.
2252 5585 2365 5695 Aizii
2397 5656 2539 5696 mss.
2573 5644 2630 5696 et
2657 5639 2821 5706 editi,
2849 5638 3047 5710 τρυφῇ.
