4118 6220
416 365 532 426 379

1348 365 1739 428 APPENDIX
1782 367 2103 429 OPERUM
2151 368 2219 428 S.
2263 365 2543 426 BASlLll
2590 364 2863 428 MAGNI.

3700 363 3827 426 380

419 497 560 553 artis
592 496 866 567 ferrariae,
919 497 1171 569 gladius.
1232 498 1343 554 Sed
1377 500 1531 570 quod
1564 500 1634 555 ad
1695 503 1848 556 artes
1880 516 2052 556 vanas

2168 498 2303 552 κατά
2325 497 2423 566 τήν
2470 495 2842 564 ἀποπολικὴν
2893 497 3101 573 φωνὴν,
3145 497 3208 551 τὸ
3254 494 3412 558 τὲλος
3457 497 3665 551 τούτων
3719 496 3822 551 ἀπ-

418 585 689 657 pertinet,
721 602 823 641 ceu
857 592 995 641 sunt
1026 591 1178 642 artes
1210 587 1492 643 citharam
1528 587 1917 660 pulsandi,vel
1948 589 2058 644 sal-

416 674 600 741 tandi,
633 675 721 730 vel
754 675 896 730 tibia
926 677 1194 741 canendi,
1228 677 1311 731 vel
1345 677 1592 732 altarum
1622 677 1678 731 id
1711 693 1933 749 genus:
1969 679 2061 732 de-

417 763 646 820 sinente
691 763 820 836 ipsa
875 763 1122 835 actione,
1173 764 1349 820 simul
1400 782 1628 836 quoque
1685 783 1832 837 opus
1861 766 2058 837 ipsum

415 853 601 924 perit:
635 859 690 909 et
734 870 885 919 vero,
924 856 1092 923 juxta
1150 855 1530 925 apostolicam
1592 871 1810 922 vocem,
1847 855 2057 910 borum

413 941 548 997 finis
578 947 665 998 est
696 943 968 998 interitus
988 944 1050 996 ⁸³.
1087 942 1214 998 Haec
1245 961 1278 998 a
1310 943 1477 998 nobis
1510 943 1836 999 necessario
1867 942 2059 1012 inqui-

412 1031 525 1087 sita
545 1035 684 1087 sunt
706 1032 982 1086 adversus
1003 1047 1122 1099 eos,
1145 1031 1328 1103 quiob
1349 1033 1664 1105 plurimam
1687 1033 1745 1088 in
1769 1031 2060 1104 voluptate

411 1121 692 1192 capienda
723 1120 1026 1176 mollitiem
1081 1138 1182 1194 per
1211 1139 1458 1192 comam,
1518 1122 1636 1178 sive
1667 1122 2052 1192 temporibus,

411 1213 475 1263 ut
504 1213 731 1279 putant,
765 1209 1075 1266 hilaritatis
1107 1215 1163 1265 et
1191 1211 1420 1277 laetitias,
1469 1212 1803 1283 nuptiarum
1839 1209 2060 1266 scilicet

410 1298 563 1354 492
595 1303 696 1353 aut
739 1299 1068 1370 epularum,
1129 1301 1304 1355 tibias
1335 1301 1710 1372 citharaeque
1764 1304 1821 1354 et
1851 1300 2058 1354 choros

407 1386 819 1443 adhibentzut
848 1405 982 1443 cum
1032 1409 1063 1443 a
1115 1389 1313 1444 divina
1360 1389 1662 1461 Scriptura
1711 1387 2056 1461 reprehendi

403 1475 840 1548 vituperarique
898 1477 1186 1547 ejusmodi
1249 1477 1444 1533 studia
1506 1477 1800 1545 noveritis,
1849 1476 2057 1530 timore

2167 587 2356 643 ώΑεια.
2391 588 2575 642 Ταῦτα
2602 589 2716 646 τοῖς
2749 581 2839 639 διὰ
2866 583 3085 654 πολλὴν
3141 583 3317 640 ἄνεσιν
3346 591 3553 662 τρυφῆς
3582 586 3818 660 ’χρωμὲ-

2168 695 2282 736 νοις
2326 673 2469 748 παρὶ
2513 671 2753 741 δεῖπνον,
2793 671 2916 743 ἤτοι
2963 677 3231 748 συνεχῶς,
3331 671 3383 728 ἰν
3425 676 3508 736 οἷς
3562 671 3819 747 ὑπολαμ-

2169 759 2390 817 ϐάνουσι
2444 769 2657 838 καιροῖς
2708 762 3042 840 εὐφροσύνης
3099 765 3326 838 γάμων,
3385 761 3420 832 ἢ
3480 762 3767 817 ἑστιάσεων
3801 806 3818 831 ,

2168 845 2360 916 αὐλοῖς
2387 851 2475 906 καὶ
2504 853 2777 927 κιθάραις,
2807 852 2892 905 καὶ
2947 856 3164 925 χοροῖς,
3206 850 3513 926 ἀναγκαίως
3560 855 3695 924 ἡμῖν
3744 851 3824 924 EE-

2168 945 2393 1012 ἠτασται
2428 945 2560 1014 (49),
2578 939 2670 995 ⁰ίνα
2689 942 2786 1009 τὴν
2813 939 2872 994 ἐκ
2891 944 2987 994 τοῦ
3019 940 3166 994 θείου
3189 939 3360 1015 λόγου
3383 935 3652 1010 διαϐολὴν
3679 941 3823 1016 πρὸς

2169 1031 2262 1093 τὰς
2310 1032 2562 1092 τοιαύτας
2603 1027 2973 1100 ἐπιτηδεύσεις
3024 1029 3458 1102 καταμαθόντες,
3505 1025 3659 1107 φόϐῳ
3705 1034 3819 1084 τῶν

2168 1118 2552 1193 ἐπηρτημένων
2613 1115 2822 1187 δεινῶν,
2881 1117 3020 1193 πρὸς
3077 1118 3206 1192 γοῦν
3254 1119 3318 1172 τὸ
3363 1117 3553 1192 ἑφεξῆς
3581 1119 3681 1187 τήν
3715 1139 3824 1172 πο-

2167 1209 2336 1282 νηρᾶιν
2365 1212 2462 1262 τοῦ
2498 1206 2617 1282 βίου
2649 1206 2800 1280 ὑμῶν
2856 1209 3138 1278 συνήθειαν
3182 1206 3256 1268 εἷς
3293 1208 3355 1261 τὸ
3407 1205 3621 1282 βὲλτιον
3659 1227 3831 1279 μετα-

2169 1291 2376 1366 ϐάλητε
2407 1298 2536 1368 (50).
2570 1298 2720 1352 Ἐστι
2767 1293 2824 1350 δὲ
2874 1295 2962 1349 καὶ
3016 1295 3114 1364 τήν
3169 1293 3408 1350 διάνοιαν
3463 1299 3571 1349 τῶν
3623 1294 3813 1370 ῥητῶν

2166 1391 2282 1449 καθ’
2313 1385 2492 1458 ἐτὲραν
2543 1381 2777 1460 ἐκδοχὴν
2834 1383 3240 1460 βασανίσαντας,
3273 1385 3447 1459 εὑρεῖν
3492 1404 3543 1438 τι
3574 1384 3664 1439 καὶ
3695 1381 3812 1439 ἓτε-

2169 1493 2260 1548 ρον
2291 1471 2537 1550 ὡφελοῦν
2569 1475 2729 1546 ἡμῶν
2760 1473 2855 1534 τὰς
2887 1473 3088 1548 ψυχάς.

405 1565 877 1636 impendentium
911 1566 1222 1636 malorum,
1259 1572 1410 1622 certe
1438 1566 1497 1621 in
1532 1570 1828 1638 posterum
1860 1565 2211 1636 ﬂagitiosam
2243 1564 2371 1618 vitea
2430 1577 2636 1619 vestras
2691 1564 3176 1620 consuetudinem
3235 1564 3295 1618 in
3329 1563 3542 1620 melius
3573 1580 3824 1637 permu-

408 1655 564 1710 tetis.
598 1655 704 1709 Sed
738 1655 786 1708 si
815 1672 1022 1711 rursus
1051 1656 1359 1711 verborum
1394 1655 1605 1712 horum
1654 1654 2104 1728 intelligentiam
2150 1654 2320 1726 juxta
2350 1652 2526 1708 aliam
2557 1653 2957 1725 aceeptionem
3016 1652 3326 1726 diligenter
3355 1658 3819 1726 perscrutsmur,

407 1743 583 1799 etiam
615 1743 773 1798 aliud
808 1744 1106 1814 quidpiam
1139 1745 1700 1816 animabusfnostris
1731 1750 2129 1817 Opportunum
2163 1747 2220 1800 et
2249 1741 2392 1798 utile
2425 1743 2686 1798 invenire
2718 1759 3064 1814 possumus.

483 1833 602 1887 159.
638 1832 744 1900 Vae,
778 1832 992 1903 inquit,
1043 1835 1114 1888 iis
1145 1834 1240 1904 qui
1269 1851 1428 1890 mane
1455 1844 1711 1905 surgunt,
1741 1843 1794 1890 et
1823 1835 2055 1889 siceram

2238 1829 2540 1897 159.Ούαὶ,
2601 1830 2766 1907 φησὶν
2802 1872 2816 1898 ,
2874 1831 2926 1884 οἱ
2980 1829 3315 1905 ἐγειρόμενοι
3377 1832 3439 1885 τὸ
3495 1831 3661 1904 πρωὶ,
3721 1832 3819 1885 καὶ

403 1929 821 1993 persequuntur.
854 1921 970 1976 Hoc
1000 1926 1109 1991 est,
1140 1940 1217 1977 vna
1240 1922 1332 1989 iis,
1359 1924 1458 1994 qui
1493 1923 1668 1979 simul
1691 1927 1864 1994 atque
1888 1923 2050 1994 igno-

2168 1920 2223 1975 τὸ
2284 1920 2470 1994 σίκερα
2529 1917 2836 1980 διώκοντες.
2898 1917 3208 1988 Τουτέστιν,
3235 1921 3287 1973 οἱ
3319 1920 3432 1992 ἅμα
3461 1924 3542 1992 τῷ
3581 1918 3821 1989 λυθῆναι

405 2009 606 2065 rantiae
637 2011 885 2065 tenebrae
917 2010 1348 2067 introductione
1405 2013 1756 2085 cognitionis
1804 2012 1902 2067 Dei
1933 2011 2051 2066 dis-

407 2116 591 2155 cussae
623 2104 781 2168 sunt,
834 2104 1029 2156 exorto
1083 2100 1228 2172 ipsis
1273 2101 1404 2157 Sole
1447 2102 1693 2172 justitia:
1723 2118 1856 2158 cum
1890 2100 2053 2173 prius

405 2188 676 2246 scelerati
708 2193 765 2244 et
795 2189 960 2262 impii
989 2194 1204 2259 essent,
1252 2191 1372 2262 jam
1421 2191 1502 2263 pii
1560 2209 1625 2246 ae
1656 2191 1909 2263 religiosi
1946 2208 2052 2247 au-

409 2277 602 2344 diunt,
634 2280 893 2348 atquein
923 2279 1023 2334 Dei
1055 2278 1373 2335 Eeelesiam
1421 2280 1830 2349 admittuntur,
1877 2284 1934 2336 et
1963 2284 2052 2336 ta-

407 2382 545 2424 men
581 2367 663 2422 sic
691 2368 884 2423 carnis
917 2367 1072 2423 vitiis
1104 2369 1440 2438 vincuntur,
1473 2375 1536 2425 ut
1587 2371 1657 2425 de
1689 2374 1881 2426 mente
1911 2371 2052 2440 deji-

413 2455 645 2511 cientur
673 2473 740 2512 ac
770 2457 1188 2526 deturbentur;
1226 2459 1461 2530 perinde
1491 2467 1663 2532 atque
1694 2459 1774 2514 illi
1806 2459 1905 2530 qui
1939 2477 2052 2532 prae

410 2545 688 2602 ebrietate
714 2551 854 2601 sunt
882 2547 1175 2602 obcaecati.
1207 2548 1374 2603 Tales
1405 2549 1585 2621 igitur
1606 2549 1850 2604 miseros
1882 2549 2056 2605 deﬂet

411 2634 730 2706 Scriptura,
765 2635 860 2706 qui
913 2641 1045 2708 post
1092 2642 1386 2708 acceptam
1445 2639 1539 2693 Dei
1571 2638 1897 2694 doctrinam
1927 2655 2054 2694 sese

410 2721 723 2778 libidinum
756 2740 821 2778 ac
859 2725 1251 2796 cupiditatum
1301 2726 1567 2782 ebrietati
1609 2727 1852 2782 dedunt.
1885 2728 2055 2784 Novit

411 2810 706 2883 siquidem
732 2828 860 2868 esse
908 2812 1007 2884 qui
1056 2829 1118 2868 se
1149 2814 1372 2887 absque
1414 2815 1546 2872 vino
1592 2815 1932 2888 plerumque
1963 2817 2050 2872 in-

412 2899 800 2969 ebrient,eum
821 2901 1012 2958 dicat:
1053 2903 1140 2960 Va:
1167 2906 1265 2974 qui
1289 2904 1439 2960 ebrii
1464 2906 1591 2961 esti:
1610 2907 1809 2978 absque
1837 2909 1966 2962 vino
1985 2907 2051 2964 ⁸⁸.

409 2988 916 3053 Quemadmodum
943 2991 1097 3047 enim
1125 2992 1324 3048 vinum
1352 2993 1502 3049 ultra
1522 2995 1928 3051 necessitatem
1954 3001 2055 3051 aut

410 3077 668 3135 bibentis
700 3079 1033 3136 facultatem
1064 3081 1343 3138 haustum
1376 3084 1587 3139 rationi
1637 3085 1940 3140 consuevit
1970 3091 2050 3141 te-

407 3167 619 3223 nebras
649 3168 974 3224 obducere:
1009 3169 1092 3225 sic
1120 3171 1294 3226 etiam
1327 3172 1661 3228 aii'ectiones
1689 3174 2052 3245 cupiditatis,

406 3259 507 3310 aut
536 3256 789 3311 tristitiae
819 3261 922 3312 aut
947 3258 1066 3324 iraa,
1113 3276 1245 3314 cum
1287 3259 1342 3313 in
1395 3267 1648 3316 mentem
1681 3263 2048 3320 dominatum

405 3343 741 3413 habuerint,
775 3361 873 3401 eos
931 3346 1027 3416 qui
1087 3346 1234 3419 ipsis
1291 3354 1431 3405 sunt
1487 3348 1742 3422 obnoxii,
1792 3352 2056 3409 efﬁciunt

408 3437 691 3489 amentes.
725 3433 919 3490 Miseri
947 3434 1144 3507 igitur,
1178 3437 1296 3493 imo
1328 3442 1416 3493 ter
1446 3439 1664 3508 miseri,
1715 3441 1810 3512 qui
1844 3458 1906 3497 se
1938 3458 2053 3497 non

407 3519 602 3577 solum
627 3520 864 3578 ineunte
892 3523 1008 3578 vita
1029 3523 1089 3579 in
1111 3525 1510 3582 temulentiam
1539 3528 1919 3601 immergunt,
1952 3532 2054 3586 sed

409 3609 587 3666 etiam
617 3616 957 3684 exspectant
996 3629 1338 3686 vesperam;
1384 3616 1440 3670 id
1473 3622 1581 3687 est,
1617 3619 1715 3689 qui
1766 3620 1836 3675 ad
1872 3637 2056 3692 usque

406 3699 537 3754 vita)
569 3717 838 3756 occasum
874 3702 1294 3774 cupiditatibus
1345 3722 1407 3760 ac
1439 3705 1596 3762 vitiis
1645 3725 1707 3763 se
1745 3709 1857 3780 ipsi
1889 3711 2052 3766 addi-

409 3794 570 3844 cunt.
603 3791 673 3844 Et
701 3791 936 3859 quidem
971 3807 1086 3846 uno
1111 3793 1280 3848 modo
1301 3793 1614 3850 illustratio
1645 3814 1711 3852 ex
1733 3797 1834 3853 Dei
1855 3799 2049 3872 cogni-

407 3877 564 3934 tione
594 3879 652 3934 in
685 3879 962 3935 cordibus
988 3897 1292 3950 enascens,
1323 3899 1486 3940 mane
1514 3891 1788 3942 vocatur:
1812 3889 1913 3943 sed
1947 3888 2056 3944 hoc

405 3967 563 4024 idem
596 3968 661 4023 ﬁt
693 3968 806 4026 alio
841 3970 1033 4036 modo,
1060 3971 1225 4042 juxta
1271 3988 1470 4043 quem,
1500 3975 1820 4032 constituta
1843 3979 1967 4048 jam
2001 3982 2058 4034 et

408 4059 664 4130 perfecta
681 4059 925 4128 ratione,
945 4060 1122 4115 vitam
1139 4061 1482 4117 rationalem
1501 4066 2054 4136 auspicamur.Nam

408 4149 625 4203 utrovis
648 4148 818 4202 modo
871 4147 984 4202 vita
1026 4149 1186 4219 prior
1228 4149 1412 4221 caligo
1449 4156 1624 4223 atque
1647 4170 1758 4208 nox
1787 4159 1908 4221 est;
1935 4155 2054 4211 sive

407 4238 670 4291 nondum
701 4235 972 4291 absoluta
1017 4239 1384 4310 perfectaque
1438 4242 1581 4296 ratio
1613 4242 1710 4312 sit,
1769 4248 1826 4298 et
1856 4243 2055 4300 anima

405 4323 688 4379 immersa
717 4325 794 4379 sit
825 4325 882 4378 in
910 4326 1228 4394 dementia,
1250 4327 1368 4382 sive
1389 4345 1556 4384 mens
1585 4329 1658 4383 ob
1691 4348 1858 4386 suam
1881 4349 1915 4388 a
1941 4337 2054 4390 Deo

406 4409 891 4468 abalienationem
955 4415 1259 4484 profundis
1317 4416 1574 4473 tenebris
1629 4419 1817 4476 velata
1865 4421 1943 4477 sit
1998 4428 2055 4480 et

405 4498 654 4554 obtecta.

476 4588 596 4642 160.
632 4587 834 4660 Itaque
868 4590 955 4646 Va:
984 4592 1074 4658 iis,
1107 4592 1206 4662 qui
1231 4601 1470 4664 surgunt
1516 4613 1696 4666 mane,
1731 4598 1786 4654 id
1831 4605 1919 4656 est
1950 4603 2050 4674 qui

2161 2009 2348 2070 αὐτοῖς
2376 2008 2468 2063 τὸν
2498 2007 2556 2062 ἐκ
2587 2015 2684 2078 τῆς
2734 2007 2956 2082 ἀγνοίας
2985 2009 3174 2064 σκότον
3211 2006 3300 2063 διὰ
3339 2015 3438 2078 τῆς
3467 2007 3542 2071 εἷς
3571 2010 3819 2083 θεογνω-

2162 2098 2277 2152 σίαν
2333 2095 2657 2172 εἰσαγωγῆς,
2707 2095 3084 2160 ἀνατείλαντος
3133 2096 3318 2160 αὐτοῖς
3363 2101 3458 2151 τοῦ
3510 2096 3674 2166 ἡλίου
3705 2105 3814 2169 τῆς

2163 2183 2530 2256 δικαιοσύνης,
2591 2185 2706 2240 ἀντὶ
2761 2190 2870 2240 τῶν
2928 2185 3204 2262 προτέρων
3265 2181 3483 2259 ἀνὸμων
3537 2188 3626 2241 καὶ
3685 2186 3815 2242 ἀσε-

2162 2269 2271 2328 ϐῶν
2305 2277 2416 2346 (51)
2474 2269 2740 2338 θεοσεϐεῖς
2795 2275 3248 2349 χρηματίσαντες,
3279 2275 3369 2329 καὶ
3417 2274 3815 2352 ἐγκαταλεγεν-

2159 2383 2245 2424 τες
2277 2361 2574 2434 Ἐκκλησία
2605 2367 2756 2417 Θεοῦ’
2793 2361 2964 2426 οὕτως
3017 2363 3119 2418 ὑπὸ
3166 2368 3273 2418 τῶν
3324 2369 3508 2428 παθῶν
3540 2371 3639 2434 τῆς
3676 2385 3813 2439 σαρ-

2161 2451 2254 2515 κὸς
2313 2451 2827 2525 κατακρατούμενοι,
2863 2451 3000 2507 ὥστε
3029 2453 3330 2524 ἐξίστασθαι
3360 2458 3465 2508 τῶν
3519 2459 3813 2528 λογισμῶν

2162 2541 2250 2596 καὶ
2299 2540 2685 2616 ἀνατρέπεσθαι
2725 2541 2896 2611 ἐξίσου
2953 2546 3068 2604 τοῖς
3131 2541 3235 2596 ὑπὸ
3278 2544 3448 2616 μέθης
3491 2543 3817 2618 ἐσκοτισμὲ-

2161 2652 2297 2693 νοις.
2329 2631 2460 2692 Τοὺς
2493 2632 2584 2685 οὖν
2613 2630 2898 2692 τοιούτους
2929 2632 2957 2685 6
2989 2629 3155 2706 λόγος
3182 2629 3476 2703 ταλανίζει,
3510 2632 3637 2695 τοὺς
3675 2635 3817 2706 μετὰ

2159 2723 2258 2790 τὴν
2291 2725 2386 2775 τοῦ
2439 2723 2572 2775 Θεοῦ
2621 2717 2974 2776 διδασκαλίαν
3029 2717 3367 2783 ἐπιδιδόντας
3417 2721 3635 2784 ἐαυτοὺς
3670 2724 3815 2797 μέθῃ

2161 2812 2368 2867 παθῶν.
2403 2807 2531 2867 Οἵδε
2576 2808 2676 2885 γὰρ
2731 2809 3027 2882 μεθύοντας
3068 2809 3157 2864 καὶ
3188 2809 3365 2886 χωρὶς
3415 2808 3563 2866 οἴνου
3595 2811 3817 2866 πολλά-

2161 2921 2265 2969 κις,
2299 2901 2326 2954 6
2377 2897 2574 2974 λέγων·
2624 2898 2761 2955 Οὐαὶ
2818 2900 2869 2952 ol
2931 2899 3214 2972 μεθύοντες
3275 2897 3395 2954 ἄνευ
3453 2896 3625 2956 οἷ’νου.
3681 2903 3816 2956 Ὠσ-

2161 3009 2261 3065 περ
2293 3009 2395 3064 γαρ
2427 2989 2455 3043 6
2487 2987 2629 3052 οἶνος
2671 2984 2876 3042 πλείων
2922 2995 3020 3058 τῆς
3069 2988 3262 3064 χρείας
3296 2989 3329 3057 ἦ
3374 2995 3472 3058 τῆς
3521 2986 3815 3063 δονάμιως

2159 3083 2257 3134 τοῦ
2283 3079 2533 3139 πίνοντος
2584 3076 2832 3151 εἰσρυεὶς,
2883 3076 3144 3132 σκότωσιν
3185 3076 3398 3154 ἐπάγειν
3443 3082 3520 3150 τῷ
3550 3075 3816 3154 λογισμῷ

2161 3169 2413 3245 πέφυκεψ
2449 3165 2592 3221 οὕτω
2639 3165 2728 3220 καὶ
2777 3164 2920 3236 πάθη
2971 3165 3281 3240 ἐπιθυμίας,
3314 3166 3348 3237 ἢ
3382 3165 3582 3239 λύπης,
3635 3169 3672 3237 ἢ
3707 3169 3815 3224 θυ-

2165 3261 2290 3329 μοῦ,
2333 3256 2814 3328 κατακρατήσαντα
2859 3259 2956 3310 τοῦ
3005 3255 3299 3330 λογισμοῦ,
3345 3253 3605 3335 ἔκφρονας
3633 3264 3818 3328 ποιεῖ,

2158 3343 2285 3406 τοὺς
2319 3346 2404 3398 ὑπ’
2449 3341 2625 3398 αὐτῶν
2662 3344 3085 3420 κατεχομένους.
3133 3344 3352 3409 ’Ἀθλιοι
3405 3343 3495 3400 οῦν
3539 3345 3628 3400 καὶ
3658 3367 3822 3421 τρισ-

2163 3431 2345 3498 άθλιοι
2375 3433 2425 3486 οἱ
2461 3435 2536 3505 μή
2575 3431 2734 3505 μόνον
2785 3434 3100 3508 ἀρχομένου
3147 3438 3244 3488 τοῦ
3301 3434 3421 3508 βίου
3447 3439 3516 3508 τῇ
3551 3436 3688 3510 μέθῃ
3723 3438 3822 3510 βε-

2163 3516 2543 3594 ϐαπτισμένοι,
2579 3520 2725 3577 ἀλλὰ
2755 3522 2841 3576 καὶ
2877 3523 3128 3595 μένοντες
3172 3522 3234 3576 τὸ
3266 3522 3384 3597 ὀψε·
3429 3525 3730 3597 τουτέστιν,
3769 3529 3826 3581 οἱ

2167 3610 2331 3685 μέχρι
2362 3614 2470 3664 τῶν
2518 3607 2736 3683 δυσμῶν
2782 3618 2882 3681 τῆς
2936 3617 3080 3681 ζωῆς
3110 3611 3330 3675 πάθεσιν
3385 3613 3607 3676 ἐαυτοὺς
3638 3634 3823 3688 παραυ

2162 3697 2487 3771 πέμποντες.
2541 3700 2671 3763 Καθ’
2720 3696 2812 3754 ἕνα
2865 3701 2960 3774 μὶν
3011 3699 3101 3755 οῦν
3147 3701 3348 3776 τρόπον
3397 3703 3426 3757 ὁ
3480 3703 3538 3757 ἐκ
3575 3705 3672 3775 τῆς
3704 3704 3828 3760 ἐπι-

2161 3788 2410 3864 γνώσεως
2457 3793 2552 3843 τοῦ
2600 3793 2732 3843 Θεοῦ
2778 3793 3059 3866 φωτισμὸς
3104 3789 3452 3866 ἐγγινόμενος
3507 3797 3624 3854 ταῖς
3682 3814 3824 3869 καρ-

2165 3875 2302 3939 δίαις
2334 3877 2514 3952 πρωία
2545 3875 2776 3952 λέγεται·
2813 3880 2930 3934 καθ’
2959 3876 3142 3954 ἕτερον
3177 3877 3252 3952 δὲ,
3286 3882 3403 3945 καθ’
3449 3881 3506 3935 ὃν
3559 3884 3674 3955 (52)
3721 3884 3825 3959 ἀρ-

2163 3967 2378 4041 χόμεθα
2420 3974 2519 4036 τῆς
2565 3967 2791 4042 λογικῆς
2845 3973 3008 4037 ζωῆς,
3059 3967 3554 4045 συμπληρωθέντος
3582 3975 3679 4025 τοῦ
3712 3969 3824 4027 λό-

2161 4076 2280 4128 γου.
2318 4059 2440 4120 Καθ’
2474 4057 2722 4131 ἑκάτερον
2773 4059 2874 4132 γὰρ
2925 4057 3111 4113 σκοτία
3152 4059 3244 4130 νὺξ
3276 4061 3304 4114 6
3352 4061 3615 4134 πρότερον
3667 4062 3819 4136 βίος,

2163 4142 2404 4213 ἤτοιτοῦ
2448 4143 2619 4221 λόγου
2654 4147 2822 4218 μήπω
2869 4147 3318 4222 τετελειωμένου,
3349 4149 3437 4203 καὶ
3474 4155 3575 4218 τῆς
3624 4153 3820 4226 ψυχῆς

2163 4233 2216 4287 ἐν
2253 4231 2445 4310 ἀλογίᾳ
2479 4229 2934 4309 βεϐαπτισμένης,
2966 4239 3000 4306 ἢ
3036 4234 3125 4292 διὰ
3172 4239 3270 4306 τήν
3324 4237 3430 4292 ἀπὸ
3481 4243 3615 4293 Θεοῦ
3647 4237 3823 4296 ἄλλοι

2159 4320 2410 4397 τρίωσιν,
2440 4323 2618 4397 σκότῳ
2655 4327 2809 4401 βαθεῖ
2835 4333 2936 4396 τῆς
2968 4323 3202 4390 διανοίας
3233 4324 3676 4400 κεκαλυμμένης.

2234 4609 2352 4662 160.
2395 4605 2524 4662 Οὐαὶ
2575 4607 2666 4663 οῦν
2716 4612 2767 4664 οἱ
2827 4611 3162 4686 ἐγειρόμενοι
3212 4613 3274 4666 τὸ
3321 4613 3488 4688 πρωὶ,
3536 4613 3819 4670 τουτέστιν

393 4677 724 4748 juventutis
750 4678 1092 4751 insipientia
1117 4697 1318 4738 recens
1333 4689 1505 4739 exuta
1526 4702 1658 4742 cum
1682 4687 2050 4747 turbulentos

2168 4697 2212 4750 οἱ
2245 4693 2365 4772 ἄρτι
2392 4698 2491 4767 τὴν
2527 4698 2585 4753 ἐκ
2631 4705 2730 4768 τῆς
2779 4677 3038 4770 νεότητος
3084 4697 3266 4755 ἄνοιαν
3317 4677 3424 4776 (5.3)
3456 4677 3811 4778 ἀποθέμενοι,

401 4766 582 4822 animi
614 4772 809 4824 motus
842 4768 1089 4826 rationis
1120 4771 1172 4828 vi
1216 4777 1454 4830 strenue
1499 4793 1841 4851 oppugnare
1873 4781 2045 4838 debe-

399 4859 548 4926 rent,
574 4856 742 4914 abiis
762 4864 963 4915 contra
984 4860 1688 4938 subvertantur,vitiaque
1713 4885 1816 4924 ceu
1844 4887 2051 4942 quam-

401 4944 534 5000 dam
563 4945 903 5004 ebrietatem
935 4953 1362 5009 sectantur.Isti
1394 4954 1565 5026 plane
1596 4958 1911 5016 miserrimi
1944 4962 2044 5034 qui

466 5124 513 5160 ⁸⁸
543 5125 794 5199 Philipp.
828 5145 912 5200 ιιι,
946 5131 1031 5185 19.
1108 5132 1153 5165 ⁸⁸
1186 5135 1301 5190 Isa.
1334 5150 1531 5189 xxvm.

819 5302 1090 5375 δξετάσθη.
1125 5311 1198 5380 At
1227 5323 1326 5364 sex
1359 5325 1524 5376 mss.,
1559 5309 1859 5380 ἐξήτασται.

464 5373 542 5451 ς5)
593 5374 811 5451 ΙὲίίἰίιίοΔ
834 5373 1064 5451 nostra,
1118 5377 1238 5451 βίου
1296 5381 1455 5450 ἡμῶν
1507 5373 1785 5451 συνήθειαν
1846 5387 1923 5448 εἰς
1978 5390 2040 5444 τὸ

397 5440 611 5527 βέλτιον
648 5440 1066 5527 μεταϐάλλεται,
1097 5440 1387 5527 corrupte.
1413 5458 1485 5507 At
1516 5440 1754 5527 uterque
1783 5440 2036 5518 Combe'f:

392 5515 450 5572 et
478 5515 576 5572 alii
601 5515 863 5642 quatuor
894 5515 1152 5576 mss.'uti
1188 5523 1247 5577 in
1274 5515 1569 5595 contextu,
1604 5515 1776 5585 recte.

463 5588 574 5642 (5H
649 5594 835 5642 eteres
865 5597 1117 5642 nuatunr
1150 5593 1279 5642 lihri
1315 5596 1417 5642 ita-
1479 5603 1543 5642 nt.
1571 5600 1776 5642 ndidi"

463 5588 574 5658 (51)
601 5588 835 5667 Veteres
865 5597 1117 5667 quatuor
1149 5593 1280 5649 libri
1315 5596 1418 5667 ita,
1446 5588 1886 5667 ‘ut'edidimus.
1922 5604 2033 5659 Alii

392 5659 507 5716 duo
531 5677 663 5717 cum
697 5659 896 5735 editis,
923 5663 1164 5738 ἀνομιῶν
1205 5667 1292 5720 καὶ
1341 5659 1616 5744 ἀσεϐειῶν,
1650 5673 1762 5730 loco
1789 5677 2037 5747 priorum

2156 4787 2247 4840 καὶ
2277 4783 2395 4840 ἀντί
2435 4791 2532 4841 τοῦ
2584 4784 2673 4841 διὰ
2718 4795 2817 4858 τῆς
2865 4793 2961 4844 τοῦ
3013 4788 3182 4865 λόγου
3232 4787 3514 4865 δυνάμεως
3567 4791 3814 4858 εὐτόνως

2155 4873 2538 4931 καταπαλαίειν
2588 4876 2655 4931 τὰ
2710 4879 2881 4950 πάθη,
2939 4878 3366 4953 ἀνατρεπόμενοι
3424 4881 3550 4957 παρ’
3601 4881 3808 4952 αὐτῶν,

2155 4963 2244 5018 καὶ
2291 4963 2404 5019 οἷόν
2452 4985 2570 5020 τινα
2624 4965 2792 5041 μέθην
2842 4967 2908 5023 τὰ
2953 4967 3095 5040 πάθη
3149 4967 3594 5043 μεταδιώκοντες.
3626 4967 3812 5028 Ταλα-

2147 5321 2417 5448 ξσεςενυῖη
2436 5333 2601 5397 atque
2622 5324 2984 5397 impietatum.
3008 5326 3214 5383 Statim
3240 5343 3382 5386 mss.
3407 5330 3705 5400 nonnulli,
3730 5331 3811 5396 εἰς

2178 5412 2244 5446 κκ
2271 5414 2357 5448 me
2381 5414 2463 5448 αν.

2178 5412 2463 5462 κκΛησιαν.

2222 5467 2331 5537 (52)
2368 5467 2600 5537 Antiqui
2635 5483 2732 5522 sex
2789 5466 2946 5536 libri,
3001 5469 3118 5522 καθ’
3149 5469 3230 5527 δν.
3265 5471 3436 5539 Editi,
3491 5471 3648 5536 καθό.
3685 5476 3804 5532 Ali-

2148 5542 2529 5616 quanto_p_os_t
2553 5544 2804 5616 quatuor
2831 5557 2996 5611 mss.,
3035 5542 3225 5613 μήπω.
3259 5543 3424 5616 Edili,
3464 5545 3701 5616 μήποτε.

2219 5609 2330 5684 (ξ’)3)
2363 5609 2538 5684 Editl,
2588 5609 2826 5684 ἄγνοιαν.
2883 5617 2952 5668 At
2983 5609 3126 5684 mss.
3177 5631 3297 5684 sex,
3330 5609 3536 5675 ἅνόιάνξ
3567 5617 3686 5676 Nec
3719 5620 3806 5678 ita

2147 5679 2332 5736 ωυιιο
2363 5680 2515 5741 infra
2541 5679 2681 5757 Reg.
2716 5689 2986 5757 quartus,
3014 5679 3420 5747 ταλανὲστατοι.
