4118 6220
258 370 362 432 381

1124 369 1531 432 COMMENT.
1579 372 1658 432 IN
1701 370 1969 433 ISAIAM
2015 372 2519 435 PROPHETAM.
2564 370 2737 431 CAP.
2785 370 2860 429 V.

3544 368 3662 429 382

255 500 490 555 νώτατοι
515 499 611 574 μὲν
639 499 742 576 γὰρ
774 500 849 571 οἱ,
888 498 1200 575 ἀρχομένου
1246 505 1343 555 τοῦ
1396 500 1537 577 βίου,
1567 502 1656 557 καὶ
1707 499 1904 576 λήγον-

2017 503 2252 560 ineunte
2281 508 2339 560 et
2370 505 2675 561 desinente
2700 501 2821 559 vita
2847 517 2963 557 non
2995 499 3380 572 supersedent
3399 498 3471 555 ab
3500 499 3662 571 ejus-

253 610 367 657 τος,
398 595 501 659 τῆς
547 587 806 660 τοιαύτης
856 589 1024 662 μέθης
1079 590 1156 662 μή
1216 587 1613 665 ἁπολήγοντες.
1647 590 1908 665 Διαφοραὶ

255 673 313 733 δὲ
368 675 577 733 πολλαὶ
633 682 742 732 τῶν
785 676 1123 750 μεθυόντων.
1165 679 1233 735 Οἱ
1268 679 1360 751 μὲν
1411 679 1515 755 γὰρ
1568 678 1725 744 εὐθὺς
1776 681 1911 752 μετᾶ

250 766 343 821 τὸν
390 762 585 843 ὄρθρον
636 773 738 836 τῆς
797 766 965 839 μέθης
1022 764 1343 837 ἐπαύσαντο,
1376 768 1427 822 οἱ
1460 765 1517 823 δὲ
1565 767 1653 822 ἐπὶ
1714 768 1907 843 μικρὸν

250 854 611 927 προελθόντες
643 851 862 926 ἔληξαν,
897 856 948 910 οἱ
978 853 1036 911 δὲ
1067 854 1155 910 ἐπὶ
1187 854 1375 911 πλεῖον
1425 858 1739 929 παρέτειναν
1773 858 1906 931 (54).

254 943 432 999 Καλὸν
469 944 565 1016 μὶν
607 942 698 998 οὖν
730 946 814 1015 τὸ,
851 944 964 1017 ἅμα
990 948 1071 1016 τῷ
1101 944 1405 1020 ἐγερθῆναι,
1441 950 1669 1016 ζητῆσαι
1697 946 1760 1000 τὸ
1806 966 1907 1015 νη-

253 1031 467 1110 φαλίως
501 1038 659 1102 ζῆσαι
690 1034 782 1088 καὶ
814 1034 1120 1108 ἱερατικῶς,
1150 1030 1243 1088 ἵνα
1290 1030 1427 1104 ἄξιοι
1478 1034 1762 1109 γενώμεθα
1806 1040 1907 1103 τῆς

253 1120 329 1181 εἰς
380 1122 448 1175 τὰ
500 1121 629 1196 ἅγια
679 1118 914 1191 εἰσόδου,
948 1121 1097 1176 οἶκον
1126 1121 1217 1176 καὶ
1267 1120 1452 1196 σίκερα
1506 1122 1582 1195 μὴ
1640 1121 1903 1183 πίνοντες.

254 1208 562 1285 Γέγραπται
616 1209 718 1286 γάρ
752 1228 766 1242 ο
827 1210 925 1264 Καὶ
975 1207 1213 1280 ἐλάλησε
1287 1210 1484 1287 Κύριος
1540 1214 1620 1283 τῷ
1671 1210 1905 1282 ’Δαρὼν,

257 1296 439 1373 λέγων
475 1317 488 1330 ·
552 1297 715 1355 Οἶνον
771 1297 862 1352 καὶ
920 1296 1107 1373 σίκερα
1160 1298 1222 1353 οὖ
1283 1299 1359 1372 μὴ
1416 1297 1620 1370 πίεσθε,
1676 1297 1760 1369 σὺ,
1817 1297 1906 1353 καὶ

256 1388 307 1442 ol
362 1386 475 1441 υἱοί
529 1407 628 1441 σου
686 1387 821 1459 μετᾶ
896 1391 1014 1456 σοῦ,
1068 1387 1229 1457 ἡνίκα
1274 1386 1335 1442 ἂν
1390 1386 1776 1461 εἶσπορεύησθε
1830 1387 1906 1449 εἷς

254 1476 352 1545 τὴν
415 1477 624 1546 σκηνὴν
683 1479 781 1530 τοῦ
843 1476 1166 1552 μαρτυρίου.
1203 1476 1348 1531 Ἐπεὶ
1417 1473 1474 1530 δὲ
1534 1472 1798 1531 δύσκολον
1852 1475 1903 1530 ὲν

253 1565 548 1641 ἀνθρώπου
580 1563 733 1642 φύσει
764 1566 1173 1640 κατορθωθῆναι
1219 1564 1283 1620 τὸ
1328 1564 1739 1640 ἀναμάρτητον
1774 1563 1907 1619 Δεύ-

251 1673 430 1727 τερος,
457 1653 615 1728 φησί,
643 1650 956 1727 πλοῦς
984 1652 1139 1717 εὐθὺς
1170 1654 1305 1727 μετὰ
1347 1654 1446 1723 τήν
1505 1651 1715 1728 πρωίαν
1773 1652 1906 1708 ἀνα-

252 1748 447 1811 στῆναι
480 1742 587 1797 ἁπὸ
614 1749 716 1811 τῆς
778 1741 969 1815 μέθης.
1000 1746 1116 1796 Τῶν
1152 1739 1209 1798 δὲ
1236 1744 1600 1819 χρονιζόντων
1630 1742 1681 1798 έν
1714 1739 1905 1810 οἷ’νοις,

247 1831 339 1885 καὶ
369 1835 481 1885 τῶν
518 1830 827 1901 ζητούντων
849 1836 953 1885 ποῦ
983 1831 1142 1887 πότοι
1170 1831 1428 1906 γίνονται,
1462 1828 1701 1909 ἄσχολός
1763 1830 1903 1886 ἐστιν

250 1922 288 1989 ἡ
316 1917 527 1974 διάνοια
557 1921 679 1996 περὶ
710 1921 810 1989 τὴν
841 1919 1046 1975 τούτων
1076 1917 1313 1996 ἔρευναν,
1347 1916 1485 1975 ὥστε
1526 1922 1601 1994 μὴ
1651 1917 1902 1975 δύνασθαι

255 2002 551 2080 ὶμϐλέπειν
606 2014 725 2071 τοῖς
774 2006 960 2086 ἔργοις
1021 2008 1219 2085 Κυρίου
1292 2006 1434 2083 μηδὲ
1508 2014 1785 2065 κατανοεῖν
1838 2009 1906 2064 τὰ

256 2093 392 2173 ἔργα
421 2102 526 2154 τῶν
558 2102 762 2175 χειρῶν
796 2098 981 2154 αὐτοῦ.
1013 2096 1189 2155 Ἀλλὰ
1218 2095 1414 2174 κιθάρα
1459 2098 1550 2153 καὶ
1597 2098 1903 2174 ψαλτήριον

251 2189 352 2256 τήν
389 2185 561 2260 μέθης
608 2187 794 2249 αὐτοῖς
829 2187 1202 2258 συνεπιτείνει,
1232 2188 1300 2242 τὰ
1328 2189 1612 2264 εὑρήματα
1639 2191 1736 2242 τοῦ
1768 2188 1902 2242 Ἰου-

253 2269 382 2344 ϐὰλ,
441 2280 539 2330 τοῦ
595 2274 658 2331 ἐκ
710 2283 812 2346 τῆς
886 2275 1235 2353 γενεαλογίας
1310 2276 1442 2333 Κάϊν
1518 2278 1852 2348 καθήκοντος
1884 2294 1899 2309 ·

258 2358 463 2419 Ἕλαϐε
532 2366 635 2440 γάρ
707 2365 903 2437 ἑαυτῷ,
961 2365 1114 2443 φησὶ.
1176 2364 1371 2440 Λάμεχ
1426 2363 1521 2420 δύο
1595 2370 1850 2441 γυναῖκας
1886 2384 1898 2396 ’

251 2450 428 2526 ὄνομα
470 2457 543 2527 τῇ
596 2457 713 2525 μιᾷ,
747 2450 935 2523 Ἀδδὰ,
967 2455 1055 2508 καὶ
1113 2450 1288 2527 ὄνομα
1341 2458 1411 2529 τῇ
1470 2452 1714 2530 δευτέρᾳ,
1765 2454 1902 2511 Σελ-

253 2539 339 2597 λά.
391 2540 497 2596 Καῖ
550 2535 726 2597 ἔτεκεν
788 2539 955 2597 Ἀδδά
1017 2543 1110 2599 τὸν
1167 2538 1395 2614 Ἰωϐήλ.
1451 2544 1617 2606 Οὗτος
1672 2543 1739 2613 ἦν
1798 2565 1902 2599 πα-

1936 1875 1984 1942 Β

2019 593 2177 647 modi
2208 593 2567 649 temulentis.
2600 591 2755 647 Ebrii
2790 594 2986 646 autem
3018 586 3364 660 multiplicis
3394 592 3535 643 sunt
3562 604 3659 660 ge-

2018 680 2194 737 neris.
2231 681 2341 737 Alii
2374 682 2528 738 enim
2560 681 2758 737 statim
2793 682 2925 751 post
2964 694 3186 733 aurorae
3235 680 3427 732 ortum
3476 676 3663 733 desie-

2018 774 2156 824 runt
2196 771 2267 826 ab
2328 771 2639 838 ebrietate;
2700 768 2796 824 alii
2849 765 3153 841 paululum
3202 764 3659 837 progredientes,

2017 857 2280 913 fecerunt
2310 859 2525 926 linem;
2558 856 2659 912 alii
2690 855 2917 911 diutius
2944 870 3072 910 eam
3105 854 3516 926 prorogarunt.
3557 853 3660 908 Ex-

2016 947 2177 1018 pedit
2203 947 2403 1019 igitur,
2456 951 2539 1014 ut,
2596 945 2796 1002 statim
2841 948 3015 1017 atque
3063 942 3378 1014 experrecti
3426 958 3660 1012 sumus,

2018 1036 2210 1093 sobrie
2240 1040 2296 1093 et
2324 1037 2698 1092 sacerdotum
2727 1051 2889 1090 more
2944 1033 3123 1089 vitam
3171 1032 3381 1104 degere
3421 1031 3658 1088 studea-

2017 1140 2151 1180 mus
2174 1142 2188 1192 ;
2214 1124 2671 1197 quoefﬁciamur
2690 1122 2871 1195 digni,
2893 1121 2992 1193 qui
3016 1119 3657 1192 ingrediamursancta,

2014 1213 2219 1269 vinum
2250 1219 2307 1270 et
2335 1214 2580 1269 siceram
2616 1229 2730 1267 non
2759 1212 3047 1267 bibentes.
3080 1209 3369 1281 Scriptum
3404 1223 3662 1280 namque

2017 1303 2459 1359 estzEtlocutus
2479 1305 2559 1358 est
2591 1302 2860 1358 Dominus
2915 1299 2985 1354 ad
3041 1298 3245 1364 Aaron,
3295 1297 3514 1353 dicens:
3572 1298 3657 1353 Vi-

2013 1408 2146 1447 nam
2166 1400 2216 1447 et
2237 1394 2475 1448 siceram
2494 1407 2601 1446 non
2627 1390 2840 1457 bibetis,
2861 1397 2941 1455 tu,
2973 1392 3023 1443 et
3042 1388 3152 1458 ﬁlii
3170 1388 3254 1442 lui
3293 1395 3489 1455 tecum,
3532 1403 3659 1443 cum

2015 1481 2297 1537 intrabitis
2338 1484 2393 1536 in
2455 1480 2872 1536 tabernaculum
2923 1478 3227 1532 testimonii
3256 1476 3321 1528 ⁸⁸.
3371 1475 3657 1539 Quoniam

2016 1574 2214 1626 autem
2246 1569 2482 1626 difﬁcile
2512 1573 2602 1624 est
2632 1571 2932 1641 peccatum
2966 1582 3080 1621 non
3111 1563 3342 1620 admitti
3373 1562 3432 1618 in
3451 1568 3662 1620 natura

2016 1658 2297 1729 humana,
2330 1659 2506 1715 dicit:
2541 1655 2843 1729 Navigatio
2893 1654 3154 1711 secunda
3179 1656 3271 1709 est
3316 1651 3476 1707 illico
3526 1656 3661 1723 post

2014 1746 2339 1803 diluculum
2372 1748 2445 1803 ab
2474 1746 2752 1803 ebrietate
2780 1759 3111 1817 exsurgere.
3150 1741 3259 1797 Sed
3293 1738 3393 1812 qui
3448 1738 3659 1795 immo-

2016 1841 2224 1893 rantur
2243 1838 2302 1892 in
2325 1836 2496 1904 vinis,
2520 1852 2586 1890 ac
2607 1834 2983 1890 sciscitantur
3004 1830 3101 1887 ubi
3126 1829 3456 1903 potationes
3486 1829 3657 1898 fient,

2013 1943 2216 1983 eorum
2249 1927 2485 1982 animus
2517 1925 2603 1980 sic
2631 1924 2690 1979 in
2731 1923 2803 1979 iis
2844 1918 3269 1992 investigandis
3317 1920 3657 1990 occupatur,

2013 2017 2168 2071 493
2192 2019 2256 2071 ut
2271 2031 2446 2087 opera
2477 2012 2703 2069 Domini
2727 2011 3036 2083 inspicere,
3055 2012 3156 2065 aut
3178 2024 3354 2081 opera
3370 2022 3657 2062 manuum

2010 2104 2141 2177 ejus
2171 2103 2539 2159 considerare
2571 2118 2684 2157 non
2718 2104 2912 2173 queat.
2945 2103 3069 2155 Imo
3094 2113 3296 2154 eorum
3316 2096 3656 2153 ebrietatem

2012 2194 2307 2265 adaugent
2323 2192 2545 2248 cithara
2573 2196 2630 2247 et
2656 2189 3036 2263 psalterium:
3071 2204 3196 2260 quae
3226 2186 3459 2241 inventa
3512 2187 3655 2240 sunt

2010 2282 2260 2352 Jubalis,
2293 2281 2395 2354 qui
2423 2297 2492 2337 ex
2520 2279 2679 2336 Caini
2712 2295 2918 2350 genere
2945 2282 3140 2333 ortum
3202 2275 3393 2331 habet.
3443 2274 3656 2345 Accepit

2010 2373 2160 2428 enim
2186 2372 2317 2439 sibi,
2347 2370 2562 2442 inquit,
2594 2367 2824 2424 Lamech
2851 2367 2989 2422 duas
3015 2380 3251 2422 uxores:
3310 2378 3510 2419 nomen
3552 2364 3658 2418 uni

2011 2461 2187 2529 Adda,
2217 2466 2275 2516 et
2294 2475 2491 2515 nomen
2517 2459 2684 2515 alteri
2710 2457 2880 2514 Sella.
2915 2460 2980 2512 Et
3025 2455 3239 2527 peperit
3282 2451 3434 2508 Adda
3478 2452 3654 2508 Jobel.

2010 2552 2113 2606 Hie
2140 2553 2258 2605 erat
2286 2552 2441 2620 pater
2471 2547 2841 2603 habitantium
2895 2547 2956 2600 in
2999 2544 3268 2608 tentoriis,
3311 2542 3657 2613 pascentium

251 2631 523 2719 τῆρ’(δὸ)
569 2629 867 2719 οἰκούντων
937 2632 988 2685 έν
1055 2636 1283 2719 σκηναῖς
1332 2631 1742 2711 κτηνοτρόφων.
1800 2631 1901 2689 Καὶ

2015 2654 2223 2710 pecora.
2254 2638 2319 2692 Et
2372 2652 2569 2694 nomen
2612 2636 2787 2707 fratri
2840 2633 2979 2704 ejus,
3032 2631 3217 2688 Jubal.
3269 2632 3364 2686 Hic
3399 2631 3511 2701 fuit
3556 2630 3655 2701 qui

252 2713 431 2790 ὄνομα
484 2723 565 2790 τῷ
622 2717 843 2798 ἀδελφῷ
898 2719 1061 2774 αύτοῦ
1089 2714 1329 2775 Ἰουϐάλ’
1366 2720 1523 2781 οὗτος
1568 2722 1634 2791 ἦν
1690 2722 1717 2776 ὁ
1746 2742 1903 2777 κατα-

253 2806 425 2877 δείξας
482 2806 788 2882 ψαλτήριον
842 2809 928 2863 καὶ
1004 2810 1253 2885 κιθάραν.
1311 2808 1584 2879 Τοιαύτης
1642 2810 1708 2878 ἦν
1757 2809 1904 2874 κιθά.

252 2916 349 2971 ρας
386 2897 478 2950 καὶ
530 2902 799 2969 μουσικῆς
830 2898 858 2951 ὁ
892 2891 1070 2951 Λάϐαν
1120 2897 1343 2965 οἰκεῖος,
1380 2899 1496 2971 μεθ’
1529 2902 1595 2968 ἧς
1644 2895 1903 2955 ἐϐούλετο

252 2984 637 3059 παραπέμπειν
698 2986 789 3041 τὸν
843 2980 1059 3042 Ἰακώϐ.
1111 2986 1177 3043 Εἴ
1235 2987 1339 3063 γὰρ
1398 2985 1726 3064 ἀνήγγειλάς
1786 3009 1901 3061 μοι,

254 3072 611 3144 έξαπέστειλα
668 3072 729 3128 ἄν
813 3096 871 3129 σε
949 3074 1084 3149 μετὰ
1167 3074 1542 3152 εὐφροσύνης,
1601 3076 1689 3133 καὶ
1772 3079 1906 3150 μετὰ

255 3166 534 3234 μουσικῶν
619 3164 914 3235 τυμπάνων
996 3162 1088 3218 καὶ
1158 3165 1414 3239 κιθάρας.
1487 3162 1649 3218 Ἀλλ⁹
1721 3163 1904 3221 ἀπεδί-

2010 2728 2294 2786 adinvenit
2318 2727 2648 2798 psalterium
2676 2732 2726 2780 et
2752 2724 3023 2779 citharam
3042 2721 3107 2776 ⁸⁸.
3142 2720 3384 2775 Cithara:
3433 2735 3500 2773 ac
3530 2734 3656 2773 mu-

2010 2818 2162 2875 sices
2192 2814 2529 2872 istiusmodi
2561 2813 2667 2869 fuit
2696 2811 2989 2867 amantior
3021 2810 3234 2876 Laban,
3268 2822 3517 2879 quacum
3548 2806 3651 2861 Ja-

2012 2907 2119 2962 cob
2150 2906 2434 2961 deducere
2459 2902 2704 2958 volebat.
2728 2901 2790 2956 Si
2816 2901 2969 2955 enim
2992 2898 3282 2953 indicasses
3308 2894 3467 2965 mihi,
3487 2894 3656 2950 dimi-

2010 2996 2198 3051 sissem
2226 2998 2278 3049 te
2306 3009 2426 3048 cum
2461 2992 2684 3055 laetitia,
2732 2992 2784 3045 et
2815 3004 2936 3043 cum
2987 2987 3234 3053 musicis,
3285 2984 3563 3057 tympanis
3602 2988 3658 3039 et

2010 3085 2225 3140 cithara
2253 3082 2315 3134 ⁸⁷.
2351 3081 2459 3135 Sed
2494 3077 2825 3151 patriarcha
2853 3080 3155 3133 aversatus
3198 3077 3288 3129 est
3344 3071 3654 3141 musicam,

2015 3178 2076 3229 ut
2105 3190 2229 3244 quae
2260 3169 2679 3243 impedimento
2712 3167 2822 3223 sibi
2861 3167 3059 3221 futura
3112 3167 3286 3231 esset,
3340 3160 3659 3235 quominus

252 3248 480 3325 δρασκεν
526 3252 555 3305 ὁ
607 3254 980 3329 πατριάρχης,
1006 3254 1080 3315 ὡς
1124 3250 1387 3327 ἐμπόδιον
1439 3252 1599 3309 οὖσαν
1651 3255 1785 3331 πρὸς
1843 3256 1902 3311 τὸ

2015 3261 2329 3333 inspiceret
2348 3240 2532 3331 opera
2558 3256 2810 3325 Domini,
2869 3258 2926 3311 et
2974 3269 3151 3327 opera
3198 3267 3479 3307 manuum
3528 3249 3660 3321 ejus

250 3334 549 3413 ἐμϐλέπειν
579 3346 698 3403 τοῖς
726 3337 905 3418 ἔργοις
938 3342 1166 3417 Κυρίαυ,
1196 3344 1284 3398 καὶ
1341 3348 1616 3399 κατανοεῖν
1654 3344 1721 3399 τὰ
1776 3339 1904 3419 ἔργα

245 3433 353 3484 τῶν
388 3427 599 3505 χειρῶν
632 3428 817 3489 αύτοῦ.

322 3522 446 3576 161.
480 3518 663 3576 Ἀλλὰ
690 3521 780 3575 καὶ
810 3524 909 3576 τοῦ
937 3516 1434 3598 Ναϐουχοδονόσορ
1465 3521 1555 3577 ἐπὶ
1584 3526 1680 3577 τοῦ
1724 3522 1900 3599 ἐγκαι-

249 3613 448 3682 νισμοῦ
476 3615 579 3679 τῆς
610 3608 841 3677 εἷ’κόνος,
876 3608 1207 3687 σάλπιγγος,
1237 3611 1327 3667 καὶ
1387 3610 1658 3688 σύριγγος,
1687 3613 1775 3667 καὶ
1826 3633 1905 3667 κι-

248 3698 434 3771 θάρας,
490 3699 584 3754 καὶ
643 3694 951 3773 σαμϐύκης,
1010 3706 1103 3756 καῖ
1173 3700 1504 3777 ψαλτηρίου,
1564 3702 1901 3780 συμφωνίας,

246 3787 336 3841 καὶ
392 3788 599 3851 παντὸς
653 3787 846 3863 γένους
904 3793 1179 3862 μουσικῶν
1235 3789 1644 3866 συνηχούντων,
1693 3791 1746 3844 οἱ
1808 3788 1899 3864 μὲν

248 3875 398 3947 λαοὶ,
428 3879 522 3932 καὶ
580 3879 636 3932 αἱ
683 3876 874 3956 φυλαὶ,
917 3878 1008 3933 καὶ
1058 3880 1115 3934 αἱ
1160 3877 1406 3955 γλῶσσαι
1452 3880 1779 3935 κατέπιπτον
1807 3899 1819 3913 ·
1854 3880 1905 3935 οἱ

250 3961 308 4020 δὶ
350 3965 445 4021 τὸν
499 3960 849 4021 Βαϐυλώνιον
902 3967 1040 4022 οἶνον
1088 3967 1261 4023 πίνειν
1312 3966 1592 4045 πόρρωθεν
1653 3970 1768 4039 (57)
1827 3969 1903 4041 μὴ

251 4054 649 4131 ἀνασχόμενοι,
677 4054 768 4110 καὶ
799 4056 900 4125 τὴν
922 4056 1130 4133 τρυφὴν
1163 4053 1547 4132 βδελυξάμενοι
1594 4063 1695 4126 τῆς
1753 4057 1904 4132 βασι-

252 4141 415 4209 λικῆς
472 4144 772 4220 τραπέζης,
829 4142 951 4201 οὔτε
1005 4146 1257 4208 πεσόντες
1338 4144 1759 4221 προσεκύνησαν,
1815 4147 1906 4203 καὶ

248 4231 658 4308 κατεφρόνησαν
732 4231 909 4305 πάσης
989 4234 1333 4312 ἀνθρωπίνης
1406 4231 1744 4307 δυναστείας,
1815 4237 1906 4292 καὶ

252 4322 419 4391 αύτήν
470 4318 529 4376 δὶ
573 4316 897 4377 κατέσϐεσαν
942 4325 1044 4393 τὴν
1094 4320 1322 4397 δύναμιν
1375 4328 1471 4379 τοῦ
1500 4323 1694 4400 πυρός.
1729 4324 1790 4380 Εἴ
1849 4322 1907 4379 δὲ

256 4409 558 4485 ἁμάρτημά
613 4410 722 4467 ἐστι
768 4412 830 4466 τὸ
876 4412 954 4485 μὴ
999 4410 1221 4488 βλέπειν
1267 4413 1338 4469 τὰ
1383 4411 1513 4489 ἔργα
1566 4413 1784 4488 Κυρίου,
1815 4412 1904 4468 καὶ

253 4502 319 4553 τὰ
347 4500 481 4575 ἔργα
518 4505 624 4555 τῶν
672 4504 876 4577 χειρῶν
930 4500 1095 4557 αὐτοῦ
1144 4502 1220 4576 μὴ
1265 4506 1568 4572 κατανοεῖν,
1620 4501 1903 4576 ἰπάρωμεν

2013 3349 2427 3408 consideraret.

2084 3527 2207 3583 161.
2240 3526 2389 3593 Quin
2420 3525 2596 3581 etiam
2631 3540 2763 3579 cum
2786 3522 3173 3578 dedicaretur.
3199 3518 3665 3575 Nabuchodono-

2013 3632 2112 3673 sor
2133 3612 2750 3689 imago;tuba,ﬁstula,
2775 3610 3338 3678 cithara,sambuca,
3360 3606 3661 3681 psalterio,

2012 3703 2367 3776 symphonia
2396 3706 2453 3758 et
2481 3701 2638 3758 omni
2670 3700 3028 3755 musicorum
3078 3713 3288 3771 genere
3335 3695 3661 3753 resonanti-

2012 3793 2143 3852 bus.
2160 3790 2359 3863 populi
2390 3792 2612 3863 utique,
2635 3795 2694 3845 et
2721 3788 2912 3844 tribus
2934 3792 2991 3844 et
3014 3786 3227 3858 linguai
3256 3800 3384 3840 sese
3413 3789 3664 3856 proster-

2014 3881 2267 3948 nebant;
2303 3880 2404 3952 qui
2436 3878 2712 3950 verojam
2748 3877 2975 3949 pridem
2998 3875 3200 3930 vinum
3241 3873 3660 3945 Babylonicum

2012 3969 2210 4025 bibere
2249 3971 2611 4037 recusarant,
2657 3966 2876 4038 quique
2917 3964 3149 4018 fuerant
3185 3960 3464 4016 exsecrati
3506 3974 3664 4015 men-

2014 4074 2094 4116 sa:
2115 4058 2285 4132 regite
2308 4055 2549 4112 delicias
2573 4072 2693 4111 non
2720 4054 3109 4109 adoraverunt
3126 4047 3533 4123 prostrati,sed
3558 4047 3664 4102 bu-

2013 4164 2256 4207 manum
2280 4162 2513 4203 omnem
2535 4137 3462 4217 potentatumcontempsere,imo
3483 4136 3660 4192 etiam

2014 4240 2204 4313 ipsam
2230 4236 2384 4310 ignis
2404 4238 2521 4291 vim
2542 4232 2946 4290 exstinxerunt
2965 4230 3032 4284 ⁸⁸.
3063 4228 3226 4296 Quod
3277 4226 3325 4283 si
3352 4229 3657 4298 peccatum

2014 4333 2104 4385 est
2134 4343 2247 4383 non
2277 4325 2567 4397 inspicere
2614 4338 2794 4395 opera
2843 4319 3097 4388 Domini,
3143 4333 3249 4373 nec
3291 4314 3663 4371 considerare

2016 4432 2192 4488 opera
2225 4430 2506 4470 manuum
2540 4413 2689 4483 ejus,
2751 4407 3138 4466 sustollamus
3184 4404 3396 4461 mentis
3447 4409 3663 4459 nostra

2016 4503 2240 4574 oculos,
2270 4507 2328 4559 et
2356 4503 2611 4559 rationes
2652 4514 2894 4573 operum
2953 4494 3185 4553 Domini
3221 4491 3532 4550 creatrices
3579 4492 3663 4548 in-

256 4589 382 4651 τοίις
416 4587 741 4665 ὀφθαλμοὺς
768 4592 866 4659 τῆς
898 4587 1135 4654 διανοίας
1172 4593 1356 4665 ἡμῶν,
1385 4592 1475 4647 καὶ
1678 4591 1904 4665 εἰδῶμεν

2015 4597 2491 4663 tueamur;atque
2514 4606 2584 4645 ex
2603 4588 3009 4659 magnitudine
3031 4580 3488 4656 pulchritudinis
3507 4596 3664 4636 crea-

256 4678 384 4741 τοῦς
414 4675 846 4755 δημιουργικοὺς
880 4678 1083 4755 λόγους
1110 4685 1217 4736 τῶν
1268 4677 1436 4757 ἔργων
1479 4684 1577 4735 τοῦ
1625 4684 1783 4752 Θεοῦ,
1814 4680 1904 4736 καὶ

2015 4685 2305 4748 turarum,
2338 4694 2533 4734 rerum
2567 4676 2939 4733 conditarum
2972 4671 3238 4745 opificem
3270 4686 3402 4725 cum
3432 4667 3663 4740 opiﬁcio

256 4771 350 4823 τοῦ
377 4766 646 4843 μεγέθους
675 4774 775 4838 τῆς
804 4766 1084 4839 καλλονῆς
1112 4774 1219 4825 τῶν
1275 4755 1604 4844 κτισμάτων,
1635 4767 1901 4844 ἀνάλογον

2015 4786 2122 4828 suo
2154 4769 2589 4842 proportionem
2622 4764 2939 4837 quamdam
2970 4777 3037 4817 ac
3067 4756 3528 4815 convenientiam
3560 4755 3663 4814 ba-

323 4940 370 4977 “
396 4941 583 4998 Levit.
613 4957 673 5007 ι,
700 4941 754 4995 9.
831 4940 878 4976 ⁸⁸
907 4940 1049 4997 Gen.
1081 4956 1157 5009 ιν,
1190 4941 1377 4998 19-21.
1453 4941 1497 4976 ³⁷
1526 4943 1668 4998 Gen.
1701 4944 1904 5011 xxxx,i

2052 4940 2096 4977 ⁸⁸
2131 4944 2272 4996 Dan.
2305 4954 2393 5007 ιιι,
2423 4938 2459 4990 7
2483 4951 2616 5008 sqq.

323 5129 440 5200 (54)
468 5128 711 5203 veterea
741 5127 1003 5203 quinque
1025 5127 1183 5203 libri,
1213 5127 1546 5203 παρέτειναν.
1572 5127 1745 5203 Editi,
1768 5146 1904 5203 παρ-

2015 5127 2305 5203 secundam
2342 5125 2784 5203 navigationem,
2813 5119 3095 5203 inquiunt,
3127 5117 3276 5203 malo
3300 5115 3660 5203 minimae“-

256 5183 1207 5324 tu‘wo'v..Haudproculguinqu'e
1256 5183 1427 5273 πόει,
1476 5183 1759 5277 νηφάλιφξ
1810 5183 1904 5270 (1'7;-

258 5291 363 5329 σαι.
395 5273 547 5329 Editi
578 5291 725 5329 νηφα
773 5268 863 5329 ίως
897 5274 1014 5329 (av.

2015 5183 2350 5290 pepdasunt.
2384 5183 2606 5253 Ibidem
2636 5211 2735 5251 sex
2768 5183 2934 5262 'mss°.,
2966 5183 3279 5259 ἀναστῆναι.
3314 5186 3492 5260 Editi,
3520 5183 3662 5239 ἁπο-

2015 5290 2217 5329 στηναι.

258 5291 363 5329 σαι.
395 5277 547 5329 Editi
578 5277 863 5329 νηφαλίωε
897 5277 1014 5329 ζῆν.
2014 5277 2111 5329 στῆ

286 5292 363 5329 αι.
395 5274 547 5329 Editi
578 5274 863 5349 νηφαλίως
897 5274 1014 5343 ζῇν.
1560 5274 1569 5277 ⁷

323 5344 433 5417 (55)
465 5343 915 5428 ΟοΙῦ..ρι“ἰ[ῐιυε,
947 5339 1213 5411 πλοῦτος,
1244 5343 1416 5399 male.
1451 5341 1622 5414 Illud,
1657 5338 1904 5417 δεύτερος

286 5411 446 5471 τλοῧς.
475 5418 549 5471 ab
574 5415 713 5471 alus
734 5414 904 5471 aliter
924 5422 1275 5471 usurnatum
1299 5432 1448 5471 esse.
1475 5419 1634 5471 natet
1670 5432 1738 5471 ex
1778 5415 1903 5469 Ari-

2015 5290 2408 5471 πῖἔὲζιζᾱίιί,
2434 5337 2462 5392 ὁ
2488 5337 2689 5410 πατήρ.
2725 5340 2788 5392 In
2803 5336 3017 5391 nostris
3044 5350 3143 5390 sex
3166 5347 3310 5416 mss.
3336 5329 3497 5385 deest
3518 5323 3658 5380 arti-

2015 5433 2083 5471 cu
2114 5433 2204 5471 us.
2238 5413 2370 5471 Leni
2401 5415 2593 5471 notest
2611 5414 2789 5471 caput
2811 5425 2865 5464 ιν
2890 5407 3073 5464 Genes.
3099 5405 3201 5461 ubi
3222 5398 3449 5459 Jubalis
3470 5410 3656 5470 genus

254 5398 446 5495 τελοῦς’,
475 5398 1275 5495 εᾈξι-ἷι-Ῐίἷε,οιίῑει-ὐευιρειιέιιι
1299 5432 1448 5495 esse,
1475 5398 1634 5488 patet
1670 5432 1738 5495 ex
2014 5398 2204 5495 culus:
2238 5413 2370 5495 Legi
2395 5398 2789 5495 potestc'aput
2811 5425 2865 5464 ιν
2890 5407 3073 5464 Genes.
3099 5404 3201 5461 ubi
3222 5398 3449 5459 Jubalis
3470 5410 3656 5470 genus

256 5481 453 5559 stotele
478 5490 663 5546 Ethic.
699 5487 801 5542 lib.
837 5504 901 5552 ιι,
934 5481 1147 5559 ουρ.’8.
1179 5488 1320 5559 Ejus
1370 5481 1499 5559 haec
1548 5491 1724 5559 sunt;
1780 5484 1902 5559 Ἐπὶ
2014 5481 2728 5559 descriptuniuinvenitur,

258 5556 338 5611 οὖν
370 5564 468 5614 τοῦ
497 5559 673 5643 μέσου
695 5541 900 5643 τυχεῖν,
922 5541 1123 5643 ﬁfth»;
1174 5541 1604 5643 x;l§nov,'xatra‘t
1630 5541 1728 5611 ibi;
1778 5553 1902 5610 δεύ-

2021 5541 2484 5643 Siphlibpi
2505 5541 2741 5643 antiqui
2772 5568 2800 5643 ;ι
2820 5554 2892 5634 at
2908 5548 3069 5643 editi,
3103 5541 3578 5643 uttﬁpoev‘pem

264 5598 338 5611 η.
381 5598 468 5614 ..η
497 5598 673 5649 μεῖν..
713 5598 889 5643 αὖ-..
944 5598 1011 5612 ...η
1049 5598 1123 5619 ...ς
1177 5598 1604 5643 λυπηννκη-.-
1648 5598 1726 5611 η.
1780 5598 1901 5610 υ..--

257 5647 420 5709 ςερον,
456 5652 616 5709 φασι,
640 5627 850 5709 Δτελουν,
879 5598 1241 5709 τᾲᾼίλάχιστα
1295 5628 1530 5709 ληπτεον
1561 5633 1667 5709 τῶν
1700 5632 1903 5698 κακῶν,

2084 5598 2197 5709 ὶὲἑύ
2227 5598 2743 5709 ᾔὲίίίζᾌῴθέῐρἓῦξ
2772 5598 3074 5709 iugarat;
3104 5598 3327 5709 satis:
3375 5613 3448 5668 At
3498 5614 3652 5666 uter-

261 5690 433 5779 atqu;
459 5690 705 5778 difﬁcile
735 5690 859 5758 cum
885 5703 959 5757 sit
986 5690 1226 5761 milium
1253 5690 1419 5776 plane
1474 5705 1760 5773 attingere,
1805 5690 1907 5774 per
2014 5690 2127 5773 que
2158 5690 2315 5761 Colb.
2352 5690 2409 5756 et
2433 5690 2571 5770 R'eg.
2605 5690 2900 5753 secundus
2931 5691 3019 5749 uti
3051 5692 3112 5747 in
3140 5690 3320 5747 textu.
