4118 6220
267 406 377 470 385

1109 401 1516 471 COMMENT.
1563 410 1641 471 IN
1690 411 1958 472 ISAIAM
2005 409 2514 475 PROPHETAM.
2562 417 2728 476 CAP.
2779 414 2853 480 ν.

3559 425 3676 487 386

269 538 588 615 τεταγμένη·
624 532 698 592 Σὺ
755 529 811 592 δὶ
843 534 1010 592 αὖτοῦ
1038 544 1196 609 στῆθι
1227 537 1453 596 ἐνώπιόν
1496 563 1622 615 μου,
1681 540 1920 618 έδραῖος,

2044 545 2458 618 immotus,ﬁde
2491 553 2695 605 astans
2726 550 2872 617 ei,ut
2900 551 3117 623 dignus
3152 553 3386 621 evadas,
3419 555 3523 627 qui
3578 574 3676 614 ve-

266 627 354 684 καί
410 626 734 696 ἀσάλευτος,
791 626 882 682 καὶ
940 626 1358 700 ἀμετακίνητος,
1415 634 1483 706 τῇ
1541 631 1717 687 πίστει
1775 653 1918 709 παρ-

269 719 551 792 ιστάμενος
607 717 780 788 αὐτῷ,
830 712 916 770 ἵνα
965 714 1110 787 ἄξιος
1159 718 1285 793 γένῃ
1312 724 1408 775 τοῦ
1457 721 1803 776 κατοπτεύειν
1851 721 1918 776 τὰ

259 813 363 878 τῆς
393 805 655 878 ἀληθείας
704 806 966 879 θεάματα.
1017 809 1447 883 Παραστήσομαί
1481 831 1588 880 σοι,
1621 811 1776 889 φησὶ,
1826 810 1916 866 καὶ

264 897 564 973 έπόψομαι.
626 899 771 960 "Eam
823 897 917 971 μὶν
959 899 1062 973 γὰρ
1107 897 1168 954 ἂν
1221 901 1555 978 θεωρητικός
1601 925 1684 966 τις
1740 902 1776 977 ᾖ
1819 907 1917 957 τοῦ

265 988 318 1044 ἐν
345 992 461 1051 τοῖς
493 989 716 1062 ὁρατοῖς
759 985 1162 1062 ἐμφαινομένου
1212 988 1481 1060 κάλλους,
1516 991 1738 1068 φυσικός
1769 1012 1850 1054 τις
1880 991 1916 1060 ἢ

267 1077 598 1159 φυσιολόγος
669 1077 1169 1151 προσαγορεύεται·
1236 1077 1447 1134 ἐπειδὰν
1503 1077 1560 1134 δὲ
1605 1079 1779 1136 ’ταῦτά
1833 1101 1916 1143 τις

267 1162 504 1244 ὑπερϐὰς
562 1165 710 1239 αὐτῷ
767 1169 1015 1241 παραστῇ
1072 1172 1151 1238 τῷ
1211 1172 1351 1240 Θεῷ,
1413 1169 1548 1242 μετὰ
1600 1171 1663 1225 τὸ
1716 1173 1917 1245 γνῶναι

261 1257 383 1313 τίνα
421 1257 627 1331 τρόπον
672 1255 739 1310 τὰ
795 1257 970 1310 πάντα
1017 1255 1128 1310 ἐστὶ
1177 1257 1318 1312 καλὰ
1371 1255 1514 1327 λίαν,
1564 1257 1652 1313 καὶ
1686 1259 1918 1314 ἀπὸτοῦ

262 1346 312 1402 έν
338 1345 559 1408 τούτοις
610 1342 853 1407 κάλλους
885 1343 973 1399 ἰπὶ
1002 1345 1064 1400 τὸ
1113 1343 1282 1410 ὅντως
1310 1345 1479 1402 καλὸν
1525 1349 1614 1402 καὶ
1660 1347 1917 1423 ἐράσμιον

261 1433 612 1510 ἀναδραμεῖν,
647 1432 738 1490 οὖν
770 1437 806 1503 ἡ
853 1435 948 1498 θέα
998 1435 1190 1507 μόναις
1244 1441 1363 1498 ταῖς
1412 1439 1616 1512 ψυχαῖς
1662 1438 1919 1512 καθαραῖς

263 1526 536 1604 φαίνεσθαι
569 1525 792 1600 πέφυκεο
837 1523 961 1578 τότε
1006 1521 1093 1578 ἐπὶ
1125 1524 1191 1579 τὰ
1239 1532 1338 1594 τῆς
1369 1524 1722 1603 φυσιολογίας
1773 1525 1917 1580 ἀνώ-

261 1635 387 1689 τερα
433 1613 743 1690 προκόψας,
791 1612 858 1667 τὰ
902 1611 1217 1686 καλούμενα
1264 1615 1410 1688 παρά
1455 1635 1562 1669 τισι
1621 1635 1918 1689 μεταφυσι-

262 1705 328 1759 κά
374 1706 514 1776 (62),
562 1701 856 1765 ἐποπτικὸς
904 1703 1146 1779 γενέσθιοι
1197 1700 1442 1761 δύναται.
1499 1701 1748 1761 Ἐπειδὰν
1801 1701 1916 1770 οὖν,

263 1792 418 1871 φησὶ,
481 1790 568 1846 σοὶ
625 1795 907 1867 παραστῶ,
955 1793 1041 1846 καὶ
1093 1793 1233 1866 αὐτῇ
1283 1795 1352 1866 τῇ
1406 1791 1532 1868 περὶ
1577 1796 1672 1847 σοῦ
1721 1791 1920 1866 θεωρίᾳ

2029 635 2220 691 ritatis
2240 639 2793 710 contemplationem
2819 645 3180 712 perspectam
3205 643 3678 718 exploratumque

2027 724 2264 782 habeas.
2308 728 2534 794 Astabo,
2593 728 2806 799 inquit,
2867 730 2990 797 tibi,
3033 739 3082 787 et
3140 732 3350 789 videbo.
3410 733 3681 797 Quandiu

2028 814 2179 870 enim
2207 816 2341 886 quis
2365 816 2864 888 pulchritudinem
2892 818 2951 874 in
2984 820 3160 888 rebus
3188 821 3520 879 visibilibus
3551 824 3679 880 eni-

2027 906 2246 959 tentem
2280 905 2730 978 contemplatur,
2764 907 2979 962 dicitur
3009 908 3293 981 physicus
3347 928 3412 967 ac
3460 917 3684 971 natura

2029 994 2357 1064 explorator
2383 1011 2395 1061 ;
2421 995 2518 1050 sed
2541 1011 2674 1050 cum
2699 997 2995 1068 quispiam
3015 997 3214 1054 isthmc
3239 1003 3678 1075 transcendens,

2033 1082 2146 1138 Deo
2174 1083 2285 1154 ipsi
2326 1085 2597 1154 astiterit,
2624 1090 2937 1156 postquam
2961 1089 3291 1159 cognoverit
3321 1107 3438 1162 qua
3461 1091 3682 1150 ratione

2028 1172 2228 1227 omnia
2246 1172 2361 1226 sint
2381 1173 2545 1228 valde
2565 1173 2890 1244 pulchra,et
2918 1192 2987 1230 ex
3007 1175 3216 1231 horum
3240 1177 3680 1248 pulchritudine

2029 1275 2156 1315 sese
2189 1260 2436 1316 erexerit
2458 1262 2528 1316 ad
2554 1261 2610 1316 id
2634 1263 2787 1333 quod
2813 1279 2944 1318 vere
2973 1263 3287 1335 pulchrum
3309 1271 3396 1322 est
3418 1270 3475 1322 et
3515 1285 3678 1324 ama-

2030 1348 2144 1403 bile
2180 1366 2192 1415 ;
2230 1350 2400 1420 cujus
2430 1349 2573 1405 visio
2606 1367 2668 1406 se
2694 1350 2839 1406 solis
2862 1353 3174 1409 animabus
3225 1354 3386 1426 puris
3445 1357 3678 1428 conspi-

2029 1453 2200 1492 cuam
2233 1455 2299 1493 ac
2331 1439 2709 1509 spectandam
2743 1439 3015 1495 exhibere
3045 1441 3192 1496 solet
3225 1466 3240 1510 ;
3291 1447 3429 1498 tunc
3479 1445 3551 1500 ad
3610 1463 3679 1502 ea

2029 1525 2407 1596 progrediens
2439 1543 2566 1598 quae
2611 1526 2985 1598 disciplinam
3025 1529 3329 1601 physicam
3374 1539 3675 1606 superant,

2029 1630 2274 1684 quaeque
2305 1631 2339 1670 a
2369 1614 2724 1686 quibusdam
2755 1622 3040 1672 vocantur
3071 1619 3492 1692 metaphysica,
3547 1623 3675 1693 jam

2030 1703 2326 1770 inspector
2355 1704 2480 1758 ﬁeri
2524 1708 2713 1775 potest
2771 1722 2837 1760 ac
2890 1706 3240 1776 speculator.
3295 1713 3494 1782 Itaque
3551 1711 3676 1782 ubi,

2029 1791 2488 1862 inquit,astitero
2521 1792 2649 1863 tibi,
2681 1797 2737 1848 et
2768 1800 2963 1850 mente
2990 1812 3286 1851 accessero
3319 1797 3390 1852 ad
3433 1803 3489 1854 te
3537 1815 3676 1856 oon-

265 1879 356 1936 διὰ
402 1884 501 1936 τοῦ
531 1884 628 1935 νοῦ
675 1879 1043 1956 προσεγγίσω,
1089 1879 1212 1935 τότε
1258 1882 1358 1951 τὴν
1413 1880 1720 1950 ’ἐποπικήν
1769 1881 1917 1955 ἐνέρ·

466 1966 489 1990 ᾖ
529 1971 543 1990 \r
663 1973 689 1984 υ
859 1969 878 1990 ἱ
973 1970 988 1990 \
1145 1973 1172 1984 υ
1576 1974 1602 1984 ⁸·
1651 1969 1664 1988 9
1738 1969 1759 1990 Ἴ
1796 1971 1839 1990 ΙΙ

2044 1879 2458 1952 .emplandum,
2490 1885 2630 1936 tunc
2662 1881 2823 1938 illam
2853 1883 3203 1956 inspiciendi
3234 1885 3349 1941 vim
3398 1887 3677 1959 recipiam

2044 1986 2130 1990 ,η
3041 1974 3077 1990 η
3136 1979 3145 1990 .
3569 1977 3583 1990 ι

262 1990 412 2044 γειαν
463 1966 552 2024 διὰ
595 1973 694 2024 τοῦ
743 1969 882 2024 κατά
928 1970 1026 2039 τήν
1073 1973 1270 2045 γνῶσιν
1321 1974 1607 2047 φωτισμοῦ
1640 1969 1916 2044 ἀναλήψοο

271 2080 392 2132 μαι.
463 2055 685 2129 Συνᾴδει
714 2055 772 2112 δὲ
819 2057 999 2130 τούτῳ
1047 2060 1109 2112 τὸ
1140 2057 1451 2134 εἰρημένον,
1485 2059 1567 2114 ὅτι
1599 2059 1665 2116 Οἱ
1698 2057 1918 2133 οὐρανοὶ

269 2145 584 2222 διηγοῦνται
666 2143 820 2217 δόξαν
891 2150 1043 2202 Θεοῦ·
1104 2146 1211 2222 οὐχ
1267 2147 1348 2203 ὅτι
1410 2150 1597 2222 φωνὴν
1656 2147 1920 2217 αἰσθητὴν

265 2237 453 2315 ἀφιᾶσι
641 2241 761 2298 ταῖς
794 2237 981 2298 ἀκοαῖς
1012 2238 1196 2310 ἡμῶν,
1230 2235 1356 2292 ἀλλ’
1388 2235 1470 2292 ὅτι
1499 2238 1528 2292 6
1565 2242 1684 2301 τοῖς
1733 2235 1919 2312 λόγοις

263 2333 361 2396 τῆς
389 2330 489 2381 τοῦ
517 2327 731 2399 κόσμου
762 2326 1070 2388 συστάσσως
1115 2325 1620 2402 ἐγγυμνασάμενος,
1664 2326 1753 2381 καὶ
1780 2348 1920 2404 γνω-

268 2415 417 2491 ρίσας
467 2414 722 2470 ἁπάντων
764 2418 872 2470 τῶν
923 2416 1041 2470 κατ’
1085 2412 1308 2490 οὐρανὸν
1358 2417 1460 2485 τὴν
1510 2413 1769 2488 διάθεσιν,
1833 2414 1923 2470 διὰ

264 2506 497 2575 τούτων,
533 2505 702 2560 οἱονεὶ
734 2507 915 2583 φωνὴν
949 2505 1230 2583 ἀφιέντων,
1256 2507 1320 2561 τὸ
1365 2505 1656 2582 μεγαλεῖον
1695 2514 1796 2576 τῆς
1831 2505 1920 2561 δό-

266 2595 359 2664 ξης
387 2599 489 2649 τοῦ
516 2596 884 2665 πεποιηκότος
911 2594 1109 2658 αὐτοὺς
1141 2593 1552 2672 διδαχθήσεται.
1586 2597 1731 2672 Πρὸς
1761 2601 1921 2652 τοῦτο

266 2684 354 2738 καὶ
412 2685 442 2738 6
495 2686 789 2762 προφήτης
847 2686 997 2756 ἡμᾶς
1056 2681 1357 2755 διανίστησι
1420 2683 1616 2761 λέγωγ⁶
1663 2680 1920 2742 Ἀναϐλέ-

267 2775 401 2846 ψατε
457 2779 574 2835 τοῖς
653 2770 962 2848 ὀφθαλμοῖς
1029 2773 1205 2847 ὗμῶν,
1283 2774 1376 2828 καὶ
1455 2770 1594 2829 ἴδετε
1661 2773 1745 2836 τίς
1795 2796 1925 2829 κατ-

271 2858 438 2932 έδειξε
492 2863 668 2916 πάντα
721 2866 908 2918 ταῦτα.
967 2863 1044 2918 Τὸ
1100 2863 1201 2938 γὰρ
1246 2861 1473 2936 ὑψηλῶς
1508 2871 1802 2938 θεωρῆσαι,
1861 2863 1924 2918 τὸ

275 2946 578 3024 ἁναϐλέψαι
625 2950 758 3019 ἐστὶ,
811 2950 903 3005 καὶ
959 2951 1021 3005 τὸ
1079 2949 1168 3006 διὰ
1223 2957 1329 3006 τῶν
1382 2953 1672 3026 ὁρωμένων
1730 2956 1800 3024 τῇ
1829 2952 1925 3005 τοῦ

279 3035 652 3109 πεποιηκότος
711 3038 891 3111 ἐννοίᾳ
939 3042 1338 3116 προσαχθῆναι.
1397 3041 1472 3097 Τὸ
1522 3039 1578 3096 δὲ
1622 3039 1682 3095 ἐκ
1737 3041 1926 3102 νυκτὸς

280 3127 555 3204 ὀρθρίζειν
579 3128 713 3203 πρὸς
744 3130 836 3182 τὸν
868 3128 1019 3199 Θεὸν,
1073 3129 1324 3184 τοιοῦτὸν
1369 3129 1532 3184 ἔστιν’
1583 3128 1706 3184 ὅταν
1751 3132 1786 3198 ἡ
1835 3128 1926 3200 νὺξ

277 3217 553 3292 προκύψῃ,
582 3220 618 3287 ἡ
651 3214 707 3272 δὲ
736 3217 917 3294 ἡμέρα
947 3217 1153 3294 ἐγγίσῃ,
1179 3219 1268 3272 καὶ
1300 3219 1375 3280 ὡς
1401 3219 1451 3273 ἐν
1493 3219 1674 3295 ἡμέρᾳ
1720 3219 1927 3294 εὐσχη-

278 3307 465 3381 μόνως
525 3313 842 3383 περιπατεῖν
911 3307 1235 3382 ἀρξώμεθα,
1310 3305 1636 3381 ἆποθέμενοι
1678 3307 1746 3363 τὰ
1798 3302 1933 3383 ἔργα

272 3401 372 3451 τοῦ
424 3397 676 3463 σκότους,
733 3397 958 3469 κώμους
1009 3395 1098 3450 καὶ
1155 3397 1342 3470 μέθας,
1400 3397 1589 3459 κοίτας
1643 3397 1733 3452 καὶ
1773 3395 1933 3452 ἀσελ-

271 3485 442 3561 γείας,
501 3485 627 3541 τότε
658 3483 931 3558 δυνάμεθα
976 3483 1155 3560 λέγειν
1205 3487 1289 3558 τὸ,
1347 3487 1442 3541 Ἐκ
1497 3487 1684 3549 νυκτὸς
1745 3485 1934 3561 ὀρθρί-

276 3579 355 3642 ζει
415 3576 480 3629 τὸ
537 3572 750 3646 πνεῦμά
805 3593 912 3645 μου
967 3574 1103 3648 πρὸς
1163 3573 1240 3643 σὶ,
1300 3575 1328 3628 6
1381 3573 1534 3636 Θεός.
1567 3575 1696 3630 Εἶτα
1723 3575 1809 3629 καὶ
1841 3572 1936 3644 δη-

280 3660 377 3717 λοῖ
413 3660 506 3717 διὰ
535 3667 631 3718 τοῦ
661 3660 1078 3739 ἐπιφερομένου,
1125 3662 1178 3717 τί
1227 3661 1336 3719 ἔστι
1391 3663 1454 3718 τὸ
1485 3661 1535 3718 ἐν
1569 3662 1714 3736 αὐτῷ
1742 3664 1933 3718 ποιοῦν

276 3752 367 3806 τὸν
418 3751 638 3827 ὄρθρον.
692 3753 837 3806 Διότι
886 3754 1024 3826 φῶς,
1067 3753 1230 3830 φησὶ,
1277 3751 1344 3807 τὰ
1391 3755 1503 3827 (64)
1545 3753 1936 3828 προστάγματά

274 3861 372 3896 σου
406 3841 497 3896 ἐπὶ
523 3843 627 3909 τῆς
659 3847 786 3915 γῆς.
819 3845 947 3902 Φῶς
975 3841 1075 3915 γάρ
1108 3839 1219 3896 ἐστι
1257 3841 1324 3896 τὰ
1369 3841 1784 3917 προστάγματα,
1836 3839 1933 3897 λύ-

274 3949 405 3984 οντα
433 3930 498 3984 τὸ
530 3936 633 3998 τῆς
664 3927 884 4003 ἀγνοίας
916 3927 1127 3990 σκότος·
1165 3926 1250 3983 διὸ
1273 3929 1363 3984 καὶ
1395 3931 1457 3986 Ἠ
1508 3927 1703 3999 έντολή
1736 3929 1936 4005 Κυρίου

272 4039 338 4089 τη
349 4017 582 4095 λαυγής,
613 4018 928 4095 φωτίζουσα
955 4015 1298 4094 ὀφθαλμούς.

349 4199 478 4254 163.
511 4196 587 4251 Τὸ
621 4192 677 4250 δὲ
709 4194 761 4250 ἐν
787 4199 865 4268 τῷ
915 4196 1188 4267 ἑκατοστῷ
1228 4191 1439 4270 ψαλμῷ
1489 4194 1801 4272 εἷ’ρημένον,
1853 4194 1937 4250 ὅτι

281 4285 374 4348 Εἰς
421 4285 524 4348 τὰς
569 4284 780 4358 πρωίας
826 4283 1112 4339 ἀπέκτενον
1169 4287 1282 4356 (65)
1336 4285 1540 4348 πάντας
1586 4285 1715 4348 τοὺς
1763 4285 1938 4360 ἆμαρ-

281 4373 497 4436 τωλοὺς
531 4379 634 4442 τῆς
685 4379 814 4448 γῆς,
871 4373 1028 4427 παντί
1076 4393 1182 4428 που
1213 4369 1409 4442 δῆλον,
1443 4374 1524 4428 ὅτι
1559 4373 1610 4427 ἐν
1657 4373 1938 4449 αἲνίγματι

282 4460 707 4534 κεκαλλυμένως
766 4457 999 4536 εἷ’ρηται.
1061 4460 1140 4517 Οὐ
1198 4461 1323 4537 γὰρ,
1387 4462 1470 4516 ὅτι
1528 4463 1647 4526 καθ’
1709 4462 1936 4533 ἑκάστην

282 4551 462 4626 ἀρχὴν
523 4556 626 4619 τῆς
682 4550 894 4622 ἡμέρας
967 4548 1157 4623 αἵματι
1230 4551 1531 4624 ἀνθρώπων
1596 4552 1692 4614 τὰς
1750 4558 1940 4626 χεῖρας

2030 1986 2132 2040 per
2189 1969 2447 2026 scientia:
2503 1970 2976 2028 illustrationem.
3038 1974 3322 2030 Ceterum
3374 1993 3507 2032 cum
3569 1977 3681 2034 hoc

2029 2056 2408 2114 consentiunt
2439 2059 2612 2115 verba
2639 2059 2878 2116 isthtec:
2933 2062 3069 2118 Cwli
3123 2073 3388 2120 enarra»:
3432 2065 3682 2135 gloriam

2028 2147 2127 2203 Dei
2155 2149 2208 2203 2:
2245 2164 2358 2203 non
2383 2150 2536 2220 quod
2569 2149 2640 2204 ad
2673 2165 2845 2206 aures
2869 2155 3099 2208 nostras
3147 2153 3422 2209 emittant
3479 2171 3678 2212 vocem

2031 2237 2500 2308 sensibilem,sed
2520 2239 2670 2309 quod
2694 2239 2796 2310 qui
2817 2239 2962 2296 iniis
2981 2241 3335 2298 meditandis
3349 2242 3678 2301 rationibus

2031 2327 2248 2398 quibus
2278 2329 2634 2385 constitutus
2659 2329 2916 2384 mundus
2959 2333 3069 2396 est,
3102 2331 3451 2393 exercitatus
3480 2332 3677 2405 fuerit,

2031 2420 2088 2471 et
2134 2433 2237 2488 per
2291 2416 2484 2486 caelos,
2544 2417 2712 2483 quasi
2770 2434 2967 2474 vocem
3017 2419 3276 2488 edentes,
3356 2421 3681 2479 ccelestium

2033 2505 2298 2560 omnium
2319 2523 2515 2561 rerum
2538 2506 2982 2578 dispositionem
3016 2525 3081 2564 ac
3107 2515 3380 2565 ornatum
3400 2527 3682 2583 cognove-

2034 2595 2200 2660 verit,
2257 2594 2522 2651 addiscat
2575 2595 3075 2668 magnificentiam
3129 2597 3328 2671 gloria:
3368 2601 3518 2671 ejus,
3580 2601 3684 2673 qui

2034 2683 2296 2738 condidit
2330 2683 2526 2739 ccelos.
2559 2685 2848 2757 Propheta
2877 2685 3053 2742 etiam
3085 2689 3158 2742 ad
3199 2688 3254 2742 id
3310 2706 3415 2744 nos
3471 2690 3683 2746 invitat

2036 2771 2236 2827 dicens
2273 2791 2284 2827 :
2318 2772 2550 2828 Sursum
2569 2776 2802 2842 aspicite
2826 2776 2997 2831 oculis
3030 2778 3300 2846 vestris,et
3329 2778 3524 2846 videte,
3556 2780 3680 2850 quis

2033 2861 2410 2916 osiendithzec
2435 2864 2627 2917 omnia
2655 2864 2696 2915 ³.
2759 2863 2983 2917 Etenim
3037 2864 3152 2919 alte
3212 2865 3523 2937 speculari,
3586 2870 3680 2923 est

2035 2967 2271 3004 sursum
2302 2952 2582 3021 aspicere,
2607 2956 2782 3022 atque
2810 2968 2909 3022 per
2941 2952 3194 3008 visibilia
3224 2954 3294 3008 ad
3353 2954 3683 3012 Conditoris

2038 3038 2428 3109 cognitionem
2463 3039 2856 3094 adduci.lllud
2891 3041 3187 3110 autem,de
3218 3047 3386 3097 nocte
3417 3059 3588 3099 mane
3609 3045 3681 3099 ad

2037 3133 2217 3182 Deum
2243 3128 2904 3198 consurgere,ejusmodi
2935 3129 3154 3200 aliquid
3184 3136 3373 3186 sonat:
3395 3133 3680 3189 nimirum

2037 3233 2170 3271 cum
2203 3233 2315 3270 nox
2345 3233 2651 3287 progressa
2685 3217 2876 3285 fuerit,
2902 3217 3028 3272 dies
3063 3223 3256 3274 autem
3280 3221 3429 3277 495
3467 3238 3678 3293 appro-

2046 3303 2429 3375 pinquarit,et
2445 3304 2599 3358 sicut
2619 3305 2677 3359 in
2709 3305 2802 3359 die
2831 3305 3155 3376 composite
3177 3306 3479 3362 ambulare
3501 3325 3682 3380 cmpe-

2045 3392 2538 3464 rimus,operibus
2569 3394 2940 3449 tenebrarum
2973 3392 3221 3464 abjeotis
3253 3411 3267 3461 ;
3326 3411 3682 3453 commessa-

2044 3484 2321 3552 tionibus,
2355 3483 2758 3549 ebrietatibus,
2791 3483 3080 3540 cubilibus
3111 3484 3479 3542 etlasciviis‘
3508 3492 3684 3544 :tuno

2044 3589 2362 3644 possumus
2391 3572 2612 3628 dicere:
2646 3573 2720 3628 De
2747 3582 2902 3628 nocte
2930 3589 3092 3630 mane
3127 3577 3408 3648 consurgit
3455 3576 3686 3649 spiritu:

2042 3678 2199 3717 meus
2227 3661 2297 3716 ad
2327 3666 2400 3728 te,
2432 3663 2571 3716 Deus
2593 3662 2632 3715 ⁸.
2666 3661 2883 3716 Deinde
2913 3661 3052 3733 quid
3076 3662 3132 3716 in
3165 3664 3292 3735 ipso
3351 3665 3679 3722 diluculum

2044 3751 2278 3819 efﬁciat,
2301 3751 2558 3805 ostendit
2587 3751 2761 3805 etiam
2794 3751 2988 3804 verbis
3041 3754 3460 3821 sequentibus:
3513 3758 3683 3826 Quia,

2043 3839 2256 3910 inquit,
2281 3843 2555 3909 praecepta
2585 3846 2677 3892 tua
2707 3839 2806 3893 tua:
2824 3843 2950 3893 sunt
2977 3855 3140 3909 super
3165 3844 3370 3895 terram
3388 3843 3428 3898 ⁸.
3462 3845 3688 3914 Quippe

2044 3928 2142 3983 lux
2174 3931 2313 3983 sunt
2343 3933 2651 3998 praecepta,
2680 3944 2806 3998 quae
2835 3928 3178 3997 ignorantiae
3212 3931 3482 3985 tenebras
3511 3947 3684 3987 excu-

2045 4019 2238 4084 tiunt;
2273 4032 2458 4088 eoque
2500 4016 2847 4087 Praeceptum
2887 4017 3118 4071 Domini
3165 4017 3430 4085 lucidum,
3464 4017 3686 4074 illumi-

2047 4124 2203 4162 mans
2232 4105 2414 4162 oculos
2435 4106 2476 4159 ⁷.

2119 4197 2241 4252 163.
2291 4197 2664 4266 Compertum
2712 4197 2803 4250 est
2851 4197 3046 4249 autem
3097 4194 3374 4252 omnibus
3419 4211 3485 4252 ac
3559 4213 3689 4268 per-

2047 4291 2338 4357 spectum,
2379 4285 2534 4355 quod
2567 4283 2626 4338 in
2660 4283 2879 4355 psalmo
2901 4285 3221 4339 centesimo
3252 4285 3475 4340 dictum
3507 4291 3615 4341 est:
3631 4286 3690 4342 In

2046 4375 2338 4430 matutinis
2370 4373 2768 4443 interﬁciebam
2807 4389 2992 4429 omnes
3037 4377 3337 4444 peccatores
3393 4378 3573 4442 terrae,
3632 4375 3691 4431 id

2050 4464 2107 4518 in
2133 4464 2442 4535 aenigmate
2461 4467 2610 4518 tecte
2634 4462 2856 4517 dictum
2886 4462 3221 4518 fuisse.Non
3245 4464 3400 4520 enim
3435 4481 3698 4535 unoquo-

2049 4569 2163 4624 que
2180 4551 2293 4607 diei
2308 4550 2475 4606 initio
2491 4549 2777 4622 sanguine
2793 4550 3055 4607 humano
3073 4551 3459 4623 inquinabam
3482 4569 3696 4610 manus

282 4638 666 4713 ιμολυνόιαην⁹
714 4639 982 4726 οὐᾼτοῦτό
1043 4660 1204 4716 φησιν
1264 4640 1293 4693 6
1355 4637 1539 4715 λόγος.
1603 4643 1779 4697 Τοῦτο
1838 4640 1927 4716 γὰρ

2051 4640 2165 4696 Hoc
2230 4655 2602 4711 nequaquam
2661 4638 2956 4710 signiﬁcat
3020 4640 3342 4713 Scriptura.
3401 4641 3461 4696 Id
3519 4642 3698 4712 enim,

284 4731 420 4805 πρὸς
451 4731 536 4800 τῷ
559 4725 743 4802 ἐναγεῖ
789 4721 866 4782 ἔτι
923 4729 1010 4782 καὶ
1062 4729 1123 4783 τὸ
1170 4727 1432 4792 ἀπίθανον
1465 4726 1602 4802 ἔχει.
1658 4732 1782 4791 Πῶς
1831 4728 1934 4802 γὰρ

285 4820 506 4872 πάντων
558 4814 801 4886 ἠδύνατο
831 4817 951 4880 καθ’
1005 4817 1232 4886 εκάστην
1270 4816 1481 4892 πρωίαν
1539 4816 1797 4892 αὐτόχειρ
1854 4837 1938 4891 γε-

283 4908 468 4963 νέσθαι
528 4910 639 4960 τῶν
687 4904 1030 4980 ἁμαρτωλῶν
1086 4912 1187 4975 τῆς
1243 4911 1390 4980 γῆς;
1453 4904 1530 4964 Οὔ
1587 4906 1690 4981 γὰρ
1721 4907 1933 4961 πάντων

287 4995 654 5073 περιγίνεσθαι
704 4991 924 5048 δυνατὸν
975 4992 1040 5062 ἦν
1087 4991 1202 5062 ἕνα,
1257 4993 1481 5050 πνλλῶν
1706 4999 1811 5049 τῶν
1853 4995 1936 5066 ἐξ·

2047 4734 2436 4801 praeterquam
2471 4728 2625 4799 quod
2660 4727 3074 4784 detestandum
3106 4733 3215 4796 est,
3271 4729 3463 4786 adhuc
3519 4731 3698 4786 etiam

2047 4815 2389 4873 incredibile
2418 4819 2508 4870 est
2553 4818 2610 4870 et
2666 4815 3014 4873 absurdum.
3075 4819 3374 4884 Quomodo
3437 4834 3696 4891 namque

2047 4921 2402 4977 unoquoque
2433 4903 2688 4958 diluculo
2712 4920 2890 4959 manu
2911 4906 3148 4976 propria
3178 4906 3464 4978 potuisset
3483 4923 3690 4962 omnes

2045 5001 2210 5051 terra:
2269 4997 2601 5066 peccatores
2658 4992 3047 5049 interimere?
3107 4995 3306 5068 Neque
3363 4996 3521 5053 enim
3573 4994 3699 5053 ﬁeri

366 5111 564 5168 ’Peal.
596 5126 757 5181 xvm,
784 5110 840 5164 2.
872 5111 892 5145 ³
925 5111 1039 5166 lsa.
1070 5128 1162 5178 XL,
1194 5111 1286 5167 26.
1319 5112 1341 5146 ‘
1369 5087 1539 5168 item.
1572 5128 1697 5183 xm,
1730 5113 1818 5176 12,
1854 5112 1939 5168 13.
2016 5113 2037 5148 ⁵
2068 5113 2179 5167 lsa.
2210 5127 2360 5179 xxvr,
2391 5110 2445 5163 9.
2486 5109 2507 5143 °
2539 5108 2684 5164 ibid.
2716 5109 2771 5162 6.
2803 5108 2822 5142 ’⁷
2856 5108 3005 5165 Psal.
3031 5127 3191 5180 XVIII,
3212 5111 3266 5166 9.
3305 5159 3308 5162 .

362 5228 478 5299 (62)
509 5225 661 5282 Editi
692 5230 748 5282 et
771 5225 910 5298 Reg.
960 5225 1400 5314 primus,ntie::d
1452 5225 1781 5314 td‘tppotxci.
1819 5226 1940 5314 ,Alii

292 5314 414 5356 tres
443 5296 617 5367 mss.,
651 5296 1002 5370 μεταφυσικᾷ,
1032 5299 1198 5354 bene.
1225 5296 1450 5356 Ibidem
1479 5296 1642 5370 editi,
1672 5299 1761 5352 καὶ
1815 5296 1939 5352 ἐπο-

292 5370 511 5431 πτικός.
547 5376 625 5425 At
650 5367 975 5443 voculami
1007 5371 1242 5443 inmss.
1267 5389 1390 5443 non
1412 5367 1650 5443 legitur.

371 5445 480 5525 (63)
514 5446 753 5525 Veteres
785 5441 1046 5525 quinqge
1067 5441 1222 5525 libri,
1249 5441 1648 5525 é?ti?t.;Egiti
1692 5444 1752 5525 et
1801 5441 1940 5513 Reg.

298 5511 552 5590 primus,
585 5511 1035 5590 detnsa—“Raulo
1070 5511 1214 5590 post
1244 5511 1580 5590 Cdmbeﬁsii
1636 5515 1815 5590 codex
1842 5511 1946 5590 τὸ·

2120 5225 2234 5296 (64)
2263 5223 2410 5302 Editi
2438 5229 2496 5279 et
2525 5224 2665 5302 Reg.
2700 5223 2950 5296 primus,
2974 5228 3089 5302 φῶς
3121 5224 3231 5281 ἐστι
3277 5224 3364 5282 τά.
3419 5226 3532 5282 Alii
3582 5231 3701 5282 tres

2052 5313 2229 5378 ωεὲυ,
2252 5299 2532 5378 vesana
2561 5295 2645 5378 τᾴ·

2125 5370 2234 5438 ί65)
2266 5365 2450 5434 Ἐάίῐί,
2491 5366 2837 5441 ἀπέκτεινον.
2878 5371 2951 5441 At
3005 5385 3148 5426 mss.
3210 5388 3332 5441 sex,
3389 5365 3698 5436 ἀπέκτενον,

2056 5457 2161 5496 nec
2191 5441 2360 5496 aliter
2389 5440 2666 5496 scribitur
2693 5441 2848 5512 apud
2882 5440 3036 5496 LXX.

2269 5512 2507 5594 _et
2540 5512 2676 5594 Reg.
2709 5503 2951 5594 tertius,
2966 5511 3335 5594 περιγενέσθαι
3368 5506 3586 5594 δυνατὸν

300 5579 717 5662 ἐθηιξοιίοᾴω-
755 5585 952 5662 editis,
988 5579 1258 5662 ⁸ςξτιῖἀντων
1308 5587 1425 5662 aut:
1481 5586 1742 5662 οὐρανόν,
1789 5585 1927 5642 Alte}

2057 5579 2306 5662 πολλῶν.
2341 5579 2708 5662 {Aliiquidam
2734 5600 2873 5662 mss.
2900 5583 2982 5662 uti
3007 5579 3066 5638 in
3099 5579 3543 5662 contextuaﬂog
3559 5579 3702 5662 editi

304 5659 643 5734 Cpmbeﬁsii
669 5657 847 5716 codex
865 5663 923 5716 et
950 5655 1051 5714 alii
1077 5662 1348 5734 quatuor,
1397 5655 1647 5716 ἁπάντων
1677 5661 1785 5713 τῶν
1834 5656 1949 5712 κατ’

307 5729 557 5810 οὐρανόν.

2060 5661 2118 5712 et
2145 5656 2429 5713 recentior
2451 5651 2784 5710 Combeﬁsii
2824 5654 3022 5720 codex,
3082 5653 3132 5706 εἷ’
3177 5655 3238 5708 τὸ
3295 5651 3457 5714 εἰκός.
3524 5652 3704 5709 Inter-

2063 5744 2197 5803 pres
2225 5744 2241 5785 :
2271 5728 2437 5783 Estne
2464 5725 2562 5783 hoc
2591 5727 2816 5783 veritati
2841 5728 3284 5784 consentaneum.
3318 5726 3477 5783 alter
3528 5727 3700 5781 Com-
