4048 6220
447 436 561 499 387

1396 426 1793 489 APPENDIX
1836 423 2164 489 OPEHUM
2209 428 2274 487 S.
2322 422 2599 490 BASlLll
2648 425 2923 493 MAGNI.

3737 426 3861 494 388

450 569 774 641 poterat,ut
805 582 960 622 unus
992 562 1269 619 omnibus
1298 561 1567 617 evaderet
1595 560 1865 633 superior
1885 575 2093 631 :quan-

2211 555 2630 633 αμαρτανόντων
2690 559 2883 635 ὅντων,
2913 563 2989 627 ὡς
3016 564 3079 619 τὸ
3110 560 3278 625 ainde“
3302 561 3393 618 καὶ
3423 559 3470 617 εἶ
3499 561 3735 636 πολέμῳ
3758 562 3857 617 at}-

450 657 791 730 doquidem,
820 659 884 711 ut
912 655 1163 718 constat,
1198 650 1366 706 multi
1395 655 1533 707 sunt
1562 648 1664 722 qui
1695 649 2043 721 delinquant
2074 662 2087 702 :

447 751 506 803 et
529 747 580 802 si
603 745 756 803 bello
770 761 869 801 eos
883 741 1455 815 superasset,utique
1474 737 1733 794 diluculo
1755 754 1871 793 uno
1889 752 2092 793 omnes

446 834 627 893 simul
649 832 959 891 occidisset
982 850 997 901 ;
1022 831 1125 887 sed
1148 846 1261 885 nou
1282 843 1635 900 unoquoque
1666 825 1921 882 diluculo
1948 824 2092 897 ipsis

450 942 561 983 sua
592 939 771 979 manu
796 919 1097 977 intulisset
1126 921 1399 973 mortem.
1432 917 1581 982 Quid
1605 916 1787 988 igitur
1816 915 1926 971 hoc
1981 913 2092 970 sibi

442 1013 601 1071 vult:
646 1013 709 1068 In
754 1011 1053 1066 matutinis
1100 1005 1501 1076 z'ntcrﬁoiebam
1559 1021 1742 1061 omne:
1792 1011 2094 1077 peccatores

446 1106 631 1169 terra,
664 1108 726 1155 ut
753 1096 1121 1171 disperderem
1149 1095 1216 1151 de
1243 1096 1472 1150 civitate
1502 1095 1723 1150 Domini
1750 1109 1935 1150 omne:
1964 1108 2091 1165 ope-

441 1194 627 1247 rante:
656 1189 1002 1260 iniquitatem
1019 1185 1047 1241 7
1077 1185 1242 1241 Dicta
1264 1184 1464 1240 isthaac
1495 1183 1684 1256 magis
1705 1183 1847 1239 scite
1872 1182 2090 1255 magis-

444 1294 557 1350 que
587 1275 854 1349 opposite
884 1273 1326 1347 intelligamus;
1360 1277 1426 1327 ut
1456 1288 1547 1343 ne,
1576 1272 1731 1343 quod
1764 1272 1927 1326 nefas
1978 1274 2087 1339 est,

443 1364 785 1440 prophetica
840 1378 1235 1436 coarguamus
1284 1360 1539 1419 oracula.
1587 1361 1799 1416 Civitas
1830 1358 2087 1424 Domini,

441 1458 855 1528 coagmentum
873 1457 963 1510 est
987 1457 1044 1508 et
1063 1450 1407 1507 constitutio
1431 1450 1647 1522 opificii
1675 1448 1915 1504 humani
1942 1464 2090 1520 :pec-

441 1549 665 1601 catores
693 1559 826 1599 vero
855 1546 1021 1598 terrae
1055 1557 1169 1597 non
1202 1539 1300 1594 alii
1323 1543 1484 1613 sunt,
1509 1555 1687 1610 quam
1717 1538 1754 1593 ii
1779 1539 1851 1595 de
1872 1537 2088 1610 quibus

442 1635 706 1707 loquitur
731 1636 999 1688 Servator
1021 1647 1033 1687 :
1058 1631 1142 1686 Ab
1162 1629 1411 1701 intimis,
1431 1629 1469 1683 A
1492 1628 1651 1685 corde
1669 1630 2086 1699 exeuntcogita-

443 1726 617 1780 tiones
631 1722 817 1791 malst,
846 1720 1096 1785 invidia,
1130 1718 1337 1786 caedes,
1363 1717 1665 1787 adulteria,
1715 1719 1896 1789 furta,
1944 1718 2089 1789 falsa

443 1812 753 1869 testimonia
780 1810 824 1876 ⁸,
856 1813 915 1865 et
943 1809 1039 1865 his
1070 1806 1305 1866 similia.
1335 1807 1440 1873 Qui
1487 1811 1685 1862 autem
1716 1822 1779 1863 se
1828 1806 1955 1879 ipse
1997 1824 2089 1863 ex-

2198 650 2306 701 τῶν
2372 648 2790 723 κατεκράτησαν,
2871 650 2921 707 ἰν
3009 653 3106 726 μίᾷ
3176 651 3389 713 πάντως
3456 649 3516 706 ἂν
3570 650 3852 707 ἀπέκτεινε

2200 736 2382 810 πρωίᾳ
2427 737 2553 800 τοὺς
2600 737 2930 812 σύμπαντας⁶
2974 738 3103 795 ἀλΛ²
3151 739 3279 816 οὐχὶ
3327 739 3416 795 καὶ
3458 742 3575 795 καθ’
3621 739 3854 809 ἑκάστην

2200 826 2408 898 πρωίαν
2454 826 2711 903 αὐτόχειρ
2772 828 2945 884 αὐτῶν
3000 828 3206 905 ἐγένετο
3263 832 3396 904 (67).
3468 829 3535 888 Τί
3593 829 3684 884 οὗν
3735 829 3849 884 ἐστι

2199 913 2284 983 τὸ,
2343 914 2438 976 Εἷς
2493 917 2589 970 τὰς
2632 916 2840 991 πρωίας
2894 918 3182 973 ἀπέκτενον
3242 919 3444 981 πάντας
3496 916 3622 980 τοὺς
3665 916 3855 991 ἀμαρ-

2198 1002 2413 1066 τωλοὺς
2486 1011 2588 1074 τῆς
2658 1012 2781 1080 γῆς,
2863 1011 2960 1061 τοῦ
3036 1004 3412 1083 ἐξολοθρεῦσαι
3491 1006 3550 1062 iv.
3619 1004 3857 1079 ﬁdlem;

2201 1093 2405 1166 Κυρίου
2463 1095 2667 1159 πάντας
2742 1096 2868 1157 τοὺς
2945 1094 3337 1172 ἐργαζομένους
3410 1098 3508 1166 τὴν
3569 1096 3851 1170 ἀνομίαν;

2202 1183 2570 1257 Συνετώτερον
2629 1188 2734 1239 τῶν
2786 1183 3088 1259 λεγομὲνων
3151 1184 3559 1259 ἐπακούσωμεν,
3620 1182 3709 1240 ἵνα
3770 1186 3851 1259 μὴ

2198 1274 2664 1348 κατηγορήσωμεν
2691 1275 2797 1327 τῶν
2830 1277 3183 1349 προφητικῶν
3240 1272 3462 1350 λογίων,
3496 1274 3525 1329 ὃ
3554 1274 3628 1347 μή
3663 1274 3851 1347 θέμις,

2199 1360 2368 1423 Πόλις
2401 1365 2497 1415 τοῦ
2530 1359 2755 1435 Κυρίου,
2807 1364 2842 1431 ἡ
2884 1362 3136 1425 σύστασίς
3183 1361 3293 1418 ἐστι
3349 1370 3450 1433 τῆς
3501 1363 3852 1438 ἀνθρωπίνης

2196 1456 2550 1520 κατασκευῆς
2584 1450 2904 1525 ἁμαρτωλοὶ
2932 1448 2989 1506 δὲ
3026 1458 3147 1528 γῆς,
3179 1451 3277 1507 οὐκ
3306 1450 3470 1508 ἄλλοι
3500 1453 3638 1515 τινὲς
3684 1453 3848 1522 εἰσιν,

2196 1541 2230 1610 ἢ
2289 1540 2410 1614 περὶ
2469 1541 2541 1594 ὧν
2602 1561 2764 1617 φησιν
2819 1542 2854 1609 ἡ
2915 1542 3132 1616 Σωτήρ·
3193 1542 3275 1595 δτι
3328 1536 3545 1614 ἔσωθεν,
3601 1542 3693 1597 Ἐκ
3746 1545 3852 1606 τῆς

2195 1627 2417 1705 καρδίας
2493 1629 2799 1705 ἐξέρχονται
2871 1627 3224 1704 διαλογισμοὶ
3297 1632 3551 1704 πονηροὶ,
3628 1630 3849 1706 φθόνοι,

2197 1719 2373 1795 φόνοι,
2435 1723 2731 1794 μοιχεῖαι,
2780 1716 2984 1773 κλοπαί
3016 1764 3032 1791 ,
3091 1716 3575 1794 ψευδομαρτυρίαι,
3630 1720 3723 1774 καὶ
3776 1721 3846 1774 τά

2192 1808 2409 1872 τούτοις
2464 1808 2652 1883 ὅμοια.
2703 1807 2944 1872 Τούτους
3000 1806 3067 1877 δὴ
3236 1808 3363 1871 τοὺς
3402 1815 3505 1879 τῆς
3529 1815 3627 1884 γῆς
3656 1810 3845 1885 ἁμαρ-

442 1904 676 1975 purgat,
726 1898 873 1955 istos
902 1901 1068 1954 terra:
1117 1899 1451 1969 peccatores
1507 1911 1576 1952 ex
1632 1899 1862 1953 terrena
1912 1913 2087 1953 carne

2198 1898 2431 1970 τωλοὺς,
2490 1898 2617 1961 τοὺς
2677 1897 2737 1954 ἐκ
2780 1906 2882 1968 τῆς
2925 1897 3118 1974 γηίνης
3157 1900 3351 1974 σαρκὸς
3397 1900 3691 1973 προϊόντας
3721 1901 3843 1955 καθ’

443 1988 820 2062 prodeuntes,
855 2003 955 2059 per
986 1984 1309 2058 quamlibet
1338 1983 1439 2041 Dei
1456 1984 1867 2058 cogitationem
1882 2001 1951 2042 ex
1979 2002 2089 2062 sua

443 2060 739 2134 structura
768 2077 934 2149 fugat
960 2080 1017 2131 et
1049 2075 1239 2146 ejecit.
1268 2074 1472 2145 Itaque
1502 2073 1602 2130 lux
1634 2076 1823 2146 prima
1853 2079 1909 2131 et
1940 2060 2090 2132 dilu-

441 2166 642 2223 culum
674 2165 747 2221 ad
779 2179 1262 2236 unumquemque
1280 2162 1568 2219 salutiferi
1598 2164 1895 2236 dogmatis
1923 2182 2088 2221 exor-

442 2260 571 2314 tum
604 2259 930 2313 nascuntur
958 2255 1017 2308 in
1048 2254 1268 2323 anima,
1298 2252 1358 2308 in
1390 2269 1505 2325 qua
1535 2251 1794 2309 delenda:
1838 2260 1978 2310 sunt
2033 2259 2091 2312 et

440 2343 897 2401 exterminanda:
926 2358 1130 2398 omnes
1161 2340 1541 2413 cogitationes
1561 2342 1930 2414 iniquitatem
1952 2360 2089 2415 ope-

441 2436 658 2491 rantes.
691 2432 918 2488 Etenim
951 2430 1065 2487 nisi
1098 2431 1273 2503 primi
1303 2428 1385 2485 illi
1417 2432 1623 2487 animos
1654 2432 1726 2488 ad
1760 2432 2087 2505 nequitiam

445 2528 641 2579 motus
671 2520 1113 2589 abscinduntur,
1140 2535 1376 2576 necesse
1408 2519 1581 2576 fuerit
1602 2521 1984 2592 cogitationes
2014 2522 2088 2577 ad

444 2628 595 2685 opus
625 2610 954 2683 procedere.
985 2608 1155 2664 Verbi
1180 2608 1387 2680 gratia,
1410 2613 1576 2664 terrea
1610 2614 1876 2681 peccator
1929 2610 2086 2682 cogi-

440 2700 582 2756 tatio
613 2703 703 2755 est.
733 2697 1088 2754 adulterium
1121 2711 1465 2768 suggerens,
1495 2713 1621 2768 quze
1653 2698 1832 2753 efﬁcit
1863 2703 1927 2753 ut
1956 2699 2090 2771 quis

440 2787 748 2845 mulierem
763 2787 1061 2842 intueatur
1082 2785 1152 2840 ad
1171 2801 1297 2840 eam
1316 2784 1884 2857 concupiscendam“.
1898 2788 2091 2843 Proin-

442 2878 513 2935 de
544 2876 657 2933 nisi
688 2874 930 2932 tollatur
959 2891 1027 2930 ex
1056 2874 1270 2944 anima,
1316 2874 1498 2929 veluti
1558 2874 1752 2947 gladio
1807 2876 2086 2947 quodam,

442 2980 715 3023 sermone
745 2962 1100 3035 cupiditates
1118 2960 1482 3018 abscindenti
1515 2967 1572 3018 et
1592 2966 2092 3037 exterminanti,et

444 3054 560 3111 nisi
593 3053 652 3109 id
684 3053 786 3109 ﬂat
813 3051 1099 3120 diluculo,
1130 3050 1241 3108 hoc
1271 3056 1381 3121 est,
1416 3052 1513 3107 ubi
1546 3053 1799 3124 primum
1832 3072 1959 3112 sese
1989 3057 2089 3113 de-

441 3141 696 3198 texerit:
748 3145 881 3213 post
926 3139 1279 3196 adulterium
1337 3139 1397 3194 in
1469 3141 1641 3196 corde
1716 3150 2088 3217 conceptum,

442 3230 741 3287 hominem
769 3229 1042 3285 detrudet
1068 3228 1130 3283 in
1161 3232 1462 3299 peccatum
1485 3229 1600 3284 alio
1629 3232 1888 3302 gravius,
1922 3233 2085 3290 illum

446 3319 665 3390 quippe
687 3318 758 3373 ad
786 3317 985 3389 ipsum
1011 3316 1272 3387 corporis
1297 3320 1491 3372 actum
1513 3316 1795 3389 impellet.

521 3494 641 3550 164.
664 3493 1032 3549 Arbitramur
1051 3491 1145 3547 his
1166 3507 1424 3548 consona
1453 3510 1581 3549 esse
1612 3494 2087 3555 isthcheremiae

440 3584 661 3640 verba:
706 3582 1020 3638 Maledictus
1040 3584 1139 3653 qui
1154 3581 1294 3655 facit
1339 3596 1505 3653 Opera
1547 3584 1769 3641 Domini
1809 3588 2089 3659 negligen-

444 3678 609 3743 ter,et
639 3673 737 3743 qui
761 3671 1036 3727 subtrahit
1062 3668 1314 3741 gladium
1338 3671 1653 3728 4983mm:
1682 3691 1717 3729 a
1744 3678 2085 3747 sanguine”.

444 3763 727 3837 Quisquis
748 3763 904 3819 enim
940 3760 1434 3833 maledictihujus
1464 3766 1840 3824 acerbitatem
1876 3771 2097 3828 evitare

441 3853 585 3924 vult,
604 3852 864 3926 gladium
888 3868 1060 3908 suum
1084 3850 1450 3923 spiritualem
1475 3855 1547 3909 al)
1569 3857 1921 3915 effundeldo
1950 3878 2087 3917 san-

441 3942 619 4016 guine
649 3941 939 4014 ejusmodi
970 3945 1341 4012 peccatorum
1366 3959 1667 4015 nunquam
1697 3946 1967 4005 cohibere
1997 3951 2090 4007 de-

441 4033 558 4090 bet.
589 4031 726 4088 Tale
755 4031 937 4104 igitur
977 4034 1067 4085 est
1093 4034 1147 4085 et
1181 4031 1336 4101 quod
1371 4048 1526 4087 nunc
1554 4032 1769 4090 dicitur
1822 4038 1893 4093 de
1940 4039 2090 4095 dilu-

439 4121 593 4178 culo.
621 4121 718 4176 Vae
750 4119 858 4186 illi,
897 4120 997 4191 qui
1038 4119 1175 4175 licet
1204 4124 1338 4191 post
1387 4121 1635 4192 primum
1691 4129 1915 4181 aetatem
1954 4146 2090 4185 exa-

438 4214 614 4276 ctam,
647 4209 870 4265 ratinne
901 4207 1110 4279 inipso
1146 4208 1457 4277 exoriente,
1511 4228 1543 4265 a
1603 4213 1857 4270 tenebris
1910 4222 1967 4271 et
2018 4218 2090 4274 ab

437 4298 781 4371 ignorantiae
813 4301 981 4365 nocte
1011 4297 1538 4363 emerserit,tamen
1570 4299 1743 4354 simul
1778 4308 1841 4357 ut
1878 4305 2090 4362 excita-

440 4390 540 4443 tus
567 4391 712 4441 est‘a
736 4385 1227 4450 somno,siceram
1250 4390 1526 4442 sectatur.
1556 4388 1633 4442 Ex
1664 4388 1735 4444 iis
1767 4396 1962 4449 autem
1991 4398 2093 4468 qui

440 4493 474 4532 ιι
502 4474 859 4531 turbulentis
891 4474 1197 4529 affectibus
1226 4473 1436 4530 devicti
1467 4481 1608 4531 sunt
1638 4482 1695 4533 et
1734 4480 1965 4554 dejecti,
1992 4486 2093 4542 alii

439 4564 501 4621 in
522 4563 864 4635 cupiditatis
887 4561 1232 4618 temulentis
1253 4566 1751 4636 permansere;alii
1774 4581 2093 4646 expurgata

2202 1985 2429 2059 ἱκάστην
2490 1985 2697 2043 ἔννοιαν
2758 1991 2870 2061 (69)
2925 1988 3022 2056 τήν
3081 1987 3206 2062 περὶ
3264 1991 3399 2043 Θεοῦ
3455 1987 3758 2067 ἐξαφανίζει
3789 1987 3851 2044 ἔκ

2197 2085 2298 2149 τῆς
2334 2075 2473 2140 ἰδίας
2503 2074 2805 2139 συστᾶσεως
2837 2079 2945 2150 (70)
2976 2077 3005 2131 ὁ
3037 2078 3225 2132 ἑαυτὸν
3269 2075 3622 2153 ἐκκαθαίρων.
3656 2078 3852 2153 Πρωία

2200 2165 2291 2222 οὖν
2352 2167 2442 2222 καὶ
2502 2162 2694 2241 ὄρθρος
2763 2165 2814 2221 ἐν
2892 2168 3047 2241 ψυχῇ
3106 2166 3220 2221 καθ’
3279 2165 3507 2235 ἑκάστηθ
3569 2166 3850 2240 σωτηρίου

2199 2253 2469 2331 δόγματος
2523 2252 2795 2324 ἀνατολὴν
2851 2253 3075 2329 γίνεται·
3129 2252 3180 2307 ἐν
3241 2255 3280 2326 ᾗ
3332 2252 3727 2332 ἐξαφανίζεσθαι
3762 2252 3853 2310 δεῖ

2197 2346 2397 2409 πάντας
2423 2344 2552 2409 τοὺς
2576 2343 2965 2420 ἐργαζομένους
2994 2345 3092 2413 τὴν
3127 2342 3353 2416 ἀνομίαν
3404 2342 3723 2419 λογισμούς.
3782 2345 3851 2401 Εἴ

2197 2436 2300 2510 γάρ
2358 2436 2433 2507 μή
2491 2435 2557 2488 τὰ
2613 2438 2803 2510 πρῶτα
2857 2434 2992 2504 πρὸς
3064 2432 3330 2509 πονηρίαν
3410 2437 3682 2506 κινήματα
3743 2440 3854 2503 τῆς

2197 2527 2384 2599 ψυχῆς
2443 2521 2763 2597 ἔκτμηθείη,
2823 2520 3029 2597 ἀνάγκη
3089 2521 3166 2584 εἷς
3213 2516 3374 2597 ἔργον
3402 2528 3714 2598 προχωρεῖν
3744 2523 3851 2585 τάς

2198 2612 2537 2686 ἐνθυμήσεις.
2597 2615 2745 2684 Οἷον,
2798 2618 2901 2685 γῆς
2953 2610 3279 2685 ἁμαρτωλός
3337 2610 3475 2666 ἐστιν
3507 2612 3663 2681 ὁτήν
3716 2634 3852 2685 μοι·

2198 2702 2352 2777 χείαν
2408 2696 2737 2757 ὑποϐάλλων
2770 2699 3057 2775 λογισμός·
3092 2702 3239 2762 ὅστις
3277 2699 3478 2777 ἐνεργεῖ
3524 2700 3588 2756 τὸ
3638 2696 3850 2774 ἐμϐλέ-

2197 2794 2294 2863 ψαι
2323 2789 2535 2865 γυναικὶ
2594 2790 2729 2863 πρὸς
2781 2790 2843 2844 τὸ
2902 2788 3230 2862 ἐπιθυμῆσαι
3289 2789 3489 2859 αὐτῆς.
3555 2789 3685 2846 οΕάν
3747 2788 3850 2845 οὖν

2201 2880 2278 2953 μὴ
2309 2879 2624 2953 ἀποκτανΘῇ
2652 2877 2711 2933 εκ
2738 2885 2838 2948 τῆς
2887 2880 3093 2953 ψυχῆς,
3151 2878 3317 2933 οἱονεὶ
3381 2877 3517 2955 ξίφει
3573 2877 3702 2947 τινὶ,
3764 2884 3854 2951 τῷ

2195 2973 2451 3041 τμητικῷ
2480 2966 2632 3043 λόγῳ
2661 2968 2750 3023 καὶ
2782 2968 3114 3045 ἀφανιστικῷ
3149 2971 3256 3021 τῶν
3288 2968 3495 3039 παθῶν,
3543 2968 3631 3022 καὶ
3676 2972 3851 3024 τοῦτο

2196 3059 2412 3133 γένηται
2445 3056 2497 3112 ἰν
2528 3057 2730 3133 πρωίᾳ,
2761 3057 3026 3124 τουτέστι,
3053 3056 3188 3111 κατά
3213 3056 3312 3124 τὴν
3363 3056 3439 3118 εἰς
3496 3057 3557 3112 τὸ
3609 3058 3850 3134 φανερὸν

2197 3144 2561 3221 ἀποκάλυψιν·
2612 3146 2747 3219 μετά
2790 3148 2891 3215 τήν
2941 3146 2992 3200 ἓν
3040 3141 3234 3220 καρδίᾳ
3282 3144 3557 3221 μοιχείαν,
3606 3147 3696 3201 καὶ
3752 3146 3846 3202 ἐπὶ

2198 3238 2296 3305 τὴν
2333 3234 2554 3308 μείζονκ
2581 3234 2782 3306 ταύτης
2814 3234 3080 3310 ἁμαρτίαν
3130 3233 3347 3308 προάξει
3394 3235 3485 3289 τὸν
3532 3232 3849 3309 ἄνθρωπον,

2119 3294 2163 3361 C
2200 3294 2343 3401 πρὸς
2364 3294 2462 3394 τήν
2498 3322 2587 3379 διὰ
2614 3328 2711 3379 τοῦ
2737 3294 3014 3398 ’σώματος
3063 3294 3327 3400 ἐνεργειάν
3378 3324 3538 3379 αὐτὸν
3583 3294 3852 3380 ἰκκαλού·ἰ

2201 3436 2398 3561 μεῖθέ.
2440 3502 2635 3575 Τούτῳ
2665 3522 2956 3577 συμφωνον
2989 3500 3271 3578 ἡγούμεθα
3301 3502 3433 3557 εἶναι
3463 3503 3523 3557 τὸ
3551 3503 3697 3576 παρά
3743 3507 3848 3558 τοῦ

2196 3591 2462 3668 Ἱερεμίου
2547 3589 2871 3667 λεγόμενον,
2947 3592 3369 3665 Ἐπικατάρατος
3445 3592 3474 3645 ὁ
3547 3595 3721 3646 ποιῶν
3776 3591 3848 3646 τά

2198 3684 2331 3760 ἔργα
2387 3682 2585 3758 Κυρίου
2663 3678 2885 3755 ἀμελῶς
2957 3680 3048 3734 καὶ
3105 3679 3348 3755 ἀφαιρῶν
3411 3678 3685 3755 μάχαιραν
3747 3682 3851 3737 αὐ-

2194 3776 2293 3827 τυῦ
2324 3772 2414 3847 ἀφ’
2468 3767 2718 3843 αἵματος.
2776 3773 2866 3822 Δεῖ
2921 3767 3023 3842 γὰρ
3075 3767 3165 3821 τὸν
3202 3764 3477 3839 μέλλοντα
3507 3766 3718 3845 φεύγειν
3776 3769 3845 3824 τὸ

2196 3867 2295 3928 τῆς
2344 3860 2577 3935 κατάρας
2629 3858 2785 3933 βαρὺ,
2849 3854 3123 3930 μηδέποτε
3192 3856 3481 3911 ἀναπαύειν
3543 3856 3642 3924 τὴν
3687 3878 3854 3913 πνευ-

2202 3951 2433 4026 ματικήν
2472 3948 2743 4024 μάχαιραν
2776 3946 2882 4001 ἀπὸ
2910 3950 3008 4001 τοῦ
3050 3945 3186 4001 κατά
3231 3949 3340 4000 τῶν
3372 3944 3604 4000 τοιούτω
3672 3947 3862 4023 ἀμαρ-

2198 4040 2393 4096 τωλῶν
2427 4036 2674 4111 αἶ’ματος.
2729 4039 2987 4092 Τοιοῦτον
3043 4035 3133 4090 οὖν
3180 4032 3292 4089 ἐστι
3335 4034 3425 4089 καὶ
3456 4035 3518 4089 τὸ
3558 4038 3650 4090 νῦν
3698 4034 3784 4109 εἶρ
3808 4064 3867 4108 ,1-

2204 4129 2361 4203 μὲνον
2393 4128 2515 4203 περὶ
2543 4130 2639 4181 τοῦ
2672 4124 2836 4201 πρωί.
2878 4123 3015 4182 Οὐαὶ
3044 4128 3124 4195 τῷ
3152 4123 3258 4177 ἀπὸ
3290 4124 3512 4184 σκότους
3539 4123 3630 4177 καὶ
3660 4127 3762 4188 τῆς
3797 4122 3857 4181 ἐν

2200 4219 2390 4296 ἀγνοίᾳ
2413 4217 2623 4288 νυκτὸς,
2655 4215 2789 4289 μετά
2815 4214 2915 4282 τήν
2965 4215 3189 4290 πρώτην
3238 4211 3483 4284 ἠλικίαν,
3527 4218 3622 4269 τοῦ
3671 4211 3853 4291 λόγου

2200 4310 2251 4365 ἐν
2305 4309 2451 4380 αὐτῷ
2496 4304 2891 4376 ἀνατείλαντος,
2939 4304 3079 4376 ὁμοῦ
3130 4306 3212 4375 τῷ
3256 4300 3601 4373 διαναστῆναι
3650 4303 3713 4358 ἐκ
3754 4307 3858 4359 τοῦ

2202 4399 2395 4467 ὕπνου,
2450 4396 2513 4451 τὸ
2568 4395 2751 4468 σίκερα
2803 4390 3075 4448 διώκοντι.
3137 4393 3205 4449 Οἱ
3264 4388 3322 4447 δὲ
3377 4392 3477 4447 ὑπὸ
3523 4396 3633 4447 τῶν
3661 4398 3857 4457 παθῶν

2201 4487 2527 4559 νικηθέντες,
2582 4484 2635 4539 οἱ
2677 4484 2772 4556 μὶν
2822 4478 3035 4555 ἔμειναν
3080 4481 3132 4536 ἓν
3176 4484 3245 4555 τῇ
3298 4482 3433 4556 μέθῃ
3478 4485 3574 4536 τοῦ
3617 4482 3855 4545 πάθους.

2201 4577 2255 4631 οἱ
2307 4573 2365 4630 δὲ
2417 4572 2892 4647 ἀποκαθηράμενοι
2921 4571 3012 4625 τὸν
3043 4574 3191 4639 νοῦν,
3233 4565 3567 4643 ἐμϐλέπουσι
3624 4571 3721 4644 μὲν
3772 4569 3858 4645 τῷ

437 4651 950 4722 mente,mundum
982 4656 1369 4722 ornatumque
1396 4651 1714 4712 visibilium
1744 4661 2088 4737 respiciunt;

2198 4662 2387 4739 κόσμῳ
2432 4667 2539 4717 τῶν
2587 4663 2817 4737 ὁρατῶν,
2863 4662 3186 4715 κατανοοῦσι
3234 4655 3291 4712 δὲ
3340 4658 3434 4721 τὰς
3480 4663 3587 4714 τῶν
3631 4664 3856 4731 νοητῶδ

507 4778 529 4813 ⁸
552 4768 761 4826 Matth.
794 4785 865 4825 xv
889 4768 974 4823 19.
1010 4769 1031 4803 ³
1061 4767 1270 4824 Matth.
1300 4786 1333 4823 v
1359 4769 1448 4826 28.
1513 4771 1558 4808 ¹⁰
1613 4773 1825 4834 Jerem.
1875 4800 2068 4856 XLVIII,
2110 4790 2196 4846 10.

438 4882 629 4959 beiisii
660 4883 838 4959 codex
868 4887 927 4938 et
955 4882 1378 4959 alii_no_nnulli,
1412 4882 1488 4945 ὡς
1514 4885 1577 4959 τὸ
1605 4886 1768 4959 εἰκός,
1801 4904 1864 4951 ut
1908 4903 2095 4959 verisi.

438 4956 574 5038 inite
590 4963 687 5038 est,
792 4960 1041 5038 constat.
1064 4955 1164 5010 Edi
1211 4956 1409 5011 dimus
1436 4958 1717 5038 quidem,
1744 4955 1818 5026 ὦς
1838 4968 1901 5021 τὸ
1922 4955 2067 5038 ιικξέ

436 5027 510 5102 ob
532 5021 937 5102 auctoritatem
957 5032 1215 5102 veterum
1245 5021 1635 5102 quorumdam
1660 5021 2088 5102 librorum

437 5098 739 5180 Ῑὲίθέλίίυίη
768 5106 984 5180 iitum}:
1020 5099 1188 5180 Ποδίὲ
1215 5098 1611 5180 νῖδωψοὲίυε
1656 5098 2090 5180 ¹οεθοάυωξέἷξ

378 5206 383 5209 μ
435 5167 693 5246 castra,
726 5160 1132 5246 uti_hodieque
1162 5169 1375 5246 legitur
1396 5160 1455 5227 in
1487 5160 2091 5246 οοωωέΐιὶἷίῖἴῖιὲῖ

437 5241 605 5319 sebii,
640 5242 795 5319 unde
811 5241 938 5319 haec
968 5241 1051 5298 ad
1071 5241 1311 5299 verbUm
1340 5251 1579 5316 sumpta
1607 5263 1736 5307 esse
1768 5253 1827 5311 in
1875 5241 2091 5319 Prae—fa-

438 5314 596 5369 tione
624 5314 984 5370 docebimus.

508 5384 885 5474 ,Veteres
923 5387 1058 5474 dus).
1097 5383 1253 5474 libri,
1303 5382 1537 5474 ἐγένετο.
1590 5389 1656 5446 Et
1709 5394 1799 5451 hic
1856 5414 2089 5474 quoque

434 5454 609 5526 editi,
629 5454 957 5512 ἀπέκτεινον.
992 5461 1065 5511 At
1094 5472 1263 5526 mss.,
1292 5454 1601 5516 ἀπέκτενον.

506 5523 618 5599 (68)
648 5530 841 5585 Nostri
870 5545 971 5585 sex
1002 5544 1170 5594 mss.,
1204 5523 1293 5595 δή,
1326 5529 1498 5597 Editi,
1532 5527 1607 5584 δέ.

507 5599 874 5676 (69)_Monere
904 5615 1019 5656 non
1060 5600 1301 5676 pigebit,
1340 5605 1528 5656 totum
1565 5603 1750 5676 illud,
1801 5608 1919 5671 καθ’
1966 5610 2086 5666 iud.

52 5632 109 5659 ,ην
242 5664 257 5675 ο
507 5632 621 5672 ιυῡ)
643 5632 874 5656 ιιιυιιοιίυ
906 5632 1019 5656 uuu
1064 5632 1301 5671 μιδῦυιυ,
1345 5632 1528 5656 ausum
1583 5632 1750 5676 quu,
1801 5632 1900 5671 καυ
1966 5632 2086 5666 ικα-

58 5690 61 5691 ν
431 5687 564 5738 στην
624 5669 849 5738 ἔννοιαν,
914 5677 971 5729 et
1018 5671 1246 5751 reliqua
1293 5686 1481 5743 usque
1510 5674 1581 5729 ad
1614 5674 1720 5732 has
1751 5695 1939 5752 voces,
1991 5687 2089 5739 τοῦ

48 5666 889 6107 Vomere:
949 5743 1106 5814 ἡμῖν,
1174 5737 1328 5801 ευθὺς
1394 5737 1932 5824 μεταϐαλλομένους.
2020 5756 2082 5814 in

430 5734 889 5824 ἐπιϐουλεύοντος
949 5743 1106 5814 ἡμῖν,
1143 5734 1328 5801 ἐὐθὺς
1383 5734 1939 5824 ’μεταϐαλλομένουξί
2004 5734 2082 5814 ⁷ἱνιί

2205 4903 2347 4974 Reg.
2380 4900 2568 4974 primo
2597 4914 2711 4974 non
2745 4896 2852 4974 legi
2879 4895 3253 4974 ;Aobidqu_e_a
3280 4894 3857 4974 Tilmanno_qui_e9

2198 4964 2399 5030 codice
2424 4988 2566 5028 usus
2590 4964 3005 5031 fuerat,Latine
3027 4964 3321 5022 redditum
3373 4982 3487 5021 non
3522 4964 3702 5022 fuisse
3733 4966 3853 5023 Sed

2200 5045 2321 5101 haec
2351 5060 2495 5100 mss.
2556 5041 2819 5112 Anglicis
2862 5056 3004 5112 cum
3031 5037 3510 5112 interpretatione
3567 5037 3851 5093 Richardi

2199 5113 2543 5173 Montacutii
2568 5110 2809 5169 editioni
2826 5110 3139 5182 Parisiensi
3161 5110 3483 5182 accessisse
3510 5126 3545 5166 a
3584 5115 3863 5182 typogra-

2199 5189 2332 5260 phis
2363 5186 2700 5243 didicimus.
2731 5184 2929 5260 Neque
2959 5198 3099 5260 sane
3119 5181 3267 5260 illud
3294 5180 3856 5260 omittendumqum

2198 5253 2523 5316 Richardus
2552 5253 2943 5313 Montacutius
2973 5254 3033 5309 in
3059 5253 3184 5309 suis
3207 5253 3506 5325 codicibus
3529 5257 3860 5325 reparet-at,

2196 5332 2400 5414 eadem
2432 5335 2490 5386 et
2518 5328 2577 5384 in
2599 5328 2826 5412 nostris
2856 5325 3167 5399 quoque,si
3201 5324 3445 5398 Regium
3469 5324 3729 5397 primum
3756 5341 3860 5381 ex-

2197 5417 2687 5483 c1p1as,reperm.
3534 5468 3547 5480 .
3654 5469 3666 5479 .

2269 5474 2383 5546 (70)
2416 5472 2587 5540 Edlti,
2648 5464 3023 5546 συνειδήσεως,
3080 5482 3151 5523 ea:
3204 5482 3313 5523 sua
3363 5470 3723 5546 conscientia.
3776 5471 3862 5525 At

2198 5540 2461 5617 quinque
2517 5560 2689 5617 mss.,
2733 5540 3185 5617 «undosaque;
3228 5541 3795 5617 propriaalmctufa
3840 5558 3865 5596 :

2196 5609 2380 5688 quam
2403 5609 2709 5672 lectionem
2730 5614 2791 5688 si
2824 5610 2971 5688 ni_hil
3022 5609 3181 5688 aliud
3214 5609 3865 5688 verisimilem_redde-

2197 5680 2303 5755 fet,
2336 5692 2490 5745 certe
2519 5685 2839 5743 auctoritas
2870 5681 3301 5754 Eusebii,apud
3323 5680 3866 5758 quemitalegitur,

2197 5775 2327 5819 eam
2355 5758 2500 5819 satis
2524 5758 2917 5818 conﬁrmaret.
