4118 6220
287 408 398 471 389

1164 406 1569 470 COMMENT.
1615 409 1693 469 IN
1737 409 2007 471 ISAIAM
2048 406 2550 469 PROPHETAM.
2599 409 2768 468 CAP.
2816 407 2892 471 ν.

3574 417 3693 478 390

289 541 607 604 ὑποστάσεις
654 539 745 596 καὶ
799 539 1005 603 οὐσίας.
1057 540 1139 598 Τὰ
1173 541 1270 614 μὶν
1313 543 1416 616 γὰρ
1476 541 1643 617 ὁρατὰ
1698 540 1925 596 ἐνατενί-

2049 559 2108 599 ac
2138 558 2338 598 earum
2363 547 2553 596 rerum
2578 559 2705 613 quae
2728 543 2853 598 sola
2875 543 3098 599 ratione
3125 545 3250 618 capi
3277 552 3686 618 possunt,sub-

288 653 420 695 σεως
467 629 658 686 δεῖται*
721 628 813 686 διὰ
869 635 1030 685 τοῦτο
1097 625 1490 703 Ἐμϐλὲπουσι·
1539 630 1604 685 τὰ
1661 627 1718 685 δὲ
1762 632 1932 701 νοητὰ

2049 632 2289 688 stantius
2320 631 2694 687 considerant
2717 636 2772 686 et
2803 633 3110 688 essentias.
3135 635 3404 691 Visibilia
3434 655 3686 712 namque

287 721 484 798 χρῄζει
536 718 709 796 λόγου
757 717 1077 792 διεξοδικοῦ·
1150 717 1234 774 διὸ
1283 719 1516 794 εἴρηται,
1573 721 1928 777 Κατανοοῦσι.

288 810 442 878 Πλὴν
476 810 559 865 δτι
605 813 824 885 πρῶτον
878 805 958 863 δεῖ
1002 804 1274 882 ἐμϐλέψαι
1330 813 1448 870 τοῖς
1489 807 1668 881 ἔργοις
1715 809 1931 884 Κυρίου’

288 899 380 954 καὶ
407 897 532 955 τότε
579 898 652 960 εἰς
699 898 761 952 τὸ
806 904 1135 966 κατανοῆσαι
1185 896 1318 952 αὖτά
1366 896 1674 970 προελθεῖν.
1709 899 1934 960 Ὀποῖος

289 988 357 1057 ἦν
391 989 419 1042 ὁ
449 987 574 1063 περὶ
617 990 729 1060 (71)
781 987 974 1042 ἑαυτοῦ
1019 983 1218 1061 λέγων·
1273 986 1444 1048 Αὐτὸς
1494 985 1597 1062 γὰρ
1645 1008 1738 1059 μοι
1770 983 1938 1041 ἔδωκε

287 1083 398 1133 τῶν
502 1075 671 1132 ὄντων
760 1081 952 1152 γνῶσιν
1057 1071 1288 1149 ἀψευδῆ,
1391 1072 1584 1130 εἰδέναι
1687 1075 1934 1131 σύστασιν

287 1168 523 1239 κόσμου,
569 1165 658 1220 καὶ
717 1163 985 1239 ἐνέργειαν
1046 1162 1356 1238 στοιχείων,
1402 1162 1580 1238 ἀρχὴν
1637 1163 1727 1216 καὶ
1778 1160 1938 1225 τέλος

289 1255 378 1310 καὶ
441 1254 715 1327 μεσότητα
773 1252 1010 1328 χρόνων,
1066 1256 1282 1327 τροπῶν
1343 1250 1606 1328 ἀλλαγὰς,
1686 1252 1775 1306 καὶ
1849 1273 1938 1325 με·

284 1339 528 1406 ταϐολὰς
586 1345 811 1418 καιρῶν,
875 1341 1130 1397 ἐνιαυτῶν
1199 1341 1458 1414 κύκλους,
1533 1341 1622 1395 καὶ
1700 1341 1937 1417 ἀστέρων

285 1434 479 1502 Θέσεις,
535 1431 717 1510 φόσεις
777 1431 954 1502 ζώων,
1016 1429 1105 1485 καὶ
1156 1429 1360 1503 θυμοὺς
1410 1430 1637 1505 θηρίων,
1697 1432 1940 1503 πνευμά-

282 1544 392 1577 των
444 1521 586 1598 βίας,
645 1522 732 1575 καὶ
793 1517 1191 1595 διαλογισμοὺς
1279 1519 1602 1595 ἀνθρώπων,
1677 1516 1937 1597 διαφορὰς

287 1616 497 1688 φυτῶν,
525 1609 616 1666 καὶ
650 1607 908 1683 δυνάμεις
938 1608 1125 1685 ῥιζῶν.

2040 722 2303 794 indigent
2333 725 2607 776 contenta
2630 721 2933 776 oculorum
2964 723 3113 791 acie;
3140 725 3210 778 ob
3257 726 3312 780 id
3338 728 3684 798 Respiciunt:

2046 827 2173 882 quae
2205 827 2338 865 vero
2389 809 2612 866 ratione
2643 811 2769 865 sola
2801 815 3021 882 queunt
3049 812 3315 885 intelligi,
3349 832 3605 888 expansa
3631 821 3689 874 et

2047 899 2177 955 fusa
2206 899 2649 955 ratiocinatione
2680 904 2850 972 egent
2879 917 2890 954 :
2919 906 3272 974 quapropter
3303 904 3526 961 dictum
3560 912 3685 963 est:

2049 988 2426 1044 Considerant.
2463 989 2613 1043 Sunt
2645 993 2840 1044 tamen
2887 989 3141 1060 primum
3183 992 3547 1064 respicienda
3576 995 3689 1051 Do-

2048 1077 2191 1132 mini
2226 1093 2419 1148 opera,
2441 1081 2618 1144 atque
2648 1082 2788 1132 tunc
2813 1078 2881 1132 ad
2913 1094 2978 1133 ea
3005 1079 3430 1138 consideranda
3458 1101 3689 1158 progre-

2047 1166 2464 1222 diendumest.
2498 1167 2798 1237 Ejusmodi
2829 1171 2970 1234 erat,
3006 1167 3104 1238 qui
3136 1169 3205 1224 de
3235 1186 3298 1225 se
3335 1171 3463 1243 ipso
3494 1174 3640 1231 dixit
3673 1195 3686 1232 :

2048 1259 2167 1326 Ipse
2212 1257 2361 1311 enim
2403 1255 2549 1311 dedit
2604 1254 2750 1311 mihi
2800 1255 2996 1310 horum
3048 1273 3169 1328 quae
3221 1267 3348 1314 sunt
3400 1264 3691 1319 scientiam

2047 1360 2256 1414 veram,
2297 1346 2355 1398 ut
2405 1346 2575 1399 sciam
2622 1345 2814 1399 mundi
2861 1345 3288 1416 dispositionem,
3335 1353 3389 1404 et
3437 1353 3692 1408 virtutem

2047 1433 2470 1495 elementorum;
2502 1432 2723 1487 initium
2755 1436 2802 1488 et
2847 1434 3012 1502 ﬁnem
3041 1440 3092 1490 et
3119 1437 3461 1494 medietatem
3489 1445 3692 1513 tempo-

2048 1538 2202 1592 rum,
2262 1523 2679 1576 conversionum
2736 1525 3194 1592 permutationes,
3249 1529 3299 1580 et
3363 1532 3695 1586 mutationes

2053 1618 2384 1678 temporum,
2417 1625 2696 1666 annorum
2745 1626 2954 1679 cursus,
2986 1615 3040 1666 et
3086 1613 3370 1669 stellarum
3399 1618 3561 1686 situs,
3593 1637 3693 1674 na-

287 1708 445 1760 tura:
500 1701 856 1769 animalium,
904 1708 954 1757 et
1009 1702 1124 1757 iras
1175 1700 1494 1771 bestiarum,
1544 1701 1654 1755 vim
1702 1703 2007 1771 ventorum,
2047 1707 2097 1756 et
2140 1701 2499 1770 cogitationes
2545 1699 2847 1766 hominum,
2882 1701 3223 1771 diﬂerentias
3271 1703 3616 1778 plantarum,
3645 1713 3699 1764 et

286 1794 516 1850 virtutes
545 1791 800 1848 radicum
823 1793 889 1844 ¹¹.

367 1883 491 1939 165.
523 1880 722 1937 Τοίνυν
778 1876 1138 1953 αἰχμάλωτος
1168 1877 1196 1931 ὁ
1246 1874 1379 1938 λαός
1415 1897 1520 1950 μου
1559 1876 1819 1952 ἐγενήηη,
1854 1872 1937 1930 διᾶ

2123 1878 2242 1932 165.
2268 1880 2444 1933 Vens.
2482 1879 2566 1934 13.
2599 1879 2779 1947 Igitur
2804 1881 3055 1950 captivus
3079 1882 3317 1952 papulas
3342 1899 3492 1939 meus
3519 1887 3703 1956 factu:

294 1971 361 2026 τὸ
415 1973 489 2043 μὴ
542 1966 739 2024 εἰδέναι
791 1967 983 2028 αὐτοὺς
1036 1968 1148 2040 (72)
1197 1966 1289 2020 τὸν
1332 1965 1546 2039 Κόριοψ
1592 1967 1678 2019 καὶ
1731 1964 1940 2034 πλῆθος

301 2061 531 2135 ἐγενήθη
600 2061 804 2134 νεκρῶν
853 2053 942 2111 διὰ
993 2054 1154 2111 λιπὸν
1227 2055 1412 2129 ἄρτου,
1487 2053 1574 2109 καὶ
1621 2051 1778 2128 δίψος
1829 2055 1942 2127 (73)

300 2147 516 2211 ὕδατος.
571 2152 748 2202 Ταῦτα
804 2147 925 2200 καθ’
1000 2144 1238 2221 ἱστορίαν
1307 2141 1527 2198 δυνατὸν
1596 2148 1782 2218 τυχεῖν
1838 2150 1937 2213 τῆς

296 2239 605 2312 ἐξηγήσεως
657 2236 746 2291 ἐπὶ
791 2240 899 2290 τῶν
957 2239 1156 2308 καιρῶν
1192 2240 1291 2303 τῆς
1339 2231 1576 2308 ἐσχάτης
1617 2231 1938 2306 πολιορκίας

292 2329 400 2382 τῶν
431 2325 734 2384 ’[ουδαίων’
766 2328 871 2380 τῶν
905 2324 998 2396 μὲν
1029 2322 1104 2384 εἲς
1152 2321 1537 2397 αἰχμαλωσίαν
1570 2322 1938 2397 ἀπαχθέντων,

291 2423 400 2473 τῶν
432 2414 489 2471 δὲ
521 2415 574 2470 ἄν
617 2414 768 2488 λιμῷ
797 2413 887 2468 καὶ
938 2410 1082 2486 δίψει
1127 2408 1549 2489 διαφθαρέντων.
1582 2411 1683 2466 Καὶ
1729 2413 1763 2479 ἡ
1797 2409 1943 2464 αἰτία

293 2508 490 2584 σαφὴς,
537 2502 605 2560 δι’
663 2505 722 2572 ἢν
779 2507 946 2558 ταῦτα
1001 2499 1346 2556 πεπόνθασιν·
1397 2501 1477 2554 ὅτι
1527 2497 1943 2572 ἐπιδημήσαντα

293 2597 480 2656 αὐτοῖς
503 2595 596 2648 τὸν
629 2593 828 2668 Κύριον
885 2591 984 2645 οὐκ
1033 2589 1332 2665 ἐπέγνωσαν
1381 2591 1515 2661 (74).
1548 2591 1708 2642 Ὥστε
1760 2585 1816 2642 δὲ
1854 2587 1941 2642 καὶ

297 2689 438 2758 ἡμῖν
498 2683 848 2751 οἷκειωθῆναι
902 2683 1000 2750 τὴν
1063 2678 1122 2734 ἐκ
1187 2685 1287 2748 τῆς
1357 2676 1550 2748 λέξεως
1615 2677 1940 2752 παραίνεσιν.

307 2777 523 2830 Ἐκεῖνα
565 2769 819 2847 λέγομεν,
851 2769 933 2824 ὅτι
985 2768 1036 2823 οἱ
1085 2766 1375 2831 διώκοντες
1427 2767 1488 2822 τὸ
1541 2765 1811 2840 μὲθυσμα,
1853 2766 1944 2821 καὶ

304 2862 439 2937 μετά
483 2867 585 2929 τῆς
636 2856 1088 2935 ἆπηγορευμὲνης
1142 2863 1408 2930 μουσικῆς
1451 2856 1543 2910 τὸν
1585 2858 1730 2911 οἶνον
1763 2855 1946 2910 πίνον-

298 2975 407 3024 τες,
437 2953 527 3007 καὶ
559 2948 785 3024 Θεάμασι
821 2951 915 3023 μὶν
965 2947 1189 3011 ἀτόποις
1227 2948 1324 3009 τὰς
1377 2941 1528 3020 ὄψεις
1577 2942 1944 3021 ἐνασχολοῦν-

300 3063 410 3109 τες,
442 3045 559 3102 τοῖς
592 3037 650 3094 δὲ
679 3034 857 3114 ἔργοις
912 3036 1107 3112 Κυρίου
1156 3031 1450 3110 ἐμϐλέπειν
1486 3035 1561 3107 μὴ
1595 3033 1942 3110 ἀνεχόμενοι,

296 3129 383 3187 διὰ
415 3131 475 3186 τὸ
508 3125 800 3208 φιλήδονοι
831 3130 968 3182 εἶναι
1000 3124 1212 3200 μᾶλλον
1237 3127 1273 3196 ἢ
1298 3122 1566 3204 φιλόθεοι,
1589 3121 1942 3198 αἰχμάλωτοι

288 3221 534 3296 γίνονται
565 3216 654 3272 καὶ
712 3215 1027 3291 ὑποχείριοι
1071 3219 1192 3278 τοῖς
1241 3211 1599 3274 ὑπεναντίοις.
1650 3210 1825 3268 Ἀλλά
1853 3209 1943 3266 καὶ
1976 3247 2018 3313 C

289 3309 504 3378 πλῆθος
564 3306 614 3361 ἐν
668 3303 853 3367 αὐτοῖς
913 3307 1112 3379 νεκρῶν
1173 3302 1400 3378 ἐγενήθη
1458 3299 1548 3356 διὰ
1604 3298 1792 3374 λιμὸν,
1853 3299 1944 3354 καὶ

289 3396 483 3458 ὕδατος
514 3394 760 3470 ἀπορίαν.
811 3394 878 3451 οἱ
926 3394 1028 3468 γὰρ
1080 3392 1178 3459 τὴν
1232 3385 1635 3444 ἐπιϐάλλουσαν
1681 3394 1799 3451 ταῖς
1847 3391 1948 3463 ψυ-

281 3493 413 3562 χαῖς
464 3485 665 3560 τροθήν
731 3483 807 3556 μὴ
877 3479 1251 3557 προσιέμενοι,
1305 3480 1485 3554 νεκροὶ
1536 3478 1774 3553 γίνονται
1831 3483 1949 3556 τοῖς

275 3574 708 3651 παραπτώμασι,
768 3571 857 3626 καὶ
919 3571 970 3625 οἱ
1027 3569 1114 3623 ἐπὶ
1189 3565 1382 3629 ὕδατος
1451 3565 1801 3628 ἀναπαύσεως
1866 3568 1942 3639 μὴ

275 3662 689 3742 δκτρεφόμενοι,
745 3657 892 3734 μηδὲ
950 3661 1233 3728 ζητοῦντες
1290 3663 1434 3712 πιεῖν
1489 3655 1539 3726 ἐξ
1597 3654 1804 3710 ἐκείνου
1849 3659 1946 3710 τοῦ

274 3749 471 3810 ὕδατος
497 3750 621 3824 περὶ
653 3746 716 3804 οὗ
771 3768 902 3822 φησι
957 3747 1095 3822 πρὸς
1138 3748 1236 3815 τὴν
1283 3749 1610 3821 Σαμαρεῖτιν
1657 3745 1684 3799 ὁ
1722 3745 1940 3818 Κύριος,

277 3843 363 3897 ὅτι
391 3842 495 3901 ⁸ος
555 3839 612 3892 ἂν
658 3836 756 3911 πίῃ
816 3835 876 3891 ἐκ
922 3839 1019 3890 τοῦ
1077 3832 1269 3896 ὕδατος
1331 3834 1391 3888 οὗ
1423 3833 1532 3909 ἐγὼ
1573 3830 1734 3887 δώσω
1766 3832 1937 3905 αὐτῷ,

281 3930 342 3985 οὗ
397 3931 474 4002 μή
529 3923 737 4001 διψήσᾳ
796 3927 906 3998 (75)
966 3924 1040 3986 εἷς
1099 3925 1190 3978 τὸν
1250 3925 1434 3978 αίῖιῐινα⁸
1493 3923 1643 3977 οὗτοι
1697 3921 1937 3996 γίνονται

279 4017 484 4093 νεκροί.
519 4019 714 4072 ’Ἄκουε
742 4015 866 4088 γὰρ,
919 4012 1001 4068 ὅτι
1058 4019 1275 4082 πλῆθος
1324 4014 1523 4087 νεκρῶν
1584 4011 1840 4086 ἐγενήθη,
1875 4011 1936 4066 οὐ

281 4104 368 4162 διὰ
399 4104 568 4178 λιμὸν
607 4099 794 4176 μόνον,
846 4100 990 4157 ἀλλὰ
1018 4101 1110 4155 καὶ
1165 4098 1254 4155 διὰ
1309 4097 1464 4173 δίψαν
1497 4095 1710 4161 ὕδατος·
1745 4095 1932 4170 ἐπειδή

281 4197 370 4252 ἀπ’
401 4193 617 4249 ἐκείνου
648 4189 830 4247 ἔπινον
861 4193 961 4244 τοῦ
1021 4187 1231 4256 ὕδατος,
1260 4189 1321 4242 οὗ
1371 4189 1526 4257 καὶὴ
1579 4193 1929 4264 Σαμαρεῖτις

278 4286 376 4346 ’Ὁς
403 4284 508 4359 γὰρ
540 4282 600 4336 ’ἀν
629 4281 749 4354 πίῃ,
775 4280 958 4357 φησὶν,
993 4276 1048 4334 ἐκ
1084 4283 1180 4333 τοῦ
1211 4275 1402 4340 ὕδατος
1453 4275 1678 4345 ἐκείνου,
1712 4273 1929 4350 διψήσει

2048 1974 2147 2034 est,
2179 1983 2240 2022 eo
2270 1965 2408 2037 quod
2438 1968 2544 2038 ipsi
2574 1984 2680 2024 non
2712 1970 3067 2040 cognoverint
3100 1969 3392 2027 Dominum
3423 1991 3442 2027 :
3471 1982 3522 2030 et
3553 1977 3698 2031 mul-

2049 2057 2222 2112 titudo
2251 2057 2602 2112 mortuorum
2629 2059 2738 2128 fuit
2763 2067 2985 2128 propter
3024 2059 3228 2129 famem
3253 2063 3436 2132 panis.
3466 2071 3521 2119 εἰ
3545 2067 3700 2121 sitim

2048 2161 2226 2217 aquae.
2244 2150 2374 2202 Haec
2390 2147 2712 2202 secundum
2739 2146 3041 2203 historiam
3058 2148 3128 2204 de
3151 2151 3411 2221 tempore
3426 2158 3700 2212 extrema

2049 2237 2384 2294 Judzeorum
2401 2236 2726 2292 obsidionis
2741 2253 2916 2308 posse
2927 2237 3272 2308 ntexplicari
3292 2257 3304 2306 ;
3319 2243 3551 2310 quando
3567 2243 3699 2298 aliis

2049 2325 2109 2382 in
2128 2325 2523 2397 captivitatem
2544 2325 2834 2393 abductis,
2851 2325 2946 2382 alii
2971 2326 3123 2382 fame
3141 2331 3198 2383 et
3214 2327 3310 2383 siti
3328 2328 3698 2390 interierunt.

2053 2415 2118 2471 Et
2150 2431 2328 2470 causa
2359 2430 2463 2470 cur
2493 2414 2615 2469 haec
2648 2413 2861 2469 fuerint
2892 2416 3177 2486 perpessi,
3204 2417 3361 2472 clara
3382 2423 3470 2474 est
3495 2425 3552 2475 et
3584 2437 3701 2477 ma—

2054 2504 2285 2574 nifesta,
2311 2504 2463 2574 quod
2487 2503 2802 2558 Dominum
2835 2519 2969 2558 cum
3001 2503 3144 2575 ipsis
3168 2505 3556 2564 diversantem
3582 2527 3697 2566 non

2053 2608 2391 2663 cognovere.
2428 2593 2616 2657 Quare
2660 2591 3090 2648 animadversio
3120 2593 3179 2648 in
3215 2594 3302 2650 his
3331 2596 3524 2652 verbis
3555 2614 3699 2654 con-

2053 2685 2212 2736 tenta
2245 2680 2412 2735 nobis
2445 2683 2620 2736 etiam
2667 2685 2857 2753 potest
2887 2683 3333 2740 accommodari.
3372 2684 3576 2742 lethaeo
3607 2687 3699 2742 di-

2054 2769 2264 2835 cimus,
2279 2769 2431 2840 quod
2455 2769 2554 2840 qui
2574 2773 2986 2824 consectantur
3005 2771 3364 2839 ebrietatem,
3381 2773 3700 2846 vinumque

2055 2859 2122 2914 ad
2151 2857 2411 2913 musicos
2436 2863 2756 2914 concentus
2783 2857 3128 2913 interdictos
3161 2858 3386 2926 bibunt,
3411 2865 3468 2916 et
3496 2862 3699 2919 oculos

2054 2964 2194 3002 suos
2226 2950 2514 3017 occupant
2557 2945 2614 2999 in
2657 2945 2989 3016 spectandis
3019 2947 3293 3018 turpibus
3323 2951 3696 3020 spectaculis,

2054 3034 2378 3106 noluntque
2399 3051 2576 3106 opera
2593 3033 2824 3088 Domini
2848 3033 3158 3105 respicere,
3174 3051 3240 3091 eo
3263 3037 3416 3107 quod
3439 3037 3698 3112 volupta-

2053 3127 2179 3179 tum
2213 3127 2269 3178 et
2297 3121 2638 3178 deliciarum
2673 3121 2859 3194 magis
2891 3138 3068 3194 quam
3098 3123 3199 3178 Dei
3231 3123 3348 3180 sint
3379 3132 3692 3200 amatores,

2054 3211 2262 3284 captivi
2287 3213 2452 3278 ﬁunt,
2469 3216 2524 3266 et
2546 3211 2602 3264 in
2627 3210 2961 3266 servitutem
2984 3211 3327 3282 rediguntur
3341 3215 3413 3269 ab
3437 3215 3695 3273 inimicis

2057 3301 2202 3357 suis.
2237 3301 2386 3368 Quin
2417 3299 2591 3355 etiam
2625 3299 2775 3354 inter
2817 3299 2973 3372 ipsos
3003 3305 3369 3358 mortuorum
3405 3303 3512 3360 fuit
3543 3305 3694 3362 mul-

2054 3390 2262 3458 titudo,
2297 3393 2530 3461 propter
2561 3388 2771 3444 famem
2815 3392 2872 3443 et
2902 3404 3068 3460 aquae
3099 3390 3427 3460 penuriam.
3459 3395 3696 3452 Etenim

2056 3496 2248 3535 escam
2282 3479 2592 3534 animabus
2621 3477 3058 3533 convenientem
3091 3479 3190 3550 qui
3232 3496 3347 3536 non
3377 3483 3696 3560 accipiunt,

2058 3569 2391 3624 moriuntur
2421 3585 2522 3640 per
2553 3571 2786 3638 peccata
2823 3583 2834 3620 :
2870 3566 3059 3637 et-qui
3089 3584 3157 3623 ex
3187 3585 3340 3640 aqua
3370 3573 3698 3633 refectionis

2060 3659 2101 3693 ¹²
2128 3675 2242 3713 non
2275 3657 2670 3722 enutriuntur,
2697 3672 2884 3726 neque
2907 3657 2976 3712 de
3004 3656 3099 3711 illa
3121 3673 3274 3728 aqua
3304 3660 3502 3719 bibere
3523 3669 3698 3722 stata-

2052 3747 2306 3818 gunt,de
2327 3763 2439 3816 qua
2460 3745 2691 3801 locutus
2712 3749 2802 3799 est
2825 3745 3111 3801 Dominus
3131 3747 3202 3800 ad
3229 3747 3693 3811 Samaritanam:

2052 3835 2156 3904 Qui
2186 3835 2390 3890 biberit
2420 3851 2488 3890 ea:
2517 3851 2659 3906 aqua
2689 3849 2856 3904 quam
2887 3849 2983 3904 ego
3012 3834 3150 3890 dabo
3200 3837 3270 3903 ei,
3302 3853 3412 3892 non
3457 3842 3606 3896 sitiet
3636 3844 3697 3897 in

2047 3928 2321 3981 aeternum
2344 3924 2414 3992 '3;
2449 3923 2506 3978 bi
2540 3923 2653 3994 ipsi
2688 3922 2903 3977 mortui
2953 3923 3118 3978 fiunt.
3155 3925 3304 3978 Audi
3355 3927 3510 3981 enim
3543 3929 3695 3986 hanc

1998 4065 2000 4067 ,
2048 4016 2410 4069 mortuorum
2437 4011 2875 4067 multitudinem
2901 4011 3218 4082 contigisse
3240 4029 3354 4067 non
3377 4015 3450 4069 ob
3479 4015 3692 4074 famem

2044 4101 2257 4168 solum,
2292 4101 2392 4156 sed
2432 4099 2606 4156 etiam
2658 4103 2894 4171 propter
2925 4115 3090 4170 aqua)
3121 4100 3390 4168 sitim,eo
3432 4105 3586 4175 quod
3619 4106 3693 4162 ab

2041 4191 2142 4247 illa
2185 4191 2452 4246 biberent
2501 4205 2674 4254 aqua,
2709 4188 2864 4243 unde
2909 4193 2966 4243 et
3012 4189 3159 4244 497
3199 4190 3412 4246 mulier
3458 4191 3552 4248 illa
3588 4195 3692 4250 Sa-

2041 4280 2333 4336 maritana
2381 4279 2606 4334 biberat
2638 4295 2651 4331 :
2695 4276 2972 4348 Quisquis
3020 4277 3200 4346 enim,
3232 4278 3444 4350 inquit,
3478 4280 3694 4353 biberit

280 4373 466 4428 πάλιν·
505 4370 605 4426 οὐκ
633 4365 783 4424 ἔπιον
818 4366 874 4422 δὲ
905 4367 964 4422 ἐκ
1003 4371 1099 4421 τοῦ
1149 4363 1342 4429 ὕδατος
1369 4363 1465 4420 τοῦ
1512 4363 1824 4438 ἁλλομένου
1855 4366 1929 4428 είς

2049 4385 2103 4426 ax
2157 4369 2259 4424 illa
2309 4385 2481 4440 aqua,
2515 4366 2673 4423 sitiet
2721 4367 2930 4422 iterum
2960 4368 3040 4434 ¹⁸;
3073 4368 3143 4423 de
3183 4385 3337 4440 aqua
3386 4375 3580 4427 autem
3629 4372 3692 4430 in

283 4464 424 4531 ζωὴν
461 4459 704 4515 αἰώνιον.
732 4455 1128 4533 Προτρεπτικὸν
1163 4452 1220 4510 δὲ
1248 4459 1406 4510 τοῦτο
1457 4454 1544 4509 ἐπὶ
1573 4456 1672 4525 τὴν
1704 4459 1925 4531 γνῶσιν,

281 4550 473 4626 Εἰγᾶρ
527 4545 619 4602 διὰ
661 4546 724 4601 τὸ
786 4546 859 4618 μὴ
907 4541 1102 4599 εἰδέναι
1160 4543 1251 4598 τὸν
1313 4544 1509 4619 Κύριον
1568 4541 1922 4618 αἰχμάλωτοι

280 4640 544 4717 γίνονται,
593 4635 865 4706 ζηλωτέον
919 4635 1051 4707 ἡμῖν
1111 4633 1172 4688 τὸ
1230 4639 1330 4702 τῆς
1376 4633 1625 4708 γνώσεως
1654 4632 1922 4708 χάρισμα.

281 4732 444 4804 Τάχα
477 4725 534 4782 δὲ
563 4728 679 4796 (76)
708 4727 744 4793 ἠ
791 4722 1001 4792 ἀληθὴς
1046 4723 1304 4796 νέκρωσις
1335 4720 1396 4776 οὗ
1425 4719 1514 4776 διὰ
1545 4720 1709 4795 λιμὸν
1742 4719 1929 4798 ἄρτου,

2033 4459 2211 4514 vitam
2261 4462 2531 4512 aeternam
2568 4455 2814 4512 saliente
2838 4456 2881 4492 ¹⁵
2930 4473 3043 4512 non
3083 4457 3370 4514 biberant.
3406 4459 3691 4518 Caeterum

2037 4547 2093 4616 id
2147 4563 2251 4600 nos
2304 4545 2510 4600 invitat
2569 4545 2640 4599 ad
2701 4544 3149 4616 intelligentiam
3205 4551 3686 4620 comparandam.

1960 4618 2005 4682 D
2040 4633 2265 4690 Etenim
2299 4634 2372 4700 si,
2395 4638 2704 4706 propterea
2729 4635 2889 4705 quod
2925 4651 3039 4690 non
3072 4618 3470 4707 cognoverunt
3498 4639 3696 4696 Domi-

2043 4740 2207 4791 num,
2240 4723 2614 4778 abducuntur
2642 4723 2882 4793 captivi,
2917 4723 3088 4780 nobis
3119 4724 3312 4781 studio
3344 4727 3502 4782 omni
3533 4729 3698 4785 adni-

285 4817 407 4874 οὐδὲ
435 4815 528 4872 διὰ
557 4812 718 4888 δίψαν
761 4809 952 4876 ὕδατος
998 4811 1194 4867 τούτου
1231 4815 1326 4866 τοῦ
1358 4811 1641 4881 αἰσθητοῦ,
1669 4810 1814 4866 ἀλλὰ
1846 4809 1935 4866 διὰ

2049 4813 2288 4868 tendum
2321 4816 2410 4866 est
2441 4814 2505 4865 ut
2535 4809 2932 4882 intelligentiae
2970 4811 3441 4886 cognitionisque
3473 4816 3694 4873 donum

284 4907 448 4980 λιμὸν
503 4901 602 4959 τοῖ’)
657 4903 882 4957 ἀκοῦσαι
939 4899 1101 4974 λόγον
1165 4899 1359 4975 Κυρίου
1416 4905 1535 4962 ταῖς
1577 4902 1784 4975 ψυχαῖς
1828 4905 1935 4955 τῶν

2046 4916 2502 4972 consequamur.
2538 4899 2828 4956 Fortassis
2879 4904 3072 4956 autem
3107 4917 3263 4958 more
3295 4919 3427 4960 vera
3474 4922 3589 4962 non
3621 4907 3695 4962 ob

355 5081 395 5114 ιι
429 5078 566 5148 Sap.
600 5090 704 5141 vn,
738 5072 925 5127 17-20.
1003 5072 1046 5106 ¹²
1074 5069 1230 5127 Psal.
1263 5088 1400 5139 xxn,
1432 5071 1486 5125 2.
1567 5072 1611 5106 ‘3
1641 5070 1810 5126 Joan.
1846 5088 1922 5139 IV,

2118 5072 2163 5106 ¹⁴
2190 5069 2334 5124 ibid.
2413 5069 2456 5106 1⁵
2486 5067 2625 5125 ibid.
2663 5069 2750 5124 14.

353 5250 468 5332 (7.1)
503 5242 1020 5332 Yete‘resaliquot
1067 5243 1224 5314 libri,
1280 5243 1308 5296 ὁ
1357 5242 1497 5316 περί.
1531 5242 1752 5299 Vocula
1799 5243 1826 5295 ὁ
1875 5244 1934 5299 in

283 5319 455 5377 editis
487 5319 882 5375 desideratur.

375 5395 468 5463 72)
497 5389 677 5455 Editi,
711 5385 897 5463 αὐτοῦ.
929 5389 1173 5463 Atinas.
1203 5382 1730 5463 quinque,_a§1_06c.

380 5452 473 5535 73)
503 5452 758 5535 Antiqui
806 5464 936 5535 tres
964 5457 1134 5535 _libri,
1197 5452 1507 5535 ᾅρτου”καὶ
1557 5452 1729 5529 δίψος.
1780 5457 1939 5535 ’ξῦὀίὶί

294 5526 466 5607 ἄρτου
500 5535 593 5588 καὶ
626 5526 828 5607 ᾼδ-ίψανο
880 5529 980 5607 ubi
1033 5526 1242 5607 notari
1273 5535 1486 5602 potest,
1519 5526 1743 5607 vocem_
1774 5526 1939 5607 ᾅρτρρ

297 5600 478 5681 neque
511 5608 572 5664 in
605 5600 842 5688 duobus
874 5600 1003 5684 aliis
1032 5600 1354 5688 codicibus,
1378 5618 1565 5674 neque
1595 5600 1748 5674 apud
1781 5600 1939 5671 LXX,

297 5689 392 5734 aut
420 5680 582 5734 apud
615 5675 936 5732 Eusebium
966 5689 1233 5730 Inveniri.

295 5689 392 5736 aut
420 5699 454 5738 ιι
500 5689 582 5737 nd
617 5689 936 5732 Eusebium
966 5689 1233 5730 Invenirl.

359 5698 494 5826 (7ιῖ
528 5747 776 5810 Codices
832 5750 975 5819 tres,
1031 5739 1284 5822 ιγνωσαν.
1344 5745 1463 5802 Hoc
1517 5743 1646 5817 ipso
1698 5742 1757 5801 in
1814 5741 1941 5800 loco

2046 5243 2302 5314 quinque
2337 5259 2503 5310 mss.,
2535 5241 2691 5294 Ὥστε
2723 5235 2780 5294 δὲ
2812 5238 2920 5298 καί.
2955 5243 3133 5299 Abest
3162 5241 3218 5298 δὲ
3248 5245 3320 5314 ab
3352 5247 3600 5302 excusis.

2119 5315 2412 5389 (_75)Editi
2469 5318 2525 5368 et
2577 5317 2717 5389 _Reg_.
2778 5315 3011 5389 tertius,
3053 5314 3114 5369 οὐ
3177 5317 3250 5389 μὴ
3307 5313 3543 5388 διψήσει.
3578 5315 3692 5370 Alii

2048 5381 2290 5460 quidam,
2346 5403 2513 5460 mss.,
2574 5381 2827 5460 διψῆσῃη
2861 5381 3690 5460 Αιίᾳιιιιηιοίροείᾲοιὶιιρυε

2049 5452 2380 5530 Combeﬁsii
2411 5458 2589 5530 codex
2627 5452 2701 5512 et
2733 5452 2830 5530 alii
2880 5452 3150 5530 quatuor,
3185 5452 3276 5512 ἀπ’
3324 5458 3528 5530 ἐκείνου
3555 5452 3692 5530 ’ἔπι-

2047 5549 2160 5601 νον,
2197 5547 2301 5585 nec
2333 5529 2500 5584 aliter
2538 5529 2758 5600 legerat
2800 5526 3107 5601 interpres.
3137 5526 3211 5584 At
3255 5532 3420 5600 editi,
3454 5528 3553 5582 οὐκ
3582 5526 3694 5582 ἔπι-

2048 5621 2161 5656 νον.

2051 5743 2086 5799 d
2120 5673 2234 5799 (7(2)
2265 5671 2438 5736 Editi,
2471 5666 2528 5724 δὲ
2574 5669 2684 5724 καί.
2722 5669 2931 5727 Vocula
2977 5669 3066 5723 καί
3119 5671 3177 5727 in
3233 5670 3495 5744 quinque
3544 5685 3687 5728 mss.

2091 5759 2186 5799 ees
2218 5784 2232 5798 .

2091 5747 2232 5800 eest.
