4048 6220
391 428 502 493 391

1316 418 1728 483 -ΑΡΡΕΝΒΙΧ
1769 366 2092 482 OPlL‘RUM
2139 420 2203 481 S.
2251 412 2527 483 BASILII
2572 415 2848 485 MAGNI.

3681 416 3803 481 392

392 565 609 619 famem
654 556 845 632 panis,
878 570 1069 629 neque
1107 556 1179 611 ob
1227 554 1468 625 hujusce
1525 551 1826 609 sensibilis
1875 564 2042 622 aqua)

2154 549 2401 621 ἀνηκόων
2429 551 2721 627 ἐγγίνεται.
2753 552 2831 612 Οὔ
2876 554 2977 631 γὰρ
3027 551 3112 608 ἐπ’
3157 550 3304 629 ἄρτῳ
3349 552 3500 626 μόνῳ
3546 553 3662 625 (77)
3705 553 3803 622 ξῆ·

391 650 577 718 sitim,
602 648 705 706 sed
739 650 977 721 propter
1005 647 1220 701 famem
1243 642 1519 701 audiendi
1543 642 1787 699 verbum
1816 639 2045 696 Domini

2154 660 2299 694 σεται
2363 638 2668 717 ἅνθρωπος,
2747 640 2895 697 ἀλλὰ
2971 641 3059 697 ἐπὶ
3125 642 3289 697 παντὶ
3359 640 3567 716 ῥήματι
3633 640 3802 695 ἔκπο-

389 741 454 807 “,
476 739 537 796 in
566 753 773 795 eorum
804 734 907 807 qui
940 751 1055 789 non
1087 731 1424 790 auscultant
1462 731 1694 787 animas
1722 733 2042 808 grassatur,

384 829 505 886 Non
534 827 693 884 enim
722 827 782 881 in
796 839 947 896 pane
974 824 1087 879 solo
1109 823 1259 878 vivet
1290 822 1467 890 homo,
1492 819 1586 877 sed
1617 822 1674 876 in
1700 820 1856 876 omni
1885 818 2043 873 verbo

384 918 527 992 quod
550 914 797 987 procedit
822 913 888 969 de
917 927 1009 970 ore
1040 913 1139 968 Dei
1159 912 1224 966 1⁷.
1257 910 1341 967 Ob
1390 910 1543 965 hanc
1583 924 1823 965 causam
1853 908 2040 963 Domi-

383 1022 491 1062 nus
535 1020 647 1061 non
702 1001 995 1071 interﬁciet
1040 1002 1193 1071 fame
1242 1001 1464 1056 animas
1517 997 1885 1066 iustorum“,
1936 999 2040 1052 et:

383 1097 583 1154 Iunior
607 1093 701 1168 fui
724 1109 743 1147 :
777 1090 981 1147 etenim
1007 1090 1187 1158 senui,
1217 1096 1271 1145 et
1308 1104 1421 1144 non
1452 1088 1572 1143 vidi
1589 1089 1808 1159 justum
1837 1083 2042 1140 dereli-

382 1190 552 1251 ctum,
603 1197 703 1238 nec
753 1196 941 1237 semen
995 1180 1120 1252 ejus
1163 1193 1417 1251 quaerens
1462 1193 1637 1249 panes
1656 1176 1736 1243 ‘9;
1764 1178 1822 1230 et
1854 1192 1867 1230 :
1899 1171 2042 1231 Filii

383 1273 618 1331 thalami
663 1270 968 1342 nuptialis,
1019 1267 1267 1341 quandiu
1313 1282 1444 1325 cum
1492 1267 1609 1322 illis
1663 1272 1743 1321 est
1789 1279 2038 1336 sponsus:

380 1379 493 1420 non
529 1363 757 1434 possunt
790 1358 1053 1432 jejunare
1074 1358 1141 1412 ²⁰.
1174 1355 1281 1413 Ubi
1328 1359 1522 1412 autem
1574 1355 1757 1411 fames
1804 1358 1861 1408 et
1910 1351 2041 1408 sitis

381 1454 750 1526 grassantur,
773 1447 854 1504 ibi
877 1462 1114 1519 quoque
1143 1461 1324 1501 mors.
1353 1445 1718 1516 Quapropter
1747 1459 1819 1498 ne
1849 1458 2043 1514 perea-

383 1559 519 1600 mus
550 1540 726 1607 fame,
750 1536 1044 1593 caelestem
1072 1534 1488 1605 conquiramus
1508 1548 1743 1605 panem,
1770 1535 1827 1587 et
1847 1547 1920 1587 ne
1941 1530 2039 1586 siti

384 1632 728 1695 aduramur,
748 1623 1126 1696 inquiramus
1156 1639 1369 1694 aquam
1399 1621 1563 1678 illam
1595 1623 1668 1677 de
1698 1636 1811 1692 qua
1840 1619 2038 1676 Domi-

385 1735 498 1775 nus
527 1716 709 1774 dixit:
737 1714 798 1770 Si
825 1714 944 1785 quis
975 1712 1173 1768 biberit
1202 1728 1274 1767 ex
1292 1728 1441 1783 aqua
1460 1711 1563 1766 illa
1587 1726 1752 1782 quam
1775 1724 1871 1781 ego
1901 1708 2037 1765 dabo

384 1810 458 1876 ei,
485 1823 599 1865 non
627 1805 797 1872 sitiet,
829 1805 891 1859 in
914 1807 1189 1860 aeternum
1209 1802 1278 1858 ²¹.

2155 731 2428 805 ρευομὲνῳ
2473 728 2563 786 διὰ
2610 732 2879 805 πόματος
2937 735 3092 788 Θεοῦ.
3127 730 3227 787 Διὰ
3280 734 3443 786 τοῦτο
3500 728 3579 788 Οὐ
3630 726 3800 801 λιμο-

2150 822 2402 891 κτονήσει
2491 820 2687 898 Κύριος
2772 821 2952 897 ψυχὰς
3041 818 3285 876 δικαίων
3344 820 3458 888 καὶ,
3525 818 3802 894 Νεώτερος

2153 904 2438 982 ἕγευόμην·
2488 911 2575 965 καὶ
2632 910 2732 986 γὰρ
2796 912 3057 986 ἒγήρασα,
3100 910 3190 965 καὶ
3239 908 3339 965 οὐκ
3394 905 3536 964 εἶδον
3588 905 3801 964 δίκαιον

2152 997 2736 1075 ἐγκαταλελειμμένον,
2796 997 2927 1055 οὐδὲ
2980 1000 3042 1055 τὸ
3113 1000 3328 1073 σπέρμα
3383 998 3547 1054 αὐιοῦ
3600 1001 3802 1067 ζητοῦν

2151 1084 2367 1162 ἄρτουςο
2441 1088 2553 1158 καὶ,
2626 1090 2690 1145 et
2741 1089 2851 1144 υἱοὶ
2934 1093 3032 1144 τοῦ
3115 1092 3427 1166 νυμφῶνος,
3489 1086 3611 1142 ὅσον
3683 1085 3807 1159 μετ’

2150 1175 2324 1232 αὐτῶν
2390 1179 2530 1233 ἔστιν
2598 1179 2627 1233 6
2693 1179 2954 1252 νυμφίος,
3022 1178 3083 1233 οὐ
3169 1175 3414 1233 δόναεται
3495 1174 3806 1247 νηστεύειν.

2147 1266 2320 1320 Ὅπου
2352 1263 2410 1321 δὲ
2456 1263 2642 1340 λιμὸς,
2692 1266 2783 1322 καὶ
2839 1264 2991 1342 δίψα,
3049 1266 3161 1322 ἐκεῖ
3187 1266 3277 1321 καὶ
3307 1268 3342 1338 ἡ
3374 1266 3653 1340 νεκρότης.
3683 1265 3811 1322 Ἵνα

2150 1352 2240 1409 οὖν
2277 1356 2351 1429 μὴ
2409 1353 2921 1431 λιμοκτονηθῶμεν,
2979 1358 3302 1429 ζητήσωμεν
3358 1356 3448 1410 τὸν
3501 1355 3660 1430 ἄρτον
3703 1354 3805 1408 τὸν

2149 1443 2468 1521 ἓπουράνιον
2499 1447 2631 1519 (78),
2667 1443 2808 1519 μηδὲ
2837 1450 2917 1519 τῷ
2947 1443 3088 1520 δίψει
3137 1448 3593 1522 καταφρυγῶμεν,
3627 1444 3806 1514 ζητή-

2149 1553 2327 1607 σωμεν
2352 1535 2414 1589 τὸ
2445 1532 2590 1609 ὕδωρ
2616 1535 2741 1611 περὶ
2801 1536 2863 1589 οὗ
2913 1536 3058 1590 εἶπεν
3113 1535 3143 1590 6
3193 1535 3420 1610 Κύριος,
3451 1533 3535 1588 ὅτι
3567 1534 3688 1588 Ἐάν
3714 1553 3808 1594 τις

2146 1620 2245 1697 πίῃ
2275 1623 2335 1678 ἐκ
2390 1627 2489 1679 τοῦ
2538 1622 2732 1686 ὕδατος
2786 1624 2853 1679 οὗ
2910 1622 3021 1700 ἑγὼ
3080 1622 3240 1679 δώσω
3296 1622 3465 1696 αὐτῷ,
3512 1622 3575 1678 οὐ
3604 1623 3682 1696 μή
3713 1619 3805 1676 δι·

2145 1712 2296 1786 φήσῃ
2335 1711 2410 1775 είς
2438 1713 2530 1768 τὸν
2559 1713 2752 1769 αἰῶνα.

457 1897 581 1954 166.
611 1894 788 1950 Vsus.
820 1892 910 1961 14,
945 1892 1031 1947 15.
1061 1893 1141 1947 Et
1174 1889 1437 1946 dilatavit
1478 1891 1738 1962 infernus
1787 1888 2035 1944 animam

2219 1893 2341 1989 169.
2400 1891 2500 1947 Καὶ
2554 1891 2847 1948 ἐπλάτυνεν
2924 1892 2953 1946 6
3027 1888 3163 1963 ’ᾲδης
3219 1891 3319 1960 τὴν
3393 1891 3576 1966 ψυχὴν
3627 1887 3803 1944 αὐτοῦ

385 2002 565 2054 suam,
598 1991 650 2040 et
676 1982 899 2055 aperuit
927 1995 983 2037 os
1010 1995 1193 2047 suum,
1222 1983 1284 2034 ut
1336 1995 1451 2033 non
1497 1986 1680 2036 cesset.
1712 1980 1778 2034 Et
1817 1977 2033 2033 descen-

382 2076 512 2132 dent
540 2074 762 2145 inclyti,
790 2075 844 2127 et
871 2071 1087 2139 magni,
1119 2077 1171 2125 et
1207 2068 1430 2136 divites,
1462 2072 1515 2124 et
1561 2068 1871 2140 pestilentes
1897 2066 2037 2138 ejus,

382 2169 436 2223 ei
463 2165 563 2237 qui
588 2161 831 2219 exsultat
858 2159 918 2214 in
945 2174 1032 2215 ea.
1067 2161 1134 2214 Et
1165 2156 1562 2213 humiliabitur
1590 2158 1771 2227 homo,
1797 2160 1851 2211 et
1875 2155 2038 2213 dede.

378 2253 665 2311 corabitur
692 2239 872 2321 νει-,ἐι
898 2248 1046 2304 oculi
1073 2246 1337 2303 sublimes
1367 2246 1834 2302 humiliabuntur.
1858 2244 2039 2300 Nobis

268 2384 271 2387 ι
381 2347 447 2399 ut
466 2343 708 2415 poneret
731 2339 805 2394 ob
827 2336 1031 2394 oculos
1053 2335 1350 2408 ingentem
1374 2335 1746 2407 pereuntium
1769 2332 2038 2390 multitu-

382 2430 604 2500 dinem,
624 2428 917 2484 infernum
942 2425 1259 2482 affirmavit
1277 2441 1342 2481 os
1364 2441 1539 2480 suum
1564 2423 2044 2488 dilatare.Quem'

278 2540 285 2551 π
382 2520 699 2577 admodum
733 2516 855 2572 fieri
903 2514 1052 2572 solet
1103 2514 1163 2569 in
1215 2514 1597 2580 animalibus,
1629 2531 1757 2586 quae
1788 2530 1905 2585 prae
1949 2513 2038 2567 in-

382 2614 543 2682 genti
594 2611 747 2663 lame
795 2609 852 2661 et
899 2603 1095 2660 inedia
1124 2620 1316 2658 escam
1350 2603 1515 2659 avide
1572 2604 1834 2675 rapiunt,
1865 2606 2039 2674 atque

390 2714 537 2755 esca:
588 2693 879 2751 inhiantia
908 2710 973 2760 os
1004 2691 1253 2748 dilatant
1287 2709 1299 2745 :
1335 2692 1436 2761 ita,
1462 2691 1675 2763 inquit,
1698 2696 1756 2746 et
1775 2691 2041 2747 infernus

382 2803 446 2844 os
467 2801 641 2842 suum
669 2784 910 2839 reddere
932 2782 1127 2837 dictus
1152 2784 1241 2837 est
1262 2779 1519 2852 amplius
1541 2784 1717 2852 atque
1740 2779 2037 2851 capacius,

386 2877 656 2933 Fortasse
674 2877 868 2928 autem
903 2870 1074 2926 nobis
1103 2869 1199 2925 hic
1216 2886 1409 2926 sermo
1428 2869 1647 2925 indicat
1663 2885 2039 2925 communem

382 2964 696 3037 quemdam
731 2960 925 3016 locum
947 2960 1047 3030 qui
1075 2958 1153 3014 sit
1182 2959 1238 3013 in
1273 2958 1500 3014 intimis
1529 2962 1695 3013 terra:
1720 2957 2041 3020 visceribus

382 3052 724 3117 collocatus,
753 3050 948 3121 sitque
979 3049 1268 3104 obscurus
1300 3049 1371 3103 ab
1404 3045 1563 3101 omni
1596 3052 1758 3118 parte
1788 3053 1845 3102 et
1875 3052 2039 3103 tene-

382 3142 616 3209 brosus,
632 3140 829 3195 sedem
853 3152 982 3193 esse
1012 3135 1248 3202 inferni,
1273 3137 1557 3207 docetque
1586 3136 1751 3203 forte,
1778 3138 2038 3192 foramen

392 3228 691 3300 quoddam
733 3226 804 3281 ad
836 3231 1001 3280 terrae
1050 3240 1304 3280 concava
1349 3224 1698 3295 pertingere,
1732 3241 1835 3296 per
1882 3227 2036 3296 quod

386 3290 702 3373 animabus
730 3315 802 3371 ad
835 3312 1247 3385 gravissimam
1284 3290 1516 3383 poenam
1545 3290 1845 3369 damnatis
1878 3290 2039 3386 patet
2063 3290 2106 3357 C

2080 3451 2107 3473 ,
2148 3403 2510 3478 εγνωσμὲναις
2542 3406 2768 3478 ψυχαῖςσ
2802 3403 2831 3458 ’ὀ
2862 3399 2952 3457 διὰ
2996 3403 3059 3458 τὸ
3106 3401 3319 3473 πλῆθος
3347 3405 3454 3456 τῶν
3482 3397 3808 3473 ἀπολλυμέ-

390 3406 713 3461 descensus
761 3420 773 3458 :
823 3402 979 3474 quod
1039 3401 1320 3470 foramen,
1380 3404 1445 3455 ut
1499 3400 1689 3456 valeat
1740 3403 2039 3475 suscipere

385 3493 718 3559 universos,
748 3491 822 3545 ob
847 3505 1050 3545 eorum
1080 3489 1183 3560 qui
1230 3488 1529 3544 intereunt
1574 3489 2038 3559 multitudinem,

385 3579 642 3655 amplius
691 3580 773 3634 ait
832 3594 961 3634 esse
1018 3578 1233 3632 factum
1284 3593 1349 3632 ac
1398 3576 1595 3633 latius.
1627 3577 1824 3650 Neque
1879 3581 2037 3636 enim

385 3669 605 3728 animal
635 3668 929 3741 quoddam
955 3670 1045 3722 est
1069 3665 1358 3736 infernus,
1383 3682 1573 3736 neque
1602 3672 1863 3739 potestas
1886 3686 2039 3740 quaa-

382 3761 520 3816 dam
548 3758 792 3814 mortuis
811 3756 1104 3828 praefecte,
1119 3756 1291 3826 juxta
1313 3754 1647 3811 fabulosum
1668 3756 2037 3813 ethnicorum

382 3851 808 3907 commentum.
842 3844 910 3900 Hi
942 3843 1127 3917 igitur
1154 3848 1464 3916 propterea
1494 3847 1648 3917 quod
1687 3862 1798 3901 non
1828 3863 2037 3919 cogno.

381 3937 573 3994 verint
606 3934 940 4004 Dominum,
964 3934 1024 3988 in
1074 3932 1469 4005 captivitatem
1524 3935 1767 4006 redacti,
1798 3940 1855 3991 et
1885 3937 2038 3993 fame

382 4043 448 4083 ac
471 4025 569 4083 siti
593 4021 920 4096 spiritualis
944 4021 1208 4077 alimenti
1233 4028 1678 4091 marcescentes,
1703 4039 1835 4080 cum
1857 4024 2037 4097 incly-

379 4113 458 4170 tis
476 4118 533 4169 et
550 4112 783 4184 magnis
799 4117 858 4165 et
872 4108 1151 4165 divitibus
1168 4115 1225 4165 et
1245 4109 1654 4181 pestilentibus
1675 4113 2038 4169 descendunt

381 4203 443 4258 in
465 4202 785 4259 infernum.
806 4200 957 4255 Sunt
982 4202 1178 4253 autem
1212 4200 1325 4253 tria
1354 4214 1485 4270 quis
1515 4202 1916 4271 peccatoribus
1946 4204 2035 4259 in-

376 4297 713 4358 tentantur;
735 4287 1068 4361 captivitas,
1089 4303 1269 4359 mors,
1289 4287 1613 4344 descensus
1635 4289 1694 4344 in
1717 4289 2035 4349 infernum.

379 4380 697 4453 Captivitas
715 4377 955 4449 quidem
978 4376 1105 4448 ipse
1126 4380 1215 4432 est
1237 4393 1270 4431 a
1290 4375 1544 4448 pristina
1558 4376 1677 4433 vita
1694 4378 1917 4451 lapsus,
1936 4398 2040 4453 per

381 4468 583 4525 dolum
635 4467 1020 4536 fraudemque
1067 4463 1318 4530 inimici,
1355 4465 1455 4535 qui
1508 4482 1616 4521 nos
1660 4466 1731 4522 de
1777 4470 2036 4540 paradisi

379 4555 747 4615 beatitudine
776 4552 1111 4610 deturbavit
1135 4569 1149 4608 :
1177 4569 1335 4608 more
1358 4569 1493 4609 vero
1514 4554 1862 4614 abalienatio
1884 4564 1974 4616 est
2002 4577 2037 4615 a

2145 1981 2235 2035 καὶ
2289 1978 2528 2051 διήνοιξε
2580 1982 2644 2036 τὸ
2722 1980 2898 2055 στόμα
2965 1979 3152 2049 αὐτοῦ,
3209 1983 3308 2035 τοῦ
3368 1980 3445 2053 μή
3495 1976 3802 2038 διαλιπεῖν.

2146 2070 2245 2124 Καὶ
2300 2064 2693 2141 καταϐήσονται
2754 2071 2805 2125 o't
2862 2065 3091 2143 ἔνδοξοι,
3149 2068 3240 2124 καὶ
3288 2069 3341 2124 οἱ
3403 2066 3652 2145 μεγάλοι,
3703 2066 3803 2122 καί

2147 2160 2199 2214 οἱ
2231 2158 2509 2229 πλούσιοι,
2558 2159 2650 2214 καὶ
2704 2160 2756 2214 οἱ
2814 2157 3007 2233 λοιμοὶ
3058 2158 3251 2229 αὐτῆς,
3295 2157 3386 2213 καὶ
3430 2158 3460 2211 6
3513 2155 3800 2231 ἀγαλλιώ-

2151 2270 2309 2323 μενος
2367 2249 2419 2304 ἓν
2493 2248 2630 2323 αὐτῇ
2682 2251 2818 2323 (79).
2895 2249 2999 2304 Καὶ
3071 2248 3529 2317 ταπεινωθήσεται
3585 2244 3807 2320 ἄνθρω-

2146 2359 2268 2410 πος,
2326 2338 2416 2393 καὶ
2465 2339 2891 2411 ἀτιμασθήσεται
2942 2337 3102 2413 ἀνὴρ,
3159 2337 3248 2392 καὶ
3301 2337 3353 2391 οἱ
3411 2334 3690 2413 ὀφθαλμοὶ
3748 2335 3805 2388 οἱ

2151 2425 2414 2503 μετέωροι
2488 2430 3011 2498 ταπεινωθήσονται.
3088 2429 3202 2483 Ἳνα
3286 2425 3351 2480 τὸ
3425 2421 3586 2500 ἁδρὸν
3684 2428 3802 2478 τῶν

2148 2511 2544 2587 ἀπολλυμένων
2604 2516 2632 2569 6
2686 2513 2853 2590 λόγος
2908 2516 3042 2588 ἡμῖν
3101 2514 3443 2588 παραστήσῃ,
3505 2509 3803 2566 πλατύνειν

2148 2600 2247 2680 ἔφη
2281 2603 2370 2657 τὸν
2405 2597 2539 2673 ᾅδην
2570 2604 2633 2658 τὸ
2663 2602 2838 2676 στόμα
2869 2602 3054 2658 αὐτοῦ.
3111 2603 3310 2675 Ὥσπερ
3352 2600 3439 2655 ἐπὶ
3468 2603 3576 2656 τῶν
3612 2598 3803 2669 ζώων,

2148 2691 2247 2747 ὅσα
2302 2687 2522 2768 λάϐρως
2563 2692 2665 2747 ὑπὸ
2708 2689 2929 2762 πολλῆς
2972 2688 3178 2754 ἒνδείας
3220 2692 3321 2759 τήν
3374 2690 3580 2767 τροφήν
3640 2687 3803 2765 διαρ-

2148 2780 2325 2853 πάζει,
2379 2780 2468 2835 καὶ
2525 2778 2781 2836 πλατύνει
2836 2782 2900 2836 τὸ
2972 2779 3149 2854 στόμα
3223 2779 3660 2856 περιτεινόμενον
3725 2782 3804 2852 τῇ

2146 2874 2346 2947 τροφῇ⁸
2380 2870 2545 2943 οὕτω,
2598 2870 2752 2948 φησὶ,
2784 2870 2874 2925 καὶ
2923 2871 2951 2926 6
3000 2865 3136 2941 ᾅδης
3162 2870 3224 2924 τὸ
3275 2866 3466 2924 ἑαυτοῦ
3508 2867 3688 2940 στόμα
3715 2867 3808 2922 εὖ·

2151 2961 2530 3037 ρυχωρότερον
2585 2967 2761 3015 ποιεῖν
2810 2964 3045 3034 εἴρηται.
3075 2959 3230 3035 Τάχα
3286 2955 3345 3013 δὲ
3398 2961 3535 3031 ἡμῖν
3565 2959 3595 3012 6
3626 2957 3809 3033 λόγος

2149 3046 2475 3103 ἐνδείκνυται
2529 3049 2711 3104 κοινόν
2764 3070 2882 3104 τινα
2938 3050 3106 3104 τόπον
3161 3048 3213 3103 ἒν
3270 3051 3351 3120 τῷ
3399 3045 3655 3119 ὲσωτάτῳ
3691 3053 3806 3116 τῆς

2146 3144 2272 3211 γῆς,
2301 3136 2541 3193 ἐπίσκιον
2584 3139 2946 3214 πανταχόθεν,
3001 3138 3094 3193 καὶ
3126 3136 3377 3211 ἀλαμπῆ,
3425 3137 3489 3191 τὸ
3536 3139 3632 3190 τοῦ
3663 3133 3808 3205 ᾅδου

2147 3225 2354 3301 χωρίον
2387 3228 2542 3281 εῖναι·
2605 3227 2831 3299 στόμιον
2862 3223 2920 3281 δὲ,
2972 3246 3024 3279 τι
3084 3224 3173 3279 ἑπὶ
3217 3225 3285 3279 τὰ
3345 3220 3507 3279 κοῖλα
3531 3224 3802 3291 καθῆκον,

2147 3312 2212 3369 δι’
2238 3315 2300 3369 οὗ
2353 3316 2454 3384 τὴν
2501 3312 2732 3370 κάθοδον
2764 3317 2900 3369 εἶναι
2956 3317 3077 3376 ταῖς
3133 3313 3271 3389 πρὸς
3317 3312 3381 3367 τὸ
3436 3315 3626 3387 χεῖρον
3672 3330 3809 3365 κατ-

2145 3513 2275 3563 νων,
2320 3490 2457 3547 ὥστε
2507 3489 2858 3564 ὑποδέξασθαι
2907 3490 3129 3561 πάντας,
3175 3487 3619 3567 εὐρυχωρότερόν
3659 3508 3806 3565 φησι

2146 3586 2490 3656 γεγενῆσθαι.
2540 3580 2612 3635 Οὐ
2641 3580 2742 3657 γὰρ
2774 3576 2842 3649 δὴ
2892 3579 3028 3649 ζῶόν
3062 3601 3114 3634 τι
3149 3580 3177 3633 6
3208 3574 3364 3649 ᾅδης,
3399 3575 3525 3632 οὐδὲ
3563 3574 3805 3649 δύναμίς

2144 3690 2228 3731 τις
2260 3670 2651 3744 ἑπιτεταγμὲνη
2710 3672 2822 3744 (80)
2876 3675 2994 3732 ταῖς
3042 3669 3463 3739 ἀποθνήσκουσι,
3515 3665 3654 3721 κατὰ
3685 3667 3799 3734 τὴν

2151 3758 2473 3832 μυθοποιίαν
2504 3763 2611 3814 τῶν
2646 3753 2864 3829 ἔξωθεν.
2924 3759 2990 3816 Οἱ
3019 3755 3108 3814 οὗν
3142 3755 3233 3812 διὰ
3259 3758 3322 3812 τὸ
3356 3757 3431 3830 μή
3466 3752 3660 3811 είδὲναι
3691 3755 3794 3810 τὸν

2148 3847 2371 3924 Κύριον,
2423 3846 2777 3924 αἰχμάλωτοι
2834 3846 3145 3923 γενόμενοι,
3199 3847 3289 3902 καὶ
3339 3843 3493 3919 λιμῷ
3521 3844 3610 3899 καὶ
3644 3840 3798 3917 δίψει

2145 3940 2243 4007 τῆς
2289 3944 2659 4011 πνευματικῆς
2710 3944 2919 4015 τροφῆς
2974 3937 3285 3996 ἒκτακὲντες
3342 3936 3476 4008 (81),
3533 3932 3608 3995 εἰς
3662 3930 3805 4003 ᾅδου

2146 4020 2554 4096 καταϐαίνουσι,
2589 4027 2723 4100 μετᾶ
2775 4030 2884 4080 τῶν
2942 4023 3192 4095 ἐνδόξων,
3244 4024 3335 4079 καὶ
3386 4020 3663 4098 μεγάλων,
3704 4022 3805 4077 καὶ

2146 4113 2445 4187 πλουσίων,
2504 4116 2594 4171 καὶ
2652 4115 2891 4189 λοιμῶν.
2947 4115 3078 4191 Τρία
3134 4111 3191 4169 δὲ
3243 4114 3353 4168 ἔστι
3401 4113 3469 4167 τὰ
3516 4111 3642 4185 περὶ
3670 4110 3811 4175 τοὺς

2146 4203 2551 4279 ἁμαρτάνοντας
2600 4202 2980 4275 ἀπειληθέντω
3032 4200 3408 4278 αἰχμαλωσία,
3459 4200 3549 4256 καὶ
3597 4200 3806 4275 νέκρω-

2146 4314 2249 4363 σις,
2279 4294 2369 4348 καὶ
2402 4293 2479 4358 εἷς
2506 4289 2638 4365 ’ᾅδου
2696 4291 2951 4357 κάθοδος.
2984 4291 3363 4368 Αἴχμαλωσία
3393 4290 3488 4364 μὶν
3518 4288 3620 4367 γάρ
3653 4288 3801 4344 lci-tv

2144 4385 2179 4452 ἡ
2240 4382 2345 4438 ἀπὸ
2402 4389 2501 4452 τῆς
2554 4381 2977 4459 προηγουμένης
3033 4386 3179 4451 ζωῆς
3243 4380 3612 4449 κατάπτωσις,
3660 4378 3804 4434 κατὰ

2146 4470 2356 4543 ἀπάτην
2410 4475 2507 4527 τοῦ
2565 4470 2765 4548 ἐχθροῦ
2817 4470 3171 4548 ὐπεξάγοντος
3227 4476 3329 4540 τῆς
3385 4470 3438 4525 ἓν
3486 4473 3568 4541 τῷ
3620 4487 3802 4543 παρα-

2146 4557 2308 4634 δείσῳ
2345 4561 2770 4637 μακαριότητος·
2830 4559 3093 4638 νέκρωσις
3153 4557 3232 4629 δὲ,
3288 4561 3324 4629 ἡ
3382 4565 3484 4628 τῆς
3517 4559 3802 4627 ζωοποιοῦ

379 4648 670 4720 praecepto
699 4644 881 4699 vitam
928 4641 1212 4715 largiente
1243 4657 1257 4695 :
1290 4641 1611 4698 descensus
1660 4644 1914 4718 denique
1961 4648 2034 4704 ad

2147 4647 2371 4719 ἐντολῆς
2418 4647 2809 4725 ἀλλοτρίωσις·
2869 4646 2946 4712 εἷς
2996 4647 3129 4721 ᾇδου
3187 4646 3245 4704 δὲ
3301 4643 3674 4716 κατάϐασις,ὁ
3705 4643 3803 4701 διὰ

378 4736 703 4802 infernum,
734 4736 825 4789 est
852 4748 887 4787 a
922 4730 1040 4787 Deo
1082 4729 1400 4802 separatio,
1426 4747 1558 4803 quae
1599 4733 1671 4788 ob
1720 4733 2036 4805 plurimam

381 4829 757 4897 peccatorum
779 4819 1113 4895 congeriem
1138 4824 1194 4875 et
1220 4819 1604 4889 affectionem;
1628 4823 1781 4880 498
1802 4841 2037 4883 summo

379 4915 534 4970 bono
587 4912 996 4968 adversantem
1027 4907 1329 4979 contingit.
1363 4907 1508 4964 Nam
1567 4915 1630 4966 ut
1670 4913 1871 4982 justus
1918 4931 2038 4971 una

382 5018 518 5059 cum
549 5000 782 5056 Christo
803 5000 929 5071 jam
962 4996 1347 5064 consurrexit,
1381 5001 1556 5069 atque
1593 5017 1712 5058 una
1741 5020 1877 5059 cum
1907 5003 2036 5077 ipso

383 5090 540 5148 sedit
568 5090 627 5146 in
674 5087 1014 5145 cmlestibus
1049 5103 1061 5143 :
1096 5087 1178 5142 ita
1207 5086 1464 5157 injustus
1509 5090 1631 5158 jam
1683 5092 1951 5163 captivus
1980 5099 2039 5151 et

456 5233 498 5269 ιθ
525 5234 706 5289 Amos
733 5248 857 5304 vui,
891 5231 979 5287 11.
1058 5227 1101 5265 ιτ
1131 5227 1336 5285 Matth.
1370 5245 1447 5297 ιν,
1479 5230 1532 5285 4.
1611 5232 1653 5268 ιθ
1686 5232 1851 5290 Prov.
1884 5253 1943 5305 χ,
1971 5236 2026 5294 3.

477 5374 570 5444 77)
602 5372 842 5444 Antiqui
876 5376 995 5427 tres
1016 5368 1181 5444 _l_i_br_i,
1210 5367 1406 5444 μόνον.

477 5438 841 5521 78)λνεῐθιῖοε
867 5444 983 5521 duo
1014 5440 1174 5521 libri,
1199 5438 1368 5521 ipsos
1390 5440 1812 5521 révﬁnioi’ietov,
1835 5466 2037 5521 panem

384 5510 791 5608 quotidianum;
818 5514 1000 5572 Paulo
1049 5517 1183 5585 post
1231 5510 1393 5581 editi,
1425 5512 1454 5567 ’ὀ
1485 5510 1610 5588 ἐγώ.
1654 5521 1728 5575 At
1774 5510 2036 5595 quinque

384 5585 556 5657 illam,
589 5587 652 5642 οὗ
692 5585 718 5642 ἐ
758 5587 823 5641 ώ.
1525 5585 1535 5588 ’
1789 5585 1810 5592 ’
1936 5585 1957 5595 ⁸

589 5608 775 5743 illa},
806 5658 897 5712 καὶ
915 5650 1417 5743 *ὁνξγῇλλιώμενος
1448 5653 1505 5710 ἆυ
1534 5656 1691 5743 αὐτῇ,
1720 5670 1771 5718 et
1808 5666 1909 5736 qui
1932 5680 2032 5721 σω-

382 5727 558 5791 δαιιαὶ
576 5733 639 5790 in
663 5750 749 5807 ea,
779 5729 937 5806 apud
967 5727 1111 5785 LXX
1140 5741 1517 5804 nequaquam
1548 5727 1782 5805 legitur.

2144 4739 2242 4807 τὴν
2274 4736 2499 4808 πολλὴν
2526 4746 2627 4810 τῆς
2655 4738 2920 4816 ἁμαρτίας
2960 4738 3145 4813 χύσιν,
3186 4737 3278 4792 καὶ
3324 4737 3424 4805 τὴν
3449 4735 3691 4791 ἐναντίαν
3718 4738 3806 4807 τῷ

2146 4825 2331 4902 ἀγαθῷ
2365 4829 2476 4902 (82)
2510 4825 2766 4901 διάθεσιν,
2817 4828 2924 4883 ἀπὸ
2968 4832 3102 4883 Θεοῦ
3150 4825 3442 4904 γινόμενος
3484 4823 3801 4900 χωρισμός.

2145 4918 2351 4993 Ὥσπερ
2383 4917 2488 4993 γὰρ
2544 4918 2571 4972 ὁ
2622 4915 2831 4980 δίκαιος
2888 4914 2995 4988 ἤδη
3059 4916 3365 4992 συνηγέρθη
3418 4917 3659 4990 Χριστῷ,
3705 4911 3803 4968 καὶ

2146 5006 2485 5061 συνεκάθισεν
2554 5007 2606 5062 ἒν
2663 5012 2780 5069 τοῖς
2856 5006 3215 5076 ἐπουρανίοις·
3295 5004 3467 5066 οὕτως
3526 5003 3555 5058 6
3615 4997 3806 5064 ἄδικος

2145 5094 2510 5172 αἰχμάλωτος
2566 5093 2675 5167 ἤδη
2706 5096 2799 5152 καὶ
2856 5096 3067 5169 νεκρὸς,
3122 5096 3211 5150 καὶ
3267 5093 3343 5156 εἷς
3397 5090 3523 5164 ᾆδον
3569 5088 3660 5146 διὰ
3684 5088 3799 5145 τῶν

2103 5239 2149 5274 ¹⁰
2177 5238 2331 5295 Psal.
2363 5256 2555 5303 xuvx,
2576 5239 2665 5296 25.
2741 5240 2787 5275 ³ο
2815 5239 2990 5297 Marc.
3022 5255 3085 5309 ιι,
3116 5238 3203 5294 19.
3278 5239 3321 5273 ³⁸
3353 5240 3521 5293 Joan.
3554 5251 3633 5305 ιν,
3667 5234 3758 5290 13.

2217 5381 2326 5452 (80)
2358 5381 2514 5452 Editi
2564 5397 2697 5437 cum
2748 5381 2982 5452 duobus
3029 5376 3643 5452 mss.,tmtera1p.£m.
3685 5376 3800 5432 Alii

2142 5455 2262 5527 tres
2287 5469 2349 5527 Am
2357 5470 2463 5521 88.,
2495 5451 2919 5527 ἀποτεταγμένη.

2140 5514 2593 5657 ταξῗέίιῖθίθτπ
2638 5514 2900 5598 (Ψίδίῖυέ
2940 5523 3100 5595 "bri.
3129 5520 3453 5583 ἐκτακέντες.
3494 5518 3671 5591 Editi,
3700 5514 3799 5573 ι.-

2213 5668 2323 5740 (82)
2356 5667 2529 5738 Editi,
2577 5670 2685 5723 τῶν
2733 5666 2965 5744 ἀγαθῶν.
3013 5670 3084 5725 At
3126 5668 3381 5740 quinque
3426 5679 3571 5721 mss.
3615 5666 3683 5720 ut
3728 5662 3794 5720 in

2141 5742 2435 5797 contextu.
