4048 6220
387 361 508 427 395
1351 342 1748 408 APPENDIX
1790 338 2116 402 OPERUM
2163 339 2229 398 S.
2273 337 2557 398 BASlLll
2603 337 2876 398 MAGNI.
3676 334 3799 394 396

397 495 534 552 dem
561 486 948 547 humiliatur:
979 483 1133 540 Oculi
1159 479 1307 537 enim
1336 477 1552 533 Domini
1579 474 1863 538 sublimes,
1889 471 2047 527 homo

2187 467 2369 537 ιιὼθη.
2422 468 2482 524 Ὀ
2536 467 2630 538 μὲν
2678 467 2779 542 γὰρ
2828 463 3111 538 ἅνθρωπος
3151 467 3526 518 ταπεινοῦταιο
3577 462 3644 518 Οἱ
3699 461 3804 538 γὰρ
3844 447 3851 452 ’

397 590 587 641 autem
631 576 860 635 humilis
884 575 927 608 ⁸³
958 591 972 629 :
1007 572 1092 627 vir
1141 585 1272 625 vero
1321 568 1727 629 dedecorator,
1767 566 2051 631 tanquam

2187 553 2438 632 ›φθαλμοὶ
2513 555 2715 629 Κυρίου
2791 551 3019 627 ὕψηλοὶ,
3079 554 3107 606 ὁ
3158 549 3215 607 δὶ
3271 549 3555 624 ἄνθρωπος
3622 571 3807 605 ταπει-

401 676 504 747 qui
529 672 733 733 Deum,
757 663 986 721 violatis
1018 661 1146 731 ejus
1174 655 1500 730 praeceptis,
1523 655 1700 709 ducat
1723 668 1824 723 pro
1849 647 2051 747 nihilo.

2187 644 2268 708 κός·
2315 646 2341 698 ὁ
2383 641 2440 698 δὲ
2489 645 2620 717 ἀνὴρ
2680 643 3019 715 ἀτιμάζεται,
3053 643 3125 702 ὡς
3178 640 3469 711 ἐξουθενῶν
3521 642 3611 695 τὸν
3672 642 3801 695 Θεὸν

2187 736 2192 747 ι
2232 733 2245 747 \
2345 740 2369 747 ...
2503 737 2528 747 αι-
2631 732 2643 747 5
2750 731 2768 747 ς
2796 736 2820 747 υ
3059 724 3088 747 ρ
3109 729 3118 747 1
3322 731 3378 747 ιιι
3484 729 3497 746 ι
3601 729 3646 747 τι
3721 731 3746 747 n

402 724 554 820 Flam
585 759 685 831 qui
717 772 846 812 eum
878 747 1050 808 nihili
1078 748 1324 812 faciunt,
1347 744 1679 800 afﬁcientur
1710 737 2057 812 ignominia,

2187 733 2255 787 ἰιά
2303 740 2407 800 τῆς
2463 737 2570 787 τῶν
2628 731 2862 786 ἐντολῶν
2907 724 3285 806 παραϐάσεως.
3317 731 3384 786 Οἱ
3438 729 3539 805 γὶρ
3597 729 3807 800 ἐξουθε-

46 5659 191 5806 ﬁt?
272 5723 426 5831 Ἢ

410 853 496 908 uti
529 827 846 905 didicimus
890 841 950 896 in
998 839 1187 910 primo
1218 836 1549 906 Regnorum
1605 830 1776 896 libro,
1810 827 2055 883 Domino

408 940 638 998 dicente
664 949 676 989 :
704 930 1083 1000 Gloriﬁcanies
1112 942 1198 981 me
1225 921 1562 994 gloriﬁcabo,
1584 929 1637 974 ct
1667 919 1765 989 qui
1790 918 2056 987 Spernunl

407 1045 514 1094 me,
537 1022 845 1095 ignominia
867 1019 999 1089 ipsis
1020 1018 1281 1070 inuratur
1299 1009 1471 1065 ".Vir
1495 1008 1673 1079 igitur
1695 1000 2061 1060 dedecorabi-

409 1093 509 1175 tur
525 1093 676 1170 199
694 1127 796 1182 per
811 1123 982 1163 suum
998 1104 1187 1175 ipsius
1203 1104 1500 1173 peccatum
1524 1115 1536 1152 :
1559 1095 1810 1151 dedecus
1833 1093 2063 1182 enim

411 1178 719 1262 infamiam
739 1197 913 1252 infert
935 1197 1261 1266 peccatum.
1279 1190 1576 1257 Resurgent
1593 1186 1761 1253 enim,
1779 1181 1989 1252 inquit,
2004 1178 2062 1233 hi

410 1298 478 1352 in
513 1294 685 1348 vitam
718 1291 1002 1351 a'ternam,
1032 1291 1083 1338 et
1114 1281 1208 1336 isti
1237 1281 1297 1334 in
1345 1276 1703 1349 approbrium
1730 1277 1783 1327 et
1829 1269 2062 1326 dedecus

413 1391 682 1442 aeternum
703 1377 768 1430 ²⁶.
804 1375 948 1431 Cum
981 1370 1136 1426 enim
1188 1367 1372 1422 honor
1423 1361 1728 1436 dignitatis
1759 1360 1836 1414 sit
1866 1375 2065 1413 remu-

417 1470 675 1533 neratio;
709 1465 968 1537 dignitas
1013 1477 1164 1527 vero,
1199 1455 1433 1512 virtutis
1480 1453 1816 1525 praemium;
1849 1446 2067 1504 sanctis

421 1561 663 1635 quidem
704 1533 829 1611 tum
875 1553 1082 1616 honor,
1113 1552 1239 1602 tum
1270 1543 1526 1616 dignitas
1573 1540 1872 1605 tribuitur,
1906 1533 2070 1635 impii

416 1627 552 1707 vero
607 1642 903 1702 contraria
963 1636 1274 1710 recipiunt.
1333 1633 1592 1689 Honorat
1649 1629 1806 1684 enim
1863 1627 2072 1698 dignos

416 1740 594 1796 Deus.
626 1735 773 1790 Nam
807 1732 934 1802 ipse
964 1733 1055 1784 est
1083 1726 1137 1781 id
1172 1723 1327 1794 quod
1361 1737 1494 1776 vere
1523 1717 1932 1776 honorandum
1962 1719 2071 1783 est,

2165 825 2372 883 νοῦντες
2401 821 2559 876 αὑτὸν
2620 822 3098 894 ἀτιμασθήσονται,
3136 819 3209 880 ὡς
3260 818 3311 872 ἐν
3349 822 3417 893 τῇ
3457 819 3648 892 πρώτῃ
3695 823 3804 873 τῶν

2169 909 2467 966 Βασιλειῶν
2529 910 2838 980 ἠκούσαμεν
2887 913 2984 963 τοῦ
3059 908 3260 978 Κυρίου
3317 907 3573 982 λέγοντος
3607 927 3619 941 ·
3670 907 3814 971 Τοὺς

2170 996 2488 1069 δοξάζοντάς
2577 1021 2644 1070 με
2720 994 2950 1070 δοξάσω,
3011 999 3098 1052 καὶ
3173 999 3224 1052 οἱ
3292 996 3683 1067 ἐξουθενοῦντές
3744 1018 3812 1069 με

2169 1088 2654 1160 ἀτιμασθήσονται.
2711 1091 3164 1161 Ἀτιμασθήσεται
3216 1085 3305 1140 οὖν
3357 1087 3494 1162 ἀνὴρ
3555 1087 3657 1141 ὑπὸ
3711 1094 3815 1155 τῆς

2172 1174 2311 1238 ἰδίας
2343 1176 2627 1252 ἁμαρτίας
2660 1177 2987 1250 ἀτιμοποιὸς
3037 1177 3139 1250 γὰρ
3171 1179 3205 1245 ἡ
3243 1176 3499 1250 ἁμαρτία.
3549 1177 3811 1246 Ἀναστή-

2173 1286 2357 1321 σονται
2388 1266 2510 1342 γὰρ,
2545 1266 2730 1342 φησὶν,
2765 1266 2913 1320 οὗτοι
2949 1265 3025 1327 εἷς
3058 1267 3203 1334 ζωήν
3254 1265 3495 1332 αῗώνιον,
3525 1265 3614 1318 καὶ
3661 1266 3811 1319 οὗτοι

2174 1354 2249 1416 εἷς
2309 1352 2616 1426 ὀνειδισμὸν
2675 1354 2764 1409 καὶ
2813 1357 2924 1428 (9i)
2983 1354 3248 1430 αἰσχύνην
3305 1353 3547 1411 αἰώνιον.
3590 1351 3814 1422 Ἐπειδὴ

2175 1447 2280 1519 γαρ
2313 1445 2447 1516 τιμή
2482 1445 2592 1498 ἔστι
2622 1444 2794 1518 γὲρως
2823 1440 3104 1511 ἀπόδοσις,
3134 1444 3294 1518 γέρας
3341 1440 3398 1498 δέ
3449 1441 3588 1497 ἐστιν
3649 1443 3854 1507 ἆθλον..

2179 1533 2391 1606 ἀρετῆς·
2419 1538 2535 1594 τοῖς
2596 1533 2689 1605 μὶν
2737 1532 2916 1606 ἁγίοις
2968 1533 3056 1587 καὶ
3104 1532 3241 1604 τιμή
3286 1531 3376 1586 καὶ
3422 1530 3579 1608 γέρας
3623 1532 3820 1586 ἀπονε-

2184 1642 2361 1694 μεται,
2392 1627 2509 1684 τοῖς
2556 1618 2613 1676 δὲ
2659 1615 2869 1676 ἀσεϐέσι
2907 1620 2975 1675 τὰ
3029 1619 3258 1676 ἐναντία.
3291 1624 3432 1693 Τιμᾷ
3480 1621 3572 1694 μὲν
3629 1621 3734 1696 γάρ
3797 1622 3826 1675 ὸ

2184 1711 2312 1774 Θεὸς
2339 1709 2468 1773 τοὺς
2500 1711 2701 1783 ἀξίους.
2736 1710 2904 1772 Αὐτὸς
2950 1710 3051 1785 γάρ
3110 1708 3221 1764 ἐστι
3274 1710 3336 1764 τὸ
3393 1706 3561 1770 ὅντως
3615 1709 3828 1781 τίμιον,

425 1829 822 1892 honoremque
851 1818 1094 1874 tribuit:
1121 1829 1301 1886 quare
1330 1809 1428 1882 qui
1460 1806 1784 1880 ignominia
1813 1809 2073 1872 notatur,

2187 1801 2277 1855 καὶ
2333 1806 2503 1873 τιμῆς
2549 1797 2893 1872 παρεκτικόν·
2944 1795 3083 1853 διότι
3138 1798 3202 1852 οὐ
3255 1794 3473 1852 δύναται
3502 1798 3599 1866 τὴν
3654 1798 3828 1870 τιμὴν

2417 1896 2442 1904 .-
2601 1889 2614 1904 I
2694 1889 2706 1904 ς
2924 1888 2933 1904 Ι
3118 1887 3164 1904 ε.
3305 1887 3353 1904 συ
3477 1883 3518 1904 ῦς
3597 1883 3623 1904 υ

426 1917 707 1973 honorem
742 1907 948 1980 nequit
967 1901 1225 1974 assequi.
1251 1900 1740 1969 Unumquemque
1761 1899 1956 1949 autem
1983 1893 2078 1947 de-

430 2004 711 2060 decorant
733 1992 1116 2068 turpitudinis
1142 2007 1207 2045 ac
1240 1987 1492 2044 infamiae
1518 1985 1676 2048 vitia,
1699 1999 1893 2040 coram
1917 1979 2079 2038 omni

429 2097 697 2149 creatura
742 2083 1025 2158 exposita.
1057 2083 1120 2136 Et
1149 2080 1316 2144 oculi,
1353 2076 1564 2148 inquit,
1603 2075 1861 2129 sublimes
1892 2072 2076 2126 humi-

427 2183 732 2239 liabuntur.
766 2175 1108 2243 Quicunque
1137 2169 1333 2224 animo
1366 2181 1605 2222 sursum
1638 2167 1851 2231 erecto,
1885 2166 2080 2216 aucto-

427 2289 549 2327 rem
582 2270 863 2325 horumce
911 2260 1178 2318 omnium
1222 2260 1358 2312 sunt
1405 2252 1626 2318 intuiti,
1658 2251 1697 2306 ii
1728 2251 1928 2308 oculos
1975 2255 2077 2303 ha-

425 2362 566 2416 bent
615 2354 918 2422 sublimes,
953 2353 1154 2420 utpote
1199 2345 1299 2416 qui
1348 2359 1526 2415 super
1581 2340 1779 2396 omnia
1835 2354 2080 2410 corpora

324 2480 346 2498 ιο
431 2451 689 2505 mentem
723 2458 891 2499 suam
923 2435 1219 2494 attollant.
1243 2433 1353 2489 Sed
1375 2432 1424 2487 si
1443 2435 1646 2503 postea
1667 2430 1739 2484 ob
1765 2428 1940 2483 falsas
1962 2426 2081 2496 cpi-

426 2536 631 2593 niones
661 2536 719 2588 et
750 2533 956 2603 ingens
987 2533 1353 2582 terrenarum
1385 2535 1578 2577 rerum
1611 2517 1900 2585 studium,
1933 2514 2076 2569 nihil

424 2641 629 2682 eorum
661 2638 790 2692 quae
825 2632 1037 2690 magna
1080 2617 1241 2678 sunt,
1278 2608 1503 2681 possint
1533 2605 1788 2678 amplius
1819 2608 2078 2659 contem-

427 2713 597 2788 plari,
631 2712 748 2766 imo
779 2697 961 2764 dediti
1013 2703 1135 2760 sint
1180 2700 1283 2757 toti
1335 2696 1629 2768 corporeis
1661 2694 1883 2750 deliciis
1914 2693 2079 2748 volu-

426 2782 832 2876 ptatibusque,
865 2799 989 2865 iure
1030 2791 1250 2863 optimo
1283 2787 1560 2842 dicuntur
1587 2782 1909 2839 humiliari.

499 2892 589 2947 68.
622 2869 797 2943 νειὶε.
835 2886 922 2940 16.
953 2884 1019 2938 Et
1048 2879 1388 2936 exaltabitur
1435 2875 1698 2929 Dominus
1746 2869 1987 2927 Sabaoth
2018 2871 2079 2925 in

418 2980 658 3053 judicio.
700 2979 821 3032 Hoc
877 2978 985 3039 est,
1039 2987 1143 3042 per
1199 2982 1427 3039 aequam
1486 2962 1927 3019 retributionem
1983 2976 2079 3014 co-

429 3049 563 3126 rum
625 3083 750 3138 quae
815 3067 956 3119 sunt
1015 3059 1177 3133 prius
1237 3059 1734 3119 commemorata,
1793 3049 2083 3106 exaltatur

430 3136 714 3216 Dominus
750 3159 899 3208 Deus
929 3151 988 3204 in
1029 3146 1292 3219 judicio;
1328 3146 1471 3200 adeo
1525 3148 1590 3196 ut
1638 3157 1706 3196 ex
1756 3138 1816 3204 ii,
1849 3154 1975 3208 qua:
2007 3136 2078 3191 ad

2185 1896 2538 1966 περιποιῆσαι
2594 1889 2622 1943 ὁ
2681 1888 3057 1961 ἠτιμωμένος.
3118 1887 3402 1959 Ἀτιμάζει
3473 1883 3531 1941 δὶ
3597 1883 3827 1941 ’ἑκαστον

2183 1983 2252 2037 τὰ
2280 1979 2424 2050 πάθη
2451 1985 2550 2047 τῆς
2582 1977 2871 2053 αἰσχύνης,
2906 1977 2992 2031 ἐπὶ
3041 1983 3140 2046 τῆς
3191 1977 3418 2039 κτίσεως
3473 1977 3652 2047 πάσης
3708 1978 3834 2032 ἁνα-

2185 2069 2590 2141 καλυπτόμενα.
2623 2067 2727 2123 Καὶ
2777 2067 2828 2120 οἱ
2879 2065 3179 2141 ὀφθαλμοὶ,
3229 2067 3404 2139 φησὶν,
3449 2067 3500 2120 οἱ
3563 2067 3833 2141 μετέωροι

2186 2159 2702 2230 ταπεινωθήσονται.
2743 2157 2899 2213 ’Όσοι
2961 2156 3250 2231 ἐπάραντες
3304 2155 3381 2218 είς
3435 2155 3570 2229 ὕψος
3620 2156 3830 2210 ἑαυτῶν

2185 2249 2285 2316 τήν
2344 2245 2600 2318 διάνοιαν,
2643 2243 2783 2299 εἶδον
2838 2245 2927 2299 τὸν
2987 2241 3361 2314 καταδείξαντα
3417 2248 3582 2298 ταῦτα
3635 2245 3833 2312 πάντα,

2189 2338 2337 2392 οὗτοι
2370 2331 2590 2411 ἔχοντες
2627 2334 2932 2408 μετεώρους
2975 2332 3102 2394 τοὺς
3157 2331 3498 2406 ὀφθαλμοὺς,
3528 2337 3609 2404 τῷ
3668 2333 3838 2408 ὑπερ-

2189 2423 2298 2479 άνω
2356 2425 2570 2478 πάντων
2631 2425 2746 2496 (92)
2796 2420 3064 2494 σωμάτων
3121 2422 3335 2496 ἀγαγεῖν
3394 2422 3493 2490 τήν
3556 2419 3836 2476 διάνοιαν·

2189 2515 2299 2569 εἶτα
2325 2511 2414 2567 διὰ
2443 2508 2812 2586 ψευδοδοξίας,
2845 2512 2935 2565 καὶ
2973 2513 3072 2576 τῆς
3119 2509 3339 2579 πολλῆς
3385 2510 3508 2584 περὶ
3555 2512 3622 2565 τά
3669 2508 3838 2566 ὑλικά

2187 2599 2572 2678 προσπαθείας,
2607 2597 2762 2654 δύδὶν
2793 2599 2868 2653 ἔτι
2898 2603 3005 2654 τῶν
3044 2597 3296 2673 μεγάλων
3323 2601 3539 2672 θεωρεῖς
3569 2599 3840 2672 ἠνέσχον-

2186 2713 2270 2762 το,
2298 2689 2424 2746 ἀλλ’
2455 2688 2576 2744 ὅλοι
2607 2689 2881 2764 γινόμενοι
2921 2695 3021 2757 τῆς
3081 2694 3396 2760 σωματικῆς
3448 2686 3838 2760 ἀπολαύσεως,

2188 2783 2564 2842 ταπεινοῦσθαι
2599 2776 2820 2839 δικαίως
2854 2776 3103 2851 λέγοντα.

2259 2870 2384 2926 468.
2441 2867 2538 2920 Καὶ
2625 2867 2966 2939 ὑψωθήσεται
3037 2864 3240 2937 Κύριος
3317 2858 3546 2928 Σαϐαὼθ
3605 2864 3658 2918 ἐν
3716 2867 3842 2940 κρίο

2195 2980 2342 3034 ματι.
2375 2955 2657 3029 Τουτίστι,
2686 2957 2822 3010 κατᾶ
2866 2957 2966 3024 τὴν
3023 2953 3229 3010 δικαίαν
3291 2953 3378 3009 ἰπὶ
3418 2958 3527 3010 τῶν
3571 2975 3842 3030 προειρη-

2195 3047 2367 3122 μένων
2396 3043 2772 3112 ἀνταπόδοσιν,
2809 3042 3033 3118 ὑψοῦται
3079 3042 3279 3116 Κύριος
3327 3045 3354 3097 ὸ
3415 3043 3556 3104 Θεὸς
3603 3042 3656 3097 ἰν
3715 3042 3845 3114 κρί-

2196 3157 2342 3208 ματι·
2380 3135 2454 3197 ὠς
2502 3135 2556 3190 ἓν
2605 3138 2711 3187 τῶν
2762 3132 2836 3194 εἷς
2886 3130 3040 3203 δόξαν
3091 3137 3222 3186 Θεοῦ
3269 3131 3647 3186 συντεινόντων
3695 3133 3840 3186 εἶναι

427 3246 529 3302 Dei
580 3243 827 3316 gloriam
887 3245 943 3294 et
1001 3236 1279 3291 honorem
1338 3233 1575 3298 faciunt,
1607 3229 1717 3284 hoc
1766 3243 1950 3281 unum
1981 3226 2073 3292 sit,

2191 3228 2278 3280 καὶ
2325 3225 2386 3278 τὸ
2425 3224 2513 3278 ἐπὶ
2561 3228 2678 3284 τοῖς
2724 3216 2936 3276 ἀσεϐέσι
2982 3227 3154 3296 κρῖμα
3192 3222 3329 3275 κοιτά
3367 3221 3464 3287 την
3517 3220 3663 3290 ἀξίαν
3721 3225 3844 3274 τῶν

419 3315 716 3405 judicium
749 3326 1034 3394 videlicet,
1069 3323 1225 3394 quod
1277 3321 1348 3375 de
1394 3319 1592 3389 impiis
1643 3333 1744 3388 pro
1777 3315 2001 3370 ratione
2029 3319 2084 3368 et

429 3402 639 3478 merito
689 3431 934 3489 operum
985 3430 1019 3467 a
1065 3410 1268 3482 judice
1322 3409 1632 3480 profertur.
1675 3406 1862 3468 Quare
1913 3406 1970 3457 et
2023 3402 2080 3455 in

427 3511 556 3582 ipso
581 3505 807 3580 judicio
859 3501 1111 3557 altitudo
1162 3496 1462 3568 sapientia:
1515 3491 1938 3564 potestatisque
1968 3490 2079 3545 Do-

430 3579 597 3656 mini
637 3591 1019 3664 conspicitur.
1061 3584 1564 3654 Quemadmodum
1615 3581 1771 3637 enim
1831 3579 1931 3650 qui
1986 3597 2079 3635 sa-

430 3685 714 3761 pientiam
755 3679 981 3738 ordinis
1038 3693 1234 3732 rerum
1294 3673 1619 3729 caelestium
1677 3667 2078 3740 speculantur,

430 3758 490 3834 in
523 3773 827 3832 stellarum
873 3769 1013 3838 situ,
1047 3771 1229 3835 motu,
1261 3768 1436 3834 atque
1469 3762 1526 3815 in
1560 3764 1764 3815 mutua
1815 3758 2077 3830 ipsarum

429 3861 776 3923 habitudine
823 3854 1370 3928 eﬁ‘ulgentem,jam
1416 3848 1752 3920 intelligunt
1781 3845 2078 3919 sapientiae

429 3957 560 4027 ejus
610 3947 1124 4024 magniﬁcentiam,
1175 3944 1260 4000 sic
1308 3947 1374 3998 ut
1423 3941 1614 3995 dicere
1664 3938 1893 3994 valeant
1927 3954 1940 3992 :
1971 3940 2076 3993 Sa-

423 4045 645 4118 pientiae
691 4042 808 4112 ejus
859 4054 968 4092 non
1027 4040 1107 4091 est
1159 4047 1426 4088 numerus
1448 4031 1522 4098 ²⁶;
1569 4028 1694 4100 pari
1749 4027 1918 4082 modo
1975 4027 2078 4096 qui

417 4115 631 4206 judicii
683 4128 1002 4199 respiciunt
1046 4124 1320 4191 rationes,
1356 4120 1426 4174 iis
1461 4135 1573 4174 non
1623 4115 1836 4172 minori
1884 4116 2078 4169 futura

424 4202 514 4280 est
544 4215 919 4277 admirationi
952 4214 1073 4268 hinc
1095 4210 1306 4283 judicii
1333 4207 1622 4279 sapientia
1650 4209 1705 4259 et
1735 4202 2076 4274 prudentia;

425 4328 530 4368 nec
561 4325 674 4364 non
706 4304 954 4376 aequitas
987 4300 1106 4367 illa,
1141 4317 1258 4370 qua
1297 4297 1384 4352 vel
1433 4313 1534 4367 pro
1586 4293 1848 4347 minimis
1879 4297 1936 4346 et
1967 4291 2074 4344 mi-

424 4394 754 4458 nutissimis
804 4390 1119 4459 unicuique
1168 4387 1435 4442 meritam
1492 4382 1809 4438 mercedem
1865 4397 2077 4450 repen-

423 4489 511 4545 dit
533 4487 598 4542 ³⁷.
637 4487 908 4538 Fortasse
965 4493 1102 4548 ergo
1159 4473 1412 4546 singulis
1464 4473 1640 4526 rebus
1695 4471 1842 4524 bene
1896 4468 2075 4540 gestis

2191 3310 2359 3388 ἔργων
2407 3312 2750 3386 ἐγγινόμενον
2801 3313 2912 3383 (93)
2960 3310 3106 3385 παρᾶ
3157 3310 3252 3362 τοῦ
3295 3313 3511 3382 κριτοῦ·
3547 3309 3684 3364 ὥστε
3743 3312 3838 3364 καὶ

2190 3400 2242 3457 ἐν
2299 3405 2368 3474 τῇ
2418 3399 2588 3473 κρίσει
2649 3401 2963 3473 Θεωρεῖσθαι
3016 3399 3078 3452 τὸ
3137 3397 3274 3471 ὕψος
3299 3404 3398 3467 τῆς
3427 3395 3684 3458 συνέσεως
3742 3398 3844 3452 καί

2188 3497 2288 3558 τῆς
2320 3487 2598 3562 δυνάμεως
2629 3492 2726 3543 τοῦ
2756 3487 2982 3559 Κυρίου.
3014 3490 3220 3561 ’Ὠσπερ
3265 3485 3363 3559 γὰρ
3409 3485 3460 3540 οἱ
3509 3490 3850 3559 θεωροῦντες

2187 3580 2285 3646 τὴν
2343 3577 2531 3654 σοφίαν
2588 3584 2688 3645 τῆς
2747 3573 3033 3644 διατάξεως
3083 3579 3190 3630 τῶν
3226 3573 3508 3650 οὐρανίων,
3541 3575 3674 3628 κατά
3729 3577 3840 3642 τήν

2187 3672 2292 3722 τῶν
2327 3665 2562 3738 ἀστέρων
2593 3667 2735 3720 θεσιν
2778 3665 2870 3720 καὶ
2919 3665 3086 3740 φορὰν
3141 3664 3230 3718 καὶ
3276 3664 3461 3738 σχέσιν
3521 3664 3581 3732 ἢν
3639 3657 3840 3737 ἔχουσι

2186 3758 2322 3831 πρὸς
2374 3753 2680 3825 ἀλλήλους,
2730 3757 2830 3816 τῆς
2889 3753 3152 3813 συνέσεως
3215 3753 3383 3807 αὐτοῦ
3429 3753 3492 3807 τὸ
3541 3749 3837 3824 μεγαλεῖον

2186 3849 2424 3910 νοοῦσιν,
2455 3843 2593 3898 ὥστε
2623 3841 2682 3897 ἃν
2727 3842 2982 3904 δύιασθαι
3033 3840 3223 3908 εἰπεῖν,
3259 3839 3340 3894 ὅτι
3393 3841 3506 3908 Τῆς
3564 3840 3839 3901 συνέσεως

2185 3934 2349 3989 αὐτοῦ
2407 3932 2506 3987 οὐκ
2561 3930 2700 3986 ἔστιν
2757 3931 3008 4004 ἀριθμός·
3039 3929 3210 3990 οὕτως
3259 3930 3312 3982 οἱ
3365 3926 3656 4003 βλέποντες
3699 3927 3842 3990 τοὺς

2183 4027 2283 4088 τῆς
2315 4023 2542 4097 κρίσεως
2572 4019 2795 4094 λόγους,
2825 4019 2935 4093 οὐχ
2964 4021 3124 4086 ἧττον
3177 4018 3535 4089 θαυμάσονται
3559 4016 3622 4070 τὸ
3673 4014 3726 4069 ἐν
3754 4020 3830 4090 τῇ

2184 4111 2354 4186 κρίσει
2385 4111 2552 4184 σοφὸν
2584 4108 2673 4163 καὶ
2705 4108 2938 4173 συνετὸν,
2966 4107 3054 4160 καὶ
3107 4107 3273 4180 μέχρι
3320 4110 3428 4160 τῶν
3473 4103 3829 4160 λεπτοτάτων

2187 4196 2606 4255 ἀνταποδοτικὸν
2668 4197 2876 4269 ἑκάστῳ
2926 4199 3022 4250 τοῦ
3090 4195 3226 4268 πρὸς
3285 4193 3455 4266 ἀξίαν.
3515 4192 3674 4266 Τάχα
3727 4191 3829 4246 οὖν

2291 4291 2302 4308 ,
2351 4286 2374 4304 οι
3019 4284 3030 4302 ρ
3121 4288 3143 4297 ν
3348 4283 3360 4298 .

2184 4291 2283 4343 καθ
2354 4308 2574 4342 εκαστον
2623 4285 2954 4355 κατόρθωμα
3012 4285 3250 4356 υψουμεν
3307 4303 3398 4336 τον
3458 4279 3631 4336 Θεόν·
3687 4281 3838 4336 ὥστε

2187 4377 2448 4450 ὑψοῦσθαι
2498 4374 2659 4429 αὐτὸν
2715 4373 2765 4428 ἐν
2804 4377 2872 4444 τῇ
2922 4371 3244 4447 σωφροσύνῃ
3295 4373 3480 4442 ἡμῶν,
3516 4369 3603 4424 καὶ
3655 4369 3838 4442 ὑψοῦ-

2185 4469 2307 4520 σθαι
2336 4465 2494 4521 αὐτὸν
2547 4463 2596 4519 ἐν
2642 4467 2711 4535 τῇ
2755 4459 3068 4534 δικαιοσύνῃ
3109 4463 3294 4533 ⁴ἡμῶν.
3326 4463 3502 4513 Ταῦτα
3542 4455 3599 4512 δὶ
3637 4455 3838 4526 ἐπειδὴ

422 4583 608 4633 Βουω
658 4547 1203 4632 οχεὶιειωυείωὶοο
1255 4567 1318 4617 ut
1365 4560 1652 4616 exaltetur
1703 4575 1805 4628 per
1853 4568 2072 4628 tempe-

2187 4553 2272 4610 διὰ
2312 4562 2410 4624 τῆς
2464 4552 2744 4626 συνεργίας
2790 4553 2899 4622 (94)
2946 4554 3043 4604 τοῦ
3094 4553 3228 4605 Θεοῦ
3271 4551 3657 4619 κατορθοῦται,
3703 4547 3840 4601 ὅταν

423 4664 675 4723 rautiam
717 4662 1002 4718 nostram,
1035 4651 1322 4707 exaltetur
1352 4663 1585 4721 quoque
1635 4664 1735 4718 per
1778 4645 2073 4716 justitiam

422 4758 708 4813 nostram.
732 4749 875 4800 Cum
910 4746 1106 4797 autem
1149 4740 1268 4794 hac
1303 4738 1675 4810 perﬁciantur
1707 4735 1804 4788 Dei
1835 4733 2071 4801 auxilio,

421 4841 522 4899 ubi
559 4854 665 4894 nos
695 4835 1001 4903 susceptos
1027 4829 1287 4892 erexerit,
1313 4843 1422 4883 sua
1452 4842 1559 4880 nos
1589 4841 1696 4896 Ope
1729 4821 2072 4878 sulfulciens

421 4947 488 4988 ac
546 4928 810 4988 firmans,
852 4927 977 4974 tum
1039 4916 1291 4971 dicimus
1326 4933 1338 4971 :
1372 4915 1638 4969 Exultabo
1697 4916 1771 4977 te,
1820 4912 2070 4980 Domine,

415 5016 687 5091 quoniam
737 5008 1028 5079 suscepisti
1073 5020 1160 5061 me
1179 5005 1243 5060 ³⁸.
1276 5008 1424 5059 Sunt
1475 5007 1673 5058 autem
1722 4999 1918 5055 multas
1970 5000 2070 5056 Dei

483 5159 675 5213 2318a.
726 5171 790 5221 ιι,
844 5152 930 5206 ll.
1035 5146 1082 5181 "
1129 5147 1152 5201 Ι
1199 5151 1339 5219 Reg.
1385 5162 1448 5217 ιι,
1497 5145 1588 5199 30.

409 5247 563 5301 xxxx,
593 5231 649 5283 2.

484 5375 598 5446 (91)
629 5367 802 5446 Editi,
834 5365 922 5418 καὶ
955 5360 1053 5446 εἷς.
1084 5363 1156 5418 At
1185 5363 1448 5446 quinque
1484 5375 1622 5414 mss.
1656 5355 1766 5446 καί.

488 5424 599 5516 ἰξγῇ
633 5444 718 5497 lta
752 5424 894 5494 inse.
929 5424 1222 5507 quinque:
1247 5424 1394 5488 Editi
1437 5446 1591 5496 vero,
1622 5432 1700 5498 τῷ
1735 5426 1868 5502 ὑπὶρ
1909 5424 2071 5481 ἀπάν-

417 5536 604 5660 τωῶδ)
636 5581 876 5660 Codices
934 5575 1213 5660 quinque,
1272 5569 1869 5660 ἐγγινόμενον.ΗΕόὶἑὶ,
1906 5566 2072 5652 ’γινό-

425 5636 607 5734 μενονί
644 5636 992 5723 vNiquante
1050 5636 1382 5719 ρόειωὲὲ.
1443 5636 1729 5711 nonnulli,
1790 5636 2071 5714 δυνάμεως

432 5837 472 5887 ‘1.

472 5895 702 6104 Χ

1691 5144 1735 5178 ³⁸
1766 5143 1913 5200 Dan.
1962 5160 2071 5214 xu,
2114 5143 2170 5198 2.

2185 4638 2478 4699 ὑπολαϐὼν
2521 4644 2666 4714 ἡμᾶς
2718 4639 3022 4710 ἀνορθώσῃ,
3056 4634 3348 4713 ὑπερείδων
3388 4637 3534 4706 ἡμᾶς
3583 4638 3652 4706 τῇ
3703 4655 3846 4689 συν-

2184 4733 2332 4808 εργίᾳ
2377 4735 2445 4804 τῇ
2491 4735 2617 4803 παρ’
2668 4730 2878 4797 ἑαυτοῦ,
2925 4729 3014 4781 καὶ
3065 4724 3358 4797 στηρίζων,
3389 4725 3512 4778 τότε
3570 4721 3839 4798 λὲγομεν·

2180 4822 2408 4896 ’Υψώσω
2461 4841 2537 4884 σε,
2571 4817 2752 4891 Κύριε,
2782 4817 2864 4871 ὅτι
2928 4809 3198 4875 ὑπέλαϐες
3260 4835 3346 4887 με.
3388 4810 3599 4867 Πολλαὶ
3656 4808 3718 4866 δὶ
3779 4815 3845 4866 αἱ

2183 4911 2416 4985 ὑψώσεις
2473 4911 2569 4962 τοῦ
2625 4903 2836 4974 Θεοῦ,ἥ
2897 4925 2955 4958 τε
3000 4907 3135 4958 κατὰ
3180 4906 3380 4977 γνῶσιν
3432 4900 3520 4955 καὶ
3572 4899 3785 4954 σύνεσιν
3828 4920 3844 4933 ·

2181 4998 2271 5054 καὶ
2307 5001 2342 5066 ἡ
2390 4995 2524 5052 κατᾶ
2571 4995 2671 5063 τήν
2721 4989 2958 5066 διέξοδον
3007 4996 3112 5046 τῶν
3177 4989 3481 5067 μεγαλείων
3513 4987 3698 5056 αὑτοῦ,
3736 4989 3841 5043 καὶ

2273 5144 2318 5178 ³⁸
2349 5141 2502 5198 Psal.
2535 5154 2719 5209 chVI,
2749 5138 2804 5193 5.
2909 5137 2955 5171 ’⁷
2988 5136 3194 5194 Matth.
3237 5150 3357 5205 ενι,
3404 5134 3496 5190 27.
3597 5132 3644 5166 ’⁸
3675 5131 3847 5189 Psal.

2176 5361 2628 5496 τοῖθῖῖοέίηίαυὶ
2665 5425 2780 5479 duo
2810 5421 2965 5496 libri,
3001 5416 3089 5474 διὰ
3131 5425 3229 5490 τῆς
3277 5417 3558 5496 ἐνεργείας,
3590 5432 3693 5489 per
3722 5419 3853 5496 piro

2184 5488 2354 5556 iuteni
2376 5501 2475 5554 Dei
2499 5488 2792 5566 efﬁcacem.
2816 5488 3022 5549 Statim
3052 5488 3195 5549 mss.
3217 5488 3496 5565 quinque,
3519 5488 3849 5565 ἐπορθώσῃ.

2182 5571 2356 5638 Εάἱίὶ,
2389 5567 2695 5641 ἀνορθώτῃ.
