4118 6220
237 338 339 399 39⁸1

1062 331 1474 395 ΟΟΜΜΕΝΤ.
1518 331 1599 393 ΙΝ
1642 326 1915 391 ιεΑιΑΜ
1969 321 2468 387 PROPHETAM.
2515 322 2684 384 OAP.
2732 324 2809 385 ν.

3442 278 3449 287 ί
3511 327 3634 390 398

231 468 357 524 κατά
397 467 501 537 τὴν
533 466 641 522 τῶν
684 462 966 543 κριμᾶτων
1016 462 1183 520 αὐτοῦ
1228 461 1481 541 θεωρίαν.
1517 462 1610 517 Διὸ
1661 459 1875 536 εἷ’ρηται

2001 455 2415 514 sxaltationes:
2448 454 2563 510 alia
2593 454 2658 509 ﬁt
2714 471 2818 527 per
2878 454 3267 529 cognitionem
3315 461 3373 514 et
3419 458 3635 519 intelli-

229 558 346 633 περὶ
402 559 505 612 τοῦ
556 552 789 628 δικαίου⁹
823 552 905 634 ὅτι
942 554 1011 611 Αἱ
1063 554 1297 628 ὑψώσεις
1350 556 1447 608 τοῦ
1503 554 1637 607 Θεοῦ
1693 548 1745 604 ἐν
1802 552 1882 634 τῷ

234 644 682 723 λάρυγγιαύτοῦ.
712 633 1087 712 Εἷταίὲπειδὴ
1145 645 1215 716 τῇ
1262 643 1397 697 κατὰ
1438 640 1663 717 θεωρίαν
1718 633 1879 710 ὀρθό-

228 757 350 807 τητι
378 736 443 791 τὸ
476 734 531 790 ὲν
577 737 646 809 τῇ
696 732 886 810 πράξει
931 728 1148 788 εὔτονον
1195 732 1560 786 συντέτακται⁸
1597 728 1693 783 Καὶ
1752 724 1883 803 ῥομ-

231 831 383 903 ςραῖαι
438 822 716 896 ὃίστομοι,
751 821 913 900 φησὶν
974 824 1108 895 (95),
1156 819 1208 876 ἰν
1264 825 1382 882 ταῖς
1434 817 1622 895 χερσὶν
1682 815 1879 886 αὐτῶν,

227 911 477 970 τουτέστι
510 912 671 986 λόγοι
699 910 1046 984 ἰκτέμνοντις
1075 914 1175 975 τῆς
1226 911 1408 984 ψυχῆς
1458 908 1545 963 καὶ
1607 906 1880 981 ὶκριζοῦν-

223 1024 312 1065 τες
364 1002 434 1057 τὰ
484 1002 654 1072 πάθη.
688 997 914 1068 Ἐπιιδή
947 996 1004 1054 δὲ
1060 999 1089 1053 ὁ
1140 999 1341 1073 Κύριος
1391 991 1623 1060 Σαϐαὼθ
1683 992 1882 1070 Κύριος

232 1093 455 1168 λέγεται
482 1095 593 1146 τῶν
643 1092 929 1165 στρατιῶν
961 1087 1087 1142 τότε
1136 1088 1191 1142 αἱ
1233 1084 1500 1161 στρατιαὶ,
1530 1086 1585 1140 αἱ
1633 1082 1881 1158 λειτουρ-

227 1186 421 1259 γοῦσαι
456 1179 602 1252 αύτῷ
643 1178 781 1234 κατὰ
808 1177 900 1233 τὸν
932 1184 1030 1247 τῆς
1061 1175 1291 1253 κρίσεως
1339 1175 1546 1250 καιρὸν,
1606 1173 1880 1248 ὑψώσουσι

238 1270 327 1326 καὶ
359 1267 677 1340 δοξάσουσιν
711 1267 899 1339 ἐπὶτῷ
933 1264 1126 1339 δικαίῳ
1155 1264 1245 1320 καὶ
1284 1261 1708 1341 ἀπαραλογίστῳ
1762 1260 1882 1338 κρί-

243 1381 399 1434 ματι.
432 1361 700 1416 Τοιοῦτον
729 1353 786 1411 δὲ.
813 1377 866 1410 τι
902 1356 1261 1429 ὑπονοοῦμεν,
1295 1351 1378 1408 ὅτι
1418 1351 1741 1427 κρινομίνο.)
1786 1354 1883 1406 τοῦ

234 1449 445 1524 Κυρίου
480 1446 616 1520 μετὰ
652 1450 754 1501 ιῶν
789 1444 1086 1520 ἀνθρώπων
1116 1442 1318 1518 (Αὐτὸς
1362 1443 1463 1519 γὰρ
1512 1441 1715 1518 Κύριος
1766 1439 1882 1512 ἥξει

228 1538 322 1600 οἷς
382 1537 562 1611 κρίσιν
626 1536 760 1609 μετᾶ
807 1538 904 1589 τοῦ
960 1531 1142 1606 λαοῦ),
1177 1533 1339 1607 μόνος
1398 1532 1427 1586 ὁ
1474 1530 1674 1605 Κύριος
1736 1530 1885 1604 ὑψω-

234 1629 489 1698 θτςσιται,
519 1621 739 1685 οὐδενὸς
791 1618 1174 1694 δικαιουμένου
1230 1620 1564 1677 κατενώπιον
1622 1620 1736 1692 (96)
1787 1618 1884 1673 αύ-

226 1719 350 1774 τοῦ.
381 1713 478 1777 Τίς
517 1714 618 1789 γὰρ
642 1713 671 1767 ὁ
700 1709 1175 1784 συνιξιτάζόμενος
1221 1714 1343 1773 ταῖς
1383 1708 1490 1764 ἀπὸ
1526 1711 1622 1763 τοῦ
1668 1707 1884 1762 κτίσαν-

228 1826 324 1868 τος
384 1806 536 1877 ἡμᾶς
594 1798 949 1876 εὐεργεσίαις,
989 1799 1080 1855 καὶ
1127 1796 1405 1861 ποικίλαις
1461 1796 1612 1859 ὅσαις
1672 1796 1885 1851 οῗκονο-

238 1893 398 1969 μίαις
421 1890 745 1971 φθανούσαις
774 1893 972 1952 κοινῶς
1017 1887 1107 1944 ἐπὶ
1154 1892 1258 1943 πᾶν
1310 1888 1373 1943 τὸ
1430 1890 1536 1942 τῶν
1597 1885 1889 1961 ἀνθρώπων

232 1985 423 2060 γενος,
452 1976 741 2035 ἀποδοῦναι
780 1977 848 2033 τὰ
882 1974 969 2032 ἴσα
996 1977 1086 2032 καὶ
1118 1976 1238 2048 ἄξια
1264 1980 1373 2033 τῶν
1405 1975 1481 2038 εἰς
1509 1974 1668 2031 αὐτὸν
1724 1973 1886 2051 eqs“.

234 2071 423 2127 κότων
453 2069 556 2124 ἀπὸ
584 2075 685 2137 τῆς
719 2064 923 2143 δωρεᾶς
948 2063 1044 2121 τοῦ
1084 2064 1282 2141 Κυρίου
1336 2063 1658 2136 δυνήσεταις
1690 2062 1885 2140 Διόπερ

232 2162 540 2236 ἀποροῦσιν
586 2157 640 2213 οἱ
686 2157 857 2232 ἅγιοι,
906 2155 970 2210 Τί
1021 2151 1390 2209 ἀνταποδώσω
1429 2158 1509 2226 τῷ
1560 2153 1760 2227 Κυρίῳ,
1792 2152 1882 2207 λέ-

228 2268 442 2326 γοντις,
472 2246 599 2320 περὶ
774 2244 990 2301 πάντων
1020 2244 1093 2298 ὧν
1126 2239 1471 2298 ἀνταπὲδωκέ
1504 2263 1597 2315 μοι
1622 2260 1636 2311 ;

1989 546 2273 621 gentiam,
2335 544 2447 601 alia
2497 559 2651 613 vero,
2710 544 2849 599 dum
2927 550 3277 602 enarrantur
3321 549 3636 622 magnifica

1989 637 2118 708 ejus
2149 651 2345 706 opera,
2387 637 2444 689 et
2498 633 2639 687 dum
2693 634 2822 703 ejus
2861 634 3089 705 judicia
3145 637 3633 710 contemplemur.

1990 726 2353 797 Quap'rOpter
2407 723 2478 777 de
2520 723 2683 792 justo
2738 722 2957 778 dictum
3040 728 3130 780 est
3176 739 3190 779 :
3252 725 3636 787 Exaltationes

1989 814 2091 871 Dei
2122 815 2177 868 in
2208 815 2431 883 gutture
2457 816 2579 884 ejus
2617 811 2683 866 ’9.
2716 810 3242 883 Deinde,quoniam
3268 815 3356 873 vis
3389 818 3636 877 actionis

1991 920 2057 959 ac
2088 901 2335 956 ﬁrmitas
2366 916 2469 972 per
2499 904 2711 954 rectam
2744 900 3294 973 contemplationem
3325 908 3633 966 constitui-
3682 926 3685 927 '

1993 994 2105 1061 tur,
2148 990 2454 1062 subjungit
2486 1006 2498 1044 :
2529 989 2590 1043 Et
2617 989 2803 1058 gladii
2832 989 3108 1062 ancipites
3135 993 3195 1047 in
3232 997 3495 1052 manibus
3549 1017 3633 1058 eo-

1988 1096 2112 1134 rum
2140 1079 2207 1146 ⁸ο,
2232 1077 2339 1133 hoc
2370 1081 2479 1142 est,
2511 1093 2831 1141 sermones,
2865 1078 2966 1149 qui
3012 1079 3364 1153 cupiditates
3421 1086 3630 1148 animae

1990 1184 2054 1223 ac
2112 1165 2485 1222 turbulentos
2541 1171 2737 1221 motus
2792 1166 3158 1237 abscindunt,
3226 1187 3293 1227 ac
3349 1175 3630 1236 radicitus

1991 1254 2258 1313 evellant.
2290 1254 2395 1311 Sed
2427 1254 2565 1325 quia
2587 1254 2870 1310 Dominus
2899 1256 3152 1314 Sabaoth
3206 1260 3486 1322 Dominus
3538 1267 3629 1323 di-

1991 1345 2145 1401 citur
2174 1342 2566 1412 exercituum;
2590 1347 2730 1413 tunc
2756 1344 3041 1402 exercitus
3062 1346 3113 1403 ei
3146 1351 3631 1424 temporejudicii

1993 1440 2371 1510 famulantes,
2403 1441 2599 1514 ipsum
2630 1445 2770 1498 sunt
2799 1440 3128 1516 sxaltaturi,
3162 1451 3337 1519 atque
3369 1450 3631 1509 atl‘ecturi

1993 1530 2197 1604 gloria,
2232 1531 2303 1587 ob
2327 1530 2562 1602 justum
2593 1534 2651 1587 et
2680 1547 2852 1587 verax
2875 1530 3189 1602 judicium.
3221 1535 3474 1609 ,Aliquid
3521 1543 3634 1599 tale

1993 1622 2257 1677 futurum
2283 1636 2411 1677 esse
2436 1620 2767 1691 opinamur,
2820 1636 2955 1677 cum
2986 1622 3265 1680 Dominus
3322 1626 3638 1687 descendet

1993 1708 2053 1764 in
2078 1708 2370 1781 judicium
2404 1709 2557 1766 500
2579 1725 2710 1765 cum
2736 1708 3233 1782 bominibusUpse
3262 1714 3419 1771 enim
3450 1718 3627 1776 Domi-

1999 1815 2101 1854 nus
2129 1799 2308 1854 veniet
2335 1800 2395 1853 in
2404 1797 2681 1870 judicium
2708 1814 2834 1854 eum
2860 1800 3060 1871 popqu
3089 1801 3182 1873 δι),
3201 1818 3411 1876 nempe
3443 1809 3637 1866 Domi.

1998 1903 2139 1942 num
2186 1885 2379 1943 solum
2429 1887 2746 1942 exaltatum
2798 1886 2868 1942 iri
2901 1888 2971 1959 3’,
3027 1890 3260 1945 nemine
3311 1893 3636 1964 justiﬁcato

1995 1992 2192 2032 coram
2224 1975 2373 2068 ipso.
2417 1975 2557 2040 Quis
2614 1975 2792 2044 enim,
2861 1977 3033 2048 cujus
3091 1978 3207 2034 vita
3253 1982 3517 2054 exigetur
3563 1991 3637 2046 ad

1995 2064 2319 2122 Conditoris
2351 2064 2533 2121 nostri
2563 2064 3031 2137 beneﬁcentiam,
3063 2070 3119 2123 et
3149 2068 3220 2123 ad
3252 2070 3442 2133 varias
3498 2073 3633 2135 illas

1996 2153 2464 2225 dispensationes
2496 2170 2622 2225 qua:
2654 2153 2724 2210 ad
2759 2170 2931 2211 omne
2961 2172 3147 2226 genus
3176 2157 3483 2217 hominum
3532 2181 3635 2239 ge-

1997 2242 2244 2298 neratim
2265 2241 2626 2315 pertingunt,
2644 2243 2959 2314 rependere
2980 2244 3191 2315 poterit
3212 2249 3365 2318 quod
3398 2267 3633 2324 aequum

230 2341 334 2407 sit,
362 2344 421 2396 et
455 2336 624 2394 bonis
651 2353 685 2392 a
705 2351 769 2392 se
798 2352 868 2392 ex
898 2333 1127 2391 Domini
1159 2335 1312 2391 dono
1335 2332 1592 2405 acceptis
1623 2332 1869 2404 dignum
1898 2330 1926 2387 ‘2
1957 2331 2347 2397 Quamobrem
2379 2331 2565 2388 sancti
2598 2330 2820 2388 haerent
2858 2349 2925 2389 ac
2976 2334 3266 2407 dubitant,
3331 2339 3632 2402 dicentes:

232 2426 374 2497 Quid
394 2425 702 2483 retribuam
733 2424 959 2479 Domino
986 2440 1089 2495 pro
1118 2424 1371 2496 omnibus
1392 2436 1518 2494 quae
1546 2422 1801 2478 retribuit
1823 2421 1965 2477 mihi
1990 2420 2037 2455 ³³
2057 2419 2085 2474 Ῡ

310 2515 437 2571 169.
494 2512 604 2568 Καὶ
659 2512 688 2566 6
747 2511 877 2573 Θεὸς
934 2512 963 2565 ὁ
1012 2511 1162 2585 ἅγιος
1224 2506 1607 2583 δοξασθήσεται
1677 2508 1728 2564 ἐν
1801 2505 1884 2563 δι-

232 2600 517 2675 καιοσύνῃ.
573 2597 893 2656 Ἀκολουθεῖ
964 2603 1044 2670 τῷ
1097 2599 1377 2672 ὑψωθῆναι
1434 2595 1486 2652 ἐν
1547 2595 1769 2672 κρίματι
1826 2596 1887 2650 τὸ

237 2689 570 2764 δοξασοῆναι
598 2688 695 2743 τὸν
741 2688 895 2761 ἅγιον
940 2685 993 2741 ἰν
1038 2683 1377 2762 δικαιοσύνῃ.
1431 2687 1497 2744 Οἱ
1548 2685 1886 2760 τεθεωρηκό-

236 2800 327 2842 τις
386 2777 547 2833 αὐτὸν
604 2774 911 2850 ὑψούμινον
970 2773 1021 2829 ἐν
1077 2779 1195 2837 τοῖς
1246 2775 1358 2849 (98,
1419 2773 1696 2849 κρίμασιν,
1738 2774 1887 2829 οὗτοι

238 2860 731 2940 καταλαμϐάνουσι
786 2864 888 2934 τὴν
946 2860 1099 2937 δόξαν
1143 2869 1244 2933 τῆς
1300 2859 1645 2934 δικαιοσύνης
1699 2862 1887 2917 αὐτοῦ.

246 2957 353 3014 Καὶ
444 2954 883 3029 βοσκηθήσονται
957 2953 1010 3007 οἱ
1093 2947 1489 3027 διηρπασμένοι
1548 2951 1623 3015 ὡς
1674 2955 1886 3027 τάῦροι,

234 3047 327 3100 καὶ
369 3042 469 3106 τὰς
522 3042 765 3119 ἰρήμους
826 3044 936 3097 τῶν
995 3038 1424 3114 ἀπειλημμένων
1480 3037 1635 3115 ἄρνες
1694 3039 1888 3118 φάγον-

2070 2508 2191 2565 169.
2227 2513 2295 2565 Et
2347 2510 2490 2565 Deus
2545 2516 2768 2565 sanctus
2824 2510 3228 2580 glori/imbitur
3282 2517 3343 2571 in
3389 2518 3634 2590 justitia.

1995 2598 2311 2670 Postquam
2345 2598 2635 2654 excitatus
2664 2601 2752 2654 est
2779 2598 2838 2654 in
2860 2599 3108 2671 judicio,
3138 2618 3506 2675 consequens
3549 2613 3641 2666 est

1997 2690 2319 2743 utsanctus
2348 2686 2709 2760 gloriﬁcetur
2738 2687 2794 2743 in
2819 2688 3072 2761 justitia.
3134 2692 3241 2757 Qui
3307 2709 3443 2748 eum
3500 2701 3642 2752 sunt

1997 2774 2375 2847 contemplati
2405 2776 2465 2831 in
2488 2776 2730 2847 judiciis
2759 2776 3099 2846 exaltatum,
3131 2778 3171 2833 ii
3200 2778 3637 2853 gloriamjusti-

1996 2862 2090 2918 tite
2120 2864 2250 2933 ejus
2282 2866 2796 2937 comprehendunt.
2845 2865 3021 2922 Vsus.
3082 2866 3174 2924 17.
3232 2868 3300 2924 Et
3343 2875 3641 2942 pascentur

1997 2950 2201 3024 direpti
2228 2956 2490 3025 tanquam
2511 2958 2664 3010 tauri
2682 2972 2701 3009 :
2731 2959 2786 3009 et
2816 2955 3032 3011 deserta
3061 2971 3279 3029 eorum,
3339 2961 3436 3032 qui
3487 2964 3641 3035 capti

1997 3044 2144 3109 sunt,
2173 3044 2308 3112 agni
2334 3042 2634 3097 comedent.
2660 3042 2915 3115 Populus
2970 3043 3031 3099 in
3081 3046 3479 3117 captivitatem
3528 3052 3635 3108 ad-

234 3153 347 3189 ται.
377 3138 439 3190 '0
467 3128 755 3218 γινόμενος
786 3127 1152 3218 αἰχμάλωτος
1182 3127 1312 3190 λαὸς
1341 3126 1430 3184 διὰ
1457 3129 1518 3184 τὸ
1574 3130 1651 3202 μή
1686 3127 1881 3184 εἰδέναι

2001 3130 2233 3200 ductus,
2254 3147 2318 3186 eo
2350 3130 2505 3200 quod
2535 3130 2851 3186 Dominum
2871 3149 2984 3187 non
3017 3142 3427 3208 cognoverant,
3460 3143 3518 3194 ct
3546 3139 3636 3196 in-

233 3223 326 3277 τὸν
384 3219 611 3295 Κύριον,
654 3216 745 3273 καὶ
798 3222 877 3291 τῷ
925 3218 1046 3294 περὶ
1095 3217 1158 3272 τὸ
1188 3215 1436 3291 μὲθυσμα
1477 3217 1875 3295 ἡμαρτηκέναι.

1995 3217 2257 3279 siderant
2288 3218 2347 3273 in
2391 3218 2688 3274 ebrietatis
2725 3225 3050 3292 peccatum,
3110 3223 3180 3278 ad
3239 3226 3482 3283 modum
3542 3245 3637 3285 ar-

233 3310 441 3387 τρόπον
492 3306 786 3383 βοοκολίου
838 3307 1254 3383 βοσκηθήσεται.
1299 3307 1361 3361 Οἱ
1421 3303 1478 3362 δὲ
1520 3307 1674 3362 αὐτοί
1730 3303 1880 3361 οὗτοί

2001 3310 2318 3361 mentorum
2345 3311 2674 3378 pascentur.
2709 3308 2775 3362 Hi
2806 3312 3001 3365 autem
3034 3310 3144 3381 ipsi
3179 3311 3339 3370 fuere
3377 3331 3444 3372 eo
3488 3324 3634 3373 tem-

234 3401 368 3456 ιῖσιν
395 3399 451 3453 οἱ
477 3396 897 3471 διηρπασμὲνοι,
926 3396 1062 3451 κατᾶ
1097 3396 1189 3451 τὸν
1236 3400 1332 3451 τοῦ
1374 3393 1880 3472 αἷχμαλωτίζεσθαι

2001 3410 2130 3466 pore
2162 3394 2397 3465 direpti,
2421 3411 2555 3450 cum
2584 3396 2717 3450 facti
2769 3402 2910 3452 sunt
2964 3399 3199 3470 captivi.
3249 3401 3497 3462 Planum
3546 3409 3637 3463 est

236 3487 436 3549 αὐτοὺς
464 3485 677 3561 καιρόν.
711 3484 889 3554 Δῆλον
942 3481 1017 3552 δὲ,
1052 3482 1135 3539 ὅτι
1184 3481 1397 3540 ἐπειδὰν
1447 3487 1773 3558 ἡττηθῶμεν
1828 3482 1880 3539 ἐν

231 3583 314 3651 τῷ
343 3574 581 3650 πολέμῳ
614 3573 717 3630 ὑπὸ
745 3574 853 3628 τῶν
908 3572 1292 3646 ἀντικειμένων
1337 3570 1641 3648 ἐνεργειῶν,
1673 3572 1885 3649 αἰχμαο

236 3663 609 3738 λωτιζόμινοι
642 3662 729 3718 ὑπ’
760 3660 959 3731 αὐτῶν,
992 3659 1171 3735 ὥσπερ
1204 3659 1419 3738 λάφυρα
1450 3664 1561 3734 (99)
1595 3663 1730 3735 μετά
1783 3661 1883 3732 τὴν

233 3753 423 3824 νίκην,
481 3749 913 3824 διαρπαζόμεθα.
963 3750 1387 3823 Διαρπασθέντες
1453 3747 1532 3818 δὲ,
1587 3750 1764 3805 ούκὲτι
1824 3752 1890 3806 τὰ

233 3847 347 3899 τῶν
381 3841 629 3916 λογικῶν
665 3836 778 3893 ἴδια
816 3836 893 3898 εἰς
932 3839 1138 3916 τροφὴν
1195 3838 1293 3906 τὴν
1341 3838 1542 3893 ἑαυτῶν
1592 3836 1887 3915 παραλαμ-

237 3928 505 4005 ϐάνομεν,
530 3927 659 3984 ἀλλ’
689 3927 791 3982 ὑπὸ
835 3924 1047 4002 ἀλόγων
1097 3925 1436 3999 κινημάτων,
1472 3926 1546 3989 ὡς
1596 3923 1777 4002 ἔτυχε,
1800 3948 1893 4005 φε-

240 4020 491 4096 ρόμενοι,
524 4016 728 4092 τρόπον
754 4012 966 4088 ταύρων
1002 4011 1053 4067 ἐν
1084 4016 1155 4088 τῇ
1204 4012 1406 4089 ἐρημίᾳ
1452 4018 1548 4069 τοῦ
1602 4014 1723 4090 βίου
1771 4015 1894 4070 τού-

233 4129 334 4164 του
394 4104 676 4179 διάξομιν.
710 4103 809 4158 Διά
860 4099 1023 4157 τοῦτο
1084 4098 1141 4157 δὲ
1189 4101 1291 4157 ούκ
1346 4101 1481 4170 εἶπε,
1538 4104 1701 4178 βοῶν,
1751 4102 1897 4159 ἀλλὰ

234 4197 478 4272 ταύρων,
537 4194 622 4249 δτι
708 4192 761 4247 αἱ
841 4190 935 4264 μὶν
998 4189 1121 4268 βόες
1177 4188 1452 4260 ἀλλήλαις
1508 4190 1896 4268 συναγελάζον-

235 4309 351 4354 ται,
387 4285 441 4339 οἱ
495 4286 692 4359 ταῦροι
753 4277 812 4335 δὲ
858 4278 949 4335 διὰ
1004 4279 1059 4335 se
1118 4276 1402 4353 θυμοειδὶς
1465 4278 1708 4356 ὀργίλως
1739 4276 1895 4357 ἔχον-

237 4397 325 4438 τις
386 4373 531 4449 πρὸς
582 4367 889 4440 ἀλλήλους,
922 4365 1303 4442 διεσπασμένοι
1352 4369 1427 4441 (l)
1481 4368 1571 4424 ἀπ’
1630 4366 1897 4440 ἀλλήλων

239 4466 525 4537 νέμονται.
562 4454 783 4526 Ἐπειδὴ
844 4454 902 4511 δὲ
954 4457 1087 4530 μετὰ
1121 4458 1222 4526 τὴν
1276 4455 1658 4532 αἰχμαλωσίαν
1716 4455 1904 4514 πολλά

426 4516 819 4626 Ἶίρημοῦσθαί,
851 4548 931 4616 τῷ
954 4516 965 4530 ‘
985 4545 1088 4599 ὑπὸ
1137 4516 1248 4599 τῶν
1306 4516 1592 4617 πολεμίων
1653 4547 1899 4622 ἀπῆχθαι
1933 4516 1981 4582 D

1994 3488 2190 3539 autem
2222 3499 2349 3551 nos,
2380 3482 2480 3538 ubi
2511 3483 2646 3539 victi
2678 3485 2963 3541 fuerimus
2994 3487 3051 3542 in
3084 3487 3256 3559 bello,
3281 3508 3348 3549 ac
3377 3493 3638 3566 superati

1995 3572 2069 3629 ab
2098 3571 2450 3653 adversariis
2482 3572 2895 3646 potestatibus,
2929 3581 3106 3649 atque
3137 3578 3208 3634 ab
3239 3579 3384 3651 ipsis
3414 3583 3473 3638 in
3515 3599 3638 3639 ser-

1995 3660 2237 3717 vitutem
2272 3661 2514 3729 redacti,
2548 3664 2687 3717 tunc
2709 3669 2840 3734 post
2861 3663 3164 3722 victoriam
3194 3671 3472 3741 tanquam
3504 3687 3645 3727 exu-

1996 3750 2120 3805 vias
2149 3748 2344 3823 diripi.
2398 3749 2544 3806 Cum
2569 3756 2764 3807 autem
2798 3752 3087 3810 fuerimus
3136 3756 3371 3829 direpti,
3402 3773 3469 3813 ea
3520 3775 3649 3830 qua:

2000 3837 2376 3894 rationulium
2399 3842 2537 3893 sunt
2568 3838 2824 3909 propria,
2857 3856 2971 3895 non
3006 3841 3261 3913 amplius
3293 3844 3353 3899 in
3378 3848 3647 3901 nostrum

2001 3926 2201 3981 cibum
2233 3924 2620 3994 assumimus,
2652 3925 2752 3981 sed
2804 3927 3085 3997 motibus,
3143 3935 3208 3985 ut
3255 3930 3375 3986 fors
3431 3930 3636 3987 tulerit

2002 4013 2239 4068 vesanis
2271 4017 2328 4068 et
2358 4011 2636 4068 belluinis
2693 4013 2943 4084 abrepti,
3003 4015 3189 4071 instar
3235 4020 3539 4074 taurorum
3588 4017 3649 4072 in

2005 4102 2136 4158 vitae
2159 4101 2336 4174 hujus
2368 4099 2685 4156 solitudine
2717 4104 2941 4157 aetatem
2972 4102 3275 4175 degemus.
3300 4107 3489 4179 Atque
3518 4123 3650 4163 eam

2008 4191 2080 4247 ob
2108 4205 2346 4246 causam
2381 4206 2494 4243 non
2530 4187 2674 4243 dixit
2703 4188 2900 4257 boves,
2935 4191 3037 4244 sed
3068 4195 3289 4261 tauros,
3340 4195 3496 4266 quod
3546 4194 3649 4249 bo-

2007 4279 2120 4335 bus
2140 4280 2293 4335 inter
2316 4294 2377 4333 se
2405 4278 2688 4351 gregatim
2724 4278 3070 4345 viventibus,
3102 4283 3254 4337 tauri
3285 4284 3358 4340 ob
3387 4284 3651 4339 animum

2010 4370 2082 4425 ad
2115 4366 2473 4424 iracundiam
2501 4383 2753 4439 pronum
2786 4366 2871 4421 ira
2906 4366 2959 4421 in
2987 4384 3048 4423 se
3082 4369 3325 4428 invicem
3370 4375 3660 4430 excande-

2013 4462 2263 4524 scentes,
2295 4453 2580 4527 disjuncti
2611 4460 2669 4510 et
2697 4474 2731 4509 a
2761 4472 2824 4510 se
2855 4455 3105 4514 invicem
3140 4464 3394 4532 separati
3424 4479 3665 4534 pascan-

2018 4550 2131 4601 tur.
2158 4544 2442 4608 Quoniam
2477 4550 2674 4597 autem
2709 4545 3020 4599 verisimile
3070 4552 3192 4600 erat
3236 4547 3362 4603 loca
3419 4550 3666 4621 plurima

246 4640 379 4702 τοὺς
412 4637 735 4711 οἳκήτορας,
795 4630 885 4687 διὰ
936 4631 1098 4688 τοῦτό
1156 4651 1309 4713 φησι·
1362 4633 1460 4688 Καὶ
1514 4635 1611 4697 τὰς
1667 4635 1889 4711 ἐρήμους

2018 4640 2148 4708 post
2169 4633 2558 4704 captivitatem
2593 4633 2889 4687 desertum
2924 4634 3018 4701 iri,
3069 4652 3201 4690 cum
3263 4639 3337 4693 ab
3389 4638 3661 4695 hostibus

244 4734 359 4786 τῶν
420 4722 858 4799 ἀπειλημμένων
943 4718 1098 4797 ἄρνες
1173 4722 1458 4800 φάγονται.
1520 4722 1702 4780 οἱονεὶ
1778 4724 1907 4799 γὰρ,

2019 4720 2345 4778 abducendi
2378 4720 2823 4791 essentincolae,
2884 4721 3100 4778 idcirco
3160 4725 3284 4782 ait:
3340 4728 3403 4783 Et
3461 4727 3669 4784 deserta

254 4818 397 4873 κατά
452 4813 720 4889 ἱστορίαν,
782 4810 871 4867 ἰπὶ
926 4817 1026 4881 τῆς
1096 4804 1447 4871 Βαϐυλωνίας
1506 4810 1889 4888 ιῖιτιτοληφθὲντεΙ

2017 4829 2227 4875 eorum,
2259 4814 2353 4881 qui
2381 4811 2528 4880 capti
2555 4817 2704 4877 sunt,
2752 4812 2886 4881 agni
2930 4812 3229 4871 comedent.
3280 4817 3451 4885 Nam,
3500 4818 3672 4888 juxta

254 4907 579 4982 κατείχοντο
611 4902 663 4957 οἱ
694 4900 980 4956 ἀνάστατοι
1008 4900 1114 4955 ἀπὸ
1156 4907 1259 4969 τῆς
1309 4897 1572 4962 ἰουδαίας
1620 4898 1755 4953 κατὰ
1808 4902 1889 4969 τὴ.

2019 4900 2327 4956 historiam
2368 4898 2432 4964 3‘,
2465 4897 2525 4951 in
2592 4896 2885 4970 Babylone
2942 4898 3118 4955 veluti
3170 4904 3382 4961 inclusi
3438 4906 3666 4962 detine-

329 5023 379 5058 ³⁵
407 5019 563 5078 Psal.
586 5035 770 5092 cxux,
800 5019 856 5074 6.
932 5017 978 5053 ³ο
1002 5016 1145 5074 ibid.
1223 5018 1265 5054 ⁸¹
1301 5018 1413 5075 Isa.
1449 5034 1530 5084 ιιι,
1611 5017 1696 5072 14.
1771 5016 1819 5052 ³³
1852 5017 1889 5073 Ιι

2005 5034 2067 5085 ιι,
2114 5017 2198 5073 11.
2274 5015 2319 5049 ³³
2367 5013 2678 5083 Psal.cxv,
2735 5013 2822 5070 12.
2897 5015 3013 5071 “II
3069 5016 3256 5073 Pural.
3317 5037 3508 5092 xxxvr,
3564 5022 3672 5089 20;

265 5094 336 5149 IV
368 5093 514 5165 Reg.
544 5107 678 5159 xxv,
706 5091 795 5145 11.

336 5208 453 5281 (95)
482 5207 660 5288 Editi,
690 5201 939 5288 δίστομοί
969 5223 1154 5282 φησιν.
1185 5204 1331 5262 Illud
1363 5202 1526 5278 φησίν
1560 5203 1620 5259 in
1653 5203 1889 5276 quinqui

2019 5208 2158 5288 τρῖς.
2188 5203 2309 5288 Illa,
2343 5218 2470 5275 qum
2506 5216 2620 5288 non
2668 5201 2747 5288 ita
2798 5203 2980 5288 multo
3029 5211 3162 5276 post
3189 5210 3524 5288 occurrunt,
3583 5204 3675 5259 καὶ

273 5279 418 5338 mss.
445 5296 562 5335 non
592 5279 908 5333 invenitur.

340 5353 460 5442 ('98)
516 5349 759 5406 Veteres
817 5347 1080 5419 quinque
1130 5345 1287 5413 libri,
1339 5344 1698 5400 κατενώπιον.
1753 5344 1930 5414 Editi,

279 5422 537 5479 ἰνῶπιον.

350 5492 671 5579 (simcui,
696 5486 838 5579 ἀντί,
862 5492 1104 5579 [388.
1140 5488 1422 5562 quinque,
1455 5486 1599 5563 περί,
1632 5503 1735 5544 nec
1767 5487 1937 5545 aliter

288 5559 396 5626 fuit
424 5559 651 5624 editum
682 5560 841 5636 apud
870 5559 1037 5636 LXX.

359 5639 475 5713 (98)
506 5629 750 5712 Legitur
786 5632 848 5691 in
899 5630 1193 5706 aliquibus
1247 5647 1421 5705 mss.,
1468 5650 1602 5694 τοις.
1645 5630 1821 5704 Editi,
1880 5629 1933 5686 tv

2045 5272 2500 5350 sanna-mem,
2534 5279 2668 5329 etc..
2712 5272 2880 5350 longe
2912 5272 3130 5350 diversa
3165 5282 3303 5335 sunt
3323 5278 3395 5335 ab
3425 5272 3518 5332 iis'
3551 5292 3678 5347 quas

2042 5343 2099 5404 et
2123 5343 2500 5423 inlitihraico
2530 5343 2869 5423 exemplari,
2899 5354 2951 5423 et
2993 5348 3048 5403 in
3100 5352 3345 5423 Vulgata
3387 5343 3677 5423 leguntur.

2135 5420 2230 5489 99)
2264 5422 2495 5490 Veteres
2527 5418 2642 5472 duo
2675 5415 2829 5490 libri,
2852 5414 3113 5490 λάφυρον.

2145 5485 2395 5618 ίῐγεὶόἱὶί,
2430 5485 2834 5562 διεσπαρμένοι.
2894 5485 2961 5544 At
2994 5485 3256 5565 quinque
3297 5508 3443 5549 mss.
3505 5494 3571 5548 ut
3623 5489 3683 5546 in

2145 5582 2152 5618 ί
2185 5577 2251 5618 θΧ
2284 5577 2338 5618 u.

2045 5577 2338 5620 contexui.
