4048 6220
396 400 517 461 399

1331 395 1728 456 APPliNDlX
1771 392 2096 454 OPERUM
2144 394 2208 453 S.
2255 394 2542 455 BASlLll
2589 395 2868 456 MAGNI.

3686 403 3806 464 400

393 531 606 587 bantur
635 529 695 600 ii,
729 529 828 602 qui
867 531 940 586 ob
962 529 1387 603 expeditionem
1418 525 2042 582 aNabuchodonosore

2152 526 2248 578 τοῦ
2279 519 2769 600 Ναϐουχοδονόσορ
2800 523 3174 602 ἐπιστρατείαν
3201 530 3510 604 γενόμενοι.
3541 532 3651 600 Τήν
3708 531 3798 588 οὖν

396 621 701 676 adversum
742 635 804 675 se
837 623 1167 691 susceptam
1192 635 1224 672 a
1253 618 1457 673 Judaaa
1514 616 1746 670 fuerant
1793 612 2042 685 expulsi.

394 710 631 766 Terram
666 709 845 780 igitur
875 709 946 764 ad
981 725 1079 763 eos
1112 707 1212 779 qui
1246 706 1399 778 capti
1433 709 1489 760 et
1521 723 1634 777 prae
1670 703 1806 759 belli
1854 719 2044 758 neces-

396 800 567 856 sitate
596 797 815 854 detenti
851 798 1103 863 fuerant,
1137 795 1542 867 pertinentem,
1571 795 1693 864 jam
1735 793 1792 847 in
1848 792 2042 846 ovium

395 888 674 962 pabulum
708 887 1024 954 redactam,
1053 883 1452 957 agni,’inquit,
1488 884 1826 955 depascent,
1888 880 2040 953 quod

396 977 590 1035 nullas
612 980 798 1032 servet
842 974 1091 1046 antiqua:
1144 973 1525 1028 habitationis
1585 971 1877 1042 reliquias,
1941 975 2041 1028 sed

395 1066 754 1140 profundum
787 1069 1172 1136 tenerumque
1204 1079 1443 1135 gramen
1476 1077 1545 1116 ex
1588 1061 1887 1116 hominum
1946 1079 2042 1134 pe-

397 1156 569 1212 nuria
597 1152 870 1210 enutriat.
908 1153 1176 1208 Fortasse
1224 1156 1418 1207 autem
1474 1150 1567 1204 hie
1625 1166 1816 1204 sermo
1865 1152 2041 1206 etiam

285 1231 293 1258 ἴ
394 1261 571 1301 sensu
605 1241 943 1314 prophetico
976 1241 1220 1311 indicat,
1255 1241 1408 1311 quod
1444 1257 1577 1294 cum
1627 1241 2042 1295 mandatorum

395 1332 726 1388 divinorum
754 1329 1060 1386 violatores
1090 1347 1156 1384 ex
1189 1329 1432 1399 antiqua
1465 1345 1570 1383 sua
1611 1328 1668 1382 in
1713 1327 1855 1382 locis
1904 1345 2043 1383 san-

395 1421 504 1478 etis
545 1420 907 1476 habitatione
937 1419 1106 1488 ejecti
1131 1418 1252 1473 sint
1282 1422 1339 1472 et
1369 1416 1638 1489 expulsi;
1673 1434 1801 1486 nos,
1835 1418 1934 1488 qui
1970 1418 2042 1472 ob

393 1515 699 1584 peceatum
733 1525 933 1564 eorum
965 1509 1036 1563 ad
1071 1506 1318 1563 salutem
1367 1523 1468 1578 per
1515 1507 1772 1561 divinam
1815 1507 2046 1578 dispen-

397 1600 683 1656 sationem
703 1597 887 1653 vocati
921 1613 1152 1666 sumus,
1195 1595 1332 1668 agni
1364 1595 1605 1666 quidam
1639 1595 1711 1650 ob
1751 1600 2040 1650 recentem

395 1693 662 1745 nostrum
697 1687 756 1741 in
789 1686 902 1742 ﬁde
932 1690 1126 1741 ortum
1158 1683 1534 1757 appellati,in
1567 1700 1766 1738 eorum
1803 1683 1901 1755 qui
1945 1701 2039 1739 ea-

395 1778 480 1852 pti
510 1781 649 1833 sunt
680 1775 820 1830 locis
836 1790 1168 1847 pascamur,
1197 1771 1446 1844 spiritali
1477 1771 1864 1844 rationalique
1919 1771 2040 1827 elo-

2156 612 2342 688 χώραν
2369 615 2468 683 τήν
2503 611 2857 692 διαφέρουσαν
2889 621 3005 679 τοῖς
3039 615 3478 691 ἀπειλημμένοις
3531 619 3621 676 καὶ
3674 643 3799 678 κατ-

2157 703 2443 777 εχομένοις
2475 703 2576 758 ὑπὸ
2605 711 2704 774 τῆς
2743 709 2837 758 τοῦ
2880 703 3132 778 πολέμου
3189 706 3430 783 ἀνάγκης
3489 706 3801 782 μηλόϐοτον

2157 791 2260 845 ὑπὸ
2306 789 2524 860 πολλῆς
2573 791 2804 867 ἐρημίας
2850 793 3152 869 γενομένην
3199 792 3372 870 ἄρνες,
3417 798 3600 875 φησὶν,
3634 799 3802 856 ἔπινες

2159 881 2442 951 μήσονται,
2478 878 2566 935 διὰ
2611 882 2673 935 τὸ
2735 879 2903 954 μηδὲν
2947 881 3202 957 λείψανον
3250 883 3487 949 παλαιᾶς
3536 886 3802 959 οἰκήσεως

2155 967 2355 1046 φέρειν,
2407 967 2550 1024 ἀλλὰ
2603 971 2816 1043 βαθεῖαν
2868 971 2958 1025 καὶ
3008 971 3223 1042 ἀπαλήν
3277 974 3336 1028 ἐκ
3391 982 3492 1044 τῆς
3547 981 3655 1031 τῶν
3715 978 3800 1032 ἀν-

2156 1057 2387 1132 θρώπων
2439 1057 2670 1133 ἐρημίας
2724 1060 2822 1129 τὴν
2875 1061 3012 1114 πόαν
3055 1061 3347 1141 ἐκτρέφειν.
3381 1062 3541 1140 Τάχα
3598 1063 3656 1120 δὲ
3710 1069 3797 1122 καὶ

2154 1151 2508 1224 προφητικῶς
2542 1147 2569 1201 ὁ
2601 1146 2765 1224 λόγος
2796 1148 3112 1222 αἰνίσσεται,
3145 1150 3228 1205 ὅτι
3256 1157 3364 1206 τῶν
3414 1149 3800 1226 παραϐεϐηκό-

2151 1255 2260 1289 των
2317 1236 2383 1289 τὰ
2441 1237 2558 1289 θεῖα
2631 1237 3023 1312 προστάγματα
3096 1234 3467 1309 ἐκϐληθέντων
3538 1249 3639 1312 τῆς
3696 1265 3799 1300 πα-

2154 1323 2312 1388 λαιᾶς
2357 1324 2533 1378 αὐτῶν
2583 1324 2633 1379 ἐν
2684 1331 2802 1389 τοῖς
2851 1326 3025 1401 ἁγίοις
3069 1324 3366 1404 διαγωγῆς,
3398 1331 3562 1404 ἡμεῖς
3619 1333 3671 1387 οἳ
3723 1339 3802 1406 τῷ

2153 1415 2553 1488 παραπτώματι
2595 1412 2768 1468 αὐτῶν
2819 1415 2956 1491 πρὸς
3006 1415 3070 1470 τὸ
3121 1418 3360 1487 σωθῆναι
3409 1417 3799 1493 οἷκονομηθέν-

2151 1523 2258 1569 τες,
2291 1500 2444 1578 ἄρνες
2473 1503 2614 1565 τινὶς
2649 1501 2736 1557 δια
2791 1503 2852 1557 τὸ
2893 1506 2968 1578 (2)
3003 1503 3078 1567 είς
3124 1507 3222 1575 τήν
3281 1504 3461 1563 πίστιν
3522 1510 3793 1585 ἀρτιγενὲς

2157 1590 2555 1665 ὀνομαζόμενοι
2583 1597 2701 1654 τοῖς
2732 1597 2838 1647 τῶν
2890 1593 3318 1668 ἀπειλημμένων
3377 1596 3568 1660 τόποις
3622 1598 3798 1654 ἐπινε-

2156 1679 2388 1754 μόμεθα,
2420 1687 2523 1750 τῆς
2570 1688 2938 1754 πνευματικῆς
2992 1683 3082 1737 καὶ
3143 1683 3370 1758 λογικῆς
3425 1694 3632 1765 τροφῆς
3688 1693 3800 1744 τῶν

2153 1768 2356 1845 λογίων
2387 1774 2485 1824 τοῦ
2516 1767 2672 1842 Θεοῖ),
2705 1769 2817 1825 οἷόν
2857 1792 3008 1834 τινος
3038 1771 3173 1834 πόας
3224 1772 3440 1844 ἁπαλῆς
3482 1775 3800 1833 ἀπολαύον-

394 1866 665 1938 quiorum
700 1864 801 1920 Dei
854 1862 1132 1918 alimento
1188 1865 1473 1933 tanquam
1531 1864 1726 1917 tenero
1785 1860 2038 1932 quodam

2148 1880 2254 1921 τες.
2289 1859 2389 1916 Καὶ
2421 1860 2448 1914 ὁ
2480 1858 2683 1936 Κύριος
2715 1856 2772 1914 δὲ
2798 1868 2925 1922 τους
2957 1861 3252 1937 ἀρτιγενεῖς
3281 1863 3415 1918 κατᾶ
3456 1866 3553 1935 τήν
3615 1865 3798 1922 πίστιν

393 1956 659 2029 gramine
688 1954 1075 2025 perfruentes.
1099 1950 1249 2016 Quin
1277 1952 1334 2004 et
1369 1949 1650 2005 Dominus
1698 1966 1885 2021 nuper
1941 1965 2044 2020 per

393 2046 570 2100 ﬁdem
593 2048 782 2112 natos,
841 2057 1020 2113 agnos
1075 2038 1408 2112 appellavit,
1449 2055 1585 2094 cum
1634 2038 1799 2094 Petro
1858 2039 2039 2096 dixit:

391 2135 587 2189 Simon
618 2137 728 2188 Bar
755 2136 923 2197 Jona,
955 2128 1154 2199 diligis
1188 2146 1275 2183 me
1302 2131 1326 2183 ?
1364 2129 1531 2183 Pasce
1577 2143 1744 2199 agnos
1798 2143 1944 2183 meo:
1973 2128 2037 2183 ³⁸.

468 2223 593 2278 170.
625 2219 901 2287 Vsas.18,
932 2219 1017 2274 19.
1041 2221 1128 2275 Va:
1148 2218 1252 2288 his,
1274 2219 1372 2290 qui
1399 2217 1865 2288 trahuntpeccata
1885 2217 2043 2288 quasi

389 2311 642 2385 funicqu
675 2312 854 2381 tango,
880 2311 928 2365 et
951 2310 1112 2380 quasi
1130 2308 1262 2379 jugi
1289 2309 1525 2377 corrigia
1559 2304 1781 2377 uitulae,
1827 2307 2037 2377 iniqui-

394 2407 551 2470 tates,
577 2402 673 2472 qui
707 2399 934 2454 dicunt:
968 2398 1083 2453 Cito
1113 2399 1553 2469 apprOpinquent
1575 2410 1700 2468 quae
1737 2396 1920 2467 faciet,
1977 2399 2037 2450 ut

383 2490 706 2550 videamus;
736 2488 992 2544 etveniat
1047 2487 1341 2542 consilium
1396 2487 1576 2540 sancti
1631 2484 1799 2540 Israel
1829 2492 1889 2539 ut
1945 2500 2035 2538 ro-

382 2594 720 2652 gnoscamus.
806 2575 986 2631 Nobis
1048 2574 1193 2646 ipsis
1269 2579 1396 2628 tum
1482 2589 1615 2628 cum
1701 2588 2033 2644 peccamus,

383 2669 531 2726 501
569 2665 802 2721 vincula
825 2663 1170 2720 conficimus
1201 2660 1596 2726 ctfuniculos,
1631 2662 1848 2733 quibus
1905 2661 2032 2715 vin-

384 2757 644 2812 ciamur:
670 2755 1085 2826 quippejuxta
1117 2751 1557 2807 multitudinem
1589 2751 1674 2806 vel
1733 2751 2030 2822 magnitu-

384 2849 580 2904 dinem
605 2843 1107 2919 peceatorum,vel
1144 2843 1366 2913 majora
1396 2841 1483 2897 vel
1525 2841 1748 2897 minora
1811 2841 2032 2897 anima-

382 2938 494 2993 bus
524 2935 744 2992 nostris
773 2935 898 2990 lora
929 2933 1240 2999 nectimus,
1275 2930 1854 3004 quibus,secundum
1878 2930 2033 2985 Jere-

381 3027 563 3083 miam
593 3026 659 3092 3°,
718 3023 897 3080 vincti
958 3039 1168 3078 sumus
1228 3037 1293 3076 ac
1351 3019 1632 3091 colligati.
1682 3019 2030 3090 Quicunque

381 3115 562 3186 igitur
591 3113 906 3168 vincuntur
937 3110 1128 3166 carnis
1161 3125 1361 3175 sensu,
1413 3107 1452 3162 ii
1484 3108 1734 3163 terrenis
1781 3106 2029 3162 vinculis

380 3202 885 3274 constringuntur;
911 3200 1128 3270 quibus
1145 3215 1356 3253 manus
1380 3214 1581 3252 eorum
1605 3213 1670 3252 ac
1697 3196 1872 3268 pedes
1893 3212 2024 3250 eum

379 3289 540 3362 ligali
573 3289 827 3354 fuerunt,
851 3291 982 3359 post
1007 3286 1470 3362 justamjudieis
1502 3285 1877 3353 sententiam,
1909 3283 2027 3355 ipsi

377 3382 583 3451 utpote
599 3375 858 3432 damnati
880 3377 1198 3446 ejiciuntur
1225 3375 1282 3429 in
1318 3374 1588 3429 tenebras
1620 3372 1937 3428 exteriores
1960 3373 2025 3427 ³⁷.

378 3467 662 3540 Ligantur
693 3464 929 3536 quidem
959 3479 1170 3518 manus
1203 3463 1275 3518 ob
1308 3462 1479 3530 facta,
1513 3461 1690 3531 pedes
1735 3477 1892 3531 vero,
1954 3461 2026 3516 ob

378 3558 698 3613 incessum.
733 3552 878 3608 Nam
903 3551 1096 3622 reipsa
1124 3549 1536 3622 unusquisque
1560 3549 1874 3622 stringitur
1905 3566 2029 3620 peo-

387 3650 652 3701 eatorum
675 3658 915 3699 suorum
951 3640 1191 3704 catenis,
1225 3639 1305 3694 ita
1363 3642 1427 3693 ut
1484 3638 1747 3693 membra
1798 3638 2032 3710 singula

383 3751 510 3806 quas
538 3736 844 3804 peccatum
875 3729 1243 3794 admiserint,
1277 3726 1510 3800 preprio
1541 3726 1795 3798 quodam
1829 3731 1884 3782 et
1931 3742 2032 3800 pe-

381 3822 586 3879 culiari
618 3818 849 3875 vinculo
872 3819 1176 3873 frenentur
1207 3821 1262 3872 et
1293 3817 1714 3888 astringantur.
1781 3817 1868 3873 Va?
1919 3815 2026 3887 igi—

380 3917 496 3980 tur,
530 3909 744 3981 inquit,
779 3909 869 3974 iz‘s,
903 3908 1001 3977 qui
1033 3905 1269 3962 trahunt
1308 3916 1531 3977 peccata
1584 3905 1744 3976 quasi
1781 3905 2030 3974 funiculo

381 4002 561 4071 longo,
595 3999 705 4054 hoe
736 4002 847 4061 est,
873 3997 975 4068 qui
999 3995 1212 4050 delicto
1241 3995 1418 4067 priori
1445 3995 1761 4062 secundas,
1804 3994 2030 4060 tertias,

379 4093 435 4145 et
461 4088 606 4144 alias
635 4085 925 4160 gradatim
959 4084 1310 4156 impietates,
1363 4084 1704 4155 injustitias,
1761 4083 2031 4139 lascivias

383 4181 755 4236 connectunt.
790 4176 935 4230 Nam
969 4173 1270 4245 oportebat
1301 4189 1400 4227 eos
1431 4173 1531 4244 qui
1564 4173 1726 4244 prius
1785 4172 1840 4226 in
1897 4188 2028 4244 pec-

383 4269 530 4323 catis
561 4266 793 4320 fuerant
822 4261 1191 4334 deprehensi,
1221 4261 1421 4316 statim
1466 4269 1594 4332 post
1646 4261 1897 4330 primam
1943 4261 2028 4315 vi-

375 4357 594 4410 tiorum
632 4350 1090 4422 implieationem
1126 4367 1234 4404 sua
1263 4349 1527 4420 ipsorum
1558 4353 1798 4419 peccata
1819 4349 2029 4421 delere,

377 4443 595 4498 nedum
639 4439 810 4494 malis
869 4439 983 4492 alia
1036 4438 1423 4507 adjungerent
1479 4441 2026 4509 connecterentque.

375 4530 522 4585 Fieri
557 4528 797 4599 quidem
841 4542 956 4580 non
1007 4528 1198 4596 potest
1256 4528 1318 4578 ut
1366 4540 1480 4578 non
1521 4530 1720 4594 peccet
1769 4525 2028 4581 humana

2151 1949 2310 2022 ἄρνας
2353 1949 2812 2024 προσηγόρευσεν,
2863 1949 2914 2003 ἐν
2965 1954 3044 2023 τῷ
3095 1949 3274 2026 λέγειν
3330 1951 3552 2027 Πέτρῳ·
3606 1955 3797 2030 Σίμων

2150 2037 2261 2113 Βὰρ
2291 2041 2468 2106 Ἰωνᾶ,
2505 2036 2681 2114 φιλεῖς
2713 2056 2811 2112 με;
2841 2037 3004 2094 Βόσκε
3031 2038 3098 2094 τὰ
3123 2039 3278 2118 ἀρνία
3314 2063 3435 2117 μοτ.

2223 2217 2345 2275 170.
2380 2213 2516 2272 Οὐαὶ
2548 2216 2599 2271 οἳ
2633 2214 3007 2290 ἐπισπώμενοι
3063 2217 3158 2281 τὰς
3214 2218 3482 2295 ἁμαρτίας
3532 2222 3605 2284 ὡς
3634 2243 3797 2298 σχοι-

2146 2304 2249 2376 νίῳ
2311 2309 2521 2378 μακρῷ,
2580 2304 2670 2359 καὶ
2729 2305 2802 2368 ὡς
2889 2305 3048 2383 ζυγοῦ
3107 2309 3290 2381 ἱμάντι
3351 2305 3641 2383 δαμάλεως
3696 2313 3798 2376 τὰς

2146 2391 2376 2465 ἀνομίας
2622 2395 2674 2448 el.
2735 2393 2984 2470 λέγοντες
3018 2417 3031 2430 ·
3090 2397 3161 2451 Τὸ
3211 2396 3382 2473 τάχος
3443 2399 3707 2476 ὲγγισάτω
3765 2400 3799 2456 ἃ

2145 2484 2384 2552 ποιήσει,
2439 2479 2528 2536 ’ίνα
2604 2478 2807 2556 ἴδωμεν
2842 2502 2854 2517 ⁸
2915 2483 3004 2538 καὶ
3083 2483 3286 2550 ἐλθέτω
3343 2489 3377 2556 ἡ
3442 2487 3617 2564 βουλὴ
3697 2495 3798 2545 τοῦ

2145 2570 2296 2648 ἁγίου
2356 2569 2597 2646 Ἰσραὴλ,
2652 2569 2743 2626 τίνα
2817 2577 3050 2647 γνῶμεν.
3110 2575 3176 2632 Ol
3253 2576 3645 2650 ἁμαρτάνοντες
3717 2577 3801 2634 δε-

2145 2659 2315 2732 σμοὺς
2347 2660 2556 2721 ἑαυτοῖς
2581 2659 2671 2715 καὶ
2731 2661 2951 2736 σχοινία
3009 2665 3091 2726 οἷς
3147 2661 3406 2738 δεδέμεθα
3463 2668 3798 2723 κατασκευά-

2145 2754 2330 2821 ζομεν,
2361 2750 2496 2802 κατὰ
2521 2751 2618 2818 τὴν
2654 2747 2948 2826 ἀναλογίαν
2975 2756 3072 2807 τοῦ
3129 2750 3375 2823 πλήθους
3433 2756 3468 2824 ἢ
3525 2758 3797 2831 μεγέθους

2138 2841 2244 2891 τῶν
2421 2837 2853 2913 ἁμαρτημάτων,
2885 2840 2919 2908 ἢ
2971 2839 3193 2913 μείζονα
3241 2841 3276 2910 ἢ
3332 2843 3626 2921 μικρότερα
3676 2847 3804 2901 ἑαυ-

2138 2930 2256 2989 τοῖς
2302 2930 2408 2980 τῶν
2453 2929 2645 3000 ψυχῶν
2693 2929 2758 2981 τὰ
2816 2925 2988 3001 δεσμά
3039 2928 3354 2999 πλέκοντες,
3390 2932 3478 3010 ὑφ’
3526 2934 3599 2987 ὧν
3658 2936 3804 2990 κατά

2137 3015 2231 3069 τὸν
2262 3015 2526 3088 Ἱερεμίαν
2558 3012 2771 3088 δέσμιοι
2833 3015 3144 3092 ἐγινόμεθα.
3177 3019 3244 3075 Οἱ
3298 3017 3388 3074 οὖν
3446 3025 3803 3095 κεκρατημέ-

2139 3123 2221 3157 νοι
2257 3103 2358 3158 ὑπὸ
2409 3107 2504 3158 τοῦ
2557 3107 2906 3182 φρονήματος
2960 3112 3062 3175 τῆς
3116 3107 3333 3180 σαρκὸς,
3369 3108 3520 3162 οὗτοι
3575 3108 3803 3184 γηΐνοις

2141 3189 2362 3265 δεσμοῖς
2413 3191 2513 3247 εἶ’σι
2551 3190 3009 3266 κατειλημμένοι,
3063 3194 3146 3272 ὑφ’
3203 3196 3299 3266 ὧν,
3356 3197 3489 3268 μετᾶ
3539 3198 3636 3266 τήν
3703 3197 3799 3254 δι-

2139 3280 2290 3334 καίαν
2324 3285 2421 3335 τοῦ
2450 3285 2637 3355 κριτοῦ
2669 3277 2958 3356 ἀπόφασιν,
2995 3279 3233 3348 δεθέντες
3287 3289 3488 3360 χειρῶν
3533 3287 3625 3340 καὶ
3683 3308 3798 3341 που

2142 3366 2273 3440 δῶν,
2313 3370 2364 3422 οἱ
2395 3367 2871 3432 καταδικασθέντες
2931 3366 3295 3427 ἐκϐάλλονται
3352 3373 3428 3436 είς
3476 3375 3538 3429 τὸ
3595 3377 3800 3438 σκότος

2137 3458 2199 3512 τὸ
2257 3457 2548 3532 ἐξώτεροψ
2584 3463 2784 3534 χειρῶν
2838 3460 2954 3533 μὶν,
2989 3457 3076 3515 διὰ
3118 3462 3181 3516 τὸ
3229 3463 3544 3539 πρακτικὸν,
3596 3461 3795 3519 ποδῶν

2141 3543 2221 3616 δὲ,
2253 3543 2341 3601 διὰ
2394 3546 2456 3602 τὸ
2513 3548 2851 3622 πορευτικόν.
2888 3555 3104 3625 Σειραῖς
3159 3549 3282 3627 γὰρ,
3338 3555 3418 3623 τῷ
3480 3548 3616 3621 ὄντι,
3676 3558 3792 3608 τῶν

2142 3634 2291 3690 ἰδίων
2351 3637 2630 3712 ἁμαρτιῶν
2704 3633 2930 3700 ἕκαστος
2995 3637 3299 3716 σφίγγεται,
3359 3639 3494 3696 ὥστε
3559 3637 3796 3696 ἕκαστον

2138 3729 2244 3778 τῶν
2279 3723 2678 3798 ἐνεργησάντων
2703 3725 2802 3794 τὴν
2834 3726 3101 3802 ἁμαρτίαν
3137 3725 3320 3799 μελῶν
3363 3725 3488 3800 ἰδίῳ
3538 3728 3644 3782 τινὶ
3706 3727 3797 3784 δε-

2141 3813 2264 3886 σμῷ
2309 3811 2682 3886 κολαζόμενον
2739 3815 3220 3890 κατασφίγγεσθαι.
3253 3816 3394 3874 Ούαὶ
3443 3815 3557 3885 οὖν,
3591 3817 3788 3892 φησὶν,

2141 3903 2192 3955 οἱ
2250 3900 2618 3975 ἐπισπώμενοι
2671 3903 2765 3964 τὰς
2815 3904 3081 3980 ἁμαρτίας
3135 3905 3212 3967 ὡς
3267 3905 3498 3982 σχοινίῳ
3553 3912 3792 3981 μακρῷ’

2137 3989 2427 4062 τουτέστιν,
2462 3991 2513 4046 οἳ
2557 3992 2888 4067 συνείροντες
2934 3997 3014 4065 τῶ
3043 3997 3295 4070 προτέρῳ
3327 3994 3625 4067 πταίσματι
3659 3993 3794 4051 δεύ-

2137 4100 2264 4155 τερα
2293 4081 2380 4135 καὶ
2412 4080 2567 4148 τρίτα
2596 4082 2692 4153 (5),
2726 4080 2815 4135 καὶ
2867 4083 3108 4154 καθεξῆς,
3142 4079 3480 4156 ἀσεϐήματα,
3515 4083 3605 4138 καὶ
3664 4082 3792 4139 ἀδι-

2137 4171 2377 4243 κήματα,
2410 4169 2499 4223 καὶ
2539 4167 2984 4242 ἀκολαστήματα.
3017 4169 3163 4228 Ἔδει
3223 4173 3324 4249 γὰρ
3383 4173 3508 4236 τοὺς
3565 4173 3793 4249 προλη-

2139 4259 2363 4335 φθέντας
2413 4257 2464 4312 ἐν
2522 4263 2639 4321 ταῖς
2699 4259 3012 4334 ἁμαρτίαις,
3061 4261 3174 4316 ἀντὶ
3225 4266 3318 4316 τοῦ
3376 4262 3631 4337 σωρεύειν
3691 4266 3794 4320 καὶ

2138 4345 2508 4402 ἐπισυνάπτειν
2536 4352 2652 4409 τοῖς
2682 4353 2869 4409 κακοῖς
2916 4345 3090 4423 ἕτερα,
3124 4348 3276 4412 εὐθὺς
3321 4351 3425 4405 ἀπὸ
3472 4354 3572 4416 τῆς
3625 4354 3794 4427 πρώ-

2136 4457 2236 4506 της
2290 4440 2396 4490 τῶν
2451 4441 2628 4490 κακῶν
2680 4435 2896 4506 πλοκῆς
2955 4435 3239 4492 καταλύειν
3295 4440 3363 4493 τὰ
3392 4440 3794 4513 ἁμαρτήματα.

2139 4526 2229 4594 Μὴ
2264 4526 2520 4598 ἁμαρτεῖν
2571 4526 2666 4598 μὶν
2723 4525 2826 4600 γὰρ
2883 4527 2981 4595 τὴν
3033 4527 3373 4601 ἀνθρωπίνην
3425 4527 3602 4606 φύσιν,
3637 4531 3800 4602 ἀμή-

377 4621 629 4674 natura:
663 4612 1145 4688 quandoquidem
1180 4628 1294 4667 non
1337 4616 1426 4667 est
1473 4613 1674 4682 justus
1732 4613 1791 4668 in
1851 4619 2024 4684 terra,

2144 4633 2323 4689 χανονο
2359 4611 2498 4667 διότι
2530 4613 2628 4668 οὐκ
2674 4611 2782 4669 ἔστι
2838 4611 3044 4677 δίκαιος
3105 4615 3190 4670 ἐπὶ
3241 4623 3339 4686 τῆς
3391 4604 3515 4692 γῆς,
3568 4616 3628 4679 ὅς
3682 4622 3796 4689 (5‘)

376 4708 477 4780 qui
510 4705 681 4762 faciat
713 4707 955 4768 bonum,
981 4708 1036 4758 et
1063 4719 1095 4756 a
1139 4706 1374 4772 peccato
1433 4701 1724 4756 abstineat
1775 4702 1839 4757 ³⁸.
1882 4705 2024 4758 Fieri

376 4803 571 4853 tamen
606 4799 815 4864 potest,
846 4797 909 4847 ut
932 4792 1001 4847 de
1034 4794 1268 4862 peccato
1302 4807 1403 4862 per
1460 4789 1882 4861 proclivitatem
1939 4791 2027 4847 vel

373 4903 478 4960 per
505 4883 867 4940 insidiatoris
889 4881 1072 4935 nostri
1107 4880 1432 4951 impulsum
1485 4881 1828 4946 commisso,
1887 4899 2023 4938 con-

370 4975 566 5032 festim
591 4976 816 5028 mutata
846 4969 1135 5027 sententia
1167 4985 1410 5041 agamus
1441 4969 1865 5041 paanitenliam,
1919 4988 2024 5027 nec

2137 4705 2354 4773 ποιησει
2385 4702 2604 4777 ἀγαθὸν,
2633 4703 2722 4758 καὶ
2755 4703 2860 4780 οὐχ
2891 4705 3280 4779 ἁμαρτήσεται.
3317 4706 3544 4760 Δυνατὸν
3580 4703 3662 4780 δὶ,
3678 4708 3796 4764 ἀπὸ

2134 4797 2230 4847 τοῦ
2313 4794 2569 4868 ἁμαρτεῖν
2623 4793 2758 4848 κατὰ
2808 4793 3131 4869 προπέτειαν
3185 4794 3222 4863 ἢ
3281 4796 3628 4872 συναρπαγὴν
3688 4802 3800 4852 τοῦ

2135 4877 2586 4942 ἐπιϐουλεύοντος
2632 4884 2788 4955 ἡμῖν,
2823 4881 2979 4946 εὐθὺς
3038 4879 3555 4956 μεταϐαλλομένους
3612 4906 3801 4958 μετα-

2133 4975 2298 5038 νοεῖν,
2337 4968 2426 5024 καί
2484 4971 2558 5043 μὴ
2619 4969 2966 5047 ἐπισωρεύειν
3019 4972 3157 5027 κακὰ
3209 4976 3607 5046 κακοῖς.”Ωσερ
3669 4976 3788 5050 γὰρ

445 5155 490 5192 ³³
518 5156 686 5210 Joan.
719 5167 834 5219 xxx,
868 5148 955 5204 45.
1031 5149 1301 5204 3“Thren.
1335 5165 1422 5219 ιιι,
1453 5149 1521 5203 34
1619 5149 1662 5183 ³⁷
1692 5149 1896 5205 Matth.
1939 5167 2048 5206 χχιι

2148 5151 2201 5207 3.
2232 5151 2278 5185 ⁸⁸
2312 5150 2459 5208 Psal.
2483 5168 2608 5220 xm,
2641 5152 2695 5207 3.

443 5356 520 5428 (2)
551 5353 804 5428 Uterque
825 5348 1010 5428 Colb.,
1045 5343 1415 5428 Staieoané.

443 5416 516 5498 (3)
548 5425 640 5498 sic
671 5416 804 5498 libri
825 5416 1064 5498 veteres.
1108 5416 1264 5473 Editi
1308 5436 1461 5487 vero,
1520 5416 1783 5494 ἁμαρτίας
1839 5417 2014 5475 αὐτῶν

368 5490 510 5558 ὡςξᾷ
545 5490 831 5566 δαμάλεως
861 5491 1276 5566 ταὶς-ἁμαρτὲας,

441 5571 518 5640 (li)
558 5559 732 5631 Editi,
765 5563 900 5615 κατὰ
928 5559 1369 5640 τήν-⁷·ἀναλογίανι
1408 5559 1471 5640 τξ)
1499 5562 1595 5640 τῇς
1628 5561 1888 5640 πτώσεως
1914 5560 2011 5616 τοῦ

367 5629 636 5710 πλῖιςθουῄς.
674 5629 925 5710 Uterque
941 5633 1124 5710 Colb.,
1149 5629 1285 5710 κατᾷ
1311 5632 1409 5700 τὴν
1433 5629 1722 5710 ἀναλογίαν
1773 5641 1871 5710 τῆς
1922 5634 2012 5710 πί-

367 5706 533 5773 στεως
563 5708 598 5777 ἢ
635 5707 890 5782 μεγεθους
921 5709 1049 5771 τῶν,
1081 5709 1190 5762 etc.
1248 5707 1381 5777 Reg.
1439 5706 1732 5761 secundus
1777 5707 2010 5762 brevius

2125 5351 2385 5419 quidem,
2414 5352 2515 5422 sed
2577 5351 2723 5406 satis
2775 5353 2928 5422 apte,
2976 5351 3110 5405 κατὰ
3168 5351 3266 5419 τὴν
3330 5349 3624 5422 ἀναλογίαν
3677 5359 3794 5422 τῆς

2122 5423 2384 5483 πτώσεως
2414 5421 2469 5498 ἢ-
2489 5422 2726 5498 μείζονα,
2760 5421 2858 5498 pro
2880 5424 3094 5498 ratione
3121 5440 3305 5492 casus,
3330 5429 3442 5498 etct
3513 5421 3799 5498 Denique

2122 5499 2291 5550 vetus
2313 5495 2851 5566 Combeﬁsiicodex
2884 5499 2938 5550 et
2972 5495 3110 5566 Reg.
3137 5501 3385 5566 quartus
3429 5496 3532 5564 ita,
3595 5503 3666 5554 ut
3690 5495 3797 5556 “in

2123 5571 2399 5622 contextu
2431 5566 2626 5622 videre
2658 5565 2811 5620 licet.

2195 5635 3006 5713 (@thergqqpiqquglibri,
3040 5634 3214 5713 τρίτα.
3253 5637 3430 5706 Editi,
3471 5636 3624 5710 τρία.

2195 5708 2297 5779 (5‘)
2327 5709 2440 5769 "Oc.
2469 5709 2641 5776 Editi,
2675 5708 2749 5769 ὡς
2805 5709 2963 5764 ΕΒΙΤ.
