4118 6220
325 355 440 416 405

1173 355 1578 418 COMMENT.
1628 357 1705 416 IN
1752 357 2572 423 ISAIAMPROPHETAM.
2619 363 2789 424 CAP.
2834 363 2909 423 V.

3618 363 3738 425 106

325 485 422 552 τήν
475 481 722 558 ἀλλαγήν
774 485 888 557 (17)
917 484 1024 538 τῶν
1071 483 1377 557 παρόντων,
1410 488 1500 541 καὶ
1543 486 1594 542 ἐν
1625 491 1694 561 τῇ
1741 486 1954 561 βελτίον

2098 507 2166 562 pe
2223 509 2354 548 cum
2416 511 2530 564 prie
2585 500 2949 567 peccatorum
3010 492 3388 548 multitudine
3460 493 3736 548 interitus

323 573 641 628 καταστάσει
670 575 911 649 γενέσθαι
939 575 1004 628 τὰ
1035 573 1338 646 σύμπαντα.

2085 587 2524 652 exspectaretur
2553 588 2610 638 et
2641 584 2901 650 exitium,
2961 582 3270 638 dicebant:
3324 583 3598 653 Agedum,
3651 582 3734 636 fa-

323 666 552 721 ciamus
587 666 762 734 mala,
794 673 854 721 et
882 673 1106 722 extram
1138 667 1469 738 iniquitatis
1502 667 1934 738 adimplsamus
1969 685 2340 727 mensuram:
2379 673 2456 728 ita
2509 678 2571 727 ut
2602 673 2796 726 veniat
2836 689 3031 728 rerum
3091 672 3462 744 praesentium
3516 671 3735 726 immu-

321 758 490 820 tatio,
523 762 580 811 et
609 757 884 812 universa
917 757 972 811 in
1009 757 1234 812 meliori
1265 762 1424 812 statu
1460 760 1917 815 constituantur.

397 848 519 902 172.
555 845 689 902 Οὐαὶ
735 846 787 899 οἱ
839 843 1082 918 λίγοντες
1135 846 1199 899 τὸ
1247 846 1486 921 πονηρὸν
1537 845 1730 914 καλὸν,
1780 847 1870 902 καὶ
1916 848 1978 902 τὸ

322 932 493 988 καλὸν
551 933 813 1006 πονηρόν·
869 935 921 988 οἱ
979 935 1210 996 τιθέντες
1267 934 1329 988 τὸ
1387 934 1579 997 σκότος
1611 940 1747 1010 φῶς,
1793 937 1977 991 καὶτὸ

324 1028 442 1101 φῶς
503 1022 714 1084 σκότος·
774 1023 825 1077 οἱ
876 1021 1110 1087 τιθίντες
1157 1023 1220 1077 τὸ
1276 1021 1448 1097 γλυκὺ
1507 1025 1721 1098 πικρὸν,
1780 1026 1867 1079 καὶ
1914 1026 1977 1080 τὸ

323 1113 520 1187 πικρὸν
553 1109 749 1187 γλυκύ.
776 1109 996 1167 Τελείου
1045 1111 1102 1166 δέ
1141 1111 1254 1166 ἐστι
1298 1116 1398 1167 τοῦ
1431 1110 1519 1167 διὰ
1556 1115 1654 1182 τὴν
1681 1110 1787 1182 ’ἐξιν
1819 1134 1976 1188 γεγυ-

326 1203 610 1275 μνασμάνα
638 1197 863 1278 ἔχοντος
891 1201 957 1255 τὰ
987 1201 1336 1275 αἰσθητήρια,
1384 1199 1670 1278 διακρίνειν
1721 1201 1974 1257 δύνασθαι

321 1294 424 1361 τὴν
455 1295 552 1346 τοῦ
581 1289 756 1344 καλοῦ
807 1290 962 1363 φύσιν
1009 1290 1114 1344 ἀπὸ
1162 1295 1258 1344 τοῦ
1306 1291 1576 1365 πονηροῦ·
1619 1293 1711 1346 καὶ
1743 1289 1974 1364 δοκίμου

319 1378 667 1453 τραπεζίτου,
695 1379 757 1432 τὸ
785 1377 953 1432 καλὸν
985 1377 1254 1452 κατέχειν,
1299 1378 1403 1432 ἀπὸ
1435 1376 1492 1431 δέ
1543 1379 1740 1440 παντὸς
1797 1375 1972 1440 εἷ’δους

321 1471 570 1543 πονηροῦ
604 1465 919 1542 ἀπέχεσθαι’
955 1464 1343 1541 διεφθαρμένον
1379 1463 1436 1521 δὲ
1466 1464 1692 1542 ἔχοντος
1736 1471 1836 1532 τῆς
1870 1471 1972 1540 ψυ-

319 1564 431 1633 χῆς
462 1557 524 1612 τὸ
577 1557 883 1633 κριτήριον,
934 1553 1344 1629 ἐνηλλαγμένας
1393 1557 1489 1618 τὰς
1523 1556 1816 1630 μαρτυρίας
1846 1556 1968 1630 περὶ

314 1653 417 1715 τῆς
466 1647 695 1702 ἐκάστου
749 1644 897 1714 ἀξίας
949 1641 1290 1700 ἀποδιδόναι.
1338 1645 1434 1699 Καὶ
1477 1642 1618 1700 ἔοικε
1669 1642 1856 1714 πολλή
1889 1666 1972 1708 τις

318 1704 572 1812 εύάζέρεια
625 1733 759 1789 εἴναι
792 1704 874 1806 ’τῇ
930 1733 1236 1806 ἀνθρωπεία
1285 1735 1397 1805 (18)
1447 1732 1598 1809 φύσει
1649 1735 1785 1810 πρὸς
1811 1704 1873 1789 τθ
1902 1704 1969 1789 τά
2003 1704 2048 1768 Β

317 1825 525 1880 ἐναντία
575 1821 811 1893 δοξάζειν
857 1825 925 1895 τῇ
973 1823 1092 1894 περὶ
1141 1819 1362 1876 ἕκαστον
1412 1822 1658 1894 ἀληθείᾳ.
1707 1822 1803 1877 Καὶ
1857 1823 1965 1878 εἷθι

319 1913 409 1968 ἐπὶ
444 1914 643 1985 μόνους
687 1911 814 1972 τοὺς
859 1907 960 1981 ἕξω
1005 1917 1106 1980 τῆς
1153 1911 1290 1964 κατά
1333 1912 1428 1972 τὰς
1479 1912 1688 1990 Γραφᾶς
1735 1912 1967 1975 πίστεως

323 2002 542 2080 ἰφθανιν
573 2004 608 2071 ὴ
643 1998 907 2078 διαφωνία
937 1999 1095 2069 αὕτηο
1131 2000 1181 2054 οἳ
1228 1999 1508 2064 ίσοπαλεῖς
1549 1999 1800 2075 λέγοντες
1830 2003 1964 2057 εἶναι

320 2093 450 2153 τοὺς
499 2090 621 2166 περὶ
680 2089 907 2144 ἑκάστου
975 2089 1293 2163 πράγματος
1351 2088 1551 2163 Λόγους
1585 2135 1599 2158 ,
1645 2091 1735 2144 καὶ
1793 2096 1964 2145 πᾶσαν

315 2180 596 2255 ἐνάργειαν
631 2180 762 2250 (19),
810 2178 874 2232 τὸ
913 2175 1036 2230 ὅσον
1087 2175 1166 2254 ἐφ’
1218 2177 1448 2245 ἑαυτοῖς,
1500 2177 1574 2240 είς
1623 2174 1960 2252 ἀμφιϐολίαν

314 2267 531 2344 ἄγουσιν
591 2266 800 2340 μέλανα
857 2265 988 2320 εἶναι
1045 2266 1138 2319 τὸν
1198 2262 1460 2340 ἅργυπον,
1517 2265 1576 2322 ἐκ
1631 2272 1729 2322 τοῦ
1787 2268 1873 2323 ἱοῦ
1903 2268 1962 2323 ’ὸν

312 2357 525 2436 ἀφίησι,
558 2355 648 2410 καὶ
693 2352 902 2427 μὲλανα
949 2354 1080 2407 εἶναι
1125 2353 1220 2407 τὸν
1272 2351 1457 2425 ἥλιον,
1489 2353 1549 2408 ἐκ
1583 2359 1680 2408 τοῦ
1727 2357 1841 2427 (20)
1876 2376 1964 2428 με·

315 2447 519 2502 λαίνειν
577 2445 645 2499 τὰ
701 2442 927 2516 σώματα
957 2443 1038 2502 οἷς
1085 2442 1144 2495 ἃν
1201 2439 1286 2495 ἐπὶ
1328 2440 1494 2496 πλέον
1541 2443 1958 2518 προσομιλήσῃ,

313 2536 580 2611 λέγοντες·
641 2537 728 2587 καί
779 2531 838 2586 ἐκ
892 2535 998 2585 τῶν
1055 2530 1317 2585 τοιούτων
1371 2531 1432 2584 τὸ
1476 2538 1576 2600 τῆς
1626 2529 1834 2607 ἐποχῆς
1866 2553 1962 2587 κα-

309 2627 696 2694 τασκευάζουσι
748 2621 950 2697 δόγμα,
1009 2622 1085 2683 ὡς
1136 2624 1235 2689 τῆς
1292 2621 1592 2692 αἰσθήσεως
1661 2621 1960 2698 παραλογι-

314 2715 484 2788 σμοὺς
541 2713 805 2789 ἐχούσης,
857 2713 943 2766 καὶ
1007 2710 1114 2785 οὐχ
1172 2711 1261 2765 οἶά
1317 2709 1426 2765 ἐστι
1483 2714 1551 2783 τῇ
1609 2711 1761 2787 φύσει
1805 2733 1964 2767 κατα-

316 2799 709 2877 λαμϐανούσης
754 2801 821 2856 τὰ
862 2799 1179 2874 πράγματα,
1220 2797 1345 2853 ἀλλ’
1378 2799 1480 2853 ὑπὸ
1532 2799 1627 2872 μὲν
1657 2803 1960 2878 ζωγραφίας

318 2891 691 2964 ἀπατωμὲνων
739 2894 848 2944 τῶν
900 2886 1220 2964 ὀφθαλμῶν
1283 2886 1370 2942 ἐπὶ
1429 2885 1486 2942 δὲ
1532 2892 1627 2942 τοῦ
1673 2889 1962 2964 τραχήλου

315 2989 415 3051 τῆς
447 2985 765 3056 περιστερᾶς
816 2975 1016 3032 ἄλλοτε
1069 2975 1242 3037 ἄλλας
1294 2977 1466 3051 χρόας
1510 2974 1964 3050 μεταλαμϐανόμ,

2161 853 2283 906 172.
2317 853 2489 909 Vens.
2522 853 2609 907 20.
2653 855 2734 908 Vae
2764 855 2859 925 qui
2912 853 3098 907 dicitis
3154 853 3366 907 malum
3411 853 3630 918 bonum,
3679 856 3737 906 et

2090 940 2288 995 bonum
2347 942 2597 996 malum:
2644 945 2739 1012 qui
2771 942 2972 1012 ponitis
3013 943 3264 996 tenebras
3312 941 3506 1004 lucem,
3551 945 3605 996 et
3644 940 3735 993 lu-

2087 1044 2201 1083 cem
2231 1031 2490 1084 !enehras
2509 1047 2528 1084 :
2561 1032 2658 1101 qui
2684 1031 2890 1101 ponitis
2919 1029 3080 1084 dulce
3104 1045 3382 1094 amarum,
3409 1033 3461 1084 et
3480 1045 3735 1084 amarum

2085 1116 2258 1173 dulce.
2293 1119 2391 1174 Est
2424 1127 2614 1173 autem
2648 1119 2881 1189 perfecti
2939 1117 3067 1182 viri,
3117 1118 3285 1186 cujus
3334 1122 3474 1172 sunt
3520 1133 3733 1172 sensus

2087 1223 2188 1277 per
2217 1207 2479 1262 habitum
2514 1206 2832 1272 exercitati,
2865 1212 3131 1261 naturam
3169 1205 3304 1261 boni
3333 1224 3366 1261 a
3397 1204 3551 1260 malo
3605 1205 3730 1260 dis-

2084 1295 2352 1366 tinguere
2414 1313 2585 1367 posse
2641 1297 2722 1363 5‘;
2786 1296 3044 1366 itemque
3123 1293 3358 1350 solertis
3425 1293 3728 1361 mensarii,

2084 1385 2236 1454 quod
2276 1385 2492 1439 bonum
2528 1388 2638 1453 est,
2680 1383 2948 1448 retinere,
3005 1387 3182 1454 atque
3241 1383 3312 1436 ab
3368 1382 3529 1437 omni
3589 1380 3731 1437 mali

2083 1474 2278 1544 specie
2311 1473 2605 1528 abstinere
2633 1474 2717 1527 ‘5:
2753 1473 2854 1527 sed
2882 1473 2980 1544 qui
3013 1477 3343 1542 corruptam
3380 1469 3729 1542 habetjudi-

2081 1563 2251 1618 candi
2279 1561 2636 1626 facultatem,
2661 1563 2789 1629 eius
2815 1561 2990 1616 estde
3017 1560 3484 1630 uniuscujusque
3502 1559 3729 1614 meritis

2081 1651 2379 1706 instabilis
2411 1651 2749 1704 testimonia
2780 1650 3056 1720 proferre.
3091 1653 3276 1718 Atque
3308 1663 3522 1718 magna
3577 1662 3730 1716 que-

2080 1743 2212 1796 dam
2245 1739 2492 1794 facilitas
2523 1739 2798 1793 humanaa
2829 1741 3053 1791 naturae
3109 1737 3302 1791 inesse
3347 1735 3578 1790 videtur
3623 1736 3726 1789 ad-

2077 1829 2365 1885 versantia
2389 1827 2861 1898 uniuscujusque
2883 1824 2962 1881 rei
2975 1824 3200 1880 veritati
3215 1823 3722 1880 comminiscendi.

2078 1923 2146 1973 Et
2165 1919 2393 1973 utinam
2419 1917 2488 1971 ad
2514 1932 2612 1972 eos
2637 1915 2795 1971 solos
2816 1914 2973 1986 quia
2992 1914 3424 1985 Scripturarum
3451 1912 3564 1966 fide
3585 1915 3726 1967 sunt

2073 2007 2353 2070 extranei,
2387 2005 2748 2077 pervenisset
2777 2003 2979 2058 isthaao
3007 2001 3418 2073 discrepantia.
3443 2000 3549 2064 Qui
3574 2000 3717 2055 dum

2072 2098 2275 2153 dicunt
2305 2109 2606 2150 sermones
2634 2095 2702 2148 de
2751 2109 2810 2148 re
2855 2091 3119 2163 qualibet
3169 2090 3402 2146 habitos
3451 2088 3717 2160 ejusdem

2071 2183 2348 2258 ponderis
2375 2199 2505 2238 esse
2551 2197 2618 2238 ac
2668 2181 2971 2246 momenti,
3019 2195 3276 2247 omnem,
3318 2184 3606 2250 quantum
3656 2176 3717 2232 in

2072 2273 2216 2345 ipsis
2247 2280 2355 2334 est.
2388 2272 2744 2328 evidentiam
2777 2270 2837 2324 in
2889 2267 3132 2340 ancipiti
3178 2266 3486 2323 collocant.
3537 2264 3722 2320 Aiunt

2069 2363 2336 2418 videlicet
2369 2365 2679 2433 argentum
2703 2375 2832 2414 esse
2850 2358 3083 2430 nigrum
3108 2361 3344 2428 propter
3363 2354 3718 2426 rubiginem,

2071 2469 2189 2524 qua
2210 2448 2926 2523 pertunditur,ipsumque
2949 2446 3133 2502 solem
3158 2445 3393 2517 nigrum
3407 2442 3719 2515 esse,quod

2069 2557 2136 2596 ea
2166 2556 2410 2612 corpora
2441 2539 2658 2610 quibus
2688 2536 2914 2592 diutius
2943 2535 3310 2599 immoratur,
3361 2532 3719 2605 nigrescant.

2073 2635 2254 2700 Atque
2282 2645 2352 2684 ex
2380 2626 2718 2697 bujusmodi
2761 2625 3086 2680 rationibus
3117 2639 3292 2679 suum
3323 2623 3394 2678 de
3424 2621 3719 2678 assensio—

2071 2720 2162 2774 nis
2207 2717 2529 2773 retentione
2576 2716 2791 2785 dogma
2836 2718 3092 2779 struunt,
3149 2717 3431 2784 tanquam
3481 2710 3721 2766 fallatur

2070 2823 2302 2872 sensus,
2337 2821 2442 2860 nec
2473 2821 2566 2860 res
2595 2802 2800 2876 quales
2830 2809 3036 2857 natura
3057 2801 3364 2864 exsistunt,
3389 2799 3715 2871 apprehen-

2072 2898 2190 2952 dat.
2225 2895 2336 2950 Sed
2370 2899 2435 2948 ut
2465 2909 2570 2964 per
2599 2893 2885 2964 picturam
2919 2889 3289 2961 decipiuntur
3318 2888 3470 2944 oculi
3495 2905 3509 2956 ;
3539 2888 3622 2943 ita
3651 2887 3712 2943 in

2072 2985 2357 3040 columba:
2387 2983 2534 3038 collo
2567 2981 2712 3036 alios
2733 2985 2790 3035 et
2811 2979 2956 3034 alios
2979 2977 3200 3034 colores
3224 2978 3712 3048 recipiunt,prout

314 3092 420 3125 των
453 3070 594 3144 πρὸς
622 3068 718 3130 τὰς
763 3066 1029 3126 ἐκκλίσεις
1079 3067 1191 3138 (21)
1217 3070 1315 3119 τοῦ
1367 3066 1529 3134 ζώου.
1562 3067 1652 3120 καὶ
1699 3067 1792 3129 τὰς
1825 3069 1956 3144 πρὸς

2075 3075 2229 3129 varie
2258 3073 2514 3128 ﬂectitur
2542 3068 2781 3132 animal,
2814 3083 2994 3137 exque
3025 3065 3171 3120 radii
3201 3081 3267 3120 ac
3297 3065 3444 3120 lucis
3473 3066 3709 3135 objectu

307 3160 405 3226 τὴν
437 3158 629 3212 ἀκτῖνα
674 3157 907 3231 σχέσεις,
957 3149 1560 3227 συμμεταϐαλλομὲνης
1604 3162 1704 3226 τῆς
1755 3154 1954 3230 ὅψεως.

311 3247 411 3301 Διά
438 3251 602 3301 τοῦτο
634 3243 1017 3314 ἐπιστήσαντες
1053 3246 1122 3316 τῇ
1167 3239 1257 3296 διὰ
1285 3247 1390 3297 τῶν
1445 3242 1744 3318 ὀφθαλμῶν
1794 3267 1953 3301 κατα-

307 3336 498 3409 λήψει,
532 3332 657 3390 οὔτε
698 3337 765 3407 τῇ
822 3331 1003 3408 ἡμέρᾳ
1058 3332 1406 3399 συντίθενται,
1468 3329 1590 3387 οὕτε
1643 3335 1743 3403 τὴν
1793 3334 1956 3391 νύκτα

303 3425 704 3499 ὁμολογοῦσιν,
748 3422 808 3476 ἐκ
858 3419 915 3476 δὲ
962 3426 1061 3475 τοῦ
1110 3418 1419 3475 ἀκολούθου
1458 3421 1547 3476 καὶ
1579 3421 1656 3482 εἷς
1691 3423 1956 3494 ἀθεότητα

299 3513 623 3568 ἐκπίπτουσι
658 3514 791 3584 (22),
832 3513 971 3584 μήτε
1025 3509 1069 3564 εἰ
1112 3511 1343 3585 προνοίᾳ
1395 3516 1528 3565 Θεοῦ
1578 3509 1860 3567 διοικεῖται
1890 3514 1953 3568 τὸ

296 3608 444 3672 πᾶν,
521 3604 661 3674 μήτε
737 3600 783 3654 εἰ
869 3598 1474 3676 αὐτομάτωςφὲρεται
1558 3602 1948 3671 συντιθέμενοι.

296 3688 464 3751 Ἵδοις
497 3687 554 3745 δὲ
586 3687 645 3744 ἂν
679 3687 928 3750 πολλοὺς
963 3687 1050 3742 καὶ
1080 3692 1187 3742 τῶν
1236 3688 1669 3744 πεπιστευκότων
1701 3696 1816 3752 τοῖς
1859 3711 1950 3745 νο-

299 3785 485 3852 μικοῖς
535 3778 626 3834 καί
670 3781 1035 3855 προφητικοῖς
1083 3777 1391 3851 γράμμασι,
1442 3781 1508 3851 τῇ
1559 3798 1680 3854 περι
1727 3776 1950 3835 ἕκαστον

297 3868 509 3924 ἐντάσει
570 3868 706 3941 μετὰ
748 3865 1112 3936 πιθανύτητος
1146 3865 1613 3942 ἀπομαχομένους
1661 3867 1797 3943 πρὸς
1847 3869 1946 3938 τὴν

297 3957 584 4031 ἐνάργειαν
639 3958 777 4028 (23),
833 3953 972 4010 ὥστε
1025 3956 1347 4028 σαθροῦσθαι
1403 3954 1490 4010 καὶ
1539 3953 1946 4022 διασαλεύεσθαι

292 4049 361 4100 τὸ
392 4046 444 4100 ἐν
476 4050 597 4106 τοῖς
628 4041 888 4120 δόγμασιν
921 4042 1143 4113 ἀληθές.
1196 4041 1374 4100 Ἀλλὰ
1419 4045 1687 4100 πιστεύειν
1740 4047 1836 4119 μὶν
1873 4047 1948 4110 εἰς

295 4136 534 4209 Χριστὸν
584 4135 795 4204 Ἰησοῦν
864 4131 1201 4207 ὁμολογοῦσι
1242 4153 1382 4196 τινες
1411 4175 1426 4202 ,
1477 4133 1816 4208 εύρίσκονται
1889 4135 1946 4192 δὲ

368 4271 412 4304 ⁸⁸
445 4269 619 4325 Hebr.
645 4285 700 4338 ν,
731 4268 820 4324 14.
895 4268 940 4304 ⁸⁸
971 4269 993 4324 ῐ
1025 4269 1235 4325 Thess.
1265 4285 1321 4338 ν,
1351 4270 1444 4325 22.

2068 3166 2417 3233 conspectus
2449 3163 2727 3214 mutatur.
2761 3156 3124 3226 Quapropter
3155 3169 3286 3208 cum
3319 3153 3582 3207 animum
3616 3153 3709 3207 in-

2065 3253 2315 3308 tendunt
2344 3250 2414 3303 ad
2446 3263 2573 3303 eam
2603 3263 2729 3316 quas
2763 3260 2864 3316 per
2892 3243 3094 3298 oculos
3125 3243 3192 3297 ﬁt
3247 3242 3705 3312 perceptionem,

2064 3355 2252 3411 neque
2281 3339 2434 3393 diem
2467 3351 2594 3391 esse
2643 3338 2932 3399 statuunt,
2981 3347 3168 3402 neque
3206 3331 3558 3385 conﬁtentur
3607 3345 3708 3384 no-

2063 3435 2235 3494 ctem,
2269 3432 2444 3499 atque
2499 3425 2706 3479 exinde
2751 3424 3143 3493 prolabuntur
3187 3420 3245 3474 in
3304 3419 3704 3490 impietatem:

2062 3534 2250 3584 neque
2279 3513 2546 3571 convenit
2575 3511 2728 3566 inter
2756 3510 2886 3565 illos
2945 3516 3140 3563 utrum
3195 3508 3295 3563 Dei
3347 3507 3708 3580 providentia

2062 3608 2463 3678 gubernantur
2492 3601 2712 3663 omnia,
2745 3616 2816 3653 an
2841 3604 3060 3653 temere
3081 3603 3138 3652 et
3162 3596 3398 3652 fortuito
3421 3597 3702 3652 ferantur.

2061 3695 2204 3758 Quin
2239 3699 2298 3747 et
2325 3693 2521 3747 videas
2554 3687 2839 3760 plurimos
2870 3687 3046 3741 etiam
3076 3685 3266 3754 exiis,
3295 3686 3396 3756 qui
3419 3684 3703 3754 legalibus

2058 3790 2116 3839 et
2164 3779 2520 3853 pr0pheticis
2567 3778 2722 3834 504
2767 3775 3083 3845 Scripturis
3126 3775 3440 3842 credidere,
3505 3773 3702 3828 animo

2058 3873 2310 3944 quodam
2343 3870 2402 3922 in
2436 3866 2610 3921 rebus
2641 3863 2892 3936 singulis
2924 3863 3362 3934 propugnandis
3407 3861 3700 3916 obstinate

2057 3976 2191 4016 cum
2221 3953 2734 4012 verisimilitudine
2765 3950 3166 4022 perspicuitati
3193 3965 3258 4004 ac
3281 3947 3582 4003 evidentia:
3606 3963 3701 4002 re-

2055 4046 2286 4116 luctari,
2318 4046 2401 4100 sio
2434 4047 2500 4098 ut
2529 4042 2872 4112 dogmatum
2903 4038 3165 4093 labascat
3196 4035 3408 4091 veritas
3465 4041 3521 4091 et
3567 4051 3703 4091 con-

2057 4137 2332 4194 cutiatur.
2364 4132 2486 4188 lmo
2520 4127 2783 4184 nonnulli
2813 4127 3044 4182 credere
3073 4141 3135 4180 se
3157 4125 3394 4196 quidem
3417 4124 3700 4180 confiten-

367 4404 480 4473 (17)
513 4401 668 4458 Editi
692 4407 750 4458 et
768 4403 906 4475 Reg.
937 4403 1186 4474 primus,
1205 4402 1304 4471 τήν
1329 4398 1660 4477 διαλλαγήν.
1693 4409 1764 4461 At
1822 4407 1949 4464 uin-

367 4493 408 4530 ιε
436 4493 587 4532 ms..
616 4474 716 4532 τήν
748 4472 1019 4532 ἀλλαγήν.
1052 4475 1262 4531 Statim
1320 4481 1440 4531 tres
1487 4493 1656 4532 mss..
1708 4423 1944 4532 γεύέσθαι

2074 4405 2158 4462 ibi
2187 4409 2245 4460 et
2272 4401 2330 4457 in
2362 4399 2534 4456 editis
2563 4404 2622 4454 et
2652 4397 2708 4452 in
2734 4396 2925 4452 tribus
2949 4411 3090 4450 mss.
3123 4394 3356 4466 legitur,
3407 4393 3701 4470 ἀπομαχο-

2074 4477 2253 4532 ιένους
2281 4473 2416 4532 πρὸς
2445 4473 2546 4532 τήν
2573 4468 2865 4532 ἐνέργειαν,
2897 4485 3011 4523 non
3049 4470 3297 4522 dubium
3339 4473 3430 4522 est
3457 4470 3600 4532 quin
3631 4486 3700 4524 ex

1769 4500 1794 4530 ν

293 4472 408 4552 que
436 4472 587 4540 ms.,
610 4474 716 4552 ’τήν
748 4472 1019 4552 ἀλλριγῇν.
1052 4475 1447 4552 Statimutres
1487 4472 1656 4552 mea,
1708 4472 1944 4552 γενέσθᾳι

297 4545 368 4598 τὰ
393 4545 1046 4619 σδμπτῴματῳῐὺὶάοω
1105 4548 1163 4602 in
1213 4547 1387 4603 editis
1434 4545 1666 4619 legitur,
1721 4545 1820 4602 Καὶ
1868 4550 1940 4606 o't.

296 4618 409 4701 ﬁed
444 4634 551 4701 pro
582 4617 702 4700 illo.
727 4616 824 4671 Καὶ
849 4617 928 4701 et,
961 4618 1268 4701 in'nostris
1315 4634 1410 4674 sex
1433 4616 1733 4678 codicibus
1755 4621 1940 4694 scrip-

292 4694 423 4745 tum
445 4687 811 4746 invenimus.
844 4687 977 4742 Οὐαὶ
1005 4689 1075 4744 οἱ.

369 4761 480 4832 (18)
513 4761 665 4814 Editi
697 4767 754 4818 et
783 4761 918 4888 Reg.
954 4761 1185 4834 tertius,
1228 4758 1556 4835 ἀνθρωπίνῃ.
1609 4761 1721 4818 Alii
1773 4763 1943 4834 quin-

369 4849 413 4887 ιθ
430 4849 601 4888 ωδε..
624 4831 870 4888 ἀνθρωπε
897 4853 948 4888 α.

298 4847 413 4906 que
430 4831 948 4906 φεξἹάνθρωπείᾳ.

519 4904 671 4987 ιξάὶιί
704 4901 1019 4962 ῐὶοειινίἐοι
1067 4920 1237 4987 mss,
1286 4901 1602 4987 Evipyuav,‘
1630 4921 1731 4961 nec
1779 4904 1946 4987 aliter

297 4971 440 5046 legit
465 4971 784 5048 interpres,
817 4993 949 5032 cum
972 4981 1176 5044 vertat,
1206 4971 1527 5048 omnemque
1548 4977 1663 5032 vim
1693 4983 1948 5048 operato-

299 5049 464 5101 riam.
497 5046 700 5118 Neque
729 5053 921 5104 tamen
955 5063 1205 5119 magnus
1236 5047 1333 5103 ille
1364 5046 1645 5103 librorum
1678 5046 1946 5104 omnium

299 5133 626 5174 consensus
659 5120 812 5189 facit,
845 5126 910 5176 ut
948 5121 1032 5175 ita
1087 5119 1198 5190 legi
1246 5125 1512 5190 Oportere
1560 5125 1780 5190 putem.
1827 5122 1946 5176 lmo

297 5190 440 5245 mihi
468 5191 987 5261 persuasissimum
1005 5194 1093 5246 est
1114 5192 1394 5262 mendum
1409 5191 1946 5262 esselibrariorum,

299 5263 422 5332 qui,
442 5259 982 5336 cumscribendum
1004 5268 1179 5330 esset,
1203 5259 1500 5336 ἐνάργειαν,
1523 5263 1758 5319 incaute
1807 5259 1948 5319 scri-

299 5331 548 5409 pserint,
581 5331 869 5409 ἐνέργειαν.
904 5341 1187 5409 Atqueea
1216 5331 1378 5390 de'r'e
1407 5350 1474 5389 eo
1524 5337 1723 5409 minus
1773 5336 1950 5409 dubi-

298 5406 620 5480 tariposse
646 5406 917 5476 arbitror,
950 5406 1106 5480 quod
1139 5422 1277 5480 nong
1304 5423 1433 5480 raro
1487 5408 1731 5480 accidat,
1781 5414 1859 5480 ut
1890 5407 1949 5460 in

300 5477 535 5532 duabus
553 5478 646 5534 bis
661 5480 900 5536 vocibus
917 5477 1314 5536 eisoribendis
1327 5477 1626 5534 offendant
1643 5479 1953 5540 librarii,et

304 5549 476 5604 aliam
502 5549 617 5605 alia
633 5556 1012 5608 commutent.
1034 5550 1418 5622 Ejusreicum
1436 5551 1622 5606 multa
1635 5551 1754 5606 sint
1766 5565 1952 5622 exemf

306 5621 420 5694 pla,
454 5637 641 5694 unum
667 5623 954 5680 duntaxat
981 5619 1236 5694 proferre
1265 5619 1424 5688 libet,
1456 5625 1609 5692 quod
1634 5639 1761 5678 sese
1784 5620 1954 5694 quasi

309 5690 630 5766 αὐτομάτως
657 5694 866 5754 offerre
891 5690 1122 5753 videtur
1165 5692 1312 5750 Nam
1339 5709 1455 5750 non
1473 5690 1571 5752 ita
1591 5694 1776 5752 multo
1799 5690 1954 5765 post,

2059 4477 2253 4549 μένους
2279 4473 2416 4549 πρὸς
2445 4473 2546 4539 τὴν
2573 4468 2865 4549 ἐνέργειαν,
2897 4485 3028 4549 ιιοῐξΔ
3049 4470 3297 4549 dubium
3339 4473 3430 4549 est
3457 4468 3700 4549 quine:

2053 4535 2186 4605 aliis
2219 4535 2408 4604 tribus
2440 4535 2580 4599 mss.
2616 4535 2929 4615 legendum
2961 4539 3058 4608 sit,
3080 4535 3541 4615 ᾆπομαχομένους
3563 4538 3698 4615 προς

2053 4619 2348 4694 ἐνάργειαν,
2376 4611 2700 4694 puquautes:
2719 4613 2978 4694 aduersus
3004 4611 3354 4694 euideutmm.
3389 4611 3498 4666 Sed
3555 4611 3698 4684 quid

2053 4679 2269 4766 plura?
2287 4679 2421 4744 cum
2443 4679 2551 4766 _bic
2583 4685 2694 4766 legi
2725 4686 2956 4766 debere,
2987 4681 3158 4735 πάσαν
3180 4679 3476 4766 ἐνᾶργειαγ,
3502 4679 3700 4766 ,ηόωο

2053 4752 2374 4832 negaturus
2407 4759 2506 4827 sit,
2530 4752 2783 4832 _nisi_qui
2824 4760 2883 4811 et
2928 4756 3052 4826 ipse
3101 4752 3238 4828 πρὸς
3274 4752 3382 4822 ’τὴν
3429 4753 3702 4828 ἐνάργειαν

2050 4826 2430 4906 ἀπομάχεσθαι
2458 4826 2726 4906 voluerit.
2858 4901 2865 4906 _
2926 4895 2960 4906 Π

2124 4893 2362 4977 (ἑογέἱο
2392 4903 2618 4972 antiqui
2653 4899 2876 4969 aliquot
2924 4895 3080 4952 libri.
3131 4893 3344 4952 Nostra
3393 4897 3591 4967 editio,
3641 4895 3702 4952 ἐκ

2086 4997 2184 5032 ων.

2050 4997 2234 5118 τω(21)
2283 5046 2479 5118 Editi,
2508 5037 2825 5118 titulique
2879 5042 2949 5118 ᾼι
2994 5039 3256 5118 quinque
3304 5057 3470 5110 mss,,
3521 5037 3700 5094 ἐκκλί.

2054 5109 2188 5180 σείς.
2222 5109 2363 5189 Reg.
2399 5117 2645 5187 primus,
2677 5109 2989 5189 ἐκκλησίας,
3017 5109 3297 5189 pessime.

2129 5192 2238 5259 (22)
2269 5179 2353 5245 Ita
2385 5179 2529 5242 mss.
2561 5201 2786 5259 omnes.
2823 5179 3361 5259 Εάίιί,ἔμπίπτουσι.
3390 5184 3520 5240 Mox
3557 5185 3696 5255 Reg.

2057 5250 2355 5318 sesundus
2380 5265 2436 5314 et
2465 5259 2624 5314 Colb.
2660 5257 2905 5328 primus,
2937 5250 3071 5328 Θεοῦ
3098 5326 3106 5328 _
3129 5250 3342 5328 διοικεῖ.

2129 5335 2241 5415 (23)
2273 5332 2420 5386 Editi
2455 5337 2514 5417 e't
2540 5322 2854 5409 tres-mss”
2887 5325 3151 5417 πρὸςιτὴν
3183 5322 3702 5417 ἐνέργεὶανκαίέυρς-

2057 5395 2150 5460 sui
2182 5395 2291 5460 vim
2320 5403 2538 5474 agendi,
2570 5401 2843 5474 pessime.
2879 5395 2952 5451 At
2983 5405 3225 5474 uterque
3254 5395 3504 5474 Comet
3548 5395 3697 5474 iteg.

2061 5466 2379 5543 secundus:
2407 5466 2543 5547 πρὸς
2570 5466 2672 5547 τὴν
2697 5469 2993 5543 ἐνάργειαν,
3040 5468 3306 5547 ad_versu:_
3348 5466 3699 5547 evidentiam,

2061 5535 2512 5620 optimesL'egas
2567 5535 2740 5599 velim
2788 5535 2926 5612 quae
2987 5538 3158 5613 paulo
3215 5543 3349 5594 ante
3396 5538 3470 5593 de
3520 5535 3700 5593 simili

2062 5619 2272 5676 mendo
2301 5619 2581 5673 diximus.
