4118 6220
355 343 476 406 ιοτ

1289 345 1688 407 APPENDIX
1733 338 2060 402 OPERUM
2105 339 2170 400 S.
2215 338 2496 400 BASILII
2541 339 2816 400 MAGNI.

3651 339 3776 399 408

361 479 457 531 tur
498 475 558 530 in
605 474 807 533 Jesum
857 477 1178 549 Christum,
1227 493 1332 534 nec
1381 481 1576 533 tamen
1627 474 2004 531 inveniuntur

2137 469 2195 535 ιὴ
2256 467 2684 542 Κατηρτισμένοι
2769 467 2821 523 ἐν
2901 471 2980 540 τῷ
3037 467 3185 540 αὐτῷ
3257 487 3361 536 νοι,
3435 467 3525 522 καὶ
3589 466 3640 521 ἐν
3698 469 3774 540 τῇ

360 566 601 635 Perfecti
628 566 685 620 in
712 566 895 622 eodem
923 584 1111 634 sensu,
1144 571 1242 622 aut
1288 568 1346 621 in
1400 567 1588 622 eadem
1639 564 1909 620 sententia
1941 561 2004 628 “,

362 656 463 710 sed
498 656 555 710 in
588 656 910 712 discordias
952 659 1204 712 maxime
1235 657 1384 712 inter
1407 673 1466 711 se
1490 656 1883 726 repugnantes
1917 649 2008 703 di-

357 743 660 800 viduntur.
703 745 814 800 Alii
847 746 1081 816 quidem
1119 747 1190 801 ob
1222 745 1683 816 simplicitatem,
1718 741 1816 796 alii
1874 754 2009 793 vero

363 849 467 887 nec
499 833 667 904 pauci
700 834 770 888 ob
802 833 1167 906 principatus
1207 834 1472 890 studium
1506 849 1571 888 ac
1608 831 1841 886 inanem
1892 827 2010 896 glo-

363 921 533 989 riam,
568 922 741 994 vulgo
773 924 1075 978 ostendere
1103 923 1307 978 volunt
1336 939 1515 995 quam
1547 921 1666 976 sint
1696 918 2012 990 sapientes,

364 1027 655 1082 quamque
687 1012 1013 1084 cognitione
1047 1012 1268 1068 caeteris
1300 1016 1594 1084 praestent.
1654 1009 2016 1079 QuaprOpter

363 1103 574 1156 referta
606 1106 747 1156 sunt
778 1102 974 1157 omnia
1008 1103 1345 1158 hominibus
1391 1099 1815 1156 dissidentibus
1862 1096 2017 1151 inter

366 1206 428 1244 se
458 1191 847 1262 dogmataque
879 1190 1204 1262 pugnantia
1233 1191 1628 1245 tradentibus:
1660 1187 1877 1259 quippe
1911 1200 2016 1240 suo

367 1278 611 1350 quisque
645 1280 902 1351 dogmati
937 1282 1152 1336 tuendo
1195 1281 1495 1352 praefracte
1543 1277 1786 1342 insistit,
1843 1279 2019 1346 atque

366 1367 605 1422 alterius
631 1368 844 1438 placita
867 1373 1121 1424 evertere
1150 1374 1208 1423 et
1228 1369 1527 1423 confutare
1548 1365 2019 1422 accerrimacon-

366 1455 628 1511 tentione
653 1463 915 1513 conatur.
957 1459 1187 1513 Utinam
1219 1463 1412 1512 autem
1445 1456 1485 1511 ii
1540 1455 1639 1526 qui
1691 1453 2017 1510 doctrinam

369 1546 751 1615 apostolicam
785 1548 1145 1614 observasse,
1178 1551 1354 1618 atque
1377 1547 1448 1601 ab
1472 1544 1755 1618 apostolis
1781 1559 1882 1614 per
1903 1546 2020 1597 tra-

373 1634 655 1688 ditionem
704 1635 1000 1706 accepisse
1059 1653 1121 1690 se
1183 1635 1479 1707 Evangelii
1548 1633 2020 1706 praedicationem

376 1721 722 1792 gloriantur,
756 1725 1134 1780 ostenderent
1180 1741 1284 1795 per
1329 1740 1497 1780 suam
1545 1723 1699 1778 circa
1747 1724 2026 1794 dogmata

381 1811 752 1867 concordiam
785 1829 846 1868 se
878 1814 1054 1868 unius
1087 1813 1352 1870 Ecclesiae
1381 1813 1590 1869 Christi
1633 1816 1826 1885 partes
1874 1827 2022 1866 esse.
2057 1845 2105 1910 Β

455 1901 576 1955 173.
610 1901 725 1957 Nec
755 1919 887 1958 vero
919 1903 989 1959 ad
1023 1902 1329 1959 scientiam
1361 1901 1552 1959 solum
1586 1906 1644 1958 et
1685 1902 1757 1956 ad
1813 1899 2026 1956 doctri-

383 2003 542 2055 nam,
576 1991 676 2045 sed
709 1992 778 2046 ad
812 2008 988 2064 opera
1016 1992 1193 2048 etiam
1234 1992 1492 2049 extendit
1539 2008 1602 2048 se
1647 1991 1848 2047 istbaec
1896 2005 2026 2062 per-

381 2079 636 2134 turbatio
657 2097 677 2133 :
710 2081 1004 2152 siquidem
1036 2082 1173 2138 Sunt
1203 2084 1311 2139 via:
1337 2082 1587 2152 virique?
1610 2081 1866 2136 videntur
1913 2094 2026 2135 esse

380 2176 565 2222 rectae:
599 2171 897 2226 novissima
927 2177 1116 2227 tamen
1159 2187 1355 2226 earum
1400 2173 1642 2242 spectant
1682 2170 1740 2224 in
1787 2167 2024 2239 fundum

376 2257 594 2326 inferni
613 2259 688 2325 ‘7;
723 2263 800 2324 et,
832 2261 924 2314 Est
949 2261 1121 2328 iustus
1152 2262 1251 2333 qui
1276 2261 1424 2330 perit
1459 2262 1519 2315 in
1557 2259 1785 2331 justitia
1815 2275 1938 2328 sua,
1973 2260 2024 2312 et

373 2345 574 2416 impius
595 2349 692 2418 qui
720 2352 901 2404 manet
928 2351 988 2404 in
1029 2351 1258 2406 malitia
1286 2367 1387 2406 sua
1417 2351 1483 2404 ιε.
1513 2349 1765 2415 Etenim,
1799 2347 1847 2403 si
1879 2345 2019 2419 quid

369 2435 764 2504 contemplatu
797 2435 1034 2492 difﬁcile
1064 2441 1172 2504 est,
1205 2437 1278 2492 ad
1308 2437 1365 2492 id
1397 2453 1584 2509 genus
1618 2436 1868 2508 pertinet
1888 2451 2021 2490 vera

361 2520 614 2589 justitia.
649 2523 780 2578 Ideo
811 2529 869 2579 et
892 2524 1166 2581 Salomon
1201 2525 1400 2580 isthmc
1433 2531 1714 2595 tanquam
1758 2523 1911 2578 inter
1958 2539 2020 2578 se

369 2609 534 2680 paria
555 2627 620 2666 ac
650 2613 896 2683 aequalia
927 2614 1106 2668 simul
1140 2620 1468 2679 enumerat,
1505 2614 1593 2669 his
1624 2613 1817 2668 verbis
1845 2637 1857 2668 :
1884 2613 2017 2667 Ani-

369 2698 688 2756 madverte:
743 2705 794 2756 et
845 2702 1171 2772 parabolam
1226 2707 1277 2758 et
1347 2703 1636 2758 obscurum
1693 2717 2016 2770 sermonem,

371 2787 626 2861 dictaque
652 2793 1006 2862 sapientium,
1036 2796 1086 2848 et
1118 2795 1416 2864 aenigmata
1446 2794 1522 2848 ’σοι
1558 2793 1839 2863 intelligas
1849 2792 2018 2864 justi-

374 2879 508 2933 tiam
563 2896 770 2948 veram,
823 2890 875 2936 et
914 2882 1198 2952 judicium
1245 2883 1456 2953 dirigas
1501 2883 1564 2937 ⁸ο.
1614 2881 1776 2936 Multi
1841 2881 2022 2954 igitur

374 2967 586 3039 raptim
610 2974 667 3024 et
698 2970 1042 3026 festinanter
1063 2971 1686 3043 pronuntiantjudicia
1709 2972 2019 3026 mutationi

373 3057 662 3126 obnoxia;
699 3059 916 3131 quippe
966 3060 1064 3132 qui
1121 3067 1437 3133 antequam
1491 3078 1582 3117 res
1634 3066 1871 3133 pateant
1920 3077 2021 3131 per

370 3143 643 3202 idoneam
677 3147 1182 3204 ratiocinationem
1217 3149 1582 3220 multamque
1615 3149 2017 3219 investigatio-

370 3250 528 3301 nem,
559 3241 776 3292 temere
808 3254 873 3293 ac
905 3239 1084 3293 nimis
1117 3245 1444 3310 properato,
1479 3240 1735 3308 dogmati
1781 3239 2018 3293 cuilibet

368 3323 787 3378 assentiuntur.
825 3326 1018 3379 Potest
1050 3332 1243 3380 autem
1307 3327 1502 3381 nativa
1553 3327 1881 3382 dialectices
1929 3327 2015 3380 vis

369 3426 436 3466 ac
464 3410 732 3481 facultas,
767 3419 829 3469 ut
859 3416 1057 3486 Opinio
1090 3422 1198 3482 est,
1232 3417 1354 3472 haec
1386 3422 1683 3488 praestare,
1735 3417 2014 3472 nimirum

369 3499 644 3556 distincte
677 3517 872 3557 rerum
933 3509 1174 3558 naturas
1229 3505 1535 3562 dividere:
1588 3505 1898 3560 manifesta
1953 3523 2018 3561 ao

369 3587 546 3659 plana
575 3590 761 3645 facere
787 3607 912 3662 quae
939 3592 1204 3662 ejusdem
1228 3598 1367 3647 sunt
1387 3594 1648 3664 generis:
1688 3594 2019 3649 discernere

373 3693 502 3747 quas
534 3683 673 3734 sunt
701 3681 1010 3736 contraria.
1043 3682 1431 3744 Quamobrem
1463 3683 1562 3753 qui
1597 3683 1706 3737 sibi
1740 3688 1864 3738 erat
1888 3699 2022 3738 con-
2064 3756 2066 3758 ν

375 3765 534 3822 scius
567 3782 628 3822 se
658 3767 854 3822 divina
883 3768 992 3824 hac
1021 3768 1325 3824 dialectica
1358 3772 1668 3842 praeditum
1711 3788 1864 3839 esse,
1905 3774 2020 3827 aie-

376 3855 474 3909 bat
499 3871 513 3911 :
543 3856 852 3911 Iucundum
884 3859 957 3913 sit
986 3859 1094 3913 tibi
1117 3857 1398 3930 eloquium
1429 3875 1610 3915 meum
1633 3861 1700 3916 “.
1734 3859 1840 3925 Qui
1862 3860 2018 3916 enim

374 3944 529 4002 rixas
561 3951 618 4001 et
640 3947 839 4019 jurgia
878 3948 1132 4004 excitant
1187 3955 1360 4021 atque
1410 3950 1606 4005 animo
1654 3952 2022 4008 contentioso

372 4034 798 4105 aggrediuntur
819 4036 1282 4108 negotia,eorum
1299 4037 1882 4109 dialecticejucunda
1903 4056 2018 4094 non

371 4128 475 4190 est,
510 4124 610 4177 sed
641 4130 966 4196 exasperat.
1001 4128 1144 4180 Cum
1173 4132 1370 4180 autem
1423 4127 1544 4181 sint
1595 4128 1773 4181 trium
1822 4129 2022 4196 conju-

371 4210 659 4282 gationes,
691 4212 838 4267 lucis
870 4217 926 4268 et
956 4217 1352 4283 tenebrarum,
1388 4215 1522 4269 boni
1555 4220 1611 4270 et
1643 4215 1801 4285 mali,
1835 4215 2020 4270 amari

371 4305 429 4356 et
460 4301 672 4363 dulcis,
706 4301 904 4358 haecne
929 4319 1113 4357 unum
1149 4308 1288 4358 sunt
1321 4304 1602 4373 subjecto,
1637 4321 1707 4358 an
1743 4321 1776 4358 a
1814 4321 1876 4359 se
1927 4305 2021 4358 in-

369 4389 557 4443 vicem
589 4405 799 4462 genere
829 4391 1108 4446 dit‘ferunt
1135 4390 1157 4444 ?
1188 4391 1332 4446 Nam
1367 4409 1433 4445 ex
1459 4391 1849 4464 intelligentia
1880 4394 2019 4449 sim-

374 4475 612 4549 pliciore
641 4483 1004 4548 compertum
1038 4484 1126 4534 est
1155 4484 1212 4534 et
1241 4479 1629 4550 exploratum,
1663 4481 1861 4537 rol'erri
1894 4501 2018 4539 ma-

2119 555 2252 629 αὐτῇ
2305 559 2523 631 γνώμῃ,
2583 557 2711 612 ἀλλ’
2766 557 2842 621 είς
2891 558 2988 617 τὰς
3033 556 3424 621 ἐναντιωτάτας
3471 554 3777 633 διαφωνίας

2119 645 2570 720 ἀποσχιζόμενοι·
2607 647 2659 700 o't
2701 647 2795 720 μέν
2827 644 2916 702 διὰ
2960 644 3300 721 ἷδιωτισμὸν,
3336 646 3434 701 οὐκ
3481 645 3659 723 ὀλίγοι
3713 643 3778 700 δὲ

2118 735 2206 789 καὶ
2258 737 2310 789 οἱ
2356 733 2446 790 διὰ
2489 735 2782 812 φιλαρχίαν
2824 739 2937 810 (24)
2988 737 3077 792 καὶ
3127 734 3454 807 κενοδοξίαν,
3505 733 3776 790 ἐνεπιδεί-

2119 836 2340 888 κνυσθαι
2372 824 2619 888 θέλοντες
2641 831 2758 889 τοῖς
2785 825 3022 888 πολλοῖς
3063 827 3137 888 ὡς
3170 822 3272 902 ἄρα
3313 826 3412 880 εἶεν
3463 825 3645 900 σοφοὶ,
3679 825 3773 879 καὶ

2123 911 2256 988 ὑπὲρ
2277 912 2402 975 τοὺς
2435 911 2640 976 ἄλλους
2685 915 2784 983 τὴν
2829 920 3028 990 γνῶσιν
3081 913 3270 990 ἔχουσι
3467 916 3564 970 Διά
3605 917 3777 970 τοῦτο

2123 1003 2292 1056 πάντα
2342 1004 2669 1078 μαχομένων
2727 1001 3004 1074 ἀλλήλοις
3065 1003 3155 1059 καὶ
3208 1002 3776 1079 ἀντιδογματιζόντων

2123 1088 2504 1164 πεπλήρωται·
2557 1091 2780 1147 έκάστου
2836 1091 3162 1170 φιλονείκως
3214 1097 3292 1166 τῷ
3357 1091 3484 1166 ἲδίῳ
3541 1091 3785 1169 δόγματι

2126 1179 2547 1254 παρισταμένου,
2597 1182 2686 1236 καὶ
2735 1183 2871 1255 μετά
2923 1179 3218 1246 διατάσεως
3273 1180 3650 1261 σφοδροτάτης
3706 1182 3781 1237 τὰ

2125 1273 2222 1324 τοῦ
2281 1270 2462 1344 έτέρου
2519 1269 2836 1343 ἀνατρέπειν
2899 1271 2990 1326 καὶ
3059 1269 3366 1346 διελέγχειν
3426 1270 3780 1346 βιαζομένου.

2126 1355 2363 1432 Ὄφελον
2424 1355 2470 1412 δ’
2529 1359 2580 1413 οἱ
2637 1358 2931 1435 αὐχοῦντες
2987 1363 3100 1434 (26)
3154 1362 3254 1428 τήν
3287 1359 3663 1429 ἀποπολικὴν
3696 1357 3788 1414 δι-

2130 1444 2422 1502 δασκαλίαν
2449 1449 2820 1522 τετηρηκέναι,
2868 1450 2957 1503 καὶ
3007 1449 3142 1504 κατὰ
3189 1446 3458 1524 διαδοχὴν
3509 1449 3598 1502 ἀπ’
3639 1446 3787 1503 έκεῖ-

2128 1558 2234 1591 νων
2284 1536 2346 1592 τὸ
2395 1539 2656 1612 κήρυγμα
2701 1542 2797 1592 τοῦ
2841 1537 3178 1614 Εύαγγελίου
3227 1536 3641 1616 παρειληφέναι,
3691 1534 3790 1592 διὰ

2131 1632 2228 1695 τῆς
2261 1627 2384 1702 περί
2413 1631 2519 1681 τῶν
2554 1623 2840 1701 δογμάτων
2871 1627 3184 1703 ὁμοφωνίας
3212 1625 3502 1696 ἐδείκνυον,
3535 1625 3618 1681 ὅτι
3653 1631 3789 1699 μιᾶς

2133 1715 2234 1770 εἶσι
2271 1715 2406 1791 μέρη
2441 1719 2552 1789 (27)
2583 1723 2682 1786 τῆς
2711 1721 2944 1790 Χριστοῦ
2971 1715 3321 1786 Ἐκκλησίας.

2210 1898 2332 1954 173.
2364 1895 2478 1953 Οὐκ
2506 1895 2591 1951 ἰπὶ
2637 1897 2735 1965 τὴν
2769 1900 2966 1972 γνῶσιν
3023 1893 3081 1952 δὲ
3139 1894 3303 1969 μόνον
3353 1896 3538 1974 φθάνει
3575 1892 3712 1964 αῦτη
3747 1895 3786 1963 ἡ

2134 1987 2374 2060 ταραχὴ,
2408 1983 2552 2040 ἀλλὰ
2593 1987 2683 2041 καὶ
2733 1985 2819 2040 ἐπὶ
2866 1986 2962 2048 τὰς
3011 1985 3252 2062 πράξεις·
3287 1981 3436 2061 εἷ’περ
3479 1983 3630 2041 Εἰσὶν
3664 1981 3791 2038 ὁδοὶ

2135 2071 2330 2149 ἀνδρὸς
2389 2073 2645 2129 δοκοῦσαι
2704 2074 2856 2150 ὀρθαὶ
2916 2076 3066 2144 εἶναι,
3124 2075 3190 2130 τὰ
3243 2071 3300 2130 δὲ
3344 2071 3633 2130 τελευταῖα
3679 2073 3791 2128 αὖ·

2133 2168 2240 2218 τῶν
2473 2161 2662 2239 βλέπει
2721 2164 2796 2226 εἷς
2878 2165 3122 2234 πυθμένα
3207 2160 3360 2234 ᾆδουο
3433 2161 3568 2232 καί,
3629 2163 3789 2217 Ἐστι

2135 2251 2338 2314 δίκαιος
2397 2250 2784 2326 ἀπολλύμενος
2841 2251 2892 2306 έν
2953 2250 3148 2325 δικαίῳ
3203 2252 3390 2321 αὐτοῦ,
3440 2252 3527 2307 καὶ
3578 2246 3790 2320 ἀσεϐὴς

2137 2343 2308 2416 μένων
2341 2341 2394 2397 ἐν
2448 2341 2609 2413 κακίᾳ
2662 2341 2847 2398 αὐτοῦ.
2911 2340 2977 2396 Εἴ
3032 2343 3133 2418 γάρ
3185 2340 3237 2397 τί
3294 2340 3404 2396 ἐστι
3464 2338 3784 2416 δυσθεώρη-

2128 2453 2243 2503 τον,
2274 2431 2470 2486 τούτου
2515 2435 2612 2485 τοῦ
2659 2429 2846 2506 γένους
2892 2428 2952 2484 ἂν
2996 2429 3079 2502 εἴη
3131 2432 3217 2486 καὶ
3264 2433 3299 2500 ἡ
3328 2429 3540 2501 ἀληθής
3573 2427 3788 2485 δικαιο-

2132 2520 2286 2590 σύνη.
2335 2521 2427 2574 Διὸ
2469 2519 2619 2574 καὶὸ
2652 2516 2921 2592 Σολομὼν
2979 2520 3051 2580 ὡς
3104 2518 3348 2592 ὁμότιμα
3393 2523 3562 2574 ταῦτα
3601 2516 3788 2587 ἀλλή-

2131 2606 2250 2672 λοις
2301 2610 2639 2682 συναριθμεῖ,
2700 2605 2898 2684 λέγων·
2957 2606 3164 2678 Νοῆσαί
3215 2629 3274 2664 τε
3320 2602 3641 2684 παραϐολὰς
3689 2606 3786 2662 καὶ

2131 2699 2400 2753 σκοτεινὸν
2457 2696 2648 2771 λόγον,
2711 2697 2894 2773 ῥήσεις
2950 2718 3009 2752 τε
3058 2702 3239 2777 σοφῶν
3299 2699 3386 2752 καὶ
3447 2696 3784 2773 αῗνίγματαο

2128 2795 2319 2858 νοῆσαι
2399 2783 2748 2857 δικαιοσύνην
2833 2785 3016 2857 ἀληθῆ
3103 2787 3193 2842 καὶ
3275 2792 3447 2861 κρῖμα
3519 2783 3790 2851 κατευθύο

2129 2898 2258 2933 νειν.
2316 2875 2525 2932 Πολλοὶ
2575 2877 2667 2930 οὖν
2720 2876 2854 2930 κατᾶ
2913 2879 3261 2952 συναρπαγὴν
3311 2873 3790 2951 παρηλλαγμένας

2128 2967 2224 3028 τὰς
2254 2966 2454 3041 κρίσεις
2503 2964 2807 3042 ἐκφέρουσι.
2861 2963 2967 3039 πρὸ
3010 2965 3373 3039 καταλήψεως
3417 2972 3516 3034 τῆς
3562 2964 3612 3036 ἐξ
3659 2966 3788 3018 ἱκα-

2128 3060 2222 3110 νοῦ
2281 3053 2447 3131 λόγου
2512 3055 2601 3109 καὶ
2661 3053 2748 3108 ἐπὶ
2805 3052 2996 3109 πλεῖον
3063 3053 3440 3129 έρευνηθέντος
3497 3052 3788 3129 ἐγγινομέ-

2127 3166 2225 3214 νης
2287 3147 2399 3216 (‘29)
2437 3187 2449 3211 ,
2510 3138 2882 3206 ἀϐασανίστως
2936 3143 3074 3198 κατᾶ
3128 3145 3450 3217 προπέτειαν
3509 3142 3603 3204 τὰς
3658 3143 3784 3216 περὶ

2130 3233 2355 3288 ἑκάστου
2409 3231 2678 3308 δόγματος
2742 3233 3056 3309 ῥιπτοῦντες
3106 3233 3539 3308 συγκαταθέσεις.
3599 3232 3663 3288 ἹΙ
3725 3227 3790 3285 δὶ

2127 3330 2225 3391 τῆς
2291 3320 2638 3390 διαλεκτικῆς
2699 3321 2855 3396 φύσις
2919 3321 3155 3394 μάλιστα
3211 3322 3558 3376 πεπίστευται
3614 3323 3788 3374 ταῦτα

2125 3413 2385 3486 παρέχειν
2438 3409 2717 3475 δύνασθαιο
2771 3408 2998 3485 διαιρεῖν
3047 3414 3305 3487 εύκρινῶς
3352 3413 3448 3472 τὰς
3497 3415 3603 3465 τῶν
3637 3430 3785 3485 πρα-

2125 3499 2346 3576 γμάτων
2399 3499 2603 3578 φύσεις,
2658 3500 2746 3554 καὶ
2799 3500 2862 3554 τὰ
2917 3501 3151 3576 ὁμογενῆ
3207 3497 3660 3578 γνωρίζεινηκαί
3714 3498 3785 3553 τὰ

2129 3588 2338 3644 ἐναντία
2391 3586 2703 3662 διακρίνειν.
2755 3587 2950 3663 Διόπερ
2995 3587 3250 3643 συνειδὼς
3302 3590 3416 3662 (30)
3466 3589 3640 3659 ἑαυτῷ
3676 3588 3782 3656 τὴν

2131 3679 2271 3733 Θείαν
2325 3675 2672 3746 διαλεκτικὴν
2728 3673 2936 3752 ἔχοντι,
2997 3675 3153 3753 ἔλεγε
3209 3677 3293 3747 τὸ,
3354 3674 3637 3746 Ἥδυνθείη
3693 3697 3783 3731 σοι

2129 3771 2164 3840 ἡ
2199 3767 2428 3843 διαλογή
2483 3788 2605 3840 μου.
2662 3769 2724 3822 Ἡ
2768 3768 2872 3842 γὰρ
2911 3772 3018 3823 τῶν
3072 3767 3354 3845 ἐριστικῶν
3404 3766 3496 3822 καὶ
3537 3765 3784 3844 φιλονεί-

2129 3880 2238 3921 κως
2282 3852 2698 3919 ,έπιϐαινόντων
2773 3861 2889 3917 τοῖς
2944 3856 3223 3930 πράγμασι
3295 3853 3611 3924 διαλεκτικὴ
3673 3856 3790 3931 οὐχ

2129 3945 2307 4019 ἡδεῖα,
2340 3945 2483 4002 ἀλλά
2529 3944 3038 4020 παραπικραίνουσά
3086 3946 3171 4008 τίς
3215 3945 3350 4004 ἐστι.
3391 3949 3574 4022 Τριῶν
3610 3942 3669 4000 δε
3695 3966 3790 4000 συ-

2133 4041 2330 4110 ζυγιῶν
2381 4034 2576 4104 οὐσῶν,
2625 4034 2802 4112 φωτὸς
2849 4034 2938 4088 καὶ
2989 4035 3238 4107 σκότους,
3281 4038 3452 4090 κακοῦ
3498 4034 3589 4089 καὶ
3621 4054 3795 4103 πονη-

2133 4125 2250 4202 ροῦ,
2292 4128 2491 4199 πικροῦ
2534 4123 2623 4178 καὶ
2671 4122 2924 4200 γλυκέος,
2974 4124 3204 4200 πότερον
3252 4120 3306 4179 ἓν
3355 4122 3465 4179 ἐστι
3514 4129 3594 4195 τῷ
3649 4124 3794 4178 ὑπο-

2128 4213 2364 4288 κειμένῳ
2407 4217 2595 4280 ταῦτα,
2646 4212 2680 4281 ἢ
2740 4214 2875 4268 κατά
2931 4212 3087 4289 γένος
3149 4211 3415 4283 ἀλλήλων
3459 4209 3792 4282 ἀποδιέστη-

2128 4325 2216 4358 κεν
2265 4305 2413 4376 (31);
2442 4303 2532 4364 Ὠς
2583 4302 2678 4374 μὲν
2731 4300 2823 4356 οὖν
2872 4303 3008 4374 πρὸς
3055 4302 3118 4357 τὸ
3169 4299 3544 4377 ἁπλούστερον
3601 4301 3790 4379 σαιρὶς,

2131 4395 2214 4448 ὅτι
2244 4393 2305 4448 τὸ
2335 4393 2574 4465 πονηρὸν
2609 4391 2698 4445 ἐπὶ
2719 4398 2820 4460 τῆς
2851 4397 2960 4446 τῶν
2990 4393 3138 4461 ἠθῶν
3173 4391 3488 4468 μοχθηρίας
3517 4389 3793 4445 τέτακται’

2129 4483 2303 4538 καλὸν
2360 4479 2417 4536 δὲ
2459 4479 2733 4554 ὁρίζονται
2779 4480 2974 4556 ἀγαθὸν
3024 4480 3322 4537 ἐπαινετόν.
3357 4477 3551 4547 Πάλιν,
3601 4478 3799 4542 σκότος

376 4566 502 4620 lum
536 4565 608 4620 ad
641 4582 872 4621 morum
902 4567 1052 4624 505
1108 4568 1477 4639 pravitatem.
1536 4573 1754 4626 Bonum
1806 4577 2021 4646 autem,

2141 4574 2261 4646 μὲν,
2321 4570 2427 4644 ἀὴρ
2489 4568 2848 4644 ἐστερημένος
2908 4571 3108 4648 φωτός·
3169 4575 3286 4648 φῶς
3335 4566 3412 4639 δὶ,
3464 4566 3621 4624 οὐσία
3679 4571 3800 4642 (32)

380 4660 448 4712 ut
477 4655 769 4727 deﬁnitur,
803 4657 965 4713 estid
983 4659 1135 4730 quod
1161 4660 1692 4716 commendandum
1719 4667 1808 4718 est
1829 4667 1884 4720 et
1905 4663 2028 4722 lau-

2137 4660 2424 4729 διαλυτική
2487 4657 2741 4720 σπότούς.
2801 4657 2996 4729 Πάλιν,
3048 4659 3223 4734 γλυκὺ
3278 4657 3373 4732 μέν
3421 4658 3530 4713 im
3572 4655 3803 4729 λειότης

455 4773 500 4808 ⁴⁶
529 4777 553 4827 Ι
586 4773 715 4830 Cor.
749 4789 790 4844 1,
821 4773 906 4831 10.
983 4776 1027 4810 ⁴⁷
1059 4775 1224 4832 Prov.
1257 4793 1374 4844 xw,
1407 4778 1498 4833 25.
1574 4779 1618 4813 ⁴⁸
1651 4778 1834 4836 Eccle.
1867 4798 1967 4851 vn,
2003 4784 2021 4839 1

2166 4783 2212 4818 ⁸ο
2243 4781 2406 4836 Prov.
2441 4795 2480 4849 ι,
2515 4779 2571 4834 6.
2649 4777 2694 4816 ⁵ο
2722 4777 2868 4834 ibid.
2903 4781 2956 4844 3,
3032 4779 3077 4815 δι
3111 4777 3267 4834 Psal.
3301 4793 3424 4846 cm,
3461 4777 3552 4833 34.

455 4889 924 4973 (214)-It‘ece‘ntior
978 4891 1309 4973 Combelisii
1369 4895 1590 4973 codex,“
1627 4891 1715 4948 διὰ
1764 4897 2026 4973 φιλαργυτ

382 4957 524 5041 ρίαν,
550 4957 615 5041 et
643 4962 728 5017 ita
757 4961 970 5041 legisse
1015 4966 1321 5041 putandus
1343 5038 1352 5041 ’
1377 4972 1465 5041 est
1509 4957 1874 5040 'I‘ilmann'us,
1902 4957 2028 5041 'qui

378 5033 637 5111 verterit,
665 5033 1112 5111 per__aiiid_i'!ateni
1166 5038 1520 5111 cumulandae
1556 5041 1825 5111 pecuniae.
1862 5033 2029 5096 Ἐἆὶιὶ

383 5107 581 5187 tamen
613 5111 672 5187 et
701 5105 798 5187 alii
831 5109 1090 5187 quinque
1124 5126 1291 5187 mss,
1319 5105 1407 5187 8}?
1438 5105 1761 5187 φιλαρχίαν,
1788 5112 1852 5166 ob
1872 5115 2026 5183 prin-

381 5179 894 5253 cipatu-{studium
928 5179 1160 5235 rectius.
1196 5183 1358 5236 Haud
1380 5179 1548 5251 longe
1574 5179 2028 5253 quinque_mss.,

380 5245 1062 5313 ἐνεπιδείκνυσθαιξΕὼῐὶ
1121 5261 1177 5308 et
1225 5255 1361 5325 Reg.
1414 5245 1682 5325 quartus,
1735 5245 2032 5307 έπιδείκνυξ

381 5331 524 5384 σθαι,

455 5395 567 5465 (25)
599 5394 843 5470 Antiqui
871 5411 970 5450 sex
996 5394 1156 5470 libri,
1187 5397 1378 5470 γνῶσι-ν
1408 5391 1617 5470 ἔχουσι,
1652 5397 1775 5470 Yox
1818 5394 2029 5470 ἔχουσι.

385 5483 696 5538 operarum
744 5466 1058 5538 diligentia:
1106 5466 1510 5524 intercedera‘t.
1563 5468 1760 5524 Malim
1834 5466 2028 5526 tamen

384 5533 580 5620 ἕλωσι,
601 5554 793 5620 quam
824 5533 1034 5611 ἲῇουσι.

460 5611 568 5683 (26)
599 5609 692 5666 Sic
749 5609 892 5666 mss;
940 5609 1124 5666 nostri
1171 5627 1392 5669 omnes.
1443 5611 1617 5684 Editi,
1667 5612 1720 5666 ot
1769 5616 2035 5690 καυγοῦν-

384 5697 494 5744 τες·

2211 4897 2324 4967 (27)
2355 4899 2478 4951 Vox
2513 4890 2654 4964 μέλη
2687 4892 2798 4967 hoc
2830 4891 2954 4950 loco
2974 4893 3508 4967 magisarrideret_;
3532 4891 3632 4947 sed
3658 4907 3800 4967 cum

2139 4961 2402 5026 in'editis
2434 4961 2577 5022 etin
2611 4966 2833 5038 nostris
2858 4982 2957 5021 sex
2985 4961 3129 5021 mss.
3168 4965 3402 5038 legatur
3433 4961 3597 5036 μέρη,
3621 4963 3802 5034 quid-

2139 5058 2316 5114 quam
2351 5043 2579 5114 mutare
2601 5038 2776 5114 nefas
2807 5037 2838 5091 d
2852 5038 3104 5114 uiiimus.

2209 5113 2319 5184 ('28)
2351 5111 2525 5178 Editi,
2555 5106 2749 5178 αὐτῆς,
2808 5109 2979 5166 male.
3035 5114 3111 5164 At
3154 5125 3300 5164 mss.
3347 5105 3640 5172 nonnulli,
3702 5104 3801 5158 αύ-

2137 5201 2241 5236 των
2254 5227 2266 5239 .

2235 5258 2321 5327 29)
2353 5255 2588 5327 Veteres
2619 5251 2840 5327 aliquot
2872 5248 3430 5327 Ιὶὗτὶλέγγενομένης.

2235 5260 2321 5327 29)
2354 5260 2588 5309 Veteres
2619 5260 2840 5321 aliquot
2872 5260 3026 5318 libri,
3052 5260 3430 5325 εγγενομενης.

2211 5260 2324 5400 (30)
2355 5323 2585 5400 Editi,-6
2611 5319 2890 5382 συνειδώς.
2926 5327 2999 5378 At
3029 5323 3087 5378 in
3121 5325 3338 5379 nostris
3369 5338 3469 5378 sex
3500 5335 3646 5376 mss.
3705 5335 3804 5375 ar-

2138 5397 2355 5460 ticulus
2384 5397 2769 5452 desideratur.

2212 5471 2324 5545 (31)
2356 5475 2442 5545 ita
2474 5485 2615 5545 mss.
2649 5482 2874 5545 omnes:
2907 5465 3081 5532 Editi,
3116 5461 3417 5545 Situs-Qum:

2211 5528 2325 5613 (32)
2357 5539 2669 5666 Procopius
2699 5544 2764 5594 ut
2795 5537 2910 5593 alia
2938 5528 3252 5609 permulta,
3283 5528 3366 5592 ita
3397 5535 3517 5590 illa.
3569 5535 3689 5607 φῶς
3739 5528 3802 5585 δὲ

2211 5615 2316 5666 σία-
2348 5618 2482 5666 etc..
2507 5629 2539 5666 a
2600 5615 2834 5666 auctore
2849 5615 3051 5666 nostro
3073 5613 3382 5666 mutuatus
3404 5611 3511 5663 est.
3549 5606 3658 5661 Sed
3696 5621 3802 5660 ne-

2142 5606 2317 5686 οὐσία,
2348 5618 2482 5678 etc.,
2507 5606 2577 5686 ab
2600 5615 2834 5686 auctore
2849 5606 3051 5686 nostro
3073 5613 3382 5686 mutuatus
3399 5611 3520 5686 est._
3549 5606 3658 5686 Sed
3696 5621 3802 5686 ne-

2141 5689 2262 5750 scio
2289 5675 2584 5760 quomOdo
2602 5681 2867 5754 contigit,
2887 5685 2952 5740 ut
2973 5680 3219 5739 miriﬁce
3239 5681 3454 5742 fmdata
3472 5677 3595 5736 sint
3611 5675 3800 5734 verba
