4118 6220
279 390 374 454 409
1068 389 1473 452 COMMENT.
1519 391 1600 453 IN
1643 390 1919 453 ISAIAM
1960 391 2468 455 PROPHETAM.
2517 395 2690 454 CAP.
2738 394 2812 455 V.

3526 401 3647 462 ιιι)

275 524 432 598 χυμοῦ
458 519 491 589 ἢ
520 517 698 596 χυλοῦ
721 521 823 590 τὴν
849 520 1134 595 γευστικὴν
1163 518 1437 589 ἡδύνουσα
1485 520 1757 591 αἴσθησιν·
1791 543 1875 575 πι-

1995 523 2204 579 dahile.
2237 528 2461 580 Rursus
2490 543 2503 592 ;
2536 525 2784 581 tenebrae
2833 541 2931 582 aer
2979 531 3067 582 est
3098 527 3227 583 luce
3281 529 3579 599 privatus:
3615 549 3646 587 e

272 612 379 682 χρὸν
409 607 463 664 δὲ
516 609 623 664 ἐστι
681 609 902 685 γευστὸν
961 609 1292 685 ὲκτραχύνον
1340 611 1440 680 τὴν
1499 615 1702 686 γεῦσιν.
1737 609 1884 668 Κατὰ

272 700 351 772 μὲν
378 699 463 752 οὖν
492 700 590 768 τήν
649 699 1024 776 ἁπλουστέραν
1078 699 1294 768 νόησιν,
1319 703 1574 755 τοσοῦτον
1634 697 1884 770 διέστηκε

266 793 413 842 ταῦτα
455 787 742 858 ἀλλήλων.
773 788 866 850 Τίς
909 785 1000 842 06v
1062 787 1231 848 οὕτως
1283 783 1517 865 ἔκφρων,
1569 788 1642 851 ὡς
1693 786 1744 842 ἐν
1792 809 1884 842 νυ-

262 877 337 933 κτί
393 877 573 953 βαθείᾳ
627 875 824 945 ἑστὼς,
880 881 994 952 φῶς
1055 877 1342 951 ὀνομάζειν
1400 879 1462 932 τὸ
1521 877 1734 946 σκότος,
1792 876 1882 932 καὶ

263 967 661 1043 συγκεχυμένων
697 968 849 1039 αύτῷ
877 971 984 1022 τῶν
1032 967 1331 1040 ὀφθαλμῶν
1369 966 1420 1022 ἐν
1464 968 1544 1039 τῷ
1575 966 1776 1035 σκότει,
1807 966 1881 1028 ὡς

265 1057 357 1113 ὑπὸ
401 1057 574 1134 φωτὸς
622 1054 1118 1129 καταλαμπόμενυς
1162 1054 1502 1126 διακεῖσθαι;
1543 1056 1638 1118 Τίς
1700 1053 1756 1111 δὲ
1811 1059 1881 1129 τῇ

258 1148 415 1222 γεύσει
444 1149 546 1200 τῶν
583 1149 792 1220 πικρῶν
836 1145 1229 1221 ἀλγυνόμενος,
1265 1147 1338 1208 ὡς
1387 1145 1474 1201 ἐπὶ
1523 1147 1634 1220 (33)
1681 1143 1882 1221 γλυκύ-

259 1256 406 1304 τητος
435 1232 602 1307 ἡδονῇ
629 1231 894 1289 διάκειται
923 1262 937 1304 ;
969 1236 1045 1292 T6
1089 1232 1148 1290 δὲ
1203 1235 1458 1306 αἰσθητὸν
1515 1233 1720 1296 κάλλος
1776 1232 1881 1287 τίνι

256 1329 349 1378 τῶν
381 1323 697 1402 ὀφθαλμοὺς
727 1323 967 1400 ἐχόντων
1016 1322 1114 1378 οὐκ
1171 1321 1466 1400 εὔγνωστον
1496 1342 1508 1393 ;
1542 1325 1667 1380 Ὅτι
1721 1321 1770 1377 ἐν
1810 1326 1879 1396 τῇ

256 1415 378 1487 πρὸς
423 1411 647 1483 ἄλληλα
693 1417 800 1469 τῶν
856 1417 1031 1489 μερῶν
1079 1416 1190 1487 (34)
1236 1413 1542 1488 συμμετρίᾳ
1603 1411 1735 1486 μετὰ
1781 1413 1879 1480 τῆς

258 1501 669 1578 ἕπιφαινομένης
721 1503 980 1579 εύχροίας
1029 1501 1322 1576 αὐτομάτῳ
1372 1523 1478 1558 τινι
1535 1502 1626 1557 καὶ
1684 1499 1883 1579 φυσικῇ

257 1589 383 1665 ὁλκῇ
413 1596 850 1667 προσοικειοῦται
893 1591 1024 1654 τοὺς
1078 1591 1522 1668 ἐντυγχάνοντας
1555 1591 1644 1646 καὶ
1698 1592 1882 1664 μέντοι

254 1681 333 1734 καὶ
381 1682 441 1736 τὸ
497 1680 729 1757 αἰσχρὸν
781 1679 1002 1744 αὐτόθεν
1044 1684 1336 1755 ποιεῖ
1382 1682 1483 1750 τὴν
1532 1681 1879 1757 ἀποστροφὴν

254 1775 360 1831 τοῖς
388 1768 602 1844 ὁρῶσιν.

1997 613 2225 668 diverso
2258 613 2356 669 lux
2387 615 2724 670 substantia
2754 621 2862 685 est,
2896 633 3022 688 quae
3054 617 3320 673 dissolvit
3353 618 3640 674 tenebras.

1996 702 2212 758 Iterum
2246 703 2414 759 dulce
2472 704 2690 759 lmvitas
2721 710 2811 759 est
2863 705 3127 762 humoris
3173 710 3276 762 aut
3304 707 3487 774 succi,
3521 725 3647 780 qua:

1993 791 2274 847 exhilarat
2306 798 2516 865 gustus
2541 810 2776 848 sensum
2806 810 2818 847 :
2844 811 3109 850 amarum
3131 812 3262 852 vero
3291 802 3379 852 est
3405 797 3644 868 id-quod

1995 880 2133 935 dum
2165 883 2528 953 degustatur,
2587 887 2826 954 gustum
2872 889 3194 955 exasperat.
3256 887 3647 958 Itaquejuxta

1993 969 2406 1041 simpliciorem
2433 976 2490 1026 et
2515 971 2701 1044 magis
2719 972 2944 1028 obviam
2964 972 3414 1045 intelligentiam
3439 975 3645 1031 isthmc

1993 1059 2134 1114 adeo
2168 1059 2422 1115 multum
2484 1061 2634 1116 inter
2676 1077 2737 1117 se
2794 1061 3105 1118 dissident.
3165 1063 3305 1126 Quis
3352 1064 3534 1136 igitur
3565 1065 3648 1122 ita

1992 1148 2233 1204 demens
2265 1155 2372 1218 est,
2409 1155 2472 1204 ut
2502 1151 2557 1204 in
2605 1151 2893 1220 profunda
2923 1156 3090 1208 nocte
3139 1152 3522 1220 constitutus,
3556 1155 3646 1210 lu-

1993 1253 2113 1292 cem
2148 1242 2310 1292 vocet
2338 1239 2626 1303 tenebras,
2662 1244 2718 1294 et
2748 1240 2969 1295 interea
3012 1241 3149 1294 dum
3183 1242 3310 1311 ejus
3341 1242 3527 1297 oculis
3560 1247 3642 1296 te-

1994 1326 2183 1381 nebrze
2215 1327 2618 1392 offunduntur,
2652 1327 2727 1382 sit
2758 1328 2999 1397 perinde
3038 1329 3303 1394 affectus,
3336 1346 3401 1385 ac
3433 1329 3483 1385 si
3513 1328 3644 1386 luce

1990 1414 2428 1470 illustraretur?
2460 1415 2822 1480 Quisitidem
2855 1417 2926 1471 de
2949 1417 3028 1472 rei
3061 1417 3434 1472 amarulentae
3464 1423 3642 1491 gustu

1993 1503 2217 1571 dolens,
2254 1504 2332 1558 ita
2391 1503 2667 1570 afficitur,
2727 1505 2895 1575 quasi
2938 1521 3006 1560 ex
3062 1505 3370 1562 dulcedine
3414 1510 3647 1579 caperet

1990 1592 2343 1664 voluptatem
2369 1594 2396 1648 ?
2424 1593 2553 1649 Jam
2577 1610 2710 1649 vero
2739 1611 2773 1648 a
2794 1611 3051 1665 quonam
3075 1596 3176 1666 qui
3210 1595 3409 1652 oculos
3433 1596 3648 1653 habeat

1991 1682 2309 1738 internosci
2344 1682 2510 1738 facile
2538 1699 2651 1738 non
2685 1687 2878 1755 potest
2895 1684 3197 1740 sensibilis
3229 1683 3646 1757 pulchritudo?

1992 1771 2280 1828 Nimirum
2312 1771 2688 1844 pulchritudo
2721 1790 2821 1844 per
2856 1776 3126 1830 mutuam
3161 1775 3480 1846 quamdam
3513 1791 3645 1846 par-

258 1862 391 1916 tium
444 1861 888 1917 convenientem
945 1861 1098 1917 bono
1144 1860 1322 1918 colori
1371 1860 1647 1917 emicanti
1696 1860 2073 1931 conjunctam
2127 1860 2307 1918 illicio
2356 1862 2614 1934 quodam
2647 1862 2914 1920 ultroneo
2946 1867 3002 1919 et
3025 1862 3276 1919 naturali
3307 1863 3509 1919 obvios
3531 1861 3646 1919 sibi

255 1949 522 2017 conciliat,
555 1954 615 2004 et
644 1949 768 2005 vice
795 1965 965 2006 versa
993 1950 1335 2006 deformitas
1366 1954 1576 2022 suapte
1608 1954 1819 2005 natura
1851 1965 1990 2005 suos
2022 1967 2056 2007 a
2087 1966 2149 2004 se
2179 1954 2532 2022 spectatores
2564 1951 2792 2008 avertit.

319 2038 432 2094 474.
459 2034 619 2093 Ἀλλ’
648 2034 819 2092 ἔοικεν
856 2035 918 2092 ού
950 2036 1076 2112 περὶ
1131 2041 1238 2091 τῶν
1294 2037 1430 2092 κατά
1475 2038 1575 2106 τήν
1633 2034 1875 2106 αἴσθησιν

2061 2039 2181 2093 174.
2218 2039 2283 2093 Et
2314 2039 2551 2111 quidem
2584 2058 2699 2097 non
2731 2041 2960 2096 videtur
2984 2056 3112 2097 esse
3143 2057 3335 2097 sermo
3367 2041 3438 2097 de
3467 2040 3644 2098 rebus

253 2127 519 2202 γνωρίμων
552 2127 583 2182 6
615 2125 780 2202 λόγος
834 2125 989 2194 εἶναι,
1033 2123 1159 2180 ἀλλ’
1195 2124 1344 2200 εἴπερ
1399 2127 1460 2180 ἹΙ
1515 2123 1707 2195 ἐντολή
1770 2133 1880 2180 Κυ-

252 2213 357 2288 ρίου
407 2213 714 2290 τηλαυγὴς,
768 2216 1076 2293 φωτίζουςα
1125 2212 1468 2293 ὀφθαλμοὺς,
1528 2214 1617 2268 καὶ
1671 2212 1876 2290 λύχνος

247 2310 349 2360 τοῖς
398 2304 518 2358 ποσὶ
580 2309 680 2360 106
725 2302 936 2359 δικαίου
967 2306 996 2358 6
1029 2303 1194 2379 λόγος
1227 2304 1337 2358 ἐστὶ
1377 2308 1473 2358 106
1518 2308 1650 2360 Θεοῦ
1688 2307 1824 2378 (36),
1849 2306 1878 2359 6

252 2393 318 2465 μή
348 2396 473 2449 κατὰ
502 2395 701 2470 ἀρετ-ἠν
733 2397 860 2463 ζῶν,
886 2392 1034 2449 ἀλλὰ
1060 2398 1177 2454 τοῖς
1210 2390 1423 2456 ὑλικοῖς
1464 2393 1683 2458 πάθεσιν
1719 2392 1875 2468 ἐγκυ-

248 2482 502 2556 λιόμενος,
531 2483 698 2546 οὗτος
728 2481 788 2538 ἃν
825 2481 908 2553 εἴη
942 2483 970 2537 6
1001 2483 1091 2537 16v
1126 2483 1178 2538 ἰν
1211 2482 1370 2553 κακίᾳ
1423 2482 1538 2558 βίον
1588 2482 1766 2555 ὥσπερ
1821 2505 1874 2538 τι

251 2576 350 2644 φῶς
381 2571 918 2649 ὗπερασπαζόμενος,
949 2571 1040 2626 τὸν
1076 2569 1133 2626 δὲ
1163 2572 1298 2626 κατὰ
1342 2573 1442 2640 τήν
1500 2569 1727 2640 ἐντολὴν
1780 2577 1875 2626 106

247 2660 430 2735 Κυρίου
487 2663 610 2717 οἷόν
670 2681 723 2716 τι
778 2661 970 2722 σκότος
1027 2661 1518 2738 ἀποστρεφόμενος.
1570 2661 1667 2715 Καὶ
1726 2663 1754 2716 6
1811 2661 1877 2714 τὰ

245 2749 426 2825 γλυκέα
450 2755 527 2824 τῷ
558 2749 798 2828 λάρυγγι
827 2755 925 2806 106
957 2747 1170 2805 δικαίου
1203 2748 1362 2825 λόγια
1411 2753 1522 2823 (37)
1577 2755 1672 2806 106
1718 2755 1873 2818 Θεοῦ,

247 2839 362 2915 ὖπὶρ
395 2839 515 2914 μέλι
549 2836 688 2896 ὅντα
713 2843 783 2914 τῇ
833 2843 1006 2914 νοητῇ
1053 2839 1217 2894 αὐτοῦ
1267 2838 1466 2915 γεύσει,
1501 2837 1588 2894 διὰ
1636 2840 1698 2894 τὸ
1757 2838 1873 2894 ἐπί-

245 2947 390 2983 πονον
445 2935 552 2985 τῶν
617 2930 1051 3004 προσταγμάτων
1123 2928 1615 3005 ἀποστρεφόμενος,
1675 2949 1873 3001 συγκα-

245 3020 573 3091 τατιθέμενος
611 3016 669 3074 δὶ
696 3022 778 3090 τῷ
809 3016 942 3092 λείῳ
994 3025 1093 3088 τῆς
1125 3015 1353 3087 ἡδονῆς,
1387 3018 1542 3079 οὗτος
1597 3015 1658 3071 ἃν
1719 3016 1872 3092 λέγοι

243 3106 297 3160 16
346 3109 534 3178 πικρὸν
596 3110 709 3181 (38)
737 3105 932 3183 γλυκὺ,
966 3107 1056 3162 καὶ
1111 3107 1173 3161 τὸ
1230 3104 1404 3181 γλυκὺ
1461 3108 1682 3182 πικρόν.
1725 3106 1875 3162 Κατὰ

244 3193 393 3251 ταύτὰ
423 3194 488 3267 δὴ
518 3196 619 3252 καὶ
648 3196 772 3270 περῖ
801 3200 898 3250 τοῦ
927 3195 1099 3251 καλοῦ
1130 3192 1242 3249 ἔστι
1301 3192 1645 3264 διανοεῖσθαι,
1679 3197 1762 3251 ὅτι
1809 3195 1871 3252 τό

240 3282 494 3355 ἀληθινῶς
525 3283 700 3340 καλὸν
732 3285 795 3341 τὸ
827 3283 878 3340 ἂν
907 3288 977 3358 τῇ
1235 3283 1544 3360 σύμμετρόν
1602 3283 1713 3340 ἐστι
1755 3289 1874 3341 κατ’

241 3371 418 3444 ἀρετὴν
447 3373 791 3449 διακειμένῃ.
824 3373 1070 3443 Μεσότης
1126 3373 1228 3449 γὰρ
1283 3373 1374 3428 καί
1427 3375 1733 3474 συμμεξρία
1786 3396 1869 3437 τις
1905 3407 1946 3474 C

239 3462 472 3538 ἡάρετή·
504 3466 562 3519 αἱ
624 3461 686 3518 δὲ
741 3463 821 3542 ἐφ’
854 3462 1074 3537 ἑκάτερα
1128 3463 1225 3530 τήν
1287 3462 1480 3539 ἀρετὴν
1533 3458 1870 3518 ἐκϐαίνουσαι

240 3547 521 3625 ὑπερϐολαὶ
607 3553 702 3608 καὶ
788 3551 1085 3625 ἐλλείψεις,
1155 3551 1383 3625 ἀμετρία
1454 3555 1565 3625 (39)
1627 3552 1716 3606 καὶ
1792 3554 1872 3608 αἶ-

235 3645 558 3714 Ἶοςεοῖον,
618 3644 657 3711 ἡ
723 3643 816 3714 μὶν
877 3638 1096 3716 ἀνδρεία
1155 3641 1408 3714 μεσότης,
1473 3636 1753 3717 ὑπερϐολὴ
1816 3640 1873 3697 δὲ

233 3729 342 3803 περὶ
393 3731 598 3802 ταύτην
671 3729 960 3805 θρασύτης,
1016 3731 1102 3784 καὶ
1174 3723 1349 3784 ἔνδεια
1414 3729 1615 3799 ταύτης
1671 3727 1867 3788 δειλία.

230 3817 415 3876 Ούκοῦν
443 3818 662 3881 κάλλος
697 3819 791 3892 μὲν
821 3821 1030 3894 ψυχῆς,
1061 3818 1124 3873 τὸ
1151 3820 1268 3873 κατ’
1296 3819 1494 3893 ἀρετὴν
1532 3818 1866 3893 σύμμετρονο

230 3907 403 3984 αἶσχος
436 3907 514 3982 δὲ,
551 3911 610 3965 αἱ
645 3910 753 3964 ἀπὸ
802 3908 988 3971 κακίας
1026 3906 1361 3984 ἐγγινόμεναι
1413 3908 1688 3984 ἀμετρίαι.
1724 3909 1866 3966 Τού-

227 4017 338 4060 τους
360 3997 448 4054 οὗν
478 3997 762 4068 ταλανίζει
806 3998 834 4052 6
866 3996 1053 4072 λόγος,
1085 3996 1210 4060 τοὺς
1239 3998 1338 4067 τήν
1399 3998 1490 4071 μὶν
1550 3998 1736 4054 κακίαν
1791 3999 1868 4061 ὡς

228 4085 403 4159 ἀγαθὸν
464 4088 859 4163 αἱρουμένους,
915 4088 1015 4156 τήν
1072 4084 1129 4141 δὲ
1185 4086 1380 4162 ἀρετήν
1453 4087 1528 4149 ὡς
1603 4087 1867 4164 πονηρίαν

228 4174 639 4253 ἀποφεύγοντας.
675 4176 1006 4248 Ἐξεταστέον
1051 4173 1109 4230 δὲ
1165 4175 1254 4230 καὶ
1301 4177 1402 4246 τήν
1455 4175 1626 4231 αἰτίαν
1687 4174 1756 4232 δι’
1805 4179 1866 4247 ἣν

227 4263 303 4320 ἰπὶ
337 4269 427 4340 μὶν
475 4272 580 4323 τυῦ
611 4265 786 4322 καλοῦ
812 4267 897 4338 τὸ,
928 4266 1214 4340 Λάγον-τες,
1244 4263 1456 4341 εἴρηται
1479 4284 1490 4298 ·
1529 4264 1617 4321 ἐπὶ
1670 4263 1727 4321 δὲ
1768 4272 1864 4322 106

228 4356 407 4431 φωτὸς,
463 4356 558 4412 καὶ
634 4359 733 4411 106
807 4352 1038 4429 γλυκέος
1090 4353 1290 4422 οὐκέτι,
1351 4355 1639 4430 Λέγοντες,
1697 4355 1861 4427 ἀλλὰ,

225 4443 471 4509 Τιθὲντες.
530 4444 676 4504 Οὐαὶ
744 4445 845 4520 γὰρ
904 4443 956 4498 οἱ
1013 4441 1268 4518 λέγοντες
1323 4444 1385 4499 τὸ
1449 4443 1616 4499 καλὸν
1687 4465 1864 4514 πονη-

226 4531 338 4606 ρόν·
384 4533 498 4603 καὶ,
562 4532 709 4591 Οὐαὶ
764 4532 815 4586 οἱ
881 4531 1113 4597 τιθέντες
1168 4533 1231 4588 τὸ
1285 4533 1476 4596 σκότος
1537 4537 1652 4610 φῶς
1707 4536 1857 4607 (40)·

285 4687 325 4721 ⁸³
355 4687 502 4745 Psal.
539 4703 709 4757 xvm,
739 4687 794 4741 9.
871 4685 916 4721 ⁸⁸
948 4685 1103 4743 Psal.
1137 4702 1332 4755 cxvm,
1368 4686 1488 4742 105.
1567 4687 1612 4722 ⁵⁴
1642 4686 1786 4743 ibid.
1827 4689 1950 4748 103.

225 4856 487 4987 Procopii,
523 4879 660 4936 qua;
690 4863 801 4919 hoc
831 4863 1005 4919 modo
1035 4861 1312 4931 leguntur
1342 4877 1473 4935 pag.
1520 4863 1627 4918 83:
1662 4864 1775 4938 φῶς
1807 4857 1864 4914 8‘:

227 4928 364 4983 οὐσία
427 4935 695 4987 ιαγυτικῆ
756 4933 1003 4987 σκότους.
1064 4935 1285 4987 Vitium
1346 4951 1478 4987 cum
1511 4934 1864 4987 nersniceret

227 4928 364 5008 οὐσία
393 4928 703 5008 διαχῦτική
756 4933 1003 5008 σκότους.
1064 4928 1285 5008 Vitium
1342 4928 1868 5008 cum_perspiceret

225 4998 382 5077 homo
412 4998 847 5077 sagacissimus
879 5006 1201 5070 Curterius,
1236 5010 1369 5077 apte
1402 4998 1867 5077 quidem'emen-

227 5072 388 5143 davit,
417 5072 555 5134 cu'm
583 5078 648 5132 in
676 5079 940 5150 margine
971 5078 1226 5149 scripsit,
1251 5072 1589 5150 δἰασχιτική,
1621 5076 1872 5150 sed,0pi-

227 5160 336 5231 nor,
370 5165 484 5206 non
518 5166 677 5231 vere.
711 5149 964 5231 Dubium
999 5150 1155 5231 enim
1187 5167 1302 5231 non
1333 5149 1519 5231 habeo
1555 5149 1696 5231 quin
1730 5153 1868 5231 Pro-

227 5218 410 5288 copius
442 5230 505 5277 ut
539 5227 774 5287 caetera,
799 5223 878 5276 ita
898 5237 1095 5278 vocem
1128 5218 1414 5290 διαλυτική
1451 5222 1522 5276 ab
1553 5218 1869 5290 interprete

228 5287 408 5368 nostro
438 5294 1155 5368 sumpserit,_pariterque
1180 5287 1517 5368 scripserit:
1542 5295 1655 5368 φῶς
1676 5287 1746 5368 Δδὶ
1777 5289 1868 5345 ού-

229 5359 304 5415 σία
357 5359 656 5430 διαλυτικὴ
717 5359 961 5432 σκότους,
1019 5359 1119 5422 lux
1173 5359 1352 5421 autem
1407 5359 1720 5421 substantia
1765 5372 1870 5434 est,

229 5449 339 5505 quae
378 5439 647 5494 tenebras
677 5437 945 5494 dissolvit.

289 5506 396 5576 (33)
424 5508 634 5564 Nostri
669 5525 767 5565 sex
798 5526 964 5576 mss.,
1016 5507 1091 5571 ὡς
1120 5504 1228 5564 ἐπί.
1280 5507 1450 5574 Editi,
1485 5506 1559 5568 ὡς
1588 5503 1711 5560 ὑπό.
1743 5510 1872 5561 Mox

230 5573 388 5661 iidem
447 5581 690 5637 codices
745 5585 800 5636 et
856 5573 1121 5653 totidem,
1179 5577 1262 5634 ὅτι
1312 5577 1364 5634 ἂν
1407 5573 1498 5652 τῇ.
1553 5577 1869 5649 Εάὶῑί,ὃίν

231 5665 398 5797 τῃ(34)
427 5722 587 5781 Editi
618 5723 681 5779 et
705 5727 842 5796 Reg.
873 5723 1108 5796 tertius,
1138 5725 1246 5779 τῶν
1279 5720 1485 5798 μελῶν.
1511 5723 1579 5780 At
1609 5721 1873 5796 quinque

1990 2143 2120 2198 quas
2149 2143 2328 2184 sensu
2362 2129 2804 2200 percipiuntur:
2839 2131 2941 2186 sed
2989 2146 3124 2185 cum
3171 2131 3507 2203 Prazccptum
3539 2131 3643 2186 Do-

1989 2217 2135 2272 mini
2163 2217 2402 2272 lucidum
2434 2218 2533 2288 sit,
2592 2219 2922 2274 illuminans
2979 2219 3160 2275 oculos
3197 2219 3265 2290 ⁵³,
3298 2225 3356 2276 et
3413 2221 3643 2275 lucerna

1982 2307 2210 2377 pedibus
2235 2307 2380 2378 justi
2410 2308 2650 2364 verbum
2693 2307 2794 2363 Dei
2844 2308 2922 2364 sit
2942 2308 3004 2378 ⁵³,
3039 2309 3309 2380 quisquis
3353 2326 3468 2364 non
3499 2308 3643 2365 vivit

1985 2402 2042 2452 et
2069 2396 2302 2452 virtutis
2359 2397 2718 2469 praascripto,
2778 2398 2876 2451 sed
2936 2397 3181 2452 terrenis
3241 2402 3298 2452 et
3340 2399 3638 2470 corporeis

1983 2485 2280 2542 volutatur
2311 2486 2638 2552 affectibus,
2674 2485 2872 2557 utique
2921 2485 3018 2541 ille
3049 2486 3174 2558 ipse
3224 2487 3398 2543 fuerit
3423 2488 3523 2559 qui
3553 2489 3639 2544 vi-

1984 2578 2103 2630 tam
2137 2575 2489 2631 malitiosam
2525 2575 2699 2630 veluti
2728 2575 2914 2630 lucem
2949 2575 3206 2646 aliquam
3242 2576 3638 2648 amplectitur,

1983 2663 2159 2718 vitam
2219 2680 2350 2719 vero
2410 2665 2711 2735 prmceptis
2782 2663 3012 2718 Domini
3072 2670 3489 2736 congruentem
3549 2667 3635 2720 uti

1983 2752 2256 2808 tenebras
2278 2753 2563 2823 quasdam
2583 2758 2903 2808 aversatur.
2920 2757 2986 2807 Et
3007 2753 3107 2824 qui
3125 2754 3196 2808 ob
3221 2755 3631 2809 mandatorum

1984 2840 2363 2896 difficultates
2395 2841 2630 2912 eloquia
2685 2841 2784 2897 Dei
2847 2840 3086 2911 fastidit,
3149 2840 3282 2896 licet
3326 2841 3447 2896 sint
3482 2843 3633 2913 justi

1983 2930 2250 2986 faucibus
2280 2935 2338 2985 et
2367 2930 2658 3001 spirituali
2693 2931 2819 3001 ejus
2853 2931 3051 3001 gustui
3084 2931 3255 2986 melle
3285 2930 3546 2987 dulciora
3567 2933 3634 3003 ⁵⁸,

1983 3018 2034 3075 si
2063 3019 2418 3075 assentiatur
2445 3019 2758 3090 voluptatis
2788 3019 3012 3074 lenitati
3040 3038 3054 3089 ς
3101 3019 3199 3074 ille
3231 3020 3442 3076 dixerit
3471 3039 3631 3077 ama-

1983 3123 2114 3163 rum
2147 3107 2334 3174 dulce,
2368 3111 2426 3161 et
2469 3106 2638 3162 dulce
2693 3123 2983 3163 amarum.
3039 3112 3189 3164 Sane
3219 3109 3420 3164 eodem
3456 3109 3632 3165 etiam

1984 3197 2156 3252 modo
2184 3196 2556 3253 sentiendum
2597 3201 2686 3252 est
2715 3197 2787 3252 de
2835 3197 3006 3265 bono,
3045 3213 3177 3252 cum
3228 3197 3285 3251 id
3317 3199 3473 3269 quod
3504 3215 3636 3255 vere

1981 3289 2070 3342 est
2093 3286 2335 3350 bonum,
2356 3286 2434 3340 sit
2451 3287 2716 3358 quaedam
2739 3285 2799 3340 in
2820 3286 3015 3341 anima
3037 3304 3173 3357 erga
3191 3287 3462 3343 virtutem
3488 3290 3635 3344 bene

1983 3374 2190 3430 affecta
2221 3374 2628 3430 mediocritas:
2663 3377 2861 3430 Virtus
2895 3375 3050 3430 enim
3084 3375 3365 3446 quiddam
3398 3382 3488 3433 est
3517 3393 3637 3433 me-

1985 3464 2147 3519 dium
2179 3481 2246 3521 ac
2278 3464 2741 3520 mediocre.Cum
2773 3469 2966 3520 autem
2999 3481 3064 3520 ex
3095 3464 3378 3520 alterutra
3409 3471 3570 3537 parte
3601 3483 3636 3522 a

1982 3555 2193 3610 virtute
2223 3556 2572 3621 deflectitur,
2603 3556 2723 3612 sive
2756 3556 3104 3625 excedendo,
3140 3557 3258 3612 sive
3290 3557 3637 3626 deficiendo,

1981 3645 2168 3699 oritur
2191 3645 2619 3700 inconcinnitas
2642 3645 3120 3717 deformitasque.
3146 3646 3406 3718 Exempli
3431 3663 3635 3716 causa,

1980 3733 2258 3788 fortitudo
2293 3733 2664 3789 mediocritas
2696 3735 2964 3804 quaedam
2997 3741 3081 3789 est
3113 3751 3126 3788 :
3155 3736 3307 3804 quod
3341 3739 3538 3791 autem
3572 3736 3632 3791 in

1979 3839 2046 3878 ea
2079 3823 2388 3888 redundat,
2421 3823 2698 3888 audacia;
2735 3824 2889 3893 quod
2923 3828 3118 3878 autem
3153 3824 3313 3890 defit,
3347 3823 3632 3880 timiditas

1976 3916 2236 3967 vocatur.
2298 3912 2501 3981 Itaque
2557 3910 2767 3965 animas
2825 3910 3202 3979 pulchritudo
3255 3913 3631 3968 mediocritas

1979 4001 2245 4071 quaedam
2277 4004 2366 4055 est
2398 4000 2456 4055 in
2488 3999 2698 4054 virtute
2730 3999 2841 4054 sita
2867 4016 2878 4054 :
2914 3999 3144 4054 foeditas
3171 4016 3326 4067 vero,
3357 4016 3630 4056 excessus

1977 4094 2117 4146 sunt
2143 4088 2230 4145 vel
2253 4089 2564 4144 defectusa
2587 4087 2810 4143 malitia
2835 4092 3214 4158 emergentes.
3236 4089 3628 4152 Quamobrem

1976 4179 2278 4251 Scriptura
2307 4194 2406 4234 eos
2437 4177 2684 4232 miseros
2715 4176 3008 4248 praedicat,
3041 4177 3140 4247 qui
3187 4177 3474 4232 malitiam
3509 4175 3632 4233 vel-

1976 4270 2059 4325 uti
2093 4270 2312 4325 bonum
2346 4267 2592 4338 probant
2622 4282 2687 4321 ac
2710 4269 3144 4331 consectantur,
3178 4265 3452 4322 virtutem
3498 4282 3630 4324 vero

1975 4363 2258 4428 tanquam
2292 4354 2727 4427 improbitatem
2773 4352 3089 4411 declinant.
3122 4353 3407 4410 Caeterum
3436 4353 3631 4427 inqui-

1975 4449 2222 4502 rendum
2255 4445 2431 4501 etiam
2456 4449 2546 4500 est
2567 4461 2743 4516 quam
2776 4444 2847 4500 ob
2873 4461 3112 4500 causam
3137 4445 3208 4501 de
3231 4445 3381 4501 bono
3406 4445 3630 4502 dictum

1975 4536 2088 4593 sit:
2125 4536 2231 4604 Qui
2258 4535 2481 4597 dicitis;
2515 4535 2584 4589 de
2616 4533 2744 4590 luce
2773 4550 2906 4590 vero
2958 4537 3015 4589 et
3044 4535 3115 4590 de
3168 4533 3326 4590 dulci
3357 4551 3471 4591 non
3504 4551 3629 4592 am-

1976 4877 2146 4928 m88.,
2176 4863 2285 4914 τῶν
2326 4861 2525 4932 μερῶν.

2071 4935 2161 5000 35)
2192 4929 2430 5006 Veteres
2462 4948 2562 4987 sex
2590 4929 2746 5006 libri,
2779 4933 2946 5006 ποιεῖ.
2980 4932 3159 5002 Editi,
3191 4931 3429 5006 ἐμποιεῖ.

2072 5007 2159 5072 36)
2192 5004 2367 5069 Editi,
2392 5006 2489 5056 106
2519 5001 2735 5072 Κυρίου.
2770 5005 2842 5058 At
2887 5021 3029 5059 mss.
3065 5001 3290 5075 omnes,
3343 5009 3440 5060 106
3470 5008 3625 5061 Θεοῦ.

2048 5078 2161 5149 (37)
2195 5079 2282 5131 Ita
2313 5093 2453 5149 mss.
2489 5075 2690 5130 nostri.
2722 5077 2793 5149 At
2818 5075 2973 5149 pediti
3026 5077 3197 5148 paulo
3230 5078 3415 5147 aliter,
3448 5077 3548 5133 Kal
3583 5076 3626 5131 εἰ

1978 5143 2556 5226 γλυκέα...-τᾶι-λόγια.
2590 5148 2758 5226 _Hau_d
2817 5147 2985 5226 longe
3030 5143 3256 5226 ἐφιῇ-ὁ
3314 5143 3630 5226 συγκατατι-

1981 5217 2361 5294 Oéuevo:._Sed
2389 5217 2679 5294 articulus
2709 5219 2768 5274 in
2803 5217 2961 5294 nulli)
2992 5217 3189 5294 codice
3219 5217 3452 5294 legitur.

2052 5293 2161 5364 (38)
2193 5290 2319 5364 Illa,
2350 5289 2411 5364 τὸ
2440 5288 2656 5364 πικρόν,
2678 5292 3155 5364 etc.,edidimus
3190 5288 3403 5359 ita:utl
3435 5294 3495 5347 in
3529 5308 3624 5347 ve-

1978 5362 2203 5418 teribds
2236 5362 2399 5417 libris
2423 5362 2640 5434 scripta
2673 5363 3022 5419 invenimus.
3052 5369 3122 5419 At
3150 5364 3209 5420 in
3243 5366 3413 5421 editis
3441 5364 3625 5419 inver-

1979 5453 2044 5491 so
2075 5437 2277 5490 ordine
2307 5434 2596 5506 leguntur.

2051 5507 2163 5580 (39)
2198 5503 2608 5580 [fibri—aliquot
2640 5509 2883 5580 veteres,
2916 5503 3190 5580 ᾇμετρίαι.

2051 5575 2162 5647 (40)
2195 5579 2403 5632 Totum
2437 5575 2602 5642 illud,
2648 5575 2758 5647 καὶ,
2811 5575 3031 5632 O6aiol
3059 5575 3288 5640 τιθέντες
3341 5577 3404 5631 τὸ
3435 5577 3625 5638 σκότος

1981 5653 2125 5722 ῳῶς,
2155 5667 2225 5707 ex
2254 5651 2546 5708 veteribus
2578 5649 2840 5721 quinque
2867 5649 3032 5706 libris
3059 5651 3326 5706 additum
3355 5656 3463 5708 est.
