4118 6220
462 401 569 459 411
1408 402 1799 463 APPENDIX
1845 399 2172 463 Ol’ERUM
2214 399 2281 460 S.
2325 398 2614 460 B‘ASILII
2657 398 2930 459 MAGNI.
3755 400 3885 457 412

465 529 623 603 plius
654 529 776 585 haac
838 531 1034 602 verba,
1086 533 1191 600 Qui
1245 530 1451 598 dicitis,
1514 540 1796 604 usurpata
1846 531 1984 596 sint,
2018 530 2112 585 sed

2235 528 2349 597 καὶ,
2408 525 2546 583 Οὐαὶ
2606 527 2658 581 οἱ
2726 526 2958 589 τιθέντες
3013 526 3076 581 τὸ
3131 523 3304 601 γλυκὺ
3370 524 3587 601 πικρόν.
3647 527 3885 596 Μήποτε

464 620 687 691 ἱειιιωο,
734 621 841 689 Qui
892 623 1113 692 ponitis.
1182 622 1263 677 Vae
1323 621 1471 676 enim
1527 622 1624 692 qui
1678 622 1865 677 dicitis
1921 621 2112 675 bonum

2232 614 2322 670 οὖν
2353 616 2380 669 ὁ
2414 614 2578 692 λόγος
2636 612 2984 686 ἐνδείκνυται,
3019 615 3102 669 ὅτι
3160 615 3308 689 παρὰ
3361 612 3454 675 τὰς
3509 614 3729 689 πρώτας
3782 618 3883 669 τοῦ

464 710 711 772 malum;
742 719 823 779 et,
858 710 939 765 Va:
967 710 1062 781 qui
1105 711 1319 782 ponitis
1362 710 1620 766 tenebras
1669 711 1848 766 lucrm
1869 729 1892 774 ;
1921 713 1996 776 et,
2037 710 2125 765 Vae

464 799 565 871 qui
588 799 794 869 ponitis
844 798 998 853 dulce
1028 815 1310 855 amarum.
1358 802 1510 854 Num
1545 799 1726 869 igitur
1772 800 1926 856 506
1958 799 2125 853 docet

464 887 767 959 Scriptura
819 903 923 943 nos
957 887 1014 942 in
1077 887 1283 959 primis
1329 888 1458 943 vitae
1516 887 1806 944 institutis
1836 885 2122 959 eligendis

465 995 569 1050 per
596 977 782 1034 solam
827 978 1112 1035 rationem
1172 979 1232 1034 in
1264 996 1521 1036 errorem
1584 978 1773 1036 delabi
1804 996 1818 1036 :
1852 980 1949 1036 sed
1985 995 2118 1034 cum

462 1066 868 1124 devenerimus
896 1068 966 1123 ad
1000 1067 1128 1139 ipsa
1171 1083 1367 1138 opera,
1404 1085 1507 1123 nec
1558 1073 1753 1124 tamen
1786 1072 1918 1141 post
1948 1083 2120 1139 expe-

461 1155 732 1211 rientiam
767 1172 799 1211 a
827 1154 981 1211 malo
1005 1157 1442 1224 recesserimus,
1479 1163 1604 1212 tum
1637 1174 1745 1212 nos
1775 1155 1942 1213 nobis
1973 1154 2119 1228 ipsis

460 1243 623 1316 quasi
660 1245 946 1315 quasdam
980 1262 1222 1317 Operum
1258 1251 1442 1301 metas
1496 1246 1880 1318 praestituere,
1911 1262 1977 1301 ac
2009 1246 2118 1299 im-

412 1360 425 1371 ~
465 1336 624 1388 mota
656 1333 890 1389 malitias
946 1350 1123 1406 opera
1181 1334 1470 1391 reddere?
1520 1335 1800 1406 Quisquis
1857 1336 2012 1390 enim
2044 1333 2116 1389 ab

460 1422 973 1494 intemperantiam
997 1422 1412 1496 voluptateque
1433 1425 1501 1479 ad
1523 1424 1967 1495 temperantiam
1993 1439 2119 1478 sese

463 1528 576 1568 non
608 1513 915 1581 convertit,
976 1528 1245 1567 amarum
1295 1512 1408 1568 sibi
1469 1513 1637 1569 dulce
1678 1513 1860 1585 ponit.
1924 1516 1988 1568 Et
2018 1511 2118 1583 qui

459 1600 636 1655 vitam
670 1616 796 1671 qua:
830 1617 899 1656 ex
930 1600 1239 1674 Evangelio
1269 1600 1632 1657 instituenda
1662 1605 1771 1668 est,
1808 1601 1974 1673 fugit,
1998 1600 2116 1655 imo

464 1688 564 1760 qui
593 1687 912 1744 belluinam
943 1693 1001 1745 et
1025 1689 1269 1746 rationis
1300 1694 1594 1762 expertem
1615 1690 1791 1746 vitam
1818 1688 2118 1762 amplecti-

348 1818 353 1831 .
462 1781 580 1848 tur,
612 1777 723 1834 sibi
754 1777 918 1849 ponit
945 1778 1136 1835 lucem
1182 1779 1472 1836 tenebras.
1524 1779 1631 1845 Qui
1663 1783 1857 1836 autem
1890 1778 1984 1835 his
2014 1795 2116 1851 pa-

2235 703 2356 781 βίου
2388 705 2639 781 αἱρέσεις,
2673 701 2762 758 διὰ
2791 708 2886 758 τοῦ
2919 703 3086 779 λόγου
3136 702 3305 777 μόνου
3357 700 3737 781 σφαλλόμεθα,
3785 722 3879 778 γε-

2229 793 2451 865 νόμενοι
2501 789 2559 846 δὲ
2609 791 2661 847 ἰν
2708 797 2825 854 ταῖς
2871 791 3115 866 πράξεσι,
3148 791 3240 847 καὶ
3297 789 3436 864 μηδὶ
3470 792 3604 865 μετά
3635 794 3749 865 (44)
3776 793 3879 861 τὴν

2229 887 2418 956 πεῖραν
2477 880 2836 959 ἀφιστάμενοι
2889 885 2985 935 τοῦ
3041 886 3231 951 κακοῦ,
3264 883 3386 936 οἷον
3447 879 3609 957 ὅρους
3665 880 3885 945 ἑαυτοῖς

2227 975 2334 1026 τῶν
2395 969 2569 1047 ἔργων
2627 970 2906 1042 τιθὲμεθα,
2958 970 3187 1040 ἀκίνητα
3233 972 3469 1032 τιθεντες
3523 974 3625 1036 τῆς
3685 969 3882 1032 κακίας

2225 1063 2294 1116 τὰ
2324 1056 2492 1136 ἔργοις
2525 1060 2585 1116 Ὀ
2613 1060 2717 1136 γὰρ
2771 1059 2877 1114 ἀπὸ
2925 1057 3218 1121 ἀκολασίας
3270 1058 3359 1115 καὶ
3410 1056 3739 1135 φιληδονίας
3798 1060 3877 1134 μὴ

2233 1150 2642 1224 μετατιθὲἡενος
2666 1147 2744 1209 είς
2787 1148 3160 1227 σωφροσύνην,
3191 1148 3403 1219 τίθησιν
3455 1149 3630 1222 ἑαυτῷ
3676 1149 3743 1203 τὸ
3789 1171 3880 1204 πι-

2225 1239 2355 1314 κρὸν
2387 1238 2581 1313 γλυκύ.
2616 1237 2717 1294 Καὶ
2750 1238 2777 1292 ὁ
2809 1238 3023 1314 φεύγων
3056 1239 3148 1311 μὲν
3195 1238 3296 1306 τὴν
3343 1238 3481 1293 κατὰ
3525 1239 3587 1293 τὸ
3633 1238 3880 1314 Εὔαγγὲ-

2228 1325 2349 1383 λιον
2387 1328 2554 1396 ζωὴν,
2586 1327 2677 1381 τὸν
2726 1324 2781 1382 δὲ
2823 1324 3079 1398 κτηνώόη
3110 1326 3199 1381 καὶ
3249 1324 3454 1402 ἄλογον
3516 1325 3637 1404 βίον
3684 1326 3875 1404 αἱρού-

2231 1438 2412 1490 μενος,
2471 1417 2686 1487 τίθησιν
2767 1416 2943 1487 ἒαυτῷ
3002 1418 3065 1471 τὸ
3122 1420 3239 1494 φῶς
3297 1415 3510 1479 σκότος.
3568 1417 3631 1474 Ὀ
3689 1415 3879 1490 μεντοι

2228 1506 2548 1581 συνηγορῶν
2632 1504 2871 1575 τούτοις,
2927 1505 3015 1560 καὶ
3098 1503 3685 1582 ἒμπαῤῥησιαζόμενος
3755 1510 3880 1567 ταῖς

2227 1596 2453 1658 ἀτόποις
2509 1596 2784 1671 πράξεσιν,
2848 1595 3010 1657 οὗτός
3090 1594 3231 1650 ἐστιν
3281 1596 3310 1650 ὁ
3370 1594 3541 1670 λὲγων
3590 1595 3653 1650 τὸ
3704 1594 3877 1651 καλὸν

2226 1686 2489 1761 πονηρὸν,
2538 1684 2675 1739 κατᾶ
2724 1684 2818 1739 τὸν
2867 1683 3226 1757 Ἀπόστολον,
3263 1680 3608 1762 μεμφόμενον
3637 1689 3756 1746 τοῖς
3815 1683 3879 1739 οὗ

2230 1776 2391 1849 μόνον
2452 1778 2698 1829 ποιοῦσιν
2759 1773 2914 1843 αὐτὰ,
2969 1771 3115 1829 ἀλλὰ
3171 1774 3260 1828 καὶ
3318 1769 3698 1829 συνευδοκοῦσι
3754 1778 3878 1837 τοῖς

459 1865 806 1936 trocinatur,
842 1884 908 1923 ac
939 1869 1218 1925 audacter
1238 1869 1727 1942 impudenterque
1757 1869 2018 1940 loquitur
2046 1868 2112 1923 de

462 1953 675 1981 :nnn‘:-
709 1958 761 1981 ιιι
798 1955 1068 1981 -ι..----.ιε-
1101 1957 1428 1981 --ιξ-..ει.---
1472 1958 1565 1981 211-
1605 1962 1685 1981 --ι
1720 1958 1809 1981 ---2
1846 1957 1980 1981 Δε-ει
2013 1958 2082 1981 ι...

2228 1864 2542 1938 πράττουσι.
2575 1859 2855 1934 Τίθησιδὲ
2898 1861 2959 1916 τὸ
3018 1866 3131 1936 φῶς
3187 1863 3381 1927 σκότος
3438 1862 3467 1918 ὁ
3521 1862 3615 1918 τὸν
3670 1859 3879 1938 λύχνον

2225 1953 2393 1981 ,.ο-ι-
2452 1951 2554 1981 ,τι-λ
2612 1953 2704 1981 ->...
2763 1948 2951 1981 ..Ληη
3008 1949 3365 1981 Δ...Λ.(,......
3419 1955 3499 1981 -2.
3550 1949 3722 1981 ...ηιμ
3781 1952 3875 1981 .-.Α

462 1953 677 2026 ineptis
708 1958 765 2011 et
796 1955 1069 2013 absurdis
1099 1957 1570 2027 actionibus,ille
1598 1962 1689 2015 est
1716 1958 1811 2030 qui
1842 1957 1984 2014 dicit
2013 1958 2112 2014 bo.

2225 1953 2393 2015 τιθεὶς
2452 1951 2556 2006 ὑπὸ
2612 1953 2704 2006 τὸν
2763 1948 2976 2024 μόδιον,
3008 1949 3365 2021 ἣκαλύπτων
3419 1955 3501 2025 τῷ
3549 1949 3747 2021 σκεύει,
3781 1952 3875 2007 καὶ

463 2059 600 2098 num
636 2043 1060 2116 malum,juxta
1092 2046 1459 2118 Apostolum,
1493 2047 1591 2119 qui
1616 2064 1728 2102 non
1758 2045 1891 2102 illos
1922 2044 2112 2102 solum

2229 2043 2305 2117 μὴ
2341 2040 2509 2106 τιθεὶς
2538 2040 2701 2095 αὐτὸν
2730 2038 2817 2095 ἐπὶ
2847 2041 2946 2109 τὴν
2993 2037 3237 2116 λυχνίαν.
3269 2040 3349 2098 Τὸ
3401 2040 3494 2115 μὶν
3545 2038 3661 2113 οὖν,
3695 2038 3871 2116 λέγειν

462 2130 859 2204 reprehendit,
921 2134 1017 2205 qui
1076 2135 1199 2192 haec
1248 2135 1490 2206 faciunt,
1524 2137 1624 2193 sed
1681 2151 1779 2192 eos
1808 2135 1984 2191 etiam
2017 2134 2112 2207 qui

2225 2132 2285 2187 τὸ
2316 2129 2480 2187 καλὸν
2514 2130 2775 2205 πονηρὸν,
2809 2128 2896 2184 ἐπὶ
2939 2134 3038 2185 τοῦ
3086 2127 3428 2206 δογματίζειν
3475 2129 3870 2207 παρείληπται·

466 2220 802 2277 assentiunt
862 2223 1208 2280 facientibus
1242 2225 1306 2282 ⁸⁸.
1369 2225 1593 2281 Rursus
1624 2225 1675 2281 is
1732 2224 1897 2297 ponit
1924 2222 2112 2279 lucem

2225 2219 2284 2277 τὸ
2344 2217 2659 2290 δὶ,τιοὲναι
2717 2223 2832 2297 φῶς
2884 2218 3078 2282 σκότος
3137 2221 3273 2294 (42),
3307 2218 3394 2275 ἐπὶ
3452 2223 3555 2275 τοῦ
3613 2215 3704 2275 διὰ
3757 2223 3872 2274 τῶν

463 2309 757 2380 tenebras,
791 2311 890 2383 qui
922 2311 1224 2369 lucernam
1257 2314 1419 2387 ponit
1450 2314 1655 2370 subter
1697 2313 1983 2383 modium,
2016 2315 2112 2368 aut

2226 2309 2466 2383 πράξεων
2500 2306 2748 2380 ἐθισμοῦ.

460 2396 718 2454 occultat
747 2416 882 2456 vase
912 2402 1189 2472 quodam,
1223 2419 1329 2459 nec
1359 2419 1489 2458 eam
1522 2403 1689 2475 ponit
1718 2418 1896 2475 super
1954 2399 2369 2457 candelabrum
2393 2399 2455 2450 ⁸⁸.
2519 2397 2906 2462 Quamobrem
2964 2398 3141 2454 verba
3177 2397 3281 2454 illa
3308 2397 3494 2455 dicere
3523 2398 3724 2455 bonum
3752 2415 3878 2455 ma-

470 2485 602 2555 lum,
638 2493 922 2560 usurpata
979 2495 1117 2545 sunt
1173 2491 1243 2546 ad
1303 2490 1667 2565 designanda
1719 2490 2038 2564 dogmata:
2098 2489 2221 2545 haec
2273 2504 2426 2555 vero,
2482 2502 2684 2559 ponere
2715 2486 2891 2541 lucem
2945 2487 3216 2556 tenebras,
3249 2486 3735 2543 consuetudinem
3768 2504 3876 2560 per

466 2578 634 2629 actus
667 2575 1019 2646 acquisitam
1054 2577 1408 2651 signiﬁcant.

538 2661 660 2718 175.
679 2661 854 2719 Vens.
869 2666 933 2720 21
946 2706 959 2720 .
989 2670 1085 2723 Vae
1096 2669 1199 2737 qui
1210 2668 1575 2739 intelligente:
1590 2669 1717 2723 estis
1730 2670 1789 2723 in
1808 2666 2112 2724 vobisme-li-

2297 2665 2421 2721 475.
2484 2661 2621 2720 Οὐαὶ
2679 2662 2731 2718 οἱ
2788 2661 2998 2717 συνετοὶ
3056 2660 3107 2718 ἐν
3167 2663 3401 2733 ἑαυτοῖς,
3459 2661 3550 2717 καὶ
3635 2661 3873 2717 ἐνώπιον

456 2765 595 2821 pm,
626 2758 678 2807 et
695 2767 879 2808 coram
902 2754 1054 2810 vobis
1073 2756 1206 2827 ipsis
1228 2758 1480 2813 scientes.
1505 2757 1658 2813 Sane
1676 2774 1790 2813 non
1815 2756 1897 2811 illi
1920 2755 2110 2811 solum

2225 2752 2423 2807 ἑαυτῶν
2485 2754 2598 2825 (43)
2658 2751 3036 2825 ἐπιστήμονες.
3094 2753 3355 2807 ’Ἄπτεται
3429 2748 3488 2806 δὶ
3555 2754 3723 2806 ταῦτα
3806 2750 3872 2806 οὗ

460 2838 552 2895 his
584 2840 775 2897 verbis
805 2849 1206 2916 coarguuntur
1228 2846 1327 2917 qui
1354 2847 1659 2902 offendunt
1677 2846 1736 2902 in
1761 2844 2109 2914 actionibus,

2225 2840 2389 2915 μόνον
2421 2846 2529 2896 τῶν
2560 2842 2696 2897 κατᾶ
2724 2841 2942 2917 πράξεις
2972 2837 3387 2919 σφαλλομὲνων,
3420 2836 3568 2896 ἀλλὰ
3612 2841 3701 2896 καὶ
3754 2844 3869 2895 τῶν

459 2928 561 2983 sed
595 2930 770 2986 etiam
802 2930 863 3000 ii,
926 2932 1024 3004 qui
1083 2933 1139 2989 in
1198 2934 1605 2991 incredulitate
1662 2940 1719 2991 et
1750 2935 2110 3007 ignoratione

2225 2931 2271 2985 ὲν
2304 2929 2543 3003 ἀπιστίᾳ,
2585 2927 2674 2984 καί
2703 2932 2771 3003 τῇ
2800 2930 3042 3003 ἀγνωσία
3082 2932 3150 3003 τῇ
3181 2929 3258 2992 εἷς
3314 2929 3406 2984 τὸν
3454 2928 3651 3003 Κύριον
3700 2931 3869 3002 ἡμῶν

460 3015 693 3073 Domini
725 3020 908 3075 nostri
958 3020 1098 3077 Jcsu
1151 3022 1362 3079 Christi
1423 3024 1780 3080 detinentur.
1814 3023 1917 3087 Qui
1951 3022 2109 3078 enim

2225 3020 2430 3089 Ἰησοῦν
2491 3019 2723 3094 Χριστὸν
2774 3018 3180 3094 κατεχομένων,
3211 3018 3275 3075 Ὁ
3301 3017 3404 3095 γὰρ
3458 3018 3534 3091 μὴ
3592 3016 3867 3072 πιστεύων

461 3121 575 3159 non
607 3107 792 3162 credit
820 3126 968 3165 verze
1026 3109 1163 3179 luci,
1198 3113 1242 3147 ⁵⁷
1288 3114 1389 3168 sed
1447 3130 1509 3169 se
1539 3112 1862 3185 ipse‘jl'acit
1889 3111 2107 3168 diaboli

2225 3106 2294 3169 εἰς
2323 3108 2386 3163 τὸ
2418 3112 2533 3186 φῶς
2564 3108 2626 3162 τὸ
2657 3105 2941 3177 ἀληθινὸν,
2974 3104 3121 3162 ἀλλὰ
3150 3110 3318 3162 ποιῶν
3360 3106 3545 3162 ἑαυτὸν
3590 3106 3706 3161 υἱὸν
3760 3111 3869 3161 τοῦ

461 3190 646 3249 {ilium
698 3196 763 3266 ⁸⁸,
819 3197 866 3252 is
920 3202 1085 3254 vocat
1139 3200 1327 3257 lucem
1388 3203 1675 3273 tenebras,
1735 3206 1791 3257 et
1836 3201 2107 3257 tenebras

2225 3192 2501 3267 διαϐόλου,
2538 3197 2694 3259 οὗτος
2729 3194 2878 3272 λέγει
2907 3195 2970 3251 τὸ
3015 3200 3128 3274 φῶς
3175 3194 3386 3267 σκότος,
3416 3196 3507 3251 καὶ
3555 3196 3618 3250 τὸ
3668 3194 3871 3258 σκότος

461 3277 673 3375 lucem.
708 3283 1211 3347 Quemadmodum
1268 3290 1449 3361 igitur
1496 3290 1596 3346 lux
1627 3290 1900 3346 dominus
1931 3294 2021 3347 est
2039 3290 2103 3357 δ’,

2225 3290 2353 3364 φῶς.
2387 3287 2593 3361 Ὥσπερ
2625 3282 2718 3339 οὖν
2750 3289 2862 3361 φῶς
2894 3285 3035 3340 ἑστιν
3078 3286 3106 3340 ὁ
3155 3283 3372 3359 Κύριος,
3405 3284 3548 3339 οὕτω
3589 3284 3681 3339 καὶ
3728 3283 3872 3359 γλυ-

460 3367 541 3425 ita
572 3376 629 3425 et
678 3372 922 3429 dulcedo
975 3379 1065 3430 est
1094 3376 1167 3433 iis
1223 3378 1322 3449 qui
1357 3378 1547 3451 ipsum
1607 3378 1851 3435 solerter
1877 3383 1933 3435 et
1964 3379 2108 3435 scite

2225 3374 2385 3444 κύτης
2443 3374 2555 3429 ἐστὶ
2611 3380 2728 3436 τοῖς
2791 3373 3174 3448 ἓπιστημόνως
3254 3373 3419 3429 αὐτοῦ
3489 3372 3811 3451 γευομινοις
3851 3392 3867 3406 ο

459 3459 829 3530 degustant:
886 3479 1019 3519 cum
1068 3464 1214 3537 ipsis
1272 3466 1509 3524 delicias
1562 3484 1770 3524 suaves
1827 3486 1892 3525 ac
1948 3468 2109 3525 omni

2225 3460 2404 3532 ἡδεῖαν
2437 3462 2693 3538 παρίχων
2739 3462 2831 3517 καὶ
2879 3464 3059 3535 πάσης
3103 3459 3377 3537 θυμηδίας
3426 3462 3700 3540 γέμουσαν
3762 3463 3870 3531 τήν

458 3546 641 3602 animi
666 3549 1041 3620 jucunditate
1074 3554 1313 3612 refertas
1356 3557 1629 3627 praebeat.
1693 3557 1879 3622 Quare
1911 3556 2008 3629 qui
2041 3573 2108 3613 eo

458 3636 791 3709 degustato,
824 3645 1097 3712 expertus
1122 3645 1247 3714 jam
1279 3649 1367 3701 est
1419 3645 1826 3702 dulcissimam
1871 3646 2021 3702 hanc
2051 3650 2109 3701 et

459 3726 875 3785 suavissimam
908 3730 1374 3801 delectationem,
1398 3734 1538 3791 dicit
1565 3752 1576 3791 :
1604 3736 1820 3792 Gustate
1847 3740 1896 3792 et
1928 3734 2111 3792 Videte

456 3815 720 3887 quoniam
749 3820 936 3874 suavi:
964 3828 1042 3876 est
1078 3822 1343 3880 Dominus
1363 3824 1425 3878 ⁸ο.
1462 3824 1660 3894 Itaque
1707 3826 1808 3896 qui
1837 3842 1951 3881 non
1985 3840 2110 3881 cre-

458 3902 544 3959 dit
573 3903 634 3961 in
669 3906 978 3964 Dominum
1011 3908 1235 3980 Jesum,
1268 3911 1408 3967 dicit
1438 3912 1606 3969 dulce
1635 3930 1923 3970 amarum.
1958 3918 2107 3971 Rur-

458 4009 585 4064 sus,
617 3994 718 4066 qui
752 4013 864 4053 non
923 3999 1111 4055 credit
1160 3999 1218 4056 in
1278 4001 1618 4072 Dominum,
1648 4003 1695 4059 is
1752 4021 1942 4076 neque
1972 4020 2108 4059 cum

455 4098 604 4139 verae
628 4083 1082 4156 pulchritudinis
1114 4094 1324 4146 natura
1346 4092 1656 4160 consentit,
1682 4109 1865 4164 neque
1894 4093 2109 4149 admit-

455 4170 528 4228 tit
559 4171 747 4245 ipsius
800 4178 1380 4250 contemplationem.
1440 4180 1584 4236 Nam
1618 4198 1685 4236 ea
1744 4198 1869 4253 qva:
1899 4182 2112 4238 divinm

458 4264 682 4317 natura
714 4264 952 4337 propria
999 4271 1089 4323 est
1142 4267 1520 4340 pulchritudo
1560 4285 1676 4324 non
1711 4269 1767 4324 in
1827 4269 2111 4326 concinna

462 4348 860 4407 membrorum
918 4353 1311 4425 proportione,
1347 4373 1448 4413 nec
1504 4356 1564 4411 in
1594 4356 1806 4414 eximio
1835 4357 2110 4430 quopiam

459 4435 672 4503 colore,
705 4439 806 4510 qui
837 4439 897 4496 in
955 4457 1195 4515 corpore
1247 4445 1615 4503 efﬂorescens
1673 4450 1827 4503 creet
1855 4445 2108 4505 oblecta-

459 4529 750 4595 mentum,
809 4530 910 4585 sed
968 4530 1029 4586 in
1084 4530 1211 4588 sola
1265 4537 1461 4590 mente
1492 4534 1745 4592 maxime
1789 4540 2112 4610 expurgata

460 4612 846 4687 dignoscitur,
875 4617 1047 4689 juxta
1068 4619 1386 4693 psalmum,
1419 4622 1708 4680 dicentem
1737 4624 1961 4696 ;Specie
1988 4629 2106 4696 tua,

457 4708 508 4759 et
531 4701 949 4775 pulchritudine
979 4717 1073 4764 tua
1093 4708 1157 4765 ⁸¹.
1192 4709 1471 4783 Quisquis
1530 4711 1710 4786 igitur
1765 4713 1891 4771 suis
1921 4714 2109 4788 ipsius

457 4790 645 4849 oculis
675 4793 901 4851 decoris
933 4795 1113 4853 divini
1170 4798 1427 4872 fulgores
1481 4801 1720 4859 minime
1749 4803 1982 4875 excipit,
2013 4803 2109 4860 hic

455 4878 601 4937 dicit
630 4881 849 4939 bonum
878 4884 1123 4943 malum.
1154 4890 1274 4944 Hoc
1301 4894 1492 4946 autem
1515 4896 1726 4964 negato
1752 4892 2105 4965 rejectoque,

454 4970 744 5027 contrario
774 4973 981 5047 utique
1002 4975 1602 5049 assentitur.Etenim,
1620 4980 1672 5037 si
1701 4981 1987 5039 Dominus
2007 4981 2110 5039 lux

2138 4673 2187 4739 D

2217 3549 2539 3606 ἀπόλαυσιν.
2574 3553 2673 3606 Διὰ
2726 3555 2888 3607 τοῦτο
2945 3553 2974 3607 ὁ
3031 3554 3359 3629 γευσάμενος
3416 3551 3605 3625 αὐτοῦ,
3658 3552 3753 3607 καὶ
3809 3551 3872 3606 ἓν

2216 3641 2377 3716 πείρᾳ
2421 3639 2714 3717 γενόμενος
2768 3647 2868 3711 τῆς
2939 3637 3167 3712 ἡδίστης
3222 3642 3312 3696 καὶ
3364 3644 3674 3716 προσηνοῦς
3728 3639 3873 3695 ἀπο-

2218 3729 2483 3803 λαύσεως,
2545 3728 2735 3806 λέγει·
2797 3728 3081 3802 Γεύσασθε,
3133 3732 3225 3785 καὶ
3285 3726 3425 3786 ἴδετε
3477 3729 3560 3785 ὅτι
3618 3730 3875 3806 χρηστὸς

2218 3822 2246 3876 ὁ
2280 3820 2500 3898 Κύριος.
2532 3822 2593 3878 Ὁ
2634 3819 2815 3876 τοίνυν
2855 3829 2931 3894 μή
2963 3821 3228 3876 πιστεύων
3263 3820 3339 3883 είς
3383 3821 3473 3876 τὸν
3518 3820 3716 3896 Κύριον
3746 3823 3872 3891 Ἰη-

2217 3916 2343 3967 σοῦν
2373 3911 2518 3988 λέγει
2549 3912 2611 3966 τὸ
2641 3908 2816 3987 γλυκὺ
2864 3909 3080 3986 πικρόν.
3110 3912 3172 3968 Ὀ
3223 3907 3281 3965 δὲ
3333 3912 3410 3983 μὴ
3465 3910 3732 3965 πιστεύων
3782 3908 3874 3972 εἲς

2214 4000 2307 4056 τὸν
2332 4000 2554 4077 Κύριον,
2587 3997 2715 4055 οὐδὲ
2742 4002 2811 4074 τῇ
2850 4003 2946 4054 τοῦ
2977 4001 3091 4073 (41)
3123 4000 3387 4069 ἀληθινοῦ
3410 3996 3654 4062 κάλλους
3683 3999 3872 4053 συντί-

2218 4090 2364 4145 θεται
2417 4087 2593 4164 φύσει,
2646 4084 2771 4143 οὐδὲ
2825 4085 3183 4163 καταδέχεται
3231 4088 3329 4156 τὴν
3389 4086 3619 4165 θεωρίαν
3674 4087 3872 4146 αὐτοῦ.

2217 4176 2289 4232 Ού
2318 4178 2418 4253 γὰρ
2450 4177 2503 4232 ἒν
2533 4181 2602 4252 τῇ
2635 4176 2968 4250 εὐαρμοστίᾳ
2993 4181 3101 4232 τῶν
3137 4174 3345 4250 μελῶν,
3379 4174 3505 4232 οὐδὲ
3532 4177 3584 4231 ἓν
3636 4175 3876 4252 εὒχροίᾳ

2215 4265 2320 4323 τινὶ
2376 4270 2445 4341 τῇ
2504 4264 2808 4341 ἒπανθούσῃ
2847 4270 2929 4339 τῷ
2983 4268 3218 4340 σώματι,
3251 4266 3315 4321 τὸ
3371 4266 3598 4343 τερπνὸν
3653 4259 3874 4341 ἔχοντι·

2217 4353 2364 4411 ἀλλά
2394 4356 2533 4431 μόνῃ
2563 4353 2633 4430 τῇ
2688 4351 2898 4426 διανοίᾳ
2946 4358 3016 4430 τῇ
3058 4356 3177 4421 καθ’
3225 4350 3538 4432 ὑπερϐολὴν
3596 4366 3878 4431 κεκαθαρ-

2222 4444 2356 4521 μὲνῃ
2385 4444 2449 4500 τὸ
2492 4444 2694 4519 κυρίως
2733 4443 2901 4500 καλὸν
2955 4445 3008 4499 ὲν
3052 4445 3124 4516 τῇ
3179 4444 3295 4517 θείᾳ
3352 4445 3505 4523 φύσει
3536 4443 3877 4520 γινώσκεται

2216 4534 2353 4589 κατὰ
2396 4534 2487 4588 τὸν
2533 4532 2776 4608 ψαλμὸν,
2807 4533 2900 4588 τὸν
2951 4532 3212 4610 λέγοντα*
3261 4536 3346 4609 Τῇ
3395 4532 3696 4608 ὡραιότητί
3745 4553 3880 4607 σου,

2215 4625 2306 4679 καὶ
2350 4626 2430 4695 τῷ
2480 4621 2676 4678 κάλλει
2726 4642 2843 4678 σου.
2878 4623 2940 4681 Ὀ
2995 4620 3087 4677 οὖν
3131 4622 3226 4686 τὰς
3272 4618 3544 4698 ἀστραπὰς
3573 4626 3671 4677 τοῦ
3718 4622 3881 4679 θείου

2217 4711 2458 4775 κάλλους
2485 4715 2565 4785 τῷ
2595 4712 2787 4766 ἑαυτοῦ
2818 4707 3027 4786 ὄμματι
3071 4711 3148 4784 μή
3197 4708 3671 4787 παραδεχόμενος,
3705 4711 3879 4776 οὗτος

2220 4800 2364 4877 λέγει
2395 4800 2457 4857 τὸ
2485 4799 2652 4855 καλὸν
2680 4799 2944 4875 πονηρόν·
2977 4800 3031 4855 ἓν
3062 4796 3119 4854 δὲ
3146 4804 3215 4874 τῇ
3244 4799 3441 4857 τούτου
3470 4801 3716 4875 ἀρνήσει,
3739 4821 3880 4856 συν-

2216 4891 2418 4948 τίθεται
2466 4886 2727 4960 δηλονότι
2772 4893 2853 4962 τῷ
2902 4888 3143 4962 ὲναντίῳ.
3176 4887 3242 4946 El.
3283 4889 3389 4966 γὰρ
3436 4893 3550 4968 φῶς
3582 4890 3612 4945 ὁ
3641 4888 3881 4965 Κύριοςο

2216 4979 2408 5042 σκότος
2466 4975 2726 5049 δηλονότι
2776 4979 2804 5033 ὁ
2845 4976 3239 5052 ἀντικείμενος·
3272 4978 3319 5034 εἰ
3365 4977 3596 5056 γλυκεῖα
3635 4981 3672 5049 ἡ
3706 4978 3886 5057 φύσις

520 5171 566 5254 εξ
595 5171 762 5254 Rom.
795 5188 839 5240 ι,
868 5172 959 5254 3_2.
1036 5176 1082 5217 “
1114 5175 1318 5234 Matth.
1350 5195 1407 5247 v,
1437 5178 1528 5234 15.
1605 5181 1649 5216 ⁸⁷
1678 5180 1847 5238 Joan.
1878 5198 1919 5254 ι,
1949 5181 2004 5238 9.
2078 5182 2112 5218 δε

2225 5181 2369 5239 toan.
2402 5196 2489 5250 ιιι,
2526 5180 2612 5237 10.
2687 5179 2733 5217 ⁸ο
2767 5179 2939 5238 Joan.
2970 5195 3098 5252 vm,
3150 5181 3239 5240 12.
3313 5181 3360 5218 ⁶⁰
3388 5180 3539 5239 Psal.
3569 5198 3783 5252 χχχιιι,
3813 5183 3883 5242 9.

448 5242 494 5280 ⁶¹
527 5244 683 5300 Psal.
712 5262 860 5309 χειν,
891 5247 948 5302 5.

521 5425 634 5508 (il)
661 5424 767 5509 ilbi
798 5442 864 5482 ex
886 5427 1156 5517 quinque
1186 5446 1327 5487 mss.
1361 5430 1673 5503 edidimus,
1703 5433 1855 5506 μετά,
1882 5433 2094 5507 legitur
2195 5434 2381 5521 jicere
2411 5433 2794 5560 Epogmphis
2822 5432 3013 5490 visum
3045 5438 3158 5518 est.

541 5498 735 5560 editis,
767 5517 922 5555 κατα.
957 5516 1069 5555 non
1102 5505 1183 5556 Ita
1213 5508 1383 5560 recte.
2275 5505 2385 5560 it3l
2502 5509 2569 5560 ιιι
2613 5510 2670 5560 et
2727 5505 2867 5560 R62.
2924 5511 3158 5560 tertlus.

449 5497 507 5552 in
541 5497 735 5567 editis,
767 5497 927 5555 κατάξ
957 5497 1075 5555 non
1102 5501 1183 5556 ita
1213 5508 1383 5560 recte.

2275 5502 2583 5583 (t3)_Editi
2613 5502 2679 5562 et
2727 5505 2867 5579 Reg.
2924 5506 3159 5574 tertius,
3211 5502 3409 5561 αὐτῶν.
3446 5504 3558 5561 Alii
3591 5507 3885 5583 quinque

520 5568 759 5651 (42)_Haa
815 5571 945 5651 dua)
990 5588 1181 5651 voces,
1207 5578 1352 5651 eam
1413 5573 1624 5651 σκότος,
1658 5574 1718 5630 ἱῑι
1750 5575 1966 5651 nostris
1995 5593 2096 5633 sex

2225 5568 2379 5651 θέε-ἑ
2405 5575 2630 5651 ἕξειτῶν-

451 5655 593 5719 mss.
619 5642 849 5719 desunt.
876 5646 1141 5719 Fortasse
1165 5642 1277 5719 hic,
1302 5651 1367 5702 ut
1386 5646 1716 5719 alibiszepe,
1736 5647 1927 5719 ellipsi
1952 5666 2094 5706 usus

449 5711 641 5769 fuerat
670 5713 996 5788 interpres:
1029 5717 1132 5774 sed
1164 5717 1215 5775 si
1242 5718 1326 5777 ita
1354 5722 1465 5792 est,
1496 5711 1652 5793 quod
1683 5711 1882 5778 deerat
1908 5720 1967 5778 id
1998 5721 2097 5779 ad-

2277 5649 2392 5728 ςΙιᾶ)
2421 5648 2596 5720 Editi,
2647 5644 2775 5703 οὐδὲ
2818 5650 2938 5705 τοῦ.
2997 5652 3076 5707 At
3117 5649 3379 5722 quinque
3423 5664 3596 5722 mss.,
3657 5644 3883 5728 οὖδὶῇε

2204 5723 2327 5777 τοῦ.
