4118 6220
438 369 556 428 415

1426 363 1815 424 APPENDIX
1861 361 2186 425 OPERUM
2231 366 2293 425 S.
2341 365 2621 429 BASILII
2665 365 2945 429 MAGNI.

3738 362 3869 420 416

441 499 597 571 quod
629 499 804 554 rebus
851 495 1100 568 singulis
1133 493 1432 566 proprium
1483 494 1560 550 sit
1607 511 1672 550 ac
1721 495 2090 563 conveniens,

2207 495 2368 569 ἑαυτῇ
2399 498 2460 553 τὸ
2497 492 2714 574 βέϐαιον
2767 494 2993 572 ἔχουσα,
3052 495 3440 568 ἀμετάπτωτος
3475 492 3705 548 ὑπὸ”τοῦ
3760 489 3864 545 λό-

440 588 720 644 inveniat.
757 586 1016 642 Scientia
1055 588 1252 640 autem
1302 582 1535 638 habitus
1566 588 1652 639 est
1683 583 1739 638 in
1774 601 1835 640 se
1866 585 2092 640 stabilis

442 683 500 734 et
527 677 756 743 lirmus,
791 692 857 730 ac
889 674 1110 729 ratione
1153 672 1567 728 immutabilis.
1601 674 1802 728 Sciens
1836 691 1966 730 vero
1997 673 2096 729 ille

442 773 552 833 est,
585 765 683 836 qui
730 763 1250 836 contemplationes
1284 763 1352 816 ad
1389 764 1857 834 consequendam
1908 763 2096 819 beati-

444 855 713 911 tudinem
749 854 1145 909 conducenles
1188 852 1652 924 comprehendit,
1677 857 1968 924 quatenus
2001 869 2098 908 eas

433 946 560 1016 jam
603 943 813 999 habitu
861 942 1222 1011 ﬁrmiterque
1272 941 1328 995 in
1381 958 1444 996 se
1501 941 1628 1013 ipso
1679 941 1958 996 continet.
1992 941 2100 996 Sa-

445 1025 665 1106 pientia
708 1037 905 1087 autem
957 1032 1174 1086 dicitur
1220 1029 1465 1086 scientia
1509 1047 1636 1086 esse
1683 1029 2014 1085 divinarum
2045 1033 2101 1084 et

445 1123 840 1177 humanarum
906 1137 1126 1186 rerum,
1160 1125 1217 1175 et
1263 1136 1576 1175 causarum
1628 1120 1913 1192 ipsarum.
1948 1120 2099 1184 Quo-

446 1212 606 1266 niam
661 1215 858 1265 autem
911 1209 1200 1280 sapientia
1247 1209 1374 1280 ipsa
1423 1208 1692 1264 Christus
1741 1209 1914 1273 est“,
1963 1224 2099 1262 eum

445 1300 714 1356 dicemus
781 1299 1142 1369 sapientem,
1215 1298 1313 1369 qui
1383 1297 1829 1369 participatione
1885 1293 2099 1352 Christi

446 1394 742 1462 quatenus
775 1388 1066 1459 sapientia
1095 1391 1202 1456 est,
1237 1387 1360 1457 jam
1397 1391 1586 1441 exstat
1628 1387 1934 1457 perfectus.
1963 1385 2098 1452 Qui-

441 1478 636 1549 spiam
669 1483 866 1534 autem
899 1475 1234 1548 intelligens
1283 1492 1410 1531 esse
1455 1475 1719 1531 noscitur
1747 1492 1847 1547 per
1878 1477 2097 1548 perfec-

440 1567 663 1624 tionem
717 1566 1012 1622 seminum
1073 1563 1475 1636 intelligentia
1523 1564 1580 1618 in
1633 1565 1802 1620 nobis
1856 1581 2097 1619 manen-

440 1656 612 1710 tium.
651 1655 954 1725 Quispiam
987 1670 1120 1708 vero
1153 1653 1343 1708 sciens
1376 1658 1486 1723 est,
1519 1658 1812 1724 quatenus
1843 1658 2098 1708 contem-

442 1743 730 1816 plationes
755 1744 824 1798 ad
856 1742 1278 1798 beatitudinem
1302 1744 1755 1814 comparandam
1781 1743 2096 1798 attinentes

442 1832 914 1935 comprehendit,
937 1849 1089 1940 cum?
1115 1833 1262 1932 jam.
1283 1831 1416 1888 illas
1447 1831 1680 1933 habitu.
1705 1837 1785 1940 ei
1809 1832 2096 1940 stabiliter
2122 1874 2170 1940 Β

438 1921 500 1978 in
535 1921 729 1995 seipso
763 1923 1044 1978 continet.
1069 1921 1406 1977 Invenimus
1437 1925 1632 1978 autem
1666 1921 1723 1976 in
1747 1922 1938 1978 Exodo
1969 1938 2090 1978 ora-

441 2011 666 2079 culum,
700 2013 856 2083 quod
915 2012 987 2067 de
1043 2011 1379 2067 architectis
1427 2011 1568 2066 dicit
1619 2028 1631 2067 :
1684 2009 1940 2082 Implebo
1993 2027 2091 2066 eos

443 2100 666 2172 Spiritu
719 2101 870 2157 508
925 2099 1119 2156 divino
1175 2099 1575 2172 intelligentia)
1632 2103 1689 2156 et
1746 2100 2000 2156 scientiis
2021 2101 2089 2156 ⁸³.

439 2190 809 2262 Quapropter
827 2206 909 2244 vas
939 2189 990 2245 ei
1023 2190 1125 2261 qui
1153 2189 1549 2262 intelligentiae
1579 2194 1636 2245 et
1665 2190 1923 2246 scientias
1954 2205 2093 2245 cau-

441 2295 569 2334 sam
597 2283 653 2334 et
681 2279 968 2350 originem
1017 2278 1134 2334 Deo
1185 2295 1299 2334 non
1349 2278 1639 2334 attribuit.
1671 2279 1855 2335 Nemo
1912 2279 2096 2351 igitur

442 2367 560 2423 sibi
587 2367 844 2423 vindicet
874 2383 966 2424 res
1007 2372 1220 2435 tantas,
1255 2383 1362 2423 nec
1400 2367 1706 2436 scientem,
1741 2385 1846 2424 nec
1879 2369 2093 2424 intelli-

444 2462 700 2530 gentem,
725 2476 831 2515 nec
863 2460 1190 2531 sapientem
1225 2475 1353 2515 esse
1385 2477 1446 2516 se
1476 2460 1633 2517 dicat
1664 2477 1677 2516 :
1712 2461 1812 2517 sed
1845 2477 1978 2516 cum
2011 2478 2097 2518 sa-

445 2547 684 2620 pientia,
717 2548 1047 2604 divinarum
1085 2548 1596 2621 humanarumque
1628 2567 1821 2606 rerum
1853 2550 2099 2607 scientia

434 2637 536 2706 sit,
576 2637 784 2692 harum
816 2655 1056 2694 causam
1090 2638 1335 2710 Spiritui
1375 2645 1578 2694 sancto
1621 2641 1892 2695 ascribat.
1929 2645 2098 2711 Egre-

2202 608 2321 662 γου.
2359 589 2708 662 Ἑπιστήμων
2743 586 2820 655 δὲ,
2864 588 2890 642 6
2943 585 3078 642 κατᾶ
3131 585 3193 640 τὸ
3253 581 3732 660 ἐμπεριειληφὲναι
3786 580 3860 634 τά

2207 677 2471 750 ἀναγκαῖα
2522 683 2627 732 τῶν
2687 677 2761 739 εἷς
2816 676 3193 751 μακαριότητα
3241 674 3659 748 θεωρημάτων,
3718 671 3859 733 καθὸ

2206 763 2313 836 ἤδη
2346 765 2569 828 ἑκτικῶς
2623 766 2710 821 καὶ
2769 762 3001 842 βεϐαίως
3048 764 3260 838 συνέχει
3300 761 3352 817 ἐν
3387 763 3582 833 ἑαυτῷ.
3648 759 3855 836 Σοφίαν

2209 852 2266 909 δὲ
2325 877 2484 932 φησιν
2564 856 2693 910 εἶναι
2769 854 3075 928 ἐπιστήμην
3137 851 3294 917 θείων
3351 849 3440 905 καὶ
3501 849 3862 926 ἀνθρωπίνων

2208 946 2561 1019 πραγμάτων,
2617 944 2706 1000 καὶ
2748 949 2855 999 τῶν
2904 943 3110 998 τούτων
3159 941 3366 996 αἱτιῶν.
3419 936 3643 1007 Ἐπειδή
3677 935 3736 994 δὲ
3766 936 3862 992 αὖ·

2206 1032 2432 1110 τοσοφία
2464 1035 2492 1088 6
2526 1034 2758 1109 Χριστὸς
2788 1032 2924 1105 ἐστὲ,
2957 1033 3120 1105 σοφὸν
3162 1030 3388 1106 ἐροῦμεν
3437 1029 3527 1084 τὸν
3558 1027 3696 1083 κατά
3733 1048 3858 1100 μιτ-

2209 1123 2350 1196 οχὴν
2400 1122 2658 1196 Χριστοῦ,
2707 1122 2842 1177 καθὸ
2890 1121 3049 1199 σοφία
3112 1118 3246 1191 ἐστὶ,
3289 1115 3738 1190 τετελειωμένον.
3799 1117 3860 1172 Ὀ

2210 1207 2266 1264 δὲ
2295 1212 2510 1272 συνετὸς
2541 1216 2743 1266 νοεῖται
2791 1211 2927 1266 κατά
2974 1208 3316 1283 ἀπαρτισμὸν
3367 1210 3473 1261 τῶν
3509 1205 3560 1260 ἐν
3594 1208 3730 1278 ἡμῖν
3757 1211 3859 1274 τῆς

2209 1300 2462 1362 συνέσεως
2514 1300 2858 1375 σπερμάτων.
2909 1300 2970 1356 Ὀ
3002 1295 3058 1352 δὲ
3102 1295 3442 1370 ἐπιστήμων,
3483 1295 3620 1350 κατὰ
3646 1295 3709 1349 τὸ
3759 1293 3860 1367 ἐμ-

2207 1387 2618 1464 περιειληφὲναι
2678 1388 2744 1444 τὰ
2819 1389 3080 1462 ἀναγκαῖα
3147 1386 3223 1450 εἰς
3291 1383 3666 1460 μακαριότητα
3724 1385 3864 1448 θεώ-

2208 1481 2424 1552 ρηματα
2458 1525 2472 1548 ,
2526 1479 2658 1550 μετᾶ
2713 1482 2807 1532 τοῦ
2866 1475 2974 1548 ἤδη
3038 1477 3264 1539 ἑκτικῶς
3323 1475 3415 1530 καὶ
3472 1473 3686 1549 παγίως
3742 1494 3864 1528 συνο

2208 1568 2492 1642 ἐχειν(55)
2550 1567 2601 1622 ἐν
2661 1567 2854 1638 ἐαυτῷ.
2889 1564 3136 1640 Ιιῦρομεν
3188 1561 3245 1619 δὲ
3301 1562 3352 1619 ἐν
3411 1568 3480 1637 τῇ
3535 1559 3738 1637 Ἐξόδῳ
3764 1563 3859 1618 τὸν

2205 1655 2595 1730 χρηματισμὸν
2653 1654 2884 1729 λέγοντα
2937 1654 3060 1730 περὶ
3108 1658 3216 1708 τῶν
3264 1653 3688 1729 ἀρχιτεκτόνων,
3723 1654 3861 1725 Ἐμ-

2205 1743 2404 1815 πλήσω
2435 1744 2629 1807 αὐτοὺς
2671 1749 2888 1818 Πνεῦμα
2937 1745 3078 1798 θεῖον
3112 1744 3370 1804 συνέσεως
3397 1740 3487 1797 καὶ
3519 1741 3857 1814 ἐπιστήμης.

2206 1835 2303 1889 Διὰ
2330 1833 2516 1906 τοῦτο,
2545 1835 2665 1890 ούαὶ
2694 1840 2772 1908 τῷ
2809 1836 2884 1909 μή
2917 1832 3220 1899 ἀνατιθιντι
3250 1835 3350 1903 τὴν
3383 1832 3553 1889 αἰτίαν
3597 1839 3698 1902 τῆς
3731 1852 3863 1887 συνο

2201 1923 2361 1985 ἐσεως
2419 1924 2510 1979 καὶ
2558 1931 2656 1994 τῆς
2725 1923 3032 1998 ἐπιστήμης
3074 1927 3213 1997 Θεῷ.
3264 1919 3471 1994 Μηδεὶς
3539 1919 3629 1976 οῦν
3684 1921 3863 1994 ἑαυτῷ

2201 2007 2527 2085 λαμϐανὲτω
2601 2014 2669 2068 τά
2726 2013 3051 2086 τηλικαῦτα,
3124 2013 3264 2086 μήτε
3518 2009 3862 2083 ἐπιστήμονα

2201 2102 2406 2170 ἑαυτὸν,
2444 2105 2582 2176 μήτε
2645 2103 2859 2158 συνετὸν
2895 2099 3100 2177 λέγων,
3135 2104 3274 2175 μήτε
3305 2100 3491 2179 σοφόν.
3521 2097 3856 2175 Ἐπειδήπερ

2202 2192 2236 2260 ἡ
2286 2192 2445 2269 σοφία
2493 2192 2768 2264 ἐπιστήμη
2826 2189 2936 2246 ἐστὶ
2985 2189 3141 2256 θείων
3188 2191 3278 2246 καὶ
3320 2189 3666 2265 ἀνθρωπίνων
3716 2204 3860 2263 πρα-

2204 2283 2532 2356 γμάτων,τῷ
2563 2280 2702 2355 άγίῳ
2735 2279 3002 2354 Πνεύματι
3034 2282 3132 2350 τὴν
3163 2279 3370 2336 τούτων
3403 2277 3576 2334 αἷτίαν
3610 2276 3861 2332 ἆνατιθέο

2203 2391 2301 2427 τω.
2334 2368 2697 2440 Ἐξελεύσεται
2726 2371 2828 2444 γὰρ
2864 2365 3060 2445 ῥάϐδος
3092 2369 3152 2425 ἐκ
3179 2377 3278 2440 τῆς
3311 2368 3466 2445 ῥίζης
3501 2367 3717 2433 Ἰεσσαὶ,
3767 2367 3858 2422 καὶ

2206 2455 2364 2523 ἄνθος
2398 2458 2456 2514 ἐκ
2483 2466 2582 2529 τῆς
2615 2459 2772 2534 ῥίζης
2822 2453 3166 2529 ἀναϐήσεται.
3214 2458 3313 2512 Καὶ
3350 2455 3710 2514 ἀναπαύσεται
3744 2456 3860 2529 (57)

2208 2549 2290 2604 ἐπ’
2318 2548 2447 2603 αὐτὸ
2480 2553 2699 2622 Πνεῦμα
2729 2552 2882 2621 Θεοῦ,
2913 2552 3126 2621 πνεῦμα
3174 2547 3385 2625 σοφίας,
3435 2545 3526 2602 καὶ
3573 2545 3862 2616 συνέσεως,

2206 2639 2296 2694 καὶ
2326 2638 2392 2692 τά
2421 2637 2566 2708 ἑξῆς.

431 2726 615 2781 dietur
643 2725 798 2782 enim
830 2729 987 2796 virga
1017 2727 1082 2782 de
1113 2727 1300 2782 radice
1345 2729 1511 2795 Jesse,
1545 2733 1597 2784 et
1624 2729 1722 2800 ﬂos
1751 2729 1816 2785 de
1847 2731 2045 2787 radice
2071 2729 2341 2787 ascendet.
2370 2731 2433 2785 Et
2461 2730 2756 2801 requiescet
2800 2744 2965 2801 super
3005 2743 3134 2784 eum
3177 2726 3428 2800 Spiritus
3468 2725 3587 2794 Dei,
3628 2726 3866 2797 spiritus

432 2817 747 2886 sapientize,
779 2825 831 2872 et
859 2817 1172 2873 intellectus
1191 2819 1255 2887 7°,
1289 2822 1396 2873 etc.

512 2905 636 2959 177.
658 2905 830 2960 Vsas.
855 2906 944 2960 22.
972 2908 1055 2962 Vw
1079 2908 1244 2976 fortes
1269 2909 1454 2972 vestri,
1481 2911 1533 2962 et
1555 2911 1650 2979 qui
1676 2907 1865 2964 bibunt
1887 2910 2098 2978 vinum,

447 3002 499 3049 et
521 2997 770 3064 potentes
801 2997 899 3066 qui
928 2997 1156 3050 miscent
1187 2999 1438 3052 siceram.
1468 2997 1580 3053 Lex
1609 3002 1663 3053 et
1697 2999 2099 3055 sacerdotibus

439 3099 573 3137 mox
627 3089 828 3139 sancta
858 3084 1224 3156 ingressuris
1277 3103 1388 3141 usu
1421 3086 1541 3140 vini
1586 3103 1652 3142 ac
1695 3087 1890 3143 siceraa
1919 3087 2098 3144 inter-

2287 2911 2407 2965 177.
2459 2905 2598 2964 Οὐαὶ
2655 2906 2707 2960 oi
2780 2903 3058 2980 ἰσχύοντες
3121 2905 3297 2976 ὑμῶν,
3352 2904 3441 2958 καὶ
3501 2903 3554 2958 οἱ
3609 2903 3862 2964 πίνοντες

2209 2998 2300 3053 τὸν
2365 2998 2530 3068 οἶνον,
2592 2993 2679 3050 καί
2748 2995 2799 3048 οἱ
2863 2991 3110 3048 δυνάσται
3188 2994 3240 3048 οἱ
3313 2997 3602 3067 κιρνῶντες
3657 2993 3718 3047 τὸ
3781 2992 3865 3046 σί-

2208 3107 2357 3160 κερα.
2407 3086 2501 3140 Καὶ
2554 3090 2670 3146 τοῖς
2725 3083 2950 3156 ἱερεῦσιν
2998 3081 3316 3159 ἀπαγορεύει
3363 3083 3391 3136 6
3439 3081 3630 3156 νόμος,
3687 3080 3864 3156 εἰσερ-

437 3171 675 3238 dicit“,
697 3176 754 3228 et
787 3172 857 3226 iis
891 3189 1127 3245 quoque
1159 3174 1259 3245 qui
1307 3180 1590 3230 vocantur
1618 3175 1892 3242 Nazareni,
1927 3181 1990 3232 ut
2019 3177 2094 3232 di-

2213 3175 2475 3251 χομένοις
2507 3175 2584 3236 εἷς
2612 3174 2679 3228 τὰ
2709 3175 2856 3248 ἅγια,
2889 3170 3019 3245 οἷ’νῳ
3049 3173 3137 3227 καὶ
3174 3171 3356 3247 σίκερα
3382 3172 3683 3246 κεχρῆσθαι

447 3263 610 3314 ctum
648 3263 739 3315 est
764 3259 823 3314 in
857 3261 1245 3318 Numerorum
1279 3261 1448 3326 libro,
1477 3263 1583 3317 hoc
1616 3265 1786 3319 modo
1822 3281 1834 3320 :
1872 3266 2098 3321 Locutus

445 3350 522 3404 est
551 3348 706 3403 enim
739 3350 1004 3405 Dominus
1035 3350 1105 3406 ad
1134 3351 1389 3422 Moysem,
1423 3352 1613 3406 dicens
1643 3370 1661 3406 :
1695 3355 1932 3425 Loquere
1960 3356 2094 3425 ﬁliis

445 3435 639 3503 Israel,
663 3445 712 3490 et
742 3434 888 3491 dices
917 3437 995 3491 ad
1023 3452 1110 3492 eos
1132 3454 1150 3490 :
1178 3437 1266 3492 Vir
1295 3441 1392 3493 aut
1420 3439 1627 3493 mulier
1645 3441 1740 3512 qui
1767 3457 2094 3512 magnopere

444 3525 647 3579 noverit
679 3533 860 3579 votum
883 3525 1226 3595 puriﬁcandi
1271 3531 1574 3595 puritatem
1620 3529 1878 3598 Domino,
1905 3548 1934 3585 a
1969 3532 2092 3585 vino

445 3620 498 3668 et
524 3614 699 3669 sicera
726 3615 1048 3685 temperabit
1065 3615 1132 3670 ⁷³.
1160 3615 1226 3670 Et
1243 3615 1301 3670 in
1327 3615 1649 3673 Proverbiis
1682 3617 1955 3674 Salomon
1981 3620 2088 3676 ait:

436 3703 692 3758 Potentes
723 3701 982 3759 iracundi
1009 3709 1154 3771 sunt,
1179 3706 1368 3760 vinum
1392 3722 1502 3762 non
1525 3706 1732 3776 bibant,
1755 3725 1823 3764 ne
1855 3708 2092 3766 bibentes

433 3791 828 3848 obliviscantur
873 3794 1163 3860 sapientiae
1183 3793 1248 3848 ⁷⁸.
1282 3794 1426 3850 Nam
1477 3795 1661 3851 divini
1694 3797 1850 3853 verbi
1901 3799 2089 3854 admi-

438 3881 682 3952 nistros,
713 3897 780 3936 ac
828 3898 928 3937 eos
979 3881 1193 3953 quibus
1243 3883 1550 3940 hominum
1612 3887 1944 3943 concredita
2001 3891 2092 3943 est

441 3986 603 4040 cura,
629 3987 872 4042 prorsus
903 3971 974 4026 ab
1006 3970 1079 4028 iis
1101 3989 1223 4044 quae
1248 3980 1502 4030 mentem
1527 3978 1892 4047 perturbant,
1917 3977 2093 4033 absti-

439 4075 578 4115 nere
599 4076 706 4130 par
726 4059 922 4115 fuerit.
940 4064 1327 4134 Posteaquam
1345 4063 1498 4119 enim
1527 4066 1778 4120 multum
1803 4065 2092 4122 introierit

437 4147 605 4214 meri,
625 4149 796 4219 quasi
819 4154 1104 4222 tyrannus
1129 4152 1369 4222 quidam
1392 4153 1463 4208 ad
1487 4169 1679 4209 arcem
1703 4154 1984 4220 ascendit,
2007 4159 2088 4210 at-

440 4253 556 4308 que
587 4236 733 4292 nihil
767 4254 877 4292 non
913 4237 1180 4310 iniquum
1214 4239 1533 4312 imperans,
1559 4258 1592 4296 a
1623 4258 1858 4297 summo
1879 4243 2091 4300 vertice

437 4323 787 4394 irrequietos
819 4325 880 4381 in
910 4326 1105 4383 anima
1134 4329 1428 4384 tumultus
1457 4329 1685 4385 excitat.
1712 4332 1834 4386 Imo
1868 4332 2090 4388 ratione

441 4411 570 4482 ipsa
596 4410 656 4466 in
679 4412 1017 4468 servitutem
1043 4415 1297 4484 primum
1320 4415 1572 4482 redacta,
1597 4433 1829 4472 omnem
1856 4418 2089 4474 concin-

440 4501 686 4554 nitatem
705 4516 772 4556 ex
792 4500 1104 4572 disciplina
1121 4507 1307 4558 ortam
1327 4504 1631 4560 confundit
1648 4507 2089 4579 perturbatque,

439 4592 496 4644 et
551 4587 710 4644 risus
759 4587 1084 4660 indecoros,
1108 4607 1304 4647 vocem
1356 4593 1775 4661 turbulentam,
1820 4613 2091 4668 procaces

441 4673 582 4746 iras,
599 4675 950 4748 cupiditates
973 4677 1303 4751 effrenatas,
1324 4681 1631 4738 stimulum
1654 4700 1719 4739 ac
1743 4684 1998 4742 furorem
2021 4687 2093 4742 ad

439 4781 672 4823 omnem
705 4765 971 4840 iniquam
1003 4766 1364 4841 voluptatem
1397 4778 1808 4840 provocantem
1840 4777 2094 4833 exsusci-

507 4908 552 4946 ⁵³
583 4911 606 4966 Ι
637 4913 763 4967 Cor.
796 4928 834 4984 ι,
866 4911 956 4968 24.
1033 4913 1079 4949 ⁶⁹
1105 4914 1282 4971 Exod.
1315 4932 1469 4988 xxxx,
1499 4917 1553 4972 3.
1629 4919 1674 4954 ⁷ο
1704 4919 1838 4978 Isai.
1872 4936 1951 4992 x1,
1986 4921 2037 4992 1,
2066 4919 2122 4976 2.

441 5055 651 5184 ιέἱτίων.
689 5059 910 5117 Ibidem
954 5062 1116 5132 editi,
1148 5063 1260 5119 ἐπεὶ
1293 5061 1368 5124 δέ.
1414 5068 1485 5122 At
1534 5083 1680 5124 mss.
1733 5083 1852 5136 sex,
1908 5064 2096 5137 ἐπειδὴ

656 5202 868 5258 Nostra
921 5207 1122 5273 editio,
1157 5207 1392 5282 συνέχει.
1435 5209 1501 5262 At
1556 5213 1801 5282 uterque
1831 5211 2089 5269 Combel'.

444 5285 497 5332 et
530 5275 626 5352 alii
659 5285 909 5352 quatuor
937 5295 1102 5352 mss.,
1136 5275 1402 5352 συνίχέιν.

519 5349 628 5424 ῷὸ)
665 5352 725 5400 ln
772 5349 947 5424 editis
989 5355 1045 5424 et
1076 5351 1133 5403 in
1185 5349 1319 5424 Reg.
1353 5349 1522 5424 tertio
1571 5351 1802 5424 legitur,
1839 5349 1998 5424 μηδὲ’
2035 5355 2094 5412 in

450 5417 581 5474 aliis
614 5417 767 5473 vero
814 5420 1340 5504 codic‘ibntis,p¥,rs.
1367 5423 1528 5475 Haud
1587 5417 1799 5504 procul
1840 5417 1983 5504 editi
2041 5434 2098 5504 et

450 5506 606 5572 unus
640 5507 773 5572 me,
793 5487 994 5572 ἐπειξή
1027 5487 1215 5572 ἡᾴΑΙίἱ
1240 5487 1506 5572 quinque
1531 5487 2012 5572 σῶα-,ἐπειδήπερ
2036 5501 2092 5568 ἡ.

449 5560 713 5643 Subinde
741 5560 1424 5643 editi,_&vazi0_s_rat,baud
1460 5569 1627 5622 recte.
1662 5560 1816 5623 Libri
1845 5560 2094 5643 antiqui,

451 5631 770 5710 ἀνφξξθέῑφι
801 5638 860 5690 et
891 5634 973 5710 ita
1000 5635 1476 5710 lesitﬁnterprss

525 5704 640 5776 (57)
672 5704 767 5761 Sic
805 5706 1034 5766 codices
1060 5704 1352 5782 quinque.
1379 5706 1536 5767 Editi
1561 5723 1695 5768 vero
1725 5714 1783 5770 et
1812 5729 1967 5772 unus
1997 5728 2098 5771 co-

2122 4554 2168 4620 D

2205 3265 2296 3319 καὶ
2325 3269 2442 3325 τοῖς
2499 3261 2865 3336 καλουμένοις
2913 3261 3255 3334 Ναζιραίοις,
3305 3260 3380 3321 ὡς
3413 3258 3623 3332 εἷ’ρηται
3656 3257 3706 3313 ἐν
3735 3264 3862 3323 τοῖς

2203 3354 2507 3426 Ἀριθμοῖς,
2537 3356 2727 3407 τοῦτον
2761 3350 2853 3405 τὸν
2891 3348 3116 3425 τρόπον·
3183 3347 3455 3419 Ἐλάλησε
3499 3348 3600 3424 γάρ
3650 3347 3860 3423 Κύριος

2203 3443 2341 3516 πρὸς
2414 3444 2674 3508 Μωυσῆν,
2766 3438 2960 3513 λέγων·
3035 3437 3289 3508 Λάλησον
3355 3441 3473 3498 τοῖς
3549 3436 3688 3498 υἱοῖς
3758 3438 3862 3491 Ἰσ-

2202 3528 2368 3606 ραὴλ,
2429 3531 2520 3584 καὶ
2573 3527 2710 3605 ἐρεῖς
2766 3527 2901 3597 πρὸς
2953 3525 3173 3591 αύτούςο
3230 3526 3393 3600 Ἀνήρ
3465 3524 3499 3594 ἢ
3552 3527 3714 3602 γυνὴ,
3798 3524 3865 3588 ὃς

2201 3617 2259 3674 ἂν
2342 3617 2598 3694 μεγάλως
2672 3615 2887 3690 εὔξηται
2964 3615 3132 3692 εύχήν
3194 3614 3581 3694 ἀφαγνίσασθαι
3639 3613 3863 3690 ἁγνείαν

2203 3707 2402 3783 Κυρίῳ,
2480 3707 2584 3762 ἀπὸ
2661 3703 2810 3760 οἷίνου
2883 3705 2973 3759 καὶ
3053 3704 3240 3779 σίκερα
3320 3703 3690 3780 ἀγνιθήσεται.
3749 3703 3864 3759 Καὶ

2199 3795 2250 3852 ἐν
2279 3804 2395 3860 ταῖς
2455 3795 2786 3872 Παροιμίαις
2819 3797 2846 3850 6
2907 3793 3176 3868 Σολομών
3232 3813 3415 3869 φησιν·
3473 3793 3542 3850 Οἳ
3594 3789 3858 3846 δυνάσται

2201 3883 2471 3960 θνμώδεις
2525 3885 2681 3957 εἰσὶν,
2739 3884 2882 3939 οἶνον
2949 3885 3023 3956 μὴ
3079 3882 3379 3938 πινέτωσαν
3437 3884 3573 3956 (59),
3626 3880 3719 3936 ’ίνα
3775 3883 3865 3954 μή

2198 3977 2413 4037 πιόντες
2482 3973 2847 4042 ἐπιλάθωνται
2905 3975 3002 4041 τῆς
3063 3973 3267 4051 σοφίας.
3333 3972 3530 4046 Πρέπει
3577 3971 3678 4046 γὰρ
3729 3974 3858 4034 τοῖς

2201 4070 2550 4140 θεραπευταῖς
2580 4067 2676 4118 τοῦ
2708 4061 2852 4126 θείου
2886 4060 3072 4136 λόγου,
3105 4061 3193 4116 καὶ
3225 4065 3342 4121 τοῖς
3371 4062 3470 4130 τήν
3500 4064 3608 4115 τῶν
3641 4059 3867 4132 ἀνθρώ-

2197 4175 2312 4208 πων
2365 4152 2680 4226 ἐπιμὲλειαν
2731 4148 3261 4226 ἐγκεχειρισμένοις,
3323 4150 3494 4220 πάντη
3548 4148 3860 4223 ἀπέχεσθαι

2197 4247 2304 4298 τῶν
2354 4242 2728 4316 ἐμποιούντων
2778 4239 3016 4295 θόλωσιν
3059 4243 3140 4312 τῷ
3193 4241 3533 4313 ἡγεμονικῷ.
3595 4235 3860 4294 Ἐπειδὰν

2197 4331 2299 4406 γὰρ
2325 4330 2498 4393 πολὺς
2531 4330 2751 4405 ιῖσπέσῃ
2785 4330 2813 4384 6
2844 4326 3093 4402 ἄκρατος,
3149 4327 3264 4383 οἷόν
3322 4348 3406 4390 τις
3453 4327 3716 4402 τύραννος
3762 4325 3868 4383 ἐπὶ

2195 4421 2294 4488 τὴν
2325 4417 2623 4495 ἀκρόπολιν
2683 4415 3032 4494 ἀναδραμὼν,
3082 4415 3188 4470 ἀπὸ
3239 4422 3339 4485 τῆς
3391 4415 3558 4490 ἄκρας
3606 4422 3869 4492 κορυφῆς

2198 4507 2492 4583 ἀσιγήτους
2543 4502 2809 4584 θορύϐους
2861 4503 3080 4578 ἐμποιεῖ
3129 4508 3198 4578 τῇ
3230 4506 3408 4578 ψυχῇ,
3438 4501 3651 4565 οὐδενὸς
3681 4523 3871 4578 παρα-

2201 4596 2373 4670 νόμου
2404 4593 2727 4674 φειδόμενος
2756 4595 3141 4672 ἐπιτάγματος·
3201 4590 3329 4649 ἀλλ’
3359 4592 3516 4647 αὐτὸν
3571 4589 3873 4649 δουλωσάο

2207 4706 2366 4760 μενος
2395 4689 2612 4762 πρῶτον
2666 4684 2758 4739 τὸν
2809 4683 3101 4759 λογισμὸν,
3160 4687 3331 4735 πᾶσαν
3386 4681 3484 4751 τήν
3542 4701 3601 4735 τε
3631 4680 3691 4734 ἐκ
3719 4701 3869 4736 παι-

2203 4772 2433 4838 δεύσεως
2489 4773 2895 4850 ἐνυπάρχουσαν
2929 4770 3290 4845 διακόσμησιν
3347 4773 3544 4845 συγχεῖ
3589 4770 3676 4824 καὶ
3727 4791 3872 4827 κατι

2202 4920 2243 4958 τί
2275 4920 2404 4978 Lev.
2438 4937 2494 4992 x,
2522 4921 2577 4977 9.
2668 4919 2714 4955 ⁷³
2741 4918 2918 4975 Num.
2947 4933 3027 4989 vr,
3061 4916 3176 4971 1-3.
3253 4914 3300 4950 ⁷⁸
3333 4914 3495 4971 Prov.
3526 4930 3682 4985 xxxx,
3716 4913 3773 4984 4,
3809 4915 3875 4972 5.

2208 5069 2318 5124 dex
2365 5065 2812 5123 ἐπσναπαύσεται.
2865 5065 3089 5121 Ibidem
3137 5062 3302 5129 editi,
3337 5061 3420 5116 ἐπ’
3465 5060 3631 5132 αὐτῷ.
3664 5063 3736 5116 At
3766 5078 3877 5118 ve-

2203 5145 2358 5197 teres
2391 5141 2523 5196 libri
2558 5142 2638 5196 ita
2667 5141 2821 5195 inter
2851 5155 2913 5194 se
2951 5135 3334 5200 dissentiunt,
3369 5138 3434 5190 ut
3463 5135 3519 5190 in
3549 5134 3742 5188 tribus
3779 5136 3878 5190 uti

2203 5213 2372 5286 apud
2411 5212 2552 5286 LXX
2591 5206 2965 5286 legatur,‘in’
3011 5206 3192 5262 αὑτόν·
3228 5206 3288 5262 in
3321 5205 3453 5263 aliis
3481 5223 3615 5263 vero
3663 5205 3879 5264 tribus

2203 5281 2466 5359 én'ubrb,
2501 5281 2979 5359 aveogvvidelicet.
3086 5349 3099 5359 _
3289 5353 3316 5359 _
3367 5356 3378 5359 Α
3499 5347 3509 5359 ⁸

2275 5357 2390 5425 (58)
2419 5349 2658 5428 Antiqui
2690 5361 2807 5414 tres
2838 5352 2995 5430 libri,
3034 5349 3108 5421 μὴ
3142 5353 3466 5430 κεχρῆσθαι,
3496 5349 3714 5430 inepte.

2280 5423 2390 5499 (69)
2421 5423 2610 5486 Codeit
2642 5446 2816 5499 unus,
2867 5425 3160 5499 πιέτωσαν.
3192 5423 3509 5499 Aliquanto
3545 5427 3684 5499 post
3714 5437 3878 5499 mss.

2207 5490 2478 5586 ειυὲιιιίοξί
2508 5503 2627 5586 “is
2655 5500 2781 5586 τιν-
2801 5490 3160 5586 Ἐάίέίντῖῖέέ
3205 5490 3660 5586 ειιιδιεάεεεξξιε
3689 5490 3882 5586 ξάγξα

2204 5564 2524 5644 ἇπέχισθὰι.
2547 5573 2622 5630 At
2647 5564 2892 5644 uterque
2915 5564 3174 5626 Gembet‘.
3201 5568 3259 5622 et
3283 5564 3382 5621 alii
3408 5570 3664 5636 quatuor
3689 5581 3882 5634 mss.,

2205 5646 2376 5714 πάντη
2389 5683 2404 5700 .
