4118 6220
289 374 381 432 417

285 501 473 578 αράσσει
505 542 520 570 ,
570 499 818 577 γέλωτας
882 502 1046 555 κινῶν
1135 501 1248 574 (60)

285 586 573 666 θορυϐώδη,
608 589 771 667 ὀργὰς
819 593 1127 664 προπετεῖς,
1160 585 1454 662 ἐπιθυμίας
1502 583 1904 662 ἀχαλινώτους,

284 682 477 755 οἶστρον
535 679 625 733 καὶ
691 678 878 752 μανίαν
938 677 1026 732 ἐπὶ
1084 683 1254 732 πᾶσαν
1302 677 1618 748 παράνομον
1678 671 1905 745 ἡδονήν.

283 771 367 825 Διὰ
389 773 546 824 τοῦτο
582 769 657 843 μὴ
691 767 990 822 πινέτωσαν
1034 768 1146 840 (61)
1195 767 1247 820 οἱ
1296 763 1548 820 δυνάσται
1608 764 1772 837 οἶνον,
1805 761 1909 818 εἴτε

281 861 326 915 οἱ
355 860 526 933 ἀρχήν
550 878 672 911 τινα
701 853 1144 929 πεπιστευμένοι,
1177 854 1267 909 καὶ
1319 852 1602 928 δημοσίων
1651 852 1909 929 πραγμά-

277 970 371 1003 των
403 945 740 1019 οῗκονομίανο
775 940 881 999 είίτε
929 946 985 997 οἳ
1035 941 1124 997 διὰ
1169 945 1268 1013 τὴν
1316 943 1497 1016 ἀκμὴν
1546 949 1645 1012 τῆς
1685 940 1908 1011 ἡλικίας

277 1036 324 1093 ἐν
367 1035 584 1108 δυνάμει
647 1029 798 1096 ὄντες
842 1037 1148 1107 σωματικῇ.
1201 1033 1268 1090 Οἱ
1333 1032 1432 1107 γὰρ
1463 1035 1725 1104 τοιοῦτοι,
1755 1029 1907 1108 φύσει

276 1127 623 1201 τυγχάνοντες
668 1123 808 1198 πρὸς
847 1123 943 1184 τὰς
1005 1122 1169 1197 ὀργὰς
1229 1123 1340 1195 (62)
1384 1120 1732 1195 εὐερέθιστοι,
1767 1117 1910 1172 ἐπει-

276 1213 360 1270 δᾶν
388 1213 473 1269 καὶ
505 1215 568 1268 τὸ
595 1217 695 1268 τοῦ
727 1210 877 1266 οἷ’νου
908 1205 1293 1284 προσλάϐωσιν
1348 1205 1580 1283 ἔξαμμα,
1616 1209 1729 1263 οἷόν
1789 1227 1910 1262 τινα

273 1303 442 1379 φλόγα
469 1302 695 1380 ἀφθόνῳ
727 1299 967 1376 χορηγίᾳ
1004 1306 1104 1367 τῆς
1160 1300 1460 1372 καιομένης
1510 1296 1650 1369 ὕλης
1709 1295 1796 1351 ἐπὶ
1843 1297 1906 1350 τὸ

275 1393 402 1468 μέγα
455 1391 778 1464 ἐξαίρουσιν.
829 1389 979 1445 Ἐπεὶ
1034 1386 1091 1443 δὲ
1147 1389 1208 1444 Ὁ
1275 1389 1369 1460 μὲν
1430 1386 1723 1462 έλάχιστος
1782 1405 1907 1460 συγ-

270 1480 496 1556 γνωστός
573 1477 713 1534 ἔστιν
795 1476 1024 1538 έλέους’
1073 1473 1289 1531 δυνατοὶ
1367 1473 1424 1530 δὶ
1494 1473 1732 1536 δυνατῶς
1790 1471 1908 1526 ἐτα-

273 1571 572 1640 σθήσονται’
605 1565 696 1622 διὰ
750 1570 916 1621 τοῦτο
976 1565 1098 1620 οὐαὶ
1155 1570 1272 1627 τοῖς
1308 1563 1588 1638 ἰσχύουσιν
1647 1563 1752 1617 ἀπὸ
1810 1564 1908 1630 τῆς

269 1663 356 1734 τοιῖ
385 1656 532 1713 οἷ’νου
565 1650 777 1733 βλάϐης
805 1655 1017 1710 καὶτοῦ
1069 1652 1276 1730 σίκερα.
1309 1655 1376 1707 Ὦ
1421 1653 1521 1727 γὰρ
1571 1649 1716 1707 πολὺ
1765 1670 1908 1726 παρ-

273 1747 451 1818 έθεντο,
481 1744 867 1821 περισσότερον
892 1744 1280 1813 ἀπαιτήσουσιν
1316 1740 1499 1798 αὐτόν.

1079 367 1489 430 conamur.
1533 348 1612 428 iN
1654 364 1929 428 ISAIAM
1973 364 2482 430 merueram.
2531 365 2703 427 car.
2751 369 2830 429 ν.

3544 375 3664 434 418

1331 499 1590 574 ἀπρεπεῖς
1623 539 1638 566 ,
1714 497 1901 572 φωνὴν

2022 500 2125 554 tat.
2159 497 2549 562 Quamobrem
2592 514 2707 554 non
2759 499 2964 556 bibant
2990 501 3191 558 vinum
3243 508 3532 576 potentes,
3563 523 3662 563 ne-

2018 602 2131 658 que
2187 586 2227 640 ii
2287 587 2502 658 quibus
2559 587 2926 660 principatus
2984 591 3256 662 quidam,
3316 599 3416 650 aut
3471 611 3663 652 rerum

2018 675 2384 748 publicarum
2445 677 2877 734 administratio
2935 682 3267 736 concredita
3325 687 3434 752 est,
3483 700 3666 756 neque

2017 765 2056 822 ii
2089 765 2188 837 qui
2220 765 2291 821 ob
2323 766 2509 821 aetatis
2540 767 2798 838 vigorem
2843 769 3136 840 corporeis
3166 771 3393 828 viribus
3425 773 3666 844 pollent.

2018 854 2322 910 Enimvero
2349 854 2448 926 qui
2483 859 2620 910 sunt
2649 857 2957 927 ejusmodi,
2989 862 3188 930 utpote
3221 866 3428 932 suapte
3459 866 3668 918 natura

2018 947 2088 998 ad
2123 944 2242 999 iras
2285 943 2474 1015 proni,
2508 949 2818 1016 postquam
2855 947 3037 1003 fomes
3069 948 3246 1004 etiam
3278 951 3396 1005 vini
3435 955 3492 1006 et
3521 951 3667 1007 inci-

2016 1038 2346 1088 tamentum
2400 1035 2664 1104 accessit,
2697 1037 3078 1107 suppeditata
3134 1038 3366 1094 abunde
3398 1041 3666 1110 materia,

2020 1138 2145 1193 quae
2195 1126 2333 1194 apta
2384 1126 2474 1177 est
2521 1118 2737 1178 ustio'ni
2788 1130 2843 1179 et
2889 1124 3122 1196 idonea,
3153 1126 3309 1182 velut
3364 1128 3666 1186 ﬂammam

2021 1211 2337 1283 quamdam
2372 1211 2430 1265 in
2477 1210 2727 1266 sublime
2771 1212 3064 1269 attollunt.
3101 1217 3386 1280 Quoniam
3419 1222 3615 1274 autem
3650 1236 3663 1274 :

2022 1301 2239 1371 Exiguo
2290 1299 2604 1354 conceditur
2654 1301 3066 1365 misericordia;
3110 1308 3350 1375 potentes
3395 1321 3522 1362 vero
3570 1322 3666 1378 po-

2017 1392 2190 1444 tenter
2228 1396 2496 1444 tormenta
2538 1389 2826 1459 patientur
2845 1391 2919 1458 7‘;
2952 1390 3162 1448 idcirco
3193 1398 3272 1447 va;
3313 1393 3564 1451 fortibus
3594 1397 3666 1452 ob

2020 1482 2316 1547 acceptum
2369 1493 2402 1531 a
2449 1476 2580 1531 vino
2639 1483 2694 1532 et
2744 1495 2776 1532 a
2827 1479 3014 1534 sicera
3070 1481 3510 1538 detrimentum.
3563 1485 3665 1540 Cui

2019 1566 2175 1622 enim
2217 1563 2468 1620 multum
2517 1565 2802 1622 traditum
2854 1571 2960 1637 est,
2995 1568 3248 1640 amplius
3300 1570 3371 1626 ab
3414 1572 3541 1644 ipso
3574 1589 3668 1630 re-

2019 1658 2287 1727 poscetur
2306 1655 2347 1709 ⁷.

339 1839 452 1892 178.
485 1835 554 1892 Εἴ
605 1832 694 1889 οὖν
748 1831 1140 1909 ἐγκεχείρισταί
1209 1851 1292 1885 σοι
1355 1829 1640 1903 οἰκονομία
1701 1850 1905 1902 μυστη-

451 1923 513 1941 ς.
792 1922 802 1940 .
943 1920 999 1941 nr
1310 1921 1322 1939 ι
1493 1938 1504 1941 _
1572 1918 1583 1937 ς
1665 1916 1712 1941 μ

2092 1831 2213 1885 178.
2252 1831 2472 1902 Itaque,
2505 1831 2556 1886 si
2604 1831 2922 1888 commissa
2969 1832 3078 1888 tibi
3127 1834 3206 1890 sit
3257 1836 3671 1909 mysteriorum

278 1927 422 2000 ρίων,
451 1923 622 1999 λόγος
679 1922 887 2000 σοφίας,
939 1920 1168 1994 δύναμις
1218 1921 1505 1996 γνώσεως·
1537 1918 1600 1972 σὺ
1662 1916 1718 1973 δὲ
1777 1918 1905 1989 οἴνῳ

2022 1919 2402 1990 dispensatio,
2427 1935 2618 1976 sermo
2663 1921 2986 1992 sapientire,
3018 1923 3268 1980 facultas
3299 1926 3575 1999 scientias,
3608 1932 3670 1983 tu

281 2009 703 2091 βεϐαπτισμένην
744 2012 843 2080 τὴν
874 2012 1060 2086 ψυχήν
1093 2011 1402 2089 περιιρὲρεις
1424 2027 1437 2041 ·
1470 2013 1586 2070 πῶς
1645 2007 1771 2084 οὐχὶ
1823 2004 1907 2061 δι-

274 2102 431 2166 καίως
485 2100 737 2177 ὀδύρεταί
788 2121 845 2155 σε
901 2102 929 2154 ὁ
985 2102 1318 2178 προφήτης
1368 2100 1491 2154 ’Ὀτι
1551 2091 1695 2172 ἔχων
1749 2096 1905 2171 ίσχὺν

271 2192 649 2265 πνευματικὴν,
701 2191 898 2258 ἀσθενῆ
957 2187 1125 2258 αὐτὴν
1168 2193 1342 2250 ποιεῖς
1399 2190 1468 2261 τῇ
1529 2187 1759 2260 ἀμετρίᾳ
1810 2191 1907 2240 τοῦ

272 2280 430 2339 οἴνου.
463 2280 563 2335 Καὶ
597 2281 757 2353 ὁ(63)
791 2275 1174 2352 ὁποιῳδήποτε
1229 2276 1382 2332 πάθει
1423 2283 1522 2345 τῆς
1581 2277 1766 2349 ψυχῆς
1819 2295 1907 2329 κε-

271 2369 627 2446 κρατημένος,
659 2368 827 2423 οἷονεί
877 2367 951 2429 εἷς
989 2365 1157 2440 μέθην
1190 2366 1441 2441 ἐναχθεὶς
1488 2364 1626 2419 κατὰ
1670 2365 1769 2431 τήν
1823 2363 1907 2439 ἰγ-

270 2457 552 2534 γενομίνην
605 2458 755 2530 αὐτῷ
811 2457 915 2511 ὑπὸ
983 2460 1081 2510 τοῦ
1142 2454 1346 2518 πάθους
1424 2453 1689 2524 ἔκστασιν,
1740 2451 1911 2507 πίνειν

275 2548 402 2602 οἶνον
450 2546 693 2621 λέγεται,
725 2545 813 2600 καὶ
859 2549 1041 2620 κιρνᾷν
1092 2545 1264 2616 ἑαυτῷ
1305 2542 1510 2617 σίκερα·
1545 2541 1677 2617 ὅπερ
1735 2539 1908 2616 ἑρμη-

274 2635 550 2709 νευόμενον
585 2629 832 2710 ἔγνωμεν
882 2637 1148 2706 μὲθυσμω
1181 2637 1244 2688 τὸ
1302 2633 1404 2708 γὰρ
1454 2628 1909 2708 ἀπαρακολούθη-

269 2741 356 2779 τον
387 2723 600 2797 ὁμοίως
628 2723 718 2776 καὶ
747 2724 853 2777 ἀπὸ
887 2721 1089 2792 λύπης,
1124 2719 1212 2775 καί
1272 2721 1378 2775 ἀπὸ
1433 2715 1626 2797 φόϐου,
1659 2719 1747 2774 καὶ
1795 2721 1906 2793 (64)

271 2810 477 2885 ἡδονῆς,
525 2811 622 2867 καὶ
673 2809 962 2883 ἐπιθυμίας
1005 2809 1268 2886 ἐγγίνεται
1323 2812 1391 2882 τῇ
1437 2812 1612 2884 ψυχῇ,
1650 2812 1746 2863 τοῦ
1807 2805 1910 2862 λο-

269 2906 453 2975 γισμοῦ
508 2898 924 2977 κεκρατημένον)
981 2899 1084 2953 ὑπὸ
1130 2902 1227 2952 τοῦ
1286 2898 1515 2960 πάθους·
1547 2897 1683 2951 ὥστε
1739 2899 1905 2969 ἡμεῖς

270 2991 316 3042 οἱ
343 2986 618 3061 δυνάσται,
652 2989 704 3042 οἱ
752 2988 850 3055 τὴν
897 2985 1222 3062 προστασίαν
1272 2989 1368 3040 τοῦ
1417 2983 1552 3040 λαοῦ
1601 2983 1904 3060 ἐγκεχειρι-

271 3077 466 3149 σμένοι,
499 3077 601 3132 κᾶν
658 3075 746 3130 ἐπὶ
800 3075 967 3129 ποσὸν
1028 3074 1130 3129 ὑπὸ
1177 3077 1275 3128 τοῦ
1322 3074 1526 3135 πάθους
1557 3073 1904 3149 κρατώμεθα,

266 3165 345 3220 καὶ
375 3163 625 3239 δοκῶμεν
679 3163 810 3218 αὐτὸ
856 3165 967 3235 (65)
1009 3166 1437 3238 κατακιρνῶντες
1491 3166 1571 3234 τῷ
1629 3162 1901 3236 λογισμῷ,

2015 2014 2211 2065 tamen
2236 2008 2502 2064 animum
2523 2009 2656 2064 vino
2680 2011 3027 2066 immersam
3051 2012 3452 2088 circumferas,
3479 2033 3670 2074 nonne

2011 2098 2146 2168 jure
2172 2098 2394 2168 optimo
2421 2101 2478 2153 te
2509 2098 2682 2153 deﬂet
2704 2115 2769 2154 ac
2791 2097 3147 2156 lamentatur
3171 2103 3496 2174 propheta?
3523 2105 3668 2161 Nam

2018 2202 2152 2241 cum
2186 2202 2364 2258 penes
2389 2190 2445 2242 te
2476 2186 2554 2242 sit
2582 2187 2668 2242 vis
2699 2188 3046 2260 spiritualis,
3074 2207 3198 2246 eam
3229 2191 3347 2246 vini
3382 2193 3670 2266 intempe-

2019 2275 2209 2330 rantia
2247 2275 2442 2331 reddis
2485 2275 2859 2333 imbecillem.
2893 2279 2962 2334 Et
2991 2280 3386 2353 qualicunque
3431 2284 3666 2339 tandem

2019 2363 2397 2420 succubuerit
2424 2365 2558 2436 quis
2589 2367 3010 2437 perturbationi
3043 2369 3275 2441 animae,
3303 2370 3354 2427 is
3388 2376 3667 2444 tanquam

2018 2452 2078 2508 in
2116 2453 2455 2509 ebrietatem
2487 2453 2786 2525 inductus,
2813 2472 2913 2527 per
2945 2456 3096 2514 hanc
3128 2459 3341 2514 mentis
3374 2459 3672 2518 alienatio-

2020 2558 2153 2597 nem
2185 2558 2252 2597 ex
2289 2542 2429 2598 vitio
2459 2547 2671 2609 ortam,
2700 2544 2898 2600 bibere
2929 2546 3152 2613 vinum,
3174 2554 3231 2603 et
3273 2549 3384 2604 sibi
3420 2550 3668 2608 siceram

2019 2631 2264 2686 miscere
2290 2630 2544 2688 dicitur:
2573 2632 2728 2704 quod
2763 2650 2976 2690 nomen
3012 2635 3280 2691 novimus
3309 2637 3357 2692 si
3390 2637 3668 2710 interpre-

2017 2724 2209 2774 temur
2238 2719 2576 2774 ebrietatem
2616 2722 2969 2792 signiﬁcare.
2994 2723 3138 2776 Nam
3186 2725 3409 2780 ratione
3441 2727 3666 2782 vitiosis

2018 2808 2321 2862 affectibus
2357 2809 2507 2864 509
2549 2810 2926 2878 inserviente,
2954 2811 3074 2882 pari
3111 2813 3282 2868 modo
3314 2819 3370 2868 et
3402 2814 3663 2882 tristitia,

2017 2903 2072 2952 et
2104 2897 2296 2964 timor,
2313 2904 2368 2951 et
2389 2896 2751 2968 voluptas,et
2774 2899 3086 2970 cupiditas,
3110 2901 3360 2972 ineptias
3383 2919 3448 2956 ac
3477 2903 3662 2974 stupi-

2016 2986 2259 3039 ditatem
2291 2985 2350 3039 in
2383 2985 2581 3040 anima
2613 2992 2941 3056 procreant.
2976 2988 3092 3043 Nos
3135 2988 3332 3059 itaque
3372 2994 3662 3061 potentes,

2015 3074 2114 3144 qui
2148 3072 2358 3144 populo
2406 3090 2616 3128 sumus
2648 3075 2922 3145 praefecti,
2967 3076 3016 3131 si
3046 3075 3130 3132 vel
3183 3077 3494 3133 minimum
3525 3079 3662 3134 vitio

2013 3162 2493 3230 succumbamus,
2519 3160 2652 3217 licet
2672 3163 2915 3219 rationis
2938 3169 3470 3236 temperamentum
3495 3166 3664 3222 adhi-

267 3254 517 3330 χαλινῶν
583 3258 661 3325 τῷ
718 3251 867 3328 λόγῳ
917 3251 1007 3306 καὶ
1067 3251 1305 3327 ἐπέχειν,
1335 3252 1436 3306 οὐκ
1465 3247 1564 3321 ἔξω
1597 3251 1754 3325 ἐσμὲν
1805 3255 1902 3306 τοῦ

2022 3250 2451 3320 bcntes,vitium
2475 3250 2699 3306 ratione
2721 3252 2947 3307 frenare
2970 3270 3034 3308 ac
3056 3254 3319 3311 inhibere
3334 3256 3663 3321 videamur,

264 3345 632 3414 ταλανίζεσθαι
685 3342 772 3398 ἐπὶ
839 3349 957 3404 τοῖς
1017 3341 1310 3404 τοιούτοις.
1366 3342 1518 3410 Μέθη
1577 3342 1676 3416 γὰρ
1733 3338 1904 3410 δεινὴ,

265 3431 540 3511 φιλοδοξία
601 3434 735 3507 (66),
774 3431 864 3486 καὶ
918 3428 1204 3508 φιλαρχία.
1240 3430 1420 3483 Δεινὸν
1478 3427 1727 3503 μέθυσμα
1775 3429 1906 3506 φθό-

265 3543 364 3594 νος,
388 3519 561 3577 δεινὸν
597 3523 632 3590 ὴ
671 3519 973 3592 ὑπόκρισις,
1005 3518 1092 3573 καὶ
1123 3519 1158 3587 ἡ
1189 3522 1284 3573 τοῦ
1313 3517 1547 3587 πλησίον
1575 3517 1898 3573 καταλαλιά·

263 3611 334 3672 οἷς
391 3611 717 3684 μεθυσθεῖσα
772 3611 807 3678 ἢ
860 3607 1013 3683 ψυχὴ
1070 3605 1471 3662 ἐπιλανθάνεται
1530 3614 1630 3674 τῆς
1687 3607 1898 3684 σοφίαςο

262 3697 413 3754 Οὖδὶν
466 3700 576 3776 γὰρ
629 3698 770 3752 οὕτω
810 3701 1002 3772 συιαεῖ
1027 3695 1094 3750 τὰ
1140 3695 1247 3750 ἀπὸ
1307 3695 1497 3770 σοφίας
1549 3697 1898 3771 θεωρήματα,

261 3789 329 3850 ὡς
356 3793 514 3844 τοῦτο
546 3789 614 3842 τὸ
646 3787 816 3850 πάθος
844 3786 933 3840 καὶ
973 3790 1117 3838 πᾶσα
1147 3783 1403 3860 ἁμαρτία,
1437 3789 1560 3846 Πῶς
1609 3782 1665 3839 δὲ
1695 3787 1723 3840 ὁ
1754 3779 1897 3859 ἔχων

263 3878 436 3954 σοοίαν
470 3873 741 3950 θυμώδης
774 3874 915 3929 ἐστίν
943 3893 957 3943 ;
989 3876 1113 3930 ’Ότι
1147 3871 1300 3926 οὔπω
1347 3873 1437 3926 τὸν
1489 3873 1667 3942 ἀπαθῆ
1727 3873 1897 3948 λέγει,

259 3964 393 4021 ἀλλὰ
418 3966 558 4028 τέως
598 3965 726 4038 περὶ
780 3967 878 4018 τοῦ
936 3962 1338 4035 μετριοπαθοῦς
1399 3958 1722 4036 διαλέγεται.
1757 3962 1902 4015 Καθᾶ

257 4055 337 4109 καὶ
391 4055 441 4110 έν
503 4053 713 4129 ἑτέροις
773 4051 952 4126 λέγει’
1009 4052 1230 4125 ’Ἄφρων
1292 4049 1597 4126 αὐθημερὸν
1659 4049 1903 4126 ἐξαγγέλ-

261 4141 336 4197 λει
391 4145 586 4218 ὀργὴν,
654 4142 818 4218 σοφὸς
877 4139 935 4194 δὲ
988 4137 1302 4212 ταμιεύεται
1358 4141 1493 4193 κατὰ
1555 4139 1738 4214 μέρος.
1797 4141 1902 4196 Τε-

258 4233 628 4305 ταμιευμὲνως
665 4228 754 4284 οὖν
789 4231 886 4299 τὴν
923 4229 1088 4304 ὀργὴν
1122 4226 1410 4304 προφέρειν
1464 4226 1607 4301 λέγει
1663 4229 1754 4282 τὸν
1806 4226 1899 4283 λό-

260 4319 432 4392 γισμῷ
482 4321 604 4392 (67)
669 4320 1005 4393 ἡνιοχοῦντα
1062 4316 1123 4370 τὸ
1180 4317 1370 4385 πάθος,
1401 4316 1521 4378 καθ’
1577 4315 1606 4369 ὃ
1664 4312 1898 4391 εἷ’ρηταιο

259 4407 558 4484 Ὀργίζεσθε
623 4406 710 4461 καὶ
791 4407 865 4479 μὴ
944 4406 1292 4478 ἁμαρτάνετε.
1349 4404 1409 4460 Ὁ
1471 4400 1527 4457 δὲ
1581 4402 1774 4479 Κύριος
1837 4404 1939 4459 τά

258 4497 564 4572 τελειότερα
645 4491 966 4561 διατάσσων,
1022 4491 1185 4570 φησὶν
1244 4489 1488 4564 ἐκτεμεῖν
1544 4491 1784 4557 καθόλου
1841 4493 1902 4547 τὸ

259 4584 440 4655 πάθος,
475 4583 612 4659 οὐχὶ
641 4581 890 4651 κολάζειν
923 4580 1154 4638 κελεύει.

2020 3339 2407 3394 nihilominus
2447 3343 2643 3394 tamen
2675 3339 2746 3395 ob
2797 3340 3136 3412 hujusmodi
3169 3360 3377 3400 causas
3411 3345 3666 3401 dicimur

2019 3428 2239 3484 miseri.
2258 3427 2398 3484 Nam
2423 3427 2619 3501 gloriae
2641 3446 2800 3484 vanas
2830 3431 3043 3503 cupido
3067 3435 3122 3487 et
3144 3433 3506 3505 principatus
3535 3439 3665 3490 stu-

2013 3519 2198 3586 dium,
2222 3517 2415 3591 gravis
2447 3517 2696 3574 ebrietas
2721 3522 2830 3574 est.
2855 3519 3058 3576 Gravis
3089 3522 3434 3578 temulentia
3461 3527 3551 3579 est
3581 3525 3665 3578 in-

2010 3607 2187 3677 vidia,
2223 3606 2548 3680 hypocrisis
2580 3609 2636 3662 et
2666 3623 2734 3662 ea
2763 3625 2886 3677 quas
2921 3610 3200 3665 adversus
3237 3612 3566 3683 proximum
3601 3613 3666 3668 fit

2015 3697 2392 3752 obtrectatio:
2414 3695 2629 3767 quibus
2651 3695 2823 3752 malis
2851 3697 3135 3754 iuebriata
3159 3699 3356 3754 anima
3379 3701 3667 3757 oblivisci-

2013 3791 2112 3842 tur
2141 3786 2459 3856 sapientiaa.
2491 3785 2647 3840 Nihil
2679 3786 2835 3842 enim
2867 3788 2950 3843 sic
2975 3789 3251 3843 obturbat
3279 3793 3335 3844 et
3354 3783 3665 3846 confundit

2010 3874 2562 3946 contemplationem
2589 3875 2910 3946 sapientiae,
2940 3883 3004 3930 ut
3026 3877 3230 3932 vitium
3256 3877 3425 3944 illud,
3449 3897 3513 3934 ac
3538 3896 3668 3950 pec-

2011 3969 2201 4018 catum
2237 3979 2428 4017 omne.
2461 3963 2584 4025 Quo
2625 3967 2820 4017 autem
2855 3969 3022 4034 pacto
3052 3964 3286 4034 sapiens
3331 3965 3505 4020 fuerit
3549 3966 3666 4020 ira-

2011 4069 2076 4108 cu
2091 4050 2280 4106 ndus?
2301 4051 2448 4116 Quia
2469 4051 2730 4105 nondum
2753 4057 2824 4104 de
2847 4067 2912 4106 eo
2936 4051 3213 4122 loquitur,
3235 4053 3336 4123 qui
3361 4054 3666 4111 affectibus

2013 4142 2091 4196 sit
2123 4157 2363 4213 prorsus
2409 4139 2713 4208 immunis,
2741 4140 2840 4194 sed
2894 4140 3178 4196 hactenus
3207 4142 3277 4197 de
3308 4158 3374 4196 eo
3407 4142 3666 4213 disserit,

2012 4230 2183 4300 cujus
2206 4228 2444 4283 affectus
2468 4231 2698 4282 exstant
2721 4227 3060 4283 mediocres.
3084 4229 3589 4292 Quemadmodum
3609 4237 3666 4286 et

2014 4317 2151 4372 alibi
2175 4316 2318 4372 dicit
2342 4333 2354 4370 :
2379 4318 2651 4388 [nsipiens
2672 4316 2864 4372 eadem
2881 4316 2968 4372 die
2989 4317 3167 4387 prodit
3188 4320 3329 4373 iram
3347 4321 3390 4353 ⁷⁸
3410 4339 3428 4375 :
3451 4323 3668 4390 sapiens

2010 4422 2136 4461 vero
2177 4422 2299 4460 eam
2341 4413 2582 4460 reservat
2623 4421 2726 4476 per
2771 4415 2953 4476 partes
2974 4406 3037 4459 ⁷⁷.
3065 4405 3266 4478 Itaque
3296 4408 3395 4478 qui
3447 4409 3669 4464 ratione

2014 4495 2396 4566 cupiditatem
2447 4510 2513 4548 ac
2561 4494 2767 4548 vitium
2819 4495 3029 4563 frenat,
3062 4495 3134 4549 ab
3182 4511 3247 4550 eo
3301 4495 3447 4551 iram
3498 4515 3672 4568 parce

1932 4569 1978 4632 D
2011 4588 2067 4638 et
2115 4585 2409 4638 moderate
2467 4583 2713 4653 proferri
2763 4584 2940 4651 dicit;
2992 4583 3146 4638 sicut
3195 4584 3481 4656 scriptum
3533 4591 3670 4642 est:

256 4675 574 4732 Irascimim'
601 4682 654 4730 et
681 4674 851 4729 nolite
876 4689 1105 4744 peccare
1129 4671 1193 4726 ⁷⁸.
1227 4672 1508 4728 Dominus
1542 4677 1735 4728 autem
1787 4672 1888 4744 qui
1929 4672 2100 4744 jubet
2147 4670 2494 4744 perfectiora
2513 4673 2580 4740 7°,
2607 4672 2688 4727 ait
2717 4672 2923 4727 vitium
2956 4673 3101 4728 illud
3135 4690 3263 4729 esse
3295 4675 3528 4746 penitus
3562 4678 3666 4731 ab-

257 4765 670 4834 scindendum,
702 4779 818 4818 non
848 4762 1295 4835 temperandum
1328 4778 1394 4818 ac
1428 4761 1858 4834 castigandum.

319 4909 362 4942 ⁷⁸
389 4909 532 4980 Sep.
563 4923 648 4978 v1,
677 4907 733 4962 7.
809 4905 854 4941 ’³⁸
886 4905 1026 4960 Luc.
1058 4921 1160 4975 x11,
1193 4904 1281 4959 48.
1357 4905 1401 4939 ⁷³
1433 4904 1594 4959 Prov.
1630 4921 1732 4974 xu,
1768 4905 1852 4960 16.

2022 4909 2167 4961 Prov.
2199 4923 2316 4976 xxx,
2349 4907 2433 4961 11.
2510 4907 2554 4941 ⁷⁸
2583 4904 2736 4961 Psal.
2770 4921 2845 4970 1v,
2877 4905 2932 4960 5.
3009 4905 3054 4939 7°
3083 4904 3283 4960 Matth.
3318 4923 3373 4976 v,
3405 4905 3495 4960 29.

321 5050 430 5122 (60)
463 5049 644 5122 ψιλὰ,
674 5049 864 5122 κινῶν,
896 5064 964 5102 ex
994 5047 1134 5122 Reg.
1170 5049 1381 5122 quarto
1411 5046 1679 5101 additum
1711 5050 1818 5103 est.

322 5115 432 5191 (61)
463 5120 711 5192 Veteres
742 5115 968 5192 aliquot
998 5115 1153 5192 libri,
1188 5115 1265 5188 μὴ
1298 5115 1588 5192 πιέτωσαν.

325 5185 434 5261 (62)
466 5191 629 5246 Editi
678 5195 736 5247 et
785 5185 927 5263 Reg.
955 5185 1212 5263 primus,
1243 5188 1391 5263 πρὸς
1411 5189 1520 5263 τὰς
1545 5185 1770 5263 ἡδονάς.
1801 5188 1912 5244 Alii

261 5259 524 5351 quinque
550 5278 726 5351 mss,
747 5259 1004 5351 np‘bs'Pza‘ic
1036 5259 1220 5351 ὀργάς(
1247 5259 1465 5351 Statim
1485 5260 1650 5351 Regii
1673 5261 1911 5351 primus

260 5327 313 5389 et
359 5327 634 5406 quartus,
666 5327 1078 5407 πφάλάϐωψ
1102 5327 1330 5407 ἕξαλμα,
1371 5327 1702 5407 acceperint
1738 5335 1909 5407 impe-

260 5402 422 5460 tum':
453 5422 600 5477 quae
623 5402 912 5477 scriptura
968 5404 1142 5477 alicui
1195 5402 1431 5477 librario
1463 5420 1622 5477 cu_m_
1656 5420 1798 5477 non_
1821 5402 1910 5458 ita

260 5474 506 5548 multum
543 5474 821 5548 placeret,
853 5474 1226 5548 innimargine
1258 5474 1419 5545 Regii
1455 5475 1626 5548 primi
1676 5475 1907 5548 sapiens

258 5553 338 5606 ter
393 5543 664 5628 addidit,
721 5543 853 5628 ἴσως
921 5543 1282 5628 ξξαμμᾱιηΕι
1337 5543 1471 5628 vero
1525 5543 1908 5628 ἔξαμμαῖοιοεί

258 5627 524 5692 oportere
557 5636 632 5676 ex
671 5621 844 5678 editis
891 5626 948 5677 et
997 5617 1067 5676 ex
1112 5617 1241 5676 aliis
1273 5623 1523 5689 quatuor
1554 5617 1694 5675 mss.
1731 5617 1906 5675 disci-

258 5707 409 5748 mus.

2090 5048 2202 5118 (63)
2233 5051 2316 5102 Ita
2344 5046 2605 5118 quinque
2653 5048 2904 5120 mss._At
2951 5046 3013 5101 in
3063 5046 3234 5103 editis
3285 5063 3449 5120 eaque
3496 5065 3562 5104 ac
3611 5049 3669 5104 in

2021 5117 2163 5185 Reg.
2186 5117 2384 5189 primo
2420 5117 2582 5172 deest
2613 5117 2916 5189 articulus.

2091 5187 2207 5262 (64)
2237 5190 2495 5262 Uterque
2515 5189 2697 5254 Colb.,
2729 5187 2818 5241 καὶ
2849 5187 2976 5244 ἀπό.

2090 5259 2203 5331 (65)
2237 5261 2408 5385 lildditi,
2440 5259 2606 5332 αὐτῷ.
2638 5264 2710 5316 Αι
2741 5266 2985 5334 uterque
3015 5260 3270 5318 Combef.
3306 5265 3363 5316 et
3400 5261 3495 5316 alii
3528 5276 3668 5331 qua-

2090 5350 2169 5385 ΟΓ.
2199 5351 2294 5385 αυτ
2337 5375 2348 5385 .

2018 5337 2169 5398 tuor,
2199 5330 2348 5387 αὐτό.

2088 5407 2200 5480 (66)
2232 5405 2380 5480 Editi
2435 5409 2510 5480 et_
2542 5404 2682 5476 Reg.
2718 5405 2967 5480 primus,
3015 5403 3104 5457 καὶ
3151 5398 3455 5480 φιλοδοξία.
3490 5399 3663 5470 Illud,

2017 5475 2126 5542 καί,
2164 5479 2220 5530 in
2253 5476 2384 5531 aliis
2416 5475 2675 5547 quinque
2707 5475 2847 5532 mss.
2877 5477 3060 5547 deest.

2091 5548 2202 5618 (67)
2235 5548 2385 5604 Editi
2420 5543 2478 5620 et
2498 5543 2637 5620 Reg.
2665 5547 2910 5619 primus,
2934 5547 3024 5600 τὸν
3055 5543 3342 5620 λογισμόν.
3365 5543 3665 5620 Alii‘quin-

2018 5634 2133 5692 que
2187 5617 2356 5690 mss,,
2401 5619 2490 5672 τὸν
2542 5617 2819 5692 λογισμῷ,
2869 5635 2993 5674 eum
3041 5617 3145 5688 qui
3191 5619 3408 5673 ratione
3453 5617 3664 5689 frenat,

2019 5690 2254 5760 Optime.
