4118 6220
269 345 377 404 421

1098 339 1507 403 COMMENT.
1551 337 1631 400 ΙΝ
1674 333 1942 398 ῙΒΑΙΑΜ
1987 331 2492 396 PROPHETAM.
2538 336 2707 398 CAP.
2754 338 2832 399 ν.

3550 349 3668 408 422

267 472 321 530 δὲ
350 474 402 529 οἱ
450 471 558 529 ἀπὸ
613 477 720 527 τῶν
773 475 872 527 τοῦ
901 472 1110 544 κόσμου
1148 469 1344 526 τούτου
1398 467 1728 546 πραγμάτων
1760 463 1900 542 γνώ-

2018 464 2102 523 les
2133 470 2290 538 sunt,
2313 467 2409 538 qui
2442 485 2510 524 ex
2542 467 2721 540 hujus
2771 469 2977 526 mundi
3027 471 3204 529 rebus
3250 472 3507 533 illustres
3531 494 3662 535 eva-

261 583 436 639 ριμοι,
495 561 582 616 ἐπὶ
642 562 838 636 σαθρᾶς
873 555 1180 637 βεϐηκὸτης
1236 566 1335 629 τῆς
1383 559 1613 635 βάσεως,
1667 554 1905 612 διάκεκοι

258 653 350 707 τὸν
400 649 506 706 ἔσω
565 649 871 727 ἄνθρωπον,
927 653 981 723 ιῇ
1039 648 1329 722 ἀνωμαλίᾳ
1385 652 1493 702 τῶν
1551 651 1647 702 τοῦ
1692 645 1904 718 κόσμου

255 739 458 795 τούτου
523 742 856 814 πραγμάτων
910 743 1196 807 συζῶντες.
1251 738 1339 792 Διὶ
1383 741 1544 792 τοῦτο
1589 734 1646 790 ὅν
1699 734 1902 810 τρόπον

254 831 584 899 καυθήσεται
632 826 855 900 καλάμη
911 827 1013 882 ὑπὸ
1061 823 1323 898 ἄνθρακος
1374 826 1562 902 πυρὸς,
1596 823 1737 879 οὕτω
1769 821 1902 899 φησὶ

251 915 761 991 καταφλεγήσεσθαι
792 917 888 978 τὰς
922 914 1072 992 ῥίζας
1109 915 1284 970 αὑτῶν
1330 915 1435 970 ὑπὸ
1467 913 1672 990 φλογὸς
1725 913 1900 984 ἀνημ-

256 1009 458 1079 μένης.

331 1116 456 1169 480.
489 1111 750 1185 Ἀνθραεκ
780 1107 838 1164 δὲ
869 1109 980 1165 ἐστι
1028 1115 1134 1185 πῦρ
1187 1107 1406 1184 γεῶδες,
1468 1108 1600 1182 μετᾶ
1655 1109 1754 1176 τὴν
1802 1111 1900 1175 τῆς

248 1199 463 1279 φλογὸς
493 1197 730 1274 πάροδον
779 1203 847 1272 τῇ
896 1199 1178 1274 παχυτίρᾳ
1212 1198 1315 1272 ὕλῃ
1344 1198 1720 1270 ὶναπομεῖνανο
1751 1197 1900 1253 Ἐπεὶ

249 1289 348 1344 οὖν
377 1291 432 1344 οἱ
473 1288 730 1361 ἆμπαθῶς
783 1293 973 1356 ζῶντες
1029 1287 1230 1341 οἰκεῖον
1289 1282 1476 1361 ἔχουσι
1523 1287 1584 1340 τὸ
1637 1289 1744 1340 τῶν
1797 1306 1900 1339 πα-

248 1384 363 1442 θῶν
423 1382 553 1450 πῦρ,
613 1377 687 1437 ὡς
718 1378 746 1430 6
804 1373 1071 1437 πλούσιος
1130 1371 1275 1430 ἔνδον
1310 1377 1424 1450 εἶχε
1453 1376 1550 1443 τὴν
1583 1374 1758 1429 αἰτίαν
1800 1375 1897 1442 τὴν

242 1467 733 1542 καταφρύσσουσαν
762 1465 925 1519 αὐτὸν
973 1468 1052 1535 τῷ
1111 1461 1274 1536 δίψει,
1334 1461 1424 1518 διὰ
1473 1469 1635 1518 τοῦτο
1662 1468 1778 1524 τοῖς
1808 1462 1900 1516 πί-

243 1577 401 1610 νουσι
431 1556 523 1609 τὸν
557 1555 702 1608 οἶνον
733 1551 952 1608 ἀπειλεῖ
999 1553 1074 1615 ὡς
1113 1551 1388 1628 οἰνόφλυξι
1421 1552 1512 1605 τὸν
1547 1550 1605 1606 ἐκ
1646 1559 1747 1620 τῆς
1776 1551 1902 1605 καύ-

245 1665 385 1705 σεως
443 1640 770 1720 ἀφανισμόν.
832 1638 1052 1709 Ἐπειδὴ
1111 1638 1169 1694 δὲ
1231 1641 1320 1694 καὶ
1373 1637 1546 1694 ἕνεκεν
1598 1637 1788 1713 δώρων
1838 1641 1900 1693 τὸ

245 1730 459 1788 δίκαιον
507 1729 908 1807 διαστρέφουσι,
965 1730 1055 1784 καὶ
1102 1731 1201 1796 τήν
1251 1729 1397 1803 ῥίζαν
1450 1728 1624 1783 αὐτῶν
1667 1749 1898 1802 συγκαυ-

2016 555 2165 610 dunt
2193 571 2258 610 ac
2289 557 2592 628 conspicui
2623 575 2634 612 :
2661 559 2876 631 quippe
2917 561 3075 632 putri
3113 561 3494 621 fundamento
3526 567 3668 636 nixi,

2016 648 2068 700 et
2093 645 2263 716 juxta
2307 645 2643 702 interiorem
2677 648 2977 704 hominem
3011 651 3199 719 vacui,
3233 653 3385 709 inter
3415 657 3665 712 munda-

2016 749 2226 788 narum
2268 751 2462 790 rerum
2506 736 2961 794 inconstantiam
2996 757 3060 795 ac
3093 740 3554 814 inaequalitatem
3587 745 3668 801 vi-

2013 825 2133 875 tam
2167 840 2334 878 suam
2367 825 2702 880 traducunt.
2730 827 2871 882 Eam
2898 829 2969 884 ob
3003 845 3266 899 causam,
3291 834 3666 902 quemadmo-

2013 910 2153 964 dum
2208 917 2411 967 uretur
2451 914 2670 986 stipula
2721 933 2751 970 a
2801 917 3052 972 carbone
3102 919 3278 990 ignis,
3312 920 3392 977 ita
3440 923 3667 980 radices

2012 1015 2214 1055 eorum
2246 1018 2279 1055 a
2311 1001 2550 1058 ﬂamma
2595 1021 2841 1060 accensa
2873 1006 3130 1062 afﬁrmat
3159 1009 3540 1067 combustum
3573 1010 3662 1065 iri.

2088 1108 2206 1161 180.
2241 1108 2342 1163 Est
2389 1114 2585 1164 autem
2629 1113 2805 1166 carbo
2839 1112 3010 1182 ignis,
3035 1114 3204 1184 quasi
3256 1117 3550 1172 terrestris
3600 1134 3666 1173 ac

2013 1196 2278 1266 spissior,
2306 1197 2405 1268 qui
2456 1209 2587 1269 post
2637 1201 2893 1255 materiis
2945 1203 3255 1258 transitum
3289 1204 3346 1259 in
3379 1207 3694 1262 crassiore"

2014 1286 2258 1340 materia
2281 1290 2865 1353 remanet.Quoniam
2897 1291 3077 1361 igitur
3106 1292 3144 1346 ii
3167 1293 3265 1363 qui
3293 1293 3446 1349 inter
3467 1296 3669 1352 turbu-

2012 1372 2200 1428 lentos
2213 1375 2393 1429 animi
2407 1375 2653 1431 aﬂ'ectus
2667 1377 3403 1450 vivunt,perturbationum
3422 1400 3662 1440 suarum

2011 1461 2229 1517 habent
2258 1465 2452 1534 ignem
2487 1467 3379 1538 peculiarem,quemadmodum
3415 1478 3471 1527 et
3501 1474 3665 1531 dives

2012 1550 2107 1606 ille
2143 1552 2496 1609 intrinsecus
2526 1554 2780 1610 habebat
2810 1573 3070 1623 causam,
3099 1575 3226 1630 quae
3251 1577 3350 1631 per
3383 1561 3544 1617 sitim
3576 1563 3665 1634 ip-

2011 1656 2143 1694 sum
2177 1641 2546 1713 incendebat,
2567 1643 2784 1700 idcirco
2808 1643 3007 1700 vinum
3041 1645 3379 1705 bibentibus
3402 1650 3487 1705 uti
3507 1651 3669 1706 vino-

2011 1727 2188 1783 lentia
2207 1734 2535 1786 extremum
2557 1747 2658 1803 per
2675 1733 2972 1788 flammam
2989 1734 3234 1790 exitium
3250 1738 3664 1795 comminatur.

245 1820 504 1893 θήσεσθαί
561 1841 723 1897 φησιν
789 1820 891 1874 ὑπὸ
923 1816 1126 1895 φλογὸς
1156 1818 1499 1891 (ἷινημμὲνης⁹
1535 1817 1686 1892 ῥίζαν
1721 1815 1896 1892 λέγων

2015 1818 2117 1872 Sed
2150 1819 2289 1888 quia
2319 1825 2556 1891 propter
2587 1837 2833 1878 munera
2863 1823 3037 1878 etiam
3065 1825 3168 1894 jus
3203 1833 3558 1897 pervertunt,
3589 1829 3671 1884 ait

238 1911 346 1978 τὴν
379 1907 738 1988 φιλαργυρίαν
773 1905 1052 1976 δηλονότι,
1113 1907 1236 1982 περὶ
1268 1907 1333 1975 ἧς
1382 1906 1470 1960 καὶ
1504 1906 1531 1960 ό
1561 1905 1895 1967 Ἀπόστολος

241 2001 583 2076 ἀπεφήνατο,
659 1997 742 2052 ὅτι
810 1995 957 2065 Ῥίζα
1017 1997 1232 2051 πάντων
1289 1999 1395 2050 τῶν
1445 1999 1626 2049 κακῶν
1676 1995 1814 2048 ἔστιν
1863 1997 1897 2063 ἡ

242 2087 601 2166 φιλαργυρία.
654 2085 793 2142 Ἀπὸ
846 2083 903 2139 δὲ
943 2086 1199 2152 τοιαύτης
1227 2084 1379 2158 ῥίζης
1413 2084 1602 2138 ὁποῖον
1635 2083 1696 2137 τὸ
1745 2080 1901 2144 ἄνθος

241 2177 394 2240 εἰκὸς
442 2171 768 2242 ἀναϐαίνειν,
821 2173 854 2242 ἢ
903 2179 1172 2246 κονιορτῷ
1225 2172 1628 2246 παραπλήσιον,
1686 2171 1899 2245 άστάτῳ

243 2268 403 2343 φύσει
453 2265 544 2319 καὶ
579 2261 974 2335 σκεδαννυμένῃ
1017 2262 1091 2320 εἷς
1135 2261 1301 2336 ἀέρα;
1336 2264 1402 2316 ’Ἡ
1438 2263 1670 2334 μήποτε,
1717 2260 1898 2337 ὥσπερ

244 2356 276 2410 6
323 2354 610 2427 κονιορτὸς
653 2349 962 2424 ἐμποδίζῶν
1014 2357 1132 2412 ταῖς
1181 2351 1494 2417 ἀναπνοαῖς,
1556 2345 1898 2405 ἐπιϐουλεύει

240 2445 406 2513 ἡμῶν
466 2446 537 2514 τῇ
598 2441 728 2515 ζωῇ·
773 2441 916 2494 οὕτω
945 2441 1032 2494 καὶ
1062 2440 1128 2493 τὰ
1165 2447 1266 2506 τῆς
1329 2439 1690 2514 φιλαργυρίας
1741 2437 1898 2510 ἄνθη,

244 2532 302 2585 αἱ
331 2529 660 2600 πλεονεξίαι,
693 2529 748 2583 αἱ
801 2527 1028 2596 ἀδικίαι,
1059 2529 1122 2582 τὸ
1153 2525 1372 2600 ψεῦδος,
1422 2528 1476 2580 αἱ
1528 2527 1895 2605 συκοφαντίαι,

242 2619 311 2674 τὰ
358 2619 504 2673 αλλα
551 2618 649 2672 ὅσα
701 2621 801 2683 τῆς
851 2623 1093 2691 πονηρᾶς
1142 2615 1299 2692 ῥίζης
1350 2615 1460 2670 ἐστὶ
1515 2615 1895 2690 βλαστήματα,

247 2708 560 2783 ἀναιρετικᾶ
606 2710 706 2777 τῆς
751 2712 896 2776 ζωῆς
946 2709 1104 2778 ἡμῶν
1154 2705 1286 2773 ἐστι,
1345 2709 1414 2778 τῇ
1445 2701 1773 2780 καθαρότητι
1802 2709 1898 2758 τοῦ

242 2798 553 2870 πνεύματος
585 2792 971 2868 ἑμποδίζονττ.
1019 2791 1241 2871 Σφύδρα
1286 2790 1342 2847 δὲ
1369 2793 1899 2869 παρατετηρημένως

248 2886 350 2940 οὐκ
398 2886 551 2953 εἷπε,
600 2884 696 2937 Καὶ
753 2884 781 2938 6
837 2881 1042 2954 καρπὸς
1096 2879 1295 2951 αὐτῶν,
1352 2877 1535 2947 ἀλλὰ,
1610 2882 1684 2938 Τὸ
1741 2878 1900 2944 ἄνθος

251 2974 451 3028 αὐτῶν.
506 2971 706 3040 Ἀτελῆ
755 2971 858 3047 γὰρ
906 2971 972 3024 τὰ
1019 2975 1118 3038 τῆς
1166 2969 1358 3030 κακίας
1416 2966 1794 3043 βλαστήματα,
1844 2968 1894 3022 ἐν

250 3064 389 3134 αὐτῇ
417 3066 488 3136 τῇ
526 3061 840 3136 βλαστήοει,
898 3059 987 3114 καὶ
1045 3063 1126 3130 τῷ
1183 3058 1385 3132 πρώτῳ
1442 3055 1586 3120 ἄνθει
1645 3057 1898 3134 ἀφανιζό-

257 3173 409 3224 μενα.
521 3150 677 3208 Εἶδον
773 3150 874 3225 γὰρ
973 3149 1065 3203 τὸν
1154 3141 1320 3215 ἀσεϐῆ
1407 3145 1846 3220 ὑπερυψούμενον
1878 3189 1893 3216 ,

250 3241 339 3295 καὶ
397 3239 704 3311 παρῆλθον,
761 3239 850 3292 καὶ
905 3234 1023 3292 ἰδοῦ
1051 3237 1149 3291 οὑκ
1177 3236 1267 3304 ἦν.
1297 3237 1359 3291 Ὀ
1411 3237 1504 3307 μὶν
1539 3233 1630 3289 οὖν
1662 3231 1892 3302 δίκαιος,

253 3329 415 3391 ὡςτὸ
467 3325 629 3397 ξύλον
688 3325 799 3380 ἐστὶ
850 3326 913 3380 τὸ
967 3323 1368 3402 πεφυτευμένον
1420 3326 1565 3396 παρά
1607 3324 1700 3384 τὰς
1759 3320 1895 3393 διεξ-

251 3416 410 3478 όδους
467 3420 575 3470 τῶν
637 3412 870 3483 ὑδάτων,
929 3411 1170 3482 διηνεκεῖ
1223 3416 1290 3485 τῇ
1338 3410 1568 3488 ὲπιρῥοῇ
1621 3418 1722 3480 τῆς
1755 3417 1897 3481 ζωῆς

248 3503 675 3580 καταρδόμενος’
715 3509 812 3558 τοῦ
860 3500 918 3558 δὶ
964 3499 1298 3576 ἁμαρτωλοῦ
1356 3503 1391 3570 ἡ
1447 3499 1567 3574 ῥίζα
1598 3502 1899 3575 συγκαυθή-

249 3615 422 3661 σεται,
502 3593 601 3648 Καὶ
676 3593 739 3647 τὸ
816 3591 976 3656 ἄνθος
1055 3591 1128 3652 ὡς
1211 3590 1490 3662 κονιορτὸς
1549 3585 1896 3659 ἀναϐήσεται.

245 3685 395 3738 Διότι
457 3682 559 3737 οὐκ
615 3680 892 3750 ἤθέλησαν
961 3681 1051 3734 τὸν
1127 3679 1294 3751 νόμον
1368 3679 1567 3753 Κυρίου
1617 3681 1731 3751 (73)
1790 3685 1897 3733 Σα-

245 3768 419 3838 ϐαὼθ,
490 3770 636 3825 ἀλλᾶ
703 3771 764 3824 τὸ
831 3767 1020 3843 λόγιον
1080 3771 1177 3822 τοῦ
1235 3767 1396 3841 ἁγίου
1473 3764 1694 3840 Ἰσραὴλ
1762 3787 1899 3841 παρ-

247 3862 458 3930 ώξυναν
489 3901 501 3914 .
565 3859 751 3929 Νόμον
811 3857 898 3911 καὶ
963 3855 1146 3930 λόγιον
1194 3851 1490 3928 διαφόρους
1542 3853 1685 3928 λέγει
1737 3875 1902 3930 προσ-

248 3947 486 4024 ηγορίας
546 3947 764 4020 Κυρίου,
825 3945 924 4000 Διὰ
977 3949 1137 3999 τοῦτο
1198 3944 1273 4006 ὠς
1330 3943 1454 4014 περὶ
1513 3940 1767 4017 ἐμψύχου
1805 3948 1903 3998 τοῦ

249 4036 454 4112 λογίου
487 4037 517 4090 6
545 4037 835 4112 προφήτης
891 4033 1041 4112 φησί·
1101 4034 1171 4086 Τὸ
1203 4030 1390 4105 λόγιον
1425 4030 1622 4105 Κυρίου
1651 4033 1902 4106 παρώξυ-

247 4148 369 4181 ναν.
400 4126 586 4197 Νόμος
613 4127 716 4199 γὰρ
750 4128 854 4192 ζῶν
887 4122 976 4177 καὶ
1008 4121 1184 4196 Λόγος
1215 4124 1349 4175 Θεοῦ
1382 4121 1410 4174 ὁ
1453 4122 1749 4193 μονογενὴς
1779 4121 1905 4183 Υἱὸς

245 4218 392 4286 (74),
425 4210 496 4267 δι’
529 4211 591 4266 οὗ
618 4212 687 4266 τὰ
713 4213 909 4268 πάντα.

324 4322 454 4375 481.
511 4319 613 4375 Καὶ
670 4317 928 4390 ἐθυμώθη
989 4316 1129 4392 ὀργῇ
1181 4316 1379 4386 Κύριος
1439 4309 1669 4369 Σαϐαὼθ
1697 4312 1784 4368 ἰπὶ
1812 4315 1903 4368 τὸν

251 4407 386 4463 λαὸν
456 4407 643 4480 αὐτοῦ,
710 4407 802 4460 καὶ
872 4401 1107 4460 ἐπέϐαλε
1180 4406 1280 4472 τὴν
1361 4409 1526 4480 χεῖρα
1602 4402 1764 4457 αὐτοῦ
1821 4401 1905 4457 ἐπ’

250 4495 493 4563 αῦτοῦς,
567 4496 655 4550 καὶ
733 4494 986 4565 ἐπάταξεν
1071 4492 1307 4555 αὐτοὺς.
1406 4492 1502 4549 Καὶ
1577 4491 1902 4565 παρωξύνθη

2010 1906 2263 1962 radicem
2295 1908 2556 1978 ipsorum
2587 1926 2717 1966 esse
2747 1912 3211 1968 comburendam
3242 1932 3276 1969 a
3302 1914 3540 1970 ﬂamma
3571 1933 3665 1972 ao-

2011 2011 2214 2063 censa;
2234 1998 2492 2053 radicem
2511 1997 2776 2055 videlicet
2799 2000 3105 2072 appellans
3125 2005 3532 2072 avaritiam,de
3549 2022 3669 2076 qua

2011 2088 2067 2139 et
2096 2085 2411 2155 Apostolus
2441 2087 2593 2142 banc
2623 2091 2970 2144 sententiam
3005 2091 3142 2146 tulit
3166 2109 3178 2146 :
3206 2092 3392 2148 Radix
3419 2094 3665 2150 omnium

2009 2174 2280 2228 malorum
2309 2184 2387 2230 est
2417 2176 2657 2232 avaritia
2679 2178 2742 2232 εί.
2775 2178 3016 2242 Qualem
3048 2183 3244 2234 autem
3278 2181 3478 2236 ﬂorem
3510 2183 3664 2236 veri-

2011 2261 2202 2317 simile
2223 2268 2312 2318 est
2333 2264 2406 2318 ab
2430 2263 2773 2333 bujusmodi
2797 2266 2989 2322 radice
3015 2284 3332 2336 emergere,
3355 2269 3467 2324 nisi
3499 2269 3664 2325 simi-

2009 2348 2124 2404 lem
2148 2351 2367 2422 pulveri
2387 2359 2595 2423 suapte
2611 2359 2824 2409 natura
2845 2353 3106 2411 instabili
3124 2363 3181 2411 et
3202 2356 3261 2411 in
3283 2373 3418 2412 aera
3439 2359 3663 2428 eﬂ‘usoﬁ?

2009 2441 2122 2494 Aut
2148 2441 2316 2509 forte,
2341 2443 2839 2512 quemadmodum
2867 2443 3056 2514 pulvis
3084 2445 3526 2516 respirationem
3551 2447 3663 2502 im-

2011 2529 2274 2597 pediens,
2297 2529 2426 2584 vitae
2458 2534 2674 2584 nostrai
2697 2530 2940 2586 molitur
2969 2533 3214 2588 insidias
3239 2551 3252 2601 ;
3284 2534 3363 2590 ita
3393 2539 3448 2590 et
3479 2536 3664 2590 avari-

2009 2616 2101 2671 tia:
2134 2616 2328 2681 ﬂores,
2359 2617 2716 2689 inexplibilis
2749 2621 3129 2689 pecuniarum
3163 2623 3478 2692 cupiditas,
3509 2625 3664 2694 inju-

2009 2706 2204 2770 stitiaa,
2239 2707 2635 2776 mendacium,
2669 2708 2998 2776 calumniae,
3035 2719 3093 2764 et
3140 2711 3256 2765 alia
3304 2728 3664 2782 quaecunque

2009 2793 2222 2848 radicis
2247 2811 2434 2864 prava:
2459 2795 2726 2865 germina
2757 2803 2914 2866 sunt,
2936 2797 3111 2852 vitam
3141 2804 3402 2854 nostram
3426 2801 3662 2869 penitus

2008 2880 2396 2947 tollunt,cum
2421 2882 2664 2952 spiritus
2689 2885 3041 2940 munditiam
3077 2887 3454 2957 praepediant.
3483 2887 3660 2944 Crete-

2008 2986 2134 3024 rum
2172 2970 2490 3039 prudenter
2520 2973 2839 3027 admodum
2865 2991 2979 3028 non
3003 2974 3183 3029 dixit:
3209 2976 3278 3029 Et
3311 2976 3539 3032 fructus
3561 2993 3663 3032 eo-

2006 3075 2160 3120 rum,
2185 3059 2306 3126 sed,
2331 3060 2451 3114 Flos
2491 3075 2698 3115 eorum.
2720 3061 2865 3116 Nam
2912 3061 3253 3135 imperfecta
3293 3071 3532 3120 manent
3560 3082 3659 3120 ne-

2009 3148 2206 3218 quitia;
2224 3148 2509 3218 germina,
2524 3154 2582 3203 et
2599 3136 2954 3221 simulatque
2971 3152 3301 3223 germinare
3320 3169 3383 3207 ac
3404 3153 3661 3224 primum

2010 3235 2212 3290 ﬂorere
2255 3238 2554 3306 eruperint,
2608 3245 2997 3296 marcescunt.
3038 3240 3167 3295 Vidi
3212 3241 3369 3295 enim
3426 3245 3662 3313 impium

2003 3327 2471 3395 superexaltatum
2498 3344 2516 3379 :
2549 3334 2602 3381 et
2637 3329 2895 3395 transivi,
2929 3338 2980 3383 et
3027 3345 3147 3384 ecce
3194 3347 3305 3386 non
3355 3336 3471 3385 erat
3494 3332 3559 3384 ⁸³.
3597 3332 3664 3386 Et

2007 3414 2246 3483 quidem
2279 3415 2481 3483 justus
2513 3416 2690 3470 veluti
2732 3415 2984 3486 lignum,
3016 3420 3338 3474 secundum
3375 3421 3662 3476 decursus

2007 3518 2294 3573 aquarum
2328 3504 2621 3559 consitum
2642 3504 2707 3575 ⁸³,
2731 3506 3008 3561 continuo
3033 3509 3160 3561 vitae
3191 3507 3420 3580 allapsu
3455 3508 3660 3579 irriga-

2007 3594 2142 3644 tur:
2169 3591 2269 3646 sed
2291 3594 2672 3648 comburetur
2692 3595 3011 3664 peccatoris
3037 3595 3221 3662 radix,
3244 3598 3306 3650 Et
3325 3598 3423 3665 ﬂos
3450 3607 3511 3652 ut
3539 3599 3660 3666 pul-

2009 3680 2089 3733 vis
2116 3683 2393 3736 ascendet.
2417 3686 2557 3738 Nam
2586 3680 2888 3737 noluerunt
2935 3684 3110 3751 legem
3149 3685 3377 3739 Domini
3424 3685 3659 3741 Sabaoth

2008 3767 2102 3821 sed
2131 3769 2408 3839 eloquium
2435 3774 2611 3823 sancti
2646 3769 2823 3824 Israel
2851 3774 3336 3826 exacerbttverunt.
3369 3773 3577 3844 Legem
3607 3779 3666 3828 et

2011 3855 2308 3925 eloquium
2342 3856 2597 3927 appellat
2617 3857 2846 3914 diversa
2873 3859 3105 3914 Domini
3130 3861 3388 3914 nomina.
3414 3862 3555 3915 Eam
3589 3863 3664 3916 ob

2012 3960 2134 3999 rem
2167 3945 2450 4015 propheta
2487 3945 2558 3999 de
2601 3945 2892 4014 ejusmodi
2942 3946 3171 4018 eloquio
3203 3954 3484 4017 tanquam
3536 3949 3662 4004 ani-

2013 4038 2170 4087 mato
2203 4033 2284 4087 ait
2315 4049 2326 4088 :
2362 4033 2664 4105 Eloquium
2699 4035 2808 4088 Dei
2836 4035 3217 4090 irritaverant.
3253 4040 3352 4090 Est
3379 4036 3536 4090 enim
3574 4036 3664 4091 lex

2013 4121 2140 4175 viva
2170 4121 2422 4176 Verbum
2455 4121 2568 4190 Dei,
2591 4121 2930 4193 unigenitus
2950 4123 3152 4189 Filius,
3179 4140 3280 4194 per
3301 4140 3479 4195 quam
3513 4129 3665 4180 facta

2014 4215 2154 4265 sunt
2179 4209 2378 4264 omnia
2397 4210 2460 4264 3‘.

2087 4317 2208 4372 181.
2237 4315 2412 4370 Vsus.
2444 4317 2529 4370 25.
2565 4319 2640 4371 Et
2669 4316 2994 4384 indignatus
3039 4323 3118 4373 est
3152 4321 3237 4374 ira
3269 4321 3535 4375 Dominus
3564 4322 3667 4376 Sa-

2017 4405 2179 4459 baoth
2196 4407 2238 4460 5
2251 4407 2288 4458 I
2303 4407 2342 4458 1
2368 4404 2621 4460 adversus
2641 4406 2903 4477 populum
2924 4417 3166 4471 suum,et
3183 4410 3420 4464 immisit
3441 4427 3668 4465 manum

2014 4509 2173 4547 suam
2200 4508 2363 4557 super
2391 4509 2499 4559 eos,
2545 4503 2595 4548 et
2636 4498 2903 4564 percussit
2932 4512 3040 4561 eos,
3073 4499 3139 4551 Et
3169 4500 3491 4554 exacerbati
3542 4505 3671 4554 sunt

246 4586 317 4639 τὰ
375 4581 501 4656 ὄρη,
555 4585 641 4637 καὶ
689 4583 915 4656 ἐγενήθη
974 4583 1043 4637 τὰ
1101 4585 1398 4653 θνησιμαῖα
1454 4581 1627 4636 αὐτῶν
1683 4581 1758 4643 ὡς
1811 4601 1900 4635 κο-

2017 4586 2241 4647 montes,
2274 4586 2327 4636 et
2352 4581 2504 4654 facta
2533 4588 2662 4637 sunt
2710 4585 3002 4640 morticina
3032 4602 3223 4641 eorum
3273 4589 3412 4642 sicut
3465 4592 3672 4643 stercus

251 4674 387 4743 πρία
462 4671 514 4726 ἰν
596 4674 744 4744 μέσῳ
820 4669 968 4726 ὁδοῦ.
1047 4672 1142 4725 Καὶ
1222 4670 1273 4725 ἑν
1333 4675 1462 4724 πᾶσι
1538 4669 1754 4730 τούτοις
1806 4670 1908 4724 οὐκ

248 4763 570 4838 ἀπεστράφη
627 4762 655 4815 6
714 4763 887 4832 θυμός
943 4760 1135 4827 αὐτοῦ,
1196 4757 1323 4813 ἀλλ’
1383 4755 1462 4813 ἔτι
1517 4760 1550 4826 ἡ
1607 4757 1731 4832 χεὶρ
1791 4760 1905 4830 (75)

251 4848 468 4922 ὑψηλή,
500 4851 563 4906 Ἡ
593 4853 700 4902 τῶν
739 4847 1042 4923 ἰσχυόντων
1093 4847 1178 4901 καὶ
1237 4851 1344 4901 τῶν
1407 4844 1678 4901 δυναστῶν
1724 4847 1905 4920 ἁμαρ-

249 4940 340 4993 τία
370 4937 499 4994 ὁδὸν
531 4937 753 5007 ἰποίησε
781 4941 850 5009 τῇ
887 4936 1022 5012 ὀργῇ
1051 4940 1120 5009 τῇ
1149 4937 1286 4990 κατὰ
1315 4941 1412 4990 τοῦ
1445 4940 1580 4990 Λαοῦ
1618 4935 1907 5009 κινουμένῃ

248 5029 398 5103 παρὰ
459 5027 658 5098 Κυρίου
704 5068 716 5081 .
796 5027 894 5080 Διὰ
947 5029 1108 5079 τοῦτο
1163 5025 1426 5097 πρότερον
1475 5024 1538 5078 τὸ
1577 5069 1590 5091 ,
1665 5022 1795 5077 Οὐαὶ
1853 5025 1904 5078 οἱ

250 5115 537 5192 ἰσχύοντες
596 5115 773 5187 ὑμῶν,
833 5114 922 5168 καὶ
982 5115 1034 5167 οἱ
1083 5111 1353 5167 δυνασταιο
1406 5110 1608 5167 ἔπειτα·
1657 5114 1753 5167 Καὶ
1788 5111 1905 5167 ἐθυ-

2014 4673 2077 4726 in
2108 4669 2284 4725 medio
2305 4672 2429 4726 viae.
2455 4674 2518 4726 Et
2549 4672 2608 4725 in
2641 4673 2892 4727 omnibus
2913 4674 3000 4728 his
3022 4691 3127 4728 non
3156 4684 3234 4730 est
3260 4693 3482 4732 aversus
3509 4681 3671 4748 [uror

2014 4761 2148 4831 ejus,
2181 4760 2275 4814 sed
2303 4759 2482 4815 adhuc
2524 4777 2722 4815 manus
2755 4764 2986 4817 excelsa.
3017 4764 3278 4818 Fortium
3312 4765 3668 4836 potentium-

2015 4864 2127 4919 que
2149 4853 2449 4920 peccatum
2473 4847 2568 4902 ira:
2590 4867 2620 4904 a
2641 4849 2888 4904 Domino
2909 4853 3188 4907 adversus
3214 4855 3494 4925 populum
3519 4871 3673 4910 com-

2018 4944 2184 4992 motas
2205 4937 2358 4991 viam
2383 4938 2677 5008 patefacit.
2696 4939 3089 5004 Quamobrem
3116 4941 3308 5012 priore
3337 4942 3461 4997 loco
3485 4943 3633 4998 dixit
3657 4961 3670 4998 :

2021 5030 2110 5080 Va:
2138 5028 2304 5094 fortes
2336 5027 2504 5080 vestri
2531 5031 2583 5080 et
2620 5031 2904 5096 potentes;
2953 5029 3166 5084 deinde
3215 5031 3524 5103 subjungit
3558 5048 3571 5087 :
3606 5033 3674 5086 Et

2015 5114 2334 5186 indz'guatus
2365 5123 2440 5170 est
2471 5117 2559 5170 ira
2601 5117 2873 5171 Dominus
2904 5116 3164 5175 adversus
3191 5121 3456 5192 populum
3485 5137 3672 5187 suum,

318 5272 364 5307 “
398 5272 421 5328 Ι
453 5270 604 5327 Tim.
637 5287 718 5343 vr,
753 5271 838 5324 10.
915 5267 960 5301 ⁸³
989 5266 1138 5322 Psal.
1175 5283 1364 5337 xxxvr,
1394 5265 1486 5333 35,
1515 5266 1604 5322 36.
1681 5267 1726 5302 ⁸³
1756 5267 1900 5324 Psal.

2015 5268 2067 5323 3.
2144 5267 2189 5302 ⁸⁸
2217 5267 2387 5322 Joan.
2423 5284 2464 5338 ι,
2496 5267 2551 5323 3.

465 5431 644 5499 Editi,
674 5427 840 5502 νόμον
870 5431 968 5483 τοῦ
1012 5426 1239 5502 Κυρίου.
1273 5432 1347 5483 At
1392 5443 1491 5484 sex
1534 5444 1703 5500 mss.,
1733 5429 1902 5501 νόμον

251 5507 706 5644 Κίξέι-ίτλίοιοτοε
728 5572 950 5646 aliquot
979 5569 1336 5646 libri,Ar5~(0_c
1366 5569 1905 5646 9&0'3,_6__p.0vo~{evr‘,q

256 5639 423 5721 Θεός,
457 5648 687 5704 Verbum
741 5639 860 5717 Dei,
907 5639 1449 5717 unigenitus'Deus.
1499 5639 1684 5714 Editi,
1730 5639 1907 5720 Ᾱόγος

2015 5425 2232 5503 Θεὸς-ὀ
2267 5427 2591 5503 Μονογενὴς
2638 5432 2791 5497 Θεοῦ,
2855 5431 3088 5503 Verbum
3139 5432 3300 5499 Deus,
3354 5429 3672 5503 Unigem‘tus

2015 5502 2131 5556 Dei.
2167 5501 2237 5555 At
2267 5500 2404 5569 Reg.
2440 5500 2737 5569 secundus
2771 5505 2832 5557 ut
2866 5501 2924 5556 in
2958 5507 3251 5559 contextu.

2087 5573 2199 5648 (7F?)
2235 5566 2408 5642 Editi,
2447 5569 2576 5648 Δαλλ’
2607 5566 2746 5628 ἔστιν
2783 5575 2815 5641 ἡ
2850 5572 2974 5648 χεὶρ
3006 5571 3187 5630 αὐτοῦ.
3215 5577 3288 5632 At
3318 5590 3462 5633 mss.
3497 5573 3669 5646 quin-

2017 5661 2132 5717 que
2161 5643 2262 5711 ita,
2299 5649 2362 5700 ut
2397 5644 2712 5702 edidimus.
