4048 6220
436 331 559 392 423

1414 327 1812 390 APPENDIX
1851 316 2181 394 OPERUM
2224 329 2290 393 s.
2336 328 2617 395 nasum
2661 331 2938 395 mem.

3727 339 3867 433 £2"

436 479 573 521 cum
601 460 876 519 videlicet
917 464 975 519 et
1019 461 1147 535 ipse
1177 461 1247 518 ad
1299 461 1633 533 exemplum
1684 463 2090 535 praefectorum

2207 464 2365 536 μώθη
2442 464 2582 540 ὀργῇ
2637 463 2838 536 Κύριος
2888 463 2976 519 ἐπὶ
3031 464 3125 520 τὸν
3184 463 3317 521 λαὸν
3364 464 3554 535 αὑτοῦ,
3585 463 3858 539 δηλονότι

434 556 766 611 versaretur
797 552 856 607 in
885 551 1160 624 peccatis,
1183 554 1455 622 essetque
1477 551 1832 625 dignus,qui
1858 551 2089 625 flagella

436 643 653 700 furoris
685 659 751 698 ac
805 642 901 697 iraa
952 641 1185 698 Domini
1213 643 1530 712 pateretur.
1555 640 1657 697 Est
1700 646 1892 697 autem
1928 642 2091 698 furor

438 733 708 806 quaedam
742 730 1048 803 sanguinis
1079 730 1234 786 circa
1283 745 1384 784 cor
1428 728 1715 802 ebullitio,
1751 747 1783 786 a
1813 731 2087 803 quopiam

433 821 616 879 veluti
647 825 877 876 tumore
923 835 991 875 ex
1039 818 1355 873 humerum
1384 818 1760 891 vaporatione
1807 820 1961 875 circa
1990 837 2089 875 cor

437 914 727 975 concreto,
743 924 954 965 nomen
980 908 1252 974 sortitus;
1278 908 1366 962 ira
1385 924 1518 964 vero
1541 913 1630 965 est
1652 910 1949 981 appetitus
1969 910 2090 964 vin-

438 1001 852 1070 dictae.Itaque
899 997 1063 1053 furor
1088 995 1364 1053 velociter
1401 1002 1725 1053 commovet
1773 999 2084 1067 affectum;

434 1090 521 1147 ira
548 1105 683 1145 vero
726 1085 1041 1143 firmiorem
1077 1102 1144 1141 ac
1175 1091 1642 1157 perseverantem
1673 1086 1943 1156 {tristitiae
1991 1103 2086 1143 ex-

434 1178 745 1252 pletionem
789 1174 1030 1231 indicat.
1056 1175 1301 1231 Credere
1330 1175 1569 1247 quidem
1619 1176 1780 1247 pium
1816 1176 1990 1232 fuerit
2018 1194 2087 1233 ac

434 1266 793 1339 religiosum,
825 1265 899 1320 de
929 1264 1044 1320 Deo
1084 1268 1358 1320 neutrum
1405 1263 1636 1336 proprie
1665 1264 1779 1320 dici
1812 1282 1825 1320 :
1863 1266 1963 1321 sed
1996 1266 2084 1322 hae

429 1371 601 1412 voces
631 1354 891 1427 ﬁguratae
922 1357 1137 1409 suntet
1166 1350 1486 1408 translatas.
1510 1352 1634 1409 Non
1666 1352 1821 1409 enim
1856 1359 2081 1426 pertur-

429 1444 587 1501 batio
611 1441 733 1498 ulla
762 1441 821 1497 in
843 1442 959 1498 Deo
976 1449 1086 1513 est,
1109 1457 1298 1512 neque
1328 1440 1647 1497 adventitia
1678 1441 1799 1497 ulla
1828 1443 2083 1515 qualitas

430 1534 638 1591 cadere
667 1535 858 1605 potest
885 1531 945 1587 in
976 1531 1107 1600 ejus
1138 1530 1484 1586 essentiam.
1507 1530 1725 1586 Verum
1749 1533 1902 1588 actio
1923 1534 2082 1603 ejus-

432 1622 608 1690 modi,
644 1638 771 1695 quaa
802 1621 861 1676 in
893 1621 1062 1676 nobis
1104 1617 1413 1687 excitatur,
1445 1618 1775 1692 appellatur
1802 1621 1980 1678 furor.
2013 1623 2085 1678 Et

431 1713 679 1769 fortasse
707 1727 909 1767 severa
939 1715 996 1766 et
1024 1709 1216 1781 gravis
1246 1708 1549 1780 castigatio
1576 1709 1664 1765 ira
1696 1710 1911 1766 dicitur
1942 1727 1954 1766 :
1990 1727 2077 1767 re-

2196 552 2285 607 καὶ
2316 553 2501 626 αὑτοῦ,
2533 553 2669 608 κατά
2718 553 2949 627 μίμησιν
2997 556 3106 608 τῶν
3152 554 3532 629 προεστώτων,
3583 554 3636 610 ἐν
3666 557 3850 630 ἀμαρ-

2194 642 2336 705 τίαις
2367 643 2690 718 γενομένου,
2721 642 2811 697 καὶ
2861 643 3011 712 ἀξίου
3063 638 3218 705 ὄντος
3260 644 3445 698 παθεῖν
3475 644 3543 699 τὰ
3592 644 3698 700 ἀπὸ
3741 650 3848 702 τοῦ

2198 736 2377 803 θυμοῦ
2406 732 2495 787 καὶ
2538 734 2636 801 τῆς
2670 732 2838 808 ὀργῆς
2875 735 2972 786 τοῦ
3004 731 3225 805 Κυρίου.
3262 734 3413 789 Ἐστι
3446 729 3503 788 δὲ
3536 732 3705 805 Θυμὸς
3727 736 3854 806 (76)

2200 821 2339 889 ζὲσις
2394 825 2489 875 τοῦ
2536 820 2660 896 περὶ
2708 816 2930 895 καρδίαν
2979 818 3231 894 α’ίματος,
3279 820 3427 897 παρᾶ
3466 822 3530 877 τὸ
3580 821 3742 877 οἱονεὶ
3791 821 3852 891 ἐξ

2198 908 2604 982 ἀναθυμιάσεως
2635 914 2742 965 τῶν
2793 913 2988 984 χυμῶν
3033 911 3416 982 συνιστάμενον
3449 907 3661 984 οἴδημα
3714 911 3848 986 περὶ

2193 1001 2293 1069 τήν
2326 995 2551 1073 καρδίαν
2582 998 2992 1072 ὠνομασμένος·
3043 997 3182 1073 ὀργὴ
3216 996 3274 1053 δέ
3312 997 3453 1054 ἐστιν
3494 994 3667 1073 ὄρεξις
3697 999 3853 1055 ἀντι-

2197 1087 2505 1159 λυπήσεως.
2537 1089 2697 1142 Ὥστε
2742 1088 2804 1142 τὸ
2858 1087 2954 1161 μὶν
3005 1086 3181 1160 ὀξεῖαν
3213 1084 3330 1162 ἔχει
3359 1091 3456 1142 τοῦ
3484 1089 3688 1151 πάθους
3737 1090 3844 1158 τὴν

2193 1178 2432 1249 κίνησιν,
2466 1176 2530 1232 τὸ
2578 1174 2637 1232 δὲ
2680 1175 3059 1251 μονιμωτέραν
3102 1175 3191 1231 καὶ
3241 1178 3685 1252 παρατεταμένην
3737 1178 3846 1251 ἐμ-

2194 1267 2366 1346 φαίνέι
2420 1268 2518 1337 τὴν
2572 1264 2661 1321 ἐπὶ
2707 1269 2775 1340 τῇ
2826 1264 2975 1339 λύπῃ
3029 1263 3409 1340 ἐκπλήρωσιν.
3473 1266 3595 1322 Ἐπὶ
3657 1265 3849 1338 μέντοι

2194 1359 2325 1411 Θεοῦ
2357 1353 2640 1431 οὐδέτερον
2690 1356 2868 1410 αὐτῶν
2911 1352 3122 1430 κλρίως
3171 1349 3420 1428 λέγεσθαι
3471 1350 3680 1416 εὗσεϐὲς
3729 1354 3846 1409 ἐστι

2189 1441 2605 1517 παραδέξασθαι,
2659 1441 2806 1498 ἀλλά
2859 1440 3114 1517 τροπικαὶ
3162 1442 3218 1496 αἱ
3268 1443 3464 1520 φωναί.
3509 1443 3582 1497 06
3610 1444 3712 1519 γὰρ
3743 1445 3852 1498 πά-

2190 1534 2282 1596 θσς
2315 1537 2467 1601 Θεοῦ,
2501 1529 2627 1587 οὑδὲ
2653 1532 2788 1605 αὑτῇ
2819 1535 2888 1606 τῇ
2916 1532 3073 1604 οὖσίᾳ
3100 1530 3265 1586 αὑτοῦ
3296 1525 3663 1605 συμϐεϐηκός·
3711 1530 3849 1589 ἀλλ’

2188 1625 2223 1691 ἡ
2273 1622 2397 1696 περὶ
2444 1623 2592 1694 ἡμᾶς
2634 1618 2818 1676 τοιάδε
2861 1620 3097 1695 ἐνέργεια
3150 1620 3322 1693 θυμὸς
3371 1619 3841 1696 προσηγόρευται.

2190 1712 2288 1765 Καὶ
2317 1712 2482 1786 τάχα,
2512 1713 2547 1780 ἡ
2601 1711 2695 1783 μὶν
2741 1709 2995 1771 ἐπίπονος
3040 1706 3344 1771 παίδευσις.
3379 1708 3538 1785 ὀργήο
3572 1710 3601 1764 ὁ
3658 1706 3718 1764 δέ
3742 1729 3847 1764 τα-

431 1802 740 1878 prebensio
759 1818 910 1867 vere,
934 1818 1059 1873 quae
1080 1799 1461 1874 cogitationes
1491 1804 1724 1858 nostras
1753 1802 2076 1873 perturbat,

2190 1801 2366 1877 ραχήν
2424 1802 2586 1873 ἡμῶν
2643 1798 2890 1872 ἐμποιῶν
2945 1800 3060 1873 (77)
3110 1804 3228 1861 τοῖς
3261 1797 3551 1875 λογισμοῖς
3581 1794 3841 1872 ἔλεγχος,

431 1895 593 1949 furor
622 1894 1018 1963 nuncupatur.
1053 1890 1281 1945 Etenim
1322 1890 1478 1946 Deus
1509 1890 1701 1946 furore
1739 1888 2076 1946 exstimula-

324 1999 327 2003 ν
430 1986 550 2052 tus,
572 1997 671 2037 eos
693 1980 910 2052 quibus
936 1982 1261 2050 succenset,
1281 1979 1484 2035 turbat
1504 1996 1571 2034 ac
1591 1979 1919 2048 confundit,
1943 1995 2078 2035 nec-

430 2070 572 2125 dum
593 2070 753 2141 ipsos
771 2067 890 2124 ullo
907 2068 1654 2140 dignatursermoneJuxta
1673 2067 1813 2123 illud
1829 2067 2075 2136 dictum,

428 2164 497 2216 In
541 2161 736 2230 furore
776 2174 876 2221 suo
919 2157 1266 2214 conturbabit
1308 2172 1396 2213 eos
1415 2157 1479 2211 ⁸⁵.
1503 2156 1610 2221 Qui
1659 2160 1855 2212 autem
1904 2157 2076 2213 casti-

426 2252 642 2321 gantur
674 2247 734 2302 in
764 2245 873 2315 ira,
908 2245 966 2301 bi
1003 2244 1315 2317 disciplina
1344 2249 1660 2300 censentur
1687 2244 1869 2317 digni,
1904 2250 2079 2318 prout

425 2336 642 2393 dicitur
670 2354 682 2392 :
708 2336 850 2391 Tunc
880 2335 1135 2407 loquetur
1153 2334 1223 2389 ad
1251 2349 1339 2390 eos
1368 2336 1429 2390 in
1459 2335 1547 2390 ira
1573 2350 1677 2390 sua
1695 2335 1759 2390 ⁸⁸.
1788 2334 1895 2399 Qui
1918 2334 2074 2390 enim

426 2426 498 2483 ob
522 2428 757 2499 peccata
780 2424 1176 2496 redarguitur,
1201 2423 1460 2479 nondum
1481 2427 1568 2478 est
1591 2423 1913 2496 castigatus
1937 2439 1950 2478 :
1977 2423 2074 2494 qui

426 2518 619 2572 autem
651 2515 996 2586 castigatur,
1030 2512 1286 2568 ostendit
1324 2512 1595 2567 accedere
1625 2528 1687 2567 se
1719 2513 1846 2583 jam
1877 2511 2074 2584 aliquo

426 2608 597 2677 pacto
618 2604 686 2659 ad
712 2602 1045 2659 scientiam.
1073 2602 1089 2656 l
1099 2606 1293 2672 taque,
1308 2601 1355 2656 si
1380 2600 1633 2672 castigat
1650 2600 1738 2655 ira
1761 2601 1922 2656 furor
1940 2617 2074 2657 vero

424 2694 713 2766 objurgat,
732 2693 820 2747 ira
842 2691 1022 2747 furori
1047 2690 1499 2762 praestatouare
1525 2694 1581 2744 et
1599 2689 1884 2745 Jeremias
1910 2706 1923 2744 :
1951 2689 2075 2744 Cor-

422 2785 547 2855 ripe
585 2798 702 2851 nos,
738 2783 985 2848 Domine,
1007 2787 1383 2836 verumtamen
1431 2781 1495 2834 in
1536 2778 1752 2851 judicio
1780 2783 1833 2834 et
1876 2794 1981 2834 non
2014 2780 2071 2833 in

421 2876 611 2944 furore
627 2871 693 2925 ⁸⁷.
728 2869 854 2925 Non
883 2869 1039 2925 enim
1081 2868 1229 2923 dixit
1262 2885 1275 2923 :
1310 2869 1375 2923 Et
1405 2884 1520 2922 non
1563 2867 1622 2921 in
1655 2867 1771 2935 ira;
1806 2868 2072 2939 quando-

423 2960 662 3033 quidem
681 2958 986 3027 correctio,
1008 2973 1076 3012 ex
1089 2957 1315 3027 judicio
1339 2956 1615 3027 profecta,
1644 2955 1953 3027 benignior
1983 2959 2074 3011 est

422 3055 480 3104 et
509 3048 707 3104 mitior
735 3063 909 3118 quam
939 3063 1067 3118 quas
1099 3061 1199 3118 per
1239 3046 1492 3100 furorem
1543 3051 1599 3100 et
1649 3046 1796 3099 iram
1826 3043 2071 3100 adhibe-

422 3142 538 3193 tur.
573 3135 854 3207 Ouisquis
898 3135 1056 3191 enim
1088 3134 1402 3205 corripitur
1431 3134 1489 3188 in
1516 3133 1759 3204 judicio,
1795 3137 1852 3187 et
1881 3150 1914 3188 a
1945 3149 2069 3187 ser-

422 3240 595 3279 mone
649 3223 1000 3292 iliustratur,
1049 3240 1117 3277 ex
1167 3222 1264 3277 Dei
1306 3221 1550 3292 judiciis
1597 3222 2068 3277 emolumentum
2101 3202 2144 3268 Ο

420 3317 801 3384 percepturus
822 3318 913 3367 est
934 3317 1109 3382 atque
1132 3310 1467 3375 utilitatem,
1488 3327 1620 3364 cum
1653 3309 1799 3366 nihil
1835 3315 2077 3382 peragat

419 3400 563 3457 citra
593 3398 912 3472 judicium,
942 3400 1060 3454 imo
1084 3398 1345 3470 perficiat
1370 3397 1567 3453 omnia
1592 3415 1727 3453 cum
1749 3399 2070 3469 sanojudi-

419 3488 539 3556 cio;
563 3488 646 3545 sic
672 3492 860 3543 utnec
884 3487 1072 3558 ipsius
1094 3485 1475 3558 cogitationes
1492 3486 1699 3557 judicii
1724 3485 1842 3541 sint
1866 3503 2069 3557 exper-

414 3578 707 3649 tes,juxta
733 3575 790 3631 id
814 3576 968 3649 quod
993 3575 1217 3631 dictum
1249 3579 1341 3630 est
1365 3591 1379 3629 :
1406 3575 1774 3644 Cogitationes
1795 3577 2071 3646 justorum

399 3668 623 3739 judicia
642 3666 706 3722 ⁸⁸.
739 3666 805 3720 Et
834 3664 1070 3737 quidem
1097 3663 1308 3735 judicii
1343 3669 1625 3734 tempore,
1663 3680 1794 3719 cum
1831 3681 2067 3719 manum

412 3771 585 3814 suam
618 3753 837 3826 populo
868 3752 1153 3823 injecerit,
1184 3757 1407 3808 montes
1435 3752 1610 3808 etiam
1641 3753 1920 3808 dicuntur
1940 3769 2071 3809 esse

411 3843 820 3900 exacerbandi.
856 3842 1144 3898 Nimirum
1181 3840 1403 3896 indicat
1431 3842 1736 3912 Scriptura
1758 3841 1803 3876 '9
1833 3846 2068 3897 'omnem

413 3931 590 3987 simul
620 3947 966 3987 concurrere
989 3934 1318 3985 creaturam
1343 3929 1413 3984 ad
1440 3927 1845 3985 ulciscendum
1867 3945 2069 4002 pecca-

407 4025 585 4077 tores.
617 4019 1123 4086 Quemadmodum
1155 4017 1312 4073 enim
1348 4017 1653 4091 plagarum
1697 4018 2065 4090 Egyptiaca-

408 4127 539 4167 rum
558 4115 821 4181 tempore
844 4109 914 4164 ab
933 4107 1093 4163 omni
1112 4111 1276 4179 parte
1293 4122 1393 4162 eos
1415 4107 1731 4162 invadebat
1750 4107 2066 4176 bellum,ab

407 4216 559 4267 aere,
581 4216 615 4254 a
654 4203 829 4265 terra,
858 4199 930 4252 ab
978 4213 1131 4268 aqua
1155 4214 1167 4252 :
1195 4195 1280 4251 sic
1311 4201 1369 4251 et
1400 4197 1593 4261 modo,
1618 4212 1751 4250 cum
1786 4196 2067 4251 Dominus

407 4286 626 4359 populo
651 4301 895 4342 manum
920 4301 1087 4340 suam
1114 4284 1185 4339 ad
1215 4284 1410 4355 ipsum
1445 4284 1894 4356 percutiendum
1919 4282 2065 4354 inje-

408 4375 571 4430 cerit.
597 4374 746 4439 Quin
778 4374 958 4429 etiam
1007 4372 1394 4428 exacerbandi
1439 4377 1668 4427 montes
1700 4376 2067 4445 sunt,.atque

413 4460 724 4516 morticina
756 4459 955 4532 populi
996 4464 1061 4514 ut
1104 4464 1333 4517 stercus
1362 4477 1466 4533 per
1496 4460 1647 4517 5I2
1676 4460 2061 4533 ignominiam

2189 1890 2355 1963 θνμὸς
2410 1887 3165 1965 προσηγόρευται.Ταράσσει
3227 1887 3322 1959 μὶν
3380 1885 3483 1962 γὰρ
3539 1889 3620 1958 τῷ
3655 1887 3842 1959 θυμῷ,

2191 1976 2422 2052 μηδέπω
2453 1976 2620 2053 λόγου
2670 1977 2832 2047 ἀξιῶν
2880 1976 3006 2039 τοὺς
3054 1978 3136 2038 οἷς
3163 1976 3428 2049 θυμοῦται
3462 1973 3491 2030 ό
3521 1974 3671 2044 Θεὸς,
3702 1975 3845 2031 κατὰ

2184 2069 2248 2123 τὸ
2298 2067 2608 2144 εἷρημὲνον,
2661 2065 2745 2121 ὅτι
2794 2069 2883 2123 Ἐν
2930 2069 3087 2138 θυμῷ
3130 2065 3294 2120 αὑτοῦ
3343 2063 3559 2141 ταράξει
3615 2063 3838 2129 αὐτούς.

2187 2155 2544 2218 Διδασκαλίας
2604 2153 2661 2210 δὶ
2717 2155 2770 2210 ἐν
2805 2155 2940 2230 ὀργῇ
2998 2153 3049 2208 οἳ
3105 2150 3489 2227 παιδευόμενοι
3537 2153 3834 2226 ἀξιοῦνται,

2184 2246 2322 2300 κατὰ
2356 2246 2418 2300 τὸ
2476 2244 2787 2319 εἷ’ρημὲνον,
2848 2244 2930 2298 ὅτι
2987 2240 3119 2298 Τότε
3175 2240 3406 2313 λαλήσει
3454 2242 3591 2317 πρὸς
3630 2240 3836 2303 αὖτοὺς

2187 2333 2237 2390 ἐν
2294 2334 2433 2409 ὀργῇ
2477 2335 2678 2392 αὑτοῦ.
2738 2335 2798 2390 Ὁ
2851 2334 2943 2406 μὲν
2997 2333 3103 2406 γὰρ
3153 2330 3523 2407 ἐλεγχόμενος
3572 2329 3660 2385 ἐπὶ
3714 2335 3838 2392 τοῖς

2184 2423 2621 2499 ἡμαρτημένοις,
2650 2419 2803 2477 οὔπω
2853 2418 3221 2476 πεπαίδευται·
3256 2421 3284 2475 6
3315 2417 3372 2475 δέ
3414 2416 3835 2492 παιδευόμενος,

2183 2510 2292 2583 ἤδη
2343 2516 2454 2586 (78)
2511 2510 2779 2587 ἐγγύτητά
2830 2531 2954 2566 τινα
3000 2510 3136 2585 πρὸς
3190 2508 3499 2581 ἐπιστήμην
3555 2507 3834 2584 ἐμφαίνει.

2183 2602 2247 2659 El
2304 2600 2394 2657 οὖν
2454 2598 2694 2656 παιδεύει
2742 2600 2835 2673 μὲν
2873 2599 3032 2675 όργή,
3063 2597 3283 2673 ἐλέγχει
3311 2595 3370 2653 δὲ
3400 2597 3592 2670 θυμὸς,
3642 2598 3832 2653 ἀνυσι-

2188 2691 2429 2767 μώτερον
2478 2692 2513 2759 ἡ
2557 2690 2693 2765 ὀργὴ
2750 2692 2848 2744 τοῦ
2899 2691 3092 2761 θυμοῦ.
3144 2687 3243 2742 Διά
3288 2690 3449 2741 τοῦτο
3486 2687 3577 2741 καὶ
3607 2687 3636 2740 6
3668 2689 3833 2760 Ἱερε-

2187 2781 2332 2854 μίας’
2395 2776 2686 2834 Παίδευσον
2743 2780 2915 2851 ἡμᾶς,
2976 2776 3156 2851 Κύριε,
3216 2773 3366 2844 πλὴν
3415 2774 3466 2831 ἐν
3509 2774 3681 2847 κρίσει
3737 2775 3831 2830 καὶ

2186 2869 2261 2940 μὴ
2290 2867 2340 2922 ἐν
2402 2872 2579 2940 θυμῷ,
2631 2867 2708 2923 ()6
2762 2867 2863 2942 γὰρ
2922 2865 3056 2920 εἶπε·
3099 2865 3196 2920 Καὶ
3257 2865 3334 2937 μὴ
3390 2863 3442 2919 ἐν
3489 2863 3647 2939 ὀργῇ·
3680 2861 3835 2932 πλὴν

2181 2955 2527 3033 χρηστοτέρα
2557 2955 2589 3010 ἀ
2613 2952 2916 3025 παίδευσις,
2946 2956 2982 3023 ἡ
3015 2952 3121 3008 ἀπὸ
3151 2952 3402 3027 κρίσεως,
3428 2959 3531 3023 τῆς
3577 2952 3685 3007 ἀπὸ
3729 2956 3835 3007 τοῦ

2180 3047 2355 3118 θυμοῦ
2405 3045 2491 3099 καὶ
2534 3051 2636 3114 τῆς
2687 3043 2878 3118 ὀργῆς.
2926 3043 2987 3100 Ὀ
3035 3042 3139 3118 γὰρ
3187 3041 3239 3096 ἐν
3288 3040 3461 3117 κρίσει
3493 3037 3836 3113 παιδευθεὶς,

2181 3134 2551 3213 φωτιζόμενος
2582 3132 2684 3187 ὑπὸ
2732 3136 2829 3187 τοῦ
2880 3129 3070 3207 λόγου,
3119 3126 3535 3205 ὠφεληθήσεται
3566 3129 3670 3183 ἀπὸ
3716 3134 3833 3185 τῶν

2178 3227 2276 3277 τοῦ
2325 3226 2458 3277 Θεοῦ
2512 3221 2795 3295 κριμάτων
2833 3220 2967 3296 πρὸς
3024 3219 3088 3274 τὸ
3140 3214 3309 3291 μηδὲν
3361 3216 3593 3292 ἀκρίτως
3643 3218 3830 3294 πράσ-

2183 3332 2315 3376 σειν,
2364 3308 2510 3366 ἀλλά
2557 3309 2731 3364 πάντα
2776 3308 2949 3383 κρίσει
3003 3307 3144 3385 ὑγιεῖ
3201 3303 3493 3377 ἐπιτελεῖν,
3551 3306 3692 3361 ὥστε
3738 3306 3841 3362 καὶ

2179 3398 2373 3461 αὐτοὺς
2422 3396 2567 3474 ἔχειν
2617 3397 2744 3460 τοὺς
2794 3396 3094 3473 Λογισμοὺς
3146 3396 3541 3472 ηκριμένους,
3586 3394 3724 3450 κατά
3767 3397 3843 3451 τὸ

2180 3488 2463 3564 εἶρημὲνον
2491 3505 2504 3519 ’
2555 3486 2825 3561 Λογισμοὶ
2875 3482 3139 3553 δικαίων,
3185 3481 3445 3558 κρίματα.
3505 3483 3655 3541 Κατά
3708 3483 3842 3557 μέν-

2176 3599 2265 3632 τοι
2294 3577 2385 3630 τὸν
2412 3575 2600 3651 καιρὸν
2651 3581 2752 3643 τῆς
2810 3572 3062 3649 κρίσεως,
3121 3573 3252 3649 ὅταρ
3312 3567 3549 3648 ἐπιϐάλῃ
3610 3574 3723 3646 (79)
3750 3573 3839 3645 τῷ

2178 3663 2296 3738 λαῷ
2343 3667 2441 3734 τήν
2475 3670 2639 3740 χεῖρα
2668 3665 2857 3731 αὐτοῦ,
2908 3662 2997 3716 καὶ
3053 3662 3120 3717 τά
3172 3658 3274 3738 ὅρη
3329 3662 3840 3737 παροξυνθησεσθαι

2181 3754 2410 3831 λέγεται·
2456 3750 2764 3814 δεικνύντος
2832 3756 2931 3807 τοῦ
2993 3749 3182 3827 λόγου,
3242 3750 3327 3806 ὅτι
3377 3754 3525 3805 πᾶσα
3564 3752 3600 3820 ἡ
3648 3751 3836 3814 κτίσις

2177 3844 2564 3899 συνεπιτίθεται
2594 3846 2663 3916 τῇ
2712 3838 2985 3912 ἐκδικήσει
3014 3845 3123 3895 τῶν
3174 3839 3553 3917 ἁμωρτωλῶν.
3584 3842 3672 3901 Ὦς
3723 3841 3833 3916 γὰρ

2177 3930 2394 3986 ἐπὶτῶν
2426 3929 2655 4005 πληγῶν
2713 3932 2818 3982 τῶν
2881 3927 3289 4002 Αἰγυπτιακῶν,
3342 3926 3680 4002 πανταχόθεν
3732 3926 3836 3981 αὖ·

2172 4024 2288 4081 τοῖς
2330 4019 2358 4073 6
2399 4017 2665 4090 πόλεμοςο
2717 4016 2824 4071 ἀπὸ
2872 4016 3048 4090 ἀέρος,
3098 4015 3207 4071 ἀπὸ
3253 4022 3380 4091 γῆς,
3439 4015 3549 4071 ἀπὸ
3600 4012 3829 4091 ίίδατοςζ

2174 4107 2316 4163 οὕτω
2370 4107 2462 4163 καὶ
2514 4088 2630 4174 νῦν,
2680 4105 2806 4161 ὅταν
2861 4088 3135 4180 ἐπιϐάλλῃ
3180 4088 3279 4174 τὴν
3330 4109 3493 4181 χεῖρα
3537 4105 3708 4160 αὐτοῦ
3738 4088 3836 4161 ἐτιὶ

2170 4194 2263 4249 τὸν
2294 4192 2422 4249 λαὸν
2477 4195 2505 4248 6
2552 4193 2777 4269 Κύριος,
2828 4197 2925 4248 τοῦ
2974 4193 3201 4264 πατάξαι
3247 4190 3425 4248 αὐτόν’
3478 4191 3567 4247 καὶ
3608 4192 3678 4247 τά
3727 4188 3838 4268 ὄρη

2176 4285 2657 4357 παροξυνθήσεται,
2710 4284 2778 4337 τὰ
2827 4280 2885 4337 δέ
2929 4284 3226 4354 Θνησιμαῖα
3253 4285 3350 4336 τοῦ
3400 4279 3559 4349 λαοῦ,
3610 4281 3691 4343 ὡς
3742 4302 3837 4336 κο-

2172 4373 2305 4448 πρία
2365 4370 2451 4427 διὰ
2498 4373 2598 4441 τὴν
2657 4371 2878 4445 ἀτιμίαν
2934 4370 2984 4425 ἐν
3057 4369 3207 4445 μέσῳ
3253 4373 3352 4435 τῆς
3399 4368 3530 4426 ὁδοῦ
3577 4369 3832 4443 κείμενα,

2171 4463 2701 4532 καταπατηθήσεται.
2762 4459 2974 4531 Νόησόν
3060 4481 3152 4534 μοι
3226 4458 3352 4520 τοὺς
3409 4457 3463 4514 ἐν
3537 4460 3839 4535 ἁμαρτίαις

409 4554 467 4606 et
496 4550 750 4605 dedecus
798 4549 858 4629 in
899 4548 1090 4604 media
1120 4548 1213 4605 via
1258 4549 1517 4620 jacentia
1545 4549 2062 4607 conculcabantur.

2185 4551 2527 4626 γενομὲνους,
2588 4548 3039 4622 ἐναπομείναντας
3067 4554 3184 4611 τοῖς
3238 4549 3518 4623 πράγμασι
3556 4552 3651 4603 τοῦ
3707 4550 3836 4625 βίου

413 4637 763 4695 Consideres
788 4636 956 4693 velim
981 4653 1079 4693 eos
1103 4638 1204 4709 qui
1229 4638 1287 4693 in
1314 4638 1569 4711 peccatis
1590 4640 1916 4710 constituti,
1937 4641 2064 4696 vita:

2185 4637 2388 4709 τούτου,
2442 4637 2532 4693 καὶ
2583 4638 2686 4693 ὑπὸ
2748 4643 2855 4693 τῶν
2907 4636 3290 4711 ἀντικειμένων
3339 4634 3617 4710 δυνάμεων
3666 4658 3839 4694 καταο

407 4727 591 4798 hujus
621 4726 1014 4783 immorantur
1041 4726 1315 4799 negotiis,
1340 4733 1515 4800 atque
1547 4728 1965 4801 proculcantur
1994 4730 2066 4786 ab

411 4814 766 4872 adversariis
797 4817 1189 4887 potestatibus
1217 4833 1229 4872 :
1255 4834 1507 4888 quorum
1530 4834 1628 4874 cor
1649 4836 1783 4875 cum
1814 4835 1928 4875 non
1961 4819 2068 4874 du-

410 4909 577 4962 catur
606 4903 970 4976 poeniteutia,
990 4906 1249 4961 affirmat
1272 4906 1508 4962 Domini
1541 4923 1738 4963 sermo
1769 4907 1919 4963 iram
1953 4925 2069 4964 non

411 5010 542 5050 esse
565 4994 637 5050 ab
659 4993 745 5049 eis
765 4994 1165 5059 avertendam,
1189 4995 1288 5050 sed
1321 4994 1647 5051 etiamnum
1679 5012 1915 5053 manere
1945 5013 2067 5054 ma-

411 5099 554 5140 num
586 5081 900 5154 excelsam,
920 5082 979 5138 id
1003 5086 1109 5150 est,
1134 5089 1386 5140 erectam
1410 5085 1481 5140 ad
1516 5084 1800 5142 ultionem
1832 5102 2071 5142 sumen-

414 5174 570 5231 dam.
595 5172 823 5245 Quippe
855 5188 1097 5228 manum
1124 5177 1289 5228 vocat
1322 5173 1599 5228 virtutem
1631 5174 1946 5245 vindicem,
1979 5189 2071 5230 se-

2175 4726 2573 4802 πατουμένους,
2606 4729 2679 4783 ὧν
2726 4724 2816 4783 διὰ
2861 4728 2958 4796 τὴν
3003 4725 3373 4800 ἀμετανόητον
3426 4722 3647 4802 καρδίαν
3676 4726 3708 4781 6
3737 4724 3838 4783 λό-

2174 4838 2269 4894 γος
2343 4821 2441 4872 τοῦ
2508 4817 2708 4890 Κυρίου
2776 4816 2963 4894 φησὶν,
3013 4816 3112 4871 οὐκ
3164 4816 3675 4892 ἀποστραφησεσθαι
3734 4817 3832 4871 τὸν

2179 4907 2372 4981 θυμὸν,
2406 4903 2551 4962 ἀλλά
2581 4901 2657 4961 ἔτι
2695 4904 2869 4978 μένειν
2910 4906 3008 4974 τὴν
3041 4910 3205 4980 χεῖρα
3235 4902 3474 4978 ὑψηλήψ
3524 4905 3831 4981 τουτέστιν⁹

2180 4994 2494 5071 ἐηρμὲνην
2549 4994 2624 5056 είς
2658 4991 2953 5064 ἐκδίκησιν,
3012 4999 3175 5070 χεῖρα
3219 4991 3391 5070 λέγων
3437 4995 3539 5064 τὴν
3567 4992 3835 5051 κολαστι-

2179 5085 2278 5153 κήν
2356 5081 2610 5157 δύναμιν,
2672 5084 2807 5139 κατά
2856 5084 2945 5138 τὸν
2991 5077 3142 5139 Ἰὼϐ·
3189 5081 3320 5158 Χεὶρ
3372 5082 3475 5159 γὰρ
3534 5082 3740 5157 Κυρίου
3797 5086 3837 5155 ἡ

2182 5173 2436 5247 ἁψαμένη
2500 5172 2606 5246 μού
2637 5171 2767 5227 ἐστι·
2813 5171 2902 5227 καὶ
2935 5170 2986 5227 ἐν
3019 5170 3200 5245 τούτῳ
3228 5175 3324 5226 τοῦ
3354 5165 3619 5226 διαϐόλοῦ
3667 5178 3840 5249 χεῖρα

480 5342 526 5377 ⁸⁸
556 5340 709 5398 Psal-
743 5357 805 5407 ιι,
834 5340 890 5395 5.
965 5340 1011 5375 ⁵⁸
1043 5340 1185 5396 ibid.
1262 5341 1306 5375 ⁸⁷
1334 5339 1552 5396 Jerem.
1586 5357 1643 5412 κ,
1672 5342 1763 5395 24.
1839 5342 1884 5377 ⁸⁸
1915 5346 2080 5398 Prov.

2185 5358 2217 5411 ι,
2248 5341 2303 5398 5.
2378 5342 2425 5380 ⁸⁹
2452 5346 2586 5414 Sep.
2619 5359 2676 5414 ν,
2710 5342 2795 5397 18.

486 5510 808 5586 (76)Editi,
841 5508 1013 5582 θυμὸς
1067 5506 1183 5584 μὲν.
1212 5508 1432 5567 Vocula
1479 5510 1574 5583 μὲν
1608 5509 1667 5566 in
1702 5512 1922 5568 nostris
1970 5529 2071 5569 sex

414 5585 562 5642 mss.
598 5585 784 5641 deest.

489 5656 596 5728 (77)
632 5656 866 5714 Veteres
897 5653 1123 5727 aliquot
1153 5653 1310 5723 libri,
1343 5656 1536 5711 ποιῶν,

2252 5513 2366 5584 (78)
2422 5511 2514 5567 Sic
2581 5527 2722 5567 mss.
2783 5528 2902 5568 sex.
2961 5509 3138 5580 Editi,
3198 5509 3227 5563 6
3287 5504 3345 5564 δὶ
3399 5506 3843 5585 πεπαιδευμένος

2179 5580 2361 5727 7mai?)
2394 5653 2570 5727 Editi,
2602 5647 2901 5729 ἐπιϐάλλῃ.
2935 5657 3012 5711 At
3039 5667 3142 5712 sex
3169 5645 3626 5726 mss.,én16dan.
