4048 6220
216 316 306 378 828

1007 314 1412 379 COMMENT.
1456 313 1540 375 IN
1581 312 1854 377 ISAIAM
1893 313 2409 380 PROPHE'I‘AM.
2452 319 2627 380 CAP.
2672 318 2775 380 Vl.

3482 318 3606 379 426

219 447 440 523 λὲγοντος
496 445 552 500 ἐν
599 448 679 517 τῷ
734 448 909 519 καιρῷ
961 451 1062 515 τῆς
1116 441 1420 508 κολάσεως’
1481 444 1559 503 Οὖ
1605 446 1713 518 μὴν
1758 442 1837 514 δὲ,

1978 449 2208 504 :undum
2239 450 2353 506 Job
2388 466 2401 505 :
2436 454 2652 506 Manus
2702 450 2850 506 enim
2894 450 3119 507 Domini
3143 457 3242 521 est,
3271 466 3392 523 quae
3418 467 3506 508 me
3530 458 3609 509 te-

216 535 335 592 me
360 532 689 590 ἀπόστειλον
714 535 814 603 τήν
857 532 1021 611 χεῖρά
1066 554 1184 602 σου,
1215 533 1305 589 καὶ
1355 535 1483 608 ἅψαι
1524 538 1630 589 τῶν
1664 532 1838 588 ὀστῶν

216 624 373 680 αὐτοῦ.

271 804 383 859 482.
432 803 737 877 Τοιγαροῦν
817 800 936 875 άρεῖ
1008 799 1285 872 σύσσημον
1353 798 1405 854 ἐν
1476 804 1592 861 τοῖς
1646 797 1838 871 ἔθνεσι,

205 897 311 955 τοῖς
367 892 576 967 μακρὰν
631 890 722 946 καὶ
774 895 893 952 τοῖς
946 887 1125 965 ἐγγὺς,
1173 889 1263 943 καὶ
1304 894 1477 965 συριεῖ
1506 886 1699 950 αὐτοὺς
1729 890 1842 959 (80)

206 982 287 1037 ἀπ’
331 980 500 1056 ἄκρου
549 986 651 1050 τῆς
708 985 833 1054 γῆς.
880 978 986 1035 Καὶ
1038 976 1156 1033 ἰδοὺ
1207 977 1351 1053 ταχὺ
1398 976 1614 1055 κούφως
1648 974 1841 1052 ἔρχον-

206 1070 476 1130 ται.Κατά
520 1070 617 1142 μὲν
659 1069 723 1123 τὸ
770 1066 935 1144 ῥητὸν
984 1065 1123 1138 δύξει
1168 1067 1267 1137 τὴν
1319 1067 1633 1140 Ῥωμαϊκὴν
1685 1063 1840 1120 δύναο

210 1182 292 1233 μιν
320 1160 412 1227 τὴν
444 1157 535 1213 ἐπὶ
566 1160 680 1231 (81)
707 1160 778 1231 τῇ
827 1154 1033 1230 ἰσχάτῃ
1078 1154 1376 1232 πολιορκίᾳ
1414 1154 1741 1218 ἐπελθοῦσαν
1772 1158 1840 1227 τῇ

205 1246 557 1324 Ἰερουσαλὴμ
587 1248 615 1301 ὁ
647 1245 812 1322 λόγος
864 1243 1250 1323 προφητεύειν.
1287 1247 1374 1301 Ἑν
1427 1243 1616 1316 ἐκείνῳ
1656 1243 1757 1319 γάρ
1790 1244 1841 1297 o't

203 1337 569 1413 στρατιωτικοῖ
622 1335 927 1410 κατάλογοι
993 1332 1457 1410 συνεπληροῦντο,
1518 1332 1577 1388 ἔκ
1631 1354 1690 1388 τε
1733 1337 1840 1387 τῶν

207 1428 399 1502 μακρὰν
458 1425 627 1490 ἐθνῶν
681 1423 770 1479 καὶ
830 1422 890 1478 ἐκ
940 1428 1049 1479 τῶν
1107 1424 1386 1499 σύνεγγυς,
1435 1427 1542 1478 τῶν
1592 1422 1715 1496 περὶ
1745 1422 1842 1490 τὴν

203 1516 389 1589 Συρίαν
439 1516 531 1569 καὶ
577 1508 860 1587 Ἀραϐίαν,
908 1512 999 1568 καὶ
1048 1509 1192 1567 ἄλλα
1243 1510 1394 1582 ἔθνη,
1446 1510 1546 1566 ὅσα
1591 1508 1843 1585 παρακεί-

209 1626 331 1679 μενα
356 1604 424 1679 τῇ
462 1601 699 1675 Ἰουδαίᾳ
728 1601 1168 1677 ἐστρατολογεῖτο
1216 1601 1363 1676 παρὰ
1390 1606 1498 1655 τῶν
1538 1600 1841 1672 Ῥωμαίων.

202 1696 267 1750 Γὸ
295 1694 386 1767 μὲν
418 1691 511 1747 οὗν
547 1692 826 1765 σύσσημον
880 1690 932 1746 ἰν
982 1697 1097 1753 τοῖς
1144 1688 1346 1747 ἔθνεσιν
1381 1688 1546 1759 ἤρθη·
1578 1688 1843 1759 τουτέστι,

1948 538 2073 607 tigit
2092 538 2155 593 ’°.
2182 539 2249 594 Et
2278 539 2337 596 in
2368 539 2496 611 ipso
2534 539 2637 594 hoc
2667 538 2815 594 libro
2842 538 3113 595 diabolus
3134 543 3401 611 tempore
3429 541 3603 597 casti-

1949 626 2202 698 gationis
2233 629 2306 683 de
2337 642 2514 684 manu
2568 628 2831 699 loquitur
2862 644 2876 683 :
2910 628 3284 700 Nequaquam,
3316 628 3411 684 sed
3452 632 3609 686 mitte

1951 731 2177 771 manum
2201 720 2377 786 tuam,
2410 726 2459 772 et
2488 725 2659 788 tange
2688 732 2810 772 ossa
2838 719 2955 788 ejus
2974 718 3041 771 ⁹¹.

2024 806 2144 859 182.
2180 806 2350 861 Vsas.
2383 807 2576 862 26-30.
2612 807 2796 875 Igitur
2840 807 3081 861 elevabit
3127 808 3353 878 signum
3400 809 3459 862 in
3501 824 3608 862 na-

1949 894 2195 948 tionibus
2226 896 2543 966 longinquis
2585 903 2638 949 et
2678 896 3025 966 prapinquis,
3058 897 3107 950 et
3136 895 3387 951 sibilabit
3417 911 3509 950 eas
3538 897 3607 951 ab

1950 987 2195 1039 extremo
2220 994 2408 1041 terrm.
2445 988 2514 1039 Et
2535 999 2653 1039 ecce
2671 987 2778 1039 cito
2802 985 2998 1040 leviter
3028 986 3277 1038 veniunt.
3300 983 3608 1056 Scriptura

1953 1072 2188 1141 quidem
2220 1074 2290 1127 ad
2329 1073 2580 1128 litteram
2609 1073 2789 1128 videri
2813 1072 3001 1144 possit
3023 1072 3419 1128 Romanorum
3442 1088 3605 1129 exer-

1952 1159 2133 1214 citum
2167 1162 2497 1231 praedicere,
2528 1162 2627 1234 qui
2662 1160 2719 1215 in
2753 1166 3008 1217 extrema
3039 1160 3342 1217 obsidione
3368 1161 3603 1218 Jeroso-

1952 1248 2167 1319 lymam
2198 1250 2428 1305 invasit.
2463 1252 2609 1307 Nam
2645 1251 2704 1305 in
2736 1250 2844 1306 hoc
2875 1255 3158 1323 apparatu
3190 1250 3414 1306 indices
3446 1250 3600 1306 mili-

1951 1342 2108 1393 tares
2138 1338 2582 1411 complebantur
2602 1345 2726 1393 tum
2754 1356 2821 1393 ex
2846 1338 3200 1410 longinquis,
3221 1344 3343 1394 tum
3377 1356 3446 1394 ex
3477 1357 3606 1412 pro-

1953 1427 2195 1498 pinquis
2216 1428 2514 1499 gentibus,
2541 1445 2749 1499 nempe
2772 1445 2840 1483 ex
2876 1428 2949 1483 iis
2973 1444 3100 1499 qua:
3123 1427 3276 1483 circa
3295 1427 3516 1501 Syriam
3549 1433 3609 1485 et

1952 1515 2226 1570 Arabiam
2261 1517 2567 1571 habitant:
2599 1516 2737 1587 quin
2782 1520 2840 1570 et
2870 1514 2994 1569 aliis
3027 1516 3311 1579 naliones,
3336 1531 3613 1586 quacun-

1955 1620 2068 1673 que
2102 1604 2369 1673 adjacent
2393 1605 2625 1674 ludaem,
2650 1621 2683 1660 ει
2716 1604 2995 1659 Romanis
3026 1605 3094 1659 ad
3130 1603 3403 1659 militiam
3435 1605 3619 1660 ascri-

1960 1691 2263 1747 bebantur.
2296 1692 2562 1748 Erectum
2623 1696 2713 1748 est
2768 1692 2969 1762 itaque
3014 1692 3070 1747 in
3132 1691 3410 1763 gentibus
3467 1691 3616 1747 illud

199 1785 259 1838 τὸ
286 1787 520 1853 σημεῖον
714 1785 812 1836 τοῦ
853 1784 1085 1853 σταυροῦ
1134 1784 1232 1834 τοῦ
1275 1776 1709 1854 ἀναδειχθέντος.
1743 1777 1844 1835 Καὶ

241 1865 459 1884 ...ιι
886 1868 898 1884 ι
1070 1866 1229 1884 ος.-
1342 1865 1520 1884 ,μυ
1732 1868 1794 1884 ς,

1978 1781 2229 1852 signum;
2272 1780 2384 1836 hoc
2422 1787 2534 1849 est,
2569 1782 2802 1853 signum
2837 1780 3027 1837 crucis
3060 1798 3185 1852 qua:
3222 1780 3510 1853 apparuit.
3546 1782 3618 1837 Et

202 1872 265 1926 τά
290 1872 382 1944 μὶν
413 1865 542 1940 ἔθνη
576 1869 663 1925 ἐπὶ
690 1870 790 1937 τὴν
837 1868 1014 1924 πίστιν
1066 1866 1299 1941 ἐκλήθη,
1332 1870 1366 1937 ἡ
1401 1865 1457 1922 δὲ
1486 1868 1852 1942 Ἰερουσαλὴμ

205 1964 269 2033 τῇ
298 1965 641 2033 καταστροφῇ
690 1954 988 2034 παρεδόθη.
1022 1955 1179 2015 Οὕτω
1226 1954 1283 2011 δὲ
1333 1955 1473 2033 ταχὺ
1513 1956 1603 2011 καὶ
1633 1955 1852 2033 κούφως

208 2048 465 2126 ἤρχοντο,
517 2047 788 2116 τοσαύτην
839 2045 1058 2123 ἔχοντες
1108 2046 1416 2121 προθυμίαν
1470 2045 1545 2107 είς
1590 2044 1652 2100 τὸ
1683 2043 1848 2100 πολε-

206 2144 317 2212 μεῖν
349 2182 363 2207 ,
425 2137 567 2191 ὥστε
640 2135 731 2191 καὶ
787 2139 895 2190 τῶν
952 2139 1168 2214 τροφῶν
1239 2133 1704 2203 ἐπιλανθάνεσθαι,
1762 2133 1853 2187 καὶ

210 2224 343 2301 μηδὲ
408 2226 477 2281 τὰ
550 2225 836 2297 σιτηρέσια
891 2223 1177 2296 ἀναμένειν
1212 2267 1226 2291 ,
1291 2221 1432 2296 μηδὲ
1503 2223 1852 2285 ἀναπαύσεως

209 2315 430 2381 δεῖσθαι,
465 2311 612 2387 μηδὲ
661 2313 1003 2378 ἀποτίθεσθαι
1050 2313 1113 2369 τὸ
1137 2318 1245 2368 τῶν
1285 2310 1680 2386 πολεμούντων
1711 2319 1850 2387 σχῆ-

214 2426 303 2478 μα.
347 2402 515 2462 Οὗτοι
548 2402 735 2478 ὥσπερ
786 2402 974 2479 στερεὰ
1010 2401 1179 2477 πέτρα
1226 2400 1616 2478 ἐλογίσθησαν,
1664 2400 1753 2455 καὶ
1792 2399 1859 2455 τὰ

212 2495 419 2569 ἅρματα
490 2491 670 2547 αὐτῶν
732 2491 807 2553 ὡς
865 2487 1171 2566 καταιγίδες
1204 2509 1217 2523 ·
1278 2490 1464 2564 ὅμοιοι
1517 2487 1697 2545 λέουσι
1756 2490 1857 2556 τὴν

214 2581 389 2657 ἰσχὺν,
420 2582 510 2637 καὶ
563 2581 827 2653 σκύμνοις
875 2579 1109 2635 λεόντων
1161 2580 1258 2648 τὴν
1316 2580 1515 2654 ὁρμήν·
1549 2579 1624 2633 ὧν
1663 2580 1698 2647 ἡ
1752 2578 1856 2654 βοὴ

214 2672 283 2733 ὡς
310 2670 590 2739 θαλάσσης
636 2668 1034 2741 κυμαινούσης,
1063 2669 1152 2723 ὅτε
1181 2667 1273 2723 καὶ
1322 2665 1473 2722 οὐδὲν
1520 2666 1663 2724 ἄλλο
1695 2667 1722 2721 ὁ
1752 2687 1859 2721 πο-

212 2758 549 2833 λεμούμενος
599 2755 730 2819 λαὸς
776 2758 940 2834 ἑώρα,
990 2755 1117 2813 ἀλλ’
1164 2756 1201 2826 ἢ
1248 2755 1439 2818 σκότος
1486 2754 1723 2832 σκληρὸν
1771 2754 1859 2811 ἰπὶ

207 2852 306 2914 τῆς
331 2854 432 2922 τῆς
465 2848 603 2921 (83).

763 3136 951 3187 ΚΕΦΔ
960 3132 1176 3190 ΛΑΙΟΝ
1226 3132 1292 3196 ς’.
1885 3136 1930 3203 C

270 3242 423 3298 182‘.
480 3238 589 3295 Kal
669 3235 880 3313 ἐγένετο
955 3241 1053 3292 τοῦ
1127 3237 1371 3293 ἰνιαυτοῢ
1447 3235 1508 3292 οὗ
1589 3238 1858 3293 ἀπέθανεν

209 3328 387 3399 Ὀζίας
446 3329 476 3383 ὁ
537 3325 832 3403 βασιλεὺς,
893 3324 1036 3381 εἶδον
1110 3327 1202 3381 τὸν
1278 3326 1481 3402 Κύριον
1561 3329 1695 3400 (84).
1762 3326 1861 3381 Καὶ

216 3415 493 3487 ἐπεστάλη
552 3415 691 3490 πρὸς
741 3435 807 3487 με
868 3413 922 3470 ἓν
972 3418 1080 3469 τῶν
1128 3415 1382 3493 σεραφίμ.
1416 3414 1562 3491 Πρὸς
1592 3415 1721 3479 τοὺς
1759 3415 1864 3470 άπὸ

218 3508 446 3566 κτίσεως
498 3504 591 3558 καὶ
646 3497 925 3570 καταϐλῆς
978 3502 1189 3575 κόσμου
1241 3503 1429 3576 ἁγίους
1473 3502 1553 3557 ἀεὶ
1597 3500 1866 3558 ἀποστιλ-

214 3607 401 3648 Αονται
457 3595 598 3647 θεῖαι
657 3588 933 3663 δυνάμεις,
988 3592 1053 3646 τὸ
1112 3592 1305 3666 σαθρὸν
1363 3599 1464 3661 τῆς
1518 3590 1865 3663 ἀνθρωπίνης

209 3682 415 3758 ᾳύσεως
462 3678 948 3755 ἑπανορθούμεναι.
1008 3678 1315 3750 Ἀπεστάλη
1372 3680 1551 3735 τοίνυν
1600 3680 1689 3734 καὶ
1731 3680 1868 3755 πρὸς

208 3768 454 3839 Ἡσαΐαν,
505 3768 595 3825 ἐπὶ
640 3772 723 3841 τῷ
768 3767 1041 3844 περιελεῖν
1088 3767 1253 3823 αὐτοῦ
1300 3769 1397 3830 τὰς
1459 3769 1723 3844 ἁμαρτίας
1776 3768 1867 3822 καὶ

210 3858 493 3934 καθαρίσαι
529 3903 543 3915 .
594 3856 902 3927 Ἀπεστάλη
958 3854 1037 3927 δὲ,
1084 3855 1272 3925 ἔπειδή
1322 3854 1553 3927 ἤκουσεν
1606 3854 1870 3933 ὀδυρομέ-

218 3969 309 4003 vos
334 3948 432 4010 τὰς
462 3945 610 4008 ἷδίας
660 3944 1059 4022 ταλαιπωρίας,
1109 3947 1199 4002 καὶ
1248 3944 1653 4021 ὁμολογοῦντος
1684 3947 1784 4015 τὴν
1815 3945 1868 4001 ἐν

216 4035 505 4111 λογισμοῖς
554 4035 720 4090 αὐτοῦ
770 4034 1061 4109 ἁμαρτίαν.
1115 4037 1254 4092 Εἴπε
1305 4034 1408 4110 γὰρ
1459 4035 1543 4105 τὸ,
1592 4042 1657 4089 Ὢ
1700 4032 1870 4096 τάλας

225 4123 349 4198 ἐγὼ,
426 4124 513 4180 ὅτι
582 4124 976 4200 κατανένυγμαι
1010 4140 1024 4155 ·
1086 4121 1170 4179 ὅτι
1246 4121 1533 4199 ἄνθρωπος
1599 4119 1672 4178 ὥν
1709 4167 1724 4193 ,
1780 4124 1870 4180 καὶ

230 4212 493 4289 ἀκάθαρτα
550 4212 720 4289 χείλη
777 4207 923 4288 ἔχων
960 4253 974 4279 ,
1033 4211 1086 4267 ἐν
1167 4215 1316 4285 μέσῳ
1394 4212 1530 4267 λαοῦ
1602 4213 1874 4287 ἀκάθαρτα

227 4301 386 4375 χείλη
441 4300 671 4377 ἔχοντος
725 4299 833 4377 ἐγὼ
889 4300 1046 4356 οἰκῶ.
1097 4303 1280 4357 Ταῦτα
1338 4298 1492 4376 ἔλεγε
1543 4300 1692 4355 καὶὸ
1729 4305 1871 4355 Παῦ-

228 4386 336 4452 λος·
396 4389 765 4466 Ταλαίπωρος
826 4389 936 4464 ἐγὼ
989 4391 1312 4464 ἄνθρωπος,
1368 4391 1452 4452 τίς
1532 4410 1598 4462 με
1657 4388 1869 4464 ῥύσεται

1961 1870 2194 1941 quidem
2217 1875 2421 1942 gentes
2439 1870 2508 1925 ad
2530 1871 2702 1925 ﬁdem
2723 1871 2921 1925 accitae
2937 1874 3078 1926 sunt
3099 1887 3112 1924 :
3133 1869 3460 1926 Jerusalem
3482 1886 3618 1925 vero

1960 1959 2139 2014 ruina:
2162 1959 2374 2015 tradita
2394 1964 2483 2015 est
2505 1965 2563 2015 et
2584 1959 3167 2015 eversioni.F‘ortasse
3188 1963 3382 2013 autem
3407 1959 3487 2013 ita
3503 1958 3617 2013 cito

1961 2053 2018 2104 et
2045 2048 2249 2104 leviter
2271 2048 2602 2111 veniebant.
2624 2050 2780 2121 quod
2805 2052 2928 2104 erat
2958 2047 3093 2104 belli
3123 2046 3362 2120 gerendi
3387 2047 3616 2103 deside-

1963 2137 2117 2191 rium
2146 2154 2262 2209 quo
2291 2139 2679 2206 ducebantur,
2703 2143 2766 2193 ut
2804 2137 3290 2193 obliviscerentur
3318 2153 3617 2193 commea-

1965 2231 2156 2291 tuum,
2173 2242 2359 2297 neque
2378 2225 2743 2296 operirentur
2760 2225 3009 2281 militare
3030 2224 3387 2296 stipendium
3402 2269 3416 2292 ,
3430 2240 3621 2296 neque

1963 2314 2459 2370 intermissionem
2487 2331 2553 2369 ac
2580 2314 2979 2370 laxamentum
3004 2317 3403 2385 exposcerent,
3428 2328 3621 2385 neque

1965 2407 2240 2459 exuerent
2272 2420 2335 2459 se
2366 2402 2604 2459 militari
2639 2404 2864 2460 habitu.
2898 2404 2995 2459 Isti
3028 2402 3198 2474 quasi
3238 2402 3428 2458 solida
3456 2408 3623 2475 petra

1968 2491 2151 2547 habiti
2184 2499 2344 2560 sunt,
2370 2499 2426 2548 et
2456 2510 2666 2548 currus
2695 2509 2895 2549 eorum
2931 2492 3098 2564 quasi
3131 2484 3416 2564 procellas.
3444 2492 3624 2547 Erant

1970 2597 2138 2653 pares
2172 2580 2442 2637 leonibus
2469 2582 2547 2646 vi,
2577 2587 2634 2637 et
2672 2581 2906 2637 leonum
2940 2581 3153 2637 catulis
3184 2580 3441 2652 impetu;
3475 2596 3620 2653 quo-

1970 2686 2099 2724 rum
2135 2669 2247 2724 fuit
2275 2669 2496 2725 clamor
2524 2668 2699 2725 veluti
2745 2669 2928 2726 maris
2969 2669 3297 2736 aestuantis,
3322 2685 3439 2742 quo
3468 2673 3621 2724 tem-

1971 2774 2110 2827 pore
2141 2757 2393 2831 populus
2444 2759 2547 2829 qui
2595 2758 3068 2831 oppugnabatur,
3101 2757 3244 2813 nihil
3297 2756 3459 2813 aliud
3506 2755 3622 2812 nisi

1971 2863 2201 2902 crassas
2230 2846 2504 2902 tenebras
2536 2847 2594 2902 in
2624 2850 2781 2903 terra
2804 2862 3044 2918 sparsas
3074 2846 3370 2902 cernebat.

2603 3134 2837 3192 CAPUT
2877 3134 2976 3190 VI.

2042 3241 2191 3299 182'.
2214 3242 2390 3298 Vens.
2424 3244 2477 3312 1,
2507 3243 2561 3297 6.
2597 3246 2662 3299 Et
2688 3244 2895 3312 factum
2924 3249 3004 3296 est
3042 3255 3209 3309 anno,
3242 3255 3347 3312 quo
3374 3247 3625 3295 mortuus

1970 3338 2050 3386 est
2081 3330 2242 3387 Ozias
2273 3347 2372 3386 rex
2400 3349 2419 3386 :
2450 3333 2566 3386 vidi
2621 3332 2918 3387 Dominum
2971 3331 3038 3385 Et
3089 3330 3285 3384 missus
3313 3336 3390 3384 est
3432 3327 3504 3383 ad
3538 3343 3628 3383 me

1972 3436 2121 3474 unus
2148 3419 2213 3474 de
2241 3419 2541 3491 seraphim.
2574 3420 2813 3491 Semper
2841 3435 2873 3473 ο.
2905 3418 3094 3491 prima
3142 3416 3350 3473 mundi
3403 3415 3629 3472 consti-

1975 3509 2200 3564 tutione
2230 3514 2286 3563 et
2316 3508 2538 3581 origine
2569 3508 2639 3563 ad
2665 3512 2901 3563 sanctos
2933 3506 3251 3562 mittuntur
3278 3505 3495 3561 divinae
3522 3521 3631 3577 po-

1974 3601 2238 3661 testatos,
2272 3614 2397 3668 qua:
2454 3596 2725 3652 humans:
2758 3602 2980 3651 naturae
3028 3595 3352 3652 resarciant
3382 3594 3633 3649 inﬁrmi-

1979 3690 2179 3741 tatem.
2203 3686 2421 3741 Missus
2448 3685 2629 3757 igitur
2648 3689 2737 3740 est
2767 3685 2945 3740 etiam
2979 3685 3049 3740 ad
3084 3684 3297 3740 Isaiam
3329 3699 3508 3751 unus,
3531 3681 3635 3753 qui

1978 3775 2050 3829 ab
2083 3791 2147 3829 eo
2181 3774 2435 3829 auferret
2474 3783 2730 3845 peccata,
2763 3772 3079 3844 ipsumque
3109 3772 3387 3844 expiaret.
3416 3771 3633 3826 Missus

1979 3867 2067 3917 est
2097 3865 2289 3918 autem
2326 3866 2709 3933 posteaquam
2744 3860 3072 3931 (Dominus)
3104 3876 3237 3915 eum
3270 3858 3495 3914 audivit
3522 3857 3635 3912 mi-

1981 3950 2165 4006 serias
2196 3966 2336 4005 suas
2366 3948 2701 4016 deflentem,
2734 3953 3158 4021 peccatumque
3198 3948 3255 4001 in
3301 3963 3409 4003 sua
3440 3949 3635 4001 mente

1982 4039 2346 4093 reconditum
2397 4037 2794 4094 confitentem.
2839 4036 2989 4092 Dixit
3032 4037 3184 4092 enim
3220 4036 3422 4107 (Vsus.
3451 4035 3507 4106 5)
3542 4051 3555 4090 :
3586 4036 3635 4092 Ο

1978 4129 2148 4183 miser
2191 4143 2311 4196 ego,
2349 4127 2479 4199 quia
2525 4134 2883 4196 compunctus
2925 4142 3047 4180 sum
3075 4143 3094 4180 :
3125 4124 3256 4196 quia
3307 4124 3463 4179 homo
3509 4138 3637 4178 cum

1980 4220 2108 4283 sim,
2141 4219 2192 4271 et
2224 4214 2510 4271 immunda
2540 4215 2689 4270 labia
2728 4214 2976 4278 habeam,
3008 4215 3068 4268 in
3097 4215 3279 4269 medio
3308 4213 3503 4284 pepuli
3531 4213 3640 4267 im-
3688 4240 3691 4241 ν

1981 4304 2190 4360 munda
2246 4304 2402 4358 labia
2451 4302 2706 4359 habentis
2734 4319 2831 4372 ego
2871 4303 3075 4358 habito.
3106 4302 3236 4357 Haec
3293 4300 3523 4356 dicebat
3578 4304 3637 4356 et

1986 4394 2204 4447 Paulus
2238 4409 2251 4447 :
2280 4391 2491 4465 Infelix
2527 4407 2624 4459 ego
2668 4392 2845 4459 homo,
2878 4393 3001 4462 quis
3027 4405 3113 4446 me
3141 4390 3399 4446 liberabit
3427 4388 3492 4445 de
3520 4403 3640 4445 cor-

236 4475 294 4532 ἰκ
339 4483 436 4535 τοῦ
494 4480 751 4553 σώματος
825 4482 929 4534 τοῦ
1002 4478 1232 4533 θανάτου
1286 4478 1483 4533 τούτου
1536 4498 1549 4547 ;
1597 4478 1727 4534 Εἶτα
1784 4479 1862 4533 καῖ

1980 4497 2112 4552 pore
2143 4483 2333 4535 mortis
2363 4481 2525 4551 hujus
2546 4480 2591 4514 ⁹²
2612 4480 2640 4534 ?
2682 4480 2902 4535 Deinde
2943 4478 3117 4534 etiam
3149 4478 3243 4534 hic
3294 4477 3421 4550 ipse
3468 4477 3639 4550 quasi

230 4567 382 4629 αὐτὸς
432 4569 507 4630 ὡς
559 4569 751 4642 τυχὼν
802 4566 948 4628 θείας
1004 4565 1344 4640 ἀντιλήψεως
1403 4566 1623 4641 ίπάγει·
1687 4567 1872 4642 Εὐχα-

244 4661 401 4727 ριστῶ
446 4661 528 4727 τῷ
583 4660 705 4727 Θεῷ
756 4653 846 4710 διὰ
896 4657 1075 4725 Ἰησοῦ
1122 4657 1378 4730 Χριστοῦ.
1422 4656 1551 4711 Elite
1602 4652 1659 4709 δὲ
1706 4658 1787 4724 τὸ,
1819 4662 1882 4709 Ὦ

240 4741 401 4806 τάλας
440 4745 567 4820 ἐγὼ,
617 4741 942 4821 διορπικῶς
992 4742 1068 4805 εἲς
1119 4740 1324 4798 ἔννοιαν
1375 4741 1546 4798 ἐλθὼν
1587 4745 1686 4813 τῆς
1730 4744 1883 4819 βασι-

1980 4571 2106 4640 jam
2140 4576 2491 4624 consecutus
2512 4568 2776 4622 divinum
2808 4567 3166 4634 subsidium,
3200 4567 3401 4621 addit:
3427 4566 3644 4622 Gratias

1990 4673 2090 4728 ago
2120 4658 2229 4712 Deo
2256 4673 2356 4728 per
2391 4658 2574 4713 Jesum
2627 4657 2909 4712 Christum
2933 4656 2998 4712 ⁸³.
3032 4657 3181 4710 Dixit
3227 4660 3419 4710 autem
3468 4654 3637 4710 illud.

1996 4746 2035 4803 Ο
2051 4747 2351 4815 miserego,
2374 4748 2686 4815 postquam
2710 4760 2955 4816 regnum
2980 4743 3081 4800 Dei
3106 4743 3203 4815 qui
3231 4758 3408 4815 super
3424 4741 3641 4798 solium

301 4870 345 4905 ⁸⁸
369 4870 500 4928 Job.
532 4886 654 4937 xxx,
682 4869 774 4925 21.
851 4870 895 4907 ⁸³
926 4869 1060 4926 Job.
1090 4885 1155 4934 ιι.
1185 4871 1240 4925 5.
1318 4870 1364 4905 ⁹²
1397 4870 1559 4925 Rom.
1592 4886 1692 4935 vr,
1721 4869 1813 4925 24.

1978 4869 2111 4926 ibid.
2143 4869 2234 4924 25.

300 4993 409 5079 L80)
437 4994 629 5052 Codex
675 4993 1009 5051 Combeﬁsii
1061 4994 1374 5062 recentior,
1411 4991 1502 5047 καὶ
1560 4995 1733 5066 συριεῖ
1780 4990 1883 5046 αὐ-

237 5081 373 5125 τοις.

310 5137 421 5204 (81)
448 5136 623 5204 Editi,
679 5134 780 5202 τὴν
841 5132 930 5189 lui
989 5132 1396 5190 Οὐεσπασιανοῦ
1453 5132 1526 5203 ἰν,
1579 5137 1891 5206 imperante

247 5206 590 5277 Vespasiano.
621 5207 697 5263 At
725 5224 825 5262 sex
859 5223 1004 5263 mss.
1037 5212 1104 5263 ut
1134 5208 1192 5262 in
1226 5213 1523 5263 contextu.

310 5276 424 5349 (82)
455 5281 537 5335 lla
579 5295 727 5335 mss.
757 5277 933 5345 Editi,
983 5283 1212 5350 σημεῖον
1241 5276 1327 5348 τό,
1357 5278 1413 5333 id
1465 5276 1618 5349 quod
1650 5276 1734 5332 ita
1762 5277 1890 5331 red-

246 5348 471 5405 diderat
518 5354 831 5420 interpres,
857 5348 1082 5422 signum
1109 5353 1289 5405 crucis
1334 5348 1601 5422 ejus,"qni
1644 5364 1747 5419 per
1769 5364 1891 5422 eam

240 5422 556 5492 declaratus
612 5432 698 5476 est
753 5424 803 5476 et
860 5421 1197 5492 designatus.
1243 5419 1369 5487 Qua
1423 5419 1897 5490 interpretatione

239 5491 491 5616 pulchra
522 5493 842 5548 admodum
872 5491 1168 5549 sententia
1203 5509 1445 5564 prorsus
1476 5491 1895 5561 corrumpitur.

270 5560 391 5616 ἰω
420 5564 671 5616 dubium
722 5581 836 5616 non
868 5571 979 5616 est.
1010 5564 1152 5616 cuin
1209 5566 1460 5616 scrintor
1508 5563 1769 5616 indicare
1797 5579 1895 5616 vo-

270 5560 391 5619 iam
420 5564 671 5620 dubium
722 5581 836 5635 non
868 5571 979 5629 est,
1010 5564 1153 5635 quin
1206 5560 1460 5635 scriptor
1508 5560 1769 5618 indicare
1797 5579 1900 5617 vo-

248 5631 429 5692 luerit
482 5636 696 5692 miram
757 5634 917 5692 illam
977 5631 1168 5693 crucis
1223 5631 1673 5710 apparitionem,
1723 5650 1902 5707 quam

569 5764 845 5827 Panos.
889 5763 1003 5828 Gs.
1044 5762 1237 5827 xxx.

1992 4991 2374 5049 Constantino
2434 4990 2642 5062 Magno
2679 4990 2741 5046 in
2783 4990 2927 5047 omlo
2955 4989 3144 5046 visam
3204 4989 3388 5047 fuisse
3445 4990 3648 5046 narrat

1996 5064 2279 5121 Eusebius
2312 5062 2413 5134 lib.
2446 5078 2466 5117 ι
2495 5063 2569 5117 De
2594 5064 2707 5118 vita
2740 5062 2945 5134 Const,
2977 5079 3105 5134 cap.
3129 5063 3221 5117 28.

2065 5136 2177 5209 (83)
2208 5135 2346 5190 Post
2374 5133 2496 5188 hac
2527 5134 2720 5209 verba,
2753 5132 2840 5188 ἐπὶ
2880 5139 2980 5201 τῆς
3024 5130 3149 5209 ﬁs,
3178 5130 3325 5188 nihil
3351 5130 3648 5209 invenitur

2000 5205 2258 5277 amplius
2308 5221 2496 5276 neque
2544 5206 2604 5259 in
2655 5222 2802 5262 mss.
2835 5205 3134 5277 neque'in
3183 5205 3435 5261 excusis.
3459 5207 3649 5277 Quare

2000 5272 2155 5333 credi
2190 5272 2624 5348 merito'potest
2671 5272 3155 5348 scriptor'totum
3185 5281 3364 5346 caput
3402 5272 3647 5348 nouab-

2003 5349 2246 5404 solvisse
2279 5366 2292 5403 :
2328 5341 2447 5403 sed-
2480 5348 2609 5421 ejus
2655 5341 2864 5421 capitis
2911 5348 3086 5404 ﬁnem
3140 5349 3198 5403 in
3229 5341 3647 5415 compendium

2005 5423 2292 5476 duntaxat
2322 5419 2637 5490 redegisse.

2078 5493 2192 5564 (8]1)
2224 5490 2383 5564 Colb.
2416 5481 2669 5564 primus,
2714 5488 2911 5564 Κύριον
2962 5488 3265 5559 καθήμενον
3318 5481 3650 5564 ἐπὶ-’θρόνου

2011 5549 2230 5635 ὑψηλοῦ
2276 5560 2366 5616 καὶ
2412 5549 2743 5635 impenso.
2799 5549 3118 5635 aliquant-9'
3168 5564 3331 5635 post“
3348 5549 3520 5635 editi,
3562 5549 3653 5608 διὰ

2013 5627 2221 5705 Ἰησοῦν
2246 5627 2598 5709 Χριστόν.λῐ
2626 5649 2727 5691 sex
2756 5627 2930 5700 mss;
2958 5627 3047 5686 διὰ
3074 5627 3254 5700 Ἰησοῦ
3286 5627 3549 5703 Χριστοῦ.

3253 5757 3331 5817 ιε
