4048 6220
380 345 502 422 427

1329 353 1726 434 APPENDIX
1767 354 2095 416 OPERUM
2137 355 2202 415 S.
2246 355 2531 416 BASlLll
2579 355 2854 418 MAGNI.

3677 355 3804 416 428

381 491 678 550 excelsum
699 495 758 548 et
777 490 1064 548 elevatum
1094 489 1352 559 sedebat,
1375 491 1553 560 atque
1575 487 1864 542 mundum
1888 487 2035 543 adeo

2150 483 2302 548 λείας
2329 483 2426 540 τοῦ
2455 490 2588 542 Θεοῦ
2632 488 2742 562 (85)
2791 489 2889 542 τοῦ
2931 487 3246 558 καθημενου
3289 484 3377 540 ἰπὶ
3422 485 3612 561 θρόνου
3654 487 3800 562 ὑψη-

382 588 616 638 vastum
664 580 847 652 gloria
894 596 1003 635 sua
1048 577 1424 648 adimplebat,
1449 576 1603 632 clare
1651 578 1848 631 animo
1908 592 2039 647 per-

386 672 694 743 spexisset.
718 670 872 726 513
895 667 1116 723 Etenim
1145 672 1461 736 antequam
1488 666 1672 720 Deum
1699 671 1892 720 mente
1916 681 2040 735 per-

387 761 627 832 ciperet,
653 775 766 812 non
799 757 1156 828 comperitur
1182 755 1398 810 dixisse
1427 773 1438 810 :
1464 757 1510 813 0
1542 755 1710 810 miser
1737 771 1860 822 ego.
1894 753 2038 808 Nam

387 854 444 905 et
471 847 762 903 Abraham
794 846 943 918 ipse,
967 861 1102 900 cum
1136 848 1289 898 Deus
1312 859 1440 898 sese
1467 843 1578 914 ipsi
1610 842 1885 911 ostendit,
1908 847 2037 897 tum

386 937 604 993 dixisse
657 935 904 990 refertur
941 950 952 987 :
988 935 1094 1004 Ego
1145 941 1331 988 autem
1359 949 1479 988 sum
1510 937 1661 987 terra
1712 937 1768 986 et
1810 933 1950 987 cinis
1972 933 2035 985 9‘.

385 1025 670 1082 Similiter
698 1023 872 1079 etiam
923 1028 981 1076 et
1032 1022 1258 1093 Moyses
1291 1021 1452 1075 omni
1495 1020 1896 1091 [Egyptiorum
1945 1037 2036 1075 sa-

385 1112 604 1188 pientia
634 1110 901 1167 eruditus
922 1111 986 1175 9³,
1019 1117 1098 1178 et,
1132 1114 1196 1164 ut
1229 1111 1464 1164 credere
1496 1126 1602 1180 par
1633 1114 1743 1173 est,
1777 1108 1883 1163 hos
1912 1124 2038 1163 om-

383 1220 491 1258 nes
521 1199 739 1272 ingenii
772 1199 1114 1254 dexteritate
1146 1214 1212 1252 sc
1242 1197 1626 1268 intelligentia
1656 1213 2035 1268 exsuperans,

381 1292 595 1362 linguzs
638 1287 967 1344 haesitantis
998 1295 1054 1342 et
1083 1286 1356 1341 tarditate
1399 1285 1665 1340 laborare
1695 1301 1758 1340 se
1790 1302 1904 1340 non
1934 1286 2037 1340 ad-

379 1379 672 1445 vertebat;
705 1377 804 1432 sed
838 1375 938 1430 ubi
986 1375 1302 1430 Dominum
1345 1373 1580 1429 oracula
1631 1373 1899 1428 edentem
1933 1391 2037 1428 au-

381 1469 548 1536 divit,
581 1471 723 1522 tunc
754 1464 1030 1536 loquendi
1063 1461 1474 1519 difficultatem
1505 1479 1571 1518 ac
1602 1461 1816 1535 linguae
1849 1463 2031 1517 tardi-

383 1562 564 1614 tatem
595 1554 782 1611 sensit
803 1555 865 1607 9⁸.

457 1646 578 1700 183.
613 1648 790 1699 Vens.
822 1644 877 1712 6,
909 1644 961 1695 7.
996 1643 1061 1696 Et
1091 1642 1151 1696 in
1181 1657 1358 1695 manu
1403 1657 1504 1695 sua
1553 1640 1794 1695 habebat
1843 1640 2036 1694 carbo-

383 1753 529 1806 nem,
585 1750 742 1806 quem
792 1732 998 1803 forcipe
1051 1730 1255 1784 tulerat
1307 1729 1374 1784 de
1433 1729 1622 1796 altari,
1654 1737 1704 1783 et
1755 1731 1932 1799 tetigit
1981 1744 2039 1782 os

383 1841 587 1880 meum.
622 1822 730 1887 Qui
776 1821 929 1876 hanc
976 1819 1394 1890 interpretatur
1441 1819 1792 1873 sententiam
1844 1818 2037 1873 animo

381 1913 646 1977 Iudaico,
671 1911 938 1965 dicturus
957 1911 1047 1964 est
1079 1907 1281 1978 utique
1312 1905 1629 1961 Dominum
1654 1905 1711 1960 in
1739 1905 1933 1978 aliquo
1965 1906 2039 1960 ci-

381 2002 580 2058 vitatis
608 1997 1114 2071 Jerosolymitana:
1156 1995 1281 2051 loco
1334 1994 1518 2050 fuisse
1551 1995 1766 2060 visum,
1800 1994 1860 2049 in
1892 1994 2037 2050 solio

2096 561 2104 565 ”
2151 572 2250 629 λοῦ
2309 575 2397 630 καὶ
2457 575 2789 650 ἐπηρμένου,
2843 575 2932 629 καὶ
2993 573 3430 647 πεπληρωκότος
3475 579 3576 641 τῆς
3635 561 3797 647 δόξης

2148 663 2316 718 αὐτοῦ
2372 665 2463 718 τὸν
2522 662 2850 734 τηλικοῦτον
2904 663 3134 736 κόσμον.
3195 665 3329 740 Πρὶν
3388 666 3489 739 γὰρ
3547 663 3797 735 ἐννοῆσαι

2149 752 2301 819 Θεὸν,
2361 753 2428 806 οὐ
2485 753 2722 831 φαίνεται
2777 752 2945 808 εἷ’πὼν
2993 755 3105 826 (86)
3162 754 3242 810 τὸ.
3306 755 3370 808 Ὢ
3424 755 3592 816 τάλας
3647 754 3787 829 ἐγώ.

2150 841 2299 898 Ἐπεὶ
2355 841 2444 896 καὶ
2475 844 2503 896 6
2536 837 2806 918 Ἀϐραὰμ,
2862 842 2952 896 ὅτι
3010 837 3165 920 ὤφθη
3227 842 3372 914 αὒτῷ
3415 843 3444 897 6
3492 843 3642 910 Θεὸς,
3671 845 3800 897 τότε

2147 927 2549 1005 ἀναγέγραπται
2600 931 2832 1005 εἰρηκὼς
2878 932 2963 999 τὸ,
3005 932 3150 1006 Ἐγὼ
3201 928 3258 986 δὶ
3289 931 3401 1005 εἶμι
3431 939 3500 1006 γῆ
3533 932 3622 986 καὶ
3663 954 3801 987 σπο-

2150 1016 2263 1080 δός.
2325 1019 2481 1076 Οὕτω
2541 1017 2598 1074 δὲ
2640 1023 2754 1092 (87)
2805 1021 2896 1074 καὶ
2953 1025 3192 1089 Μωϋσῆς
3247 1017 3642 1092 παιδευόμενος
3699 1021 3797 1094 μὲν

2147 1107 2290 1182 πάσῃ
2344 1108 2505 1185 σοφίᾳ
2550 1109 2883 1184 Αἰγυπτίων,
2913 1108 3002 1164 καὶ
3048 1109 3122 1171 ὡς
3158 1108 3301 1172 εἰκὸς
3343 1106 3632 1165 διαϐαίνων
3661 1112 3799 1164 πάν-

2145 1217 2240 1257 τας
2273 1197 2464 1258 αὐτοὸς
2505 1202 2573 1270 τῇ
2624 1195 2818 1275 εὐφυΐᾳ
2860 1197 2948 1252 καὶ
2995 1201 3064 1271 τῇ
3115 1199 3346 1267 συνέσει,
3397 1197 3496 1252 οὐκ
3537 1197 3802 1272 ᾐσθάνετο

2147 1285 2339 1340 ἑαυτοῦ
2398 1285 2742 1364 ἶσχνοφώνου
2797 1285 2832 1354 ἢ
2887 1289 3000 1361 (88)
3053 1284 3484 1362 βραδυγλώσσου
3526 1308 3538 1320 ο
3599 1287 3688 1342 ὅτε
3740 1285 3804 1342 δὲ

2145 1371 2343 1441 ἤκουσε
2386 1378 2483 1428 τοῦ
2531 1375 2993 1451 χρηματίζοντος,
3043 1377 3166 1430 τότε
3211 1382 3311 1445 τῆς
3361 1375 3603 1454 ἀφωνίας
3631 1375 3801 1430 αὐτοῦ

2145 1461 2234 1516 καὶ
2263 1469 2362 1532 τῆς
2397 1461 2519 1537 περὶ
2549 1465 2650 1532 τὴν
2671 1461 2922 1538 γλῶσσαν
2959 1461 3298 1540 βραδύτητος
3329 1463 3550 1540 ᾔσθετο.

2216 1640 2341 1696 483.
2401 1640 2500 1694 Καὶ
2557 1639 2609 1695 ἐν
2661 1642 2732 1713 τῇ
2794 1641 2942 1717 χειρῖ
2999 1641 3163 1697 αὐτοῦ
3222 1642 3364 1717 εἶχεν
3425 1640 3680 1716 ἄνθρακα,
3737 1644 3805 1699 ὃν

2147 1731 2217 1801 τῇ
2293 1723 2476 1783 λαϐίδι
2563 1725 2753 1784 ἔλαϐεν
2829 1731 2934 1785 ἀπὸ
3016 1735 3113 1785 τοῦ
3193 1730 3620 1805 θυσιαστηρίου,
3705 1733 3804 1787 καὶ

2145 1813 2323 1889 ἥψατο
2380 1822 2478 1872 τοῦ
2536 1819 2806 1891 στόματός
2877 1841 3003 1892 μου.
3061 1822 3120 1877 Ὁ
3182 1820 3276 1893 μὲν
3345 1817 3656 1883 Ἰουδαϊκῶς
3712 1821 3806 1891 ἰξ-

2148 1905 2454 1980 ηγούμενος
2495 1907 2557 1961 τὸ
2610 1907 2795 1983 ῥητὸν,
2831 1906 2961 1982 ἐρεῖ,
3015 1909 3090 1970 ὡς
3131 1910 3232 1984 ἄρα
3265 1910 3292 1963 6
3323 1909 3519 1983 Κύριος
3568 1910 3804 1984 ἑώραται

2146 1991 2344 2065 ἐπὶτῷ
2373 1997 2508 2050 κατᾶ
2560 1995 2924 2070 Ἰερουσαλὴμ
2967 1997 3143 2068 τόπῳ,
3195 1999 3504 2070 καθήμενος
3553 1997 3641 2053 ἐπὶ
3666 2000 3804 2074 θρόο

382 2090 608 2147 excelso
637 2093 693 2144 et
723 2088 942 2143 elevato
992 2085 1288 2141 sedentem
1322 2101 1335 2139 :
1368 2082 1783 2154 seraphimque
1816 2083 1873 2137 in
1907 2085 2035 2154 ejus

2143 2102 2238 2136 νου
2291 2082 2510 2155 ὑψηλοῦ
2558 2085 2648 2137 καὶ
2697 2082 3032 2160 ἐπηρμένου,
3071 2084 3161 2139 καὶ
3210 2086 3278 2140 τὰ
3323 2086 3561 2164 σεραφῖμ
3610 2086 3806 2159 κύκλῳ

381 2181 630 2238 circuitu
661 2175 913 2242 stetisse,
947 2180 1003 2230 et
1041 2177 1342 2243 sumptum
1389 2188 1458 2226 ex
1495 2170 2032 2226 holocautornatum

2144 2169 2307 2224 αὐτοῦ
2353 2171 2637 2242 ἑστηκότα·
2687 2171 2775 2226 καὶ
2826 2172 2884 2226 ἐκ
2929 2177 3024 2227 τοῦ
3074 2174 3460 2248 θυσιαστηρίου
3507 2179 3611 2229 τῶν
3661 2174 3802 2231 ὁλο-

381 2286 485 2326 ara
514 2270 706 2339 ignem
740 2263 825 2319 ori
859 2262 1151 2334 prOpbetaa
1194 2261 1263 2315 ad
1307 2260 1463 2315 labia
1494 2260 1621 2329 ejus
1653 2261 2033 2332 expurganda

2140 2261 2511 2332 καυτωμάτων
2581 2261 2644 2315 τὸ
2723 2265 2827 2335 πῦρ
2905 2259 3110 2338 ληφθὲν
3163 2263 3308 2337 παρὰ
3380 2267 3474 2317 τοῦ
3529 2264 3799 2341 σεραφεὶμ

382 2360 454 2414 ab
487 2373 602 2412 uno
633 2352 928 2424 seraphim
951 2349 1213 2406 oblatum
1247 2349 1446 2403 fuisse.
1473 2349 1589 2403 Nos
1611 2365 1742 2403 vero
1775 2349 1873 2415 qui
1897 2365 2023 2419 quae

2138 2350 2492 2424 προσηνέχθη
2527 2351 2638 2422 (89)
2687 2354 2767 2420 τῷ
2818 2350 3044 2422 στόματι
3095 2355 3191 2404 τοῦ
3239 2352 3545 2426 προφήτου,
3587 2352 3663 2415 εἷς
3691 2374 3793 2406 κα-

381 2448 440 2503 in
471 2446 598 2516 lege
647 2445 1067 2507 memorantur,
1104 2439 1420 2511 imaginem
1454 2453 1584 2492 esse
1614 2436 1938 2492 caelestium
1970 2441 2027 2492 et

2138 2438 2398 2511 θαρισμὸν
2449 2442 2554 2492 τῶν
2608 2436 2843 2513 χειλέων
2885 2439 3070 2494 αὐτοῦ.
3102 2441 3291 2512 Ἡμεῖς
3325 2437 3384 2494 δὲ
3415 2441 3466 2494 οἱ
3496 2461 3794 2496 πεπιστευ-

381 2535 653 2592 umbram
673 2530 1228 2594 credimus,omnem
1247 2531 1521 2582 creatura:
1534 2531 1661 2580 tum
1677 2525 2024 2596 spiritualis,

2138 2525 2310 2593 κότες,
2364 2525 2444 2580 ὅτι
2495 2524 2801 2603 ὑπόδειγμά
2848 2548 2898 2582 τι
2948 2528 3038 2582 καὶ
3089 2529 3212 2582 σκιὰ
3407 2533 3510 2582 τῶν
3546 2529 3786 2606 ἐπουρα-

380 2630 509 2681 tum
541 2622 651 2678 sub
684 2635 893 2674 sensus
923 2616 1186 2672 cadentis
1226 2622 1438 2670 coetum
1486 2620 1542 2670 et
1589 2614 2025 2670 universitatem

2138 2613 2258 2668 νίων
2290 2613 2400 2670 ἐστι
2449 2615 2518 2670 τὰ
2563 2617 2698 2670 κατὰ
2742 2618 2832 2670 τὸν
2886 2617 3078 2688 νόμον,
3115 2617 3259 2671 οἶκον
3314 2617 3408 2689 μὲν
3455 2615 3689 2692 λέγομεν
3719 2622 3789 2674 τὸ

381 2714 625 2768 domum
658 2708 941 2773 dicimus;
979 2704 1144 2759 illum
1177 2720 1308 2758 vero
1342 2703 1438 2757 Dei
1481 2703 1538 2757 in
1577 2719 1781 2758 omnes
1812 2703 2026 2775 princi-

2138 2702 2350 2773 σύμπαν
2411 2702 2660 2776 σύστημα
2709 2707 2807 2773 τῆς
2858 2713 3062 2775 νοητῆς
3109 2706 3199 2759 καὶ
3229 2705 3490 2776 αἰσθητῆς
3529 2707 3786 2770 κτίσεως·

381 2804 583 2875 patum
608 2814 674 2853 ac
696 2793 1020 2851 dominium
1039 2792 1288 2847 dicimus
1311 2790 1523 2846 solium
1547 2790 1854 2856 elevatum,
1876 2807 2029 2846 sera-

2138 2791 2327 2864 θρόνον
2389 2789 2444 2845 δὲ
2502 2791 2809 2865 ἐπηρμένον
2866 2792 2966 2860 τὴν
3020 2790 3105 2846 ἐπὶ
3169 2793 3386 2847 πάντων
3455 2793 3632 2868 ἀρχὴν
3691 2796 3789 2850 καὶ

379 2891 543 2963 pbim
575 2890 793 2954 autem,
824 2882 1087 2938 caelestes
1119 2881 1382 2935 virtutes.
1417 2880 1472 2934 Si
1507 2880 1686 2949 enim,
1711 2879 1866 2952 quod
1898 2879 2026 2951 qui-

2138 2876 2446 2934 δεσποτείαν
2493 2883 2590 2934 τοῦ
2639 2884 2792 2934 Θεοῦ
2844 2880 3080 2959 σεραφὶμ
3127 2878 3183 2936 δὲ
3232 2881 3327 2944 τὰς
3382 2883 3791 2958 ὑπερκοσμίους

380 2981 517 3034 dam
550 2975 771 3048 Opinati
804 2977 962 3038 sunt,
997 2970 1112 3025 duo
1161 2968 1286 3024 coeli
1329 2968 1743 3039 hemisphaeria
1789 2967 2027 3024 alternis

2139 2965 2409 3041 δυνάμεις.
2456 2968 2520 3026 Εἰ
2571 2969 2694 3044 γὰρ,
2741 2968 2872 3044 ὅπερ
2921 2968 3323 3044 ἐφαντάσθησάν
3373 2992 3536 3033 τινες,
3587 2972 3655 3027 τὰ
3685 2970 3790 3028 δύο

375 3067 604 3124 vicibus
643 3079 706 3118 se
751 3077 929 3133 super
973 3064 1189 3114 terram
1249 3057 1664 3129 conspicienda
1713 3057 2026 3128 praebeant,

377 3161 628 3226 utroque
659 3168 758 3207 sex
803 3149 1072 3222 partibus
1113 3151 1394 3218 tanquam
1428 3145 1538 3200 alis
1567 3145 1923 3216 quibusdam
1954 3146 2026 3201 ad

2135 3062 2233 3112 τοῦ
2282 3056 2510 3133 οὐρανοῦ
2557 3058 2890 3135 ἡμισφαίρια
2927 3059 3025 3113 ἀνὰ
3067 3059 3230 3135 μέρος
3279 3060 3410 3134 ὑπὲρ
3458 3067 3562 3137 γῆς
3591 3063 3790 3139 φαινό-

2142 3167 2294 3219 μενα,
2343 3145 2396 3219 ’ἐξ
2433 3145 2644 3222 μέρεσιν
2697 3147 2987 3221 ἑκατέρων,
3039 3147 3206 3202 οἱονεί
3235 3169 3344 3202 τισι
3375 3155 3615 3223 πτεροῖς,
3643 3152 3791 3224 πρὸς

377 3246 634 3302 velocem
663 3245 887 3296 motum
916 3241 1136 3303 utente,
1155 3236 1249 3302 qui
1283 3234 1407 3290 ﬁeri
1439 3238 1629 3306 potest
1659 3237 1723 3289 ut
1749 3235 1932 3290 missa
1952 3234 2027 3290 sit

2138 3235 2236 3303 τήν
2285 3234 2457 3305 ὀξεῖαν
2509 3237 2622 3308 (91)
2669 3235 2880 3307 κίνησιν
2926 3237 3305 3312 κεχρημένων,
3359 3241 3479 3300 πῶς
3527 3237 3790 3295 ἑπεστὲλ-

379 3335 592 3390 harum
641 3329 843 3396 altera,
881 3331 982 3382 aut
1027 3327 1098 3379 ab
1147 3325 1261 3380 alia
1309 3323 1531 3393 avulsa,
1553 3323 2022 3393 quandoquidem

382 3421 661 3478 continua
690 3421 780 3473 est
809 3414 936 3470 coeli
981 3412 1234 3468 natura?
1263 3411 1499 3481 Verum,
1525 3417 1589 3465 ut
1617 3427 1906 3482 coeperam
1940 3412 2025 3465 di-

382 3527 534 3581 cere,
551 3509 798 3564 virtutes
818 3502 1081 3560 ccslestes
1113 3504 1348 3573 propter
1377 3515 1671 3555 summam
1699 3516 1865 3554 suam
1890 3516 2024 3555 san-

380 3596 723 3655 ctimoniam
747 3593 955 3649 babitm
983 3593 1122 3645 sunt
1147 3588 1356 3661 dignae,
1376 3604 1505 3659 quea
1526 3587 1736 3644 throno
1767 3588 2027 3660 proxime

378 3690 672 3752 astarent;
705 3697 957 3754 quarum
989 3695 1106 3733 una
1136 3678 1293 3732 venit
1323 3677 1394 3732 ad
1423 3677 1786 3748 prophetam.
1812 3677 2023 3740 Quem-

375 3774 693 3834 admodum
714 3770 870 3827 enim
895 3768 1051 3823 Deus
1077 3766 1340 3821 omnium
1369 3766 1729 3837 gubernator
1749 3767 1818 3821 ad
1842 3765 2027 3821 homi-

376 3882 520 3922 num
560 3878 760 3919 curam
784 3876 812 3915 e
833 3857 974 3913 coelo
1007 3854 1294 3927 respicere
1327 3855 1483 3910 haud
1514 3854 1774 3910 fastidit:
1808 3855 1889 3910 ita
1921 3871 2025 3910 nec

373 3954 760 4029 particulares
779 3947 895 4003 illa:
914 3945 1159 4001 virtutes
1177 3945 1248 4000 ad
1269 3943 1659 4016 impertienda
1681 3943 2022 3999 hominibus

370 4044 656 4100 beneﬁcia
685 4036 1084 4096 ministerium
1106 4050 1281 4089 suum
1306 4034 1616 4104 denegant.
1648 4033 1884 4104 Accepit
1914 4033 2021 4104 igi-

367 4139 466 4190 tur
496 4129 790 4201 seraphim
826 4125 926 4180 ille
977 4123 1192 4194 forcipe
1239 4123 1553 4177 carbonem
1586 4121 1656 4175 ab
1689 4121 1880 4174 altari.
1914 4121 2020 4175 Te-

367 4239 502 4278 cum
527 4221 736 4290 reputa
759 4212 928 4285 quale
953 4213 1126 4266 fuerit
1146 4209 1328 4265 altare
1351 4208 1521 4276 illud,
1541 4209 1611 4262 ad
1638 4209 1790 4278 quod
1825 4208 2022 4263 aditus

365 4311 447 4365 ita
476 4306 734 4364 difficilis
755 4306 898 4367 erat,
922 4305 984 4355 ut
1013 4316 1086 4354 ne
1117 4297 1329 4353 audeat
1349 4296 1584 4366 quidem
1619 4296 1814 4367 ipsum
1841 4311 2015 4350 manu

2136 3321 2262 3377 λετο
2289 3323 2350 3377 τὸ
2405 3319 2587 3398 ἕτερον
2636 3323 2865 3392 τούτων,
2925 3323 2960 3393 ἢ
3020 3329 3138 3387 πῶς
3194 3326 3467 3381 ἀπεσπᾶτο
3520 3327 3625 3382 ἀπὸ
3681 3332 3790 3383 τοῦ

2135 3408 2332 3477 ἄλλου,
2367 3412 2720 3483 συνημμένης
2767 3417 2862 3466 τοῦ
2911 3412 3140 3487 οὐρανοῦ
3186 3421 3286 3484 τῆς
3325 3413 3533 3493 φύσεως
3562 3413 3726 3485 οὔσης
3767 3437 3784 3484 ;

2133 3497 2314 3569 Ἀλλ’,
2348 3498 2480 3575 ὅπερ
2530 3500 2702 3574 εἶπον,
2752 3498 3002 3574 δυνάμεις
3051 3502 3431 3576 ὑπερκόσμιαι,
3476 3511 3576 3574 τῆς
3618 3503 3785 3580 ἔγγυ-

2131 3588 2276 3644 τάτω
2331 3588 2564 3650 στάσεως
2626 3586 2715 3644 διὰ
2759 3591 2858 3659 τὴν
2910 3588 2960 3643 ἐν
3012 3591 3263 3666 ἁγιασμῷ
3321 3591 3591 3667 ἀκρότητα
3641 3615 3783 3648 χατ-

2133 3675 2451 3749 ηξιωμὲναι·
2503 3677 2577 3730 ὧν
2627 3679 2663 3746 ἡ
2714 3679 2813 3750 μία
2859 3675 2996 3747 ἦλθε
3033 3679 3167 3753 πρὸς
3217 3681 3308 3735 τὸν
3340 3684 3652 3759 προφήτην,
3684 3683 3782 3744 Ὠς

2131 3767 2232 3841 γὰο
2265 3766 2292 3819 6
2341 3764 2430 3819 ἰπὶ
2469 3766 2679 3820 πάντων
2726 3768 2855 3831 Θεὸς
2903 3765 3000 3821 οὐκ
3037 3766 3248 3840 ἐπαξιοῖ
3302 3771 3412 3843 (92)
3465 3768 3778 3826 διακόπτειν

2133 3852 2191 3908 ἐκ
2210 3858 2306 3908 τοῦ
2337 3853 2563 3928 οὐρανοῦ
2609 3854 2744 3928 πρὸς
2784 3856 2885 3924 τὴν
2925 3854 3240 3928 ἐπιμέλειαν
3287 3863 3396 3912 τῶν
3447 3858 3778 3933 ἀνθρώπων,

2133 3939 2256 3997 οὐδὲ
2285 3942 2338 3996 αἱ
2373 3943 2584 4016 μερικαὶ
2621 3940 2875 4015 δυνάμεις
2927 3944 3025 4012 τήν
3078 3942 3349 4000 διακονίαν
3401 3947 3533 4022 ὑπὲρ
3565 3948 3783 4024 εὐεργε-

2132 4029 2248 4093 σίας
2296 4035 2402 4086 τῶν
2453 4031 2754 4105 ἀνθρώπων
2803 4033 3108 4105 ἀρνοῦνται.
3153 4030 3382 4091 Ἔλαϐεν
3427 4034 3518 4090 οὖν
3573 4037 3638 4092 τὸ
3690 4059 3782 4092 σε-

2131 4118 2334 4196 ραιρεὶμ
2363 4120 2468 4174 ἀπὸ
2492 4124 2587 4174 τοῦ
2620 4120 3003 4196 θυσιαστηρίου
3049 4127 3118 4195 τῇ
3165 4118 3369 4180 λαϐίδι.
3403 4126 3782 4199 Ένθυμήθητι

2129 4207 2364 4278 πηλίκον
2393 4209 2456 4263 τὸ
2507 4211 2908 4279 θυσιαστήριον,
2955 4212 3104 4274 ὅπως
3143 4214 3253 4283 (93)
3287 4210 3668 4288 δυσπρόσιτον,
3703 4216 3783 4278 ὡς

2132 4297 2208 4370 μὴ
2258 4298 2605 4370 κατατολμᾷν
2658 4299 2825 4353 αὐτοῦ
2872 4297 2933 4354 τὰ
2975 4300 3240 4378 σεραφεὶμ
3281 4304 3348 4375 τῇ
3389 4302 3546 4377 ’χειρὶ
3599 4324 3776 4380 προσ-

365 4396 666 4468 seraphim
717 4390 1022 4459 attingere,
1057 4387 1157 4441 sed
1205 4385 1421 4455 forcipe
1455 4384 1648 4455 ignem
1684 4383 1742 4438 in
1776 4401 2015 4440 manum

2138 4384 2402 4450 ίπτεσθαι.
2431 4385 2576 4441 ἀλλὰ
2607 4383 2695 4441 διὰ
2722 4394 2821 4456 τῆς
2856 4382 3079 4450 λαϐίδος
3114 4384 3411 4463 λαμϐάνειν
3441 4391 3502 4445 τὸ
3541 4395 3651 4466 πῦρ
3698 4393 3780 4458 εἷς

364 4484 630 4557 accipiat.
665 4485 731 4535 Et
777 4477 1036 4546 sumpsit
1079 4473 1413 4528 carbonem.
1448 4471 1680 4543 Accipit
1730 4474 1922 4544 ignem
1955 4473 2016 4529 in

2138 4475 2220 4543 τὴν
2268 4480 2450 4549 χεῖρα.
2495 4476 2596 4530 Καὶ
2653 4471 2842 4530 ἔλαϐεν
2895 4474 3168 4552 ἄνθρακα.
3225 4474 3499 4550 Λάμϐἀνει
3549 4481 3610 4534 τὸ
3662 4487 3775 4552 πῦρ

363 4589 628 4632 manum.
663 4563 1007 4638 Cujusmodi
1054 4567 1144 4617 est
1191 4560 1308 4631 hic,
1350 4560 1449 4632 qui
1502 4565 1737 4632 peccata
1780 4562 2018 4634 expiat?

2138 4563 2198 4625 εἷς
2230 4565 2328 4632 τὴν
2361 4568 2543 4638 χεῖρα.
2592 4561 2844 4620 Ποδαπὸν
2893 4569 3006 4638 (94)
3051 4571 3212 4621 τοῦτο
3260 4569 3321 4622 τὸ
3353 4572 3480 4642 πῦρ,
3529 4570 3558 4623 ὃ
3590 4570 3775 4646 ἀμαρ-

359 4664 511 4721 Num
545 4661 693 4717 forte
712 4654 1120 4726 cognationem
1162 4649 1337 4706 habet
1367 4666 1499 4706 cum
1523 4667 1589 4706 eo
1619 4651 1772 4724 igne,
1797 4652 1868 4707 de
1897 4669 2010 4724 quo
2044 4649 2050 4658 “

2138 4651 2235 4717 τίας
2277 4651 2518 4729 καθαίρει
2555 4671 2569 4722 ;
2611 4654 2678 4708 ’Ἠ
2729 4656 2942 4727 μήποτε
2989 4656 3232 4732 συγγενὶς
3282 4655 3488 4730 ἐκείνῳ,
3532 4659 3658 4734 περὶ
3709 4659 3776 4714 οὗ

426 4841 472 4878 ⁹⁴
502 4839 643 4896 Gen.
676 4848 838 4900 xvm,
868 4832 960 4886 27.
1038 4829 1082 4864 π
1110 4831 1235 4884 Act.
1269 4845 1346 4900 v1,
1376 4829 1467 4884 22.
1544 4829 1587 4864 ⁸⁸
1619 4829 1796 4886 Exod.
1831 4847 1908 4900 IV,
1945 4831 2031 4885 10.

423 5016 536 5087 (85)
568 5009 940 5087 Antiquisex
969 5006 1124 5087 libri,
1153 5008 1254 5059 τοῦ
1285 5008 1435 5062 Θεοῦ.
1459 5005 1641 5087 βάῇῑί,
1671 5009 1767 5062 τοῦ
1800 5005 1965 5072 θείου.

444 5077 535 5155 86)
563 5077 744 5150 Editi,
775 5081 969 5157 λέγων.
1002 5081 1073 5134 At
1101 5095 1202 5157 sex
1231 5095 1396 5157 mea,
1417 5077 1620 5157 εἷπῴν.

445 5146 532 5230 87)
564 5146 799 5230 veteres
829 5146 1273 5230 quatuonlibri,
1305 5146 1396 5230 δέί
1417 5147 1716 5230 Εάίιὶηδή.

568 5229 662 5285 Sic
693 5219 936 5283 mss—At
965 5219 1501 5298 editiLtngovptbvou
1531 5219 1642 5298 καί.

445 5232 513 5286 88
568 5231 662 5285 Sic
693 5244 833 5283 mss.
863 5231 936 5280 At
965 5231 1129 5288 editi,
1165 5231 1501 5298 ἱσχνοφώνου
1531 5231 1642 5277 καί.

439 5231 535 5370 89)
560 5305 646 5356 Ita
677 5316 820 5355 mss.
853 5311 1079 5370 omnes.
1122 5293 1299 5370 Editi,
1327 5293 1782 5370 προσενηνέχθαι.

418 5363 532 5447 (90)
563 5371 734 5447 Editi,
773 5365 1147 5447 ὑποδείγματα,
1184 5363 1272 5417 καὶ
1296 5363 1498 5447 ληξιαίὲ
1524 5363 1597 5420 At
1633 5363 1786 5447 mss.
1821 5364 1998 5447 quin-

346 5437 460 5518 que
490 5437 557 5500 ut
587 5446 646 5499 in
677 5437 984 5518 contextu.
1003 5437 1213 5494 Statim
1245 5437 1407 5505 editi,
1433 5442 1532 5505 τῆς
1563 5455 1639 5491 τι.
1671 5437 1850 5493 Abest
1875 5456 1934 5490 τε
1964 5455 1998 5494 a

344 5510 494 5574 mss.
529 5513 765 5570 nostris.
933 5581 942 5584 _
1274 5577 1285 5584 _
1361 5576 1431 5584 η,
1713 5579 1725 5584 _
1899 5579 1914 5584 _

2165 5510 2287 5584 Δ(947)
2318 5515 2557 5568 Veteres
2585 5511 2842 5584 quinque
2862 5511 3026 5584 libri,
3062 5510 3335 5572 Ποδαπόν.
3370 5515 3540 5583 Editi,
3574 5521 3765 5572 Ποτα-

416 5587 529 5664 (91)
557 5586 796 5664 Veteres
845 5581 1124 5664 qluinque‘
1155 5577 1309 5664 libri,
1350 5576 1522 5664 (ἰξίαν,
1553 5595 1657 5634 nec
1700 5579 1990 5663 jure.du-

2138 5576 2228 5664 ιόν.
2263 5576 2477 5664 Ibidem
2510 5576 3554 5664 uterque'_Col_l_)_._et_Reg._secundus,
3586 5589 3762 5664 ἆμαρ·

339 5649 523 5716 bitari
548 5661 742 5730 potest
789 5649 934 5728 quin
980 5649 1062 5708 ita
1110 5650 1316 5724 legerit
1361 5649 1728 5721 Tilmannus,
1760 5651 1862 5723 qui
1908 5650 1993 5708 sic
2097 5651 2232 5717 τίας.
2267 5655 2375 5712 Alii
2407 5660 2527 5712 tres
2559 5649 2702 5714 mss.
2735 5661 2793 5712 et
2823 5655 2983 5730 editi,
3016 5649 3303 5732 ἁμαρτίαν.

2111 5007 2531 5082 interpretatus
2559 5009 2656 5082 sit,
2687 5009 2758 5064 ad
2791 5011 3011 5082 justam
3039 5013 3353 5069 motionem.
3385 5013 3536 5070 Editi
3568 5019 3773 5074 tamen

2111 5084 2168 5136 et
2199 5080 2334 5158 Reg.
2369 5081 2574 5138 tertius
2623 5080 2863 5153 habent,
2895 5080 3094 5154 ὀξεῖαν,
3134 5084 3206 5141 ad
3249 5085 3488 5145 velocem
3532 5091 3771 5158 motum,

2111 5157 2292 5301 ῗθῗεξὲ)
2321 5224 2532 5301 Nostra
2557 5224 2883 5301 Δεᾶὶἓίολῆίὶ
2935 5227 3114 5301 οοάθκ
3161 5228 3341 5301 Ε’τνίν
3375 5226 3437 5282 οὐ
3494 5229 3768 5301 καταξιῶ

2105 5296 2193 5382 At
2221 5296 2522 5382 antiquior
2550 5296 2886 5354 Combeﬁsii
2935 5299 3117 5355 codex
3143 5305 3201 5356 et
3230 5300 3325 5357 alii
3359 5296 3769 5374 quatuor,'odx

2105 5367 2512 5514 ἀπῗέἑῗιῖίῖοεὶιιί
2544 5455 2644 5495 sex
2672 5455 2841 5514 mss.,
2872 5436 3042 5514 δπως.
3075 5441 3449 5514 Ερίίὴρῧτω,
