4118 6220
281 397 380 458 429

1059 397 1467 460 COMMENT.
1512 398 1590 459 IN
1637 397 1914 460 ISAIAM
1951 396 2461 462 PROPHETAM.
2506 401 2679 463 CAP.
2725 403 2832 464 Vl.

3530 412 3657 472 I30

279 525 488 598 εἴρηται,
547 523 628 579 ὅτι
706 523 884 587 Αύτὸς
965 526 1105 598 ὑμᾶς
1195 527 1444 603 βαπτίσει
1504 527 1556 581 ἐν
1617 524 1866 599 Ηνεύματ

2007 528 2227 585 dictum
2259 535 2383 587 est:
2415 533 2534 603 Ipse
2563 548 2651 588 vos
2693 533 2996 604 baptizabit
3025 537 3084 591 in
3116 536 3326 608 Spiritu
3367 533 3560 596 saneto
3597 545 3651 598 et

275 613 391 690 ἆγίῳ
425 612 510 667 καὶ
568 614 736 688 πυρί;
771 612 992 684 Ἐπειδὴ
1057 612 1114 669 δὲ
1165 616 1193 670 ὁ
1242 614 1436 689 ἄνθραξ
1484 613 1590 691 πῦρ
1643 615 1773 683 ἐστι,
1825 619 1892 688 τῇ

2005 620 2126 687 igni
2145 619 2226 672 ’7?
2258 620 2362 674 Sed
2395 622 2533 692 quia
2565 623 2734 677 carbo
2769 623 2945 694 ignis
2971 624 3064 680 ille
3109 630 3217 691 est,
3242 626 3342 698 qui
3369 628 3429 683 in
3463 635 3649 687 mate-

271 703 524 778 παχυτέρα
555 699 663 772 ἤδη
696 703 786 757 καὶ
819 700 1149 779 γεωδεστᾶρᾳ
1187 704 1293 779 ὕλῃ
1336 704 1688 778 ἐναπομεῖναν
1733 706 1866 777 (μετέ

2003 707 2090 761 ria
2111 709 2234 778 jam
2269 710 2553 764 crassiore
2583 727 2649 765 ac
2683 713 2869 783 magis
2901 715 3160 768 terrestri
3196 722 3456 772 remanet
3486 719 3645 790 (nam

269 792 357 867 γὰρ
395 793 452 846 τὸ
479 789 856 865 παραδραμεῖν
906 793 968 847 τὸ
1016 793 1248 866 ἀνθηρὸν
1297 800 1397 863 τῆς
1446 793 1676 869 φλογὸς,
1701 796 1734 862 ἡ
1767 794 1886 868 περῖ

266 882 353 950 τήν
381 886 604 954 παχεῖαν
656 880 795 951 ὕλην
846 880 942 935 τού
993 883 1164 957 πυρὸς
1212 881 1408 954 ὁμιλια
1465 880 1723 957 ἄνθρακες
1768 882 1890 936 ὀνο-

269 972 551 1043 μάζονται),
581 967 726 1045 τάχα
768 968 858 1024 οὖν
903 969 1160 1043 σημαίνει
1204 972 1305 1040 τήν
1355 971 1406 1026 ἐν
1451 975 1520 1046 τῇ
1579 972 1736 1046 σαρκὶ
1790 976 1888 1026 τοῦ

262 1059 441 1132 Κυρίου
500 1061 610 1131 (95)
670 1056 985 1132 ἐπιδημίαν.
1047 1061 1192 1129 Φησῖ
1248 1061 1384 1135 γάρ·
1419 1062 1480 1116 Ὁ
1530 1061 1701 1136 Λόγος
1760 1060 1883 1134 σὰρξ

258 1147 464 1222 ἐγένετο·
499 1149 591 1204 καὶ
644 1152 680 1218 ἡ
730 1148 860 1226 σὰρξ
917 1150 1008 1204 τὸν
1067 1150 1127 1205 ἐκ
1171 1158 1272 1220 τῆς
1318 1151 1574 1220 θεότητος
1604 1151 1882 1229 φωτισμὸν

259 1235 634 1310 ὑποδεξαμένη,
666 1239 806 1294 κατὰ
856 1239 949 1312 μὲν
995 1240 1059 1294 τὸ
1104 1241 1411 1313 σωματικὸν
1470 1241 1723 1311 αἶ’σθητή·
1751 1240 1886 1295 κατά

253 1324 302 1380 δὲ
351 1329 444 1395 τήν
497 1329 633 1402 πρὸς
694 1327 824 1382 Θεὸν
882 1324 1072 1382 ἕνωσιν
1129 1326 1362 1403 διαυγὴς
1389 1329 1478 1384 καὶ
1509 1328 1880 1402 ἐκλάμπουσα.

256 1414 443 1485 Ἐκείνη
477 1413 535 1469 δὲ
565 1419 600 1485 ἡ
632 1415 759 1491 σὰρξ
792 1416 894 1492 ἦρε
921 1418 1018 1478 τὰς
1071 1417 1333 1491 ἁμαρτίας
1379 1423 1474 1473 τοῦ
1529 1417 1759 1490 κόσμου,
1792 1419 1881 1472 καὶ

253 1504 338 1566 τὰς
390 1505 618 1577 ἀνομίας
669 1507 830 1578 ἡμῶν
872 1505 1257 1582 περιεκοὶθηρεν
1294 1528 1306 1540 ’
1339 1508 1400 1575 ἣν
1447 1504 1515 1562 δι’
1562 1506 1879 1582 αἷνίγματος

255 1594 372 1663 ἡμῖν
422 1595 455 1661 ἡ
513 1593 823 1670 προφητεία
878 1593 1204 1669 παρέστησε.
1238 1590 1425 1649 Naidis
1487 1596 1581 1668 μὲν
1636 1597 1736 1671 γὰρ
1789 1595 1877 1649 καὶ

252 1675 450 1737 Ἀϐιούδ
503 1681 842 1751 κατεκάησαν
893 1680 1174 1757 ἀλλοτρίῳ
1223 1685 1353 1760 πυρὶ
1398 1683 1760 1759 χρησάμενοι·
1814 1685 1877 1737 τὸ

250 1767 299 1824 δὶ
324 1772 580 1848 σεραφεὲμ
609 1770 714 1825 ἀπὸ
761 1775 863 1826 τοῦ
912 1771 1068 1847 ἁγίοῦ
1108 1774 1298 1847 πυρὸς,
1328 1778 1424 1828 τοῦ
1472 1772 1525 1827 ἐν
1571 1778 1652 1845 τῷ
1698 1772 1877 1845 νοητῷ

2002 796 2099 850 ubi
2125 797 2230 851 ﬂos
2250 798 2520 869 viresque
2545 798 2792 854 flammae
2816 803 3222 871 pertransiere.
3243 803 3505 876 reliquia
3535 807 3670 874 illis,

1999 902 2125 954 quae
2156 886 2307 940 circa
2328 904 2588 941 crassam
2628 889 2774 943 hanc
2805 889 2959 959 ignis
2983 894 3286 946 materiam
3314 901 3642 966 versantur,

1997 981 2277 1029 vocantur
2297 978 2620 1048 carbones),
2650 978 2893 1034 fortasse
2921 979 3101 1050 igitur
3124 982 3385 1038 futurum
3411 984 3644 1040 Domini

1997 1063 2053 1116 in
2088 1079 2260 1118 carne
2311 1067 2623 1119 adventum
2677 1065 2986 1135 significat.
3028 1068 3244 1124 Dicitur
3271 1071 3423 1127 enim
3461 1090 3473 1128 :
3516 1076 3642 1130 Ver-

1997 1153 2124 1206 bum
2167 1169 2292 1207 caro
2338 1157 2549 1222 factum
2595 1157 2670 1208 est
2692 1155 2736 1188 9⁸
2771 1171 2782 1207 :
2819 1161 2993 1226 atque
3044 1175 3197 1224 caro,
3247 1160 3642 1220 illustrations

1995 1241 2318 1296 divinitatis
2357 1247 2653 1314 suscepta,
2685 1245 2839 1300 514
2881 1245 3048 1313 juxta
3093 1249 3145 1302 id
3199 1249 3433 1318 quidem
3484 1254 3637 1322 quod

1995 1336 2116 1384 erat
2147 1331 2825 1401 corporeum,sensibilis
2849 1339 3004 1399 erat;
3033 1340 3090 1388 at
3120 1337 3441 1392 secundum
3466 1356 3637 1396 suam

1993 1436 2126 1472 cum
2152 1421 2262 1473 Deo
2286 1419 2586 1483 unionem,
2616 1419 2906 1486 pellucida
2928 1428 3051 1476 erat
3071 1428 3126 1477 et
3158 1424 3508 1483 illuminata.
3531 1427 3638 1484 Illa

1990 1514 2186 1563 autem
2218 1524 2351 1562 caro
2379 1508 2623 1561 sustulit
2644 1515 2880 1578 peccata
2904 1512 3110 1564 mundi
3131 1513 3195 1580 “9,
3217 1519 3273 1566 et
3295 1515 3634 1585 iniquitates

1991 1603 2220 1652 nostras
2242 1597 2611 1668 perpurgavit
2637 1600 2881 1666 1;quam
2917 1597 2971 1652 in
2995 1600 3301 1671 aenigmate
3331 1604 3635 1673 prophetia

1991 1687 2157 1740 nobis
2183 1685 2464 1740 exhibuit.
2486 1686 2685 1740 Nadab
2714 1687 2952 1756 quidem
2985 1693 3040 1741 et
3068 1688 3254 1743 Abiud
3279 1693 3634 1747 concremati

1988 1780 2146 1838 sunt,
2172 1781 2371 1845 utpote
2411 1775 2602 1829 alieno
2635 1775 2766 1844 igne
2801 1775 2884 1828 usi
2908 1776 2956 1840 2;
2991 1777 3285 1848 seraphim
3321 1795 3454 1835 vero
3486 1779 3635 1836 illee

249 1860 598 1933 θυσιαστηρίῳ
621 1864 730 1914 τῶν
781 1859 1054 1930 ἀληθινῶν
1106 1859 1589 1935 ὁλοκαρπωμάτων
1623 1865 1755 1934 (96),
1781 1862 1866 1916 τὸν

254 1947 274 1964 ν
314 1959 327 1964 Α
493 1946 539 1964 νς
600 1943 629 1964 ο
785 1949 798 1964 9
896 1949 908 1964 α
1028 1954 1054 1964 ~
1126 1949 1139 1964 ς
1191 1949 1209 1964 ς
1239 1951 1250 1964 ι
1344 1955 1371 1964 -
1425 1949 1444 1964 ἢ
1503 1946 1586 1964 οιΆ
1657 1953 1702 1964 η-
1824 1948 1865 1964 λι

1986 1867 2186 1917 sancto
2210 1863 2366 1933 igne,
2388 1861 2445 1914 in
2471 1861 2720 1932 spiritali
2745 1861 2844 1916 illa
2864 1879 3130 1918 verorum
3156 1864 3631 1924 holocaustorum

249 1947 464 2022 ἄνθρακα
491 1943 710 2019 ἔλαϐεν,
746 1949 849 2024 οὐχ
895 1949 1087 2020 ἑαυτῷ,
1115 1949 1262 2005 ἀλλὰ
1307 1955 1375 2024 τῇ
1425 1946 1630 2006 λαϐίδι.
1657 1953 1772 2006 Ἵνα
1820 1948 1877 2004 δὲ

252 2031 401 2110 δείξῃ,
442 2038 613 2092 ὅτιτὸ
645 2041 752 2110 πῦρ
784 2037 846 2092 τὸ
881 2037 1125 2110 οὐράνιον
1168 2039 1297 2114 οὐχὶ
1341 2039 1500 2108 καίει,
1545 2038 1690 2095 ἀλλά
1742 2051 1873 2102 καθ-

248 2125 393 2198 αίρει,
440 2129 501 2199 τῇ
565 2126 714 2201 χειρὶ
775 2123 1191 2200 ὑποδεξάμενον,
1243 2127 1385 2183 οὕτω
1437 2129 1698 2204 προσάγει
1756 2133 1875 2191 τοῖς

246 2213 459 2291 χείλεσι.
494 2216 757 2291 Συγγενὲς
795 2216 861 2284 ἦν
893 2216 1073 2289 τούτῳ
1101 2215 1182 2290 τῷ
1212 2218 1343 2294 πυρὶ
1395 2219 1482 2272 καὶ
1533 2218 1594 2272 τὸ
1631 2217 1719 2272 ἐπὶ
1770 2226 1869 2288 τῆς

247 2303 414 2377 βάτου,
446 2305 474 2359 ’ὀ
505 2301 645 2358 εἶδεν
677 2307 788 2377 (97)
821 2308 1023 2370 Μωσῆς
1057 2304 1394 2379 ἐπικείμενον
1426 2307 1519 2379 μὲν
1562 2311 1642 2378 τῷ
1697 2311 1866 2384 φυτῷ,

248 2392 312 2462 μή
340 2398 623 2448 κατακαῖον
659 2390 715 2446 δὲ
743 2395 842 2462 τήν
889 2394 1072 2470 βάτον.
1104 2396 1260 2470 Τάχα
1317 2392 1374 2449 δὲ
1429 2398 1464 2464 ἡ
1519 2390 1676 2458 λαϐίς
1726 2394 1866 2450 ἐστιν

241 2480 344 2550 ἡὲν
374 2481 580 2555 ἑκάστῳ
611 2480 993 2558 ἐνυπάρχουσα
1033 2481 1411 2555 ἐπιτηδειότης
1443 2486 1579 2559 πρὸς
1605 2487 1703 2553 τὴν
1759 2489 1868 2540 τῶν

239 2568 330 2624 ἀπὸ
382 2570 512 2625 Θεοῦ
572 2568 877 2643 δεδομένων
943 2573 1154 2648 ἀγαθῶν
1234 2571 1516 2649 ὑποδοχὴν
1577 2573 1713 2629 κοιτά
1765 2575 1862 2643 τὴν

237 2655 502 2735 ἀναλογίαν
537 2663 642 2729 τῆς
702 2659 757 2715 ἐν
804 2659 1011 2734 ἑκάστῳ
1071 2661 1428 2738 ὑπαρχούσης
1479 2664 1616 2740 πρὸς
1660 2665 1722 2718 τὸ
1773 2686 1868 2719 κα-

239 2750 320 2806 λὸν
350 2750 694 2814 οἴκειώσεως.

301 2842 406 2897 184.
465 2841 568 2897 Καὶ
625 2838 836 2910 ἤκουσα
891 2847 991 2911 τῆς
1051 2849 1236 2920 φωνῆς
1298 2842 1500 2920 Κυρίου
1559 2843 1812 2920 λέγοντος
1847 2867 1860 2879 ·

235 2927 344 2982 Τίνα
397 2926 710 2984 ἀποστείλω
772 2931 906 3003 (98),
965 2929 1054 2985 καὶ
1109 2930 1191 2992 τίς
1247 2933 1602 3008 πορεύσειαις
1664 2935 1864 2991 Μωσὲα

237 3016 320 3088 μὶν
343 3017 436 3072 οὑκ
459 3017 664 3094 ἐρωτᾷ,
697 3015 826 3073 ἀλλ’
857 3019 930 3080 ὡς
962 3016 1106 3095 ἔχων
1133 3017 1380 3092 ἕτοιμον,
1413 3021 1544 3098 φησί
1571 3041 1582 3053 ·
1617 3023 1713 3076 Καὶ
1768 3028 1859 3077 νῦν

234 3101 392 3180 δεῦρο,
440 3105 734 3162 ἀποστελῶ
804 3127 861 3162 σε
935 3111 1070 3182 πρὸς
1150 3111 1352 3185 Φαραὼ
1421 3110 1646 3184 βασιλέα
1703 3111 1861 3186 Αίγύη

233 3212 370 3251 πτου,
427 3195 578 3268 Πρὸς
638 3195 822 3266 μέντοι
880 3195 970 3250 τὸν
1023 3195 1241 3251 Ἡσαΐαν
1302 3197 1470 3274 φησί⁵
1531 3198 1665 3255 Τίνα
1720 3199 1860 3254 ἀπο-

1989 1968 2089 2006 ara
2121 1951 2330 2022 posito,
2365 1967 2479 2005 non
2512 1967 2615 2021 per
2642 1967 2725 2020 se,
2757 1952 2857 2006 sed
2899 1968 3031 2006 cum
3079 1954 3292 2025 forcipe
3323 1958 3633 2014 carbonem

1985 2040 2377 2111 sumpsit.Sed
2405 2046 2468 2093 ut
2488 2041 2779 2106 ostendat,
2805 2039 2998 2112 ignem
3024 2040 3320 2098 caelestem
3344 2062 3458 2101 non
3481 2063 3633 2102 com-

1983 2132 2209 2195 burere,
2235 2129 2334 2184 sed
2381 2144 2702 2198 expurgare
2738 2146 2750 2182 :
2784 2129 2940 2184 hunc
2971 2146 3146 2185 manu
3181 2139 3519 2205 susceptum
3551 2137 3634 2193 ita

1979 2219 2151 2275 labiis
2183 2219 2470 2273 admovet.
2507 2217 2652 2271 Huic
2696 2217 2816 2290 igni
2867 2218 3020 2290 ignis
3053 2219 3149 2274 ille
3180 2221 3391 2277 similis
3421 2232 3544 2280 erat
3575 2230 3633 2282 et

1981 2307 2194 2374 afﬁnis,
2229 2307 2325 2377 qui
2375 2307 2434 2360 in
2484 2307 2628 2361 rubo
2679 2310 2983 2378 apparuit;
3035 2325 3207 2380 quem
3239 2310 3384 2366 vidit
3437 2312 3628 2371 Moses

1980 2398 2188 2469 plantis
2237 2397 2697 2460 incumbentem,
2733 2413 2837 2451 nec
2869 2401 3061 2452 tamen
3113 2400 3325 2454 rubum
3375 2418 3626 2458 exuren-

1978 2492 2092 2542 tem
2116 2487 2156 2541 ⁸.
2192 2487 2460 2541 Fortasse
2503 2489 2698 2539 autem
2731 2485 2957 2556 forceps
2987 2501 3116 2541 eam
3167 2488 3502 2546 facultatem
3534 2493 3624 2548 in-

1977 2576 2150 2644 dicat,
2185 2592 2301 2646 qua
2349 2575 2598 2646 quisque
2643 2574 2923 2645 praeditus
2954 2575 3109 2631 bona
3138 2592 3170 2630 a
3202 2581 3314 2633 Deo
3343 2596 3626 2637 concessa

1975 2666 2228 2736 recipere
2259 2662 2431 2732 valet,
2466 2680 2568 2734 pro
2614 2663 2838 2718 ratione
2876 2664 3004 2734 ejus
3052 2664 3152 2736 qui
3202 2667 3520 2740 unicuique
3549 2671 3620 2726 ad

1974 2755 2248 2809 virtutem
2283 2752 2437 2807 inest
2467 2751 2725 2806 habitus.

2046 2843 2168 2898 184.
2201 2841 2378 2897 Vrsas.
2409 2841 2461 2894 8.
2498 2843 2567 2893 Et
2613 2840 2801 2896 audivi
2848 2856 3032 2896 vocem
3064 2844 3297 2915 Domini
3339 2844 3572 2900 dicentis
3600 2865 3621 2900 :

1975 2935 2140 3002 Quem
2189 2932 2425 2997 mittam,
2459 2933 2507 2983 et
2537 2931 2659 2999 quis
2690 2931 2833 2984 ibit?
2867 2930 3059 2984 Mosen
3092 2930 3328 3001 quidem
3385 2948 3498 2987 non
3531 2934 3621 2989 in-

1972 3026 2227 3092 terrogat
2259 3037 2271 3073 :
2308 3019 2408 3074 sed
2454 3018 2624 3089 quasi
2677 3033 2811 3072 eum
2852 3018 2977 3088 jam
3030 3018 3270 3075 haberet
3323 3027 3619 3093 paratum,

1972 3113 2090 3167 ait:
2124 3111 2188 3166 Et
2213 3124 2362 3163 nunc
2398 3108 2542 3174 ueni,
2567 3108 2787 3161 mittam
2837 3111 2888 3162 te
2915 3108 2990 3163 ad
3037 3107 3391 3165 Pharaonem
3435 3127 3621 3182 regem

1972 3201 2198 3271 ,‘Egypti
2219 3199 2255 3250 δ.
2289 3199 2362 3252 Αι
2389 3213 2524 3252 vero
2557 3196 2626 3250 ad
2662 3195 2869 3251 Isaiam
2913 3196 2994 3250 ait
3025 3213 3037 3252 :
3071 3201 3245 3267 Quem
3289 3199 3536 3269 mittam,
3567 3206 3620 3257 et

231 3283 426 3352 στιίλω,
458 3284 552 3339 καὶ
610 3283 696 3345 τίς
755 3284 1112 3356 πορεύσεται;
1144 3286 1235 3349 Τίς
1288 3285 1377 3340 οὖν
1431 3288 1466 3356 ἡ
1516 3287 1661 3342 αἰτία
1694 3308 1707 3357 ;
1739 3291 1857 3346 Ὀτι

1984 3263 2264 3362 misy-ibit?
2295 3286 2607 3358 EcquaEest
2636 3284 2856 3340 causa?
2887 3284 3031 3349 Quia
3061 3263 3180 3342 illic
3210 3288 3449 3358 quidem
3481 3263 3615 3344 mit-

230 3368 324 3423 ἐκεῖ
379 3373 470 3444 μὶν
532 3371 625 3426 ἰπὶ
681 3371 864 3448 ἀγαθῶ
923 3372 1012 3427 καὶ
1072 3372 1351 3448 εὐεργεσίᾳ
1403 3377 1515 3448 (99)
1569 3380 1666 3430 τοῦ
1723 3377 1859 3432 λαοῦ

228 3458 570 3515 ἀπεστέλλετο
604 3462 832 3530 Μωσῆς,
867 3459 1090 3515 ἐνταῦθα
1122 3459 1179 3516 δὲ
1227 3466 1561 3539 σκυθρωπιῖνι
1607 3466 1857 3540 πραγμά-

226 3568 316 3602 των
349 3547 596 3604 διακονία
628 3549 936 3625 πρόκειται.
970 3551 1069 3604 Διά
1111 3555 1271 3605 τοῦτο
1321 3551 1508 3624 ἐκείνῳ
1543 3553 1637 3626 μὶν
1689 3554 1860 3630 πρόσ-

224 3657 406 3710 ταγμα,
454 3639 641 3711 τούτῳ
693 3635 752 3692 δὲ
803 3637 884 3692 ἐπ’
939 3636 1176 3708 ἐξουσίας
1223 3639 1418 3714 ἀφείθη
1467 3643 1502 3710 ἡ
1553 3642 1855 3717 ὑπουργία·

228 3722 352 3781 διότι
383 3727 704 3805 πεφύκαμεν
747 3727 799 3781 οἱ
852 3723 1124 3802 ἅνθρωποι
1174 3729 1307 3802 ἅπερ
1355 3727 1417 3783 ἂν
1464 3728 1662 3785 ἐκόντει
1719 3731 1858 3787 ἐλώ-

227 3816 364 3887 μιθα,
413 3816 509 3871 κᾶν
564 3814 804 3871 ἐπίπονα
846 3815 903 3890 ᾖ,
945 3813 1360 3890 καταδέχεσθαι.
1398 3817 1496 3872 Διὰ
1547 3823 1708 3874 τοῦτο
1757 3822 1859 3875 αύ-

222 3905 303 3957 τὸν
359 3905 618 3980 βούλεται
673 3903 861 3959 ἑκόντα
904 3903 1284 3976 καταδέξασθαι
1320 3907 1420 3974 τήν
1466 3907 1781 3978 ἀποστολὴν
1831 3911 1859 3965 ὁ

223 3992 426 4069 Κύριος.
463 3995 566 4052 Καὶ
620 3993 705 4048 ὅτι
768 3993 861 4066 μὲν
922 3994 1082 4071 χρεία
1127 4001 1229 4064 τῆς
1286 3994 1620 4066 ἀποστολῆς,
1671 3995 1856 4069 ἔδειξε,

217 4082 272 4135 τὸ
297 4081 350 4137 δὲ
378 4084 595 4139 εὔθετον
634 4082 710 4144 είς
745 4079 1018 4138 διακονίαν
1054 4083 1350 4157 πρόσωπον
1405 4084 1456 4155 ἐξ
1507 4085 1674 4155 αὐτῆς
1728 4088 1861 4162 βού-

221 4166 353 4225 λεται
409 4175 512 4242 τῆς
571 4171 882 4248 προθυμίας
935 4172 1292 4249 ἀναφανῆναι.
1325 4173 1422 4226 Διὰ
1465 4177 1626 4228 τοῦτο
1655 4179 1857 4244 Μωσῆς

220 4259 302 4328 μὲν
328 4259 411 4314 ἐπὶ
445 4259 802 4338 περιφάνειαν
840 4260 984 4334 βίου,
1017 4261 1107 4314 καὶ
1139 4259 1275 4316 λαοῦ
1316 4259 1577 4316 τοσούτου
1626 4283 1858 4337 προστα-

219 4347 316 4400 σίαν
359 4347 732 4421 καλούμενος,
766 4353 1122 4422 παραιτεῖται·
1157 4350 1252 4409 Τίς
1301 4350 1436 4423 εἶμι,
1469 4350 1550 4404 δτι
1603 4350 1861 4425 πορεύσο-

220 4457 300 4504 μαι
351 4439 486 4508 πρὸς
547 4437 756 4511 Φαραὼ
819 4435 1043 4510 βασιλέα
1099 4437 1401 4511 Δί’γύπτου,
1434 4439 1524 4492 καὶ
1583 4440 1661 4512 (1)
1696 4439 1859 4509 ἐξάξω

216 4524 294 4576 τὸν
322 4524 452 4579 λαὸν
486 4526 548 4581 ἐκ
599 4532 706 4599 γῆς
757 4523 1036 4599 Αἰγύπτου
1063 4553 1076 4594 ;
1107 4526 1196 4580 καὶ
1237 4524 1404 4581 πάλιν
1431 4547 1444 4561 '
1493 4528 1714 4599 Δέομαι,
1745 4529 1861 4584 Κύ-

1969 3381 2200 3438 tebalur
2231 3377 2423 3432 Moses
2461 3376 2679 3430 bonum
2713 3374 3176 3447 beneficiumque
3225 3375 3285 3430 in
3330 3377 3615 3449 populum

1967 3469 2319 3525 collaturus:
2341 3465 2436 3520 hic
2453 3470 2650 3520 autem
2675 3463 3068 3519 ministerium
3096 3467 3441 3536 proponitur
3459 3467 3615 3523 circa

1967 3574 2058 3612 res
2093 3554 2393 3610 molestas.
2429 3551 2710 3618 Quocirca
2738 3549 2824 3603 illi
2862 3550 3193 3621 injungitur
3223 3558 3612 3624 praceptum;

1967 3646 2104 3701 huic
2130 3660 2262 3698 vero
2295 3640 2647 3710 relinquitur
2671 3639 2952 3693 obeundae
2983 3638 3289 3711 legationis
3319 3646 3610 3712 potestas;

1971 3739 2275 3806 propterea
2301 3729 2455 3801 quod
2480 3745 2585 3783 nos
2608 3727 2879 3782 homines
2901 3744 2968 3782 ea
2989 3744 3116 3799 qua:
3146 3727 3391 3785 libentes
3417 3746 3618 3802 geren-

1971 3825 2046 3878 da
2075 3819 2454 3890 suscipimus,
2477 3816 2714 3871 tametsi
2743 3816 2948 3882 ardua,
2975 3816 3269 3872 sustinere
3297 3818 3612 3875 soleamus.

1969 3913 2104 3966 Eam
2137 3909 2208 3964 ob
2241 3923 2478 3962 causam
2504 3908 2714 3975 sponte
2737 3904 2808 3958 ab
2841 3903 2992 3958 Isaia
3013 3903 3136 3957 vult
3155 3904 3440 3960 Dominus
3462 3905 3616 3962 hanc

1968 3998 2319 4070 legationem
2351 3992 2552 4064 recipi.
2587 3995 2768 4062 Atque
2801 3990 3203 4046 necessitatem
3237 3993 3476 4063 quidem
3516 4011 3616 4049 os-

1968 4087 2154 4142 tendit
2184 4081 2517 4155 legationis,
2551 4080 2650 4135 sed
2688 4085 2883 4134 tamen
2916 4078 3062 4145 vult,
3095 4084 3161 4134 ut
3189 4097 3258 4134 ex
3287 4081 3467 4136 animi
3494 4081 3614 4137 ala-

1968 4177 2172 4231 critate
2221 4171 2585 4243 exploratum
2636 4172 2713 4223 sit
2758 4184 2824 4222 ac
2872 4173 3254 4239 compertum,
3301 4185 3614 4240 personam

1970 4265 2152 4320 fuisse
2204 4259 2497 4332 explendae
2556 4256 3052 4312 administrationi
3106 4256 3396 4313 idoneam.
3429 4261 3617 4322 Quare

1968 4357 2157 4408 Moses
2189 4351 2259 4406 ad
2293 4345 2844 4419 splendidissimum
2875 4345 3006 4400 vitae
3037 4361 3223 4416 genus
3265 4351 3322 4402 et
3363 4348 3434 4402 ad
3467 4348 3616 4403 tanti

1969 4440 2168 4514 p0puli
2204 4438 2604 4509 prafecturam
2639 4434 2879 4500 accitus,
2909 4434 3116 4488 abnuit
3147 4440 3202 4490 et
3232 4435 3615 4508 deprecatur:

1971 4531 2103 4598 Qui:
2133 4544 2278 4594 sum,
2309 4535 2368 4580 ut
2411 4540 2637 4595 pergam
2667 4523 2737 4578 ad
2766 4522 3110 4577 Pharaonem
3158 4540 3344 4592 regem
3371 4527 3616 4597 Egypti,

218 4632 308 4686 ριε,
338 4614 442 4691 οὐχ
472 4613 668 4675 ἱκανός
702 4613 816 4686 εἶμι
842 4614 977 4689 πρὸς
1005 4621 1106 4682 τῆς
1135 4615 1266 4690 χθὶς
1299 4613 1424 4670 οὐδὲ
1453 4617 1558 4688 πρὸ
1596 4623 1696 4686 τῆς
1741 4617 1856 4692 τρί-

1984 4627 2023 4674 at
2049 4617 2272 4672 educam
2300 4615 2563 4685 populum
2610 4627 2679 4666 ex
2723 4615 2879 4666 terra
2910 4612 3222 4683 Ai'gypti‘?
3275 4613 3344 4667 Et
3391 4631 3600 4670 rursus

216 4721 302 4770 της
358 4704 602 4777 ἡμέρας,
664 4699 794 4756 οὐδὲ
850 4701 939 4779 ἀφ’
999 4703 1060 4756 οὗ
1117 4699 1266 4775 ἤρξω
1324 4700 1512 4758 λαλεῖν
1567 4708 1646 4775 τῷ
1702 4706 1857 4780 Θερά-

218 4793 356 4846 ποντί
391 4794 467 4864 (2)
501 4810 638 4847 σουο
673 4790 762 4845 καὶ
815 4790 1006 4846 πάλινο
1035 4789 1257 4864 Δέομαι,
1290 4790 1472 4864 Κύριε,
1506 4793 1856 4868 προχείρισαι

218 4876 372 4934 ἄλλον
453 4878 760 4954 δυνάμενον
820 4880 878 4934 ὃν
938 4879 1276 4942 ἀποστελεῖς.
1334 4879 1548 4944 Ἡσαΐας
1611 4880 1668 4936 δὲ
1726 4879 1858 4937 οὐδὲ

1969 4710 2170 4762 Precor
2227 4704 2473 4767 Domine,
2502 4717 2613 4756 non
2658 4717 2781 4754 sum
2840 4701 3073 4755 idoneus
3124 4705 3252 4756 ante
3299 4701 3619 4758 hesternum

1966 4809 2140 4865 neque
2170 4800 2294 4847 ante
2322 4791 2555 4845 tertium
2587 4789 2754 4854 diem,
2787 4804 2966 4858 neque
2995 4805 3065 4844 ea:
3092 4805 3198 4861 quo
3226 4793 3441 4861 coepisti
3469 4791 3622 4862 loqui

1965 4885 2036 4940 ad
2063 4881 2341 4955 [amulum
2387 4880 2544 4932 tuum
2565 4877 2606 4931 ⁸.
2641 4878 2709 4931 Et
2739 4877 2953 4931 iterum
2983 4895 3005 4930 .·
3036 4877 3316 4949 Supplice,
3367 4880 3620 4952 Domine,

275 5007 316 5042 π
345 5008 554 5064 Matth.
592 5024 680 5074 Ill,
713 5007 800 5062 11.
876 5007 919 5042 9³
948 5008 1113 5063 Joan.
1146 5025 1185 5075 1,
1221 5009 1310 5062 14.
1386 5009 1430 5046 ⁸³
1456 5009 1626 5066 Joan.
1660 5025 1701 5077 ι,
1733 5009 1823 5065 29.

1984 5010 2127 5065 [σὺν.
2160 5025 2200 5071 ι,
2222 5006 2276 5061 3.
2351 5004 2372 5038 ³
2404 5003 2534 5058 Lev.
2569 5019 2628 5070 x,
2657 5001 2712 5056 2.
2790 5002 2811 5035 ³
2842 5000 3018 5056 Exod.
3053 5018 3135 5067 ιιι,
3167 5003 3224 5058 2.
3302 5004 3323 5039 ⁴
3352 5002 3496 5060 ibid.
3531 5005 3621 5062 10.

215 5075 233 5109 ⁸
258 5078 390 5136 ibid.
426 5082 515 5136 11.
597 5080 622 5114 ⁸
650 5079 830 5135 Exod.
861 5094 940 5144 IV,
974 5080 1058 5133 10.

275 5204 378 5279 (95)
410 5201 593 5279 Εᾴἰῑὶ.
629 5204 724 5279 τού
754 5204 908 5279 ρ-εοῦ.
1029 5202 1289 5275 quinque
1315 5221 1481 5276 mss.,
1503 5206 1600 5258 τοῦ
1631 5201 1851 5279 Κυρίου.

213 5273 375 5350 Alius:
390 5277 599 5350 codex,
632 5277 728 5350 τοῦ
758 5273 1014 5350 Χριστοῦ.

274 5347 383 5418 (96)
416 5348 514 5404 Sic
547 5344 820 5418 quinque
856 5363 1000 5402 mss.
1032 5347 1103 5400 At
1149 5344 1290 5401 editi
1334 5349 1391 5401 et
1438 5347 1583 5418 Reg.
1609 5345 1856 5418 primus,

215 5415 1040 5492 ῥλὸκαύτῳμάῖςων,Ἀιίίιυειοίο
1069 5423 1200 5489 post
1221 5434 1319 5473 sex
1344 5415 1662 5492 ωεεηούχὶ
1692 5417 1856 5475 καίει.

214 5489 370 5556 Editi,
403 5489 465 5543 οὐ
497 5488 679 5556 καίει.

275 5555 380 5634 (97)
413 5555 769 5634 EditiLiSt‘uv
823 5560 940 5633 μὲν.
971 5558 1191 5634 Vocula
1241 5559 1444 5634 pévdin
1495 5560 1713 5634 nostris
1760 5577 1860 5634 sex

219 5628 722 5692 mss/deesLNec
764 5628 847 5688 ita
885 5632 1065 5707 multo
1092 5628 1253 5707 infra
1277 5632 1440 5705 editi,
1473 5635 1604 5689 Θεοῦ
1636 5628 1856 5707 διδομέ-

219 5725 329 5765 νων.
359 5712 433 5764 At
463 5722 620 5766 mss.
656 5721 878 5777 omnes,
912 5701 1241 5779 δεδομὲνων.

2037 5199 2594 5275 (98)Αῐλὶ1)ιιίμνε¹ίοιόε
2617 5212 2731 5275 non
2761 5195 2856 5275 hic
2888 5198 3209 5275 modo,__sed
3240 5197 3301 5275 in
3332 5200 3618 5275 sequenti-

1966 5268 2078 5330 bu‘s
2110 5268 2286 5329 etiam
2345 5271 2497 5324 inter
2549 5268 2985 5342 sedissident._
3009 5269 3124 5325 Alii
3173 5271 3328 5325 enim
3377 5268 3616 5342 habent,

1967 5343 2275 5412 ἀποστελῶ,
2307 5345 2565 5397 mittam:
2592 5340 2710 5408 alii,
2743 5337 3079 5412 ἀποστείλω,
3105 5345 3288 5397 mitto.

2040 5408 2420 5490 (99)7Editiget
2452 5414 2588 5484 Reg.
2643 5413 2892 5490 primus,
2927 5410 3014 5490 ἰπξ
3060 5411 3246 5490 ἀγαθῷ
3270 5409 3357 5465 καὶ
3406 5408 3614 5490 εΙύεργε·

1970 5480 2076 5559 σίᾲ.
2110 5480 2220 5544 Alii
2254 5488 2514 5561 quinque
2535 5480 2829 5561 inss.,_éir_’
2857 5483 3027 5561 ἀγαθᾷ
3052 5480 3157 5561 ,καὶ
3199 5480 3523 5557 εὐεργεσίας.

2038 5555 2114 5632 (1)
2146 5555 2340 5616 Nostri
2373 5555 2682 5632 m'ss.,_xai.
2717 5555 3152 5632 Editi,'xa_z_i_§t_t.

2042 5564 2086 5632 (1
2146 5563 2340 5616 Nostri
2373 5575 2542 5625 (1189.,
2574 5563 2682 5611 καί.
2717 5563 2890 5625 Editi,
2925 5563 3010 5608 καί
3047 5563 3152 5610 δτι.

2042 5563 2114 5705 (2)
2148 5634 2234 5690 Ite
2263 5631 2397 5689 libri
2438 5629 2663 5702 antiqui
2709 5645 2932 5686 omnes.
2968 5627 3136 5696 Edili,
3170 5625 3304 5697 πρὸς
3334 5623 3425 5679 τὸν
3461 5621 3612 5700 θερά·

1968 5722 2160 5759 ποντα.
