4048 6220
403 396 515 458 I3!

1348 386 1742 449 APPENDIX
1782 387 2108 450 OPERUM
2152 387 2220 449 S.
2265 387 2551 449 BASILII
2593 388 2876 452 MAGNI.

3691 390 3822 450 433

403 531 547 600 elige
574 528 752 583 alium
781 528 880 595 qui
919 528 1105 597 possit,
1137 539 1294 594 quem
1340 523 1585 578 mittes".
1617 522 1800 577 Isaias
1845 525 2043 576 autem

2172 524 2401 574 τοιοῦτον
2429 519 2680 590 ἀκούσας,
2696 519 2843 576 ἀλλά
2874 521 3048 593 μόνην
3069 522 3167 592 τήν
3195 519 3386 597 χρείαν
3410 519 3694 597 διδαχθεὶς
3710 528 3823 591 τῆς

401 619 537 675 licet
565 617 711 673 nihil
733 615 1069 685 bujusrnodi
1094 615 1379 679 audisset,
1402 614 1503 667 sed
1530 618 1684 666 esset
1705 611 1893 665 solam
1918 613 2054 665 mit-

400 710 590 764 tendae
611 702 1622 778 legationisnocessitatemedoctus,
1643 701 1846 770 seipse
1864 699 2054 754 libens

403 796 722 861 obtulit,ac
753 811 865 864 prae
899 808 1128 847 summo
1159 808 1355 844 amore
1387 795 1444 844 et
1473 788 1667 843 studio
1702 787 1900 858 injecit
1929 803 2055 843 sese

401 886 459 940 in
493 884 685 940 media
715 882 991 954 pericula,
1018 897 1122 935 nec
1152 879 1222 933 ad
1258 879 1442 933 ullum
1469 878 1758 932 malorum
1787 894 1912 948 quas
1942 877 2052 931 sibi

401 980 568 1030 erant
597 992 630 1028 a
660 970 872 1043 populo
910 969 1231 1037 inferenda,
1265 968 1533 1022 attendit.
1570 966 1824 1021 Observa
1854 971 2054 1020 autem

403 1063 700 1136 prophetis
746 1065 1083 1114 accuratam
1133 1065 1190 1112 et
1237 1059 1725 1127 circumspectam
1779 1055 2055 1126 loquendi

402 1152 709 1207 rationem.
727 1149 871 1202 Nam
896 1148 964 1202 ad
989 1154 1137 1201 duas
1159 1145 1480 1200 sententias
1515 1145 1840 1216 propositas
1871 1159 2055 1198 unum

401 1239 672 1295 adhibuit
720 1252 1069 1307 responsum
1106 1252 1118 1288 ε
1153 1236 1318 1302 Quem
1367 1236 1606 1296 mittam,
1646 1242 1695 1288 et
1749 1235 1869 1303 quis
1920 1234 2061 1286 ibit?

398 1331 532 1384 Ecce
561 1343 661 1396 ego
686 1343 830 1391 sum,
857 1328 1014 1380 mitte
1044 1340 1147 1380 me.
1168 1324 1422 1392 Necjam
1456 1323 1692 1392 adjecit,
1711 1327 1776 1376 st
1797 1337 1903 1393 ego
1927 1322 2016 1376 ibo
2043 1337 2055 1376 ε

399 1417 694 1488 siquidem
727 1419 818 1470 est
861 1414 1045 1469 nostri
1097 1412 1323 1468 arbitrii
1357 1417 1414 1466 et
1455 1410 1757 1482 potestatis
1804 1413 2060 1480 recipere

397 1506 784 1576 legationem:
807 1505 1157 1556 confirmare
1179 1508 1373 1555 autem
1394 1501 1462 1554 ad
1487 1500 2063 1570 profectionem,ejus

398 1593 600 1666 estqui
621 1589 820 1665 gratias
839 1590 1151 1661 largitione
1167 1606 1271 1644 nos
1285 1589 1638 1654 corroborat,
1657 1588 1754 1642 Dei
1773 1587 2057 1641 videlicet-

404 1684 554 1741 515
593 1683 816 1752 Itaque,
839 1683 1125 1750 quantum
1152 1678 1402 1749 pertinet
1429 1679 1500 1732 ad
1525 1677 1582 1731 id
1607 1676 1761 1746 quod
1785 1693 1853 1731 ex
1873 1675 2060 1731 libera

397 1772 703 1829 voluntate
727 1769 1036 1840 pendebat,
1065 1768 1212 1822 dixit
1238 1785 1251 1822 :
1278 1768 1408 1821 Ecce
1437 1781 1533 1835 ego
1558 1782 1704 1835 sum,
1736 1766 1895 1819 mitte
1926 1780 2010 1819 me
2037 1781 2055 1818 :

2164 607 2649 678 ἀποστολῆς,ὲκὼν
2675 611 2858 664 ἑαυτὸν
2892 607 3146 682 ἐπέδωκε,
3161 611 3249 665 καὶ
3286 611 3472 684 μέσοις
3501 605 3654 681 ἐνέϐη
3689 617 3824 674 τοῖς

2165 693 2362 759 δεινοῖς
2387 701 2455 772 τῇ
2492 693 2768 773 ὑπερϐολῇ
2799 707 2898 769 τῆς
2929 699 3167 775 ἀγάπης,
3205 697 3377 772 μηδὲν
3425 700 3531 754 τῶν
3583 698 3816 772 μελλόν.

2165 807 2270 840 των
2334 786 2617 863 ἐπάγεσθαι
2676 789 2827 860 αὐτῷ
2882 790 3027 863 παρά
3092 793 3188 843 τοῦ
3249 788 3385 845 λαοῦ
3434 788 3819 863 λογισάμενος.

2171 878 2475 950 Ηαρατήρει
2535 874 2592 931 δὲ
2648 877 2709 931 τὸ
2770 872 2986 951 ἀκριϐὲς
3062 878 3151 932 καὶ
3207 880 3664 951 περιεσκεμμένον
3716 884 3822 932 τοῦ

2166 967 2472 1039 προφήτου.
2507 966 2647 1038 Πρὸς
2702 967 2802 1041 γὰρ
2864 963 2959 1020 δύο
3014 965 3216 1040 λόγους
3269 967 3393 1039 μίαν
3425 972 3661 1020 ποιεῖται
3710 970 3818 1036 τήν

2170 1053 2482 1126 ἀπόκρισιν·
2545 1057 2680 1111 Τίνα
2737 1054 3068 1126 ἀποστείλω,
3128 1055 3218 1109 καὶ
3299 1056 3382 1118 τίς
3451 1056 3817 1131 πορεύσεται;

2170 1139 2308 1195 Ἰδοὺ
2369 1141 2478 1214 ἐγώ
2531 1143 2667 1214 εἶμι,
2697 1141 3022 1197 ἀπόστειλον
3087 1165 3172 1218 με.
3201 1143 3395 1200 Οὐκέτι
3452 1145 3817 1217 προσέθηκενο

2170 1231 2266 1284 Καὶ
2349 1229 2454 1304 ἐγὼ
2530 1230 2892 1306 πορεύσομαι.
2952 1233 3020 1287 Τὸ
3084 1233 3178 1304 μὶν
3227 1233 3327 1307 γάρ
3385 1230 3626 1303 δέξασθαι
3709 1234 3818 1301 τήν

2169 1318 2503 1389 ἀποστολὴν,
2557 1319 2638 1396 ἐφ’
2686 1323 2842 1392 ἡμῖν·
2875 1321 2937 1375 τὸ
2983 1318 3041 1375 δὲ
3089 1318 3473 1394 δυναμωθῆναι
3525 1322 3659 1394 πρὸς
3713 1324 3822 1390 τήν

2171 1408 2414 1480 πορείαν,
2446 1412 2542 1462 τοῦ
2592 1406 2834 1471 διδόντος
2881 1411 2980 1478 τήν
3025 1410 3188 1484 χάριν
3236 1408 3295 1464 ἐκ
3335 1414 3432 1464 τοῦ
3465 1409 3819 1485 ἆνισχύοντος

2172 1502 2324 1553 Θεοῦ.
2357 1499 2533 1567 Ὥστε,
2567 1497 2596 1551 ὃ
2631 1497 2724 1569 μὲν
2777 1505 2876 1567 τῆς
2925 1498 3288 1573 προαιρέσεως
3340 1499 3429 1566 ἦν,
3463 1499 3626 1553 εἶπεν
3672 1498 3821 1554 Ἰδοὺ

2171 1585 2275 1660 ἐγώ
2329 1584 2816 1658 εἷμι,ἀπόστειλόν
2879 1607 2964 1658 με·
2999 1587 3027 1640 ὃ
3074 1583 3131 1640 δὲ
3175 1590 3274 1650 τῆς
3334 1586 3562 1662 χάριτος
3617 1588 3824 1658 imm]:

2169 1674 2352 1748 Κυρίῳ
2409 1673 2718 1732 κατέλιπεν.
2777 1674 2854 1733 Οὐ
2911 1675 3014 1749 γὰρ
3104 1674 3472 1750 ἐπηγγείλατο
3538 1679 3822 1750 πορευθή-

2169 1766 2368 1830 σεσΘαι,
2402 1761 2493 1818 διὰ
2547 1763 2610 1818 τὸ
2666 1763 3069 1819 ἐπαισθάνεσθαι
3126 1771 3228 1834 τῆς
3269 1765 3458 1820 ἑαυτοῦ
3519 1765 3819 1830 ἀσθενείας.

403 1861 558 1932 quod
583 1863 780 1914 autem
801 1861 927 1911 erat
947 1856 1168 1928 gratiae,
1191 1853 1426 1923 reliquit
1448 1854 1718 1909 Domino.
1747 1853 1868 1910 Non
1898 1853 2052 1907 enim

2172 1853 2380 1907 Ἀκούει
2414 1849 2470 1906 δὲ
2501 1858 2688 1928 φωνῆς
2720 1852 2921 1927 Κυρίου
2961 1853 3048 1907 καὶ
3096 1855 3124 1907 6
3159 1855 3234 1925 μή
3280 1852 3511 1928 πληγεὶς
3550 1856 3650 1923 τήν
3701 1876 3820 1909 σω-

2195 1959 2274 1962 ,,_,
2304 1941 2365 1962 ..ἱ
2466 1939 2626 1962 ληγκὶ.
2710 1944 2800 1962 7-”
2884 1943 2904 1962 ,(
2948 1960 3019 1962 ,_,
3187 1945 3212 1956 θ’
3523 1942 3533 1962 1
3716 1943 3729 1962 3
3793 1945 3808 1960 \

401 1949 700 2022 pollicitus
732 1951 822 2002 est
858 1961 984 2001 sese
1025 1946 1446 2015 profecturum,
1481 1948 1681 2014 utpote
1715 1959 1832 1996 suis
1865 1943 2054 2013 ipsius

414 2035 776 2110 infirmitatis
814 2033 1105 2089 conscius.
1138 2032 1314 2087 Audit
1352 2036 1548 2085 autem
1582 2047 1774 2085 vocem
1834 2030 2055 2085 Domini

411 2126 462 2182 is
485 2125 660 2180 etiam
685 2124 856 2193 cujus
879 2119 1196 2193 corporalis
1217 2119 1454 2175 auditus
1485 2120 1637 2174 ictus
1661 2136 1777 2174 non
1798 2128 1885 2174 est
1905 2124 2054 2185 tum,

411 2230 544 2271 cum
587 2229 755 2269 mens
803 2227 1006 2268 eorum
1055 2210 1268 2280 quibus
1313 2209 1467 2264 Deus
1516 2208 1828 2264 consilium
1879 2223 2053 2262 suum

404 2302 658 2358 revelare
689 2301 956 2366 voluerit,
985 2317 1016 2354 a
1046 2299 1160 2354 Deo
1203 2298 1576 2353 informatur.
1610 2297 1676 2351 Hi
1725 2297 1877 2351 enim
1913 2313 2054 2366 quo-

402 2409 528 2448 rum
567 2391 802 2446 animus
834 2389 1188 2444 informatur
1217 2385 1499 2442 ineffabili
1533 2387 1785 2457 quadam
1821 2386 2054 2450 virtute,

403 2485 658 2535 mentem
678 2479 845 2533 valde
868 2483 1149 2533 attentam
1173 2493 1240 2532 ac
1263 2492 1470 2548 puram
1493 2474 1914 2539 custodientes,
1937 2485 2058 2528 ser-

406 2583 642 2623 monem
675 2567 773 2621 Dei
803 2566 977 2621 veluti
1011 2565 1070 2620 in
1097 2581 1157 2619 se
1178 2581 1387 2620 sonum
1421 2565 1689 2618 edentem
1721 2563 2056 2634 possident;

405 2655 639 2712 etiamsi
690 2671 785 2710 aer
839 2672 953 2710 non
1006 2653 1257 2724 excipiat
1289 2654 1507 2708 formas
1555 2651 1730 2717 ullas,
1765 2667 1955 2722 neque
1986 2652 2056 2706 ad

409 2763 612 2804 aurem
645 2744 1029 2800 transmittat.
1066 2743 1207 2797 Nam
1242 2744 1298 2796 in
1333 2740 1625 2812 prophetae
1661 2741 1856 2796 animo
1888 2740 2056 2811 quasi

405 2835 464 2890 in
502 2835 757 2906 quodam
791 2832 940 2889 libro
971 2830 1329 2886 voluntatem
1363 2847 1529 2884 suam
1563 2828 1833 2884 inscribit
1867 2831 2014 2884 Deus
2043 2845 2055 2883 :

412 2929 467 2980 et
499 2924 702 2979 audire
725 2923 944 2977 dicitur
965 2921 1037 2988 is,
1062 2920 1162 2991 qui
1194 2920 1249 2973 in
1276 2920 1472 2973 animo
1494 2918 1691 2973 divina
1711 2934 1886 2973 sensa
1906 2918 2058 2972 exci-

410 3013 516 3086 pit.
569 3011 958 3078 Quamobrem
1023 3013 1328 3081 postquam
1381 3007 1524 3062 dixit
1571 3007 1853 3079 propheta
1887 3023 1900 3061 :
1931 3008 2062 3061 Ecce

407 3119 531 3158 sum
577 3117 697 3170 ego,
730 3101 887 3155 mitte
918 3114 1002 3153 me
1031 3116 1050 3153 :
1076 3099 1146 3153 ad
1188 3097 1495 3167 sequentia
1541 3095 1688 3151 nihil
1737 3095 2058 3167 respondit.

2170 1941 2403 2012 ματικήν
2459 1939 2648 2007 ἀκοὴν,
2705 1944 2804 1994 τοῦ
2880 1943 3216 2015 ἡγεμονικοῦ
3288 1942 3636 2014 τυπουμένου
3705 1943 3820 1998 ἀπὸ

2167 2033 2321 2096 Θεοῦ,
2367 2031 2451 2090 οἷς
2507 2027 2566 2082 ἂν
2629 2027 2789 2103 ἐθὲλῇ
2846 2030 2908 2084 τὸ
2970 2029 3229 2102 βούλημα
3283 2035 3540 2108 φανεροῦν
3573 2033 3601 2086 6
3657 2029 3812 2096 Θεός.

2169 2117 2381 2195 Ἀφάτῳ
2438 2119 2540 2192 γάρ
2588 2138 2694 2172 τινι
2744 2115 2968 2190 δυνάμει
3017 2121 3467 2195 φαντασιούμενοι
3514 2121 3606 2175 τὸν
3660 2126 3811 2189 νοῦν,

2168 2210 2220 2262 οἱ
2267 2209 2664 2281 ἀπερίσπαστον
2705 2209 2865 2264 αὐτὸν
2926 2209 3017 2264 καὶ
3074 2211 3307 2282 καθαρὸν
3363 2209 3607 2287 ἔχοντες,
3641 2213 3816 2267 οἱονεὶ

2167 2296 2470 2372 ἐνηχοῦντα
2525 2299 2736 2362 ἑαυτοῖς
2787 2293 2974 2374 ἔχουσι
3023 2300 3114 2353 τὸν
3164 2298 3328 2374 λόγον
3387 2306 3484 2355 τοῦ
3527 2306 3678 2356 Θεοῦ’
3709 2301 3814 2355 κᾶν

2168 2386 2196 2439 6
2227 2386 2333 2460 ἀήρ
2368 2395 2443 2459 μή
2477 2383 2690 2456 δέξηται
2722 2386 2852 2450 τοὺς
2891 2386 3115 2456 τύπους,
3152 2385 3293 2460 μηδὲ
3337 2390 3409 2459 τῇ
3452 2388 3588 2463 ἀκοῇ
3638 2411 3817 2465 παρα-

2167 2474 2377 2548 πέμπῃ.
2418 2476 2595 2530 Οὶονεὶ
2653 2478 2754 2550 γὰρ
2808 2470 3009 2551 βιϐλίῳ
3056 2476 3186 2546 τινὶ,
3232 2478 3296 2531 τὸ
3344 2478 3536 2532 ἑαυτοῦ
3593 2475 3820 2550 θέλημα

2169 2563 2420 2642 ἐγγράφει
2454 2565 2481 2617 6
2513 2564 2642 2625 Θεὸς
2667 2568 2734 2637 τῇ
2767 2568 2921 2638 ψυχῇ
2968 2569 3065 2619 τοῦ
3111 2567 3417 2642 προφήτου·
3449 2567 3540 2621 καὶ
3598 2567 3818 2621 ἀκούειν

2171 2652 2385 2726 λέγεται
2421 2653 2448 2707 6
2479 2653 2546 2707 τὰ
2592 2658 2708 2716 θεῖα
2757 2655 3007 2726 νοήματα
3064 2651 3465 2726 ὑποδεξάμενος
3516 2654 3584 2730 τῇ
3635 2646 3823 2730 ψυχῇ,

2171 2737 2258 2794 διὰ
2286 2745 2447 2795 τοῦτο
2481 2738 2537 2795 δὲ
2569 2744 2640 2811 (3)
2671 2742 2755 2810 16,
2789 2739 2929 2797 Ἰδού
2961 2741 3076 2815 εἶμι
3123 2742 3248 2817 ἐγὼ,
3283 2740 3602 2798 ἀπόστειλόν
3666 2766 3754 2816 με,
3794 2747 3825 2800 ὁ

2171 2832 2459 2907 προφήτης
2515 2829 2706 2896 εἰπὼν,
2764 2832 2824 2884 τὸ
2882 2829 3070 2908 ἐφεξῆς
3123 2831 3522 2902 ἀπεσιώπησεν.
3577 2834 3656 2889 Οὐ
3711 2835 3823 2909 γὰρ

2172 2921 2336 2984 εἶπεν,
2371 2919 2509 2993 Ἐγὼ
2560 2918 2921 2994 πορεύσομαι,
2955 2918 3094 2974 διότι
3146 2925 3326 2993 μεῖζον
3376 2921 3465 2975 καὶ
3524 2922 3658 2996 ὑπὲρ
3715 2923 3828 2977 αὖ-

2168 3009 2259 3063 τὸν
2315 3008 2378 3063 τὸ
2445 3006 2786 3083 ἐπάγγελμα.
2819 3011 2986 3085 Ὅπερ
3045 3009 3143 3064 οὗκ
3197 3004 3388 3064 ἔλαϐεν
3429 3011 3619 3082 ἑαυτῷ,
3653 3015 3828 3067 τοῦτο

2172 3097 2199 3151 ὁ
2255 3097 2450 3170 Κύριος
2510 3096 2824 3173 ἐχαρίσατο.
2896 3097 3028 3154 Εἶπε
3082 3099 3184 3175 γὰρ
3242 3098 3424 3171 αὐτῷ’
3484 3099 3825 3175 Πορεύθητι,

409 3190 534 3245 Non
569 3190 727 3244 enim
761 3188 905 3242 dixit
937 3205 949 3242 :
986 3188 1102 3258 Ego
1149 3186 1277 3251 ibo;
1316 3190 1618 3256 propterea
1667 3185 1821 3255 quod
1876 3185 2064 3254 major

2172 3187 2257 3240 καὶ
2321 3186 2471 3241 εἰπὸν
2527 3189 2605 3256 (4)
2666 3191 2746 3258 τῷ
2817 3185 2937 3259 λαῷ
2991 3188 3190 3260 τούτῳ.
3245 3189 3308 3245 Ὁ
3369 3188 3554 3260 μέντοι
3612 3186 3822 3263 λᾶγων,

405 3277 619 3333 fuisset
639 3276 931 3346 ejusmodi
959 3275 1324 3346 pollicitatio,
1349 3290 1455 3327 nec
1477 3274 1666 3344 ipsius
1690 3273 1914 3328 viribus
1936 3290 2058 3344 par.

2177 3273 2318 3331 Ἰδού
2351 3274 2462 3347 εἶμι
2515 3275 2641 3350 ἐγὼ,
2674 3275 3022 3351 τεθαῤῥηκὼς
3051 3279 3127 3348 (5)
3174 3274 3305 3346 ἤδη,
3357 3277 3431 3339 ὡς
3494 3273 3830 3348 μεταλαϐὼν

407 3365 570 3432 Quod
606 3369 800 3419 autem
835 3363 947 3419 sibi
981 3379 1097 3417 non
1129 3362 1463 3427 vindicavit,
1497 3361 1550 3415 id
1600 3361 1650 3414 ei
1696 3361 1944 3433 largitus
1974 3367 2063 3417 est

405 3454 715 3510 Dominus.
767 3451 924 3507 Dixit
975 3450 1131 3506 enim
1185 3450 1295 3521 ipsi
1342 3448 1539 3521 (Vens.
1564 3450 1654 3520 9):
1691 3449 1849 3520 Vade,
1882 3453 1928 3506 et
1978 3450 2065 3506 die

399 3542 608 3615 populo
636 3541 783 3596 huic.
810 3541 878 3596 Et
918 3539 1158 3611 quidem
1189 3556 1322 3594 cum
1356 3538 1532 3594 dicit:
1559 3540 1690 3594 Ecce
1727 3555 1848 3594 sum
1887 3556 1984 3608 ego
2006 3541 2063 3608 9;

401 3631 527 3703 jam
563 3630 865 3684 conﬁdens
895 3632 1180 3700 tanquam
1215 3629 1342 3699 ejus
1384 3629 1480 3698 qui
1524 3632 1628 3693 est,
1665 3627 1854 3682 factus
1881 3629 2066 3699 parti-

409 3737 566 3792 ceps,
591 3719 744 3775 inter
773 3735 837 3774 ea
864 3735 991 3791 quas
1023 3722 1161 3773 sunt
1191 3733 1254 3773 se
1284 3717 1409 3788 ipse
1435 3733 1826 3772 annumerare
1857 3718 2062 3785 audet;

410 3813 586 3880 atque
635 3807 742 3864 hoc
802 3808 967 3874 dixit,
1004 3812 1315 3879 postquam
1375 3805 1532 3861 labia
1590 3805 1776 3878 ipsius
1837 3807 2068 3862 fuerant

409 3899 719 3953 mundata.
745 3897 851 3963 Qui
886 3902 1081 3951 autem
1115 3896 1176 3950 in
1208 3895 1620 3966 iniquitatibus
1643 3899 1818 3965 jacet,
1851 3901 1910 3950 et
1938 3898 2067 3966 ejus

406 3989 506 4059 qui
538 3993 648 4054 est,
679 3986 978 4058 agnitione
1011 4002 1122 4040 non
1150 3986 1422 4048 donatur,
1446 4001 1561 4038 non
1596 3990 1787 4055 potest
1808 3985 1919 4039 sibi
1951 3985 2063 4056 ipsi

404 4076 814 4133 testimonium
847 4074 990 4129 illud
1018 4075 1256 4130 reddere
1283 4092 1295 4129 :
1320 4075 1452 4128 Ecce
1478 4090 1600 4128 sum
1631 4090 1745 4144 ego.
1780 4074 2064 4137 Quoniam

403 4172 602 4221 autem
649 4164 847 4234 posuit
875 4164 1032 4218 Deus
1063 4163 1316 4234 primum
1352 4161 1669 4233 apostolos,
1693 4161 1901 4216 deinde
1934 4180 2065 4233 pro-

400 4254 654 4325 phetas“
688 4269 701 4306 :
737 4269 805 4306 ea
846 4253 918 4306 de
969 4269 1146 4306 causa
1194 4257 1252 4305 et
1305 4251 1485 4306 Isaias
1540 4251 1794 4320 primum
1856 4252 2067 4322 accipit

2169 3367 2266 3418 τοῦ
2315 3360 2492 3435 ὄντος,
2526 3363 2577 3417 ἐν
2620 3369 2736 3425 τοῖς
2785 3365 2932 3419 οὖσιν
2982 3365 3230 3440 ἀριθμεῖν
3282 3367 3468 3420 ἑαυτὸν
3499 3365 3823 3440 ἀποτολμᾷ·

2174 3453 2260 3506 καὶ
2290 3456 2450 3508 τοῦτο
2477 3452 2590 3508 εἶπε
2626 3455 2757 3527 μετά
2783 3454 2844 3508 τὸ
2875 3456 3206 3531 καθαρθῆναι
3245 3455 3409 3509 αὐτοῦ
3439 3456 3504 3510 τὰ
3534 3454 3724 3530 χείλη.
3761 3457 3829 3511 Ὅ

2174 3539 2232 3596 δὲ
2277 3541 2327 3596 ἐν
2374 3542 2626 3614 ἀνομίαις
2671 3544 2982 3618 τυγχάνων,
3030 3545 3120 3597 καὶ
3174 3551 3274 3612 τῆς
3320 3543 3660 3619 ἐπιγνώσεως
3717 3547 3828 3600 τοῦ

2174 3626 2327 3692 ὄντος
2375 3633 2448 3702 μὴ
2507 3630 2949 3704 καταξιούμενος,
3002 3631 3062 3686 οὗ
3112 3629 3327 3687 δύναται
3378 3634 3551 3706 ἑαυτῷ
3608 3655 3826 3708 μαρτυ-

2176 3725 2285 3793 ρεῖν
2322 3719 2406 3791 τὸ,
2466 3717 2607 3774 Ἰδού
2659 3719 2769 3793 εἶ’μι
2819 3720 2945 3796 ἐγώ.
3006 3719 3224 3790 Ἐπειδὴ
3281 3719 3338 3776 δὲ
3392 3721 3540 3786 ἔθετο
3597 3723 3627 3776 6
3684 3725 3827 3787 Θεὸς

2174 3813 2388 3884 πρῶτον
2453 3808 2808 3881 ἀποστόλους,
2844 3807 3087 3884 δεύτερον
3137 3812 3459 3886 προφήτας·
3511 3808 3598 3865 διά
3652 3817 3826 3868 τοῦτο

2173 3895 2264 3950 καὶ
2297 3897 2323 3950 6
2352 3895 2573 3961 Ἣσαίας
2601 3901 2816 3970 πρῶτον
2851 3899 2913 3952 τὸ
2942 3905 3040 3967 τῆς
3091 3899 3402 3969 ἀποστολῆς
3449 3898 3664 3976 δέχεται
3710 3903 3827 3976 χά-

2177 4005 2363 4060 ρισμα.
2398 3985 2498 4042 Καὶ
2557 3988 2796 4055 Μωυσῆς
2858 3985 2915 4041 δὲ
2968 3992 3078 4042 τῶν
3130 3987 3450 4043 ἀποστόλων
3488 3990 3619 4046 ἐστί.
3655 3994 3828 4064 Δεῦρε

2174 4074 2300 4148 γάρ,
2353 4075 2539 4152 φησὶν,
2597 4074 2883 4130 ἀποστελῶ
2959 4097 3014 4129 σε
3084 4077 3221 4148 πρὸς
3297 4078 3496 4151 Φαραὼ
3589 4077 3828 4152 βασιλέα

2177 4161 2475 4236 Αἰγύπτου.
2507 4164 2599 4217 Καὶ
2653 4164 2918 4239 Ἱερεμίας
2970 4163 3026 4219 δὲ
3065 4164 3271 4233 ἀκούει,
3306 4165 3389 4221 ὅτι
3437 4166 3580 4240 Πρὸς
3609 4170 3826 4231 πάντας

2177 4251 2268 4314 οὓς
2297 4249 2356 4305 ἃν
2391 4251 2756 4322 ἐξαποστείλω
2787 4257 2867 4323 (6)
2898 4274 2975 4324 σε,
3007 4254 3266 4329 πορεύσῃ.

400 4340 767 4412 apostolatus
805 4356 1046 4393 munus.
1083 4340 1236 4402 Quin
1267 4343 1323 4392 et
1352 4342 1575 4410 Moyses
1610 4344 1947 4393 recensetur
1977 4341 2128 4396 inter
2167 4342 2483 4414 apostolos.
2521 4344 2650 4398 Veni
2679 4345 2861 4412 enim,
2893 4345 3103 4416 inquit,
3129 4350 3349 4400 mittam
3377 4349 3430 4400 te
3457 4345 3526 4400 ad
3559 4344 3830 4402 Pharao-

397 4445 524 4484 nem
551 4444 730 4498 regem
754 4427 817 4480 ¹⁰.
852 4427 960 4482 Sed
995 4430 1052 4480 et
1079 4426 1376 4480 Jeremias
1406 4425 1571 4480 audit
1603 4442 1615 4480 :
1654 4425 1728 4480 Ad
1757 4442 1939 4483 omnes
1967 4429 2037 4483 ad
2066 4445 2198 4501 quos
2227 4433 2428 4486 misero
2455 4433 2526 4500 te,
2554 4432 2659 4487 ibis
2689 4435 2750 4486 “.

471 4516 592 4571 185.
625 4515 800 4570 Vnas.
831 4514 886 4577 9,
923 4515 1006 4568 10.
1047 4513 1210 4579 Vade,
1255 4523 1306 4569 et
1357 4513 1446 4568 dic
1494 4515 1693 4586 populo
1743 4516 1874 4570 huic
1901 4534 1919 4570 :
1951 4511 2064 4572 Au-

2247 4519 2370 4574 485.
2408 4519 2736 4592 Πορεύθητι,
2775 4520 2862 4573 καὶ
2919 4518 3067 4573 εἰπὸν
3115 4524 3195 4592 τῷ
3250 4517 3370 4591 λαῷ
3415 4521 3611 4592 τούτῳ·
3647 4522 3826 4594 Ἀκοῇ

398 4607 519 4662 dita
559 4605 825 4671 audietis,
860 4612 912 4658 et
963 4619 1072 4658 non
1115 4603 1468 4673 intelligetis,
1501 4606 1552 4658 et
1598 4605 1950 4672 respicientes
1980 4623 2065 4661 re-

396 4696 661 4764 spicietis,
695 4700 746 4747 et
774 4708 884 4747 non
937 4691 1220 4745 videbitis.
1257 4692 1625 4746 Incrassatum
1672 4696 1749 4747 est
1795 4696 1945 4749 enim
1975 4710 2068 4749 cor

392 4783 587 4855 pepuli
615 4781 798 4853 hujus,
823 4785 876 4836 et
906 4783 1146 4836 auribus
1177 4784 1426 4852 graviter
1454 4783 1774 4853 audierunt,
1796 4787 1851 4837 et
1880 4784 2064 4838 oculos

399 4887 522 4927 suo:
567 4872 884 4928 clauserunt
913 4889 930 4924 :
962 4886 1031 4924 ne
1055 4872 1197 4940 forte
1249 4872 1468 4926 videant
1498 4871 1690 4939 oculis,
1722 4877 1773 4927 et
1825 4871 2058 4928 auribus

2177 4605 2451 4673 ἀκούσετε,
2507 4607 2597 4661 καὶ
2675 4607 2736 4662 οὐ
2819 4608 2894 4680 μὴ
2971 4615 3164 4677 συνῆτε
3223 4613 3319 4677 (7),
3367 4609 3454 4663 καὶ
3519 4608 3826 4684 βλέποντες

2179 4693 2424 4768 βλέψετε,
2455 4699 2545 4749 καὶ
2603 4696 2664 4750 ού
2717 4697 2792 4768 μή
2841 4693 3012 4766 ἴδητε.
3061 4697 3373 4772 Ἐπαχύνθη
3431 4699 3534 4773 γάρ
3590 4701 3625 4768 ἡ
3684 4720 3829 4774 καρ-

2174 4781 2262 4837 δία
2304 4788 2400 4838 τοῦ
2453 4783 2589 4838 λαοῦ
2635 4784 2851 4852 τούτου,
2893 4787 2978 4840 καὶ
3043 4792 3160 4848 τοῖς
3216 4786 3316 4840 ὡσὶ
3379 4787 3586 4862 βαρὲως
3644 4785 3828 4856 ἤκουε

2171 4892 2286 4939 σαν,
2345 4871 2434 4927 καὶ
2492 4874 2617 4936 τοὺς
2685 4871 3005 4951 ὀφθαλμοὺς
3082 4874 3254 4930 αὐτῶν
3335 4873 3674 4948 ἐκάμμυσαν,
3705 4880 3827 4948 μή-

463 5070 484 5104 ⁷
514 5067 693 5124 Exod.
725 5084 802 5138 IV,
835 5068 925 5122 13.
999 5069 1020 5102 ⁸
1057 5069 1233 5124 Exod.
1265 5085 1355 5136 ιιι,
1389 5069 1475 5124 14.
1554 5069 1575 5104 ⁹
1605 5069 1626 5123 Ι
1657 5068 1787 5125 Cor.
1822 5085 1924 5141 x11,
1957 5070 2047 5124 28.

2172 5083 2173 5094 ‘
2203 5072 2381 5128 Exod.
2414 5089 2501 5143 ιιι,
2536 5074 2621 5128 10.
2700 5075 2742 5109 ¹¹
2773 5073 2989 5129 Jerem.
3027 5090 3063 5140 ι,
3093 5075 3147 5130 7.

472 5275 548 5347 (3)
577 5268 841 5347 Edili,‘8‘e
886 5267 1098 5340 ἐπειδή.
1134 5272 1305 5337 Illud,
1339 5269 1748 5347 tauSvﬁ,_abest
1779 5291 1809 5347 a
1843 5274 2061 5331 nostris

401 5344 898 5409 sex'codicibus;
965 5360 1089 5416 nec,
1150 5348 1215 5416 ut
1267 5344 1493 5416 opinor,
1554 5344 1807 5399 dubitari
1862 5350 2062 5416 potest

402 5418 546 5507 qpin
591 5417 802 5471 melius
852 5416 1024 5470 absit.
1059 5414 1319 5469 Subinde
1369 5419 1508 5488 Reg.
1539 5422 1804 5485 quartus,
1838 5414 1970 5489 ὅπερ
2003 5414 2061 5470 δὲ

412 5507 533 5541 ουκ.

479 5560 558 5629 (4)
589 5557 767 5622 Editi,
797 5553 887 5608 καὶ
922 5554 1053 5608 εἶπε.
1091 5560 1161 5609 At
1195 5571 1335 5610 mss.
1371 5571 1490 5624 86x,
1526 5555 1694 5612 εἶπον.

482 5630 560 5699 (5)
593 5629 678 5683 Ita
707 5632 960 5700 quatuor
990 5643 1133 5682 mss.
1164 5643 1299 5700 cum
1337 5633 1586 5700 utroque
1615 5630 2058 5700 Gombeﬂsiano.

415 5696 592 5768 Editi,
621 5696 1055 5775 τεθαρρηκότως.
1091 5699 1312 5756 Ibidem
1353 5696 1516 5769 editi,
1547 5703 1642 5754 τοῦ
1682 5697 1852 5762 ὄντως
1882 5696 2060 5774 ὄντος,

2173 5281 2306 5348 apte
2359 5278 2620 5350 quidem,
2673 5279 2772 5334 sed
2826 5277 3140 5334 reclamant
3191 5279 3377 5335 nostri
3427 5295 3525 5334 sex
3571 5295 3715 5335 mss.
3764 5282 3827 5336 in

2169 5351 2385 5420 quibus
2420 5366 2523 5422 vox
2569 5369 2730 5422 οντοςν
2770 5351 2952 5406 deest.
2989 5350 3102 5406 Nec
3148 5349 3233 5406 ita
3289 5354 3471 5406 multo
3531 5358 3664 5422 post
3720 5369 3830 5408 sex

2171 5438 2338 5495 mss,
2372 5421 2462 5495 καὶ
2492 5425 2649 5495 τοῦτο
2683 5421 2818 5495 εἶπε.
2855 5427 3021 5495 Deest
3047 5425 3208 5495 τοῦτο
3237 5423 3296 5478 in
3328 5421 3602 5495 vulgatis.

2240 5493 2316 5564 (6)
2355 5494 2521 5564 Editi,
2572 5493 2657 5546 ἐὰν
2701 5490 3065 5564 ἐξαποστελῶ.
3097 5494 3337 5564 Veteres
3383 5489 3501 5550 tres
3549 5493 3706 5560 libri,
3759 5489 3825 5545 ἂν

2171 5562 2476 5619 ἀποστελῶ.
2513 5564 2615 5619 Alii
2647 5562 2788 5636 tres,
2822 5563 2880 5617 ἅν
2911 5563 3292 5633 ἐξαποστείλω.

2244 5638 2316 5706 (7)
2349 5637 2481 5708 Reg.
2519 5639 2766 5708 primus,
2806 5637 2880 5708 μὴ
2915 5640 3140 5692 ωνεῖτε.
