4048 6220
213 341 311 400 433

1008 340 1414 402 COMMENT.
1464 341 1538 400 IN
1585 341 1854 402 ISAIAM
1902 340 2408 402 PROPHETAM.
2452 341 2624 402 CAP.
2678 343 2772 403 VI.

3113 0 3208 20 Ἶκ..

3479 348 3599 406 434

209 490 322 524 ποτε
369 466 532 523 ’ἰδωσι
590 474 708 531 τοῖς
777 468 1108 547 ὀφθαλμοῖς,
1158 469 1248 524 καὶ
1318 474 1435 532 τοῖς
1491 469 1619 524 ὠσὶν
1680 468 1813 524 ἀκού

1946 473 2226 539 audiant,
2279 478 2330 527 et
2377 473 2535 529 corde
2589 474 2930 546 intelligant,
2973 482 3027 530 et
3089 479 3495 542 convertantur,
3542 482 3592 532 et

209 580 346 626 σωσι,
390 559 478 613 καὶ
530 561 600 632 τῇ
655 557 854 632 καρδίᾳ
911 564 1132 626 συνῶσι,
1187 558 1276 613 καὶ
1338 557 1696 633 έπιστρέῴωσι
1757 562 1832 632 (8)

201 648 278 701 καὶ
335 647 559 720 ῒάσομαι
618 648 835 712 αὐτούς.
895 653 1068 703 Τοῦτο
1115 649 1178 702 τὸ
1237 647 1400 724 ῥητὸν
1453 647 1748 723 ἀνέγραψεν
1805 652 1832 704 ὸ

197 742 395 799 Λουκᾶς
451 736 502 791 ἐν
560 742 680 799 ταῖς
756 737 1003 810 Πράξεσι.
1066 738 1163 791 Καὶ
1230 735 1505 807 ἀπεστάλη
1574 738 1709 810 πρός
1766 759 1833 810 με

194 825 242 879 ’ἓν
297 831 400 880 τῶν
465 827 719 904 σεραφίμ.
775 829 896 882 ’Ὀτι
957 824 1183 898 δύναμίς
1237 826 1317 888 τίς
1387 825 1528 880 ἐστιν
1599 827 1831 901 ὑπερκό-

193 936 363 987 σμιος,
395 917 697 989 καθαρτική
758 918 835 989 (9)
888 914 1155 988 ἀνομιῶν,
1217 913 1487 970 διακονίαν
1543 936 1830 970 πεπιστευ-

195 1005 358 1076 μένη,
437 1005 500 1058 τὸ
577 1005 842 1081 σεραφεῖμ
913 1005 980 1058 τὰ
1050 1006 1397 1080 γεγραμμένα
1483 1003 1827 1078 παρίστησιν,

189 1090 544 1148 ’Δπέσ-ταλται
602 1092 696 1148 οὖν
753 1097 921 1148 ταῦτα
984 1094 1052 1148 τά
1130 1093 1476 1168 λειτουργικᾶ
1549 1092 1830 1166 πνεύματα

185 1183 308 1255 πρὸς
362 1185 512 1254 ἡμᾶς
564 1181 693 1244 τοὺς
746 1181 1050 1254 μέλλοντας
1100 1180 1468 1254 κληρονομεῖν
1530 1181 1824 1256 σωτηρίαν.

185 1272 437 1344 Ἔρχεται
488 1267 545 1325 δὲ
595 1271 695 1325 οὐκ
751 1270 1071 1327 αὐθεντικῶς
1127 1267 1253 1324 οὐδὲ
1304 1270 1659 1340 αὐτεξουσίως
1716 1269 1826 1324 ἐπι-

163 1360 515 1432 σκεπτόμενα
558 1362 724 1432 ἡμᾶς.
759 1359 856 1414 Καὶ
888 1360 991 1435 γὰρ
1050 1359 1440 1435 προηγουμένη
1495 1360 1589 1432 μὶν
1648 1359 1824 1414 αὐτῶν

185 1449 285 1516 ζωή
318 1447 414 1503 καὶ
471 1449 608 1504 κατά
663 1448 842 1526 φύσιν,
875 1452 953 1521 τῷ
1013 1446 1206 1503 κάλλει
1246 1449 1342 1503 105
1399 1453 1532 1503 Θεοῦ
1590 1447 1824 1504 ἰνατενί-

183 1544 297 1608 ζειν,
360 1539 452 1592 καὶ
513 1537 672 1592 αὐτὸν
733 1535 969 1607 δοξάζειν
1035 1535 1712 1611 διηνεκῶςοπεριστατικὴ
1769 1535 1825 1592 δέ

178 1625 251 1687 τίς
309 1625 458 1681 ἐστιν
515 1625 751 1701 ἐνέργεια
806 1628 840 1696 ἡ
899 1627 1036 1697 πρὸς
1089 1628 1236 1698 ἡμᾶς
1307 1625 1432 1688 τοὺς
1507 1627 1824 1698 ἀνθρώπους

181 1715 476 1792 έπιστρονρὴ
503 1718 616 1785 (10)
649 1715 738 1770 καὶ
790 1713 1094 1788 ἐπιμέλεια.
1129 1717 1227 1770 Διά
1267 1719 1449 1788 τοῦτο,
1491 1713 1821 1786 Ἀπεστάλη,

181 1805 318 1880 Ῠησὶ,
357 1804 499 1880 πρός
543 1827 609 1876 με
654 1802 708 1858 ἓν
755 1809 862 1858 τῶν
902 1805 1158 1882 σεραφίμ.
1193 1807 1376 1861 Ἔοικε
1423 1801 1480 1859 δέ
1530 1805 1558 1858 ὁ
1607 1806 1820 1881 προφή-
1852 1843 1900 1909 Β

175 1914 283 1964 της,
313 1895 411 1950 ὅτε
441 1891 548 1948 εἶδε
569 1899 678 1949 τῶν
720 1895 957 1971 σεραφὶμ
1001 1895 1102 1962 τὴν
1145 1893 1432 1970 ἐνέργειαν,
1465 1891 1618 1948 οὐδὲν
1673 1891 1814 1949 ἄλλο

179 1983 470 2037 ποιούντων
502 1983 536 2051 ἢ
573 1982 902 2058 ἀγιαζόντων
932 1983 1025 2037 τὸν
1070 1982 1219 2050 Θεὸν,
1251 1983 1375 2037 τότε
1405 1982 1480 2044 εἷς
1531 1982 1813 2053 συναίσθη-

179 2092 252 2125 σιν
275 2075 377 2137 τῆς
417 2071 470 2126 έν
513 2077 631 2135 τοῖς
675 2069 838 2133 ἰδίοις
884 2069 1121 2146 χείλεσιν
1174 2071 1501 2146 ἀκαθαρσίας
1547 2070 1811 2141 ἐληλυθὲ-

175 2181 269 2229 ναι,
303 2163 390 2215 δτι
449 2162 539 2214 καὶ
584 2161 897 2232 ἀνθρώπινα
948 2158 1132 2226 λαλεῖ,
1169 2160 1258 2215 καὶ
1306 2160 1567 2232 ἐμόλυνεν
1623 2162 1812 2216 ἑαυτοῦ

177 2250 262 2316 τήν
290 2249 544 2325 γλῶσσαν
577 2247 850 2310 πολλάκις
878 2255 993 2311 τοῖς
1023 2251 1145 2324 περὶ
1173 2257 1273 2319 τῆς
1325 2249 1687 2324 ματαιότητος
1715 2255 1812 2305 105

175 2340 377 2409 κόσμου
409 2339 739 2412 ῥήμασι.Τῇ
791 2337 882 2393 οὗν
923 2339 1058 2414 πρὸς
1105 2338 1281 2394 ἐκεῖνα
1327 2340 1604 2416 συγκρίσει
1658 2361 1814 2396 κατα·

176 2429 363 2502 νυγεὶς,
392 2429 480 2483 καὶ
512 2426 595 2483 ὅτι
624 2428 692 2482 τὰ
723 2427 817 2500 μὲν
858 2426 1009 2482 οὐδὲν
1054 2425 1237 2504 ἕτερον
1288 2427 1593 2506 φθέγγεται,
1625 2431 1659 2498 ἢ
1717 2430 1812 2484 τὸν

179 2519 432 2590 ἁγιασμόν
481 2524 585 2586 τῆς
635 2517 888 2586 θεότητος
931 2511 1112 2589 ὶκϐοᾷ·
1147 2517 1307 2580 αὐτὸς
1351 2516 1408 2572 δὲ
1453 2518 1513 2572 τὸ
1559 2518 1812 2573 πλεῖστον

179 2611 280 2668 τοῖς
327 2606 703 2680 ἀνθρωπίνοις
763 2607 1042 2680 πράγμασι
1103 2607 1202 2674 τὴν
1252 2607 1442 2662 ἑαυτοῦ
1491 2609 1671 2684 φωνὴν
1725 2606 1813 2662 ἐν·

179 2694 588 2770 «σχολουμὲνην
636 2691 772 2770 ἔχει·
806 2692 896 2749 διὰ
939 2699 1100 2750 τοῦτο
1145 2695 1309 2750 εἶπενο
1338 2697 1402 2750 Ὢ
1459 2695 1625 2758 τάλας
1683 2695 1811 2772 ἐγὼ,

178 2783 250 2836 ὅτι
325 2782 727 2857 κατανένυγμαι
762 2801 774 2814 ·
833 2786 916 2838 δτι
994 2785 1277 2860 ἄνθρωπος
1361 2782 1457 2849 ὢν,
1516 2786 1607 2840 καὶ
1683 2786 1814 2840 ἀκά-

180 2883 334 2946 θαρτα
388 2871 558 2948 χείλη
621 2870 788 2948 ἔχων,
847 2872 898 2927 έν
960 2874 1108 2946 μέσῳ
1164 2873 1299 2928 λαοῦ
1353 2873 1488 2928 οἰκῶ
1545 2874 1816 2950 ἀκάθαρτα

179 2959 332 3034 χείλη
364 2961 615 3037 ιχοντος.
650 2961 808 3018 Οὕτω
846 2960 935 3016 καὶ
980 2968 1182 3032 Μωσῆς
1229 2963 1366 3025 τέως
1411 2965 1510 3022 οὐκ
1554 2962 1815 3038 ᾐσθάνετο

179 3049 359 3104 ἑαυτοῦ
423 3049 774 3125 ἷσχνοφώνου
827 3045 981 3113 ὄντος
1026 3051 1115 3105 καὶ
1164 3049 1608 3126 βραδυγλώσσου,
1640 3051 1700 3114 ὃς
1753 3073 1816 3126 γε

179 3141 306 3211 πασῃ
339 3139 509 3215 σοφίᾳ
551 3138 864 3212 Αἰγυπτίων
897 3137 1244 3207 πεπαίδευτο,
1277 3141 1365 3194 καὶ
1409 3136 1643 3196 διέϐαινε
1680 3144 1813 3195 παν-

178 3246 258 3287 τας
285 3228 487 3289 αὐτοὺς
520 3231 587 3300 τῇ
621 3225 816 3304 εὐφυΐᾳ
844 3227 933 3281 καὶ
985 3230 1053 3300 τῇ
1111 3227 1334 3282 συνέσει·
1365 3229 1452 3284 ὅτε
1506 3227 1562 3283 δέ
1613 3227 1811 3300 ἤκουσε
1843 3210 1886 3276 C

177 3321 260 3369 τοῦ
289 3315 757 3392 χρηματίζοντος,
787 3316 910 3370 τότε
953 3314 1085 3371 εἶδεν
1137 3317 1327 3372 ἑαυτοῦ
1370 3320 1466 3388 τήν
1521 3319 1813 3376 ἀσθένειαν.

181 3404 266 3458 Καὶ
297 3401 578 3479 Ἀϐραὰμ,
605 3404 694 3460 ὅτε
724 3400 878 3483 ὤφθη
913 3405 1062 3478 αὐτῷ
1096 3407 1124 3460 ὁ
1157 3407 1304 3475 Θεὸς,
1334 3406 1458 3462 τότε
1495 3409 1635 3462 εἶπεν
1691 3409 1815 3462 ἑαυ-

176 3495 258 3548 τὸν
287 3501 394 3568 γῆν
428 3494 520 3548 καὶ
552 3491 776 3550 σποδόν.
813 3494 1220 3569 Ηαραπλησίως
1270 3494 1360 3550 οὖν
1404 3496 1620 3561 τούτοις
1664 3498 1754 3552 καὶ
1786 3499 1814 3552 ὃ

180 3581 409 3653 Ἡσαΐας,
467 3583 604 3655 μετά
657 3583 719 3636 τὸ
776 3580 907 3637 ἰδεῖν
967 3583 1058 3638 τὸν
1113 3586 1418 3657 καθήμενον
1474 3586 1561 3640 έπὶ
1620 3587 1814 3658 θρόνου

184 3670 393 3742 ὑψηλοῦ
420 3671 511 3726 καὶ
543 3670 878 3745 έπηρμὲνου,
911 3671 1000 3725 καὶ
1047 3676 1317 3747 θεωρῇσαι
1364 3676 1464 3743 τήν
1515 3671 1669 3745 δόξαν
1723 3675 1812 3729 τὸν

182 3761 454 3830 σύμπαντα
494 3761 640 3814 οἶκον
698 3763 795 3813 105
841 3759 1050 3833 κόσμου
1108 3760 1559 3834 πεπληρωκυῖαν,
1616 3765 1704 3818 καὶ
1753 3764 1819 3818 τὰ

180 3848 358 3920 κ·3κλῳ
399 3849 565 3903 αὐτοῦ
623 3847 861 3925 σεραφίμ
917 3851 1051 3921 μετὰ
1109 3849 1424 3921 ἐκπλήξεως
1461 3851 1665 3923 ἐκείνην
1718 3856 1818 3923 τὴν

181 3939 353 4011 φωνην
411 3938 778 4014 ἀναφέροντα’
825 3936 948 3992 τότε
997 3938 1182 3993 ἑαυτὸν
1241 3940 1588 4016 ταλαίπωρον
1644 3963 1816 4017 προσ-

179 4027 448 4101 τιγόρευσε,
475 4026 599 4081 τότε
629 4028 733 4094 τήτ
763 4024 814 4081 ἐν
853 4032 970 4088 τοῖς
1017 4025 1258 4103 χείλεσιν
1302 4029 1493 4085 ἑαυτοῦ
1537 4033 1650 4104 (11)
1682 4033 1816 4086 ἀκα-

184 4117 388 4182 θαρσίαν
422 4115 662 4190 έπέγνω’
698 4113 784 4170 διὸ
831 4117 921 4170 καὶ
970 4117 1176 4187 ἠξιώθη
1225 4121 1326 4182 τῆς
1370 4115 1458 4173 διὰ
1498 4124 1604 4174 τῶν
1658 4140 1815 4193 σερα-

185 4203 280 4278 pip.
333 4207 664 4280 καθάρσεως.
717 4207 1021 4280 Παρατήρει
1084 4203 1161 4275 δὶ,
1207 4205 1290 4261 ὅτι
1350 4207 1449 4262 οὐκ
1496 4207 1584 4263 ἐπὶ
1641 4215 1813 4264 πᾶσαν

181 4296 360 4366 πρᾶξιν
419 4294 507 4348 καὶ
556 4291 822 4369 ἐνέργειαν
878 4293 945 4362 ἦν
1021 4293 1185 4349 αὐτοῦ
1259 4296 1326 4350 τὰ
1401 4297 1817 4372 παραπτώματα

183 4381 626 4456 κεχυμένα,ἀλλᾶ
658 4383 824 4457 μέχρι
856 4383 967 4456 (l2)
992 4381 1226 4460 χειλέων
1257 4383 1346 4439 καὶ
1379 4387 1563 4462 Λόγων
1599 4387 1817 4462 ὑπῆρχε

184 4471 336 4539 μόνον
370 4469 792 4544 συνεσταλμένα.

247 4651 368 4706 186.
401 4649 494 4704 Καὶ
541 4648 594 4704 ἐν
652 4651 723 4722 τῇ
774 4648 923 4725 χειρὶ
987 4650 1128 4726 εἶχεν
1190 4649 1448 4728 ἄνθρακα,
1480 4653 1538 4708 ’ὀν
1590 4657 1660 4729 τῇ
1711 4654 1815 4710 λα-

184 4733 290 4792 ϐίόι
365 4733 552 4795 ἔλαϐεν
632 4736 739 4792 ἀπὸ
821 4742 920 4792 105
1001 4740 1408 4816 Θυσιαστηρίου,
1467 4743 1553 4797 καὶ
1637 4742 1814 4817 ἥψατο

1943 563 2154 617 sanabo
2186 563 2696 617 illos.Sententiam
2730 563 2879 618 hanc
2909 563 3105 619 retulit
3129 565 3184 618 in
3210 566 3452 620 Actibus
3479 567 3593 621 Lu-

1945 668 2045 707 cas
2080 652 2140 705 η.
2173 653 2239 706 Et
2268 653 2466 706 missus
2487 660 2564 706 est
2588 652 2656 706 ad
2685 669 2771 708 me
2816 669 2959 706 unus
2997 669 3066 708 ex
3090 652 3398 725 seraphim.
3435 653 3592 709 Scri-

1943 747 2125 810 pturae
2151 739 2924 812 docent(VEas.6)seraphim
2950 741 3243 798 cmlestem
3273 743 3588 814 quamdam

1941 830 2214 884 virtutem
2248 830 2766 900 esse,iniquitates
2822 836 3266 902 expurgant-em,
3327 832 3419 887 cui
3454 848 3590 886 con-

1942 918 2161 973 credita
2195 919 2626 974 administratio
2659 923 2765 973 est.
2810 919 2971 974 Missi
3006 920 3187 990 igitur
3213 925 3353 975 sunt
3400 921 3586 976 admi-

1941 1007 2261 1062 nistratorii
2285 1007 2368 1061 illi
2400 1008 2643 1076 spiritus
2669 1009 2738 1062 ad
2764 1009 2992 1078 nos,qui
3017 1025 3227 1063 sumus
3257 1009 3440 1064 futuri
3473 1010 3590 1064 hm-

1940 1097 2106 1151 redes
2137 1097 2347 1152 salutis
2380 1097 2444 1151 ¹³.
2477 1098 2586 1151 Sed
2638 1113 2750 1151 non
2784 1114 2892 1152 sua
2921 1098 3288 1164 auctoritate,
3323 1103 3424 1152 aut
3479 1114 3588 1154 suo

1938 1185 2179 1240 arbitrio
2227 1186 2469 1241 veniunt
2513 1202 2628 1240 non
2660 1186 2926 1240 invisuri.
2955 1186 3180 1241 Etenim
3205 1186 3498 1258 praecipua
3527 1192 3583 1242 et

1937 1273 2225 1329 naturalis
2253 1290 2454 1329 eorum
2487 1275 2605 1328 vita
2632 1279 2742 1344 est,
2784 1273 3282 1344 pulchritudinem
3317 1275 3414 1330 Dei
3449 1291 3580 1330 cum

1935 1363 2095 1419 omni
2119 1364 2439 1418 attentione
2467 1362 3305 1434 comtemplari,eiquejugiter
3332 1363 3580 1434 gloriam

1935 1454 2092 1508 dare.
2128 1451 2472 1508 Sollicitudo
2500 1456 2695 1506 autcm
2732 1457 2790 1506 et
2818 1468 2958 1506 cura
2986 1469 3123 1523 erga
3171 1469 3276 1508 nos
3309 1453 3578 1509 homines

1935 1541 2217 1604 adhibita,
2255 1542 2474 1596 functio
2528 1541 2794 1611 quaedam
2836 1546 2924 1595 est
2976 1542 3311 1596 adventitia.
3372 1542 3578 1605 Quam-

1935 1631 2133 1686 obrem
2159 1631 2276 1684 ait:
2337 1631 2545 1685 Missus
2609 1633 2686 1684 est
2733 1629 2804 1683 ad
2860 1645 2944 1684 me
2997 1646 3139 1684 unus
3176 1646 3244 1684 ex
3270 1629 3574 1700 seraphim.

1933 1719 2178 1773 Videtur
2207 1724 2402 1772 autem
2436 1717 2881 1789 propheta,cum
2903 1717 3197 1788 seraphim
3225 1717 3574 1774 famulatum

1935 1807 2460 1880 conspexisset,qui
2499 1806 2640 1860 nihil
2673 1805 2829 1861 aliud
2865 1811 3044 1876 agunt
3075 1806 3183 1860 nisi
3213 1807 3370 1877 quod
3392 1811 3571 1862 Deum

1931 1897 2248 1968 praedicent
2269 1901 2559 1964 sanctum,
2593 1901 2732 1950 tunc
2789 1895 3272 1951 animadvertisse
3320 1895 3572 1968 impuri-

1923 1992 2103 2041 tatem
2163 1986 2337 2040 labiis
2393 1984 2517 2041 suis
2577 1984 2950 2052 insidentem,
3012 1985 3169 2055 quod
3200 1990 3257 2039 et
3285 1984 3356 2040 de
3397 1985 3571 2040 rebus

1924 2075 2198 2130 humanis
2231 2076 2419 2130 fuerat
2449 2074 2702 2140 locutus,
2735 2079 2791 2129 et
2819 2072 3010 2129 verbis
3043 2074 3111 2128 ad
3151 2073 3302 2129 5|!)
3361 2073 3568 2129 mundi

1926 2164 2102 2235 hujus
2124 2165 2442 2219 vanitatem
2465 2163 3285 2234 spectantibussaapenumero
3303 2161 3567 2234 linguam

1923 2272 2090 2310 suam
2125 2253 2485 2326 inquinaret.
2523 2254 2722 2323 itaque
2751 2252 2823 2307 ob
2882 2252 3379 2322 comparationem
3428 2268 3562 2307 cum

1923 2344 2219 2415 seraphim
2253 2342 2371 2396 illis
2410 2341 2613 2396 initam
2673 2340 3109 2414 compungitur,
3156 2340 3373 2412 quippe
3426 2342 3566 2412 quia

1923 2432 2218 2502 seraphim
2235 2430 2393 2485 aliud
2412 2429 2557 2484 nihil
2578 2429 3040 2501 loquuntur,nisi
3064 2430 3219 2500 quod
3242 2429 3568 2484 divinitatis

1924 2521 2181 2577 clamant
2209 2519 2658 2576 sanctimoniam
2694 2524 2956 2588 :contra,
2992 2519 3178 2590 ipsius
3215 2535 3416 2574 vocem
3474 2535 3566 2574 res

1921 2611 2196 2666 humanae
2229 2609 2569 2682 plerumque
2600 2612 2974 2680 occuparant.
3007 2608 3396 2674 Quamobrem
3428 2607 3574 2662 dixit

1922 2703 2122 2772 (VERS.
2153 2701 2274 2770 5.):
2307 2700 2346 2756 0
2380 2702 2545 2756 miser
2562 2716 2658 2771 ego
2688 2701 2823 2770 quia
2850 2707 3204 2769 compunctus
3233 2714 3357 2752 sum
3387 2713 3406 2752 :
3439 2698 3574 2768 quia

1923 2791 2080 2846 homo
2112 2807 2234 2844 cum
2262 2791 2394 2853 sim,
2424 2794 2476 2844 et
2498 2789 2787 2844 immunda
2818 2789 2966 2843 labia
2997 2787 3248 2852 habeam,
3283 2789 3342 2841 in
3381 2786 3569 2841 medio

1919 2879 2122 2953 populi
2162 2879 2348 2934 habito
2376 2878 2662 2934 immunda
2693 2878 2843 2933 labia
2871 2877 3143 2932 habentis.
3189 2876 3471 2930 Eumdem
3503 2874 3576 2930 ad

1923 2970 2165 3024 modum
2197 2973 2255 3024 et
2285 2969 2472 3024 Moses
2507 2985 2618 3023 non
2675 2970 2850 3024 antea
2910 2965 3276 3021 intellexerat
3331 2962 3573 3018 balbum

1924 3075 2053 3114 esse
2083 3074 2146 3113 se
2175 3062 2232 3114 et
2260 3057 2683 3128 tardiloquum:
2717 3057 2818 3127 qui
2848 3060 3045 3110 tamen
3086 3053 3248 3110 omni
3276 3053 3570 3124 ngyptio-

1925 3163 2055 3202 rum
2090 3146 2382 3218 sapientia
2415 3147 2604 3201 fuerat
2630 3146 2920 3214 eruditus,
2948 3143 3226 3214 cillosque
3257 3158 3460 3197 omnes
3482 3141 3574 3195 in-

1925 3237 2078 3308 genii
2113 3237 2376 3292 acumine
2409 3253 2474 3291 ac
2504 3232 2903 3292 intellibentia
2928 3236 3236 3304 superarat
3259 3233 3324 3285 ¹⁴.
3356 3230 3572 3285 Verum

1926 3341 2059 3380 cum
2101 3323 2323 3380 audivit
2358 3325 2534 3379 Deum
2566 3322 2802 3378 oracula
2860 3323 3152 3386 edentem,
3209 3323 3332 3372 tum
3396 3332 3567 3372 suam

1927 3413 2158 3482 agnovit
2188 3411 2596 3468 inﬁrmitatem
2630 3411 2694 3466 ¹⁶.
2729 3409 3016 3464 Abraham
3060 3423 3291 3479 quoque
3335 3404 3571 3477 quando

1925 3501 2081 3557 Deus
2112 3517 2173 3558 se
2204 3502 2256 3558 ei
2287 3501 2554 3557 exhibuit
2582 3498 3233 3571 conspiciendum,tunc
3264 3494 3574 3551 confessus

1923 3595 2159 3646 estesse
2189 3607 2252 3644 se
2282 3594 2496 3645 terram
2524 3595 2583 3643 et
2611 3588 2864 3643 cinerem
2923 3587 2986 3641 1⁸.
3020 3585 3221 3656 Itaque
3277 3587 3335 3639 et
3392 3581 3578 3638 Isaias

1928 3681 2169 3751 perinde
2201 3684 2376 3750 atque
2409 3679 2514 3748 illi,
2548 3682 2934 3748 posteaquam
2965 3673 3109 3728 vidit
3159 3673 3458 3726 sedentem
3514 3668 3576 3723 in

1928 3768 2072 3824 solio
2103 3768 2326 3824 excelso
2359 3773 2416 3822 et
2445 3765 2688 3835 elevato,
2720 3763 3086 3835 gloriamque
3140 3759 3575 3830 contemplatus

1927 3863 2016 3912 est
2045 3862 2223 3912 totam
2258 3856 2462 3911 mundi
2496 3856 2736 3909 domum
2770 3851 3273 3923 adimplentem,et
3305 3847 3402 3903 ubi
3434 3863 3572 3901 con-

1927 3945 2116 4017 spexit
2145 3944 2440 4015 seraphim
2475 3944 2533 3997 in
2567 3941 2758 3997 throni
2782 3941 3026 3994 circuitu
3060 3937 3222 3992 illam
3276 3951 3446 3990 suam
3477 3950 3572 3987 vo-

1926 4051 2048 4090 cem
2083 4051 2216 4090 cum
2250 4039 2502 4089 tremore
2523 4031 3028 4095 emittentes,tunc
3058 4025 3258 4097 seipse
3289 4024 3571 4078 miserum

1924 4123 2386 4196 appellavit,tum
2417 4122 2706 4177 labiorum
2736 4134 2977 4175 suorum
3011 4114 3282 4188 cognovit
3322 4109 3569 4182 impuri-

1926 4219 2126 4282 tatem,
2167 4228 2350 4284 eoque
2417 4211 2656 4265 habitus
2688 4207 3032 4278 estdignus,
3055 4203 3153 4274 qui
3183 4220 3217 4258 a
3271 4197 3569 4270 seraphim

1924 4306 2293 4374 purgaretur.
2328 4299 2581 4356 Observa
2607 4303 2824 4362 autem,
2856 4296 2985 4364 ejus
3016 4292 3230 4348 delicta
3260 4291 3331 4345 ad
3363 4304 3569 4360 quam-

1923 4389 2067 4446 libet
2117 4391 2405 4446 actionem
2463 4393 2519 4444 st
2591 4386 2986 4458 operationem
3038 4394 3412 4453 nequaquam
3444 4391 3573 4432 sese

1924 4479 2278 4550 extendisse,
2301 4478 2403 4533 sed
2434 4475 2724 4532 labiorum
2757 4479 2930 4529 tenus
2961 4474 3019 4528 et
3047 4483 3386 4527 sermonum
3415 4467 3572 4522 dun-

1843 4583 1890 4648 Ι)
1925 4573 2082 4623 taxat
2110 4568 2462 4624 constitisse.

1997 4657 2120 4711 186.
2153 4656 2328 4710 Vsus.
2361 4655 2416 4723 6,
2447 4655 2501 4709 7.
2536 4655 2600 4708 Et
2630 4653 2691 4708 in
2745 4666 2917 4706 manu
2974 4647 3203 4704 habebat
3257 4647 3569 4713 carbonem,

1876 4773 1884 4782 -
1927 4761 2094 4818 quam
2151 4746 2366 4817 forcipe
2415 4743 2619 4799 tulerat
2663 4745 2727 4797 de
2754 4740 2950 4810 altari,
2981 4743 3035 4793 et
3065 4737 3244 4808 tetigit
3272 4751 3332 4791 os
3360 4749 3570 4790 meum.

247 4910 293 4946 ⁸³
331 4915 450 4967 Act.
487 4927 686 4982 xxvm,
726 4910 818 4980 26,
857 4911 948 4967 28.
1029 4912 1074 4950 ¹⁸
1112 4912 1285 4970 Hebr.
1326 4930 1366 4986 ι,
1410 4914 1497 4969 14.
1577 4915 1623 4951 ¹⁴
1660 4915 1788 4987 Act,

1958 4916 2053 4972 22.
2133 4915 2176 4952 ιδ
2215 4914 2390 4988 Eyod.
2430 4929 2507 4984 1v,
2551 4913 2636 4968 10.
2713 4913 2752 4950 ιδ
2792 4912 2932 4968 Gen.
2975 4927 3135 4981 xvm,
3174 4908 3264 4964 2'7.

256 5084 326 5151 {8)
353 5085 438 5159 ita
466 5101 561 5139 sex
595 5101 763 5159 mss_._
800 5089 874 5139 At
904 5084 1068 5153 editi,
1127 5083 1526 5159 ἱπιστρὲψουσι.
1583 5089 1804 5144 Ibidem

190 5154 1220 5232 DOSIFl-§§x_m_§§,,‘ld00tlt1t,50120130;
1256 5154 1369 5215 nec
1388 5159 1556 5216 aliter
1593 5159 1808 5232 legitur

187 5227 331 5290 apud
364 5226 518 5284 LXX.
550 5227 704 5282 Editi
737 5226 868 5283 vero
891 5235 946 5283 et
973 5231 1246 5288 Actorum
1291 5232 1554 5288 Graecum
1613 5226 1804 5288 exem-

185 5299 328 5370 plar,
355 5299 435 5350 καὶ
463 5298 723 5370 iactuum,
757 5308 810 5355 et
836 5317 1026 5356 sanem
1065 5317 1170 5358 eos.

254 5367 517 5448 .Editi,
544 5367 899 5448 xaeapnxﬂv:
933 5378 1002 5428 At
1032 5390 1133 5428 sex
1158 5374 1660 5448 _mss._xaeap1tx1ﬁ.

252 5439 358 5511 (10)
387 5442 521 5519 ﬂag.
557 5439 839 5519 quartus,
869 5440 1192 5519 ἐπιστροφή.
1227 5439 1634 5519 aliiquinque
1658 5461 1800 5502 mss.

187 5523 314 5564 eum
343 5513 520 5580 editis,
552 5513 784 5598 στροφῇ.
825 5521 884 5571 et
912 5516 996 5572 ita
1029 5513 1273 5644 quoque
1302 5513 1549 5574 editum~
1576 5517 1803 5573 inveni-

188 5594 315 5636 mus
339 5587 478 5644 apud
502 5590 1012 5644 Procomummaa.
1079 5590 1169 5644 00.
1211 5589 1329 5644 Hoc
1355 5595 1445 5644 est
1474 5606 1487 5644 :
1534 5587 1668 5644 Cum
1695 5607 1802 5644 au-

188 5594 315 5659 ρυλε
339 5587 478 5654 apud
502 5587 1012 5659 Procopium,pag.
1048 5587 1192 5645 10οῘ
1211 5589 1329 5645 Ηοο
1355 5595 1445 5645 est
1474 5606 1487 5644 :
1534 5587 1668 5644 Cum
1695 5607 1802 5645 au-

186 5653 291 5706 tem
316 5653 710 5714 convertuntur'
746 5657 836 5714 illi
857 5653 1106 5731 'ipiritu:
1157 5661 1226 5717 ad
1253 5676 1373 5732 nos,
1398 5661 1678 5732 nostrique
1706 5677 1801 5717 cu-

1914 5106 2035 5144 ram
2068 5090 2392 5159 :usczpiunt,
2417 5089 2550 5159 tunc
2579 5085 2887 5159 ardventitio
2918 5084 3148 5159 quodam
3181 5097 3408 5137 munere
3435 5095 3564 5151 per-

1912 5157 2240 5232 funguntur.
2277 5162 2460 5224 Quam
2493 5157 2801 5232 lectionem
2834 5157 3009 5226 recipi
3035 5174 3203 5232 posse
3235 5171 3350 5232 non
3386 5168 3559 5232 nega-

1916 5222 2049 5288 mus
2099 5222 2336 5304 quidem
2374 5246 2386 5284 ε
2444 5231 2552 5304 sed
2597 5229 2738 5304 quin
2773 5222 3004 5298 praestet
3035 5222 3179 5304 legi,
3237 5222 3557 5304 ἐπιστροφή,

1917 5322 2030 5360 non
2061 5291 2481 5360 dubitavimus.
2507 5291 2652 5354 Nam
2688 5291 2809 5354 haec
2830 5316 3016 5366 voces,
3041 5291 3338 5373 ἐπῖστροφή
3371 5291 3428 5349 et
3446 5291 3557 5346 ἔπιέ
3585 5316 3589 5318 γ

1918 5375 2378 5447 μὲλειαηοριὶ-ιηθ
2409 5375 2564 5427 inter
2585 5389 2643 5447 se
2677 5373 3136 5447 conjungu_ntur;
3173 5385 3362 5436 voces,
3394 5382 3554 5438 στρο-

1915 5443 2000 5524 φήΔ
2020 5454 2078 5524 et
2132 5443 2438 5524 ἐπιμέλεια,
2460 5444 2687 5524 Πορηὶίξι
2719 5443 3042 5524 commode,

1983 5521 2094 5590 (11)
2129 5513 2370 5590 Antiqui
2403 5513 2701 5590 t'res_libri,
2735 5513 2918 5590 αὐτοῦ.

1983 5538 2067 5590 (11
2129 5538 2370 5590 anuqm
2403 5538 2523 5571 tres
2546 5538 2701 5580 non,
2735 5538 2918 5569 αυτου.

1982 5538 2097 5715 ξὲῆ
2117 5591 2302 5715 ἓξὲξ,
2339 5583 2492 5661 μετά.
2521 5586 2776 5658 Uterque
2797 5583 3050 5644 Combef.
3088 5586 3145 5641 et
3173 5580 3270 5638 alii
3301 5581 3554 5651 quatuor

1911 5678 2081 5720 mss..
2116 5678 2302 5736 μεχρι.
