4048 6220
374 377 376 379 ’
419 358 537 418 435

1355 356 1751 418 APPENDIX
1795 355 2124 420 OPERUM
2166 357 2232 417 S.
2281 356 2564 418 BASILll
2612 358 2884 419 MAGNI.

3707 346 3842 406 436

427 490 590 556 Quod
622 489 858 560 quidem
909 489 977 544 ad
1010 489 1253 544 verbum
1311 488 1541 553 attinet,
1599 489 1828 545 videtur
1865 505 2056 545 sermo

2178 489 2272 540 τοῦ
2332 486 2600 559 στόματός
2663 509 2788 560 μου.
2823 489 3008 542 ’Έοικε
3061 485 3176 559 μὶν,
3210 485 3285 546 ὡς
3327 481 3463 557 πρὸς
3519 479 3584 533 τὸ
3641 475 3843 569 ῥητὸνε

419 595 548 634 esse
578 579 648 634 de
679 577 884 651 templi
929 577 1197 643 altari,ex
1228 595 1341 648 quo
1365 579 1660 650 serapbim
1695 579 1918 650 accepit
1948 596 2069 633 car-

421 666 630 722 bonem
663 669 727 724 in
759 685 923 724 suam
959 684 1199 721 manum
1233 669 1306 722 ab
1339 667 1505 722 altari
1541 667 2012 722 holocaustorum
2050 682 2064 721 :

421 760 480 809 at
501 757 827 810 secundum
859 755 1183 820 veritatem,
1212 761 1517 826 propterea
1549 756 1701 824 quod
1735 755 1928 809 cultus
1959 754 2067 809 Ju-

421 843 626 899 daicus
657 843 900 914 imagini
931 850 989 899 et
1020 845 1240 898 umbrae
1299 842 1623 898 caelestium
1675 843 2065 914 exprimendae

423 931 796 1002 subserviret,
822 931 1051 987 omleste
1083 933 1378 1004 quoddam
1413 931 1592 987 altare
1622 931 2067 1003 intelligendum

423 1023 550 1087 est;
583 1019 691 1075 hoc
735 1025 844 1088 est,
904 1020 1066 1076 locus
1110 1021 1502 1092 expurgandis
1544 1020 1758 1076 animis
1796 1021 2066 1086 idoneus,

424 1109 580 1164 unde
611 1109 768 1180 ignis
790 1109 1170 1181 illepurgans
1192 1111 1264 1165 ad
1303 1109 1548 1164 virtutes
1580 1109 1711 1164 illas
1761 1109 2072 1164 sanctitate

422 1196 690 1267 przsdilas
721 1197 1026 1253 emittitur.
1065 1198 1190 1253 Tali
1229 1197 1361 1270 igne
1394 1215 1492 1253 cor
1550 1196 1812 1269 Cleophae
1872 1201 1930 1252 et
1974 1197 2066 1250 Si-

421 1286 612 1341 monis
643 1286 1050 1351 incalescebat,
1083 1286 1329 1342 Domino
1384 1286 1468 1340 eis
1513 1286 1884 1357 adaperiente
1911 1285 2065 1340 Sari-

419 1376 718 1445 pturas”.
751 1378 859 1430 Cor
881 1391 1085 1430 eorum
1137 1375 1236 1445 qui
1295 1373 1508 1446 spiritu
1570 1375 1810 1439 ferveni,
1861 1374 2066 1443 hujus-

422 1462 578 1516 modi
608 1461 730 1534 igni
761 1462 1385 1518 incenditur.Similem
1452 1462 1643 1533 ignem
1700 1461 1924 1533 accepit
1977 1465 2067 1516 Je-

419 1550 653 1614 remias,
676 1550 925 1622 ideoque
980 1551 1254 1606 dicebat:
1317 1554 1381 1605 Et
1439 1555 1616 1620 [actus
1672 1559 1749 1605 est
1803 1551 1948 1619 ignis
2007 1552 2066 1605 in

416 1642 720 1698 visceribus
779 1643 937 1707 meis,
999 1651 1049 1697 et
1115 1643 1412 1697 dissolutus
1487 1659 1611 1697 sum
1675 1643 1914 1714 undique
1998 1643 2061 1696 ‘3.

421 1729 673 1784 Multum
708 1735 901 1785 autem
935 1730 1171 1785 honoris
1217 1747 1284 1785 ac
1315 1729 1645 1784 reverentiae
1694 1729 1864 1784 altari
1929 1729 2064 1783 huic

421 1817 680 1918 exhiberi
711 1836 776 1874 ex
817 1835 882 1874 eo
913 1819 1186 1920 ostepdit,
1222 1819 1376 1890 quod
1409 1818 1553 1920 illud
1586 1835 1695 1874 sua
1722 1817 1911 1920 ipsius
1944 1835 2063 1918 ma-
2091 1852 2142 1920 Β

420 1924 498 1962 nu
531 1907 816 1979 attingere
874 1907 1167 1980 serapbim
1223 1925 1336 1963 non
1397 1907 1627 1973 audeat,
1687 1909 1788 1962 sed
1847 1907 2063 1978 forcipe

422 1997 594 2067 quasi
626 1995 814 2051 medio
846 1996 1121 2067 quopiam
1170 1995 1564 2051 instrumento
1599 2001 1815 2051 utatur.
1863 1999 2062 2066 Itaque

419 2085 732 2139 carbonem
755 2083 1157 2155 intelligamus
1178 2100 1506 2139 sermonem
1531 2085 1858 2154 verum,qui
1881 2083 2062 2154 ignito

419 2174 675 2243 quodam
702 2179 758 2229 et
783 2172 1180 2244 objurgatorio
1214 2173 1387 2229 modo
1421 2171 1792 2227 mendacium
1852 2188 2060 2242 expur-

417 2267 515 2333 get
543 2277 768 2328 eorum,
801 2263 1016 2334 quibus
1050 2264 1122 2318 ab
1153 2262 1256 2317 illa
1284 2263 1500 2317 virtute
1530 2263 1793 2317 studiose
1823 2279 1888 2316 ac
1915 2266 2060 2316 stre-

416 2365 532 2405 nue
559 2367 791 2422 operam
823 2367 994 2406 suam
1055 2351 1229 2406 danle
1282 2349 1497 2406 allatus
1557 2354 1665 2406 est.
1727 2350 2058 2405 Putandum

415 2454 672 2511 namque
703 2444 793 2495 est
823 2439 1115 2510 serapbim
1144 2456 1382 2495 manum
1446 2455 1549 2511 pro
1586 2438 1858 2494 facultate
1911 2439 2063 2493 bona

420 2528 835 2599 suppeditante
860 2528 1262 2599 accipiendam
1294 2545 1443 2584 esse.
1479 2530 1546 2583 Et
1567 2527 1711 2582 dixit
1739 2527 1932 2596 (Vsas.
1965 2529 2057 2594 7):

419 2615 552 2671 Ecce
580 2619 761 2688 tetigit
781 2616 884 2671 hoc
919 2616 1074 2672 labia
1102 2621 1220 2685 tua,
1251 2627 1304 2672 et
1323 2619 1535 2685 auferet
1572 2619 1888 2688 iniquitates
1918 2626 2059 2672 tuas.

415 2712 467 2760 et
493 2711 711 2777 peccata
742 2711 840 2762 tua
891 2707 1280 2778 perpurgabit.
1332 2706 1560 2761 Dictum
1590 2706 1647 2760 id
1674 2705 1856 2760 fuisse
1907 2704 2062 2760 Isaiae

416 2794 566 2851 517
603 2794 710 2850 soli
739 2795 1200 2851 existimandum
1235 2812 1349 2850 non
1384 2801 1494 2861 est,
1528 2796 1626 2850 sed
1661 2799 1718 2848 et
1765 2794 2058 2861 omnibus,

416 2899 564 2955 quos
612 2883 799 2956 tangit
838 2883 1060 2956 ignitus
1092 2900 1157 2938 ac
1184 2900 1358 2939 verus
1390 2899 1604 2948 sermo,
1660 2881 1761 2953 qui
1823 2899 2061 2951 prorsus

415 2974 608 3028 abolet
637 2991 764 3045 quae
794 2973 1248 3028 committuntur
1279 2977 1488 3044 printer
1536 2972 1793 3026 divinam
1851 2971 2059 3042 legem,

413 3067 588 3133 atque
622 3069 856 3135 peccata
884 3062 1578 3134 expurgat.Excipiamus
1609 3067 1804 3115 autem
1838 3065 1896 3114 et
1954 3077 2060 3115 nos

412 3149 593 3205 divini
622 3150 793 3207 Verbi
826 3151 1162 3214 adventum,
1198 3154 1263 3203 ut
1293 3151 1348 3204 in
1373 3165 1470 3204 ore
1503 3155 1702 3204 nostro
1751 3147 1909 3202 velut
1966 3148 2053 3202 in-

2175 575 2298 650 περὶ
2327 580 2424 630 τοῦ
2455 576 2506 631 ἐν
2536 581 2615 648 τῷ
2665 582 2781 648 ναῷ
2831 575 3220 647 θυσιαστηρίου
3265 573 3292 626 6
3334 571 3500 645 λόγος
3552 567 3706 634 εἶναι,
3741 567 3819 642 ἀφ

2176 664 2237 718 οὗ
2267 659 2430 719 ἔλαϐε
2460 665 2521 718 τὸ
2557 665 2821 742 σεραφεῗμ
2852 665 2926 726 εἰς
2983 665 3082 732 τήν
3125 667 3287 738 χεῖρα
3335 661 3525 714 ἑαυτοῦ
3573 656 3678 710 ἀπὸ
3731 658 3841 708 τοῦ

2177 753 2558 828 θυσιαστηρίου
2610 759 2718 808 τῶν
2779 753 3267 828 όλοκαρπωμάτων
3322 747 3584 822 ἄνθρακα·
3636 745 3709 804 ὡς
3771 740 3840 796 δὶ

2175 843 2310 917 πρὸς
2339 843 2437 910 τήν
2497 843 2782 914 ἀλήθειαν,
2815 841 2903 898 διὰ
2958 844 3020 896 τὸ
3075 837 3512 910 τήνἸουδαϊκήν
3573 834 3835 908 λατρείαν

2179 928 2533 1007 ὑποδείγματι
2607 931 2696 986 καὶ
2772 937 2896 1002 σκιᾷ
2969 935 3077 986 τῶν
3145 927 3471 1002 ἐπουρανίων
3529 922 3837 999 λατρεύειν,

2175 1019 2491 1096 ἐπουράνιόν
2519 1043 2569 1076 τι
2623 1023 2735 1098 χρή
2788 1028 2930 1077 νοεῖν
2971 1023 3380 1095 θυσιαστήριον·
3412 1015 3676 1077 τουτέστι,
3707 1033 3836 1089 χω-

2176 1109 2288 1182 ρίον
2323 1115 2664 1184 καθαρισμοῦ
2695 1115 2914 1185 ψυχῶν,
2951 1112 3071 1173 ὅθεν
3120 1107 3453 1181 ἐκπέμπεται
3502 1108 3622 1164 ταῖς
3671 1104 3836 1177 ἁγια-

2177 1197 2425 1271 ζομέναις
2461 1197 2717 1272 δυνάμεσι
2767 1201 2830 1254 τὸ
2875 1199 3167 1274 καθάρσιον
3219 1201 3348 1272 πῦρ.
3396 1192 3638 1264 Τοιούτῳ
3693 1191 3836 1265 πυρὶ

2173 1287 2394 1342 Κλεόπα
2469 1288 2558 1342 καὶ
2639 1288 2890 1361 Σίμωνος
2950 1287 3158 1342 ἐκαίετο
3225 1287 3331 1357 (13)
3381 1286 3415 1353 ἡ
3465 1278 3678 1356 καρδία,
3733 1278 3834 1332 ὅτε

2175 1372 2448 1450 διήνοιγεν
2477 1377 2663 1438 αὐτοῖς
2695 1378 2722 1430 6
2764 1377 2963 1452 Κύριος
2989 1376 3086 1439 τὰς
3137 1373 3364 1452 Γραφάς.
3396 1370 3639 1442 Τοιούτῳ
3699 1380 3836 1442 θερ-

2177 1463 2456 1536 μαίνονται
2489 1464 2618 1540 πυρὶ
2646 1466 2744 1533 τήν
2777 1462 3002 1541 καρδίαν
3049 1464 3100 1518 οἱ
3147 1467 3227 1535 τῷ
3276 1459 3542 1533 πνεύματι
3592 1459 3830 1526 ζέοντες.

2173 1555 2433 1609 Τοιοῦτον
2492 1549 2655 1608 ἔλαϐε
2712 1558 2818 1628 πῦρ
2881 1553 3161 1626 ἰερεμίαςο
3217 1549 3302 1605 διὸ
3353 1549 3443 1604 καὶ
3501 1545 3686 1620 ἔλεγε·
3721 1546 3834 1600 Καὶ

2175 1640 2380 1718 ἐγένετο
2438 1647 2542 1716 πῦρ
2600 1643 2652 1696 ἐν
2707 1647 2825 1704 τοῖς
2903 1641 3152 1717 ἐγκάτοις
3227 1660 3352 1713 μου,
3411 1637 3501 1692 καὶ
3558 1640 3833 1708 παρεῖμαι

2172 1732 2456 1788 πάντοθεν.
2501 1730 2784 1804 Ἐμφαίνει
2847 1729 2905 1786 δὲ
2955 1729 3178 1798 πολλὴν
3253 1729 3350 1796 τὴν
3431 1725 3555 1800 περὶ
3610 1725 3673 1778 τὸ
3729 1725 3836 1776 θυ-

2173 1821 2485 1891 σιαστήριον
2514 1822 2684 1892 τιμῆν
2740 1821 2831 1875 καὶ
2891 1814 3169 1887 εύλά6;ιαν
3225 1815 3286 1872 τό
3349 1817 3423 1890 μὴ
3483 1818 3834 1888 καταθαρσῆ-

2174 1929 2258 1962 σαι
2283 1912 2351 1981 τῇ
2385 1905 2493 1979 ἰδίᾳ
2518 1910 2663 1983 χειρὶ
2718 1907 3020 1986 ἐφάψασθαι
3068 1907 3132 1962 τὸ
3177 1905 3466 1982 σερασρεὶμ,
3500 1902 3622 1958 ἀλλ’
3655 1901 3830 1956 οἱονεὶ

2174 1997 2367 2070 μεσίτῃ
2401 1998 2503 2050 τινὶ
2535 2000 2840 2071 χρήσασθαι
2871 2001 2940 2070 τῇ
2989 1993 3195 2052 λαϐίδι.
3229 1997 3532 2067 Νοήσωμεν
3571 1990 3662 2046 οὖν
3723 1987 3825 2044 ἂν·

2173 2088 2342 2161 θρακα
2368 2084 2529 2160 λόγον
2563 2084 2766 2156 ἀληθῆ,
2801 2083 3077 2161 διαπύρως
3108 2085 3197 2140 καὶ
3246 2083 3573 2158 ἐλεγκτικῶς
3624 2081 3826 2143 καθαί-

2172 2193 2334 2248 ροντα
2389 2177 2501 2249 (14)
2553 2175 2616 2230 τὸ
2673 2171 2892 2248 ψεῦδος
2929 2177 3010 2236 οἷς
3072 2173 3131 2228 ἂν
3178 2174 3284 2228 ἀπὸ
3341 2179 3440 2240 τῆς
3491 2168 3825 2246 δραστηρίου

2173 2260 2452 2336 δυνάμεως
2489 2265 2853 2339 προσενεχθῇ.
2888 2263 2998 2331 Τὴν
3049 2263 3153 2339 γὰρ
3204 2266 3365 2336 χεῖρα
3409 2264 3507 2314 τοῦ
3554 2258 3827 2333 σεραφεὶμ

2173 2351 2441 2426 ἐνέργειαν
2491 2353 2604 2428 χρή
2669 2357 2810 2407 νοεῖν
2871 2351 3087 2426 ἀγαθῶν
3156 2350 3488 2426 παρεκτικήν
3531 2350 3662 2421 (15).
3710 2346 3825 2402 Καὶ

2172 2441 2355 2496 εἶπεν
2410 2437 2548 2498 Ἰδοὺ
2622 2439 2800 2514 ἥψατο
2873 2443 3034 2495 τοῦτο
3105 2445 3212 2494 τῶν
3265 2435 3498 2514 χειλέων
3552 2457 3669 2503 σου,
3728 2435 3828 2490 καὶ

2171 2529 2362 2596 ἀφελεῖ
2415 2530 2511 2594 τὰς
2582 2529 2811 2602 ἀνομίας
2869 2549 2984 2596 σου,
3052 2530 3140 2582 καὶ
3223 2529 3318 2589 τὰς
3391 2525 3655 2601 ἁμαρτίας
3722 2544 3827 2579 σου

2170 2620 2565 2693 περικαθαριεῖ.
2612 2616 2683 2672 Οὐ
2733 2619 2867 2694 πρὸς
2918 2617 3083 2690 μόνον
3133 2614 3350 2671 Ἠσαίαν
3403 2613 3687 2687 νομιστὲον
3743 2611 3828 2666 εί-

2173 2709 2387 2779 ρῆσθαι,
2442 2705 2587 2762 ἀλλὰ
2640 2705 2729 2762 καὶ
2808 2707 2944 2781 πρὸς
2999 2704 3224 2773 πάντας,
3278 2706 3350 2758 ὢν
3403 2702 3726 2767 καθάπτεται
3791 2702 3822 2755 ὁ

2172 2793 2433 2871 διάπυρος
2485 2797 2573 2850 καὶ
2630 2795 2844 2866 ἂληθής
2902 2795 3088 2871 λόγος,
3121 2798 3416 2868 περιαιρῶν
3449 2795 3562 2865 (16)
3597 2791 3667 2845 τὰ
3712 2784 3822 2859 ἔξω

2167 2889 2264 2939 τοῦ
2295 2883 2436 2938 θείου
2466 2884 2639 2956 νόμου
2692 2882 3108 2956 ἐπιτελούμενα,
3140 2882 3232 2937 καὶ
3291 2880 3350 2936 ἐκ
3399 2885 3505 2936 τῶν
3564 2881 3820 2955 ἁμαρτη-

2167 2977 2333 3035 τικῶς
2410 2976 2796 3049 πραττομένων
2874 2977 3171 3048 καθαιρῶν.
3232 2969 3514 3044 Δεεώμεθα
3588 2966 3645 3022 δὲ
3719 2967 3822 3022 καὶ

2168 3065 2330 3136 ἡμεῖς
2364 3061 2508 3116 θείου
2568 3063 2749 3137 Λόγου
2808 3059 3130 3134 ἐπιδημίαν,
3157 3059 3250 3115 ’ίνα
3307 3059 3476 3114 οἶόνεὶ
3533 3057 3824 3133 ἐγκαθεζόο

2173 3172 2331 3223 μενος
2363 3157 2479 3212 τοῖς
2519 3153 2778 3223 στόμασιν
2810 3153 2996 3224 ἡμῶν,
3027 3150 3115 3205 καὶ
3149 3145 3417 3222 μηδεμίαν
3451 3148 3640 3223 χώραν
3671 3166 3826 3221 παρ-

412 3239 631 3305 sidens,
666 3239 981 3309 locumque
1013 3237 1242 3293 nullum
1279 3238 1584 3292 mendacio
1626 3238 1912 3308 praebens,
1953 3253 2052 3291 ex-

2178 3222 2312 3314 ίχων
2363 3244 2442 3311 τῷ
2491 3222 2697 3314 ψεύδει,
2755 3222 3020 3314 καθαρίσῃ
3088 3242 3249 3312 ἡμῶν
3331 3237 3398 3293 τὰ
3470 3222 3659 3312 χείλη,
3723 3235 3823 3290 καὶ

417 3334 629 3398 purget
659 3327 813 3382 labia
845 3331 1065 3392 nostra,
1101 3332 1156 3380 et
1187 3329 1410 3381 auferat
1438 3325 1777 3396 iniquitates
1808 3331 2054 3380 nostras.

421 3415 772 3470 Incredibile
807 3420 1001 3470 autem
1038 3431 1150 3469 non
1184 3421 1270 3470 est
1301 3415 1611 3470 carbonem
1657 3415 1713 3468 in
1763 3415 1918 3469 verbi
1953 3431 2058 3468 na-

411 3507 602 3559 turam
636 3507 926 3558 mutatum
958 3502 1049 3572 iri,
1073 3504 1245 3575 juxta
1275 3503 1674 3558 testimonium
1712 3501 1923 3574 psalmi
1971 3503 2056 3556 di-

411 3592 598 3648 centis
631 3608 644 3647 :
680 3594 922 3663 Ignitum
952 3593 1234 3663 eloquium
1261 3595 1418 3647 tuum
1467 3593 1830 3660 vehementer,
1853 3595 1904 3647 et
1939 3607 2056 3648 ser-

409 3697 509 3736 vus
529 3686 656 3736 tuus
685 3681 880 3736 dilexit
912 3682 1063 3736 illud
1106 3682 1167 3735 ¹⁹.

485 3771 608 3826 187.
643 3771 810 3827 Vsas.
842 3771 896 3825 8.
939 3772 1002 3825 Et
1058 3770 1246 3825 audici
1294 3785 1471 3826 vocem
1519 3771 1740 3826 Domini
1784 3771 2053 3826 dicentis:

411 3861 578 3930 Quem
633 3861 852 3914 mittam
907 3867 958 3915 et
1014 3861 1137 3930 quis
1169 3859 1269 3914 ibit
1298 3861 1372 3914 ad
1407 3859 1674 3931 populum
1741 3860 1942 3914 hunc?
1991 3863 2057 3914 Et

2170 3326 2345 3405 ἀφέλῃ
2383 3332 2493 3402 (17)
2526 3330 2619 3391 τὰς
2669 3328 2933 3404 ἁμαρτίας
2989 3331 3171 3401 ἡμῶν.
3207 3327 3324 3384 Οὐκ
3366 3327 3641 3386 ἀπιθάνως
3700 3321 3759 3378 δὲ
3792 3327 3822 3379 ὁ

2171 3415 2361 3489 ἄνθραξ
2411 3417 2488 3481 εἷς
2543 3419 2641 3486 τὴν
2699 3421 2795 3471 τοῦ
2856 3413 3024 3493 λόγου
3087 3417 3244 3492 φύσιν
3310 3412 3820 3488 μεταληφθήσεται,

2168 3507 2303 3560 κατὰ
2355 3508 2452 3575 τήν
2512 3511 2609 3561 τοῦ
2667 3505 2890 3580 ψαλμοῦ
2943 3504 3261 3582 μαρτυρίαν,
3296 3504 3573 3579 λὲγοντος·
3635 3503 3822 3559 Ile-itu-

2169 3597 2412 3669 ρωμένον
2471 3596 2533 3650 τὸ
2587 3594 2771 3670 λόγιόν
2830 3615 2926 3650 σου
2984 3591 3212 3673 σφόδρα,
3244 3592 3336 3648 καὶ
3384 3595 3412 3647 6
3461 3589 3660 3654 δοῦλός
3716 3611 3822 3645 σου

2166 3683 2442 3757 ἠγάπησεν
2479 3687 2592 3756 (18)
2623 3683 2775 3740 αὐτό.

2241 3772 2360 3826 187.
2400 3771 2501 3826 Καὶ
2567 3767 2774 3839 ἤκουσα
2831 3777 3018 3848 φωνῆς
3077 3769 3276 3846 Κυρίου
3337 3768 3628 3844 λέγοντος·
3685 3765 3819 3821 Τίνα

2167 3858 2515 3926 ἀποστείλω,
2573 3859 2662 3913 καὶ
2734 3858 2814 3920 τίς
2909 3859 3226 3934 πορεύσεται
3300 3859 3436 3932 πρὸς
3505 3859 3598 3912 τὸν
3671 3853 3813 3910 λαὸν

407 3950 530 4005 dixi
560 3965 573 4005 :
607 3949 742 4004 Ecce
770 3964 865 4020 ego
891 3965 1034 4016 sum,
1065 3949 1215 4003 mitte
1245 3964 1348 4003 me.
1372 3948 1557 4012 Quaeri
1579 3949 1716 4020 jure
1749 3965 1814 4004 ac
1847 3947 2054 4004 merito

2178 3952 2392 4016 εοῦτον;
2446 3947 2541 4001 Καὶ
2602 3947 2777 4002 εἶπον·
2816 3945 2939 4003 Ιδού
2996 3947 3108 4021 εἷ’μι
3168 3947 3298 4022 ἐγὼ,
3333 3945 3650 4002 ἀπόστειλόν
3715 3965 3812 4016 με.

406 4042 619 4111 potest,
652 4055 757 4094 cur
791 4039 1018 4110 Moyses
1053 4037 1273 4092 missus
1306 4037 1670 4108 deprecetur,
1721 4043 1779 4093 et
1808 4054 1914 4093 cur
1966 4037 2055 4093 le-

403 4129 637 4201 gatione
667 4131 934 4182 recusata
957 4125 1276 4198 plurimum
1311 4125 1586 4180 reclamet
1616 4143 1635 4181 :
1687 4129 1867 4181 Isaias
1915 4143 2048 4182 vero

402 4222 568 4273 tanta
599 4233 730 4271 cum
765 4215 1060 4271 alacritate
1093 4229 1222 4269 sese
1251 4213 1474 4268 offerat.
1511 4214 1738 4286 Moyses
1765 4214 1919 4269 enim
1955 4232 2047 4272 ne-

2166 4037 2454 4105 Ζητήσεως
2495 4033 2662 4105 ἄξιον,
2713 4036 2765 4089 τί
2828 4032 3032 4104 δήποτε
3080 4042 3283 4103 Μωσῆς
3320 4037 3412 4107 μὲν
3471 4039 3818 4109 παραιτεῖται

2165 4124 2543 4197 πεμπόμενος,
2573 4125 2664 4178 καὶ
2697 4123 2782 4178 ἐπὶ
2815 4123 3072 4179 πλεῖστον
3127 4123 3473 4198 ἀπομάχεται
3531 4125 3630 4192 τήν
3681 4123 3821 4178 ἀπο-

2159 4212 2359 4282 στολὴν
2410 4212 2866 4290 παραιτούμενος’
2900 4211 3126 4275 Ἡσαΐας
3187 4209 3243 4268 δὲ
3299 4212 3441 4268 οὕτω
3498 4212 3823 4288 προχείρως

401 4321 698 4376 quaquam
759 4304 1174 4376 interrogatur,
1237 4302 1401 4370 Quem
1434 4302 1708 4358 mittam?
1766 4304 1868 4358 sed
1929 4304 2048 4375 ipse

2178 4303 2343 4356 αυτὸν
2401 4299 2705 4360 ἐπιδίδωσι.
2755 4303 2965 4370 Μωσῆς
3026 4302 3119 4375 μὶν
3174 4302 3275 4376 γὰρ
3336 4300 3461 4376 οὐχὶ
3523 4299 3819 4376 ἐρωτᾶται,

400 4393 461 4448 in
499 4392 736 4464 propria
763 4409 1014 4464 persona
1037 4392 1252 4464 excipit
1295 4393 1639 4447 mandatum
1677 4408 1689 4446 :
1750 4393 1812 4447 Et
1878 4410 2046 4460 nunc,

403 4479 613 4552 inquit,
670 4482 796 4537 veni
853 4497 868 4536 :
925 4483 1144 4536 mittam
1195 4488 1244 4536 te
1300 4479 1371 4535 ad
1419 4481 1761 4536 Pharaonem
1791 4483 1851 4536 in
1879 4482 2047 4554 Αἰαν-

2159 4392 2296 4447 Τίνα
2325 4389 2634 4446 ἀποστείλω
2661 4410 2673 4458 ;
2707 4387 2833 4445 ἀλλ’
2863 4388 3021 4451 αὐτὸς
3053 4389 3130 4454 εἷς
3161 4389 3451 4466 πρόσωπον
3501 4386 3716 4464 δέχεται
3749 4391 3820 4445 τὸ

2159 4478 2473 4556 ἐπίταγμα·
2537 4477 2640 4536 Καὶ
2725 4482 2836 4546 νῦν,
2899 4477 3054 4555 φησὶ,
3117 4476 3322 4555 δεῦρο·
3381 4478 3688 4534 ἀποστείλω
3759 4501 3822 4534 σε

398 4578 554 4643 ptum
605 4573 659 4626 et
713 4569 904 4626 educes
963 4570 1228 4642 populum
1309 4585 1491 4624 meum
1577 4569 1720 4640 ﬁlios
1780 4571 1954 4625 Israel
1982 4571 2048 4627 de

2178 4568 2296 4642 πρὸς
2350 4568 2552 4644 Φαραὼ
2637 4567 2712 4632 εἲς
2788 4565 3063 4642 Α’ίγυπτον
3127 4569 3260 4642 (19),
3319 4567 3408 4622 καὶ
3466 4565 3662 4640 ἐξάξεις
3712 4568 3816 4623 τὸν

441 4724 520 4767 ι¹⁷
543 4728 677 4780 Luc.
707 4740 860 4792 xxxv,
902 4723 991 4778 32.
1070 4723 1112 4758 ¹⁸
1149 4723 1366 4780 Jerem.
1399 4740 1492 4789 xx,
1530 4723 1584 4778 9.
1664 4723 1708 4759 ¹⁹
1749 4723 1900 4779 Psal.
1935 4740 2074 4780 cxvn

2178 4725 2286 4788 .40.

478 4877 590 4951 (13)
623 4878 782 4951 Quod
827 4877 948 4951 ait
969 4875 1279 4951 interpres,
1305 4893 1400 4951 cor
1433 4876 1702 4951 ⁸(Πιδοριιειε
1731 4875 2056 4951 ei_Simonis

407 4948 539 5021 igne
574 4948 863 5021 ejusmodi
888 5019 894 5021 Α
927 4949 1241 5012 incaluisse,
1299 4949 1354 5002 id
1389 4948 1499 5021 nisi
1527 4948 1693 5003 valde
1722 4948 1915 5021 fallor,
1944 5019 1956 5021 _
1985 4965 2053 5003 ex

401 5019 931 5094 apocryphislibris
954 5024 1257 5094 sumptum
1281 5025 1387 5075 est.
1423 5020 1569 5094 Nam
1600 5037 1735 5075 cum
1765 5019 2050 5094 Cleopbas

405 5037 612 5094 apocry
658 5035 931 5076 msnnris
954 5037 1084 5075 sum
1134 5035 1257 5074 tum
1281 5035 1387 5075 est.
1423 5035 1569 5075 nam
1600 5037 1735 5075 cum
1765 5035 2049 5091 Uleopnas

405 5094 559 5164 apud
607 5038 827 5172 ἔπειτα
868 5035 1140 5172 umig,
1175 5090 1334 5172 solus
1366 5092 1720 5172 nominetur,
1755 5108 1859 5147 nec
1888 5092 2049 5161 quis-

404 5181 585 5238 quam
604 5165 849 5220 idoneus
873 5165 1316 5238 scriptoralteru
1330 5181 1381 5216 in
1399 5164 1752 5234 discipulum
1787 5179 2047 5233 unquam

403 5235 746 5303 nominarit,
781 5235 1184 5292 nomen'illius
1218 5235 1477 5306 ignotum
1513 5251 1641 5289 esse
1671 5240 1830 5305 puto.

475 5310 583 5382 (14)
614 5309 789 5382 Editi,
820 5309 1199 5382 καθαιροῦντα,
1224 5322 1330 5361 nec
1362 5323 1530 5382 secus
1562 5306 2044 5382 legit_interpres_,

2235 4877 2347 4949 (15)
2377 4877 2528 4933 Editi
2559 4881 2617 4932 et
2645 4881 2764 4933 tres
2795 4894 2960 4950 mss.,
2993 4877 3318 4950 πρακτικήν,
3353 4877 3613 4932 bonorum
3673 4875 3818 4948 cfe-

2161 4951 2404 5004 ctricem.
2441 4951 2507 5022 At
2537 4955 2778 5020 uterque
2809 4949 2970 5004 Colb.
3007 4949 3141 5004 cum
3174 4949 3321 5022 Reg:
3347 4949 3628 5022 secundo,
3675 4967 3819 5020 acip-

2162 5021 2466 5093 extmﬁv,et
2496 5021 2577 5076 ita
2605 5037 2835 5092 quoque
2865 5021 3078 5093 legitur
3106 5020 3282 5093 apud
3298 5020 3811 5092 Procopium,pag.

2161 5093 2281 5146 100.
2318 5092 2533 5146 Ibidem
2565 5090 2682 5149 tres
2712 5090 2882 5162 11:183.,
2912 5090 3002 5145 καὶ
3032 5090 3163 5146 είπέ
3192 5111 3306 5162 μοι.

2229 5164 2338 5232 (16)
2375 5165 2525 5218 Editi
2556 5169 2613 5220 et
2666 5165 2807 5236 Reg.
2841 5161 3072 5235 tertius,
3125 5161 3446 5237 περιαίρων.
3489 5161 3600 5217 Alii
3658 5178 3809 5234 qua-

2158 5237 2492 5310 tuor‘qmssq
2524 5237 2816 5310 περιαιρῷν
2846 5240 3020 5292 recte.

2227 5306 2340 5378 (17)
2427 5303 2668 5364 Veteres
2711 5303 2952 5378 'aliquot
3039 5305 3195 5378 libri,
3284 5303 3631 5378 καθαρίσειοο-
3707 5304 3810 5382 ἄγ’

402 5372 502 5453 qui
531 5372 1209 5453 verterit'adtol'lendum
1260 5393 1294 5453 _e
1333 5379 1510 5453 medio
1566 5372 2043 5453 mondaciumdd
2155 5372 2289 5453 ελει.

395 5447 501 5509 ἔοι
533 5469 701 5522 mss.,
731 5450 1080 5524 καθαίροντα,
1110 5451 1233 5524 vim
1251 5448 1452 5524 habent
1481 5447 1760 5524 purgandi
1809 5448 2040 5524 menda-

395 5525 492 5589 cii,
526 5514 767 5595 optime.
801 5514 930 5595 Mox
979 5522 1153 5595 editi,
1209 5519 1314 5574 ἀπὸ
1340 5514 1492 5595 ,τῆς
1525 5514 1767 5581 διανοίας
1805 5515 2039 5595 δραστη-

400 5594 542 5723 ptio.
567 5590 647 5651 'At
675 5612 784 5653 vox
815 5590 1053 5655 διανοίας
1084 5592 1146 5650 ἱιι
1173 5590 1390 5650 nostris
1429 5608 1530 5649 sex
1557 5607 1702 5649 mss.
1735 5607 1852 5648 non
1882 5591 2043 5649 inve-

398 5683 459 5726 ni
489 5683 578 5726 ur.

2223 5448 2337 5527 (Ψ)
2368 5449 2625 5527 Uterque
2656 5449 2843 5520 Colb.,
2877 5447 3136 5527 φυλάσσει
3203 5464 3391 5508 servus
3448 5455 3574 5504 tum
3630 5457 3814 5504 custo-

2148 5520 2230 5575 dit
2262 5520 2429 5576 illud.

2219 5592 2333 5669 (1‘9)
2367 5594 2452 5649 Ita
2483 5608 2630 5651 mea.
2663 5593 2890 5651 omnesi
2927 5593 3105 5667 Editi,
3135 5592 3272 5669 πρὸς
3323 5589 3528 5666 Φαραὼ
3574 5587 3814 5666 βασιλὶς

2146 5659 2444 5736 Αἰγύπτου.
