4048 6220
189 398 284 458 137

996 398 1406 461 COMMENT.
1450 399 1527 458 IN
1574 394 1843 458 lSAlAM
1889 395 2395 457 PROPHETAM.
2441 395 2612 456 CAP.
2659 396 2763 457 VI.

3457 394 3577 457 438

188 527 299 582 λαόν
361 551 470 602 μου
539 529 670 592 τοὺς
729 530 879 592 υἱοὺς
964 529 1184 606 ’ῐσραήλ
1242 529 1301 585 ἐκ
1355 537 1456 606 γῆς
1522 529 1815 604 Αἰγύπτου.

1937 538 2084 585 terra
2142 531 2362 601 Egypti
2407 530 2470 582 ²⁰.
2523 531 2734 586 Contra
2793 529 3078 602 permittit
3107 544 3169 585 se
3200 529 3324 602 ipse
3375 529 3574 598 Isaias,

181 618 384 680 Ἡσαῖας
419 617 497 687 δὲ,
549 619 818 692 ἀορίστως
874 624 971 674 τυῦ
1023 619 1186 694 λόγου
1245 620 1338 674 τὸν
1399 617 1814 690 διακονούμενον

176 710 238 777 τῇ
264 706 545 780 ἀποστολῇ
597 708 1005 778 ἆπιζητοῦντος,
1039 707 1224 764 ἑαυτὸν
1276 703 1598 764 ὑποϐάλλει.
1638 708 1698 761 Τί
1725 705 1816 761 οὖν

174 816 374 872 φαμενς
411 797 528 854 Οὐκ
558 798 981 874 ἐιπομαχόμεναί
1032 798 1136 852 εἶσι
1182 803 1288 852 τῶν
1341 797 1503 874 ἁγίων
1551 797 1604 850 αἱ
1636 793 1812 850 διαθέ-

172 906 276 948 σεις
329 887 455 960 περί
512 889 575 942 τὸ
630 888 759 942 αὐτὸ
817 895 1045 963 πρᾶγμα
1108 887 1358 950 ἐναντίως
1410 882 1633 962 ἔχουσαι
1675 885 1810 959 πρὸς

171 972 437 1043 ἀλλήλας.
485 975 645 1032 Ἀλλ’
676 976 760 1032 ὅτι
816 980 1022 1046 Μωσῆς
1083 977 1176 1051 μὲν
1228 972 1347 1051 ᾔδει
1400 978 1497 1046 τήν
1536 977 1809 1042 ὑπόθεσιν,

168 1063 234 1131 ἧς
261 1060 431 1118 ’ἕνεκεν
490 1062 872 1131 ἀπέστέλλετο,
931 1061 1022 1119 διὰ
1074 1069 1234 1119 τοῦτο
1267 1063 1426 1119 ὤκνει
1482 1063 1615 1138 πρός
1643 1083 1702 1117 τε
1746 1063 1808 1117 τὸ

166 1149 442 1207 ἀνένδοτον
474 1160 576 1222 τῆς
632 1151 857 1230 καρδίας
913 1158 1011 1208 τοῦ
1064 1155 1266 1226 Φαραὼ
1321 1148 1672 1221 ἀποϐλέπων,
1718 1152 1807 1206 καὶ

161 1241 293 1314 πρὸς
337 1244 400 1296 τὸ
453 1239 734 1304 δυσπειθὲς
782 1241 948 1297 πάλιν
1001 1242 1093 1298 καὶ
1145 1241 1462 1319 δυσάγωγον
1507 1246 1603 1297 106
1646 1241 1803 1297 λαοῦ.

162 1335 351 1405 Πεῖραν
406 1333 512 1406 γὰρ
568 1333 684 1407 εἶχε
728 1339 830 1401 τῆς
891 1331 1285 1407 ἀγνωμοσύνης
1337 1336 1445 1386 τῶν
1507 1328 1804 1399 Ἰουδαίων,

161 1419 243 1474 ὅτι
279 1421 367 1474 καὶ
418 1420 853 1496 εὐεργετηθέντες
912 1419 1274 1499 ἐφυγάδευσαν
1333 1421 1515 1476 αὐτόν.
1576 1422 1668 1475 Διὸ
1716 1419 1839 1474 καῖ’

161 1510 257 1576 τήν
286 1509 474 1563 κακίαν
503 1511 682 1565 αὐτῶν
736 1512 812 1583 μὴ
873 1512 1072 1585 φέρων,
1124 1511 1258 1586 πρὸς
1285 1512 1383 1580 τὴν
1418 1510 1468 1566 ἦν
1510 1515 1578 1584 τῇ
1611 1510 1704 1586 ἐρή
1718 1533 1806 1583 μῳ

167 1598 401 1673 ἡσυχίαν
457 1599 818 1675 ἀπχώρησέν,
868 1599 956 1654 ἐπὶ
1015 1601 1280 1676 προφάσει
1329 1605 1424 1656 106
1471 1601 1804 1674 ποιμαίνειν,

162 1687 282 1749 τοὺς
312 1692 418 1742 τῶν
462 1687 681 1743 πόλεων
729 1690 820 1743 καὶ
866 1694 974 1744 τῶν
1030 1687 1257 1744 πολλῶν
1301 1689 1595 1765 ἀνθρώπων
1644 1690 1804 1764 Θορύ-

166 1770 286 1853 ϐρυς
344 1774 782 1851 ἀποδιδράσκων.
846 1778 942 1832 Διά
996 1781 1158 1834 τοῦτὸ
1215 1799 1368 1854 φησι’
1421 1780 1514 1840 Τίς
1557 1779 1804 1850 εἶμι,ὅτι

165 1865 500 1938 πορεύσομαι
593 1867 730 1942 πρὸς
825 1867 1049 1942 Φαραὼ,
1130 1868 1220 1922 καὶ
1306 1867 1388 1923 ὅτι
1472 1867 1634 1940 ἐξάξῶ
1711 1869 1802 1923 τὸν

166 1953 286 2008 λαὸν
317 1957 429 2027 (20)
465 1955 524 2010 ἐκ
572 1959 676 2029 γῆς
724 1955 1040 2031 Αίγύπτους
1093 1955 1231 2014 Οὔτε
1274 1958 1377 2032 γὰρ
1435 1957 1636 2033 Φαραὼ
1686 1956 1808 2012 ἄνευ

171 2041 414 2116 μεγάλων
455 2049 638 2098 κακῶν
695 2043 1076 2114 ἐξαποστέλλει
1133 2047 1226 2100 τὸν
1276 2044 1428 2119 λαὸν,
1480 2047 1626 2101 καὶὸ
1677 2044 1810 2110 λαὸς

168 2129 260 2185 06x
311 2130 536 2194 εὔκολος
606 2140 1107 2208 μεταχειρισθῆναι,
1179 2129 1500 2190 ἀντιϐαίνων
1555 2136 1635 2190 ἀεὶ
1691 2141 1810 2198 τοῖς

169 2222 293 2294 πρὸς
319 2221 594 2294 σωτηρίαν
642 2221 806 2276 αὐτοῦ
855 2221 1297 2296 ἐπιμελομένοιςυ
1351 2224 1593 2279 Δείκνυσι
1629 2222 1685 2280 δὲ
1709 2227 1808 2294 τήν

172 2306 400 2364 διάνοιαν
435 2310 680 2372 Μωσέως
720 2313 807 2366 καὶ
857 2311 924 2366 τὰ
955 2311 1166 2390 ἑφεξῆς.
1226 2315 1351 2368 ’Ότι
1398 2314 1500 2388 γὰρ
1548 2316 1682 2388 μετά
1712 2317 1808 2384 τὴν

181 2398 535 2474 μοσχοποιίαν
588 2397 714 2462 δοὺς
770 2401 868 2469 τὴν
927 2403 1088 2476 χάριν
1153 2407 1233 2475 τῷ
1309 2404 1590 2478 Θεράποντι
1649 2404 1814 2459 αὐτοῦ

184 2488 304 2562 ὑπὲρ
335 2493 436 2553 τῆς
472 2491 908 2565 σογχωρήσεοως
951 2495 1048 2546 τοῦ
1078 2493 1469 2567 ἁμαρτήματος
1497 2498 1592 2548 τοῦ
1623 2492 1759 2548 λαοῦ
1790 2495 1818 2549 6

183 2578 324 2648 Θεὸς,
383 2575 698 2632 τελευταῖόν
767 2600 919 2656 φησι·
999 2581 1263 2652 Ηορεύου,
1321 2583 1410 2636 καὶ
1478 2580 1663 2657 ὀδήγει
1727 2584 1819 2638 τὸν

184 2661 299 2719 λαὸν
373 2670 590 2738 τοῦτον,
669 2667 757 2721 καὶ
833 2667 1176 2738 ἐξαποστελῶ
1246 2667 1476 2744 ἄγγελόν
1557 2693 1662 2742 μου
1719 2669 1818 2743 ἔμ-

183 2753 399 2825 προσθέν
455 2775 574 2809 σου⁹
634 2755 686 2809 τί
744 2754 834 2810 οὖν
896 2759 1160 2826 Μωσῆς;
1222 2757 1444 2831 Δέομαι,
1528 2759 1715 2835 Κύριε,
1771 2759 1815 2814 εἰ

186 2842 248 2910 μή
297 2841 459 2904 αὐτὸς
516 2844 580 2897 σὺ
638 2845 956 2920 προπορεύῃ
1015 2849 1128 2918 (21)
1184 2849 1367 2918 ἡμῶν,
1423 2850 1499 2920 μὴ
1546 2847 1816 2923 ἀναγάγῃς

183 2932 314 3002 ἡμᾶς
372 2930 635 2996 ἐντεῦθεν.
689 2934 749 2986 Τί
804 2933 894 2988 οὖν
953 2937 988 3003 ἡ
1050 2933 1261 2990 διάνοια
1288 2941 1384 2991 106
1434 2935 1660 3013 ἂνδρόςς
1696 2940 1818 2995 ’Ότι

183 3019 497 3090 ἁμαρτωλὸς
543 3022 571 3075 6
620 3019 770 3091 λαὸς,
821 3025 910 3077 καὶ
959 3024 1154 3100 χρῄζει
1201 3030 1296 3080 106
1347 3027 1594 3103 ἀφιέντος
1642 3029 1818 3102 ἀμαρ-

181 3108 302 3169 τίας.
337 3109 472 3184 ὅπερ
506 3109 764 3185 ἀγγέλοις
810 3109 1070 3167 ἀδύνατον
1122 3117 1254 3186 (22).
1303 3116 1549 3191 Τιμωροὶ
1587 3118 1680 3188 μὲν
1707 3122 1815 3172 τῶν

184 3199 631 3271 ἁμαρτανομένων
662 3199 903 3275 ἄγγελοι,
945 3204 1355 3278 συγχωρητικοὶ
1388 3202 1445 3260 δὶ
1482 3211 1590 3260 τῶν
1626 3207 1818 3281 πλημ-

187 3285 528 3359 μὶλουμένων
571 3288 770 3346 οὐκέτι.
805 3290 900 3344 Διά
926 3295 1086 3346 τοῦτο
1137 3291 1380 3363 ἐπιζητεῖ
1427 3295 1586 3350 αὐτὸν
1619 3293 1816 3360 ἐλθεῖν*

181 3377 464 3447 τουτέστιν,
524 3377 554 3432 ὃ
611 3377 700 3432 καὶ
753 3383 844 3432 νῦν
905 3401 1060 3455 φησι,
1116 3379 1467 3457 Προχείρισαι
1527 3381 1698 3440 ἄλλον
1757 3387 1815 3441 ’ὀν

184 3463 515 3528 ἁποστελεῖςο
571 3468 870 3539 τουτέστιν,
932 3467 1134 3533 ἐλθέτω
1185 3471 1212 3525 6
1283 3469 1544 3542 ἀληθινὸς
1585 3477 1816 3546 νομοθέ-
1877 3499 1884 3508 ·

182 3573 288 3621 της,
321 3557 349 3608 6
377 3553 602 3617 δυνατὸς
634 3558 858 3632 Σῶτὴρ,
891 3559 919 3612 ὁ
953 3560 1123 3630 μόνος
1156 3557 1300 3634 ἔχων
1335 3559 1572 3633 ἐξουσίαν
1605 3563 1816 3640 ἀφιέναι

185 3643 456 3716 ἁμαρτίας.
518 3643 741 3714 Ἐπειδὴ
777 3643 834 3700 δὲ
893 3643 1046 3702 οὔπω
1106 3647 1243 3716 ἦλθε
1285 3650 1348 3704 τὸ
1398 3649 1682 3724 πλήρωμα
1706 3658 1814 3707 τῶν

184 3737 396 3804 καιρῶν,
438 3734 528 3787 καὶ
587 3731 693 3788 ἔδει
751 3735 804 3789 ἐν
853 3741 970 3798 τοῖς
1022 3735 1216 3799 τύποις
1273 3739 1658 3812 προεθισθῆναι
1714 3742 1813 3810 τήν

188 3820 587 3895 ἀνθρωπότητα,
622 3821 710 3879 διὰ
749 3830 912 3880 τοῦτο
952 3826 1054 3880 οὐκ
1095 3826 1422 3898 εἰσηκούσθη
1471 3833 1568 3883 106
1598 3833 1814 3905 προφή-

186 3928 275 3962 του
321 3914 356 3979 ἡ
406 3909 639 3981 αἴτησις.
697 3912 917 3976 Ἡσαΐας
981 3915 1187 3987 μέντοι,
1245 3917 1380 3988 μετά
1433 3917 1496 3972 16
1554 3919 1812 3996 ἀφεθῆναι

192 3998 274 4057 τὰς
299 4000 555 4074 ἁμαρτίας
609 4001 796 4073 αὐτοῦ,
845 4000 1032 4072 ἐπειδὴ
1092 4002 1330 4080 εἷ’ρηκεν,
1388 4006 1469 4061 ὅτι
1518 4007 1604 4060 Ἐν
1666 4009 1816 4081 μέσῳ

197 4083 318 4139 λαοῦ
398 4087 499 4164 ἐγῶ
575 4089 710 4145 οἰκῶ
776 4090 1051 4165 ἀκάθαρτα
1129 4091 1296 4168 χείλη
1373 4089 1618 4169 ἔχοντοςο
1705 4097 1816 4153 εἶτά

199 4172 393 4240 ἔλουσε·
452 4179 551 4240 Τίς
609 4181 928 4256 πορεύσεται
1003 4182 1139 4255 πρὸς
1210 4183 1302 4236 τὸν
1375 4181 1506 4238 λαὸν
1584 4190 1814 4256 τοῦτον;

205 4264 418 4334 Νομίσας
443 4267 528 4321 ἐπὶ
557 4272 639 4339 τῷ
694 4271 761 4323 τὰ
811 4267 1169 4343 παραπλήσια
1220 4271 1502 4336 κάκείνους
1530 4273 1817 4350 εὐεργετη-

207 4350 339 4418 θῆναι
370 4361 636 4425 ζητεῖσθαι
664 4358 755 4412 τὸν
784 4356 1279 4431 ἀποστελλόμενον,
1332 4360 1434 4415 ὑπὸ
1464 4363 1816 4438 περιχαρείας

211 4435 367 4527 ἑαυτὸν
395 4439 832 4515 ὗποόάλλει,⁹ίνα
876 4446 1145 4510 κάκείνοις
1201 4447 1468 4524 ἀφεθῶσιν
1529 4435 1816 4527 uinci-pap-

211 4526 318 4585 τίσι.
375 4529 530 4602 Ἰδοὺ,
585 4535 770 4610 φησὶν,
828 4534 955 4610 ἐγὼ,
1013 4535 1338 4592 ἀπόστειλον
1392 4559 1478 4610 με.
1535 4542 1694 4595 Ὥστε
1733 4526 1819 4596 e6-

1926 619 2060 674 licet
2090 637 2278 674 sermo
2327 619 2631 689 suspensis
2680 624 2738 674 et
2794 619 3028 674 incertis
3073 619 3264 676 verbis
3318 618 3572 674 admini-

1927 714 2118 764 strum
2153 710 2222 764 ad
2257 709 2590 764 obeundam
2637 710 2982 778 legationem
3037 713 3390 781 exposceret.
3423 706 3573 774 Quid

1925 807 2104 879 igitur
2127 805 2595 879 respondemus?
2615 807 3000 878 Nequaquam
3036 811 3298 878 pugnant
3327 807 3480 862 inter
3509 821 3571 861 se

1923 903 2261 952 sanctorum
2295 896 2499 961 animi,
2533 895 2700 966 quasi
2752 897 2940 951 forent
2973 898 3082 952 sibi
3129 896 3369 951 invicem
3415 896 3568 950 circa

1921 1003 2041 1041 rem
2087 987 2350 1042 eamdem
2409 985 2658 1040 adversi.
2714 985 2824 1039 Sed
2883 1002 3016 1041 cum
3074 986 3335 1042 novisset
3377 989 3566 1042 Moses

1919 1093 2180 1144 causam,
2213 1081 2284 1131 ob
2315 1092 2492 1147 quam
2538 1074 2902 1140 mittebatur,
2935 1075 3063 1130 ideo
3108 1092 3334 1132 moram
3368 1077 3563 1132 trahe-

1919 1172 2038 1235 hat,
2072 1167 2227 1240 quod
2256 1164 2434 1220 simul
2485 1170 2542 1219 et
2588 1164 2659 1219 ad
2694 1181 2786 1219 cor
2841 1164 3162 1220 Pharaonis
3219 1164 3561 1236 inﬂexibile,

1916 1274 1974 1325 et
2003 1268 2072 1322 ad
2108 1263 2392 1337 p0pulum
2425 1261 2792 1317 incredulum
2827 1262 3452 1332 atqueintractabilem
3479 1281 3562 1319 re-

1917 1358 2186 1428 spiceret.
2222 1359 2354 1408 Erat
2384 1369 2642 1423 namque
2681 1357 2952 1422 expertus
2999 1353 3293 1424 ingratum
3329 1353 3561 1408 Judaao-

1917 1463 2046 1501 rum
2078 1445 2366 1507 animum,
2399 1440 2499 1512 qui
2533 1441 2617 1495 vel
2649 1441 2947 1496 beneficiis
2980 1441 3166 1496 allecti
3198 1459 3332 1496 eum
3365 1443 3565 1515 fugere

1915 1538 2246 1605 coegerant.
2281 1530 2562 1597 Quocirca
2620 1546 2734 1583 non
2790 1529 2982 1585 ferens
3040 1546 3241 1585 eorum
3287 1529 3564 1602 maligni-

1914 1629 2119 1687 tatem,
2151 1620 2395 1678 secessit
2425 1620 2483 1674 in
2535 1617 2873 1674 solitudinis
2924 1619 3204 1689 quietem,
3255 1624 3432 1690 atque
3467 1636 3568 1690 per

1916 1713 2170 1784 speciem
2204 1709 2478 1783 pascendi
2512 1708 2727 1780 gregis,
2775 1707 3078 1763 civitatum
3130 1707 3569 1780 multorumque

1915 1802 2222 1857 hominum
2258 1797 2550 1854 tumultus
2594 1795 2924 1852 declinavit.
2977 1797 3116 1852 Eam
3164 1797 3237 1851 ob
3288 1813 3412 1852 rem
3444 1797 3566 1852 ait:

1840 1901 1886 1967 B
1921 1903 2053 1971 Quis
2079 1917 2224 1965 sum,
2256 1906 2314 1954 ut
2345 1897 2542 1952 vadam
2586 1896 2659 1951 ad
2707 1897 3072 1964 Pharaonem,
3132 1905 3184 1951 et
3231 1901 3293 1951 ut
3337 1900 3570 1952 educam

1917 1992 2182 2062 populum
2222 1988 2288 2042 de
2322 1992 2468 2042 terra
2513 1984 2850 2056 lEgypti“?
2898 1984 3097 2055 Neque
3155 1985 3310 2039 enim
3344 1984 3567 2039 Pharao

1923 2081 2178 2136 dimittet
2210 2075 2515 2149 p0pulum,
2547 2074 2659 2128 nisi
2691 2073 2931 2128 attritus
2975 2073 3339 2145 gravissimis
3371 2072 3566 2138 malis,

1922 2185 2030 2225 nec
2063 2165 2316 2240 populus
2358 2162 2544 2219 facilis
2596 2166 2685 2216 est
2732 2165 3006 2226 tractatu,
3053 2161 3172 2216 imo
3220 2178 3454 2232 semper
3493 2161 3566 2216 iis

1925 2257 2025 2330 qui
2057 2255 2246 2327 ipsius
2278 2251 2451 2308 saluti
2502 2249 2840 2315 consulunt,
2890 2249 3231 2304 reluctatur.
3282 2253 3566 2305 Caeterum

1925 2362 1982 2413 et
2012 2370 2142 2427 qua:
2172 2354 2523 2424 sequuntur,
2557 2347 2735 2403 Mosis
2775 2348 3056 2421 detegunt
3107 2347 3396 2403 animum.
3425 2352 3567 2402 Cum

1926 2446 2080 2502 enim
2113 2444 2288 2510 Deus,
2321 2441 2570 2495 conﬂato
2605 2438 2732 2507 jam
2763 2437 2965 2504 vitulo,
3013 2438 3262 2510 gratiam
3303 2439 3573 2510 imperti-

1926 2537 2107 2591 visset
2137 2530 2353 2587 famulo
2385 2545 2513 2598 suo,
2547 2545 2612 2582 ac
2645 2526 2840 2598 populi
2893 2532 3192 2598 peccatum
3243 2528 3574 2584 condonas-

1929 2628 2036 2692 set,
2069 2628 2196 2678 tum
2231 2620 2470 2674 demum
2506 2616 2622 2671 ait:
2657 2615 2776 2681 Abi,
2808 2620 2860 2670 et
2889 2615 3004 2670 dua:
3031 2619 3140 2671 esto
3169 2617 3359 2687 populi
3387 2617 3572 2688 hujus,

1927 2726 1979 2778 et
2010 2721 2231 2775 mittam
2285 2714 2544 2786 angelum
2597 2730 2778 2769 meum
2835 2716 2964 2768 ante
3016 2714 3150 2769 te”.
3187 2714 3334 2778 Quid
3393 2713 3576 2787 igitur

1929 2812 2118 2866 Moses
2138 2807 2166 2861 ‘I
2196 2807 2445 2872 Obsecro,
2496 2804 2744 2869 Domine,
2804 2803 2917 2856 nisi
2946 2810 3005 2857 tu
3036 2803 3153 2874 ipse
3203 2803 3572 2874 proﬁciscaris

1927 2907 2052 2954 ante
2082 2913 2200 2964 nos,
2231 2911 2301 2949 ne
2326 2909 2424 2949 nos
2454 2892 2584 2948 hinc
2611 2891 2809 2946 educas
2829 2891 2892 2942 ³³.
2927 2893 3062 2957 Quas
3102 2891 3281 2963 igitur
3309 2895 3434 2946 erat
3463 2891 3567 2945 viri

1927 2987 2220 3044 sententia
2238 2984 2265 3038 ?
2296 2981 2582 3054 Populum
2607 2979 2773 3034 illum
2807 2980 3058 3050 peccatis
3079 2979 3394 3036 obnoxium
3419 2996 3568 3046 esse,

1930 3090 2104 3157 atque
2134 3082 2396 3153 indigere
2447 3095 2536 3144 eo,
2567 3078 2662 3148 qui
2714 3078 2974 3133 remittat
3026 3083 3282 3149 peccata,
3322 3077 3378 3132 id
3415 3078 3570 3149 quod

1929 3173 2121 3246 angeli
2154 3175 2427 3244 prastare
2451 3185 2563 3224 non
2595 3171 2864 3239 possunt.
2887 3167 3091 3238 Angeli
3125 3165 3414 3222 mulctant
3437 3166 3572 3238 qui-

1851 3270 1895 3336 C
1931 3266 2063 3320 dem
2095 3261 2528 3331 delinquentes,
2562 3273 2628 3312 ac
2651 3255 3034 3323 ulciscuntur,
3067 3253 3278 3310 delicta
3301 3272 3432 3310 vero
3458 3270 3573 3310 non

1931 3357 2152 3425 queunt
2181 3348 2531 3404 condonare.
2583 3343 2968 3408 Quamobrem
3020 3343 3303 3415 efﬂagitat
3349 3348 3413 3398 ut
3451 3343 3578 3414 ipse

1927 3442 2160 3503 veniat;
2193 3438 2302 3492 hoc
2334 3441 2446 3500 est,
2481 3435 2634 3505 quod
2687 3438 2745 3488 et
2794 3449 2948 3487 nunc
2996 3432 3174 3487 dicit:
3211 3433 3370 3501 Elige
3397 3433 3576 3488 alium

1928 3547 2085 3602 quem
2131 3529 2329 3582 mittas
2350 3525 2433 3592 ";
2484 3523 2593 3578 hoc
2643 3526 2754 3587 est,
2813 3522 3005 3577 veniat
3053 3537 3226 3576 verus
3257 3520 3572 3593 legislator,

1928 3632 2137 3700 potens
2169 3624 2266 3678 ille
2295 3625 2585 3684 Servator,
2639 3618 2739 3690 qui
2789 3619 2949 3673 solus
2998 3622 3345 3690 potestatem
3393 3618 3573 3674 habet

1927 3715 2410 3772 remittendorum
2437 3713 2802 3780 peccatorum
2822 3708 2884 3761 ⁸⁵.
2904 3707 3190 3772 Quoniam
3215 3712 3411 3762 autem
3431 3725 3572 3763 non-

1927 3806 2064 3859 dum
2093 3803 2405 3856 advenerat
2431 3797 2728 3868 plenitudo
2754 3797 2798 3830 ⁸⁸
2815 3802 3166 3868 temporum,
3189 3801 3245 3852 et
3261 3796 3569 3852 hominum

1925 3909 2111 3966 genus
2144 3892 2306 3965 prius
2333 3886 2539 3959 figuris
2560 3887 2603 3921 ³⁷
2635 3886 3029 3941 assuefactum
3077 3885 3358 3958 oportuit,
3393 3886 3569 3941 idcir-

1925 3999 1992 4038 co
2028 3979 2319 4052 prophetze
2348 3975 2544 4047 petitio
2577 3974 2850 4028 exaudita
2880 3991 2994 4029 non
3025 3978 3133 4029 est.
3168 3974 3348 4029 Isaias
3369 3979 3563 4029 autem

1929 4075 2058 4143 post
2088 4082 2422 4124 concessam
2458 4069 2823 4136 peccatorum
2857 4079 3098 4117 suorum
3127 4061 3378 4130 veniam,
3409 4062 3562 4119 518

1929 4185 2063 4224 cum
2121 4165 2406 4220 dixisset:
2467 4162 2530 4216 In
2587 4159 2762 4216 medio
2814 4160 3004 4231 populi
3057 4175 3150 4230 ego
3208 4159 3410 4227 habito,
3461 4162 3573 4215 im-

1926 4256 2135 4312 munda
2167 4254 2315 4310 labia
2361 4250 2637 4319 habentis,
2698 4257 2822 4305 tum
2874 4248 3096 4304 audivit
3120 4254 3140 4303 :‘
3194 4250 3330 4318 Quis
3372 4251 3479 4305 ibit
3506 4248 3576 4305 ad

1925 4346 2191 4418 papulum
2223 4343 2414 4398 hunc?
2444 4340 2628 4395 Batus
2659 4338 2839 4410 quaeri
2884 4337 2983 4408 qui
3034 4337 3362 4394 mitteretur
3394 4339 3463 4395 ad
3498 4339 3580 4394 si-

1929 4434 2094 4490 milia
2126 4430 2408 4487 beneﬁcia
2438 4429 2496 4482 in
2545 4444 2644 4483 eos
2696 4427 3069 4492 conferenda,
3101 4443 3217 4498 pra:
3263 4427 3583 4482 immodica

1929 4531 2130 4589 laetitia
2159 4547 2220 4585 se
2252 4529 2377 4599 ipse
2409 4527 2600 4590 offert,
2632 4530 2695 4580 ut
2726 4529 2782 4581 et
2811 4523 2958 4596 ipsis
2987 4528 3223 4594 peccata
3253 4523 3584 4579 relaxaren-

215 4613 357 4690 λογος
379 4621 621 4678 κάκείνου
658 4626 693 4693 ἡ
747 4625 1096 4698 παραίτησις,
1151 4625 1241 4680 καὶ
1288 4625 1483 4681 τούτου
1531 4630 1564 4697 ἡ
1615 4632 1815 4704 προθυ-

1933 4629 2045 4676 tur.
2079 4621 2211 4674 Ecce
2240 4632 2358 4687 ego,
2391 4615 2608 4686 inquit,
2639 4615 2796 4669 mitte
2821 4630 2930 4667 me.
2958 4617 3156 4682 Itaque
3193 4615 3249 4668 et
3296 4611 3455 4667 illius
3484 4628 3586 4667 ex-

216 4704 316 4773 μέι.
365 4711 633 4790 ’Λσφαλὴς
691 4713 874 4786 μέντοι
940 4716 976 4782 ἡ
1035 4714 1322 4791 ἀπόκρισις
1379 4719 1477 4770 106
1536 4717 1714 4791 ἁγίου,
1748 4719 1824 4784 ὡς

214 4791 538 4872 ὠφελημένου
562 4799 672 4872 ἤδη
707 4801 767 4857 ix
796 4809 896 4871 τῆς
925 4799 1012 4856 8ιά
1040 4807 1150 4858 τῶν
1183 4803 1461 4880 ἀνθράκων
1493 4808 1826 4883 καθάρσεως.

1936 4711 2158 4768 cusatio
2188 4713 2245 4765 et
2273 4709 2450 4779 hujus
2480 4706 2672 4761 alacer
2719 4721 2999 4760 assensus
3053 4703 3383 4759 rationibus
3409 4703 3587 4775 justis

1937 4799 2358 4856 innitebantur.
2394 4796 2530 4850 Erat
2559 4809 2700 4849 sane
2731 4793 2916 4848 sancti
2949 4791 3130 4863 hujus
3161 4792 3464 4864 responsio
3495 4807 3588 4848 se-

217 4883 450 4951 Βίπὸντος
477 4891 580 4967 γὰρ
627 4894 725 4946 106
775 4889 1002 4966 Κυρίου,
1050 4891 1188 4949 Τίνα
1233 4893 1562 4967 ἀποστείλω,
1611 4881 1699 4952 καὶ
1748 4897 1815 4953 τίς

1939 4905 2099 4955 cura,
2133 4893 2190 4942 et
2219 4885 2412 4941 omnis
2445 4881 2686 4955 periculi
2718 4898 2945 4953 expers,
2999 4881 3101 4954 qui
3129 4883 3254 4952 jam
3287 4898 3356 4937 ex
3383 4882 3590 4938 carbo-

216 4977 535 5047 πορεύσεται;
595 4981 733 5055 πρὸς
792 4980 888 5053 μὶν
964 4981 1049 5052 τὸ,
1119 4979 1479 5051 ’Δποστείλω,
1545 4982 1661 5038 ἰδού
1715 4985 1830 5060 εἰμι

215 5059 325 5135 ἐγὼ
353 5069 478 5142 πρὸς
529 5066 588 5124 δὲ
637 5069 720 5139 τὸ,
771 5069 873 5132 Τίς
920 5068 1259 5145 πορεύσεται,
1317 5070 1498 5127 οὐκέτι
1546 5075 1715 5147 εἶπεν,
1747 5073 1831 5130 6'1:

212 5151 301 5205 [αἱ
333 5158 436 5230 (23)
480 5157 841 5235 πορεύσομαι.
905 5155 1032 5214 Οἵδε
1080 5159 1182 5236 γὰρ
1242 5159 1324 5216 ὅτι
1385 5164 1516 5216 Θεοῦ
1577 5172 1834 5237 συνεργοῦ

1942 4994 2083 5033 num
2116 4974 2462 5048 purgatione
2517 4988 2684 5043 opem
2734 4976 2792 5026 et
2852 4970 3187 5041 praesidium
3245 4971 3592 5044 accepisset.

1941 5077 2086 5133 Cum
2146 5073 2300 5129 enim
2350 5071 2594 5127 dixisset
2648 5068 2973 5125 Dominus:
3035 5070 3208 5138 Quem
3255 5072 3496 5139 mittam,
3545 5077 3599 5127 et

1944 5169 2064 5237 quis
2095 5164 2245 5218 ibit?
2275 5162 2346 5217 ad
2379 5159 2522 5214 illud
2570 5159 2830 5230 quidem,
2867 5163 3040 5230 Quem
3088 5161 3322 5231 mittam,
3350 5175 3596 5232 respon-

275 5289 508 5370 2:Exod.
539 5311 628 5370 ιιι,
664 5297 753 5352 10.
825 5296 876 5370 Α²¹
927 5294 1098 5370 ἱρἱᾴ.Δ
1133 5296 1219 5352 11.
1296 5297 1342 5370 αξ
1370 5369 1373 5370 γ
1400 5296 1575 5354 Exod.
1605 5313 1784 5370 χχχιι,

1928 5339 1931 5352 .
2009 5297 2056 5332 ³⁸
2085 5295 2262 5353 Exod.
2319 5309 2522 5362 χχχιιι,
2575 5293 2660 5349 15.
2736 5291 2782 5326 ²⁴
2837 5292 3013 5348 Exod.
3062 5309 3138 5364 xv,
3174 5292 3261 5346 13.
3338 5291 3383 5327 ³⁸
3413 5291 3592 5347 Marc.

209 5373 264 5428 ιι,
291 5363 340 5418 7.
414 5366 454 5402 ³⁸
478 5367 670 5424 Galat.
701 5383 778 5438 Iv,
811 5368 865 5424 4.
942 5368 986 5403 ’⁷
1017 5367 1038 5424 Ι
1067 5367 1196 5424 Cor.
1229 5385 1286 5441 χ,
1321 5369 1408 5425 11.

270 5516 372 5589 (20)
403 5518 568 5588 Editi,
602 5518 738 5575 λαὸν
787 5517 970 5589 αὐτοῦ.
1026 5523 1150 5577 Vox
1196 5519 1362 5576 αὐτοῦ
1418 5522 1477 5578 in
1538 5539 1680 5580 mss.
1714 5539 1830 5580 non

208 5582 661 5669 legitdg._8tatim
691 5591 858 5662 editi,
904 5588 1252 5662 ιεαποοτιλιῖ
1293 5597 1361 5650 At
1418 5611 1515 5652 sex
1548 5612 1715 5669 mss.,
1747 5594 1834 5667 ἐξ·

207 5660 514 5719 αποστέλλει
526 5706 540 5722 .

270 5732 377 5808 (21)
410 5735 636 5809 Antiqui
667 5735 785 5792 duo
816 5733 971 5808 libri,
1005 5733 1380 5812 προπορεύσῃ.

2011 5524 2122 5602 (ἓξ)
2156 5521 2316 5602 Βοείῇ
2352 5519 2580 5602 primus
2611 5524 2672 5602 et
2696 5523 2966 5602 quartus,
3000 5517 3098 5573 οὐκ
3128 5513 3254 5602 esss
3269 5533 3422 5602 «10:.

2015 5583 2306 5670 l23_)_Edi'_ti
2337 5583 2395 5650 et
2415 5593 2601 5670 codex
2633 5583 2985 5670 Qainbetisii
3017 5583 3440 5670 recentior,_b'1t
3487 5583 3593 5670 ¹Καὶ

1941 5659 2070 5724 1:06.
2100 5659 2322 5723 Vocula
2346 5667 2444 5720 τοῦ
2487 5665 2548 5721 in
2597 5665 2781 5721 altero
2829 5662 3162 5721 Combsﬁsii
3221 5659 3420 5718 codice
3449 5661 3506 5715 et
3533 5659 3594 5716 in

1943 5738 2076 5796 aliis
2106 5737 2464 5810 quibusdam
2495 5752 2612 5792 non
2645 5735 2951 5808 reperitur.
