4118 6220
437 390 555 449 439

1377 380 1771 443 APPENDIX
1817 380 2141 441 OPERUM
2187 379 2252 439 S.
2300 377 2582 440 BASILll
2635 376 2902 437 MAGNI.

3729 376 3862 434 440

439 520 561 577 dit:
596 519 727 574 Ecce
782 532 903 572 sum
936 530 1072 588 ego:
1135 515 1204 569 ad
1247 514 1355 570 hoc
1412 531 1567 582 vero,
1623 514 1754 581 Quis
1809 513 1934 579 ibit,
1969 530 2084 568 non

2221 509 2359 585 ίρεία
2387 509 2521 581 πρὸς
2550 509 2649 576 τήν
2682 506 2968 582 ἐνίργειαν·
3027 501 3214 580 διόπερ
3254 503 3285 558 ὅ
3337 506 3432 576 μὲν
3477 503 3853 580 προαιρέσεως

440 609 577 664 item
609 606 951 678 respondit:
1003 605 1069 659 Et
1117 605 1232 658 ibo.
1283 609 1527 658 Noverat
1575 602 1730 658 enim
1782 619 1930 674 Opus
1958 619 2085 656 esse

437 695 556 751 Deo
588 695 855 765 adjutore
888 693 958 747 ad
993 693 1285 763 agendum
1316 709 1328 747 :
1354 708 1534 762 quare
1565 691 1719 761 quod
1746 690 1938 744 liberae
1965 695 2088 745 erat

439 783 757 839 voluntatis
788 786 845 837 et
889 780 1136 850 arbitrii,
1170 781 1226 834 id
1278 780 1527 846 obtulit;
1563 779 1717 851 quod
1773 794 1903 832 vero
1936 778 2086 832 indi-

439 873 612 945 gebat
642 871 996 942 perﬁciente,
1026 871 1081 923 id
1135 869 1368 925 silentio
1409 871 1802 940 praetermisit.
1856 869 2087 924 Dictum

443 965 532 1018 est
570 966 766 1015 autem
799 975 1220 1029 saepenumero,
1242 958 1530 1027 quomodo
1560 957 1761 1013 audiat
1793 959 2085 1030 quispiam

442 1064 638 1105 vocem
673 1045 925 1102 Domini.
961 1045 1251 1101 Nimirum
1295 1062 1460 1101 mens
1511 1047 1638 1116 ejus
1670 1049 1769 1118 qui
1800 1048 2089 1118 ejusmodi

444 1140 596 1193 dono
626 1135 923 1208 dignatur,
957 1135 1066 1189 sibi
1101 1152 1202 1205 per
1230 1133 1581 1189 ineﬁ‘abilem
1630 1136 1946 1205 quamdam
1978 1137 2090 1191 vir-

441 1230 625 1281 tutem
657 1223 822 1296 ﬁngit
852 1223 954 1278 Dei
1004 1240 1360 1289 sermonem,
1412 1224 1716 1279 insonante
1745 1224 1839 1290 iis,
1873 1225 1970 1297 qui
2000 1226 2091 1280 di-

444 1314 543 1387 gni
574 1318 715 1370 sunt
769 1315 985 1368 virtute
1043 1313 1258 1382 divina,
1315 1330 1429 1368 non
1463 1314 1533 1368 ad
1594 1330 1764 1369 aures
1809 1316 2089 1386 corporis,

442 1405 545 1460 sed
569 1403 759 1475 ipsam
783 1407 1004 1474 partem
1028 1403 1378 1472 praecipuam
1402 1401 1582 1456 animi
1603 1419 1803 1457 eorum
1829 1404 1928 1473 qui
1954 1421 2094 1474 pur-

441 1489 559 1560 gati
591 1493 752 1555 sunt,
788 1494 1047 1543 mentem
1107 1487 1329 1542 scilicet
1386 1488 1759 1555 informante,
1811 1506 1875 1544 ac
1919 1490 2094 1546 tacite

444 1578 846 1648 perceptiones
878 1593 1073 1631 rerum
1105 1592 1172 1630 ac
1201 1576 1424 1646 species
1458 1576 1515 1630 in
1569 1577 1653 1631 eis
1686 1576 1853 1647 quasi
1885 1577 2094 1633 inscri-

447 1669 642 1738 bente,
679 1667 734 1721 id
793 1668 948 1737 quod
1006 1666 1165 1722 auris
1213 1683 1349 1722 voce
1379 1667 1642 1722 sensibili
1699 1686 1976 1738 percussa
2021 1670 2092 1724 ad

446 1772 635 1826 usque
678 1756 866 1810 nostri
925 1756 1106 1810 animi
1167 1771 1408 1811 sensum
1469 1757 1832 1812 transmittit.
1869 1758 2097 1814 Audivit

2195 599 2287 669 ἦν,
2322 603 2483 652 τοῦτο
2517 595 2804 652 ἐπέδωκεν·
2851 595 2880 649 ὃ
2927 592 2983 648 δὲ
3023 597 3184 648 τοῦτο
3232 592 3569 656 τελειοῦντος
3627 589 3857 669 ἔχρῃζε,

2193 693 2354 742 τοῦτο
2387 687 2752 756 ἀπεσιώπησε.
2792 689 2915 746 Πῶς
2950 681 3006 738 δὶ
3051 683 3232 737 ἀκούει
3273 685 3371 752 τῆς
3403 691 3589 758 φωνῆς
3624 683 3851 758 Κυρίου,

2196 775 2467 836 πολλάκις
2496 775 2727 848 εἶ’ρηται.
2763 774 2835 834 ὡς
2896 772 2996 845 ἄρα
3050 774 3111 827 τὸ
3161 772 3488 847 ἡγεμονικὸν
3533 776 3630 825 τοῦ
3661 772 3852 841 ἀξιου-

2201 867 2359 938 μένου
2392 872 2486 933 τῆς
2510 863 2766 932 τοιαύτης
2793 861 3019 936 χάριτος
3071 862 3259 938 ἀφάτῳ
3287 861 3394 915 τινὶ
3445 858 3669 934 δυνάμει
3715 883 3848 938 φαν-

2197 958 2474 1008 τασιοῦται
2508 952 2670 1028 λόγον
2703 957 2857 1020 Θεοῦ,
2908 959 3008 1021 τῆς
3039 951 3183 1013 Θείας
3229 949 3512 1024 δυνάμεως
3540 949 3857 1026 ἐνηχούσης

2197 1049 2313 1104 τοῖς
2346 1043 2538 1114 ἀξίοις,
2590 1043 2653 1096 ού
2687 1039 2774 1096 διά
2801 1048 2902 1110 τῆς
2961 1047 3277 1114 σωματικῆς
3336 1041 3528 1108 ἀκοῆς,
3563 1039 3690 1095 ἀλλ’
3720 1039 3853 1095 αὐτὸ

2197 1134 2260 1188 τὸ
2311 1132 2640 1207 ἡγεμονικὸν
2692 1135 2796 1185 τῶν
2851 1129 3261 1205 κεκαθαρμὲνων
3319 1131 3416 1198 τήν
3479 1127 3714 1184 διάνοιαν
3761 1151 3856 1184 τυ-

2200 1222 2435 1292 πούσης,
2509 1220 2595 1274 καὶ
2668 1220 2833 1274 οἱονεῖ
2910 1219 3286 1296 ὲγγραφούσης
3540 1221 3729 1281 αὐτοῖς
3790 1221 3857 1272 τὰ

2200 1313 2448 1381 νοήματα
2500 1309 2635 1364 κατὰ
2683 1309 2747 1363 τὸ
2802 1310 3181 1380 σιωπώμενον
3245 1307 3374 1381 ὅπερ
3425 1309 3557 1380 ἡμῖν
3613 1305 3704 1362 διὰ
3753 1315 3856 1376 τῆς

2199 1400 2462 1470 αἰσθητῆς
2492 1405 2678 1475 φωνῆς
2735 1395 3092 1469 πλησσομένη
3127 1399 3161 1466 ἡ
3196 1395 3332 1464 ἀκοὴ
3391 1395 3479 1450 ἐπὶ
3530 1397 3627 1464 τὴν
3669 1398 3855 1450 συναί-

2169 1501 2390 1558 σθησιν
2443 1494 2543 1556 τῆς
2592 1490 2777 1561 ψυχῆς
2827 1487 3200 1561 παραπέμπει.
3249 1491 3472 1555 Νοητῆς
3527 1485 3618 1540 οὖν
3647 1484 3857 1554 ἤκουσε

2203 1580 2386 1654 φωνῆς
2443 1579 2511 1649 τῇ
2569 1573 2764 1650 καρδίᾳ
2821 1575 3195 1650 ἐγγενομένης,
3281 1575 3413 1644 ὅπερ
3477 1575 3566 1629 καὶ
3625 1574 3677 1629 ἰν
3735 1580 3858 1636 τοῖς

2205 1667 2392 1730 ὕπνοις
2438 1660 2722 1737 συμϐαίνει
2779 1664 3040 1738 γίνεσθαι.
3105 1663 3346 1720 Ἀκούειν
3402 1665 3502 1739 γὰρ
3563 1663 3861 1736 δοκοῦμεν,

2211 1753 2439 1828 μηδενὸς
2498 1752 2888 1831 φθεγγομένου,
2950 1752 3075 1808 ἀλλ’
3135 1753 3264 1827 οὐχὶ
3321 1753 3584 1823 αἰσθητῆς
3635 1751 3726 1806 διὰ
3763 1757 3867 1806 τοῦ

446 1844 628 1915 igitur
681 1843 1049 1914 spiritualem
1110 1862 1305 1900 vocem
1355 1845 1413 1899 in
1459 1847 1631 1902 corde
1679 1853 2092 1904 resonantem:

2221 1845 2369 1918 Ξιέρος
2399 1844 2533 1919 πρὸς
2591 1842 2719 1906 τοὺς
2774 1843 2977 1916 πόρους
3030 1849 3129 1910 τῆς
3179 1843 3348 1912 ἀκοῆς
3393 1842 3727 1916 ἐνεχθείσης.
3758 1838 3871 1898 Οὕ-

452 1932 607 2002 quod
640 1936 699 1986 et
731 1933 790 1986 in
823 1932 1070 1988 somniis
1101 1933 1224 1988 ﬁeri
1273 1935 1582 2005 contingit.
1637 1936 1918 1991 Videntur
1947 1938 2103 1993 enim

455 2020 679 2089 audire,
735 2021 968 2076 nemine
1015 2021 1330 2092 loquente;
1394 2039 1498 2078 nec
1529 2029 1722 2079 tamen
1779 2041 1885 2080 vox
1916 2029 2103 2081 sensi-

2215 1955 2322 1997 τως
2369 1931 2458 1988 οὖν
2521 1930 2681 1987 λαλεῖ
2733 1932 2759 1985 ὁ
2835 1930 2990 1998 Θεὸς,
3064 1931 3153 1984 καὶ
3227 1930 3400 1993 οὕτως
3460 1931 3751 1986 ἀκούουσιν
3812 1932 3870 1984 οἱ

2218 2023 2382 2097 ἅγιοι.

455 2107 592 2163 bilis
649 2125 752 2180 per
809 2125 998 2164 aerem
1059 2109 1318 2165 defertur
1374 2112 1444 2166 ad
1492 2112 1652 2167 auris
1710 2119 1959 2168 meatus.
2009 2115 2100 2170 Sic
2132 2115 2313 2186 igitur
2341 2114 2603 2184 loquitur
2631 2112 2808 2182 Deus,
2836 2113 3037 2184 sicque
3067 2113 3318 2168 audiunt
3348 2111 3554 2166 sancti.

539 2197 662 2251 188.
697 2196 868 2252 Vens.
922 2198 977 2262 9,
1041 2199 1125 2253 10.
1190 2199 1347 2268 Valle,
1410 2200 1619 2271 inquit,
1671 2210 1725 2256 et
1779 2202 1868 2258 die
1908 2208 2112 2275 populo

465 2286 595 2342 huic
619 2303 638 2342 :
670 2287 815 2341 Aura
839 2287 1093 2354 audietis,
1129 2291 1179 2343 et
1205 2305 1310 2343 non
1345 2290 1668 2358 intelligetis
1688 2307 1707 2350 .·
1728 2296 1776 2346 et
1806 2295 2113 2362 respicien-

465 2378 545 2431 tes
573 2378 906 2447 respicietis,
937 2381 1115 2432 etnon
1150 2378 1419 2434 videbitis.
1445 2383 1831 2435 Incrassatum
1863 2393 1944 2436 est
1963 2385 2114 2437 enim

464 2482 556 2521 cor
579 2467 777 2538 populi
805 2467 988 2535 huius,
1021 2477 1072 2523 et
1103 2471 1332 2524 auribus
1360 2474 1476 2525 suis
1502 2473 1750 2540 graviter
1791 2473 2108 2542 audierunt,

462 2556 514 2610 et
543 2555 727 2610 oculos
779 2571 899 2610 suos
955 2555 1302 2622 clauserunt,
1342 2574 1410 2613 ne
1463 2563 1604 2627 forte
1648 2561 1862 2616 videant
1910 2565 2112 2626 oculis,

462 2647 514 2699 et
544 2644 771 2699 auribus
801 2645 1059 2714 audiant,
1110 2649 1160 2700 et
1205 2646 1361 2701 corde
1409 2646 1760 2720 intelligant,
1811 2654 1859 2704 et
1889 2667 2113 2706 conver-

462 2735 673 2798 tantur,
705 2737 757 2788 et
785 2738 1000 2788 sanaho
1054 2751 1162 2789 eos.
1222 2735 1430 2790 Beatus
1473 2736 1691 2792 Paulus
1745 2739 1884 2793 dum
1918 2740 2112 2795 Romae

462 2837 595 2876 cum
627 2819 848 2877 Judaeis
879 2823 1218 2893 disputaret,
1247 2826 1600 2880 sententiam
1631 2825 1778 2881 hanc
1813 2830 2114 2900 perspicue

462 2912 520 2964 et
545 2910 842 2966 evidenter
871 2912 941 2966 ad
977 2916 1239 2983 tempore
1257 2913 1543 2969 adventus
1573 2915 1803 2970 Domini
1837 2918 2111 2988 referens,

464 2998 523 3053 in
561 2999 713 3054 Actis
762 2999 1033 3056 dicebat:
1085 3003 1228 3056 Bene
1285 3005 1434 3057 enim
1483 3003 1722 3074 Spiritus
1780 3017 2000 3060 sanctus
2034 3009 2110 3062 lo-

461 3092 618 3144 cutus
647 3093 725 3144 est
771 3105 873 3156 per
920 3091 1127 3145 Isaiam
1171 3092 1493 3162 prophetam
1543 3094 1612 3148 ad
1655 3100 1840 3164 patres
1887 3102 2108 3162 vestros,

461 3175 689 3230 dicens:
755 3177 913 3244 Vade,
973 3187 1023 3232 et
1065 3178 1152 3232 die
1202 3179 1406 3250 populo
1466 3181 1686 3244 huic“,
1723 3189 1831 3236 etc.
1893 3184 1959 3238 Et
1993 3183 2114 3238 base

463 3264 753 3317 sententia
785 3265 1037 3320 maxime
1093 3268 1344 3322 ostendit
1390 3270 1728 3339 prephetam
1780 3289 1882 3326 ceu
1917 3273 2112 3327 divino

465 3351 664 3406 afﬂatu
725 3351 1345 3427 loquentemzquippe
1404 3357 1630 3413 audivit
1688 3360 1940 3431 populus
1970 3365 2109 3416 Jesu

462 3455 812 3511 sermonem,
847 3457 950 3496 nec
984 3449 1178 3498 tamen
1211 3444 1530 3514 intellexit;
1566 3451 1624 3501 et
1656 3464 1992 3519 quanquam
2021 3468 2116 3521 pa-
2159 3471 2168 3484 ο

463 3532 616 3583 trata
645 3529 718 3584 ab
749 3546 816 3584 eo
849 3529 1132 3586 miracula
1160 3539 1441 3600 cerneret,
1475 3551 1543 3589 ea
1575 3552 1688 3590 non
1721 3536 1970 3593 videbat.
1993 3540 2117 3594 Haec

465 3615 623 3670 enim
656 3617 966 3686 sententia,
999 3635 1130 3673 cum
1165 3619 1222 3675 in
1272 3621 1535 3677 futurum
1589 3628 1822 3696 tempus
1854 3627 2118 3694 inclinet,

463 3704 741 3759 vaticinia
773 3706 841 3760 ad
880 3709 1200 3778 posteriora
1252 3715 1508 3782 tempora
1561 3720 1824 3784 spectare
1856 3715 2116 3785 indicat;

467 3797 525 3848 et
562 3793 697 3849 inde
729 3794 1062 3851 declaratur
1109 3799 1290 3854 divini
1333 3801 1543 3870 judicii
1577 3805 1841 3873 aaquitas.
1893 3805 2118 3860 Etenim

472 3897 604 3937 cum
641 3882 824 3939 Isaias
846 3884 1090 3940 dixisset
1120 3886 1333 3944 habere
1359 3905 1419 3944 se
1451 3890 1606 3946 labia
1638 3892 2029 3957 immunda,et
2051 3895 2121 3949 de

469 3970 686 4042 populo
711 3972 928 4042 pariter
959 3975 1360 4045 subjunxisset
1384 3979 1472 4032 :In
1504 3979 1680 4035 medio
1707 3982 1904 4052 populi
1937 3982 2122 4037 habito

469 4061 761 4117 immunda
811 4063 956 4118 labia
1003 4064 1270 4136 habentis,
1326 4083 1668 4124 concessum
1719 4069 1770 4124 ei
1806 4070 1913 4126 fuit
1945 4070 2121 4126 venias

468 4149 712 4218 donum,
743 4150 1051 4224 eidemque
1101 4171 1198 4226 per
1253 4173 1433 4210 unum
1468 4174 1498 4212 e
1549 4158 1842 4228 serapbim
1875 4161 2124 4215 accessit

469 4239 761 4310 purgatio,
823 4240 1040 4312 populo
1075 4259 1188 4298 nou
1250 4245 1427 4300 item:
1480 4245 1771 4316 siquidem
1832 4247 1958 4318 pari
2005 4265 2120 4304 non

469 4327 860 4383 movebantur
906 4329 1113 4384 affectu
1169 4337 1224 4386 et
1274 4333 1553 4403 propheta
1607 4340 1664 4388 et
1713 4335 1988 4406 populus.
2023 4337 2124 4393 Ille

2294 2203 2411 2257 188.
2475 2200 2738 2274 Πορεύου,
2799 2200 2955 2277 φησὶ,
3011 2199 3102 2254 καὶ
3159 2201 3308 2253 εἷπον
3351 2203 3430 2270 τῷ
3487 2198 3606 2270 λαῷ
3658 2201 3873 2270 τούτῳο

2219 2293 2388 2363 Ἀκοῇ
2448 2289 2721 2357 ἀκούσετε,
2781 2289 2868 2343 καὶ
2929 2288 2993 2343 οὗ
3025 2289 3100 2360 μή
3177 2295 3390 2356 συνῆτι’
3468 2289 3556 2340 καί
3637 2285 3876 2362 βλέπον-

2220 2399 2306 2442 τες
2366 2377 2592 2452 βλέψετε
2857 2377 2948 2431 καὶ
3009 2376 3069 2431 οὐ
3142 2377 3217 2447 μή
3292 2373 3461 2444 ῗδῆτε.
3550 2376 3872 2449 Ἐπαχύνθη

2222 2469 2326 2542 γὰρ
2369 2469 2404 2536 ἡ
2460 2463 2653 2540 καρδία
2709 2470 2804 2521 τοῦ
2836 2464 2970 2520 λαοῦ
3026 2465 3243 2535 τούτου,
3292 2465 3379 2519 καῖ
3439 2470 3557 2526 τοῖς
3612 2463 3745 2518 ὠσῖν
3774 2463 3881 2518 αὖ·

2222 2561 2328 2610 τῶν
2395 2556 2602 2630 βαρέως
2657 2552 2919 2624 ἤκουσαν,
2979 2553 3242 2616 καὶτοὺς
3320 2551 3640 2628 ἀφθαλμοὺς
3697 2553 3882 2607 αὐτῶν

2224 2644 2581 2716 ἐκάμμυσαν,
2669 2647 2882 2716 μήποτε
2959 2640 3115 2697 ἴδωσι
3185 2649 3302 2704 τοῖς
3377 2641 3720 2719 ὀφθαλμοῖς,
3777 2643 3878 2696 καὶ

2221 2739 2337 2795 τοῖς
2392 2733 2522 2788 ὠσὶν
2579 2733 2849 2787 ἀκούσωσι
2908 2736 3040 2806 (26),
3119 2731 3207 2786 καὶ
3264 2736 3332 2805 τῇ
3394 2729 3590 2805 καρδίᾳ
3647 2736 3878 2802 συνῶσι,

2222 2824 2310 2877 καὶ
2370 2821 2752 2895 ἰπιστρέψωσι,
2782 2821 2872 2875 καὶ
2935 2821 3158 2893 ἰάσομαι
3189 2820 3405 2881 αὐτούς.
3464 2822 3636 2877 Τουτο
3686 2819 3884 2894 16,51,-

2221 2912 2313 2966 τὸν
2369 2915 2550 2989 σαφῶς
2603 2910 2692 2964 καὶ
2742 2909 3150 2986 ἆναντιρῥήτως
3201 2909 3288 2963 ἐπὶ
3339 2913 3468 2971 τοῦς
3508 2909 3742 2984 χρόνους
3784 2911 3883 2986 φὲο

2225 3021 2331 3075 ρων
2363 3007 2464 3068 τῆς
2519 3003 2615 3053 τοῦ
2677 2999 2877 3073 Κκρίου
2937 2995 3252 3071 ἐπιδημίας,
3287 2999 3314 3052 ὁ
3357 2999 3619 3072 μακάριος
3653 2996 3885 3063 Παῦλος

2223 3087 2408 3164 ἔλεγεν
2461 3088 2514 3143 ἐν
2569 3093 2688 3152 ταῖς
2766 3088 3012 3161 Ιῐράξεσι,
3075 3087 3250 3149 τοῖςίν
3324 3087 3511 3161 Ῥώμῃ
3584 3084 3886 3151 Ἰουδαίοις

2223 3176 2636 3252 διαλεγόμενος·
2672 3176 2872 3240 Καλῶς
2929 3179 3030 3252 γὰρ
3061 3178 3124 3232 τὸ
3182 3181 3401 3250 Πνεῦμα
3447 3176 3510 3230 τὸ
3560 3176 3710 3252 ἅγιον
3743 3175 3887 3230 ἰλά-

2224 3266 2360 3336 λησε
2417 3265 2506 3320 διὰ
2583 3265 2800 3322 Ἠσαίου
2870 3271 2966 3321 τοῦ
3037 3269 3324 3344 προφήτου
3393 3266 3528 3342 πρὸς
3581 3266 3706 3326 τοὺς
3763 3286 3888 3319 πα-

2223 3359 2379 3428 τὲρας
2437 3357 2589 3429 ὑμῶν
2649 3359 2782 3429 (27),
2834 3355 3014 3432 λὲγονο
3067 3355 3393 3430 Ηορεύθητι,
3447 3355 3535 3409 καὶ
3591 3357 3740 3409 εἷπον
3800 3360 3889 3428 τῷ

2226 3443 2343 3516 λαῷ
2373 3445 2570 3518 τούτῳ.
2603 3446 2691 3499 καὶ
2751 3447 2816 3500 τὰ
2863 3444 3008 3515 ἑξῆς.
3043 3444 3146 3501 Καὶ
3197 3449 3358 3499 τοῦτο
3421 3441 3656 3516 μάλιστα
3684 3444 3746 3498 τὸ
3783 3443 3890 3518 ῥη-

2227 3535 2317 3588 τὸν
2377 3535 2468 3588 τὸν
2524 3537 2815 3609 προφήτην
2871 3534 2946 3598 ὡς
3001 3534 3180 3588 θεόθεν
3243 3533 3716 3611 ἀποφθεγγόμενον
3778 3554 3887 3586 παι

2231 3625 2562 3700 ρασκευάζει·
2616 3624 2834 3699 ἐπείπερ
2890 3621 3119 3692 ἤκουσεν
3165 3623 3192 3676 ὁ
3251 3622 3382 3684 λαὸς
3427 3623 3518 3677 τὸν
3565 3623 3746 3691 Ἰησοῦ
3783 3619 3892 3676 λό-

2229 3734 2324 3788 γον
2359 3717 2497 3785 (28),
2558 3711 2644 3766 καί
2690 3711 2751 3767 ού
2810 3719 3024 3781 συνῆκι’
3079 3711 3167 3766 καὶ
3231 3710 3447 3786 βλέπων
3490 3711 3555 3764 τὰ
3590 3711 3677 3765 ὑπ’
3710 3709 3887 3765 αὐτοῦ

2228 3802 2482 3877 γινόμενα
2533 3803 2803 3875 τεράστια,
2864 3799 2970 3875 οὐχ
3048 3799 3208 3876 ἐώρα.
3283 3799 3374 3860 Είς
3437 3798 3707 3871 μέλλοντα
3771 3799 3885 3874 γὰρ

2230 3891 2425 3966 χρόνον
2476 3889 2726 3946 ἐκκλῖνον
2755 3890 2817 3944 τὸ
2851 3889 3012 3965 ῥητὸν
3056 3888 3302 3967 ἐμφαίνει
3332 3889 3432 3955 τὴν
3496 3887 3571 3948 είς
3622 3885 3888 3962 ὑστέρους

2231 3979 2463 4055 χρόνους
2509 3985 2616 4034 τῶν
2670 3977 3161 4056 προφητευομὲνων
3215 3979 3324 4048 (29)
3373 3975 3668 4052 ἀναφορὰν,
3699 3975 3793 4029 καὶ
3829 3974 3885 4030 ἐν

2229 4068 2406 4139 τούτῳ
2443 4069 2505 4122 τὸ
2534 4066 2758 4143 εὔλογον
2813 4074 2914 4137 τῆς
2940 4070 3038 4120 τοῦ
3085 4070 3218 4121 Θεοῦ
3248 4065 3476 4137 κρίσεως
3507 4065 3884 4140 ἀναφαίνεται.

2230 4157 2494 4219 Εἰπόντος
2525 4158 2627 4230 γὰρ
2660 4160 2759 4211 τοῦ
2789 4153 3033 4225 Ἡσαΐου,
3065 4155 3147 4210 ὅτι
3200 4155 3506 4229 Ἀκάθαρτα
3535 4152 3700 4229 χείλη
3738 4147 3884 4228 ἔχω·

2229 4246 2318 4300 καὶ
2377 4247 2708 4318 συνάψαντος
2766 4245 2856 4299 καὶ
2903 4245 3027 4320 περὶ
3082 4248 3180 4299 τοῦ
3237 4241 3393 4310 λαοῦ,
3433 4243 3514 4297 δτι
3579 4243 3668 4297 Ἐν
3733 4241 3888 4314 μέσῳ

2232 4333 2368 4389 λαοῦ
2447 4334 2580 4389 οίκῶ
2659 4335 2928 4409 ἀκάθαρτα
3002 4330 3167 4408 χείλη
3228 4327 3470 4407 ἔχοντος.
3553 4329 3702 4401 αὗτῷ
3785 4331 3888 4402 μὲν

465 4414 622 4468 enim
656 4415 801 4470 vidit
833 4417 986 4472 519
1025 4419 1332 4475 Dominum
1361 4422 1616 4477 Sabaoth
1639 4423 1698 4477 in
1730 4424 1876 4480 solio
1907 4426 2107 4482 seden-

2227 4421 2386 4494 ἐδόθη
2420 4427 2454 4492 ἡ
2487 4425 2649 4499 χάρις
2671 4430 2772 4493 τῆς
2815 4423 3240 4498 συγχωρήσεως,
3285 4421 3374 4475 καὶ
3423 4421 3458 4489 ἠ
3515 4420 3780 4494 κάθαρσις
3813 4415 3889 4472 δι’

467 4503 611 4567 tem,
643 4506 819 4574 atque
852 4504 926 4562 iis
957 4522 1084 4578 quae
1138 4508 1389 4566 intuitus
1437 4516 1547 4581 est,
1605 4512 1874 4570 adhibuit
1903 4515 2116 4572 fidem:

466 4587 527 4644 hi
559 4606 692 4648 vero
717 4591 853 4651 licet
899 4596 1215 4653 Dominum
1265 4599 1531 4656 viderent
1577 4619 1778 4660 secum
1819 4605 2119 4662 diversan-

531 4779 576 4816 ³⁸
606 4780 727 4840 Act.
759 4798 960 4855 xxvux,
995 4785 1084 4860 25,
1115 4787 1207 4844 26.

535 4975 649 5048 (24)
679 4977 1036 5062 N.ostrinsex
1088 4983 1222 5062 libri
1266 4990 1514 5062 veteres,
1564 4987 1899 5062 γραφούσης.
1933 4990 2106 5058 Editi,

464 5042 859 5130 ιγγραὶρούσης.
894 5057 1018 5130 Quo
1048 5061 1245 5111 autem
1276 5042 1612 5115 testimonio
1643 5042 1723 5117 ita
1753 5042 2108 5130 editumwsit:

462 5122 835 5201 nescio.:.sed
866 5127 1005 5201 quin
1043 5133 1275 5198 praestet
1310 5130 1397 5201 ita
1420 5131 1555 5201 legi,
1589 5150 1700 5187 nou
1731 5134 1950 5189 dubito.
1990 5122 2107 5189 Ibi:

461 5193 594 5277 dem
628 5193 1551 5277 ed_itie_tquinq'ue_m_ss._._«610?;
1575 5206 1640 5257 At
1668 5204 1825 5260 Cnlb.
1857 5206 2106 5277 primus,

459 5261 1047 5390 abiimspaulo'post'
1081 5274 1242 5342 editi,
1288 5274 1418 5344 ἅπερ
1469 5261 1625 5344 ἡμῖν.
1663 5281 1735 5330 At
1782 5261 1924 5332 mss.
1962 5261 2103 5332 non:

459 5352 537 5390 nu
591 5353 629 5390 ι.
696 5357 816 5390 περ.

459 5352 629 5402 num,
663 5352 816 5402 οπερ.

528 5358 934 5492 ξξξῆξιέᾗὲτθε
989 5413 1214 5492 aliquot
1269 5415 1440 5481 libri,
1495 5413 1814 5472 ἀκούσετε...
1877 5416 2105 5492 βλέψετε

664 5479 994 5559 diatonon“?
1035 5476 1296 5559 βλέψητε.

532 5549 836 5632 (26).Edi_t_i_
854 5549 910 5611 et
940 5549 1080 5632 Reg.
1123 5549 1369 5630 primus,
1407 5556 1614 5632 βαρέως
1663 5557 1952 5632 ἀκούσωσι.
1982 5562 2104 5618 Vox

457 5621 707 5706 prior'in
740 5626 871 5706 aliis
903 5621 1165 5706 quinque
1215 5621 1365 5706 mss;
1393 5621 1592 5706 _'de'est.
1625 5631 1938 5706 Aliquanto
1971 5641 2104 5706 post

455 5693 578 5752 tres
610 5710 778 5770 mss.,
809 5693 1209 5776 ἑπιᾱτρέψὸυσι.
1239 5701 1358 5760 Ηοο
1389 5700 1516 5775 ipso
1548 5705 1608 5762 in
1624 5693 1754 5763 loco
1780 5711 1899 5764 tres
1930 5693 2100 5776 niam,

2229 4513 2348 4576 ἐνὸς
2373 4517 2480 4567 τῶν
2515 4513 2772 4588 σεραφὶμ,
2805 4516 2884 4582 τῷ
2914 4510 2973 4566 δὲ
3017 4510 3135 4582 λαῷ
3159 4509 3362 4565 ούκέτι·
3396 4505 3586 4576 ἐπειδὴ
3615 4505 3750 4562 οὐδὲ
3781 4508 3886 4576 τήν

2229 4599 2461 4658 διάθεσιν
2491 4601 2684 4676 ὁμοίαν
2718 4604 2870 4677 εἶχον
2905 4598 2935 4656 ὅ
2983 4620 3043 4655 τε
3097 4600 3388 4675 προφήτης
3431 4597 3519 4653 καὶ
3569 4597 3596 4652 ὁ
3628 4594 3791 4659 λαός.
3822 4596 3889 4654 Ὀ

2219 4987 2489 5062 ῗάσωμαι,
2512 5006 2719 5046 sanem.
2753 4988 3015 5062 Subinde
3045 4986 3208 5058 editi,
3230 4982 3429 5062 _tDCé1'ti
3459 4985 3587 5048 τοὺς
3617 4984 3883 5062 χρόνους-

2215 5059 2434 5118 Vocula
2465 5061 2538 5122 ὡς
2569 5063 2630 5118 in
2660 5061 2880 5118 nostris
2910 5077 3007 5116 sex
3035 5076 3178 5115 mss.
3213 5059 3396 5115 deest.

2288 5136 2396 5205 (27)
2430 5133 2579 5188 Editi
2612 5139 2668 5189 et
2701 5133 2882 5189 nostri
2928 5149 3042 5205 sex”
3071 5147 3240 5205 ωδε..
3265 5128 3547 5205 *ὑμῶνιαά
3575 5138 3762 5205 patres
3793 5147 3887 5186 ve-

2213 5202 2479 5261 stros.'At
2511 5206 2568 5260 in
2604 5207 2764 5262 Actis
2795 5221 2990 5271 xxvm,
3022 5204 3112 5274 25,
3167 5202 3401 5274 legitur,
3448 5203 3631 5273 ἡμῶν,
3670 5203 3744 5256 ad
3770 5219 3882 5274 pa-

2214 5287 2319 5332 tres
2343 5283 2576 5332 nostros.

2284 5349 2598 5420 (‘28)AEditi,
2660 5346 2790 5410 λαὸς
2817 5349 2914 5420 τοῦ
2943 5341 3412 5420 ΑἸησοῦψλόγων.
3458 5347 3716 5420 Fetere-3
3757 5345 3881 5420 duo

2214 5411 2531 5485 Ιὶίίνίίλαὸς
2559 5411 2660 5473 τοῦ
2681 5423 2856 5490 ἰησοῦ
2887 5411 3073 5491 λόγον.
3105 5416 3216 5472 Alii
3274 5411 3414 5486 tres,
3458 5411 3590 5477 λαὸς
3637 5414 3732 5468 τὸν
3760 5415 3874 5485 Ἰη-

2214 5495 2308 5545 σοῦ
2341 5489 2525 5545 λόγον.

2213 5511 2308 5546 σου
2341 5511 2525 5548 Λογον.

2281 5566 2395 5635 (29)
2423 5555 2679 5634 Uterque
2708 5562 2892 5631 Colb.,
2921 5564 3029 5615 τῶν
3078 5555 3434 5635 πραγμάτων,
3465 5558 3621 5616 docet
3651 5573 3740 5614 res
3770 5575 3874 5615 rc-

2207 5637 2468 5707 lerendas
2496 5651 2626 5705 esse,
2662 5635 2859 5692 minus
2882 5638 3053 5691 recte.
