4118 6220
311 355 412 414 Ml

1125 355 1529 416 COMMENT.
1575 355 1656 415 IN
1702 355 1968 417 ISAIAM
2017 355 2525 417 PROPHETAM.
2575 355 2746 416 CAP.
2791 355 2898 415 Vl.

3597 352 3714 412 ΜΞ

313 487 401 557 μὲν
431 484 536 560 γὰρ
585 481 690 540 εἶδε
739 483 941 560 Κύριον
991 479 1220 540 Σαϐαὼθ
1262 487 1570 559 καθήμενον
1604 485 1690 541 ἐπὶ
1725 487 1940 560 θρόνου²

2059 492 2198 558 tem,
2234 487 2475 544 minime
2504 488 2894 544 crediderunt.
2931 486 2997 541 Et
3025 484 3122 540 ille
3139 483 3354 539 auditis
3389 483 3712 554 seraphim,

305 575 391 628 καὶ
448 573 749 629 ἐπίστευσεν
803 577 888 636 οἷς
935 573 1209 638 ἐθεάσατοΔ
1255 575 1308 630 οἱ
1341 573 1396 629 δὲ
1431 573 1721 650 βλέποντες
1754 573 1948 646 ἐπιδη-

307 667 506 735 μοῦντα
533 663 624 717 τὸν
657 662 874 738 Κύριον,
934 664 1033 718 οὐκ
1081 663 1380 720 ἐπίστευον.
1417 665 1512 720 Καὶ
1575 666 1603 719 6
1652 665 1746 736 μὲν
1797 664 1952 719 ἀκού-

300 773 394 813 σας
427 757 534 807 τῶν
560 752 816 830 σεραφῖμ,
852 757 1045 819 συνῆκε
1073 755 1171 822 τήν
1205 751 1531 828 δοξολογίαν
1579 757 1692 827 (30)
1744 755 1946 808 αὐτῶν·

299 838 447 896 οἱδὶ
478 842 764 905 ἀκούοντες
786 847 894 897 τῶν
930 843 1190 919 ῥημάτων
1240 847 1336 897 τοῦ
1388 850 1670 918 Σωτῆρος,
1720 842 1780 898 ού
1829 864 1950 897 κατα

298 928 576 1005 εδὲχοντο.
628 932 723 986 Καὶ
773 936 871 986 τοῦ
923 933 1016 1005 μὶν
1054 934 1088 1002 ἡ
1143 930 1339 1006 καρδία
1381 937 1774 1006 κατανυγεῖσα,
1835 952 1952 986 συν-

295 1018 494 1092 ῄσθετο
525 1027 622 1089 τῆς
655 1018 794 1082 ἲδίας
828 1020 1108 1096 ἁμαρτίας
1146 1018 1230 1075 διὸ
1279 1020 1443 1076 εἶπεν·
1489 1023 1558 1075 ’Ὠ
1603 1018 1772 1085 τάλας
1818 1020 1950 1095 ἐγὼ⁹

297 1105 444 1163 διότι
508 1111 942 1186 κατανένυγμαι·
1010 1114 1116 1164 τῶν
1178 1107 1234 1164 δὲ
1292 1109 1570 1185 ἐπαχύνθη
1632 1113 1666 1178 ἡ
1734 1107 1946 1186 καρδία,

293 1199 437 1272 πρὸς
465 1198 528 1252 τὸ
561 1196 830 1272 μηδεμίαν
864 1194 1049 1254 λαϐεῖν
1083 1195 1288 1254 ἔννοιαν
1321 1200 1393 1253 ὧν
1441 1200 1777 1274 ἡμάρτανον,
1811 1197 1950 1272 μηδὲ

292 1287 623 1362 προσελθεῖν
665 1293 744 1360 τῷ
813 1285 1096 1361 δυναμένῳ
1152 1289 1339 1349 αὐτοῖς
1383 1288 1586 1366 ἀφιέναι
1636 1289 1728 1350 τὰς
1774 1290 1947 1364 ἁμαρ-

287 1375 435 1437 τίας.
469 1378 567 1430 Διά
595 1381 754 1431 τοῦτο
787 1378 816 1430 6
846 1377 940 1448 μὲν
970 1376 1291 1453 ἐκαθαρίσθη
1322 1379 1459 1450 (31),
1514 1375 1564 1430 οἷ
1619 1373 1676 1430 δὲ
1721 1375 1948 1450 ἀφείθη-

2061 578 2289 632 divinas
2322 577 2525 633 laudes
2557 577 2628 632 ab
2686 576 2833 648 ipsis
2886 576 3224 631 decantatas
3274 571 3597 641 intellexit;
3646 574 3708 627 hi

2061 672 2259 721 autem
2287 669 2459 722 verba
2489 667 2867 721 exaudientes
2897 663 3245 731 Servatoris,
3279 678 3347 717 ea
3386 677 3500 715 non
3548 678 3710 716 exce-

2061 773 2214 827 pere.
2249 759 2435 826 Atque
2466 772 2565 810 cor
2595 755 2833 827 quidem
2859 754 3016 809 illius
3040 756 3242 824 utpote
3268 754 3712 821 compunctum,

2062 845 2361 916 proprium
2423 845 2608 899 sensit
2666 848 2990 915 peccatum,
3042 845 3398 912 quapropter
3447 838 3626 893 dixit:
3673 837 3712 892 0

2059 936 2228 988 miser
2250 950 2361 1005 ego,
2401 936 2532 1005 quia
2570 942 2922 1004 compunctus
2969 947 3130 986 sum:
3179 929 3389 984 horum
3438 944 3568 983 vero
3615 943 3714 983 cor

2058 1021 2450 1078 incrassatum
2483 1028 2591 1088 est,
2658 1032 2713 1077 ut
2763 1039 2830 1076 ne
2883 1019 2998 1076 ullo
3054 1022 3420 1091 peccatorum
3464 1032 3708 1071 suorum

2059 1127 2233 1166 sensu
2268 1115 2666 1182 tangerentur,
2701 1127 2890 1181 neque
2921 1108 3259 1164 accederent
3287 1108 3355 1160 ad
3398 1121 3554 1170 eum,
3606 1105 3707 1175 qui

2060 1199 2205 1270 ipsis
2235 1205 2468 1271 peccata
2487 1201 2816 1255 condonare
2840 1203 3079 1270 poterat.
3106 1197 3292 1258 Quare
3314 1193 3412 1248 illo
3437 1203 3704 1264 purgato,

2059 1288 2118 1342 hi
2151 1289 2205 1343 in
2243 1290 2367 1344 suis
2398 1288 2654 1344 derelicti
2685 1296 2821 1342 sunt
2853 1287 3125 1358 peccatis,
3153 1284 3305 1338 sicut
3333 1289 3390 1338 et
3421 1281 3704 1337 Dominus

2060 1379 2131 1433 ad
2165 1395 2262 1433 eos
2297 1378 2528 1432 locutus
2559 1382 2684 1432 est:
2713 1377 3092 1431 Morieminiin
3127 1376 3365 1444 peccatis
3409 1373 3601 1426 veslris
3635 1371 3700 1424 9°.

287 1485 389 1517 σαν
422 1464 474 1519 ἐν
507 1471 624 1527 ταῖς
657 1465 964 1540 ἁμαρτίαις·
998 1467 1072 1528 ὡς
1105 1465 1192 1520 καὶ
1227 1467 1255 1521 6
1290 1466 1483 1539 Κύριος
1512 1462 1612 1543 ἔφη
1646 1467 1781 1540 πρὸς
1812 1464 2026 1534 αὐτοὺς,
2056 1464 2140 1520 ὅτι
2172 1467 2552 1529 Ἀποθανεῖσοε
2583 1465 2634 1519 ἐν
2667 1470 2780 1526 ταῖς
2817 1461 3104 1537 ἁμαρτίαις
3139 1461 3312 1533 ὑμῶν.

366 1555 499 1610 189.
538 1552 694 1627 Τάχα
727 1551 784 1609 δὲ
812 1575 894 1615 τις
922 1554 1294 1624 ἀντιστήσεται
1332 1554 1482 1626 ὑμῶν
1515 1559 1594 1625 τῷ
1626 1553 1799 1628 λόγῳ,
1861 1551 1949 1608 διὰ

285 1643 351 1696 τὸ
409 1641 678 1717 εἰρῆσθαι,
726 1643 892 1698 Εἶπον
933 1647 1013 1715 τῷ
1063 1643 1180 1715 λαῷ
1225 1644 1422 1715 τούτῳ·
1475 1642 1536 1698 οὐ
1591 1644 1949 1719 προσιέμενος

289 1730 382 1785 ἐπὶ
413 1730 544 1793 τοὺς
574 1731 810 1807 χρόνους
835 1737 932 1787 τοῦ
989 1735 1250 1807 Σωτῆρος
1293 1736 1459 1786 ταῦτα
1489 1732 1946 1810 προφητεύεσθαι.

293 1819 356 1875 Εἰ
391 1819 498 1895 γὰρ
527 1823 613 1890 τὸ,
662 1821 850 1894 Τούτῳ
883 1824 1018 1895 (32),
1051 1819 1319 1877 δεικτικόν
1359 1821 1493 1893 ἐστι,
1527 1819 1704 1883 οὐδεὶς
1738 1819 1796 1876 δὲ
1839 1827 1948 1877 τῶν

291 1910 405 1963 ἀπὸ
431 1913 529 1964 τοῦ
582 1908 937 1983 δεικνυμένου
988 1909 1124 1965 λαοῦ
1154 1908 1399 1984 ἤμελλεν
1431 1909 1644 1965 ἀκούειν
1687 1914 1784 1964 τοῦ
1830 1917 1948 1965 Σω-

301 2005 500 2071 τῆρος,
548 1999 584 2068 ἢ
643 1999 864 2076 βλέπειν
913 1999 1077 2054 αὐτοῦ
1123 2001 1190 2055 τὰ
1237 1999 1525 2074 Θαυμάσιον
1575 2004 1694 2063 πῶς
1722 2000 1947 2074 ἁρμόζει

299 2087 392 2157 τὸ,
441 2091 532 2160 Τῷ
560 2085 681 2161 λαῷ
706 2089 903 2162 τούτῳ,
933 2094 1053 2151 τοῖς
1082 2094 1336 2144 τοσοῦτον
1387 2094 1484 2144 τοῦ
1516 2090 1802 2167 προφήτου
1854 2109 1949 2161 με·

292 2176 736 2252 ταγενεστὲροις;
769 2180 954 2251 Ἡμεῖς
989 2175 1046 2234 δὶ
1094 2177 1145 2248 ἐξ
1195 2177 1380 2234 ἄλλων
1423 2177 1684 2254 ῥημάτων
1734 2198 1948 2256 προφη-

288 2271 462 2320 τικῶν
524 2264 708 2342 ῥᾳδίαν
759 2266 912 2323 λύσιν
969 2267 1346 2340 ἐπινοήσωμεν
1403 2272 1483 2340 τῷ
1558 2262 1944 2343 προϐλήματι·

285 2353 527 2426 Εἴρηται
570 2358 672 2432 γὰρ
727 2353 783 2412 ἕν
851 2378 956 2412 τινι
1012 2361 1120 2411 τῶν
1175 2353 1422 2411 δώδεκα⁶
1513 2355 1652 2417 Λαός
1713 2376 1840 2428 μου,
1887 2356 1940 2410 τί

284 2443 526 2516 ἐποίησά
584 2466 691 2514 σοι,
745 2445 780 2514 ἢ
841 2445 892 2501 τί
949 2444 1198 2516 ἐλύπησα
1251 2466 1329 2512 σε,
1377 2445 1413 2514 ἢ
1445 2446 1497 2500 τί
1538 2444 1943 2521 παρηνόχλησά

283 2553 415 2604 σοις
471 2534 828 2611 Ἀποκρίθητί
893 2556 1016 2608 μοι.
1079 2535 1229 2589 Διότι
1291 2533 1562 2609 ἀνήγαγόν
1625 2555 1682 2588 σε
1732 2532 1792 2588 ἐκ
1838 2536 1941 2608 γῆς

282 2622 597 2696 Αἰγύπτου,
670 2624 763 2678 καὶ
848 2621 899 2694 ἐξ
976 2619 1132 2678 οἷ’κου
1217 2620 1469 2685 δουλείας
1544 2621 1936 2697 ἐλυτρωσάμην

283 2731 369 2779 σε,
436 2711 528 2766 καὶ
604 2712 953 2783 ἐξαπίστειλα
1017 2709 1326 2785 ἔμπροσθίν
1405 2733 1500 2766 σου
1563 2711 1656 2766 τὸν
1710 2717 1935 2781 Μωσῆν,

281 2800 379 2854 καὶ
439 2803 667 2878 Ἀαρὼν,
717 2801 806 2857 καὶ
860 2803 1108 2876 Μαριάμ.
1162 2804 1364 2876 Ὥσπερ
1414 2801 1517 2876 γὰρ
1561 2800 1683 2855 τότε
1734 2801 1860 2875 οὐχὶ
1909 2801 1937 2854 ὁ

281 2889 423 2944 κατὰ
450 2891 542 2944 τὸν
595 2893 883 2968 προφήτην
938 2891 1066 2953 λαὸς
1115 2887 1220 2946 εἶδε
1265 2892 1362 2959 τήν
1393 2889 1692 2966 Αἴγυπτον,
1721 2890 1754 2958 ἢ
1789 2886 1936 2958 ὡδη-

281 2980 436 3051 τήθη
470 2980 617 3054 παρὰ
658 2985 764 3034 τῶν
806 2979 1222 3054 προειρημένων
1255 2983 1390 3054 (33),
1445 2979 1534 3034 καὶ
1579 2979 1732 3053 ὅμως
1781 2977 1939 3040 αὐτὸς

282 3067 605 3138 ὀνειδίζεται
659 3069 734 3131 ὡς
785 3069 869 3124 ἐπὶ
917 3075 1036 3131 ταῖς
1104 3068 1377 3144 ἐργασίαις
1425 3069 1644 3131 ταύταις
1691 3069 1938 3142 ἀγνωμο-

2132 1557 2253 1611 189.
2288 1557 2451 1611 Forte
2484 1563 2677 1610 autem
2712 1555 3005 1626 quispiam
3038 1551 3444 1607 adversabitnr
3489 1553 3698 1604 nostra:

2059 1646 2383 1714 sententiae,
2413 1663 2480 1700 ex
2510 1661 2576 1700 eo
2609 1645 2760 1715 quod
2796 1643 3012 1697 dictum
3046 1644 3170 1694 est:
3209 1639 3312 1692 Dic
3337 1637 3700 1708 papulohuic:

2059 1750 2164 1788 nec
2195 1750 2584 1789 concessurus
2631 1739 2720 1788 est
2768 1732 2888 1786 hac
2938 1728 3212 1784 vaticinia
3264 1727 3335 1782 ad
3384 1724 3700 1780 Salvatoris

2059 1830 2324 1896 tempora
2377 1840 2505 1878 esse
2564 1823 2884 1878 referenda.
2946 1820 3173 1876 Etenim
3233 1819 3281 1873 si
3341 1834 3466 1884 vox,
3542 1816 3698 1881 Huic,

2060 1931 2379 1985 pronomen
2412 1919 2499 1968 est
2524 1911 3070 1980 demonstrativum,
3105 1907 3302 1964 nullus
3327 1909 3521 1960 autem
3548 1921 3617 1959 ex
3637 1919 3702 1958 eo

2059 2003 2272 2074 populo
2317 2002 2416 2073 qui
2473 2001 3008 2068 demonstrabatur,
3053 1997 3362 2052 auditurus
3410 1999 3535 2049 erat
3580 1990 3704 2046 Sal-

2056 2097 2336 2161 vatorem,
2369 2096 2470 2146 aut
2518 2093 2646 2162 ejus
2691 2090 3013 2144 intuiturus
3060 2083 3378 2150 miracula;
3430 2081 3531 2153 qui
3579 2079 3706 2134 ﬁeri

2059 2184 2252 2252 potest
2282 2185 2346 2235 ut
2398 2179 2518 2249 illa,
2578 2179 2784 2251 Populo
2830 2178 2977 2248 huic,
3036 2173 3383 2231 conveniant
3442 2171 3536 2240 iis,
3600 2170 3702 2240 qui

2057 2274 2221 2325 tanto
2253 2268 2551 2325 intervallo
2584 2274 2716 2340 post
2747 2267 3088 2340 prepbetam
3121 2268 3287 2319 erant
3309 2259 3517 2315 victuri
3544 2258 3699 2313 PNos

2051 2364 2247 2414 autem
2279 2376 2346 2414 ex
2377 2358 2509 2414 aliis
2542 2357 2733 2412 verbis
2765 2354 3118 2430 prepheticis
3148 2350 3500 2408 solutionem
3525 2363 3692 2403 exco-

2050 2447 2392 2518 gitabimus,
2425 2465 2540 2519 qua
2569 2448 2863 2518 proposita
2893 2445 3135 2517 quaestio
3166 2440 3474 2497 enodanda
3527 2436 3694 2500 facile

2050 2536 2146 2590 sit.
2179 2537 2405 2591 Dictum
2437 2543 2526 2592 est
2557 2537 2710 2591 enim
2746 2537 2802 2589 in
2835 2533 3032 2604 aliquo
3062 2529 3418 2588 eduodecim
3443 2527 3692 2600 prophe-

2049 2625 2158 2680 tis:
2192 2626 2396 2696 Populc
2425 2641 2600 2690 meus,
2630 2623 2760 2696 quid
2788 2624 2900 2697 feci
2929 2624 3052 2685 tibi,
3084 2627 3185 2676 aut
3213 2620 3352 2692 quid
3378 2622 3430 2674 te
3482 2616 3690 2672 contri-

2046 2716 2209 2782 stavi,
2241 2724 2339 2769 aut
2365 2716 2423 2769 in
2452 2730 2554 2787 quo
2581 2716 2832 2770 molestus
2886 2714 2974 2782 fui
3021 2709 3164 2767 tibi?
3214 2708 3486 2781 Responde
3529 2706 3691 2760 mihi.

2049 2805 2190 2872 Quia
2218 2805 2394 2859 eduxi
2422 2811 2474 2859 te
2503 2803 2568 2858 de
2593 2805 2751 2858 terra
2781 2802 3034 2873 (Egypti,
3064 2805 3118 2856 et
3145 2799 3210 2854 de
3251 2799 3407 2854 domo
3452 2797 3688 2850 servitu-

2046 2895 2116 2948 tis
2147 2893 2356 2948 redemi
2399 2897 2474 2960 te,
2509 2900 2559 2947 et
2595 2893 2724 2946 misi
2771 2901 2900 2946 ante
2947 2893 2997 2944 te
3046 2889 3243 2954 Mosen,
3294 2896 3346 2942 ει
3389 2887 3588 2951 Aaron,
3640 2890 3692 2937 et

2045 2981 2278 3036 Mariam
2307 2982 2370 3033 ³ο.
2405 2979 2911 3044 Quemadmodum
2942 2977 3096 3032 enim
3127 2981 3267 3031 tunc
3299 2973 3552 3046 populus
3593 2969 3691 3042 qui

2049 3070 2343 3142 prophetes
2373 3074 2539 3124 atate
2571 3069 2818 3134 vivebat,
2854 3084 2968 3121 non
3010 3065 3153 3120 vidit
3197 3067 3536 3135 Egyptum.
3586 3076 3691 3114 nec

279 3161 388 3212 νῶν
419 3177 432 3188 °
497 3156 642 3212 οὕτω
691 3157 782 3212 καὶ
831 3163 922 3213 νῦν
975 3156 1243 3213 δείκνυται
1296 3159 1388 3230 μὶν
1440 3158 1500 3212 τὸ
1552 3156 1800 3229 σύστημα
1841 3160 1938 3210 τοῦ

2056 3160 2337 3214 deductus
2363 3163 2451 3213 est
2476 3175 2509 3212 a
2540 3157 2702 3229 prius
2731 3154 3068 3210 memoratis
3100 3153 3373 3219 ducibus,
3404 3156 3461 3205 et
3489 3154 3689 3204 tamen

281 3243 425 3299 λαοῦ
481 3246 546 3299 τὸ
603 3246 738 3300 κατὰ
796 3247 889 3301 τὸν
948 3249 1257 3325 προφήτην·
1320 3241 1554 3301 ἐκϐαίνει
1586 3243 1642 3301 δὲ
1699 3244 1844 3316 αὐτῷ
1870 3244 1939 3298 τά

278 3335 727 3411 προφητευθίντα
789 3335 927 3391 κατᾶ
998 3337 1099 3404 τήν
1162 3335 1343 3412 γενεὰν
1415 3342 1515 3404 τῆς
1577 3339 1673 3389 τοῦ
1739 3333 1936 3408 Κυρίου

280 3420 626 3496 ἐπιφανείας.
661 3423 870 3502 Πέφυκε
897 3421 954 3479 δὲ
1001 3424 1089 3478 καὶ
1138 3427 1172 3494 ἡ
1210 3426 1465 3495 συνήθεια
1510 3430 1813 3500 κεχρῆσθαι
1860 3427 1938 3493 τῷ

276 3511 522 3585 τοιούτῳ
575 3511 747 3586 λόγῳ,
789 3513 848 3569 ὅν
898 3514 987 3568 καὶ
1037 3512 1436 3587 ἀλλοιούμενόν
1488 3534 1630 3575 τινες
1661 3532 1936 3587 προσαγο-

282 3602 460 3676 ρεύειν
495 3599 772 3659 εἲώθασιν.
805 3603 959 3670 Οἷον,
986 3603 1076 3657 τὸν
1111 3601 1269 3657 αὐτὸν
1319 3606 1568 3664 νοοῦντες
1621 3602 1793 3676 χορὸν
1843 3601 1938 3655 τὸν

281 3688 345 3744 ἐκ
371 3687 616 3745 τοσῶνδε
647 3687 854 3766 ἀνδρῶν
889 3711 1211 3747 συνεστωτα·
1276 3692 1387 3746 εἶτα
1442 3692 1559 3753 ἐνὸς
1621 3689 1802 3761 ὑπεξε)
1819 3689 1936 3754 06v-

283 3799 401 3846 τος,
432 3780 523 3834 καὶ
558 3780 745 3851 ἐτέρου
796 3780 888 3834 τὸν
937 3780 1142 3835 ἐκείνου
1170 3775 1337 3836 τὸπον
1390 3779 1936 3856 ἀνυιπληρώσαντος,

283 3869 313 3922 6
363 3868 531 3931 αὐτὸς
580 3867 797 3942 λέγεται
848 3871 1024 3942 μένειν
1069 3871 1240 3946 χορός
1268 3913 1281 3926 .
1328 3870 1425 3924 Καὶ
1478 3869 1524 3924 εὶ
1583 3866 1831 3944 δεύτερος
1879 3866 1936 3923 δὶ

284 3957 551 4031 ὑπεξέλθῃ
582 3961 715 4031 (34),
773 3960 864 4014 καὶ
911 3958 958 4014 εἴ
1003 3958 1206 4034 τρίτος,
1240 3959 1329 4013 καὶ
1368 3963 1527 4013 τοῦτο
1576 3956 1812 4013 ἐπιπολὺ
1843 3959 1935 4032 γὲ-

277 4068 453 4113 νοιτο,
477 4047 570 4101 καὶ
602 4047 810 4120 ἑκάστῳ
838 4045 1026 4123 ἕτερος
1056 4047 1434 4122 ἀντεισαχθείη
1484 4068 1588 4117 τις,
1637 4045 1774 4101 κατᾶ
1825 4048 1934 4119 (35)

282 4136 480 4208 μικρὸν
535 4135 1014 4209 ὑπαλλοιουμένου
1065 4142 1160 4191 τοῦ
1204 4142 1398 4212 χοροῦ·
1435 4138 1486 4191 0i
1536 4137 1630 4210 μὲν
1680 4137 1797 4191 καθ’
1843 4133 1938 4190 ’ἐνα

279 4221 716 4302 διημείφθησαν,
747 4226 782 4294 ἡ
821 4224 1001 4298 μέντοι
1033 4225 1373 4302 προσηγορία
1400 4230 1480 4297 τῷ
1509 4231 1666 4302 χορῷ
1711 4228 1746 4294 ἡ
1799 4224 1934 4294 αὐτὴ

280 4309 635 4382 διασώζεται.
695 4312 854 4371 Οὓτω
901 4314 990 4369 καί
1016 4313 1181 4376 πόλις
1239 4317 1275 4384 ἡ
1337 4313 1472 4384 αὐτὴ
1533 4315 1666 4370 εἶναι
1697 4311 1936 4389 λέγεται,

275 4402 367 4456 καὶ
396 4399 766 4478 στρατόπεδον
824 4403 887 4458 τὸ
939 4403 1094 4458 αύτό.
1129 4402 1190 4459 ού
1218 4408 1299 4476 τῷ
1343 4404 1435 4459 τὸν
1654 4404 1770 4459 καθ’
1813 4398 1936 4458 ἕκα-

350 4652 399 4688 ²⁹
425 4650 598 4708 Joan.
629 4667 756 4722 vni,
787 4652 879 4708 21.
956 4653 1002 4689 ³ο
1033 4652 1211 4710 Micb.
1242 4670 1322 4726 v1,
1352 4653 1408 4722 3,
1438 4653 1493 4710 4.

501 4892 655 4950 Editi
685 4897 743 4950 et
771 4896 933 4976 Ῑὶρε.⁸
969 4893 1219 4976 primus,
1266 4895 1365 4976 τὴν
1419 4891 1767 4976 δοξολογίαν.
1816 4893 1934 4976 _Alii

275 4962 540 5038 quinque
573 4983 746 5042 mea,
772 4962 886 5042 τῆξ
905 4962 1242 5042 δοξολογίας.
1275 4962 1590 5040 Aliquanto
1624 4962 1756 5040 post
1811 4971 1931 5022 tres

277 5036 458 5114 rhesi,
477 5043 580 5114 τῆς
610 5036 810 5114 eluta;
835 5036 1122 5114 ἁμαρτίας.

279 5110 461 5241 01uti!)
518 5111 761 5181 Antiqui
813 5105 915 5166 sex
953 5105 1131 5180 'libri,
1184 5108 1504 5184 ἐκαθαρίσθη
1568 5109 1744 5176 Editi,
1811 5105 1931 5162 ἐκα-

414 5201 471 5241 η.

311 5191 449 5242 ιρθη
465 5227 471 5232 ι

345 5199 660 5332 figiEditi,
695 5251 816 5323 λαῷ
843 5251 1042 5332 τούτῳ.
1073 5253 1180 5332 ξοὰ
1215 5253 1399 5308 nostri
1431 5269 1532 5309 sex
1564 5269 1929 5332 mss.~voeﬁem

277 5325 529 5448 prioreém
595 5342 709 5380 non
770 5321 1044 5380 exhibent
1093 5324 1240 5380 Mox.
1305 5332 1576 5399 quartus,
1650 5328 1746 5379 τοῦ
1822 5321 1933 5378 δει-

279 5413 454 5448 κνυωα
484 5415 582 5447 νου

279 5413 337 5446 κν
347 5414 405 5468 υο
414 5413 509 5468 μεν
518 5415 582 5447 ου

335 5467 459 5547 ,(⁸33)
493 5467 646 5547 Efiiti
681 5471 738 5522 et
768 5469 887 5547 tres
928 5483 1096 5547 £988.,
1141 5470 1239 5547 τοῦ
1282 5467 1704 5547 προειρημένου.
1729 5469 1823 5547 ..Αἰ
1874 5467 1931 5521 in

281 5537 466 5626 tribus
493 5539 811 5626 ιιίίἱεγωρξλ
837 5537 1072 5626 legitur,
1242 5537 1471 5626 προειρή
1484 5537 1688 5626 μένὶωνὶ
1724 5538 1934 5626 Prqco-

285 5610 505 5686 copias,
538 5625 676 5684 pag.
710 5608 832 5676 103,
864 5607 982 5666 non
1016 5607 1200 5668 multo
1231 5607 1420 5684 aliter,
1450 5607 1596 5686 ἀαρά
1621 5613 1730 5666 τῶν
1787 5607 1936 5683 εἰρη-

290 5681 480 5751 μινων.

2047 3247 2156 3304 hoc
2187 3248 2237 3303 ei
2277 3247 2678 3318 exprobratur,
2720 3245 2876 3316 quod
2910 3245 3118 3298 horum
3153 3240 3568 3296 beneﬁciorum
3618 3237 3694 3290 sit

2045 3336 2395 3392 immemor:
2428 3335 2509 3390 ita
2539 3341 2596 3390 et
2645 3350 2798 3389 nunc
2847 3331 3175 3388 ostenditur
3223 3328 3459 3400 quidem
3509 3330 3694 3381 cretus

2048 3425 2270 3499 populi,
2305 3425 2404 3497 qui
2434 3429 2599 3479 astate
2629 3423 2920 3496 prophetae
2952 3422 3196 3489 vivebat,
3228 3419 3327 3474 sed
3382 3422 3577 3471 tamen
3627 3431 3696 3468 ea

2048 3531 2174 3586 quae
2207 3515 2331 3586 ipse
2360 3513 2707 3568 vaticinatus
2735 3515 2844 3579 est,
2876 3515 3140 3580 tempore
3188 3505 3288 3562 illo
3337 3521 3452 3577 quo
3500 3504 3696 3559 Domi-

2053 3621 2162 3658 nus
2192 3602 2484 3675 apparuit,
2517 3616 2780 3658 evenere.
2813 3599 2961 3664 Quin
2992 3596 3167 3653 etiam
3202 3596 3259 3650 id
3292 3595 3350 3650 in
3383 3609 3544 3649 more
3591 3608 3694 3664 po-

2051 3693 2226 3747 situm
2261 3698 2367 3758 est,
2399 3696 2465 3746 ut
2494 3691 2614 3745 hac
2645 3688 2921 3760 loquendi
2953 3687 3101 3742 ratio
3137 3687 3474 3755 usurpatur,
3512 3696 3690 3753 quam

2049 3780 2316 3836 nonnulli
2349 3778 2539 3835 solent
2566 3778 2888 3832 variantem
2919 3773 3234 3846 appellare.
3263 3770 3522 3842 Exempli
3552 3785 3697 3823 cau-

2049 3886 2136 3938 sa,
2170 3885 2302 3923 cum
2331 3884 2515 3922 unum
2547 3872 2604 3921 et
2631 3866 2901 3921 eumdem
2937 3864 3182 3918 chorum
3227 3878 3295 3916 ex
3344 3865 3498 3914 certo
3549 3873 3694 3928 quo-

2047 3959 2177 4012 dam
2209 3959 2466 4012 virorum
2500 3971 2742 4010 numero
2774 3956 3139 4008 constantem
3181 3950 3377 4004 animo
3436 3944 3544 4001 sibi
3598 3961 3691 4000 re-

2051 4051 2445 4120 praesentant;
2496 4061 2610 4099 uno
2670 4060 2800 4098 mox
2846 4046 3112 4106 exeunte,
3174 4043 3232 4094 et
3289 4036 3469 4092 altero
3526 4032 3688 4088 illius

2048 4136 2241 4191 locum
2275 4137 2552 4205 replente,
2604 4133 2758 4186 idem
2810 4131 3022 4186 chorus
3071 4129 3286 4183 dicitur
3328 4138 3691 4197 permansre.

2051 4235 2398 4294 Quanquam
2448 4228 2638 4277 autem
2682 4220 2846 4287 alter,
2897 4222 2999 4272 aut
3044 4217 3221 4273 etiam
3269 4214 3480 4271 tertius
3527 4227 3696 4285 egre-

2050 4313 2261 4383 diatur,
2296 4313 2471 4383 idque
2506 4310 2769 4366 crebrius
2804 4307 3048 4376 accidat,
3099 4310 3157 4362 et
3205 4303 3357 4361 alius
3403 4300 3696 4374 quispiam

2051 4403 2111 4459 in
2127 4403 2596 4473 uniuscujusque
2619 4398 2813 4454 locum
2836 4397 3242 4453 introducatur
3259 4411 3278 4450 :
3304 4396 3528 4449 mutato
3557 4406 3698 4463 pau-

2137 4893 2228 4964 34)
2256 4888 2496 4964 Antiqui
2527 4893 2645 4964 tres
2681 4888 2835 4956 libri,
2869 4883 3174 4964 ὑπεξέλθοι.

2259 4954 2494 5020 Εόίιῖθῒ
2526 4954 2992 5035 quinquernss,
3042 4954 3419 5035 «inEieaX-esin
3470 4957 3549 5035 τῷ
3595 4973 3693 5035 κατ

2040 5029 2130 5091 τά.
2158 5029 2229 5092 At
2259 5037 2398 5107 Reg.
2433 5029 2861 5107 quaitus'ut__in
2892 5035 3184 5107 cpntextu.
3218 5029 3540 5107 Aliquanto
3563 5029 3697 5107 post

2043 5108 2183 5165 editi
2213 5112 2271 5164 et
2301 5097 2729 5178 ﬂag-primus,
2775 5099 2864 5156 ἕνα
2912 5099 3305 5178 διειλήφθησαν
3334 5097 3530 5156 Ἱηῑὶὶθ.
3566 5097 3694 5152 ἈΙίί

2044 5181 2305 5253 quinque
2321 5173 2524 5253 Atinias;
2541 5173 2630 5242 διη
2644 5175 2962 5253 μείφθησαν,
2999 5173 3165 5253 bene.

2112 5237 2225 5322 (365
2261 5251 2431 5322 Editi,
2461 5237 2540 5319 τῷ
2571 5237 2698 5322 τούς
2730 5237 2840 5322 _'Ai
2866 5237 3045 5302 nostri
3081 5262 3182 5322 sex
3239 5261 3407 5322 ms_s.,
3455 5238 3532 5310 τῷ
3579 5237 3690 5321 τόν.

2043 5310 2220 5389 Illud,
2247 5323 2344 5389 τὴν
2377 5310 2542 5389 αὖτην
2579 5316 2956 5385 διασώζεσθαι,
2988 5319 3142 5392 quod
3179 5317 3437 5387 proxime
3497 5310 3687 5392 sequi-

2043 5400 2158 5459 tur,
2191 5395 2327 5451 huic
2356 5395 2482 5450 loco
2531 5393 2783 5446 maxime
2836 5391 3139 5446 convenire
3194 5405 3307 5442 non
3357 5391 3690 5459 negaverim

2043 5453 2304 5538 quidem,
2335 5465 2626 5538 sedunde
2661 5464 2711 5517 id
2741 5468 3046 5538 sumptum
3079 5462 3178 5538 sit,
3211 5457 3435 5538 nescire
3466 5469 3554 5538 me
3598 5453 3682 5538 fa-

2042 5528 2186 5594 teor.
2220 5528 2364 5594 Nam
2399 5536 2530 5593 illos
2559 5535 2721 5608 ipsos
2753 5528 3004 5608 codices,
3035 5533 3252 5608 quibus
3286 5528 3546 5608 usiOsu‘nf.
3593 5529 3685 5596 ty-

2041 5610 2349 5694 pograpbi,
2380 5612 2440 5665 in
2473 5596 2746 5691 manibus
2776 5605 2961 5687 habeo
3025 5596 3132 5687 nise
3160 5607 3353 5658 tamen
3376 5597 3436 5653 in
3467 5596 3561 5654 his
3577 5610 3689 5650 nec

2041 5675 2100 5737 in
2121 5675 2265 5738 'alii's
2295 5675 2400 5738 has
2429 5694 2598 5737 voces
2625 5676 2887 5734 invenire
2915 5675 3100 5749 potui.
