4118 6220
303 335 413 394 445

1101 337 1505 399 COMMENT.
1550 339 1630 400 IN
1675 338 1947 400 ISAIAM
1992 338 2496 400 PROPHETAM.
2542 338 2714 400 CAP.
2761 337 2896 400 VII.

3574 344 3693 403 446

303 467 466 538 σπορᾷ
502 466 848 541 γεγενῆσθαι,
902 464 1123 544 βαλάνῳ
1171 468 1550 544 παρεικάζεται
1600 468 1913 544 ἐκπιπτούση

2045 471 2276 544 rintque
2307 471 2775 544 dispersi,glandi
2800 488 2950 527 esua
2964 469 3136 526 theca
3147 470 3435 526 decidenti
3458 488 3690 544 compa-

297 553 470 622 ἐκτῆς
523 555 700 625 θήκης
750 556 939 624 αὐτῆς.
987 558 1064 614 Τὸ
1115 555 1191 627 δὲ,
1245 557 1471 635 Σπέρμα
1518 559 1693 635 ἅγιον,
1721 559 1782 614 τὸ
1805 560 1934 629 στή-

297 641 456 714 λωμα
487 643 680 713 αὐτης,
731 643 790 699 ἐκ
844 650 950 700 τῶν
1003 643 1370 711 Θεοδοτίωνος
1427 647 1739 722 πρόσκειται
1802 651 1933 722 (40),

295 733 368 803 μή
428 731 672 805 κείμενον
723 735 871 810 παρὰ
950 735 1065 797 τοῖς
1137 731 1571 809 Ἑϐδομήκοντα’
1651 737 1931 813 ἀξιόλογον

2045 567 2268 617 rantur.
2302 562 2445 618 Illud
2481 567 2699 629 autem,
2761 560 2951 616 Semen
2997 564 3268 626 sanctum,
3305 560 3689 631 fulcimentum

2043 652 2182 723 ejus,
2217 669 2246 707 e
2277 651 2695 706 Theodotionis
2745 650 3224 722 interpretatione
3256 650 3552 720 adjicitur,
3583 668 3687 706 nec

2046 741 2332 812 reperitur
2353 741 2505 812 apud
2533 741 2940 812 Septuaginta;
2961 741 3058 795 sed
3094 739 3471 810 tamen,quod
3505 740 3574 794 ad
3600 755 3691 794 eo-

290 824 408 874 νοῦν
443 820 519 884 ὡς
549 823 684 898 πρὸς
713 824 813 891 τήν
873 829 980 879 τῶν
1037 823 1564 901 προαποδεδομένων
1612 825 1913 890 ἀκολουθία

2045 846 2174 885 rum
2207 847 2334 902 qua:
2368 831 2530 902 prius
2565 832 2776 885 tradita
2799 835 2936 885 sunt
2967 830 3175 885 seriem
3194 834 3415 899 spectat
3444 845 3682 884 sensum

286 905 416 984 ’έχον
446 912 582 983 (41).
640 914 965 988 Συνάγονται
1011 913 1111 990 γὰρ
1157 916 1306 970 οὗτοι
1351 915 1425 977 ὡς
1483 911 1812 990 τερέϐινθος,
1842 936 1912 970 κα

2045 918 2220 974 habet
2251 925 2572 975 memoratu
2589 920 2855 990 dignum.
2890 917 3255 989 Colliguntur
3274 918 3431 973 enim
3465 917 3519 972 hi
3535 917 3687 972 sicut

286 998 358 1059 ὡς
419 997 676 1074 βάλανος,
729 1001 782 1056 ἐν
831 1007 911 1075 τῷ
963 1003 1204 1080 γενέσθαι
1263 1005 1476 1080 σπέρμα
1533 1006 1683 1080 ἅγιον
1757 1003 1808 1058 ἐν
1861 1007 1929 1077 τῇ

284 1089 462 1142 στάσει
514 1089 604 1144 καὶ
659 1085 971 1165 βεϐαιότητι
1031 1093 1256 1151 ἰαυτῶν.
1315 1092 1667 1158 Ἀκολούθως
1719 1091 1776 1148 δὲ
1813 1098 1929 1155 τοῖς

280 1174 578 1252 πολλαχοῦ
634 1181 780 1255 παρᾶ
835 1185 902 1255 τῇ
964 1187 1149 1260 Γραφῇ
1225 1184 1497 1256 κειμένοις
1570 1183 1660 1242 καὶ
1705 1182 1929 1237 ἰνταῦθα

280 1265 615 1343 φαίνεταιτὸ
672 1270 912 1345 χρηστὸν
965 1269 1124 1334 τέλος
1177 1277 1285 1327 τῶν
1341 1271 1424 1327 ἐπ’
1465 1271 1736 1348 εὐεργεσίᾳ
1763 1270 1929 1326 κολα-

280 1354 546 1428 ζομένων.
601 1357 829 1429 Πατάξω
887 1361 1018 1435 γὰρ,
1072 1361 1228 1439 φησὶ,
1293 1362 1449 1437 καγὼ
1523 1361 1768 1434 ἰάσομαι.
1829 1360 1926 1415 Καὶ

275 1443 433 1508 αὐτὸς
465 1445 652 1522 ἀλγεῖν
685 1454 853 1517 ποιεῖ,
887 1448 976 1504 καὶ
1033 1449 1198 1505 πάλιν
1241 1450 1687 1522 ἀποκαθίστησιν.
1740 1451 1802 1504 Οἱ
1833 1449 1923 1504 οὖν

274 1535 536 1612 πρότερον
594 1537 736 1609 ἀκοῇ
778 1539 1087 1612 ἀκούοντες,
1147 1540 1235 1595 καὶ
1292 1542 1369 1614 μή
1425 1543 1711 1611 συνιέντες,
1741 1539 1830 1595 καὶ
1862 1539 1926 1594 τὰ

275 1622 393 1695 ἑξῆς
444 1631 760 1697 ποιοῦντες,
814 1630 979 1706 μέχρι
1033 1631 1316 1702 τοσούτου,
1373 1627 1476 1692 ἕως
1528 1635 1625 1685 τοῦ
1685 1631 1760 1703 μὴ
1813 1632 1922 1703 (42)

272 1721 639 1780 κατοικεῖσθαι
671 1717 886 1787 πάλεις,
931 1719 1020 1773 καὶ
1075 1718 1127 1774 ἐν
1181 1724 1250 1794 τῇ
1303 1717 1571 1797 διασπορᾷ
1616 1720 1923 1794 γενόμενοι⁹

275 1803 344 1864 ὡς
385 1802 550 1876 μόλις
579 1806 641 1861 τὸ
673 1804 986 1862 ἇπιδέκατον
1033 1813 1130 1863 τοῦ
1159 1807 1294 1864 λαοῦ
1345 1816 1737 1885 περισωθῆναι·
1771 1808 1922 1862 οὗτοι

273 1891 434 1947 πάλιν
467 1893 970 1968 πληθυνθήσονται,
1019 1899 1105 1952 καὶ
1197 1897 1361 1954 πάλιν
1421 1899 1924 1976 καρποφορήσουσι,

275 1982 672 2055 παραπλησίως
722 1979 1017 2061 τερεϐίνθῳ
1046 1987 1134 2042 καὶ
1196 1988 1440 2061 βαλάνῳ,
1497 1989 1713 2064 σπέρμα
1767 1989 1922 2063 ἅγιον

280 2068 547 2146 φέροντες,
582 2073 634 2128 ἐν
665 2079 746 2144 τῷ
778 2075 1056 2144 δπηκέναι
1106 2073 1311 2152 ἑδραῖοι
1358 2076 1447 2132 καὶ
1496 2078 1572 2151 μή
1610 2076 1920 2150 μετακινού·

278 2179 446 2230 μενοι,
475 2161 570 2216 καὶ
602 2161 926 2240 ὶρριζῶσθαι
959 2163 1010 2220 ἔν
1039 2165 1243 2242 ἀγάπῃ.

833 2607 1248 2664 ΚΕΦΑΑΑΙΟΝ
1291 2613 1354 2665 Σ.

338 2707 456 2763 191.
520 2708 624 2761 Καὶ
683 2707 890 2784 ἐγένετο
959 2710 1010 2766 ἐν
1076 2718 1197 2774 ταῖς
1273 2714 1506 2788 ἠμέραις
1584 2713 1756 2788 ’Ᾱχὰζ
1819 2717 1916 2767 τοῦ

268 2792 476 2850 Ἰωάθαν
541 2803 643 2852 τοῦ
713 2800 835 2854 υἱοῦ
910 2800 1094 2870 Όζίου
1157 2801 1426 2876 βασιλέως
1482 2799 1687 2871 Ἰούδα,
1748 2799 1911 2874 ἀνέϐη

265 2882 431 2939 Ῥασίν
497 2885 759 2960 βασιλεὺς
817 2890 1016 2963 Ἀρὰμ,
1067 2891 1156 2945 καὶ
1211 2891 1384 2945 Φακεὲ
1453 2891 1567 2953 υἱὸς
1625 2889 1913 2964 Ῥομελίου

271 2970 516 3043 βασιλεὺς
607 2975 865 3050 Ἰσραὴλ,
948 2978 1035 3034 ἐπὶ
1117 2979 1512 3053 Ἰερουσαλήμ,
1596 2981 1910 3052 πολεμῆσαι

267 3059 444 3132 αυτὴν,
507 3063 606 3118 καὶ
675 3065 775 3121 οὐκ
848 3065 1200 3138 ἠδυνήθησαν
1292 3068 1657 3143 πολιορκῆσαι
1721 3070 1908 3140 αὐτήν.

2041 1008 2429 1076 terebinthus,
2454 1014 2509 1064 et
2539 1009 2688 1064 sicut
2717 1007 2964 1063 balanus
3004 1011 3156 1074 tum,
3187 1009 3332 1064 52]
3395 1023 3525 1061 cum
3585 1023 3687 1077 per

2040 1113 2208 1152 suam
2240 1097 2624 1153 stabilitatem
2654 1095 3160 1166 constantiamque
3189 1111 3387 1150 semen
3411 1098 3682 1150 sanctum

2040 1186 2208 1242 fiunt.
2241 1191 2522 1243 Caeterum
2556 1186 2672 1251 hic,
2705 1186 2922 1257 pariter
2951 1202 3014 1239 ac
3044 1185 3100 1238 in
3136 1183 3338 1239 multis
3369 1185 3682 1255 Scriptura:

2036 1275 2200 1341 locis,
2227 1275 2360 1330 linis
2390 1291 2587 1330 eorum
2622 1275 2720 1346 qui
2755 1273 2939 1344 poenis
2971 1272 3230 1327 beneficii
3265 1273 3387 1326 loco
3411 1271 3678 1326 afﬁciun-

2038 1372 2156 1432 tur,
2198 1365 2356 1420 utilis
2385 1381 2514 1420 esse
2529 1364 2875 1419 ostenditur.
2910 1363 3220 1416 Perculiam
3252 1361 3431 1426 enim,
3465 1361 3674 1433 inquit,

2036 1464 2087 1512 et
2114 1471 2209 1526 ego
2237 1454 2440 1510 sonabo
2461 1453 2524 1508 ³⁸,
2556 1452 2771 1523 Etipse
2815 1467 3059 1506 mmrore
3117 1449 3368 1520 conficit,
3429 1466 3496 1505 ac
3548 1467 3676 1505 rur-

2037 1561 2138 1599 sus
2164 1548 2403 1598 recreat.
2427 1541 2532 1604 Qui
2564 1539 2745 1612 igitur
2766 1539 2927 1610 prius
2958 1539 3164 1594 auditu
3198 1535 3538 1606 audiebant,
3573 1553 3678 1592 nec

2033 1637 2231 1687 tamen
2274 1630 2692 1698 intelligebant,
2754 1634 2811 1682 et
2840 1645 2928 1696 ea,
2987 1643 3111 1698 quaa
3169 1629 3676 1698 sequuntur,_pa-

2033 1720 2290 1790 trahant,
2325 1736 2507 1791 eoque
2566 1735 2659 1774 res
2715 1717 3103 1782 adducebant,
3164 1719 3228 1768 ut
3256 1713 3518 1768 civitates
3561 1729 3678 1768 non

2034 1811 2463 1879 habitarentur,
2496 1807 2716 1880 quique
2737 1807 2821 1861 sic
2852 1803 3341 1876 dispergebantur
3369 1808 3434 1857 ut
3463 1801 3556 1856 vix
3584 1802 3680 1856 de-

2035 1901 2190 1955 cima
2221 1897 2418 1971 populi
2455 1914 2589 1970 pars
2621 1898 2921 1968 superstes
2951 1898 3105 1949 esset
3135 1909 3200 1947 ac
3229 1891 3430 1960 salva;
3463 1889 3505 1946 ii
3528 1889 3680 1944 mul-

2032 1991 2460 2063 tiplicabuntur
2494 1989 2730 2054 iterum,
2763 1991 3018 2057 suntque
3049 1985 3300 2038 fructum
3335 1999 3541 2038 rursus
3557 1981 3677 2038 edi-

2032 2081 2170 2141 turi.
2203 2080 2444 2150 perinde
2477 2095 2541 2134 ac
2582 2076 2949 2132 terebinthus
2981 2080 3038 2130 et
3084 2073 3274 2146 glans,
3307 2090 3506 2128 semen
3541 2089 3676 2127 san-

2031 2175 2188 2224 ctum
2221 2166 2599 2239 proferentes,
2627 2168 2928 2237 prOpterea
2958 2163 3111 2235 quod
3139 2161 3291 2216 firmi
3321 2161 3590 2217 steterint
3621 2165 3678 2216 et

2029 2256 2294 2322 stabiles,
2327 2273 2433 2312 nec
2464 2256 2681 2311 fuerint
2709 2252 3043 2322 transmoti,
3068 2251 3186 2307 imo
3225 2267 3359 2306 vero
3397 2250 3456 2305 in
3488 2249 3673 2306 chari-

2026 2351 2144 2404 tate
2173 2346 2400 2402 radices
2427 2343 2670 2416 egerint.

2656 2606 2890 2663 CAPUT
2919 2605 3045 2662 VII.

2100 2716 2221 2771 191.
2263 2719 2435 2772 Vens.
2470 2717 2599 2786 1,2.
2635 2717 2697 2770 Et
2742 2718 2955 2787 factum
3003 2717 3084 2770 est
3132 2716 3193 2768 in
3243 2712 3431 2768 diebus
3487 2710 3669 2766 Acha;

2023 2806 2135 2876 ﬁlii
2159 2811 2440 2872 Joatlzam,
2466 2807 2572 2868 filii
2625 2806 2776 2862 Ozias
2831 2808 2976 2874 regis
3028 2804 3189 2869 Juda,
3219 2803 3462 2858 ascendit
3493 2803 3668 2856 Rasin

2023 2909 2126 2949 rex
2153 2895 2339 2962 Aram,
2373 2899 2424 2950 et
2457 2895 2665 2950 Phacee
2687 2894 2841 2964 ﬁlius
2907 2895 3160 2948 Rome/iw
3226 2908 3325 2947 rex
3379 2891 3566 2959 Israel,
3601 2891 3666 2945 in

2021 2984 2342 3051 Jerusalem,
2376 2983 2451 3037 ad
2480 2983 2848 3052 prarliandum
2888 2991 3076 3037 contra
3103 2998 3232 3036 eam
3261 2998 3280 3035 :
3310 2983 3359 3035 et
3416 2995 3522 3034 non
3560 2995 3664 3049 po-

2027 3080 2586 3142 tuerunloppugnare
2605 3087 2745 3126 eam.
2797 3071 3289 3125 Elannunlialum
3343 3076 3421 3123 est
3474 3063 3672 3124 domui

266 3149 354 3202 Καὶ
417 3151 705 3227 ἀνηγγέλη
786 3155 861 3218 εἷς
935 3157 1029 3212 τὸν
1115 3160 1265 3213 οἶϐον
1349 3153 1559 3226 Δαϐὶδ,
1621 3157 1908 3234 λίγοντες.

2027 3163 2234 3217 David:
2268 3163 2368 3233 qui
2396 3163 2673 3227 dicebant,
2705 3163 2989 3218 Consensil
3017 3162 3186 3215 Aram
3222 3176 3346 3214 cum
3375 3159 3659 3230 Ephraim.

265 3240 651 3318 Σννενρώνησεν
717 3244 899 3318 Ἀρὰμ
970 3247 1104 3320 πρὸς
1163 3247 1254 3301 τὸν
1325 3245 1562 3321 Ἐωραΐμ
1597 3291 1610 3304 .
1673 3247 1770 3302 Καὶ
1832 3247 1911 3319 ἐξ·

264 3324 638 3407 ἐστηηὶμιμυχῆ
697 3333 886 3402 αὐτοῦ,
939 3334 1029 3388 καὶ
1077 3337 1111 3404 ἡ
1169 3337 1323 3410 ψυχή
1373 3340 1471 3390 τοῦ
1529 3334 1664 3390 λαοῦ
1723 3337 1908 3405 αὐτοῦ,

264 3414 314 3469 ὃν
377 3419 584 3494 τρότων
659 3420 710 3475 ἰν
780 3420 974 3496 δρυμῷ
1041 3423 1200 3494 ξύλον
1290 3425 1394 3479 ὑπὸ
1450 3424 1756 3498 πνεύματος
1823 3447 1912 3480 σα-

265 3501 442 3572 λευθῆ.
476 3510 542 3565 Ὀ
566 3516 672 3579 τῆς
697 3508 892 3581 λέξεως
923 3517 1048 3574 νοῦς
1078 3513 1326 3578 τοιοῦτός
1355 3513 1484 3568 ἐστι’
1508 3513 1611 3568 Δύο
1643 3513 1906 3588 βασιλεῖς,

265 3593 401 3662 ὁτῆς
431 3598 757 3673 Συρίας,καὶ
786 3601 814 3654 ὁ
843 3605 940 3656 τοῦ
974 3601 1216 3677 Ἰσραήλ,
1244 3597 1509 3674 ἀνέϐησαν
1530 3603 1617 3658 ἐπὶ
1650 3606 1910 3677 Ἰερουσα-

264 3680 451 3755 λήμεῖς
483 3686 856 3759 πόλεμον,8αὶ
889 3690 985 3746 ού4
1015 3689 1292 3760 ἡδύναντπ
1320 3690 1685 3769 πολιορκῆσαι
1717 3691 1903 3764 αὐτήν.

263 3777 460 3847 Ὄνομα
494 3773 554 3832 δὲ
584 3782 669 3850 τῷ
702 3779 796 3850 μὶν
833 3780 1046 3856 βασιλεῖ
1073 3781 1287 3856 Συρίας,
1319 3783 1520 3850 Ῥασὶν,
1551 3787 1632 3855 τῷ
1663 3780 1720 3837 δὶ
1754 3785 1906 3857 βασι-

264 3858 344 3916 λεῖ
372 3865 627 3940 Ἰσραὴλ,
662 3869 857 3928 Φακεέ.
892 3870 1098 3936 ’Πλθον
1131 3869 1188 3927 δὲ
1220 3869 1442 3948 ἄγγελοι
1472 3871 1906 3945 καταμηνύοντες

2021 3250 2086 3304 Et
2115 3254 2418 3321 stupe/acta
2446 3261 2526 3307 est
2559 3253 2748 3306 animo
2779 3252 2914 3321 ejus,
2948 3256 2999 3304 el
3030 3249 3223 3304 anima
3275 3248 3470 3320 populi
3521 3247 3663 3318 ejus,

2021 3340 2162 3393 sicut
2191 3339 2406 3408 lignum
2434 3341 2495 3394 in
2522 3341 2667 3394 silva
2695 3357 2731 3393 α
2763 3342 2914 3393 vento
2944 3341 3211 3392 movetur.
3235 3336 3291 3391 Is
3318 3335 3497 3405 hujus
3529 3351 3662 3389 sen-

2021 3427 2218 3482 tentiaa
2251 3445 2463 3483 sensus
2493 3434 2614 3484 est:
2648 3428 2774 3483 Duo
2806 3443 3154 3499 reges,unus
3186 3424 3382 3498 Syrias,
3407 3423 3554 3478 alter
3581 3424 3664 3478 Is-

2021 3514 2262 3571 raelitici
2287 3515 2903 3588 populi,ascenderunt
2924 3516 2982 3570 in
2994 3513 3316 3571 Jerusalem
3337 3514 3407 3568 ad
3441 3511 3661 3568 bellum

2018 3606 2365 3676 gerendum,
2398 3622 2504 3661 nec
2535 3622 2662 3662 eam
2708 3621 3042 3678 expugnare
3074 3607 3408 3676 potuerunt.
3441 3603 3662 3658 Nomen

2019 3693 2138 3764 regi
2170 3693 2366 3765 Syriae,
2400 3695 2568 3750 Rasin
2605 3710 2619 3750 :
2653 3695 2775 3766 regi
2805 3711 2936 3749 vero
2997 3693 3192 3756 Israel.
3254 3691 3496 3748 Phacee.
3557 3694 3664 3746 Ve-

2019 3789 2232 3836 nerunt
2262 3786 2455 3837 autem
2491 3782 2700 3851 nuntii,
2739 3783 2835 3854 qui
2877 3782 3044 3853 regie
3096 3781 3292 3834 domui
3326 3780 3666 3834 nuntiarent

2017 3873 2507 3944 conspirationem
2529 3888 2730 3943 regum
2763 3872 2888 3943 Syri
2912 3877 2968 3927 et
2997 3869 3172 3926 Israel
3203 3871 3265 3924 ³⁸.
3300 3871 3480 3941 Syrus
3503 3869 3661 3924 enim

262 3955 333 4022 τῷ
364 3953 646 4028 βασιλιοῷ
676 3956 816 4031 οἴκῳ
843 3961 941 4028 τήν
983 3961 1290 4034 συμρωνίαν
1335 3967 1444 4016 τῶν
1494 3956 1788 4029 ϐασιλέων,
1811 3966 1908 4016 τοῦ

2027 3963 2177 4029 iuxta
2209 3961 2498 4016 liebraics:
2519 3960 2732 4030 linguae
2765 3961 3176 4031 proprietatem
3202 3963 3442 4012 vocatur
3460 3958 3658 4018 Aram;

264 4059 314 4094 τε
340 4043 517 4116 Σύρου
548 4045 645 4100 καὶ
672 4051 768 4100 τοῦ
799 4047 1044 4122 Ἰσραήλ.
1096 4051 1157 4107 Ὁ
1203 4051 1302 4124 γὰρ
1354 4050 1529 4125 Σύρος
1559 4051 1736 4122 Ἀρὰμ
1771 4050 1908 4104 κατὰ

257 4131 346 4196 τήν
372 4129 663 4188 διάλεκτον
697 4139 802 4189 τῶν
862 4132 1128 4213 Ἑϐραίων
1191 4137 1459 4194 καλεῖται’
1493 4139 1521 4192 ὁ
1581 4136 1638 4193 δὲ
1681 4137 1904 4214 Ἰσραὴλ

260 4218 490 4296 Ἐφραῖμ
541 4223 895 4296 ὀνομάζεται,
942 4223 1031 4281 διὰ
1075 4228 1138 4282 τὸ
1195 4226 1254 4282 ἐκ
1305 4233 1405 4297 τῆς
1462 4225 1641 4302 φυλῆς
1695 4226 1904 4298 ἐκείνης

260 4307 540 4381 ὡρμῆσθαι
574 4311 671 4368 τὸν
732 4316 830 4384 τὴν
885 4315 1209 4370 ἀποστασίαν
1260 4315 1309 4389 ἐξ
1355 4317 1535 4392 ἀρχῆς
1564 4312 1904 4386 πεποιηκότα

257 4393 555 4474 Ὶεροϐοάμ.
594 4401 922 4479 Κατεπλάγη
977 4402 1068 4458 οὖν
1120 4403 1150 4458 ὅ
1187 4425 1246 4460 τε
1307 4404 1559 4480 βασιλεὺς
1585 4405 1675 4460 καὶ
1707 4406 1736 4460 ὁ
1769 4403 1902 4468 λαὸς

2018 4049 2196 4105 Israel
2238 4065 2369 4105 vero
2389 4050 2731 4104 nominatur
2758 4051 3044 4120 Ephraim,
3077 4047 3230 4118 quod
3272 4063 3341 4100 ex
3369 4045 3466 4100 illa
3496 4046 3653 4100 tribu

2016 4138 2294 4209 prodierit
2320 4138 2632 4193 Jerobosm
2665 4136 2766 4209 qui
2820 4137 2986 4191 initio
3026 4134 3235 4190 defecit
3253 4134 3316 4190 ³⁷.
3353 4134 3553 4204 Itaque
3585 4133 3658 4188 iis

2015 4227 2252 4292 auditis,
2289 4226 2820 4298 perculsuslimore
2851 4231 2940 4281 est
2995 4229 3053 4279 et
3109 4238 3228 4287 rex.
3286 4227 3344 4278 et
3402 4221 3654 4294 populus

2013 4317 2289 4385 omnis,et
2318 4318 2399 4372 ita
2423 4317 2874 4372 οοῐηιιίοιυείύἰι
2892 4313 3433 4384 etconturbatus,ut
3453 4327 3654 4367 eorum

2010 4405 2304 4461 tumultus
2334 4407 2491 4462 silvae
2526 4406 2683 4478 ligno
2715 4407 2868 4477 quod
2901 4402 3420 4460 vehementissimo
3451 4405 3650 4456 vento-

257 4484 381 4582 ξπας
410 4488 498 4582 ἰπὶ
538 4493 616 4565 τῇ
670 4491 830 4566 ἀκοῇ·
885 4494 974 4548 καὶ
1009 4491 1181 4556 οὕτως
1232 4491 1444 4564 ἐσείσθη
1477 4493 1566 4548 καὶ
1603 4493 1900 4570 ἐταράχθη,

2027 4511 2140 4549 -υιη
2176 4495 2312 4550 ﬂatu
2375 4496 2653 4567 agitatur,
2709 4496 3088 4551 conferretur.
3124 4493 3191 4548 Et
3247 4491 3486 4564 quidem
3531 4489 3654 4544 haec

260 4570 386 4630 ὥστε
442 4579 794 4651 ὁμοιωθῆναι
841 4581 932 4637 τὸν
993 4579 1189 4637 κλόνον
1249 4582 1424 4638 αὐτῶν
1475 4580 1622 4656 ξύλῳ
1663 4583 1898 4659 δρυμοῦ,

260 4661 354 4719 ἀπὸ
378 4665 758 4744 σφοδροτᾶτου
785 4669 1092 4744 πνεύματος
1143 4670 1357 4744 ἀνέμων
1408 4672 1762 4744 σαλευομὲνῳ
1790 4674 1900 4745 (43)

260 4750 314 4806 ’Π
349 4756 441 4825 μὶν
491 4755 588 4810 οὗν
637 4755 788 4828 ἁπλῆ
848 4756 1104 4834 διήγησις
1141 4764 1251 4814 τῶν
1303 4758 1552 4835 ῥημάταν
1598 4759 1750 4826 αὕτη.
1795 4762 1900 4816 Βα-

262 4843 475 4911 σανίζων
521 4842 571 4899 δ’
621 4847 682 4900 ἂν
729 4867 815 4908 τις
855 4847 916 4901 τὸ
977 4845 1166 4922 ῥητὸν,
1228 4846 1380 4921 εὕροι
1421 4850 1543 4903 τινὰ
1590 4848 1901 4920 οἰκειότητα

259 4931 381 5000 πρὸς
410 4935 563 5006 ἡμᾶς
596 4935 686 4990 καὶ
715 4936 814 5003 τὴν
849 4933 1149 5010 οἰκοδομὴν
1180 4944 1284 5008 τῆς
1333 4936 1668 5009 Ἐκκλησίας
1709 4937 1768 4993 ἐκ
1793 4942 1901 4994 τῶν

257 5016 678 5095 ἱστορουμένων.
708 5024 857 5088 Τίνες
891 5025 982 5081 οὖν
1033 5025 1164 5082 εἰσιν
1216 5028 1268 5083 οἱ
1315 5029 1769 5105 συμφωνήσαντες
1801 5026 1900 5083 ἆλ-

257 5105 442 5179 λήλοις
504 5111 777 5188 βασιλεῖς,
833 5117 969 5170 κατὰ
1020 5113 1244 5190 δύναμιν
1305 5116 1658 5190 ἐξετάσωμεν.
1709 5117 1900 5192 Ἥγοῦ-

2010 4590 2100 4640 est
2128 4585 2436 4641 verborum
2471 4585 2719 4657 simplex
2742 4586 3014 4641 narratio.
3036 4583 3142 4639 Sed
3175 4583 3224 4638 si
3247 4581 3382 4654 quis
3402 4579 3656 4651 diligen-

2010 4673 2129 4728 tius
2169 4673 2316 4729 hanc
2338 4679 2739 4746 perscrutetur
2769 4674 3144 4740 sententiam,
3203 4672 3256 4728 ei
3315 4687 3385 4728 ex
3423 4670 3495 4726 iis
3525 4685 3652 4740 quae

2010 4768 2470 4819 commemorata
2483 4769 2622 4818 sunt
2635 4769 2996 4834 compertum
3021 4759 3426 4832 erit,nonnihil
3441 4760 3652 4815 borum

2010 4851 2082 4906 ad
2116 4869 2222 4908 nos
2253 4857 2308 4907 et
2338 4853 2410 4908 ad
2445 4854 2709 4911 Ecclesiae
2729 4853 3170 4909 aediﬁcationem
3204 4849 3656 4924 pertinere.Qui-

2008 4956 2144 4996 nam
2178 4941 2356 5014 igitur
2379 4943 2498 4998 sint
2529 4959 2691 5016 reges
2715 4944 2943 5016 isti,qui
2975 4944 3126 4999 inter
3143 4959 3208 4999 se
3237 4938 3651 5014 conspirarint,

2009 5047 2112 5102 pro
2161 5030 2310 5086 virili
2340 5030 2758 5102 inquirendum
2806 5033 2976 5090 nobis
3041 5037 3150 5090 est.
3210 5031 3496 5105 Equidem
3553 5027 3656 5102 qui

2008 5135 2202 5175 sermo
2233 5136 2337 5192 per
2362 5121 2543 5193 hujus
2575 5123 2771 5180 saeculi
2813 5123 3163 5195 sapientiam
3225 5122 3505 5179 adversus
3555 5117 3656 5174 Dei

313 5245 355 5281 ⁸⁸
381 5247 549 5305 Deut.
575 5267 754 5322 mn,
778 5251 867 5306 39.
903 5252 948 5288 ³⁸
981 5251 1052 5306 ιν
1080 5256 1219 5325 Reg.
1252 5269 1368 5324 xvx,
1399 5253 1435 5308 5
1471 5256 1529 5309 et
1556 5267 1724 5326 seqq.
1755 5253 1799 5288 ³⁷
1832 5252 1912 5308 III

2028 5270 2082 5324 g.
2116 5271 2173 5319 x,
2202 5256 2273 5310 26
2303 5273 2317 5324 ;
2349 5273 2451 5324 χιι,
2481 5258 2572 5313 20.

315 5381 418 5462 (ξφ)
450 5383 693 5462 Yete‘res
721 5387 838 5462 d‘uo
871 5387 1028 5462 libri,
1057 5385 1494 5462 npdxiqatmon
1524 5387 1608 5462 ita
1637 5391 1812 5462 recte.

2070 5387 2818 5468 (43),Εᾶίιὶησαλευομὲνου,
2860 5393 3034 5454 male.
3076 5395 3218 5466 Reg.
3281 5391 3518 5468 tertius,
3568 5409 3635 5445 σα

314 5455 420 5542 ςάι)
454 5457 693 5542 βᾶίῐὶοι
749 5459 886 5532 Reg.
939 5455 1189 5533 primus,
1244 5455 1409 5536 ἔχειν.
1469 5461 1584 5516 Alii
1634 5460 1894 5534 quinque
2002 5455 2524 5542 leuoutvwvmihilo
2551 5455 3648 5542 meliushliiquinqu‘e_mss_.,ca).su‘o:

254 5537 389 5580 mss.
406 5567 421 5593 ,
455 5527 617 5596 ιχον,
649 5531 812 5587 bene.

258 5547 421 5593 suum,
455 5547 500 5581 ε’
529 5547 617 5596 ον,
649 5547 812 5587 nene.

258 5596 421 5735 μ
467 5547 714 5673 Antiqui
747 5619 849 5661 σοι
891 5602 1049 5676 libri,
1104 5598 1209 5666 ἷως
1262 5605 1382 5660 τοῦ.
1438 5602 1614 5674 Editi,
1671 5599 1774 5666 in);
1827 5603 1890 5659 οὗ

2007 5531 2173 5607 μᾶνῴ,
2205 5531 2446 5619 optime.
2479 5541 2684 5619 _Statim
2716 5541 2880 5609 editi,
2929 5531 3065 5613 13w"
3097 5531 3298 5615 ῥητῶν.
3351 5538 3417 5592 At
3463 5533 3645 5590 nostri

2005 5623 2176 5676 mss.,
2206 5608 2314 5664 τῶν
2347 5608 2415 5684 ρη
2425 5609 2608 5684 μάτων
