4118 6220
298 408 397 468 M9

298 536 596 612 κατάσχεσις
629 555 640 567 °
706 535 950 607 Ἰωάθαν,
1012 537 1136 592 ’Ῑαῶ
1201 533 1479 590 συντέλεια
1682 553 1694 566 ‘

295 629 470 696 Ὀζίας,
529 624 687 700 ἰσχὺς
746 627 909 680 Ἰαῶ·
972 625 1001 678 ὁ
1058 621 1115 678 δὲ
1171 623 1365 698 Ἀρὰμ,
1425 624 1499 685 ὡς
1557 622 1914 698 προείπαμεν,

296 716 565 791 μετέωρος*
622 716 651 770 6
708 713 766 769 δὲ
824 714 1017 782 Φακεὲ,
1073 711 1329 785 διάνοιξις
1363 731 1375 744 ·
1410 713 1438 767 6
1497 710 1554 766 δὲ
1608 710 1917 784 Ῥομελίας,

294 806 545 879 μετέωρος
587 811 916 879 περιτομῆς.
951 807 1243 878 Συμφωνεῖ
1291 800 1380 856 06v
1430 803 1458 855 6
1509 801 1779 874 μετέωρος
1822 800 1917 856 λό-

288 916 390 969 γος,
419 895 508 948 καὶ
589 894 617 948 6
699 889 1176 967 ἐπαγγελλόμενος
1231 890 1564 966 σαφηνιστῆς
1619 892 1750 944 εἶναι
1807 893 1916 944 τῶν

288 984 428 1048 θείων
483 987 706 1059 Γραφῶν
768 980 952 1056 λόγος.
987 984 1155 1034 Τοῦτο
1203 981 1306 1054 γὰρ
1336 979 1582 1056 ἐμφαίνει
1637 980 1664 1033 6
1723 979 1914 1045 Φακεὲ,

285 1069 702 1144 ἑρμηνευόμενος
789 1066 1068 1138 διάνοιξις,
1137 1068 1302 1123 οἱονεί
1388 1066 1726 1144 σαφηνισμὸν
1811 1071 1918 1120 τῶν

285 1158 778 1230 ἀποκεκλεισμένων
833 1163 932 1226 τῆς
995 1160 1210 1232 Γραφῆς
1298 1160 1606 1231 μαρτυριῶν
1667 1152 1737 1209 δι’
1797 1155 1917 1208 sau-

282 1253 368 1305 106
412 1250 526 1319 (51)
577 1245 1032 1321 ὑπισχνούμενος.
1065 1248 1188 1302 ’Ότι
1248 1243 1304 1300 δὲ
1335 1248 1369 1314 ἡ
1401 1245 1536 1299 κατὰ
1564 1247 1664 1313 τῆς
1715 1245 1916 1318 Ἰερου-

284 1339 458 1412 σαλήμ
490 1337 777 1416 συμφωνία
807 1342 915 1392 τῶν
971 1335 1067 1390 δύο
1121 1334 1407 1410 βασιλέων,
1438 1339 1536 1390 106
1587 1355 1646 1389 τε
1703 1333 1790 1388 ἐπὶ
1846 1338 1916 1408 τῇ

285 1429 432 1506 σοφίᾳ
457 1432 557 1482 106
586 1427 798 1498 κόσμου
842 1430 1194 1502 φρονοῦντος,
1226 1425 1314 1479 καὶ
1365 1428 1462 1478 106
1507 1422 1919 1498 ἐπαγγελλομέο

279 1539 367 1572 νου
413 1517 477 1572 τὰ
534 1514 926 1587 κεκαλυμμὶνα
983 1521 1080 1584 τῆς
1156 1517 1373 1590 Γραφῆς
1430 1512 1807 1580 ἀναπτύσσειν,
1863 1512 1916 1566 ἐν

283 1604 500 1681 δόγμασι
530 1604 623 1659 καὶ
673 1603 862 1679 λόγοις
912 1602 1174 1663 ἐναντίοις
1220 1602 1449 1677 γίνεται,
1483 1600 1916 1676 προσδοκώντων

284 1693 628 1770 ὑποχειρίους
654 1691 922 1765 λήψεσθαι
952 1690 1080 1753 τοὺς
1139 1691 1205 1746 τὰ
1258 1697 1357 1760 τῆς
1387 1690 1713 1760 Ἐκκλησίας
1771 1688 1919 1744 δεδι-

284 1780 598 1857 δαγμένους,
657 1780 718 1835 ἐκ
762 1785 869 1834 τῶν
920 1778 1108 1857 ἐφεξῆς
1168 1777 1563 1835 ἀποδείκνυται.
1622 1775 1919 1836 Ἐϐουλεύ-

282 1893 427 1926 σαντο
453 1871 558 1946 γὰρ
613 1868 1106 1968 βουλὴηπονηρᾶν
1134 1869 1161 1922 6
1189 1867 1368 1968 Ἀρὰμ
1575 1868 1666 1923 καὶ
1721 1870 1749 1923 ὁ
1805 1869 1920 1929 υἱὸς
1951 1903 1998 1968 Β

284 1965 375 2014 106
439 1958 755 2032 Ῥομελίου,
829 1956 1076 2032 λέγοντες
1111 1977 1124 1989 ·
1182 1951 1602 2029 Ἀναϐησόμεθα
1676 1957 1752 2021 εἰς
1817 1960 1916 2026 τήν

286 2045 554 2120 Ἰουδαίαν,
640 2047 731 2103 καὶ
829 2044 1269 2115 συλλαλήσαντες
1362 2046 1575 2115 αὐτοῖς,
1657 2046 1916 2121 ἀποστρέ-

282 2141 440 2208 ψομεν
621 2135 820 2196 αὐτοὺς
874 2134 1011 2209 πρὸς
1043 2137 1209 2206 ἡμᾶς.
1263 2138 1460 2211 Σαφῶς
1513 2134 1613 2209 γὰρ
1675 2135 1703 2188 6
1756 2133 1920 2208 λόγος

281 2226 615 2298 παρίστησιν,
649 2224 733 2278 ὅτι
782 2221 871 2278 διὰ
920 2230 1020 2292 τῆς
1069 2221 1122 2276 ἐν
1172 2227 1252 2294 τῷ
1296 2220 1636 2296 διαλέγεσθαι
1695 2223 1916 2286 πιθανό-

277 2335 430 2384 τητος
461 2313 750 2382 ἐλπίζουσι
810 2312 902 2366 τὸν
963 2311 1108 2366 οἶκον
1172 2305 1336 2365 Δαϐἰδ
1395 2311 1726 2385 ἀποστρέψαι
1782 2311 1918 2386 πρὸς

280 2403 504 2464 ἑαυτούς.
543 2399 1002 2476 Ἐπαγγὲλλονται
1037 2398 1095 2454 δὲ
1136 2400 1225 2454 καὶ
1284 2398 1511 2475 βασιλέα
1564 2402 1916 2470 καταστήσειν

279 2491 363 2545 τὸν
405 2492 518 2545 υἱὸν
582 2484 821 2559 Ταϐεήλο
856 2487 1206 2563 ἑρμηνεύεται
1266 2485 1324 2542 δὲ
1374 2488 1402 2542 6
1445 2483 1661 2556 Ταϐεήλ
1719 2488 1918 2562 ἀγαθὸς

283 2579 399 2641 Θιός
623 2574 788 2634 Ἰδιον
836 2574 894 2631 δὲ
936 2581 1042 2632 τῶν
1088 2575 1472 2648 ἐπιτιθεμένων
1520 2580 1588 2650 τῇ
1624 2575 1923 2647 Ἐκκλησία

281 2669 334 2722 τὸ
384 2670 764 2743 ὑπισχνεῖσθαι
813 2664 1151 2740 παραδώσειν
1209 2665 1276 2719 τὰ
1313 2666 1437 2739 περὶ
1495 2669 1589 2720 106
1645 2667 1772 2720 Υἱοῦ
1824 2672 1922 2720 106

282 2761 420 2810 Θεοῦ·
446 2756 542 2811 καὶ
579 2753 668 2810 διὰ
694 2762 795 2824 τῆς
840 2754 1098 2824 τοιαύτης
1154 2753 1564 2829 χρηστολογίας
1620 2753 1920 2824 ἐξαπατῶσι

278 2845 393 2906 τοὺς
440 2845 882 2921 ἀκεραιοτέρους.
933 2845 1051 2897 Ὅτι
1105 2841 1164 2897 δὲ
1221 2847 1387 2897 ταῦτα
1444 2842 1733 2917 αἰνίγματά
1787 2842 1921 2913 ἐστι,

283 2932 362 2990 διὰ
403 2943 501 3005 τῆς
562 2934 806 3011 ἱστορίας
855 2934 989 3012 πρὸς
1026 2935 1125 3003 τὴν
1173 2937 1263 2988 νῦν
1308 2935 1629 2989 κατάστασιν
1657 2938 1764 2988 τῶν
1800 2935 1920 2990 Ἐκ-

281 3024 514 3096 κλησιῶν
566 3023 814 3102 φέροντα,
847 3028 1030 3097 σαφῶς
1071 3024 1098 3078 6
1129 3021 1293 3098 λόγος
1332 3021 1541 3094 προϊὼν
1594 3023 1920 3097 ἀπογυμνοζ

281 3112 475 3190 λιγωνο
508 3115 637 3169 ’Ζὰν
672 3115 748 3187 μή
779 3111 1124 3183 πιστεύσητε,
1158 3110 1281 3167 οὐδὲ
1315 3114 1388 3184 μὴ
1423 3119 1638 3182 συνῆτε.

345 3294 461 3350 193.
523 3293 636 3349 Καὶ
713 3292 826 3346 εἶπε
900 3291 1096 3361 Κύριος
1174 3291 1309 3366 πρὸς
1354 3288 1597 3362 ,Ἡσαΐαν
1633 3309 1645 3321 ·

285 3381 353 3444 εἰς
408 3384 734 3450 συνάντησιν
793 3380 989 3454 Ἀχὰζ,
1045 3379 1108 3434 σὺ
1165 3380 1252 3433 καὶ
1312 3379 1339 3434 6
1396 3379 1773 3457 καταλειφθεὶς
1822 3381 1927 3437 Ἰα-

281 3467 404 3526 σσὺϐ
463 3474 492 3527 6
553 3471 678 3532 υἱός
737 3490 852 3539 σου,
913 3468 989 3531 εἰς
1052 3471 1152 3536 την
1213 3463 1607 3540 κολυμϐήθραν
1663 3476 1763 3537 τῆς
1817 3470 1928 3523 ἄνω

283 3557 402 3614 ὁδοῦ
470 3565 570 3615 106
635 3559 808 3632 ἀγροῦ
879 3560 978 3611 106
1050 3557 1320 3634 γναφέως,
1378 3557 1468 3611 καὶ
1539 3555 1678 3632 ἐρεῖς
1730 3557 1876 3630 αύτῷ
1913 3578 1926 3593 ο

284 3649 521 3723 Φύλαξαι
602 3652 704 3703 106
781 3649 1078 3722 ἡσυχάσαι,
1147 3646 1236 3700 καὶ
1299 3647 1374 3718 μὴ
1445 3641 1639 3723 φοϐοῦ,
1700 3645 1839 3719 μηδὲ
1891 3652 1926 3718 ἡ

282 3741 422 3814 ψυχή
475 3760 573 3793 σου
639 3737 922 3791 ἀσθενείτω
988 3735 1094 3790 ἀπὸ
1148 3739 1256 3789 τῶν
1309 3731 1404 3789 δύο
1455 3733 1628 3804 ξύλων
1688 3741 1795 3790 τῶν
1838 3734 1929 3791 δα-

283 3823 386 3881 λῶν
434 3834 545 3883 τῶν
607 3825 1018 3898 καπνιζομὲνων
1066 3822 1298 3880 τούτων.
1356 3825 1522 3880 "010w
1606 3824 1706 3900 γὰρ
1794 3826 1930 3900 ὀργὴ

281 3920 370 3969 106
445 3921 630 3991 θυμοῦ
715 3935 819 3986 μου
896 3914 1141 3988 γένηται,
1195 3911 1362 3968 πάλιν
1441 3913 1684 3986 ἰάσομαι.
1741 3914 1845 3970 Καὶ
1905 3916 1933 3968 6

284 4005 392 4067 υίὸς
475 4009 578 4060 106
669 4003 864 4078 Ἀρὰμ,
917 4002 1006 4056 καὶ
1068 4002 1095 4056 6
1144 4002 1261 4063 υἱὸς
1335 4006 1433 4057 106
1492 4001 1802 4075 Ῥομελίου,
1851 4005 1934 4058 ὅτι

282 4089 678 4149 ἐϐουλεύσαντο
761 4088 968 4166 βουλήν
1043 4092 1286 4165 πονηρὰν
1363 4090 1487 4165 περὶ
1564 4095 1680 4161 σοῦ,
1751 4091 1936 4168 λέγον-

281 4202 382 4245 τες·
445 4175 879 4253 Ἀναϐησόμεθα
961 4179 1038 4241 εἷς
1109 4181 1210 4249 τήν
1259 4177 1544 4251 Ἰουδαίαν,
1592 4181 1680 4235 καὶ
1738 4179 1938 4238 συλλα-

283 4269 545 4340 λήσαντες
657 4268 885 4336 αὐτοῖς,
978 4268 1393 4342 ἀποστρέψομεν
1507 4267 1701 4330 αὐτοὺς
1802 4272 1938 4344 πρὸς

285 4362 450 4432 ἡμᾶς,
494 4360 593 4414 καὶ
670 4355 1064 4434 βασιλεύσομεν
1133 4356 1302 4426 αὐτῆς
1356 4359 1470 4428 (55)
1520 4358 1612 4411 τὸν
1667 4359 1780 4412 υἱὸν
1839 4365 1940 4414 Τα-

281 4443 434 4520 6εήλ.
490 4445 637 4503 Τάδε
696 4445 839 4522 λέγει
900 4443 1250 4519 Κύριος·ού
1312 4447 1386 4518 μὴ
1451 4444 1608 4520 μείνῃ
1668 4448 1702 4510 ἡ
1764 4446 1939 4522 βουλή

282 4537 432 4608 αὕτη,
467 4535 603 4592 οὑδὲ
660 4534 826 4591 ἔσται·
856 4533 984 4590 ἀλλ’
1033 4535 1068 4602 ἡ
1115 4533 1326 4610 κεφαλὴ
1376 4538 1473 4588 106
1524 4535 1723 4610 Ἀρὰμ,
1757 4544 1944 4609 Δαμα-

350 4735 463 4806 (50)
494 4736 588 4790 lta
644 4749 785 4806 mss.
845 4731 1493 4806 omnes._Editi,hvoce
1524 4731 1648 4786 Ἰαῶ
1670 4733 1940 4806 emissa,

282 4801 497 4860 Ἰώάθὰν
535 4801 843 4858 συντέλεια.
905 4803 1240 4858 Exscribere
1299 4803 1440 4858 libet
1485 4819 1611 4872 quis
1669 4803 1780 4858 hoo
1815 4801 1940 4862 loco

283 4877 336 4931 in
367 4895 574 4934 vocem
612 4878 737 4930 ’1αῶ
769 4875 1071 4931 annotavit
1100 4875 1187 4928 vir
1229 4875 1668 4929 eruditissimus
1697 4876 1940 4932 Combe-

283 4947 465 5006 ﬁsins.
500 4950 597 5005 Sic
628 4947 844 5020 inquit,
868 4962 1075 5020 nomen
1099 4947 1504 5020 propriumDei
1532 4955 1582 5001 et
1612 4952 1940 5016 tetragram-

282 5030 486 5076 malum
534 5017 763 5092 antiqui
817 5018 1167 5092 efferebant:
1221 5017 1598 5092 nouitiumque
1653 5027 1754 5086 est,
1792 5021 1941 5092 quod

283 5108 422 5147 nunc
449 5089 690 5149 Jehova'
716 5089 882 5145 multi
907 5090 1158 5145 scribunt
1202 5097 1254 5144 et
1302 5089 1505 5159 legunt,
1550 5091 1670 5160 fere
1710 5106 1744 5144 a
1775 5089 1940 5147 Gala-

282 5166 410 5220 tino.
443 5164 772 5236 Aliquanto
805 5166 936 5231 post
965 5161 1104 5217 editi
1138 5165 1192 5216 et
1217 5161 1351 5236 Reg.
1388 5161 1639 5236 primus,
1672 5161 1936 5236 προείπο.

286 5253 399 5307 μεν..
431 5235 538 5291 Alii
561 5231 1040 5307 'quinquemss”
1072 5231 1430 5305 προείπαμεν.
1479 5231 1740 5290 Subinde
1771 5235 1939 5307 editi,

287 5304 891 5380 μετέωροςῗᾷτεριτομῇ.
927 5309 996 5360 At
1028 5304 1327 5380 summes.)
1348 5311 1688 5380 _11_cpz1opﬁg,

352 5379 432 5441 (51
448 5372 470 5449 )’
493 5372 742 5449 suum
773 5372 908 5449 Reg.
941 5377 1257 5447 secundus,
1289 5372 1360 5429 δι’
1385 5372 1597 5430 seems.
1625 5372 1742 5430 ’Alii
1776 5376 1942 5446 quin-

287 5465 394 5520 que
429 5445 608 5516 mss.,
648 5445 714 5501 δι’
743 5445 930 5502 αὐτοῦ.

353 5523 464 5593 (52)
499 5520 765 5593 Εάίὶὶᾼει
821 5525 938 5593 tres
987 5535 1128 5593 mss.
1184 5519 1212 5573 ὀ
1245 5516 1506 5593 Ἐφραίμ,

353 5524 466 5646 (522
499 5524 662 5576 Editi
708 5525 765 5576 et
821 5525 938 5575 tres
987 5535 1128 5574 mss.
1184 5524 1212 5573 6
1245 5524 1506 5592 Ἐφραίμ,
1569 5524 1738 5572 male.
1793 5524 1940 5574 Nam

290 5591 403 5659 illa,
445 5665 456 5667 ξ
500 5589 888 5667 Ἐφραῒμηκαὶ
919 5589 946 5642 6
992 5590 1108 5652 υἱὸς
1140 5595 1237 5667 106
1292 5589 1599 5662 Ῥυμελίου,
1643 5590 1941 5646 diversum

291 5663 593 5736 pupulum'
611 5663 944 5736 significare
965 5679 1100 5718 cum
1124 5663 1424 5736 deberent,
1449 5679 1633 5736 unum
1666 5667 1861 5717 tamen
1884 5667 1944 5720 et

294 5733 568 5796 eumdem
602 5733 955 5809 signiﬁcant,
987 5735 1373 5794 Israeliticum
1412 5735 1654 5794 scilicet.
1686 5736 1756 5790 At
1785 5737 1941 5792 nter-

1569 5516 1738 5572 male.
1792 5518 1940 5574 Nam

1076 404 1485 467 COMMENT.
1531 405 1610 465 1N
1654 404 1926 466 ISAIAM
1969 405 2478 468 PROPHETAM.
2524 407 2692 469 CAP.
2738 407 2868 468 VII.

1703 3289 1924 3360 Ἔξελθε
1955 3274 1997 3340 C

3555 416 3677 474 450

1757 535 1786 588 ὁ
1858 531 1916 588 δὲ
1947 541 1995 602 Α,
2028 537 2217 591 Achaz
2268 537 2444 604 enim,
2530 537 2580 594 si
2633 538 3058 608 interpreteris,
3118 540 3335 597 dicitur
3389 547 3671 618 retentio,-

2027 626 2302 694 Joathan,
2348 636 2446 681 ,Ιαο
2492 629 2930 695 consummatio,-
2988 628 3176 695 Ozias,
3232 631 3494 699 fortitudo
3524 635 3668 695 Jao:

2031 721 2225 781 Aram,
2262 722 2323 770 ut
2353 734 2531 788 supra
2561 717 2782 772 dictum
2815 725 2922 785 est,
2971 721 3262 787 sublimis;
3295 722 3534 789 Phacee,
3562 727 3667 779 ad-

2029 809 2236 874 apertio
2263 825 2280 867 ,·
2316 807 2628 870 Romelias,
2659 809 2837 862 elatus
2882 811 3343 867 circumcisionis.
3387 814 3587 883 Itaque
3615 818 3672 869 et

2029 912 2219 950 sermo
2251 899 2347 966 qui
2381 896 2654 951 sublimis
2683 903 2792 964 est,
2824 903 2880 952 et
2901 915 3092 953 sermo
3114 902 3212 970 qui
3246 918 3307 956 se
3337 901 3669 958 divinarum

2027 985 2455 1054 Scripturarum
2511 985 2816 1052 pollicetur
2857 1002 2986 1041 esse
3029 989 3489 1059 explanatorem,
3521 990 3672 1046 inter

2027 1087 2089 1127 se
2122 1073 2480 1143 conspirant.
2513 1075 2679 1139 Nam,
2735 1074 2947 1130 Phacee
2989 1092 3163 1146 quem
3211 1077 3672 1148 interpretantur

2028 1160 2456 1229 adapertionem,
2484 1163 2537 1215 id
2562 1162 2785 1217 indicat
2804 1181 2816 1217 :
2835 1164 3013 1234 quasi
3037 1167 3332 1220 recondita
3355 1167 3667 1238 Scriptura;

2026 1251 2370 1305 testimonia
2400 1250 2700 1321 promittat
2727 1268 2835 1306 sua
2863 1252 3051 1323 ipsius
3082 1270 3258 1324 opera
3291 1255 3667 1326 explanatum

2027 1339 2118 1392 iri.
2154 1341 2313 1401 Quod
2374 1345 2569 1394 autem
2621 1340 2871 1395 duorum
2932 1358 3130 1413 regum
3176 1344 3324 1412 (tum
3384 1345 3532 1414 ejus,
3566 1345 3669 1415 qui

2030 1425 2312 1498 gloriatur
2340 1427 2410 1482 de
2442 1428 2644 1482 mundi
2667 1428 2975 1499 sapientia,
3006 1435 3127 1484 tum
3151 1431 3300 1500 ejus,
3335 1433 3435 1502 qui
3457 1449 3518 1488 se
3541 1433 3669 1488 abs-

2031 1521 2196 1570 trusa
2240 1517 2549 1585 Scriptura
2606 1515 2733 1571 loca
2790 1518 3094 1588 profitetur
3167 1519 3666 1592 explanaturum)

2031 1605 2309 1659 adversus
2354 1605 2678 1659 Jerusalem
2732 1606 3062 1675 concordia,
3113 1608 3574 1663 existimantium
3608 1626 3670 1665 se

2029 1709 2128 1747 eos
2176 1693 2275 1763 qui
2326 1710 2417 1748 res
2473 1693 2901 1749 ecclesiasticas
2948 1695 3136 1749 edocti
3195 1701 3354 1763 sunt,
3386 1697 3443 1751 in
3498 1715 3669 1753 suam

2031 1789 2374 1854 potestatem
2423 1785 2780 1852 redacturos,
2828 1785 2888 1838 in
2939 1785 3230 1856 dogmatis
3273 1788 3672 1859 doctrinisque

2029 1872 2180 1927 inter
2210 1890 2271 1927 se
2329 1873 2726 1944 pugnantibus
2786 1873 2976 1944 posita
3023 1873 3118 1942 sit,
3179 1892 3247 1930 ex
3292 1877 3671 1947 sequentibus

2029 1968 2204 2036 patet.
2243 1963 2501 2016 Inierunt
2555 1960 2712 2016 enim
2771 1961 3082 2016 consilium
3145 1960 3366 2017 malum
3415 1965 3586 2018 Aram
3616 1968 3674 2020 et

2028 2053 2186 2108 ﬁlius
2219 2051 2511 2115 Romeliae,
2545 2050 2803 2105 dicentes
2843 2048 3039 2119 (Vane.
3072 2051 3126 2121 6)
3153 2067 3165 2104 :
3216 2053 3580 2107 Ascendemus
3611 2055 3672 2108 in

2026 2141 2303 2208 Iudaeam,
2335 2153 2384 2194 et
2430 2139 2791 2210 colloquentes
2838 2155 2960 2193 cum
3009 2143 3085 2194 eis
3135 2144 3437 2196 avertemus
3484 2157 3570 2196 eos
3598 2142 3670 2197 ad

2025 2247 2149 2285 nos.
2191 2229 2480 2284 Nimirum
2516 2229 2684 2282 docet
2716 2228 3018 2299 perspicue
3051 2229 3339 2283 sententia
3381 2229 3578 2284 isthaac
3610 2229 3668 2284 id

2027 2336 2125 2375 eos
2158 2334 2446 2389 sperasse,
2499 2323 2563 2371 ut
2617 2318 2687 2372 ad
2722 2331 2783 2371 se
2839 2318 3148 2372 verborum
3207 2319 3483 2374 suasione
3514 2320 3668 2376 528

2030 2410 2357 2462 averterent
2389 2405 2619 2460 Davidis
2648 2405 2911 2460 domum.
2945 2407 3068 2461 lmo
3107 2406 3282 2461 etiam
3324 2407 3676 2476 pollicentur

2030 2496 2455 2552 constituturos
2471 2511 2534 2548 se
2551 2509 2743 2562 regem
2759 2492 2943 2548 tilium
2959 2493 3190 2549 Tabeel.
3213 2496 3676 2566 Interpretantur

2031 2590 2224 2639 autem
2255 2583 2486 2652 Tabeel,
2548 2585 2750 2637 bonum
2796 2584 2987 2637 Deum.
3021 2583 3126 2646 Qui
3169 2589 3364 2639 autem
3400 2585 3673 2641 Ecclesiis

2033 2672 2356 2728 moliuntur
2384 2671 2650 2736 insidias,
2684 2671 2755 2725 iis
2787 2671 3078 2740 peculiare
3101 2676 3188 2726 est
3213 2672 3490 2742 polliceri,
3525 2689 3586 2728 se
3607 2690 3675 2728 ea

2033 2779 2158 2832 quis
2190 2763 2261 2815 ad
2296 2759 2394 2815 Dei
2427 2759 2638 2814 Filium
2663 2765 2949 2829 spectant,
2983 2761 3302 2816 tradituros
3329 2779 3343 2826 ;
3369 2765 3547 2831 atque
3569 2761 3671 2816 tali

2031 2849 2534 2920 blandiloquentia
2558 2849 2617 2901 in
2648 2864 2902 2902 errorem
2933 2847 3232 2917 pelliciunt
3261 2849 3672 2920 simpliciores.

2033 2939 2161 2993 Haac
2218 2942 2414 2992 autem
2472 2937 2785 3008 aenigmata
2842 2952 2990 3004 esse,
3041 2953 3166 3008 quas
3224 2954 3326 3009 per
3368 2937 3673 2994 historiam

2034 3028 2384 3083 adumbrata
2405 3027 2472 3080 ad
2496 3030 2842 3097 praesentem
2863 3026 3252 3082 Ecclesiarum
3269 3031 3416 3082 statu
3428 3027 3675 3099 m'perti-

2033 3121 2233 3181 neant,
2268 3114 2595 3170 luculenter
2623 3115 2880 3169 ostendit
2901 3117 3184 3170 orationis
3207 3115 3409 3180 series,
3442 3115 3534 3171 his
3554 3133 3676 3172 ver-

2034 3205 2126 3260 bis
2157 3204 2349 3272 (Vsas.
2380 3205 2434 3270 9)
2460 3221 2473 3258 :
2506 3205 2624 3260 Nisi
2651 3203 3026 3270 credideritis,
3057 3220 3170 3258 non
3199 3205 3539 3276 intelligetis.

2109 3294 2228 3348 193.
2280 3293 2454 3349 Vaas.
2512 3292 2623 3348 3.9.
2684 3294 2751 3348 Et
2805 3293 2951 3348 dixit
3005 3294 3264 3348 Dominus
3321 3294 3389 3348 ad
3435 3295 3675 3348 Isaiam:

2038 3383 2302 3454 Egredere
2332 3385 2393 3437 in
2421 3399 2706 3439 occursum
2753 3384 2950 3452 Achax,
2982 3386 3041 3437 tu
3068 3386 3117 3438 et
3148 3385 3244 3453 qui
3284 3383 3576 3438 derelictus
3605 3386 3682 3439 est

2034 3473 2207 3529 Jasub
2237 3472 2388 3541 ﬁlius
2444 3475 2588 3541 tuus,
2637 3471 2707 3526 ad
2751 3473 3024 3543 piscinam
3077 3473 3377 3542 superioris
3405 3473 3513 3529 vix
3559 3487 3683 3543 agri

2034 3560 2297 3632 fullonis.
2323 3562 2386 3614 Et
2406 3561 2548 3616 dices
2571 3563 2622 3615 ei
2642 3580 2661 3615 :
2693 3560 2946 3630 Observa,
2972 3566 3032 3614 ut
3052 3561 3254 3615 sileas:
3280 3566 3331 3615 et
3361 3577 3429 3616 ne
3449 3563 3682 3616 timeas:

2036 3667 2210 3721 neque
2239 3652 2428 3705 anima
2457 3655 2558 3705 tua
2580 3651 2895 3719 inﬁrmatur
2923 3667 2954 3702 a
2986 3650 3191 3704 duobus
3223 3651 3394 3719 lignis
3423 3652 3685 3706 titionum

2037 3741 2456 3811 fumigantium‘
2489 3739 2740 3805 istorum,
2798 3739 2931 3792 Cum
2987 3740 3139 3792 enim
3196 3742 3282 3793 ira
3335 3740 3542 3808 furoris
3571 3740 3688 3794 mei

2041 3828 2336 3894 exstiterit,
2383 3843 2603 3881 rursum
2650 3827 2874 3881 sanabo.
2930 3831 2993 3882 Et
3049 3829 3199 3896 ﬁlius
3229 3828 3412 3894 Aram,
3444 3835 3494 3880 et
3537 3827 3685 3895 ﬁlius

2046 3917 2321 3982 Rometiz,
2353 3918 2621 3986 quoniam
2652 3918 2899 3970 inierunt
2928 3917 3225 3971 consilium
3276 3915 3488 3968 malum
3520 3914 3585 3969 de
3613 3923 3685 3984 te,

2043 4005 2317 4060 dicentes:
2371 4003 2732 4059 Ascendemus
2791 4007 2851 4057 in
2904 4005 3182 4071 Iudaeam,
3243 4010 3296 4058 et
3327 4003 3689 4074 colloquentes

2045 4110 2168 4150 cum
2196 4096 2299 4157 eis,
2331 4101 2632 4148 avertcmus
2673 4109 2765 4147 eos
2811 4093 2886 4146 ad
2935 4109 3047 4156 nos,
3081 4101 3133 4146 et
3182 4093 3574 4146 constituemus
3604 4107 3688 4145 re-

2045 4200 2166 4251 gem
2195 4185 2312 4254 ejus
2349 4184 2527 4254 ﬁlium
2561 4181 2766 4237 Tabeel.
2815 4183 2942 4238 Haec
2988 4186 3170 4236 autem
3199 4179 3334 4235 dicit
3386 4181 3688 4236 Dominus:

2049 4274 2163 4328 Non
2193 4274 2440 4327 manebit
2487 4271 2780 4326 consilium
2834 4271 2952 4338 hoc,
3007 4286 3183 4340 neque
3209 4271 3336 4324 erit.
3398 4269 3498 4324 Sed
3526 4273 3690 4339 caput

2050 4363 2243 4422 Aram,
2288 4363 2585 4415 Damascus
2616 4377 2638 4422 ;
2695 4364 2746 4414 et
2787 4367 2948 4430 caput
3007 4360 3279 4425 Damasci,
3340 4361 3534 4414 Rasin.
3587 4359 3691 4414 Sed

2049 4451 2231 4505 adhuc
2259 4452 2543 4520 sexaginta
2601 4458 2651 4504 et
2699 4451 2939 4520 quinque
2983 4450 3164 4516 annis,
3225 4448 3431 4517 deﬁciet
3461 4465 3693 4519 regnum

2051 4540 2316 4611 Ephraim
2347 4537 2411 4593 de
2438 4545 2658 4610 populo,
2689 4542 2739 4594 et
2777 4543 2941 4607 caput
2988 4537 3250 4609 Ephraim
3295 4541 3607 4607 Somorum,
3641 4546 3695 4594 et

1970 4738 2017 4802 Ι)
2049 4750 2162 4806 que
2194 4733 2350 4815 polb.
2412 4738 2471 4815 et
2527 4737 2666 4815 Reg.
2715 4734 3042 4815 secundus,
3102 4732 3128 4785 ὁ
3161 4733 3356 4815 Ἀράμ,
3393 4751 3425 4788 a
3453 4732 3693 4815 “quibus

2052 4803 2165 4861 non
2194 4806 2276 4860 ita
2307 4805 2557 4877 multum
2583 4803 2874 4877 dissident
2898 4805 3060 4872 LXX,
3085 4803 3238 4877 apud
3271 4821 3420 4875 quos
3449 4803 3527 4858 ita
3556 4803 3693 4875 legi-

2051 4885 2182 4933 tur:
2217 4877 2305 4930 καὶ
2337 4877 2365 4929 6
2408 4875 2537 4950 Ϋυίὸς
2567 4879 2664 4930 106
2721 4875 2918 4950 ’Δράμ,
2966 4883 3097 4943 etc.,
3124 4875 3181 4932 et
3236 4877 3388 4947 ﬁlius
3437 4884 3619 4931 Aram
3646 4884 3697 4931 et

2049 4951 2201 5020 ﬁlius
2237 4949 2517 5006 Romeliaz.

2122 5022 2234 5092 (53)
2266 5021 2500 5076 Veteres
2531 5018 2666 5074 libri
2713 5023 2842 5092 tam,
2885 5017 3002 5082 hic.
3051 5033 3224 5092 quam
3275 5018 3449 5092 infra,
3482 5017 3566 5072 ita
3597 5033 3693 5092 va-

2052 5085 2387 5160 riant'inter
2417 5109 2498 5160 se,
2533 5095 2598 5146 ut
2630 5091 2797 5146 modo
2831 5089 3053 5160 legatur
3068 5085 3488 5160 ἆναϐησώμεθα,
3522 5089 3695 5160 modo

2051 5156 2452 5236 ἀναϐησόμεθα,
2487 5156 2702 5236 imodo‘
2731 5156 3179 5236 ἀτιοσ-ᾗοίψομεν,Δ
3224 5156 3398 5236 modo
3428 5158 3696 5235 ἀποστρέ-

2050 5237 2247 5308 ψομεν,
2277 5231 2451 5308 modo
2486 5231 2915 5308 pagth'iewpsv,
2950 5231 3121 5308 modo
3157 5232 3568 5308 Quinctianus.

2145 5307 2419 5430 5l)gd$iti
2451 5300 2506 5362 et
2559 5307 2696 5378 Reg.
2760 5300 3004 5377 primus,
3039 5307 3066 5360 6
3099 5300 3248 5364 Θεός.
3300 5303 3401 5359 Alii
3435 5300 3697 5374 quinque

2151 5396 2221 5430 Β.-
2301 5399 2323 5430 ε
2365 5398 2410 5430 ς·

2052 5393 2222 5444 mss.,
2256 5383 2410 5437 Θεός·

2124 5441 2237 5523 (55)
2265 5451 2429 5523 Quod
2462 5448 2546 5523 ait
2575 5449 2982 5523 Combeﬁsius,
3026 5449 3091 5523 in
3145 5446 3340 5502 codice
3373 5444 3519 5523 [δι’-..1
3556 5441 3692 5522 legi,

2056 5513 2448 5594 βασιλεύσομεν
2480 5519 2684 5588 αὐτοῖς,
2737 5521 2794 5575 id
2823 5513 2976 5594 Anon,
3021 5521 3103 5575 ita
3151 5535 3300 5594 esse,
3325 5513 3510 5594 oculis
3544 5513 3694 5594 meis

2052 5581 2245 5650 cerno.
2278 5581 2424 5651 Nam
2473 5609 2538 5649 eo
2596 5581 2905 5648 in'codice
2957 5591 3109 5664 lego,
3157 5583 3563 5664 βασιλεύσωμεν
3597 5581 3690 5637 αύ-

2050 5682 2168 5728 της.
