4048 6220
397 396 513 456 451

1337 389 1735 451 APPENDIX
1777 390 2103 451 OPERUM
2143 389 2211 450 S.
2253 387 2539 451 BASILII
2583 388 2858 450 MAGNI.

3683 395 3812 454 £52

384 533 551 598 caput
578 524 868 580 Sameram
896 523 1047 592 ﬁlius
1079 520 1350 577 Romeliz.
1405 523 1464 575 Et
1493 522 1608 576 nisi
1655 519 2025 591 credideritis,

2143 517 2298 580 σκός’
2356 516 2446 572 καὶ
2504 518 2538 585 ἡ
2597 514 2809 594 κεφαλὴ
2872 523 3184 590 Δαμασκοῦ,
3238 520 3440 578 Ῥασίν.
3501 522 3661 579 Ἀλλ’
3717 519 3800 578 ἔτι

385 632 496 672 non
526 613 860 681 intelligetis.
884 611 1166 683 Equidem
1191 610 1446 664 arbitror
1473 609 1787 681 prOphetas
1822 625 2035 680 nequa-

387 721 565 778 quam
585 703 912 774 percepisse
930 699 1172 754 verbum
1197 699 1294 753 Dei
1313 697 1514 754 sensili
1539 698 1744 752 auditu
1770 714 1872 770 per
1884 697 2034 752 aeris

383 792 818 866 percussionem
846 807 858 845 :
884 789 983 844 sed
1008 804 1141 842 cum
1167 787 1374 841 anima:
1398 786 1693 858 spirituali
1726 803 1897 841 aures
1913 802 2031 841 suae

383 900 498 938 non
531 881 744 943 desint,
778 879 848 933 ad
884 877 1014 932 illas
1045 877 1191 930 citra
1229 874 1415 930 ullum
1451 891 1662 930 sonum
1700 876 2034 946 pervenisse

383 988 579 1027 rerum
612 968 1072 1041 signiticatarum
1106 965 1397 1020 notitiam.
1434 966 1617 1036 Atque
1644 965 1751 1020 hoc
1783 965 1867 1020 eis
1898 982 2031 1022 con-

383 1061 645 1132 tingebat
676 1057 984 1130 splendore
1031 1071 1174 1109 vera:
1229 1055 1374 1109 lucis
1406 1055 1480 1110 ad
1529 1071 1730 1109 eorum
1776 1061 2029 1110 mentem

382 1144 1257 1220 pertingente,illustrandisque
1281 1142 1582 1215 prophetis
1605 1143 2028 1199 subserviente.

377 1241 538 1290 Hanc
569 1240 762 1289 autem
797 1249 993 1288 vocem
1018 1232 1420 1304 percipiebant
1444 1231 1526 1299 hi,
1561 1232 1667 1304 qui
1693 1249 1726 1286 a
1757 1233 2031 1287 sensibus

376 1322 735 1394 corruptioni
767 1320 1034 1376 obnoxiis
1071 1326 1460 1387 excesserant,
1499 1325 1673 1391 atque
1724 1337 1900 1392 quam
1934 1337 2029 1376 ce-

376 1411 575 1467 leriter
604 1427 635 1466 e
665 1426 904 1482 corpore
951 1408 1149 1480 egredi
1198 1409 1534 1463 studebant.
1587 1408 1729 1463 Cum
1781 1408 1936 1463 enim
1971 1410 2030 1463 in

377 1500 708 1555 divinarum
743 1514 939 1553 rerum
963 1496 1456 1567 contemplatione
1474 1501 1740 1553 versatus
1772 1498 2026 1568 animus,

377 1590 450 1645 ab
482 1605 548 1644 ea
597 1605 766 1660 quam
817 1603 949 1642 cum
1002 1602 1244 1658 corpore
1302 1585 1478 1641 habet
1510 1585 1942 1641 necessitudine
1971 1590 2029 1642 et

376 1679 788 1750 conjunctione
817 1693 946 1732 sese
966 1691 1240 1742 avocans,
1263 1675 1419 1730 exire
1450 1675 1666 1730 dicitur
1690 1693 1702 1731 :
1737 1693 1869 1731 cum
1893 1692 2025 1731 vero

371 1768 650 1823 humanis
671 1765 964 1820 detinetur
985 1764 1235 1836 negotiis
1259 1763 1344 1818 vel
1376 1765 1448 1819 ob
1484 1765 1875 1820 necessariam
1904 1781 2024 1820 cor-

372 1857 530 1929 poris
553 1853 1009 1918 servitutem,vel
1035 1855 1188 1924 quod
1213 1853 1387 1908 rebus
1413 1853 1914 1924 praestantioribus
1938 1859 2024 1909 at-

2145 607 2405 677 ἒξήκαντα
2466 606 2556 660 καὶ
2625 604 2780 661 πέντε
2855 606 2988 662 έτῶν
3045 611 3179 683 (56),
3230 608 3470 685 ἐκλείψει
3528 614 3564 682 ἡ
3637 614 3801 689 βασι-

2145 694 2266 750 λεία
2307 695 2548 769 Ἐφραῗμ
2598 695 2704 750 ἀπὸ
2753 700 2852 750 τοῦ
2893 695 3048 751 λαοῦ·
3084 699 3169 752 καὶ
3229 701 3264 769 ἠ
3314 698 3529 777 κεφαλή
3555 703 3802 780 Ἐφραὶμ.

2146 783 2409 858 Σομόρων
2447 802 2459 815 ³
2519 783 2608 838 καὶ
2685 785 2718 854 ἠ
2799 784 3010 859 κεφαλή
3095 787 3362 863 Σομόρων
3434 789 3461 843 6
3516 790 3630 854 υἱὸς
3695 794 3800 845 τοῦ

2141 871 2452 946 Ῥομελίου.
2487 872 2588 928 Καὶ
2637 871 2724 928 ἐὰν
2772 875 2846 945 μή
2881 874 3226 948 πιστεύσητε,
3261 875 3385 932 οὐδὲ
3439 880 3514 951 μὴ
3575 883 3793 944 συνῆτε.

2142 963 2409 1037 Ἡγοῦμαι
2437 961 2639 1030 τοίνυν,
2671 961 2752 1017 ὅτι
2788 962 2849 1017 ού
2882 966 2992 1036 (57)
3036 962 3126 1019 διὰ
3168 967 3266 1036 τῆς
3311 966 3576 1038 αἰσθητῆς
3619 969 3794 1039 ἀκοῆς

2141 1048 2530 1124 πλησσομὲνου
2558 1055 2655 1106 τοῦ
2679 1051 2835 1125 ἀέρος
2867 1052 3108 1109 συνίεσαν
3150 1056 3240 1109 τὸν
3287 1060 3385 1110 τοῦ
3432 1061 3564 1111 Θεοῦ
3622 1055 3792 1134 λόγον

2142 1142 2194 1194 οἱ
2224 1147 2530 1217 προφῆται·
2565 1139 2690 1195 ἀλλ’
2721 1139 2907 1212 ἐπειδή
2963 1141 3102 1198 ἐστιν
3157 1144 3270 1199 ὦτα
3319 1152 3523 1216 νοητῆς
3577 1149 3792 1222 ψυχῆς,

2143 1229 2222 1284 ἐπ’
2274 1229 2448 1284 ἐκεῖνα
2501 1227 2691 1304 ἔφθανε
2749 1233 2927 1304 γυμνὰ
2985 1239 3170 1308 φωνῆς
3244 1234 3310 1288 τὰ
3385 1236 3790 1308 σημαινόμενα.

2140 1319 2245 1375 Καὶ
2276 1323 2436 1373 τοῦτο
2482 1319 2670 1380 αὐτοῖς
2701 1317 2910 1394 ἐγίνετο
2940 1323 3073 1392 (58),
3104 1328 3206 1391 τῆς
3237 1321 3404 1396 αὐγῆς
3435 1327 3532 1378 τοῦ
3586 1323 3792 1394 ἀληθι-

2139 1413 2232 1462 νοῦ
2284 1408 2464 1484 φωτὸς
2512 1407 2818 1485 φθανούσης
2858 1410 3037 1464 αὐτῶν
3081 1409 3170 1464 ἐπὶ
3212 1411 3275 1465 τὸ
3306 1414 3659 1486 ἡγεμονικὸν,
3691 1413 3790 1468 καὶ

2137 1494 2495 1565 διακονούσης
2523 1501 2603 1568 τῷ
2629 1501 2898 1571 φωτισμῷ
2945 1501 3052 1551 τῶν
3103 1504 3421 1576 προφητῶν.
3454 1499 3665 1571 Ταύτης
3725 1500 3796 1556 δὲ

2137 1579 2609 1658 ἀντελαμϐάνοντο
2667 1592 2768 1655 τῆς
2835 1593 3020 1663 φωνῆς
3077 1585 3129 1640 οἱ
3183 1588 3464 1660 γενόμενοι
3522 1587 3620 1659 ἔξω
3674 1591 3790 1644 τῶν

2135 1676 2380 1752 φθαρτῶν
2433 1673 2828 1748 αἰσθητηρίων,
2856 1675 2946 1729 καὶ
3005 1676 3057 1730 οἱ
3114 1673 3433 1741 σπεύδοντες
3488 1679 3622 1754 πρὸς
3675 1681 3786 1749 τήν

2133 1763 2238 1818 ἀπὸ
2268 1767 2364 1817 τοῦ
2395 1764 2650 1836 σώματος
2681 1760 2880 1834 ἔξοδον.
2913 1767 3042 1821 "Ore
3085 1766 3198 1838 (59)
3232 1765 3326 1838 μὲν
3370 1767 3470 1840 γὰρ
3517 1767 3650 1838 πρὸς
3704 1773 3783 1843 τῇ

2133 1853 2331 1928 θεωρίᾳ
2383 1856 2493 1906 τῶν
2554 1850 2709 1914 θείων
2762 1852 2962 1928 γίνεται
3007 1855 3041 1922 ἡ
3071 1857 3246 1929 ψυχὴ,
3282 1853 3614 1930 συλλέγουσα
3660 1856 3788 1912 ἑαυ-

369 1913 608 2002 tendere
641 1963 754 2000 non
802 1913 1068 2016 amplius.
1099 1951 1297 2015 queat,
1337 1913 1502 2014 quasi
1533 1944 1604 1999 ab
1664 1944 1918 1999 externis
1948 1945 2020 2000 ad

2129 1943 2225 2009 τὴν
2255 1941 2359 1996 ἀπὸ
2388 1943 2488 2009 τῆς
2531 1944 2667 2016 πρὸς
2710 1962 2773 1995 το
2823 1946 2983 2014 σῶμα
3029 1941 3358 2014 ἐπιπλοκῆς,
3392 1913 3580 2014 ὶξιιὲναι
3627 1943 3787 2022 λεγε-

366 2037 648 2093 interiora
679 2052 740 2091 se
773 2036 997 2091 confert
1025 2051 1040 2099 ;
1075 2034 1314 2106 perinde
1355 2050 1420 2088 ac
1471 2033 1519 2088 si
1554 2033 1836 2106 reciperet
1865 2051 1928 2089 se
1957 2034 2017 2089 in

366 2127 604 2182 domum
625 2126 941 2197 quamdam
967 2127 1062 2177 aut.
1078 2123 1394 2191 civitatem,
1411 2123 1669 2194 corporis
1685 2123 2018 2178 affectiones

364 2215 839 2286 participaturus.
866 2211 1150 2275 Quoniam
1171 2210 1350 2280 igitur
1372 2228 1475 2282 par
1491 2214 1615 2265 erat
1638 2216 1701 2265 ut
1722 2210 1818 2264 Dei
1845 2211 2017 2265 verba

364 2304 593 2359 audiret
625 2302 930 2374 propheta,
964 2300 1091 2355 ideo
1123 2298 1174 2354 ei
1205 2305 1340 2354 ante
1396 2299 1593 2354 omnia
1634 2300 1852 2373 dictum
1885 2303 2012 2354 est:

364 2393 628 2462 Egredere
657 2401 736 2461 tu,
768 2401 820 2447 et
862 2391 1013 2461 ﬁlius
1057 2392 1202 2444 tuus.
1238 2389 1377 2444 Tale
1429 2395 1518 2444 est
1548 2390 1802 2461 quodam
1838 2390 2010 2444 modo

361 2481 506 2535 illud
538 2481 713 2535 etiam
746 2478 1006 2539 Genesis.
1027 2479 1196 2548 juxta
1218 2478 1474 2549 primum
1505 2477 1808 2533 oraculum
1833 2480 2010 2533 Abra-

359 2569 450 2625 hae
481 2570 771 2626 redditum
799 2587 811 2625 :
865 2567 1139 2642 Egredere
1167 2567 1233 2621 de
1278 2572 1428 2621 terra
1460 2577 1576 2634 tua,
1615 2575 1668 2622 et
1713 2568 1779 2621 de
1802 2583 2009 2637 cogna-

356 2662 506 2715 tione
535 2667 649 2726 tua,
702 2663 752 2714 et
801 2658 864 2713 de
919 2657 1075 2712 domo
1120 2657 1300 2726 patris
1355 2656 1435 2710 tui
1460 2656 1504 2690 ⁵ο
1533 2655 1676 2710 Nam
1711 2656 2008 2726 perfectis-

355 2749 548 2804 simus
581 2764 856 2821 egressus
915 2751 1006 2802 est
1057 2761 1336 2800 ascensus
1393 2745 1466 2799 ab
1524 2745 1801 2800 omnibus
1835 2746 2008 2800 rebus

357 2839 673 2907 corporeis,
711 2853 838 2908 quae
873 2840 1011 2890 sunt
1041 2839 1197 2889 terra
1226 2833 1551 2904 appellatae,
1583 2839 1786 2903 estque
1819 2833 2010 2906 fugaa

357 2925 653 2988 sensibus,
675 2928 772 2996 qui
796 2924 1064 2997 cognatio
1080 2928 1219 2977 sunt
1236 2923 1752 2989 vocati,etanimus
1768 2939 2007 2977 aversus

356 3031 390 3068 ιι
418 3013 535 3069 vita
557 3014 788 3068 crimini
809 3012 1078 3076 obnoxia,
1100 3012 1158 3065 in
1179 3028 1295 3082 qua
1317 3011 1446 3082 quis
1465 3011 1774 3066 contrariis
1793 3011 2007 3065 studiis

356 3119 486 3173 quae
515 3103 724 3158 domus
747 3102 930 3174 patris
953 3107 1293 3171 nuncupata
1315 3105 1472 3167 sunt,
1500 3117 1627 3156 sese
1660 3102 1819 3172 prius
1845 3099 2006 3154 addi-

354 3196 537 3245 xerat.
571 3193 726 3246 524
760 3191 825 3243 Et
854 3189 1027 3260 paulo
1080 3195 1209 3260 post
1241 3191 1524 3260 scriptum
1559 3196 1648 3243 est
1699 3189 1770 3243 de
1801 3189 2003 3244 eodem

2125 2049 2233 2084 ταιο
2267 2029 2391 2085 ὅταν
2452 2027 2508 2084 δὲ
2563 2031 2700 2105 πρὸς
2751 2035 2867 2092 τοῖς
2921 2031 3284 2108 ἀνθρωπίνοις
3341 2031 3501 2102 ἐστὶν,
3543 2033 3578 2103 ἢ
3637 2036 3784 2090 κατὰ.

2124 2118 2188 2174 τὸ
2220 2119 2510 2194 ἀναγκαῖον
2539 2125 2640 2187 τῆς
2681 2123 2778 2173 τοῦ
2834 2120 3089 2193 σώματος
3141 2121 3448 2196 θεραπείας,
3479 2125 3514 2192 ἡ
3567 2121 3656 2178 διὰ
3705 2125 3780 2180 τὸ

2130 2208 2205 2281 μὴ
2258 2205 2509 2262 δύνασθαι
2571 2205 2830 2262 έπιπλέον
2889 2208 3210 2273 ἐκτείνεσθαι
3270 2211 3408 2286 πρὸς
3459 2213 3527 2265 τὰ
3582 2210 3776 2290 διαφέ-

2126 2316 2289 2369 ροντα
2318 2295 2482 2350 οἱονεὶ
2514 2290 2703 2366 ἔξωθεν
2739 2295 2824 2350 ἰπὶ
2882 2299 2945 2352 τὰ
3005 2296 3109 2352 ἔσω
3157 2297 3420 2374 ⁸πάρεισιν,
3457 2299 3634 2374 ὥσπερ
3692 2301 3780 2363 εἷς

2125 2384 2296 2439 οἰκίαν
2323 2385 2463 2452 τινὰ,
2492 2384 2527 2453 ἢ
2560 2383 2636 2445 εἷς
2681 2383 2842 2440 πόλιν
2867 2386 3004 2460 πρὸς
3048 2387 3147 2455 τήν
3181 2384 3270 2441 ἐπὶ
3316 2387 3378 2442 τὸ
3425 2393 3585 2460 σῶμα
3637 2410 3778 2462 συμ-

2117 2475 2342 2528 πάθειαν
2401 2472 2817 2550 ἐπιστρέφουσα.
2877 2475 3029 2531 Ἐπεὶ
3097 2473 3189 2530 οὖν
3247 2472 3354 2531 ἔδει
3413 2475 3593 2552 λὸγων

2119 2566 2250 2617 Θεοῦ
2309 2563 2530 2617 ἀκοῦσαι
2583 2562 2674 2616 τὸν
2735 2565 3050 2640 προφήτην,
3087 2561 3176 2619 διὰ
3225 2569 3387 2620 τοῦτο
3416 2565 3522 2640 πρὸ
3551 2567 3773 2621 πάντων

2117 2650 2262 2723 αὐτῷ
2320 2649 2530 2727 ε’ίρηται
2585 2652 2670 2720 τὸ,
2701 2651 2919 2721 Ἔξελθε
2975 2657 3036 2706 σῦ
3093 2655 3182 2708 καὶ
3223 2655 3250 2708 6
3303 2655 3419 2730 υίός
3479 2675 3595 2711 σου.
3639 2657 3778 2712 Τοι-

2118 2745 2273 2795 οῦτον
2309 2739 2365 2794 δέ
2395 2741 2514 2802 πώς
2547 2739 2658 2795 ἔστι
2683 2741 2772 2795 καὶ
2802 2741 2864 2795 τὸ
2895 2740 2950 2796 έν
2981 2744 3190 2798 Γενὲσει
3223 2745 3360 2798 κατὰ
3401 2744 3491 2798 τὸν
3543 2748 3772 2818 πρῶτον

2117 2830 2508 2905 χρηματισμὸν
2586 2827 2874 2904 εἰρημένον
2941 2834 3020 2902 τῷ
3074 2826 3347 2906 Ἀϐραάμ,
3409 2831 3626 2902 Ἐξελθι
3703 2833 3778 2888 ιχ

2113 2921 2214 2987 τῆς
2271 2925 2376 2993 γῆς
2434 2939 2552 2988 σου,
2596 2919 2686 2972 καὶ
2743 2917 2802 2972 ἐκ
2855 2925 2958 2988 τῆς
3013 2921 3323 2996 συγγενείας
3380 2942 3497 2990 σου,
3555 2921 3644 2975 καὶ
3700 2921 3774 2978 ἐκ

2113 3012 2210 3063 τοῦ
2268 3005 2425 3062 θ’ίκου
2500 3010 2598 3061 τοῦ
2672 3007 2874 3084 πατρός
2951 3029 3067 3066 σου.
3128 3008 3449 3080 Τελειοτάτη
3518 3010 3622 3085 γὰρ
3679 3009 3777 3083 εξ-

2116 3094 2240 3161 οδος
2271 3099 2404 3169 (61),
2437 3099 2472 3166 ἡ
2504 3096 2609 3150 ἀπὸ
2660 3098 2877 3151 πάντων
2925 3101 3032 3152 τῶν
3095 3103 3419 3172 σωματικῶν
3477 3095 3768 3175 ἀνάϐασις,

2115 3188 2267 3240 ἅτινα
2298 3183 2508 3260 ε’ίρηται
2538 3192 2632 3260 γῆ’
2667 3186 2755 3240 καὶ
2787 3188 2820 3255 ἡ
2853 3185 2959 3240 ἀπὸ
3013 3191 3121 3241 τῶν
3171 3186 3537 3263 αἶσθητηρίων
3592 3192 3772 3266 φυγὴ,

355 3278 730 3334 Abrahamo:
784 3279 991 3332 Eduxit
1041 3294 1161 3332 eum
1217 3281 1360 3332 Deus
1411 3278 1651 3346 foras“.
1686 3281 2002 3348 Postquam

2121 3273 2251 3350 ἅπερ
2312 3273 2623 3346 ὠνόμασται
2705 3275 2985 3349 συγγένεια
3015 3294 3027 3306 ·
3087 3275 3178 3329 καὶ
3234 3277 3296 3330 τὸ
3355 3277 3774 3355 ἀποστραφῆναι

355 3359 516 3423 enim
541 3367 844 3437 conspexit
874 3365 1019 3420 illud
1051 3383 1168 3436 quo
1201 3365 1507 3420 tenebatur
1536 3367 1872 3436 egrediendi
1905 3367 2004 3421 de-

356 3456 661 3522 siderium,
694 3456 821 3527 ipse
867 3471 1001 3509 eum
1051 3454 1227 3509 veluti
1279 3470 1455 3508 manu
1502 3455 1669 3509 duxit
1705 3456 1777 3509 ad
1811 3455 2006 3525 operis

354 3545 790 3617 perfectionem.
816 3543 960 3598 Nam
988 3559 1137 3614 opus
1161 3560 1262 3614 per
1284 3558 1345 3597 se
1370 3559 1484 3597 non
1511 3549 1734 3613 poterat
1755 3543 2002 3600 efﬁcere.

359 3635 543 3698 Quare
573 3637 628 3687 et
659 3633 716 3687 in
751 3633 940 3704 primo
968 3636 1278 3704 praecepto,
1311 3630 1359 3686 si
1392 3632 1564 3686 modo
1595 3631 1798 3686 exierit
1827 3631 2002 3697 foras,

359 3721 648 3778 honorum
695 3722 1076 3777 lruendorum
1127 3721 1340 3793 accipit
1388 3721 1859 3794 promissionem.
1894 3723 2005 3778 Sed

357 3826 490 3865 cum
522 3811 820 3866 eduxisset
848 3827 982 3866 eum
1017 3816 1188 3880 Deus,
1223 3815 1363 3865 tunc
1390 3811 1589 3883 ipsum
1622 3827 1878 3881 superna
1907 3811 2007 3866 ubi

354 3901 624 3956 Christus
655 3906 764 3966 est,
798 3916 1057 3971 queerere
1089 3900 1307 3954 docuit.

2113 3364 2204 3418 τὸν
2237 3363 2478 3418 ὑπαίτιον
2540 3362 2680 3438 βίον,
2714 3361 2764 3418 ἐν
2825 3361 2871 3435 ᾧ
2903 3363 3143 3436 ᾠκείωτο
3175 3367 3285 3438 (62)
3324 3365 3584 3440 πρότερον
3644 3372 3778 3431 τοῖς

2114 3451 2372 3514 ἐναντίοις
2399 3449 2843 3524 ἐπιτηδεύμασιν,
2878 3453 3012 3527 ἅπερ
3045 3453 3192 3514 οἶκος
3244 3451 3452 3528 ε’ίρηται
3506 3458 3602 3509 τοῦ
3657 3476 3776 3510 πα-

2112 3540 2260 3616 τρός.
2294 3540 2392 3594 Καὶ
2453 3542 2566 3612 μετ’
2623 3538 2807 3614 ὀλίγον
2864 3537 2924 3595 δε
2980 3543 3104 3615 περὶ
3161 3547 3258 3596 τοῦ
3305 3543 3474 3598 αὐτοῦ
3506 3538 3780 3618 Ἀϐραὰμ.

2115 3632 2432 3706 γέγραπται,
2515 3628 2599 3683 ὅτι
2683 3629 2978 3705 Ἐξήγειγεν
3065 3629 3222 3685 αὐτὸν
3315 3633 3344 3686 6
3423 3632 3554 3695 Θεὸς
3637 3630 3774 3702 ἔξω.

2117 3717 2340 3788 Ἐπειδὴ
2375 3720 2478 3794 γὰρ
2513 3715 2643 3773 εἶδεν
2677 3718 2841 3773 αὐτοῦ
2887 3720 2986 3789 τὴν
3035 3720 3170 3795 πρὸς
3219 3722 3282 3774 τὸ
3330 3719 3560 3792 ἐξελθεῖν
3619 3741 3777 3795 προ-

2119 3809 2338 3882 θυμίαν,
2370 3807 2528 3870 αὐτὸς
2581 3807 2741 3862 αὐτὸν
2803 3808 2938 3884 πρὸς
2993 3808 3055 3862 τὸ
3105 3807 3314 3863 τέλειον
3361 3816 3461 3879 τῆς
3492 3808 3774 3885 ἐνεργείας

2117 3896 2573 3973 ἐχειραγώγησεν.
2609 3895 2780 3957 Αὑτὸς
2827 3895 2926 3972 γὰρ
2976 3897 3095 3959 καθ’
3127 3897 3312 3951 ἑαυτὸν
3363 3896 3471 3972 οὐχ
3529 3897 3644 3959 οἷός
3699 3920 3772 3955 τε

351 3990 417 4059 ἦν
478 3995 725 4058 ποιῆσαι.
763 3988 859 4041 Διὰ
908 3991 1090 4058 τοῦτο,
1123 3986 1212 4040 καὶ
1265 3985 1352 4040 ἐπὶ
1411 3986 1506 4058 μὶν
1563 3987 1659 4040 τοῦ
1708 3987 1932 4060 πρώτου
1981 3988 2422 4062 προστάγματος,
2455 3985 2500 4039 εἰ
2549 3983 2756 4054 ἐξέλθοι
2809 3978 2934 4057 ἔξω,
2964 3983 3294 4060 ἐπαγγελίαν
3329 3981 3595 4058 λαμϐάνει
3654 3993 3769 4057 τῆς

354 4078 731 4139 ἀπολαύσεως.
763 4079 894 4133 "Ore
923 4074 981 4131 δὲ
1007 4075 1262 4151 ἐξήγαγεν
1294 4074 1454 4130 αὐτὸν
1487 4077 1514 4130 6
1545 4077 1692 4144 Θεὸς,
1728 4073 1997 4131 ἐδίδασκεν
2031 4076 2190 4132 αὐτὸν
2217 4075 2282 4130 τὰ
2314 4073 2424 4128 ἅνω
2458 4079 2664 4146 ζητεῖν,
2697 4075 2757 4129 οὗ
2789 4075 2817 4128 6
2843 4074 3070 4149 Χριστός
3095 4074 3262 4132 ἐστιν.

425 4171 545 4222 194.
579 4169 727 4232 Quin
761 4174 817 4221 et
851 4167 1042 4221 Moses
1091 4183 1224 4221 eum
1275 4183 1338 4220 se
1365 4167 1436 4220 ab
1487 4166 2003 4222 administratione

350 4255 745 4309 humanarum
768 4271 962 4309 rerum
982 4254 1781 4325 submovisset,mentemque
1797 4259 2001 4309 contu-

349 4343 516 4398 lisset
542 4344 609 4396 ad
647 4342 973 4396 divinorum
1006 4342 1374 4412 eloquiorum
1421 4341 2000 4414 contemplationem,

2187 4167 2304 4221 194.
2340 4164 2437 4217 Καὶ
2471 4165 2678 4232 Μωσῆς
2709 4160 2787 4230 δὲ,
2821 4161 2910 4217 ὅτε
2938 4161 3045 4218 τῶν
3083 4163 3438 4240 ἀνθρωπίνων
3486 4162 3586 4234 ἔξω
3641 4163 3768 4240 έγέ-

2110 4273 2232 4307 νετο
2264 4253 2400 4325 (63),
2431 4249 2836 4326 ἀποσχολάζων
2866 4255 2946 4322 τῷ
2975 4256 3049 4323 νῷ
3077 4252 3214 4327 πρὸς
3255 4253 3352 4320 τήν
3385 4251 3610 4326 θεωρίαν
3645 4258 3763 4307 τῶν

2113 4338 2340 4417 λογίων,
2377 4339 2566 4411 ἔπηξεν
2595 4337 2696 4409 ἔξω
2723 4346 2824 4409 τῆς
2850 4335 3214 4415 παρεμϐολῆς
3247 4341 3454 4415 μακρὰν
3480 4341 3578 4408 τὴν
3631 4341 3762 4395 Enu-

348 4431 518 4502 longe
549 4449 580 4484 a
613 4429 822 4485 castris
871 4430 1316 4485 tabernaculum
1367 4447 1541 4484 suum
1593 4431 1717 4485 ﬁxit
1740 4431 1803 4484 5’.
1849 4432 2030 4495 Qua-.

2121 4434 2200 4483 τοῦ
2233 4431 2458 4499 σκηνήν.
2507 4428 2600 4482 Διὸ
2647 4427 2738 4482 καὶ
2767 4433 2870 4489 πᾶς
2903 4429 2930 4482 6
2965 4433 3141 4498 ζητῶν
3183 4429 3277 4483 τὸν
3326 4428 3518 4504 Κύριον
3567 4429 3766 4499 lieno-

349 4524 584 4590 propter
605 4518 877 4589 quisquis
908 4518 1203 4589 quaerebat
1232 4517 1570 4584 Dominum,
1601 4519 1672 4573 ad
1718 4520 1994 4576 taberna-

347 4607 545 4662 culum
577 4607 1002 4679 egrediebatur.
1025 4607 1227 4676 Itaque
1251 4607 1437 4678 quise
1458 4605 1779 4679 plurimum
1806 4625 1992 4664 remo-

416 4799 460 4857 ⁵9
488 4798 628 4854 Gen.
662 4815 760 4866 xu,
797 4799 846 4852 1.
922 4799 964 4832 ⁸¹
999 4797 1139 4854 Gen.
1173 4813 1265 4866 xv,
1295 4799 1352 4854 5.
1427 4798 1474 4834 ⁸³
1504 4799 1680 4855 Exod.
1715 4816 1917 4870 xxxiii,
1954 4800 2005 4855 1.

416 4988 530 5057 (56)
559 4986 747 5040 Codex
774 5001 949 5057 unus,
979 4981 1096 5053 ἔτη.

562 5057 736 5141 Editi,
767 5054 916 5129 οὐχί.
953 5059 1019 5112 At
1048 5072 1192 5141 mss:
1215 5056 1502 5141 quinqu'e,
1537 5056 1620 5114 οὐ,

414 5128 526 5200 (58)
561 5134 642 5184 Ita
675 5128 1093 5202 mssppmnes.
1153 5128 1612 5202 Εόίιίπὲγένετο.
1675 5130 1986 5202 Aliquanto

343 5195 624 5277 po‘sttres
655 5217 824 5270 mss.,
857 5195 1402 5277 διακονοῦμένηςξῶ.

415 5274 532 5345 (59)
562 5268 929 5328 νοίοτοεεεχ
958 5268 1124 5338 libri,
1146 5269 1254 5327 ὅτε.
1289 5268 1459 5345 Editi,
1494 5268 1617 5325 ὅταν

2105 4517 2288 4591 ρεύετο
2319 4517 2396 4581 εἷς
2423 4519 2522 4587 τὴν
2559 4518 2779 4587 σκηνήν.
2811 4520 2971 4572 Ὥστε
3020 4519 3048 4572 6
3097 4514 3355 4571 έπιπλέον
3407 4512 3762 4588 διαϐεϐηκὼς

2103 4606 2208 4662 ἀπὸ
2238 4610 2345 4660 τῶν
2378 4605 2756 4681 ἀνθρωπίνων,
2787 4602 2891 4676 ἔξω
2920 4607 3018 4676 τήν
3051 4607 3241 4661 ἑαυτοῦ
3287 4607 3579 4678 καταπήξει
3614 4627 3762 4678 σκη-

2099 4983 2286 5058 οἰκείῳ
2313 4983 2581 5058 aud-quod
2640 4986 2846 5043 vitium
2905 5004 3038 5044 cum
3096 5005 3212 5044 non
3258 4987 3756 5047 animadverteret

2097 5057 2809 5131 Combetisiu’s,__cumque
2849 5059 3144 5116 Tilmanni
3198 5059 3750 5131 interpretationem

2097 5129 2408 5185 emendare
2435 5129 2899 5204 vel_let,‘meliora
2920 5149 3036 5187 non
3063 5131 3328 5204 protulit.
3356 5129 3450 5204 Sic
3476 5131 3638 5204 enim
3661 5133 3754 5187 in-

2095 5205 2450 5275 terpretatur
2484 5202 2569 5256 vir
2600 5201 2812 5273 alioqui
2845 5201 3290 5275 linguas—Graeca;
3323 5202 3747 5274 peritissimus,

2097 5272 2231 5339 Quae
2259 5275 2414 5346 prius
2443 5276 2562 5346 vita
2580 5272 2807 5345 propria
2828 5272 2990 5330 erat":
3013 5278 3074 5330 in
3093 5292 3208 5346 qua
3237 5272 3430 5343 agebat
3459 5278 3519 5328 ut
3549 5272 3750 5346 suaque

412 5340 707 5426 ('60)‘E‘diti
739 5345 1316 5426 et_Reg..secundus,
1351 5340 1539 5414 λόγον.
1564 5341 1682 5426 ,Αξίἰ
1723 5341 1985 5414 quinque
2091 5340 2335 5426 propria.
2371 5351 2443 5399 At
2471 5340 2647 5426 Pteg'ii
2681 5340 2978 5426 secundus
3025 5353 3082 5426 et
3101 5340 3368 5426 quartus
3407 5362 3542 5426 cum
3575 5345 3745 5402 Colb.

340 5413 509 5488 mss.,
544 5413 1097 5488 λόγωνμΗοοίὶρεο
1157 5416 1212 5468 in
1275 5414 1397 5468 loco
1438 5413 1631 5469 nostri
1683 5431 1783 5470 sex
1814 5431 1981 5482 mss.,

337 5487 587 5543 ἀκοῦσαι.
621 5484 796 5552 Editi,
832 5484 1066 5539 ἀκούειν.

363 5629 376 5642 .
412 5561 520 5631 (61)
554 5561 728 5631 Editi,
759 5558 793 5627 ἡ
827 5553 1030 5626 ἔξοδος.
1065 5557 1238 5613 Deest
1267 5555 1549 5612 articulus
1581 5556 1641 5611 in
1674 5555 1980 5629 pervulga-

337 5632 520 5773 tu('62)
550 5700 703 5758 Editi
733 5703 791 5759 et
817 5704 938 5758 tres
970 5715 1109 5758 mss.
1155 5702 1427 5772 corrupte
1455 5699 1687 5760 duabus
1715 5698 1976 5774 vocibus,

2765 5416 2778 5436 9

2093 5417 2351 5471 secundo
2383 5418 2712 5488 conjuncta,
2745 5417 2989 5488 ᾠκείωτο
3030 5421 3089 5474 in
3119 5417 3222 5488 qua
3269 5418 3393 5488 qui:
3422 5419 3582 5488 prius
3612 5433 3752 5473 con-

2093 5439 2351 5471 secunuu
2383 5439 2712 5488 cunJuncw,
2795 5439 2989 5471 κειωτο
3030 5439 3089 5474 ιη
3119 5439 3222 5488 qua
3269 5439 3393 5488 quu
3422 5439 3582 5488 prius
3612 5439 3748 5473 con-

2093 5488 2260 5560 trarii
2299 5487 2501 5560 rstudiis
2548 5505 2662 5544 sese
2706 5439 3045 5545 attinuerat:
3087 5506 3212 5560 quaa
3271 5489 3564 5559 scriptura
3593 5489 3748 5560 quin

2089 5558 2262 5632 plane
2293 5559 2520 5631 integra
2549 5566 2606 5616 et
2627 5561 2964 5633 incorrupta
2985 5564 3080 5632 sit,
3103 5558 3511 5617 dubitaturum
3536 5558 3752 5633 quem-

2090 5647 2267 5705 quas!
2299 5648 2416 5705 99m
2447 5635 2608 5705 puto-

2161 5702 2273 5777 (63)
2305 5699 2548 5763 Veteres
2579 5702 2802 5778 aliquot
2828 5701 2985 5778 libri,
3017 5699 3216 5778 ἐγίνετο
