4118 6220
469 361 589 421 455

1405 348 1802 411 APPENDIX
1845 350 2176 414 OPERUM
2219 350 2285 412 S.
2331 351 2616 414 BASILII
2661 352 2938 415 MAGNI.

3769 360 3889 420 456

466 490 599 559 tuti,
629 487 784 560 ignis
813 484 1120 557 splendore
1144 480 1372 556 praediti
1434 497 1550 536 non
1592 485 1748 549 sunt,
1819 481 1918 538 sed
1981 498 2090 536 sun

2230 501 2318 543 τες
2352 482 2446 554 μὲν
2478 485 2574 536 τοῦ
2607 486 2777 556 φυτοῦ
2803 483 2867 537 τὸ
2897 484 3145 556 ζωτικὸν,
3177 485 3269 540 καὶ
3295 490 3390 541 τοῦ
3423 484 3591 556 ξύλου
3628 489 3690 543 τὸ
3717 488 3882 564 έσχυο

466 581 704 635 titiones
737 576 1113 646 fumigantes,
1154 572 1249 641 qui
1283 588 1382 626 eos
1413 589 1446 626 ιι
1514 569 1731 642 quibus
1790 575 2117 643 tanguntur

467 671 794 737 denigrant,
838 664 1272 734 maculantque,
1314 667 1370 718 et
1399 661 1599 718 oculos
1661 662 1775 716 sibi
1853 662 2114 732 proxime

465 758 867 815 accedentium
903 757 1214 825 provocant
1243 753 1310 806 ad
1357 751 1835 822 lacrymas.Quod
1865 751 1912 805 si
1937 765 2110 806 nosse

465 850 552 903 vis
611 851 892 918 quantum
963 844 1162 897 ali'eral.
1205 840 1534 896 detrimenti
1588 840 1784 894 fumus
1837 841 2108 895 titionum

467 931 1258 1007 l'umigantium,memineris
1277 929 1732 999 Salomonis,qui
1755 929 1895 983 dicit
1919 946 1931 981 ;
1957 931 2113 984 Sicut

463 1043 570 1082 uva
601 1025 792 1079 acerba
832 1021 1090 1076 dentibus
1114 1028 1191 1073 est
1222 1020 1418 1086 noxia,
1453 1023 1503 1072 et
1529 1021 1716 1089 fumus
1759 1019 1934 1072 oculis
1955 1037 1975 1072 ,ο
2033 1021 2114 1072 sic

459 1115 725 1184 iniquitas
737 1113 818 1166 eis
832 1111 927 1181 qui
938 1112 1168 1163 utuntur
1178 1124 1242 1162 ea
1259 1108 1320 1161 ⁵⁸.
1332 1106 1494 1162 Enim
1516 1107 2111 1178 vero,opinor,pecca-

462 1209 586 1258 tum
620 1203 676 1255 in
726 1198 998 1269 nequitiae
1047 1197 1375 1253 actionibus
1442 1197 1644 1262 situm,
1703 1201 1942 1250 vocatur
2001 1213 2112 1251 uva

466 1292 708 1346 acerba:
741 1305 888 1342 noxa
917 1303 1049 1341 vero
1071 1303 1103 1339 a
1135 1285 1277 1340 falsa
1309 1285 1555 1339 scientia
1607 1289 1802 1339 ortum
1861 1283 2107 1352 habens,

463 1398 528 1438 ac
570 1379 786 1434 mentis
816 1381 1030 1431 nostra:
1061 1376 1176 1429 vim
1209 1373 1446 1428 videndi
1477 1373 1869 1440 confundens,
1913 1374 2112 1429 fumus

461 1469 694 1526 dicitur.
728 1470 866 1522 Cum
897 1467 1080 1520 autem
1132 1463 1434 1528 exstiterit,
1494 1461 1708 1533 inquit,
1762 1463 1851 1516 ira
1905 1463 2112 1531 luroris

453 1560 592 1619 mei.
623 1571 844 1610 rursum
874 1553 1090 1609 sonabo
1119 1552 1234 1606 Hoc
1255 1551 1724 1623 est,postplagas
1755 1549 2108 1605 emendandi

457 1662 639 1702 causa
671 1644 943 1711 inﬂictas,
977 1641 1074 1697 ubi
1115 1641 1383 1695 idoneam
1416 1656 1481 1694 ac
1497 1639 1889 1695 sufﬁcientem
1910 1640 2108 1694 videro

458 1733 954 1798 emendationem,
987 1748 1100 1785 non
1125 1731 1313 1784 sinam
1346 1745 1445 1784 eos
1490 1728 1678 1800 pmnis
1741 1729 2107 1801 gravioribus

455 1821 724 1879 afﬂictari
750 1838 762 1887 ;
789 1820 952 1891 quasi
972 1819 1200 1888 aegrotis
1224 1819 1656 1874 dicatmedicus
1683 1817 1820 1873 :Ubi
1851 1819 2103 1889 primum

455 1927 717 1977 secuere,
752 1914 808 1964 et
837 1910 1146 1964 admovero
1179 1907 1524 1974 cauterium,
1559 1923 1750 1979 neque
1781 1911 1974 1979 partes
2011 1922 2105 1961 se-

457 2007 605 2068 ctas,
640 2015 828 2070 neque
861 1998 1056 2052 ulcera
1085 2013 1153 2051 ex
1183 1996 1420 2052 cauterii
1455 1996 1686 2051 ustione
1745 1993 2109 2050 remanentis

452 2089 765 2162 negligam.
802 2089 1118 2160 Postquam
1154 2087 1310 2141 enim
1335 2087 1390 2141 id
1425 2086 1600 2141 fuerit
1618 2085 1936 2151 factum,ob
1953 2085 2104 2155 quod

452 2181 775 2232 nascuntur
792 2175 1223 2242 molestiae,tum
1244 2175 1483 2229 demum
1502 2173 1794 2229 medelam
1811 2173 2030 2244 reliqua
2044 2190 2100 2251 in

450 2267 759 2337 inducens,
794 2264 1097 2320 restituam
1131 2263 1464 2318 sanitatem.

521 2533 645 2588 196.
679 2533 742 2587 Et
791 2533 943 2602 ﬁlius
996 2535 1164 2587 Aram
1215 2532 1267 2586 et
1325 2530 1476 2601 ﬁlius
1507 2529 1793 2596 Romeliw,
1840 2527 2105 2597 quoniam

447 2624 694 2678 inierunt
742 2623 1038 2676 consilium
1095 2621 1325 2687 malum,
1384 2621 1674 2674 dicentes:
1739 2618 2106 2672 Ascendemus

449 2713 508 2766 in
537 2712 782 2768 Judaeum
809 2716 862 2768 et
893 2712 1259 2782 colloquentes
1314 2725 1437 2763 cum
1488 2709 1589 2775 eis,
1641 2710 1952 2761 avertemus
2015 2720 2108 2759 eos

443 2801 517 2855 ad
545 2817 662 2872 nos,
694 2806 746 2857 et
773 2803 1166 2857 constituemus
1224 2815 1406 2868 regem
1463 2801 1587 2864 eius
1645 2795 1828 2866 ﬁlium
1884 2793 2098 2849 Tubeet.

443 2891 567 2944 Haec
595 2896 782 2944 autem
839 2888 973 2944 dicit
1029 2888 1292 2943 Dominus
1345 2886 1625 2942 Sabaoth:
1684 2885 1800 2939 Non
1858 2881 2103 2937 manebit

449 2979 748 3040 comitium
769 2977 886 3042 hoc,
917 2992 1095 3046 neque
1124 2979 1251 3030 erit.
1284 2975 1587 3046 Siquidem
1613 2973 1728 3026 duo
1796 2986 2100 3025 sermones

446 3088 480 3125 a
509 3067 750 3124 veritate
782 3066 954 3122 alieni
1001 3067 1342 3137 conspirant
1407 3064 1689 3119 adversus
1752 3059 2102 3132 Ecclesiam,

442 3163 569 3213 tum
601 3157 756 3212 illius
784 3163 983 3224 Aram;
1026 3173 1128 3211 seu
1179 3171 1372 3210 sermo
1431 3152 1727 3220 sublimis,
1794 3151 2078 3205 adversus

2226 571 2341 644 ρὸν,
2373 572 2448 642 μή
2482 568 2703 646 ἔχοντες
2749 569 2806 626 δὲ
2832 572 2896 627 τὸ
2925 577 3020 626 τοῦ
3071 574 3241 648 πυρὸς
3275 577 3532 653 φωτεινὸν
3566 579 3701 651 (70),
3734 577 3881 635 ἀλλά

2224 657 2385 714 δαλοὶ
2430 660 2836 733 καπνιξόμενοι,
2893 660 3239 734 μελαίνοντες
3303 665 3396 738 μὲν
3460 665 3588 728 τοὺς
3639 668 3878 741 ἁπτομέ-

2223 769 2348 812 νους
2377 750 2553 803 αὐτῶν
2581 749 2670 803 καὶ
2704 748 3046 822 σπιλοῦντες,
3099 749 3344 828 δακρύειν
3398 751 3456 808 δὲ
3496 755 3626 818 τοὺς
3671 755 3876 831 ὀφθαλ-

2228 836 2364 910 μοὺς
2396 842 2501 892 σῶν
2557 837 2885 914 ἐγγιζόντων
2947 843 3464 916 παρασκευάζοντες.
3499 843 3560 897 El
3615 842 3672 899 δέ
3701 845 3873 911 θέλεις

2223 934 2416 994 νοῆσαι
2471 929 2571 995 τὴν
2627 929 2732 982 ἀπὸ
2789 933 2897 982 τῶν
2957 930 3368 1004 καπνιζομένων
3427 930 3606 988 δαλῶν
3662 932 3874 1009 βλάϐην

2221 1017 2516 1088 γινομένην
2546 1015 2651 1070 ἀπὸ
2703 1021 2799 1071 τοῦ
2832 1016 2882 1072 έν
2942 1019 3130 1083 αὐτοῖς
3185 1025 3411 1088 καπνοῦ,
3476 1023 3745 1094 μνήσθητι
3779 1029 3874 1078 τοῦ

2222 1101 2590 1189 Σολομῶντος
2675 1105 2945 1181 λέγοντος·
3006 1110 3210 1184 "Quae?
3285 1105 3423 1182 ὅμαξ
3487 1107 3674 1166 ὀδοῦσι
3739 1113 3872 1189 βλα-

2221 1188 2397 1268 ϐερὸν,
2457 1195 2544 1249 καὶ
2603 1195 2808 1259 καπνὸς
2866 1191 3130 1269 ὄμμασινο
3191 1197 3334 1252 οὕτω
3391 1200 3706 1275 παρανομία
3761 1208 3874 1264 τοῖς

2219 1284 2533 1358 χρωμένοις
2585 1283 2742 1357 αὐτῇ.
2804 1285 2968 1358 Οἶμαι
3023 1285 3122 1362 γὰρ
3184 1283 3404 1363 ὄμφακα
3465 1289 3560 1361 μὲν
3631 1289 3873 1365 εἰρῆσθαι

2217 1373 2317 1440 τὴν
2349 1371 2455 1427 ἀπὸ
2484 1377 2590 1426 τῶν
2636 1380 2738 1442 τῆς
2787 1373 2976 1436 κακίας
3019 1375 3264 1450 πράξεων
3327 1376 3613 1450 ἁμαρτίαν,
3674 1380 3871 1434 καπνὸν

2220 1457 2278 1515 δὲ
2302 1462 2400 1529 τὴν
2426 1461 2531 1516 ἀπὸ
2562 1469 2660 1532 τῆς
2701 1459 3065 1536 ψευδωνύμου
3112 1463 3360 1538 γνώσεως
3416 1461 3652 1541 βλάϐην,
3691 1469 3756 1523 τὸ
3797 1465 3871 1523 δι-

2219 1551 2472 1623 ορατικὸν
2502 1559 2602 1620 τῆς
2634 1555 2818 1628 ψυχῆς
2867 1555 3026 1626 ἡμῶν
3074 1555 3432 1628 συγχέουσαν.
3483 1556 3648 1612 Ὅταν
3700 1553 3760 1611 δέ
3788 1556 3869 1632 γέ-

2215 1661 2395 1708 νηται,
2427 1641 2616 1717 φησὶν,
2678 1641 2817 1717 ὀργὴ
2871 1645 2966 1697 τοῦ
3023 1647 3198 1715 θυμοῦ
3234 1664 3359 1715 μου,
3412 1642 3576 1699 πάλιν
3623 1645 3866 1718 ἰάσομαι.

2215 1728 2494 1798 Τουτέστι,
2554 1732 2688 1804 μετὰ
2744 1733 2840 1795 τὰς
2896 1731 3310 1805 ἐπιστρεπτικὰς
3365 1730 3608 1808 πληγὰς,
3658 1733 3867 1790 ἐπειδὰν

2217 1818 2413 1880 ἱκανῶς
2448 1817 2678 1894 ἔχουσαν
2740 1817 2841 1874 ἴδω
2891 1822 2989 1889 τήν
3052 1818 3364 1894 διόρθωσιν,
3417 1822 3518 1877 οὐκ
3549 1825 3742 1901 ἀφήσω
3776 1825 3864 1879 αὖ-

2213 1905 2342 1968 τοὺς
2373 1906 2425 1962 ἐν
2484 1913 2600 1970 τοῖς
2655 1910 3146 1984 σκυθρωποτέροις·
3211 1910 3390 1982 ὥσπερ
3451 1911 3510 1965 ἂν
3567 1911 3613 1966 εἴ
3653 1912 3745 1967 καὶ
3795 1913 3866 1967 ία-

2213 1996 2340 2070 τρὸς
2393 1995 2543 2072 λέγοι
2602 2000 2714 2071 (71)
2772 2003 2887 2059 τοῖς
2945 1998 3264 2071 κάμνουσιν
3322 2001 3488 2057 ’Ὀταν
3546 2001 3720 2073 τέμω,
3781 2001 3864 2056 καὶ

2217 2083 2342 2140 ὅταν
2374 2085 2744 2160 καυτηριάσω,
2806 2082 2929 2142 οὔτε
2974 2088 3073 2156 τήν
3101 2090 3302 2160 τομὴν,
3335 2085 3460 2144 οὔτε
3509 2090 3576 2144 τὰ
3631 2090 3738 2145 ἀπὸ
3776 2095 3864 2146 τοῦ

2214 2173 2480 2250 καυτῆρος
2509 2173 2645 2246 ἕλκη
2701 2175 3030 2247 ἀτημάλητα
3085 2176 3420 2250 καταλείψω.
3477 2178 3728 2235 Ἐπειδὰν
3762 2181 3861 2255 γὰρ

2217 2264 2416 2336 ἀνυσθῇ
2477 2269 2680 2335 τοῦτο⁹
2736 2262 2785 2319 δι
2844 2266 2872 2320 ’ὁ
2931 2266 2998 2319 τὰ
3053 2263 3284 2320 ἐπίπονα
3360 2263 3861 2342 παραλαμϐάνεται,

2213 2353 2336 2406 τότε
2364 2353 2463 2421 τὴν
2529 2351 2862 2426 λειπομένην
2921 2355 3032 2427 (72)
3091 2355 3373 2430 θεραπείαν
3430 2355 3741 2432 ἐπαγαγὼν,
3792 2357 3863 2420 είς

2213 2441 2312 2509 τήν
2351 2441 2530 2516 ὑγείαν
2564 2443 3021 2513 ἀποκαταστήσω.

2289 2533 2410 2587 196.
2447 2530 2543 2585 Καὶ
2605 2533 2633 2585 6
2683 2533 2802 2594 υἱὸς
2852 2537 2949 2586 τοῦ
3009 2531 3207 2607 Ἀρὰμ,
3232 2533 3322 2587 καὶ
3376 2534 3404 2588 6
3461 2534 3576 2596 υἱὸς
3620 2539 3718 2590 τοῦ
3749 2537 3864 2590 Ῥο-

2219 2617 2433 2690 μελίου,
2512 2619 2594 2673 δτι
2652 2622 2766 2692 (73)
2843 2615 3234 2676 ἐϐοῦλεῦσαντο
3317 2620 3524 2697 βουλὴν
3597 2626 3862 2701 πονηρὰν,

2217 2708 2486 2782 λέγοντεςο
2574 2704 2985 2782 Ἀναϐησόμεθα
3061 2709 3136 2772 εἰς
3207 2711 3306 2779 τὴν
3397 2709 3684 2784 Ἰουδαίαν,
3777 2713 3862 2768 καὶ

2213 2795 2655 2868 συλλαλήσαντες
2781 2797 2964 2861 αὐτοῖς
2975 2843 2988 2868 ,
3119 2799 3434 2876 ἀποστράψο
3441 2821 3537 2873 μεν
3673 2802 3867 2867 αὐτοὺς

2211 2887 2349 2961 πρὸς
2423 2888 2593 2959 ἡμᾶς,
2697 2887 2787 2941 καὶ
2877 2885 3274 2962 βασιλεύσομεν
3333 2890 3504 2955 αὐτῆς
3577 2891 3668 2945 τὸν
3753 2893 3864 2947 υἱὸν

2212 2970 2458 3044 Ταϐεήλ.
2516 2972 2651 3030 Τάδε
2709 2974 2855 3051 λέγει
2912 2973 3110 3050 Κῦριος
3169 2972 3418 3032 Σαϐαώθ’
3453 2978 3530 3036 Οὐ
3583 2981 3659 3052 μὴ
3705 2980 3864 3055 μείνῃ

2211 3065 2246 3132 ἡ
2293 3062 2466 3136 βουλὴ
2516 3063 2677 3134 αὕτη,
2731 3061 2856 3119 οὐδὲ
2911 3064 3078 3122 ἔσται.
3139 3066 3286 3121 Ἐπεὶ
3348 3066 3439 3122 οὖν
3499 3075 3856 3144 συμφωνοῦσι

2213 3150 2309 3208 δύο
2340 3152 2518 3229 λόγοι,
2549 3154 2602 3208 οἱ
2632 3149 2732 3224 ἔξω
2779 3156 2889 3228 (74)
2918 3162 3019 3225 τῆς
3077 3154 3360 3225 ἀληθείας,
3414 3157 3548 3213 κατά
3603 3165 3706 3228 τῆς
3739 3161 3861 3217 Ἐκ-

444 3245 544 3301 Dei
576 3244 882 3300 scientiam
917 3259 1046 3298 sese
1077 3244 1326 3299 efferens
1347 3243 1413 3310 ⁶⁰,
1443 3246 1569 3295 tum
1610 3239 1765 3294 ﬁlius
1797 3237 2094 3311 Romelise1

2208 3224 2442 3312 ιλησίας,
2494 3241 2582 3297 ὅτε
2631 3244 2747 3306 υἱὸς
2786 3224 2886 3298 τοῦ
2940 3243 3142 3319 Ἀρὰμ,
3191 3246 3219 3300 6
3272 3245 3543 3321 μετέωρος
3590 3224 3789 3323 λόγος,
3829 3250 3858 3303 6

441 3352 543 3390 seu
577 3334 737 3390 elatae
769 3334 1236 3389 circumcisionis
1268 3348 1479 3394 sermo,
1503 3330 1600 3401 qui
1643 3329 1898 3384 scientia:
1941 3345 2083 3399 pra:-

439 3432 620 3492 textu,
653 3442 719 3481 ac
750 3423 1028 3480 doctrinas
1068 3423 1295 3478 altioris
1327 3421 1541 3492 specie,
1569 3437 1603 3475 a
1633 3417 2084 3474 veritateEcole—

440 3520 539 3575 siis
572 3517 672 3572 Dei
709 3519 949 3570 avocat:
985 3514 1245 3568 inierunt
1283 3511 1464 3583 igitur
1493 3511 1552 3565 hi
1584 3509 1896 3564 consilium
1950 3525 2084 3578 pra-

437 3623 596 3676 vum,
625 3606 685 3660 in
717 3621 782 3660 eo
814 3603 968 3675 quod
1003 3603 1124 3658 sint
1152 3602 1363 3657 ludens
1397 3598 1675 3670 populum
1707 3597 2084 3664 allocuti,hcc

439 3702 548 3763 est,
581 3713 700 3763 eos,
735 3711 982 3766 quorum
1016 3692 1305 3748 confitens
1343 3694 1430 3746 est
1460 3689 1680 3744 anima.
1714 3688 1942 3742 Etenim
1989 3690 2082 3742 Dei

439 3785 728 3844 confessio
753 3783 1263 3840 transnominatur
1290 3780 1516 3846 Judaa,
1562 3795 1739 3849 quam
1800 3777 2084 3834 suasoriis

437 3876 753 3932 dialectica:
784 3872 1031 3943 argutiis
1064 3875 1396 3926 avertemus
1422 3869 1492 3924 ad
1563 3883 1689 3936 nos,
1745 3866 2084 3938 pollicentes

437 3967 675 4021 daturos
708 3979 834 4029 nos,
870 3977 985 4015 non
1019 3960 1198 4014 alium
1234 3975 1451 4029 regem,
1487 3956 1598 4011 nisi
1625 3956 1805 4011 ﬁlium
1844 3954 2077 4028 Tabeel,

432 4055 542 4111 hoc
573 4057 681 4121 est,
716 4053 901 4107 ﬁlium
934 4049 1069 4106 boni
1103 4049 1240 4116 Dei;
1275 4062 1448 4119 quem
1496 4046 1730 4117 quidem
1792 4045 1891 4098 Dei
1951 4043 2079 4098 boni

433 4144 622 4199 filium
655 4142 879 4206 dicunt,
914 4141 1108 4210 ipsum
1151 4154 1284 4191 vero
1327 4153 1440 4191 non
1475 4133 1776 4190 nominant
1836 4132 2079 4197 bonum,

437 4232 700 4302 improbe
733 4231 882 4284 hanc
917 4225 1210 4294 Evangelii
1256 4241 1451 4278 vocem
1495 4223 1885 4291 accipientes:
1941 4221 2083 4288 Quid

432 4319 683 4373 medicis
717 4319 966 4371 bonum?
1036 4316 1197 4369 Nemo
1250 4314 1419 4366 bonus
1461 4311 1572 4364 nisi
1627 4310 1772 4364 solus
1827 4309 1965 4362 Deus
2011 4309 2079 4362 εί.

436 4411 573 4462 Cum
608 4405 790 4478 igitur
819 4401 1033 4456 videris
1063 4400 1366 4454 haareticos
1389 4397 1727 4468 pollicentes
1751 4395 2076 4451 scientiam.

433 4494 742 4566 gentilium
777 4492 1120 4546 inducentes
1151 4487 1520 4558 sapientiam,
1555 4485 1771 4541 bellum
1816 4484 2079 4540 Ecclesiae

2195 3329 2556 3403 ἐπαιρόμενος
2584 3331 2718 3386 κατά
2747 3338 2846 3400 τῆς
2875 3333 3126 3408 γνώσεως
3168 3337 3266 3388 τοῦ
3313 3339 3469 3403 Θεοῦ,
3519 3336 3604 3389 καὶ
3661 3337 3694 3391 6
3743 3337 3859 3400 υἱὸς

2193 3423 2289 3473 τοῦ
2319 3418 2631 3491 Ῥομελίου,
2666 3421 2694 3474 6
2718 3417 2885 3496 λόγος
2925 3422 2952 3475 6
2991 3422 3050 3476 ἐκ
3076 3428 3176 3491 τῆς
3209 3426 3484 3499 μετεώρου
3524 3428 3857 3500 περιτομῆς,

2195 3509 2276 3574 ὃς,
2308 3509 2571 3585 προφάσει
2602 3509 2853 3582 γνώσεως
2903 3508 2991 3564 καὶ
3043 3509 3268 3588 ἰμφάσει
3317 3513 3416 3580 τῆς
3466 3513 3585 3586 περὶ
3633 3513 3853 3587 ὑψηλο-

2192 3597 2362 3671 τέρων
2397 3593 2769 3664 διδασκαλίας,
2825 3597 3081 3675 ἀφίστησι
3135 3607 3235 3668 τῆς
3294 3600 3431 3655 κατὰ
3477 3603 3576 3669 τήν
3609 3603 3852 3672 Ἐκκλη-

2193 3685 2307 3740 σίαν
2356 3690 2452 3740 τοῦ
2497 3691 2629 3741 Θεοῦ
2688 3685 2962 3756 ἀληθείας·
3026 3683 3414 3744 ἐϐουλεύσαντο
3472 3690 3644 3744 τοίνυν
3697 3693 3849 3746 οὗτοι

2197 3773 2403 3848 βουλὴν
2436 3774 2700 3849 πονηρὰν,
2734 3776 2818 3829 δυι
2865 3775 3329 3848 συνομιλήσαντες
3357 3782 3474 3840 τοῖς
3513 3777 3564 3832 ἐν
3605 3783 3676 3853 τῇ
3712 3781 3849 3837 Ἰου-

2193 3861 2338 3934 δαίᾳ,
2369 3857 2610 3918 τουτέστι
2659 3869 2772 3925 τοῖς
2822 3863 2874 3919 ἐν
2922 3869 2992 3938 τῇ
3052 3863 3528 3942 έξομολογουμένῇ
3560 3869 3719 3944 ψυχῇ
3752 3868 3852 3939 (ἐξ-

2193 3951 2534 4027 ομολόγησες
2565 3953 2666 4026 γὰρ
2699 3957 2832 4008 Θεοῦ
2862 3955 2896 4022 ἡ
2949 3952 3182 4010 Ἰουδαία
3217 3957 3642 4027 μετονομάζεται
3688 3961 3849 4030 [75]),

2191 4041 2380 4108 ¹ἥντινα
2412 4038 2500 4094 διὰ
2527 4047 2624 4110 τῆς
2656 4039 2706 4094 ἐν
2732 4045 2800 4115 τῇ
2835 4039 3155 4113 διαλεκτικῇ
3193 4043 3557 4114 πιθανότητος
3582 4045 3852 4122 ἀποστρέ-

2191 4131 2381 4201 ψωμεν
2413 4133 2548 4201 πρὸς
2597 4127 2838 4197 ἑαυτοὺς,
2884 4128 3351 4205 ἐπαγγελλόμενοι
3389 4133 3464 4204 μή
3513 4131 3689 4188 ἄλλον
3730 4136 3851 4188 τινὶ

2192 4216 2382 4273 δώσειν
2436 4217 2682 4294 βασιλέα,
2814 4220 2907 4274 τὸν
2949 4214 3067 4275 υἱὸῦ
3119 4226 3217 4276 τοῦ
3269 4217 3516 4293 Ταϐεγςλ·
3570 4227 3852 4294 τουτέστι,

2188 4312 2285 4362 τοῦ
2316 4307 2516 4383 ἀγαθοῦ
2547 4313 2701 4363 Θεοῦο
2735 4309 2791 4363 ὃν
2825 4310 3026 4383 ἀγαθοῦ
3078 4311 3174 4380 μὶν
3220 4315 3352 4366 Θεοῦ
3403 4312 3515 4366 υἱὸν
3565 4311 3849 4387 λέγουσιν,

2192 4396 2389 4471 ἀγαθὸν
2446 4393 2503 4450 δὲ
2560 4396 2716 4450 αὐτὸν
2798 4398 2897 4452 οὐκ
2949 4398 3306 4470 ὀνομάξοτσι,
3365 4400 3503 4474 πρὸς
3580 4400 3849 4477 έπήρειαν

2190 4483 2527 4560 κεχρημένοι
2579 4489 2646 4559 τῇ
2693 4490 2790 4540 τοῦ
2847 4485 3184 4561 Εὐαγγελίου
3216 4489 3389 4564 φωνῇ’·
3442 4488 3499 4542 Τί
3546 4510 3615 4562 με
3665 4490 3854 4566 λέγεις

432 4583 535 4640 Dei
593 4583 960 4642 inferentes;
1011 4579 1296 4634 arbitrare
1337 4575 1521 4630 filium
1569 4577 1743 4630 Aram
1804 4579 1861 4630 et
1890 4575 2078 4631 tilium

2208 4572 2428 4648 ἱγαθόνς
2482 4570 2680 4635 Οὺδεὶς
2730 4573 2929 4647 ἀγαθὸς
2977 4574 3022 4628 εί
3086 4577 3162 4648 μή
3225 4578 3301 4638 εἷς
3377 4578 3403 4632 6
3465 4577 3613 4640 Θεός.
3681 4583 3853 4638 ’Ὁταν

432 4671 706 4728 Romeliaa
738 4672 1059 4726 etiamnum
1095 4666 1410 4723 consilium
1444 4681 1684 4736 pravum
1707 4663 1872 4719 inire.
1904 4668 2077 4720 Ciste-

429 4762 685 4831 rum,uti
717 4759 1394 4826 tradidimus,adversus
1426 4756 1753 4827 malignum
1803 4754 1945 4810 illud
1974 4755 2078 4809 filii

429 4854 604 4907 Aram
637 4855 692 4906 et
722 4849 827 4905 ﬁlii
859 4848 1130 4906 Romeliae
1163 4845 1476 4903 consilium
1511 4845 1630 4900 haec
1663 4842 1923 4900 declarat
1960 4843 2074 4900 Do-

497 5031 542 5066 "
571 5035 736 5087 Prov.
767 5048 824 5101 κ,
853 5031 943 5085 26.
1017 5029 1063 5065 ⁸ο
1095 5029 1142 5084 Il
1177 5031 1302 5082 Cor.
1336 5043 1392 5094 κ,
1421 5026 1477 5080 5.
1553 5024 1599 5060 ⁸1
1634 5028 1767 5079 Luc.
1800 5039 1958 5088 xvm,
1984 5023 2070 5077 19.

501 5237 615 5308 (70)
640 5233 950 5308 εἰολῐιοεῐινὶ
986 5230 1373 5308 se_xco_di_ces,
1409 5225 1718 5308 nisimquod
1776 5224 1837 5279 in
1875 5224 2084 5308 ‘tribus

430 5293 682 5433 legatiér,
711 5305 773 5360 τὸ
805 5306 864 5360 ὲκ
891 5307 1007 5358 τοῦ.
1043 5302 1216 5368 Editi,
1251 5297 1467 5373 Kxov'tec
1511 5293 1706 5350 δέ”τοῦ
1758 5295 1925 5367 πυρὸς
1972 5314 2079 5370 φω-

425 5401 603 5434 τιστικ
639 5401 688 5434 ν.

500 5453 612 5524 (71)
642 5451 880 5524 Veteres
919 5446 1184 5519 quinque
1215 5441 1374 5508 libri,
1407 5438 1588 5513 λέγοι.
1624 5439 1776 5494 Editi
1808 5443 1865 5495 et
1910 5437 2072 5495 Colb.

429 5519 679 5595 primus.
713 5519 875 5593 λέγει.

497 5597 609 5664 (72)
642 5597 731 5649 Ita
760 5583 1028 5664 sexmss.
1063 5586 1328 5664 At__editj,
1359 5583 1457 5664 τὴν
1491 5583 1786 5654 ἑπομένην.

503 5653 615 5739 (73)
642 5665 815 5721 Editi.
848 5662 932 5717 ὅτι
961 5661 1093 5719 ἐκεῖ.
1125 5661 1245 5718 Vox
1278 5655 1387 5713 ἐκεῖ
1407 5658 1468 5713 in
1500 5653 1644 5713 mss.
1677 5672 1814 5712 non.
1835 5653 2069 5728 legitur.

2193 4660 2284 4716 οὖν
2341 4657 2462 4736 ἴδῃς
2524 4659 2888 4738 έτεροδόξους,
2948 4661 3458 4739 ἐπαγγελλομένους
3486 4671 3711 4740 γνῶσιν,
3758 4669 3857 4724 ἑπ-

2188 4749 2488 4826 αγομένους
2516 4753 2614 4819 τήν
2648 4750 2707 4806 ἔκ
2749 4756 2856 4806 τῶν
2887 4751 3051 4816 ἰθνῶν
3099 4753 3313 4831 σοφίαν,
3364 4753 3858 4832 ἐπιστρατεύοντας

2185 4844 2256 4915 τῇ
2289 4839 2587 4912 Ἐκκλησία
2614 4845 2711 4896 τοῦ
2734 4846 2888 4916 Θεοῦ,
2910 4841 3167 4916 ἐνθυμοῦ,
3191 4841 3274 4898 ὅτι
3300 4844 3388 4899 καὶ
3421 4848 3514 4898 νῦν
3544 4846 3572 4900 6
3602 4847 3734 4909 υἱὸς
3757 4852 3859 4904 τοῦ

2193 5223 2310 5308 Nec
2341 5223 2421 5279 ita
2435 5223 2622 5280 multo
2655 5224 2807 5282 infra
2828 5225 2969 5298 Reg.
3002 5226 3236 5295 tertius,
3296 5225 3721 5304 βασιλεύσωμεν
3755 5233 3850 5288 αὖ-

2184 5313 2373 5493 334)
2407 5367 2579 5434 Editi.
2612 5366 2663 5420 oi
2695 5361 2816 5436 ἔξω.
2848 5368 3026 5424 Abest
3058 5367 3109 5422 οὶ
3141 5370 3411 5426 anostris
3457 5388 3558 5428 sex
3619 5378 3856 5435 codici-

2228 5454 2369 5584 uéb)
2401 5508 3680 5584 MonetDuceusLapographum_Angucum
3750 5522 3858 5576 ha-

2183 5580 2387 5654 buisse
2413 5580 2844 5654 μετωνόμασται.
2879 5580 3020 5654 Ejus
3053 5583 3112 5637 in
3145 5580 3524 5654 hunclocu‘m
3555 5592 3860 5650 eruditis-

2183 5653 2398 5711 simum
2440 5658 2638 5712 notam
2669 5653 2862 5726 legere
2890 5653 3142 5727 possunt
3169 5653 3437 5713 studiosi.
