4048 6220
236 354 316 412 e7
977 338 1389 403 COMMENT.
1420 322 1512 399 ἸΝ
1556 334 1824 398 ιεΑιΑΜ
1871 331 2378 396 morsuum.
2424 333 2599 395 esp.
2646 332 2782 394 vu.

3442 333 3567 395 458

231 474 449 555 ’Δρὰμιαί
474 474 622 536 όυὶὸς
648 475 746 528 τοῦ
769 470 1059 544 ῬομεΛίου
1080 467 1444 546 βουλεύονται
1471 465 1676 555 βουλὴν
1696 485 1806 520 πο-

1923 465 2141 531 minus,
2175 465 2297 522 fore
2315 463 2584 521 videlicet
2600 467 2666 520 ut
2679 467 2795 521 stet
2825 468 2883 522 et
2902 464 3063 555 5267
3087 471 3426 555 permaneat
3454 468 3556 526 Dei

225 552 499 643 γηράνᾸΙρὸς
517 560 688 632 δὲτὴν
716 559 958 633 πονηρὰν
995 557 1203 635 βουλὴν
1222 559 1422 626 τοῦ,ὡς
1452 552 1801 611 ἀποδεδώκας

221 642 313 730 μεν,
342 655 442 709 υἱοῦ
467 653 635 727 Ἀρὰμ
663 650 753 705 καὶ
785 645 1223 722 υἱοῦῬομελὶου
1243 643 1410 702 ταῦτά
1440 666 1601 725 φησιν
1635 645 1663 699 ὁ
1695 642 1799 701 Κό-

218 766 325 821 ριος’
352 743 424 798 ὅτι
449 744 481 810 ἡ
516 741 605 814 μὶν
634 744 733 796 τοῦ
754 743 888 795 Θεοῦ
920 736 1098 815 βουλή
1130 735 1441 807 ἔστηκεπκαὶ
1478 733 1642 809 μένει,
1674 736 1709 802 ἡ
1744 730 1802 787 δὲ

215 839 300 889 τῶν
328 830 714 907 ἀγωνιζομένων
746 829 882 883 κατὰ
909 834 1010 898 τῆς
1037 825 1386 895 ἀληθείας,οὗ
1418 821 1800 895 στήσεται,ἀλ-

217 923 271 978 λὰ
292 924 571 977 πεπτωκυῖα
598 920 684 975 καὶ
716 916 1157 991 ἀνατετραμμένη
1184 914 1438 971 κείσεται.
1467 913 1613 969 Διότι
1646 911 1798 991 φησί·

216 1010 391 1089 Κεφαλὴ
442 1013 531 1064 τοῦ
584 1008 759 1083 Ἀρὰμ
814 1005 1132 1079 Δαμασκὸς,
1190 1003 1279 1059 καὶ
1338 1006 1374 1073 ἡ
1424 999 1636 1081 κεφαλή
1699 1009 1800 1089 Δα-

214 1087 381 1174 μασκοῦ
428 1097 613 1153 Ῥασίν.
663 1096 949 1152 Τουτὲστιν
999 1096 1035 1165 ἡ
1092 1098 1201 1149 τῶν
1253 1092 1539 1169 μετεώρων
1586 1087 1800 1169 κεφαλή

210 1189 368 1265 ἐναγής
402 1189 478 1249 τίς
524 1186 635 1241 ἐστι
683 1186 774 1241 καὶ
821 1182 1057 1258 α’ίματος
1104 1182 1328 1257 πλήρης
1358 1180 1596 1255 (ἐπείπερ
1628 1183 1663 1251 ἡ
1698 1187 1799 1234 Δοι-

210 1279 374 1353 μασκὸς
417 1276 756 1352 ἐρμηνευεται
824 1274 960 1348 αἷμα
1004 1272 1248 1345 σάκκου)·
1304 1271 1500 1333 σάκκος
1563 1270 1656 1344 μὲν
1709 1269 1801 1325 οὖν

208 1363 437 1443 σύμϐολόν
488 1365 591 1421 ὶστι
656 1362 961 1439 μετανοίας·
1023 1384 1053 1438 9
1110 1359 1168 1417 δὲ
1223 1359 1277 1417 ἐν
1310 1358 1500 1435 αθίματι
1529 1358 1802 1438 πεφυρμέ-

204 1478 277 1519 νος
320 1455 405 1511 οὐκ
452 1450 557 1509 ἔστι
606 1452 860 1528 καθαρός.
908 1451 1141 1507 Λύναται
1186 1448 1279 1506 οὖν
1315 1444 1684 1523 λαμϐάνεσθαι
1720 1446 1801 1510 εἲς

203 1548 284 1615 τὴν
307 1544 650 1618 νομιζομένην
708 1544 1013 1616 μετάνοιαν,
1072 1540 1174 1596 οὐκ
1228 1539 1390 1594 οὖσαν
1423 1535 1481 1593 δὲ
1528 1536 1796 1607 ἀληθινὴν

208 1633 461 1709 μετάνοιαν,
515 1631 605 1687 διὰ
650 1633 715 1687 τὸ
766 1632 843 1706 μὴ
891 1629 944 1685 ἐν
996 1628 1163 1705 ὑγιὲσι
1191 1626 1427 1704 δόγμασι
1457 1632 1796 1703 γεγενῆσθαι.

206 1722 381 1802 Κεφαλή
428 1721 481 1777 δὲ
523 1721 693 1777 πάλιν
742 1724 1056 1794 Δαμασκοῦ,
1102 1725 1202 1789 τῆς
1258 1720 1334 1791 μὴ
1365 1719 1604 1792 καθαρᾶς
1637 1734 1798 1797 μετα-

207 1812 342 1881 νοίας,
368 1808 503 1867 ἀλλὰ
542 1808 897 1889 πεφυρμένης
945 1807 998 1863 ἐν
1048 1813 1167 1871 ταῖς
1199 1807 1333 1884 πρὸς
1363 1806 1588 1861 Θάνατον
1622 1804 1795 1878 ἀμαρ-

203 1901 330 1973 τίαις,
356 1904 380 1955 ὁ
405 1901 574 1957 Ῥασῖν
611 1898 851 1975 Λέγεται,
884 1892 1172 1971 σύμϐολον
1216 1894 1289 1951 ὥν
1320 1894 1411 1950 καὶ
1443 1894 1607 1959 αὐτὸς
1636 1889 1795 1947 οὐδε-

205 1989 275 2052 νὸς
301 1989 475 2065 ὂγιοῦς,
500 1986 630 2044 οὖδὶ
660 1989 773 2061 (76)
802 1990 1041 2063 καθαροῦ
1072 1983 1364 2061 δόγματος.

261 2099 358 2153 197.
407 2093 561 2153 Ἀλλ’
621 2089 701 2149 ἔτι
760 2092 1017 2167 ἐξήκοντα
1070 2091 1161 2147 καὶ
1214 2091 1372 2147 πέντε
1424 2089 1517 2161 ἔτη
1545 2132 1560 2159 ,
1611 2088 1796 2167 φησὶν,

206 2183 401 2257 ἐκλείψει
474 2186 510 2255 ἠ
590 2179 847 2259 βασιλεία
912 2177 1152 2260 Ἐφραίμ
1216 2179 1321 2238 ἀπὸ
1379 2178 1555 2251 λαοῦ,
1611 2177 1700 2233 καὶ
1759 2180 1796 2248 ἠ

200 2273 370 2352 κιφαλή
422 2274 670 2351 Ἐφραῖμ
722 2271 1012 2346 Σομόρων,
1071 2272 1161 2325 καὶ
1191 2273 1226 2340 ἡ
1286 2268 1496 2348 κεφαλὴ
1532 2268 1796 2343 Σομόρων

201 2364 224 2418 ὁ
266 2363 362 2425 υἱὸς
410 2361 500 2419 τοῖ’)
546 2360 868 2430 Ῥομελίου,
925 2363 1109 2416 Ἔστιν
1165 2357 1255 2414 οὗν
1310 2360 1344 2429 ἡ
1409 2355 1660 2434 βασιλεία
1703 2360 1800 2411 τοῦ

199 2452 395 2530 ἐςρραῒμ
437 2448 764 2528 ἑτεροδόξων
806 2471 892 2512 τις
943 2447 1273 2523 ἱπικράτεια,
1324 2445 1415 2503 διὰ
1467 2447 1530 2502 τὸ
1571 2445 1632 2502 ἐκ
1688 2448 1801 2520 (77)

199 2541 410 2612 τοιαύτης
452 2541 634 2619 φυλῆς
669 2540 799 2594 εἶναι
858 2539 948 2594 τὸν
1008 2537 1380 2613 ἆποσχίσαντα
1429 2536 1520 2591 τὸν
1578 2532 1798 2611 Ἰσραὴλ

203 2630 389 2686 ἀπὸτοῦ
432 2627 635 2688 Ἰούδα.
670 2627 895 2707 Κεφαλή
940 2624 1031 2683 οὖν
1078 2630 1174 2682 τοῦ
1237 2624 1476 2702 Ἐφραὶμ
1525 2627 1560 2695 ἡ
1617 2623 1801 2699 Σομό-

203 2739 306 2793 ρων,
365 2721 635 2775 τουτέστιν
696 2720 725 2788 ἢ
778 2716 1094 2791 Σαμάρεια.
1158 2715 1258 2770 Καὶ
1316 2718 1351 2786 ἡ
1410 2713 1689 2789 Σαμάρεια
1745 2711 1803 2768 δὶ

202 2805 371 2883 ἐχθρῶν
420 2808 581 2863 τινών
630 2807 746 2863 ἔστι
792 2806 974 2883 χώρα,
1024 2809 1131 2860 τῶν
1160 2802 1656 2881 παραχαραξοὶντων
1707 2802 1799 2858 τὸν

204 2895 461 2972 ὑγιαίνοντα
509 2895 681 2972 λόγον
729 2893 821 2950 διὰ
862 2895 925 2950 τὸ
954 2893 1249 2951 ἀποκλῖναι
1278 2892 1404 2955 τοὺς
1467 2890 1803 2969 Σαμαρείτας

202 2984 282 3040 ἀπὸ
305 2989 388 3041 τοῦ
415 2983 786 3059 Ἰουδαῖσμοῦ.
816 2986 1018 3062 Ὥσπερ
1051 2980 1109 3039 δὲ
1137 2990 1237 3054 τῆς
1272 2981 1468 3059 Συρίας
1491 2982 1557 3051 ἦν
1589 2980 1799 3061 κεφαλὴ

200 3078 451 3146 Δαμασκὸς,
498 3077 795 3149 Δαμασκοῦ
843 3070 901 3129 δὲ
943 3070 1155 3151 κειραλή
1205 3073 1234 3128 ὁ
1274 3071 1467 3127 Ῥασίν*
1500 3070 1642 3127 οὕτω
1693 3077 1801 3125 Σα-

202 3164 358 3237 μάρεια
385 3165 473 3238 μὶν
522 3164 741 3244 κεφαλή
781 3167 879 3218 τοῦ
932 3162 1192 3240 Ἐφραῒμ,
1253 3160 1563 3235 Σαμαρείας
1603 3156 1662 3215 δὶ
1710 3180 1799 3215 κε-

198 3253 314 3330 φαλὴ
357 3256 383 3309 ὁ
422 3255 536 3318 υἱὸς
581 3256 687 3309 τοῦ
735 3249 1048 3325 Ῥομελίου.
1108 3254 1303 3307 Κακῶν
1359 3270 1504 3312 τινες
1536 3249 1803 3313 ἐπιτάσεις
1832 3249 1876 3284 υ

200 3343 267 3395 καὶ
316 3338 605 3418 ὀπερϐολαὶ
668 3338 759 3396 διὰ
811 3344 907 3395 τοῦ
965 3339 1141 3415 λόγου
1198 3342 1333 3413 ἡμῖν
1392 3335 1804 3414 παραδίδονται,

201 3432 309 3487 ὥστε
355 3434 425 3506 μὴ
456 3433 587 3488 εἶναι
644 3428 871 3486 δυνατὸν
904 3430 1004 3500 τὴν
1035 3429 1182 3506 παρὰ
1234 3432 1342 3484 τῶν
1373 3428 1634 3484 τοιούτων
1666 3449 1803 3501 συμ-

201 3519 367 3594 φωνίαν
394 3519 775 3594 ἐπικρατῆσαι,
838 3516 979 3591 μηδὲ
1009 3516 1171 3594 ἰσχύν
1199 3538 1321 3573 τινα
1350 3516 1495 3594 ἔχειν
1531 3520 1643 3592 (78)
1671 3518 1809 3574 κατά

199 3608 380 3671 τῶνοῖς
425 3604 805 3665 ἕπιϐουλεῦειν
857 3606 1218 3683 ἐπιχειροῦσι.
1279 3607 1381 3663 Καὶ
1439 3605 1526 3662 ἐὰν
1583 3608 1659 3681 μὴ
1715 3628 1809 3662 πι-

204 3698 423 3770 στεύητε,
493 3695 623 3753 οὐδὲ
705 3698 781 3770 μὴ
848 3703 1071 3766 συνῆτε.
1136 3699 1423 3750 Πιστεῦσαι
1485 3694 1668 3768 μεντοι
1729 3693 1812 3750 δεῖ

200 3790 292 3849 τοῖς
316 3785 624 3861 Γράμμασιν
674 3786 748 3848 ὡς
788 3784 1107 3862 περιέχουσι
1154 3785 1298 3840 Θεῖον
1337 3788 1486 3856 νοῦν,
1517 3786 1606 3839 καὶ
1637 3783 1810 3847 οὕτως

202 3871 346 3936 una»
377 3875 462 3930 ἐπὶ
515 3878 623 3946 τήν
669 3879 777 3930 τῶν
831 3873 1278 3952 ἐγγεγραμμένων
1313 3871 1543 3928 σύνεσιν.
1578 3880 1668 3929 Δεῖ
1710 3874 1810 3949 γὰρ

204 3958 496 4038 ὑπερϐάντας
543 3963 681 4028 τοὺς
721 3962 947 4031 τύπους,
997 3962 1139 4019 οὕτω
1184 3956 1511 4019 καταλαϐεῖν
1559 3964 1659 4032 τὴν
1704 3968 1809 4017 τῶν

199 4049 537 4129 Mallet.me
571 4057 713 4129 ἡμῖν
758 4052 1037 4124 ἄλήθειαν.
1086 4051 1356 4129 Πρότερον
1398 4053 1501 4128 γὰρ
1553 4048 1635 4107 δεῖ
1661 4051 1812 4126 ἁπλῇ

203 4143 431 4199 πιστεύειν
478 4145 663 4199 πίστει
710 4148 830 4207 ταῖς
878 4146 1147 4219 Γραφαῖς,
1193 4141 1276 4197 ὅτι
1330 4141 1674 4205 θεόπνευστοι
1722 4141 1814 4197 καὶ

203 4231 461 4308 ὡφίλιμοι·
492 4228 689 4289 ἔπειτα
719 4232 932 4294 λεπτῶς
960 4232 1047 4287 καὶ
1081 4231 1431 4302 ὶξεταστικῶς
1479 4231 1571 4287 τὸν
1617 4231 1816 4287 ἐναπο-

203 4319 413 4394 κεέμενον
445 4323 637 4386 αὐταῖς
668 4326 796 4378 νοῦν
826 4318 1217 4397 διερευνᾶσθαι.

1911 553 2562 621 consilium;consilium
2582 570 2713 610 vero
2743 569 2944 609 eorum
2968 554 3070 625 qui
3098 554 3401 611 decertant
3423 572 3559 613 con-

1909 648 2001 700 tra
2029 645 2741 714 veritatem,nequaquam
2761 644 3004 711 stet,sed
3030 643 3202 699 cadat
3230 660 3297 700 ac
3321 646 3562 702 subver-

1910 740 2091 806 tatur,
2119 737 2482 807 Quapropter
2540 734 2663 789 ait:
2700 734 2872 806 Caput
2921 734 3088 789 Aram
3134 736 3452 808 Damascus,
3509 740 3562 796 et

1908 835 2068 896 caput
2098 826 2353 880 Damasci
2380 825 2571 879 Rasin-
2601 825 2713 879 Hoc
2743 828 2855 889 est,
2888 823 3235 881 sublimium
3267 834 3441 899 caput
3470 832 3563 886 est

1910 912 2287 983 exsecrabile,
2321 930 2386 968 ac
2420 913 2656 985 plenum
2689 912 2999 986 sanguinis
3033 928 3047 974 :
3080 916 3558 988 quandoquidem

1911 1008 2252 1073 Damascus,
2286 1002 2335 1058 si
2362 1001 2783 1074 interpreteris,
2818 1006 2987 1057 sonat
3025 1004 3354 1074 sanguinem
3392 1009 3556 1064 sacci.

1911 1093 1979 1148 Et
2006 1108 2139 1148 vero
2171 1107 2397 1163 saccus,
2431 1089 2784 1163 pmnitentite
2817 1089 3055 1163 signum
3086 1095 3195 1148 est:
3230 1094 3326 1165 qui
3360 1101 3557 1153 autem

1910 1196 2263 1253 conspersus
2294 1184 2384 1236 est
2403 1178 3066 1251 sanguine,neutiquam
3088 1184 3178 1236 est
3206 1198 3414 1253 purus.
3447 1188 3554 1240 Po-

1909 1269 2223 1341 testigitur
2253 1285 2356 1341 pro
2389 1273 2705 1341 apparente
2754 1268 3097 1339 poenitentia
3152 1271 3358 1344 accipi,
3417 1289 3552 1331 cum

1910 1358 2133 1431 alioqui
2163 1375 2277 1414 non
2302 1358 2379 1414 sit
2407 1374 2541 1414 vera
2562 1356 2920 1429 poenitentia,
2946 1358 3100 1429 quod
3130 1357 3190 1413 in
3221 1361 3383 1418 sanis
3433 1362 3556 1419 sin-

1909 1449 2179 1519 cerisque
2198 1447 2487 1520 dogmatis
2513 1462 2626 1501 non
2659 1450 2886 1517 agatur.
2945 1446 3170 1503 Rursus
3209 1453 3407 1506 autem
3459 1469 3557 1508 ca-

1909 1542 2016 1611 put
2049 1537 2334 1605 Damasci,
2368 1553 2470 1592 seu
2510 1536 2639 1607 ejus
2662 1533 3036 1606 pcenitentiaa,
3071 1551 3198 1606 quas
3230 1554 3378 1609 pura
3436 1558 3552 1598 non

1908 1628 2128 1696 est,sed
2158 1644 2284 1697 quae
2305 1624 2621 1682 letbalibus
2644 1622 2894 1695 peccatis
2926 1623 3555 1701 inquinatur,appella-

1906 1722 2003 1772 tur
2034 1716 2234 1787 Rasin,
2267 1732 2402 1772 cum
2442 1719 2500 1771 et
2531 1715 2656 1787 ipse
2695 1710 2917 1768 nullius
2944 1712 3239 1784 dogmatis
3275 1717 3405 1773 sani
3455 1723 3557 1776 aut

1912 1806 2043 1879 puri
2072 1804 2405 1879 symbolum
2437 1805 2535 1861 sit.

1978 2091 2101 2147 197.
2144 2090 2250 2148 Sed
2302 2091 2484 2148 adhuc
2537 2095 2826 2165 sexaginta
2891 2098 2944 2153 et
2971 2097 3213 2169 quinque
3239 2100 3430 2168 annis,
3460 2100 3553 2158 in-

1908 2180 2054 2254 quit,
2085 2179 2301 2252 deﬁciet
2355 2198 2591 2254 regnum
2636 2183 2905 2255 Ephraim
2959 2202 2995 2242 α
3042 2189 3247 2259 populo
3273 2193 3327 2245 et
3381 2198 3553 2264 caput

1910 2270 2184 2342 Ephraim
2212 2270 2523 2342 Somorum,
2553 2280 2605 2328 et
2633 2282 2794 2345 caput
2819 2275 3103 2331 Sameram
3158 2277 3310 2349 ﬁlius
3358 2280 3551 2335 Rome-

1908 2360 2131 2417 liaeEst
2158 2359 2342 2431 igitur
2370 2377 2615 2432 regnum
2640 2362 2920 2435 Ephraim
2951 2364 3289 2423 dominatus
3309 2368 3553 2440 quidam

1908 2448 2168 2521 ditioque
2197 2448 2706 2520 heterodoxorum,
2756 2458 3064 2526 propterea
3107 2457 3257 2525 quod
3320 2474 3389 2513 ex
3446 2458 3554 2515 hac

1908 2538 2065 2593 tribu
2094 2542 2330 2594 exortus
2362 2538 2438 2594 sit
2460 2539 2532 2607 is,
2567 2540 2666 2611 qui
2698 2541 2877 2597 Israel
2906 2561 2941 2598 a
2983 2544 3142 2599 Juda
3197 2545 3438 2602 discidit
3484 2548 3554 2604 ⁸³.

1910 2626 2096 2698 Caput
2124 2627 2304 2698 igitur
2334 2627 2608 2700 Ephraim
2642 2633 2733 2684 est
2759 2633 3086 2699 Somorum,
3119 2630 3177 2686 id
3210 2638 3318 2698 est,
3352 2632 3555 2689 Sama-

1910 2716 2017 2771 ria.
2050 2717 2153 2771 Est
2180 2720 2376 2772 autem
2418 2716 2685 2773 Samaria
2734 2718 3106 2775 inimicorum
3164 2723 3553 2790 quorumdam

1910 2806 2199 2878 regio,qui
2231 2806 2561 2862 doctrinam
2591 2824 2797 2863 sanam
2842 2808 3259 2879 depravarunt,
3316 2811 3468 2882 quod
3521 2829 3557 2867 a

1907 2894 2215 2952 Judaismo
2262 2893 2613 2950 declinarint
2660 2895 2984 2951 Samaritae.
3043 2896 3552 2961 Quemadmodum

1911 2988 2108 3040 autem
2134 2982 2458 3039 Damascus
2497 2987 2623 3038 erat
2651 2983 2825 3056 Syrias
2858 2988 3054 3056 caput,
3086 2989 3143 3041 et
3190 2986 3371 3043 Rasin
3429 2990 3557 3044 erat

1914 3071 2178 3129 Damasci
2207 3076 2384 3143 caput
2416 3088 2428 3126 :
2463 3070 2545 3126 ita
2573 3071 2838 3127 Samaria
2865 3078 2990 3129 erat
3018 3078 3195 3146 caput
3250 3074 3552 3149 Ephraim,

1911 3167 1968 3220 et
1998 3162 2154 3219 filius
2212 3162 2485 3218 Romeliw
2543 3167 2670 3219 erat
2725 3165 3004 3221 Samaria
3032 3171 3227 3239 caput.
3261 3168 3550 3225 Malorum

1913 3252 2168 3309 accessio
2198 3252 2467 3324 quadam
2504 3251 2896 3324 nimictasque
2941 3253 3111 3311 nobis
3162 3255 3472 3315 exhibetur
3526 3275 3562 3314 a

1915 3341 2240 3413 Scriptura,
2273 3341 2415 3397 adeo
2448 3344 2512 3397 ut
2540 3340 2665 3396 ﬁeri
2690 3357 2806 3397 non
2829 3346 3028 3414 queat,
3071 3348 3137 3399 ut
3166 3344 3375 3402 talium
3407 3362 3551 3403 con-

1916 3430 2301 3504 spirationem
2329 3429 2618 3486 faciamus
2648 3429 2901 3499 irritam,
2932 3435 3035 3487 aut
3068 3431 3183 3489 vim
3210 3433 3393 3491 ullam
3452 3434 3562 3492 ha-

1917 3521 2164 3577 beamus
2195 3520 2267 3576 ad
2298 3520 2548 3577 tuendos
2588 3535 2706 3587 eos,
2751 3520 2970 3593 quibus
3030 3522 3278 3580 insidias
3336 3528 3564 3582 struere

1919 3614 2231 3667 conantur.
2300 3610 2365 3664 Et
2418 3610 2535 3665 nisi
2603 3610 2975 3680 credideritis,
3034 3629 3151 3667 non
3214 3614 3561 3686 intelligetis.

1917 3703 2159 3773 Oportet
2188 3698 2384 3770 utique
2413 3698 2735 3772 Scripturis
2766 3704 2964 3772 utpote
2995 3701 3259 3758 divinum
3319 3720 3562 3761 sensum

1919 3787 2443 3859 complectentibus
2476 3788 2650 3845 (idem
2676 3790 3069 3858 commodare,
3102 3794 3277 3863 atque
3298 3791 3409 3847 hoc
3468 3810 3566 3865 pa-

1919 3882 2011 3935 cto
2043 3878 2114 3933 ad
2146 3892 2351 3933 eorum
2383 3893 2510 3949 quze
2541 3878 2760 3950 scripta
2779 3878 3379 3951 suntintelligentiam
3429 3897 3564 3953 pro-

1921 3966 2105 4040 gredi.
2139 3965 2382 4038 Oportet
2410 3966 2569 4022 enim
2601 3970 2666 4021 ut
2721 3967 3262 4041 praetergredientes
3316 3969 3561 4041 figuras,

1921 4059 2049 4111 tum
2070 4055 2309 4111 demum
2340 4071 2535 4111 rerum
2568 4054 2738 4115 nobis
2787 4058 3206 4128 patefactarum
3263 4057 3566 4114 veritatem

1925 4159 2335 4215 assequamur.
2369 4143 2538 4199 Prius
2568 4159 2821 4214 namque
2846 4144 2990 4201 ﬁdes
3023 4145 3273 4219 simplex
3300 4146 3568 4220 Scriptu-

1927 4233 2008 4288 ris
2036 4237 2127 4288 est
2157 4231 2517 4300 adhibenda,
2558 4247 2692 4287 cum
2715 4232 2834 4287 sint
2864 4232 3144 4289 divinitus
3174 4234 3470 4307 inspiratus
3504 4251 3571 4291 ac

1928 4321 2103 4378 utiles
2130 4322 2214 4376 ‘3:
2249 4321 2458 4377 deinde
2488 4337 2701 4377 sensus
2740 4321 2801 4377 in
2833 4321 2979 4392 ipsis
3007 4322 3353 4381 delitescens
3379 4324 3572 4383 subti-

1927 4410 2060 4466 liter
2086 4415 2143 4466 et
2170 4415 2439 4466 accurate
2468 4414 2559 4466 est
2588 4411 3088 4483 pervestigandus.

261 4500 368 4558 198.
430 4502 526 4557 Καὶ
582 4501 880 4575 προσέθετο
934 4499 1134 4575 Κύριος
1191 4498 1433 4571 λαλῆσαι
1487 4505 1567 4573 τῷ
1624 4499 1806 4576 Ἀχὰζη

2005 4500 2128 4554 198.
2165 4499 2333 4555 Vsas.
2393 4499 2483 4566 40,
2528 4501 2615 4556 11.
2657 4502 2723 4556 Et
2750 4501 2952 4572 adjecit
2979 4502 3243 4557 Dominus
3301 4502 3451 4575 loqui
3504 4504 3577 4560 ad

206 4583 367 4660 λέγων·
421 4589 669 4663 Αἴτησαι
738 4592 947 4661 σεαυτῷ
1005 4594 1233 4662 σημεῖον
1290 4590 1436 4665 παρά
1493 4590 1694 4666 Κυρίου
1752 4588 1806 4643 εἰη

1940 4591 1971 4643 Α
1981 4588 2606 4656 chan,dicens:Peletibi
2630 4591 2850 4661 signum
2871 4607 2905 4645 a
2917 4591 3154 4645 Domino
3166 4591 3227 4645 in
3240 4592 3577 4661 profundum

210 4673 344 4746 βάθος
391 4677 428 4747 ἢ
481 4678 563 4742 εἷς
611 4676 789 4752 ὕψος.
866 4676 954 4734 Ἑν
1018 4678 1112 4750 μὶν
1163 4681 1279 4740 τοῖς
1335 4676 1562 4732 κατόπιν
1614 4674 1703 4732 διὰ
1756 4677 1806 4731 τε

1930 4682 2030 4731 aut
2058 4677 2123 4732 in
2151 4678 2447 4732 excelsum.
2477 4679 2615 4742 Quae
2672 4679 2914 4749 quidem
2966 4679 3345 4735 conveniebat
3390 4681 3581 4737 Achaz

207 4758 398 4818 Ἡσαΐου
455 4762 792 4834 διδάσκεται,
845 4761 877 4818 ἂ
933 4764 1045 4839 χρὴ
1103 4764 1562 4840 ποιεῖνόἈχὰζ,
1614 4763 1806 4840 φυλάσς

1935 4763 2142 4834 facere,
2174 4780 2243 4819 ea
2272 4765 2342 4819 ab
2375 4765 2525 4821 Isaia
2553 4765 2613 4820 in
2640 4765 3043 4837 superioribus
3071 4768 3582 4842 edocetur,nempe

209 4863 360 4915 σεσθαι
408 4859 506 4910 τοῦ
552 4853 877 4929 ἡσυχάζειν,
932 4852 1022 4908 καὶ
1080 4853 1157 4925 μὴ
1216 4850 1421 4923 δειλιᾷν
1452 4853 1557 4908 ἀπὸ
1586 4858 1693 4909 τῶν
1729 4850 1806 4908 δύι

1938 4857 2002 4908 ut
2029 4857 2223 4924 ageret
2247 4852 2629 4921 silentium,et
2665 4871 2736 4910 ne
2768 4872 2802 4910 a
2852 4854 3081 4912 duobus
3137 4856 3447 4914 titionibus
3486 4859 3576 4914 fu-

210 4931 359 4995 ὂελῶν
408 4947 518 4999 τῶν
576 4942 1013 5014 καπνιζομένων.
1062 4946 1191 4995 Νυνὶ
1242 4936 1319 5008 δὲ,
1366 4940 1441 5003 ὡς
1482 4943 1581 5010 τὴν
1614 4938 1705 4996 διὰ
1730 4944 1806 4995 τοι

1939 4942 2298 5014 migantibus
2331 4947 2635 5000 metueret.
2672 4942 2839 4999 Nunc
2867 4960 3002 5000 vero
3033 4944 3179 5018 ipse,
3202 4946 3306 5018 qui
3363 4947 3591 5005 scilicet

209 5032 465 5107 προφήτου
507 5028 868 5087 διδασκαλίαν
918 5028 1179 5091 εὐπειθῶς
1213 5027 1636 5103 ὑποδεξάμενος,
1666 5028 1806 5086 αὐτὰ

1941 5031 2138 5091 animo
2156 5031 2332 5088 docili
2353 5036 2410 5089 et
2434 5034 2822 5105 subsequenti
2845 5034 3142 5107 propheta
3158 5036 3488 5095 doctrinam
3500 5054 3592 5095 ex-

271 5201 311 5237 ⁶²
336 5203 404 5260 IlI
443 5205 594 5278 Reg.
633 5221 712 5273 xi,
752 5204 861 5271 26;
902 5219 1007 5270 xu,
1044 5202 1137 5258 20.
1213 5202 1260 5239 ⁸³
1299 5201 1351 5259 Il
1391 5202 1544 5260 Tim.
1580 5221 1666 5272 ιιι,
1706 5204 1795 5262 46.

266 5375 384 5448 (761
399 5374 645 5448 Antiqui
670 5379 792 5431 tres
822 5373 980 5448 libri.
1009 5372 1197 5448 ὑγιοῦς
1227 5370 1356 5448 καί.
1405 5374 1617 5432 Statim
1675 5374 1841 5444 editi,

211 5442 576 5520 ηζ-ξκλείψειζ
599 5447 773 5520 Deest
798 5444 888 5501 καί
921 5447 978 5501 in
1004 5442 1415 5520 mss._nostris.

217 5584 248 5639 Β
272 5517 375 5591 (77}
395 5516 577 5590 Ed'iti,
600 5516 660 5574 ἐκ
685 5524 805 5589 τῆς.
830 5520 1004 5577 Deest
1024 5523 1125 5587 τῆς
1156 5518 1217 5575 in
1249 5517 1467 5576 nostris
1499 5534 1600 5575 sex
1629 5517 1845 5575 codici-

251 5604 332 5643 us.

278 5660 383 5735 (78)
413 5661 663 5737 Antiqui
681 5679 782 5721 sex
808 5661 967 5733 libri,
1025 5664 1206 5737 σχεῖν.
1264 5661 1443 5732 Editi,
1501 5658 1668 5737 ἔχειν.
1732 5661 1851 5719 Ηοο

516 5792 786 5855 Panes.
831 5789 943 5852 Gn.
986 5787 1175 5850 XXX.
3203 5790 3281 5850 15

1955 5375 2319 5452 ipsoinloco
2371 5376 2513 5434 editi
2569 5380 2626 5434 et
2672 5377 2858 5434 nostri
2882 5448 2894 5452 _
2917 5394 3018 5434 sex
3047 5395 3216 5447 mss.,
3249 5377 3590 5452 ἐπιχειροῦσι

1920 5506 1925 5513 ,
1958 5447 2086 5519 sed,
2118 5449 2178 5506 ni
2218 5448 2416 5525 fallor,
2459 5452 2847 5525 commodius
2882 5448 3197 5525 legeretur,
3227 5447 3598 5525 ἐπιχειρούν-

1956 5539 2088 5597 των.
2122 5525 2185 5597 l_n
2217 5521 2331 5597 bis,
2387 5520 2473 5577 uti
2529 5522 2590 5577 in
2634 5521 2896 5594 reliquis,
2932 5520 3079 5577 nihil
3110 5520 3320 5580 Basilio
3339 5520 3597 5597 dignum

1959 5592 2352 5666 deprehendo.
