  <div class='ocr_page' id='page_1' title='image "/cluster/home/n/w/nwhite01/storage/ocr_20150623/30/hvd.32044073501827/238.png"; bbox 0 0 4118 6220; ppageno 0'>
   <div class='ocr_carea' id='block_1_1' title="bbox 296 457 402 515">
    <p class='ocr_par' dir='ltr' id='par_1_1' title="bbox 296 457 402 515">
     <span class='ocr_line' id='line_1_1' title="bbox 296 457 402 515; baseline 0 0"><span class='ocrx_word' id='word_1_1' title='bbox 296 457 402 515; x_wconf 76' lang='grc'><strong>461</strong></span> 
     </span>
    </p>
   </div>
   <div class='ocr_carea' id='block_1_2' title="bbox 295 583 1207 664">
    <p class='ocr_par' dir='ltr' id='par_1_2' title="bbox 295 583 1207 664">
     <span class='ocr_line' id='line_1_2' title="bbox 295 583 1207 664; baseline 0.002 -24"><span class='ocrx_word' id='word_1_2' title='bbox 295 583 588 660; x_wconf 87' lang='grc' dir='ltr'>λεγόμενον</span> <span class='ocrx_word' id='word_1_3' title='bbox 640 593 739 656; x_wconf 81' lang='grc' dir='ltr'>τῆς</span> <span class='ocrx_word' id='word_1_4' title='bbox 793 592 891 642; x_wconf 78' lang='grc' dir='ltr'><strong>τοῦ</strong></span> <span class='ocrx_word' id='word_1_5' title='bbox 963 587 1161 664; x_wconf 83' lang='grc' dir='ltr'><strong>Κυρίου</strong></span> <span class='ocrx_word' id='word_1_6' title='bbox 1195 606 1207 619; x_wconf 83' lang='lat'><strong><em>°</em></strong></span> 
     </span>
    </p>
   </div>
   <div class='ocr_carea' id='block_1_3' title="bbox 289 673 1383 754">
    <p class='ocr_par' dir='ltr' id='par_1_3' title="bbox 289 673 1383 754">
     <span class='ocr_line' id='line_1_3' title="bbox 289 673 1383 754; baseline 0.005 -25"><span class='ocrx_word' id='word_1_7' title='bbox 289 673 430 729; x_wconf 80' lang='grc' dir='ltr'>ἐστιν</span> <span class='ocrx_word' id='word_1_8' title='bbox 463 677 711 751; x_wconf 75' lang='grc' dir='ltr'>ὑπεράνω</span> <span class='ocrx_word' id='word_1_9' title='bbox 741 678 954 731; x_wconf 79' lang='grc' dir='ltr'>πάντων</span> <span class='ocrx_word' id='word_1_10' title='bbox 979 697 1085 731; x_wconf 86' lang='grc' dir='ltr'><strong>των</strong></span> <span class='ocrx_word' id='word_1_11' title='bbox 1120 676 1383 754; x_wconf 80' lang='grc' dir='ltr'><strong>οὐρανῶν.</strong></span> 
     </span>
    </p>
   </div>
   <div class='ocr_carea' id='block_1_4' title="bbox 359 849 1936 931">
    <p class='ocr_par' dir='ltr' id='par_1_4' title="bbox 359 849 1936 931">
     <span class='ocr_line' id='line_1_4' title="bbox 359 849 1936 931; baseline -0.004 -19"><span class='ocrx_word' id='word_1_12' title='bbox 359 857 485 912; x_wconf 75' lang='grc'><strong>499.</strong></span> <span class='ocrx_word' id='word_1_13' title='bbox 520 855 619 910; x_wconf 82' lang='grc' dir='ltr'>Καὶ</span> <span class='ocrx_word' id='word_1_14' title='bbox 676 857 820 910; x_wconf 72' lang='grc' dir='ltr'>εἶπεν</span> <span class='ocrx_word' id='word_1_15' title='bbox 883 857 1077 931; x_wconf 71' lang='grc' dir='ltr'>Ἀχάζο</span> <span class='ocrx_word' id='word_1_16' title='bbox 1136 856 1214 913; x_wconf 79' lang='grc' dir='ltr'><strong>Οὑ</strong></span> <span class='ocrx_word' id='word_1_17' title='bbox 1277 858 1352 928; x_wconf 74' lang='grc' dir='ltr'>μὴ</span> <span class='ocrx_word' id='word_1_18' title='bbox 1413 855 1645 925; x_wconf 77' lang='grc' dir='ltr'>αἰτήσω,</span> <span class='ocrx_word' id='word_1_19' title='bbox 1703 849 1817 908; x_wconf 83' lang='grc' dir='ltr'>οὐδ’</span> <span class='ocrx_word' id='word_1_20' title='bbox 1874 851 1936 906; x_wconf 86' lang='lat'><strong>06</strong></span> 
     </span>
    </p>
   </div>
   <div class='ocr_carea' id='block_1_5' title="bbox 288 941 1936 1020">
    <p class='ocr_par' dir='ltr' id='par_1_5' title="bbox 288 941 1936 1020">
     <span class='ocr_line' id='line_1_5' title="bbox 288 941 1936 1020; baseline -0.002 -21"><span class='ocrx_word' id='word_1_21' title='bbox 288 946 366 1018; x_wconf 79' lang='grc' dir='ltr'>μή</span> <span class='ocrx_word' id='word_1_22' title='bbox 421 949 663 1020; x_wconf 81' lang='grc' dir='ltr'>πειρὰσω</span> <span class='ocrx_word' id='word_1_23' title='bbox 714 945 929 1020; x_wconf 77' lang='grc' dir='ltr'>Κύριον.</span> <span class='ocrx_word' id='word_1_24' title='bbox 989 946 1058 1002; x_wconf 72' lang='grc' dir='ltr'><strong>ἸΙ</strong></span> <span class='ocrx_word' id='word_1_25' title='bbox 1121 946 1214 1017; x_wconf 76' lang='grc' dir='ltr'><strong>μὲν</strong></span> <span class='ocrx_word' id='word_1_26' title='bbox 1270 949 1366 999; x_wconf 79' lang='lat'><strong>106</strong></span> <span class='ocrx_word' id='word_1_27' title='bbox 1425 948 1557 999; x_wconf 77' lang='grc' dir='ltr'>Θεοῦ</span> <span class='ocrx_word' id='word_1_28' title='bbox 1616 941 1790 1018; x_wconf 77' lang='grc' dir='ltr'>δωρεὰ</span> <span class='ocrx_word' id='word_1_29' title='bbox 1843 962 1936 1014; x_wconf 92' lang='grc' dir='ltr'>με-</span> 
     </span>
    </p>
   </div>
   <div class='ocr_carea' id='block_1_6' title="bbox 281 1030 1937 1110">
    <p class='ocr_par' dir='ltr' id='par_1_6' title="bbox 281 1030 1937 1110">
     <span class='ocr_line' id='line_1_6' title="bbox 281 1030 1937 1110; baseline -0.002 -22"><span class='ocrx_word' id='word_1_30' title='bbox 281 1035 457 1110; x_wconf 73' lang='grc' dir='ltr'>γάλη,</span> <span class='ocrx_word' id='word_1_31' title='bbox 511 1034 599 1088; x_wconf 83' lang='grc' dir='ltr'><strong>καὶ</strong></span> <span class='ocrx_word' id='word_1_32' title='bbox 650 1033 907 1105; x_wconf 82' lang='grc' dir='ltr'>πλουσία,</span> <span class='ocrx_word' id='word_1_33' title='bbox 941 1034 1028 1088; x_wconf 77' lang='grc' dir='ltr'><strong>καὶ</strong></span> <span class='ocrx_word' id='word_1_34' title='bbox 1089 1030 1347 1106; x_wconf 71' lang='grc' dir='ltr'>δαψιλής.</span> <span class='ocrx_word' id='word_1_35' title='bbox 1403 1035 1458 1088; x_wconf 71' lang='grc' dir='ltr'><strong>Ὀ</strong></span> <span class='ocrx_word' id='word_1_36' title='bbox 1519 1031 1575 1087; x_wconf 76' lang='grc' dir='ltr'>δὲ</span> <span class='ocrx_word' id='word_1_37' title='bbox 1618 1033 1813 1107; x_wconf 77' lang='grc' dir='ltr'>Ἀχάζ,</span> <span class='ocrx_word' id='word_1_38' title='bbox 1862 1031 1937 1092; x_wconf 86' lang='grc' dir='ltr'>ὡς</span> 
     </span>
    </p>
   </div>
   <div class='ocr_carea' id='block_1_7' title="bbox 288 1120 1936 1198">
    <p class='ocr_par' dir='ltr' id='par_1_7' title="bbox 288 1120 1936 1198">
     <span class='ocr_line' id='line_1_7' title="bbox 288 1120 1936 1198; baseline -0.002 -21"><span class='ocrx_word' id='word_1_39' title='bbox 288 1126 465 1196; x_wconf 74' lang='grc' dir='ltr'>μήπω</span> <span class='ocrx_word' id='word_1_40' title='bbox 493 1120 883 1198; x_wconf 83' lang='grc' dir='ltr'>δεδιδαγμένος</span> <span class='ocrx_word' id='word_1_41' title='bbox 933 1123 1099 1178; x_wconf 81' lang='grc' dir='ltr'>αἰτεῖν</span> <span class='ocrx_word' id='word_1_42' title='bbox 1144 1122 1210 1176; x_wconf 75' lang='grc' dir='ltr'>τὰ</span> <span class='ocrx_word' id='word_1_43' title='bbox 1261 1122 1472 1197; x_wconf 81' lang='grc' dir='ltr'>μεγάλα</span> <span class='ocrx_word' id='word_1_44' title='bbox 1499 1123 1587 1176; x_wconf 85' lang='grc' dir='ltr'><strong>καὶ</strong></span> <span class='ocrx_word' id='word_1_45' title='bbox 1623 1120 1936 1191; x_wconf 81' lang='grc' dir='ltr'>ἐπουράνια,</span> 
     </span>
    </p>
   </div>
   <div class='ocr_carea' id='block_1_8' title="bbox 279 1209 1936 1286">
    <p class='ocr_par' dir='ltr' id='par_1_8' title="bbox 279 1209 1936 1286">
     <span class='ocr_line' id='line_1_8' title="bbox 279 1209 1936 1286; baseline -0.003 -19"><span class='ocrx_word' id='word_1_46' title='bbox 279 1218 631 1286; x_wconf 83' lang='grc' dir='ltr'>παραιτεῖται</span> <span class='ocrx_word' id='word_1_47' title='bbox 665 1218 894 1282; x_wconf 82' lang='grc' dir='ltr'>ζητῆσαι</span> <span class='ocrx_word' id='word_1_48' title='bbox 927 1217 1176 1284; x_wconf 84' lang='grc' dir='ltr'>σημεῖον,</span> <span class='ocrx_word' id='word_1_49' title='bbox 1208 1211 1281 1273; x_wconf 84' lang='grc' dir='ltr'>ὡς</span> <span class='ocrx_word' id='word_1_50' title='bbox 1336 1217 1519 1284; x_wconf 84' lang='grc' dir='ltr'>μεῖζον</span> <span class='ocrx_word' id='word_1_51' title='bbox 1567 1209 1810 1284; x_wconf 80' lang='grc' dir='ltr'>ὑπάρχον</span> <span class='ocrx_word' id='word_1_52' title='bbox 1839 1215 1936 1278; x_wconf 86' lang='grc' dir='ltr'><strong>τῆς</strong></span> 
     </span>
    </p>
   </div>
   <div class='ocr_carea' id='block_1_9' title="bbox 279 1295 1937 1378">
    <p class='ocr_par' dir='ltr' id='par_1_9' title="bbox 279 1295 1937 1378">
     <span class='ocr_line' id='line_1_9' title="bbox 279 1295 1937 1378; baseline -0.003 -23"><span class='ocrx_word' id='word_1_53' title='bbox 279 1302 640 1375; x_wconf 77' lang='grc' dir='ltr'><strong>ἀνθρωπίνης</strong></span> <span class='ocrx_word' id='word_1_54' title='bbox 690 1301 922 1378; x_wconf 81' lang='grc' dir='ltr'>φύσεως·</span> <span class='ocrx_word' id='word_1_55' title='bbox 975 1301 1010 1370; x_wconf 74' lang='grc' dir='ltr'>ἢ</span> <span class='ocrx_word' id='word_1_56' title='bbox 1063 1299 1136 1362; x_wconf 83' lang='grc' dir='ltr'>ὡς</span> <span class='ocrx_word' id='word_1_57' title='bbox 1182 1300 1328 1372; x_wconf 87' lang='grc' dir='ltr'><strong>παρά</strong></span> <span class='ocrx_word' id='word_1_58' title='bbox 1374 1301 1472 1368; x_wconf 80' lang='grc' dir='ltr'>τὴν</span> <span class='ocrx_word' id='word_1_59' title='bbox 1522 1297 1748 1368; x_wconf 75' lang='grc' dir='ltr'>ἐντολὴν</span> <span class='ocrx_word' id='word_1_60' title='bbox 1805 1295 1937 1370; x_wconf 85' lang='grc' dir='ltr'>μέλ-</span> 
     </span>
    </p>
   </div>
   <div class='ocr_carea' id='block_1_10' title="bbox 280 1386 1936 1462">
    <p class='ocr_par' dir='ltr' id='par_1_10' title="bbox 280 1386 1936 1462">
     <span class='ocr_line' id='line_1_10' title="bbox 280 1386 1936 1462; baseline -0.004 -18"><span class='ocrx_word' id='word_1_61' title='bbox 280 1388 402 1444; x_wconf 88' lang='grc' dir='ltr'><strong>λων</strong></span> <span class='ocrx_word' id='word_1_62' title='bbox 456 1394 658 1456; x_wconf 84' lang='grc' dir='ltr'>ποιεῖν,</span> <span class='ocrx_word' id='word_1_63' title='bbox 715 1391 815 1459; x_wconf 76' lang='grc' dir='ltr'>τὴν</span> <span class='ocrx_word' id='word_1_64' title='bbox 876 1388 1153 1443; x_wconf 75' lang='grc' dir='ltr'>εἰποῦσαν·</span> <span class='ocrx_word' id='word_1_65' title='bbox 1208 1388 1317 1442; x_wconf 77' lang='grc' dir='ltr'>Οὐκ</span> <span class='ocrx_word' id='word_1_66' title='bbox 1361 1386 1696 1462; x_wconf 79' lang='grc' dir='ltr'><strong>ἐκπειράσεις</strong></span> <span class='ocrx_word' id='word_1_67' title='bbox 1744 1386 1936 1460; x_wconf 80' lang='grc' dir='ltr'>Κύριον</span> 
     </span>
    </p>
   </div>
   <div class='ocr_carea' id='block_1_11' title="bbox 275 1473 1938 1552">
    <p class='ocr_par' dir='ltr' id='par_1_11' title="bbox 275 1473 1938 1552">
     <span class='ocr_line' id='line_1_11' title="bbox 275 1473 1938 1552; baseline -0.002 -20"><span class='ocrx_word' id='word_1_68' title='bbox 275 1479 374 1533; x_wconf 83' lang='grc' dir='ltr'><strong>τὸν</strong></span> <span class='ocrx_word' id='word_1_69' title='bbox 407 1477 539 1533; x_wconf 86' lang='grc' dir='ltr'>Θεόν</span> <span class='ocrx_word' id='word_1_70' title='bbox 597 1497 714 1533; x_wconf 89' lang='grc' dir='ltr'>σου.</span> <span class='ocrx_word' id='word_1_71' title='bbox 767 1477 1097 1552; x_wconf 85' lang='grc' dir='ltr'>’Λναγκαίως</span> <span class='ocrx_word' id='word_1_72' title='bbox 1146 1474 1203 1531; x_wconf 69' lang='grc' dir='ltr'>δὲ</span> <span class='ocrx_word' id='word_1_73' title='bbox 1246 1477 1298 1531; x_wconf 75' lang='grc' dir='ltr'>οἱ</span> <span class='ocrx_word' id='word_1_74' title='bbox 1347 1476 1471 1550; x_wconf 83' lang='grc' dir='ltr'>περὶ</span> <span class='ocrx_word' id='word_1_75' title='bbox 1514 1481 1632 1549; x_wconf 28' lang='grc' dir='ltr'>,τῶν</span> <span class='ocrx_word' id='word_1_76' title='bbox 1675 1473 1938 1545; x_wconf 78' lang='grc' dir='ltr'>τηλικού-</span> 
     </span>
    </p>
   </div>
   <div class='ocr_carea' id='block_1_12' title="bbox 273 1561 1942 1641">
    <p class='ocr_par' dir='ltr' id='par_1_12' title="bbox 273 1561 1942 1641">
     <span class='ocr_line' id='line_1_12' title="bbox 273 1561 1942 1641; baseline -0.004 -19"><span class='ocrx_word' id='word_1_77' title='bbox 273 1589 389 1622; x_wconf 86' lang='grc' dir='ltr'><strong>των</strong></span> <span class='ocrx_word' id='word_1_78' title='bbox 425 1565 696 1639; x_wconf 82' lang='grc' dir='ltr'>λόγοιτῷ</span> <span class='ocrx_word' id='word_1_79' title='bbox 741 1566 865 1620; x_wconf 85' lang='grc' dir='ltr'>τότε</span> <span class='ocrx_word' id='word_1_80' title='bbox 908 1565 1265 1640; x_wconf 81' lang='grc' dir='ltr'>κεκρατηκότι</span> <span class='ocrx_word' id='word_1_81' title='bbox 1303 1564 1520 1641; x_wconf 82' lang='grc' dir='ltr'>βασιλεῖ</span> <span class='ocrx_word' id='word_1_82' title='bbox 1564 1565 1824 1640; x_wconf 87' lang='grc' dir='ltr'>γίνονται,</span> <span class='ocrx_word' id='word_1_83' title='bbox 1852 1561 1942 1616; x_wconf 63' lang='grc' dir='ltr'>’ίνα</span> 
     </span>
    </p>
   </div>
   <div class='ocr_carea' id='block_1_13' title="bbox 278 1651 1939 1731">
    <p class='ocr_par' dir='ltr' id='par_1_13' title="bbox 278 1651 1939 1731">
     <span class='ocr_line' id='line_1_13' title="bbox 278 1651 1939 1731; baseline -0.003 -20"><span class='ocrx_word' id='word_1_84' title='bbox 278 1654 355 1711; x_wconf 86' lang='grc' dir='ltr'>δι’</span> <span class='ocrx_word' id='word_1_85' title='bbox 387 1657 558 1710; x_wconf 75' lang='grc' dir='ltr'>αὐτοῦ</span> <span class='ocrx_word' id='word_1_86' title='bbox 592 1655 667 1717; x_wconf 82' lang='grc' dir='ltr'><strong>εἷς</strong></span> <span class='ocrx_word' id='word_1_87' title='bbox 716 1655 920 1716; x_wconf 81' lang='grc' dir='ltr'>πάντας</span> <span class='ocrx_word' id='word_1_88' title='bbox 970 1651 1283 1729; x_wconf 83' lang='grc' dir='ltr'>διαλαληθῇ</span> <span class='ocrx_word' id='word_1_89' title='bbox 1342 1655 1547 1726; x_wconf 76' lang='lat' dir='ltr'><strong>(82)1a‘t</strong></span> <span class='ocrx_word' id='word_1_90' title='bbox 1597 1652 1939 1731; x_wconf 77' lang='grc' dir='ltr'>προφητευό-</span> 
     </span>
    </p>
   </div>
   <div class='ocr_carea' id='block_1_14' title="bbox 282 1741 1941 1819">
    <p class='ocr_par' dir='ltr' id='par_1_14' title="bbox 282 1741 1941 1819">
     <span class='ocr_line' id='line_1_14' title="bbox 282 1741 1941 1819; baseline -0.002 -20"><span class='ocrx_word' id='word_1_91' title='bbox 282 1766 444 1818; x_wconf 85' lang='grc' dir='ltr'>μενα.</span> <span class='ocrx_word' id='word_1_92' title='bbox 479 1742 705 1805; x_wconf 78' lang='grc' dir='ltr'>Ἠσαίας</span> <span class='ocrx_word' id='word_1_93' title='bbox 762 1743 856 1816; x_wconf 71' lang='grc' dir='ltr'>μὲν</span> <span class='ocrx_word' id='word_1_94' title='bbox 909 1743 1008 1818; x_wconf 72' lang='grc' dir='ltr'><strong>γὰρ</strong></span> <span class='ocrx_word' id='word_1_95' title='bbox 1061 1743 1119 1797; x_wconf 72' lang='grc' dir='ltr'><strong>ἂν</strong></span> <span class='ocrx_word' id='word_1_96' title='bbox 1157 1741 1293 1804; x_wconf 69' lang='grc' dir='ltr'>’ίσως</span> <span class='ocrx_word' id='word_1_97' title='bbox 1343 1744 1647 1813; x_wconf 76' lang='grc' dir='ltr'>ἠπιστήθη,</span> <span class='ocrx_word' id='word_1_98' title='bbox 1692 1745 1726 1813; x_wconf 74' lang='grc' dir='ltr'>ἧ</span> <span class='ocrx_word' id='word_1_99' title='bbox 1760 1741 1941 1819; x_wconf 75' lang='grc' dir='ltr'>φθόνῳ</span> 
     </span>
    </p>
   </div>
   <div class='ocr_carea' id='block_1_15' title="bbox 274 1831 1935 1907">
    <p class='ocr_par' dir='ltr' id='par_1_15' title="bbox 274 1831 1935 1907">
     <span class='ocr_line' id='line_1_15' title="bbox 274 1831 1935 1907; baseline -0.004 -17"><span class='ocrx_word' id='word_1_100' title='bbox 274 1840 390 1890; x_wconf 80' lang='grc' dir='ltr'>τῶν</span> <span class='ocrx_word' id='word_1_101' title='bbox 421 1835 541 1888; x_wconf 80' lang='grc' dir='ltr'>κατ’</span> <span class='ocrx_word' id='word_1_102' title='bbox 585 1833 746 1888; x_wconf 81' lang='grc' dir='ltr'>αὐτὸν</span> <span class='ocrx_word' id='word_1_103' title='bbox 798 1833 1120 1903; x_wconf 79' lang='grc' dir='ltr'>ἀνθρώπων,</span> <span class='ocrx_word' id='word_1_104' title='bbox 1154 1832 1189 1901; x_wconf 71' lang='grc' dir='ltr'><strong>ἢ</strong></span> <span class='ocrx_word' id='word_1_105' title='bbox 1221 1835 1288 1906; x_wconf 81' lang='grc' dir='ltr'>τῇ</span> <span class='ocrx_word' id='word_1_106' title='bbox 1335 1831 1506 1905; x_wconf 82' lang='grc' dir='ltr'>λοιπῃ</span> <span class='ocrx_word' id='word_1_107' title='bbox 1539 1832 1661 1907; x_wconf 77' lang='grc' dir='ltr'>περὶ</span> <span class='ocrx_word' id='word_1_108' title='bbox 1693 1832 1783 1885; x_wconf 84' lang='grc' dir='ltr'><strong>τὸν</strong></span> <span class='ocrx_word' id='word_1_109' title='bbox 1821 1832 1935 1906; x_wconf 89' lang='grc' dir='ltr'>βίον</span> 
     </span>
    </p>
   </div>
   <div class='ocr_carea' id='block_1_16' title="bbox 1070 451 2868 520">
    <p class='ocr_par' dir='ltr' id='par_1_16' title="bbox 1070 451 2868 520">
     <span class='ocr_line' id='line_1_16' title="bbox 1070 451 2868 520; baseline 0.002 -4"><span class='ocrx_word' id='word_1_110' title='bbox 1070 457 1479 518; x_wconf 83' lang='lat' dir='ltr'><strong>COMMENT.</strong></span> <span class='ocrx_word' id='word_1_111' title='bbox 1527 457 1603 518; x_wconf 92' lang='lat' dir='ltr'><strong>lN</strong></span> <span class='ocrx_word' id='word_1_112' title='bbox 1649 451 1918 515; x_wconf 86' lang='lat' dir='ltr'><strong>ISAIAM</strong></span> <span class='ocrx_word' id='word_1_113' title='bbox 1967 451 2468 514; x_wconf 83' lang='lat' dir='ltr'><strong>PROPHETAM.</strong></span> <span class='ocrx_word' id='word_1_114' title='bbox 2515 455 2685 516; x_wconf 80' lang='lat' dir='ltr'><strong>CAP.</strong></span> <span class='ocrx_word' id='word_1_115' title='bbox 2737 459 2868 520; x_wconf 83' lang='lat' dir='ltr'><strong>VII.</strong></span> 
     </span>
    </p>
   </div>
   <div class='ocr_carea' id='block_1_17' title="bbox 1271 581 1930 664">
    <p class='ocr_par' dir='ltr' id='par_1_17' title="bbox 1271 581 1930 646">
     <span class='ocr_line' id='line_1_17' title="bbox 1271 581 1930 646; baseline -0.014 -4"><span class='ocrx_word' id='word_1_116' title='bbox 1271 587 1366 642; x_wconf 82' lang='grc' dir='ltr'><strong>Καὶ</strong></span> <span class='ocrx_word' id='word_1_117' title='bbox 1429 588 1456 642; x_wconf 87' lang='grc' dir='ltr'>ὁ</span> <span class='ocrx_word' id='word_1_118' title='bbox 1532 581 1729 646; x_wconf 71' lang='grc' dir='ltr'>ἀναϐὰς</span> <span class='ocrx_word' id='word_1_119' title='bbox 1781 581 1930 636; x_wconf 79' lang='grc' dir='ltr'>αὐτόι</span> 
     </span>
    </p>
   </div>
   <div class='ocr_carea' id='block_1_18' title="bbox 2044 581 3696 664">
    <p class='ocr_par' dir='ltr' id='par_1_18' title="bbox 2057 585 3696 664">
     <span class='ocr_line' id='line_1_18' title="bbox 2057 585 3696 664; baseline 0.012 -27"><span class='ocrx_word' id='word_1_120' title='bbox 2057 585 2142 639; x_wconf 87' lang='lat' dir='ltr'><strong>dit</strong></span> <span class='ocrx_word' id='word_1_121' title='bbox 2172 585 2234 655; x_wconf 67' lang='lat'><strong>8‘,</strong></span> <span class='ocrx_word' id='word_1_122' title='bbox 2269 585 2505 655; x_wconf 89' lang='lat' dir='ltr'><strong>signum</strong></span> <span class='ocrx_word' id='word_1_123' title='bbox 2540 587 2684 644; x_wconf 90' lang='lat' dir='ltr'><strong>illud</strong></span> <span class='ocrx_word' id='word_1_124' title='bbox 2735 592 2796 645; x_wconf 84' lang='lat' dir='ltr'><strong>in</strong></span> <span class='ocrx_word' id='word_1_125' title='bbox 2842 593 3183 664; x_wconf 77' lang='lat' dir='ltr'><strong>profundum</strong></span> <span class='ocrx_word' id='word_1_126' title='bbox 3236 596 3351 653; x_wconf 82' lang='lat' dir='ltr'><strong>sive</strong></span> <span class='ocrx_word' id='word_1_127' title='bbox 3407 599 3470 653; x_wconf 81' lang='lat' dir='ltr'><strong>in</strong></span> <span class='ocrx_word' id='word_1_128' title='bbox 3518 603 3696 656; x_wconf 76' lang='lat' dir='ltr'><strong>excel-</strong></span> 
     </span>
    </p>
   </div>
   <div class='ocr_carea' id='block_1_19' title="bbox 3574 467 3695 528">
    <p class='ocr_par' dir='ltr' id='par_1_19' title="bbox 3574 467 3695 528">
     <span class='ocr_line' id='line_1_19' title="bbox 3574 467 3695 528; baseline 0 0"><span class='ocrx_word' id='word_1_129' title='bbox 3574 467 3695 528; x_wconf 72' lang='grc'><strong>462</strong></span> 
     </span>
    </p>
   </div>
   <div class='ocr_carea' id='block_1_20' title="bbox 2045 675 3697 759">
    <p class='ocr_par' dir='ltr' id='par_1_20' title="bbox 2045 675 3697 759">
     <span class='ocr_line' id='line_1_20' title="bbox 2045 675 3697 759; baseline 0.011 -31"><span class='ocrx_word' id='word_1_130' title='bbox 2045 689 2170 728; x_wconf 76' lang='lat' dir='ltr'><strong>sum</strong></span> <span class='ocrx_word' id='word_1_131' title='bbox 2203 675 2316 729; x_wconf 89' lang='lat' dir='ltr'><strong>dici</strong></span> <span class='ocrx_word' id='word_1_132' title='bbox 2354 683 2544 747; x_wconf 78' lang='lat' dir='ltr'><strong>potest</strong></span> <span class='ocrx_word' id='word_1_133' title='bbox 2573 680 2643 733; x_wconf 91' lang='lat' dir='ltr'><strong>de</strong></span> <span class='ocrx_word' id='word_1_134' title='bbox 2675 680 2908 736; x_wconf 85' lang='lat' dir='ltr'><strong>Domini</strong></span> <span class='ocrx_word' id='word_1_135' title='bbox 2940 683 3228 741; x_wconf 78' lang='lat' dir='ltr'><strong>descensu</strong></span> <span class='ocrx_word' id='word_1_136' title='bbox 3256 702 3269 740; x_wconf 88' lang='lat'><strong>:</strong></span> <span class='ocrx_word' id='word_1_137' title='bbox 3303 687 3366 740; x_wconf 83' lang='lat' dir='ltr'><strong>Et</strong></span> <span class='ocrx_word' id='word_1_138' title='bbox 3385 691 3482 759; x_wconf 90' lang='lat' dir='ltr'><strong>qui</strong></span> <span class='ocrx_word' id='word_1_139' title='bbox 3503 705 3697 745; x_wconf 78' lang='lat' dir='ltr'><strong>ascen-</strong></span> 
     </span>
    </p>
   </div>
   <div class='ocr_carea' id='block_1_21' title="bbox 2047 761 3095 837">
    <p class='ocr_par' dir='ltr' id='par_1_21' title="bbox 2047 761 3095 837">
     <span class='ocr_line' id='line_1_21' title="bbox 2047 761 3095 837; baseline 0.01 -21"><span class='ocrx_word' id='word_1_140' title='bbox 2047 761 2149 830; x_wconf 84' lang='lat' dir='ltr'><strong>dit,</strong></span> <span class='ocrx_word' id='word_1_141' title='bbox 2179 765 2292 834; x_wconf 85' lang='lat' dir='ltr'><strong>ipse</strong></span> <span class='ocrx_word' id='word_1_142' title='bbox 2321 769 2400 819; x_wconf 79' lang='lat' dir='ltr'><strong>est</strong></span> <span class='ocrx_word' id='word_1_143' title='bbox 2429 784 2595 837; x_wconf 83' lang='lat' dir='ltr'><strong>super</strong></span> <span class='ocrx_word' id='word_1_144' title='bbox 2623 784 2807 823; x_wconf 85' lang='lat' dir='ltr'><strong>omnes</strong></span> <span class='ocrx_word' id='word_1_145' title='bbox 2845 772 3001 826; x_wconf 60' lang='lat' dir='ltr'><strong>cielos</strong></span> <span class='ocrx_word' id='word_1_146' title='bbox 3031 773 3095 827; x_wconf 78' lang='grc'><strong>⁸⁵.</strong></span> 
     </span>
    </p>
   </div>
   <div class='ocr_carea' id='block_1_22' title="bbox 2121 852 3702 942">
    <p class='ocr_par' dir='ltr' id='par_1_22' title="bbox 2121 852 3702 942">
     <span class='ocr_line' id='line_1_22' title="bbox 2121 852 3702 942; baseline 0.014 -38"><span class='ocrx_word' id='word_1_147' title='bbox 2121 852 2241 942; x_wconf 69' lang='grc'>199.</span> <span class='ocrx_word' id='word_1_148' title='bbox 2279 856 2452 910; x_wconf 74' lang='lat' dir='ltr'><strong>Vens.</strong></span> <span class='ocrx_word' id='word_1_149' title='bbox 2491 857 2574 909; x_wconf 86' lang='grc'><strong>12.</strong></span> <span class='ocrx_word' id='word_1_150' title='bbox 2605 858 2670 911; x_wconf 81' lang='lat' dir='ltr'><strong>Et</strong></span> <span class='ocrx_word' id='word_1_151' title='bbox 2699 857 2847 914; x_wconf 75' lang='lat' dir='ltr'><strong>dixit</strong></span> <span class='ocrx_word' id='word_1_152' title='bbox 2877 862 3092 916; x_wconf 70' lang='lat' dir='ltr'><strong>Achaz:</strong></span> <span class='ocrx_word' id='word_1_153' title='bbox 3127 864 3241 917; x_wconf 84' lang='lat' dir='ltr'><strong>Non</strong></span> <span class='ocrx_word' id='word_1_154' title='bbox 3271 869 3476 934; x_wconf 80' lang='lat' dir='ltr'><strong>petam,</strong></span> <span class='ocrx_word' id='word_1_155' title='bbox 3528 884 3702 942; x_wconf 75' lang='lat' dir='ltr'><strong>neque</strong></span> 
     </span>
    </p>
   </div>
   <div class='ocr_carea' id='block_1_23' title="bbox 2047 941 3696 1026">
    <p class='ocr_par' dir='ltr' id='par_1_23' title="bbox 2047 941 3696 1026">
     <span class='ocr_line' id='line_1_23' title="bbox 2047 941 3696 1026; baseline 0.013 -34"><span class='ocrx_word' id='word_1_156' title='bbox 2047 941 2260 997; x_wconf 85' lang='lat' dir='ltr'><strong>tentabo</strong></span> <span class='ocrx_word' id='word_1_157' title='bbox 2292 944 2604 999; x_wconf 83' lang='lat' dir='ltr'><strong>Dominum.</strong></span> <span class='ocrx_word' id='word_1_158' title='bbox 2658 946 2756 1001; x_wconf 85' lang='lat' dir='ltr'><strong>Dei</strong></span> <span class='ocrx_word' id='word_1_159' title='bbox 2776 949 3014 1017; x_wconf 86' lang='lat' dir='ltr'><strong>quidem</strong></span> <span class='ocrx_word' id='word_1_160' title='bbox 3040 950 3260 1007; x_wconf 88' lang='lat' dir='ltr'>donum</span> <span class='ocrx_word' id='word_1_161' title='bbox 3281 970 3562 1026; x_wconf 89' lang='lat' dir='ltr'><strong>magnum</strong></span> <span class='ocrx_word' id='word_1_162' title='bbox 3589 962 3696 1022; x_wconf 86' lang='lat' dir='ltr'><strong>est,</strong></span> 
     </span>
    </p>
   </div>
   <div class='ocr_carea' id='block_1_24' title="bbox 2049 1028 3698 1116">
    <p class='ocr_par' dir='ltr' id='par_1_24' title="bbox 2049 1028 3698 1116">
     <span class='ocr_line' id='line_1_24' title="bbox 2049 1028 3698 1116; baseline 0.013 -34"><span class='ocrx_word' id='word_1_163' title='bbox 2049 1028 2327 1101; x_wconf 76' lang='lat' dir='ltr'><strong>divesque</strong></span> <span class='ocrx_word' id='word_1_164' title='bbox 2358 1039 2416 1087; x_wconf 91' lang='lat' dir='ltr'><strong>et</strong></span> <span class='ocrx_word' id='word_1_165' title='bbox 2446 1032 2694 1105; x_wconf 88' lang='lat' dir='ltr'><strong>largum.</strong></span> <span class='ocrx_word' id='word_1_166' title='bbox 2727 1037 2916 1091; x_wconf 78' lang='lat' dir='ltr'><strong>Achaz</strong></span> <span class='ocrx_word' id='word_1_167' title='bbox 2946 1045 3137 1094; x_wconf 86' lang='lat' dir='ltr'><strong>autem</strong></span> <span class='ocrx_word' id='word_1_168' title='bbox 3172 1046 3372 1112; x_wconf 86' lang='lat' dir='ltr'><strong>utpote</strong></span> <span class='ocrx_word' id='word_1_169' title='bbox 3396 1061 3610 1116; x_wconf 86' lang='lat' dir='ltr'><strong>magna</strong></span> <span class='ocrx_word' id='word_1_170' title='bbox 3639 1053 3698 1104; x_wconf 89' lang='lat' dir='ltr'><strong>et</strong></span> 
     </span>
    </p>
   </div>
   <div class='ocr_carea' id='block_1_25' title="bbox 2049 1118 3697 1199">
    <p class='ocr_par' dir='ltr' id='par_1_25' title="bbox 2049 1118 3697 1199">
     <span class='ocr_line' id='line_1_25' title="bbox 2049 1118 3697 1199; baseline 0.012 -29"><span class='ocrx_word' id='word_1_171' title='bbox 2049 1118 2307 1175; x_wconf 83' lang='lat' dir='ltr'><strong>ccelestia</strong></span> <span class='ocrx_word' id='word_1_172' title='bbox 2363 1138 2672 1192; x_wconf 82' lang='lat' dir='ltr'><strong>exposcere</strong></span> <span class='ocrx_word' id='word_1_173' title='bbox 2723 1127 2984 1180; x_wconf 88' lang='lat' dir='ltr'><strong>nondum</strong></span> <span class='ocrx_word' id='word_1_174' title='bbox 3033 1129 3295 1197; x_wconf 89' lang='lat' dir='ltr'><strong>edoctus,</strong></span> <span class='ocrx_word' id='word_1_175' title='bbox 3329 1148 3589 1199; x_wconf 70' lang='lat' dir='ltr'><strong>quaerere</strong></span> <span class='ocrx_word' id='word_1_176' title='bbox 3618 1135 3697 1190; x_wconf 89' lang='lat' dir='ltr'><strong>si-</strong></span> 
     </span>
    </p>
   </div>
   <div class='ocr_carea' id='block_1_26' title="bbox 2049 1212 3691 1286">
    <p class='ocr_par' dir='ltr' id='par_1_26' title="bbox 2049 1212 3691 1286">
     <span class='ocr_line' id='line_1_26' title="bbox 2049 1212 3691 1286; baseline 0.011 -25"><span class='ocrx_word' id='word_1_177' title='bbox 2049 1224 2228 1278; x_wconf 88' lang='lat' dir='ltr'><strong>gnum</strong></span> <span class='ocrx_word' id='word_1_178' title='bbox 2260 1215 2511 1276; x_wconf 75' lang='lat' dir='ltr'><strong>recusat,</strong></span> <span class='ocrx_word' id='word_1_179' title='bbox 2547 1213 2700 1282; x_wconf 91' lang='lat' dir='ltr'><strong>quod</strong></span> <span class='ocrx_word' id='word_1_180' title='bbox 2730 1212 2786 1268; x_wconf 93' lang='lat' dir='ltr'>id</span> <span class='ocrx_word' id='word_1_181' title='bbox 2819 1221 3122 1286; x_wconf 72' lang='lat' dir='ltr'><strong>superaret</strong></span> <span class='ocrx_word' id='word_1_182' title='bbox 3153 1217 3474 1276; x_wconf 83' lang='lat' dir='ltr'><strong>humanam</strong></span> <span class='ocrx_word' id='word_1_183' title='bbox 3521 1228 3691 1279; x_wconf 88' lang='lat' dir='ltr'><strong>natu-</strong></span> 
     </span>
    </p>
   </div>
   <div class='ocr_carea' id='block_1_27' title="bbox 2052 1297 3694 1380">
    <p class='ocr_par' dir='ltr' id='par_1_27' title="bbox 2052 1297 3694 1380">
     <span class='ocr_line' id='line_1_27' title="bbox 2052 1297 3694 1380; baseline 0.011 -31"><span class='ocrx_word' id='word_1_184' title='bbox 2052 1313 2198 1363; x_wconf 88' lang='lat' dir='ltr'><strong>ram,</strong></span> <span class='ocrx_word' id='word_1_185' title='bbox 2232 1297 2318 1352; x_wconf 88' lang='lat' dir='ltr'><strong>vel</strong></span> <span class='ocrx_word' id='word_1_186' title='bbox 2347 1300 2500 1369; x_wconf 89' lang='lat' dir='ltr'><strong>quod</strong></span> <span class='ocrx_word' id='word_1_187' title='bbox 2535 1303 2772 1372; x_wconf 84' lang='lat' dir='ltr'><strong>exsequi</strong></span> <span class='ocrx_word' id='word_1_188' title='bbox 2807 1303 2976 1358; x_wconf 84' lang='lat' dir='ltr'><strong>vellet</strong></span> <span class='ocrx_word' id='word_1_189' title='bbox 3008 1307 3374 1375; x_wconf 88' lang='lat' dir='ltr'><strong>mandatum,</strong></span> <span class='ocrx_word' id='word_1_190' title='bbox 3418 1313 3571 1380; x_wconf 91' lang='lat' dir='ltr'><strong>quod</strong></span> <span class='ocrx_word' id='word_1_191' title='bbox 3605 1312 3694 1366; x_wconf 90' lang='lat' dir='ltr'><strong>di-</strong></span> 
     </span>
    </p>
   </div>
   <div class='ocr_carea' id='block_1_28' title="bbox 2051 1385 3696 1455">
    <p class='ocr_par' dir='ltr' id='par_1_28' title="bbox 2051 1385 3696 1455">
     <span class='ocr_line' id='line_1_28' title="bbox 2051 1385 3696 1455; baseline 0.011 -17"><span class='ocrx_word' id='word_1_192' title='bbox 2051 1385 2164 1440; x_wconf 87' lang='lat' dir='ltr'><strong>cit:</strong></span> <span class='ocrx_word' id='word_1_193' title='bbox 2198 1387 2312 1440; x_wconf 82' lang='lat' dir='ltr'><strong>Non</strong></span> <span class='ocrx_word' id='word_1_194' title='bbox 2345 1389 2578 1443; x_wconf 83' lang='lat' dir='ltr'><strong>tentabis</strong></span> <span class='ocrx_word' id='word_1_195' title='bbox 2607 1390 2896 1446; x_wconf 86' lang='lat' dir='ltr'><strong>Dominum</strong></span> <span class='ocrx_word' id='word_1_196' title='bbox 2928 1394 3099 1449; x_wconf 84' lang='lat' dir='ltr'><strong>Deum</strong></span> <span class='ocrx_word' id='word_1_197' title='bbox 3156 1401 3312 1450; x_wconf 84' lang='lat' dir='ltr'><strong>tuum</strong></span> <span class='ocrx_word' id='word_1_198' title='bbox 3341 1398 3408 1453; x_wconf 78' lang='grc'><strong>⁸⁸.</strong></span> <span class='ocrx_word' id='word_1_199' title='bbox 3461 1399 3696 1455; x_wconf 91' lang='lat' dir='ltr'><strong>Sermo-</strong></span> 
     </span>
    </p>
   </div>
   <div class='ocr_carea' id='block_1_29' title="bbox 2050 1478 3695 1560">
    <p class='ocr_par' dir='ltr' id='par_1_29' title="bbox 2050 1478 3695 1560">
     <span class='ocr_line' id='line_1_29' title="bbox 2050 1478 3695 1560; baseline 0.01 -32"><span class='ocrx_word' id='word_1_200' title='bbox 2050 1491 2152 1529; x_wconf 87' lang='lat' dir='ltr'><strong>nes</strong></span> <span class='ocrx_word' id='word_1_201' title='bbox 2184 1480 2379 1530; x_wconf 83' lang='lat' dir='ltr'><strong>autem</strong></span> <span class='ocrx_word' id='word_1_202' title='bbox 2405 1478 2502 1547; x_wconf 87' lang='lat' dir='ltr'><strong>qui</strong></span> <span class='ocrx_word' id='word_1_203' title='bbox 2535 1479 2715 1534; x_wconf 88' lang='lat' dir='ltr'><strong>tantis</strong></span> <span class='ocrx_word' id='word_1_204' title='bbox 2748 1480 2819 1536; x_wconf 89' lang='lat' dir='ltr'><strong>de</strong></span> <span class='ocrx_word' id='word_1_205' title='bbox 2852 1483 3026 1537; x_wconf 89' lang='lat' dir='ltr'><strong>rebus</strong></span> <span class='ocrx_word' id='word_1_206' title='bbox 3059 1482 3367 1557; x_wconf 83' lang='lat' dir='ltr'><strong>habentur,</strong></span> <span class='ocrx_word' id='word_1_207' title='bbox 3420 1489 3540 1559; x_wconf 87' lang='lat' dir='ltr'><strong>regi</strong></span> <span class='ocrx_word' id='word_1_208' title='bbox 3592 1490 3695 1560; x_wconf 87' lang='lat' dir='ltr'><strong>qui</strong></span> 
     </span>
    </p>
   </div>
   <div class='ocr_carea' id='block_1_30' title="bbox 2050 1564 3698 1648">
    <p class='ocr_par' dir='ltr' id='par_1_30' title="bbox 2050 1564 3698 1648">
     <span class='ocr_line' id='line_1_30' title="bbox 2050 1564 3698 1648; baseline 0.009 -30"><span class='ocrx_word' id='word_1_209' title='bbox 2050 1569 2188 1618; x_wconf 87' lang='lat' dir='ltr'><strong>tunc</strong></span> <span class='ocrx_word' id='word_1_210' title='bbox 2221 1564 2567 1634; x_wconf 80' lang='lat' dir='ltr'><strong>imperabat,</strong></span> <span class='ocrx_word' id='word_1_211' title='bbox 2600 1570 2865 1638; x_wconf 83' lang='lat' dir='ltr'><strong>apposite</strong></span> <span class='ocrx_word' id='word_1_212' title='bbox 2895 1575 2950 1624; x_wconf 91' lang='lat' dir='ltr'><strong>et</strong></span> <span class='ocrx_word' id='word_1_213' title='bbox 2994 1571 3217 1628; x_wconf 83' lang='lat' dir='ltr'><strong>utiliter</strong></span> <span class='ocrx_word' id='word_1_214' title='bbox 3264 1573 3435 1640; x_wconf 81' lang='lat' dir='ltr'><strong>ﬁunt,</strong></span> <span class='ocrx_word' id='word_1_215' title='bbox 3481 1582 3546 1631; x_wconf 91' lang='lat' dir='ltr'><strong>ut</strong></span> <span class='ocrx_word' id='word_1_216' title='bbox 3595 1595 3698 1648; x_wconf 89' lang='lat' dir='ltr'><strong>per</strong></span> 
     </span>
    </p>
   </div>
   <div class='ocr_carea' id='block_1_31' title="bbox 2050 1653 3694 1734">
    <p class='ocr_par' dir='ltr' id='par_1_31' title="bbox 2050 1653 3694 1734">
     <span class='ocr_line' id='line_1_31' title="bbox 2050 1653 3694 1734; baseline 0.01 -29"><span class='ocrx_word' id='word_1_217' title='bbox 2050 1653 2240 1722; x_wconf 89' lang='lat' dir='ltr'><strong>ipsum</strong></span> <span class='ocrx_word' id='word_1_218' title='bbox 2303 1654 2503 1710; x_wconf 68' lang='lat' dir='ltr'><strong>isthaac</strong></span> <span class='ocrx_word' id='word_1_219' title='bbox 2551 1656 2825 1712; x_wconf 80' lang='lat' dir='ltr'><strong>vaticinia</strong></span> <span class='ocrx_word' id='word_1_220' title='bbox 2869 1659 2927 1712; x_wconf 91' lang='lat' dir='ltr'><strong>in</strong></span> <span class='ocrx_word' id='word_1_221' title='bbox 2979 1676 3182 1716; x_wconf 89' lang='lat' dir='ltr'><strong>omnes</strong></span> <span class='ocrx_word' id='word_1_222' title='bbox 3233 1662 3694 1734; x_wconf 83' lang='lat' dir='ltr'><strong>divulgarentur.</strong></span> 
     </span>
    </p>
   </div>
   <div class='ocr_carea' id='block_1_32' title="bbox 2051 1743 3700 1824">
    <p class='ocr_par' dir='ltr' id='par_1_32' title="bbox 2051 1743 3700 1824">
     <span class='ocr_line' id='line_1_32' title="bbox 2051 1743 3700 1824; baseline 0.01 -30"><span class='ocrx_word' id='word_1_223' title='bbox 2051 1745 2217 1796; x_wconf 83' lang='lat' dir='ltr'><strong>Forte</strong></span> <span class='ocrx_word' id='word_1_224' title='bbox 2248 1743 2404 1797; x_wconf 91' lang='lat' dir='ltr'><strong>enim</strong></span> <span class='ocrx_word' id='word_1_225' title='bbox 2436 1743 2523 1797; x_wconf 89' lang='lat' dir='ltr'><strong>vel</strong></span> <span class='ocrx_word' id='word_1_226' title='bbox 2559 1746 2628 1799; x_wconf 93' lang='lat' dir='ltr'><strong>ob</strong></span> <span class='ocrx_word' id='word_1_227' title='bbox 2662 1746 2814 1801; x_wconf 73' lang='lat'><strong>528</strong></span> <span class='ocrx_word' id='word_1_228' title='bbox 2847 1747 3154 1803; x_wconf 88' lang='lat' dir='ltr'><strong>hominum</strong></span> <span class='ocrx_word' id='word_1_229' title='bbox 3178 1749 3280 1804; x_wconf 88' lang='lat' dir='ltr'><strong>illa</strong></span> <span class='ocrx_word' id='word_1_230' title='bbox 3300 1757 3470 1808; x_wconf 62' lang='lat' dir='ltr'><strong>astate</strong></span> <span class='ocrx_word' id='word_1_231' title='bbox 3491 1753 3700 1824; x_wconf 85' lang='lat' dir='ltr'><strong>degen-</strong></span> 
     </span>
    </p>
   </div>
   <div class='ocr_carea' id='block_1_33' title="bbox 2051 1830 3695 1914">
    <p class='ocr_par' dir='ltr' id='par_1_33' title="bbox 2051 1830 3695 1914">
     <span class='ocr_line' id='line_1_33' title="bbox 2051 1830 3695 1914; baseline 0.01 -32"><span class='ocrx_word' id='word_1_232' title='bbox 2051 1830 2197 1883; x_wconf 88' lang='lat' dir='ltr'><strong>tium</strong></span> <span class='ocrx_word' id='word_1_233' title='bbox 2232 1830 2535 1896; x_wconf 83' lang='lat' dir='ltr'><strong>invidiam,</strong></span> <span class='ocrx_word' id='word_1_234' title='bbox 2570 1832 2655 1886; x_wconf 89' lang='lat' dir='ltr'><strong>vel</strong></span> <span class='ocrx_word' id='word_1_235' title='bbox 2690 1835 2760 1888; x_wconf 92' lang='lat' dir='ltr'><strong>ob</strong></span> <span class='ocrx_word' id='word_1_236' title='bbox 2794 1833 3081 1906; x_wconf 90' lang='lat' dir='ltr'><strong>reliquam</strong></span> <span class='ocrx_word' id='word_1_237' title='bbox 3113 1838 3240 1892; x_wconf 70' lang='lat' dir='ltr'><strong>vita:</strong></span> <span class='ocrx_word' id='word_1_238' title='bbox 3275 1839 3695 1914; x_wconf 89' lang='lat' dir='ltr'><strong>humilitatem,</strong></span> 
     </span>
    </p>
   </div>
   <div class='ocr_carea' id='block_1_34' title="bbox 274 1898 1930 1996">
    <p class='ocr_par' dir='ltr' id='par_1_34' title="bbox 274 1918 1930 1993">
     <span class='ocr_line' id='line_1_34' title="bbox 274 1918 1930 1993; baseline -0.003 -15"><span class='ocrx_word' id='word_1_239' title='bbox 274 1921 666 1992; x_wconf 79' lang='grc' dir='ltr'>ταπεινότητι,</span> <span class='ocrx_word' id='word_1_240' title='bbox 720 1923 793 1983; x_wconf 87' lang='grc' dir='ltr'>ὡς</span> <span class='ocrx_word' id='word_1_241' title='bbox 848 1923 923 1993; x_wconf 79' lang='grc' dir='ltr'>μὴ</span> <span class='ocrx_word' id='word_1_242' title='bbox 985 1919 1274 1992; x_wconf 80' lang='grc' dir='ltr'>δεξάμενος</span> <span class='ocrx_word' id='word_1_243' title='bbox 1325 1928 1424 1989; x_wconf 80' lang='grc' dir='ltr'>τῆς</span> <span class='ocrx_word' id='word_1_244' title='bbox 1483 1918 1782 1992; x_wconf 78' lang='grc' dir='ltr'>ἐπιδημίας</span> <span class='ocrx_word' id='word_1_245' title='bbox 1839 1925 1930 1974; x_wconf 69' lang='grc' dir='ltr'>τοῦ</span> 
     </span>
    </p>
   </div>
   <div class='ocr_carea' id='block_1_35' title="bbox 2044 1898 3697 1996">
    <p class='ocr_par' dir='ltr' id='par_1_35' title="bbox 2047 1898 3697 1996">
     <span class='ocr_line' id='line_1_35' title="bbox 2047 1898 3697 1996; baseline 0.01 -25"><span class='ocrx_word' id='word_1_246' title='bbox 2047 1918 2254 1974; x_wconf 82' lang='lat' dir='ltr'><strong>fuisset</strong></span> <span class='ocrx_word' id='word_1_247' title='bbox 2282 1919 2443 1974; x_wconf 66' lang='lat' dir='ltr'><strong>Isaiae</strong></span> <span class='ocrx_word' id='word_1_248' title='bbox 2477 1922 2759 1993; x_wconf 82' lang='lat' dir='ltr'><strong>denegata</strong></span> <span class='ocrx_word' id='word_1_249' title='bbox 2782 1923 2948 1992; x_wconf 84' lang='lat' dir='ltr'><strong>fides,</strong></span> <span class='ocrx_word' id='word_1_250' title='bbox 2974 1926 3141 1996; x_wconf 90' lang='lat' dir='ltr'><strong>quasi</strong></span> <span class='ocrx_word' id='word_1_251' title='bbox 3167 1944 3199 1981; x_wconf 88' lang='lat' dir='ltr'><strong>a</strong></span> <span class='ocrx_word' id='word_1_252' title='bbox 3219 1927 3466 1985; x_wconf 90' lang='lat' dir='ltr'><strong>Domino</strong></span> <span class='ocrx_word' id='word_1_253' title='bbox 3489 1898 3697 1987; x_wconf 69' lang='lat' dir='ltr'><strong>oracu:</strong></span> 
     </span>
    </p>
   </div>
   <div class='ocr_carea' id='block_1_36' title="bbox 281 2007 1935 2086">
    <p class='ocr_par' dir='ltr' id='par_1_36' title="bbox 281 2007 1935 2086">
     <span class='ocr_line' id='line_1_36' title="bbox 281 2007 1935 2086; baseline -0.004 -18"><span class='ocrx_word' id='word_1_254' title='bbox 281 2011 648 2085; x_wconf 73' lang='grc' dir='ltr'>Ἐμμανουήλ</span> <span class='ocrx_word' id='word_1_255' title='bbox 691 2011 835 2086; x_wconf 83' lang='grc' dir='ltr'>παρᾶ</span> <span class='ocrx_word' id='word_1_256' title='bbox 879 2014 976 2064; x_wconf 72' lang='grc' dir='ltr'><strong>τοῦ</strong></span> <span class='ocrx_word' id='word_1_257' title='bbox 1031 2009 1234 2084; x_wconf 89' lang='grc' dir='ltr'>Κυρίου</span> <span class='ocrx_word' id='word_1_258' title='bbox 1266 2009 1677 2084; x_wconf 72' lang='grc' dir='ltr'>χρηματισμὸν,</span> <span class='ocrx_word' id='word_1_259' title='bbox 1720 2007 1846 2063; x_wconf 83' lang='grc' dir='ltr'>ἀλλ’</span> <span class='ocrx_word' id='word_1_260' title='bbox 1877 2008 1935 2062; x_wconf 86' lang='grc' dir='ltr'><strong>ἐκ</strong></span> 
     </span>
    </p>
   </div>
   <div class='ocr_carea' id='block_1_37' title="bbox 277 2095 1934 2174">
    <p class='ocr_par' dir='ltr' id='par_1_37' title="bbox 277 2095 1934 2174">
     <span class='ocr_line' id='line_1_37' title="bbox 277 2095 1934 2174; baseline -0.002 -18"><span class='ocrx_word' id='word_1_261' title='bbox 277 2109 386 2172; x_wconf 80' lang='grc' dir='ltr'>τῆς</span> <span class='ocrx_word' id='word_1_262' title='bbox 440 2099 579 2163; x_wconf 77' lang='grc' dir='ltr'>ἰδίας</span> <span class='ocrx_word' id='word_1_263' title='bbox 625 2096 849 2174; x_wconf 78' lang='grc' dir='ltr'>καρδίας</span> <span class='ocrx_word' id='word_1_264' title='bbox 896 2098 1205 2160; x_wconf 84' lang='grc' dir='ltr'>ἀναπλάσας</span> <span class='ocrx_word' id='word_1_265' title='bbox 1249 2099 1342 2152; x_wconf 88' lang='grc' dir='ltr'><strong>τὸν</strong></span> <span class='ocrx_word' id='word_1_266' title='bbox 1402 2097 1591 2174; x_wconf 77' lang='grc' dir='ltr'>λόγον.</span> <span class='ocrx_word' id='word_1_267' title='bbox 1647 2099 1821 2173; x_wconf 83' lang='grc' dir='ltr'><strong>’Λχάζ</strong></span> <span class='ocrx_word' id='word_1_268' title='bbox 1877 2095 1934 2152; x_wconf 74' lang='grc' dir='ltr'>δὲ</span> 
     </span>
    </p>
   </div>
   <div class='ocr_carea' id='block_1_38' title="bbox 276 2186 1930 2263">
    <p class='ocr_par' dir='ltr' id='par_1_38' title="bbox 276 2186 1930 2263">
     <span class='ocr_line' id='line_1_38' title="bbox 276 2186 1930 2263; baseline -0.004 -19"><span class='ocrx_word' id='word_1_269' title='bbox 276 2190 459 2250; x_wconf 75' lang='grc' dir='ltr'>οὕτως</span> <span class='ocrx_word' id='word_1_270' title='bbox 505 2186 718 2259; x_wconf 79' lang='grc' dir='ltr'>ἐδέξατο</span> <span class='ocrx_word' id='word_1_271' title='bbox 766 2188 864 2256; x_wconf 81' lang='grc' dir='ltr'>τήν</span> <span class='ocrx_word' id='word_1_272' title='bbox 916 2187 1039 2262; x_wconf 87' lang='grc' dir='ltr'>περὶ</span> <span class='ocrx_word' id='word_1_273' title='bbox 1090 2192 1198 2242; x_wconf 83' lang='grc' dir='ltr'><strong>τῶν</strong></span> <span class='ocrx_word' id='word_1_274' title='bbox 1257 2186 1525 2260; x_wconf 87' lang='grc' dir='ltr'>ἐσομένων</span> <span class='ocrx_word' id='word_1_275' title='bbox 1575 2186 1930 2263; x_wconf 67' lang='grc' dir='ltr'>προφητείαν,</span> 
     </span>
    </p>
   </div>
   <div class='ocr_carea' id='block_1_39' title="bbox 271 2271 1932 2352">
    <p class='ocr_par' dir='ltr' id='par_1_39' title="bbox 271 2271 1932 2352">
     <span class='ocr_line' id='line_1_39' title="bbox 271 2271 1932 2352; baseline -0.002 -19"><span class='ocrx_word' id='word_1_276' title='bbox 271 2279 353 2342; x_wconf 84' lang='grc' dir='ltr'>ὡς</span> <span class='ocrx_word' id='word_1_277' title='bbox 399 2273 608 2347; x_wconf 74' lang='grc' dir='ltr'>Λάϐαν,</span> <span class='ocrx_word' id='word_1_278' title='bbox 659 2278 732 2339; x_wconf 83' lang='grc' dir='ltr'>ὡς</span> <span class='ocrx_word' id='word_1_279' title='bbox 786 2271 1114 2352; x_wconf 75' lang='grc' dir='ltr'>Ἀϐιμέλεχ,</span> <span class='ocrx_word' id='word_1_280' title='bbox 1169 2277 1244 2338; x_wconf 84' lang='grc' dir='ltr'>ὡς</span> <span class='ocrx_word' id='word_1_281' title='bbox 1294 2271 1806 2352; x_wconf 78' lang='grc' dir='ltr'>Ναϐουχοδονόσορ,</span> <span class='ocrx_word' id='word_1_282' title='bbox 1860 2275 1932 2337; x_wconf 87' lang='grc' dir='ltr'><strong>ὡς</strong></span> 
     </span>
    </p>
   </div>
   <div class='ocr_carea' id='block_1_40' title="bbox 271 2361 1930 2443">
    <p class='ocr_par' dir='ltr' id='par_1_40' title="bbox 271 2361 1930 2443">
     <span class='ocr_line' id='line_1_40' title="bbox 271 2361 1930 2443; baseline -0.004 -21"><span class='ocrx_word' id='word_1_283' title='bbox 271 2367 507 2443; x_wconf 82' lang='grc' dir='ltr'>Φαραὼ,</span> <span class='ocrx_word' id='word_1_284' title='bbox 539 2367 614 2428; x_wconf 82' lang='grc' dir='ltr'>ὡς</span> <span class='ocrx_word' id='word_1_285' title='bbox 665 2367 914 2440; x_wconf 77' lang='grc' dir='ltr'>Καϊάφας</span> <span class='ocrx_word' id='word_1_286' title='bbox 957 2366 1018 2420; x_wconf 86' lang='grc' dir='ltr'>τὸ</span> <span class='ocrx_word' id='word_1_287' title='bbox 1067 2365 1400 2433; x_wconf 83' lang='grc' dir='ltr'>τελευταῖον,</span> <span class='ocrx_word' id='word_1_288' title='bbox 1434 2364 1494 2419; x_wconf 86' lang='lat' dir='ltr'><strong>o6</strong></span> <span class='ocrx_word' id='word_1_289' title='bbox 1550 2361 1638 2418; x_wconf 72' lang='grc' dir='ltr'>διὰ</span> <span class='ocrx_word' id='word_1_290' title='bbox 1685 2366 1785 2434; x_wconf 78' lang='grc' dir='ltr'><strong>την</strong></span> <span class='ocrx_word' id='word_1_291' title='bbox 1835 2367 1930 2418; x_wconf 77' lang='grc' dir='ltr'><strong>τοῦ</strong></span> 
     </span>
    </p>
   </div>
   <div class='ocr_carea' id='block_1_41' title="bbox 272 2451 1929 2532">
    <p class='ocr_par' dir='ltr' id='par_1_41' title="bbox 272 2451 1929 2532">
     <span class='ocr_line' id='line_1_41' title="bbox 272 2451 1929 2532; baseline -0.002 -22"><span class='ocrx_word' id='word_1_292' title='bbox 272 2457 400 2532; x_wconf 85' lang='grc' dir='ltr'>βίου</span> <span class='ocrx_word' id='word_1_293' title='bbox 453 2454 628 2527; x_wconf 77' lang='grc' dir='ltr'>ἀξίαν,</span> <span class='ocrx_word' id='word_1_294' title='bbox 675 2455 798 2508; x_wconf 83' lang='grc' dir='ltr'>δσον</span> <span class='ocrx_word' id='word_1_295' title='bbox 848 2451 938 2508; x_wconf 73' lang='grc' dir='ltr'>διὰ</span> <span class='ocrx_word' id='word_1_296' title='bbox 984 2455 1082 2523; x_wconf 77' lang='grc' dir='ltr'>τὴν</span> <span class='ocrx_word' id='word_1_297' title='bbox 1153 2452 1212 2508; x_wconf 85' lang='grc' dir='ltr'><strong>ἐκ</strong></span> <span class='ocrx_word' id='word_1_298' title='bbox 1255 2459 1353 2509; x_wconf 78' lang='grc' dir='ltr'>τοῦ</span> <span class='ocrx_word' id='word_1_299' title='bbox 1411 2453 1720 2527; x_wconf 77' lang='grc' dir='ltr'>ἀξιώματος</span> <span class='ocrx_word' id='word_1_300' title='bbox 1758 2473 1929 2529; x_wconf 85' lang='grc' dir='ltr'>προσ-</span> 
     </span>
    </p>
   </div>
   <div class='ocr_carea' id='block_1_42' title="bbox 271 2540 1928 2619">
    <p class='ocr_par' dir='ltr' id='par_1_42' title="bbox 271 2540 1928 2619">
     <span class='ocr_line' id='line_1_42' title="bbox 271 2540 1928 2619; baseline -0.002 -18"><span class='ocrx_word' id='word_1_301' title='bbox 271 2549 442 2601; x_wconf 71' lang='grc' dir='ltr'>οῦσαν</span> <span class='ocrx_word' id='word_1_302' title='bbox 504 2544 654 2616; x_wconf 82' lang='grc' dir='ltr'>αὖτῷ</span> <span class='ocrx_word' id='word_1_303' title='bbox 712 2542 1088 2614; x_wconf 77' lang='grc' dir='ltr'>ἀξιοπιστίαν.</span> <span class='ocrx_word' id='word_1_304' title='bbox 1145 2543 1225 2598; x_wconf 86' lang='lat'><strong>()6</strong></span> <span class='ocrx_word' id='word_1_305' title='bbox 1280 2543 1387 2619; x_wconf 84' lang='grc' dir='ltr'>γὰρ</span> <span class='ocrx_word' id='word_1_306' title='bbox 1447 2540 1513 2612; x_wconf 74' lang='grc' dir='ltr'>δὴ</span> <span class='ocrx_word' id='word_1_307' title='bbox 1576 2546 1688 2618; x_wconf 84' lang='grc'><strong>(83)</strong></span> <span class='ocrx_word' id='word_1_308' title='bbox 1742 2541 1928 2598; x_wconf 80' lang='grc' dir='ltr'>εὐλα-</span> 
     </span>
    </p>
   </div>
   <div class='ocr_carea' id='block_1_43' title="bbox 271 2629 1928 2707">
    <p class='ocr_par' dir='ltr' id='par_1_43' title="bbox 271 2629 1928 2707">
     <span class='ocr_line' id='line_1_43' title="bbox 271 2629 1928 2707; baseline -0.002 -18"><span class='ocrx_word' id='word_1_309' title='bbox 271 2629 401 2706; x_wconf 73' lang='grc' dir='ltr'>ϐείᾳ</span> <span class='ocrx_word' id='word_1_310' title='bbox 457 2634 565 2687; x_wconf 80' lang='grc' dir='ltr'>τινὶ</span> <span class='ocrx_word' id='word_1_311' title='bbox 633 2637 932 2707; x_wconf 78' lang='grc' dir='ltr'>παρῃτεῖτο</span> <span class='ocrx_word' id='word_1_312' title='bbox 1006 2631 1106 2700; x_wconf 71' lang='grc' dir='ltr'><strong>τὴν</strong></span> <span class='ocrx_word' id='word_1_313' title='bbox 1179 2629 1391 2702; x_wconf 70' lang='grc' dir='ltr'>α’ίτησιν</span> <span class='ocrx_word' id='word_1_314' title='bbox 1456 2636 1553 2686; x_wconf 76' lang='grc' dir='ltr'><strong>τοῦ</strong></span> <span class='ocrx_word' id='word_1_315' title='bbox 1612 2634 1843 2702; x_wconf 80' lang='grc' dir='ltr'>σημείου</span> <span class='ocrx_word' id='word_1_316' title='bbox 1901 2633 1928 2686; x_wconf 89' lang='grc' dir='ltr'>ὁ</span> 
     </span>
    </p>
   </div>
   <div class='ocr_carea' id='block_1_44' title="bbox 272 2718 1929 2799">
    <p class='ocr_par' dir='ltr' id='par_1_44' title="bbox 272 2718 1929 2799">
     <span class='ocr_line' id='line_1_44' title="bbox 272 2718 1929 2799; baseline -0.003 -19"><span class='ocrx_word' id='word_1_317' title='bbox 272 2723 480 2799; x_wconf 80' lang='grc' dir='ltr'><strong>Ἀχάζ.</strong></span> <span class='ocrx_word' id='word_1_318' title='bbox 514 2722 578 2779; x_wconf 77' lang='grc' dir='ltr'><strong>Εἰ</strong></span> <span class='ocrx_word' id='word_1_319' title='bbox 620 2722 723 2798; x_wconf 77' lang='grc' dir='ltr'>γὰρ</span> <span class='ocrx_word' id='word_1_320' title='bbox 775 2722 878 2776; x_wconf 84' lang='grc' dir='ltr'><strong>οὐκ</strong></span> <span class='ocrx_word' id='word_1_321' title='bbox 922 2721 990 2788; x_wconf 79' lang='grc' dir='ltr'>ἧν</span> <span class='ocrx_word' id='word_1_322' title='bbox 1036 2719 1183 2794; x_wconf 80' lang='grc' dir='ltr'>αὐτῷ</span> <span class='ocrx_word' id='word_1_323' title='bbox 1233 2721 1527 2798; x_wconf 85' lang='grc' dir='ltr'>συμφέρον,</span> <span class='ocrx_word' id='word_1_324' title='bbox 1571 2718 1688 2776; x_wconf 80' lang='grc' dir='ltr'>οὐδ’</span> <span class='ocrx_word' id='word_1_325' title='bbox 1743 2719 1802 2774; x_wconf 76' lang='grc' dir='ltr'><strong>ἂν</strong></span> <span class='ocrx_word' id='word_1_326' title='bbox 1836 2720 1929 2776; x_wconf 81' lang='grc' dir='ltr'>ἐπ-</span> 
     </span>
    </p>
   </div>
   <div class='ocr_carea' id='block_1_45' title="bbox 272 2809 1928 2887">
    <p class='ocr_par' dir='ltr' id='par_1_45' title="bbox 272 2809 1928 2887">
     <span class='ocr_line' id='line_1_45' title="bbox 272 2809 1928 2887; baseline -0.004 -18"><span class='ocrx_word' id='word_1_327' title='bbox 272 2814 431 2883; x_wconf 79' lang='grc' dir='ltr'>έταξε</span> <span class='ocrx_word' id='word_1_328' title='bbox 476 2813 574 2880; x_wconf 78' lang='grc' dir='ltr'>τὴν</span> <span class='ocrx_word' id='word_1_329' title='bbox 625 2811 807 2887; x_wconf 79' lang='grc' dir='ltr'>ἀρχὴν</span> <span class='ocrx_word' id='word_1_330' title='bbox 843 2811 870 2864; x_wconf 86' lang='grc' dir='ltr'>ὁ</span> <span class='ocrx_word' id='word_1_331' title='bbox 897 2810 1044 2873; x_wconf 83' lang='grc' dir='ltr'>Θεός.</span> <span class='ocrx_word' id='word_1_332' title='bbox 1096 2810 1193 2864; x_wconf 79' lang='grc' dir='ltr'><strong>Διὰ</strong></span> <span class='ocrx_word' id='word_1_333' title='bbox 1236 2815 1398 2865; x_wconf 77' lang='grc' dir='ltr'>τοῦτο</span> <span class='ocrx_word' id='word_1_334' title='bbox 1447 2809 1630 2865; x_wconf 84' lang='grc' dir='ltr'>καὶτᾶ</span> <span class='ocrx_word' id='word_1_335' title='bbox 1673 2809 1928 2886; x_wconf 79' lang='grc' dir='ltr'>ἐπιφερό-</span> 
     </span>
    </p>
   </div>
   <div class='ocr_carea' id='block_1_46' title="bbox 276 2898 1928 2975">
    <p class='ocr_par' dir='ltr' id='par_1_46' title="bbox 276 2898 1928 2975">
     <span class='ocr_line' id='line_1_46' title="bbox 276 2898 1928 2975; baseline -0.001 -21"><span class='ocrx_word' id='word_1_336' title='bbox 276 2922 420 2974; x_wconf 78' lang='grc' dir='ltr'>μενα</span> <span class='ocrx_word' id='word_1_337' title='bbox 473 2900 676 2973; x_wconf 76' lang='grc' dir='ltr'>μέμψιν</span> <span class='ocrx_word' id='word_1_338' title='bbox 717 2899 984 2975; x_wconf 80' lang='grc' dir='ltr'>περιέχει,</span> <span class='ocrx_word' id='word_1_339' title='bbox 1014 2900 1113 2967; x_wconf 78' lang='grc' dir='ltr'>τήν</span> <span class='ocrx_word' id='word_1_340' title='bbox 1158 2899 1232 2962; x_wconf 84' lang='grc' dir='ltr'><strong>εἷς</strong></span> <span class='ocrx_word' id='word_1_341' title='bbox 1263 2900 1354 2954; x_wconf 75' lang='grc' dir='ltr'>τὸν</span> <span class='ocrx_word' id='word_1_342' title='bbox 1397 2898 1594 2974; x_wconf 85' lang='grc' dir='ltr'><strong>Ἀχάζ.</strong></span> <span class='ocrx_word' id='word_1_343' title='bbox 1637 2899 1928 2974; x_wconf 81' lang='grc' dir='ltr'>Ἀποστρέ-</span> 
     </span>
    </p>
   </div>
   <div class='ocr_carea' id='block_1_47' title="bbox 271 2983 1930 3066">
    <p class='ocr_par' dir='ltr' id='par_1_47' title="bbox 271 2983 1930 3066">
     <span class='ocr_line' id='line_1_47' title="bbox 271 2983 1930 3066; baseline 0 -23"><span class='ocrx_word' id='word_1_344' title='bbox 271 2995 386 3066; x_wconf 78' lang='grc' dir='ltr'><strong>ψας</strong></span> <span class='ocrx_word' id='word_1_345' title='bbox 432 2990 532 3065; x_wconf 73' lang='grc' dir='ltr'>γὰρ</span> <span class='ocrx_word' id='word_1_346' title='bbox 589 2989 681 3044; x_wconf 85' lang='grc' dir='ltr'><strong>τὸν</strong></span> <span class='ocrx_word' id='word_1_347' title='bbox 733 2986 895 3064; x_wconf 88' lang='grc' dir='ltr'>λόγον</span> <span class='ocrx_word' id='word_1_348' title='bbox 959 2987 1047 3043; x_wconf 67' lang='grc' dir='ltr'><strong>ἐπὶ</strong></span> <span class='ocrx_word' id='word_1_349' title='bbox 1102 2989 1193 3043; x_wconf 88' lang='grc' dir='ltr'>τὸν</span> <span class='ocrx_word' id='word_1_350' title='bbox 1241 2991 1352 3063; x_wconf 86' lang='grc'>(84)</span> <span class='ocrx_word' id='word_1_351' title='bbox 1396 2983 1584 3059; x_wconf 77' lang='grc' dir='ltr'>Δαϐὶδ,</span> <span class='ocrx_word' id='word_1_352' title='bbox 1636 2986 1930 3046; x_wconf 69' lang='grc' dir='ltr'>Ἀκούσατε</span> 
     </span>
    </p>
   </div>
   <div class='ocr_carea' id='block_1_48' title="bbox 272 3071 1927 3152">
    <p class='ocr_par' dir='ltr' id='par_1_48' title="bbox 272 3071 1927 3152">
     <span class='ocr_line' id='line_1_48' title="bbox 272 3071 1927 3152; baseline -0.001 -18"><span class='ocrx_word' id='word_1_353' title='bbox 272 3079 376 3149; x_wconf 83' lang='grc' dir='ltr'>δὴ,</span> <span class='ocrx_word' id='word_1_354' title='bbox 435 3077 623 3152; x_wconf 67' lang='grc' dir='ltr'>φησὶν,</span> <span class='ocrx_word' id='word_1_355' title='bbox 682 3078 827 3139; x_wconf 69' lang='grc' dir='ltr'>οἶκος</span> <span class='ocrx_word' id='word_1_356' title='bbox 902 3071 1088 3133; x_wconf 72' lang='grc' dir='ltr'>Δαϐίδ.</span> <span class='ocrx_word' id='word_1_357' title='bbox 1141 3078 1228 3145; x_wconf 81' lang='grc' dir='ltr'><strong>Μὴ</strong></span> <span class='ocrx_word' id='word_1_358' title='bbox 1302 3078 1494 3152; x_wconf 85' lang='grc' dir='ltr'>μικρὸν</span> <span class='ocrx_word' id='word_1_359' title='bbox 1565 3077 1690 3150; x_wconf 75' lang='grc' dir='ltr'>ὑμῖν</span> <span class='ocrx_word' id='word_1_360' title='bbox 1770 3099 1927 3152; x_wconf 86' lang='grc' dir='ltr'>παρ-</span> 
     </span>
    </p>
   </div>
   <div class='ocr_carea' id='block_1_49' title="bbox 271 3165 1922 3245">
    <p class='ocr_par' dir='ltr' id='par_1_49' title="bbox 271 3165 1922 3245">
     <span class='ocr_line' id='line_1_49' title="bbox 271 3165 1922 3245; baseline -0.001 -21"><span class='ocrx_word' id='word_1_361' title='bbox 271 3171 429 3245; x_wconf 77' lang='grc' dir='ltr'>έχειν</span> <span class='ocrx_word' id='word_1_362' title='bbox 487 3167 794 3242; x_wconf 79' lang='grc' dir='ltr'>ἀνθρώποις</span> <span class='ocrx_word' id='word_1_363' title='bbox 847 3167 1033 3241; x_wconf 81' lang='grc' dir='ltr'>ἀγῶνα</span> <span class='ocrx_word' id='word_1_364' title='bbox 1068 3191 1084 3234; x_wconf 74' lang='grc' dir='ltr'>ς</span> <span class='ocrx_word' id='word_1_365' title='bbox 1113 3165 1201 3220; x_wconf 84' lang='grc' dir='ltr'><strong>καὶ</strong></span> <span class='ocrx_word' id='word_1_366' title='bbox 1234 3170 1349 3226; x_wconf 83' lang='grc' dir='ltr'><strong>πῶς</strong></span> <span class='ocrx_word' id='word_1_367' title='bbox 1382 3165 1561 3239; x_wconf 83' lang='grc' dir='ltr'>Κυρίῳ</span> <span class='ocrx_word' id='word_1_368' title='bbox 1606 3167 1876 3242; x_wconf 73' lang='grc' dir='ltr'>παρέχετε</span> <span class='ocrx_word' id='word_1_369' title='bbox 1908 3185 1922 3236; x_wconf 86' lang='grc'><strong>;</strong></span> 
     </span>
    </p>
   </div>
   <div class='ocr_carea' id='block_1_50' title="bbox 2046 2007 3690 2090">
    <p class='ocr_par' dir='ltr' id='par_1_50' title="bbox 2046 2007 3690 2090">
     <span class='ocr_line' id='line_1_50' title="bbox 2046 2007 3690 2090; baseline 0.01 -29"><span class='ocrx_word' id='word_1_370' title='bbox 2046 2007 2166 2062; x_wconf 89' lang='lat' dir='ltr'><strong>lum</strong></span> <span class='ocrx_word' id='word_1_371' title='bbox 2204 2025 2317 2062; x_wconf 93' lang='lat' dir='ltr'><strong>non</strong></span> <span class='ocrx_word' id='word_1_372' title='bbox 2350 2010 2672 2081; x_wconf 81' lang='lat' dir='ltr'><strong>excepisset</strong></span> <span class='ocrx_word' id='word_1_373' title='bbox 2704 2012 2774 2066; x_wconf 89' lang='lat' dir='ltr'><strong>de</strong></span> <span class='ocrx_word' id='word_1_374' title='bbox 2812 2011 3214 2071; x_wconf 85' lang='lat' dir='ltr'><strong>Emmanuelis</strong></span> <span class='ocrx_word' id='word_1_375' title='bbox 3263 2018 3536 2090; x_wconf 89' lang='lat' dir='ltr'><strong>adventu,</strong></span> <span class='ocrx_word' id='word_1_376' title='bbox 3587 2022 3690 2077; x_wconf 88' lang='lat' dir='ltr'><strong>sed</strong></span> 
     </span>
    </p>
   </div>
   <div class='ocr_carea' id='block_1_51' title="bbox 2045 2097 3690 2179">
    <p class='ocr_par' dir='ltr' id='par_1_51' title="bbox 2045 2097 3690 2179">
     <span class='ocr_line' id='line_1_51' title="bbox 2045 2097 3690 2179; baseline 0.009 -28"><span class='ocrx_word' id='word_1_377' title='bbox 2045 2097 2425 2153; x_wconf 80' lang='lat' dir='ltr'><strong>conﬁnxisset</strong></span> <span class='ocrx_word' id='word_1_378' title='bbox 2455 2098 2608 2154; x_wconf 88' lang='lat' dir='ltr'><strong>hunc</strong></span> <span class='ocrx_word' id='word_1_379' title='bbox 2640 2117 2994 2170; x_wconf 84' lang='lat' dir='ltr'><strong>sermonem,</strong></span> <span class='ocrx_word' id='word_1_380' title='bbox 3015 2108 3191 2175; x_wconf 88' lang='lat' dir='ltr'><strong>atque</strong></span> <span class='ocrx_word' id='word_1_381' title='bbox 3212 2122 3241 2160; x_wconf 94' lang='lat' dir='ltr'><strong>e</strong></span> <span class='ocrx_word' id='word_1_382' title='bbox 3264 2109 3497 2179; x_wconf 90' lang='lat' dir='ltr'><strong>proprio</strong></span> <span class='ocrx_word' id='word_1_383' title='bbox 3519 2111 3690 2166; x_wconf 91' lang='lat' dir='ltr'><strong>corde</strong></span> 
     </span>
    </p>
   </div>
   <div class='ocr_carea' id='block_1_52' title="bbox 2042 2186 3689 2265">
    <p class='ocr_par' dir='ltr' id='par_1_52' title="bbox 2042 2186 3689 2265">
     <span class='ocr_line' id='line_1_52' title="bbox 2042 2186 3689 2265; baseline 0.008 -25"><span class='ocrx_word' id='word_1_384' title='bbox 2042 2186 2518 2258; x_wconf 79' lang='lat' dir='ltr'><strong>deprompsisset.</strong></span> <span class='ocrx_word' id='word_1_385' title='bbox 2583 2188 2774 2243; x_wconf 88' lang='lat' dir='ltr'><strong>Achaz</strong></span> <span class='ocrx_word' id='word_1_386' title='bbox 2822 2195 3040 2247; x_wconf 88' lang='lat' dir='ltr'><strong>auttem</strong></span> <span class='ocrx_word' id='word_1_387' title='bbox 3094 2195 3311 2265; x_wconf 88' lang='lat' dir='ltr'><strong>recepit</strong></span> <span class='ocrx_word' id='word_1_388' title='bbox 3354 2195 3689 2253; x_wconf 85' lang='lat' dir='ltr'><strong>futurorum</strong></span> 
     </span>
    </p>
   </div>
   <div class='ocr_carea' id='block_1_53' title="bbox 2043 2275 3684 2356">
    <p class='ocr_par' dir='ltr' id='par_1_53' title="bbox 2043 2275 3684 2356">
     <span class='ocr_line' id='line_1_53' title="bbox 2043 2275 3684 2356; baseline 0.01 -29"><span class='ocrx_word' id='word_1_389' title='bbox 2043 2275 2478 2346; x_wconf 68' lang='lat' dir='ltr'><strong>praedictionem</strong></span> <span class='ocrx_word' id='word_1_390' title='bbox 2510 2277 2663 2332; x_wconf 89' lang='lat' dir='ltr'><strong>sicut</strong></span> <span class='ocrx_word' id='word_1_391' title='bbox 2694 2278 2888 2334; x_wconf 88' lang='lat' dir='ltr'><strong>Lahan</strong></span> <span class='ocrx_word' id='word_1_392' title='bbox 2920 2279 2984 2350; x_wconf 82' lang='grc'><strong>⁸⁷,</strong></span> <span class='ocrx_word' id='word_1_393' title='bbox 3019 2281 3354 2338; x_wconf 86' lang='lat' dir='ltr'><strong>Ahimelech</strong></span> <span class='ocrx_word' id='word_1_394' title='bbox 3387 2285 3451 2356; x_wconf 80' lang='grc'><strong>⁸⁸,</strong></span> <span class='ocrx_word' id='word_1_395' title='bbox 3484 2286 3684 2342; x_wconf 84' lang='lat' dir='ltr'><strong>Nabu-</strong></span> 
     </span>
    </p>
   </div>
   <div class='ocr_carea' id='block_1_54' title="bbox 2043 2363 3690 2447">
    <p class='ocr_par' dir='ltr' id='par_1_54' title="bbox 2043 2363 3690 2447">
     <span class='ocr_line' id='line_1_54' title="bbox 2043 2363 3690 2447; baseline 0.009 -30"><span class='ocrx_word' id='word_1_396' title='bbox 2043 2363 2407 2420; x_wconf 76' lang='lat' dir='ltr'><strong>chodonosor</strong></span> <span class='ocrx_word' id='word_1_397' title='bbox 2435 2365 2498 2433; x_wconf 71' lang='grc'><strong>⁸9,</strong></span> <span class='ocrx_word' id='word_1_398' title='bbox 2523 2365 2748 2421; x_wconf 84' lang='lat' dir='ltr'><strong>Pharao</strong></span> <span class='ocrx_word' id='word_1_399' title='bbox 2765 2368 2902 2434; x_wconf 79' lang='lat' dir='ltr'><strong>9°,ac</strong></span> <span class='ocrx_word' id='word_1_400' title='bbox 2920 2369 3154 2424; x_wconf 86' lang='lat' dir='ltr'><strong>tandem</strong></span> <span class='ocrx_word' id='word_1_401' title='bbox 3178 2371 3331 2427; x_wconf 87' lang='lat' dir='ltr'><strong>sicut</strong></span> <span class='ocrx_word' id='word_1_402' title='bbox 3353 2373 3603 2447; x_wconf 79' lang='lat' dir='ltr'><strong>Caiphae</strong></span> <span class='ocrx_word' id='word_1_403' title='bbox 3621 2376 3690 2443; x_wconf 72' lang='lat'><strong>9‘,</strong></span> 
     </span>
    </p>
   </div>
   <div class='ocr_carea' id='block_1_55' title="bbox 2043 2455 3690 2536">
    <p class='ocr_par' dir='ltr' id='par_1_55' title="bbox 2043 2455 3690 2536">
     <span class='ocr_line' id='line_1_55' title="bbox 2043 2455 3690 2536; baseline 0.009 -30"><span class='ocrx_word' id='word_1_404' title='bbox 2043 2469 2159 2507; x_wconf 83' lang='lat' dir='ltr'><strong>non</strong></span> <span class='ocrx_word' id='word_1_405' title='bbox 2192 2459 2427 2524; x_wconf 88' lang='lat' dir='ltr'><strong>propter</strong></span> <span class='ocrx_word' id='word_1_406' title='bbox 2456 2455 2582 2509; x_wconf 71' lang='lat' dir='ltr'><strong>vitis</strong></span> <span class='ocrx_word' id='word_1_407' title='bbox 2615 2456 2914 2524; x_wconf 88' lang='lat' dir='ltr'><strong>meritum,</strong></span> <span class='ocrx_word' id='word_1_408' title='bbox 2949 2458 3051 2512; x_wconf 89' lang='lat' dir='ltr'><strong>sed</strong></span> <span class='ocrx_word' id='word_1_409' title='bbox 3085 2459 3236 2530; x_wconf 89' lang='lat' dir='ltr'><strong>quod</strong></span> <span class='ocrx_word' id='word_1_410' title='bbox 3271 2463 3399 2532; x_wconf 84' lang='lat' dir='ltr'><strong>ejus</strong></span> <span class='ocrx_word' id='word_1_411' title='bbox 3429 2463 3690 2536; x_wconf 85' lang='lat' dir='ltr'><strong>dignitas</strong></span> 
     </span>
    </p>
   </div>
   <div class='ocr_carea' id='block_1_56' title="bbox 2042 2543 3692 2613">
    <p class='ocr_par' dir='ltr' id='par_1_56' title="bbox 2042 2543 3692 2613">
     <span class='ocr_line' id='line_1_56' title="bbox 2042 2543 3692 2613; baseline 0.008 -16"><span class='ocrx_word' id='word_1_412' title='bbox 2042 2559 2175 2597; x_wconf 92' lang='lat' dir='ltr'><strong>eum</strong></span> <span class='ocrx_word' id='word_1_413' title='bbox 2210 2543 2324 2598; x_wconf 83' lang='lat' dir='ltr'><strong>ﬁde</strong></span> <span class='ocrx_word' id='word_1_414' title='bbox 2357 2543 2596 2613; x_wconf 82' lang='lat' dir='ltr'><strong>dignum</strong></span> <span class='ocrx_word' id='word_1_415' title='bbox 2649 2545 2933 2601; x_wconf 84' lang='lat' dir='ltr'><strong>redderet.</strong></span> <span class='ocrx_word' id='word_1_416' title='bbox 2984 2550 3109 2602; x_wconf 89' lang='lat' dir='ltr'><strong>Non</strong></span> <span class='ocrx_word' id='word_1_417' title='bbox 3161 2549 3317 2604; x_wconf 89' lang='lat' dir='ltr'><strong>enim</strong></span> <span class='ocrx_word' id='word_1_418' title='bbox 3371 2552 3692 2610; x_wconf 88' lang='lat' dir='ltr'><strong>reverentia</strong></span> 
     </span>
    </p>
   </div>
   <div class='ocr_carea' id='block_1_57' title="bbox 2041 2631 3690 2712">
    <p class='ocr_par' dir='ltr' id='par_1_57' title="bbox 2041 2631 3690 2712">
     <span class='ocr_line' id='line_1_57' title="bbox 2041 2631 3690 2712; baseline 0.008 -28"><span class='ocrx_word' id='word_1_419' title='bbox 2041 2635 2098 2684; x_wconf 89' lang='lat' dir='ltr'><strong>et</strong></span> <span class='ocrx_word' id='word_1_420' title='bbox 2127 2631 2404 2702; x_wconf 86' lang='lat' dir='ltr'><strong>religione</strong></span> <span class='ocrx_word' id='word_1_421' title='bbox 2451 2631 2570 2688; x_wconf 89' lang='lat' dir='ltr'><strong>ulla</strong></span> <span class='ocrx_word' id='word_1_422' title='bbox 2607 2632 2885 2690; x_wconf 89' lang='lat' dir='ltr'><strong>inductus</strong></span> <span class='ocrx_word' id='word_1_423' title='bbox 2935 2635 3122 2691; x_wconf 79' lang='lat' dir='ltr'><strong>Achaz</strong></span> <span class='ocrx_word' id='word_1_424' title='bbox 3168 2639 3493 2710; x_wconf 79' lang='lat' dir='ltr'><strong>refugiebat</strong></span> <span class='ocrx_word' id='word_1_425' title='bbox 3523 2657 3556 2696; x_wconf 91' lang='lat' dir='ltr'><strong>a</strong></span> <span class='ocrx_word' id='word_1_426' title='bbox 3587 2659 3690 2712; x_wconf 87' lang='lat' dir='ltr'><strong>pe-</strong></span> 
     </span>
    </p>
   </div>
   <div class='ocr_carea' id='block_1_58' title="bbox 2041 2720 3688 2792">
    <p class='ocr_par' dir='ltr' id='par_1_58' title="bbox 2041 2720 3688 2792">
     <span class='ocr_line' id='line_1_58' title="bbox 2041 2720 3688 2792; baseline 0.005 -18"><span class='ocrx_word' id='word_1_427' title='bbox 2041 2721 2217 2774; x_wconf 89' lang='lat' dir='ltr'><strong>tendo</strong></span> <span class='ocrx_word' id='word_1_428' title='bbox 2249 2720 2437 2792; x_wconf 88' lang='lat' dir='ltr'><strong>signo.</strong></span> <span class='ocrx_word' id='word_1_429' title='bbox 2473 2721 2718 2788; x_wconf 79' lang='lat' dir='ltr'><strong>Etenim,</strong></span> <span class='ocrx_word' id='word_1_430' title='bbox 2756 2723 2805 2777; x_wconf 91' lang='lat' dir='ltr'><strong>si</strong></span> <span class='ocrx_word' id='word_1_431' title='bbox 2837 2723 2893 2777; x_wconf 91' lang='lat' dir='ltr'><strong>id</strong></span> <span class='ocrx_word' id='word_1_432' title='bbox 2926 2724 2974 2779; x_wconf 92' lang='lat' dir='ltr'><strong>ei</strong></span> <span class='ocrx_word' id='word_1_433' title='bbox 3010 2741 3121 2779; x_wconf 90' lang='lat' dir='ltr'><strong>non</strong></span> <span class='ocrx_word' id='word_1_434' title='bbox 3155 2725 3366 2781; x_wconf 79' lang='lat' dir='ltr'><strong>fuisset</strong></span> <span class='ocrx_word' id='word_1_435' title='bbox 3409 2728 3688 2783; x_wconf 90' lang='lat' dir='ltr'><strong>conduci-</strong></span> 
     </span>
    </p>
   </div>
   <div class='ocr_carea' id='block_1_59' title="bbox 2042 2807 3689 2886">
    <p class='ocr_par' dir='ltr' id='par_1_59' title="bbox 2042 2807 3689 2886">
     <span class='ocr_line' id='line_1_59' title="bbox 2042 2807 3689 2886; baseline 0.007 -25"><span class='ocrx_word' id='word_1_436' title='bbox 2042 2807 2176 2872; x_wconf 88' lang='lat' dir='ltr'><strong>bile,</strong></span> <span class='ocrx_word' id='word_1_437' title='bbox 2211 2825 2280 2863; x_wconf 91' lang='lat' dir='ltr'><strong>ne</strong></span> <span class='ocrx_word' id='word_1_438' title='bbox 2313 2809 2477 2864; x_wconf 90' lang='lat' dir='ltr'><strong>initio</strong></span> <span class='ocrx_word' id='word_1_439' title='bbox 2509 2810 2746 2880; x_wconf 88' lang='lat' dir='ltr'><strong>quidem</strong></span> <span class='ocrx_word' id='word_1_440' title='bbox 2794 2811 2902 2867; x_wconf 91' lang='lat' dir='ltr'><strong>hoc</strong></span> <span class='ocrx_word' id='word_1_441' title='bbox 2951 2813 3062 2884; x_wconf 88' lang='lat' dir='ltr'><strong>ipsi</strong></span> <span class='ocrx_word' id='word_1_442' title='bbox 3110 2815 3379 2886; x_wconf 75' lang='lat' dir='ltr'><strong>przecepti</strong></span> <span class='ocrx_word' id='word_1_443' title='bbox 3429 2815 3689 2872; x_wconf 86' lang='lat' dir='ltr'><strong>dedisset</strong></span> 
     </span>
    </p>
   </div>
   <div class='ocr_carea' id='block_1_60' title="bbox 2041 2898 3682 2974">
    <p class='ocr_par' dir='ltr' id='par_1_60' title="bbox 2041 2898 3682 2974">
     <span class='ocr_line' id='line_1_60' title="bbox 2041 2898 3682 2974; baseline 0.006 -23"><span class='ocrx_word' id='word_1_444' title='bbox 2041 2902 2211 2952; x_wconf 85' lang='lat' dir='ltr'><strong>Deus.</strong></span> <span class='ocrx_word' id='word_1_445' title='bbox 2241 2898 2604 2969; x_wconf 84' lang='lat' dir='ltr'><strong>Quapropter</strong></span> <span class='ocrx_word' id='word_1_446' title='bbox 2633 2916 2758 2970; x_wconf 77' lang='lat' dir='ltr'><strong>quae</strong></span> <span class='ocrx_word' id='word_1_447' title='bbox 2790 2901 3250 2972; x_wconf 85' lang='lat' dir='ltr'><strong>subjunguntur,</strong></span> <span class='ocrx_word' id='word_1_448' title='bbox 3278 2903 3682 2974; x_wconf 82' lang='lat' dir='ltr'><strong>reprehensio-</strong></span> 
     </span>
    </p>
   </div>
   <div class='ocr_carea' id='block_1_61' title="bbox 2039 2988 3684 3050">
    <p class='ocr_par' dir='ltr' id='par_1_61' title="bbox 2039 2988 3684 3050">
     <span class='ocr_line' id='line_1_61' title="bbox 2039 2988 3684 3050; baseline 0.005 -9"><span class='ocrx_word' id='word_1_449' title='bbox 2039 3003 2172 3042; x_wconf 90' lang='lat' dir='ltr'><strong>nem</strong></span> <span class='ocrx_word' id='word_1_450' title='bbox 2203 2988 2502 3042; x_wconf 87' lang='lat' dir='ltr'><strong>continent</strong></span> <span class='ocrx_word' id='word_1_451' title='bbox 2545 2988 2824 3043; x_wconf 89' lang='lat' dir='ltr'><strong>adversus</strong></span> <span class='ocrx_word' id='word_1_452' title='bbox 2859 2989 3066 3044; x_wconf 86' lang='lat' dir='ltr'><strong>Achaz.</strong></span> <span class='ocrx_word' id='word_1_453' title='bbox 3118 2989 3262 3046; x_wconf 90' lang='lat' dir='ltr'><strong>Nam</strong></span> <span class='ocrx_word' id='word_1_454' title='bbox 3305 3009 3575 3050; x_wconf 87' lang='lat' dir='ltr'><strong>sermone</strong></span> <span class='ocrx_word' id='word_1_455' title='bbox 3626 2995 3684 3049; x_wconf 90' lang='lat' dir='ltr'><strong>in</strong></span> 
     </span>
    </p>
   </div>
   <div class='ocr_carea' id='block_1_62' title="bbox 2037 3075 3682 3151">
    <p class='ocr_par' dir='ltr' id='par_1_62' title="bbox 2037 3075 3682 3151">
     <span class='ocr_line' id='line_1_62' title="bbox 2037 3075 3682 3151; baseline 0.005 -20"><span class='ocrx_word' id='word_1_456' title='bbox 2037 3075 2314 3131; x_wconf 88' lang='lat' dir='ltr'><strong>Davidcm</strong></span> <span class='ocrx_word' id='word_1_457' title='bbox 2347 3077 2590 3143; x_wconf 86' lang='lat' dir='ltr'><strong>deﬂexo,</strong></span> <span class='ocrx_word' id='word_1_458' title='bbox 2623 3077 2705 3130; x_wconf 88' lang='lat' dir='ltr'><strong>ait</strong></span> <span class='ocrx_word' id='word_1_459' title='bbox 2735 3076 2928 3146; x_wconf 76' lang='lat' dir='ltr'><strong>(Vens.</strong></span> <span class='ocrx_word' id='word_1_460' title='bbox 2964 3078 3050 3148; x_wconf 88' lang='grc'><strong>13)</strong></span> <span class='ocrx_word' id='word_1_461' title='bbox 3077 3095 3090 3133; x_wconf 92' lang='lat'><strong>:</strong></span> <span class='ocrx_word' id='word_1_462' title='bbox 3125 3079 3322 3135; x_wconf 78' lang='lat' dir='ltr'><strong>Audite</strong></span> <span class='ocrx_word' id='word_1_463' title='bbox 3349 3098 3517 3151; x_wconf 79' lang='lat' dir='ltr'><strong>nunc,</strong></span> <span class='ocrx_word' id='word_1_464' title='bbox 3580 3083 3682 3140; x_wconf 86' lang='lat' dir='ltr'><strong>do-</strong></span> 
     </span>
    </p>
   </div>
   <div class='ocr_carea' id='block_1_63' title="bbox 2037 3164 3682 3236">
    <p class='ocr_par' dir='ltr' id='par_1_63' title="bbox 2037 3164 3682 3236">
     <span class='ocr_line' id='line_1_63' title="bbox 2037 3164 3682 3236; baseline 0.005 -18"><span class='ocrx_word' id='word_1_465' title='bbox 2037 3183 2159 3221; x_wconf 84' lang='lat' dir='ltr'><strong>mus</strong></span> <span class='ocrx_word' id='word_1_466' title='bbox 2185 3166 2376 3220; x_wconf 86' lang='lat' dir='ltr'><strong>David.</strong></span> <span class='ocrx_word' id='word_1_467' title='bbox 2409 3164 2668 3236; x_wconf 80' lang='lat' dir='ltr'><strong>Nunquid</strong></span> <span class='ocrx_word' id='word_1_468' title='bbox 2693 3182 2894 3236; x_wconf 85' lang='lat' dir='ltr'><strong>parum</strong></span> <span class='ocrx_word' id='word_1_469' title='bbox 2924 3171 3004 3222; x_wconf 79' lang='lat' dir='ltr'><strong>est</strong></span> <span class='ocrx_word' id='word_1_470' title='bbox 3026 3168 3171 3223; x_wconf 85' lang='lat' dir='ltr'><strong>vobis</strong></span> <span class='ocrx_word' id='word_1_471' title='bbox 3209 3171 3466 3227; x_wconf 78' lang='lat' dir='ltr'><strong>exhibere</strong></span> <span class='ocrx_word' id='word_1_472' title='bbox 3503 3171 3682 3228; x_wconf 84' lang='lat' dir='ltr'><strong>homi-</strong></span> 
     </span>
    </p>
   </div>
   <div class='ocr_carea' id='block_1_64' title="bbox 271 3251 1930 3334">
    <p class='ocr_par' dir='ltr' id='par_1_64' title="bbox 271 3251 1929 3334">
     <span class='ocr_line' id='line_1_64' title="bbox 271 3251 1929 3334; baseline -0.002 -21"><span class='ocrx_word' id='word_1_473' title='bbox 271 3260 381 3315; x_wconf 56' lang='lat' dir='ltr'><strong>sta</strong></span> <span class='ocrx_word' id='word_1_474' title='bbox 406 3259 508 3334; x_wconf 72' lang='grc' dir='ltr'>γὰρ</span> <span class='ocrx_word' id='word_1_475' title='bbox 556 3256 764 3311; x_wconf 80' lang='grc' dir='ltr'>τούτων</span> <span class='ocrx_word' id='word_1_476' title='bbox 810 3256 945 3332; x_wconf 87' lang='grc' dir='ltr'>πρὸς</span> <span class='ocrx_word' id='word_1_477' title='bbox 992 3256 1055 3310; x_wconf 89' lang='grc' dir='ltr'>τὸ</span> <span class='ocrx_word' id='word_1_478' title='bbox 1103 3255 1314 3319; x_wconf 74' lang='grc' dir='ltr'>ἀπειθὲς</span> <span class='ocrx_word' id='word_1_479' title='bbox 1365 3251 1508 3308; x_wconf 80' lang='grc' dir='ltr'>ἔοικε</span> <span class='ocrx_word' id='word_1_480' title='bbox 1562 3252 1929 3331; x_wconf 80' lang='grc' dir='ltr'>δυσχεραίνειν</span> 
     </span>
    </p>
   </div>
   <div class='ocr_carea' id='block_1_65' title="bbox 2044 3251 3688 3334">
    <p class='ocr_par' dir='ltr' id='par_1_65' title="bbox 2044 3253 3688 3325">
     <span class='ocr_line' id='line_1_65' title="bbox 2044 3253 3688 3325; baseline 0.003 -16"><span class='ocrx_word' id='word_1_481' title='bbox 2044 3257 2202 3310; x_wconf 84' lang='lat' dir='ltr'><strong>nibus</strong></span> <span class='ocrx_word' id='word_1_482' title='bbox 2231 3255 2539 3310; x_wconf 81' lang='lat' dir='ltr'><strong>molestiam</strong></span> <span class='ocrx_word' id='word_1_483' title='bbox 2561 3253 2588 3308; x_wconf 87' lang='lat'><strong>?</strong></span> <span class='ocrx_word' id='word_1_484' title='bbox 2615 3257 2667 3308; x_wconf 85' lang='lat' dir='ltr'><strong>et</strong></span> <span class='ocrx_word' id='word_1_485' title='bbox 2695 3253 2957 3325; x_wconf 80' lang='lat' dir='ltr'><strong>quomodo</strong></span> <span class='ocrx_word' id='word_1_486' title='bbox 2987 3255 3212 3312; x_wconf 85' lang='lat' dir='ltr'><strong>Domino</strong></span> <span class='ocrx_word' id='word_1_487' title='bbox 3244 3259 3511 3314; x_wconf 75' lang='lat' dir='ltr'><strong>exhibetis</strong></span> <span class='ocrx_word' id='word_1_488' title='bbox 3530 3262 3555 3311; x_wconf 74' lang='lat'><strong>.9</strong></span> <span class='ocrx_word' id='word_1_489' title='bbox 3585 3259 3688 3314; x_wconf 90' lang='lat' dir='ltr'><strong>His</strong></span> 
     </span>
    </p>
   </div>
   <div class='ocr_carea' id='block_1_66' title="bbox 267 3342 1924 3423">
    <p class='ocr_par' dir='ltr' id='par_1_66' title="bbox 267 3342 1924 3423">
     <span class='ocr_line' id='line_1_66' title="bbox 267 3342 1924 3423; baseline -0.003 -19"><span class='ocrx_word' id='word_1_490' title='bbox 267 3352 379 3404; x_wconf 73' lang='grc' dir='ltr'><strong>τοῦ</strong></span> <span class='ocrx_word' id='word_1_491' title='bbox 403 3349 594 3423; x_wconf 78' lang='grc' dir='ltr'><strong>Ἀχάζ.</strong></span> <span class='ocrx_word' id='word_1_492' title='bbox 627 3345 952 3421; x_wconf 85' lang='grc' dir='ltr'>Τρανότερον</span> <span class='ocrx_word' id='word_1_493' title='bbox 1004 3342 1062 3399; x_wconf 80' lang='grc' dir='ltr'><strong>δέ</strong></span> <span class='ocrx_word' id='word_1_494' title='bbox 1115 3365 1232 3407; x_wconf 88' lang='grc' dir='ltr'><strong>πως</strong></span> <span class='ocrx_word' id='word_1_495' title='bbox 1277 3343 1523 3421; x_wconf 78' lang='grc' dir='ltr'>ἐμφαίνει</span> <span class='ocrx_word' id='word_1_496' title='bbox 1554 3345 1652 3413; x_wconf 79' lang='grc' dir='ltr'>τήν</span> <span class='ocrx_word' id='word_1_497' title='bbox 1687 3343 1924 3400; x_wconf 85' lang='grc' dir='ltr'>διάνοιαν</span> 
     </span>
    </p>
   </div>
   <div class='ocr_carea' id='block_1_67' title="bbox 267 3429 1932 3512">
    <p class='ocr_par' dir='ltr' id='par_1_67' title="bbox 267 3429 1932 3512">
     <span class='ocr_line' id='line_1_67' title="bbox 267 3429 1932 3512; baseline 0.003 -27"><span class='ocrx_word' id='word_1_498' title='bbox 267 3436 481 3507; x_wconf 67' lang='grc' dir='ltr'>ταύτην</span> <span class='ocrx_word' id='word_1_499' title='bbox 537 3435 691 3511; x_wconf 68' lang='grc' dir='ltr'>ἑτέρα</span> <span class='ocrx_word' id='word_1_500' title='bbox 745 3429 956 3498; x_wconf 79' lang='grc' dir='ltr'>ἔκδοσις</span> <span class='ocrx_word' id='word_1_501' title='bbox 1181 3433 1424 3488; x_wconf 77' lang='grc' dir='ltr'>εἰποῦσα·</span> <span class='ocrx_word' id='word_1_502' title='bbox 1472 3433 1560 3502; x_wconf 77' lang='grc' dir='ltr'><strong>Μὴ</strong></span> <span class='ocrx_word' id='word_1_503' title='bbox 1613 3431 1798 3510; x_wconf 82' lang='grc' dir='ltr'>ὀλίγον</span> <span class='ocrx_word' id='word_1_504' title='bbox 1841 3435 1932 3512; x_wconf 75' lang='grc' dir='ltr'><strong>ἀφ’</strong></span> 
     </span>
    </p>
   </div>
   <div class='ocr_carea' id='block_1_68' title="bbox 271 3521 1927 3599">
    <p class='ocr_par' dir='ltr' id='par_1_68' title="bbox 271 3521 1927 3599">
     <span class='ocr_line' id='line_1_68' title="bbox 271 3521 1927 3599; baseline -0.001 -20"><span class='ocrx_word' id='word_1_505' title='bbox 271 3529 437 3599; x_wconf 77' lang='grc' dir='ltr'>ὑμῶν</span> <span class='ocrx_word' id='word_1_506' title='bbox 500 3527 741 3599; x_wconf 80' lang='grc' dir='ltr'>μοχθοῦν</span> <span class='ocrx_word' id='word_1_507' title='bbox 822 3521 1055 3598; x_wconf 81' lang='grc' dir='ltr'>ἄνδρας,</span> <span class='ocrx_word' id='word_1_508' title='bbox 1114 3521 1197 3576; x_wconf 78' lang='grc' dir='ltr'><strong>δτι</strong></span> <span class='ocrx_word' id='word_1_509' title='bbox 1255 3527 1514 3597; x_wconf 83' lang='grc' dir='ltr'>μοχθεῖτε</span> <span class='ocrx_word' id='word_1_510' title='bbox 1573 3522 1664 3577; x_wconf 83' lang='grc' dir='ltr'><strong>καὶ</strong></span> <span class='ocrx_word' id='word_1_511' title='bbox 1721 3544 1784 3597; x_wconf 87' lang='grc' dir='ltr'><strong>γε</strong></span> <span class='ocrx_word' id='word_1_512' title='bbox 1834 3524 1927 3578; x_wconf 87' lang='grc' dir='ltr'>τὸν</span> 
     </span>
    </p>
   </div>
   <div class='ocr_carea' id='block_1_69' title="bbox 269 3607 1925 3688">
    <p class='ocr_par' dir='ltr' id='par_1_69' title="bbox 269 3607 1925 3688">
     <span class='ocr_line' id='line_1_69' title="bbox 269 3607 1925 3688; baseline -0.002 -19"><span class='ocrx_word' id='word_1_513' title='bbox 269 3615 411 3670; x_wconf 80' lang='grc' dir='ltr'>Θεόν</span> <span class='ocrx_word' id='word_1_514' title='bbox 447 3631 462 3682; x_wconf 88' lang='grc'><strong>;</strong></span> <span class='ocrx_word' id='word_1_515' title='bbox 497 3617 614 3674; x_wconf 81' lang='grc' dir='ltr'><strong>Πῶς</strong></span> <span class='ocrx_word' id='word_1_516' title='bbox 647 3609 704 3666; x_wconf 76' lang='grc' dir='ltr'><strong>δὲ</strong></span> <span class='ocrx_word' id='word_1_517' title='bbox 753 3616 869 3683; x_wconf 82' lang='grc' dir='ltr'><strong>Θεῷ</strong></span> <span class='ocrx_word' id='word_1_518' title='bbox 915 3611 1100 3686; x_wconf 83' lang='grc' dir='ltr'>ἀγῶνα</span> <span class='ocrx_word' id='word_1_519' title='bbox 1147 3611 1376 3686; x_wconf 82' lang='grc' dir='ltr'>παρέχει</span> <span class='ocrx_word' id='word_1_520' title='bbox 1426 3607 1729 3685; x_wconf 73' lang='grc' dir='ltr'>ἅνθρωπος,</span> <span class='ocrx_word' id='word_1_521' title='bbox 1777 3609 1925 3688; x_wconf 68' lang='grc' dir='ltr'>ε’ίπερ</span> 
     </span>
    </p>
   </div>
   <div class='ocr_carea' id='block_1_70' title="bbox 261 3695 1924 3778">
    <p class='ocr_par' dir='ltr' id='par_1_70' title="bbox 261 3695 1924 3778">
     <span class='ocr_line' id='line_1_70' title="bbox 261 3695 1924 3778; baseline -0.002 -20"><span class='ocrx_word' id='word_1_522' title='bbox 261 3707 303 3773; x_wconf 73' lang='grc' dir='ltr'>ἡ</span> <span class='ocrx_word' id='word_1_523' title='bbox 343 3701 550 3778; x_wconf 81' lang='grc' dir='ltr'>ἀγωνία</span> <span class='ocrx_word' id='word_1_524' title='bbox 591 3695 760 3768; x_wconf 74' lang='grc' dir='ltr'>φόϐος</span> <span class='ocrx_word' id='word_1_525' title='bbox 809 3698 919 3753; x_wconf 85' lang='grc' dir='ltr'>ἐστὶ</span> <span class='ocrx_word' id='word_1_526' title='bbox 966 3697 1317 3760; x_wconf 82' lang='grc' dir='ltr'>διαπτώσεως</span> <span class='ocrx_word' id='word_1_527' title='bbox 1350 3718 1363 3768; x_wconf 88' lang='grc'><strong>;</strong></span> <span class='ocrx_word' id='word_1_528' title='bbox 1398 3696 1574 3754; x_wconf 83' lang='grc' dir='ltr'>Ἀλλὰ</span> <span class='ocrx_word' id='word_1_529' title='bbox 1602 3705 1762 3754; x_wconf 79' lang='grc' dir='ltr'>τοῦτο</span> <span class='ocrx_word' id='word_1_530' title='bbox 1795 3701 1924 3777; x_wconf 81' lang='grc' dir='ltr'>οὖχὶ</span> 
     </span>
    </p>
   </div>
   <div class='ocr_carea' id='block_1_71' title="bbox 264 3785 1924 3865">
    <p class='ocr_par' dir='ltr' id='par_1_71' title="bbox 264 3785 1924 3865">
     <span class='ocr_line' id='line_1_71' title="bbox 264 3785 1924 3865; baseline -0.002 -18"><span class='ocrx_word' id='word_1_531' title='bbox 264 3794 448 3854; x_wconf 80' lang='grc' dir='ltr'>πάθος</span> <span class='ocrx_word' id='word_1_532' title='bbox 477 3788 602 3865; x_wconf 83' lang='grc' dir='ltr'>περὶ</span> <span class='ocrx_word' id='word_1_533' title='bbox 632 3789 722 3844; x_wconf 87' lang='grc' dir='ltr'>τὸν</span> <span class='ocrx_word' id='word_1_534' title='bbox 756 3789 884 3843; x_wconf 86' lang='grc' dir='ltr'>Θεὸν</span> <span class='ocrx_word' id='word_1_535' title='bbox 915 3785 1081 3864; x_wconf 82' lang='grc' dir='ltr'>λέγει,</span> <span class='ocrx_word' id='word_1_536' title='bbox 1113 3787 1258 3843; x_wconf 79' lang='grc' dir='ltr'><strong>ἀλλὰ</strong></span> <span class='ocrx_word' id='word_1_537' title='bbox 1286 3788 1384 3856; x_wconf 84' lang='grc' dir='ltr'>τήν</span> <span class='ocrx_word' id='word_1_538' title='bbox 1434 3785 1785 3842; x_wconf 71' lang='grc' dir='ltr'>ἀντιδιαὶθεσιν</span> <span class='ocrx_word' id='word_1_539' title='bbox 1817 3795 1924 3844; x_wconf 81' lang='grc' dir='ltr'><strong>τῶν</strong></span> 
     </span>
    </p>
   </div>
   <div class='ocr_carea' id='block_1_72' title="bbox 265 3874 1921 3952">
    <p class='ocr_par' dir='ltr' id='par_1_72' title="bbox 265 3874 1921 3952">
     <span class='ocr_line' id='line_1_72' title="bbox 265 3874 1921 3952; baseline -0.002 -16"><span class='ocrx_word' id='word_1_540' title='bbox 265 3879 680 3952; x_wconf 71' lang='grc' dir='ltr'>ἄνθισταμένων</span> <span class='ocrx_word' id='word_1_541' title='bbox 729 3875 893 3931; x_wconf 72' lang='grc' dir='ltr'>αὐτοῦ</span> <span class='ocrx_word' id='word_1_542' title='bbox 939 3883 1058 3939; x_wconf 84' lang='grc' dir='ltr'>τοῖς</span> <span class='ocrx_word' id='word_1_543' title='bbox 1107 3876 1486 3952; x_wconf 82' lang='grc' dir='ltr'>προστάγμασι</span> <span class='ocrx_word' id='word_1_544' title='bbox 1543 3874 1632 3930; x_wconf 73' lang='grc' dir='ltr'><strong>διὰ</strong></span> <span class='ocrx_word' id='word_1_545' title='bbox 1677 3883 1778 3946; x_wconf 82' lang='grc' dir='ltr'>τῆς</span> <span class='ocrx_word' id='word_1_546' title='bbox 1826 3883 1921 3933; x_wconf 68' lang='grc' dir='ltr'>τοῦ</span> 
     </span>
    </p>
   </div>
   <div class='ocr_carea' id='block_1_73' title="bbox 263 3965 1260 4043">
    <p class='ocr_par' dir='ltr' id='par_1_73' title="bbox 263 3965 1260 4043">
     <span class='ocr_line' id='line_1_73' title="bbox 263 3965 1260 4043; baseline -0.002 -18"><span class='ocrx_word' id='word_1_547' title='bbox 263 3971 489 4043; x_wconf 78' lang='grc' dir='ltr'>ἀγῶνος</span> <span class='ocrx_word' id='word_1_548' title='bbox 518 3966 886 4043; x_wconf 83' lang='grc' dir='ltr'>προσηγορίας</span> <span class='ocrx_word' id='word_1_549' title='bbox 915 3965 1260 4042; x_wconf 87' lang='grc' dir='ltr'>παρίστησιν.</span> 
     </span>
    </p>
   </div>
   <div class='ocr_carea' id='block_1_74' title="bbox 339 4233 1915 4310">
    <p class='ocr_par' dir='ltr' id='par_1_74' title="bbox 339 4233 1915 4310">
     <span class='ocr_line' id='line_1_74' title="bbox 339 4233 1915 4310; baseline -0.002 -18"><span class='ocrx_word' id='word_1_550' title='bbox 339 4239 468 4293; x_wconf 83' lang='lat'><strong>200.</strong></span> <span class='ocrx_word' id='word_1_551' title='bbox 502 4235 600 4290; x_wconf 78' lang='grc' dir='ltr'><strong>Διὰ</strong></span> <span class='ocrx_word' id='word_1_552' title='bbox 669 4240 829 4292; x_wconf 81' lang='grc' dir='ltr'>τοῦτο</span> <span class='ocrx_word' id='word_1_553' title='bbox 896 4233 1057 4291; x_wconf 88' lang='grc' dir='ltr'>δώσει</span> <span class='ocrx_word' id='word_1_554' title='bbox 1127 4237 1325 4310; x_wconf 86' lang='grc' dir='ltr'>Κυριος</span> <span class='ocrx_word' id='word_1_555' title='bbox 1399 4236 1559 4298; x_wconf 79' lang='grc' dir='ltr'>αὐτὸς</span> <span class='ocrx_word' id='word_1_556' title='bbox 1619 4242 1746 4310; x_wconf 87' lang='grc' dir='ltr'>υμῖν</span> <span class='ocrx_word' id='word_1_557' title='bbox 1815 4257 1915 4306; x_wconf 88' lang='grc' dir='ltr'>ση-</span> 
     </span>
    </p>
   </div>
   <div class='ocr_carea' id='block_1_75' title="bbox 273 4321 1919 4398">
    <p class='ocr_par' dir='ltr' id='par_1_75' title="bbox 273 4321 1919 4398">
     <span class='ocr_line' id='line_1_75' title="bbox 273 4321 1919 4398; baseline 0.001 -20"><span class='ocrx_word' id='word_1_558' title='bbox 273 4332 455 4398; x_wconf 82' lang='grc' dir='ltr'>μεῖον.</span> <span class='ocrx_word' id='word_1_559' title='bbox 489 4326 592 4380; x_wconf 80' lang='grc' dir='ltr'><strong>Καὶ</strong></span> <span class='ocrx_word' id='word_1_560' title='bbox 626 4326 702 4397; x_wconf 84' lang='grc' dir='ltr'>μὴ</span> <span class='ocrx_word' id='word_1_561' title='bbox 754 4323 1118 4398; x_wconf 71' lang='grc' dir='ltr'>αἰτουμένοις,</span> <span class='ocrx_word' id='word_1_562' title='bbox 1153 4323 1306 4397; x_wconf 81' lang='grc' dir='ltr'>φησὶ,</span> <span class='ocrx_word' id='word_1_563' title='bbox 1354 4321 1535 4382; x_wconf 87' lang='grc' dir='ltr'>δώσει.</span> <span class='ocrx_word' id='word_1_564' title='bbox 1568 4323 1672 4379; x_wconf 78' lang='grc' dir='ltr'>Κᾶν</span> <span class='ocrx_word' id='word_1_565' title='bbox 1722 4326 1798 4397; x_wconf 80' lang='grc' dir='ltr'><strong>μή</strong></span> <span class='ocrx_word' id='word_1_566' title='bbox 1833 4325 1919 4379; x_wconf 84' lang='grc' dir='ltr'>εὐ-</span> 
     </span>
    </p>
   </div>
   <div class='ocr_carea' id='block_1_76' title="bbox 271 4411 1918 4490">
    <p class='ocr_par' dir='ltr' id='par_1_76' title="bbox 271 4411 1918 4490">
     <span class='ocr_line' id='line_1_76' title="bbox 271 4411 1918 4490; baseline -0.001 -23"><span class='ocrx_word' id='word_1_567' title='bbox 271 4414 436 4490; x_wconf 76' lang='grc' dir='ltr'>ρίσκῃ</span> <span class='ocrx_word' id='word_1_568' title='bbox 467 4415 560 4468; x_wconf 84' lang='grc' dir='ltr'>τὸν</span> <span class='ocrx_word' id='word_1_569' title='bbox 607 4421 708 4484; x_wconf 84' lang='grc' dir='ltr'><strong>τῆς</strong></span> <span class='ocrx_word' id='word_1_570' title='bbox 752 4411 1036 4489; x_wconf 81' lang='grc' dir='ltr'>ὓποδοχῆς</span> <span class='ocrx_word' id='word_1_571' title='bbox 1083 4415 1252 4484; x_wconf 80' lang='grc' dir='ltr'>ἀξιον,</span> <span class='ocrx_word' id='word_1_572' title='bbox 1301 4411 1428 4469; x_wconf 81' lang='grc' dir='ltr'>ἀλλ’</span> <span class='ocrx_word' id='word_1_573' title='bbox 1479 4412 1650 4487; x_wconf 78' lang='grc' dir='ltr'>ὅμως,</span> <span class='ocrx_word' id='word_1_574' title='bbox 1699 4411 1787 4468; x_wconf 79' lang='grc' dir='ltr'>διὰ</span> <span class='ocrx_word' id='word_1_575' title='bbox 1818 4417 1918 4484; x_wconf 76' lang='grc' dir='ltr'>τὴν</span> 
     </span>
    </p>
   </div>
   <div class='ocr_carea' id='block_1_77' title="bbox 268 4499 1920 4578">
    <p class='ocr_par' dir='ltr' id='par_1_77' title="bbox 268 4499 1920 4578">
     <span class='ocr_line' id='line_1_77' title="bbox 268 4499 1920 4578; baseline 0.001 -22"><span class='ocrx_word' id='word_1_576' title='bbox 268 4505 695 4575; x_wconf 76' lang='grc' dir='ltr'>προωρισμὲνην</span> <span class='ocrx_word' id='word_1_577' title='bbox 727 4503 1041 4577; x_wconf 78' lang='grc' dir='ltr'>οὶκονομίαν</span> <span class='ocrx_word' id='word_1_578' title='bbox 1088 4509 1189 4572; x_wconf 84' lang='grc' dir='ltr'>τῆς</span> <span class='ocrx_word' id='word_1_579' title='bbox 1241 4499 1329 4556; x_wconf 78' lang='grc' dir='ltr'>διὰ</span> <span class='ocrx_word' id='word_1_580' title='bbox 1377 4503 1574 4573; x_wconf 83' lang='grc' dir='ltr'>σαρκὸς</span> <span class='ocrx_word' id='word_1_581' title='bbox 1617 4505 1920 4578; x_wconf 80' lang='grc' dir='ltr'>γεννήσεως</span> 
     </span>
    </p>
   </div>
   <div class='ocr_carea' id='block_1_78' title="bbox 2042 3342 3690 3417">
    <p class='ocr_par' dir='ltr' id='par_1_78' title="bbox 2042 3342 3690 3417">
     <span class='ocr_line' id='line_1_78' title="bbox 2042 3342 3690 3417; baseline 0.004 -19"><span class='ocrx_word' id='word_1_582' title='bbox 2042 3344 2244 3414; x_wconf 90' lang='lat' dir='ltr'><strong>utique</strong></span> <span class='ocrx_word' id='word_1_583' title='bbox 2289 3343 2478 3399; x_wconf 82' lang='lat' dir='ltr'><strong>verbis</strong></span> <span class='ocrx_word' id='word_1_584' title='bbox 2527 3342 2756 3398; x_wconf 90' lang='lat' dir='ltr'><strong>videtur</strong></span> <span class='ocrx_word' id='word_1_585' title='bbox 2799 3343 3082 3416; x_wconf 76' lang='lat' dir='ltr'><strong>prepheta</strong></span> <span class='ocrx_word' id='word_1_586' title='bbox 3133 3346 3434 3417; x_wconf 80' lang='lat' dir='ltr'><strong>aegerrime</strong></span> <span class='ocrx_word' id='word_1_587' title='bbox 3481 3348 3690 3405; x_wconf 83' lang='lat' dir='ltr'><strong>tulisse</strong></span> 
     </span>
    </p>
   </div>
   <div class='ocr_carea' id='block_1_79' title="bbox 2040 3431 3690 3494">
    <p class='ocr_par' dir='ltr' id='par_1_79' title="bbox 2040 3431 3690 3494">
     <span class='ocr_line' id='line_1_79' title="bbox 2040 3431 3690 3494; baseline 0.004 -7"><span class='ocrx_word' id='word_1_588' title='bbox 2040 3433 2470 3488; x_wconf 79' lang='lat' dir='ltr'><strong>contumaciam</strong></span> <span class='ocrx_word' id='word_1_589' title='bbox 2504 3432 2712 3487; x_wconf 85' lang='lat' dir='ltr'><strong>Achaz.</strong></span> <span class='ocrx_word' id='word_1_590' title='bbox 2747 3431 2906 3488; x_wconf 88' lang='lat' dir='ltr'><strong>Hanc</strong></span> <span class='ocrx_word' id='word_1_591' title='bbox 2947 3438 3141 3489; x_wconf 86' lang='lat' dir='ltr'><strong>autem</strong></span> <span class='ocrx_word' id='word_1_592' title='bbox 3197 3438 3550 3492; x_wconf 89' lang='lat' dir='ltr'><strong>sententiam</strong></span> <span class='ocrx_word' id='word_1_593' title='bbox 3601 3454 3690 3494; x_wconf 86' lang='lat' dir='ltr'><strong>ex-</strong></span> 
     </span>
    </p>
   </div>
   <div class='ocr_carea' id='block_1_80' title="bbox 2041 3519 3688 3596">
    <p class='ocr_par' dir='ltr' id='par_1_80' title="bbox 2041 3519 3688 3596">
     <span class='ocr_line' id='line_1_80' title="bbox 2041 3519 3688 3596; baseline 0.005 -22"><span class='ocrx_word' id='word_1_594' title='bbox 2041 3520 2337 3592; x_wconf 84' lang='lat' dir='ltr'><strong>planatius</strong></span> <span class='ocrx_word' id='word_1_595' title='bbox 2367 3519 2640 3589; x_wconf 84' lang='lat' dir='ltr'><strong>exprimit</strong></span> <span class='ocrx_word' id='word_1_596' title='bbox 2679 3520 2855 3576; x_wconf 84' lang='lat' dir='ltr'><strong>editio</strong></span> <span class='ocrx_word' id='word_1_597' title='bbox 2906 3521 3111 3587; x_wconf 87' lang='lat' dir='ltr'><strong>altera,</strong></span> <span class='ocrx_word' id='word_1_598' title='bbox 3163 3541 3288 3596; x_wconf 70' lang='lat' dir='ltr'><strong>quae</strong></span> <span class='ocrx_word' id='word_1_599' title='bbox 3341 3526 3426 3580; x_wconf 87' lang='lat' dir='ltr'><strong>sic</strong></span> <span class='ocrx_word' id='word_1_600' title='bbox 3477 3525 3688 3583; x_wconf 88' lang='lat' dir='ltr'><strong>habet:</strong></span> 
     </span>
    </p>
   </div>
   <div class='ocr_carea' id='block_1_81' title="bbox 2037 3609 3686 3686">
    <p class='ocr_par' dir='ltr' id='par_1_81' title="bbox 2037 3609 3686 3686">
     <span class='ocr_line' id='line_1_81' title="bbox 2037 3609 3686 3686; baseline 0.004 -22"><span class='ocrx_word' id='word_1_601' title='bbox 2037 3609 2294 3682; x_wconf 76' lang='lat' dir='ltr'><strong>Nunquid</strong></span> <span class='ocrx_word' id='word_1_602' title='bbox 2322 3625 2523 3680; x_wconf 78' lang='lat' dir='ltr'><strong>parum</strong></span> <span class='ocrx_word' id='word_1_603' title='bbox 2552 3627 2584 3663; x_wconf 79' lang='grc' dir='ltr'>τι</span> <span class='ocrx_word' id='word_1_604' title='bbox 2628 3609 2774 3664; x_wconf 82' lang='lat' dir='ltr'><strong>vobis</strong></span> <span class='ocrx_word' id='word_1_605' title='bbox 2823 3611 3074 3666; x_wconf 78' lang='lat' dir='ltr'><strong>molestia</strong></span> <span class='ocrx_word' id='word_1_606' title='bbox 3124 3613 3288 3683; x_wconf 80' lang='lat' dir='ltr'><strong>afﬁci</strong></span> <span class='ocrx_word' id='word_1_607' title='bbox 3336 3616 3503 3685; x_wconf 83' lang='lat' dir='ltr'><strong>viros,</strong></span> <span class='ocrx_word' id='word_1_608' title='bbox 3553 3617 3686 3686; x_wconf 83' lang='lat' dir='ltr'><strong>quia</strong></span> 
     </span>
    </p>
   </div>
   <div class='ocr_carea' id='block_1_82' title="bbox 2035 3699 3688 3769">
    <p class='ocr_par' dir='ltr' id='par_1_82' title="bbox 2035 3699 3688 3769">
     <span class='ocr_line' id='line_1_82' title="bbox 2035 3699 3688 3769; baseline 0.005 -17"><span class='ocrx_word' id='word_1_609' title='bbox 2035 3700 2293 3754; x_wconf 73' lang='lat' dir='ltr'><strong>molestia</strong></span> <span class='ocrx_word' id='word_1_610' title='bbox 2320 3699 2487 3753; x_wconf 78' lang='lat' dir='ltr'><strong>etiam</strong></span> <span class='ocrx_word' id='word_1_611' title='bbox 2520 3699 2742 3769; x_wconf 83' lang='lat' dir='ltr'><strong>afﬁcitis</strong></span> <span class='ocrx_word' id='word_1_612' title='bbox 2775 3703 2945 3753; x_wconf 86' lang='lat' dir='ltr'><strong>Deum</strong></span> <span class='ocrx_word' id='word_1_613' title='bbox 2966 3703 2991 3753; x_wconf 71' lang='lat'><strong>.9</strong></span> <span class='ocrx_word' id='word_1_614' title='bbox 3018 3703 3322 3766; x_wconf 80' lang='lat' dir='ltr'><strong>Quomodo</strong></span> <span class='ocrx_word' id='word_1_615' title='bbox 3356 3709 3548 3759; x_wconf 90' lang='lat' dir='ltr'><strong>autem</strong></span> <span class='ocrx_word' id='word_1_616' title='bbox 3587 3703 3688 3760; x_wconf 83' lang='lat' dir='ltr'><strong>ho-</strong></span> 
     </span>
    </p>
   </div>
   <div class='ocr_carea' id='block_1_83' title="bbox 2034 3786 3682 3861">
    <p class='ocr_par' dir='ltr' id='par_1_83' title="bbox 2034 3786 3682 3861">
     <span class='ocr_line' id='line_1_83' title="bbox 2034 3786 3682 3861; baseline 0.002 -18"><span class='ocrx_word' id='word_1_617' title='bbox 2034 3804 2129 3843; x_wconf 92' lang='lat' dir='ltr'><strong>mo</strong></span> <span class='ocrx_word' id='word_1_618' title='bbox 2163 3787 2399 3842; x_wconf 87' lang='lat' dir='ltr'><strong>facessit</strong></span> <span class='ocrx_word' id='word_1_619' title='bbox 2431 3791 2540 3841; x_wconf 90' lang='lat' dir='ltr'><strong>Deo</strong></span> <span class='ocrx_word' id='word_1_620' title='bbox 2573 3786 2896 3857; x_wconf 85' lang='lat' dir='ltr'><strong>negotium,</strong></span> <span class='ocrx_word' id='word_1_621' title='bbox 2930 3803 3061 3842; x_wconf 92' lang='lat' dir='ltr'><strong>cum</strong></span> <span class='ocrx_word' id='word_1_622' title='bbox 3086 3790 3366 3861; x_wconf 70' lang='lat' dir='ltr'><strong>aegritudo</strong></span> <span class='ocrx_word' id='word_1_623' title='bbox 3391 3795 3582 3846; x_wconf 89' lang='lat' dir='ltr'><strong>metus</strong></span> <span class='ocrx_word' id='word_1_624' title='bbox 3604 3793 3682 3847; x_wconf 88' lang='lat' dir='ltr'><strong>sit</strong></span> 
     </span>
    </p>
   </div>
   <div class='ocr_carea' id='block_1_84' title="bbox 2033 3873 3678 3945">
    <p class='ocr_par' dir='ltr' id='par_1_84' title="bbox 2033 3873 3678 3945">
     <span class='ocr_line' id='line_1_84' title="bbox 2033 3873 3678 3945; baseline 0.003 -14"><span class='ocrx_word' id='word_1_625' title='bbox 2033 3877 2215 3931; x_wconf 66' lang='lat' dir='ltr'><strong>ruinas</strong></span> <span class='ocrx_word' id='word_1_626' title='bbox 2248 3879 2423 3945; x_wconf 86' lang='lat' dir='ltr'><strong>atque</strong></span> <span class='ocrx_word' id='word_1_627' title='bbox 2452 3873 2758 3928; x_wconf 88' lang='lat' dir='ltr'><strong>infortunii</strong></span> <span class='ocrx_word' id='word_1_628' title='bbox 2787 3875 2814 3929; x_wconf 74' lang='lat'><strong>‘2</strong></span> <span class='ocrx_word' id='word_1_629' title='bbox 2843 3875 3061 3931; x_wconf 87' lang='lat' dir='ltr'><strong>Verum</strong></span> <span class='ocrx_word' id='word_1_630' title='bbox 3093 3877 3242 3933; x_wconf 90' lang='lat' dir='ltr'><strong>hanc</strong></span> <span class='ocrx_word' id='word_1_631' title='bbox 3275 3879 3390 3934; x_wconf 92' lang='lat' dir='ltr'><strong>Deo</strong></span> <span class='ocrx_word' id='word_1_632' title='bbox 3423 3879 3678 3936; x_wconf 73' lang='lat' dir='ltr'><strong>affectio-</strong></span> 
     </span>
    </p>
   </div>
   <div class='ocr_carea' id='block_1_85' title="bbox 2033 3962 3673 4038">
    <p class='ocr_par' dir='ltr' id='par_1_85' title="bbox 2033 3962 3673 4038">
     <span class='ocr_line' id='line_1_85' title="bbox 2033 3962 3673 4038; baseline 0.002 -18"><span class='ocrx_word' id='word_1_633' title='bbox 2033 3981 2164 4020; x_wconf 90' lang='lat' dir='ltr'><strong>nem</strong></span> <span class='ocrx_word' id='word_1_634' title='bbox 2199 3978 2571 4035; x_wconf 87' lang='lat' dir='ltr'><strong>nequaquam</strong></span> <span class='ocrx_word' id='word_1_635' title='bbox 2605 3962 2833 4031; x_wconf 87' lang='lat' dir='ltr'><strong>tribuit,</strong></span> <span class='ocrx_word' id='word_1_636' title='bbox 2866 3964 2969 4019; x_wconf 88' lang='lat' dir='ltr'><strong>sed</strong></span> <span class='ocrx_word' id='word_1_637' title='bbox 3001 3981 3104 4035; x_wconf 88' lang='lat' dir='ltr'><strong>per</strong></span> <span class='ocrx_word' id='word_1_638' title='bbox 3133 3964 3276 4021; x_wconf 90' lang='lat' dir='ltr'><strong>illud</strong></span> <span class='ocrx_word' id='word_1_639' title='bbox 3309 3967 3673 4038; x_wconf 66' lang='lat' dir='ltr'><strong>egritudinis</strong></span> 
     </span>
    </p>
   </div>
   <div class='ocr_carea' id='block_1_86' title="bbox 2026 4049 3669 4128">
    <p class='ocr_par' dir='ltr' id='par_1_86' title="bbox 2026 4049 3669 4128">
     <span class='ocr_line' id='line_1_86' title="bbox 2026 4049 3669 4128; baseline 0.001 -19"><span class='ocrx_word' id='word_1_640' title='bbox 2026 4051 2378 4109; x_wconf 88' lang='lat' dir='ltr'><strong>vocabulum</strong></span> <span class='ocrx_word' id='word_1_641' title='bbox 2411 4049 2668 4106; x_wconf 90' lang='lat' dir='ltr'><strong>ostendit</strong></span> <span class='ocrx_word' id='word_1_642' title='bbox 2696 4050 2959 4107; x_wconf 92' lang='lat' dir='ltr'><strong>animum</strong></span> <span class='ocrx_word' id='word_1_643' title='bbox 2988 4068 3213 4120; x_wconf 88' lang='lat' dir='ltr'><strong>eorum,</strong></span> <span class='ocrx_word' id='word_1_644' title='bbox 3247 4053 3347 4125; x_wconf 89' lang='lat' dir='ltr'><strong>qui</strong></span> <span class='ocrx_word' id='word_1_645' title='bbox 3373 4055 3500 4126; x_wconf 87' lang='lat' dir='ltr'><strong>ejus</strong></span> <span class='ocrx_word' id='word_1_646' title='bbox 3524 4073 3669 4128; x_wconf 67' lang='lat' dir='ltr'><strong>prae-</strong></span> 
     </span>
    </p>
   </div>
   <div class='ocr_carea' id='block_1_87' title="bbox 2026 4140 3568 4216">
    <p class='ocr_par' dir='ltr' id='par_1_87' title="bbox 2026 4140 3568 4216">
     <span class='ocr_line' id='line_1_87' title="bbox 2026 4140 3568 4216; baseline 0.001 -17"><span class='ocrx_word' id='word_1_647' title='bbox 2026 4141 2210 4216; x_wconf 82' lang='lat' dir='ltr'><strong>ceptis</strong></span> <span class='ocrx_word' id='word_1_648' title='bbox 2252 4141 2638 4211; x_wconf 87' lang='lat' dir='ltr'><strong>refragantur,</strong></span> <span class='ocrx_word' id='word_1_649' title='bbox 2672 4140 2979 4196; x_wconf 88' lang='lat' dir='ltr'><strong>adversum</strong></span> <span class='ocrx_word' id='word_1_650' title='bbox 3009 4158 3136 4197; x_wconf 88' lang='lat' dir='ltr'><strong>esse</strong></span> <span class='ocrx_word' id='word_1_651' title='bbox 3166 4146 3222 4198; x_wconf 91' lang='lat' dir='ltr'><strong>et</strong></span> <span class='ocrx_word' id='word_1_652' title='bbox 3249 4142 3568 4200; x_wconf 85' lang='lat' dir='ltr'><strong>infensum.</strong></span> 
     </span>
    </p>
   </div>
   <div class='ocr_carea' id='block_1_88' title="bbox 2098 4229 3680 4306">
    <p class='ocr_par' dir='ltr' id='par_1_88' title="bbox 2098 4229 3680 4306">
     <span class='ocr_line' id='line_1_88' title="bbox 2098 4229 3680 4306; baseline 0.001 -19"><span class='ocrx_word' id='word_1_653' title='bbox 2098 4233 2222 4288; x_wconf 85' lang='lat'><strong>200.</strong></span> <span class='ocrx_word' id='word_1_654' title='bbox 2268 4231 2441 4286; x_wconf 81' lang='lat' dir='ltr'><strong>Vsas.</strong></span> <span class='ocrx_word' id='word_1_655' title='bbox 2499 4229 2586 4284; x_wconf 74' lang='grc'><strong>44.</strong></span> <span class='ocrx_word' id='word_1_656' title='bbox 2639 4229 2868 4300; x_wconf 82' lang='lat' dir='ltr'><strong>Propter</strong></span> <span class='ocrx_word' id='word_1_657' title='bbox 2908 4229 3006 4286; x_wconf 85' lang='lat' dir='ltr'><strong>hoc</strong></span> <span class='ocrx_word' id='word_1_658' title='bbox 3051 4230 3206 4286; x_wconf 83' lang='lat' dir='ltr'><strong>dabit</strong></span> <span class='ocrx_word' id='word_1_659' title='bbox 3250 4232 3514 4288; x_wconf 78' lang='lat' dir='ltr'><strong>Dominus</strong></span> <span class='ocrx_word' id='word_1_660' title='bbox 3564 4234 3680 4306; x_wconf 78' lang='lat' dir='ltr'><strong>ipse</strong></span> 
     </span>
    </p>
   </div>
   <div class='ocr_carea' id='block_1_89' title="bbox 2029 4317 3681 4393">
    <p class='ocr_par' dir='ltr' id='par_1_89' title="bbox 2029 4317 3681 4393">
     <span class='ocr_line' id='line_1_89' title="bbox 2029 4317 3681 4393; baseline 0 -14"><span class='ocrx_word' id='word_1_661' title='bbox 2029 4324 2178 4380; x_wconf 84' lang='lat' dir='ltr'><strong>vobis</strong></span> <span class='ocrx_word' id='word_1_662' title='bbox 2206 4323 2445 4392; x_wconf 85' lang='lat' dir='ltr'><strong>signum.</strong></span> <span class='ocrx_word' id='word_1_663' title='bbox 2513 4317 2702 4384; x_wconf 86' lang='lat' dir='ltr'><strong>Dabit,</strong></span> <span class='ocrx_word' id='word_1_664' title='bbox 2757 4317 2968 4390; x_wconf 89' lang='lat' dir='ltr'><strong>inquit,</strong></span> <span class='ocrx_word' id='word_1_665' title='bbox 3017 4319 3106 4374; x_wconf 90' lang='lat' dir='ltr'><strong>vel</strong></span> <span class='ocrx_word' id='word_1_666' title='bbox 3157 4337 3271 4376; x_wconf 91' lang='lat' dir='ltr'><strong>non</strong></span> <span class='ocrx_word' id='word_1_667' title='bbox 3322 4321 3681 4393; x_wconf 86' lang='lat' dir='ltr'><strong>petentibus.</strong></span> 
     </span>
    </p>
   </div>
   <div class='ocr_carea' id='block_1_90' title="bbox 2033 4408 3683 4483">
    <p class='ocr_par' dir='ltr' id='par_1_90' title="bbox 2033 4408 3683 4483">
     <span class='ocr_line' id='line_1_90' title="bbox 2033 4408 3683 4483; baseline -0.001 -15"><span class='ocrx_word' id='word_1_668' title='bbox 2033 4413 2275 4468; x_wconf 84' lang='lat' dir='ltr'><strong>Etiamsi</strong></span> <span class='ocrx_word' id='word_1_669' title='bbox 2308 4428 2422 4466; x_wconf 92' lang='lat' dir='ltr'><strong>non</strong></span> <span class='ocrx_word' id='word_1_670' title='bbox 2457 4408 2708 4481; x_wconf 88' lang='lat' dir='ltr'><strong>reperiat</strong></span> <span class='ocrx_word' id='word_1_671' title='bbox 2738 4425 3094 4482; x_wconf 89' lang='lat' dir='ltr'><strong>quemquam</strong></span> <span class='ocrx_word' id='word_1_672' title='bbox 3128 4411 3371 4483; x_wconf 88' lang='lat' dir='ltr'><strong>dignum</strong></span> <span class='ocrx_word' id='word_1_673' title='bbox 3401 4412 3500 4483; x_wconf 84' lang='lat' dir='ltr'><strong>qui</strong></span> <span class='ocrx_word' id='word_1_674' title='bbox 3535 4412 3683 4468; x_wconf 87' lang='lat' dir='ltr'><strong>reci-</strong></span> 
     </span>
    </p>
   </div>
   <div class='ocr_carea' id='block_1_91' title="bbox 2034 4501 3684 4575">
    <p class='ocr_par' dir='ltr' id='par_1_91' title="bbox 2034 4501 3684 4575">
     <span class='ocr_line' id='line_1_91' title="bbox 2034 4501 3684 4575; baseline 0.001 -18"><span class='ocrx_word' id='word_1_675' title='bbox 2034 4502 2176 4574; x_wconf 84' lang='lat' dir='ltr'><strong>piat,</strong></span> <span class='ocrx_word' id='word_1_676' title='bbox 2209 4501 2596 4556; x_wconf 85' lang='lat' dir='ltr'><strong>nihilominus</strong></span> <span class='ocrx_word' id='word_1_677' title='bbox 2630 4504 2849 4565; x_wconf 86' lang='lat' dir='ltr'><strong>tamen,</strong></span> <span class='ocrx_word' id='word_1_678' title='bbox 2878 4501 2949 4555; x_wconf 93' lang='lat' dir='ltr'><strong>oh</strong></span> <span class='ocrx_word' id='word_1_679' title='bbox 2982 4501 3331 4573; x_wconf 73' lang='lat' dir='ltr'><strong>praefinitam</strong></span> <span class='ocrx_word' id='word_1_680' title='bbox 3373 4502 3684 4575; x_wconf 87' lang='lat' dir='ltr'><strong>dispensa-</strong></span> 
     </span>
    </p>
   </div>
   <div class='ocr_carea' id='block_1_92' title="bbox 270 4587 1930 4674">
    <p class='ocr_par' dir='ltr' id='par_1_92' title="bbox 270 4589 1923 4670">
     <span class='ocr_line' id='line_1_92' title="bbox 270 4589 1923 4670; baseline 0.001 -25"><span class='ocrx_word' id='word_1_681' title='bbox 270 4596 368 4646; x_wconf 68' lang='lat'><strong>10&#39;3</strong></span> <span class='ocrx_word' id='word_1_682' title='bbox 402 4591 625 4664; x_wconf 81' lang='grc' dir='ltr'>Κυρίου,</span> <span class='ocrx_word' id='word_1_683' title='bbox 654 4592 839 4659; x_wconf 80' lang='grc' dir='ltr'>αὐτὸς,</span> <span class='ocrx_word' id='word_1_684' title='bbox 862 4593 1016 4670; x_wconf 76' lang='grc' dir='ltr'>φησί,</span> <span class='ocrx_word' id='word_1_685' title='bbox 1042 4589 1201 4647; x_wconf 83' lang='grc' dir='ltr'>δώσει</span> <span class='ocrx_word' id='word_1_686' title='bbox 1233 4590 1428 4666; x_wconf 77' lang='grc' dir='ltr'>Κύριος</span> <span class='ocrx_word' id='word_1_687' title='bbox 1459 4592 1486 4646; x_wconf 84' lang='grc' dir='ltr'>ὁ</span> <span class='ocrx_word' id='word_1_688' title='bbox 1515 4592 1644 4655; x_wconf 85' lang='grc' dir='ltr'>Θεὸς</span> <span class='ocrx_word' id='word_1_689' title='bbox 1673 4600 1923 4666; x_wconf 86' lang='grc' dir='ltr'>σημεῖον.</span> 
     </span>
    </p>
   </div>
   <div class='ocr_carea' id='block_1_93' title="bbox 2044 4587 3685 4674">
    <p class='ocr_par' dir='ltr' id='par_1_93' title="bbox 2044 4587 3685 4660">
     <span class='ocr_line' id='line_1_93' title="bbox 2044 4587 3685 4660; baseline 0.002 -18"><span class='ocrx_word' id='word_1_690' title='bbox 2044 4589 2251 4644; x_wconf 83' lang='lat' dir='ltr'><strong>tionem</strong></span> <span class='ocrx_word' id='word_1_691' title='bbox 2284 4588 2537 4644; x_wconf 85' lang='lat' dir='ltr'><strong>carnalis</strong></span> <span class='ocrx_word' id='word_1_692' title='bbox 2568 4593 2732 4642; x_wconf 87' lang='lat' dir='ltr'><strong>ortus</strong></span> <span class='ocrx_word' id='word_1_693' title='bbox 2763 4587 3015 4657; x_wconf 88' lang='lat' dir='ltr'><strong>Domini,</strong></span> <span class='ocrx_word' id='word_1_694' title='bbox 3050 4590 3195 4660; x_wconf 89' lang='lat' dir='ltr'><strong>ipse,</strong></span> <span class='ocrx_word' id='word_1_695' title='bbox 3229 4589 3444 4660; x_wconf 87' lang='lat' dir='ltr'><strong>inquit,</strong></span> <span class='ocrx_word' id='word_1_696' title='bbox 3487 4590 3685 4646; x_wconf 90' lang='lat' dir='ltr'><strong>Domi-</strong></span> 
     </span>
    </p>
   </div>
   <div class='ocr_carea' id='block_1_94' title="bbox 274 4678 1930 4756">
    <p class='ocr_par' dir='ltr' id='par_1_94' title="bbox 274 4678 1930 4756">
     <span class='ocr_line' id='line_1_94' title="bbox 274 4678 1930 4756; baseline -0.001 -18"><span class='ocrx_word' id='word_1_697' title='bbox 274 4679 428 4738; x_wconf 80' lang='grc' dir='ltr'>Ἒδει</span> <span class='ocrx_word' id='word_1_698' title='bbox 463 4681 560 4753; x_wconf 77' lang='grc' dir='ltr'>μὶν</span> <span class='ocrx_word' id='word_1_699' title='bbox 592 4681 693 4756; x_wconf 73' lang='grc' dir='ltr'>γὰρ</span> <span class='ocrx_word' id='word_1_700' title='bbox 726 4688 959 4735; x_wconf 89' lang='grc' dir='ltr'>συνεῖναι</span> <span class='ocrx_word' id='word_1_701' title='bbox 1007 4681 1100 4735; x_wconf 88' lang='grc' dir='ltr'>τὸν</span> <span class='ocrx_word' id='word_1_702' title='bbox 1153 4680 1345 4755; x_wconf 76' lang='grc' dir='ltr'><strong>Ἀχᾶζ,</strong></span> <span class='ocrx_word' id='word_1_703' title='bbox 1397 4679 1479 4734; x_wconf 83' lang='grc' dir='ltr'>ὅτι</span> <span class='ocrx_word' id='word_1_704' title='bbox 1531 4678 1708 4749; x_wconf 80' lang='grc' dir='ltr'>ἄλλην</span> <span class='ocrx_word' id='word_1_705' title='bbox 1753 4681 1820 4735; x_wconf 76' lang='grc' dir='ltr'>τὰ</span> <span class='ocrx_word' id='word_1_706' title='bbox 1849 4683 1930 4737; x_wconf 90' lang='grc' dir='ltr'><strong>ἀν-</strong></span> 
     </span>
    </p>
   </div>
   <div class='ocr_carea' id='block_1_95' title="bbox 277 4765 1929 4844">
    <p class='ocr_par' dir='ltr' id='par_1_95' title="bbox 277 4765 1929 4844">
     <span class='ocr_line' id='line_1_95' title="bbox 277 4765 1929 4844; baseline 0.001 -22"><span class='ocrx_word' id='word_1_707' title='bbox 277 4770 523 4844; x_wconf 81' lang='grc' dir='ltr'>θρώπινα</span> <span class='ocrx_word' id='word_1_708' title='bbox 563 4767 852 4840; x_wconf 80' lang='grc' dir='ltr'>διόρθωσιν</span> <span class='ocrx_word' id='word_1_709' title='bbox 905 4768 1004 4822; x_wconf 79' lang='grc' dir='ltr'><strong>οὐκ</strong></span> <span class='ocrx_word' id='word_1_710' title='bbox 1051 4767 1384 4842; x_wconf 73' lang='grc' dir='ltr'>ἐπιδέχεται,</span> <span class='ocrx_word' id='word_1_711' title='bbox 1437 4767 1480 4822; x_wconf 82' lang='grc' dir='ltr'>εἰ</span> <span class='ocrx_word' id='word_1_712' title='bbox 1517 4770 1593 4840; x_wconf 82' lang='grc' dir='ltr'>μὴ</span> <span class='ocrx_word' id='word_1_713' title='bbox 1637 4765 1728 4823; x_wconf 79' lang='grc' dir='ltr'>διὰ</span> <span class='ocrx_word' id='word_1_714' title='bbox 1760 4771 1929 4842; x_wconf 84' lang='grc' dir='ltr'>μόνης</span> 
     </span>
    </p>
   </div>
   <div class='ocr_carea' id='block_1_96' title="bbox 276 4853 1925 4932">
    <p class='ocr_par' dir='ltr' id='par_1_96' title="bbox 276 4853 1925 4932">
     <span class='ocr_line' id='line_1_96' title="bbox 276 4853 1925 4932; baseline 0.002 -22"><span class='ocrx_word' id='word_1_715' title='bbox 276 4864 372 4926; x_wconf 75' lang='grc' dir='ltr'>τῆς</span> <span class='ocrx_word' id='word_1_716' title='bbox 409 4862 506 4911; x_wconf 71' lang='grc' dir='ltr'><strong>τοῦ</strong></span> <span class='ocrx_word' id='word_1_717' title='bbox 556 4862 690 4913; x_wconf 73' lang='grc' dir='ltr'>Θεοῦ</span> <span class='ocrx_word' id='word_1_718' title='bbox 736 4858 917 4932; x_wconf 81' lang='grc' dir='ltr'>Λόγου</span> <span class='ocrx_word' id='word_1_719' title='bbox 968 4857 1046 4921; x_wconf 71' lang='grc' dir='ltr'><strong>εἷς</strong></span> <span class='ocrx_word' id='word_1_720' title='bbox 1091 4859 1408 4932; x_wconf 81' lang='grc' dir='ltr'>ἀνθρώπους</span> <span class='ocrx_word' id='word_1_721' title='bbox 1459 4853 1778 4930; x_wconf 84' lang='grc' dir='ltr'>ἐπιδημίας,</span> <span class='ocrx_word' id='word_1_722' title='bbox 1838 4862 1925 4913; x_wconf 78' lang='grc' dir='ltr'><strong>καὶ</strong></span> 
     </span>
    </p>
   </div>
   <div class='ocr_carea' id='block_1_97' title="bbox 277 4944 1932 5020">
    <p class='ocr_par' dir='ltr' id='par_1_97' title="bbox 277 4944 1932 5020">
     <span class='ocr_line' id='line_1_97' title="bbox 277 4944 1932 5020; baseline 0.002 -21"><span class='ocrx_word' id='word_1_723' title='bbox 277 4945 496 5014; x_wconf 70' lang='grc' dir='ltr'>αἶτῆσαι</span> <span class='ocrx_word' id='word_1_724' title='bbox 527 4946 592 5000; x_wconf 84' lang='grc' dir='ltr'>τὸ</span> <span class='ocrx_word' id='word_1_725' title='bbox 623 4945 698 5007; x_wconf 75' lang='grc' dir='ltr'><strong>εἰς</strong></span> <span class='ocrx_word' id='word_1_726' title='bbox 745 4946 906 5020; x_wconf 78' lang='grc' dir='ltr'>βάθος</span> <span class='ocrx_word' id='word_1_727' title='bbox 956 4945 991 5014; x_wconf 74' lang='grc' dir='ltr'>ἢ</span> <span class='ocrx_word' id='word_1_728' title='bbox 1043 4946 1118 5008; x_wconf 83' lang='grc' dir='ltr'><strong>είς</strong></span> <span class='ocrx_word' id='word_1_729' title='bbox 1169 4945 1302 5019; x_wconf 79' lang='grc' dir='ltr'>ὕψος</span> <span class='ocrx_word' id='word_1_730' title='bbox 1333 4951 1584 5020; x_wconf 85' lang='grc' dir='ltr'>σημεῖον.</span> <span class='ocrx_word' id='word_1_731' title='bbox 1620 4944 1841 5016; x_wconf 77' lang='grc' dir='ltr'>Ἐπειδὴ</span> <span class='ocrx_word' id='word_1_732' title='bbox 1875 4945 1932 5002; x_wconf 76' lang='grc' dir='ltr'>δὶ</span> 
     </span>
    </p>
   </div>
   <div class='ocr_carea' id='block_1_98' title="bbox 282 5027 1927 5109">
    <p class='ocr_par' dir='ltr' id='par_1_98' title="bbox 282 5027 1927 5109">
     <span class='ocr_line' id='line_1_98' title="bbox 282 5027 1927 5109; baseline 0.001 -21"><span class='ocrx_word' id='word_1_733' title='bbox 282 5035 494 5104; x_wconf 66' lang='grc' dir='ltr'>ἀνάξιον</span> <span class='ocrx_word' id='word_1_734' title='bbox 555 5027 758 5108; x_wconf 80' lang='grc' dir='ltr'>ἔκρινεν</span> <span class='ocrx_word' id='word_1_735' title='bbox 817 5034 1026 5102; x_wconf 71' lang='grc' dir='ltr'>ἑαυτὸν,</span> <span class='ocrx_word' id='word_1_736' title='bbox 1081 5032 1418 5096; x_wconf 75' lang='grc' dir='ltr'>ἀπαιδεύτως</span> <span class='ocrx_word' id='word_1_737' title='bbox 1478 5032 1620 5109; x_wconf 73' lang='grc' dir='ltr'>ἔχων</span> <span class='ocrx_word' id='word_1_738' title='bbox 1679 5041 1778 5102; x_wconf 81' lang='grc' dir='ltr'>τῆς</span> <span class='ocrx_word' id='word_1_739' title='bbox 1821 5040 1927 5089; x_wconf 80' lang='grc' dir='ltr'><strong>τῶν</strong></span> 
     </span>
    </p>
   </div>
   <div class='ocr_carea' id='block_1_99' title="bbox 283 5120 1929 5201">
    <p class='ocr_par' dir='ltr' id='par_1_99' title="bbox 283 5120 1929 5201">
     <span class='ocr_line' id='line_1_99' title="bbox 283 5120 1929 5201; baseline 0 -23"><span class='ocrx_word' id='word_1_740' title='bbox 283 5125 536 5201; x_wconf 76' lang='grc' dir='ltr'>μεγάλων</span> <span class='ocrx_word' id='word_1_741' title='bbox 568 5123 658 5177; x_wconf 83' lang='grc' dir='ltr'><strong>καὶ</strong></span> <span class='ocrx_word' id='word_1_742' title='bbox 690 5122 956 5198; x_wconf 81' lang='grc' dir='ltr'>οὐρανίων</span> <span class='ocrx_word' id='word_1_743' title='bbox 1008 5123 1249 5196; x_wconf 86' lang='grc' dir='ltr'>σημείων</span> <span class='ocrx_word' id='word_1_744' title='bbox 1300 5122 1592 5195; x_wconf 78' lang='grc' dir='ltr'>αἰτήσεως,</span> <span class='ocrx_word' id='word_1_745' title='bbox 1628 5120 1716 5177; x_wconf 76' lang='grc' dir='ltr'>διὰ</span> <span class='ocrx_word' id='word_1_746' title='bbox 1766 5123 1929 5178; x_wconf 75' lang='grc' dir='ltr'>τοῦτό</span> 
     </span>
    </p>
   </div>
   <div class='ocr_carea' id='block_1_100' title="bbox 350 5239 1724 5312">
    <p class='ocr_par' dir='ltr' id='par_1_100' title="bbox 350 5239 1724 5312">
     <span class='ocr_line' id='line_1_100' title="bbox 350 5239 1724 5312; baseline -0.001 -16"><span class='ocrx_word' id='word_1_747' title='bbox 350 5241 398 5275; x_wconf 74' lang='grc'><strong>⁸⁸</strong></span> <span class='ocrx_word' id='word_1_748' title='bbox 428 5240 753 5312; x_wconf 38' lang='grc' dir='ltr'>Ερὴθεκιν,</span> <span class='ocrx_word' id='word_1_749' title='bbox 786 5239 879 5295; x_wconf 76' lang='grc'><strong>40.</strong></span> <span class='ocrx_word' id='word_1_750' title='bbox 957 5241 999 5275; x_wconf 80' lang='grc'><strong>⁸⁷</strong></span> <span class='ocrx_word' id='word_1_751' title='bbox 1031 5241 1174 5297; x_wconf 89' lang='lat' dir='ltr'><strong>ibid.</strong></span> <span class='ocrx_word' id='word_1_752' title='bbox 1252 5241 1298 5277; x_wconf 72' lang='grc'><strong>⁸⁵</strong></span> <span class='ocrx_word' id='word_1_753' title='bbox 1326 5241 1494 5296; x_wconf 88' lang='lat' dir='ltr'><strong>Deut.</strong></span> <span class='ocrx_word' id='word_1_754' title='bbox 1527 5257 1603 5305; x_wconf 77' lang='lat' dir='ltr'><strong>vx,</strong></span> <span class='ocrx_word' id='word_1_755' title='bbox 1638 5241 1724 5294; x_wconf 84' lang='grc'><strong>16.</strong></span> 
     </span>
    </p>
   </div>
   <div class='ocr_carea' id='block_1_101' title="bbox 280 5311 1038 5382">
    <p class='ocr_par' dir='ltr' id='par_1_101' title="bbox 280 5311 1038 5382">
     <span class='ocr_line' id='line_1_101' title="bbox 280 5311 1038 5382; baseline 0.004 -15"><span class='ocrx_word' id='word_1_756' title='bbox 280 5329 392 5378; x_wconf 78' lang='lat' dir='ltr'><strong>xu,</strong></span> <span class='ocrx_word' id='word_1_757' title='bbox 427 5311 490 5367; x_wconf 28' lang='lat' dir='ltr'><strong>t.’</strong></span> <span class='ocrx_word' id='word_1_758' title='bbox 554 5312 598 5348; x_wconf 71' lang='grc'>³³</span> <span class='ocrx_word' id='word_1_759' title='bbox 634 5311 802 5367; x_wconf 85' lang='lat' dir='ltr'><strong>Joan.</strong></span> <span class='ocrx_word' id='word_1_760' title='bbox 837 5329 918 5382; x_wconf 79' lang='grc' dir='ltr'>χι,</span> <span class='ocrx_word' id='word_1_761' title='bbox 949 5313 1038 5370; x_wconf 89' lang='grc'><strong>51.</strong></span> 
     </span>
    </p>
   </div>
   <div class='ocr_carea' id='block_1_102' title="bbox 355 5420 1941 5499">
    <p class='ocr_par' dir='ltr' id='par_1_102' title="bbox 355 5420 1941 5499">
     <span class='ocr_line' id='line_1_102' title="bbox 355 5420 1941 5499; baseline 0.002 -21"><span class='ocrx_word' id='word_1_762' title='bbox 355 5425 466 5494; x_wconf 82' lang='lat'><strong>(82)</strong></span> <span class='ocrx_word' id='word_1_763' title='bbox 499 5423 596 5499; x_wconf 86' lang='lat' dir='ltr'><strong>Sic</strong></span> <span class='ocrx_word' id='word_1_764' title='bbox 627 5425 980 5499; x_wconf 73' lang='lat' dir='ltr'><strong>mss.Editi,</strong></span> <span class='ocrx_word' id='word_1_765' title='bbox 1013 5420 1266 5499; x_wconf 78' lang='grc' dir='ltr'>διαλυθῇ.</span> <span class='ocrx_word' id='word_1_766' title='bbox 1299 5428 1426 5481; x_wconf 82' lang='lat' dir='ltr'><strong>Mox</strong></span> <span class='ocrx_word' id='word_1_767' title='bbox 1457 5430 1658 5482; x_wconf 87' lang='lat' dir='ltr'><strong>nostra</strong></span> <span class='ocrx_word' id='word_1_768' title='bbox 1689 5426 1862 5483; x_wconf 85' lang='lat' dir='ltr'><strong>editio</strong></span> <span class='ocrx_word' id='word_1_769' title='bbox 1885 5431 1941 5482; x_wconf 87' lang='lat' dir='ltr'><strong>et</strong></span> 
     </span>
    </p>
   </div>
   <div class='ocr_carea' id='block_1_103' title="bbox 288 5495 1938 5572">
    <p class='ocr_par' dir='ltr' id='par_1_103' title="bbox 288 5495 1938 5572">
     <span class='ocr_line' id='line_1_103' title="bbox 288 5495 1938 5572; baseline 0.002 -21"><span class='ocrx_word' id='word_1_770' title='bbox 288 5495 427 5572; x_wconf 80' lang='lat' dir='ltr'><strong>Reg.</strong></span> <span class='ocrx_word' id='word_1_771' title='bbox 462 5497 834 5572; x_wconf 69' lang='lat' dir='ltr'><strong>tertius,_15)v</strong></span> <span class='ocrx_word' id='word_1_772' title='bbox 862 5497 980 5550; x_wconf 81' lang='grc' dir='ltr'>κατ’</span> <span class='ocrx_word' id='word_1_773' title='bbox 1034 5495 1236 5554; x_wconf 69' lang='grc' dir='ltr'>αὐτῶνζ</span> <span class='ocrx_word' id='word_1_774' title='bbox 1291 5499 1405 5553; x_wconf 87' lang='lat' dir='ltr'><strong>Alii</strong></span> <span class='ocrx_word' id='word_1_775' title='bbox 1461 5499 1721 5572; x_wconf 88' lang='lat' dir='ltr'><strong>quinque</strong></span> <span class='ocrx_word' id='word_1_776' title='bbox 1768 5516 1938 5566; x_wconf 88' lang='lat' dir='ltr'><strong>mss.,</strong></span> 
     </span>
    </p>
   </div>
   <div class='ocr_carea' id='block_1_104' title="bbox 288 5563 763 5621">
    <p class='ocr_par' dir='ltr' id='par_1_104' title="bbox 288 5563 763 5621">
     <span class='ocr_line' id='line_1_104' title="bbox 288 5563 763 5621; baseline 0.004 -2"><span class='ocrx_word' id='word_1_777' title='bbox 288 5563 402 5620; x_wconf 60' lang='grc' dir='ltr'><strong>τῶν</strong></span> <span class='ocrx_word' id='word_1_778' title='bbox 426 5567 545 5620; x_wconf 79' lang='grc' dir='ltr'>κατ’</span> <span class='ocrx_word' id='word_1_779' title='bbox 575 5563 763 5621; x_wconf 82' lang='grc' dir='ltr'>αὐτόν.</span> 
     </span>
    </p>
   </div>
   <div class='ocr_carea' id='block_1_105' title="bbox 363 5636 1940 5710">
    <p class='ocr_par' dir='ltr' id='par_1_105' title="bbox 363 5636 1940 5710">
     <span class='ocr_line' id='line_1_105' title="bbox 363 5636 1940 5710; baseline 0.003 -18"><span class='ocrx_word' id='word_1_780' title='bbox 363 5639 478 5710; x_wconf 85' lang='grc'>(85)</span> <span class='ocrx_word' id='word_1_781' title='bbox 508 5638 603 5696; x_wconf 86' lang='lat' dir='ltr'><strong>Sic</strong></span> <span class='ocrx_word' id='word_1_782' title='bbox 638 5655 782 5695; x_wconf 85' lang='lat' dir='ltr'><strong>mss.</strong></span> <span class='ocrx_word' id='word_1_783' title='bbox 817 5639 1024 5696; x_wconf 88' lang='lat' dir='ltr'><strong>nostri.</strong></span> <span class='ocrx_word' id='word_1_784' title='bbox 1057 5641 1275 5699; x_wconf 86' lang='lat' dir='ltr'><strong>Vocula</strong></span> <span class='ocrx_word' id='word_1_785' title='bbox 1305 5636 1370 5710; x_wconf 75' lang='grc' dir='ltr'>δή</span> <span class='ocrx_word' id='word_1_786' title='bbox 1403 5641 1460 5696; x_wconf 91' lang='lat' dir='ltr'><strong>in</strong></span> <span class='ocrx_word' id='word_1_787' title='bbox 1495 5642 1666 5698; x_wconf 85' lang='lat' dir='ltr'><strong>editis</strong></span> <span class='ocrx_word' id='word_1_788' title='bbox 1713 5642 1940 5698; x_wconf 88' lang='lat' dir='ltr'><strong>deside-</strong></span> 
     </span>
    </p>
   </div>
   <div class='ocr_carea' id='block_1_106' title="bbox 295 5717 474 5767">
    <p class='ocr_par' dir='ltr' id='par_1_106' title="bbox 295 5717 474 5767">
     <span class='ocr_line' id='line_1_106' title="bbox 295 5717 474 5767; baseline -0.017 0"><span class='ocrx_word' id='word_1_789' title='bbox 295 5717 422 5767; x_wconf 76' lang='lat' dir='ltr'><strong>ratu</strong></span> <span class='ocrx_word' id='word_1_790' title='bbox 433 5728 474 5765; x_wconf 74' lang='grc' dir='ltr'><strong>ι’.</strong></span> 
     </span>
    </p>
   </div>
   <div class='ocr_carea' id='block_1_107' title="bbox 368 5778 1942 5858">
    <p class='ocr_par' dir='ltr' id='par_1_107' title="bbox 368 5778 1942 5858">
     <span class='ocr_line' id='line_1_107' title="bbox 368 5778 1942 5858; baseline 0.001 -19"><span class='ocrx_word' id='word_1_791' title='bbox 368 5781 480 5858; x_wconf 74' lang='grc'><strong>(84)</strong></span> <span class='ocrx_word' id='word_1_792' title='bbox 508 5779 685 5854; x_wconf 81' lang='lat' dir='ltr'><strong>Editi,</strong></span> <span class='ocrx_word' id='word_1_793' title='bbox 718 5778 806 5836; x_wconf 78' lang='grc' dir='ltr'><strong>ἐπὶ</strong></span> <span class='ocrx_word' id='word_1_794' title='bbox 837 5782 955 5838; x_wconf 81' lang='grc' dir='ltr'>τοῦ.</span> <span class='ocrx_word' id='word_1_795' title='bbox 986 5784 1059 5840; x_wconf 85' lang='lat' dir='ltr'><strong>At</strong></span> <span class='ocrx_word' id='word_1_796' title='bbox 1085 5798 1254 5853; x_wconf 86' lang='lat' dir='ltr'><strong>mss.,</strong></span> <span class='ocrx_word' id='word_1_797' title='bbox 1286 5781 1371 5838; x_wconf 76' lang='grc' dir='ltr'><strong>ἐπὶ</strong></span> <span class='ocrx_word' id='word_1_798' title='bbox 1429 5781 1544 5842; x_wconf 85' lang='grc' dir='ltr'>τόν.</span> <span class='ocrx_word' id='word_1_799' title='bbox 1587 5784 1798 5843; x_wconf 82' lang='lat' dir='ltr'><strong>Statim</strong></span> <span class='ocrx_word' id='word_1_800' title='bbox 1836 5783 1942 5842; x_wconf 67' lang='lat' dir='ltr'><strong>alio</strong></span> 
     </span>
    </p>
   </div>
   <div class='ocr_carea' id='block_1_108' title="bbox 1828 5237 2350 5308">
    <p class='ocr_par' dir='ltr' id='par_1_108' title="bbox 1828 5237 2350 5308">
     <span class='ocr_line' id='line_1_108' title="bbox 1828 5237 2350 5308; baseline -0.013 -10"><span class='ocrx_word' id='word_1_801' title='bbox 1828 5243 1870 5277; x_wconf 83' lang='grc'><strong>⁸⁷</strong></span> <span class='ocrx_word' id='word_1_802' title='bbox 1902 5242 2042 5298; x_wconf 87' lang='lat' dir='ltr'><strong>Gen.</strong></span> <span class='ocrx_word' id='word_1_803' title='bbox 2074 5255 2228 5308; x_wconf 78' lang='lat' dir='ltr'><strong>xxxi,</strong></span> <span class='ocrx_word' id='word_1_804' title='bbox 2258 5237 2350 5291; x_wconf 82' lang='grc'><strong>24.</strong></span> 
     </span>
    </p>
   </div>
   <div class='ocr_carea' id='block_1_109' title="bbox 2042 4677 3689 4748">
    <p class='ocr_par' dir='ltr' id='par_1_109' title="bbox 2042 4677 3689 4748">
     <span class='ocr_line' id='line_1_109' title="bbox 2042 4677 3689 4748; baseline -0.001 -14"><span class='ocrx_word' id='word_1_805' title='bbox 2042 4696 2152 4734; x_wconf 87' lang='lat' dir='ltr'><strong>nus</strong></span> <span class='ocrx_word' id='word_1_806' title='bbox 2183 4683 2334 4733; x_wconf 84' lang='lat' dir='ltr'><strong>Deus</strong></span> <span class='ocrx_word' id='word_1_807' title='bbox 2366 4678 2527 4732; x_wconf 84' lang='lat' dir='ltr'><strong>dabit</strong></span> <span class='ocrx_word' id='word_1_808' title='bbox 2557 4677 2819 4748; x_wconf 87' lang='lat' dir='ltr'><strong>signum.</strong></span> <span class='ocrx_word' id='word_1_809' title='bbox 2854 4677 3246 4733; x_wconf 87' lang='lat' dir='ltr'><strong>Conveniebat</strong></span> <span class='ocrx_word' id='word_1_810' title='bbox 3275 4678 3432 4734; x_wconf 85' lang='lat' dir='ltr'><strong>enim</strong></span> <span class='ocrx_word' id='word_1_811' title='bbox 3495 4683 3557 4734; x_wconf 87' lang='lat' dir='ltr'><strong>ut</strong></span> <span class='ocrx_word' id='word_1_812' title='bbox 3604 4679 3689 4734; x_wconf 87' lang='lat' dir='ltr'><strong>in-</strong></span> 
     </span>
    </p>
   </div>
   <div class='ocr_carea' id='block_1_110' title="bbox 2039 4767 3688 4839">
    <p class='ocr_par' dir='ltr' id='par_1_110' title="bbox 2039 4767 3688 4839">
     <span class='ocr_line' id='line_1_110' title="bbox 2039 4767 3688 4839; baseline -0.001 -15"><span class='ocrx_word' id='word_1_813' title='bbox 2039 4769 2327 4839; x_wconf 85' lang='lat' dir='ltr'><strong>telligeret</strong></span> <span class='ocrx_word' id='word_1_814' title='bbox 2360 4767 2548 4821; x_wconf 84' lang='lat' dir='ltr'><strong>Achaz</strong></span> <span class='ocrx_word' id='word_1_815' title='bbox 2581 4784 2671 4821; x_wconf 88' lang='lat' dir='ltr'><strong>res</strong></span> <span class='ocrx_word' id='word_1_816' title='bbox 2705 4767 2993 4822; x_wconf 89' lang='lat' dir='ltr'><strong>humanas</strong></span> <span class='ocrx_word' id='word_1_817' title='bbox 3025 4784 3135 4822; x_wconf 91' lang='lat' dir='ltr'><strong>non</strong></span> <span class='ocrx_word' id='word_1_818' title='bbox 3171 4767 3340 4823; x_wconf 88' lang='lat' dir='ltr'><strong>aliter</strong></span> <span class='ocrx_word' id='word_1_819' title='bbox 3387 4767 3688 4824; x_wconf 86' lang='lat' dir='ltr'><strong>emendari</strong></span> 
     </span>
    </p>
   </div>
   <div class='ocr_carea' id='block_1_111' title="bbox 2040 4854 3686 4929">
    <p class='ocr_par' dir='ltr' id='par_1_111' title="bbox 2040 4854 3686 4929">
     <span class='ocr_line' id='line_1_111' title="bbox 2040 4854 3686 4929; baseline 0.001 -17"><span class='ocrx_word' id='word_1_820' title='bbox 2040 4872 2209 4929; x_wconf 87' lang='lat' dir='ltr'><strong>posse</strong></span> <span class='ocrx_word' id='word_1_821' title='bbox 2245 4855 2354 4909; x_wconf 87' lang='lat' dir='ltr'><strong>nisi</strong></span> <span class='ocrx_word' id='word_1_822' title='bbox 2388 4872 2491 4925; x_wconf 90' lang='lat' dir='ltr'><strong>per</strong></span> <span class='ocrx_word' id='word_1_823' title='bbox 2517 4854 2709 4909; x_wconf 89' lang='lat' dir='ltr'><strong>solum</strong></span> <span class='ocrx_word' id='word_1_824' title='bbox 2743 4854 2843 4909; x_wconf 90' lang='lat' dir='ltr'><strong>Dei</strong></span> <span class='ocrx_word' id='word_1_825' title='bbox 2875 4854 3042 4909; x_wconf 86' lang='lat' dir='ltr'><strong>Verbi</strong></span> <span class='ocrx_word' id='word_1_826' title='bbox 3075 4857 3146 4910; x_wconf 86' lang='lat' dir='ltr'><strong>ad</strong></span> <span class='ocrx_word' id='word_1_827' title='bbox 3179 4873 3284 4912; x_wconf 90' lang='lat' dir='ltr'><strong>nos</strong></span> <span class='ocrx_word' id='word_1_828' title='bbox 3325 4859 3643 4913; x_wconf 91' lang='lat' dir='ltr'><strong>adventum</strong></span> <span class='ocrx_word' id='word_1_829' title='bbox 3673 4876 3686 4927; x_wconf 88' lang='lat'><strong>;</strong></span> 
     </span>
    </p>
   </div>
   <div class='ocr_carea' id='block_1_112' title="bbox 2041 4942 3688 5016">
    <p class='ocr_par' dir='ltr' id='par_1_112' title="bbox 2041 4942 3688 5016">
     <span class='ocr_line' id='line_1_112' title="bbox 2041 4942 3688 5016; baseline 0.002 -16"><span class='ocrx_word' id='word_1_830' title='bbox 2041 4963 2106 5000; x_wconf 87' lang='lat' dir='ltr'><strong>ac</strong></span> <span class='ocrx_word' id='word_1_831' title='bbox 2139 4948 2358 5016; x_wconf 87' lang='lat' dir='ltr'><strong>peteret</strong></span> <span class='ocrx_word' id='word_1_832' title='bbox 2389 4945 2627 5014; x_wconf 85' lang='lat' dir='ltr'><strong>signum</strong></span> <span class='ocrx_word' id='word_1_833' title='bbox 2675 4942 2732 4998; x_wconf 92' lang='lat' dir='ltr'><strong>in</strong></span> <span class='ocrx_word' id='word_1_834' title='bbox 2784 4944 3165 5014; x_wconf 82' lang='lat' dir='ltr'><strong>profundum,</strong></span> <span class='ocrx_word' id='word_1_835' title='bbox 3216 4950 3316 5000; x_wconf 90' lang='lat' dir='ltr'><strong>aut</strong></span> <span class='ocrx_word' id='word_1_836' title='bbox 3368 4946 3428 5001; x_wconf 93' lang='lat' dir='ltr'><strong>in</strong></span> <span class='ocrx_word' id='word_1_837' title='bbox 3475 4947 3688 5002; x_wconf 89' lang='lat' dir='ltr'><strong>altum.</strong></span> 
     </span>
    </p>
   </div>
   <div class='ocr_carea' id='block_1_113' title="bbox 2041 5031 3695 5108">
    <p class='ocr_par' dir='ltr' id='par_1_113' title="bbox 2041 5031 3695 5108">
     <span class='ocr_line' id='line_1_113' title="bbox 2041 5031 3695 5108; baseline 0.004 -22"><span class='ocrx_word' id='word_1_838' title='bbox 2041 5033 2326 5100; x_wconf 90' lang='lat' dir='ltr'><strong>Quoniam</strong></span> <span class='ocrx_word' id='word_1_839' title='bbox 2361 5037 2556 5086; x_wconf 84' lang='lat' dir='ltr'><strong>autem</strong></span> <span class='ocrx_word' id='word_1_840' title='bbox 2590 5048 2719 5087; x_wconf 89' lang='lat' dir='ltr'><strong>sese</strong></span> <span class='ocrx_word' id='word_1_841' title='bbox 2743 5031 3050 5102; x_wconf 87' lang='lat' dir='ltr'><strong>judicabat</strong></span> <span class='ocrx_word' id='word_1_842' title='bbox 3078 5033 3411 5106; x_wconf 85' lang='lat' dir='ltr'><strong>indignum,</strong></span> <span class='ocrx_word' id='word_1_843' title='bbox 3433 5037 3695 5108; x_wconf 87' lang='lat' dir='ltr'><strong>quando-</strong></span> 
     </span>
    </p>
   </div>
   <div class='ocr_carea' id='block_1_114' title="bbox 2040 5122 3692 5197">
    <p class='ocr_par' dir='ltr' id='par_1_114' title="bbox 2040 5122 3692 5197">
     <span class='ocr_line' id='line_1_114' title="bbox 2040 5122 3692 5197; baseline 0.002 -21"><span class='ocrx_word' id='word_1_844' title='bbox 2040 5122 2277 5193; x_wconf 89' lang='lat' dir='ltr'><strong>quidem</strong></span> <span class='ocrx_word' id='word_1_845' title='bbox 2329 5136 2639 5192; x_wconf 89' lang='lat' dir='ltr'><strong>exposcere</strong></span> <span class='ocrx_word' id='word_1_846' title='bbox 2691 5137 2904 5194; x_wconf 85' lang='lat' dir='ltr'><strong>magna</strong></span> <span class='ocrx_word' id='word_1_847' title='bbox 2951 5125 3006 5177; x_wconf 89' lang='lat' dir='ltr'><strong>et</strong></span> <span class='ocrx_word' id='word_1_848' title='bbox 3052 5123 3309 5179; x_wconf 80' lang='lat' dir='ltr'><strong>ccelestia</strong></span> <span class='ocrx_word' id='word_1_849' title='bbox 3357 5125 3530 5197; x_wconf 86' lang='lat' dir='ltr'><strong>signa</strong></span> <span class='ocrx_word' id='word_1_850' title='bbox 3577 5141 3692 5180; x_wconf 90' lang='lat' dir='ltr'><strong>non</strong></span> 
     </span>
    </p>
   </div>
   <div class='ocr_carea' id='block_1_115' title="bbox 2453 5235 3695 5311">
    <p class='ocr_par' dir='ltr' id='par_1_115' title="bbox 2453 5235 3695 5311">
     <span class='ocr_line' id='line_1_115' title="bbox 2453 5235 3695 5311; baseline 0.004 -21"><span class='ocrx_word' id='word_1_851' title='bbox 2453 5235 2498 5270; x_wconf 80' lang='grc'>⁸⁸</span> <span class='ocrx_word' id='word_1_852' title='bbox 2527 5237 2668 5291; x_wconf 89' lang='lat' dir='ltr'><strong>Gen.</strong></span> <span class='ocrx_word' id='word_1_853' title='bbox 2701 5254 2796 5304; x_wconf 88' lang='lat' dir='ltr'><strong>xx,</strong></span> <span class='ocrx_word' id='word_1_854' title='bbox 2825 5238 2879 5304; x_wconf 91' lang='lat'><strong>3,</strong></span> <span class='ocrx_word' id='word_1_855' title='bbox 2982 5239 3027 5274; x_wconf 70' lang='grc' dir='ltr'><strong>⁸ο</strong></span> <span class='ocrx_word' id='word_1_856' title='bbox 3053 5238 3199 5296; x_wconf 87' lang='lat' dir='ltr'><strong>Dan.</strong></span> <span class='ocrx_word' id='word_1_857' title='bbox 3232 5256 3294 5311; x_wconf 78' lang='grc' dir='ltr'><strong>ιι,</strong></span> <span class='ocrx_word' id='word_1_858' title='bbox 3328 5241 3378 5295; x_wconf 89' lang='grc'><strong>1.</strong></span> <span class='ocrx_word' id='word_1_859' title='bbox 3473 5241 3518 5276; x_wconf 78' lang='grc'>⁹⁰</span> <span class='ocrx_word' id='word_1_860' title='bbox 3549 5241 3695 5297; x_wconf 90' lang='lat' dir='ltr'><strong>Gen.</strong></span> 
     </span>
    </p>
   </div>
   <div class='ocr_carea' id='block_1_116' title="bbox 2047 5417 3693 5497">
    <p class='ocr_par' dir='ltr' id='par_1_116' title="bbox 2047 5417 3693 5497">
     <span class='ocr_line' id='line_1_116' title="bbox 2047 5417 3693 5497; baseline -0.001 -18"><span class='ocrx_word' id='word_1_861' title='bbox 2047 5427 2189 5497; x_wconf 87' lang='lat' dir='ltr'><strong>quot</strong></span> <span class='ocrx_word' id='word_1_862' title='bbox 2220 5439 2392 5490; x_wconf 89' lang='lat' dir='ltr'><strong>mss.,</strong></span> <span class='ocrx_word' id='word_1_863' title='bbox 2430 5417 2694 5475; x_wconf 76' lang='grc' dir='ltr'>ἀκούσατε</span> <span class='ocrx_word' id='word_1_864' title='bbox 2742 5418 2831 5491; x_wconf 78' lang='grc' dir='ltr'><strong>δή.</strong></span> <span class='ocrx_word' id='word_1_865' title='bbox 2881 5421 3102 5478; x_wconf 89' lang='lat' dir='ltr'><strong>Vocula</strong></span> <span class='ocrx_word' id='word_1_866' title='bbox 3154 5420 3220 5492; x_wconf 78' lang='grc' dir='ltr'>δή</span> <span class='ocrx_word' id='word_1_867' title='bbox 3269 5425 3329 5478; x_wconf 92' lang='lat' dir='ltr'><strong>in</strong></span> <span class='ocrx_word' id='word_1_868' title='bbox 3371 5422 3544 5479; x_wconf 89' lang='lat' dir='ltr'><strong>editis</strong></span> <span class='ocrx_word' id='word_1_869' title='bbox 3589 5423 3693 5479; x_wconf 91' lang='lat' dir='ltr'><strong>de-</strong></span> 
     </span>
    </p>
   </div>
   <div class='ocr_carea' id='block_1_117' title="bbox 2047 5502 3695 5639">
    <p class='ocr_par' dir='ltr' id='par_1_117' title="bbox 2047 5502 3695 5639">
     <span class='ocr_line' id='line_1_117' title="bbox 2047 5502 3695 5639; baseline -0.002 -17"><span class='ocrx_word' id='word_1_870' title='bbox 2047 5502 2381 5639; x_wconf 40' lang='grc' dir='ltr'><strong>εἰῚίιὲὲμίοο</strong></span> <span class='ocrx_word' id='word_1_871' title='bbox 2409 5564 2534 5620; x_wconf 92' lang='lat' dir='ltr'><strong>loco</strong></span> <span class='ocrx_word' id='word_1_872' title='bbox 2567 5563 2811 5639; x_wconf 82' lang='lat' dir='ltr'><strong>indicari</strong></span> <span class='ocrx_word' id='word_1_873' title='bbox 2842 5565 3152 5639; x_wconf 74' lang='lat' dir='ltr'><strong>editionem</strong></span> <span class='ocrx_word' id='word_1_874' title='bbox 3188 5565 3429 5639; x_wconf 62' lang='lat' dir='ltr'><strong>Aquilae,</strong></span> <span class='ocrx_word' id='word_1_875' title='bbox 3455 5564 3575 5639; x_wconf 90' lang='lat' dir='ltr'><strong>_ve_l</strong></span> <span class='ocrx_word' id='word_1_876' title='bbox 3623 5565 3695 5619; x_wconf 89' lang='lat' dir='ltr'><strong>de</strong></span> 
     </span>
    </p>
   </div>
   <div class='ocr_carea' id='block_1_118' title="bbox 2050 5634 3693 5710">
    <p class='ocr_par' dir='ltr' id='par_1_118' title="bbox 2050 5634 3693 5710">
     <span class='ocr_line' id='line_1_118' title="bbox 2050 5634 3693 5710; baseline -0.004 -16"><span class='ocrx_word' id='word_1_877' title='bbox 2050 5634 2297 5694; x_wconf 83' lang='lat' dir='ltr'><strong>Eusebio</strong></span> <span class='ocrx_word' id='word_1_878' title='bbox 2320 5636 2590 5707; x_wconf 83' lang='lat' dir='ltr'><strong>cognosci</strong></span> <span class='ocrx_word' id='word_1_879' title='bbox 2609 5640 2825 5710; x_wconf 77' lang='lat' dir='ltr'><strong>potest.</strong></span> <span class='ocrx_word' id='word_1_880' title='bbox 2853 5634 3693 5710; x_wconf 69' lang='lat' dir='ltr'><strong>Aliquantopostediti,K6pzoc</strong></span> 
     </span>
    </p>
   </div>
   <div class='ocr_carea' id='block_1_119' title="bbox 2050 5705 3694 5780">
    <p class='ocr_par' dir='ltr' id='par_1_119' title="bbox 2050 5705 3694 5780">
     <span class='ocr_line' id='line_1_119' title="bbox 2050 5705 3694 5780; baseline -0.001 -16"><span class='ocrx_word' id='word_1_881' title='bbox 2050 5710 2232 5770; x_wconf 81' lang='grc' dir='ltr'>αὐτοῖς</span> <span class='ocrx_word' id='word_1_882' title='bbox 2295 5705 2546 5780; x_wconf 82' lang='grc' dir='ltr'>σημεῖον.</span> <span class='ocrx_word' id='word_1_883' title='bbox 2609 5705 2746 5778; x_wconf 77' lang='lat' dir='ltr'><strong>Reg.</strong></span> <span class='ocrx_word' id='word_1_884' title='bbox 2805 5705 3052 5780; x_wconf 76' lang='lat' dir='ltr'><strong>primus,</strong></span> <span class='ocrx_word' id='word_1_885' title='bbox 3113 5705 3308 5780; x_wconf 80' lang='grc' dir='ltr'>Κύριος</span> <span class='ocrx_word' id='word_1_886' title='bbox 3361 5705 3538 5778; x_wconf 63' lang='grc' dir='ltr'>,αὐτὸς</span> <span class='ocrx_word' id='word_1_887' title='bbox 3578 5705 3694 5779; x_wconf 63' lang='grc' dir='ltr'>’ση-</span> 
     </span>
    </p>
   </div>
   <div class='ocr_carea' id='block_1_120' title="bbox 2053 5778 3384 5858">
    <p class='ocr_par' dir='ltr' id='par_1_120' title="bbox 2053 5778 3384 5858">
     <span class='ocr_line' id='line_1_120' title="bbox 2053 5778 3384 5858; baseline 0.002 -21"><span class='ocrx_word' id='word_1_888' title='bbox 2053 5785 2230 5858; x_wconf 80' lang='grc' dir='ltr'>μεῖον.</span> <span class='ocrx_word' id='word_1_889' title='bbox 2258 5778 2380 5836; x_wconf 80' lang='lat' dir='ltr'><strong>Alii</strong></span> <span class='ocrx_word' id='word_1_890' title='bbox 2405 5779 2667 5852; x_wconf 88' lang='lat' dir='ltr'><strong>quinque</strong></span> <span class='ocrx_word' id='word_1_891' title='bbox 2698 5793 2840 5834; x_wconf 88' lang='lat' dir='ltr'><strong>mss.</strong></span> <span class='ocrx_word' id='word_1_892' title='bbox 2875 5778 2962 5834; x_wconf 89' lang='lat' dir='ltr'><strong>uti</strong></span> <span class='ocrx_word' id='word_1_893' title='bbox 2991 5779 3050 5835; x_wconf 90' lang='lat' dir='ltr'><strong>in</strong></span> <span class='ocrx_word' id='word_1_894' title='bbox 3091 5778 3384 5841; x_wconf 85' lang='lat' dir='ltr'><strong>contextu.</strong></span> 
     </span>
    </p>
   </div>
  </div>
