4048 6220
390 408 514 469 463

1334 398 1731 460 APPENDIX
1778 397 2099 460 OPEBUM
2148 399 2213 459 S.
2258 397 2539 460 BASlLlI
2584 398 2857 459 MAGNL

3685 403 3805 462 ἄδι

395 539 652 605 noverat,
684 534 899 590 idcirco
944 534 1059 589 ait:
1118 533 1276 588 Dabit
1327 532 1590 588 Dominus
1612 531 1725 602 ipse
1771 529 1920 585 vobis
1951 530 2029 584 si-

2150 548 2276 604 φησι
2383 528 2554 582 Δώσει
2606 527 2808 601 Κύριος
2867 527 3029 592 αὐτὸς
3086 530 3211 602 ὑμῖν
3271 533 3524 602 σημεῖον·
3587 530 3651 586 οὐ
3713 529 3802 586 διὰ

383 645 595 698 gnum;
625 642 740 680 non
775 641 873 696 per
904 623 1162 695 aliquem
1197 637 1454 690 servum,
1515 623 1617 674 aut
1668 618 2034 686 ministrum,

386 721 487 773 aut
518 713 800 771 famulum
834 713 953 781 dat,
990 712 1087 766 sed
1122 711 1245 782 ipse
1297 725 1400 780 per
1451 725 1551 775 se;
1603 711 1664 762 ut
1711 706 1848 761 doni
1903 707 2038 761 inde

384 806 710 861 declaretur
743 800 1106 873 magnitudo.
1141 799 1368 853 Etenim
1405 797 1592 869 legem
1625 793 1917 851 ordinavit
1938 811 2041 865 per

386 893 645 966 angelos,
678 893 736 945 in
774 907 949 946 manu
983 887 1325 943 mediatoris
1351 885 1525 941 Mosis
1547 886 1590 920 θ’
1615 903 1627 940 :
1650 884 1884 956 signum
1905 899 2038 938 vero

387 982 694 1052 deditipse
726 978 924 1034 domui
960 977 1164 1032 David.
1197 976 1312 1031 Nec
1337 977 1461 1046 jam
1495 975 1609 1046 ipsi
1630 973 1818 1028 Achaz
1841 974 2036 1040 datur,

388 1072 489 1127 sed
524 1070 683 1125 omni
717 1066 917 1122 domui
957 1065 1168 1120 David:
1209 1065 1487 1136 quoniam
1527 1061 1809 1117 Dominus
1839 1065 1928 1116 est
1975 1078 2042 1116 ex

387 1159 613 1215 semine
644 1156 822 1212 David
856 1155 1180 1210 secundum
1215 1168 1448 1207 carnem
1483 1152 1566 1218 93;
1601 1150 1673 1206 ob
1708 1151 1885 1221 idque
1915 1151 2040 1204 lau-

388 1252 518 1304 stus
549 1246 804 1317 felixque
835 1244 903 1299 de
937 1241 1150 1299 Christi
1185 1243 1434 1296 adventu
1471 1239 1716 1295 nuntius
1747 1239 1816 1294 ad
1850 1243 2033 1294 totam

386 1335 623 1393 Davidis
653 1333 1060 1406 cognationem
1094 1331 1445 1404 pertinebat.

451 1443 582 1499 201.
622 1443 753 1497 Ecce
790 1440 959 1510 Virgo
987 1440 1044 1492 in
1069 1440 1221 1493 utero
1245 1437 1536 1507 concipiet,
1558 1434 1802 1506 etpariet
1833 1434 2037 1504 ﬁlium,

383 1541 436 1591 et
462 1530 676 1590 vocabis
704 1544 907 1584 nomen
939 1528 1058 1599 ejus
1107 1525 1452 1581 Emmanuel.
1507 1523 1847 1579 Reclamant
1895 1522 2037 1578 LXX

382 1623 771 1690 Interpretum
804 1615 1046 1672 editioni
1076 1614 1284 1682 Judaei,
1323 1614 1586 1669 dicentes
1619 1629 1734 1668 non
1796 1610 2037 1682 reperiri

381 1713 442 1768 in
474 1709 709 1768 Hebrao
740 1708 850 1763 hoc
879 1704 1255 1772 vocabulum,
1293 1705 1470 1776 Virgo,
1497 1705 1596 1759 sed
1622 1703 1791 1772 illud,
1817 1702 2034 1772 Puella,

385 1799 556 1872 quasi
588 1796 800 1854 mulier
829 1811 955 1867 quas
989 1799 1154 1850 aetate
1209 1793 1396 1864 ﬂoret,
1429 1791 1624 1865 puella
1655 1791 1770 1846 dici
1825 1791 2033 1862 possit,

2143 637 2291 680 τινος
2323 617 2614 690 ὑπηρέτου,
2661 615 2751 670 καὶ
2801 613 3076 686 διακόνου,
3125 618 3216 672 καὶ
3267 617 3592 694 λειτουργοῦ
3635 616 3795 674 δίδω-

2147 726 2253 774 σιν,
2289 705 2414 760 ἀλλ’
2446 706 2605 770 αὐτὸς
2642 703 2710 760 δι’
2763 706 2973 761 ἑαυτοῦ·
3003 705 3078 759 ’ἶν’
3125 705 3182 761 ἐκ
3220 708 3413 762 τούτου
3446 704 3672 783 δηλωθῇ
3701 713 3798 763 τοῦ

2150 791 2437 868 διδομένου
2485 796 2546 849 τὸ
2601 796 2842 871 μέγεθος.
2873 797 2973 850 Τὸν
3029 797 3120 868 μὲν
3165 797 3267 872 γὰρ
3297 797 3466 871 νόμον
3521 795 3796 871 διετάξατο

2151 881 2220 938 δι’
2250 881 2520 959 ἀγγέλων,
2571 883 2622 940 ἐν
2681 885 2828 960 χειρὶ
2892 884 3108 958 μεσίτου
3167 887 3432 947 Μωσέως⁴
3484 886 3546 941 τὸ
3605 884 3662 941 δὲ
3711 909 3805 958 ση-

2155 979 2304 1047 μεῖον
2338 973 2495 1035 αὐτὸς
2525 969 2695 1028 ἔδωκε
2739 978 2818 1046 τῷ
2865 972 3000 1047 οἷ’κῳ
3045 969 3228 1031 Δαϐίδ.
3264 973 3477 1030 Δίδοται
3531 974 3589 1030 δὲ
3621 975 3798 1031 οὐκέτι

2148 1067 2230 1136 τῷ
2256 1064 2448 1138 Ἀχᾶζ,
2483 1062 2628 1118 ἀλλὰ
2657 1064 2816 1118 παντὶ
2862 1069 2941 1135 τῷ
2985 1061 3119 1137 θ’ίκῳ
3151 1059 3335 1118 Δαϐίδο
3371 1061 3510 1120 διότι
3545 1065 3603 1120 ἐκ
3635 1067 3800 1142 σπέρο

2156 1173 2324 1224 ματος
2379 1146 2568 1222 Δαϐὶδ,
2624 1153 2687 1207 τὸ
2744 1152 2877 1207 κατὰ
2935 1154 3146 1228 σάρκα,
3197 1153 3224 1207 6
3279 1153 3502 1228 Κύριος⁶
3563 1155 3653 1208 καί
3715 1152 3804 1209 διὰ

2148 1245 2309 1296 τοῦτο
2339 1242 2482 1317 πάσῃ
2537 1243 2644 1312 (86)
2693 1239 2902 1320 διέφερε
2942 1245 3011 1316 τῇ
3063 1241 3343 1319 συγγενείᾳ
3390 1247 3487 1298 τοῦ
3538 1238 3703 1298 Δαϐὶδ
3733 1245 3798 1299 τὸ

2149 1330 2272 1405 περὶ
2302 1336 2402 1399 τῆς
2437 1326 2731 1404 ἐπιδημίας
2757 1335 2857 1385 τοῦ
2888 1335 3122 1406 Χριστοῦ
3155 1331 3497 1408 εὸαγγέλιον.

2216 1437 2342 1494 201.
2400 1434 2538 1492 Ἰδοὺ
2598 1439 2632 1506 ἡ
2692 1435 2958 1514 Παρθίνος
3004 1437 3058 1493 ἐν
3111 1440 3302 1514 γαστρὶ
3364 1437 3642 1513 λήψεται,
3704 1441 3800 1494 καὶ

2146 1527 2346 1600 τέξεται
2424 1527 2561 1595 υἱὸν,
2620 1525 2710 1581 καὶ
2778 1524 3029 1588 καλέσεις
3253 1529 3316 1582 τὸ
3373 1522 3551 1601 ὄνομα
3629 1527 3800 1584 αὐτοῦ

2145 1612 2537 1689 Ἐμμανουήλ.
2594 1614 2969 1678 Ἀνθίστανται
3027 1615 3077 1670 οἰ
3138 1613 3394 1671 Ἰουδαῖοι
3452 1620 3522 1691 τῇ
3583 1615 3802 1673 ἐκδόσει

2145 1708 2250 1759 τῶν
2311 1699 2749 1776 Ἐϐδομήκοντα,
2808 1703 3063 1780 λέγοντες
3126 1706 3202 1777 μὴ
3254 1711 3460 1770 κεῖσθαι
3513 1709 3659 1783 παρά
3719 1713 3804 1780 τῷ

2145 1789 2384 1870 Ἑϐραίῳ
2440 1793 2524 1862 τὸ,
2573 1794 2636 1848 Ἠ
2690 1794 2981 1869 Παρθένος,
3041 1790 3171 1850 ἀλλ’
3226 1796 3290 1851 Ἡ
3343 1795 3539 1868 νεὰνις,
3599 1797 3673 1859 ὡς
3706 1794 3804 1850 δυ-

386 1888 600 1948 mulier
627 1902 760 1943 vero
795 1901 920 1957 qua;
951 1883 1192 1940 omnino
1226 1882 1509 1954 nuptialis
1543 1880 1788 1936 thalami
1830 1895 2037 1952 expers

2150 1881 2384 1957 ναμένης
2443 1879 2685 1946 νεάνιδος
2731 1882 3087 1956 ὀνομάζεσθαι
3145 1886 3244 1953 τῆς
3295 1884 3644 1959 ἀκμαζούσης
3675 1889 3802 1951 καθ’

386 1982 495 2049 est,
526 1993 645 2032 non
675 1975 817 2031 item
843 1995 856 2043 ;
891 1973 1107 2044 quibus
1139 1972 1307 2028 facile
1339 1975 1397 2027 et
1427 1969 1692 2026 celeriter
1723 1969 2042 2040 responde-

387 2083 540 2125 mus.
575 2065 635 2122 Si
666 2065 822 2120 enim
855 2063 1092 2134 signum
1125 2062 1206 2116 rei
1236 2059 1570 2133 oujuspiam
1598 2060 1897 2130 stupenda:
1924 2061 1980 2113 et
2011 2074 2044 2113 a

387 2153 686 2213 communi
700 2151 1006 2208 hominum
1021 2150 1445 2222 consuetudine
1462 2147 1661 2204 alienae
1681 2149 2040 2203 demonstra-

381 2245 463 2301 tio
494 2244 646 2301 529
682 2246 790 2312 est,
822 2241 959 2311 quid
993 2245 1118 2295 erat
1153 2237 1283 2294 miri
1315 2238 1363 2294 si
1388 2236 1603 2293 mulier
1624 2251 1788 2292 unae
1812 2235 2039 2305 multis,

386 2351 512 2406 quas
535 2348 668 2389 cum
688 2330 808 2386 viro
827 2327 1318 2385 consuetudinem
1340 2326 1668 2396 habuisset,
1692 2326 1857 2380 fieret
1874 2323 2041 2396 pueri

385 2420 622 2479 mater?
653 2419 954 2484 Quomodo
986 2418 1164 2474 etiam
1195 2417 1252 2471 id
1313 2417 1468 2488 quod
1519 2419 1723 2470 natum
1775 2418 1930 2470 esset
1973 2429 2042 2469 ex

388 2511 584 2568 carnis
614 2509 930 2573 voluntate,
963 2506 1155 2562 vocari
1187 2504 1475 2577 potuisset
1507 2502 1902 2559 Emmanuel?
1930 2502 2042 2558 Ita-

391 2616 504 2673 que
535 2600 582 2655 si
616 2599 772 2670 quod
804 2598 998 2667 datur,
1041 2596 1098 2650 id
1159 2595 1392 2666 signum
1444 2598 1554 2665 est,
1580 2594 1658 2649 sit
1695 2595 1929 2664 oportet
1983 2596 2042 2647 et

388 2690 523 2761 ipsa
552 2687 852 2761 generatio
892 2684 1262 2741 admirabilis
1309 2688 1367 2739 et
1412 2683 1726 2754 stupenda.
1777 2681 1940 2745 Quod
1991 2680 2040 2736 si

279 2791 281 2794 ‘
387 2780 602 2836 modus
630 2794 746 2850 quo
781 2781 1095 2849 generatus
1128 2779 1216 2830 est
1247 2790 1410 2845 puer,
1444 2774 1554 2828 fuit
1574 2770 1924 2839 communis,
1945 2785 2040 2826 ne-

389 2884 502 2940 que
533 2866 761 2922 dicatur
792 2866 1051 2937 signum,
1085 2879 1275 2934 neque
1307 2861 1630 2935 appelletur
1669 2858 2034 2916 Emmanuel.

391 2957 638 3012 Proinde
669 2972 794 3028 quis
826 2954 1069 3027 peperit,
1104 2953 1154 3009 si
1184 2952 1346 3024 virgo
1380 2967 1495 3007 non
1525 2955 1635 3018 est,
1669 2948 1840 3022 quale
1861 2948 2036 3005 exsti-

388 3045 461 3101 tit
482 3045 593 3100 hoo
613 3044 850 3116 signum
865 3043 892 3098 ‘l
916 3043 983 3098 Et
1005 3041 1117 3097 nisi
1136 3045 1299 3097 ortus
1322 3039 1418 3096 ille
1437 3041 1582 3095 foret
1598 3038 1851 3094 divinior
1863 3053 2037 3109 quam

388 3133 573 3206 vulgi,
607 3132 900 3205 quomodo
923 3132 1049 3201 jam
1079 3130 1312 3186 advenit
1340 3127 1680 3184 Emmanuel
1702 3126 1906 3192 ‘IQuod
1932 3142 2037 3181 au-

388 3227 506 3278 tem
538 3237 776 3286 nomen,
805 3221 1012 3293 puella,
1040 3220 1270 3290 proprie
1300 3217 1528 3272 dicatur
1556 3217 1627 3271 de
1684 3214 2031 3288 virginibus,

388 3314 547 3382 patet
575 3326 644 3364 ex
673 3309 766 3364 his
797 3307 1231 3364 Deuteronomii
1261 3305 1491 3362 verbis:
1523 3304 1679 3376 Quod
1706 3307 1757 3360 si
1799 3306 1856 3360 in
1900 3320 2035 3373 agro

389 3399 662 3455 invenerit
688 3397 935 3468 puellam
967 3396 1369 3466 desponsatam,
1402 3397 1454 3449 et
1484 3395 1589 3449 vim
1623 3394 1870 3466 inferens
1903 3409 2035 3448 con-

384 3489 633 3545 cubuerit
672 3502 797 3541 cum
850 3500 934 3553 ea,
987 3483 1333 3553 interﬁcietis
1381 3483 1661 3538 hominem
1712 3483 1938 3548 solum;
1986 3485 2039 3536 et

382 3577 591 3651 puella
619 3573 772 3630 nihil
798 3573 1039 3646 facietis,
1072 3574 1205 3645 quia
1233 3589 1342 3628 non
1373 3578 1454 3627 est
1500 3570 1706 3643 puella
1761 3579 2040 3642 peccatum

385 3667 603 3722 mortis.
642 3665 789 3732 Quia
820 3662 1287 3734 quemadmodum
1314 3661 1362 3716 si
1391 3662 1512 3732 quis
1541 3661 1698 3716 homo
1721 3661 2040 3716 insurrexe-

389 3755 470 3810 rit
499 3753 759 3809 adversus
811 3751 1138 3824 proximum
1178 3767 1358 3818 suum,
1412 3753 1466 3805 et
1514 3749 1772 3804 occiderit
1817 3753 2039 3821 ipsum:

392 3846 472 3900 sic
501 3859 585 3898 res
614 3844 749 3899 ha’c.
789 3843 848 3896 In
876 3857 1062 3912 campo
1092 3841 1302 3897 invenit
1331 3855 1453 3894 eam
1477 3855 1489 3892 :
1532 3839 1792 3894 clamavit
1832 3840 2038 3910 puella,

393 3942 448 3989 et
478 3948 586 3988 non
617 3940 734 3988 erat
760 3931 1068 3986 auxiliator
1097 3931 1162 3985 9‘.
1199 3929 1400 4000 Itaque
1431 3945 1557 3999 quae
1588 3927 1881 3996 clamavit,
1933 3927 2042 3983 uti-

393 4039 505 4096 que
527 4025 660 4078 ante
681 4020 1111 4091 corruptionem
1134 4019 1297 4090 virgo
1320 4022 1463 4072 erat.
1488 4017 1618 4072 Haec
1639 4017 1819 4088 igitur
1842 4017 2037 4081 verba,

386 4113 648 4167 clamavit
697 4111 871 4180 virgo,
917 4108 1072 4163 idem
1123 4108 1320 4162 valent
1373 4111 1546 4178 atque
1593 4105 1714 4173 illa,
1770 4106 2038 4161 clamavit

385 4203 595 4273 puella.
657 4202 723 4256 Et
782 4201 842 4255 in
893 4201 1063 4255 tertio
1122 4198 1459 4270 Regnorum
1508 4195 1657 4252 libro
1718 4197 2038 4252 Somanitis

385 4291 488 4345 illa
514 4306 639 4361 quae
661 4289 1038 4345 calefaciebat
1058 4287 1260 4356 David,
1289 4302 1538 4358 quaeque
1560 4286 1719 4357 virgo
1740 4289 1885 4355 erat,
1934 4303 2039 4342 nec

387 4395 651 4450 unquam
685 4378 874 4433 virum
909 4377 1098 4432 fuerat
1127 4380 1386 4446 experta,
1420 4373 1614 4446 puella
1644 4380 1906 4430 vocatur.
1939 4379 2038 4430 1n-

383 4474 654 4526 venerunt
682 4472 852 4538 enim,
887 4467 1102 4540 inquit,
1160 4467 1372 4534 Abisac,
1417 4474 1470 4520 et
1520 4464 1872 4522 adduxerunt
1918 4483 2038 4523 eam

381 4561 452 4615 ad
466 4575 680 4632 rogem:
714 4563 767 4614 et
792 4559 981 4630 puella
1007 4556 1241 4629 pulchra
1262 4571 1431 4626 usque
1453 4555 1630 4621 valde,
1650 4563 1700 4611 et
1747 4557 2033 4612 ministra-

384 4649 472 4704 bat
494 4630 636 4720 regi,
660 4657 712 4704 et
733 4663 836 4702 rea:
850 4663 961 4703 non
980 4647 1228 4716 cognovit
1244 4661 1366 4700 eam
1387 4644 1450 4700 ⁸⁵.
1478 4647 1677 4716 Itaque
1693 4646 2036 4703 Emmanuel
2065 4630 2111 4695 Β

381 4754 450 4793 ex
469 4741 674 4792 sancta
700 4736 939 4809 Virgine
962 4738 1318 4802 exortusest,
1343 4751 1470 4806 quae
1484 4733 1734 4791 dixerat:
1762 4737 2034 4804 Quomodo

377 4828 482 4882 erit
493 4825 640 4881 mihi
659 4825 1097 4898 istud,qnonia.m
1117 4826 1300 4880 virum
1319 4840 1428 4880 non
1448 4840 1702 4894 cognosco
1725 4825 1903 4882 “PCui
1926 4843 2034 4881 an-

377 4913 576 4987 gelus:
597 4914 838 4987 Spiritus
859 4916 1081 4970 Domini
1099 4915 1446 4985 superveniet
1465 4915 1525 4968 in
1543 4921 1595 4969 te
1608 4918 1660 4968 et
1684 4915 2034 4971 virtusAltis-

373 5005 504 5060 simi
515 5002 862 5060 obumbrabit
875 5002 1230 5074 tibi".Virgo
1243 5001 1487 5074 haeclegi
1503 5002 1929 5074 puriﬁcationis
1942 5021 2038 5060 ne-

444 5193 488 5229 ⁹²
518 5192 706 5250 Galat.
741 5211 826 5262 In,
858 5191 946 5248 19.
1037 5192 1081 5228 9³
1113 5191 1279 5249 Rom.
1313 5206 1354 5260 ι,
1387 5191 1443 5248 3.

444 5373 552 5440 (80)
585 5374 719 5440 Reg.

444 5391 552 5440 (δυ)
588 5391 719 5444 neg.
749 5391 1017 5445 quartus,
1047 5391 1138 5424 και
1172 5391 1334 5426 οιοτι.
1451 5405 1457 5408 ι

440 5445 552 5516 (87)
584 5445 734 5501 Editi
765 5449 821 5501 et
845 5445 1006 5517 Regii
1052 5445 1282 5515 primus
1327 5445 1391 5517 _et_
1427 5447 1692 5517 quartus,
1746 5442 2014 5515 καλέσεις,

365 5511 600 5589 vocabis.
635 5518 740 5572 Alii
772 5511 1026 5589 quatuor
1054 5511 1227 5589 mss.,
1256 5511 1919 5589 aulico—ucalvocabunt;
1961 5511 2016 5576 et

368 5588 452 5662 ita
483 5604 723 5662 quoque,
745 5586 959 5662 legitur
989 5591 1142 5659 apud
1176 5586 1511 5662 Matthaum
1547 5586 1708 5653 1,23.

437 5655 730 5735 (88)_Ed_iti
762 5655 1106 5735 ei'quinq‘ue
1139 5676 1306 5729 mss.,
1339 5655 1547 5734 Εἷγάρ.
1571 5666 1646 5718 At
1669 5661 1806 5735 Reg.
1832 5678 2010 5735 quar-

361 5727 479 5800 tué,
511 5727 573 5786 Εἰ
607 5732 684 5806 μὴ
713 5731 838 5809 γάρ.

749 5375 1017 5445 quartus,
1047 5369 1138 5424 καὶ
1172 5367 1334 5426 διότι.

1545 5193 1592 5227 9‘
1619 5191 1789 5251 Deut.
1819 5211 1957 5263 xm,
1987 5195 2170 5252 25-27.

2149 1970 2397 2045 ἠλιλίαν,
2431 1972 2558 2047 οὐχὶ
2586 1969 2644 2026 δὲ
2686 1979 2786 2041 τῆς
2829 1971 3201 2048 ἀπειρογάμου
3231 1973 3503 2048 γυναικός⁶
3534 1975 3670 2051 πρὸς
3706 1975 3800 2038 οὒς

2154 2059 2310 2137 ῥᾳδία
2339 2060 2428 2116 καὶ
2477 2060 2696 2125 αὐτόθεν
2743 2063 2778 2130 ἡ
2813 2062 3125 2133 ἀπάντησις.
3158 2062 3222 2120 El
3272 2063 3373 2138 γὰρ
3412 2065 3520 2137 (88)
3567 2064 3797 2137 σημεῖόν

2152 2149 2263 2206 ἐστι
2304 2149 2584 2226 τεραστίου
2629 2151 2778 2212 τινὸς
2807 2151 2898 2205 καὶ
2944 2149 3410 2226 παρηλλαγμένου
3458 2154 3557 2222 τὴν
3603 2157 3796 2222 κοινὴν

2151 2241 2434 2310 συνήθειαν
2465 2244 2571 2294 τῶν
2602 2239 2903 2316 ἀνθρώπων
2950 2237 3229 2313 ἐπίδειξις,
3270 2240 3323 2296 τί
3365 2242 3670 2316 Θαυμαστὸν
3703 2245 3796 2313 ἦν,

2155 2328 2280 2402 μίαν
2311 2333 2418 2384 τῶν
2451 2327 2676 2384 πολλῶν
2709 2335 2958 2405 γυναῖκα,
2991 2329 3141 2406 ἀνδρὶ
3177 2334 3547 2400 συνοικοῦσαν,
3587 2331 3800 2407 μητέρα

2150 2417 2393 2494 γενέσθαι
2442 2415 2664 2473 παιδίου
2698 2439 2711 2489 ;
2742 2423 2865 2481 Πῶς
2909 2418 2953 2474 δ’
2983 2417 3042 2474 ἂν
3090 2419 3180 2474 καὶ
3227 2420 3287 2474 τὸ
3337 2420 3440 2474 ἀπὸ
3486 2419 3801 2493 θελήματος

2150 2508 2344 2583 σαρκὸς
2385 2508 2637 2584 γεννηθὲν
2691 2506 3054 2582 Ἐμμαδουὴλ
3110 2509 3584 2584 προσηγορεύετος
3636 2516 3802 2564 "una

2149 2599 2195 2652 εἰ
2231 2597 2324 2670 μὲν
2384 2597 2610 2670 σημεῖόν
2666 2595 2777 2652 ἐστι
2829 2598 2890 2652 τὸ
2948 2595 3257 2672 διδόμενον,
3301 2595 3604 2675 παράδοξος
3656 2597 3799 2653 ἔστω

2147 2686 2236 2741 καὶ
2267 2689 2302 2756 ἡ
2333 2686 2601 2761 γέννησις.
2637 2685 2703 2742 Εἴ
2751 2683 2807 2740 δὲ
2853 2687 3034 2748 κοινὸς
3066 2687 3094 2741 ὁ
3122 2688 3326 2761 τρόπος
3362 2690 3461 2752 τῆς
3488 2689 3800 2762 γεννήσεως

2145 2779 2242 2830 τοῦ
2288 2771 2527 2842 παιδίου,
2579 2776 2718 2847 μήτε
2781 2780 3007 2848 σημεῖον
3069 2773 3328 2849 λεγέσθω,
3387 2777 3524 2848 μήτε
3575 2777 3802 2848 Ἐμμαο

2147 2862 2319 2932 νουὴλ
2367 2863 2867 2940 προσαγορευέσθω.
2917 2866 3078 2920 Ὥστε
3107 2864 3154 2918 εί
3205 2865 3281 2937 μὴ
3335 2862 3597 2939 παρθένος
3630 2867 3665 2934 ἡ
3697 2886 3795 2920 τε-

2147 2957 2337 3020 κοῦσα,
2368 2959 2524 3007 ποῖον
2555 2957 2717 3007 τοῦτο
2748 2953 2858 3026 (89)
2899 2958 3128 3026 σημεῖον
3163 2971 3178 3022 ;
3211 2953 3309 3008 Καὶ
3342 2953 3386 3008 εἰ
3433 2954 3509 3026 μή
3543 2952 3798 3030 θειοτέρα

2147 3041 2183 3111 ἢ
2214 3043 2349 3097 κατὰ
2387 3040 2513 3103 τοὺς
2561 3039 2807 3104 πολλοὺς
2839 3043 2873 3111 ἡ
2919 3039 3182 3116 γέννησις,
3214 3046 3331 3104 πῶς
3378 3045 3412 3112 ἡ
3441 3047 3538 3097 τοῦ
3580 3044 3799 3116 Ἐμμα-

2146 3129 2320 3201 νουήλ
2367 3129 2684 3207 παρουσία,
2730 3133 2857 3187 ’Ότι
2903 3131 3086 3203 μέντοι
3140 3135 3174 3202 ἡ
3227 3138 3401 3196 νεᾶνις
3449 3130 3536 3186 ἐπὶ
3584 3131 3799 3209 παρθέ-

2145 3242 2252 3276 νων
2304 3217 2456 3282 ἰδίως
2504 3218 2822 3293 ὠνομάσθη,
2878 3217 3044 3289 δῆλον
3098 3220 3157 3276 ἐκ
3196 3225 3302 3276 τῶν
3337 3220 3388 3275 ἐν
3427 3225 3508 3294 τῷ
3537 3229 3803 3296 Asc-cepo-

2146 3308 2327 3383 νομίῳ
2381 3308 2555 3371 οὕτως
2585 3309 2910 3382 εἰρημένων·
2946 3309 3065 3364 Ἐὰν
3117 3306 3174 3364 δὲ
3222 3308 3272 3364 ἐν
3317 3315 3398 3382 τῷ
3445 3306 3616 3382 πεδίῳ
3669 3310 3808 3386 εὕρῃ

2146 3400 2244 3468 τὴν
2294 3395 2461 3453 παῖδα
2537 3398 2634 3467 τὴν
2711 3397 3190 3470 μεμνηστευμένην
3228 3442 3242 3468 ,
3301 3397 3391 3453 καὶ
3472 3398 3809 3474 βιασάμενος
3887 3407 3894 3416 ’

2147 3487 2396 3561 κοιμηθῇ
2476 3487 2590 3559 μετ’
2665 3486 2832 3556 αὐτῆς
2869 3531 2882 3557 ,
2942 3487 3286 3542 ἀποκτενεῖτε
3353 3486 3443 3541 τὸν
3508 3487 3804 3561 ἄνθρωπον

2153 3576 2338 3650 μόνον,
2393 3577 2483 3630 καὶ
2539 3578 2608 3650 τῇ
2657 3573 2860 3631 νεάνιδι
2915 3576 2978 3631 οὐ
3037 3577 3293 3648 ποιήσετε
3345 3574 3523 3646 οὐδὲν,
3581 3576 3665 3631 ὅτι
3703 3577 3812 3632 οὐκ

2149 3665 2260 3721 ἔστι
2317 3669 2384 3740 τῇ
2461 3663 2661 3720 νεάνιδι
2737 3664 3037 3741 ἁμάρτημα
3093 3666 3322 3720 Θανάτου
3360 3707 3372 3721 .
3431 3667 3552 3722 ’Ότι
3612 3665 3692 3728 ὡς
3755 3663 3812 3720 εἴ

2147 3776 2232 3818 τις
2308 3753 2576 3828 ἐπαναστῇ
2631 3751 2915 3831 ἄνθρωπος
2992 3753 3080 3808 ἐπὶ
3149 3754 3238 3808 τὸν
3309 3753 3542 3824 πλησίον
3606 3751 3806 3825 αὒτοῦ,

2148 3843 2239 3898 καὶ
2293 3843 2525 3921 φονεύσῃ
2583 3842 2783 3898 αὐτόν’
2843 3841 2985 3898 οὕτω
3041 3844 3103 3898 τὸ
3163 3849 3390 3919 πρᾶγμα
3463 3847 3644 3898 τοῦτο.
3710 3846 3807 3901 Ἑν

2148 3939 2227 4003 τῷ
2284 3930 2454 4006 πεδίῳ
2507 3934 2653 4008 εὗρεν
2711 3931 2900 4004 αὐτήν·
2955 3927 3177 4004 ἐϐόησεν
3239 3935 3274 4003 ἡ
3333 3939 3508 3994 νεᾶνις
3545 3977 3560 4004 ,
3612 3934 3710 3988 καὶ
3775 3936 3805 3989 ὁ

2155 4023 2368 4097 βοηθῶν
2423 4021 2523 4077 οὐκ
2575 4021 2666 4090 ἦν.
2725 4023 2789 4077 Ἡ
2845 4021 3027 4076 τοίνυν
3064 4023 3248 4090 βοῶσα
3300 4023 3406 4097 πρὸ
3444 4029 3542 4091 τῆς
3583 4023 3802 4099 φθορᾶς

2149 4111 2408 4186 παρθένος
2462 4111 2552 4182 ἦν,
2614 4107 2906 4180 δηλονότι.
2966 4113 3109 4167 ’Ίσον
3170 4109 3258 4164 οὖν
3320 4107 3536 4165 δύναται
3597 4109 3803 4181 εἰπεῖν,

2149 4195 2372 4270 ἐϐόησεν
2427 4202 2462 4270 ἡ
2522 4199 2832 4276 παρθένος,
2872 4199 2959 4254 καὶ
3037 4195 3258 4268 ἐϐόησεν
3318 4201 3352 4269 ἡ
3410 4200 3630 4262 νεᾶνις.
3701 4199 3806 4254 Καὶ

2149 4288 2201 4343 ἐν
2229 4292 2296 4363 τῇ
2327 4288 2481 4365 τρίτῃ
2521 4293 2627 4343 τῶν
2677 4285 2979 4346 Βασιλειῶν
3024 4291 3059 4358 ἡ
3108 4293 3435 4362 Σωμανῖτις,
3479 4290 3513 4358 ἡ
3566 4288 3807 4344 συνϐάλ-

2147 4399 2322 4433 πουσα
2365 4379 2455 4433 τὸν
2507 4373 2711 4446 Δαϐἰδ,
2762 4377 3022 4453 παρθένος
3073 4376 3225 4447 οὖσα,
3275 4377 3363 4433 καὶ
3416 4374 3606 4452 ἀνδρὸς
3650 4377 3815 4433 ἀπεί-

2149 4489 2308 4545 ρατος
2387 4470 2548 4542 (90),
2604 4473 2776 4530 νεᾶνις
2844 4465 3358 4544 προσαγορεύεται.
3421 4465 3593 4543 Εὗρον
3674 4468 3814 4542 γὰρ,

2148 4557 2302 4635 φησὶ,
2361 4559 2460 4627 τήν
2519 4551 2782 4625 Ἀϐισὰκ,
2838 4557 2926 4611 καὶ
2989 4553 3223 4632 ἤνεγκαν
3282 4554 3449 4625 αὐτὴν
3507 4556 3642 4628 πρὸς
3707 4559 3810 4611 τὸν

2148 4643 2419 4723 βασιλέα,
2477 4646 2565 4701 καὶ
2633 4647 2669 4715 ἡ
2743 4644 2918 4708 νεᾶνις
2993 4645 3137 4716 καλή
3210 4644 3314 4709 ἓως
3389 4641 3640 4723 σφόδρα,
3708 4645 3812 4700 καὶ

2141 4734 2476 4812 ἐλειτούργει
2532 4740 2611 4808 τῷ
2675 4732 2908 4811 βασιλεῖ,
2966 4735 3054 4790 καὶ
3117 4735 3144 4789 ὁ
3201 4731 3456 4810 βασιλεὺς
3506 4734 3608 4788 οὐκ
3653 4730 3809 4810 ἔγνω

2141 4825 2331 4896 αὐτήν.
2393 4825 2488 4882 Ἐκ
2541 4823 2816 4902 Παρθένου
2866 4823 3043 4880 τοίνυν
3099 4821 3256 4898 ἁγίας
3309 4824 3338 4878 ὁ
3397 4821 3809 4897 Ἐμμανουὴλ,

2141 4921 2240 4986 τῆς
2299 4913 2580 4986 εἷ’πούσης’
2638 4919 2761 4978 Ηῶς
2817 4911 2962 4970 ἔσται
3039 4934 3132 4987 μοι
3179 4917 3346 4968 τοῦτο
3382 4960 3397 4983 ,
3447 4911 3561 4968 ἐπεὶ
3621 4911 3811 4989 ἄνδρα

2145 5004 2209 5060 οὐ
2265 5004 2518 5078 γινώσκω
2553 5021 2567 5074 ;
2602 5004 2742 5080 Πρὸς
2800 5004 2862 5074 ἣν
2915 5004 2944 5059 6
2997 5000 3248 5080 ἄγγελος,
3301 5000 3384 5057 ὅτι
3443 5006 3656 5076 Πνεῦμα
3692 5009 3810 5058 Κυ-

3459 5195 3502 5232 ⁹⁷
3523 5192 3666 5251 ibid.
3706 5196 3812 5254 35.

2275 5196 2320 5232 ον
2349 5195 2427 5253 III
2457 5197 2599 5270 Reg.
2634 5214 2676 5266 ι,
2702 5197 2758 5269 3,
2791 5197 2842 5254 4.
2945 5197 2989 5232 θ·
3020 5200 3156 5256 Luc.
3191 5210 3229 5252 ι.
3262 5194 3357 5250 34.

2205 5377 2312 5450 (89)
2342 5377 2482 5452 Reg.
2526 5381 2794 5452 quartus,
2827 5371 3100 5452 ποῖον-τό.
3135 5373 3252 5429 Nec
3272 5374 3366 5452 ita
3421 5371 3605 5430 multo
3657 5379 3816 5452 ppst

2129 5443 2304 5504 idem.
2336 5443 2561 5521 codvex;
2585 5453 2702 5512 πῶς
2749 5443 2788 5517 ἠγ
2827 5450 2926 5502 τοῦ
2967 5443 3335 5521 Ἐμμανουήλ
3395 5443 3807 5520 προσηγορία;

2127 5522 2408 5593 Quomodo
2439 5525 2493 5578 ei
2513 5518 2708 5578 nomen
2739 5520 3064 5577 Emmanuel
3095 5518 3442 5593 datumest?

2197 5594 2515 5670 (9Q)_Editi,
2547 5593 2886 5670 ἀπείραστος.
2942 5595 3010 5647 At
3053 5607 3221 5670 mss._
3250 5589 3491 5670 aliquot,
3550 5586 3802 5670 ἆπείεαῗ

2119 5658 2254 5788 10:.8
2270 5658 2576 5738 Aliquanto
2601 5658 2734 5739 post
2761 5672 2881 5722 tres
2910 5680 3082 5735 mss.,
3134 5660 3225 5715 καὶ
3272 5658 3365 5731 ἧν“
3387 5667 3565 5723 νεᾶνις
3623 5658 3795 5734 καλή

2119 5754 2188 5788 σω
2259 5754 2345 5788 Da-

2119 5754 2347 5812 σφοορα,
