4048 6220
272 314 366 372 165

1038 307 1449 370 COMMENT.
1497 307 1576 368 IN
1621 307 1890 367 lSAlAM
1942 305 2448 366 PROPHETAM.
2496 306 2668 366 CAP.
2717 305 2846 365 Vll.

3531 308 3650 368 466

268 444 369 518 ρίου
433 438 764 494 ἐπελεύσεται
845 438 936 494 ἐπὶ
1010 439 1099 506 σὶ,
1171 439 1260 493 καὶ
1339 435 1565 510 δύναμις
1628 435 1879 509 Ὑψίστου

1999 453 2290 508 quaquam
2320 439 2443 492 erat
2472 435 3038 507 obnoxia.Scriptum
3061 440 3148 492 est
3168 435 3323 492 enim
3355 437 3412 492 in
3434 439 3637 494 Deute.

265 530 528 587 ἐπισκιάσει
572 550 672 586 σοι.
713 527 861 598 Αὕτη
899 526 1160 590 ὑπόδικος
1195 527 1293 582 ούκ
1322 525 1434 582 ἔστι
1483 531 1561 598 τῷ
1614 526 1734 600 περὶ
1770 527 1880 597 (9|)

265 623 577 696 καθαρισμοῦ
627 620 828 691 νόμῳο
872 617 1176 693 Γέγραπται
1225 618 1325 693 γὰρ
1385 615 1436 670 ἐν
1488 620 1568 687 τῷ
1627 623 1885 688 Δευτερο-

260 709 440 781 νομίῳ,
485 707 564 762 ὅτι
625 709 791 776 Γυνὴ,
849 705 972 777 ἥτις
1027 705 1088 761 ἃν
1162 707 1559 782 σπερματισθῇ,
1616 703 1703 758 καὶ
1765 703 1886 776 τέκῃ

259 800 414 874 ἄρσεν,
499 796 796 872 ἀκάθαρτος
874 795 1020 851 ἔσται
1097 795 1234 852 ἐπτά
1289 793 1521 872 ἡμέρας.
1609 792 1755 864 Αὕτη
1830 788 1886 847 δὲ

257 886 425 957 ἐπειδὴ
488 888 561 960 μὴ
623 891 1082 963 σπερματισθεῖσα
1137 883 1347 960 ἐγένετο
1383 886 1568 960 μήτηρ
1627 886 1722 938 τοῦ
1755 883 1884 955 Ἐμ-

257 976 504 1050 μανοοήλ,
557 976 766 1051 καθαρά
809 976 901 1030 καὶ
955 973 1085 1050 ἁγία
1140 974 1230 1029 καὶ
1286 972 1553 1047 ἆμίαντός
1614 971 1762 1027 ἔστι*
1795 969 1884 1026 καὶ

255 1066 377 1140 ptri
445 1065 504 1120 τὸ
593 1065 839 1140 γενέσθαι
902 1065 1134 1140 μητέρα,
1201 1060 1277 1119 ἔτι
1355 1063 1616 1138 παρθένος
1695 1058 1884 1135 διαμὲ-

254 1177 398 1211 νουσα
450 1157 586 1227 (92).
629 1151 852 1223 Ἐπειδὴ
903 1155 1002 1229 γὰρ
1055 1154 1082 1208 6
1126 1157 1347 1229 πρῶτος
1375 1149 1553 1225 ’Λδᾶμ
1599 1151 1660 1206 ού
1713 1154 1780 1224 τῇ
1833 1148 1884 1221 ἐξ

255 1242 428 1318 ἀνδρὸς
479 1245 567 1298 καὶ
624 1245 878 1318 γυναικὸς
943 1241 1151 1315 συνόδῳ
1199 1240 1474 1318 παρῆλθεν
1537 1241 1612 1303 είς
1657 1242 1881 1315 γένεσιν,

253 1331 450 1389 ἁλλ’ἐκ
502 1339 602 1402 τῆς
663 1339 767 1407 γῆς
830 1331 1161 1402 ἀνεπλάσθηο
1195 1331 1280 1386 καὶ
1338 1332 1366 1385 6
1415 1329 1643 1406 ἔσχατος
1703 1327 1884 1402 Ἀδὰμ

254 1423 338 1492 τήν
363 1422 559 1477 ἐκείνου
583 1423 790 1498 φθορὰν
823 1419 1198 1492 ἀνακαινίζων,
1231 1419 1284 1475 ἐν
1315 1424 1383 1494 τῇ
1426 1423 1721 1496 παρθενικῇ
1776 1421 1882 1492 μή-

251 1534 338 1589 τρᾳ
367 1509 692 1576 διαπλασθὶν
723 1513 786 1566 τὸ
836 1517 998 1584 σῶμα
1047 1506 1270 1566 ἔλαϐεν·
1313 1508 1406 1565 ’ἱνα
1448 1509 1498 1564 ἐν
1547 1514 1626 1582 τῷ
1676 1509 1883 1583 ὁμοιώ-

255 1624 364 1676 ματι
393 1603 617 1676 γένηται
662 1606 742 1674 τῷ
789 1608 888 1671 τῆς
942 1598 1209 1676 ἁμαρτίας
1261 1597 1350 1654 διὰ
1383 1597 1777 1676 σαρκός.⁹1’πὶρ
1829 1595 1884 1652 δὶ

249 1695 333 1746 τοῦ
376 1693 469 1760 τὴν
520 1687 826 1766 παράδοξον
879 1689 1079 1760 ταύτην
1127 1688 1375 1765 γέννησιν
1439 1690 1515 1762 μή
1547 1689 1720 1759 πάντη
1755 1690 1884 1742 ἄπι-

1997 527 2260 581 ronomio
2293 526 2622 597 [Levitico]:
2659 526 2872 589 Mulier,
2905 544 3024 598 qua:
3045 528 3347 597 conceperit
3381 532 3646 597 semen,et

1992 617 2270 686 pepererit
2293 621 2632 684 masculum,
2666 616 2953 670 immunda
2983 617 3092 670 erit
3123 625 3327 687 septem
3359 615 3552 671 diebus
3580 616 3646 674 9°.

1994 708 2125 759 Haec
2155 708 2372 771 autem,
2407 721 2541 759 cum
2595 707 2722 760 acta
2754 703 2830 759 sit
2877 703 3277 759 Emmanuelis
3308 710 3493 759 mater
3523 705 3648 761 sine

1996 791 2395 865 semine,pura
2425 798 2743 864 sanctaque
2772 798 2829 849 et
2860 793 3338 861 intemerataest;
3364 792 3648 866 imo,pos-

1996 888 2272 956 teaquam
2293 885 2496 940 effecta
2529 889 2715 940 mater
2745 893 2850 955 est,
2885 884 3076 939 adhuc
3107 884 3267 956 virgo
3301 883 3648 956 permansit.

1998 978 2309 1042 Nam,cum
2343 974 2570 1046 primus
2602 973 2787 1030 Adam
2823 991 2937 1028 non
2963 992 3028 1030 ex
3051 972 3155 1028 viri
3177 991 3242 1029 ac
3266 973 3494 1029 feminis
3514 990 3652 1030 con-

1996 1080 2202 1136 gressu
2236 1065 2431 1119 editus
2463 1068 2618 1119 esset
2648 1064 2704 1119 in
2730 1063 3049 1129 lucem,sed
3067 1079 3135 1118 ex
3153 1068 3306 1118 terra
3323 1065 3653 1120 conforma-

1995 1158 2090 1209 tus
2143 1154 2196 1220 9;
2231 1153 2407 1208 etiam
2444 1153 2802 1209 novissimus
2825 1152 3008 1207 Adam
3028 1153 3466 1223 corruptionem
3493 1152 3656 1209 illius

1997 1242 2436 1298 instauraturus
2473 1242 2832 1309 ‘,formatum
2867 1241 2927 1296 in
2959 1240 3227 1313 virginali
3249 1246 3412 1297 utero
3439 1258 3654 1314 corpus

1999 1331 2372 1402 assumpsit:
2409 1335 2472 1386 ut
2522 1331 2578 1386 in
2613 1329 3002 1385 similitudine
3061 1330 3281 1402 peccati
3341 1334 3498 1386 esset
3551 1346 3655 1402 per

1995 1436 2229 1476 carnem
2264 1421 2303 1475 ³.
2337 1420 2445 1475 Sed
2479 1436 2549 1475 ne
2586 1420 2644 1487 ii,
2670 1420 2937 1491 quizegre
2961 1420 3281 1474 admodum
3306 1419 3651 1474 incarnatio-

1995 1528 2125 1566 nem
2163 1510 2419 1566 divinem
2453 1511 2789 1577 admittunt,
2841 1510 3014 1565 ﬁdem
3065 1525 3298 1564 omnem
3343 1508 3644 1581 stupendae

1996 1601 2132 1656 huic
2161 1601 2524 1674 generationi
2559 1604 2856 1673 negarent,
2891 1599 3171 1656 animalia
3201 1600 3491 1672 quaedam,
3517 1613 3647 1670 quas

1995 1690 2177 1746 solius
2212 1691 2440 1746 feminea
2473 1707 2649 1762 opera
2680 1691 2827 1745 citra
2851 1689 3104 1744 marium
3139 1688 3412 1760 cepulam
3446 1701 3647 1758 parere

252 1802 358 1835 στον
389 1776 529 1856 ἔχειν
562 1786 685 1842 τοῖς
719 1777 1172 1855 δυπαραδὲκτως
1220 1779 1344 1856 περὶ
1391 1780 1488 1847 τήν
1541 1777 1684 1833 θείαν
1736 1777 1883 1832 οἶκο-

1999 1785 2256 1852 possent,
2293 1797 2487 1836 rerum
2516 1781 2710 1853 opifex
2743 1778 3085 1852 procreavit.
3120 1777 3266 1836 Nam
3299 1775 3648 1833 animalium

249 1869 419 1942 νομίαν
453 1866 849 1943 διακειμένοις,
882 1865 1058 1925 ἔκτισὲ
1087 1872 1327 1924 τινατῶν
1364 1872 1519 1937 ζώων
1557 1868 1583 1921 6
1617 1875 1889 1943 Δημιουρ-

253 1960 331 2035 γὺς
352 1957 618 2033 δυνάμενα
651 1959 756 2014 ἀπὸ
793 1957 961 2032 μόνου
1019 1962 1113 2012 τοῦ
1161 1954 1382 2028 θήλεος,
1417 1957 1595 2032 χωρὶς
1639 1962 1740 2025 τῆς
1781 1960 1890 2011 τῶν

259 2047 466 2124 ἆῤῥὲνων
520 2045 859 2119 ἐπιπλοκῆς,
921 2047 1255 2104 ἀποτίκτειν.
1311 2049 1545 2102 Τοιαῦτο
1601 2045 1702 2122 γὰρ
1758 2046 2035 2123 ἱστοροῦσι
2118 2048 2241 2122 περὶ

257 2158 405 2211 μενοι.

307 2230 420 2286 202.
476 2226 758 2303 Βούτυρον
811 2225 902 2281 καὶ
965 2227 1092 2300 μέλι
1145 2226 1397 2304 φάγεται’
1458 2224 1584 2300 πρὶν
1644 2224 1679 2294 ἢ
1737 2229 1880 2300 γνῶ-

250 2338 324 2370 ναι
392 2317 588 2386 αὑτὸν,
651 2317 687 2387 ἢ
759 2314 1086 2392 προελὲσθαι
1164 2315 1422 2391 πονηρὰ,
1477 2311 1745 2385 ἐκλὲξεται
1818 2314 1880 2370 τὸ

255 2405 445 2480 ἀγαθόν.
507 2403 751 2478 Παιδικῇ
807 2409 984 2480 τροφῇ
1051 2412 1253 2482 χρῆται
1315 2403 1734 2478 ὁἘμμανουὴλ
1794 2401 1882 2458 διὸ.

254 2495 334 2562 τὴν
366 2495 550 2565 σάρκα,
598 2493 852 2570 βουτύρῳ
883 2495 971 2549 καὶ
1003 2491 1206 2567 μέλιτι.
1232 2494 1335 2550 Καὶ
1389 2492 1542 2568 ὅμως
1574 2493 1626 2548 ἐν
1678 2496 1746 2559 τῆ
1785 2497 1881 2548 τοῦ

257 2583 431 2653 νηπίου
461 2582 784 2638 καταστάσει
820 2583 1106 2659 ὑπάρχων,
1140 2581 1229 2638 διὰ
1273 2585 1371 2652 τήν
1421 2584 1728 2638 ἐνοικοῦσαν
1787 2582 1880 2637 αύ-

251 2677 319 2744 τῷ
347 2670 566 2743 δύναμιν
601 2680 705 2744 τῆς
755 2673 1116 2743 ἀγαθότητος,
1149 2673 1254 2750 πρὸ
1283 2679 1383 2743 τῆς
1432 2674 1568 2728 κατά
1606 2673 1704 2742 τὴν
1753 2671 1882 2742 ἠλι-

283 2761 294 2794 ρ
573 2767 585 2785 σ
1487 2762 1497 2780 ι
1719 2763 1728 2782 ι

251 2782 349 2815 ιι.αν
400 2763 764 2835 τελειωσεως,
808 2764 1088 2834 ἀπειθήσει
1148 2764 1241 2837 μὶν
1297 2783 1554 2839 πονηριᾳ,
1612 2761 1879 2833 ἐκλεξεται

251 2847 297 2904 δὲ
320 2852 375 2906 τὸ
432 2852 658 2929 ἀγαθόν.
693 2852 842 2908 Διότι
871 2856 907 2923 ἡ
945 2854 1038 2926 μὶν
1089 2854 1328 2928 ἡμετέρα
1381 2853 1537 2928 φύσις
1583 2850 1705 2922 ἴσην
1763 2850 1880 2928 ἔχει

247 2941 328 3009 τήν
383 2941 460 3017 ἐφ’
492 2942 727 3018 ἑκάτερα
777 2942 974 3018 ῥοπὴν,
1033 2941 1123 2998 καὶ
1169 2941 1438 3004 πολλάκις
1481 2943 1574 3015 μὲν
1628 2941 1764 3017 πρὸς
1819 2941 1880 2996 τὸ

249 3031 487 3105 πονηρὸν,
518 3031 802 3095 πολλάκις
835 3029 893 3087 δὲ
923 3032 1012 3087 καὶ
1042 3032 1177 3108 πρὸς
1220 3033 1282 3087 τὸ
1331 3032 1524 3107 ἀγαθὸν
1577 3029 1879 3100 ἀποκλίνει,

249 3118 309 3179 ὡς
351 3118 428 3174 ἐπὶ
473 3125 665 3198 ζυγοῦ,
709 3127 799 3175 νῦν
853 3122 946 3194 μὲν
1009 3120 1095 3176 ἐπὶ
1144 3121 1209 3176 τὰ
1260 3123 1402 3192 πάθη
1442 3129 1541 3190 τῆς
1573 3124 1755 3197 ψυχῆς
1786 3141 1880 3176 και

244 3207 599 3283 ταρῥεπούσης
631 3212 764 3283 (93),
797 3215 886 3266 νῦν
933 3207 990 3266 δὲ
1037 3210 1207 3266 πάλιν
1263 3211 1365 3266 ὑπὸ
1393 3209 1490 3267 τοῦ
1521 3207 1692 3287 λόγου
1723 3209 1881 3266 ἀνελ-

1999 1874 2269 1926 naluram
2303 1869 2399 1941 qui
2425 1869 2694 1926 consulto
2728 1869 3110 1942 perquisiere,
3137 1867 3279 1924 talia
3310 1867 3380 1923 de
3400 1864 3654 1922 vulturi-

2001 1960 2111 2016 bus
2143 1959 2441 2016 memoriae
2465 1959 2868 2032 prodiderunt.

2322 2052 2508 2122 γυπῶν
2564 2048 2616 2102 οἱ
2664 2048 2730 2102 τὰ
2808 2045 2930 2123 περὶ
3009 2045 3163 2116 ζώων
3241 2043 3655 2122 πραγματευσά-

2060 2229 2185 2284 202.
2218 2227 2394 2284 Vsas.
2433 2229 2518 2297 15,
2557 2228 2642 2284 16,
2677 2230 2951 2299 Butyrum
2978 2231 3035 2283 et
3082 2225 3192 2282 met
3223 2225 3499 2284 comedet:
3533 2241 3642 2280 an-

1991 2325 2219 2390 tequam
2241 2319 2376 2372 sciat
2406 2319 2540 2388 ipse,
2573 2325 2670 2373 aut
2696 2317 2987 2389 praeligat
3010 2316 3180 2386 mata,
3213 2316 3382 2388 eliget
3411 2315 3638 2369 bonum.

1991 2407 2186 2463 Utitur
2242 2405 2451 2478 puerili
2509 2406 2638 2462 cibo
2691 2405 3036 2461 Emmanuel
3086 2409 3324 2477 pr0pter
3377 2419 3637 2472 carnem,

1992 2512 2203 2568 nempe
2233 2495 2439 2569 butyro
2471 2499 2527 2551 et
2583 2494 2772 2552 melle.
2831 2496 2899 2551 Et
2945 2499 3164 2563 tamen,
3201 2495 3330 2550 licet
3377 2492 3439 2548 in
3478 2496 3636 2549 statu

1990 2585 2249 2642 infantili
2275 2587 2654 2652 constitutus,
2687 2603 2790 2658 per
2819 2585 3247 2642 inhabitantem
3279 2584 3338 2638 in
3371 2600 3434 2639 se
3454 2582 3639 2638 virtu-

1991 2680 2109 2732 tem
2140 2677 2295 2733 530
2330 2675 2633 2744 bonitatis,
2678 2681 2814 2732 ante
2865 2681 3158 2732 maturam
3208 2675 3639 2747 perfectamque

1991 2768 2240 2831 aetatem,
2275 2770 2339 2820 ut
2369 2766 2704 2837 reprobabit
2733 2765 3409 2837 nequitiam,itabonum
3441 2760 3637 2832 eliget.

1992 2857 2178 2920 Quare
2211 2859 2422 2911 natura
2451 2861 2651 2910 nostra
2682 2855 2858 2911 habet
2898 2853 3186 2926 aequalem
3218 2853 3290 2908 ad
3324 2856 3642 2922 utrumque

1993 2944 2467 3016 propensionem,
2503 2949 2560 3000 et
2590 2961 2742 3016 saepe
2785 2943 3024 3014 quidem
3056 2943 3128 3000 ad
3189 2941 3431 3007 malum,
3489 2955 3642 3010 saape

1987 3050 2118 3090 vero
2150 3035 2221 3090 ad
2253 3035 2472 3090 bonum
2533 3051 2767 3106 quoque
2823 3033 3098 3103 deﬂectit,
3134 3029 3638 3104 quemadmodum

1994 3123 2056 3179 ﬁt
2086 3124 2144 3178 in
2178 3128 2415 3190 statera,
2450 3127 2619 3184 modo
2651 3123 2996 3179 demittente
3039 3139 3101 3178 se
3132 3121 3330 3178 anima
3362 3120 3436 3176 ad
3469 3118 3640 3175 vitio-

1991 3230 2088 3268 sas
2119 3212 2603 3285 turbulentaeque
2633 3211 2991 3280 all’ectiones,
3053 3211 3224 3267 modo
3255 3210 3525 3267 eamdem
3557 3211 3640 3263 at-

251 3298 466 3369 κομένης
494 3297 584 3354 ἐπὶ
617 3300 681 3353 τὸ
713 3299 948 3374 βέλτιον.
983 3298 1144 3356 Ἀλλ’
1175 3299 1302 3376 οὐχὶ
1351 3299 1440 3354 καὶ
1491 3301 1518 3354 ὁ
1551 3299 1745 3372 Κύριος
1792 3298 1880 3353 οὕ-

1999 3302 2262 3358 trahente
2296 3292 2527 3358 ratione
2558 3303 2627 3358 ad
2662 3301 2893 3357 melius.
2918 3304 2990 3356 At
3018 3301 3304 3356 Dominus
3323 3315 3437 3354 non
3471 3299 3636 3366 item,

252 3405 364 3447 τως’
394 3387 516 3443 ἀλλ’
547 3391 584 3456 ἠ
620 3389 755 3463 πρὸς
796 3390 859 3443 τὸ
905 3389 1097 3465 ἀγαθὸν
1137 3389 1305 3444 αύτοῦ
1337 3391 1446 3461 (9-4)
1479 3388 1752 3452 οἷ’κείωσις
1799 3387 1882 3443 εύ-

250 3473 329 3536 θῦς
374 3475 429 3530 ἐκ
475 3477 710 3552 πρώτης
754 3476 1009 3552 γενέσεως
1061 3476 1379 3556 διεφαίνετο.
1411 3478 1490 3532 ΤίΔ
1520 3478 1619 3553 γὰρ
1650 3479 1881 3553 γέγραπ-

251 3581 362 3631 ut;
408 3567 531 3618 ’Ότι
585 3565 724 3640 Πρὶν
775 3564 809 3634 ἢ
855 3570 1052 3640 γνῶναι
1127 3566 1283 3620 αὐτὸν
1329 3566 1364 3634 ἢ
1417 3565 1739 3642 προελέσθαι
1790 3586 1886 3620 πο-

255 3652 707 3726 ντ,ρᾶ,ἒκλὲξεται
760 3655 822 3709 τὸ
881 3655 1098 3729 ἀγαθόν.
1161 3653 1512 3728 Ἀναδραμὼν
1570 3653 1626 3710 δὲ
1684 3653 1770 3709 ἐπὶ
1817 3655 1886 3708 τὰ

253 3737 296 3792 ἐν
325 3741 521 3797 Γενέσει
556 3745 913 3819 γεγραμμένα
942 3744 1064 3816 περὶ
1119 3749 1216 3798 τοῦ
1265 3749 1509 3819 γνωστοῦ
1565 3744 1738 3800 καλου
1793 3743 1882 3798 καὶ

253 3835 500 3904 πονηροῦ,
529 3831 784 3905 εὑρήσεις
813 3832 924 3887 ἐκεῖ
961 3835 1060 3901 τήν
1107 3833 1212 3908 πρὸ
1252 3840 1352 3902 τῆς
1398 3834 1666 3907 ἁμαρτίας
1721 3833 1884 3887 κατά-

254 3937 413 3973 στασιν
461 3925 561 3974 τοῦ
593 3919 779 3993 Ἀδὰμ
825 3921 1210 3997 παραπλησίαν
1270 3921 1430 3977 οὖσαν
1480 3927 1548 3996 τῇ
1606 3927 1696 3976 νῦν
1753 3921 1885 3976 ἀνα-

253 4010 636 4085 γεγραμμὲνῃ·
672 4009 754 4065 δτι
817 4010 869 4066 ἐν
932 4010 1118 4085 ἀγνοίᾳ
1179 4012 1248 4080 ἦν
1299 4016 1394 4066 τοῦ
1451 4015 1696 4087 πονηροῦ
1752 4011 1887 4066 κατᾶ

248 4101 442 4169 πεῖραν,
471 4107 569 4154 Διο
621 4104 714 4154 καί
765 4101 792 4155 6
842 4099 1045 4175 Κύριος
1087 4100 1136 4154 ἐν
1175 4101 1266 4175 μὲν
1392 4099 1618 4175 παιδικῇ
1653 4098 1883 4165 διαθέσει

247 4181 299 4238 τὸ
326 4184 571 4262 ἀκέραιον
635 4188 724 4242 καὶ
772 4186 1015 4262 ἄτρωτον
1077 4187 1153 4244 ἔτι
1201 4193 1299 4244 τοῦ
1330 4187 1507 4262 ’Δδὰμ
1549 4190 1879 4263 ἐμιμήσατο⁶

250 4269 292 4326 ἐν
323 4271 375 4329 δὲ
413 4281 491 4348 τῷ
524 4279 733 4342 ἀθετεῖν
764 4278 864 4347 τήν
895 4279 1184 4353 πονηρίαν,
1216 4279 1315 4348 τὴν
1357 4277 1417 4334 ἐκ
1459 4286 1560 4350 τῆς
1603 4283 1884 4354 παρακοῆς

247 4365 577 4439 παρανομίαν
613 4365 1050 4444 ἐπηνωρθώσατο
1081 4370 1214 4442 (95).

310 4543 427 4603 203.
460 4541 626 4604 Ἀλλ’
655 4543 861 4620 ἐπάξεὲ,
914 4545 1100 4626 φησὶν,
1153 4549 1180 4605 6
1221 4548 1347 4612 Θεὸς
1397 4546 1485 4606 ἐπὶ
1543 4549 1620 4620 σὲ,
1651 4547 1740 4606 καὶ
1789 4548 1880 4606 ἐπὶ

253 4631 330 4684 τὸν
379 4631 509 4689 λαόν
566 4657 686 4708 σου,
736 4639 826 4692 καὶ
882 4637 969 4692 ἐπὶ
1027 4639 1116 4694 τὸν
1168 4641 1317 4694 οἶκον
1372 4645 1470 4695 τοῦ
1527 4641 1731 4717 πατρός
1786 4661 1880 4695 σου

250 4720 488 4795 ἡμέρας,
566 4725 624 4780 αἲ
722 4723 876 4781 οὔπω
983 4727 1174 4798 ἣκασιν
1211 4775 1224 4802 ,
1305 4731 1394 4808 ἀφ’
1485 4733 1552 4800 ἧς
1661 4729 1878 4808 ἀφεῖλεν

246 4807 469 4885 Ἐφραῖμ
525 4814 634 4868 ἀπὸ
688 4813 888 4888 Ἰούδα,
946 4817 1037 4872 τὸν
1107 4807 1361 4875 Βασιλέα
1409 4824 1516 4874 τῶν
1564 4807 1880 4896 Ἀσσυρίων.

1993 3391 2094 3446 sed
2126 3407 2192 3446 ea
2224 3408 2401 3463 quam
2421 3407 2553 3446 cum
2584 3391 2734 3446 bono
2767 3390 2974 3446 habuit
2998 3389 3370 3446 necessitudo
3391 3387 3638 3443 statima

1993 3479 2182 3552 primo
2214 3485 2343 3536 ortu
2370 3479 2811 3553 apparuit.Quid
2833 3479 2988 3535 enim
3012 3479 3297 3551 scriptum
3319 3481 3410 3533 est
3432 3477 3634 3532 tAnte-

1993 3587 2156 3641 quam
2187 3572 2324 3626 sciat
2371 3572 2507 3640 ipse,
2565 3574 2661 3625 aut
2685 3570 2987 3642 praeeligat
3017 3569 3184 3637 mala,
3218 3569 3384 3637 eliget
3415 3568 3633 3623 bonum.

1995 3657 2155 3722 Quod
2190 3655 2236 3711 si
2272 3674 2536 3712 recurras
2565 3658 2637 3712 ad
2670 3673 2736 3712 ea
2767 3674 2892 3728 qum
2925 3656 2984 3711 in
3009 3656 3219 3712 Genesi
3241 3655 3461 3727 scripta
3499 3658 3638 3710 sunt

1995 3745 2065 3800 de
2096 3745 2342 3801 scientia
2375 3746 2511 3801 boui
2541 3751 2598 3801 et
2628 3745 2765 3800 mali
2799 3746 2856 3815 ες
2892 3745 3012 3800 illic
3042 3744 3295 3817 reperies
3317 3743 3638 3814 statum,in

1994 3850 2108 3904 quo
2141 3833 2370 3904 positus
2401 3835 2509 3888 fuit
2538 3835 2797 3889 Adamus
2827 3839 2962 3890 ante
2995 3838 3318 3906 peccatum,
3367 3833 3418 3888 ei
3457 3832 3639 3889 statui

1993 3923 2093 3994 qui
2127 3939 2282 3977 nunc
2314 3922 2668 3978 describitur
2720 3922 3085 3978 consimilem
3146 3939 3294 3990 esse,
3341 3923 3637 3994 siquidem

1994 4011 2216 4067 malum
2248 4011 2558 4084 ignorabat
2604 4016 2803 4083 utpote
2834 4012 2976 4067 illud
3012 4029 3127 4067 non
3158 4015 3452 4083 expertus.
3485 4010 3638 4074 Qua-

1993 4106 2230 4174 propter
2255 4106 2312 4157 et
2342 4101 2650 4168 Dominus,
2684 4119 2818 4157 cum
2850 4102 2908 4157 in
2941 4101 3146 4157 habitu
3180 4100 3414 4173 quidem
3446 4098 3640 4156 adhuc

1993 4190 2204 4263 puerili
2234 4191 2672 4257 consisteret,id
2706 4191 2860 4263 quod
2890 4191 2950 4246 in
2979 4191 3202 4246 Adamo
3234 4206 3449 4263 purum
3471 4205 3639 4245 man-

1993 4285 2149 4336 serat
2171 4285 2226 4336 et
2256 4281 3080 4353 incorruptum,imitatusest:
3115 4297 3248 4336 cum
3278 4297 3413 4338 vero
3444 4296 3637 4353 repro-
3723 4287 3744 4296 ’

1990 4369 2152 4427 bavit
2180 4370 2533 4442 nequitiam,
2563 4370 2937 4429 violationem
2967 4370 3114 4443 legis
3169 4387 3238 4427 ex
3267 4369 3641 4427 contumacia

1989 4464 2222 4535 partem
2253 4461 2604 4519 emendavit.

2059 4553 2185 4610 203.
2217 4553 2394 4610 Vsas.
2447 4555 2532 4608 17.
2554 4551 2678 4622 Sed,
2728 4551 2940 4623 inquit,
3000 4551 3228 4607 adducet
3281 4551 3420 4607 Deus
3473 4565 3639 4622 super

1991 4650 2065 4712 le,
2085 4651 2134 4698 et
2163 4659 2324 4714 super
2347 4643 2616 4715 papulum
2654 4645 2889 4712 tuum,et
2909 4657 3076 4713 super
3101 4640 3319 4697 domum
3348 4641 3528 4713 patris
3553 4640 3638 4694 tui

1991 4731 2124 4802 dies,
2156 4733 2254 4804 qui
2271 4732 2503 4788 necdum
2531 4740 2826 4799 venerunt,
2865 4747 2934 4786 ex
2962 4747 3065 4802 quo
3095 4731 3322 4786 abstulit
3361 4729 3638 4802 Epitraim

1994 4839 2029 4876 α
2055 4821 2216 4890 Juda,
2246 4838 2426 4893 regem
2463 4822 2836 4894 Assyriorum.
2886 4819 3185 4876 Sententia
3239 4821 3361 4876 haec
3413 4819 3637 4893 signiﬁ-

307 4909 346 4943 κ
367 4910 492 4967 Lev.
526 4915 714 4981 111,2.
754 4917 798 4952 ³ο
833 4917 976 4973 Gen.
1009 4934 1071 4984 ιι,
1101 4918 1156 4974 7.
1192 4920 1208 4955 ί
1235 4919 1258 4973 l
1290 4921 1415 4975 Cor.
1447 4936 1544 4990 xv,
1576 4921 1664 4976 47.
1699 4922 1730 4987 ’_
1748 4920 1883 4976 Rom

1999 4936 2054 4990 ιι,
2088 4920 2142 4974 3.
2175 4921 2198 4954 ³
2225 4923 2370 4976 Gen.
2404 4937 2465 4988 ιι,
2504 4922 2605 4987 17;
2640 4936 2724 4990 ιιι,
2754 4920 2790 4973 2
2820 4936 2949 4991 sqq.

305 5008 621 5086 (91_)‘Editi,
654 5012 776 5086 περῖ
805 5017 926 5071 τοῦ.
952 5017 1030 5086 At
1077 5015 1134 5071 in
1161 5033 1305 5072 mss.
1359 5019 1524 5074 deest
1569 5018 1876 5074 articulus.

253 5078 399 5160 {laud
429 5078 797 5160 longe'edi'ti,
829 5087 965 5160 γυνή
999 5084 1123 5160 ἥτις
1152 5087 1231 5144 ἑά.
1264 5091 1331 5144 At
1388 5107 1530 5147 mss.
1581 5108 1704 5159 sex,
1761 5088 1884 5159 ἥτις

254 5101 399 5166 gnua
432 5101 605 5211 longe
635 5101 797 5155 eam,
829 5101 965 5160 γυνη
999 5101 1123 5154 ητις
1152 5101 1231 5144 td.
1264 5101 1331 5144 At
1388 5107 1530 5147 mss.
1581 5108 1704 5159 sex,
1761 5101 1882 5159 ἥτις

251 5169 320 5236 αν.
350 5154 529 5212 Subin
577 5174 607 5213 e
638 5159 801 5225 editi,
849 5159 978 5232 τέκῃ
1009 5157 1221 5233 ἄρσενα.
1280 5161 1515 5218 Veteres
1569 5181 1693 5234 sex,
1725 5164 1882 5232 libri,

252 5239 306 5286 αρ
320 5241 419 5286 σεν,

321 5296 422 5366 (9‘2)
455 5298 669 5379 Tptutq
698 5301 868 5379 illud,
912 5301 999 5355 καὶ
1033 5375 1044 5379 _
1066 5302 1209 5379 μετὰ⁸
1244 5303 1316 5379 τὸ-
1360 5303 1601 5379 γενέσθαι
1660 5325 1886 5378 μητερα,

250 5359 613 5450 εει’”παρθὶνος
645 5359 1002 5450 διαμένουσα,
1031 5359 1088 5429 in
1122 5374 1247 5430 suis
1286 5359 1744 5450 du6bus'Reg|iis
1792 5359 1886 5434 ξιο-ἷ

259 5437 473 5496 dicibus
504 5444 703 5503 deesse
735 5437 1036 5503 annotavit
1067 5452 1308 5504 Ducaeus
1342 5466 1355 5504 :
1419 5451 1518 5504 sed
1581 5437 1682 5506 has
1721 5467 1888 5507 voces

261 5511 579 5604 agitasse}:
600 5519 859 5604 Anglicis
890 5520 1072 5604 fuisse
1101 5519 1376 5604 ianquem
1411 5523 1606 5604 modo“
1632 5523 1780 5604 dixi,
1800 5524 1891 5576 vir

263 5588 637 5664 peritissimus
667 5588 997 5664 admonuit.
1025 5588 1545 5664 Necdissimulare
1571 5593 1725 5664 licet,
1766 5594 1889 5649 haec

265 5659 383 5722 ipsa
401 5659 597 5729 verba,
627 5668 693 5720 ut
719 5663 780 5720 in
810 5662 1004 5721 Ducei
1027 5662 1348 5732 codicibus,
1379 5664 1462 5722 ita
1491 5659 1724 5739 quoque
1751 5671 1808 5723 et
1829 5666 1890 5721 in

1990 5018 2206 5092 nostris
2237 5017 2885 5092 omnibusdesiderari.
2908 5018 2976 5092 Et
3000 5017 3400 5092 hicobservari
3432 5023 3640 5092 potest,

1997 5091 2152 5161 quod
2195 5092 2266 5145 de
2297 5090 2632 5146 vulturibus
2665 5091 2866 5146 statim
2901 5090 3138 5156 dicitur,
3192 5091 3297 5147 hoc
3330 5090 3486 5147 idem
3526 5094 3582 5146 et
3613 5107 3646 5144 a

1996 5162 2210 5218 Basilio
2240 5163 2403 5288 Egm.
2435 5166 2469 5218 8
2501 5165 2560 5218 in
2589 5165 2848 5227 Hexaem,
2880 5162 3017 5230 dici,
3076 5169 3133 5218 et
3163 5164 3235 5219 ab
3266 5163 3494 5219 zEliano
3541 5161 3642 5217 lib.

1996 5251 2058 5288 ιι.
2078 5251 2202 5288 can.
2314 5277 2326 5288 .

1996 5251 2058 5289 Il.
2078 5251 2202 5289 C81).
2240 5251 2326 5289 40.

2240 5251 2489 5380 :éntiqui
2537 5310 2655 5380 tres
2701 5305 2867 5380 libri,
2928 5303 3359 5380 ἀπορρεπούσης.
3420 5303 3643 5360 Ibidem

1999 5375 2244 5450 uterque
2267 5375 2559 5450 Colb_.,_érri
2581 5381 2678 5430 τοῦ
2701 5375 2893 5450 λόγου.

2070 5445 2181 5520 (94⁷)
2213 5451 2386 5519 Editi,
2419 5445 2601 5504 αὑτοῦ.
2633 5452 2706 5504 At
2737 5445 2837 5504 sex
2868 5466 3037 5520 mss.,
3071 5445 3236 5520 αὐτῷ,

2075 5517 2182 5592 (95)
2218 5517 2452 5594 Εάᾗῐὶὀῐ
2484 5522 2744 5594 quinque
2775 5538 2946 5591 mss.,
2996 5517 3446 5594 ὲπανωρθώσατο.
3501 5520 3641 5588 Reg.

2004 5598 2270 5666 quartus,
2302 5591 2757 5667 ἐπηνωρθώσατο.
