  <div class='ocr_page' id='page_1' title='image "/cluster/home/n/w/nwhite01/storage/ocr_20150623/30/hvd.32044073501827/243.png"; bbox 0 0 4118 6220; ppageno 0'>
   <div class='ocr_carea' id='block_1_1' title="bbox 381 320 493 383">
    <p class='ocr_par' dir='ltr' id='par_1_1' title="bbox 381 320 493 383">
     <span class='ocr_line' id='line_1_1' title="bbox 381 320 493 383; baseline -0.009 -1"><span class='ocrx_word' id='word_1_1' title='bbox 381 320 493 383; x_wconf 67' lang='grc'>471</span> 
     </span>
    </p>
   </div>
   <div class='ocr_carea' id='block_1_2' title="bbox 1333 315 2849 382">
    <p class='ocr_par' dir='ltr' id='par_1_2' title="bbox 1333 315 2849 382">
     <span class='ocr_line' id='line_1_2' title="bbox 1333 315 2849 382; baseline -0.004 0"><span class='ocrx_word' id='word_1_2' title='bbox 1333 318 1727 382; x_wconf 75' lang='lat' dir='ltr'>APPENDIX</span> <span class='ocrx_word' id='word_1_3' title='bbox 1770 315 2091 381; x_wconf 70' lang='lat' dir='ltr'>OPERUM</span> <span class='ocrx_word' id='word_1_4' title='bbox 2138 317 2205 379; x_wconf 91' lang='lat' dir='ltr'>S.</span> <span class='ocrx_word' id='word_1_5' title='bbox 2249 317 2532 380; x_wconf 83' lang='lat' dir='ltr'>BASILll</span> <span class='ocrx_word' id='word_1_6' title='bbox 2575 316 2849 379; x_wconf 79' lang='lat' dir='ltr'><strong>MAGNI.</strong></span> 
     </span>
    </p>
   </div>
   <div class='ocr_carea' id='block_1_3' title="bbox 3677 317 3807 377">
    <p class='ocr_par' dir='ltr' id='par_1_3' title="bbox 3677 317 3807 377">
     <span class='ocr_line' id='line_1_3' title="bbox 3677 317 3807 377; baseline 0.023 -3"><span class='ocrx_word' id='word_1_7' title='bbox 3677 317 3807 377; x_wconf 73' lang='grc'><strong>472</strong></span> 
     </span>
    </p>
   </div>
   <div class='ocr_carea' id='block_1_4' title="bbox 384 441 2061 524">
    <p class='ocr_par' dir='ltr' id='par_1_4' title="bbox 384 451 2032 524">
     <span class='ocr_line' id='line_1_4' title="bbox 384 451 2032 524; baseline -0.002 -18"><span class='ocrx_word' id='word_1_8' title='bbox 384 454 520 508; x_wconf 87' lang='lat' dir='ltr'>tura</span> <span class='ocrx_word' id='word_1_9' title='bbox 539 451 708 507; x_wconf 85' lang='lat' dir='ltr'>estin</span> <span class='ocrx_word' id='word_1_10' title='bbox 736 451 971 524; x_wconf 81' lang='lat' dir='ltr'>regione</span> <span class='ocrx_word' id='word_1_11' title='bbox 1006 452 1261 522; x_wconf 81' lang='lat' dir='ltr'>ubertas,</span> <span class='ocrx_word' id='word_1_12' title='bbox 1292 455 1351 507; x_wconf 93' lang='lat' dir='ltr'>ut</span> <span class='ocrx_word' id='word_1_13' title='bbox 1386 468 1561 509; x_wconf 88' lang='lat' dir='ltr'>vacca</span> <span class='ocrx_word' id='word_1_14' title='bbox 1613 467 1729 506; x_wconf 91' lang='lat' dir='ltr'>una</span> <span class='ocrx_word' id='word_1_15' title='bbox 1786 455 1843 506; x_wconf 90' lang='lat' dir='ltr'>et</span> <span class='ocrx_word' id='word_1_16' title='bbox 1898 463 2032 504; x_wconf 85' lang='lat' dir='ltr'>oves</span> 
     </span>
    </p>
   </div>
   <div class='ocr_carea' id='block_1_5' title="bbox 2173 441 3805 524">
    <p class='ocr_par' dir='ltr' id='par_1_5' title="bbox 2173 441 3805 521">
     <span class='ocr_line' id='line_1_5' title="bbox 2173 441 3805 521; baseline -0.002 -21"><span class='ocrx_word' id='word_1_17' title='bbox 2173 446 2441 508; x_wconf 87' lang='grc' dir='ltr'>;νάπαυσις</span> <span class='ocrx_word' id='word_1_18' title='bbox 2472 450 2551 518; x_wconf 77' lang='grc' dir='ltr'>τῷ</span> <span class='ocrx_word' id='word_1_19' title='bbox 2581 441 2803 519; x_wconf 77' lang='grc' dir='ltr'>Ἰσραὴλ</span> <span class='ocrx_word' id='word_1_20' title='bbox 2837 442 3080 519; x_wconf 73' lang='grc' dir='ltr'>ῥυσθιντι</span> <span class='ocrx_word' id='word_1_21' title='bbox 3138 445 3244 500; x_wconf 81' lang='grc' dir='ltr'>ἀπὸ</span> <span class='ocrx_word' id='word_1_22' title='bbox 3274 451 3374 515; x_wconf 83' lang='grc' dir='ltr'>τῆς</span> <span class='ocrx_word' id='word_1_23' title='bbox 3405 441 3805 521; x_wconf 69' lang='grc' dir='ltr'>αἰχμαλωσίας</span> 
     </span>
    </p>
   </div>
   <div class='ocr_carea' id='block_1_6' title="bbox 389 538 2036 614">
    <p class='ocr_par' dir='ltr' id='par_1_6' title="bbox 389 538 2036 614">
     <span class='ocr_line' id='line_1_6' title="bbox 389 538 2036 614; baseline -0.001 -19"><span class='ocrx_word' id='word_1_24' title='bbox 389 541 422 595; x_wconf 92' lang='lat' dir='ltr'>d</span> <span class='ocrx_word' id='word_1_25' title='bbox 435 542 853 613; x_wconf 76' lang='lat' dir='ltr'>uaepossessori</span> <span class='ocrx_word' id='word_1_26' title='bbox 870 558 975 597; x_wconf 90' lang='lat' dir='ltr'>suo</span> <span class='ocrx_word' id='word_1_27' title='bbox 991 542 1109 598; x_wconf 89' lang='lat' dir='ltr'>sint</span> <span class='ocrx_word' id='word_1_28' title='bbox 1129 541 1586 614; x_wconf 69' lang='lat' dir='ltr'>suppeditatum</span> <span class='ocrx_word' id='word_1_29' title='bbox 1602 541 1769 596; x_wconf 89' lang='lat' dir='ltr'>lactis</span> <span class='ocrx_word' id='word_1_30' title='bbox 1786 538 2010 610; x_wconf 87' lang='lat' dir='ltr'>cepiam</span> <span class='ocrx_word' id='word_1_31' title='bbox 2023 579 2036 605; x_wconf 91' lang='lat'>,</span> 
     </span>
    </p>
   </div>
   <div class='ocr_carea' id='block_1_7' title="bbox 390 626 2039 702">
    <p class='ocr_par' dir='ltr' id='par_1_7' title="bbox 390 626 2039 702">
     <span class='ocr_line' id='line_1_7' title="bbox 390 626 2039 702; baseline -0.001 -19"><span class='ocrx_word' id='word_1_32' title='bbox 390 628 471 684; x_wconf 90' lang='lat' dir='ltr'>ita</span> <span class='ocrx_word' id='word_1_33' title='bbox 501 634 568 684; x_wconf 91' lang='lat' dir='ltr'>ut</span> <span class='ocrx_word' id='word_1_34' title='bbox 591 630 786 702; x_wconf 81' lang='lat' dir='ltr'>butyri</span> <span class='ocrx_word' id='word_1_35' title='bbox 812 626 1235 687; x_wconf 76' lang='lat' dir='ltr'>abundantiam</span> <span class='ocrx_word' id='word_1_36' title='bbox 1269 631 1341 685; x_wconf 93' lang='lat' dir='ltr'>ob</span> <span class='ocrx_word' id='word_1_37' title='bbox 1372 630 1429 685; x_wconf 88' lang='lat' dir='ltr'>id</span> <span class='ocrx_word' id='word_1_38' title='bbox 1482 629 1712 697; x_wconf 86' lang='lat' dir='ltr'>habeat,</span> <span class='ocrx_word' id='word_1_39' title='bbox 1735 629 1886 700; x_wconf 87' lang='lat' dir='ltr'>quod</span> <span class='ocrx_word' id='word_1_40' title='bbox 1914 643 2039 682; x_wconf 89' lang='lat' dir='ltr'>om-</span> 
     </span>
    </p>
   </div>
   <div class='ocr_carea' id='block_1_8' title="bbox 391 717 2043 791">
    <p class='ocr_par' dir='ltr' id='par_1_8' title="bbox 391 717 2043 791">
     <span class='ocr_line' id='line_1_8' title="bbox 391 717 2043 791; baseline -0.002 -17"><span class='ocrx_word' id='word_1_41' title='bbox 391 734 497 774; x_wconf 87' lang='lat' dir='ltr'>nes</span> <span class='ocrx_word' id='word_1_42' title='bbox 526 722 693 774; x_wconf 68' lang='lat' dir='ltr'>terras</span> <span class='ocrx_word' id='word_1_43' title='bbox 727 719 889 775; x_wconf 90' lang='lat' dir='ltr'>illius</span> <span class='ocrx_word' id='word_1_44' title='bbox 924 719 1127 775; x_wconf 70' lang='lat' dir='ltr'>incolas</span> <span class='ocrx_word' id='word_1_45' title='bbox 1173 720 1386 791; x_wconf 81' lang='lat' dir='ltr'>butyro</span> <span class='ocrx_word' id='word_1_46' title='bbox 1455 718 1753 774; x_wconf 89' lang='lat' dir='ltr'>nutriendi</span> <span class='ocrx_word' id='word_1_47' title='bbox 1812 717 1931 773; x_wconf 87' lang='lat' dir='ltr'>sint</span> <span class='ocrx_word' id='word_1_48' title='bbox 1986 720 2043 771; x_wconf 91' lang='lat' dir='ltr'>ct</span> 
     </span>
    </p>
   </div>
   <div class='ocr_carea' id='block_1_9' title="bbox 392 804 2042 881">
    <p class='ocr_par' dir='ltr' id='par_1_9' title="bbox 392 804 2042 881">
     <span class='ocr_line' id='line_1_9' title="bbox 392 804 2042 881; baseline -0.001 -20"><span class='ocrx_word' id='word_1_49' title='bbox 392 805 584 863; x_wconf 87' lang='lat' dir='ltr'>melle.</span> <span class='ocrx_word' id='word_1_50' title='bbox 618 810 890 864; x_wconf 77' lang='lat' dir='ltr'>Fortasse</span> <span class='ocrx_word' id='word_1_51' title='bbox 913 814 1109 865; x_wconf 89' lang='lat' dir='ltr'>autem</span> <span class='ocrx_word' id='word_1_52' title='bbox 1134 809 1322 881; x_wconf 88' lang='lat' dir='ltr'>magis</span> <span class='ocrx_word' id='word_1_53' title='bbox 1349 809 1632 865; x_wconf 83' lang='lat' dir='ltr'>condecet</span> <span class='ocrx_word' id='word_1_54' title='bbox 1653 823 1830 864; x_wconf 88' lang='lat' dir='ltr'>sensu</span> <span class='ocrx_word' id='word_1_55' title='bbox 1854 804 2042 861; x_wconf 85' lang='lat' dir='ltr'>subli-</span> 
     </span>
    </p>
   </div>
   <div class='ocr_carea' id='block_1_10' title="bbox 393 896 2038 968">
    <p class='ocr_par' dir='ltr' id='par_1_10' title="bbox 393 896 2038 968">
     <span class='ocr_line' id='line_1_10' title="bbox 393 896 2038 968; baseline 0.001 -19"><span class='ocrx_word' id='word_1_56' title='bbox 393 896 579 952; x_wconf 89' lang='lat' dir='ltr'>miore</span> <span class='ocrx_word' id='word_1_57' title='bbox 599 896 923 968; x_wconf 80' lang='lat' dir='ltr'>intelligere</span> <span class='ocrx_word' id='word_1_58' title='bbox 944 898 1194 953; x_wconf 89' lang='lat' dir='ltr'>traditas</span> <span class='ocrx_word' id='word_1_59' title='bbox 1226 898 1297 954; x_wconf 91' lang='lat' dir='ltr'>de</span> <span class='ocrx_word' id='word_1_60' title='bbox 1329 896 1690 953; x_wconf 81' lang='lat' dir='ltr'>animalibus</span> <span class='ocrx_word' id='word_1_61' title='bbox 1721 896 2038 952; x_wconf 84' lang='lat' dir='ltr'>doctrinas.</span> 
     </span>
    </p>
   </div>
   <div class='ocr_carea' id='block_1_11' title="bbox 393 983 2045 1057">
    <p class='ocr_par' dir='ltr' id='par_1_11' title="bbox 393 983 2045 1057">
     <span class='ocr_line' id='line_1_11' title="bbox 393 983 2045 1057; baseline 0 -18"><span class='ocrx_word' id='word_1_62' title='bbox 393 983 543 1040; x_wconf 86' lang='lat' dir='ltr'>Nam</span> <span class='ocrx_word' id='word_1_63' title='bbox 575 984 785 1041; x_wconf 88' lang='lat' dir='ltr'>horum</span> <span class='ocrx_word' id='word_1_64' title='bbox 815 987 1123 1043; x_wconf 82' lang='lat' dir='ltr'>verborum</span> <span class='ocrx_word' id='word_1_65' title='bbox 1149 986 1295 1055; x_wconf 91' lang='lat' dir='ltr'>loco,</span> <span class='ocrx_word' id='word_1_66' title='bbox 1320 986 1589 1042; x_wconf 87' lang='lat' dir='ltr'>Enutriet</span> <span class='ocrx_word' id='word_1_67' title='bbox 1632 986 2045 1057; x_wconf 80' lang='lat' dir='ltr'>unusquisque</span> 
     </span>
    </p>
   </div>
   <div class='ocr_carea' id='block_1_12' title="bbox 395 1073 2043 1149">
    <p class='ocr_par' dir='ltr' id='par_1_12' title="bbox 395 1073 2043 1149">
     <span class='ocr_line' id='line_1_12' title="bbox 395 1073 2043 1149; baseline -0.001 -20"><span class='ocrx_word' id='word_1_68' title='bbox 395 1073 660 1129; x_wconf 90' lang='lat' dir='ltr'>animum</span> <span class='ocrx_word' id='word_1_69' title='bbox 682 1073 902 1131; x_wconf 90' lang='lat' dir='ltr'>laboris</span> <span class='ocrx_word' id='word_1_70' title='bbox 930 1075 1360 1147; x_wconf 89' lang='lat' dir='ltr'>tolerantem,et</span> <span class='ocrx_word' id='word_1_71' title='bbox 1389 1074 1758 1149; x_wconf 64' lang='lat' dir='ltr'>agriculturae</span> <span class='ocrx_word' id='word_1_72' title='bbox 1789 1075 2043 1147; x_wconf 89' lang='lat' dir='ltr'>peritum</span> 
     </span>
    </p>
   </div>
   <div class='ocr_carea' id='block_1_13' title="bbox 399 1162 2041 1234">
    <p class='ocr_par' dir='ltr' id='par_1_13' title="bbox 399 1162 2041 1234">
     <span class='ocr_line' id='line_1_13' title="bbox 399 1162 2041 1234; baseline 0 -17"><span class='ocrx_word' id='word_1_73' title='bbox 399 1178 465 1217; x_wconf 91' lang='lat' dir='ltr'>ao</span> <span class='ocrx_word' id='word_1_74' title='bbox 495 1162 849 1234; x_wconf 88' lang='lat' dir='ltr'>studiosum,</span> <span class='ocrx_word' id='word_1_75' title='bbox 882 1164 1027 1220; x_wconf 82' lang='lat' dir='ltr'>dixit</span> <span class='ocrx_word' id='word_1_76' title='bbox 1056 1182 1298 1233; x_wconf 79' lang='lat' dir='ltr'>vaccam,</span> <span class='ocrx_word' id='word_1_77' title='bbox 1332 1166 1549 1221; x_wconf 85' lang='lat' dir='ltr'>animal</span> <span class='ocrx_word' id='word_1_78' title='bbox 1605 1164 1846 1229; x_wconf 85' lang='lat' dir='ltr'>scilicet,</span> <span class='ocrx_word' id='word_1_79' title='bbox 1887 1162 2041 1234; x_wconf 90' lang='lat' dir='ltr'>quod</span> 
     </span>
    </p>
   </div>
   <div class='ocr_carea' id='block_1_14' title="bbox 401 1249 2044 1327">
    <p class='ocr_par' dir='ltr' id='par_1_14' title="bbox 401 1249 2044 1327">
     <span class='ocr_line' id='line_1_14' title="bbox 401 1249 2044 1327; baseline 0.001 -21"><span class='ocrx_word' id='word_1_80' title='bbox 401 1249 805 1323; x_wconf 80' lang='lat' dir='ltr'>agricolationi</span> <span class='ocrx_word' id='word_1_81' title='bbox 837 1253 1115 1310; x_wconf 88' lang='lat' dir='ltr'>idoneum</span> <span class='ocrx_word' id='word_1_82' title='bbox 1148 1260 1487 1327; x_wconf 86' lang='lat' dir='ltr'>est,nosque</span> <span class='ocrx_word' id='word_1_83' title='bbox 1510 1256 1680 1326; x_wconf 85' lang='lat' dir='ltr'>juvat</span> <span class='ocrx_word' id='word_1_84' title='bbox 1704 1271 1718 1309; x_wconf 88' lang='lat'><strong>:</strong></span> <span class='ocrx_word' id='word_1_85' title='bbox 1743 1258 1919 1325; x_wconf 88' lang='lat' dir='ltr'>atque</span> <span class='ocrx_word' id='word_1_86' title='bbox 1944 1268 2044 1324; x_wconf 85' lang='lat' dir='ltr'>pro</span> 
     </span>
    </p>
   </div>
   <div class='ocr_carea' id='block_1_15' title="bbox 403 1339 2049 1417">
    <p class='ocr_par' dir='ltr' id='par_1_15' title="bbox 403 1339 2049 1417">
     <span class='ocr_line' id='line_1_15' title="bbox 403 1339 2049 1417; baseline 0 -22"><span class='ocrx_word' id='word_1_87' title='bbox 403 1339 664 1397; x_wconf 90' lang='lat' dir='ltr'>moribus</span> <span class='ocrx_word' id='word_1_88' title='bbox 696 1342 964 1414; x_wconf 87' lang='lat' dir='ltr'>placidis,</span> <span class='ocrx_word' id='word_1_89' title='bbox 982 1344 1431 1417; x_wconf 88' lang='lat' dir='ltr'>mansuetisque</span> <span class='ocrx_word' id='word_1_90' title='bbox 1460 1348 1518 1399; x_wconf 91' lang='lat' dir='ltr'>et</span> <span class='ocrx_word' id='word_1_91' title='bbox 1544 1342 2049 1410; x_wconf 69' lang='lat' dir='ltr'>liberalibus,avex</span> 
     </span>
    </p>
   </div>
   <div class='ocr_carea' id='block_1_16' title="bbox 404 1429 2050 1503">
    <p class='ocr_par' dir='ltr' id='par_1_16' title="bbox 404 1429 2050 1503">
     <span class='ocr_line' id='line_1_16' title="bbox 404 1429 2050 1503; baseline 0 -18"><span class='ocrx_word' id='word_1_92' title='bbox 404 1445 509 1503; x_wconf 89' lang='lat' dir='ltr'>per</span> <span class='ocrx_word' id='word_1_93' title='bbox 537 1430 980 1488; x_wconf 82' lang='lat' dir='ltr'>translationem</span> <span class='ocrx_word' id='word_1_94' title='bbox 1014 1433 1176 1488; x_wconf 83' lang='lat' dir='ltr'>dixit.</span> <span class='ocrx_word' id='word_1_95' title='bbox 1203 1434 1615 1501; x_wconf 87' lang='lat' dir='ltr'>Quamobrem,</span> <span class='ocrx_word' id='word_1_96' title='bbox 1677 1439 1744 1488; x_wconf 88' lang='lat' dir='ltr'>ut</span> <span class='ocrx_word' id='word_1_97' title='bbox 1808 1433 1881 1488; x_wconf 89' lang='lat' dir='ltr'>ab</span> <span class='ocrx_word' id='word_1_98' title='bbox 1939 1429 2050 1485; x_wconf 86' lang='lat' dir='ltr'>hoc</span> 
     </span>
    </p>
   </div>
   <div class='ocr_carea' id='block_1_17' title="bbox 405 1518 2050 1594">
    <p class='ocr_par' dir='ltr' id='par_1_17' title="bbox 405 1518 2050 1594">
     <span class='ocr_line' id='line_1_17' title="bbox 405 1518 2050 1594; baseline 0.001 -20"><span class='ocrx_word' id='word_1_99' title='bbox 405 1518 998 1577; x_wconf 86' lang='lat' dir='ltr'>animaliindumenti</span> <span class='ocrx_word' id='word_1_100' title='bbox 1018 1521 1189 1577; x_wconf 88' lang='lat' dir='ltr'>nobis</span> <span class='ocrx_word' id='word_1_101' title='bbox 1206 1522 1450 1578; x_wconf 89' lang='lat' dir='ltr'>materia</span> <span class='ocrx_word' id='word_1_102' title='bbox 1480 1521 1843 1594; x_wconf 87' lang='lat' dir='ltr'>suppetit,ita</span> <span class='ocrx_word' id='word_1_103' title='bbox 1872 1520 2050 1575; x_wconf 90' lang='lat' dir='ltr'>virtu-</span> 
     </span>
    </p>
   </div>
   <div class='ocr_carea' id='block_1_18' title="bbox 394 1608 2050 1683">
    <p class='ocr_par' dir='ltr' id='par_1_18' title="bbox 394 1608 2050 1683">
     <span class='ocr_line' id='line_1_18' title="bbox 394 1608 2050 1683; baseline 0.001 -20"><span class='ocrx_word' id='word_1_104' title='bbox 394 1608 484 1664; x_wconf 83' lang='lat' dir='ltr'>tis</span> <span class='ocrx_word' id='word_1_105' title='bbox 513 1609 731 1664; x_wconf 90' lang='lat' dir='ltr'>amictu</span> <span class='ocrx_word' id='word_1_106' title='bbox 758 1610 1117 1682; x_wconf 82' lang='lat' dir='ltr'>Optimorum</span> <span class='ocrx_word' id='word_1_107' title='bbox 1151 1627 1522 1683; x_wconf 88' lang='lat' dir='ltr'>quorumque</span> <span class='ocrx_word' id='word_1_108' title='bbox 1560 1610 1678 1666; x_wconf 87' lang='lat' dir='ltr'>vita</span> <span class='ocrx_word' id='word_1_109' title='bbox 1707 1611 1856 1666; x_wconf 85' lang='lat' dir='ltr'>solet</span> <span class='ocrx_word' id='word_1_110' title='bbox 1885 1626 2050 1665; x_wconf 72' lang='lat' dir='ltr'>exoro</span> 
     </span>
    </p>
   </div>
   <div class='ocr_carea' id='block_1_19' title="bbox 407 1693 2053 1772">
    <p class='ocr_par' dir='ltr' id='par_1_19' title="bbox 407 1693 2053 1772">
     <span class='ocr_line' id='line_1_19' title="bbox 407 1693 2053 1772; baseline 0.003 -24"><span class='ocrx_word' id='word_1_111' title='bbox 407 1693 557 1749; x_wconf 88' lang='lat' dir='ltr'>nari.</span> <span class='ocrx_word' id='word_1_112' title='bbox 581 1694 866 1759; x_wconf 87' lang='lat' dir='ltr'>Quoniam</span> <span class='ocrx_word' id='word_1_113' title='bbox 897 1696 1083 1768; x_wconf 87' lang='lat' dir='ltr'>igitur</span> <span class='ocrx_word' id='word_1_114' title='bbox 1112 1701 1369 1754; x_wconf 83' lang='lat' dir='ltr'>nutritur</span> <span class='ocrx_word' id='word_1_115' title='bbox 1400 1698 1693 1772; x_wconf 87' lang='lat' dir='ltr'>spirituali</span> <span class='ocrx_word' id='word_1_116' title='bbox 1754 1698 1949 1763; x_wconf 90' lang='lat' dir='ltr'>modo,</span> <span class='ocrx_word' id='word_1_117' title='bbox 1994 1700 2053 1753; x_wconf 85' lang='lat' dir='ltr'>et</span> 
     </span>
    </p>
   </div>
   <div class='ocr_carea' id='block_1_20' title="bbox 407 1783 2048 1858">
    <p class='ocr_par' dir='ltr' id='par_1_20' title="bbox 407 1783 2048 1858">
     <span class='ocr_line' id='line_1_20' title="bbox 407 1783 2048 1858; baseline 0.002 -21"><span class='ocrx_word' id='word_1_118' title='bbox 407 1783 746 1852; x_wconf 87' lang='lat' dir='ltr'>adornatur,</span> <span class='ocrx_word' id='word_1_119' title='bbox 782 1792 1088 1858; x_wconf 74' lang='lat' dir='ltr'>propterea</span> <span class='ocrx_word' id='word_1_120' title='bbox 1112 1788 1333 1843; x_wconf 88' lang='lat' dir='ltr'>nutriet</span> <span class='ocrx_word' id='word_1_121' title='bbox 1361 1804 1595 1844; x_wconf 83' lang='lat' dir='ltr'>vaccam</span> <span class='ocrx_word' id='word_1_122' title='bbox 1627 1793 1685 1844; x_wconf 90' lang='lat' dir='ltr'>et</span> <span class='ocrx_word' id='word_1_123' title='bbox 1714 1803 1849 1844; x_wconf 88' lang='lat' dir='ltr'>oves</span> <span class='ocrx_word' id='word_1_124' title='bbox 1879 1788 2048 1842; x_wconf 89' lang='lat' dir='ltr'>duas.</span> 
     </span>
    </p>
   </div>
   <div class='ocr_carea' id='block_1_21' title="bbox 407 1871 2050 1949">
    <p class='ocr_par' dir='ltr' id='par_1_21' title="bbox 407 1871 2050 1949">
     <span class='ocr_line' id='line_1_21' title="bbox 407 1871 2050 1949; baseline 0.004 -24"><span class='ocrx_word' id='word_1_125' title='bbox 407 1871 690 1944; x_wconf 78' lang='lat' dir='ltr'>Butyrum</span> <span class='ocrx_word' id='word_1_126' title='bbox 722 1878 778 1930; x_wconf 91' lang='lat' dir='ltr'>et</span> <span class='ocrx_word' id='word_1_127' title='bbox 809 1875 923 1931; x_wconf 91' lang='lat' dir='ltr'>mel</span> <span class='ocrx_word' id='word_1_128' title='bbox 953 1877 1208 1948; x_wconf 88' lang='lat' dir='ltr'>appellat</span> <span class='ocrx_word' id='word_1_129' title='bbox 1224 1894 1290 1933; x_wconf 88' lang='lat' dir='ltr'>ea</span> <span class='ocrx_word' id='word_1_130' title='bbox 1310 1894 1438 1949; x_wconf 64' lang='lat' dir='ltr'>qua:</span> <span class='ocrx_word' id='word_1_131' title='bbox 1455 1879 1526 1933; x_wconf 90' lang='lat' dir='ltr'>ad</span> <span class='ocrx_word' id='word_1_132' title='bbox 1552 1877 1808 1933; x_wconf 90' lang='lat' dir='ltr'>divinam</span> <span class='ocrx_word' id='word_1_133' title='bbox 1838 1875 2050 1932; x_wconf 88' lang='lat' dir='ltr'>doctri-</span> 
     </span>
    </p>
   </div>
   <div class='ocr_carea' id='block_1_22' title="bbox 407 1962 2054 2040">
    <p class='ocr_par' dir='ltr' id='par_1_22' title="bbox 407 1962 2054 2040">
     <span class='ocr_line' id='line_1_22' title="bbox 407 1962 2054 2040; baseline 0.002 -23"><span class='ocrx_word' id='word_1_134' title='bbox 407 1977 545 2017; x_wconf 88' lang='lat' dir='ltr'>nam</span> <span class='ocrx_word' id='word_1_135' title='bbox 578 1962 962 2020; x_wconf 89' lang='lat' dir='ltr'>introducunt</span> <span class='ocrx_word' id='word_1_136' title='bbox 983 1967 1727 2040; x_wconf 87' lang='lat' dir='ltr'>documenta.Quapropter</span> <span class='ocrx_word' id='word_1_137' title='bbox 1753 1965 2054 2023; x_wconf 89' lang='lat' dir='ltr'>destinan-</span> 
     </span>
    </p>
   </div>
   <div class='ocr_carea' id='block_1_23' title="bbox 408 2050 2060 2129">
    <p class='ocr_par' dir='ltr' id='par_1_23' title="bbox 408 2050 2060 2129">
     <span class='ocr_line' id='line_1_23' title="bbox 408 2050 2060 2129; baseline 0.005 -24"><span class='ocrx_word' id='word_1_138' title='bbox 408 2053 508 2106; x_wconf 87' lang='lat' dir='ltr'>tur</span> <span class='ocrx_word' id='word_1_139' title='bbox 536 2050 812 2125; x_wconf 78' lang='lat' dir='ltr'>butyrum</span> <span class='ocrx_word' id='word_1_140' title='bbox 845 2058 903 2110; x_wconf 92' lang='lat' dir='ltr'>et</span> <span class='ocrx_word' id='word_1_141' title='bbox 933 2053 1049 2111; x_wconf 88' lang='lat' dir='ltr'>mel</span> <span class='ocrx_word' id='word_1_142' title='bbox 1079 2057 1150 2112; x_wconf 92' lang='lat' dir='ltr'>ad</span> <span class='ocrx_word' id='word_1_143' title='bbox 1174 2055 1429 2129; x_wconf 89' lang='lat' dir='ltr'>primum</span> <span class='ocrx_word' id='word_1_144' title='bbox 1462 2055 1722 2112; x_wconf 89' lang='lat' dir='ltr'>hominis</span> <span class='ocrx_word' id='word_1_145' title='bbox 1751 2056 1949 2113; x_wconf 90' lang='lat' dir='ltr'>cibum</span> <span class='ocrx_word' id='word_1_146' title='bbox 1977 2060 2060 2113; x_wconf 89' lang='lat' dir='ltr'>:at</span> 
     </span>
    </p>
   </div>
   <div class='ocr_carea' id='block_1_24' title="bbox 416 2140 2064 2218">
    <p class='ocr_par' dir='ltr' id='par_1_24' title="bbox 416 2140 2064 2218">
     <span class='ocr_line' id='line_1_24' title="bbox 416 2140 2064 2218; baseline 0.004 -24"><span class='ocrx_word' id='word_1_147' title='bbox 416 2140 517 2195; x_wconf 91' lang='lat' dir='ltr'>ubi</span> <span class='ocrx_word' id='word_1_148' title='bbox 549 2140 642 2198; x_wconf 89' lang='lat' dir='ltr'>his</span> <span class='ocrx_word' id='word_1_149' title='bbox 674 2142 817 2198; x_wconf 87' lang='lat' dir='ltr'>satis</span> <span class='ocrx_word' id='word_1_150' title='bbox 839 2144 1131 2201; x_wconf 89' lang='lat' dir='ltr'>enutritus</span> <span class='ocrx_word' id='word_1_151' title='bbox 1162 2150 1270 2217; x_wconf 85' lang='lat' dir='ltr'>est,</span> <span class='ocrx_word' id='word_1_152' title='bbox 1303 2162 1371 2203; x_wconf 89' lang='lat' dir='ltr'>ac</span> <span class='ocrx_word' id='word_1_153' title='bbox 1391 2145 1696 2202; x_wconf 89' lang='lat' dir='ltr'>elementis</span> <span class='ocrx_word' id='word_1_154' title='bbox 1718 2145 1925 2218; x_wconf 89' lang='lat' dir='ltr'>primis</span> <span class='ocrx_word' id='word_1_155' title='bbox 1955 2146 2064 2201; x_wconf 90' lang='lat' dir='ltr'>im-</span> 
     </span>
    </p>
   </div>
   <div class='ocr_carea' id='block_1_25' title="bbox 419 2228 2067 2306">
    <p class='ocr_par' dir='ltr' id='par_1_25' title="bbox 419 2228 2067 2306">
     <span class='ocr_line' id='line_1_25' title="bbox 419 2228 2067 2306; baseline 0.003 -23"><span class='ocrx_word' id='word_1_156' title='bbox 419 2228 599 2286; x_wconf 89' lang='lat' dir='ltr'>butus</span> <span class='ocrx_word' id='word_1_157' title='bbox 631 2230 761 2298; x_wconf 80' lang='lat' dir='ltr'>fuit,</span> <span class='ocrx_word' id='word_1_158' title='bbox 797 2239 934 2288; x_wconf 90' lang='lat' dir='ltr'>tunc</span> <span class='ocrx_word' id='word_1_159' title='bbox 962 2233 1229 2306; x_wconf 88' lang='lat' dir='ltr'>superior</span> <span class='ocrx_word' id='word_1_160' title='bbox 1256 2234 1505 2291; x_wconf 84' lang='lat' dir='ltr'>terrenis</span> <span class='ocrx_word' id='word_1_161' title='bbox 1534 2233 2067 2306; x_wconf 78' lang='lat' dir='ltr'>effectus,alimenti</span> 
     </span>
    </p>
   </div>
   <div class='ocr_carea' id='block_1_26' title="bbox 421 2316 2072 2396">
    <p class='ocr_par' dir='ltr' id='par_1_26' title="bbox 421 2316 2072 2396">
     <span class='ocr_line' id='line_1_26' title="bbox 421 2316 2072 2396; baseline 0.002 -23"><span class='ocrx_word' id='word_1_162' title='bbox 421 2316 717 2375; x_wconf 87' lang='lat' dir='ltr'>solidioris</span> <span class='ocrx_word' id='word_1_163' title='bbox 743 2320 1165 2394; x_wconf 89' lang='lat' dir='ltr'>ampliorisque</span> <span class='ocrx_word' id='word_1_164' title='bbox 1196 2328 1254 2379; x_wconf 92' lang='lat' dir='ltr'>et</span> <span class='ocrx_word' id='word_1_165' title='bbox 1284 2323 1421 2381; x_wconf 86' lang='lat' dir='ltr'>viris</span> <span class='ocrx_word' id='word_1_166' title='bbox 1467 2323 1630 2396; x_wconf 84' lang='lat' dir='ltr'>digni</span> <span class='ocrx_word' id='word_1_167' title='bbox 1692 2324 1924 2379; x_wconf 82' lang='lat' dir='ltr'>futurus</span> <span class='ocrx_word' id='word_1_168' title='bbox 1981 2326 2072 2379; x_wconf 84' lang='lat' dir='ltr'>est</span> 
     </span>
    </p>
   </div>
   <div class='ocr_carea' id='block_1_27' title="bbox 427 2408 2073 2485">
    <p class='ocr_par' dir='ltr' id='par_1_27' title="bbox 427 2408 2073 2485">
     <span class='ocr_line' id='line_1_27' title="bbox 427 2408 2073 2485; baseline 0.003 -24"><span class='ocrx_word' id='word_1_169' title='bbox 427 2408 882 2480; x_wconf 87' lang='lat' dir='ltr'>particeps,cum</span> <span class='ocrx_word' id='word_1_170' title='bbox 903 2412 1166 2469; x_wconf 88' lang='lat' dir='ltr'>studium</span> <span class='ocrx_word' id='word_1_171' title='bbox 1191 2429 1365 2469; x_wconf 86' lang='lat' dir='ltr'>suum</span> <span class='ocrx_word' id='word_1_172' title='bbox 1390 2411 1719 2485; x_wconf 89' lang='lat' dir='ltr'>disciplinis</span> <span class='ocrx_word' id='word_1_173' title='bbox 1750 2411 2073 2484; x_wconf 86' lang='lat' dir='ltr'>spirituali-</span> 
     </span>
    </p>
   </div>
   <div class='ocr_carea' id='block_1_28' title="bbox 428 2495 880 2569">
    <p class='ocr_par' dir='ltr' id='par_1_28' title="bbox 428 2495 880 2569">
     <span class='ocr_line' id='line_1_28' title="bbox 428 2495 880 2569; baseline 0.009 -18"><span class='ocrx_word' id='word_1_174' title='bbox 428 2495 542 2552; x_wconf 85' lang='lat' dir='ltr'>bus</span> <span class='ocrx_word' id='word_1_175' title='bbox 560 2495 880 2569; x_wconf 86' lang='lat' dir='ltr'>impertiat.</span> 
     </span>
    </p>
   </div>
   <div class='ocr_carea' id='block_1_29' title="bbox 2147 528 3803 609">
    <p class='ocr_par' dir='ltr' id='par_1_29' title="bbox 2147 528 3803 609">
     <span class='ocr_line' id='line_1_29' title="bbox 2147 528 3803 609; baseline -0.001 -20"><span class='ocrx_word' id='word_1_176' title='bbox 2147 533 2388 609; x_wconf 79' lang='grc' dir='ltr'>γένηται,</span> <span class='ocrx_word' id='word_1_177' title='bbox 2440 534 2692 608; x_wconf 78' lang='grc' dir='ltr'>ἀτιμωθῇ</span> <span class='ocrx_word' id='word_1_178' title='bbox 2744 530 2802 588; x_wconf 79' lang='grc' dir='ltr'>δὶ</span> <span class='ocrx_word' id='word_1_179' title='bbox 2847 534 2876 588; x_wconf 86' lang='grc' dir='ltr'>ὁ</span> <span class='ocrx_word' id='word_1_180' title='bbox 2923 528 3295 589; x_wconf 79' lang='grc' dir='ltr'>ὲπιϐουΛεύων</span> <span class='ocrx_word' id='word_1_181' title='bbox 3335 534 3485 608; x_wconf 77' lang='grc' dir='ltr'>αὐτῷ</span> <span class='ocrx_word' id='word_1_182' title='bbox 3518 530 3803 609; x_wconf 77' lang='grc' dir='ltr'>βασιλεὺς,</span> 
     </span>
    </p>
   </div>
   <div class='ocr_carea' id='block_1_30' title="bbox 2148 622 3803 700">
    <p class='ocr_par' dir='ltr' id='par_1_30' title="bbox 2148 622 3803 700">
     <span class='ocr_line' id='line_1_30' title="bbox 2148 622 3803 700; baseline -0.003 -21"><span class='ocrx_word' id='word_1_183' title='bbox 2148 625 2459 700; x_wconf 81' lang='grc' dir='ltr'>γυμνωθεὶς</span> <span class='ocrx_word' id='word_1_184' title='bbox 2493 625 2594 679; x_wconf 87' lang='grc' dir='ltr'>ὑπὸ</span> <span class='ocrx_word' id='word_1_185' title='bbox 2640 627 2736 678; x_wconf 78' lang='grc' dir='ltr'>τοῦ</span> <span class='ocrx_word' id='word_1_186' title='bbox 2778 622 3194 698; x_wconf 70' lang='grc' dir='ltr'>μεμισθωμένου</span> <span class='ocrx_word' id='word_1_187' title='bbox 3246 623 3426 697; x_wconf 76' lang='grc' dir='ltr'>ξυροῦ·</span> <span class='ocrx_word' id='word_1_188' title='bbox 3458 622 3601 691; x_wconf 84' lang='grc' dir='ltr'>τότε,</span> <span class='ocrx_word' id='word_1_189' title='bbox 3635 622 3803 697; x_wconf 78' lang='grc' dir='ltr'>φησὶ,</span> 
     </span>
    </p>
   </div>
   <div class='ocr_carea' id='block_1_31' title="bbox 2148 712 3797 789">
    <p class='ocr_par' dir='ltr' id='par_1_31' title="bbox 2148 712 3797 789">
     <span class='ocr_line' id='line_1_31' title="bbox 2148 712 3797 789; baseline -0.002 -21"><span class='ocrx_word' id='word_1_190' title='bbox 2148 714 2383 784; x_wconf 87' lang='grc' dir='ltr'>τοσαύτη</span> <span class='ocrx_word' id='word_1_191' title='bbox 2433 714 2568 768; x_wconf 83' lang='grc' dir='ltr'>κατὰ</span> <span class='ocrx_word' id='word_1_192' title='bbox 2623 713 2722 782; x_wconf 74' lang='grc' dir='ltr'>τὴν</span> <span class='ocrx_word' id='word_1_193' title='bbox 2790 713 2977 789; x_wconf 88' lang='grc' dir='ltr'>χώραν</span> <span class='ocrx_word' id='word_1_194' title='bbox 3025 712 3278 788; x_wconf 77' lang='grc' dir='ltr'>εὐετηρία</span> <span class='ocrx_word' id='word_1_195' title='bbox 3321 714 3434 788; x_wconf 92' lang='grc'><strong>(11)</strong></span> <span class='ocrx_word' id='word_1_196' title='bbox 3482 714 3797 788; x_wconf 74' lang='grc' dir='ltr'>γενήσεται,</span> 
     </span>
    </p>
   </div>
   <div class='ocr_carea' id='block_1_32' title="bbox 2152 797 3805 877">
    <p class='ocr_par' dir='ltr' id='par_1_32' title="bbox 2152 797 3805 877">
     <span class='ocr_line' id='line_1_32' title="bbox 2152 797 3805 877; baseline -0.002 -19"><span class='ocrx_word' id='word_1_197' title='bbox 2152 802 2290 858; x_wconf 82' lang='grc' dir='ltr'>ὥστε</span> <span class='ocrx_word' id='word_1_198' title='bbox 2335 802 2457 876; x_wconf 89' lang='grc' dir='ltr'>μίαν</span> <span class='ocrx_word' id='word_1_199' title='bbox 2509 799 2744 875; x_wconf 80' lang='grc' dir='ltr'>δάμαλιν</span> <span class='ocrx_word' id='word_1_200' title='bbox 2785 802 2874 857; x_wconf 84' lang='grc' dir='ltr'>καὶ</span> <span class='ocrx_word' id='word_1_201' title='bbox 2926 799 3021 857; x_wconf 88' lang='grc' dir='ltr'>δύο</span> <span class='ocrx_word' id='word_1_202' title='bbox 3067 797 3314 877; x_wconf 89' lang='grc' dir='ltr'>πρόϐατα</span> <span class='ocrx_word' id='word_1_203' title='bbox 3358 807 3438 875; x_wconf 79' lang='grc' dir='ltr'>τῷ</span> <span class='ocrx_word' id='word_1_204' title='bbox 3475 799 3805 874; x_wconf 68' lang='grc' dir='ltr'>κεκτημένῳ</span> 
     </span>
    </p>
   </div>
   <div class='ocr_carea' id='block_1_33' title="bbox 2152 888 3809 968">
    <p class='ocr_par' dir='ltr' id='par_1_33' title="bbox 2152 888 3809 968">
     <span class='ocr_line' id='line_1_33' title="bbox 2152 888 3809 968; baseline -0.001 -22"><span class='ocrx_word' id='word_1_205' title='bbox 2152 888 2377 966; x_wconf 71' lang='grc' dir='ltr'>δαψιλὲς</span> <span class='ocrx_word' id='word_1_206' title='bbox 2407 897 2668 968; x_wconf 85' lang='grc' dir='ltr'>χορηγεῖν</span> <span class='ocrx_word' id='word_1_207' title='bbox 2694 891 2758 947; x_wconf 87' lang='grc' dir='ltr'>τὸ</span> <span class='ocrx_word' id='word_1_208' title='bbox 2790 890 2935 967; x_wconf 85' lang='grc' dir='ltr'>γάλα</span> <span class='ocrx_word' id='word_1_209' title='bbox 3006 890 3145 947; x_wconf 78' lang='grc' dir='ltr'>ὥστε</span> <span class='ocrx_word' id='word_1_210' title='bbox 3192 888 3337 968; x_wconf 82' lang='grc' dir='ltr'>ἔχειν</span> <span class='ocrx_word' id='word_1_211' title='bbox 3369 891 3531 947; x_wconf 81' lang='grc' dir='ltr'>αὐτὸν</span> <span class='ocrx_word' id='word_1_212' title='bbox 3576 910 3809 965; x_wconf 80' lang='grc' dir='ltr'>περιου-</span> 
     </span>
    </p>
   </div>
   <div class='ocr_carea' id='block_1_34' title="bbox 2153 978 3803 1056">
    <p class='ocr_par' dir='ltr' id='par_1_34' title="bbox 2153 978 3803 1056">
     <span class='ocr_line' id='line_1_34' title="bbox 2153 978 3803 1056; baseline -0.003 -20"><span class='ocrx_word' id='word_1_213' title='bbox 2153 979 2269 1036; x_wconf 82' lang='grc' dir='ltr'>σίαν</span> <span class='ocrx_word' id='word_1_214' title='bbox 2306 980 2593 1056; x_wconf 79' lang='grc' dir='ltr'>βουτύρου,</span> <span class='ocrx_word' id='word_1_215' title='bbox 2626 978 2715 1035; x_wconf 80' lang='grc' dir='ltr'>διὰ</span> <span class='ocrx_word' id='word_1_216' title='bbox 2760 982 2823 1036; x_wconf 89' lang='grc' dir='ltr'>τὸ</span> <span class='ocrx_word' id='word_1_217' title='bbox 2870 981 3071 1043; x_wconf 83' lang='grc' dir='ltr'>πάντας</span> <span class='ocrx_word' id='word_1_218' title='bbox 3117 980 3245 1043; x_wconf 74' lang='grc' dir='ltr'>τοὺς</span> <span class='ocrx_word' id='word_1_219' title='bbox 3275 983 3656 1042; x_wconf 73' lang='grc' dir='ltr'>κατοικοῦντας</span> <span class='ocrx_word' id='word_1_220' title='bbox 3707 978 3803 1033; x_wconf 78' lang='grc' dir='ltr'>ἐπὶ</span> 
     </span>
    </p>
   </div>
   <div class='ocr_carea' id='block_1_35' title="bbox 2150 1064 3813 1147">
    <p class='ocr_par' dir='ltr' id='par_1_35' title="bbox 2150 1064 3813 1147">
     <span class='ocr_line' id='line_1_35' title="bbox 2150 1064 3813 1147; baseline -0.002 -23"><span class='ocrx_word' id='word_1_221' title='bbox 2150 1076 2249 1139; x_wconf 80' lang='grc' dir='ltr'>τῆς</span> <span class='ocrx_word' id='word_1_222' title='bbox 2303 1075 2406 1146; x_wconf 81' lang='grc' dir='ltr'>γῆς</span> <span class='ocrx_word' id='word_1_223' title='bbox 2474 1069 2723 1146; x_wconf 85' lang='grc' dir='ltr'>βουτύρῳ</span> <span class='ocrx_word' id='word_1_224' title='bbox 2770 1068 2860 1124; x_wconf 79' lang='grc' dir='ltr'>καὶ</span> <span class='ocrx_word' id='word_1_225' title='bbox 2932 1068 3112 1143; x_wconf 70' lang='grc' dir='ltr'>μέλιτι</span> <span class='ocrx_word' id='word_1_226' title='bbox 3153 1068 3475 1147; x_wconf 76' lang='grc' dir='ltr'>τρέφεσθαι.</span> <span class='ocrx_word' id='word_1_227' title='bbox 3535 1070 3695 1143; x_wconf 83' lang='grc' dir='ltr'>Τάχα</span> <span class='ocrx_word' id='word_1_228' title='bbox 3745 1064 3813 1122; x_wconf 60' lang='lat' dir='ltr'>te</span> 
     </span>
    </p>
   </div>
   <div class='ocr_carea' id='block_1_36' title="bbox 2155 1155 3812 1235">
    <p class='ocr_par' dir='ltr' id='par_1_36' title="bbox 2155 1155 3812 1235">
     <span class='ocr_line' id='line_1_36' title="bbox 2155 1155 3812 1235; baseline -0.003 -20"><span class='ocrx_word' id='word_1_229' title='bbox 2155 1158 2576 1235; x_wconf 67' lang='grc' dir='ltr'>εύπρεπίστερον</span> <span class='ocrx_word' id='word_1_230' title='bbox 2614 1155 2980 1234; x_wconf 70' lang='grc' dir='ltr'>ὑψηλοτέραις</span> <span class='ocrx_word' id='word_1_231' title='bbox 3028 1157 3253 1221; x_wconf 68' lang='grc' dir='ltr'>ἱννοίαις</span> <span class='ocrx_word' id='word_1_232' title='bbox 3282 1159 3378 1221; x_wconf 74' lang='grc' dir='ltr'>τὰς</span> <span class='ocrx_word' id='word_1_233' title='bbox 3409 1157 3531 1234; x_wconf 79' lang='grc' dir='ltr'>περὶ</span> <span class='ocrx_word' id='word_1_234' title='bbox 3562 1162 3670 1212; x_wconf 87' lang='grc' dir='ltr'>τῶν</span> <span class='ocrx_word' id='word_1_235' title='bbox 3706 1156 3812 1226; x_wconf 80' lang='grc' dir='ltr'>ζὼ-</span> 
     </span>
    </p>
   </div>
   <div class='ocr_carea' id='block_1_37' title="bbox 2156 1245 3811 1323">
    <p class='ocr_par' dir='ltr' id='par_1_37' title="bbox 2156 1245 3811 1323">
     <span class='ocr_line' id='line_1_37' title="bbox 2156 1245 3811 1323; baseline 0.001 -21"><span class='ocrx_word' id='word_1_236' title='bbox 2156 1270 2231 1303; x_wconf 91' lang='grc' dir='ltr'>ων</span> <span class='ocrx_word' id='word_1_237' title='bbox 2258 1245 2611 1312; x_wconf 73' lang='grc' dir='ltr'>διδασκαλίας</span> <span class='ocrx_word' id='word_1_238' title='bbox 2641 1245 2977 1323; x_wconf 71' lang='grc' dir='ltr'>ἐκδέχεσθαι.</span> <span class='ocrx_word' id='word_1_239' title='bbox 3031 1247 3178 1304; x_wconf 84' lang='grc' dir='ltr'>Ἀντὶ</span> <span class='ocrx_word' id='word_1_240' title='bbox 3208 1247 3312 1323; x_wconf 80' lang='grc' dir='ltr'>γὰρ</span> <span class='ocrx_word' id='word_1_241' title='bbox 3342 1251 3439 1302; x_wconf 77' lang='grc' dir='ltr'>τοῦ</span> <span class='ocrx_word' id='word_1_242' title='bbox 3472 1245 3638 1301; x_wconf 75' lang='grc' dir='ltr'>εἰπεῖν</span> <span class='ocrx_word' id='word_1_243' title='bbox 3667 1248 3811 1317; x_wconf 85' lang='grc'><strong>(12),</strong></span> 
     </span>
    </p>
   </div>
   <div class='ocr_carea' id='block_1_38' title="bbox 2157 1333 3811 1415">
    <p class='ocr_par' dir='ltr' id='par_1_38' title="bbox 2157 1333 3811 1415">
     <span class='ocr_line' id='line_1_38' title="bbox 2157 1333 3811 1415; baseline -0.003 -22"><span class='ocrx_word' id='word_1_244' title='bbox 2157 1337 2239 1392; x_wconf 80' lang='grc' dir='ltr'>ὅτι</span> <span class='ocrx_word' id='word_1_245' title='bbox 2271 1336 2462 1414; x_wconf 76' lang='grc' dir='ltr'>Θρὲψει</span> <span class='ocrx_word' id='word_1_246' title='bbox 2510 1333 2734 1399; x_wconf 73' lang='grc' dir='ltr'>ἕκαστος</span> <span class='ocrx_word' id='word_1_247' title='bbox 2764 1338 2825 1391; x_wconf 88' lang='grc' dir='ltr'>τὸ</span> <span class='ocrx_word' id='word_1_248' title='bbox 2877 1334 3171 1415; x_wconf 69' lang='grc' dir='ltr'>φιλόπονον</span> <span class='ocrx_word' id='word_1_249' title='bbox 3231 1335 3320 1391; x_wconf 84' lang='grc' dir='ltr'>καὶ</span> <span class='ocrx_word' id='word_1_250' title='bbox 3358 1335 3653 1413; x_wconf 82' lang='grc' dir='ltr'>γεωργικὸν</span> <span class='ocrx_word' id='word_1_251' title='bbox 3699 1341 3811 1404; x_wconf 80' lang='grc' dir='ltr'>τῆς</span> 
     </span>
    </p>
   </div>
   <div class='ocr_carea' id='block_1_39' title="bbox 2157 1423 3807 1503">
    <p class='ocr_par' dir='ltr' id='par_1_39' title="bbox 2157 1423 3807 1503">
     <span class='ocr_line' id='line_1_39' title="bbox 2157 1423 3807 1503; baseline -0.004 -20"><span class='ocrx_word' id='word_1_252' title='bbox 2157 1430 2384 1503; x_wconf 77' lang='grc' dir='ltr'>ψυχῆς,</span> <span class='ocrx_word' id='word_1_253' title='bbox 2448 1423 2684 1499; x_wconf 79' lang='grc' dir='ltr'>δάμαλιν</span> <span class='ocrx_word' id='word_1_254' title='bbox 2737 1425 2888 1496; x_wconf 77' lang='grc' dir='ltr'>εἶπε,</span> <span class='ocrx_word' id='word_1_255' title='bbox 2939 1426 3000 1481; x_wconf 90' lang='grc' dir='ltr'>τὸ</span> <span class='ocrx_word' id='word_1_256' title='bbox 3051 1425 3347 1502; x_wconf 85' lang='grc' dir='ltr'>γεωργικὸν</span> <span class='ocrx_word' id='word_1_257' title='bbox 3398 1426 3489 1480; x_wconf 78' lang='grc' dir='ltr'>καὶ</span> <span class='ocrx_word' id='word_1_258' title='bbox 3546 1424 3807 1498; x_wconf 80' lang='grc' dir='ltr'>συνεργὸν</span> 
     </span>
    </p>
   </div>
   <div class='ocr_carea' id='block_1_40' title="bbox 2157 1512 3814 1591">
    <p class='ocr_par' dir='ltr' id='par_1_40' title="bbox 2157 1512 3814 1591">
     <span class='ocr_line' id='line_1_40' title="bbox 2157 1512 3814 1591; baseline -0.002 -21"><span class='ocrx_word' id='word_1_259' title='bbox 2157 1518 2294 1590; x_wconf 79' lang='grc' dir='ltr'>ἡμῖν</span> <span class='ocrx_word' id='word_1_260' title='bbox 2355 1520 2511 1585; x_wconf 58' lang='grc' dir='ltr'>ζῶον</span> <span class='ocrx_word' id='word_1_261' title='bbox 2562 1515 2651 1569; x_wconf 87' lang='grc' dir='ltr'>καὶ</span> <span class='ocrx_word' id='word_1_262' title='bbox 2706 1514 2823 1570; x_wconf 79' lang='grc' dir='ltr'>ἀντὶ</span> <span class='ocrx_word' id='word_1_263' title='bbox 2864 1518 2963 1570; x_wconf 76' lang='grc' dir='ltr'>τοῦ</span> <span class='ocrx_word' id='word_1_264' title='bbox 3010 1513 3222 1591; x_wconf 69' lang='grc' dir='ltr'>ἡμέρου</span> <span class='ocrx_word' id='word_1_265' title='bbox 3269 1514 3357 1569; x_wconf 70' lang='grc' dir='ltr'>καὶ</span> <span class='ocrx_word' id='word_1_266' title='bbox 3395 1512 3666 1577; x_wconf 67' lang='grc' dir='ltr'>ἱπιεικοῦς</span> <span class='ocrx_word' id='word_1_267' title='bbox 3712 1512 3814 1567; x_wconf 80' lang='grc' dir='ltr'>καὶ</span> 
     </span>
    </p>
   </div>
   <div class='ocr_carea' id='block_1_41' title="bbox 2159 1598 3814 1680">
    <p class='ocr_par' dir='ltr' id='par_1_41' title="bbox 2159 1598 3814 1680">
     <span class='ocr_line' id='line_1_41' title="bbox 2159 1598 3814 1680; baseline -0.003 -19"><span class='ocrx_word' id='word_1_268' title='bbox 2159 1602 2526 1679; x_wconf 80' lang='grc' dir='ltr'>εὖμεταδότου</span> <span class='ocrx_word' id='word_1_269' title='bbox 2555 1602 2744 1674; x_wconf 78' lang='grc' dir='ltr'>ἤθους,</span> <span class='ocrx_word' id='word_1_270' title='bbox 2777 1598 3024 1680; x_wconf 88' lang='grc' dir='ltr'>πρόϐατα</span> <span class='ocrx_word' id='word_1_271' title='bbox 3072 1607 3350 1680; x_wconf 83' lang='grc' dir='ltr'>τροπικῶς</span> <span class='ocrx_word' id='word_1_272' title='bbox 3377 1601 3814 1679; x_wconf 69' lang='grc' dir='ltr'>προσηγόρευσε.</span> 
     </span>
    </p>
   </div>
   <div class='ocr_carea' id='block_1_42' title="bbox 2160 1690 3821 1768">
    <p class='ocr_par' dir='ltr' id='par_1_42' title="bbox 2160 1690 3821 1768">
     <span class='ocr_line' id='line_1_42' title="bbox 2160 1690 3821 1768; baseline -0.002 -19"><span class='ocrx_word' id='word_1_273' title='bbox 2160 1694 2330 1767; x_wconf 83' lang='grc' dir='ltr'>Διότι,</span> <span class='ocrx_word' id='word_1_274' title='bbox 2385 1692 2567 1768; x_wconf 83' lang='grc' dir='ltr'>ὥσπερ</span> <span class='ocrx_word' id='word_1_275' title='bbox 2624 1693 2731 1749; x_wconf 82' lang='grc' dir='ltr'>ἀπὸ</span> <span class='ocrx_word' id='word_1_276' title='bbox 2773 1695 2887 1767; x_wconf 88' lang='grc'><strong>(13)</strong></span> <span class='ocrx_word' id='word_1_277' title='bbox 2933 1696 3031 1748; x_wconf 79' lang='grc' dir='ltr'>τοῦ</span> <span class='ocrx_word' id='word_1_278' title='bbox 3080 1696 3224 1762; x_wconf 86' lang='grc' dir='ltr'>ζώου</span> <span class='ocrx_word' id='word_1_279' title='bbox 3272 1691 3469 1747; x_wconf 87' lang='grc' dir='ltr'>τούτου</span> <span class='ocrx_word' id='word_1_280' title='bbox 3499 1694 3534 1761; x_wconf 80' lang='grc' dir='ltr'>ἡ</span> <span class='ocrx_word' id='word_1_281' title='bbox 3565 1690 3672 1760; x_wconf 75' lang='grc' dir='ltr'>ὅλη</span> <span class='ocrx_word' id='word_1_282' title='bbox 3704 1697 3821 1759; x_wconf 72' lang='grc' dir='ltr'>τῆς</span> 
     </span>
    </p>
   </div>
   <div class='ocr_carea' id='block_1_43' title="bbox 2163 1778 3815 1859">
    <p class='ocr_par' dir='ltr' id='par_1_43' title="bbox 2163 1778 3815 1859">
     <span class='ocr_line' id='line_1_43' title="bbox 2163 1778 3815 1859; baseline -0.003 -20"><span class='ocrx_word' id='word_1_283' title='bbox 2163 1782 2366 1853; x_wconf 68' lang='grc' dir='ltr'>σκέπης</span> <span class='ocrx_word' id='word_1_284' title='bbox 2413 1785 2550 1856; x_wconf 78' lang='grc' dir='ltr'>ἡμῖν</span> <span class='ocrx_word' id='word_1_285' title='bbox 2602 1782 2854 1859; x_wconf 80' lang='grc' dir='ltr'>ὑπάρχει,</span> <span class='ocrx_word' id='word_1_286' title='bbox 2904 1780 3076 1844; x_wconf 76' lang='grc' dir='ltr'>οὕτως</span> <span class='ocrx_word' id='word_1_287' title='bbox 3120 1781 3227 1837; x_wconf 83' lang='grc' dir='ltr'>ἀπὸ</span> <span class='ocrx_word' id='word_1_288' title='bbox 3260 1787 3360 1850; x_wconf 81' lang='grc' dir='ltr'>τῆς</span> <span class='ocrx_word' id='word_1_289' title='bbox 3390 1780 3527 1836; x_wconf 78' lang='grc' dir='ltr'>κατὰ</span> <span class='ocrx_word' id='word_1_290' title='bbox 3550 1781 3650 1849; x_wconf 78' lang='grc' dir='ltr'>τὴν</span> <span class='ocrx_word' id='word_1_291' title='bbox 3682 1778 3815 1856; x_wconf 78' lang='grc' dir='ltr'>ἁρε-</span> 
     </span>
    </p>
   </div>
   <div class='ocr_carea' id='block_1_44' title="bbox 2159 1866 3818 1947">
    <p class='ocr_par' dir='ltr' id='par_1_44' title="bbox 2159 1866 3818 1947">
     <span class='ocr_line' id='line_1_44' title="bbox 2159 1866 3818 1947; baseline -0.004 -18"><span class='ocrx_word' id='word_1_292' title='bbox 2159 1873 2259 1942; x_wconf 79' lang='grc' dir='ltr'>τὴν</span> <span class='ocrx_word' id='word_1_293' title='bbox 2285 1866 2589 1947; x_wconf 85' lang='grc' dir='ltr'>περιϐολῆς</span> <span class='ocrx_word' id='word_1_294' title='bbox 2617 1873 2652 1941; x_wconf 72' lang='grc' dir='ltr'><strong>ἡ</strong></span> <span class='ocrx_word' id='word_1_295' title='bbox 2689 1871 2802 1940; x_wconf 82' lang='grc' dir='ltr'>ζωὴ</span> <span class='ocrx_word' id='word_1_296' title='bbox 2832 1875 2940 1926; x_wconf 89' lang='grc' dir='ltr'>τῶν</span> <span class='ocrx_word' id='word_1_297' title='bbox 2992 1868 3299 1926; x_wconf 83' lang='grc' dir='ltr'>σπουδαίων</span> <span class='ocrx_word' id='word_1_298' title='bbox 3349 1870 3818 1943; x_wconf 82' lang='grc' dir='ltr'>κατακοσμεῖσθαι</span> 
     </span>
    </p>
   </div>
   <div class='ocr_carea' id='block_1_45' title="bbox 2163 1957 3821 2041">
    <p class='ocr_par' dir='ltr' id='par_1_45' title="bbox 2163 1957 3821 2041">
     <span class='ocr_line' id='line_1_45' title="bbox 2163 1957 3821 2041; baseline -0.004 -23"><span class='ocrx_word' id='word_1_299' title='bbox 2163 1964 2417 2041; x_wconf 68' lang='grc' dir='ltr'>πέφυκεν.</span> <span class='ocrx_word' id='word_1_300' title='bbox 2468 1960 2616 2017; x_wconf 81' lang='grc' dir='ltr'>Ἐπεὶ</span> <span class='ocrx_word' id='word_1_301' title='bbox 2668 1960 2759 2015; x_wconf 85' lang='grc' dir='ltr'>οὗν</span> <span class='ocrx_word' id='word_1_302' title='bbox 2805 1960 2897 2015; x_wconf 85' lang='grc' dir='ltr'>καὶ</span> <span class='ocrx_word' id='word_1_303' title='bbox 2947 1961 3199 2037; x_wconf 65' lang='grc' dir='ltr'>τρᾶφεται</span> <span class='ocrx_word' id='word_1_304' title='bbox 3248 1962 3670 2033; x_wconf 80' lang='grc' dir='ltr'>πνευματικῶς,</span> <span class='ocrx_word' id='word_1_305' title='bbox 3718 1957 3821 2012; x_wconf 73' lang='grc' dir='ltr'>καὶ</span> 
     </span>
    </p>
   </div>
   <div class='ocr_carea' id='block_1_46' title="bbox 2165 2046 3825 2126">
    <p class='ocr_par' dir='ltr' id='par_1_46' title="bbox 2165 2046 3825 2126">
     <span class='ocr_line' id='line_1_46' title="bbox 2165 2046 3825 2126; baseline -0.005 -18"><span class='ocrx_word' id='word_1_306' title='bbox 2165 2048 2523 2124; x_wconf 80' lang='grc' dir='ltr'>κεκόσμηται,</span> <span class='ocrx_word' id='word_1_307' title='bbox 2575 2046 2665 2105; x_wconf 81' lang='grc' dir='ltr'>διὰ</span> <span class='ocrx_word' id='word_1_308' title='bbox 2709 2053 2872 2105; x_wconf 79' lang='grc' dir='ltr'>τοῦτο</span> <span class='ocrx_word' id='word_1_309' title='bbox 2932 2047 3116 2126; x_wconf 69' lang='grc' dir='ltr'>θρέψει</span> <span class='ocrx_word' id='word_1_310' title='bbox 3163 2047 3402 2122; x_wconf 82' lang='grc' dir='ltr'>δάμαλιν</span> <span class='ocrx_word' id='word_1_311' title='bbox 3429 2046 3644 2103; x_wconf 83' lang='grc' dir='ltr'>καὶδύο</span> <span class='ocrx_word' id='word_1_312' title='bbox 3674 2046 3825 2120; x_wconf 74' lang='grc' dir='ltr'>πρόο</span> 
     </span>
    </p>
   </div>
   <div class='ocr_carea' id='block_1_47' title="bbox 2171 2134 3825 2213">
    <p class='ocr_par' dir='ltr' id='par_1_47' title="bbox 2171 2134 3825 2213">
     <span class='ocr_line' id='line_1_47' title="bbox 2171 2134 3825 2213; baseline -0.004 -18"><span class='ocrx_word' id='word_1_313' title='bbox 2171 2136 2328 2196; x_wconf 86' lang='grc' dir='ltr'>ϐατα.</span> <span class='ocrx_word' id='word_1_314' title='bbox 2376 2138 2642 2213; x_wconf 82' lang='grc' dir='ltr'>Βούτυρον</span> <span class='ocrx_word' id='word_1_315' title='bbox 2692 2138 2780 2193; x_wconf 84' lang='grc' dir='ltr'>καὶ</span> <span class='ocrx_word' id='word_1_316' title='bbox 2820 2135 2947 2212; x_wconf 74' lang='grc' dir='ltr'>μέλι</span> <span class='ocrx_word' id='word_1_317' title='bbox 2994 2137 3061 2192; x_wconf 79' lang='grc' dir='ltr'>τὰ</span> <span class='ocrx_word' id='word_1_318' title='bbox 3088 2136 3418 2213; x_wconf 74' lang='grc' dir='ltr'>εΐσαγωγικᾶ</span> <span class='ocrx_word' id='word_1_319' title='bbox 3441 2135 3517 2198; x_wconf 75' lang='grc' dir='ltr'>εἰς</span> <span class='ocrx_word' id='word_1_320' title='bbox 3542 2136 3642 2205; x_wconf 78' lang='grc' dir='ltr'>τὴν</span> <span class='ocrx_word' id='word_1_321' title='bbox 3672 2134 3825 2189; x_wconf 79' lang='grc' dir='ltr'>θείαν</span> 
     </span>
    </p>
   </div>
   <div class='ocr_carea' id='block_1_48' title="bbox 2176 2223 3834 2305">
    <p class='ocr_par' dir='ltr' id='par_1_48' title="bbox 2176 2223 3834 2305">
     <span class='ocr_line' id='line_1_48' title="bbox 2176 2223 3834 2305; baseline -0.004 -21"><span class='ocrx_word' id='word_1_322' title='bbox 2176 2226 2529 2285; x_wconf 78' lang='grc' dir='ltr'>διδασκαλίαν</span> <span class='ocrx_word' id='word_1_323' title='bbox 2585 2224 2888 2305; x_wconf 84' lang='grc' dir='ltr'>διδάγματα</span> <span class='ocrx_word' id='word_1_324' title='bbox 2943 2225 3116 2303; x_wconf 80' lang='grc' dir='ltr'>λέγει.</span> <span class='ocrx_word' id='word_1_325' title='bbox 3171 2225 3318 2282; x_wconf 89' lang='grc' dir='ltr'>Διότι</span> <span class='ocrx_word' id='word_1_326' title='bbox 3368 2229 3585 2303; x_wconf 88' lang='grc' dir='ltr'>πρῶτον</span> <span class='ocrx_word' id='word_1_327' title='bbox 3617 2223 3834 2299; x_wconf 81' lang='grc' dir='ltr'>ἀνθρώ-</span> 
     </span>
    </p>
   </div>
   <div class='ocr_carea' id='block_1_49' title="bbox 2177 2310 3839 2395">
    <p class='ocr_par' dir='ltr' id='par_1_49' title="bbox 2177 2310 3839 2395">
     <span class='ocr_line' id='line_1_49' title="bbox 2177 2310 3839 2395; baseline -0.004 -22"><span class='ocrx_word' id='word_1_328' title='bbox 2177 2339 2285 2373; x_wconf 87' lang='grc' dir='ltr'>που</span> <span class='ocrx_word' id='word_1_329' title='bbox 2332 2317 2508 2395; x_wconf 78' lang='grc' dir='ltr'>τροφή</span> <span class='ocrx_word' id='word_1_330' title='bbox 2562 2315 2822 2392; x_wconf 87' lang='grc' dir='ltr'>βνύτυρον</span> <span class='ocrx_word' id='word_1_331' title='bbox 2871 2315 2961 2371; x_wconf 83' lang='grc' dir='ltr'>καὶ</span> <span class='ocrx_word' id='word_1_332' title='bbox 3006 2314 3133 2389; x_wconf 69' lang='grc' dir='ltr'>μᾶλι</span> <span class='ocrx_word' id='word_1_333' title='bbox 3180 2313 3541 2386; x_wconf 75' lang='grc' dir='ltr'>ἐπινενόηται·</span> <span class='ocrx_word' id='word_1_334' title='bbox 3598 2315 3722 2368; x_wconf 78' lang='grc' dir='ltr'>ὅταν</span> <span class='ocrx_word' id='word_1_335' title='bbox 3770 2310 3839 2367; x_wconf 67' lang='grc' dir='ltr'>δὲ</span> 
     </span>
    </p>
   </div>
   <div class='ocr_carea' id='block_1_50' title="bbox 2182 2403 3844 2484">
    <p class='ocr_par' dir='ltr' id='par_1_50' title="bbox 2182 2403 3844 2484">
     <span class='ocr_line' id='line_1_50' title="bbox 2182 2403 3844 2484; baseline -0.004 -23"><span class='ocrx_word' id='word_1_336' title='bbox 2182 2405 2396 2469; x_wconf 80' lang='grc' dir='ltr'>τούτοις</span> <span class='ocrx_word' id='word_1_337' title='bbox 2453 2404 2734 2480; x_wconf 74' lang='grc' dir='ltr'>αὐτάρκως</span> <span class='ocrx_word' id='word_1_338' title='bbox 2788 2408 2967 2484; x_wconf 78' lang='grc' dir='ltr'>τραφῇ</span> <span class='ocrx_word' id='word_1_339' title='bbox 2998 2449 3014 2477; x_wconf 89' lang='grc'>,</span> <span class='ocrx_word' id='word_1_340' title='bbox 3083 2403 3217 2478; x_wconf 76' lang='grc' dir='ltr'>μετὰ</span> <span class='ocrx_word' id='word_1_341' title='bbox 3267 2404 3332 2460; x_wconf 84' lang='grc' dir='ltr'>τὸ</span> <span class='ocrx_word' id='word_1_342' title='bbox 3390 2403 3844 2480; x_wconf 77' lang='grc' dir='ltr'>ποιχειωθῆναι,</span> 
     </span>
    </p>
   </div>
   <div class='ocr_carea' id='block_1_51' title="bbox 2183 2491 3846 2572">
    <p class='ocr_par' dir='ltr' id='par_1_51' title="bbox 2183 2491 3846 2572">
     <span class='ocr_line' id='line_1_51' title="bbox 2183 2491 3846 2572; baseline -0.004 -21"><span class='ocrx_word' id='word_1_343' title='bbox 2183 2495 2307 2551; x_wconf 85' lang='grc' dir='ltr'>τότε</span> <span class='ocrx_word' id='word_1_344' title='bbox 2360 2491 2594 2572; x_wconf 80' lang='grc' dir='ltr'>ὑπερϐὰς</span> <span class='ocrx_word' id='word_1_345' title='bbox 2619 2495 2686 2550; x_wconf 77' lang='grc' dir='ltr'>τὰ</span> <span class='ocrx_word' id='word_1_346' title='bbox 2713 2493 2801 2550; x_wconf 73' lang='grc' dir='ltr'>ἰπὶ</span> <span class='ocrx_word' id='word_1_347' title='bbox 2831 2501 2933 2565; x_wconf 83' lang='grc' dir='ltr'>τῆς</span> <span class='ocrx_word' id='word_1_348' title='bbox 2982 2501 3106 2571; x_wconf 86' lang='grc' dir='ltr'>γῆς,</span> <span class='ocrx_word' id='word_1_349' title='bbox 3156 2494 3518 2571; x_wconf 68' lang='grc' dir='ltr'>περεωτὲρας</span> <span class='ocrx_word' id='word_1_350' title='bbox 3566 2492 3657 2549; x_wconf 84' lang='grc' dir='ltr'>καὶ</span> <span class='ocrx_word' id='word_1_351' title='bbox 3707 2491 3846 2565; x_wconf 77' lang='grc' dir='ltr'>μεί-</span> 
     </span>
    </p>
   </div>
   <div class='ocr_carea' id='block_1_52' title="bbox 430 2580 3514 2667">
    <p class='ocr_par' dir='ltr' id='par_1_52' title="bbox 430 2580 3514 2667">
     <span class='ocr_line' id='line_1_52' title="bbox 430 2580 3514 2667; baseline -0.003 -18"><span class='ocrx_word' id='word_1_352' title='bbox 430 2586 586 2650; x_wconf 78' lang='grc' dir='ltr'>ζονος</span> <span class='ocrx_word' id='word_1_353' title='bbox 612 2584 702 2639; x_wconf 79' lang='grc' dir='ltr'>καὶ</span> <span class='ocrx_word' id='word_1_354' title='bbox 735 2582 956 2662; x_wconf 83' lang='grc' dir='ltr'>ἀνδράσι</span> <span class='ocrx_word' id='word_1_355' title='bbox 991 2590 1102 2662; x_wconf 77' lang='grc'><strong>(14)</strong></span> <span class='ocrx_word' id='word_1_356' title='bbox 1133 2587 1446 2664; x_wconf 80' lang='grc' dir='ltr'>πρεπούσης</span> <span class='ocrx_word' id='word_1_357' title='bbox 1476 2595 1684 2667; x_wconf 76' lang='grc' dir='ltr'>τροφῆς</span> <span class='ocrx_word' id='word_1_358' title='bbox 1716 2587 2110 2663; x_wconf 76' lang='grc' dir='ltr'>μεταλήψεται,</span> <span class='ocrx_word' id='word_1_359' title='bbox 2137 2590 2255 2648; x_wconf 86' lang='grc' dir='ltr'>τοῖς</span> <span class='ocrx_word' id='word_1_360' title='bbox 2285 2590 2673 2658; x_wconf 80' lang='grc' dir='ltr'>πνευματικοῖς</span> <span class='ocrx_word' id='word_1_361' title='bbox 2709 2585 3022 2658; x_wconf 78' lang='grc' dir='ltr'>μαθήμασιν</span> <span class='ocrx_word' id='word_1_362' title='bbox 3055 2584 3240 2639; x_wconf 68' lang='grc' dir='ltr'>ἑαυτὸν</span> <span class='ocrx_word' id='word_1_363' title='bbox 3272 2580 3514 2647; x_wconf 72' lang='grc' dir='ltr'>ἐπιδούς.</span> 
     </span>
    </p>
   </div>
   <div class='ocr_carea' id='block_1_53' title="bbox 494 2702 2072 2778">
    <p class='ocr_par' dir='ltr' id='par_1_53' title="bbox 494 2702 2072 2778">
     <span class='ocr_line' id='line_1_53' title="bbox 494 2702 2072 2778; baseline 0.004 -22"><span class='ocrx_word' id='word_1_364' title='bbox 494 2703 619 2758; x_wconf 88' lang='lat'>205.</span> <span class='ocrx_word' id='word_1_365' title='bbox 654 2702 1044 2761; x_wconf 74' lang='lat' dir='ltr'>Vsas.23-25.</span> <span class='ocrx_word' id='word_1_366' title='bbox 1077 2706 1140 2762; x_wconf 85' lang='lat' dir='ltr'>Et</span> <span class='ocrx_word' id='word_1_367' title='bbox 1169 2708 1279 2763; x_wconf 82' lang='lat' dir='ltr'>erit</span> <span class='ocrx_word' id='word_1_368' title='bbox 1326 2708 1386 2763; x_wconf 82' lang='lat' dir='ltr'>in</span> <span class='ocrx_word' id='word_1_369' title='bbox 1443 2706 1531 2762; x_wconf 87' lang='lat' dir='ltr'>dic</span> <span class='ocrx_word' id='word_1_370' title='bbox 1588 2706 1717 2778; x_wconf 78' lang='lat' dir='ltr'>illa,</span> <span class='ocrx_word' id='word_1_371' title='bbox 1775 2708 1952 2763; x_wconf 76' lang='lat' dir='ltr'>omnis</span> <span class='ocrx_word' id='word_1_372' title='bbox 1996 2704 2072 2763; x_wconf 88' lang='lat' dir='ltr'>lo-</span> 
     </span>
    </p>
   </div>
   <div class='ocr_carea' id='block_1_54' title="bbox 420 2792 2071 2867">
    <p class='ocr_par' dir='ltr' id='par_1_54' title="bbox 420 2792 2071 2867">
     <span class='ocr_line' id='line_1_54' title="bbox 420 2792 2071 2867; baseline 0.001 -18"><span class='ocrx_word' id='word_1_373' title='bbox 420 2807 518 2849; x_wconf 75' lang='lat' dir='ltr'>cus</span> <span class='ocrx_word' id='word_1_374' title='bbox 539 2792 636 2847; x_wconf 87' lang='lat' dir='ltr'>ubi</span> <span class='ocrx_word' id='word_1_375' title='bbox 661 2793 877 2865; x_wconf 79' lang='lat' dir='ltr'>fuerint</span> <span class='ocrx_word' id='word_1_376' title='bbox 904 2796 1058 2851; x_wconf 85' lang='lat' dir='ltr'>mille</span> <span class='ocrx_word' id='word_1_377' title='bbox 1087 2798 1287 2867; x_wconf 58' lang='lat' dir='ltr'>vinem,</span> <span class='ocrx_word' id='word_1_378' title='bbox 1318 2797 1477 2853; x_wconf 67' lang='lat' dir='ltr'>mille</span> <span class='ocrx_word' id='word_1_379' title='bbox 1505 2797 1860 2864; x_wconf 75' lang='lat' dir='ltr'>siclorum,in</span> <span class='ocrx_word' id='word_1_380' title='bbox 1892 2796 2071 2851; x_wconf 76' lang='lat' dir='ltr'>deser-</span> 
     </span>
    </p>
   </div>
   <div class='ocr_carea' id='block_1_55' title="bbox 424 2884 2072 2957">
    <p class='ocr_par' dir='ltr' id='par_1_55' title="bbox 424 2884 2072 2957">
     <span class='ocr_line' id='line_1_55' title="bbox 424 2884 2072 2957; baseline 0.003 -21"><span class='ocrx_word' id='word_1_381' title='bbox 424 2890 545 2937; x_wconf 82' lang='lat' dir='ltr'>tum</span> <span class='ocrx_word' id='word_1_382' title='bbox 571 2893 754 2950; x_wconf 88' lang='lat' dir='ltr'>erunt,</span> <span class='ocrx_word' id='word_1_383' title='bbox 786 2892 837 2940; x_wconf 78' lang='lat' dir='ltr'>et</span> <span class='ocrx_word' id='word_1_384' title='bbox 866 2885 925 2939; x_wconf 87' lang='lat' dir='ltr'>in</span> <span class='ocrx_word' id='word_1_385' title='bbox 952 2886 1192 2956; x_wconf 78' lang='lat' dir='ltr'>spinam.</span> <span class='ocrx_word' id='word_1_386' title='bbox 1228 2884 1361 2941; x_wconf 85' lang='lat' dir='ltr'>Cum</span> <span class='ocrx_word' id='word_1_387' title='bbox 1390 2887 1608 2957; x_wconf 70' lang='lat' dir='ltr'>sagitta</span> <span class='ocrx_word' id='word_1_388' title='bbox 1641 2895 1691 2942; x_wconf 85' lang='lat' dir='ltr'>et</span> <span class='ocrx_word' id='word_1_389' title='bbox 1720 2901 1856 2940; x_wconf 83' lang='lat' dir='ltr'>arcu</span> <span class='ocrx_word' id='word_1_390' title='bbox 1886 2887 2072 2954; x_wconf 38' lang='lat' dir='ltr'>ingre‘</span> 
     </span>
    </p>
   </div>
   <div class='ocr_carea' id='block_1_56' title="bbox 423 2970 2073 3047">
    <p class='ocr_par' dir='ltr' id='par_1_56' title="bbox 423 2970 2073 3047">
     <span class='ocr_line' id='line_1_56' title="bbox 423 2970 2073 3047; baseline 0.001 -20"><span class='ocrx_word' id='word_1_391' title='bbox 423 2970 657 3027; x_wconf 77' lang='lat' dir='ltr'>dientur</span> <span class='ocrx_word' id='word_1_392' title='bbox 683 2973 839 3043; x_wconf 84' lang='lat' dir='ltr'>illuc,</span> <span class='ocrx_word' id='word_1_393' title='bbox 873 2976 1137 3045; x_wconf 85' lang='lat' dir='ltr'>quoniam</span> <span class='ocrx_word' id='word_1_394' title='bbox 1166 2974 1433 3031; x_wconf 75' lang='lat' dir='ltr'>desertum</span> <span class='ocrx_word' id='word_1_395' title='bbox 1461 2979 1513 3032; x_wconf 87' lang='lat' dir='ltr'>et</span> <span class='ocrx_word' id='word_1_396' title='bbox 1540 2975 1698 3047; x_wconf 72' lang='lat' dir='ltr'>spina</span> <span class='ocrx_word' id='word_1_397' title='bbox 1729 2976 1839 3031; x_wconf 87' lang='lat' dir='ltr'>erit</span> <span class='ocrx_word' id='word_1_398' title='bbox 1893 2976 2073 3030; x_wconf 76' lang='lat' dir='ltr'>omnis</span> 
     </span>
    </p>
   </div>
   <div class='ocr_carea' id='block_1_57' title="bbox 424 3064 2070 3135">
    <p class='ocr_par' dir='ltr' id='par_1_57' title="bbox 424 3064 2070 3135">
     <span class='ocr_line' id='line_1_57' title="bbox 424 3064 2070 3135; baseline 0.002 -19"><span class='ocrx_word' id='word_1_399' title='bbox 424 3065 596 3129; x_wconf 81' lang='lat' dir='ltr'>terra,</span> <span class='ocrx_word' id='word_1_400' title='bbox 620 3065 673 3117; x_wconf 81' lang='lat' dir='ltr'>et</span> <span class='ocrx_word' id='word_1_401' title='bbox 704 3065 882 3118; x_wconf 77' lang='lat' dir='ltr'>omnis</span> <span class='ocrx_word' id='word_1_402' title='bbox 908 3079 1067 3120; x_wconf 75' lang='lat' dir='ltr'>mons</span> <span class='ocrx_word' id='word_1_403' title='bbox 1097 3069 1290 3120; x_wconf 80' lang='lat' dir='ltr'>aratas</span> <span class='ocrx_word' id='word_1_404' title='bbox 1318 3065 1591 3121; x_wconf 75' lang='lat' dir='ltr'>arabitur.</span> <span class='ocrx_word' id='word_1_405' title='bbox 1640 3064 1761 3119; x_wconf 87' lang='lat' dir='ltr'>Non</span> <span class='ocrx_word' id='word_1_406' title='bbox 1816 3079 2070 3135; x_wconf 78' lang='lat' dir='ltr'>superve-</span> 
     </span>
    </p>
   </div>
   <div class='ocr_carea' id='block_1_58' title="bbox 425 3150 2073 3225">
    <p class='ocr_par' dir='ltr' id='par_1_58' title="bbox 425 3150 2073 3225">
     <span class='ocr_line' id='line_1_58' title="bbox 425 3150 2073 3225; baseline 0.002 -22"><span class='ocrx_word' id='word_1_407' title='bbox 425 3150 545 3205; x_wconf 82' lang='lat' dir='ltr'>niet</span> <span class='ocrx_word' id='word_1_408' title='bbox 573 3150 711 3206; x_wconf 84' lang='lat' dir='ltr'>illuc</span> <span class='ocrx_word' id='word_1_409' title='bbox 742 3153 931 3208; x_wconf 80' lang='lat' dir='ltr'>timor.</span> <span class='ocrx_word' id='word_1_410' title='bbox 967 3153 1084 3208; x_wconf 82' lang='lat' dir='ltr'>Erit</span> <span class='ocrx_word' id='word_1_411' title='bbox 1120 3156 1266 3210; x_wconf 87' lang='lat' dir='ltr'>enim</span> <span class='ocrx_word' id='word_1_412' title='bbox 1294 3168 1416 3225; x_wconf 69' lang='lat' dir='ltr'>prae</span> <span class='ocrx_word' id='word_1_413' title='bbox 1470 3152 1768 3209; x_wconf 79' lang='lat' dir='ltr'>solitudine</span> <span class='ocrx_word' id='word_1_414' title='bbox 1821 3157 1869 3208; x_wconf 81' lang='lat' dir='ltr'>et</span> <span class='ocrx_word' id='word_1_415' title='bbox 1907 3155 2073 3223; x_wconf 79' lang='lat' dir='ltr'>spina</span> 
     </span>
    </p>
   </div>
   <div class='ocr_carea' id='block_1_59' title="bbox 423 3237 2073 3311">
    <p class='ocr_par' dir='ltr' id='par_1_59' title="bbox 423 3237 2073 3311">
     <span class='ocr_line' id='line_1_59' title="bbox 423 3237 2073 3311; baseline 0.004 -21"><span class='ocrx_word' id='word_1_416' title='bbox 423 3237 692 3308; x_wconf 79' lang='lat' dir='ltr'>pabulum</span> <span class='ocrx_word' id='word_1_417' title='bbox 712 3242 854 3311; x_wconf 75' lang='lat' dir='ltr'>ovis,</span> <span class='ocrx_word' id='word_1_418' title='bbox 886 3247 936 3296; x_wconf 86' lang='lat' dir='ltr'>et</span> <span class='ocrx_word' id='word_1_419' title='bbox 965 3243 1300 3298; x_wconf 83' lang='lat' dir='ltr'>conculcatio</span> <span class='ocrx_word' id='word_1_420' title='bbox 1358 3242 1527 3298; x_wconf 78' lang='lat' dir='ltr'>bovis.</span> <span class='ocrx_word' id='word_1_421' title='bbox 1588 3244 1882 3307; x_wconf 81' lang='lat' dir='ltr'>Quantum</span> <span class='ocrx_word' id='word_1_422' title='bbox 1920 3246 2073 3297; x_wconf 92' lang='lat' dir='ltr'>certe</span> 
     </span>
    </p>
   </div>
   <div class='ocr_carea' id='block_1_60' title="bbox 425 3326 2070 3401">
    <p class='ocr_par' dir='ltr' id='par_1_60' title="bbox 425 3326 2070 3401">
     <span class='ocr_line' id='line_1_60' title="bbox 425 3326 2070 3401; baseline 0.004 -22"><span class='ocrx_word' id='word_1_423' title='bbox 425 3326 550 3382; x_wconf 85' lang='lat' dir='ltr'>fieri</span> <span class='ocrx_word' id='word_1_424' title='bbox 584 3328 771 3397; x_wconf 88' lang='lat' dir='ltr'>potuit</span> <span class='ocrx_word' id='word_1_425' title='bbox 800 3329 861 3383; x_wconf 90' lang='lat' dir='ltr'>in</span> <span class='ocrx_word' id='word_1_426' title='bbox 892 3329 1038 3387; x_wconf 90' lang='lat' dir='ltr'>locis</span> <span class='ocrx_word' id='word_1_427' title='bbox 1067 3332 1269 3387; x_wconf 89' lang='lat' dir='ltr'>arduis</span> <span class='ocrx_word' id='word_1_428' title='bbox 1299 3337 1358 3387; x_wconf 92' lang='lat' dir='ltr'>et</span> <span class='ocrx_word' id='word_1_429' title='bbox 1379 3330 1675 3387; x_wconf 88' lang='lat' dir='ltr'>intellectu</span> <span class='ocrx_word' id='word_1_430' title='bbox 1709 3330 2070 3401; x_wconf 81' lang='lat' dir='ltr'>difficilibus,</span> 
     </span>
    </p>
   </div>
   <div class='ocr_carea' id='block_1_61' title="bbox 425 3413 2073 3488">
    <p class='ocr_par' dir='ltr' id='par_1_61' title="bbox 425 3413 2073 3488">
     <span class='ocr_line' id='line_1_61' title="bbox 425 3413 2073 3488; baseline 0.004 -19"><span class='ocrx_word' id='word_1_431' title='bbox 425 3413 871 3488; x_wconf 84' lang='lat' dir='ltr'>explicationem</span> <span class='ocrx_word' id='word_1_432' title='bbox 902 3434 1018 3474; x_wconf 93' lang='lat' dir='ltr'>non</span> <span class='ocrx_word' id='word_1_433' title='bbox 1050 3420 1287 3487; x_wconf 83' lang='lat' dir='ltr'>omnino</span> <span class='ocrx_word' id='word_1_434' title='bbox 1317 3419 1752 3476; x_wconf 87' lang='lat' dir='ltr'>dissentaneam</span> <span class='ocrx_word' id='word_1_435' title='bbox 1778 3418 2073 3476; x_wconf 87' lang='lat' dir='ltr'>invenisse</span> 
     </span>
    </p>
   </div>
   <div class='ocr_carea' id='block_1_62' title="bbox 424 3508 2071 3582">
    <p class='ocr_par' dir='ltr' id='par_1_62' title="bbox 424 3508 2071 3582">
     <span class='ocr_line' id='line_1_62' title="bbox 424 3508 2071 3582; baseline 0.004 -22"><span class='ocrx_word' id='word_1_436' title='bbox 424 3519 532 3561; x_wconf 89' lang='lat' dir='ltr'>nos</span> <span class='ocrx_word' id='word_1_437' title='bbox 554 3509 854 3578; x_wconf 88' lang='lat' dir='ltr'>putamus.</span> <span class='ocrx_word' id='word_1_438' title='bbox 887 3508 1035 3566; x_wconf 87' lang='lat' dir='ltr'>Vide</span> <span class='ocrx_word' id='word_1_439' title='bbox 1067 3508 1273 3582; x_wconf 85' lang='lat' dir='ltr'>igitur,</span> <span class='ocrx_word' id='word_1_440' title='bbox 1302 3527 1445 3566; x_wconf 91' lang='lat' dir='ltr'>num</span> <span class='ocrx_word' id='word_1_441' title='bbox 1470 3510 1624 3567; x_wconf 88' lang='lat' dir='ltr'>circa</span> <span class='ocrx_word' id='word_1_442' title='bbox 1654 3510 1778 3566; x_wconf 67' lang='lat' dir='ltr'>haec</span> <span class='ocrx_word' id='word_1_443' title='bbox 1835 3509 2071 3567; x_wconf 89' lang='lat' dir='ltr'>oracula</span> 
     </span>
    </p>
   </div>
   <div class='ocr_carea' id='block_1_63' title="bbox 423 3593 2070 3673">
    <p class='ocr_par' dir='ltr' id='par_1_63' title="bbox 423 3593 2070 3673">
     <span class='ocr_line' id='line_1_63' title="bbox 423 3593 2070 3673; baseline 0.004 -25"><span class='ocrx_word' id='word_1_444' title='bbox 423 3593 685 3668; x_wconf 82' lang='lat' dir='ltr'>excipere</span> <span class='ocrx_word' id='word_1_445' title='bbox 705 3598 897 3669; x_wconf 87' lang='lat' dir='ltr'>possis</span> <span class='ocrx_word' id='word_1_446' title='bbox 913 3599 1204 3670; x_wconf 86' lang='lat' dir='ltr'>ejusmodi</span> <span class='ocrx_word' id='word_1_447' title='bbox 1229 3599 1775 3670; x_wconf 88' lang='lat' dir='ltr'>sensum,videlicet</span> <span class='ocrx_word' id='word_1_448' title='bbox 1791 3599 1946 3673; x_wconf 91' lang='lat' dir='ltr'>quod</span> <span class='ocrx_word' id='word_1_449' title='bbox 1969 3600 2070 3673; x_wconf 87' lang='lat' dir='ltr'>qui</span> 
     </span>
    </p>
   </div>
   <div class='ocr_carea' id='block_1_64' title="bbox 419 3687 2069 3759">
    <p class='ocr_par' dir='ltr' id='par_1_64' title="bbox 419 3687 2069 3759">
     <span class='ocr_line' id='line_1_64' title="bbox 419 3687 2069 3759; baseline 0.005 -23"><span class='ocrx_word' id='word_1_450' title='bbox 419 3687 587 3739; x_wconf 85' lang='lat' dir='ltr'>crant</span> <span class='ocrx_word' id='word_1_451' title='bbox 614 3701 685 3742; x_wconf 88' lang='lat' dir='ltr'>ex</span> <span class='ocrx_word' id='word_1_452' title='bbox 714 3687 1183 3759; x_wconf 88' lang='lat' dir='ltr'>circumcisione,</span> <span class='ocrx_word' id='word_1_453' title='bbox 1225 3689 1346 3746; x_wconf 88' lang='lat' dir='ltr'>sint</span> <span class='ocrx_word' id='word_1_454' title='bbox 1366 3689 1528 3747; x_wconf 91' lang='lat' dir='ltr'>mille</span> <span class='ocrx_word' id='word_1_455' title='bbox 1556 3689 1735 3746; x_wconf 61' lang='lat' dir='ltr'>vinem</span> <span class='ocrx_word' id='word_1_456' title='bbox 1766 3689 2069 3746; x_wconf 91' lang='lat' dir='ltr'>siclorum.</span> 
     </span>
    </p>
   </div>
   <div class='ocr_carea' id='block_1_65' title="bbox 415 3769 2074 3853">
    <p class='ocr_par' dir='ltr' id='par_1_65' title="bbox 415 3769 2074 3853">
     <span class='ocr_line' id='line_1_65' title="bbox 415 3769 2074 3853; baseline 0.005 -27"><span class='ocrx_word' id='word_1_457' title='bbox 415 3769 608 3830; x_wconf 89' lang='lat' dir='ltr'>Vitem</span> <span class='ocrx_word' id='word_1_458' title='bbox 641 3791 896 3848; x_wconf 85' lang='lat' dir='ltr'>namque</span> <span class='ocrx_word' id='word_1_459' title='bbox 928 3779 1230 3835; x_wconf 87' lang='lat' dir='ltr'>transtulit</span> <span class='ocrx_word' id='word_1_460' title='bbox 1258 3789 1326 3834; x_wconf 86' lang='lat' dir='ltr'>ex</span> <span class='ocrx_word' id='word_1_461' title='bbox 1353 3782 1686 3853; x_wconf 65' lang='lat' dir='ltr'>Egypto,et</span> <span class='ocrx_word' id='word_1_462' title='bbox 1715 3779 1917 3852; x_wconf 88' lang='lat' dir='ltr'>ejectis</span> <span class='ocrx_word' id='word_1_463' title='bbox 1938 3795 2074 3851; x_wconf 88' lang='lat' dir='ltr'>gen-</span> 
     </span>
    </p>
   </div>
   <div class='ocr_carea' id='block_1_66' title="bbox 415 3860 2069 3942">
    <p class='ocr_par' dir='ltr' id='par_1_66' title="bbox 415 3860 2069 3942">
     <span class='ocr_line' id='line_1_66' title="bbox 415 3860 2069 3942; baseline 0.004 -25"><span class='ocrx_word' id='word_1_464' title='bbox 415 3860 891 3937; x_wconf 88' lang='lat' dir='ltr'>tibus,plantavit</span> <span class='ocrx_word' id='word_1_465' title='bbox 920 3883 1047 3923; x_wconf 90' lang='lat' dir='ltr'>eam</span> <span class='ocrx_word' id='word_1_466' title='bbox 1070 3868 1091 3903; x_wconf 81' lang='grc'>⁸</span> <span class='ocrx_word' id='word_1_467' title='bbox 1126 3884 1141 3939; x_wconf 90' lang='lat'><strong>;</strong></span> <span class='ocrx_word' id='word_1_468' title='bbox 1175 3884 1302 3941; x_wconf 72' lang='lat' dir='ltr'>quae</span> <span class='ocrx_word' id='word_1_469' title='bbox 1325 3869 1529 3926; x_wconf 90' lang='lat' dir='ltr'>multis</span> <span class='ocrx_word' id='word_1_470' title='bbox 1560 3870 1850 3926; x_wconf 82' lang='lat' dir='ltr'>fructibus</span> <span class='ocrx_word' id='word_1_471' title='bbox 1879 3869 2069 3942; x_wconf 91' lang='lat' dir='ltr'>primo</span> 
     </span>
    </p>
   </div>
   <div class='ocr_carea' id='block_1_67' title="bbox 416 3950 2067 4031">
    <p class='ocr_par' dir='ltr' id='par_1_67' title="bbox 416 3950 2067 4031">
     <span class='ocr_line' id='line_1_67' title="bbox 416 3950 2067 4031; baseline 0.004 -25"><span class='ocrx_word' id='word_1_472' title='bbox 416 3950 629 4024; x_wconf 90' lang='lat' dir='ltr'>allatis,</span> <span class='ocrx_word' id='word_1_473' title='bbox 663 3959 865 4028; x_wconf 89' lang='lat' dir='ltr'>postea</span> <span class='ocrx_word' id='word_1_474' title='bbox 893 3956 1158 4031; x_wconf 89' lang='lat' dir='ltr'>neglecla</span> <span class='ocrx_word' id='word_1_475' title='bbox 1187 3962 1295 4029; x_wconf 90' lang='lat' dir='ltr'>est,</span> <span class='ocrx_word' id='word_1_476' title='bbox 1336 3959 1491 4031; x_wconf 88' lang='lat' dir='ltr'>quod</span> <span class='ocrx_word' id='word_1_477' title='bbox 1537 3975 1815 4016; x_wconf 88' lang='lat' dir='ltr'>conversa</span> <span class='ocrx_word' id='word_1_478' title='bbox 1870 3963 1959 4014; x_wconf 89' lang='lat' dir='ltr'>est</span> <span class='ocrx_word' id='word_1_479' title='bbox 2008 3957 2067 4012; x_wconf 92' lang='lat' dir='ltr'>in</span> 
     </span>
    </p>
   </div>
   <div class='ocr_carea' id='block_1_68' title="bbox 338 4044 2071 4119">
    <p class='ocr_par' dir='ltr' id='par_1_68' title="bbox 338 4044 2071 4119">
     <span class='ocr_line' id='line_1_68' title="bbox 338 4044 2071 4119; baseline 0.002 -23"><span class='ocrx_word' id='word_1_480' title='bbox 338 4064 339 4073; x_wconf 55' lang='grc' dir='ltr'>ι</span> <span class='ocrx_word' id='word_1_481' title='bbox 415 4044 867 4103; x_wconf 88' lang='lat' dir='ltr'>amaritudinem</span> <span class='ocrx_word' id='word_1_482' title='bbox 898 4047 1049 4115; x_wconf 84' lang='lat' dir='ltr'>’;et</span> <span class='ocrx_word' id='word_1_483' title='bbox 1096 4047 1396 4104; x_wconf 88' lang='lat' dir='ltr'>destructa</span> <span class='ocrx_word' id='word_1_484' title='bbox 1442 4052 1531 4104; x_wconf 90' lang='lat' dir='ltr'>est</span> <span class='ocrx_word' id='word_1_485' title='bbox 1585 4049 1713 4118; x_wconf 85' lang='lat' dir='ltr'>ejus</span> <span class='ocrx_word' id='word_1_486' title='bbox 1767 4063 1956 4119; x_wconf 85' lang='lat' dir='ltr'>sepes,</span> <span class='ocrx_word' id='word_1_487' title='bbox 2012 4049 2071 4101; x_wconf 88' lang='lat' dir='ltr'>et</span> 
     </span>
    </p>
   </div>
   <div class='ocr_carea' id='block_1_69' title="bbox 413 4129 2066 4205">
    <p class='ocr_par' dir='ltr' id='par_1_69' title="bbox 413 4129 2066 4205">
     <span class='ocr_line' id='line_1_69' title="bbox 413 4129 2066 4205; baseline 0.002 -21"><span class='ocrx_word' id='word_1_488' title='bbox 413 4129 569 4186; x_wconf 80' lang='lat' dir='ltr'>facta</span> <span class='ocrx_word' id='word_1_489' title='bbox 597 4136 687 4188; x_wconf 91' lang='lat' dir='ltr'>est</span> <span class='ocrx_word' id='word_1_490' title='bbox 716 4133 773 4188; x_wconf 93' lang='lat' dir='ltr'>in</span> <span class='ocrx_word' id='word_1_491' title='bbox 796 4132 1183 4205; x_wconf 79' lang='lat' dir='ltr'>direptionem</span> <span class='ocrx_word' id='word_1_492' title='bbox 1231 4134 1678 4191; x_wconf 88' lang='lat' dir='ltr'>transeuntibus</span> <span class='ocrx_word' id='word_1_493' title='bbox 1706 4136 1768 4189; x_wconf 71' lang='grc' dir='ltr'>ιο.</span> <span class='ocrx_word' id='word_1_494' title='bbox 1792 4138 1924 4189; x_wconf 62' lang='lat' dir='ltr'>Haec</span> <span class='ocrx_word' id='word_1_495' title='bbox 1953 4134 2066 4188; x_wconf 88' lang='lat' dir='ltr'>ita-</span> 
     </span>
    </p>
   </div>
   <div class='ocr_carea' id='block_1_70' title="bbox 414 4220 2065 4291">
    <p class='ocr_par' dir='ltr' id='par_1_70' title="bbox 414 4220 2065 4291">
     <span class='ocr_line' id='line_1_70' title="bbox 414 4220 2065 4291; baseline 0.002 -16"><span class='ocrx_word' id='word_1_496' title='bbox 414 4235 529 4291; x_wconf 90' lang='lat' dir='ltr'>que</span> <span class='ocrx_word' id='word_1_497' title='bbox 549 4220 730 4278; x_wconf 66' lang='lat' dir='ltr'>vinea</span> <span class='ocrx_word' id='word_1_498' title='bbox 760 4222 981 4279; x_wconf 78' lang='lat' dir='ltr'>feraces</span> <span class='ocrx_word' id='word_1_499' title='bbox 1004 4228 1246 4278; x_wconf 65' lang='lat' dir='ltr'>mutatis</span> <span class='ocrx_word' id='word_1_500' title='bbox 1276 4228 1416 4279; x_wconf 89' lang='lat' dir='ltr'>sunt</span> <span class='ocrx_word' id='word_1_501' title='bbox 1435 4223 1490 4278; x_wconf 92' lang='lat' dir='ltr'>in</span> <span class='ocrx_word' id='word_1_502' title='bbox 1525 4229 1741 4279; x_wconf 88' lang='lat' dir='ltr'>terram</span> <span class='ocrx_word' id='word_1_503' title='bbox 1774 4224 2065 4279; x_wconf 85' lang='lat' dir='ltr'>desertam</span> 
     </span>
    </p>
   </div>
   <div class='ocr_carea' id='block_1_71' title="bbox 413 4310 2067 4382">
    <p class='ocr_par' dir='ltr' id='par_1_71' title="bbox 413 4310 2067 4382">
     <span class='ocr_line' id='line_1_71' title="bbox 413 4310 2067 4382; baseline 0.004 -19"><span class='ocrx_word' id='word_1_504' title='bbox 413 4313 472 4363; x_wconf 87' lang='lat' dir='ltr'>et</span> <span class='ocrx_word' id='word_1_505' title='bbox 494 4310 682 4380; x_wconf 91' lang='lat' dir='ltr'>spinis</span> <span class='ocrx_word' id='word_1_506' title='bbox 710 4311 1045 4367; x_wconf 88' lang='lat' dir='ltr'>horrentem</span> <span class='ocrx_word' id='word_1_507' title='bbox 1079 4315 1369 4382; x_wconf 90' lang='lat' dir='ltr'>tum,cum</span> <span class='ocrx_word' id='word_1_508' title='bbox 1403 4311 1633 4368; x_wconf 89' lang='lat' dir='ltr'>hostilis</span> <span class='ocrx_word' id='word_1_509' title='bbox 1663 4311 1950 4369; x_wconf 83' lang='lat' dir='ltr'>exercitus</span> <span class='ocrx_word' id='word_1_510' title='bbox 1974 4328 2067 4369; x_wconf 85' lang='lat' dir='ltr'>va-</span> 
     </span>
    </p>
   </div>
   <div class='ocr_carea' id='block_1_72' title="bbox 2251 2695 3839 2777">
    <p class='ocr_par' dir='ltr' id='par_1_72' title="bbox 2251 2695 3839 2777">
     <span class='ocr_line' id='line_1_72' title="bbox 2251 2695 3839 2777; baseline -0.005 -18"><span class='ocrx_word' id='word_1_511' title='bbox 2251 2705 2376 2759; x_wconf 87' lang='grc'>205·</span> <span class='ocrx_word' id='word_1_512' title='bbox 2438 2702 2540 2759; x_wconf 84' lang='grc' dir='ltr'>Καὶ</span> <span class='ocrx_word' id='word_1_513' title='bbox 2597 2695 2743 2756; x_wconf 81' lang='grc' dir='ltr'>ἔσται</span> <span class='ocrx_word' id='word_1_514' title='bbox 2800 2699 2853 2755; x_wconf 73' lang='grc' dir='ltr'>ἐν</span> <span class='ocrx_word' id='word_1_515' title='bbox 2901 2699 2972 2775; x_wconf 75' lang='grc' dir='ltr'>τῇ</span> <span class='ocrx_word' id='word_1_516' title='bbox 3033 2698 3216 2777; x_wconf 75' lang='grc' dir='ltr'>ἡμίρᾳ</span> <span class='ocrx_word' id='word_1_517' title='bbox 3268 2698 3468 2776; x_wconf 72' lang='grc' dir='ltr'>ἐκείνῃ,</span> <span class='ocrx_word' id='word_1_518' title='bbox 3526 2703 3630 2762; x_wconf 76' lang='grc' dir='ltr'>πᾶς</span> <span class='ocrx_word' id='word_1_519' title='bbox 3657 2696 3839 2760; x_wconf 82' lang='grc' dir='ltr'>τόπος</span> 
     </span>
    </p>
   </div>
   <div class='ocr_carea' id='block_1_73' title="bbox 2183 2784 3843 2866">
    <p class='ocr_par' dir='ltr' id='par_1_73' title="bbox 2183 2784 3843 2866">
     <span class='ocr_line' id='line_1_73' title="bbox 2183 2784 3843 2866; baseline -0.006 -18"><span class='ocrx_word' id='word_1_520' title='bbox 2183 2792 2245 2848; x_wconf 72' lang='grc' dir='ltr'>οὗ</span> <span class='ocrx_word' id='word_1_521' title='bbox 2307 2789 2395 2846; x_wconf 71' lang='grc' dir='ltr'>ἐὰν</span> <span class='ocrx_word' id='word_1_522' title='bbox 2456 2792 2556 2845; x_wconf 84' lang='grc' dir='ltr'>ῶσι</span> <span class='ocrx_word' id='word_1_523' title='bbox 2619 2789 2801 2866; x_wconf 84' lang='grc' dir='ltr'>χίλιαι</span> <span class='ocrx_word' id='word_1_524' title='bbox 2863 2787 3145 2863; x_wconf 73' lang='grc' dir='ltr'>ἄμπελοι.</span> <span class='ocrx_word' id='word_1_525' title='bbox 3202 2787 3409 2865; x_wconf 81' lang='grc' dir='ltr'>χιλίων</span> <span class='ocrx_word' id='word_1_526' title='bbox 3465 2785 3693 2855; x_wconf 81' lang='grc' dir='ltr'>σίκλων,</span> <span class='ocrx_word' id='word_1_527' title='bbox 3751 2784 3843 2848; x_wconf 69' lang='grc' dir='ltr'>εἰς</span> 
     </span>
    </p>
   </div>
   <div class='ocr_carea' id='block_1_74' title="bbox 2182 2872 3843 2958">
    <p class='ocr_par' dir='ltr' id='par_1_74' title="bbox 2182 2872 3843 2958">
     <span class='ocr_line' id='line_1_74' title="bbox 2182 2872 3843 2958; baseline -0.005 -22"><span class='ocrx_word' id='word_1_528' title='bbox 2182 2881 2379 2958; x_wconf 73' lang='grc' dir='ltr'>χέρσον</span> <span class='ocrx_word' id='word_1_529' title='bbox 2457 2877 2709 2948; x_wconf 75' lang='grc' dir='ltr'>ἔσονται,</span> <span class='ocrx_word' id='word_1_530' title='bbox 2766 2879 2855 2934; x_wconf 80' lang='grc' dir='ltr'>καὶ</span> <span class='ocrx_word' id='word_1_531' title='bbox 2925 2878 3003 2942; x_wconf 77' lang='grc' dir='ltr'>εἷς</span> <span class='ocrx_word' id='word_1_532' title='bbox 3061 2876 3333 2942; x_wconf 71' lang='grc' dir='ltr'>ἄκανθαν.</span> <span class='ocrx_word' id='word_1_533' title='bbox 3405 2875 3553 2933; x_wconf 79' lang='grc' dir='ltr'>Μετᾶ</span> <span class='ocrx_word' id='word_1_534' title='bbox 3629 2872 3843 2950; x_wconf 74' lang='grc' dir='ltr'>βέλους</span> 
     </span>
    </p>
   </div>
   <div class='ocr_carea' id='block_1_75' title="bbox 2181 2962 3845 3043">
    <p class='ocr_par' dir='ltr' id='par_1_75' title="bbox 2181 2962 3845 3043">
     <span class='ocr_line' id='line_1_75' title="bbox 2181 2962 3845 3043; baseline -0.004 -18"><span class='ocrx_word' id='word_1_535' title='bbox 2181 2972 2271 3026; x_wconf 85' lang='grc' dir='ltr'>καὶ</span> <span class='ocrx_word' id='word_1_536' title='bbox 2343 2968 2672 3043; x_wconf 78' lang='grc' dir='ltr'>τοξεύματος</span> <span class='ocrx_word' id='word_1_537' title='bbox 2759 2967 3158 3024; x_wconf 59' lang='grc' dir='ltr'>εἴσελεύσονται</span> <span class='ocrx_word' id='word_1_538' title='bbox 3244 2966 3397 3023; x_wconf 78' lang='grc' dir='ltr'>ἐκεῖ·</span> <span class='ocrx_word' id='word_1_539' title='bbox 3488 2965 3572 3021; x_wconf 76' lang='grc' dir='ltr'>ὅτι</span> <span class='ocrx_word' id='word_1_540' title='bbox 3626 2962 3845 3041; x_wconf 76' lang='grc' dir='ltr'>χέρσος</span> 
     </span>
    </p>
   </div>
   <div class='ocr_carea' id='block_1_76' title="bbox 2182 3052 3844 3134">
    <p class='ocr_par' dir='ltr' id='par_1_76' title="bbox 2182 3052 3844 3134">
     <span class='ocr_line' id='line_1_76' title="bbox 2182 3052 3844 3134; baseline -0.005 -19"><span class='ocrx_word' id='word_1_541' title='bbox 2182 3059 2271 3115; x_wconf 74' lang='grc' dir='ltr'>καὶ</span> <span class='ocrx_word' id='word_1_542' title='bbox 2330 3056 2528 3115; x_wconf 73' lang='grc' dir='ltr'>ἄκανθα</span> <span class='ocrx_word' id='word_1_543' title='bbox 2580 3055 2724 3113; x_wconf 81' lang='grc' dir='ltr'>ἔσται</span> <span class='ocrx_word' id='word_1_544' title='bbox 2781 3062 2925 3113; x_wconf 85' lang='grc' dir='ltr'>πᾶσα</span> <span class='ocrx_word' id='word_1_545' title='bbox 2962 3060 2997 3128; x_wconf 81' lang='grc' dir='ltr'>ἡ</span> <span class='ocrx_word' id='word_1_546' title='bbox 3052 3064 3147 3134; x_wconf 87' lang='grc' dir='ltr'>γῆ,</span> <span class='ocrx_word' id='word_1_547' title='bbox 3205 3055 3295 3112; x_wconf 82' lang='grc' dir='ltr'>καὶ</span> <span class='ocrx_word' id='word_1_548' title='bbox 3352 3059 3456 3111; x_wconf 81' lang='grc' dir='ltr'>πᾶν</span> <span class='ocrx_word' id='word_1_549' title='bbox 3514 3052 3640 3131; x_wconf 77' lang='grc' dir='ltr'>ὅρος</span> <span class='ocrx_word' id='word_1_550' title='bbox 3697 3053 3844 3126; x_wconf 83' lang='grc' dir='ltr'>ἆρο-</span> 
     </span>
    </p>
   </div>
   <div class='ocr_carea' id='block_1_77' title="bbox 2178 3140 3845 3225">
    <p class='ocr_par' dir='ltr' id='par_1_77' title="bbox 2178 3140 3845 3225">
     <span class='ocr_line' id='line_1_77' title="bbox 2178 3140 3845 3225; baseline -0.005 -21"><span class='ocrx_word' id='word_1_551' title='bbox 2178 3150 2482 3225; x_wconf 85' lang='grc' dir='ltr'>τριώμενον</span> <span class='ocrx_word' id='word_1_552' title='bbox 2549 3149 2661 3222; x_wconf 88' lang='grc'><strong>(15)</strong></span> <span class='ocrx_word' id='word_1_553' title='bbox 2731 3147 3217 3223; x_wconf 76' lang='grc' dir='ltr'>ἀροτριωθήσεται.</span> <span class='ocrx_word' id='word_1_554' title='bbox 3296 3144 3374 3203; x_wconf 84' lang='grc' dir='ltr'>Οὖ</span> <span class='ocrx_word' id='word_1_555' title='bbox 3460 3145 3534 3217; x_wconf 86' lang='grc' dir='ltr'>μή</span> <span class='ocrx_word' id='word_1_556' title='bbox 3620 3140 3845 3217; x_wconf 70' lang='grc' dir='ltr'>ἆπὲλθῃ</span> 
     </span>
    </p>
   </div>
   <div class='ocr_carea' id='block_1_78' title="bbox 2180 3226 3851 3315">
    <p class='ocr_par' dir='ltr' id='par_1_78' title="bbox 2180 3226 3851 3315">
     <span class='ocr_line' id='line_1_78' title="bbox 2180 3226 3851 3315; baseline -0.006 -21"><span class='ocrx_word' id='word_1_557' title='bbox 2180 3238 2290 3294; x_wconf 69' lang='grc' dir='ltr'>ἒκεῖ</span> <span class='ocrx_word' id='word_1_558' title='bbox 2347 3231 2538 3315; x_wconf 82' lang='grc' dir='ltr'>φόϐος.</span> <span class='ocrx_word' id='word_1_559' title='bbox 2596 3238 2788 3294; x_wconf 84' lang='grc' dir='ltr'>Ἔσται</span> <span class='ocrx_word' id='word_1_560' title='bbox 2843 3237 2944 3313; x_wconf 76' lang='grc' dir='ltr'>γὰρ</span> <span class='ocrx_word' id='word_1_561' title='bbox 3001 3235 3106 3291; x_wconf 82' lang='grc' dir='ltr'>ἀπὸ</span> <span class='ocrx_word' id='word_1_562' title='bbox 3161 3235 3264 3304; x_wconf 69' lang='grc' dir='ltr'>τῆς</span> <span class='ocrx_word' id='word_1_563' title='bbox 3319 3226 3521 3310; x_wconf 67' lang='grc' dir='ltr'>χέρσου</span> <span class='ocrx_word' id='word_1_564' title='bbox 3551 3231 3640 3287; x_wconf 80' lang='grc' dir='ltr'>καὶ</span> <span class='ocrx_word' id='word_1_565' title='bbox 3673 3230 3851 3285; x_wconf 77' lang='grc' dir='ltr'>ἀκάν-</span> 
     </span>
    </p>
   </div>
   <div class='ocr_carea' id='block_1_79' title="bbox 2179 3319 3842 3402">
    <p class='ocr_par' dir='ltr' id='par_1_79' title="bbox 2179 3319 3842 3402">
     <span class='ocr_line' id='line_1_79' title="bbox 2179 3319 3842 3402; baseline -0.002 -20"><span class='ocrx_word' id='word_1_566' title='bbox 2179 3330 2277 3398; x_wconf 90' lang='grc' dir='ltr'>θης</span> <span class='ocrx_word' id='word_1_567' title='bbox 2355 3326 2612 3400; x_wconf 75' lang='grc' dir='ltr'>βόσκημα</span> <span class='ocrx_word' id='word_1_568' title='bbox 2692 3320 2994 3402; x_wconf 90' lang='grc' dir='ltr'>προϐάτου,</span> <span class='ocrx_word' id='word_1_569' title='bbox 3065 3324 3157 3380; x_wconf 84' lang='grc' dir='ltr'>καὶ</span> <span class='ocrx_word' id='word_1_570' title='bbox 3224 3324 3594 3397; x_wconf 84' lang='grc' dir='ltr'>καταπάτημα</span> <span class='ocrx_word' id='word_1_571' title='bbox 3672 3319 3842 3396; x_wconf 84' lang='grc' dir='ltr'>βοός.</span> 
     </span>
    </p>
   </div>
   <div class='ocr_carea' id='block_1_80' title="bbox 2176 3409 3841 3491">
    <p class='ocr_par' dir='ltr' id='par_1_80' title="bbox 2176 3409 3841 3491">
     <span class='ocr_line' id='line_1_80' title="bbox 2176 3409 3841 3491; baseline -0.004 -21"><span class='ocrx_word' id='word_1_572' title='bbox 2176 3418 2275 3478; x_wconf 85' lang='grc' dir='ltr'>Ὣς</span> <span class='ocrx_word' id='word_1_573' title='bbox 2303 3435 2364 3491; x_wconf 89' lang='grc' dir='ltr'>γε</span> <span class='ocrx_word' id='word_1_574' title='bbox 2392 3414 2443 3471; x_wconf 73' lang='grc' dir='ltr'>ἐν</span> <span class='ocrx_word' id='word_1_575' title='bbox 2476 3415 2668 3476; x_wconf 89' lang='grc' dir='ltr'>τόποις</span> <span class='ocrx_word' id='word_1_576' title='bbox 2719 3411 3142 3489; x_wconf 83' lang='grc' dir='ltr'>δυσθεωρήτοις,</span> <span class='ocrx_word' id='word_1_577' title='bbox 3191 3413 3475 3489; x_wconf 73' lang='grc' dir='ltr'>ἡγούμεθα</span> <span class='ocrx_word' id='word_1_578' title='bbox 3527 3411 3603 3485; x_wconf 76' lang='grc' dir='ltr'>μή</span> <span class='ocrx_word' id='word_1_579' title='bbox 3650 3409 3841 3481; x_wconf 84' lang='grc' dir='ltr'>πάντη</span> 
     </span>
    </p>
   </div>
   <div class='ocr_carea' id='block_1_81' title="bbox 2179 3495 3848 3580">
    <p class='ocr_par' dir='ltr' id='par_1_81' title="bbox 2179 3495 3848 3580">
     <span class='ocr_line' id='line_1_81' title="bbox 2179 3495 3848 3580; baseline -0.005 -20"><span class='ocrx_word' id='word_1_580' title='bbox 2179 3502 2486 3577; x_wconf 75' lang='grc' dir='ltr'>ἀπᾴδουσαν</span> <span class='ocrx_word' id='word_1_581' title='bbox 2535 3501 2791 3576; x_wconf 78' lang='grc' dir='ltr'>διήγησιν</span> <span class='ocrx_word' id='word_1_582' title='bbox 2840 3504 3149 3580; x_wconf 72' lang='grc' dir='ltr'>εὑρηκέναι.</span> <span class='ocrx_word' id='word_1_583' title='bbox 3198 3503 3335 3577; x_wconf 88' lang='grc' dir='ltr'>Ὅρα</span> <span class='ocrx_word' id='word_1_584' title='bbox 3372 3499 3579 3571; x_wconf 88' lang='grc' dir='ltr'>τοίνυν,</span> <span class='ocrx_word' id='word_1_585' title='bbox 3630 3497 3683 3554; x_wconf 75' lang='grc' dir='ltr'>εἷ’</span> <span class='ocrx_word' id='word_1_586' title='bbox 3726 3495 3848 3553; x_wconf 82' lang='grc' dir='ltr'>δύ-</span> 
     </span>
    </p>
   </div>
   <div class='ocr_carea' id='block_1_82' title="bbox 2177 3582 3843 3670">
    <p class='ocr_par' dir='ltr' id='par_1_82' title="bbox 2177 3582 3843 3670">
     <span class='ocr_line' id='line_1_82' title="bbox 2177 3582 3843 3670; baseline -0.005 -20"><span class='ocrx_word' id='word_1_587' title='bbox 2177 3616 2331 3651; x_wconf 86' lang='grc' dir='ltr'>νασαι</span> <span class='ocrx_word' id='word_1_588' title='bbox 2388 3593 2644 3664; x_wconf 88' lang='grc' dir='ltr'>τοιαύτην</span> <span class='ocrx_word' id='word_1_589' title='bbox 2705 3591 2939 3649; x_wconf 87' lang='grc' dir='ltr'>διάνοιαν</span> <span class='ocrx_word' id='word_1_590' title='bbox 2988 3592 3113 3670; x_wconf 82' lang='grc' dir='ltr'>περὶ</span> <span class='ocrx_word' id='word_1_591' title='bbox 3168 3596 3277 3647; x_wconf 90' lang='grc' dir='ltr'>τῶν</span> <span class='ocrx_word' id='word_1_592' title='bbox 3338 3589 3517 3668; x_wconf 82' lang='grc' dir='ltr'>ῥητῶν</span> <span class='ocrx_word' id='word_1_593' title='bbox 3553 3582 3843 3658; x_wconf 76' lang='grc' dir='ltr'>ἐκλαϐεῖν,</span> 
     </span>
    </p>
   </div>
   <div class='ocr_carea' id='block_1_83' title="bbox 2180 3674 3842 3761">
    <p class='ocr_par' dir='ltr' id='par_1_83' title="bbox 2180 3674 3842 3761">
     <span class='ocr_line' id='line_1_83' title="bbox 2180 3674 3842 3761; baseline -0.004 -22"><span class='ocrx_word' id='word_1_594' title='bbox 2180 3685 2253 3747; x_wconf 87' lang='grc' dir='ltr'>ὡς</span> <span class='ocrx_word' id='word_1_595' title='bbox 2283 3680 2385 3761; x_wconf 72' lang='grc' dir='ltr'>ἄρα</span> <span class='ocrx_word' id='word_1_596' title='bbox 2435 3685 2529 3758; x_wconf 73' lang='grc' dir='ltr'>μὶν</span> <span class='ocrx_word' id='word_1_597' title='bbox 2563 3683 2615 3737; x_wconf 71' lang='grc' dir='ltr'>«οἱ</span> <span class='ocrx_word' id='word_1_598' title='bbox 2669 3682 2728 3738; x_wconf 71' lang='grc' dir='ltr'>ἰκ</span> <span class='ocrx_word' id='word_1_599' title='bbox 2773 3689 3080 3759; x_wconf 85' lang='grc' dir='ltr'>περιτομῆς</span> <span class='ocrx_word' id='word_1_600' title='bbox 3112 3682 3246 3752; x_wconf 80' lang='grc' dir='ltr'>ἦσαν</span> <span class='ocrx_word' id='word_1_601' title='bbox 3279 3681 3333 3735; x_wconf 75' lang='grc' dir='ltr'>αἱ</span> <span class='ocrx_word' id='word_1_602' title='bbox 3364 3679 3548 3756; x_wconf 72' lang='grc' dir='ltr'>χίλιαι</span> <span class='ocrx_word' id='word_1_603' title='bbox 3580 3674 3842 3751; x_wconf 71' lang='grc' dir='ltr'>ἄμπελοι</span> 
     </span>
    </p>
   </div>
   <div class='ocr_carea' id='block_1_84' title="bbox 2179 3767 3846 3851">
    <p class='ocr_par' dir='ltr' id='par_1_84' title="bbox 2179 3767 3846 3851">
     <span class='ocr_line' id='line_1_84' title="bbox 2179 3767 3846 3851; baseline -0.005 -22"><span class='ocrx_word' id='word_1_604' title='bbox 2179 3773 2376 3851; x_wconf 88' lang='grc' dir='ltr'>χιλίων</span> <span class='ocrx_word' id='word_1_605' title='bbox 2409 3776 2521 3847; x_wconf 85' lang='grc'><strong>(16)</strong></span> <span class='ocrx_word' id='word_1_606' title='bbox 2544 3769 2768 3830; x_wconf 87' lang='grc' dir='ltr'>σίκλων.</span> <span class='ocrx_word' id='word_1_607' title='bbox 2793 3770 3069 3845; x_wconf 78' lang='grc' dir='ltr'>Ἄμπελον</span> <span class='ocrx_word' id='word_1_608' title='bbox 3100 3770 3203 3847; x_wconf 81' lang='grc' dir='ltr'>γὰρ</span> <span class='ocrx_word' id='word_1_609' title='bbox 3234 3768 3285 3840; x_wconf 78' lang='grc' dir='ltr'><strong>ἐξ</strong></span> <span class='ocrx_word' id='word_1_610' title='bbox 3317 3767 3594 3845; x_wconf 80' lang='grc' dir='ltr'>Αἰγύπτου</span> <span class='ocrx_word' id='word_1_611' title='bbox 3625 3773 3846 3842; x_wconf 79' lang='grc' dir='ltr'>μετῆρε</span> 
     </span>
    </p>
   </div>
   <div class='ocr_carea' id='block_1_85' title="bbox 2177 3855 3842 3937">
    <p class='ocr_par' dir='ltr' id='par_1_85' title="bbox 2177 3855 3842 3937">
     <span class='ocr_line' id='line_1_85' title="bbox 2177 3855 3842 3937; baseline -0.005 -19"><span class='ocrx_word' id='word_1_612' title='bbox 2177 3864 2265 3919; x_wconf 77' lang='grc' dir='ltr'>καὶ</span> <span class='ocrx_word' id='word_1_613' title='bbox 2318 3857 2566 3918; x_wconf 77' lang='grc' dir='ltr'>ἐκϐαλὼν</span> <span class='ocrx_word' id='word_1_614' title='bbox 2628 3855 2777 3931; x_wconf 77' lang='grc' dir='ltr'>ἔθνη,</span> <span class='ocrx_word' id='word_1_615' title='bbox 2824 3857 3205 3937; x_wconf 77' lang='grc' dir='ltr'>κατεφύτευσεν</span> <span class='ocrx_word' id='word_1_616' title='bbox 3233 3858 3423 3931; x_wconf 73' lang='grc' dir='ltr'>αὐτήν·</span> <span class='ocrx_word' id='word_1_617' title='bbox 3480 3857 3603 3927; x_wconf 76' lang='grc' dir='ltr'>ἥτις</span> <span class='ocrx_word' id='word_1_618' title='bbox 3658 3855 3842 3927; x_wconf 75' lang='grc' dir='ltr'>εὔθη-</span> 
     </span>
    </p>
   </div>
   <div class='ocr_carea' id='block_1_86' title="bbox 2177 3944 3845 4027">
    <p class='ocr_par' dir='ltr' id='par_1_86' title="bbox 2177 3944 3845 4027">
     <span class='ocr_line' id='line_1_86' title="bbox 2177 3944 3845 4027; baseline -0.005 -19"><span class='ocrx_word' id='word_1_619' title='bbox 2177 3955 2383 4024; x_wconf 74' lang='grc' dir='ltr'>νήσασα</span> <span class='ocrx_word' id='word_1_620' title='bbox 2411 3952 2697 4026; x_wconf 83' lang='grc' dir='ltr'>πρότερον,</span> <span class='ocrx_word' id='word_1_621' title='bbox 2728 3950 2948 4027; x_wconf 78' lang='grc' dir='ltr'>ὕστερον</span> <span class='ocrx_word' id='word_1_622' title='bbox 2999 3949 3259 4023; x_wconf 73' lang='grc' dir='ltr'>ἠμελήθη</span> <span class='ocrx_word' id='word_1_623' title='bbox 3296 3950 3410 4023; x_wconf 90' lang='grc'><strong>(17)</strong></span> <span class='ocrx_word' id='word_1_624' title='bbox 3441 3944 3530 4002; x_wconf 80' lang='grc' dir='ltr'>διὰ</span> <span class='ocrx_word' id='word_1_625' title='bbox 3558 3946 3618 4001; x_wconf 82' lang='grc' dir='ltr'>τὸ</span> <span class='ocrx_word' id='word_1_626' title='bbox 3668 3965 3845 4020; x_wconf 82' lang='grc' dir='ltr'>στρα-</span> 
     </span>
    </p>
   </div>
   <div class='ocr_carea' id='block_1_87' title="bbox 2177 4035 3843 4120">
    <p class='ocr_par' dir='ltr' id='par_1_87' title="bbox 2177 4035 3843 4120">
     <span class='ocr_line' id='line_1_87' title="bbox 2177 4035 3843 4120; baseline -0.004 -24"><span class='ocrx_word' id='word_1_627' title='bbox 2177 4048 2343 4120; x_wconf 79' lang='grc' dir='ltr'>φῆναι</span> <span class='ocrx_word' id='word_1_628' title='bbox 2373 4039 2538 4111; x_wconf 73' lang='grc' dir='ltr'>αὐτὴν</span> <span class='ocrx_word' id='word_1_629' title='bbox 2591 4040 2669 4103; x_wconf 79' lang='grc' dir='ltr'>εἰς</span> <span class='ocrx_word' id='word_1_630' title='bbox 2717 4039 2954 4114; x_wconf 77' lang='grc' dir='ltr'>πικρίανο</span> <span class='ocrx_word' id='word_1_631' title='bbox 3000 4040 3089 4095; x_wconf 79' lang='grc' dir='ltr'>καὶ</span> <span class='ocrx_word' id='word_1_632' title='bbox 3120 4036 3389 4113; x_wconf 76' lang='grc' dir='ltr'>καθῃρέθη</span> <span class='ocrx_word' id='word_1_633' title='bbox 3445 4036 3538 4111; x_wconf 76' lang='grc' dir='ltr'>μὶν</span> <span class='ocrx_word' id='word_1_634' title='bbox 3571 4035 3743 4105; x_wconf 78' lang='grc' dir='ltr'>αὐτῆς</span> <span class='ocrx_word' id='word_1_635' title='bbox 3808 4036 3843 4089; x_wconf 75' lang='grc' dir='ltr'><strong>ὁ</strong></span> 
     </span>
    </p>
   </div>
   <div class='ocr_carea' id='block_1_88' title="bbox 2176 4126 3843 4207">
    <p class='ocr_par' dir='ltr' id='par_1_88' title="bbox 2176 4126 3843 4207">
     <span class='ocr_line' id='line_1_88' title="bbox 2176 4126 3843 4207; baseline -0.003 -22"><span class='ocrx_word' id='word_1_636' title='bbox 2176 4131 2451 4207; x_wconf 81' lang='grc' dir='ltr'>φραγμὸς,</span> <span class='ocrx_word' id='word_1_637' title='bbox 2484 4129 2691 4206; x_wconf 75' lang='grc' dir='ltr'>ἐγένετο</span> <span class='ocrx_word' id='word_1_638' title='bbox 2726 4128 2784 4185; x_wconf 68' lang='grc' dir='ltr'>δὲ</span> <span class='ocrx_word' id='word_1_639' title='bbox 2814 4127 2890 4192; x_wconf 66' lang='grc' dir='ltr'>εἷς</span> <span class='ocrx_word' id='word_1_640' title='bbox 2930 4126 3237 4204; x_wconf 72' lang='grc' dir='ltr'>διαρπαγὴν</span> <span class='ocrx_word' id='word_1_641' title='bbox 3281 4132 3397 4189; x_wconf 84' lang='grc' dir='ltr'>τοῖς</span> <span class='ocrx_word' id='word_1_642' title='bbox 3441 4144 3843 4202; x_wconf 81' lang='grc' dir='ltr'>παραπορευο·</span> 
     </span>
    </p>
   </div>
   <div class='ocr_carea' id='block_1_89' title="bbox 2180 4212 3841 4295">
    <p class='ocr_par' dir='ltr' id='par_1_89' title="bbox 2180 4212 3841 4295">
     <span class='ocr_line' id='line_1_89' title="bbox 2180 4212 3841 4295; baseline -0.004 -19"><span class='ocrx_word' id='word_1_643' title='bbox 2180 4219 2381 4295; x_wconf 73' lang='grc' dir='ltr'>μὲνοις.</span> <span class='ocrx_word' id='word_1_644' title='bbox 2443 4221 2671 4275; x_wconf 86' lang='grc' dir='ltr'>Ἐκεῖναι</span> <span class='ocrx_word' id='word_1_645' title='bbox 2703 4218 2877 4275; x_wconf 89' lang='grc' dir='ltr'>τοίνυν</span> <span class='ocrx_word' id='word_1_646' title='bbox 2912 4219 2966 4273; x_wconf 76' lang='grc' dir='ltr'>αἱ</span> <span class='ocrx_word' id='word_1_647' title='bbox 2998 4215 3237 4292; x_wconf 81' lang='grc' dir='ltr'>ἄμπελοι</span> <span class='ocrx_word' id='word_1_648' title='bbox 3268 4216 3323 4271; x_wconf 73' lang='grc' dir='ltr'>αἱ</span> <span class='ocrx_word' id='word_1_649' title='bbox 3353 4212 3664 4290; x_wconf 75' lang='grc' dir='ltr'>πολύφοροι</span> <span class='ocrx_word' id='word_1_650' title='bbox 3704 4212 3841 4289; x_wconf 69' lang='grc' dir='ltr'>ἐγι-</span> 
     </span>
    </p>
   </div>
   <div class='ocr_carea' id='block_1_90' title="bbox 2174 4302 3846 4385">
    <p class='ocr_par' dir='ltr' id='par_1_90' title="bbox 2174 4302 3846 4385">
     <span class='ocr_line' id='line_1_90' title="bbox 2174 4302 3846 4385; baseline -0.005 -20"><span class='ocrx_word' id='word_1_651' title='bbox 2174 4330 2328 4365; x_wconf 89' lang='grc' dir='ltr'>νοντο</span> <span class='ocrx_word' id='word_1_652' title='bbox 2376 4309 2451 4371; x_wconf 82' lang='grc' dir='ltr'>είς</span> <span class='ocrx_word' id='word_1_653' title='bbox 2499 4308 2698 4385; x_wconf 74' lang='grc' dir='ltr'>’χέρσον</span> <span class='ocrx_word' id='word_1_654' title='bbox 2745 4308 2833 4364; x_wconf 84' lang='grc' dir='ltr'>καὶ</span> <span class='ocrx_word' id='word_1_655' title='bbox 2876 4310 2989 4381; x_wconf 86' lang='lat'><strong>(18)</strong></span> <span class='ocrx_word' id='word_1_656' title='bbox 3035 4306 3368 4371; x_wconf 86' lang='grc' dir='ltr'>ἀκανθῶνας,</span> <span class='ocrx_word' id='word_1_657' title='bbox 3412 4303 3503 4359; x_wconf 77' lang='grc' dir='ltr'>ὅτε</span> <span class='ocrx_word' id='word_1_658' title='bbox 3536 4302 3671 4377; x_wconf 69' lang='grc' dir='ltr'>μετὰ</span> <span class='ocrx_word' id='word_1_659' title='bbox 3720 4324 3846 4375; x_wconf 84' lang='grc' dir='ltr'>μυ-</span> 
     </span>
    </p>
   </div>
   <div class='ocr_carea' id='block_1_91' title="bbox 411 4390 2061 4478">
    <p class='ocr_par' dir='ltr' id='par_1_91' title="bbox 411 4396 2061 4474">
     <span class='ocr_line' id='line_1_91' title="bbox 411 4396 2061 4474; baseline 0.003 -21"><span class='ocrx_word' id='word_1_660' title='bbox 411 4396 610 4454; x_wconf 88' lang='lat' dir='ltr'>stitate</span> <span class='ocrx_word' id='word_1_661' title='bbox 630 4398 872 4456; x_wconf 83' lang='lat' dir='ltr'>inducta</span> <span class='ocrx_word' id='word_1_662' title='bbox 885 4416 1015 4456; x_wconf 90' lang='lat' dir='ltr'>cum</span> <span class='ocrx_word' id='word_1_663' title='bbox 1040 4400 1374 4457; x_wconf 90' lang='lat' dir='ltr'>innumeris</span> <span class='ocrx_word' id='word_1_664' title='bbox 1395 4399 1624 4473; x_wconf 88' lang='lat' dir='ltr'>sagittis</span> <span class='ocrx_word' id='word_1_665' title='bbox 1637 4399 1884 4474; x_wconf 90' lang='lat' dir='ltr'>telisque</span> <span class='ocrx_word' id='word_1_666' title='bbox 1914 4401 2061 4474; x_wconf 68' lang='lat' dir='ltr'>ipso:</span> 
     </span>
    </p>
   </div>
   <div class='ocr_carea' id='block_1_92' title="bbox 2173 4390 3842 4478">
    <p class='ocr_par' dir='ltr' id='par_1_92' title="bbox 2184 4390 3842 4478">
     <span class='ocr_line' id='line_1_92' title="bbox 2184 4390 3842 4478; baseline -0.004 -24"><span class='ocrx_word' id='word_1_667' title='bbox 2184 4399 2314 4478; x_wconf 82' lang='grc' dir='ltr'>ρίων</span> <span class='ocrx_word' id='word_1_668' title='bbox 2351 4396 2527 4473; x_wconf 90' lang='grc' dir='ltr'>βελῶν</span> <span class='ocrx_word' id='word_1_669' title='bbox 2556 4397 2648 4453; x_wconf 76' lang='grc' dir='ltr'>καί¹</span> <span class='ocrx_word' id='word_1_670' title='bbox 2673 4397 3017 4472; x_wconf 78' lang='grc' dir='ltr'>τοξευμάτων</span> <span class='ocrx_word' id='word_1_671' title='bbox 3050 4396 3079 4451; x_wconf 82' lang='grc' dir='ltr'>ὁ</span> <span class='ocrx_word' id='word_1_672' title='bbox 3108 4393 3381 4469; x_wconf 74' lang='grc' dir='ltr'>πολέμιος</span> <span class='ocrx_word' id='word_1_673' title='bbox 3410 4393 3601 4455; x_wconf 78' lang='grc' dir='ltr'>αὐτοῖς</span> <span class='ocrx_word' id='word_1_674' title='bbox 3621 4390 3842 4462; x_wconf 70' lang='grc' dir='ltr'>ἐπῆλθε</span> 
     </span>
    </p>
   </div>
   <div class='ocr_carea' id='block_1_93' title="bbox 409 4485 2068 4561">
    <p class='ocr_par' dir='ltr' id='par_1_93' title="bbox 409 4485 2068 4561">
     <span class='ocr_line' id='line_1_93' title="bbox 409 4485 2068 4561; baseline 0.003 -20"><span class='ocrx_word' id='word_1_675' title='bbox 409 4485 806 4545; x_wconf 82' lang='lat' dir='ltr'>invasit.Sunt</span> <span class='ocrx_word' id='word_1_676' title='bbox 823 4493 1019 4545; x_wconf 90' lang='lat' dir='ltr'>autem</span> <span class='ocrx_word' id='word_1_677' title='bbox 1042 4492 1276 4545; x_wconf 89' lang='lat' dir='ltr'>montes</span> <span class='ocrx_word' id='word_1_678' title='bbox 1293 4490 1440 4545; x_wconf 90' lang='lat' dir='ltr'>arati</span> <span class='ocrx_word' id='word_1_679' title='bbox 1467 4489 1606 4561; x_wconf 74' lang='lat' dir='ltr'>ipsae</span> <span class='ocrx_word' id='word_1_680' title='bbox 1625 4488 1834 4546; x_wconf 65' lang='lat' dir='ltr'>anima</span> <span class='ocrx_word' id='word_1_681' title='bbox 1853 4489 2068 4548; x_wconf 88' lang='lat' dir='ltr'>Christi</span> 
     </span>
    </p>
   </div>
   <div class='ocr_carea' id='block_1_94' title="bbox 410 4574 2068 4654">
    <p class='ocr_par' dir='ltr' id='par_1_94' title="bbox 410 4574 2068 4654">
     <span class='ocr_line' id='line_1_94' title="bbox 410 4574 2068 4654; baseline 0.003 -24"><span class='ocrx_word' id='word_1_682' title='bbox 410 4574 587 4631; x_wconf 85' lang='lat' dir='ltr'>fidem</span> <span class='ocrx_word' id='word_1_683' title='bbox 605 4592 695 4632; x_wconf 89' lang='lat' dir='ltr'>am</span> <span class='ocrx_word' id='word_1_684' title='bbox 704 4577 1042 4650; x_wconf 69' lang='lat' dir='ltr'>ptexw,quaa</span> <span class='ocrx_word' id='word_1_685' title='bbox 1057 4595 1191 4635; x_wconf 91' lang='lat' dir='ltr'>cum</span> <span class='ocrx_word' id='word_1_686' title='bbox 1208 4577 1372 4651; x_wconf 88' lang='lat' dir='ltr'>prius</span> <span class='ocrx_word' id='word_1_687' title='bbox 1388 4579 1631 4635; x_wconf 60' lang='lat' dir='ltr'>deserta</span> <span class='ocrx_word' id='word_1_688' title='bbox 1642 4583 1905 4636; x_wconf 88' lang='lat' dir='ltr'>essentet</span> <span class='ocrx_word' id='word_1_689' title='bbox 1918 4580 2068 4654; x_wconf 87' lang='lat' dir='ltr'>agri-</span> 
     </span>
    </p>
   </div>
   <div class='ocr_carea' id='block_1_95' title="bbox 412 4663 2069 4741">
    <p class='ocr_par' dir='ltr' id='par_1_95' title="bbox 412 4663 2069 4741">
     <span class='ocr_line' id='line_1_95' title="bbox 412 4663 2069 4741; baseline 0.003 -20"><span class='ocrx_word' id='word_1_690' title='bbox 412 4663 643 4724; x_wconf 82' lang='lat' dir='ltr'>cultura</span> <span class='ocrx_word' id='word_1_691' title='bbox 673 4667 990 4737; x_wconf 67' lang='lat' dir='ltr'>destitutas,</span> <span class='ocrx_word' id='word_1_692' title='bbox 1014 4672 1151 4725; x_wconf 88' lang='lat' dir='ltr'>ante</span> <span class='ocrx_word' id='word_1_693' title='bbox 1172 4667 1389 4725; x_wconf 86' lang='lat' dir='ltr'>Christi</span> <span class='ocrx_word' id='word_1_694' title='bbox 1422 4668 1740 4725; x_wconf 88' lang='lat' dir='ltr'>adventum</span> <span class='ocrx_word' id='word_1_695' title='bbox 1794 4670 2069 4741; x_wconf 86' lang='lat' dir='ltr'>jacebant</span> 
     </span>
    </p>
   </div>
   <div class='ocr_carea' id='block_1_96' title="bbox 2179 4480 3843 4563">
    <p class='ocr_par' dir='ltr' id='par_1_96' title="bbox 2179 4480 3843 4563">
     <span class='ocr_line' id='line_1_96' title="bbox 2179 4480 3843 4563; baseline -0.005 -20"><span class='ocrx_word' id='word_1_696' title='bbox 2179 4487 2427 4563; x_wconf 88' lang='grc' dir='ltr'>στρατὸς,</span> <span class='ocrx_word' id='word_1_697' title='bbox 2457 4487 2557 4556; x_wconf 71' lang='grc' dir='ltr'>τὴν</span> <span class='ocrx_word' id='word_1_698' title='bbox 2590 4486 2822 4563; x_wconf 71' lang='grc' dir='ltr'>ἐρημίαν</span> <span class='ocrx_word' id='word_1_699' title='bbox 2865 4486 3107 4561; x_wconf 70' lang='grc' dir='ltr'>ἐπάγων.</span> <span class='ocrx_word' id='word_1_700' title='bbox 3157 4485 3298 4557; x_wconf 85' lang='grc' dir='ltr'>Ὀρη</span> <span class='ocrx_word' id='word_1_701' title='bbox 3348 4482 3407 4538; x_wconf 72' lang='grc' dir='ltr'>δὲ</span> <span class='ocrx_word' id='word_1_702' title='bbox 3452 4480 3843 4559; x_wconf 78' lang='grc' dir='ltr'>ἀροτριώμενά</span> 
     </span>
    </p>
   </div>
   <div class='ocr_carea' id='block_1_97' title="bbox 2178 4569 3841 4653">
    <p class='ocr_par' dir='ltr' id='par_1_97' title="bbox 2178 4569 3841 4653">
     <span class='ocr_line' id='line_1_97' title="bbox 2178 4569 3841 4653; baseline -0.004 -20"><span class='ocrx_word' id='word_1_703' title='bbox 2178 4577 2311 4633; x_wconf 79' lang='grc' dir='ltr'>εἶσιν</span> <span class='ocrx_word' id='word_1_704' title='bbox 2366 4576 2422 4630; x_wconf 74' lang='grc' dir='ltr'>αἱ</span> <span class='ocrx_word' id='word_1_705' title='bbox 2467 4573 2544 4639; x_wconf 68' lang='grc' dir='ltr'>εἷς</span> <span class='ocrx_word' id='word_1_706' title='bbox 2595 4576 2826 4653; x_wconf 85' lang='grc' dir='ltr'>Χριστὸν</span> <span class='ocrx_word' id='word_1_707' title='bbox 2869 4578 3281 4630; x_wconf 81' lang='grc' dir='ltr'>πεπιστετκυῖαι</span> <span class='ocrx_word' id='word_1_708' title='bbox 3324 4570 3519 4648; x_wconf 81' lang='grc' dir='ltr'>ψυχαί’</span> <span class='ocrx_word' id='word_1_709' title='bbox 3564 4569 3841 4647; x_wconf 86' lang='grc' dir='ltr'>πρότερον</span> 
     </span>
    </p>
   </div>
   <div class='ocr_carea' id='block_1_98' title="bbox 2181 4658 3837 4742">
    <p class='ocr_par' dir='ltr' id='par_1_98' title="bbox 2181 4658 3837 4742">
     <span class='ocr_line' id='line_1_98' title="bbox 2181 4658 3837 4742; baseline -0.005 -20"><span class='ocrx_word' id='word_1_710' title='bbox 2181 4667 2276 4741; x_wconf 71' lang='grc' dir='ltr'>μὲν</span> <span class='ocrx_word' id='word_1_711' title='bbox 2303 4663 2503 4742; x_wconf 74' lang='grc' dir='ltr'>ἔρημοι</span> <span class='ocrx_word' id='word_1_712' title='bbox 2532 4665 2623 4721; x_wconf 85' lang='grc' dir='ltr'>καὶ</span> <span class='ocrx_word' id='word_1_713' title='bbox 2651 4665 3010 4742; x_wconf 85' lang='grc' dir='ltr'>ἀγεώργητοι·</span> <span class='ocrx_word' id='word_1_714' title='bbox 3056 4660 3146 4718; x_wconf 79' lang='grc' dir='ltr'>διὰ</span> <span class='ocrx_word' id='word_1_715' title='bbox 3191 4664 3353 4718; x_wconf 77' lang='grc' dir='ltr'>τοῦτο</span> <span class='ocrx_word' id='word_1_716' title='bbox 3408 4658 3694 4739; x_wconf 73' lang='grc' dir='ltr'>ἆχὲρσευον</span> <span class='ocrx_word' id='word_1_717' title='bbox 3736 4660 3837 4715; x_wconf 81' lang='grc' dir='ltr'>καὶ</span> 
     </span>
    </p>
   </div>
   <div class='ocr_carea' id='block_1_99' title="bbox 489 4838 2061 4913">
    <p class='ocr_par' dir='ltr' id='par_1_99' title="bbox 489 4838 2061 4913">
     <span class='ocr_line' id='line_1_99' title="bbox 489 4838 2061 4913; baseline 0 -18"><span class='ocrx_word' id='word_1_718' title='bbox 489 4838 511 4876; x_wconf 84' lang='grc'>⁸</span> <span class='ocrx_word' id='word_1_719' title='bbox 537 4839 694 4899; x_wconf 80' lang='lat' dir='ltr'>Psal.</span> <span class='ocrx_word' id='word_1_720' title='bbox 728 4856 920 4911; x_wconf 76' lang='lat' dir='ltr'><strong>Lnxx,</strong></span> <span class='ocrx_word' id='word_1_721' title='bbox 948 4840 1004 4896; x_wconf 85' lang='lat'>9.</span> <span class='ocrx_word' id='word_1_722' title='bbox 1044 4849 1065 4884; x_wconf 70' lang='grc' dir='ltr'><strong>ο</strong></span> <span class='ocrx_word' id='word_1_723' title='bbox 1093 4840 1310 4899; x_wconf 86' lang='lat' dir='ltr'>Jerem.</span> <span class='ocrx_word' id='word_1_724' title='bbox 1339 4857 1383 4898; x_wconf 82' lang='grc' dir='ltr'>ιι</span> <span class='ocrx_word' id='word_1_725' title='bbox 1408 4841 1500 4897; x_wconf 85' lang='grc'>21.</span> <span class='ocrx_word' id='word_1_726' title='bbox 1534 4841 1581 4880; x_wconf 80' lang='grc'>¹⁰</span> <span class='ocrx_word' id='word_1_727' title='bbox 1612 4840 1765 4898; x_wconf 83' lang='lat' dir='ltr'>Psal.</span> <span class='ocrx_word' id='word_1_728' title='bbox 1796 4857 1981 4913; x_wconf 75' lang='lat' dir='ltr'>LXXIX,</span> <span class='ocrx_word' id='word_1_729' title='bbox 2015 4840 2061 4896; x_wconf 71' lang='grc' dir='ltr'>ιε</span> 
     </span>
    </p>
   </div>
   <div class='ocr_carea' id='block_1_100' title="bbox 2173 4838 2422 4913">
    <p class='ocr_par' dir='ltr' id='par_1_100' title="bbox 2173 4838 2422 4912">
     <span class='ocr_line' id='line_1_100' title="bbox 2173 4838 2422 4912; baseline -0.016 -15"><span class='ocrx_word' id='word_1_730' title='bbox 2173 4854 2249 4897; x_wconf 79' lang='lat' dir='ltr'>sa.</span> <span class='ocrx_word' id='word_1_731' title='bbox 2281 4854 2337 4912; x_wconf 88' lang='lat' dir='ltr'>v,</span> <span class='ocrx_word' id='word_1_732' title='bbox 2366 4838 2422 4894; x_wconf 89' lang='grc'>5.</span> 
     </span>
    </p>
   </div>
   <div class='ocr_carea' id='block_1_101' title="bbox 521 5006 2066 5157">
    <p class='ocr_par' dir='ltr' id='par_1_101' title="bbox 521 5006 2066 5157">
     <span class='ocr_line' id='line_1_101' title="bbox 521 5006 2066 5157; baseline -0.001 -89"><span class='ocrx_word' id='word_1_733' title='bbox 521 5010 611 5157; x_wconf 69' lang='grc'>11)</span> <span class='ocrx_word' id='word_1_734' title='bbox 637 5012 876 5086; x_wconf 81' lang='lat' dir='ltr'>Antiqui</span> <span class='ocrx_word' id='word_1_735' title='bbox 906 5029 1009 5071; x_wconf 84' lang='lat' dir='ltr'>sex</span> <span class='ocrx_word' id='word_1_736' title='bbox 1036 5012 1190 5081; x_wconf 84' lang='lat' dir='ltr'>libri,</span> <span class='ocrx_word' id='word_1_737' title='bbox 1242 5009 1513 5087; x_wconf 81' lang='grc' dir='ltr'>εὐετηρία.</span> <span class='ocrx_word' id='word_1_738' title='bbox 1566 5009 1738 5080; x_wconf 88' lang='lat' dir='ltr'>Editi,</span> <span class='ocrx_word' id='word_1_739' title='bbox 1798 5006 2066 5081; x_wconf 83' lang='grc' dir='ltr'>εύετησία.</span> 
     </span>
     <span class='ocr_line' id='line_1_102' title="bbox 521 5080 2066 5157; baseline -0.002 -19"><span class='ocrx_word' id='word_1_740' title='bbox 521 5085 585 5139; x_wconf 90' lang='grc'><strong>12</strong></span> <span class='ocrx_word' id='word_1_741' title='bbox 633 5084 956 5157; x_wconf 71' lang='lat' dir='ltr'>Verborum</span> <span class='ocrx_word' id='word_1_742' title='bbox 987 5085 1239 5152; x_wconf 92' lang='lat' dir='ltr'>illorum,</span> <span class='ocrx_word' id='word_1_743' title='bbox 1278 5080 1394 5138; x_wconf 83' lang='grc' dir='ltr'>ἀντὶ</span> <span class='ocrx_word' id='word_1_744' title='bbox 1425 5082 1524 5156; x_wconf 77' lang='grc' dir='ltr'>γὰρ</span> <span class='ocrx_word' id='word_1_745' title='bbox 1553 5085 1650 5136; x_wconf 77' lang='grc' dir='ltr'>τοῦ</span> <span class='ocrx_word' id='word_1_746' title='bbox 1682 5081 1877 5157; x_wconf 72' lang='grc' dir='ltr'>εἱπεῖν,</span> <span class='ocrx_word' id='word_1_747' title='bbox 1932 5088 2066 5150; x_wconf 90' lang='lat' dir='ltr'>etc.,</span> 
     </span>
    </p>
   </div>
   <div class='ocr_carea' id='block_1_102' title="bbox 517 5080 2069 5156">
    <p class='ocr_par' dir='ltr' id='par_1_102' title="bbox 517 5080 2069 5156">
     <span class='ocr_line' id='line_1_103' title="bbox 517 5080 2069 5156; baseline -0.002 -18"><span class='ocrx_word' id='word_1_748' title='bbox 517 5080 603 5156; x_wconf 90' lang='grc'><strong>12)</strong></span> <span class='ocrx_word' id='word_1_749' title='bbox 633 5080 956 5156; x_wconf 75' lang='lat' dir='ltr'>Verborum</span> <span class='ocrx_word' id='word_1_750' title='bbox 987 5085 1239 5152; x_wconf 88' lang='lat' dir='ltr'>illorum,</span> <span class='ocrx_word' id='word_1_751' title='bbox 1278 5080 1524 5156; x_wconf 58' lang='grc' dir='ltr'>ἂντῖγὰρ</span> <span class='ocrx_word' id='word_1_752' title='bbox 1553 5085 1650 5136; x_wconf 76' lang='grc' dir='ltr'>τοῦ</span> <span class='ocrx_word' id='word_1_753' title='bbox 1682 5081 1877 5156; x_wconf 73' lang='grc' dir='ltr'>εἱπεῖν,</span> <span class='ocrx_word' id='word_1_754' title='bbox 1932 5088 2069 5150; x_wconf 82' lang='lat' dir='ltr'>etc.,</span> 
     </span>
    </p>
   </div>
   <div class='ocr_carea' id='block_1_103' title="bbox 419 5154 2072 5227">
    <p class='ocr_par' dir='ltr' id='par_1_103' title="bbox 419 5154 2072 5227">
     <span class='ocr_line' id='line_1_104' title="bbox 419 5154 2072 5227; baseline -0.002 -14"><span class='ocrx_word' id='word_1_755' title='bbox 419 5154 565 5225; x_wconf 56' lang='lat' dir='ltr'>haec,</span> <span class='ocrx_word' id='word_1_756' title='bbox 585 5154 660 5212; x_wconf 50' lang='lat' dir='ltr'>&#39;ni</span> <span class='ocrx_word' id='word_1_757' title='bbox 687 5156 877 5227; x_wconf 80' lang='lat' dir='ltr'>fallor,</span> <span class='ocrx_word' id='word_1_758' title='bbox 909 5157 1200 5214; x_wconf 88' lang='lat' dir='ltr'>sententia</span> <span class='ocrx_word' id='word_1_759' title='bbox 1226 5161 1358 5212; x_wconf 88' lang='lat' dir='ltr'>est.:</span> <span class='ocrx_word' id='word_1_760' title='bbox 1393 5154 1661 5211; x_wconf 82' lang='lat' dir='ltr'>Animum</span> <span class='ocrx_word' id='word_1_761' title='bbox 1692 5154 1957 5211; x_wconf 87' lang='lat' dir='ltr'>laborum</span> <span class='ocrx_word' id='word_1_762' title='bbox 1990 5158 2072 5210; x_wconf 84' lang='lat' dir='ltr'>to-</span> 
     </span>
    </p>
   </div>
   <div class='ocr_carea' id='block_1_104' title="bbox 419 5227 2073 5304">
    <p class='ocr_par' dir='ltr' id='par_1_104' title="bbox 419 5227 2073 5304">
     <span class='ocr_line' id='line_1_105' title="bbox 419 5227 2073 5304; baseline -0.003 -17"><span class='ocrx_word' id='word_1_763' title='bbox 419 5227 727 5302; x_wconf 85' lang='lat' dir='ltr'>lerantem,</span> <span class='ocrx_word' id='word_1_764' title='bbox 750 5229 1007 5304; x_wconf 86' lang='lat' dir='ltr'>appellat</span> <span class='ocrx_word' id='word_1_765' title='bbox 1031 5245 1266 5287; x_wconf 88' lang='lat' dir='ltr'>vaccam</span> <span class='ocrx_word' id='word_1_766' title='bbox 1301 5245 1314 5297; x_wconf 91' lang='lat'><strong>;</strong></span> <span class='ocrx_word' id='word_1_767' title='bbox 1348 5244 1543 5284; x_wconf 89' lang='lat' dir='ltr'>mores</span> <span class='ocrx_word' id='word_1_768' title='bbox 1569 5243 1701 5284; x_wconf 90' lang='lat' dir='ltr'>vero</span> <span class='ocrx_word' id='word_1_769' title='bbox 1733 5231 2073 5283; x_wconf 88' lang='lat' dir='ltr'>mansuetos</span> 
     </span>
    </p>
   </div>
   <div class='ocr_carea' id='block_1_105' title="bbox 419 5306 1560 5445">
    <p class='ocr_par' dir='ltr' id='par_1_105' title="bbox 419 5306 1560 5445">
     <span class='ocr_line' id='line_1_106' title="bbox 419 5306 772 5360; baseline 0 -2"><span class='ocrx_word' id='word_1_770' title='bbox 419 5306 589 5360; x_wconf 87' lang='lat' dir='ltr'>vocat</span> <span class='ocrx_word' id='word_1_771' title='bbox 617 5320 772 5360; x_wconf 90' lang='lat' dir='ltr'>oves.</span> 
     </span>
     <span class='ocr_line' id='line_1_107' title="bbox 495 5366 1560 5445; baseline -0.007 -15"><span class='ocrx_word' id='word_1_772' title='bbox 495 5375 604 5445; x_wconf 88' lang='lat'><strong>(13)</strong></span> <span class='ocrx_word' id='word_1_773' title='bbox 636 5375 723 5431; x_wconf 89' lang='lat' dir='ltr'>lta</span> <span class='ocrx_word' id='word_1_774' title='bbox 755 5372 1117 5445; x_wconf 75' lang='lat' dir='ltr'>mss._nostri.</span> <span class='ocrx_word' id='word_1_775' title='bbox 1152 5376 1223 5428; x_wconf 86' lang='lat' dir='ltr'>At</span> <span class='ocrx_word' id='word_1_776' title='bbox 1253 5369 1413 5434; x_wconf 88' lang='lat' dir='ltr'>editi,</span> <span class='ocrx_word' id='word_1_777' title='bbox 1435 5366 1560 5445; x_wconf 67' lang='grc' dir='ltr'>ὑπό2</span> 
     </span>
    </p>
   </div>
   <div class='ocr_carea' id='block_1_106' title="bbox 520 5437 1775 5591">
    <p class='ocr_par' dir='ltr' id='par_1_106' title="bbox 520 5437 1775 5591">
     <span class='ocr_line' id='line_1_108' title="bbox 520 5437 1723 5591; baseline -0.003 -90"><span class='ocrx_word' id='word_1_778' title='bbox 520 5437 607 5591; x_wconf 71' lang='grc'>15)</span> <span class='ocrx_word' id='word_1_779' title='bbox 637 5447 812 5530; x_wconf 64' lang='lat' dir='ltr'>Editi,</span> <span class='ocrx_word' id='word_1_780' title='bbox 836 5443 1009 5521; x_wconf 83' lang='grc' dir='ltr'>ἀνδρί.</span> <span class='ocrx_word' id='word_1_781' title='bbox 1035 5450 1109 5499; x_wconf 80' lang='lat' dir='ltr'>At</span> <span class='ocrx_word' id='word_1_782' title='bbox 1138 5462 1239 5501; x_wconf 81' lang='lat' dir='ltr'>sex</span> <span class='ocrx_word' id='word_1_783' title='bbox 1269 5459 1438 5533; x_wconf 47' lang='lat' dir='ltr'>m&#39;ssq</span> <span class='ocrx_word' id='word_1_784' title='bbox 1482 5437 1723 5533; x_wconf 49' lang='grc' dir='ltr'>ἀνδράσι..</span> 
     </span>
     <span class='ocr_line' id='line_1_109' title="bbox 520 5515 1775 5591; baseline -0.004 -18"><span class='ocrx_word' id='word_1_785' title='bbox 520 5519 584 5573; x_wconf 92' lang='grc'><strong>15</strong></span> <span class='ocrx_word' id='word_1_786' title='bbox 647 5520 805 5576; x_wconf 83' lang='lat' dir='ltr'>lel‘l</span> <span class='ocrx_word' id='word_1_787' title='bbox 825 5525 1067 5584; x_wconf 84' lang='lat' dir='ltr'>veteres,</span> <span class='ocrx_word' id='word_1_788' title='bbox 1100 5515 1525 5591; x_wconf 83' lang='grc' dir='ltr'>ἀροτριωμενον.</span> <span class='ocrx_word' id='word_1_789' title='bbox 1560 5515 1733 5583; x_wconf 71' lang='lat' dir='ltr'>Ldltl,</span> <span class='ocrx_word' id='word_1_790' title='bbox 1765 5516 1775 5586; x_wconf 70' lang='grc' dir='ltr'><strong>ξ</strong></span> 
     </span>
    </p>
   </div>
   <div class='ocr_carea' id='block_1_107' title="bbox 491 5508 2069 5591">
    <p class='ocr_par' dir='ltr' id='par_1_107' title="bbox 491 5508 2069 5591">
     <span class='ocr_line' id='line_1_110' title="bbox 491 5508 2069 5591; baseline -0.006 -17"><span class='ocrx_word' id='word_1_791' title='bbox 491 5508 605 5591; x_wconf 78' lang='grc'><strong>(15)</strong></span> <span class='ocrx_word' id='word_1_792' title='bbox 647 5508 809 5576; x_wconf 79' lang='lat' dir='ltr'>Libri</span> <span class='ocrx_word' id='word_1_793' title='bbox 825 5508 1067 5584; x_wconf 75' lang='lat' dir='ltr'>veteres,</span> <span class='ocrx_word' id='word_1_794' title='bbox 1100 5514 1525 5591; x_wconf 83' lang='grc' dir='ltr'>ἀροτριώμενον.</span> <span class='ocrx_word' id='word_1_795' title='bbox 1560 5508 1733 5583; x_wconf 80' lang='lat' dir='ltr'>Editi,</span> <span class='ocrx_word' id='word_1_796' title='bbox 1765 5508 2069 5589; x_wconf 63' lang='grc' dir='ltr'>[άροτριού-</span> 
     </span>
    </p>
   </div>
   <div class='ocr_carea' id='block_1_108' title="bbox 425 5608 2067 5736">
    <p class='ocr_par' dir='ltr' id='par_1_108' title="bbox 425 5608 2067 5736">
     <span class='ocr_line' id='line_1_111' title="bbox 425 5608 2067 5736; baseline -0.002 -19"><span class='ocrx_word' id='word_1_797' title='bbox 425 5608 609 5735; x_wconf 58' lang='lat' dir='ltr'>Fu(toti)</span> <span class='ocrx_word' id='word_1_798' title='bbox 637 5662 857 5720; x_wconf 88' lang='lat' dir='ltr'>Vocula</span> <span class='ocrx_word' id='word_1_799' title='bbox 889 5661 984 5736; x_wconf 71' lang='grc' dir='ltr'>μὲν</span> <span class='ocrx_word' id='word_1_800' title='bbox 1017 5662 1218 5719; x_wconf 85' lang='lat' dir='ltr'>addita</span> <span class='ocrx_word' id='word_1_801' title='bbox 1245 5662 1336 5716; x_wconf 93' lang='lat' dir='ltr'>est</span> <span class='ocrx_word' id='word_1_802' title='bbox 1365 5673 1433 5715; x_wconf 82' lang='lat' dir='ltr'>ex</span> <span class='ocrx_word' id='word_1_803' title='bbox 1462 5661 1715 5731; x_wconf 87' lang='lat' dir='ltr'>quatuor</span> <span class='ocrx_word' id='word_1_804' title='bbox 1745 5656 2067 5715; x_wconf 88' lang='lat' dir='ltr'>codicibus.</span> 
     </span>
    </p>
   </div>
   <div class='ocr_carea' id='block_1_109' title="bbox 2179 4999 3844 5082">
    <p class='ocr_par' dir='ltr' id='par_1_109' title="bbox 2179 4999 3844 5082">
     <span class='ocr_line' id='line_1_112' title="bbox 2179 4999 3844 5082; baseline -0.004 -18"><span class='ocrx_word' id='word_1_805' title='bbox 2179 5007 2389 5082; x_wconf 62' lang='lat' dir='ltr'>[Statim</span> <span class='ocrx_word' id='word_1_806' title='bbox 2412 5006 2580 5082; x_wconf 80' lang='lat' dir='ltr'>editi,</span> <span class='ocrx_word' id='word_1_807' title='bbox 2612 5001 2853 5081; x_wconf 77' lang='grc' dir='ltr'>ἄμπελοι</span> <span class='ocrx_word' id='word_1_808' title='bbox 2884 5003 2939 5060; x_wconf 77' lang='lat' dir='ltr'>at</span> <span class='ocrx_word' id='word_1_809' title='bbox 2978 4999 3189 5082; x_wconf 88' lang='grc' dir='ltr'>χιλίαν.</span> <span class='ocrx_word' id='word_1_810' title='bbox 3220 5003 3294 5061; x_wconf 86' lang='lat' dir='ltr'>At</span> <span class='ocrx_word' id='word_1_811' title='bbox 3323 5020 3426 5061; x_wconf 84' lang='lat' dir='ltr'>sex</span> <span class='ocrx_word' id='word_1_812' title='bbox 3455 5019 3626 5076; x_wconf 85' lang='lat' dir='ltr'>mss.,</span> <span class='ocrx_word' id='word_1_813' title='bbox 3658 5000 3844 5075; x_wconf 77' lang='grc' dir='ltr'>ἄμπεο</span> 
     </span>
    </p>
   </div>
   <div class='ocr_carea' id='block_1_110' title="bbox 2180 5075 3843 5224">
    <p class='ocr_par' dir='ltr' id='par_1_110' title="bbox 2180 5075 3843 5224">
     <span class='ocr_line' id='line_1_113' title="bbox 2180 5075 3615 5137; baseline -0.005 0"><span class='ocrx_word' id='word_1_814' title='bbox 2180 5078 2272 5137; x_wconf 88' lang='grc' dir='ltr'>λοι</span> <span class='ocrx_word' id='word_1_815' title='bbox 2344 5075 2525 5135; x_wconf 89' lang='grc' dir='ltr'>ιλίων.</span> <span class='ocrx_word' id='word_1_816' title='bbox 2568 5075 2575 5077; x_wconf 36' lang='grc'><em>’</em></span> <span class='ocrx_word' id='word_1_817' title='bbox 2653 5075 2663 5081; x_wconf 61' lang='grc'><em>’</em></span> <span class='ocrx_word' id='word_1_818' title='bbox 2984 5075 3019 5082; x_wconf 63' lang='grc'>”’</span> <span class='ocrx_word' id='word_1_819' title='bbox 3612 5075 3615 5076; x_wconf 17' lang='grc' dir='ltr'><em>ν</em></span> 
     </span>
     <span class='ocr_line' id='line_1_114' title="bbox 2254 5096 3843 5224; baseline -0.004 -18"><span class='ocrx_word' id='word_1_820' title='bbox 2254 5096 2357 5224; x_wconf 47' lang='grc' dir='ltr'><strong>(ἦ)</strong></span> <span class='ocrx_word' id='word_1_821' title='bbox 2393 5154 2455 5208; x_wconf 87' lang='lat' dir='ltr'>In</span> <span class='ocrx_word' id='word_1_822' title='bbox 2488 5150 2648 5224; x_wconf 68' lang='lat' dir='ltr'>Colb.</span> <span class='ocrx_word' id='word_1_823' title='bbox 2685 5149 2874 5224; x_wconf 89' lang='lat' dir='ltr'>primo</span> <span class='ocrx_word' id='word_1_824' title='bbox 2904 5147 3138 5221; x_wconf 82' lang='lat' dir='ltr'>legitur,</span> <span class='ocrx_word' id='word_1_825' title='bbox 3177 5142 3552 5224; x_wconf 71' lang='grc' dir='ltr'>μετεμελήθη·</span> <span class='ocrx_word' id='word_1_826' title='bbox 3588 5143 3843 5224; x_wconf 82' lang='lat' dir='ltr'>sed_l‘or-</span> 
     </span>
    </p>
   </div>
   <div class='ocr_carea' id='block_1_111' title="bbox 2178 5213 3799 5295">
    <p class='ocr_par' dir='ltr' id='par_1_111' title="bbox 2178 5213 3799 5295">
     <span class='ocr_line' id='line_1_115' title="bbox 2178 5213 3799 5295; baseline -0.005 -18"><span class='ocrx_word' id='word_1_827' title='bbox 2178 5213 2647 5295; x_wconf 59' lang='lat' dir='ltr'>tasse&#39;suspicari</span> <span class='ocrx_word' id='word_1_828' title='bbox 2677 5213 2992 5295; x_wconf 48' lang='lat' dir='ltr'>quispiam.</span> <span class='ocrx_word' id='word_1_829' title='bbox 3024 5213 3284 5295; x_wconf 67' lang='lat' dir='ltr'>poterit,_</span> <span class='ocrx_word' id='word_1_830' title='bbox 3310 5213 3450 5291; x_wconf 46' lang='lat' dir='ltr'>&#39;pro&#39;</span> <span class='ocrx_word' id='word_1_831' title='bbox 3483 5213 3799 5295; x_wconf 70' lang='grc' dir='ltr'>μετεμελήθ</span> 
     </span>
    </p>
   </div>
   <div class='ocr_carea' id='block_1_112' title="bbox 2179 5237 3841 5369">
    <p class='ocr_par' dir='ltr' id='par_1_112' title="bbox 2179 5237 3841 5369">
     <span class='ocr_line' id='line_1_116' title="bbox 2179 5237 3799 5295; baseline -0.006 -18"><span class='ocrx_word' id='word_1_832' title='bbox 2179 5237 2336 5279; x_wconf 88' lang='lat' dir='ltr'>tasse</span> <span class='ocrx_word' id='word_1_833' title='bbox 2358 5239 2647 5295; x_wconf 74' lang='lat' dir='ltr'>suspicari</span> <span class='ocrx_word' id='word_1_834' title='bbox 2677 5237 2972 5294; x_wconf 79' lang='lat' dir='ltr'>quispiam</span> <span class='ocrx_word' id='word_1_835' title='bbox 3024 5237 3260 5293; x_wconf 76' lang='lat' dir='ltr'>petent,</span> <span class='ocrx_word' id='word_1_836' title='bbox 3319 5237 3423 5291; x_wconf 90' lang='lat' dir='ltr'>pro</span> <span class='ocrx_word' id='word_1_837' title='bbox 3483 5237 3799 5291; x_wconf 79' lang='grc' dir='ltr'>μετεμεΑηθ</span> 
     </span>
     <span class='ocr_line' id='line_1_117' title="bbox 2179 5237 3841 5369; baseline -0.004 -18"><span class='ocrx_word' id='word_1_838' title='bbox 2179 5296 2496 5369; x_wconf 82' lang='lat' dir='ltr'>legendum</span> <span class='ocrx_word' id='word_1_839' title='bbox 2525 5310 2677 5369; x_wconf 78' lang='lat' dir='ltr'>esse,</span> <span class='ocrx_word' id='word_1_840' title='bbox 2704 5287 3051 5369; x_wconf 75' lang='grc' dir='ltr'>μετεϐλήθη,</span> <span class='ocrx_word' id='word_1_841' title='bbox 3092 5291 3387 5348; x_wconf 71' lang='lat' dir='ltr'>Translata</span> <span class='ocrx_word' id='word_1_842' title='bbox 3433 5301 3510 5348; x_wconf 72' lang='lat' dir='ltr'>est</span> <span class='ocrx_word' id='word_1_843' title='bbox 3538 5293 3725 5360; x_wconf 85' lang='lat' dir='ltr'>vinea,</span> <span class='ocrx_word' id='word_1_844' title='bbox 3777 5237 3841 5344; x_wconf 62' lang='lat' dir='ltr'>id</span> 
     </span>
    </p>
   </div>
   <div class='ocr_carea' id='block_1_113' title="bbox 2179 5367 2895 5440">
    <p class='ocr_par' dir='ltr' id='par_1_113' title="bbox 2179 5367 2895 5440">
     <span class='ocr_line' id='line_1_118' title="bbox 2179 5367 2895 5440; baseline -0.001 -17"><span class='ocrx_word' id='word_1_845' title='bbox 2179 5367 2335 5440; x_wconf 78' lang='lat' dir='ltr'>quod</span> <span class='ocrx_word' id='word_1_846' title='bbox 2371 5367 2895 5440; x_wconf 84' lang='lat' dir='ltr'>mododicebatur.</span> 
     </span>
    </p>
   </div>
   <div class='ocr_carea' id='block_1_114' title="bbox 2252 5430 3846 5511">
    <p class='ocr_par' dir='ltr' id='par_1_114' title="bbox 2252 5430 3846 5511">
     <span class='ocr_line' id='line_1_119' title="bbox 2252 5430 3846 5511; baseline -0.004 -17"><span class='ocrx_word' id='word_1_847' title='bbox 2252 5441 2358 5511; x_wconf 82' lang='lat'><strong>(18)</strong></span> <span class='ocrx_word' id='word_1_848' title='bbox 2392 5439 2586 5511; x_wconf 85' lang='lat' dir='ltr'>Editi,</span> <span class='ocrx_word' id='word_1_849' title='bbox 2634 5437 2725 5511; x_wconf 78' lang='grc' dir='ltr'>καὶ</span> <span class='ocrx_word' id='word_1_850' title='bbox 2780 5436 2891 5511; x_wconf 31' lang='grc' dir='ltr'>εἰς,</span> <span class='ocrx_word' id='word_1_851' title='bbox 2930 5439 3030 5511; x_wconf 36' lang='grc' dir='ltr'>Αι-</span> <span class='ocrx_word' id='word_1_852' title='bbox 3059 5452 3159 5511; x_wconf 80' lang='lat' dir='ltr'>sex</span> <span class='ocrx_word' id='word_1_853' title='bbox 3215 5452 3384 5511; x_wconf 82' lang='lat' dir='ltr'>mss.,</span> <span class='ocrx_word' id='word_1_854' title='bbox 3433 5430 3542 5488; x_wconf 82' lang='grc' dir='ltr'>καί.</span> <span class='ocrx_word' id='word_1_855' title='bbox 3574 5431 3696 5511; x_wconf 61' lang='lat' dir='ltr'>Nec</span> <span class='ocrx_word' id='word_1_856' title='bbox 3756 5430 3846 5511; x_wconf 76' lang='lat' dir='ltr'>ita</span> 
     </span>
    </p>
   </div>
   <div class='ocr_carea' id='block_1_115' title="bbox 2179 5501 3842 5581">
    <p class='ocr_par' dir='ltr' id='par_1_115' title="bbox 2179 5501 3842 5581">
     <span class='ocr_line' id='line_1_120' title="bbox 2179 5501 3842 5581; baseline -0.005 -14"><span class='ocrx_word' id='word_1_857' title='bbox 2179 5501 2692 5577; x_wconf 59' lang='lat' dir='ltr'>multoinfra,&#39;ubi</span> <span class='ocrx_word' id='word_1_858' title='bbox 2720 5511 2779 5565; x_wconf 92' lang='lat' dir='ltr'>in</span> <span class='ocrx_word' id='word_1_859' title='bbox 2802 5508 2978 5567; x_wconf 86' lang='lat' dir='ltr'>editis</span> <span class='ocrx_word' id='word_1_860' title='bbox 3015 5507 3253 5581; x_wconf 85' lang='lat' dir='ltr'>legitur,</span> <span class='ocrx_word' id='word_1_861' title='bbox 3302 5501 3713 5581; x_wconf 72' lang='grc' dir='ltr'>ἠροτριωμένα,</span> <span class='ocrx_word' id='word_1_862' title='bbox 3775 5503 3842 5559; x_wconf 86' lang='lat' dir='ltr'>in</span> 
     </span>
    </p>
   </div>
   <div class='ocr_carea' id='block_1_116' title="bbox 2177 5576 3840 5657">
    <p class='ocr_par' dir='ltr' id='par_1_116' title="bbox 2177 5576 3840 5657">
     <span class='ocr_line' id='line_1_121' title="bbox 2177 5576 3840 5657; baseline -0.004 -18"><span class='ocrx_word' id='word_1_863' title='bbox 2177 5583 2472 5641; x_wconf 86' lang='lat' dir='ltr'>veteribus</span> <span class='ocrx_word' id='word_1_864' title='bbox 2505 5576 2671 5639; x_wconf 90' lang='lat' dir='ltr'>libris</span> <span class='ocrx_word' id='word_1_865' title='bbox 2727 5582 3013 5657; x_wconf 83' lang='lat' dir='ltr'>scriptum</span> <span class='ocrx_word' id='word_1_866' title='bbox 3061 5576 3374 5655; x_wconf 62' lang='lat' dir='ltr'>Scriptum,</span> <span class='ocrx_word' id='word_1_867' title='bbox 3426 5576 3840 5652; x_wconf 80' lang='grc' dir='ltr'>ἀροτοιώμενα.</span> 
     </span>
    </p>
   </div>
  </div>
