4118 6220
282 380 375 439 473

1055 379 1462 442 COMMENT.
1506 381 1587 441 IN
1630 378 1902 441 ISAIAM
1951 378 2459 440 PROPHETAM.
2506 378 2678 439 CAP.
2725 377 2885 439 VIII.

3537 379 3658 438 474

279 506 655 583 ἡκανθονρόρουν
718 509 817 582 τρὸ
871 515 970 578 τῆς
1031 511 1266 584 Χριστοῦ
1317 495 1652 582 ἐπιδημίαςο
1708 505 1894 576 ἐπιεδὴ

2018 509 2272 579 incultae,
2333 509 2548 565 idcirco
2597 513 2790 565 sentes
2849 525 2914 563 ac
2973 508 3142 579 pinus
3201 507 3496 574 ferebant;
3557 509 3656 564 scd

279 595 326 651 δὲ
350 595 504 664 ἦλθεν
534 596 609 658 εἷς
641 603 847 651 πτῶσιν
889 597 978 653 καὶ
1023 598 1308 654 ἀνάστασιν
1359 599 1609 668 πολλῶν,
1660 599 1748 654 καὶ
1781 597 1902 652 ἱκά-

276 686 380 742 λεσε
404 686 470 740 τά
523 689 597 760 μή
647 685 915 755 ὅντα,’ίνα
961 687 1027 742 τὰ
1069 685 1198 744 ὄντα
1247 691 1577 764 καταργήσῃ
1628 685 1715 742 διὰ
1743 691 1901 742 τοῦτο

273 776 317 830 οἱ
349 776 434 847 μὲν
467 775 521 830 ἐν
575 781 871 852 περιτομῇ,
920 776 1284 840 ἀπολέσαντες
1327 779 1388 833 τὸ
1441 777 1689 846 εὐθαλὲς,
1721 776 1902 831 καὶτὸ

271 862 547 941 ἔγκαρπον,
600 864 676 928 εἷς
733 866 931 942 χέρσον
995 862 1317 940 μετέϐαλον.
1377 867 1447 923 Τὸ
1521 865 1579 923 δὲ
1631 867 1735 921 ἀπὸ
1791 869 1898 920 τῶν

268 954 413 1017 ἰθνῶν
449 953 722 1027 σύστημα,
751 954 883 1028 ὅπερ
933 952 1060 1030 ὅρος
1111 955 1419 1029 ὠνόμασται
1471 955 1900 1031 ἁροτριώμενον,

269 1042 582 1119 ἆροτριᾶται.
634 1042 948 1120 ἆπαλλαγὶν
1003 1046 1183 1116 πάσης
1239 1043 1444 1107 δειλίας
1500 1044 1590 1100 καὶ
1645 1048 1743 1099 τοῦ
1797 1043 1902 1098 ἀπὸ

268 1136 362 1186 τῶν
391 1131 674 1204 πολεμίων
707 1127 900 1210 φόϐου.
935 1135 1094 1208 Ὄρος
1128 1132 1242 1204 οὗν,
1293 1137 1328 1204 ἡ
1363 1135 1633 1208 ὑψωθεῖσα
1675 1133 1776 1188 ὑπὸ
1803 1135 1901 1201 τῆς

267 1227 353 1278 τοῦ
380 1223 614 1298 Χριστοῦ
675 1221 1026 1286 διδασκαλίας
1083 1227 1261 1300 ψυχή.
1321 1226 1468 1281 Ἐπεὶ
1518 1223 1608 1278 οὖν
1659 1221 1825 1292 ἦλθεν
1874 1223 1902 1277 ὁ

269 1314 449 1390 Κύριος
499 1315 792 1387 ὶξεχλάσοη
845 1319 960 1388 (19)
1011 1317 1107 1389 μὶν
1159 1318 1187 1372 ὁ
1245 1316 1486 1392 Ἰσραὴλ,
1531 1315 1900 1394 κατεφυτεύηη

269 1401 319 1458 δὲ
343 1403 402 1458 τά
428 1404 577 1474 ἔθνη,
604 1403 694 1458 ’ίνα
743 1409 822 1476 τῷ
871 1404 1086 1460 ἐκείνων
1137 1407 1604 1482 παραπτώματιή
1661 1404 1906 1478 σωτηρία

271 1499 414 1547 πᾶσιν
441 1492 819 1566 οἶκονομηθῇ,
849 1495 938 1548 καὶ
990 1491 1160 1556 ἀδεῶς
1208 1501 1324 1556 τοῖς
1375 1490 1523 1570 ὄρεσι
1573 1495 1786 1554 τούτοις
1815 1489 1904 1546 καὶ

268 1577 493 1657 πρόϐατα
524 1583 614 1636 καὶ
663 1582 785 1658 βόες
842 1580 1171 1656 ἐννεμόμενα
1221 1587 1330 1657 (20)
1383 1581 1612 1662 ἄφθονον
1645 1590 1742 1652 τῆν
1776 1573 1906 1656 παρ’

269 1669 447 1725 ἑαυτῶν
501 1669 770 1747 ὠφέλειαν
818 1674 1190 1748 παρεχωνται.
1253 1671 1517 1743 Δηλονότι
1567 1667 1813 1747 πρόϐατα
1852 1670 1904 1725 οἱ

268 1757 701 1836 χρηστότεροιτὰ
729 1758 862 1832 ἤθη,
928 1761 1047 1836 βόες
1107 1758 1165 1816 δὲ
1222 1761 1277 1818 οἱ
1324 1763 1458 1838 πρὸς
1503 1762 1604 1831 τὴν
1656 1760 1905 1837 ἐργασίαν

268 1852 361 1902 τῶν
389 1849 686 1924 ἀναγκαίων
721 1850 1178 1925 φιλοπονώτεροι.

2015 599 2151 668 quia
2172 599 2228 653 in
2251 599 2480 654 ruinam
2504 605 2561 654 et
2584 599 3069 654 resurrectionem
3095 598 3413 651 multorum
3439 597 3597 651 venit
3621 601 3660 633 ¹¹

2015 696 2071 744 et
2099 688 2324 743 vocavit
2355 705 2422 744 ea
2470 705 2597 760 qua:
2651 705 2762 742 non
2813 692 2971 754 sunt,
3007 691 3072 741 ut
3119 703 3186 741 ea
3227 703 3351 756 qua
3388 689 3528 740 sunt
3558 686 3660 741 dc-

2013 778 2368 833 strueret”:
2415 794 2483 832 ea
2527 778 2595 832 de
2645 793 2822 832 causa
2875 775 2973 846 qui
3019 780 3185 831 erant
3235 792 3302 830 ex
3352 774 3658 830 circumci-

2012 867 2197 935 sione,
2231 866 2523 922 viriditate
2553 871 2609 921 et
2640 866 2932 921 fertilitate
2963 865 3202 921 amissis
3238 865 3297 919 in
3330 870 3547 920 terram
3572 864 3660 919 in-

2013 955 2230 1011 cultam
2257 955 2407 1011 533
2430 955 2874 1027 degenerarunt.
2901 954 3006 1010 llla
3029 959 3223 1010 autem
3248 954 3568 1009 multitudo
3593 969 3661 1009 ex

2012 1044 2288 1117 gentibus
2319 1043 2556 1100 collecta
2587 1061 2712 1115 quae
2767 1047 3006 1100 vocatur
3057 1047 3258 1100 aratus
3312 1043 3658 1113 mons,jam

2014 1134 2324 1190 formidine
2355 1135 2514 1188 omni
2547 1133 2851 1198 immunis,
2884 1134 3033 1188 etab
3066 1132 3326 1188 hostium
3351 1133 3561 1187 timore
3586 1130 3655 1185 li-

2015 1223 2232 1289 berata,
2265 1227 2484 1278 aratur.
2520 1223 2685 1278 Mons
2715 1223 2894 1295 igitur
2922 1223 3154 1277 animus
3185 1228 3275 1276 est
3307 1238 3406 1292 per
3442 1219 3656 1275 Christi

2013 1311 2336 1367 doctrinam
2391 1313 2446 1366 in
2499 1311 2752 1366 sublime
2809 1316 3064 1366 evectus.
3127 1313 3442 1380 Postquam
3477 1309 3657 1379 igitur

2012 1401 2169 1455 venit
2203 1400 2502 1468 Dominus,
2536 1404 2737 1469 gentes
2787 1400 2964 1454 fracto
3000 1397 3210 1454 Israele
3259 1399 3485 1452 insertas
3519 1398 3658 1452 sunt

2013 1495 2071 1545 et
2103 1490 2375 1561 plantatae
2399 1491 2463 1558 η,
2499 1494 2563 1544 ut
2593 1505 2794 1544 eorum
2832 1489 2998 1558 lapsu
3047 1486 3323 1542 omnibus
3354 1486 3658 1540 efferretur

2014 1577 2200 1646 salus,
2228 1582 2468 1649 tamque
2497 1594 2632 1632 oves
2664 1594 2838 1648 quam
2865 1577 3038 1632 boves
3071 1577 3126 1629 in
3163 1575 3321 1630 hisce
3353 1573 3657 1628 montibus

2014 1675 2138 1726 tuto
2172 1676 2496 1743 pascentes,
2533 1669 2857 1741 plurimum
2891 1684 2960 1723 ex
2989 1684 3117 1723 sese
3142 1669 3483 1738 praetereat
3510 1679 3657 1719 emo-

2013 1760 2281 1816 lumenti.
2317 1759 2423 1826 Qui
2473 1759 2675 1828 utique
2722 1762 2862 1813 sunt
2909 1757 3077 1812 bonis
3111 1756 3376 1810 moribus
3408 1751 3654 1825 praediti,

2013 1849 2424 1920 significantur
2450 1847 2645 1904 ovium
2669 1847 2944 1916 nomine;
2977 1846 3076 1918 qui
3100 1860 3231 1900 vero
3263 1841 3490 1900 strenui
3522 1842 3660 1898 sunt

269 1943 321 1995 et
346 1939 562 1997 alacres
595 1943 668 1997 ad
701 1958 793 1997 res
825 1942 1184 2000 necessarias
1215 1942 1574 2011 alliciendas,
1609 1957 1711 2014 per
1741 1939 1915 1996 boves
1936 1937 2338 2008 designantur.

803 2194 1218 2251 ΚΕΦΑΑΑΙΟΝ
1256 2195 1342 2250 Η⁹·

331 2299 465 2354 206.
532 2299 633 2354 Καὶ
694 2300 744 2354 εἴ
793 2321 852 2355 τε
903 2300 1104 2376 Κύριος
1163 2299 1300 2376 πρὸς
1357 2299 1441 2372 μὲο
1498 2293 1642 2356 Λάϐε
1699 2301 1905 2370 σεαυτῷ

265 2385 415 2458 τόμον
482 2392 680 2441 καινοῦ
763 2388 1021 2465 μεγάλου·
1095 2389 1181 2444 καὶ
1260 2388 1468 2464 γράψον
1538 2387 1695 2442 αὐτὸν
1777 2406 1904 2461 γρα-

264 2471 362 2551 φίδι
433 2475 772 2550 ἀνθρώπου,
847 2483 943 2533 τοῦ
1047 2477 1208 2548 ὀξέως
1284 2479 1570 2552 προνομὴν
1673 2479 1898 2540 ποιῆσαι

262 2563 503 2623 σκύλων,
567 2566 805 2640 Ηάρεστι
866 2567 966 2641 γάρ
1026 2570 1175 2639 (21).
1238 2567 1341 2622 Καὶ
1407 2567 1678 2640 μάρτυρας
1740 2564 1898 2634 ποίη-

260 2672 333 2705 σαι
382 2654 607 2714 πιστοὺς
684 2655 1030 2726 ἀνθρώπους,
1104 2657 1196 2709 τὸν
1275 2655 1473 2730 Οὺρίαν
1546 2656 1634 2709 καὶ
1720 2661 1895 2728 Ζαχα-

263 2738 364 2809 ρίαν
415 2743 502 2796 τὸν
555 2743 673 2796 υἱὸν
737 2744 1038 2818 Βαραχίου.
1096 2745 1192 2798 Καὶ
1252 2743 1564 2819 προσῆλθον
1615 2744 1752 2819 πρὸς
1799 2745 1898 2812 τὴν

262 2831 551 2905 προφῆτιν,
613 2831 705 2885 καὶ
767 2832 818 2885 ἓν
875 2832 1063 2907 γαστρὶ
1126 2828 1322 2904 ἔλαϐε,
1380 2833 1470 2887 καὶ
1524 2831 1694 2887 ἔτεκεν
1755 2833 1892 2887 υἱόν.

263 2914 352 2969 Καὶ
399 2919 510 2973 εἶπέ
576 2940 672 2992 μοι
734 2923 846 2994 (22)
905 2922 1127 2998 Κύριος*
1190 2921 1426 2977 Κάλεσον
1479 2922 1541 2976 τὸ
1586 2917 1760 2993 ὄνομα
1798 2922 1892 2975 αῦ-

260 3008 363 3070 τοῦ,
434 3010 668 3084 Ταχέως
776 3007 1091 3080 σοιῦλευσον,
1197 3010 1390 3083 Ὀξὲως
1489 3011 1889 3086 προνόμευσον.

260 3093 392 3148 Διὸτι
448 3099 576 3169 πρὶν
635 3097 670 3166 ἢ
727 3106 920 3173 γνῶναι
977 3101 1040 3154 τὸ
1097 3097 1309 3154 παιδίον
1366 3099 1552 3155 καλεῖν
1606 3099 1808 3175 πατίρα
1855 3099 1890 3168 ἢ

261 3182 470 3259 μῃτξρα,
552 3185 790 3259 λήψεται
895 3186 1122 3261 δύναμιν
1227 3193 1534 3261 Δαμασκοῦ,
1635 3189 1725 3243 καὶ
1826 3189 1894 3243 τὰ

255 3271 409 3327 σκῦλα
512 3275 826 3351 Σαμαρείας
929 3274 1104 3332 ἔναντι
1205 3277 1472 3353 βασιλέως
1565 3277 1888 3352 Ἀσσυρίων.

251 3360 382 3429 Δάξει
443 3367 554 3437 (23)
616 3361 798 3438 ἕτερον
858 3367 1223 3442 προσταχθεὶς
1275 3369 1303 3422 ὁ
1351 3369 1661 3444 προφήτης,
1706 3365 1890 3442 ἕτερον

246 3454 614 3522 πεποιηκέναι.
672 3456 735 3507 Τί
785 3454 885 3530 γάρ
943 3457 1120 3510 κοινὸν
1181 3451 1298 3532 ἔχει
1355 3458 1438 3522 τὸ,
1493 3451 1631 3512 Λάϐε
1684 3461 1889 3511 σεαυτῶ

1935 2195 1983 2261 Β

2623 2187 2852 2244 CAPUT
2889 2187 3038 2242 VIII.

2081 2298 2206 2353 206.
2242 2296 2408 2353 Vens.
2461 2297 2568 2352 1ο4.
2602 2298 2666 2352 Et
2723 2296 2866 2352 dixit
2915 2295 3174 2350 Dominus
3223 2290 3293 2346 ad
3340 2304 3456 2344 me:
3488 2291 3655 2343 Sume

2011 2389 2114 2443 tibi
2141 2392 2346 2442 tomum
2376 2388 2504 2442 novi
2529 2388 2730 2456 magni
2757 2406 2776 2452 ;
2805 2394 2854 2441 el
2883 2384 3056 2439 scribe
3099 2383 3280 2454 ipsum
3307 2380 3445 2450 stylo
3476 2375 3655 2432 homi-

2008 2480 2120 2540 nis,
2152 2481 2213 2531 ut
2247 2476 2503 2531 velociter
2531 2477 2897 2546 direptionem
2935 2475 3109 2544 faciat
3142 2470 3464 2542 spoliorum.
3498 2464 3656 2519 Adest

2009 2568 2177 2622 enim.
2212 2567 2278 2620 Et
2306 2574 2470 2621 testes
2497 2567 2588 2636 fac
2617 2564 2808 2635 ﬁdeles
2851 2563 3119 2627 homines,
3156 2561 3340 2616 Uriam
3371 2564 3419 2613 et
3446 2554 3657 2610 Zacha-

2006 2661 2152 2713 riam
2183 2658 2364 2728 ﬁlium
2407 2657 2714 2713 Barac/liae.
2765 2659 2832 2711 Et
2880 2655 3082 2710 accessi
3111 2652 3179 2707 ad
3226 2649 3651 2722 prophetissam,

2005 2756 2057 2804 et
2088 2751 2144 2802 in
2175 2756 2330 2803 utero
2361 2750 2622 2818 concepit,
2654 2755 2706 2802 et
2745 2747 2953 2817 peperit
2995 2744 3194 2814 ﬁlium.
3226 2741 3291 2795 Et
3335 2739 3479 2793 dixit
3506 2734 3649 2790 mihi

2004 2837 2307 2893 Dominus:
2359 2842 2506 2893 Voca
2551 2851 2749 2892 nomen
2798 2835 2933 2906 ejus,
2982 2834 3102 2888 Cito
3156 2830 3352 2902 spolia,
3393 2825 3649 2882 Velociter

2003 2926 2337 2997 depraedare.
2372 2926 2514 2993 Quia
2543 2929 2837 2996 antequam
2867 2925 3005 2978 sciat
3050 2936 3185 2992 puer
3213 2932 3403 2974 vocare
3430 2918 3646 2986 patrem

2002 3025 2099 3071 aut
2127 3021 2379 3085 matrem,
2411 3017 2646 3087 accipiet
2678 3015 2929 3068 virtutem
2960 3009 3231 3074 Damasci,
3264 3013 3316 3062 et
3345 3006 3521 3076 spolia
3549 3002 3646 3057 Sa-

2003 3107 2202 3162 maria?
2229 3121 2415 3160 coram
2443 3121 2564 3175 rege
2613 3103 2980 3174 Assyriorum.
3027 3097 3312 3169 Propheta
3358 3093 3518 3149 aliud
3548 3107 3644 3146 ex-

2003 3193 2426 3266 sequijussus,
2477 3193 2636 3248 aliud
2684 3191 2979 3246 videbitur
3027 3186 3249 3243 fecisse.
3300 3189 3444 3238 Nam
3477 3179 3643 3246 illud,

2001 3283 2165 3340 Sume
2193 3285 2300 3339 tibi
2330 3293 2536 3339 tomum
2566 3283 2694 3338 novi
2719 3281 2928 3351 magni,
2964 3277 3246 3350 quidnam
3279 3273 3455 3328 habet
3484 3285 3647 3325 com-

2003 3389 2182 3429 mune
2213 3389 2347 3428 cum
2398 3372 2472 3427 iis
2522 3388 2648 3444 quas
2699 3371 3178 3440 subsequuntur:
3232 3365 3294 3418 Et
3350 3359 3549 3417 accessi
3576 3358 3647 3413 ad

1995 3463 2419 3535 prophetissam,
2475 3470 2525 3516 et
2571 3464 2631 3516 in
2687 3462 2840 3515 utero
2896 3453 3182 3527 concepit?
3230 3451 3424 3508 Possit
3469 3449 3649 3521 igitur

246 3539 399 3607 τόμον
456 3541 650 3597 γαινοῦ
719 3543 981 3618 μεγάλου,
1043 3546 1179 3619 πρὸς
1228 3547 1288 3600 τὸ
1338 3545 1745 3623 ἐπιφερόμενον,
1807 3545 1890 3600 ὅτι

2009 3552 2196 3607 dicere
2226 3551 2546 3624 quispiam,
2575 3549 2726 3606 hanc
2751 3547 3074 3602 illationem
3117 3542 3501 3599 redditionem
3533 3553 3647 3592 non

250 3628 334 3680 Καὶ
407 3633 727 3705 προσῆλθον
785 3634 924 3705 πρὸς
982 3635 1081 3703 τήν
1157 3641 1451 3712 προφῆτιν,
1527 3633 1615 3688 καὶ
1690 3635 1740 3688 ἰν
1799 3657 1891 3711 γα-

249 3718 353 3789 στρὶ
396 3715 636 3790 ἐλαϐεν;
688 3719 852 3778 Εἴποι
899 3721 958 3776 ἂν
1012 3721 1102 3776 οῦν
1151 3743 1258 3790 τις,
1307 3723 1388 3777 ὅτι
1450 3723 1577 3798 οὐχὶ
1629 3721 1892 3785 ἀπόδοσίς

253 3803 348 3859 ἐστι
378 3813 472 3862 τοῦ
504 3811 852 3884 προάγοντος
893 3813 955 3865 τὸ
995 3811 1408 3889 ἰπιφερόμενον,
1437 3811 1582 3868 ἀλλὰ
1613 3813 1716 3867 ἀπὸ
1751 3811 1890 3874 ἰδίας

254 3894 417 3970 ἀρχῆς
492 3895 881 3974 παραδίδοται,
952 3900 1159 3955 ἱκείνου
1221 3901 1751 3976 περιγεγραμμένου.
1829 3901 1893 3956 Et

252 3984 341 4057 γάρ
384 3989 471 4040 καὶ
521 3989 604 4059 μή
661 3989 964 4062 ρρὸσκειται
996 3989 1079 4044 ὅτι
1134 3985 1297 4044 ἔλαϐε
1351 3991 1529 4068 τόμογ
1585 3995 1680 4045 τοῦ
1709 3995 1894 4046 καῖνοῦ

247 4074 326 4126 καὶ
357 4075 628 4152 μεγάλου,
683 4077 826 4133 ἀλλὰ
883 4081 1377 4154 προσυπακούεται,
1429 4080 1512 4134 ὅτι
1571 4080 1792 4151 ἐποίησε
1833 4083 1894 4136 τὸ

248 4166 734 4240 προστεταγμένον.
785 4169 925 4222 Ἀπὸ
968 4169 1147 4244 ἑτέρας
1197 4165 1254 4223 δὲ
1302 4171 1414 4242 (24)
1472 4169 1651 4245 ἀρχῆς
1693 4176 1896 4225 νοεῖται

245 4253 319 4318 τὸ,
379 4254 474 4308 Καὶ
527 4254 851 4330 προσῆλθον
935 4259 1070 4330 πρὸς
1149 4259 1247 4327 τὴν
1307 4262 1602 4334 προφῆτιν,
1679 4258 1767 4314 καί
1842 4259 1894 4315 ἐν

247 4343 422 4416 γαστρὶ
454 4338 678 4399 ἔλαϐεν.
714 4343 774 4400 Εἰ
820 4345 913 4416 μὶν
943 4346 1045 4420 γὰρ
1093 4344 1344 4422 ἀντέλεγε
1389 4351 1468 4418 τῷ
1516 4349 1895 4422 προστάγματι

247 4428 272 4481 ὁ
324 4435 641 4508 προφήτης,
699 4431 904 4508 ἐγράφη
966 4433 1025 4489 ἂν
1086 4437 1118 4504 ἡ
1175 4433 1476 4511 ἀντιλογία’
1527 4437 1602 4500 ὡς
1658 4436 1743 4491 ἐπὶ
1800 4442 1897 4492 τοῦ

249 4516 499 4588 Ὶεζεκιὴλ
561 4522 1004 4598 παραιτουμένου
1047 4523 1109 4578 τὸ
1168 4521 1256 4577 ἐπὶ
1304 4519 1575 4599 βολϐίτων
1625 4526 1897 4602 ἀνθρωπί-

249 4627 347 4660 νων
378 4612 488 4684 (25)
524 4610 832 4679 ὀπτηθέντα
864 4610 1056 4676 ἆσοίειν
1105 4613 1193 4667 τὸν
1246 4610 1428 4689 ἄρτον.
1471 4615 1616 4671 Ἐκεῖ
1663 4616 1765 4690 λάρ
1799 4615 1900 4691 ἀρ-

251 4701 426 4768 νεῖται,
488 4697 702 4773 λίγων.
762 4697 1075 4773 Μηδαμῶς,
1138 4702 1302 4776 Κύριε
1359 4703 1454 4757 Θεὶ
1500 4707 1596 4757 τοῦ
1645 4703 1896 4781 οὐρανοῦ,

255 4783 294 4836 εἰ
347 4787 380 4855 ἡ
438 4790 598 4863 ψυχή
666 4808 771 4860 μου
818 4789 880 4843 οὐ
953 4788 1244 4863 μεμίανται
1302 4789 1353 4845 ἐν
1406 4791 1720 4867 ἀκαθαρσίᾳ,
1775 4791 1900 4849 οὐδὲ

2002 3658 2132 3698 esse
2163 3642 2482 3715 superioris
2532 3640 2834 3696 sententiis
2863 3655 2874 3694 :
2927 3638 3028 3694 sed
3084 3653 3151 3691 ea
3184 3635 3370 3700 finita,
3403 3629 3645 3702 proferri

2002 3731 2326 3786 illationem
2385 3730 2682 3802 aproprio
2741 3728 3025 3800 principio
3085 3725 3457 3796 pendentem.
3493 3719 3650 3774 Licet

2001 3822 2159 3875 enim
2188 3836 2302 3874 non
2326 3819 2576 3873 addatur
2597 3816 2923 3888 sumpsisse
2944 3822 3164 3870 tomum
3185 3813 3313 3866 novi
3334 3815 3389 3865 et
3407 3807 3600 3878 magni
3631 3823 3644 3862 :

1994 3909 2164 3979 jussa
2196 3913 2389 3962 tamen
2425 3907 2632 3962 fecisse
2660 3905 3031 3960 subauditur.
3066 3907 3137 3955 At
3167 3900 3334 3962 illud,
3365 3899 3428 3952 Et
3447 3896 3650 3951 accessi

2004 3997 2073 4053 ad
2097 3997 2508 4068 praphetissam,
2538 4004 2590 4051 et
2621 3997 2681 4050 in
2710 3995 2863 4049 utero
2911 3993 3174 4062 concepit,
3221 4005 3289 4044 ex
3318 3987 3498 4041 altero
3530 3983 3645 4056 peti

2005 4084 2294 4158 principio
2326 4083 2693 4156 intelligitur.
2718 4082 2945 4138 Etenim
2979 4081 3028 4136 si
3059 4078 3439 4134 detractasset
3468 4073 3645 4144 impe-

2004 4174 2158 4230 rium
2192 4173 2494 4246 propheta,
2528 4173 2647 4228 hinc
2679 4173 2882 4244 utique
2915 4166 3296 4226 contradictio
3326 4161 3648 4218 fuissetlit-

2004 4263 2148 4318 teris
2180 4263 2432 4335 prodita,
2466 4262 2550 4317 uti
2583 4261 2822 4330 contigit
2853 4260 2910 4315 in
2961 4256 3269 4327 Ezechiele,
3303 4253 3402 4328 qui
3435 4268 3646 4325 panem

2007 4368 2182 4407 suum
2214 4352 2274 4406 in
2308 4350 2444 4406 ﬁmo
2476 4351 2734 4405 humano
2763 4353 3106 4405 concoctum
3148 4345 3448 4402 comedere
3478 4357 3648 4397 recu-

2007 4442 2180 4497 savit.
2204 4441 2512 4496 Enimvero
2538 4439 2638 4495 illo
2667 4439 2794 4495 loco
2827 4441 3001 4510 negat
3031 4453 3094 4492 se
3123 4435 3180 4490 id
3213 4436 3530 4503 facturum,
3555 4430 3647 4487 di-

2007 4547 2186 4586 cens:
2247 4530 2618 4601 Nequaquam,
2679 4530 2903 4585 Domine
2958 4529 3098 4582 Deus
3154 4523 3326 4580 casti:
3372 4524 3422 4578 si
3457 4523 3651 4578 anima

2005 4635 2128 4674 mea
2158 4635 2272 4674 non
2301 4627 2377 4674 est
2403 4620 2614 4690 polluta
2645 4621 2702 4674 in
2753 4618 3135 4685 immunditia,
3173 4629 3348 4686 neque
3393 4614 3651 4686 ingressa

2005 4713 2088 4764 est
2116 4709 2175 4764 in
2204 4724 2291 4764 eos
2315 4725 2498 4764 meum
2535 4710 2713 4764 omnis
2755 4723 2880 4762 caro
2927 4705 3228 4778 impura“.
3261 4703 3648 4769 Quamobrem

2007 4798 2063 4852 in
2099 4802 2354 4853 stercore
2383 4797 2602 4852 bubulo
2634 4813 2814 4869 panes
2837 4813 2976 4851 suos
2998 4795 3284 4851 coniicere
3305 4807 3651 4850 concessum

255 4870 597 4945 εἲσελήλυοεν
663 4875 739 4940 εἰς
813 4877 875 4933 τὸ
945 4877 1122 4952 στόμα
1181 4900 1288 4952 μου
1344 4886 1447 4935 πᾶν
1505 4879 1666 4956 κρᾶας
1728 4877 1897 4957 βεϐη-

2009 4886 2056 4943 οἱ
2092 4886 2202 4942 tuit
2224 4887 2284 4942 ¹⁸.
2322 4885 2430 4942 Hic
2465 4890 2660 4942 autem
2709 4902 2844 4941 cum
2878 4901 2988 4940 non
3024 4885 3349 4957 reperiatur
3397 4881 3652 4955 negatio,

254 4957 364 5022 λον.
396 4965 493 5022 Διὰ
515 4969 685 5022 τοῦτο
718 4969 1074 5044 συνεχωρήθη
1124 4968 1273 5042 αὐτῷ
1315 4968 1367 5026 ἐν
1423 4965 1705 5044 βολϐίτοις
1757 4972 1899 5046 βοῶν

1929 4933 1976 4998 D

2009 4974 2310 5031 silentium
2332 4976 2534 5047 utique
2551 4975 2768 5031 indicat
2784 4974 3205 5040 assensionem,
3227 4972 3460 5030 etiamsi
3479 4974 3654 5029 testa-

318 5119 359 5154 “
392 5118 534 5176 Luc.
571 5135 639 5187 ιι,
670 5119 759 5176 34.
840 5121 884 5156 ¹²
913 5121 934 5176 I
965 5124 1092 5178 Cor.
1125 5139 1166 5190 ι,
1197 5121 1292 5178 28.
1371 5119 1419 5159 ¹³
1447 5121 1620 5182 Rom.
1657 5138 1737 5192 xx,
1771 5124 1859 5181 17.

2011 5125 2216 5182 Ezech.
2250 5143 2326 5194 xv,
2364 5127 2450 5183 14.
2528 5127 2571 5162 ¹⁸
2603 5127 2744 5184 ibid.
2781 5128 2869 5182 15.

316 5271 418 5352 (i9)
451 5275 596 5344 Reg.
651 5277 916 5352 quartus,
960 5269 1297 5352 ἐξεκλεισθη,
1330 5275 1580 5332 exclusus
1603 5281 1681 5332 est
1709 5277 1898 5334 Israel.

251 5339 432 5399 Lectio
463 5339 585 5400 non
621 5339 1070 5403 contemnenda.

253 5415 421 5553 “(22)
454 5417 615 5472 Editi
650 5423 705 5473 et
733 5419 848 5476 duo
879 5435 1049 5491 11188.,
1083 5415 1434 5492 ἒννεμόμενα.
1469 5419 1575 5475 Alii
1606 5425 1723 5476 tres
1755 5415 1896 5474 ἔννε-

323 5506 362 5553 μ
422 5507 500 5544 αι.

323 5505 500 5555 μεναι.

315 5560 426 5641 (21)
455 5559 708 5641 Antiqui
740 5567 856 5641 tres
887 5563 1043 5641 libri,
1084 5558 1322 5637 παρίστη
1352 5561 1476 5638 γάρ,
1507 5564 1693 5641 Αείἱὶἰι
1723 5565 1893 5621 enim.

253 5629 469 5709 Ibidem
500 5629 674 5709 editi,
726 5632 996 5709 μάρτυράς
1027 5629 1524 5709 μοι-ποιῆσαιξλῐ
1570 5652 1900 5709 mss._non-

259 5701 418 5775 nulli,
481 5701 770 5778 μάρτυρας
802 5701 1072 5779 ποίησαι.
1131 5701 1302 5781 Reg.'
1328 5707 1593 5781 primus,
1641 5706 1894 5778 ποίησον.

2013 5279 2240 5356 ﬂoreus
2269 5278 2378 5334 hoc
2407 5279 2535 5356 ipso
2563 5279 2623 5335 in
2647 5280 2770 5337 loco
2803 5281 2941 5352 Reg.
2964 5287 3232 5354 quartus,
3255 5280 3450 5356 Οὐρίαν
3483 5279 3648 5353 ἱερέα,

2013 5351 2199 5408 Uriam
2230 5352 2582 5407 sacerdotem.

2081 5422 2192 5494 (22)
2226 5427 2319 5496 lta
2342 5440 2481 5496 mss.
2516 5423 2804 5490 nonnulli,
2841 5425 3008 5480 Deest
3040 5425 3154 5496 μοι’
3188 5425 3247 5480 in
3291 5420 3576 5480 excussis.

2079 5491 2192 5567 (23)
2224 5495 2395 5566 Editi,
2429 5491 2598 5548 δοκεῖ.
2634 5502 2708 5552 At
2732 5513 2832 5552 sex
2859 5491 3220 5567 mundae“.

2080 5566 2193 5642 (24)
2223 5567 2674 5642 Sic__m_ss._Editi
2706 5585 2860 5642 vero,
2895 5566 3083 5642 ἐτέρας
3106 5566 3229 5642 γάρ.

2079 5637 2194 5710 (25)
2248 5639 2425 5709 Editi,
2481 5637 2825 5714 ἀνθρωπείων
2861 5682 2876 5696 .

2935 5634 3091 5697 Libri
3119 5634 3388 5704 'veteres,
3441 5634 3645 5708 ἀνθρω-

2005 5705 2095 5763 πίν
2103 5705 2201 5767 ων.
