4048 6220
425 341 542 400 475

1359 337 1754 397 APPENDIX
1805 334 2128 398 OPERUM
2173 335 2239 395 S.
2284 334 2558 396 BASILII
2604 334 2876 395 MAGNI.

3715 332 3822 391 476

427 475 522 524 tus
554 485 668 524 non
701 468 779 524 sit
806 486 932 525 sese
954 469 1242 540 imperata
1265 475 1602 524 exsecutum
1635 469 1813 524 luisse
1838 489 1851 538 ;
1877 484 2059 540 quem

2189 468 2412 533 ποιῆσαι
2441 464 2569 526 τοὺς
2613 462 2827 540 ἄρτους.
2882 463 3138 517 Ἐνταῦθα
3185 461 3368 535 μέντοι
3409 459 3595 529 ἐπειδὴ
3627 460 3820 536 ἀπαγόο

427 559 745 614 admodum
805 559 985 614 Osee:
1053 559 1188 614 Vade
1240 558 1416 626 enim,
1481 558 1693 630 inquit,
1755 573 1909 613 sume
1969 557 2077 612 tibi

424 663 653 702 uxorem
680 649 1096 717 fornicationis,
1130 656 1181 702 et
1232 647 1375 716 ﬁlios
1418 647 1810 720 fornicutioziis
1832 649 1894 700 ιο.
1933 645 2072 700 Dein

427 737 727 808 Scriptura
758 736 951 806 ipsum
978 738 1152 807 jussa
1193 735 1502 807 perfecisse
1551 736 1895 800 testiﬁcans,
1928 733 2072 789 sub—

417 825 622 898 jungit
646 843 658 880 :
690 826 755 880 Et
783 827 942 892 abiit,
971 830 1020 880 et
1041 827 1253 896 accepit
1283 824 1478 880 Gomer
1497 823 1680 895 ﬁliam
1705 824 1983 879 Debelaim
2005 822 2069 874 1⁷.

424 914 573 978 Quin
605 919 662 968 et
703 913 841 968 alibi
901 913 1160 968 inVenire
1219 912 1512 984 possimus
1573 912 1725 968 534
1788 916 2074 983 praecepta

425 1003 609 1057 fuisse
651 1017 922 1072 expresse
978 1001 1134 1068 data,
1191 1017 1297 1056 nec
1327 1005 1524 1056 tamen
1584 1000 1918 1057 testimonio
1951 998 2070 1054 ullo

422 1092 656 1163 probari
688 1107 859 1162 opus,
909 1090 1105 1161 ipsum
1147 1091 1476 1146 confectum
1509 1105 1658 1161 esse,
1691 1091 1791 1146 sed
1843 1105 1876 1144 a
1904 1089 2070 1144 nobis

421 1177 566 1232 illud
598 1195 666 1233 ex
695 1195 761 1234 eo
791 1179 1062 1251 intelligi,
1098 1180 1252 1251 quod
1278 1180 1372 1250 qui
1409 1181 1681 1235 mandata
1703 1179 2070 1250 excipiebant

424 1267 611 1338 parati
644 1274 842 1322 essent
871 1268 940 1323 ad
966 1268 1355 1323 obediendum
1380 1274 1555 1340 atque
1581 1269 1884 1340 proclives,
1921 1272 1983 1322 ut
2007 1267 2066 1320 in

421 1355 758 1412 Ezechiele:
792 1358 856 1411 Et
914 1365 971 1412 tu
1018 1358 1259 1412 dormies
1317 1373 1484 1428 super
1539 1358 1682 1412 latus
1734 1368 1892 1412 tuum
1931 1358 2067 1411 sini-

421 1447 600 1499 strum
626 1444 686 1498 ³⁸.
713 1446 780 1500 Et
809 1461 1036 1513 rursus,
1079 1446 1326 1501 Dormies
1367 1461 1529 1517 super
1575 1447 1721 1501 latus
1751 1454 1905 1500 tuum
1933 1445 2065 1500 dex-

421 1542 571 1589 trum
598 1534 655 1588 ‘9.
689 1533 814 1589 Non
847 1534 1001 1588 enim
1035 1534 1285 1590 subinde
1333 1535 1597 1590 additum
1631 1539 1720 1590 est
1765 1551 1899 1589 eum
1933 1535 2065 1590 dor-

422 1621 624 1677 miisse
655 1638 833 1694 super
861 1622 1016 1678 latus
1043 1623 1314 1678 dextrum
1359 1629 1460 1679 aut
1493 1624 1802 1679 sinistrum
1828 1642 1841 1693 ;
1875 1625 1976 1679 sed
2007 1622 2064 1678 id

422 1711 884 1781 pratermissum
913 1711 1144 1767 silentio
1171 1717 1259 1768 est
1287 1730 1303 1782 ;
1333 1717 1388 1768 et
1417 1718 1614 1769 tamen
1641 1731 1672 1768 a
1700 1713 1868 1768 nobis
1900 1711 2067 1768 intel-

419 1798 625 1872 ligitur
645 1800 938 1872 prophetas
961 1800 1309 1856 obedientia.
1336 1803 1412 1856 Ad
1434 1802 1590 1857 hunc
1613 1802 1793 1875 igitur
1823 1803 2060 1858 modum

420 1890 596 1944 etiam
630 1888 724 1942 hic
756 1889 1105 1960 respondere
1153 1907 1471 1962 possumus
1501 1893 1569 1946 ad
1615 1891 1995 1962 quaestionem
2031 1908 2064 1946 a

419 1977 588 2031 nobis
620 1977 897 2049 agitatam
923 1979 1076 2048 quod
1108 1995 1222 2034 non
1246 1977 1402 2034 aliud
1430 1980 1636 2049 jussus
1670 1981 1877 2049 facere,
1903 1979 2060 2034 aliud

418 2063 656 2133 fecerit;
693 2066 790 2121 sed
828 2068 1098 2122 mandato
1152 2066 1250 2122 illo
1283 2072 1532 2138 peracto,
1593 2069 1662 2123 de
1692 2069 2064 2140 prephetissa

419 2153 590 2210 nobis
626 2155 897 2210 edisserit
923 2171 1049 2226 quae
1081 2172 1149 2210 ex
1179 2154 1292 2210 alio
1325 2157 1578 2227 pendent
1610 2157 1916 2230 principio.

487 2329 613 2386 207.
644 2329 912 2386 Fortasse
943 2336 1135 2387 autem
1192 2335 1389 2388 tomus
1447 2333 1544 2389 ille
1576 2335 1705 2390 novi
1764 2339 1822 2390 et
1863 2336 2061 2408 magni

416 2420 607 2491 ﬁgura
635 2424 725 2475 est
755 2419 1128 2477 adumbratio
1160 2421 1300 2478 Novi
1335 2426 1391 2478 et
1439 2425 1636 2495 magni
1684 2427 2058 2494 Testamenti,

416 2507 564 2581 stylo
598 2508 857 2565 hominis
888 2510 1190 2582 descripti,
1215 2529 1283 2566 ex
1300 2529 1365 2568 eo
1384 2513 1535 2584 quod
1569 2514 1862 2586 Evangelii
1887 2516 2060 2570 verba

414 2613 685 2652 sermone
716 2597 999 2665 humano,
1032 2600 1130 2670 qui
1166 2616 1198 2654 a
1230 2599 1435 2655 multis
1459 2601 1650 2656 audiri
1684 2607 1892 2674 potest,
1927 2620 2062 2658 con-

413 2686 636 2759 scripta
665 2687 802 2744 sint.
828 2689 950 2753 Quo
983 2689 1042 2744 in
1073 2694 1230 2746 tomo
1255 2691 1540 2764 scriptum
1563 2701 1669 2762 est,
1697 2698 1762 2749 ut
1787 2693 2060 2751 velociter

413 2776 515 2832 ﬁat
546 2777 796 2850 direptio
853 2779 1217 2851 spoliorum:
1277 2782 1754 2854 quandoquidem
1805 2784 1970 2840 velox
1999 2789 2058 2840 et

411 2865 646 2938 fulgure
673 2866 835 2922 omni
868 2868 1026 2923 ocior
1056 2869 1277 2925 exstitit
1303 2872 1592 2943 Evangelii
1619 2873 1905 2944 doctrina,
1930 2891 2055 2945 quae

409 2953 480 3010 ad
512 2954 658 3010 ﬁnes
681 2955 843 3011 orbis
868 2960 1158 3012 terrarum
1185 2959 1841 3032 pertingens,hujusque
1859 2961 2057 3016 saeculi

407 3043 732 3114 principem
767 3045 1045 3118 spolians,
1087 3063 1186 3102 eos
1232 3047 1331 3118 qui
1364 3049 1549 3119 ipsius
1596 3050 1858 3105 servituti
1890 3055 2056 3106 erant

409 3133 727 3204 mancipati
759 3150 825 3188 eo
870 3134 1134 3203 adduxit,
1183 3143 1248 3190 ut
1294 3137 1520 3192 Christo
1570 3139 2051 3210 obsequerentur.

407 3218 664 3290 Direptio
712 3225 906 3276 autem
967 3226 1056 3278 est
1121 3222 1443 3293 spoliorum
1503 3225 1843 3282 distributio
1876 3244 2052 3298 quam
2086 3212 2127 3276 C

407 3323 607 3362 curam
625 3309 848 3379 angelis
873 3325 972 3365 ceu
996 3309 1227 3366 humani
1245 3313 1472 3384 generis
1491 3316 1745 3385 providis
1761 3316 2056 3372 tutoribus

406 3396 766 3450 concredidit
786 3402 936 3452 Deus
951 3399 1021 3453 ad
1041 3401 1368 3456 custodiam
1387 3402 1692 3459 hominum
1712 3405 2051 3461 etsalutem.

405 3485 542 3540 Eam
575 3484 648 3539 ob
681 3502 802 3541 rem
831 3485 1117 3559 scriptum
1143 3494 1251 3560 est,
1280 3495 1344 3545 ut
1371 3489 1646 3548 velociter
1667 3494 2052 3566 direptionem

405 3573 577 3628 faciat
596 3573 942 3645 spoliorum.
967 3577 1316 3633 Adestenim
1332 3580 1894 3654 Evangelium,quod
1919 3601 2052 3639 eum

404 3663 506 3733 qui
538 3663 761 3734 pridem
795 3681 825 3720 e
855 3665 998 3721 ccelo
1047 3670 1517 3740 exspectabatur,
1552 3678 1892 3742 praesentem
1925 3689 2054 3728 esse

404 3749 576 3806 nobis
607 3752 937 3808 annuntiat.
971 3754 1134 3812 Urias
1155 3762 1374 3826 autem,
1399 3757 1611 3830 inquit,
1646 3766 1702 3815 et
1720 3760 2052 3828 Zacharias,

402 3854 605 3895 eorum
639 3858 766 3912 quae
792 3841 848 3896 in
875 3842 1184 3916 Evangelio
1208 3839 1570 3916 scribuntur,
1595 3855 1772 3906 testes
1795 3851 1933 3906 sint.
1955 3852 2056 3906 Est

403 3932 600 3983 autem
622 3929 790 3986 Urias
810 3933 1107 3998 sacerdos,
1141 3933 1329 4007 legem
1354 3953 1388 3991 a
1405 3939 1602 4010 Moyse
1621 3939 2051 4012 promulgatam

405 4033 580 4074 sensu
641 4018 952 4092 allegorico
1009 4022 1367 4096 designans;
1428 4033 1517 4082 est
1572 4045 1704 4084 vero
1747 4028 2054 4086 Zacharias

405 4106 712 4178 propheta.
745 4109 915 4181 Viget
961 4112 1087 4181 jam
1139 4113 1540 4187 Evangelium,
1592 4122 1791 4188 utpote
1822 4117 1966 4189 legis
1998 4122 2057 4173 et

403 4195 826 4267 prophetarum
880 4200 1216 4258 testimonio
1263 4204 1694 4261 conﬁrmatum.
1745 4205 2051 4263 Caeterum.

405 4281 595 4351 Urias,
631 4283 681 4340 si
740 4284 1166 4360 interpreteris,
1216 4297 1386 4348 sonat
1438 4294 1540 4349 Dei
1586 4295 2052 4353 illustrationem:

401 4368 718 4432 Zacharias
746 4390 902 4443 vero,
951 4381 1279 4437 memoriam
1324 4382 1458 4439 Dei:
1509 4381 1667 4439 ﬁlius
1715 4399 1846 4439 vero
1879 4388 2054 4440 Bara-

403 4457 570 4527 cbiaa,
603 4461 661 4517 id
694 4467 806 4536 est,
840 4464 1234 4524 benedictionis
1263 4470 1381 4527 Dei.
1405 4469 1561 4534 Quos
1591 4471 1825 4528 tandem
1852 4471 2052 4529 ﬁdeles

405 4545 679 4648 homines
711 4554 963 4648 ducebat
1007 4575 1131 4618 esse
1185 4559 1411 4617 testes?
1457 4560 1517 4617 Si
1572 4560 1706 4632 quis
1753 4561 1830 4618 sit
1876 4579 1910 4619 a
1939 4567 2053 4619 Deo
2083 4583 2130 4648 Β

398 4638 755 4783 illustratus,
787 4646 1006 4721 Deique
1037 4651 1382 4708 memoriam
1415 4649 1714 4708 assiduam
1740 4651 2052 4720 servet,bic

398 4744 417 4782 ι
471 4745 501 4783 e
536 4731 665 4783 erit.

397 4731 501 4785 ille
536 4731 665 4788 erit.

468 4909 596 4964 208.
630 4911 847 4984 Ecquid
883 4915 1063 4987 igitur
1113 4918 1227 4975 sibi
1276 4919 1398 4978 vult
1444 4921 1614 4990 illud,
1642 4922 1707 4979 Et
1739 4922 1948 4982 accessi
1977 4921 2048 4978 ad

2185 574 2365 628 ρευσις
2397 555 2503 609 οὐκ
2527 551 2690 621 ἔστιν,
2725 555 2757 622 ἡ
2793 553 2972 621 σιωπὴ
3025 549 3286 622 δηλονότι
3316 552 3417 619 τήν
3449 552 3818 625 συγκατάθεσιν

2185 640 2470 700 δείκνυσιν.
2514 642 2562 697 εἷ
2624 641 2681 697 δὲ
2740 640 2801 697 οὐ
2866 641 3275 717 μεμαρτύρηται
3325 641 3558 710 ποιήσας
3611 642 3719 712 (26)
3766 641 3820 694 τὸ

2181 731 2668 809 προστεταγμένον·
2705 731 2884 804 ὥσπερ
2942 731 2970 784 6
3027 730 3206 800 Ὠσηέ·
3259 726 3456 797 Βάὂιζε
3509 729 3631 804 γὰρ,
3675 728 3820 805 φησὶ.

2182 816 2317 876 λάϐε
2375 825 2582 893 σεαυτῷ
2658 825 2888 896 γυναῖκα
2960 817 3216 895 πορνείας
3290 818 3378 872 καὶ
3450 818 3610 871 τέκνα
3690 837 3820 891 πορο

2179 911 2339 972 νείας·
2375 911 2485 966 εἶτα
2536 914 2823 984 μαρτυρῶν
2865 907 3012 980 αὐτῷ
3071 908 3099 962 ὁ
3153 906 3340 982 λόγος,
3386 906 3459 969 ὡς
3503 906 3820 976 πεποιηκότι

2177 999 2241 1053 τὸ
2297 999 2762 1074 προστεταγμένον
2794 1044 2809 1069 ,
2868 996 3157 1075 ἐπιφέρει·
3226 996 3332 1052 Καὶ
3386 994 3678 1070 ἐπορεύθη,
3738 995 3820 1048 καὶ

2180 1083 2344 1143 ἔλαϐε
2426 1083 2524 1158 τὴν
2588 1088 2763 1163 Γομὲρ
2821 1086 3088 1161 θυγατέρα
3173 1079 3474 1159 Δεϐηλαίμ.
3544 1081 3820 1159 Ἀλλαχοῦ

2179 1173 2236 1233 δὲ
2269 1177 2567 1254 εὑρήσομεν
2614 1177 3005 1252 προστάγματα
3071 1175 3162 1248 μὶν
3215 1174 3614 1248 ἐκφωνηθέντα,
3656 1173 3721 1228 τὸ
3770 1169 3821 1227 δὲ

2177 1260 2333 1341 ἔργον
2370 1269 2444 1339 μὴ
2499 1265 2938 1342 μαρτυρούμενον
2988 1264 3082 1337 μὶν
3140 1265 3479 1339 γεγενῆσθαι,
3529 1261 3818 1334 νοούμενον

2178 1353 2234 1410 δε
2264 1357 2390 1432 παρ’
2420 1358 2605 1429 ἡμῶν,
2652 1353 2741 1409 διὰ
2794 1355 2858 1410 τὸ
2909 1352 3150 1417 εὐπειθὲς
3206 1357 3313 1407 τῶν
3364 1351 3816 1426 ἐπιτεταγμένων,

2177 1445 2250 1506 ὡς
2306 1447 2418 1518 (27)
2475 1443 2559 1498 ἰπὶ
2621 1448 2716 1499 τοῦ
2767 1439 3052 1513 Ἰεζεκιήλ·
3109 1441 3207 1496 Καὶ
3267 1440 3329 1496 σὺ
3387 1441 3706 1514 κοιμηθήσῃ
3739 1439 3817 1494 ἰπὶ

2173 1533 2236 1587 τὸ
2293 1531 2528 1606 πλευρόν
2590 1553 2686 1587 σου
2740 1532 2802 1586 τὸ
2862 1530 3162 1607 ἀριστερόν·
3219 1529 3308 1585 καὶ
3362 1527 3551 1585 πάλιν·
3602 1535 3817 1601 Κοιμη-

2176 1623 2313 1696 θήσῃ
2371 1621 2457 1677 έπὶ
2512 1621 2576 1677 τὸ
2631 1621 2867 1696 πλευρόν
2919 1642 3016 1676 σου
3067 1621 3130 1674 τὸ
3186 1617 3378 1690 δεξιόν.
3438 1618 3512 1676 Οὐ
3565 1617 3670 1693 γὰρ
3731 1618 3815 1672 έπ-

2178 1713 2478 1782 ενήνεκται,
2512 1709 2594 1767 ὅτι
2622 1710 2891 1784 ἰκοιμήθη
2945 1709 3032 1764 ἐπὶ
3061 1710 3124 1764 τὸ
3151 1705 3321 1782 δεξιὸν
3353 1706 3609 1783 πλευρὸν,
3640 1706 3678 1776 ἢ
3713 1709 3818 1782 (28)

2173 1800 2235 1855 τὸ
2269 1800 2570 1875 ἀριστερὸν,
2618 1798 2763 1855 ἀλλά
2812 1800 3315 1875 παρασεσιώπηται·
3377 1802 3577 1853 νοεῖται
3611 1794 3666 1851 δε
3697 1797 3818 1872 παρ’

2172 1891 2332 1962 ἡμῶν
2365 1892 2399 1959 ἡ
2435 1890 2646 1958 ὑπακοὴ
2677 1893 2773 1943 τοῦ
2802 1890 3106 1966 προφήτου.
3143 1886 3328 1949 Οὕτως
3356 1885 3446 1942 οῦν
3478 1887 3567 1941 καὶ
3598 1885 3818 1940 ἐνταῦθα

2173 1975 2394 2033 δυνατὸν
2425 1977 2869 2054 ἀπολογήσασθαι
2901 1976 3024 2054 περὶ
3054 1981 3150 2032 τοῦ
3182 1974 3618 2052 ἑπαπορηθέντος
3661 1977 3812 2048 ἡμῖν,

2171 2065 2253 2122 ὅτι
2300 2067 2428 2142 οὐχὶ
2479 2065 2658 2142 ἕτερον
2718 2067 3104 2142 προσταχθεὶς,
3162 2065 3301 2122 ἄλλο
3360 2065 3630 2136 ἐποίησεν·
3694 2062 3813 2120 ἀλλ’

2072 2194 2076 2198 -
2172 2156 2342 2212 έκεῖνο
2368 2155 2610 2226 τελέσας,
2646 2157 2750 2212 ἀπὸ
2810 2158 2994 2231 ἑτέρας
3053 2158 3166 2230 (29)
3218 2157 3398 2232 ἀρχῆς
3447 2155 3513 2211 τὰ
3567 2155 3814 2230 περὶτῆς

2169 2244 2507 2324 προφήτιδος
2541 2249 2673 2319 ἡμῖν
2709 2243 3037 2322 διαλέγεται.

2239 2339 2364 2393 207.
2401 2337 2632 2406 Μήποτε
2663 2331 2720 2389 δὲ
2748 2334 2917 2399 τύπος
2948 2334 3088 2390 ἐστὶν
3123 2335 3151 2390 6
3181 2338 3277 2390 τοῦ
3309 2334 3497 2389 καῖνοῦ
3526 2333 3614 2388 καὶ
3653 2333 3816 2408 μεγά-

2171 2424 2271 2482 λου
2301 2425 2471 2498 τόμος
2503 2431 2602 2494 τῆς
2657 2426 2860 2494 Καινῆς
2910 2424 2999 2478 καὶ
3063 2422 3308 2499 μεγάλης
3355 2423 3646 2492 Διαθήκης,
3690 2442 3814 2498 γρα-

2170 2511 2284 2592 φίδι
2345 2515 2632 2590 ἀνθρώπου
2683 2512 3090 2589 γεγραμμένης·
3152 2510 3239 2566 διὰ
3283 2512 3344 2566 τὸ
3406 2510 3542 2581 λέξει
3598 2512 3811 2587 ἀνθρω-

2167 2601 2294 2678 πίνῃ
2347 2603 2437 2658 καὶ
2495 2601 2779 2657 ἀκούεσθαι
2842 2600 3110 2676 δυναμένῃ
3187 2601 3332 2674 παρὰ
3397 2605 3502 2654 τῶν
3562 2597 3814 2666 πολλῶν,

2167 2691 2460 2769 γεγράφθαι
2527 2695 2623 2746 τοῦ
2679 2688 3017 2766 Εὐαγγελίου
3069 2690 3139 2744 τὰ
3187 2689 3423 2764 ῥήματα.
3481 2689 3565 2744 Ἐν
3624 2690 3671 2760 ᾧ
3731 2689 3816 2763 γέ-

2165 2801 2398 2856 γραπται
2444 2781 2505 2834 τὸ
2567 2779 2731 2852 ὀξέως
2788 2781 3068 2854 προνομὴν
3119 2785 3345 2847 ποιῆσαι
3406 2776 3642 2832 σκύλων·
3708 2774 3814 2831 διό-

2163 2891 2214 2924 τι
2270 2874 2463 2944 ταχεῖα
2519 2869 2726 2944 γέγονε,
2777 2869 2866 2922 καὶ
2924 2869 3202 2943 ἀστραπῆς
3265 2867 3487 2941 ὀξυτέρα
3533 2868 3737 2936 πάσης,
3782 2869 3815 2936 ἡ

2162 2962 2258 3013 τοῦ
2316 2957 2652 3034 Εὐαγγελίου
2738 2954 3078 3024 διδασκαλία,
3155 2955 3242 3010 ἐπὶ
3307 2957 3372 3009 τὰ
3452 2954 3657 3029 πέρατα
3713 2963 3816 3024 τῆς

2165 3045 2490 3119 οἰκουμένης
2549 3043 2934 3118 διικνουμένη,
3004 3043 3094 3100 καὶ
3148 3043 3478 3100 πολεέουσα
3554 3044 3649 3097 τὸν
3722 3041 3815 3118 ἄρ-

2163 3156 2336 3212 χοντα
2362 3140 2459 3191 τοῦ
2509 3135 2709 3198 αἰῶνος
2759 3135 2975 3208 τούτου,
3003 3135 3092 3189 καὶ
3142 3134 3268 3211 ρρὸς
3310 3133 3407 3202 τὴν
3442 3133 3686 3200 ὑπακοὴν
3719 3137 3817 3186 τοῦ

2166 3229 2406 3298 Χριστοῦ
2482 3226 2910 3298 ἀντιμεθιστῶσα
3008 3223 3135 3286 τοῦς
3238 3221 3814 3298 αἷγμαλωτισθεντας.

2164 3315 2428 3390 Ηρονομή
2463 3312 2518 3369 δέ
2549 3313 2689 3369 ἐστιν
2731 3316 2765 3382 ἡ
2810 3319 2916 3368 τῶν
2968 3312 3181 3368 σκύλων
3239 3309 3499 3384 διανομή·
3535 3312 3669 3386 ὅπερ
3701 3316 3820 3371 τοῖς

2166 3402 2526 3476 ἐπιμεληταῖς
2554 3407 2649 3458 τοῦ
2679 3407 2786 3457 τῶν
2847 3403 3146 3476 ἀνθρώπων
3198 3400 3385 3477 γένους
3436 3399 3700 3475 ἀγγέλοις
3735 3397 3816 3454 δι-

2165 3491 2360 3548 έδωκεν
2397 3494 2425 3548 6
2457 3493 2585 3554 Θεὸς
2646 3491 2720 3554 εἰς
2780 3491 3027 3569 φυλακήν
3076 3491 3167 3545 καὶ
3214 3490 3506 3562 σωτηρίαν.
3556 3489 3656 3542 Διὰ
3697 3493 3821 3542 τοῦ-

2162 3602 2223 3636 το
2249 3582 2541 3657 γέγραπται
2574 3584 2710 3654 (30),
2761 3580 2922 3650 ὀξέως
2969 3579 3253 3656 προνομὴν
3301 3580 3526 3647 ποιῆσαι
3570 3569 3838 3633 σκύλων.’

2163 3672 2394 3746 Ηάρεστι
2440 3671 2539 3746 γὰρ
2590 3670 2651 3724 τὸ
2706 3667 3056 3745 Εὐαγγέλιον·
3116 3668 3208 3723 τὸν
3266 3669 3439 3722 πάλαι
3495 3665 3822 3742 προσδοκώ-

2167 3781 2325 3834 μενον
2385 3759 2436 3831 ἐξ
2491 3759 2742 3834 οὐρανοῦ,
2801 3763 2990 3812 τοῦτον
3047 3757 3286 3832 παρόντα
3341 3759 3477 3830 ἡμῖν
3527 3755 3820 3830 εὐαγγελί-

2165 3854 2328 3920 ζεται.
2375 3851 2652 3924 Μάρτυρες
2709 3845 2767 3902 δὲ
2820 3852 2927 3902 τῶν
2986 3847 3345 3922 γραφομένων
3397 3844 3448 3899 ἐν
3503 3849 3580 3916 τῷ
3630 3845 3821 3920 Εὐαγ-

2163 3937 2333 4014 γελίῳ
2365 3938 2623 4009 ἴστωσαν,
2684 3937 2870 4014 φησὶν,
2929 3935 3127 4010 Οὐρίας
3186 3936 3275 3991 καὶ
3332 3935 3620 4010 Ζαχαρίας.
3658 3937 3820 3991 Ἐστι

2164 4026 2280 4083 δὲὸ
2331 4028 2427 4102 μὲν
2485 4026 2678 4102 Οὐρίας
2729 4026 2920 4101 ἱερεὺς,
2980 4020 3330 4098 συμϐολικῶς
3389 4023 3821 4100 χαρακτηρίζων

2161 4118 2253 4172 τὸν
2307 4114 2394 4171 διὰ
2440 4117 2677 4178 Μωσέως
2725 4112 3159 4190 παραδεδομένον
3209 4113 3398 4185 νόμον·
3433 4115 3460 4168 ὁ
3515 4110 3571 4167 δὲ
3627 4114 3821 4168 Ζαχα-

2162 4206 2300 4281 ρίας,
2349 4208 2659 4282 προφήτης.
2711 4203 3163 4280 Μαρτυρούμινον
3227 4200 3284 4257 δὲ
3341 4202 3444 4257 ὑπὸ
3491 4205 3586 4257 τοῦ
3629 4202 3820 4275 νόμου

2161 4293 2250 4350 καὶ
2298 4298 2406 4350 τῶν
2464 4297 2762 4371 προφητῶν
2811 4291 3116 4347 συνίσταται
3173 4292 3236 4346 τὸ
3284 4287 3644 4366 Εὐαγγέλιον.
3697 4292 3825 4366 Ἐρ-

2167 4382 2450 4457 μηνεύεται
2510 4380 2568 4437 δέ
2625 4383 2653 4437 6
2715 4382 2810 4456 μὲν
2860 4381 3089 4458 Οὐρίας,
3147 4381 3426 4458 φωτισμὸς
3489 4382 3651 4435 Θεοῦ·
3702 4381 3734 4435 6
3767 4376 3827 4433 δὶ

2161 4470 2481 4548 Ζαχαρίας,
2553 4472 2743 4546 μνήμη
2802 4474 2981 4526 Θεοῦ·
3038 4469 3156 4532 υἱὸς
3218 4466 3274 4524 δὲ
3335 4467 3660 4543 Βαραχίου,
3721 4475 3825 4538 τῆς

2163 4560 2420 4637 εὐλογίας
2463 4567 2565 4631 τῆς
2637 4564 2734 4616 τοῦ
2788 4563 2966 4616 Θεοῦ.
3024 4557 3180 4621 Τίνας
3240 4555 3330 4612 οῦν
3390 4551 3613 4634 ἔπρεπεν
3685 4559 3826 4612 εἶναι

2161 4650 2385 4713 πιστοὺς
2446 4649 2758 4726 ἀνθρώπους
2816 4650 2928 4722 (31)
2983 4647 3291 4724 μάρτυρας,
3329 4643 3402 4704 Ei’
3442 4645 3524 4709 τίς
3556 4645 3674 4701 ἐστι
3711 4668 3820 4702 πε-

2161 4741 2502 4820 φωτισμένος
2552 4737 2658 4795 ἀπὸ
2716 4742 2870 4808 Θεοῦ,
2931 4737 3020 4793 καὶ
3096 4738 3316 4811 μνήμην
3377 4731 3522 4810 ἴχων
3579 4732 3824 4807 διηνεκῆ

2160 4834 2314 4887 Θεοῦ.

2227 4921 2353 4978 208.
2413 4918 2481 4978 Τί
2535 4915 2625 4974 οῦν
2687 4915 2800 4974 ἐστι
2846 4916 2932 4990 τὸ,
2991 4914 3089 4972 Καί
3132 4912 3447 4994 προσῆλθον
3510 4912 3656 4989 πρὸς
3719 4915 3826 4984 τὴν

474 5073 517 5108 ¹⁶
548 5073 678 5130 Ose.
714 5093 752 5144 1,
787 5079 841 5134 2.
924 5082 967 5116 ¹⁷
1001 5081 1142 5138 ibid.
1177 5086 1229 5140 4.
1313 5087 1354 5124 1⁸
1386 5091 1585 5146 Ezech.
1621 5107 1697 5162 1v,
1727 5091 1777 5148 4.
1858 5089 1900 5129 ιο
1931 5088 2071 5148 ibid.
2102 5093 2158 5148 6.

893 5257 992 5297 sex
1009 5242 1179 5321 llibri,
1210 5247 1467 5321 ποιήσας.
1493 5251 1666 5321 Editi,
1697 5254 1944 5320 ποιῆσαι.

441 5305 581 5391 (27)
825 5311 899 5374 ὡς
929 5313 1040 5391 καί.
1090 5305 1269 5391 Abest
1316 5305 1403 5391 λαί
1432 5305 1481 5377 ’8.
1513 5305 1730 5380 nostris
1761 5305 2050 5381 se'xvcodi-

402 5376 860 5468 cibﬁusglbidem
895 5387 1056 5468 editi,
1108 5389 1369 5460 Ἰεζεκιήλ
1401 5376 1483 5446 τό.
1537 5376 2049 5468 ιιιδέιξέὶςζίιίἶό.

399 5450 540 5501 stris
571 5465 672 5505 sex
704 5469 844 5510 mss.
881 5450 1063 5517 deest.

618 5520 879 5604 Uterque
901 5529 1087 5604 Colb.,
1122 5531 1158 5602 ἢ
1191 5530 1301 5589 ἐπί.

472 5589 590 5684 geel
640 5589 879 5670 Antiqui
942 5619 1043 5660 sex
1073 5589 1255 5678 ’libri,
1314 5604 1420 5658 ἀπὸ
1477 5607 1679 5682 ἑτέρας.
1737 5611 1908 5684 Editi,

407 5611 591 5734 ὲτὲἔῖἐ
640 5611 878 5670 antiqui
942 5619 1043 5660 sex
1099 5611 1255 5678 libri,
1314 5611 1420 5658 ἀπὸ
1477 5611 1679 5682 ἑτέρας.
1737 5611 1908 5684 Editi,
1962 5611 2051 5688 ἀφ’

2234 5252 2348 5325 (30)
2381 5253 2554 5327 Editi,
2585 5247 2883 5327 γέγραπται
2907 5248 2992 5306 τό.
3026 5247 3247 5327 νοουιὲ
3273 5247 3335 5327 τό
3367 5246 3706 5327 in_n_ostris_
3722 5264 3834 5304 sex

2163 5320 2306 5380 mss.
2331 5320 2457 5382 non
2491 5320 2804 5382 invenitur.
2835 5327 2964 5379 Mox
2993 5323 3162 5378 ambo
3193 5320 3533 5388 Colbertini,
3565 5322 3829 5394 παρέστη

2162 5397 2346 5545 Τάῗέί)
2378 5469 2472 5526 Sic
2528 5467 2754 5545 antiqui
2802 5466 2937 5523 libri
2995 5481 3221 5545 omnes.
3271 5463 3439 5528 Editi,
3498 5460 3743 5545 πιστούς
3775 5461 3833 5517 ἐν

2160 5531 2494 5665 ἓνὸρῶποις.
2546 5531 2862 5615 “Aliquanto
2918 5543 3052 5612 post
3110 5554 3255 5594 mss.
3297 5534 3588 5592 nonnulli.
3655 5531 3721 5588 at’
3741 5554 3835 5597 τις

2189 5632 2328 5669 σται.
