4048 6220
468 329 590 388 479

1413 326 1813 388 APPENDIX
1857 324 2182 388 OPEHUM
2230 329 2295 387 S.
2340 326 2622 389 BASILII
2664 327 2940 391 MAGNI.

3752 334 3860 393 480

464 459 553 516 ria
583 457 650 511 ²⁶.
685 456 966 513 Caeterum
992 457 1127 511 data
1145 455 1424 511 mandata
1453 462 1766 528 grestaque
1800 456 1968 511 fortia
1987 458 2116 527 ejus

2237 454 2579 528 μητρόπολις
2628 463 2729 525 τῆς
2788 456 3006 532 Συρίας,
3068 458 3346 532 Σαμάρεια
3403 455 3459 512 δὲ
3487 461 3582 512 τοῦ
3631 458 3856 533 Ἰσραήλ.

461 548 561 620 qui
603 564 670 602 ex
701 545 1076 619 prophetissa
1119 548 1293 599 natus
1336 549 1447 615 est,
1487 547 1610 601 vice
1654 546 1958 601 nominum
2009 546 2120 616 ipsi

466 637 856 710 imponuntur
885 653 917 690 a
949 635 1218 704 Domino,
1253 633 1496 704 perinde
1529 639 1592 690 ut
1619 639 1676 690 et
1709 652 1918 690 nomen
1949 635 2120 690 Jesus

466 727 657 782 eidem
683 725 926 780 Domino
960 727 1225 795 aptatum
1249 727 1339 778 est
1370 723 1443 778 ob
1468 723 1720 780 salutem
1755 724 1921 780 nobis
1943 741 1976 779 a
2006 729 2119 779 Deo

466 815 825 888 impertitam
861 833 879 868 :
917 813 1149 870 Vocabis
1178 812 1358 883 enim,
1395 813 1608 885 inquit,
1641 831 1840 870 nomen
1885 815 2000 885 ejus
2029 815 2119 869 Je-

463 907 726 976 sum;ipse
755 905 908 959 enim
925 903 1146 959 salvum
1175 903 1343 972 faciet
1362 903 1628 974 populum
1646 920 1808 959 suum
1833 921 1866 958 a
1884 903 2120 975 peccatis

467 1009 663 1051 eorum
682 992 747 1048 ³⁵.

532 1189 659 1247 269.
691 1193 872 1245 Vsus.
911 1190 1024 1245 5-8.
1052 1193 1118 1247 Et
1147 1194 1348 1265 adjecit
1386 1191 1654 1247 Dominus
1702 1189 1854 1261 loqui
1909 1187 1978 1242 ad
2033 1202 2120 1242 me

464 1278 648 1334 adhuc
669 1295 688 1334 :
719 1280 863 1348 Quia
891 1295 1004 1334 non
1036 1281 1160 1337 vult
1185 1283 1420 1353 populus
1471 1279 1558 1334 hic
1615 1295 1816 1349 aquam
1869 1275 2115 1346 Siloam,

465 1383 582 1439 qum
614 1370 796 1438 quiete
814 1369 941 1438 ﬂuit
970 1370 1095 1436 ;sed
1123 1373 1237 1426 vult
1267 1370 1465 1425 habere
1493 1368 1658 1422 Rasin
1687 1370 1737 1420 et
1785 1365 1964 1435 filium
2021 1365 2118 1419 Ro-

461 1457 648 1514 meliee
675 1474 854 1528 regem
874 1475 1042 1529 super
1070 1476 1159 1516 vos
1192 1477 1204 1514 :
1259 1459 1378 1515 ideo
1417 1473 1535 1512 ecce
1581 1455 1805 1510 adducit
1855 1456 2118 1509 Dominus

461 1562 629 1618 super
656 1563 746 1602 vos
767 1563 965 1618 aquam
996 1550 1250 1616 ﬂuminis
1277 1552 1483 1619 fortem
1514 1551 1570 1601 et
1618 1544 1879 1609 multam,
1939 1559 2119 1614 regem

464 1636 835 1706 Assyriorum,
885 1643 937 1692 et
982 1638 1219 1708 gloriam
1283 1638 1401 1708 ejus
1464 1653 1481 1690 :
1541 1643 1591 1690 et
1651 1633 1899 1689 ascendet
1955 1647 2120 1704 super

464 1741 681 1780 omnem
710 1725 907 1780 vallem
927 1733 1185 1794 vestram,
1232 1731 1281 1780 el
1311 1725 1625 1780 ambulabit
1678 1739 1846 1794 super
1901 1737 2118 1776 omnem

466 1829 689 1868 murum
724 1818 986 1881 vestrum,
1018 1822 1069 1869 et
1123 1816 1338 1886 auferet
1387 1813 1638 1870 aJudsea
1671 1813 1973 1878 hominem,
2025 1811 2120 1883 qui
2150 1833 2196 1897 Β
2225 1814 2322 1864 τοῦ
2359 1831 2371 1844 ·

459 1905 663 1975 poterit
694 1911 857 1974 caput
887 1905 1086 1972 levare,
1111 1909 1210 1959 aut
1235 1905 1410 1976 possit
1437 1903 1703 1974 perﬁcere
1748 1901 1988 1972 aliquid.
2049 1901 2113 1953 Et

465 1995 626 2048 erunt
656 2000 832 2047 castra
863 1993 1004 2063 ejus,
1040 2002 1101 2048 ut
1126 1995 1392 2064 impleant
1455 1991 1815 2047 latitudinem
1869 1989 2113 2059 regionis

464 2081 755 2147 tuae.Quid
788 2086 876 2138 est
902 2083 1055 2154 quod
1087 2081 1228 2138 talia
1251 2081 1462 2153 populo
1487 2080 1788 2136 minitetur
1809 2077 2112 2132 universo—

464 2188 597 2226 rum
630 2171 783 2226 Deus
815 2172 886 2227 ob
921 2187 1135 2242 aquam
1167 2169 1525 2234 Siloam?Qui
1557 2169 1732 2224 etiam
1765 2166 1830 2220 ﬁt
1861 2170 1925 2221 ut
1966 2164 2114 2220 nolit

465 2257 722 2332 populus
755 2276 968 2330 aquam
1002 2259 1384 2315 Siloam.cum
1421 2256 1663 2314 historia
1691 2273 1820 2311 eam
1864 2271 1975 2309 non
2005 2259 2114 2308 tra-

463 2349 564 2403 dat
594 2349 887 2420 morbum,
921 2354 1020 2404 aut
1051 2349 1226 2404 aliam
1279 2348 1534 2418 aliquam
1570 2363 1778 2402 noxam
1811 2343 2114 2399 utentibus

466 2437 671 2492 att‘erre
697 2437 724 2490 ?
751 2437 968 2492 Deinde
1002 2438 1293 2509 quomodo
1336 2437 1510 2492 etiam
1535 2435 1801 2506 sequitur
1829 2450 1961 2487 eum
2011 2432 2109 2503 qui

467 2541 680 2596 aquam
695 2526 908 2581 Siloam
923 2543 1038 2582 non
1053 2525 1349 2592 vult,velle
1363 2525 1622 2594 Rasia,et
1636 2523 1789 2580 536
1803 2521 1984 2576 ﬁlium
2003 2525 2111 2576 Ro-

467 2613 651 2669 meliae
672 2615 700 2667 ‘l
732 2617 868 2679 Quae
898 2615 1054 2670 enim
1087 2614 1354 2686 cognatio
1391 2613 1766 2683 attinitasque
1807 2609 2113 2666 intercedit

464 2702 617 2759 inter
643 2719 856 2776 aquam
888 2704 1357 2774 inanimalam,et
1383 2703 1536 2758 inter
1565 2717 1760 2774 regem
1818 2700 2113 2772 imperan-

462 2796 582 2848 tem
605 2797 660 2848 et
693 2794 752 2848 in
802 2793 1098 2864 subjectos
1147 2793 1534 2866 principatum
1591 2794 1886 2847 tenentem
1916 2789 1944 2844 ?
2001 2788 2110 2845 Sed

462 2883 684 2954 tropice
715 2882 1163 2954 intelligendum
1181 2888 1270 2938 est
1290 2897 1502 2937 nomen
1525 2879 1928 2950 Siloam,quod
1949 2879 2115 2947 juxta

463 2970 757 3043 Evangelii
790 2972 1116 3028 doctrinam
1153 2972 1577 3043 interpretatur
1596 2971 1848 3025 missum.
1886 2967 2114 3022 Etenim

467 3061 524 3115 in
558 3061 802 3117 Joannis
837 3060 1142 3132 Evangelio
1166 3061 1417 3114 habetur
1445 3059 1733 3130 ejusmodi
1767 3057 2115 3128 interpreta-

462 3149 544 3204 tio
570 3169 582 3217 ;
631 3150 790 3215 Vade,
827 3151 951 3206 lava
982 3152 1044 3205 in
1065 3149 1278 3204 Siloam
1299 3151 1442 3219 quod
1473 3155 1554 3203 est
1580 3151 1785 3202 missus
1810 3147 1876 3200 ⁸⁷.
1901 3144 2115 3216 Ecquis

2231 544 2382 612 Πλὴν
2443 546 2510 598 τὰ
2564 546 2948 620 προστάγματα
3007 548 3117 619 (36)
3165 545 3254 600 καὶ
3305 547 3371 600 τὰ
3416 544 3859 623 ἀνδραγαθήματα

2229 636 2325 687 τοῦ
2378 632 2438 688 ἐκ
2477 641 2578 703 τῆς
2632 633 2973 712 προφήτιδος
3020 634 3393 711 γεννηθέντος,
3428 621 3542 690 ἀντὶ
3591 621 3857 709 ὀνομάτων

2231 720 2376 794 αύτῷ
2408 721 2697 788 ἐπιτίθεται
2730 725 2874 799 παρά
2901 729 2998 779 τοῦ
3045 723 3264 798 Κυρίου,
3299 725 3374 786 ὡς
3417 724 3505 778 καὶ
3553 728 3616 779 τὸ
3665 729 3861 796 Ἰησοῦς

2231 806 2405 885 ὄνομα
2431 813 2579 888 παρὰ
2605 813 2704 882 τὴν
2756 813 3026 888 σωτηρίαν
3065 813 3166 881 τὴν
3217 811 3323 867 ὰπὸ
3375 813 3507 867 Θεοῦ
3555 816 3692 886 ἡμῖν
3723 811 3859 870 δεδο-

2234 901 2397 974 μένην
2452 900 2774 979 ἐφηρμόσθη
2826 907 2906 975 τῷ
2958 903 3168 976 Κυρίῳ.
3233 901 3496 965 Καλέσεις
3552 905 3676 979 γὰρ,
3723 905 3861 980 φησί,

2228 991 2290 1044 τὸ
2322 986 2495 1064 ὄνομα
2541 990 2704 1047 αὐτοῦ
2757 993 2986 1062 Ἰησοῦν·
3039 991 3198 1053 αὐτὸς
3246 991 3348 1066 γὰρ
3397 993 3559 1047 σώσει
3606 994 3699 1048 τὸν
3750 990 3862 1048 λαὸν

2232 1077 2396 1134 αὐτοῦ
2427 1079 2531 1134 ἀπὸ
2561 1084 2669 1134 τῶν
2703 1080 2984 1156 ἁμαρτιῶν
3011 1079 3210 1138 αὐτῶν.

2302 1189 2428 1242 209.
2491 1188 2590 1243 Καὶ
2671 1186 2964 1262 προσέθετο
3048 1185 3242 1260 Κύριος
3319 1184 3560 1256 λαλῆσαί
3629 1207 3722 1259 μοι
3779 1185 3860 1243 ἕτισ

2230 1274 2327 1328 Διὰ
2354 1275 2415 1329 τὸ
2451 1277 2526 1347 μὴ
2563 1275 2853 1352 βούλεσθαι
2911 1277 3005 1331 τὸν
3066 1274 3196 1331 λαὸν
3247 1280 3437 1331 τοῦτον
3485 1277 3548 1332 τὸ
3591 1274 3739 1352 ὕδωρ
3783 1281 3864 1332 τοῦ

2232 1361 2509 1438 Σιλωὰμ,
2565 1365 2628 1419 τὸ
2685 1365 3051 1442 πορευόμενον
3109 1367 3330 1441 ἡσυχῆ,
3382 1365 3529 1421 ἀλλὰ
3591 1364 3865 1441 βούλεσθαι

2229 1451 2375 1528 ἔχειν
2435 1453 2608 1508 Ῥασὶν
2663 1498 2677 1523 ,
2746 1454 2834 1510 καὶ
2911 1454 3001 1509 τὸν
3091 1454 3204 1509 υἱὸν
3279 1454 3570 1528 Ῥομελίου
3653 1455 3863 1531 βασιλέα

2229 1541 2310 1620 ἐφ’
2353 1543 2504 1616 ὑμῶν
2565 1546 2700 1614 (37).
2764 1541 2851 1598 διὰ
2906 1548 3066 1599 τοῦτο
3121 1543 3306 1619 ἀνάγει
3368 1542 3486 1598 ἰδοὺ
3545 1543 3747 1620 Κύριος
3794 1545 3864 1622 ἐφ’

2233 1632 2371 1704 ὑμᾶς
2403 1632 2464 1687 τὸ
2496 1630 2640 1707 ὕδωρ
2672 1637 2769 1688 τοῦ
2814 1637 3065 1706 ποταμοῦ
3110 1634 3173 1687 τὸ
3207 1632 3429 1710 ἰσχυρὸν
3483 1634 3573 1688 καὶ
3601 1634 3662 1688 τὸ
3709 1632 3858 1703 πολὺ,

2227 1721 2315 1774 τὸν
2378 1719 2603 1797 βασιλέα
2676 1727 2782 1776 τῶν
2843 1723 3144 1798 Ἀσσυρίων
3180 1765 3194 1791 ,
3252 1722 3342 1777 καὶ
3396 1725 3495 1792 τήν
3564 1720 3719 1797 δόξαν
3777 1725 3864 1780 αὐ-

2431 1811 2522 1865 καὶ
2594 1806 2918 1881 ἀναϐήσεται
2977 1810 3064 1866 ἐπὶ
3123 1816 3293 1866 πᾶσαν
3358 1813 3608 1891 φάραγγα
3670 1815 3858 1887 ὑμῶν,

2226 1899 2315 1954 καὶ
2372 1901 2730 1976 περιπατήσει
2789 1900 2875 1956 ἐπὶ
2929 1907 3032 1956 πᾶν
3087 1906 3276 1977 τεῖχος
3337 1902 3509 1976 ὑμῶν,
3558 1903 3645 1958 καὶ
3689 1902 3863 1983 ἀφελεῖ

2221 1988 2326 2042 ἀπὸ
2394 1989 2497 2058 τῆς
2580 1987 2844 2051 Ἰουδαίας
2921 1989 3200 2064 ἄνθρωπον
3238 2035 3252 2061 ,
3312 1990 3371 2053 ὃς
3445 1988 3731 2063 δυνήσεται
3779 2015 3860 2048 κε-

2223 2076 2399 2155 φαλὴν
2460 2080 2581 2154 ἆραι
2633 2121 2647 2148 ,
2707 2079 2742 2150 ἢ
2811 2076 3033 2134 δυνατὸν
3116 2079 3535 2145 συντελέσασθαι
3609 2103 3662 2137 τι
3739 2084 3858 2156 (38).

2222 2166 2329 2222 Καὶ
2387 2163 2533 2222 ἔσται
2603 2170 2638 2238 ἡ
2698 2164 3029 2245 παρεμϐολὴ
3109 2168 3320 2239 αὐτοῦ,
3377 2169 3513 2225 ὥστε
3575 2168 3856 2245 πληρῶσαι

2219 2258 2282 2311 τὸ
2339 2256 2546 2319 πλάτος
2595 2263 2696 2327 τῆς
2755 2259 2944 2334 χώρας
2999 2279 3115 2316 σου.
3175 2259 3300 2313 Τίνα
3354 2256 3468 2336 ἕχει
3531 2259 3719 2337 λόγον,
3772 2261 3854 2316 τὸν

2222 2345 2347 2401 Θεὸν
2386 2351 2492 2400 τῶν
2551 2345 2718 2419 ὅλων,
2775 2343 2948 2403 ἕνεκεν
3004 2345 3196 2411 ὕδατος
3253 2353 3349 2404 τοῦ
3400 2349 3451 2404 ἰν
3499 2355 3580 2422 τῷ
3614 2350 3856 2422 Σιλωάμ,

2218 2440 2441 2491 τοιαῦτα
2471 2435 2714 2491 ἀπειλεῖν
2741 2441 2819 2508 τῷ
2851 2436 2968 2509 λαῷ
2992 2483 3004 2506 ,
3032 2442 3156 2500 Πῶς
3185 2434 3241 2492 δὲ
3260 2438 3350 2493 καὶ
3383 2438 3442 2493 ού
3478 2438 3737 2514 βούλεται
3756 2443 3855 2513 (39)

2223 2527 2250 2580 ὁ
2282 2523 2413 2588 λαὸς
2436 2525 2497 2578 τὸ
2529 2522 2673 2600 ὕδωρ
2704 2529 2800 2579 τοῦ
2851 2527 3103 2600 Σιλωὰμ,
3139 2526 3261 2582 οὕτε
3303 2529 3592 2584 νοσοποιὸν
3623 2529 3856 2603 ἱστορούο

2226 2634 2406 2687 μενον,
2441 2610 2564 2667 οὔτε
2593 2611 2772 2685 ἄλλην
2817 2614 2938 2668 τινα
2990 2610 3202 2690 βλάϐην
3232 2621 3350 2680 τοῖς
3383 2616 3696 2692 χρωμένοις
3729 2637 3858 2692 παρ-

2223 2703 2485 2778 εχόμενον
2522 2705 2693 2770 ;Εἶτα
2723 2703 2810 2757 καὶ
2841 2704 2924 2765 τίς
2953 2705 2987 2773 ὴ
3016 2702 3334 2774 ἀκολουθία,
3357 2707 3447 2760 τὸν
3485 2707 3560 2779 μὴ
3597 2707 3860 2781 βουλόμε·

2222 2813 2310 2847 νον
2341 2794 2404 2847 τὸ
2453 2789 2597 2867 ὕδωρ
2638 2797 2735 2847 τοῦ
2785 2791 3038 2866 Σιλωὰμ,
3097 2793 3382 2869 βούλεσθαι
3427 2796 3516 2849 τὸν
3548 2796 3752 2867 Ῥασὶν,
3783 2796 3863 2850 καὶ

2221 2882 2313 2936 τὸν
2374 2882 2488 2935 υἱὸν
2539 2885 2640 2936 τοῦ
2695 2880 2981 2954 Ῥομελίου
3030 2902 3042 2950 ;
3102 2879 3195 2944 Τίς
3252 2884 3354 2957 γὰρ
3406 2883 3661 2938 κοινωνία
3724 2883 3869 2939 ὕδατι

2226 2970 2424 3046 ἀψύχῳ
2481 2972 2616 3045 πρὸς
2677 2970 2902 3046 βασιλέα
2959 2975 3258 3046 κρατοῦντα
3312 2972 3402 3025 καὶ
3460 2969 3703 3047 ἄρχοντα
3759 2978 3865 3026 τῶν

2229 3060 2482 3129 ὑπηκόων
2521 3079 2534 3129 ;
2577 3058 2751 3115 Ἀλλὰ
2786 3064 3061 3134 τροπικῶς
3121 3059 3407 3116 ἀκουστέον
3464 3065 3563 3116 τοῦ
3619 3062 3871 3134 Σιλωὰμ,

2229 3149 2666 3224 έρμηνευομένου
2695 3149 2830 3203 κατὰ
2858 3149 2958 3216 τήν
2985 3153 3080 3204 τοῦ
3121 3149 3457 3224 Εὐαγγελίου
3503 3147 3871 3217 διδασκαλίαν,

463 3237 647 3308 igitur
677 3237 760 3292 esi
791 3237 888 3293 ille
919 3241 1202 3304 missus,et
1233 3239 1428 3308 quiete
1457 3238 1634 3307 ﬂuens
1668 3236 1780 3290 nisi
1803 3237 1874 3299 is,
1908 3237 1978 3290 de
2001 3251 2116 3305 quo

2257 3203 2303 3224 ⁵⁸
2358 3203 2368 3219 ⁸
2505 3203 2514 3221 ⁸
2916 3203 2926 3216 ⁸
3002 3203 3005 3204 ⁷
3124 3203 3160 3205 ά
3247 3203 3413 3224 ιιηί
3514 3203 3871 3217 ίνι

2233 3236 2656 3311 ἀπεσταλμένου.
2717 3237 2873 3294 Οὕτω
2929 3237 3030 3313 γὰρ
3089 3237 3442 3312 ἑρμηνεύεται
3506 3238 3557 3293 ἐν
3605 3245 3688 3311 τῷ
3748 3239 3876 3295 κατᾶ

467 3327 690 3380 dictum
723 3331 812 3380 est
845 3343 857 3381 :
889 3327 1154 3382 Dominus
1183 3329 1337 3381 misit
1383 3342 1489 3392 me,
1523 3330 1574 3381 et
1621 3327 1845 3396 spiritus
1873 3325 1994 3394 ejus
2017 3322 2064 3356 ³⁸
2094 3321 2122 3376 ‘?

469 3415 534 3469 Et
565 3431 772 3469 rursus
807 3432 819 3471 :
853 3417 972 3470 Non
1018 3415 1319 3482 contendet,
1369 3430 1542 3486 neque
1600 3413 1892 3482 clamabit,
1944 3427 2122 3483 neque

466 3502 729 3559 audietur
758 3519 864 3559 v0.1:
891 3505 1008 3574 ejus
1039 3506 1100 3559 in
1129 3505 1326 3576 plateis
1357 3505 1422 3559 ’9.
1461 3505 1660 3575 Itaque
1693 3502 1793 3574 qui
1828 3518 1943 3556 non
1976 3502 2122 3556 reci-

469 3592 640 3664 piunt
671 3609 804 3647 eum
838 3593 940 3664 qui
973 3594 1192 3649 missus
1223 3610 1254 3649 e
1275 3592 1432 3648 omlis
1465 3593 1634 3659 est,ii
1667 3591 2121 3647 mansuetudine

468 3683 596 3754 ejus
628 3687 823 3754 spreta
844 3684 915 3739 ad
947 3700 1008 3738 se
1041 3680 2012 3749 adsciscuntﬁliumRomeliae,hoc
2032 3683 2122 3735 est

470 3787 800 3828 sermonem
826 3773 922 3844 qui
949 3773 1277 3828 doctrinam
1303 3774 1636 3828 mendacem
1659 3789 1724 3827 ac
1748 3771 1955 3826 falsam
1973 3786 2123 3825 com-

469 3861 766 3933 plectitur,
785 3865 842 3916 et
870 3864 1066 3916 tamen
1106 3861 1413 3933 pollicetur
1445 3877 1572 3916 eam
1598 3878 1700 3933 per
1729 3859 1953 3914 divinas
1974 3856 2123 3912 Scri-

470 3955 678 4022 pturas
709 3950 1449 4006 demonstrarizaceersunt
1479 3967 1713 4022 quoque
1742 3948 2050 4018 Rasin,qui
2071 3946 2121 4002 si

469 4039 893 4112 interpreteris,
924 4039 1079 4095 idem
1111 4039 1263 4096 valet
1319 4057 1385 4096 ac
1417 4041 1692 4109 sublimis,
1750 4038 1850 4110 qui
1890 4052 2123 4108 quoque

474 4129 800 4184 auditorem
833 4129 906 4183 ad
921 4129 1247 4184 divinarum
1275 4129 1702 4200 Scripturarum
1718 4127 1829 4181 ﬁde
1842 4127 2122 4196 alienum,

473 4216 1033 4288 eﬁ‘ert,inﬂatque,et
1064 4235 1097 4272 a
1120 4218 1252 4272 ﬁdei
1272 4218 1655 4272 fundamento
1679 4215 2119 4270 abducit.Aram

474 4305 770 4376 siquidem
797 4306 869 4360 ab
900 4305 1319 4378 interpretibus
1353 4306 1568 4360 dicitur
1594 4302 1986 4366 subtimis.Qui
2021 4303 2122 4375 igi-

473 4399 570 4450 tur
609 4400 1006 4467 aspernantur
1025 4397 1265 4453 ﬁrmum
1299 4412 1652 4466 sermonem,
1677 4411 1781 4451 nec
1803 4395 2123 4450 admittunt

475 4484 630 4556 quod
661 4485 872 4542 stabile
900 4492 959 4542 et
991 4487 1402 4560 tranquillum,
1434 4505 1500 4543 ac
1530 4489 1742 4543 sudum
1764 4486 1996 4558 est,imo
2019 4486 2122 4557 qui

2230 3328 2484 3396 Ἰωάννην
2522 3325 3096 3402 Εὐαγγελίῳ·’¹1’παγε,
3155 3326 3305 3400 νίψαι
3363 3326 3415 3382 έν
3477 3333 3554 3400 τῷ
3614 3329 3871 3402 Σιλωάμ,

2229 3413 2259 3469 δ
2307 3415 2446 3470 ἔστιν
2503 3413 2974 3486 Ἀπεσταλμένος.
3033 3414 3127 3476 Τίς
3187 3415 3276 3468 οὖν
3339 3417 3366 3470 ὁ
3425 3416 3871 3490 ἀπεσταλμένος,

2228 3505 2317 3560 καὶ
2371 3503 2610 3581 ἀψοφητὶ
2673 3503 2829 3579 ῥέων,
2888 3502 2925 3573 ἢ
2981 3504 3104 3578 περὶ
3163 3505 3225 3558 οὗ
3275 3501 3509 3580 εἶ’ρηται,
3547 3505 3752 3580 Κύριος
3779 3505 3874 3560 άπ-

2230 3592 2433 3648 έστειλέ
2467 3596 2581 3666 (40)
2639 3613 2722 3665 με,
2781 3591 2868 3646 καὶ
2919 3592 2981 3646 τὸ
3040 3597 3252 3667 πνεῦμα
3310 3593 3514 3664 αὐτοῦς
3553 3594 3643 3649 καὶ
3697 3593 3873 3649 πάλιν

2231 3682 2346 3740 Ούκ
2397 3681 2581 3757 ἐρίσει,
2643 3678 2769 3736 οὐδέ
2817 3680 3150 3757 κραυγάσει,
3206 3680 3329 3738 οὐδὲ
3385 3684 3617 3753 ἀκουστή
3685 3687 3816 3760 γενή
3851 3714 3878 3726 -

2230 3793 2377 3827 σεται
2429 3773 2464 3840 ἡ
2523 3770 2677 3846 φωνή
2733 3771 2897 3824 αὐτοῦ
2951 3769 3000 3825 ἐν
3051 3777 3172 3833 ταῖς
3215 3770 3514 3834 πλατείαις.
3567 3774 3634 3830 Οἱ
3698 3773 3876 3828 τοίνυν

2235 3862 2311 3935 μὴ
2373 3857 2662 3935 δεχόμενοι
2713 3859 2805 3913 τὸν
2852 3859 2903 3930 ἐξ
2963 3859 3203 3933 οὐρανῶν
3255 3861 3688 3934 ἀπεσταλμένον,
3720 3863 3878 3928 ὑπερ-

2233 3954 2467 4024 ορῶντες
2503 3949 2594 4020 μὲν
2630 3947 2793 4003 αὐτοῦ
2826 3951 2937 4023 (41)
2977 3956 3076 4018 τῆς
3124 3949 3456 4020 πραότητος,
3503 3949 3879 4023 ἐπισπώμενοι

2233 4036 2290 4092 δὲ
2349 4039 2559 4099 ἑαυτοῖς
2615 4039 2704 4092 τὸν
2752 4037 2865 4092 υἱὸν
2901 4042 2998 4092 τοῦ
3043 4035 3370 4111 Ῥομελίου,
3418 4040 3662 4094 τουτέστι
3724 4039 3885 4114 λόγον

2230 4123 2577 4202 ψευδοδοξίαν
2611 4127 2961 4202 περιέχοντα,
2996 4125 3476 4202 ἐπαγγελλόμενον
3517 4125 3575 4181 δὲ
3603 4128 3748 4182 κατὰ
3798 4129 3890 4188 τὰς

2233 4215 2376 4277 Θείας
2435 4213 2848 4279 ἀποδείκνυσθαι
2899 4218 3134 4294 Δραφὰς,
3191 4215 3280 4270 καὶ
3327 4217 3417 4272 τὸν
3476 4216 3685 4283 Ῥασὶν,
3740 4216 3885 4277 ὅστις

2232 4304 2586 4382 ἑρμηνεύεται
2649 4303 2941 4379 μετέωρος,
2997 4304 3086 4359 καὶ
3149 4305 3237 4359 τὸν
3291 4301 3394 4375 ἔξω
3439 4312 3537 4374 τῆς
3595 4306 3741 4360 κατὰ
3797 4306 3889 4366 τὰς

2232 4394 2377 4456 θείας
2433 4393 2650 4471 Ρραφάς
2707 4391 2939 4457 πίστεως
2995 4393 3388 4467 μετεωρίζοντα
3441 4394 3532 4449 τὸν
3585 4395 3885 4471 ἀκροατὴν,

2230 4485 2320 4538 καὶ
2379 4488 2650 4558 φυσῶντα,
2710 4483 2796 4537 καὶ
2857 4481 3132 4559 ἀπάγοντα
3187 4489 3286 4552 τῆς
3342 4484 3479 4538 κατᾶ
3542 4484 3642 4551 τὴν
3708 4483 3888 4538 πίστιν

475 4576 751 4651 dogmata
781 4575 964 4650 petita
987 4576 1058 4635 ab
1091 4577 1166 4636 iis
1190 4595 1318 4651 quis
1350 4595 1384 4634 a
1415 4578 1526 4634 fide
1558 4576 1749 4634 aliena
1795 4580 1955 4644 sunt,
1987 4592 2118 4632 cum

2233 4571 2633 4646 θεμελιώσεως.
2694 4571 2877 4648 Ἀρὰμ
2929 4573 3030 4648 γὰρ
3091 4573 3119 4627 ὁ
3172 4573 3443 4647 μετέωρος
3497 4571 3862 4646 ἑρμηνεύεται

475 4667 844 4725 documentis
875 4685 904 4724 ο
935 4669 1136 4726 divina
1178 4670 1483 4742 Scriptura
1522 4667 1886 4741 depromptis
1917 4681 2128 4722 conne-

474 4761 662 4829 otunt,
694 4757 769 4814 iis
798 4757 1001 4816 isthaec
1033 4760 1324 4816 sententia
1345 4759 1743 4836 comminatur
1773 4761 1914 4827 tore,
1949 4761 2013 4812 ut
2043 4754 2127 4810 in-

2233 4661 2367 4722 Τοὺς
2400 4658 2491 4715 οὖν
2524 4663 3004 4738 καταφρονητικῶς
3056 4660 3152 4733 μὶν
3198 4656 3428 4735 ἔχοντας
3478 4661 3612 4734 πρὸς
3663 4662 3767 4716 τὸν
3798 4661 3890 4716 r3-

2238 4751 2404 4820 οταθῆ
2464 4746 2652 4827 λόγον,
2708 4749 2796 4803 καὶ
2861 4749 2936 4823 μὴ
2998 4746 3472 4824 καταδεχομένους
3512 4749 3575 4804 τὸ
3623 4750 3890 4826 σταθερὸν

547 4908 593 4944 ⁵⁸
618 4909 708 4966 Isa
738 4926 838 4980 vn,
872 4912 925 4982 8,
957 4912 1013 4969 9.
1089 4913 1133 4949 ³⁸
1162 4911 1370 4970 Matth.
1404 4929 1444 4984 ι,
1483 4912 1574 4968 21.
1650 4911 1694 4946 ³⁷
1731 4910 1898 4967 Joan.
1940 4924 2020 4976 ιχ,
2057 4909 2112 4962 7.

2233 4909 2237 4938 ι
2277 4909 2392 4961 Ιεο·
2430 4919 2628 4973 XLVIII,
2663 4902 2751 4959 l6.
2831 4901 2877 4938 ³⁸
2915 4902 3028 4975 Isa,
3059 4919 3195 4969 ml,
3235 4904 3305 4960 2:
3340 4903 3546 4959 Matth.
3578 4920 3686 4974 xu,
3714 4904 3808 4960 19.

477 5087 753 5172 sameram
780 5094 964 5172 spolia
984 5096 1495 5172 signiﬁcari,qimm
1522 5100 1698 5170 quiem
1715 5091 2128 5172 circumcisione

480 5163 666 5231 futuri
695 5175 873 5219 essent
892 5163 1093 5235 ﬁdeles.
1125 5163 1316 5225 Verba
1343 5163 1601 5226 auctoris
1631 5172 1813 5226 nostri
1847 5167 2017 5225 velim
2070 5169 2128 5223 in

473 5239 753 5314 contextu
787 5235 985 5314 legas;
1015 5256 1287 5314 ‘quarum
1345 5259 1414 5297 ex
1467 5243 1711 5298 lectione
1760 5243 1924 5299 facile
1955 5241 2129 5298 intel-

476 5303 695 5385 ligetur
725 5303 984 5380 Procopii
1013 5303 1204 5367 locum
1230 5330 1440 5385 eo,quo
1463 5315 1930 5381 diximus,modo
1955 5315 2125 5372 resti-

475 5377 764 5434 tuendum
798 5377 945 5436 esse.

693 5451 832 5532 Reg.
869 5459 1138 5532 quartus,
1173 5453 1326 5532 IDtjv
1355 5457 1422 5509 τὰ
1452 5457 1763 5532 πράγματα,
1800 5475 1907 5532 res.

545 5521 659 5591 (37)
695 5521 944 5606 [iterque
973 5527 1130 5582 Colb.
1158 5533 1220 5606 _et
1251 5521 1389 5606 Reg.
1451 5521 1771 5606 secundus,
1827 5529 1906 5606 ἐφ’
1960 5531 2119 5606 Qui“.

473 5589 818 5679 Hyro‘Verba,
848 5589 978 5679 quae
1015 5615 1128 5654 non
1158 5589 1655 5679 longevleguntur.
1686 5600 1777 5655 καὶ
1806 5589 1904 5673 τῆν
1964 5589 2120 5673 δὶςξαν

473 5669 657 5733 αὑτοῦ,
688 5669 747 5720 in
778 5669 998 5726 nostris
1026 5686 1129 5727 sex
1159 5669 1302 5729 mss.
1342 5669 1576 5732 desunt.

2301 5084 2413 5166 (38)
2439 5084 2595 5168 Cobl.
2627 5086 2874 5168 primus.
2909 5080 3253 5168 συντέλεσθαί
3279 5116 3407 5151 τινι.
3467 5088 3608 5168 Reg.
3672 5086 3892 5153 itidem

2241 5163 2558 5233 sesundus,
2581 5163 2986 5220 συντελέσεσθαί
3007 5187 3112 5220 τινι

2453 5231 2554 5310 δίο.
2577 5238 2712 5293 libri
2743 5247 2983 5310 veteres.
3017 5237 3192 5310 Editi,
3226 5235 3324 5292 οὐκ
3355 5231 3633 5294 ἐϐούλετο.

2234 5383 2258 5434 t
2308 5307 2423 5434 (:10)
2443 5309 2616 5381 Editi,
2645 5307 2966 5367 ἀπέσταλκε.
3036 5315 3112 5367 At
3161 5307 3262 5366 sex
3317 5328 3460 5367 mss.
3494 5317 3562 5367 ut
3624 5313 3690 5366 in
3755 5328 3902 5368 con-

2262 5396 2329 5434 ex
2361 5398 2418 5434 ιι.

2262 5396 2418 5435 ΘΧῐυ.

2306 5453 2416 5522 (lii)
2473 5453 2648 5524 Editi,
2706 5455 2891 5509 αὐτοῦ.
2942 5458 3018 5509 At
3055 5457 3194 5525 Reg.
3241 5457 3508 5526 quartus,
3548 5453 3641 5525 μὶν
3709 5453 3906 5509 αὐτοῦ.

2233 5527 2349 5600 Nec
2378 5527 2468 5600 ita
2489 5527 2673 5582 multo
2705 5533 2835 5599 post
2887 5527 3043 5600 idem
3101 5525 3302 5600 codei,
3351 5526 3566 5600 Ιῖρᾳφὲς
3613 5526 3722 5600 καὶ
3785 5525 3907 5581 τόν.

2229 5595 2342 5651 Atii
2373 5597 2589 5670 quippe
2619 5595 2764 5657 mss.
2787 5605 2846 5657 et
2873 5597 3034 5669 editi,
3066 5595 3401 5676 Γραφὰςκαῖ
3429 5595 3486 5670 ὁ,
3513 5597 3698 5655 male.
