4118 6220
247 412 359 472 481

1053 407 1462 469 COMMENT.
1508 407 1587 468 ΙΝ
1631 407 1900 469 ιεΑιΑΜ
1941 408 2448 472 PROPHETAM.
2494 411 2668 473 CAP.
2712 412 2876 474 VIII.

3543 418 3664 478 489

247 540 335 596 καὶ
378 539 616 616 γαληνὸν
652 537 742 593 καὶ
795 535 995 607 εὕδιον,
1027 536 1174 594 ἀλλὰ
1212 535 1624 608 συμπλέκοντας
1677 536 1745 591 τὰ
1791 537 1898 591 ἀπὸ

2024 540 2263 596 ineatur
2292 559 2444 613 aqua
2476 544 2664 599 multa
2694 551 2746 600 et
2777 543 2963 613 fortis,
2999 559 3096 599 rex
3127 545 3521 617 Assyriorum,
3558 549 3666 603 hoc

247 636 358 686 τῶν
394 628 494 699 ἔξω
523 636 622 698 τῆς
678 626 913 688 πίστεως
962 631 1080 688 τοῖς
1138 626 1244 680 ἀπὸ
1301 630 1407 679 τῶν
1474 630 1698 704 Γραφῶν
1759 646 1902 702 παρ-

250 720 581 792 ακούσμασι,
613 715 829 779 τούτοις
865 714 1081 771 ἀπειλεῖ
1110 717 1138 770 ὁ
1167 712 1337 790 λόγος
1378 714 1587 785 ἐπάξειν
1636 715 1698 769 τὸ
1756 713 1902 792 ὕδωρ

246 810 310 864 τὸ
361 807 508 864 πολὺ
557 808 642 862 καὶ
701 807 950 882 ἰσχυρὸν,
994 806 1085 860 τὸν
1137 803 1363 880 βασιλέα
1394 803 1711 872 ’Δσσυρίων·
1744 826 1901 860 τουτ-

251 897 506 966 έστι,τὸν
553 895 794 972 ἄρχοντα
837 900 933 950 τοῦ
982 895 1182 956 αἰῶνος
1232 895 1448 950 τούτου.
1497 895 1620 951 ’Ότι
1674 894 1778 970 γὰρ
1832 894 1906 957 εἰς

246 989 341 1043 τὸν
385 986 671 1060 Ἀσσύριον
697 980 964 1058 λαμϐάνει
996 983 1267 1048 πολλάκις
1309 987 1343 1053 ἡ
1380 985 1564 1060 Γραφὴ
1615 984 1705 1038 τὸν
1753 983 1902 1038 ἀντι-

246 1078 529 1150 κείμενον,
565 1075 830 1146 δηλοῦται
864 1074 914 1128 ἐν
947 1080 1063 1138 τοῖς
1094 1073 1215 1144 ὲξῆς
1243 1078 1322 1144 τῷ
1366 1074 1513 1145 αὐτῷ
1557 1072 1735 1145 τούτῳ
1777 1094 1908 1146 προ-

247 1169 432 1243 φήτῃ·
485 1167 587 1223 Καὶ
641 1163 789 1219 ἔσται
849 1165 976 1241 γὰρ,
1033 1164 1220 1238 φησὶν,
1275 1163 1398 1217 ὅταν
1459 1163 1749 1236 συντελέσῃ
1800 1162 1903 1217 Κύ-

251 1276 377 1331 ριος
405 1255 579 1310 πάντα
627 1258 799 1308 ποιῶν
862 1252 912 1307 ἐν
961 1257 1039 1325 τῷ
1094 1249 1211 1327 ὄρει
1268 1250 1412 1306 Σιὼν
1471 1253 1558 1306 καὶ
1622 1252 1673 1306 έν
1706 1253 1906 1328 Ἰερου-

249 1342 673 1416 σαλήμ,ἐπάξει
705 1342 793 1396 ἐπὶ
848 1341 938 1396 τὸν
987 1345 1114 1396 νοῦν
1162 1342 1254 1396 τὸν
1306 1339 1470 1416 μέγαν
1519 1340 1610 1395 τὸν
1669 1338 1908 1416 ἄρχοντα

243 1438 357 1488 τῶν
418 1430 744 1506 Ἀσσυρίων,
793 1431 882 1486 καὶ
961 1429 1047 1486 ἐπὶ
1109 1429 1168 1484 τὸ
1229 1428 1363 1503 ὕψος
1416 1437 1516 1500 τῆς
1577 1427 1739 1500 δόξης
1801 1435 1908 1485 τῶν

253 1519 563 1601 ὀφθαλμῶν
641 1519 806 1575 αὐτοῦ
841 1561 855 1576 .
931 1519 1065 1575 Eine
1167 1519 1269 1594 γάρ
1299 1562 1313 1575 .
1392 1519 1480 1576 Ἐν
1581 1523 1650 1593 τῇ
1754 1518 1910 1595 ἰσχύϊ

249 1615 475 1682 ποιήσω
526 1612 661 1683 (42),
694 1609 784 1664 καὶ
843 1607 895 1662 ἐκ
943 1611 1012 1681 τῇ
1058 1605 1220 1684 σοφίᾳ
1259 1614 1359 1676 τῆς
1410 1609 1668 1670 συνέσεως
1726 1606 1909 1686 ἀφελῶ

249 1703 378 1778 ὅρια
444 1698 647 1767 ἐθνῶν,
699 1698 789 1752 καὶ
863 1698 961 1766 τὴν
1029 1696 1185 1772 ἰσχὺν
1259 1696 1435 1752 αὑτῶν
1507 1698 1906 1773 προνομεύσω,

2013 634 2120 697 est,
2152 631 2349 686 ειεοιιΙὶ
2383 632 2561 702 hujus
2619 633 2911 704 princeps.
2948 633 3193 688 Planum
3255 638 3344 690 est
3402 634 3557 690 enim
3608 640 3667 691 et

2018 725 2381 792 compertum
2413 738 2480 776 ex
2506 723 2891 794 sequentibus
2924 723 3186 790 ejusdem
3212 723 3506 794 propheta
3537 741 3667 780 ver-

2013 809 2126 873 bis,
2160 811 2560 867 adversarium
2623 829 2774 882 saepe
2808 828 2910 884 per
2933 813 3239 884 Assyrium
3272 830 3304 867 a
3355 799 3668 886 (Scriptura

2017 898 2284 970 intelligi.
2317 900 2410 954 Ait
2431 901 2585 956 enim
2622 918 2634 955 :
2668 902 2734 955 Et
2756 905 3013 971 erit,cum
3042 904 3508 958 consummaverit
3557 905 3663 958 Do-

2014 991 2199 1044 minus
2229 992 2412 1045 omnia
2432 992 2639 1060 faciens
2670 993 2732 1046 in
2763 996 2944 1046 monte
3001 991 3131 1046 Sion
3160 1000 3212 1046 et
3245 993 3303 1045 in
3332 993 3662 1064 Jerusalem,

2015 1077 2231 1131 inducet
2255 1095 2416 1148 super
2445 1089 2680 1134 mentem
2740 1096 2998 1148 magnam
3053 1081 3360 1150 principem
3409 1083 3663 1152 Assyrio-

2015 1175 2222 1233 ru-m,et
2250 1184 2417 1238 super
2447 1169 2794 1224 altitudinem
2833 1170 3030 1237 gloriae
3059 1169 3374 1223 occulorum
3397 1169 3534 1240 ejus.
3571 1171 3662 1225 Di-

2013 1257 2099 1310 :rit
2131 1257 2314 1310 enim:
2347 1258 2403 1310 In
2435 1257 2765 1326 fortitudine
2793 1259 3025 1326 faciam,
3055 1261 3105 1312 et
3137 1259 3195 1312 in
3233 1259 3668 1329 sapientiapru-

2015 1343 2212 1398 (lentiae
2240 1344 2503 1415 auferam
2532 1348 2798 1400 terminos
2853 1349 3126 1414 gentium,
3187 1349 3239 1400 et
3283 1347 3667 1416 fortitudinem

2017 1447 2216 1488 earum
2236 1433 2542 1489 devaslabo.
2573 1437 2641 1490 Et
2684 1437 3022 1490 commovebo
3071 1435 3235 1490 urbes
3276 1436 3566 1505 habitatas,
3616 1439 3666 1492 et

2016 1521 2330 1576 universum
2359 1523 2548 1576 orbem
2563 1524 3020 1594 comprehendam
3041 1539 3229 1590 manu,
3250 1526 3417 1594 quasi
3446 1525 3663 1595 nidum,

2018 1618 2067 1666 et
2105 1613 2269 1681 quasi
2297 1626 2396 1665 ora
2425 1611 2683 1666 derelicta
2713 1613 2905 1666 tollam
2935 1631 2952 1666 :
2983 1616 3032 1666 et
3063 1628 3172 1667 non
3202 1621 3278 1666 est
3308 1614 3404 1684 qui
3430 1613 3667 1684 effugiat

2019 1715 2125 1764 me,
2147 1704 2249 1755 aut
2287 1700 2626 1756 contradicat
2652 1699 2795 1755 mihi
2822 1701 2888 1755 39.

247 1788 340 1844 καὶ
399 1788 561 1843 σείσω
598 1783 790 1847 πόλεις
850 1783 1296 1857 κατοικουμένας,
1339 1783 1430 1839 καὶ
1491 1786 1590 1854 τὴν
1648 1785 1974 1858 οἰκουμένην
2035 1784 2173 1856 ὅλην
2231 1783 2621 1859 καταλήψομαι
2680 1790 2746 1859 τῇ
2802 1787 2970 1862 χειρὶ,
3023 1787 3098 1849 ὡς
3155 1785 3389 1859 νοσσιὰν,
3444 1785 3534 1841 καὶ
3592 1788 3670 1850 ὡς

244 1875 723 1949 καταλελειμμένα
780 1873 861 1929 ὠα
912 1874 1046 1949 ἀρῶ’
1107 1873 1196 1928 καὶ
1230 1873 1329 1928 οὐκ
1359 1870 1497 1928 ἔστιν
1532 1876 1641 1946 (43)
1667 1874 1726 1935 ὃς
1759 1871 2091 1951 διαφεύξεταί
2125 1895 2210 1946 με,
2245 1873 2279 1942 ἢ
2313 1874 2532 1948 ἀντείπῃ
2570 1895 2684 1947 μοι.

321 1969 449 2023 210.
484 1968 747 2023 Τοιοῦτον
782 1962 872 2018 οὖν
905 1963 994 2017 καὶ
1025 1967 1115 2017 νῦν
1149 1961 1291 2018 ἔοικε
1321 1962 1493 2037 λέγειν
1541 1963 1632 2018 τὸν
1667 1959 1906 2038 ἄρχοντα

2081 1965 2206 2018 210.
2239 1964 2482 2020 Videtur
2513 1964 3029 2036 igituretiamnum
3064 1965 3238 2021 talem
3271 1965 3463 2024 dicere
3495 1970 3668 2039 Assy-

245 2059 364 2110 τῶν
396 2052 688 2128 Ἀσσυρίων
741 2050 888 2128 ὕδωρ
918 2054 1034 2124 (44)
1066 2047 1194 2106 ὄντα
1240 2049 1407 2122 πολὺ,
1435 2050 1744 2127 χειμάῥρου
1785 2050 1912 2127 τρό-

261 2165 393 2212 πον,
431 2143 622 2218 βιαίως
664 2143 756 2196 καὶ
806 2138 1076 2217 ῥαγδαίως
1123 2139 1531 2216 παρασύροντος
1566 2140 1697 2202 τοὺς
1744 2159 1913 2214 προσ-

257 2233 636 2308 τυγχάνοντας
664 2250 676 2264 ’
712 2231 772 2285 οὗ
827 2231 878 2284 οἱ
921 2230 1336 2303 καταξιωθέντες
1393 2227 1521 2291 τοὺς
1575 2227 1912 2304 πειρασμοὺς

257 2315 523 2382 ἀϐλαϐῶς
585 2314 836 2389 διαϐῆναι
913 2317 1166 2394 λέγουσι·
1218 2315 1526 2392 Χείμαρρον
1606 2313 1825 2384 διῆλθεν
1875 2318 1910 2386 ἡ

255 2412 414 2486 ψυχὴ
507 2412 693 2482 ἡμῶν,
751 2409 812 2463 τὸ
891 2405 1036 2483 ὕδωρ
1112 2407 1174 2461 τὸ
1250 2404 1638 2460 ἀνυπόστατον.
1696 2403 1792 2458 Καὶ
1851 2405 1913 2459 τὸ

256 2496 595 2574 Εὖαγγέλιον
632 2495 688 2551 δὲ
718 2495 807 2551 ἐπὶ
836 2503 938 2566 τῆς
985 2489 1308 2571 παραϐολῆς
1354 2497 1451 2548 τοῦ
1498 2491 1660 2548 αὐτοῦ
1715 2492 1912 2547 τούτου

258 2585 458 2648 ὕδατος
519 2585 814 2660 μέμνηται,
864 2583 918 2640 ἐν
961 2589 1039 2656 τῷ
1084 2578 1418 2658 παραϐαλεῖν
1476 2582 1565 2637 τὸν
1612 2581 1914 2637 ἀκούσαντα

259 2675 390 2737 τοὺς
419 2674 640 2749 λόγους,
674 2674 761 2729 καὶ
815 2675 889 2747 μὴ
941 2676 1223 2739 ποιοῦντα,
1266 2671 1536 2747 ἀνθρώπῳ
1593 2668 1714 2726 ἄνευ
1763 2683 1915 2744 θεμε-

262 2764 388 2820 λίου
441 2761 863 2836 οἰκοδομήσαντι
911 2765 1008 2832 τὴν
1061 2761 1252 2816 ἑαυτοῦ
1311 2760 1486 2815 οἰκίαν
1518 2781 1530 2793 ·
1573 2759 1914 2834 πλημμύρας

265 2852 324 2909 δὲ
383 2853 708 2930 γενομένης,
758 2851 944 2931 φησὶν,
990 2851 1089 2906 οὐκ
1145 2850 1424 2926 ἀντέσχεν,
1456 2847 1581 2905 ἀλλ’
1638 2847 1816 2904 ἔπεσεν
1876 2851 1910 2919 ἡ

267 2943 440 3011 οἰκία,
473 2941 562 2997 καὶ
592 2941 803 3017 ἐγένετο
826 2941 890 2996 τὸ
919 2943 1120 3014 πτῶμα
1145 2946 1246 3009 τῆς
1290 2938 1465 3000 οἷ’κίας
1499 2937 1707 3008 ἐκείνης
1756 2937 1912 3014 μέγα.

253 3035 440 3090 Τοῦτο
499 3028 558 3085 δὶ
593 3032 656 3085 τὸ
705 3028 850 3106 ὕδωρ
909 3030 970 3084 τὸ
1024 3027 1168 3084 πολὺ
1227 3023 1577 3098 ἀναϐήσεται,
1608 3026 1793 3104 φησὶν,
1828 3025 1912 3080 ἐπὶ

255 3127 440 3177 πᾶσαν
501 3119 746 3197 φάραγγα
804 3120 980 3193 ὑμῶν.
1035 3119 1099 3174 Αἰ
1156 3114 1213 3172 δὲ
1267 3117 1543 3195 φάραγγες
1591 3116 1915 3186 κοιλότητις

257 3213 368 3268 εἰσι
418 3219 520 3282 τῆς
575 3218 700 3286 γῆς.
727 3214 852 3272 Πῶς
901 3207 995 3263 οὖν
1055 3207 1184 3284 οὐχὶ
1231 3202 1568 3262 καταϐαίνειν
1623 3206 1686 3260 τὸ
1743 3203 1914 3281 ὕδωρ,

259 3300 418 3357 ἀλλὰ
465 3295 764 3355 ἀναϐαίνειν
828 3297 1080 3374 λέγεται;
1131 3299 1250 3352 Ὅτι
1299 3301 1441 3351 πᾶσα
1498 3297 1532 3365 ἡ
1584 3295 1636 3350 ἐν
1701 3294 1910 3369 ἀνθρώ-

253 3411 389 3452 ποις
466 3389 601 3444 κατὰ
672 3389 771 3457 τὴν
849 3387 1114 3463 ἁμαρτίαν
1187 3383 1513 3446 ταπείνωσις
1600 3382 1912 3459 ὑψηλοτέρα

258 3478 378 3535 ἐστὶ
447 3482 554 3533 τῶν
640 3477 965 3553 ἀρχιπηγῶν
1022 3477 1137 3551 (45)
1188 3475 1278 3530 καὶ
1332 3471 1439 3528 τῶν
1500 3471 1663 3527 οἷονεί
1723 3473 1910 3548 ἀρχῶν

254 3576 365 3638 τῆς
435 3567 727 3642 πονηρίας.
783 3562 1030 3620 Ἐπειδὰν
1113 3563 1296 3637 μέντοι
1373 3559 1719 3637 παραδοθῶσι
1793 3566 1914 3622 ταῖς

257 3657 664 3730 ἀντικειμέναις
743 3653 1051 3728 δυνάμεσι,
1109 3653 1570 3728 περιπατήσουσιν
1645 3650 1732 3705 ἐπὶ
1807 3655 1910 3704 πᾶν

257 3751 455 3822 τεῖχος
498 3750 606 3801 τῶν
655 3743 1125 3800 ἁποστατούντων·
1156 3743 1450 3811 τουτέστιν,
1500 3739 1588 3796 ἐπὶ
1632 3740 1802 3794 πάντα
1847 3741 1916 3795 τὰ

256 3837 446 3912 ὀχυρὰ
501 3832 766 3910 δόγματα,
812 3832 902 3888 καί
945 3833 1031 3889 ἰπὶ
1085 3831 1258 3887 πάντα
1307 3833 1375 3886 τὰ
1433 3827 1696 3886 δοκοῦντα
1747 3830 1914 3907 ἀσφα-

256 3926 508 3999 λίσματα
539 3924 713 3979 αὐτῶν
748 3923 904 3981 εἶναι.
937 3923 1034 3978 Διὰ
1064 3919 1121 3978 δὲ
1140 3923 1238 3991 τὴν
1262 3921 1368 3976 ἀπὸ
1401 3922 1513 3994 (46)
1541 3923 1638 3975 τοῦ
1683 3917 1917 3992 Σιλωὰμ

256 4013 616 4086 ἀποστασίαν,
650 4013 738 4068 καὶ
773 4013 872 4082 τὴν
921 4013 1057 4086 πρὸς
1108 4011 1234 4067 τοὺς
1282 4009 1565 4084 ὀλεθρίους
1590 4013 1700 4064 τῶν
1763 4010 1914 4084 βασι-

254 4103 406 4160 λέων
466 4100 836 4180 πρόσκλισιν⁶
897 4101 1115 4157 ἀπειλεῖ
1170 4102 1199 4156 ὁ
1245 4095 1408 4176 λόγος
1467 4100 1916 4176 ἀφαιρεθήσεσθαι

257 4194 371 4248 ἀπὸ
424 4196 525 4258 τῆς
555 4189 821 4254 Ἰουδαίας
863 4192 1036 4247 πάντα
1081 4187 1364 4268 ἄνθρωπον
1411 4186 1704 4262 δυνάμενον
1764 4187 1916 4244 ἐπαί-

260 4302 374 4358 ρειν
406 4282 510 4350 τὴν
539 4281 805 4356 κεφαλὴν,
839 4280 928 4336 καί
957 4283 1049 4336 τὸν
1095 4277 1319 4336 δυνατὸν
1371 4277 1782 4341 συντελέσασθαί
1827 4297 1915 4332 τι·

255 4371 530 4440 τουτέστι,
563 4370 657 4426 τόν
686 4392 745 4426 τε
778 4371 832 4425 ἐν
857 4374 926 4445 τῇ
959 4370 1095 4425 κατά
1123 4370 1214 4424 τὸν
1248 4372 1370 4422 νοῦν
1428 4368 1631 4442 θεωρίᾳ
1681 4364 1916 4440 ὑψηλὸν,

256 4460 472 4516 καὶτὸν
504 4460 644 4515 κατά
688 4462 787 4530 τήν
841 4460 1146 4536 πρακτικήν
1204 4458 1401 4535 ἀρετὴν
1456 4453 1694 4517 δυνατῶς
1742 4454 1918 4510 έπιτε-

258 4548 466 4605 λοῦντα
522 4549 591 4604 τὰ
649 4546 872 4622 δόξαντα
904 4567 917 4580 ³
976 4546 1122 4604 ἀλλὰ
1183 4547 1271 4602 καὶ
1328 4541 1917 4619 καταστρατοπεδεῦσαι

2023 2053 2243 2108 riorum
2277 2052 2620 2124 principem,
2672 2057 2736 2108 ut
2792 2054 2868 2110 sit
2921 2071 3072 2126 aqua
3103 2055 3286 2111 multa
3331 2055 3391 2111 in
3423 2056 3667 2113 modum

2022 2142 2391 2209 torrentis,vi
2423 2148 2479 2197 et
2510 2142 2732 2214 impetu
2764 2144 3000 2214 quosvis
3025 2144 3226 2200 obvios
3287 2161 3487 2201 secum
3520 2149 3668 2202 arri-

2022 2229 2236 2302 pientis
2261 2247 2273 2285 :
2294 2230 2823 2302 cujustentationis
2854 2234 2953 2304 qui
2987 2233 3148 2305 digni
3175 2237 3314 2288 sunt
3343 2233 3444 2305 qui
3475 2241 3667 2289 trans-

2023 2324 2157 2374 eant
2186 2319 2372 2389 illaesi,
2409 2321 2639 2378 dicunt:
2701 2322 3016 2378 Torrentem
3060 2323 3425 2394 pertransivit
3478 2324 3669 2378 anima

2021 2413 2226 2478 nostra,
2255 2427 2458 2481 aquam
2489 2411 2894 2467 intolerabilem
2924 2413 2991 2466 3‘.
3025 2412 3174 2476 Quin
3206 2417 3262 2467 et
3294 2413 3668 2485 Evangelium

2021 2497 2079 2552 in
2115 2499 2767 2569 parabolabujusistius
2788 2517 2950 2572 aqua:
2983 2501 3516 2567 commeminit,ubi
3545 2519 3667 2558 ser-

2023 2604 2224 2643 mones
2256 2589 2613 2659 audientem,
2645 2591 2746 2644 sed
2795 2608 2909 2646 non
2945 2591 3271 2655 facientem,
3305 2608 3436 2646 cum
3473 2592 3666 2647 homi-

2022 2693 2093 2732 ne
2126 2678 2297 2731 domu
2310 2693 2362 2730 m
2378 2694 2547 2732 suam
2562 2677 2688 2733 sine
2704 2679 3082 2735 fundamento
3099 2679 3419 2735 aediﬁcante
3439 2696 3670 2751 compa-

2023 2768 2149 2818 rat:
2185 2765 2491 2835 Ingruente
2541 2772 2760 2832 autem,
2822 2767 3031 2837 inquit,
3091 2767 3493 2836 inundatione,
3553 2785 3669 2824 non

2023 2853 2256 2922 restitit,
2289 2854 2389 2908 sed
2423 2853 2630 2909 cecidit
2661 2855 2956 2917 domus,et
2979 2857 3129 2910 facta
3158 2859 3248 2910 est
3275 2855 3670 2912 ruinadomus

2023 2941 2182 2997 illius
2204 2959 2418 3014 magna
2447 2943 2704 2999 3’.”.Sed
2736 2942 2921 2998 multa
2953 2944 3071 2999 haec
3103 2961 3255 3016 aqua
3285 2945 3672 3015 ascendet,in-

2025 3030 2173 3100 quit,
2207 3048 2382 3102 super
2412 3047 2645 3086 omnem
2678 3031 2887 3087 vallem
2917 3036 3192 3087 vestram.
3242 3032 3439 3088 Valles
3471 3037 3669 3090 autem

2025 3135 2277 3174 concava
2307 3125 2449 3175 sunt
2477 3124 2662 3175 terrai.
2695 3121 2884 3185 Quare
2914 3121 3095 3192 igitur
3125 3138 3238 3176 non
3290 3123 3668 3194 descendere,

2024 3210 2124 3264 sed
2160 3209 2470 3264 ascendere
2501 3226 2654 3280 aqua
2670 3209 2884 3264 dicitur
2913 3209 2936 3264 Ρ
2967 3211 3110 3274 Quia
3128 3211 3322 3266 omnis
3359 3212 3668 3267 hominum

2025 3297 2271 3369 objectio
2301 3314 2370 3353 ex
2403 3304 2636 3369 peccato
2668 3303 2812 3366 orta,
2848 3298 3054 3370 primis
3087 3299 3348 3354 iontibus
3406 3305 3462 3355 et
3492 3299 3670 3356 veluti

2027 3386 2296 3458 nequitiae
2328 3388 2475 3444 537
2513 3387 2797 3443 scatebris
2821 3387 3128 3443 sublimior
3157 3389 3392 3443 est.Sed
3424 3389 3522 3443 ubi
3553 3395 3671 3445 tra-

2025 3477 2130 3532 diti
2164 3477 2378 3531 fuerint
2436 3477 2785 3532 adversariis
2837 3478 3245 3548 potestatibus,
3280 3477 3674 3534 ambulabunt

2021 3582 2088 3620 su
2099 3581 2302 3636 perom
2313 3581 2444 3621 nem
2459 3582 2695 3620 murum
2714 3582 2915 3620 eorum
2931 3567 3031 3638 qui
3063 3567 3675 3632 defecerint,videlicet

2022 3670 2200 3724 super
2227 3654 2425 3708 omnia
2457 3654 2624 3710 fortia
2655 3655 2932 3726 dogmata
2978 3660 3035 3709 et
3080 3671 3259 3726 super
3288 3655 3510 3725 omnia,
3542 3672 3671 3726 qua)

2021 3742 2370 3797 videbantur
2425 3759 2626 3798 eorum
2659 3759 2786 3798 esse
2828 3743 3124 3814 praesidia.
3159 3743 3443 3807 Quoniam
3477 3750 3674 3800 autem

2023 3831 2361 3886 defecerunt
2384 3848 2416 3886 a
2444 3831 2754 3898 Siloam,et
2783 3830 3053 3885 voluntas
3083 3848 3286 3886 eorum
3315 3830 3372 3886 in
3400 3832 3678 3902 pestilen-

2023 3920 2290 3977 tissimos
2312 3936 2475 3991 reges
2508 3920 2618 3975 tuit
2649 3919 3677 3990 propensior,nominaturScriptura

2027 4009 2285 4066 ablatum
2315 4007 2387 4064 iri
2421 4025 2454 4063 a
2508 4008 2710 4063 Judeaa
2740 4006 3035 4063 hominem
3075 4023 3332 4077 omnem,
3368 4007 3468 4079 qui
3499 4011 3677 4078 caput

2028 4098 2309 4169 attollere,
2343 4102 2399 4153 et
2430 4096 2652 4169 aliquid
2690 4096 2964 4168 perlicere
2995 4100 3191 4166 queat,
3226 4094 3333 4150 hoc
3388 4098 3496 4162 est,
3548 4099 3674 4150 tum

2029 4205 2160 4245 eum
2194 4189 2294 4261 qui
2328 4186 2538 4243 mentis
2565 4183 3054 4256 contemplatione
3097 4182 3371 4239 sublimis
3404 4183 3518 4249 sit;
3546 4186 3677 4239 tum

2029 4277 2302 4348 eum,qui
2333 4276 2547 4332 virtute
2577 4274 2848 4330 eil‘ectrioi
2884 4277 3103 4329 statuta
3134 4272 3360 4328 fortiter
3389 4288 3679 4344 exsequa-

2029 4371 2129 4423 tur
2161 4385 2173 4436 ;
2207 4371 2329 4422 tum
2353 4362 3017 4436 eum,quiinlatitudine
3049 4361 3303 4430 regionis
3327 4361 3679 4434 populorum

2029 4454 2431 4512 castrametari
2456 4455 2660 4527 possit,
2683 4469 2908 4520 eorum,
2943 4452 3043 4524 qui
3073 4453 3287 4507 Siloam
3323 4468 3435 4506 non
3467 4451 3677 4506 admit-

2028 4544 2357 4609 tunt.Nam,
2385 4544 2525 4616 quia
2555 4543 2733 4598 latam
2766 4541 3204 4614 spatiosumque
3235 4541 3390 4596 viam
3423 4539 3678 4612 amplexi

254 4644 354 4695 τοῦ
385 4637 635 4702 πλάτους
665 4621 760 4707 τῆς
798 4639 989 4714 χώρας
1029 4641 1136 4694 τῶν
1197 4638 1272 4711 μὴ
1324 4631 1772 4711 καταδεχομένων
1827 4634 1912 4689 τὸν

2027 4638 2186 4700 sunt,
2220 4632 2382 4705 digni
2404 4632 2766 4699 efficiuntur,
2791 4630 2891 4704 qui
2924 4635 3117 4687 castra
3149 4631 3268 4686 sint
3298 4632 3550 4687 adversa)
3583 4645 3680 4702 po-

329 4795 378 4831 ”
407 4793 528 4851 Isa.
556 4793 822 4863 1,42-14.
854 4794 899 4831 ⁸¹
930 4793 1077 4850 Psal.
1107 4808 1300 4860 cum,
1324 4793 1380 4848 5.
1401 4791 1524 4846 '3.”
1557 4789 1694 4846 Luc.
1729 4805 1807 4857 νι,
1838 4789 1928 4859 49,

331 4964 451 5039 (42)
482 4965 662 5032 Editi,
695 4962 747 5018 ἐν
769 4967 838 5039 τῇ
863 4962 1160 5039 ἰσχύϊ-,μου
1209 4962 1448 5039 ποιήσω.
1506 4961 1714 5039 ᾼῦθεῒ..
1746 4978 1850 5039 μου
1875 4977 1916 5039 ,α

263 5029 490 5093 nostris
521 5054 622 5108 sex
647 5029 976 5093 codicibus.
1010 5029 1264 5108 Uterque
1294 5029 1481 5102 Colb.,
1537 5029 1589 5086 ἐν
1649 5033 1718 5103 τῇ
1748 5029 1916 5106 ἰσχύϊ

261 5109 495 5185 ποιήσω-
509 5103 644 5185 βρη.
663 5111 737 5185 _ln
767 5108 1093 5179 fortitudine
1113 5103 1334 5185 frigidm
1361 5109 1592 5185 montes:

267 5245 295 5305 ἔ
332 5171 453 5253 (43)
478 5171 675 5240 Nestri
707 5171 808 5238 βοὶ
837 5198 1007 5250 mss.,
1040 5171 1138 5234 καῖ
1170 5179 1270 5235 οὐκ
1299 5173 1460 5235 ἔστιν.
1489 5174 1665 5232 Editi.
1697 5172 1787 5228 καὶ
1819 5171 1917 5229 οὐκ

299 5271 443 5305 nat.

299 5271 443 5309 σται.

335 5325 454 5395 (44)
481 5324 694 5381 Nostra
724 5323 923 5390 editio,
957 5321 1032 5383 ὡς
1063 5318 1232 5395 ὕδωρ,
1259 5394 1262 5395 ν
1291 5318 1541 5395 vocula
1571 5317 1647 5378 ὡς
1677 5317 1737 5373 in
1769 5333 1914 5395 mss.

263 5388 386 5452 non
431 5388 748 5454 invenitur.
809 5388 1070 5452 Subinde
1116 5388 1292 5470 editi,
1352 5388 1617 5470 ραγδαίως
1673 5388 1916 5464 παρασύ-

266 5486 459 5551 ροντςι-ἶ
590 5485 691 5551 sex
723 5485 888 5551 ms_s.,
918 5465 1344 5551 napaqﬁpov_coq.

347 5543 464 5613 (45)
512 5533 1284 5617 theres_trés__libri,'_e&w
1337 5535 1563 5617 γηίνων,
1622 5533 1920 5617 §ubtimior

267 5607 831 5673 est'rebus'terrenis.
866 5612 1036 5668 Aliud
1066 5611 1266 5683 codex,
1295 5607 1403 5665 τῶν
1432 5607 1698 5683 ἀρχηγῶν
1753 5607 1916 5683 prin-

267 5689 510 5762 cipium.
543 5685 664 5762 Hoc
685 5686 928 5762 videtur,
969 5685 1218 5762 scriptor
1250 5678 1768 5762 'dieere,_"_statum
1807 5678 1918 5762 ho-

271 5753 476 5826 m’inis,
510 5760 615 5831 qui
646 5758 708 5815 in
739 5759 1041 5832 peccatum
1072 5753 1277 5830 lapsus
1306 5754 1403 5826 sit,
1461 5753 1753 5824 abjeotum
1784 5753 1918 5823 qui-

2025 4960 2158 5014 dem
2181 4974 2332 5024 esse,
2365 4959 2464 5015 sed
2499 4959 2578 5013 ita
2606 4962 2827 5025 tamen,
2862 4962 2926 5014 ut
2965 4960 3221 5030 quodam
3274 4959 3448 5015 modo
3499 4957 3680 5015 subli-

2027 5032 2141 5087 mis
2173 5032 2272 5101 sit,
2305 5033 2354 5087 si
2375 5031 2648 5086 videlicet
2669 5035 3038 5102 comparetur
3069 5049 3201 5088 cum
3263 5036 3418 5087 statu
3467 5030 3682 5087 deamo-

2028 5120 2191 5177 num,
2226 5104 2327 5175 qui
2359 5104 2539 5159 totius
2571 5103 2846 5173 nequitiae
2877 5103 3170 5177 principes
3202 5109 3343 5160 sunt
3381 5109 3439 5160 et
3484 5104 3679 5159 archi-

2028 5176 2188 5232 tecti.

2100 5248 2207 5318 (46)
2241 5246 2416 5317 Editi,
2450 5244 2574 5301 ὑπό.
2607 5247 2674 5318 at
2723 5261 2824 5318 sex
2857 5263 3023 5317 mss.,
3081 5244 3209 5318 ἀπό.
3279 5245 3492 5304 Statim
3537 5243 3678 5318 editi

2026 5323 2084 5403 εδδ
2108 5315 2375 5403 ιψῑηᾳυθ
2402 5315 2573 5388 mss.,
2609 5315 2875 5401 βασιλέων
2921 5315 3280 5403 πρόσκλησιν,
3345 5333 3447 5372 nec
3486 5315 3676 5403 aliter

2027 5388 2249 5462 legerat
2277 5388 2584 5462 interpres,
2609 5388 2748 5466 cum
2768 5391 2854 5447 sic
2883 5388 3116 5466 verterit
3142 5388 3166 5449 τ’
3191 5395 3256 5448 Et
3285 5388 3678 5466 accersiyerint

2023 5457 2334 5534 pestilentes
2362 5457 2765 5540 etperniciosos
2798 5479 2968 5531 reges.
3011 5465 3124 5540 Sed
3166 5479 3297 5540 cum
3325 5461 3479 5540 base
3499 5457 3674 5540 lectio

2028 5551 2162 5592 cum
2194 5535 2433 5610 syntaxi
2450 5536 2730 5610 componi
2753 5552 2865 5610 non
2892 5536 3076 5610 possit
3108 5535 3489 5610 (scripsisset
3517 5535 3674 5610 enim

2028 5598 2248 5664 auctor:
2282 5607 2370 5662 καὶ
2402 5609 2500 5676 τὴν
2531 5598 2637 5660 τῶν
2681 5598 2944 5681 ὀλεθρίων
2992 5598 3264 5681 βασιλέων
3288 5598 3677 5681 πρόσκλησιν),

2028 5695 2156 5737 eam
2189 5682 2261 5738 ob
2291 5670 2530 5739 causam
2559 5695 2628 5734 ex
2657 5670 2830 5750 Colb.'_
2864 5670 3122 5750 secundo
3182 5695 3283 5750 pro
3331 5670 3675 5750 προσκλησιν

2027 5753 2322 5810 edendum
2353 5751 2706 5820 curavimus,
2727 5745 3070 5821 πρόσκλισιν.
