4118 6220
420 427 536 488 483

1372 405 1773 471 APPENDIX
1816 400 2144 466 OPERUM
2188 401 2255 462 S.
2302 398 2577 461 BASILlI
2620 395 2893 459 MAGNI.

3711 387 3851 448 484

420 553 672 622 testatis,
706 567 820 606 non
837 547 994 622 quod
1021 545 1074 601 vi
1106 543 1228 600 ulla
1244 539 1427 598 coacti
1441 539 1559 594 sint
1590 555 1606 609 ;
1633 537 1732 592 sed
1768 534 1921 608 quod
1951 533 2067 590 sibi

2190 527 2438 622 Σιλωάμ.
2472 529 2571 582 Διά
2598 527 2699 603 γὰρ
2741 525 2804 579 τὸ
2851 520 3235 579 ἐπιδεδωκιναι
3291 518 3515 583 ἑαυτοὺς
3563 523 3634 594 τῇ
3686 518 3844 574 πλα-

425 645 538 718 ipsi
570 646 793 716 partem
826 637 1170 693 deteriorem
1213 628 1556 702 delegerint.
1617 627 1885 696 Quoniam
1927 624 2074 679 enim

425 712 533 790 non
553 712 926 804 probaverunt
965 731 1139 782 Deum
1197 721 1393 776 habere
1449 719 1509 772 in
1561 717 1760 772 notitia
1793 731 1807 770 :
1843 712 2074 768 tradidit

425 824 552 878 illos
582 822 721 876 Deus
751 823 808 873 in
841 816 1132 888 rcprobum
1187 825 1434 879 sensum,
1493 815 1552 862 ut
1595 805 1807 876 faciant
1849 819 1921 858 ea.
1951 813 2075 872 quae

425 929 534 968 non
564 909 890 968 conveniunt
923 904 987 958 3‘.

495 1180 619 1234 211.
649 1176 825 1228 Vsus.
857 1173 912 1226 9.
946 1167 1236 1225 Nobiscum
1271 1169 1434 1220 Deus.
1482 1159 1818 1230 Cognoscite,
1867 1162 2073 1223 gentes,

424 1279 474 1326 et
503 1264 794 1323 vinoimini
815 1279 833 1316 :
865 1260 1056 1316 audite
1086 1271 1253 1326 usque
1282 1252 1350 1308 ad
1366 1260 1672 1306 extremum
1706 1244 2073 1310 terrachlud,

424 1357 725 1414 Nobiscum
756 1353 916 1418 Deus,
950 1348 1200 1402 refertur
1228 1342 1432 1414 utique
1463 1339 1538 1394 ad
1567 1339 1948 1392 Servatorem.
1982 1333 2076 1387 Sic

425 1447 580 1503 enim
613 1443 670 1497 in
705 1436 1107 1511 superioribus
1131 1433 1445 1488 vocabatur
1470 1428 1541 1494 is,
1561 1427 1658 1498 qui
1678 1430 1850 1480 natus
1881 1440 1910 1478 e
1938 1421 2075 1476 Vir-

424 1536 559 1608 gine
591 1540 695 1596 est,
729 1523 1069 1583 Emmanuel
1105 1514 1828 1589 scilicet,juxtaHebraicae
1860 1512 2078 1582 linguae

426 1601 838 1697 proprietatem
875 1633 887 1670 :
921 1613 1075 1686 quod
1110 1612 1158 1666 si
1191 1605 1612 1679 interpreteris,
1655 1607 1846 1669 sonat,
1881 1601 2076 1656 Nobis-

422 1689 553 1768 cum.
581 1712 716 1765 Deus
744 1706 806 1761 ³⁵.
843 1704 1171 1772 Cognoscite,
1204 1701 1410 1768 gentes,
1459 1703 1511 1750 ct
1541 1693 1854 1750 vincimim‘.
1881 1689 2074 1744 Credi-

425 1800 607 1856 derim
645 1797 793 1850 hanc
823 1807 1017 1847 vocem
1053 1788 1250 1844 referri
1283 1787 1354 1841 ob
1387 1784 1668 1857 gaudium
1712 1795 1936 1844 eorum,
1972 1777 2073 1849 qui

2179 617 2296 690 τείᾳ
2353 614 2466 690 ὁδῷ
2507 617 2593 671 καὶ
2645 613 2967 690 εὐρυχώρῳ,
3001 610 3138 682 ἄξιοι
3182 610 3420 688 γίνονται
3467 613 3562 664 τοῦ
3607 608 3842 684 στρατό-

2180 703 2343 762 πεδον
2391 705 2526 760 εἶναι
2572 712 2670 774 τῆς
2726 701 3104 775 ἀντικειμένης
3163 697 3466 772 δυνάμεως,
3513 696 3640 773 οὐχὶ
3694 697 3844 770 πρὸς

2183 795 2410 871 ἀνάγκην
2457 791 2959 865 καταδικαζόμενοι,
2989 788 3112 846 ἀλλ’
3162 789 3375 852 ἑαυτοῖς
3424 786 3678 859 ἑλόμενοι
3731 786 3840 853 τήν

2187 881 2378 960 μερίδα
2433 885 2532 953 τὴν
2595 883 2838 959 χείρονα.
2889 880 3130 944 Καθόσον
3190 880 3294 955 γὰρ
3355 876 3453 931 οὐκ
3501 873 3838 949 ἐδοκίμασαν

2180 975 2272 1029 τὸν
2296 975 2421 1030 Θεὸν
2455 969 2598 1048 ἔχειν
2643 970 2696 1026 ἐν
2728 969 3040 1046 ἐπιγνώσει,
3073 964 3382 1044 παρέδωκεν
3413 964 3606 1028 αὐτοὺς
3639 965 3666 1019 6
3699 965 3840 1027 Θεὸς

2183 1063 2261 1126 εἷς
2292 1059 2559 1136 ἀδόκιμον
2591 1066 2742 1131 νοῦν,
2767 1064 2942 1114 ποιεῖν
2970 1058 3036 1114 τά
3071 1059 3146 1130 μὴ
3179 1059 3507 1128 καθήκοντα.

2253 1154 2378 1210 2H.
2411 1152 2542 1208 Μεθ’
2572 1153 2732 1223 ἡμῶν
2788 1150 2816 1204 6
2865 1148 3019 1209 Θεός.
3073 1150 3271 1218 Γνῶτε,
3327 1141 3477 1215 ἔθνη,
3529 1145 3617 1199 καὶ
3663 1145 3843 1212 ἡττᾶ-

2183 1253 2321 1306 σθε·
2377 1239 2710 1296 ἐπακούσατε
2776 1235 2882 1300 ἓως
2963 1235 3194 1312 ἐσχάτου
3253 1241 3349 1304 τῆς
3406 1241 3536 1308 γῆς.
3605 1231 3844 1309 Ἀναφί-

2187 1353 2331 1408 ρεται
2369 1330 2545 1386 τοίνυν
2598 1328 2685 1384 ἐπὶ
2731 1327 2822 1384 τόν
2859 1333 3093 1402 Σωτῆρα
3118 1325 3204 1395 τὸ,
3237 1325 3370 1381 Μεθ’
3399 1326 3559 1396 ἡμῶν
3603 1323 3630 1378 6
3681 1321 3844 1384 Θεός.

2186 1421 2343 1479 Οὕτω
2367 1421 2466 1496 γὰρ
2499 1419 2812 1492 ὠνομάζετο
2859 1415 2911 1472 ἐν
2942 1421 3060 1480 τοῖς
3089 1413 3314 1470 κατόπιν
3353 1414 3380 1468 6
3431 1411 3489 1467 ἐκ
3536 1419 3634 1482 τῆς
3689 1417 3843 1486 Παρ-

2185 1514 2337 1568 θένου
2410 1514 2774 1588 γεννώμενος,
2830 1513 2900 1583 τῇ
2961 1503 3203 1582 Ἐϐραΐδι
3280 1502 3570 1576 διαλέκτῳ,
3622 1506 3848 1575 Ἐμμα-

2185 1600 2382 1673 νουήλ,
2415 1603 2444 1656 δ
2493 1601 2600 1656 ἐστι
2658 1598 3220 1675 μεθερμηνευόμενον,
3255 1595 3385 1650 Μεθ’
3416 1595 3575 1666 ἡμῶν
3619 1593 3647 1648 6
3679 1592 3841 1652 Θεός.

2183 1695 2382 1760 Γνῶτε,
2436 1687 2585 1761 ἔθνη,
2645 1689 2736 1744 καὶ
2793 1691 3045 1758 ἡττᾶσθε.
3093 1687 3189 1742 Ἐκ
3265 1682 3615 1759 περιχαρείας
3686 1679 3848 1736 δοκεῖ

2189 1803 2281 1854 μοι
2314 1783 2348 1851 ἡ
2400 1780 2553 1857 φωνή
2597 1777 2946 1856 ἀναφέρεσθαι
2991 1779 3097 1831 τῶν
3149 1771 3524 1848 ἑπεγνωκότων
3587 1772 3681 1844 μὲν
3732 1771 3843 1839 τήν

427 1888 658 1961 cognito
691 1882 902 1940 Christi
934 1881 1180 1935 adventu
1218 1875 1408 1931 crucis
1467 1873 1740 1927 virtutem
1801 1867 2075 1941 gentibus

2190 1872 2422 1947 Χριστοῦ
2472 1868 2790 1945 παρουσίαν,
2823 1864 3301 1934 κατανενοηκότων
3341 1859 3398 1916 δὲ
3441 1861 3542 1930 τήν
3606 1858 3842 1932 δύναμιν

2254 1962 2262 1964 _
2525 1961 2549 1964 ,Α
2681 1951 2709 1964 ι,
2785 1956 2796 1964 .
2919 1951 2948 1964 ,ρ
3159 1957 3182 1964 _
3262 1948 3314 1964 ...ι
3530 1950 3604 1964 ..
3721 1952 3742 1963 ..

429 1956 805 2034 metuendam
839 1985 966 2026 esse
1001 1967 1353 2022 didicerunt.
1386 1964 1524 2018 Eam
1565 1961 1636 2016 ob
1671 1974 1934 2024 causam,
1971 1956 2071 2012 Co-

428 2069 690 2140 gnoscite,
714 2061 930 2134 inquit,
959 2063 1162 2132 gentes,
1197 2066 1246 2112 et
1270 2055 1583 2118 vincimini,
1616 2056 1681 2107 ut
1712 2049 1956 2122 pulchra
1979 2047 2078 2103 illa

428 2138 486 2215 et
517 2154 676 2212 vobis
689 2153 833 2209 cond
846 2151 932 2205 uci
944 2148 1038 2203 bili
1064 2147 1212 2203 victo
1222 2145 1304 2199 ria
1319 2142 1554 2211 vict.i,ad
1574 2139 1783 2196 Christi
1802 2138 2075 2194 obedien-

429 2249 573 2302 tiam
607 2241 821 2314 captivi
845 2234 1243 2301 deducamini,
1276 2238 1450 2304 atque
1498 2250 1528 2284 a
1553 2231 1678 2301 lege
1729 2227 1946 2300 peccati
1977 2241 2078 2296 per

429 2334 644 2393 Christi
676 2313 1012 2387 servitutem
1046 2322 1396 2380 liberemini.
1420 2318 1720 2385 Quomodo
1743 2316 1924 2387 igitur
1949 2313 2075 2368 vin-

429 2427 644 2480 cuntur
674 2416 1004 2491 gentes?Si
1065 2411 1410 2485 agnoverint
1467 2413 1667 2463 Deum.
1723 2403 2076 2458 Adveniente

430 2514 588 2570 enim
621 2507 1034 2576 luce,tenebras
1067 2502 1399 2565 vincuntur,
1435 2497 1806 2566 vinciturque
1835 2492 2075 2547 morbus

429 2598 701 2658 sanitatis
731 2611 966 2650 accessu
985 2635 994 2648 .
1013 2595 1211 2662 itaque
1245 2585 1616 2661 agnoveritis,
1626 2588 1848 2656 gentes,
1867 2581 2074 2636 verita-

425 2694 545 2746 tem
578 2687 943 2754 duntaxat,et
962 2681 1115 2737 illico
1143 2677 1388 2733 victoria
1419 2673 1580 2728 vobis
1608 2669 1853 2727 salutari
1883 2668 2073 2723 vince-

431 2776 810 2834 mini.Auditc
841 2787 1009 2844 usque
1037 2769 1108 2824 ad
1139 2775 1445 2823 extremum
1467 2763 1950 2825 tereruosnam
1967 2774 2075 2812 au-

432 2863 647 2924 dietis?
677 2865 788 2919 Eos
821 2859 918 2932 qui
978 2859 1142 2913 vobis
1199 2852 1552 2911 annuntiant
1581 2847 1981 2920 Evangelium.
2015 2849 2073 2902 In

432 2970 648 3012 omnem
679 2947 1289 3019 enim,inquit,terram
1309 2943 1479 2997 exivit
1509 2956 1672 2994 sonus
1702 2954 1911 3006 eorum,
1933 2945 1985 2991 et
2015 2937 2073 2989 in

431 3048 566 3118 ﬁnes
580 3045 724 3099 orbis
740 3047 907 3097 terrw
921 3039 1084 3094 verba
1108 3052 1295 3092 eorum
1313 3029 1899 3098 3°.F0rtes,vincimini
1913 3044 1932 3089 ;
1949 3043 2075 3081 cor-

429 3116 636 3208 poreas
666 3133 816 3186 vires
848 3128 1059 3194 exuite,
1092 3123 1378 3180 assumite
1418 3119 1611 3175 carnis
1643 3116 2073 3183 inﬁrmitatem,

429 3203 493 3278 ut
518 3223 702 3276 virtus
728 3218 819 3272 Dei
853 3217 913 3270 in
973 3213 1312 3269 infirmitate
1372 3208 1704 3280 perﬁciatur
1734 3207 1802 3258 ³⁷.
1836 3206 1990 3270 Nam,
2024 3203 2077 3258 si

430 3313 634 3367 iterum
648 3297 1455 3379 prmvalueritisﬁterum538
1476 3293 1862 3350 vincemini.Si
1894 3311 2072 3363 quan-
2103 3267 2147 3336 α

429 3400 501 3454 do
560 3398 619 3451 in
680 3400 735 3450 te
794 3390 1176 3448 insurrexerit
1231 3386 1425 3442 carnis
1456 3383 1797 3456 petulantia,
1831 3399 1956 3437 eam
2015 3381 2074 3436 in

432 3486 768 3543 servitutem
805 3475 1407 3551 redigere,debellare,
1423 3490 1488 3529 ac
1520 3471 1752 3544 spiritui
1787 3471 2077 3541 subjicere

433 3575 692 3632 studeas.
731 3576 903 3626 Vsus.
942 3570 1024 3623 10.
1053 3572 1116 3623 Et
1144 3565 1497 3637 quodcunque
1525 3559 1822 3615 consilium
1861 3561 2074 3626 inieris,

428 3663 720 3736 dissipabit
742 3661 1002 3715 Dominus
1031 3675 1051 3711 .·
1079 3660 1130 3711 et
1158 3654 1385 3710 verbum
1442 3649 1584 3722 quod
1637 3649 1935 3722 loquamini
1965 3664 2074 3703 non

424 3753 668 3809 manebit
698 3754 754 3804 in
789 3747 1092 3817 vobis,quia
1120 3743 1401 3798 nobiscum
1431 3742 1736 3795 Deus.Nam
1763 3737 2073 3810 perdetsa-

427 3841 703 3916 pientiam
738 3837 1175 3909 sapientium,et
1194 3831 1558 3904 prudentiam
1591 3827 1967 3900 prudentium
1989 3843 2077 3882 re-

430 3913 700 4003 probabit
727 3927 792 3981 ³⁸.
829 3926 1158 3979 Humanum
1193 3919 1374 3993 igitur
1407 3915 1712 3973 consilium
1747 3913 1843 3970 ille
1878 3914 2073 3987 magni

428 4016 657 4076 consilii
690 4013 928 4086 angelus
960 4013 1006 4047 3°
1038 4009 1270 4065 irritum
1322 4006 1476 4073 facit,
1539 4008 1713 4076 atque
1768 4003 2074 4059 hominum

427 4121 758 4164 sermonem
809 4103 964 4158 Deus
1019 4100 1276 4155 Verbum
1310 4095 1582 4168 dissipat.
1617 4093 1874 4158 Quorum
1907 4091 2077 4161 nihil,

427 4192 912 4269 inquit,manebit
944 4191 1000 4244 in
1035 4187 1230 4244 vobis:
1263 4186 1402 4257 quia
1423 4185 1706 4238 nobiscum
1734 4182 1896 4237 Deus.
1928 4180 2078 4236 Utile

430 4290 625 4341 autem
647 4283 821 4337 fuerit
850 4279 1126 4352 gentibus
1148 4281 1407 4346 tempore
1441 4269 2077 4344 persecutionis,conﬁ-

430 4375 634 4429 denter
663 4371 854 4424 dicere
886 4367 1067 4422 illud:
1131 4366 1267 4419 Nam
1315 4363 1364 4416 si
1423 4363 1623 4415 iterum
1651 4360 2076 4430 prmvalueritis,

429 4463 637 4518 iterum
664 4453 1102 4517 vincemini.0ui
1135 4452 1290 4505 enim
1310 4465 1460 4520 saepe
1487 4451 1900 4519 oppugnarunt
1923 4446 2078 4502 Chri-

429 4552 504 4608 sti
537 4546 881 4610 Ecclesiam,
916 4560 1030 4598 non
1083 4556 1210 4595 raro
1269 4538 1654 4594 succubuere.
1689 4536 2078 4601 Quemadmo-

2183 1962 2279 2014 τοῦ
2323 1961 2554 2032 σταυροῦ
2605 1951 2838 2035 φοϐερὰν
2889 1951 3047 2008 οὖσαν
3091 1957 3209 2014 τοῖς
3261 1948 3486 2007 ἔθνεσιν.
3519 1950 3615 2003 Διά
3647 1952 3841 2020 τοῦτο,

2185 2053 2383 2116 Γνῶτε,
2443 2047 2626 2124 φησὶν,
2681 2043 2829 2114 ἔθνη,
2888 2042 2980 2097 καὶ
3038 2044 3291 2111 ἡττᾶσθε,
3336 2037 3431 2094 ’ίνα
3487 2038 3842 2108 ἡττηθὲντες,

2182 2139 2282 2206 τήν
2333 2135 2508 2205 καλὴν
2569 2134 2728 2202 ἧτταν
2783 2131 2872 2187 καὶ
2933 2130 3306 2208 συμφέρουσαν
3356 2130 3506 2202 ὑμῖν,
3539 2126 3843 2204 αῗχμαλω-

2182 2233 2404 2296 τισθῆτε
2435 2224 2513 2288 εἷς
2551 2225 2650 2292 τὴν
2706 2223 2953 2291 ὑπακοὴν
3013 2225 3110 2275 τοῦ
3169 2221 3424 2292 Χριστοῦ,
3450 2219 3541 2272 καὶ
3596 2214 3686 2271 διὰ
3731 2223 3842 2285 τῆς

2186 2315 2382 2387 εἶςυτὸν
2425 2313 2651 2388 Χριστὸν
2687 2309 2960 2378 δουλείας,
3013 2309 3283 2383 ἐλεύθεροι
3329 2307 3557 2382 γὲνησθε
3596 2308 3707 2379 (47)
3735 2309 3842 2359 τοῦ

2183 2404 2354 2478 νόμου
2397 2410 2497 2472 τῆς
2533 2399 2817 2474 ἁμαρτίας.
2854 2401 2980 2460 Πῶς
3013 2397 3103 2452 οὖν
3136 2399 3359 2466 ἡττᾶται
3406 2395 3473 2450 τὰ
3518 2390 3681 2464 ἕθνη;
3713 2395 3842 2448 Ἐὰν

2186 2493 2391 2568 ὶπιγνῷ
2420 2493 2512 2546 τὸν
2545 2489 2696 2546 Θεόν.
2729 2491 2982 2546 Ἠττᾶται
3014 2489 3117 2563 γὰρ
3150 2486 3341 2548 σκότος
3391 2487 3458 2557 τῇ
3502 2488 3598 2538 τοῦ
3655 2483 3840 2557 φωτὸς

2184 2581 2490 2656 παρουσίᾳο
2523 2579 2613 2635 καὶ
2661 2583 2872 2633 νικᾶται
2921 2576 3079 2638 νόσος
3128 2578 3196 2649 τῇ
3244 2577 3344 2644 τῆς
3404 2573 3583 2649 ὑγείας
3639 2568 3836 2642 ἐπιδη-

2189 2671 2305 2746 μίᾳ.
2334 2670 2510 2726 Μόνον
2573 2666 2664 2723 οὗν
2708 2671 2879 2744 γνῶτε
2932 2667 3032 2734 τήν
3092 2662 3377 2734 ἀλήθειαν,
3425 2664 3494 2718 τὰ
3548 2659 3699 2731 ἔθνη,
3739 2661 3836 2715 καὶ

2185 2759 2338 2822 εὐθὺς
2386 2758 2760 2829 ἡττηθήσεσθε
2813 2756 2912 2824 τὴν
2973 2755 3244 2829 σωτήριον
3303 2754 3430 2825 ὑμῖν
3488 2752 3675 2820 ἧτταν.
3710 2751 3843 2803 Ἐπ-

2182 2848 2446 2905 ακούσατε
2491 2847 2595 2909 ἕως
2646 2846 2876 2921 ἐσχάτου
2923 2850 3023 2912 τῆς
3071 2849 3196 2918 γῆς.
3241 2842 3408 2896 Τίνων
3462 2837 3840 2906 ὲπακοῦσατες

2183 2943 2303 2996 Τῶν
2347 2932 2825 3012 καταγγελλόντων
2871 2933 2997 3006 ὑμῖν
3029 2933 3092 2986 τὸ
3125 2929 3482 3006 Εὐαγγέλιον.
3516 2927 3608 2990 Εἲς
3652 2932 3835 2981 πᾶσαν

2183 3029 2307 3103 γὰρ,
2359 3026 2513 3104 φησὶ,
2565 3025 2664 3094 τὴν
2740 3030 2839 3098 γῆν
2923 3019 3142 3093 ἐξῆλθεν
3215 3021 3242 3075 6
3307 3019 3548 3095 φθόγγος
3629 3015 3837 3088 αὐτῶν,

2181 3117 2272 3171 καὶ
2321 3116 2398 3180 εἷς
2437 3117 2503 3169 τά
2551 3113 2754 3188 πέρατα
2808 3118 2907 3182 τῆς
2958 3110 3290 3182 οἰκουμένης
3345 3109 3414 3163 τὰ
3470 3107 3689 3184 ῥήματα
3745 3106 3847 3161 αὖ·

2182 3211 2312 3262 τῶν.
2364 3203 2692 3279 Ἰσχυκότες,
2741 3202 2993 3270 ἡττᾶσθε,
3048 3198 3311 3254 ἀπόθεσθε
3367 3198 3465 3266 τὴν
3521 3193 3680 3270 ἲσχὺν
3736 3200 3845 3249 τοῦ

2184 3295 2458 3368 σώματος,
2495 3285 2788 3347 ἀναλάϐετε
2817 3290 2914 3358 τὴν
2947 3290 3218 3352 ἀσθένειαν
3264 3294 3365 3355 τῆς
3417 3285 3632 3361 σαρκὸς,
3657 3282 3755 3338 ’ίνα
3804 3287 3841 3354 ἡ

2187 3381 2413 3456 δύναμις
2469 3386 2564 3437 τοῦ
2622 3384 2755 3436 Θεοῦ
2813 3378 2864 3434 ἐν
2921 3376 3162 3448 ἀσθενείᾳ
3216 3376 3506 3447 τελειωθῇ.
3543 3373 3665 3429 Ἐάν
3725 3375 3840 3450 γὰρ

2184 3469 2349 3529 πάλιν
2438 3469 2743 3547 ἴσχύσητε,
2805 3467 2970 3524 πάλιν
3058 3466 3466 3538 ἡττηθήσισθε.
3545 3465 3666 3519 Ἐάν
3745 3465 3836 3518 σοί

2183 3583 2316 3618 ποτε
2355 3560 2624 3633 ἐπαναστῇ
2681 3557 2744 3613 τὺ
2801 3557 3060 3636 φρόνημα
3116 3562 3214 3625 τῆς
3275 3555 3493 3629 σαρκὸς,
3529 3549 3841 3607 σπούδασον

2184 3651 2313 3706 αὐτὸ
2367 3647 2804 3724 δουλαγωγῆσαι,
2854 3646 2943 3700 καὶ
3002 3642 3424 3713 καταπαλαῖσαι,
3477 3641 3566 3697 καὶ
3629 3640 3835 3695 ὑποτάο

2186 3740 2266 3812 ξαι
2322 3743 2402 3812 τῷ
2454 3735 2740 3809 πνεύματι.
2787 3733 2884 3790 Καὶ
2940 3735 3001 3802 ἣν
3053 3733 3112 3788 ἂν
3173 3731 3543 3808 βουλεύσησθε
3597 3727 3834 3805 βουλὴν,

2187 3825 2521 3884 διασκεδάσει
2581 3825 2776 3900 Κύριος
2811 3843 2823 3855 ·
2878 3823 2968 3877 καὶ
3046 3820 3207 3897 λόγον
3266 3820 3324 3874 ὃν
3389 3818 3448 3874 ἂν
3525 3816 3838 3890 λαλήσητε,

2188 3917 2249 3972 οὗ
2297 3917 2372 3990 μὴ
2417 3914 2648 3988 ἒμμείνῃ
2698 3911 2748 3967 ἐν
2785 3912 2935 3985 ὑμῖν,
2970 3908 3053 3964 ὅτι
3117 3909 3233 3982 μεθ’
3283 3910 3443 3982 ἡμῶν
3474 3910 3585 3981 (48)
3619 3907 3648 3960 6
3680 3906 3836 3968 Θεός.

2188 4005 2334 4061 Διότι
2367 4003 2566 4059 ἀπολεῖ
2601 4003 2700 4071 τὴν
2735 4000 2920 4074 σοφίαν
2949 4003 3056 4054 τῶν
3103 4002 3310 4076 σοφῶν,
3342 3997 3429 4051 καὶ
3474 3998 3574 4064 τὴν
3627 3995 3839 4050 σύνεσιν

2184 4099 2294 4150 τῶν
2326 4096 2556 4148 συνετῶν
2599 4091 2867 4161 ἀθετήσει.
2901 4087 3112 4157 Βουλὴν
3165 4084 3255 4141 οὖν
3310 4086 3655 4161 ἀνθρωπίνην
3714 4105 3842 4139 κατ-

2187 4187 2338 4259 αργεῖ
2397 4183 2425 4236 6
2481 4187 2580 4250 τῆς
2641 4178 2885 4255 μεγάλης
2945 4175 3148 4254 βουλῆς
3213 4173 3468 4250 ἅγγελος,
3522 4174 3612 4229 καὶ
3671 4171 3845 4248 λόγον

2189 4272 2530 4347 ἀνθρώπινον
2590 4269 2769 4333 ἀθετεῖ
2828 4268 2855 4322 6
2911 4267 3040 4328 Θεὸς
3090 4261 3411 4341 Λόγος.Ὧν
3472 4260 3626 4318 οὐδὲν
3689 4263 3844 4334 ὑμῖν,

2188 4360 2374 4440 φησὶν,
2429 4359 2492 4414 οὐ
2549 4359 2624 4432 μὴ
2681 4355 2950 4431 ἐμμείνῃ·
3013 4352 3151 4409 διότι
3211 4354 3328 4426 μεθ’
3388 4355 3548 4425 ἡμῶν
3607 4354 3636 4405 ὁ
3687 4353 3842 4414 Θεός.

2187 4438 2472 4526 Χρήσιμον
2524 4445 2581 4502 δὲ
2634 4447 2686 4501 ὲν
2735 4449 2910 4521 καιρῷ
2969 4442 3219 4518 διωγμοῦ
3270 4440 3600 4518 θαῤῥοῦντας
3660 4438 3844 4516 λέγειν

2187 4544 2302 4600 τοῖς
2361 4533 2532 4592 ἔθνεσι
2590 4533 2674 4603 τὸ,
2734 4534 2856 4592 Ἐὰν
2907 4533 3006 4610 γὰρ
3083 4530 3249 4588 πάλιν
3328 4529 3615 4605 ῒσγύσητε,
3674 4529 3846 4586 πάλι]

426 4641 566 4695 dum
608 4636 762 4693 enim
798 4636 1036 4689 flamma
1069 4629 1401 4686 accessione
1437 4627 1691 4682 materia:
1722 4626 2075 4681 comburen-

2190 4626 2579 4698 ἡττηθήσεσθε.
2640 4622 2918 4685 Πολλάκις
2991 4622 3094 4696 γάρ
3171 4618 3557 4680 ἐπαναστάντες
3621 4617 3692 4693 τῇ
3749 4623 3850 4674 τοῦ

429 4729 513 4784 das
545 4726 734 4797 magis
757 4741 822 4779 ac
855 4721 1044 4793 magis
1075 4717 1364 4774 attollitur
1397 4732 1409 4770 :
1445 4716 1523 4769 ita
1555 4714 1593 4768 ii
1625 4715 1724 4787 qui
1756 4715 2076 4770 Ecclesium

433 4821 685 4872 evertere
719 4811 912 4869 conati
970 4814 1128 4874 sunt,
1179 4823 1411 4878 semper
1443 4821 1570 4861 eam
1605 4820 1706 4877 per
1726 4804 2079 4876 persecutio-

436 4922 541 4962 nes
571 4905 639 4959 ad
677 4902 958 4974 majorem
983 4898 1228 4972 gloriam
1260 4904 1428 4967 atque
1451 4898 1798 4966 potestatem
1816 4910 2082 4964 provexe-

435 4999 596 5049 runt.

503 5171 628 5228 212.
664 5169 834 5224 Vaas.
871 5167 1058 5222 11-14.
1092 5167 1185 5221 Sic
1214 5163 1348 5219 dicit
1410 5163 1680 5218 Dominus
1710 5177 1729 5215 :
1753 5161 1902 5216 Forti
1957 5177 2079 5217 ma-

433 5262 538 5319 nui
565 5277 675 5316 non
725 5259 1118 5329 obsequuntur,
1147 5252 1342 5311 itineri
1387 5252 1500 5307 viae
1526 5250 1718 5322 populi
1763 5249 1946 5321 hujus,
1995 5251 2081 5306 di-

2191 4719 2427 4794 Χριστοῦ
2501 4713 2829 4784 Ἐκκλησίᾳ,
2908 4709 3182 4772 πολλάκις
3253 4707 3567 4764 κατέπεσον.
3639 4709 3852 4783 “Ωσπερ

2191 4807 2296 4882 γὰρ
2332 4805 2383 4859 οἳ
2413 4807 2480 4876 τῇ
2511 4804 2801 4878 προσθήκῃ
2833 4807 2932 4869 τῆς
2963 4798 3101 4870 ὕλης
3145 4805 3246 4868 τῆς
3292 4796 3590 4870 καιομένης
3651 4796 3741 4851 ἰπὶ
3785 4796 3852 4851 τὸ

2197 4901 2379 4970 μεῖζον
2413 4890 2658 4967 α⁰ίροντες
2691 4891 2791 4959 τήν
2825 4889 3025 4966 φλόγα,
3058 4887 3230 4949 οὕτως
3259 4885 3339 4941 ἀεὶ
3383 4887 3437 4940 οἱ
3465 4883 3714 4949 καθελεῖν
3747 4887 3852 4952 τήν

2193 4980 2522 5050 Ἐκκλησίαν
2561 4976 2953 5038 σπουδάσαντες
2983 4978 3117 5051 (49),
3148 4975 3237 5031 διὸ⁴
3277 4975 3384 5030 τῶν
3437 4972 3698 5050 διωγμῶν
3757 4973 3854 5028 αὖ·-

2189 5074 2289 5143 τὴν
2326 5070 2402 5133 εἷς
2441 5071 2663 5143 μείζονα
2695 5065 2855 5138 δόξης
2887 5069 3198 5142 προήγαγον
3231 5065 3318 5120 καὶ
3350 5063 3651 5138 δυνάμεως.

2258 5162 2384 5219 212.
2423 5158 2580 5218 Οὕτω
2632 5156 2777 5234 λέγει
2833 5156 3028 5233 Κύριος
3055 5174 3068 5187 ·
3103 5158 3188 5229 Τῇ
3229 5153 3433 5230 ἴσχυρᾷ
3487 5153 3636 5229 χειρὶ
3693 5152 3854 5208 ἀπει-

2192 5255 2366 5319 θοῦσι,
2430 5252 2498 5323 τῇ
2551 5247 2746 5322 πορείᾳ
2789 5249 2891 5310 τῆς
2964 5241 3094 5298 ὁδοῦ
3139 5247 3236 5299 τοῦ
3286 5241 3422 5298 λαοῦ
3478 5242 3703 5313 τούτου,
3754 5243 3856 5299 λέ-

508 5390 556 5425 ³⁴
578 5388 744 5444 Rom.
779 5403 819 5454 1,
851 5383 941 5438 28.
974 5381 1018 5418 ³⁵
1045 5379 1250 5436 Matth.
1284 5395 1324 5448 1,
1358 5377 1448 5431 23.
1484 5376 1528 5411 ³⁸
1558 5374 1713 5431 Psal.
1746 5391 1904 5445 xvui,
1933 5379 1986 5433 5.
2011 5379 2053 5414 ³⁷

2190 5383 2281 5437 lor.
2315 5395 2420 5446 x11,
2447 5377 2503 5432 9.
2535 5376 2578 5412 ³⁸
2631 5378 2742 5434 Isa.
2803 5391 2958 5445 xxxx,
2994 5373 3060 5430 14
3095 5389 3108 5440 ;
3145 5373 3166 5429 Ι
3197 5373 3323 5428 Cor.
3359 5389 3400 5442 1,
3431 5371 3516 5428 19.
3548 5371 3594 5407 ³³
3622 5372 3736 5428 Isa.
3772 5390 3855 5444 ix,

365 5479 496 5545 ,6.

511 5602 625 5746 E473
656 5597 896 5669 Antiqui
928 5613 1028 5653 sex
1056 5594 1212 5678 libri,
1273 5589 1580 5666 γενήσεσθε.
1640 5590 1810 5657 Editi,
1843 5590 2086 5666 γένησθε.

535 5675 602 5746 48
657 5673 808 5728 Editi
833 5675 890 5728 et
919 5670 1058 5742 Reg.
1093 5682 1342 5742 primus,
1379 5663 1495 5736 μεθ’
1533 5662 1706 5736 ὑμῶν.
1753 5664 1859 5721 Alii
1919 5684 2086 5736 mss.,

535 5604 601 5657 47
656 5602 896 5669 Antiqui
928 5613 1028 5653 sex
1057 5602 1212 5663 libri,
1273 5602 1580 5666 γενήσεσθε.
1641 5602 1810 5657 Editi,
1843 5602 2086 5666 γένησθε.

535 5602 808 5814 βϐἐμὲἱίνίιί
833 5675 890 5728 et
919 5670 1058 5742 Reg.
1093 5667 1342 5742 primus,
1379 5663 1495 5736 μεθ’
1533 5662 1706 5736 ὑμῶν.
1753 5664 1859 5721 Alii
1919 5684 2086 5736 ωδε..

635 5747 750 5817 μῶν
760 5784 774 5801 .

448 5745 566 5819 μεθ’

2272 5591 2386 5665 (49)
2417 5591 2669 5665 Uterque
2727 5582 3388 5665 _Colb.,_1_1nou8o'i§ovuc.
3449 5585 3617 5641 Haud
3679 5585 3860 5660 longe

2196 5660 2302 5723 θεὲ(
2333 5660 2501 5737 Πὶεεη
2542 5660 2618 5726 είς
2653 5661 2887 5735 μείζονα.
2919 5660 3095 5730 Editi,
3139 5662 3346 5732 μεῖζον.
