  <div class='ocr_page' id='page_1' title='image "/cluster/home/n/w/nwhite01/storage/ocr_20150623/30/hvd.32044073501827/251.png"; bbox 0 0 4118 6220; ppageno 0'>
   <div class='ocr_carea' id='block_1_1' title="bbox 449 357 567 419">
    <p class='ocr_par' dir='ltr' id='par_1_1' title="bbox 449 357 567 419">
     <span class='ocr_line' id='line_1_1' title="bbox 449 357 567 419; baseline 0 -2"><span class='ocrx_word' id='word_1_1' title='bbox 449 357 567 419; x_wconf 70' lang='grc'>487</span> 
     </span>
    </p>
   </div>
   <div class='ocr_carea' id='block_1_2' title="bbox 1395 344 2921 411">
    <p class='ocr_par' dir='ltr' id='par_1_2' title="bbox 1395 344 2921 411">
     <span class='ocr_line' id='line_1_2' title="bbox 1395 344 2921 411; baseline 0 -2"><span class='ocrx_word' id='word_1_2' title='bbox 1395 348 1793 410; x_wconf 81' lang='lat' dir='ltr'><strong>APPENDIX</strong></span> <span class='ocrx_word' id='word_1_3' title='bbox 1836 344 2160 408; x_wconf 79' lang='lat' dir='ltr'>OPERUM</span> <span class='ocrx_word' id='word_1_4' title='bbox 2205 345 2270 406; x_wconf 94' lang='lat' dir='ltr'>S.</span> <span class='ocrx_word' id='word_1_5' title='bbox 2314 345 2604 409; x_wconf 79' lang='lat' dir='ltr'>BASILII</span> <span class='ocrx_word' id='word_1_6' title='bbox 2645 347 2921 411; x_wconf 78' lang='lat' dir='ltr'><strong>MAGNI.</strong></span> 
     </span>
    </p>
   </div>
   <div class='ocr_carea' id='block_1_3' title="bbox 3742 358 3878 422">
    <p class='ocr_par' dir='ltr' id='par_1_3' title="bbox 3742 358 3878 422">
     <span class='ocr_line' id='line_1_3' title="bbox 3742 358 3878 422; baseline 0.015 -1"><span class='ocrx_word' id='word_1_7' title='bbox 3742 358 3878 422; x_wconf 68' lang='grc'>188</span> 
     </span>
    </p>
   </div>
   <div class='ocr_carea' id='block_1_4' title="bbox 445 474 2062 560">
    <p class='ocr_par' dir='ltr' id='par_1_4' title="bbox 445 478 2062 558">
     <span class='ocr_line' id='line_1_4' title="bbox 445 478 2062 558; baseline -0.007 -14"><span class='ocrx_word' id='word_1_8' title='bbox 445 487 907 558; x_wconf 81' lang='lat' dir='ltr'>haudquaquam</span> <span class='ocrx_word' id='word_1_9' title='bbox 940 482 1148 539; x_wconf 72' lang='lat' dir='ltr'>ferant.</span> <span class='ocrx_word' id='word_1_10' title='bbox 1183 479 1407 536; x_wconf 82' lang='lat' dir='ltr'>Malitia</span> <span class='ocrx_word' id='word_1_11' title='bbox 1436 479 1731 551; x_wconf 75' lang='lat' dir='ltr'>siquidem</span> <span class='ocrx_word' id='word_1_12' title='bbox 1753 478 1978 534; x_wconf 78' lang='lat' dir='ltr'>inescat</span> <span class='ocrx_word' id='word_1_13' title='bbox 1997 494 2062 532; x_wconf 89' lang='lat' dir='ltr'>vo</span> 
     </span>
    </p>
   </div>
   <div class='ocr_carea' id='block_1_5' title="bbox 2178 474 3869 560">
    <p class='ocr_par' dir='ltr' id='par_1_5' title="bbox 2178 474 3869 560">
     <span class='ocr_line' id='line_1_5' title="bbox 2178 474 3869 560; baseline 0.012 -33"><span class='ocrx_word' id='word_1_14' title='bbox 2178 538 2180 542; x_wconf 23' lang='grc' dir='ltr'><strong><em>τ</em></strong></span> <span class='ocrx_word' id='word_1_15' title='bbox 2208 475 2307 545; x_wconf 78' lang='grc' dir='ltr'>τὴν</span> <span class='ocrx_word' id='word_1_16' title='bbox 2343 474 2466 551; x_wconf 88' lang='grc' dir='ltr'>βίου</span> <span class='ocrx_word' id='word_1_17' title='bbox 2500 479 2574 550; x_wconf 73' lang='grc' dir='ltr'>μὴ</span> <span class='ocrx_word' id='word_1_18' title='bbox 2611 480 2722 552; x_wconf 89' lang='grc'>(57)</span> <span class='ocrx_word' id='word_1_19' title='bbox 2754 479 3026 557; x_wconf 66' lang='grc' dir='ltr'>φέροντες.</span> <span class='ocrx_word' id='word_1_20' title='bbox 3057 484 3118 540; x_wconf 87' lang='grc' dir='ltr'><strong>Ἦ</strong></span> <span class='ocrx_word' id='word_1_21' title='bbox 3156 484 3250 555; x_wconf 78' lang='grc' dir='ltr'>μὶν</span> <span class='ocrx_word' id='word_1_22' title='bbox 3277 483 3379 560; x_wconf 76' lang='grc' dir='ltr'>γὰρ</span> <span class='ocrx_word' id='word_1_23' title='bbox 3404 484 3565 542; x_wconf 79' lang='grc' dir='ltr'>κακία</span> <span class='ocrx_word' id='word_1_24' title='bbox 3615 485 3869 560; x_wconf 80' lang='grc' dir='ltr'>δελεάζει</span> 
     </span>
    </p>
   </div>
   <div class='ocr_carea' id='block_1_6' title="bbox 445 564 2062 653">
    <p class='ocr_par' dir='ltr' id='par_1_6' title="bbox 445 566 2062 650">
     <span class='ocr_line' id='line_1_6' title="bbox 445 566 2062 650; baseline -0.008 -17"><span class='ocrx_word' id='word_1_25' title='bbox 445 576 691 650; x_wconf 81' lang='lat' dir='ltr'>luptatis</span> <span class='ocrx_word' id='word_1_26' title='bbox 722 573 1000 630; x_wconf 83' lang='lat' dir='ltr'>lenitate:</span> <span class='ocrx_word' id='word_1_27' title='bbox 1036 571 1224 626; x_wconf 89' lang='lat' dir='ltr'>virtus</span> <span class='ocrx_word' id='word_1_28' title='bbox 1256 586 1387 626; x_wconf 89' lang='lat' dir='ltr'>vero</span> <span class='ocrx_word' id='word_1_29' title='bbox 1409 569 1752 624; x_wconf 82' lang='lat' dir='ltr'>austeritate</span> <span class='ocrx_word' id='word_1_30' title='bbox 1775 566 2062 640; x_wconf 68' lang='lat' dir='ltr'>disciplina</span> 
     </span>
    </p>
   </div>
   <div class='ocr_carea' id='block_1_7' title="bbox 2178 564 3860 653">
    <p class='ocr_par' dir='ltr' id='par_1_7' title="bbox 2208 564 3860 653">
     <span class='ocr_line' id='line_1_7' title="bbox 2208 564 3860 653; baseline 0.01 -34"><span class='ocrx_word' id='word_1_31' title='bbox 2208 569 2287 637; x_wconf 83' lang='grc' dir='ltr'>τῷ</span> <span class='ocrx_word' id='word_1_32' title='bbox 2321 564 2453 640; x_wconf 85' lang='grc' dir='ltr'>λείῳ</span> <span class='ocrx_word' id='word_1_33' title='bbox 2481 574 2582 637; x_wconf 86' lang='grc' dir='ltr'>τῆς</span> <span class='ocrx_word' id='word_1_34' title='bbox 2608 567 2831 640; x_wconf 81' lang='grc' dir='ltr'>ἡδονῆς·</span> <span class='ocrx_word' id='word_1_35' title='bbox 2863 572 2896 624; x_wconf 60' lang='grc' dir='ltr'><strong>ὖ</strong></span> <span class='ocrx_word' id='word_1_36' title='bbox 2957 567 3013 626; x_wconf 79' lang='grc' dir='ltr'>δὶ</span> <span class='ocrx_word' id='word_1_37' title='bbox 3059 572 3221 648; x_wconf 85' lang='grc' dir='ltr'>ἀρετὴ</span> <span class='ocrx_word' id='word_1_38' title='bbox 3265 573 3713 653; x_wconf 78' lang='grc' dir='ltr'>σκληραγωγίαις</span> <span class='ocrx_word' id='word_1_39' title='bbox 3762 581 3860 636; x_wconf 80' lang='grc' dir='ltr'>καὶ</span> 
     </span>
    </p>
   </div>
   <div class='ocr_carea' id='block_1_8' title="bbox 407 660 2097 740">
    <p class='ocr_par' dir='ltr' id='par_1_8' title="bbox 407 660 2097 740">
     <span class='ocr_line' id='line_1_8' title="bbox 407 660 2097 740; baseline -0.007 -19"><span class='ocrx_word' id='word_1_40' title='bbox 407 727 411 740; x_wconf 42' lang='grc' dir='ltr'>ι</span> <span class='ocrx_word' id='word_1_41' title='bbox 445 672 504 722; x_wconf 91' lang='lat' dir='ltr'>et</span> <span class='ocrx_word' id='word_1_42' title='bbox 532 667 732 721; x_wconf 88' lang='lat' dir='ltr'>labore</span> <span class='ocrx_word' id='word_1_43' title='bbox 763 665 942 718; x_wconf 88' lang='lat' dir='ltr'>vitam</span> <span class='ocrx_word' id='word_1_44' title='bbox 977 677 1182 716; x_wconf 90' lang='lat' dir='ltr'>eorum</span> <span class='ocrx_word' id='word_1_45' title='bbox 1219 660 1319 732; x_wconf 91' lang='lat' dir='ltr'>qui</span> <span class='ocrx_word' id='word_1_46' title='bbox 1353 660 1411 713; x_wconf 89' lang='lat' dir='ltr'>in</span> <span class='ocrx_word' id='word_1_47' title='bbox 1444 676 1511 714; x_wconf 88' lang='lat' dir='ltr'>ea</span> <span class='ocrx_word' id='word_1_48' title='bbox 1543 675 1604 715; x_wconf 90' lang='lat' dir='ltr'>se</span> <span class='ocrx_word' id='word_1_49' title='bbox 1656 663 1944 722; x_wconf 84' lang='lat' dir='ltr'>exercent,</span> <span class='ocrx_word' id='word_1_50' title='bbox 2003 673 2097 711; x_wconf 87' lang='lat' dir='ltr'>ex-</span> 
     </span>
    </p>
   </div>
   <div class='ocr_carea' id='block_1_9' title="bbox 2209 653 3864 736">
    <p class='ocr_par' dir='ltr' id='par_1_9' title="bbox 2209 653 3864 736">
     <span class='ocr_line' id='line_1_9' title="bbox 2209 653 3864 736; baseline 0.01 -28"><span class='ocrx_word' id='word_1_51' title='bbox 2209 653 2396 718; x_wconf 88' lang='grc' dir='ltr'>πόνοις</span> <span class='ocrx_word' id='word_1_52' title='bbox 2428 655 2746 734; x_wconf 78' lang='grc' dir='ltr'>ἐκτραχύνει</span> <span class='ocrx_word' id='word_1_53' title='bbox 2777 660 2866 714; x_wconf 85' lang='grc' dir='ltr'>τὸν</span> <span class='ocrx_word' id='word_1_54' title='bbox 2904 661 3022 736; x_wconf 87' lang='grc' dir='ltr'>βίον</span> <span class='ocrx_word' id='word_1_55' title='bbox 3053 666 3160 716; x_wconf 89' lang='grc' dir='ltr'>τῶν</span> <span class='ocrx_word' id='word_1_56' title='bbox 3195 663 3567 736; x_wconf 71' lang='grc' dir='ltr'>ἀσκουμένων.</span> <span class='ocrx_word' id='word_1_57' title='bbox 3600 670 3697 723; x_wconf 84' lang='grc' dir='ltr'>Διά</span> <span class='ocrx_word' id='word_1_58' title='bbox 3722 670 3864 733; x_wconf 77' lang='grc' dir='ltr'>τοὺς</span> 
     </span>
    </p>
   </div>
   <div class='ocr_carea' id='block_1_10' title="bbox 445 741 2062 832">
    <p class='ocr_par' dir='ltr' id='par_1_10' title="bbox 445 746 2062 827">
     <span class='ocr_line' id='line_1_10' title="bbox 445 746 2062 827; baseline -0.006 -15"><span class='ocrx_word' id='word_1_59' title='bbox 445 761 699 827; x_wconf 77' lang='lat' dir='ltr'>asperat.</span> <span class='ocrx_word' id='word_1_60' title='bbox 730 756 957 824; x_wconf 83' lang='lat' dir='ltr'>Propter</span> <span class='ocrx_word' id='word_1_61' title='bbox 976 752 1142 806; x_wconf 80' lang='lat' dir='ltr'>verba</span> <span class='ocrx_word' id='word_1_62' title='bbox 1167 751 1446 805; x_wconf 83' lang='lat' dir='ltr'>Iabiorum</span> <span class='ocrx_word' id='word_1_63' title='bbox 1473 757 1690 804; x_wconf 87' lang='lat' dir='ltr'>tuorum</span> <span class='ocrx_word' id='word_1_64' title='bbox 1715 764 1811 816; x_wconf 86' lang='lat' dir='ltr'>ego</span> <span class='ocrx_word' id='word_1_65' title='bbox 1835 746 2062 802; x_wconf 80' lang='lat' dir='ltr'>custodit</span> 
     </span>
    </p>
   </div>
   <div class='ocr_carea' id='block_1_11' title="bbox 2178 741 3861 832">
    <p class='ocr_par' dir='ltr' id='par_1_11' title="bbox 2208 741 3861 832">
     <span class='ocr_line' id='line_1_11' title="bbox 2208 741 3861 832; baseline 0.01 -35"><span class='ocrx_word' id='word_1_66' title='bbox 2208 741 2403 832; x_wconf 84' lang='grc' dir='ltr'>λόγους</span> <span class='ocrx_word' id='word_1_67' title='bbox 2493 750 2600 801; x_wconf 90' lang='grc' dir='ltr'>τῶν</span> <span class='ocrx_word' id='word_1_68' title='bbox 2697 747 2929 824; x_wconf 83' lang='grc' dir='ltr'>χειλέων</span> <span class='ocrx_word' id='word_1_69' title='bbox 3022 772 3116 805; x_wconf 90' lang='grc' dir='ltr'>σου</span> <span class='ocrx_word' id='word_1_70' title='bbox 3201 750 3304 826; x_wconf 85' lang='grc' dir='ltr'>ἐγώ</span> <span class='ocrx_word' id='word_1_71' title='bbox 3373 752 3606 832; x_wconf 78' lang='grc' dir='ltr'>ἐφύλαξα</span> <span class='ocrx_word' id='word_1_72' title='bbox 3689 755 3861 823; x_wconf 69' lang='grc' dir='ltr'>ὁδοὺς</span> 
     </span>
    </p>
   </div>
   <div class='ocr_carea' id='block_1_12' title="bbox 443 838 2095 908">
    <p class='ocr_par' dir='ltr' id='par_1_12' title="bbox 443 838 2095 908">
     <span class='ocr_line' id='line_1_12' title="bbox 443 838 2095 908; baseline -0.006 -8"><span class='ocrx_word' id='word_1_73' title='bbox 443 847 561 900; x_wconf 83' lang='lat' dir='ltr'>vias</span> <span class='ocrx_word' id='word_1_74' title='bbox 585 845 751 900; x_wconf 84' lang='lat' dir='ltr'>duras</span> <span class='ocrx_word' id='word_1_75' title='bbox 782 844 846 896; x_wconf 69' lang='lat'>‘9.</span> <span class='ocrx_word' id='word_1_76' title='bbox 880 842 1115 896; x_wconf 81' lang='lat' dir='ltr'>Tradita</span> <span class='ocrx_word' id='word_1_77' title='bbox 1147 839 1315 894; x_wconf 88' lang='lat' dir='ltr'>nobis</span> <span class='ocrx_word' id='word_1_78' title='bbox 1349 840 1415 894; x_wconf 89' lang='lat' dir='ltr'>ad</span> <span class='ocrx_word' id='word_1_79' title='bbox 1451 844 1683 894; x_wconf 89' lang='lat' dir='ltr'>nostras</span> <span class='ocrx_word' id='word_1_80' title='bbox 1705 838 1933 892; x_wconf 87' lang='lat' dir='ltr'>animas</span> <span class='ocrx_word' id='word_1_81' title='bbox 1966 853 2095 908; x_wconf 89' lang='lat' dir='ltr'>per-</span> 
     </span>
    </p>
   </div>
   <div class='ocr_carea' id='block_1_13' title="bbox 444 925 2092 1004">
    <p class='ocr_par' dir='ltr' id='par_1_13' title="bbox 444 925 2092 1004">
     <span class='ocr_line' id='line_1_13' title="bbox 444 925 2092 1004; baseline -0.006 -15"><span class='ocrx_word' id='word_1_82' title='bbox 444 935 721 990; x_wconf 81' lang='lat' dir='ltr'>ﬁciendae</span> <span class='ocrx_word' id='word_1_83' title='bbox 754 936 1062 1004; x_wconf 74' lang='lat' dir='ltr'>prmcepta,</span> <span class='ocrx_word' id='word_1_84' title='bbox 1093 929 1216 984; x_wconf 84' lang='lat' dir='ltr'>vias</span> <span class='ocrx_word' id='word_1_85' title='bbox 1247 929 1426 983; x_wconf 87' lang='lat' dir='ltr'>duras</span> <span class='ocrx_word' id='word_1_86' title='bbox 1457 927 1733 999; x_wconf 87' lang='lat' dir='ltr'>appellat.</span> <span class='ocrx_word' id='word_1_87' title='bbox 1755 925 1898 991; x_wconf 86' lang='lat' dir='ltr'>Quid</span> <span class='ocrx_word' id='word_1_88' title='bbox 1925 941 2092 997; x_wconf 88' lang='lat' dir='ltr'>aspe-</span> 
     </span>
    </p>
   </div>
   <div class='ocr_carea' id='block_1_14' title="bbox 440 1015 2093 1094">
    <p class='ocr_par' dir='ltr' id='par_1_14' title="bbox 440 1015 2093 1094">
     <span class='ocr_line' id='line_1_14' title="bbox 440 1015 2093 1094; baseline -0.006 -15"><span class='ocrx_word' id='word_1_89' title='bbox 440 1025 564 1080; x_wconf 84' lang='lat' dir='ltr'>rius</span> <span class='ocrx_word' id='word_1_90' title='bbox 594 1037 790 1094; x_wconf 89' lang='lat' dir='ltr'>quam,</span> <span class='ocrx_word' id='word_1_91' title='bbox 827 1026 890 1075; x_wconf 90' lang='lat' dir='ltr'>ut</span> <span class='ocrx_word' id='word_1_92' title='bbox 921 1019 1051 1090; x_wconf 88' lang='lat' dir='ltr'>quis</span> <span class='ocrx_word' id='word_1_93' title='bbox 1086 1023 1311 1089; x_wconf 72' lang='lat' dir='ltr'>&#39;ecepta</span> <span class='ocrx_word' id='word_1_94' title='bbox 1367 1017 1423 1071; x_wconf 90' lang='lat' dir='ltr'>in</span> <span class='ocrx_word' id='word_1_95' title='bbox 1475 1016 1708 1071; x_wconf 84' lang='lat' dir='ltr'>maxilla</span> <span class='ocrx_word' id='word_1_96' title='bbox 1755 1015 1944 1088; x_wconf 83' lang='lat' dir='ltr'>plaga,</span> <span class='ocrx_word' id='word_1_97' title='bbox 1996 1015 2093 1070; x_wconf 80' lang='lat' dir='ltr'>ob-</span> 
     </span>
    </p>
   </div>
   <div class='ocr_carea' id='block_1_15' title="bbox 2206 831 3860 917">
    <p class='ocr_par' dir='ltr' id='par_1_15' title="bbox 2206 831 3860 917">
     <span class='ocr_line' id='line_1_15' title="bbox 2206 831 3860 917; baseline 0.011 -32"><span class='ocrx_word' id='word_1_98' title='bbox 2206 831 2464 907; x_wconf 83' lang='grc' dir='ltr'>σκληράς.</span> <span class='ocrx_word' id='word_1_99' title='bbox 2503 837 2760 911; x_wconf 74' lang='grc' dir='ltr'>Σκληρᾶς</span> <span class='ocrx_word' id='word_1_100' title='bbox 2790 841 2899 910; x_wconf 88' lang='grc'>(58)</span> <span class='ocrx_word' id='word_1_101' title='bbox 2933 835 3092 902; x_wconf 70' lang='grc' dir='ltr'>ὁδοὺς</span> <span class='ocrx_word' id='word_1_102' title='bbox 3125 839 3267 917; x_wconf 82' lang='grc' dir='ltr'>λέγει</span> <span class='ocrx_word' id='word_1_103' title='bbox 3306 831 3420 904; x_wconf 78' lang='grc' dir='ltr'>τὰς</span> <span class='ocrx_word' id='word_1_104' title='bbox 3449 841 3536 898; x_wconf 81' lang='grc' dir='ltr'>ἐπὶ</span> <span class='ocrx_word' id='word_1_105' title='bbox 3577 845 3671 900; x_wconf 85' lang='grc' dir='ltr'>τὸν</span> <span class='ocrx_word' id='word_1_106' title='bbox 3717 869 3860 903; x_wconf 85' lang='grc' dir='ltr'>κατ-</span> 
     </span>
    </p>
   </div>
   <div class='ocr_carea' id='block_1_16' title="bbox 2201 923 3857 1006">
    <p class='ocr_par' dir='ltr' id='par_1_16' title="bbox 2201 923 3857 1006">
     <span class='ocr_line' id='line_1_16' title="bbox 2201 923 3857 1006; baseline 0.012 -31"><span class='ocrx_word' id='word_1_107' title='bbox 2201 923 2464 996; x_wconf 85' lang='grc' dir='ltr'>αρτισμὸν</span> <span class='ocrx_word' id='word_1_108' title='bbox 2518 929 2626 980; x_wconf 90' lang='grc' dir='ltr'>τῶν</span> <span class='ocrx_word' id='word_1_109' title='bbox 2682 929 2873 1002; x_wconf 67' lang='grc' dir='ltr'>ψυχῶν</span> <span class='ocrx_word' id='word_1_110' title='bbox 2906 929 3067 1002; x_wconf 83' lang='grc' dir='ltr'>ἡμῶν</span> <span class='ocrx_word' id='word_1_111' title='bbox 3120 926 3412 1002; x_wconf 72' lang='grc' dir='ltr'>δεδομένας</span> <span class='ocrx_word' id='word_1_112' title='bbox 3437 935 3572 1006; x_wconf 77' lang='grc' dir='ltr'>ἡμῖν</span> <span class='ocrx_word' id='word_1_113' title='bbox 3603 933 3857 1000; x_wconf 80' lang='grc' dir='ltr'>ἐντολάς.</span> 
     </span>
    </p>
   </div>
   <div class='ocr_carea' id='block_1_17' title="bbox 2201 1009 3858 1101">
    <p class='ocr_par' dir='ltr' id='par_1_17' title="bbox 2201 1009 3858 1101">
     <span class='ocr_line' id='line_1_17' title="bbox 2201 1009 3858 1101; baseline 0.008 -33"><span class='ocrx_word' id='word_1_114' title='bbox 2201 1011 2268 1068; x_wconf 90' lang='grc' dir='ltr'>Τί</span> <span class='ocrx_word' id='word_1_115' title='bbox 2327 1009 2690 1090; x_wconf 81' lang='grc' dir='ltr'>σκληρότερον</span> <span class='ocrx_word' id='word_1_116' title='bbox 2750 1020 2867 1086; x_wconf 87' lang='grc' dir='ltr'>τοῦ,</span> <span class='ocrx_word' id='word_1_117' title='bbox 2929 1012 3167 1073; x_wconf 88' lang='grc' dir='ltr'>λαϐόντα</span> <span class='ocrx_word' id='word_1_118' title='bbox 3213 1020 3434 1097; x_wconf 72' lang='grc' dir='ltr'>πληγήν</span> <span class='ocrx_word' id='word_1_119' title='bbox 3489 1024 3623 1078; x_wconf 80' lang='grc' dir='ltr'>κατὰ</span> <span class='ocrx_word' id='word_1_120' title='bbox 3659 1027 3858 1101; x_wconf 82' lang='grc' dir='ltr'>σιαγό-</span> 
     </span>
    </p>
   </div>
   <div class='ocr_carea' id='block_1_18' title="bbox 437 1101 2062 1191">
    <p class='ocr_par' dir='ltr' id='par_1_18' title="bbox 437 1104 2062 1183">
     <span class='ocr_line' id='line_1_18' title="bbox 437 1104 2062 1183; baseline -0.006 -16"><span class='ocrx_word' id='word_1_121' title='bbox 437 1119 619 1167; x_wconf 84' lang='lat' dir='ltr'>vertat</span> <span class='ocrx_word' id='word_1_122' title='bbox 642 1109 968 1183; x_wconf 87' lang='lat' dir='ltr'>percussori</span> <span class='ocrx_word' id='word_1_123' title='bbox 994 1114 1049 1163; x_wconf 86' lang='lat' dir='ltr'>et</span> <span class='ocrx_word' id='word_1_124' title='bbox 1080 1109 1323 1163; x_wconf 81' lang='lat' dir='ltr'>alteram</span> <span class='ocrx_word' id='word_1_125' title='bbox 1348 1105 1441 1162; x_wconf 68' lang='lat'>5°?</span> <span class='ocrx_word' id='word_1_126' title='bbox 1472 1109 1657 1172; x_wconf 88' lang='lat' dir='ltr'>Quam</span> <span class='ocrx_word' id='word_1_127' title='bbox 1690 1110 1755 1161; x_wconf 91' lang='lat' dir='ltr'>ut</span> <span class='ocrx_word' id='word_1_128' title='bbox 1802 1104 2062 1176; x_wconf 80' lang='lat' dir='ltr'>spoliata</span> 
     </span>
    </p>
   </div>
   <div class='ocr_carea' id='block_1_19' title="bbox 2178 1101 3854 1191">
    <p class='ocr_par' dir='ltr' id='par_1_19' title="bbox 2198 1101 3854 1191">
     <span class='ocr_line' id='line_1_19' title="bbox 2198 1101 3854 1191; baseline 0.01 -37"><span class='ocrx_word' id='word_1_129' title='bbox 2198 1121 2309 1169; x_wconf 87' lang='grc' dir='ltr'>νος,</span> <span class='ocrx_word' id='word_1_130' title='bbox 2363 1101 2584 1177; x_wconf 82' lang='grc' dir='ltr'>στρέψαι</span> <span class='ocrx_word' id='word_1_131' title='bbox 2643 1103 2789 1176; x_wconf 82' lang='grc' dir='ltr'>αὐτῷ</span> <span class='ocrx_word' id='word_1_132' title='bbox 2836 1106 2925 1160; x_wconf 83' lang='grc' dir='ltr'>καὶ</span> <span class='ocrx_word' id='word_1_133' title='bbox 2981 1108 3080 1176; x_wconf 76' lang='grc' dir='ltr'>τὴν</span> <span class='ocrx_word' id='word_1_134' title='bbox 3116 1105 3331 1179; x_wconf 80' lang='grc' dir='ltr'>ἅλλην;</span> <span class='ocrx_word' id='word_1_135' title='bbox 3362 1115 3482 1178; x_wconf 87' lang='grc' dir='ltr'>τοῦ,</span> <span class='ocrx_word' id='word_1_136' title='bbox 3514 1113 3854 1191; x_wconf 79' lang='grc' dir='ltr'>ἀποστερού-</span> 
     </span>
    </p>
   </div>
   <div class='ocr_carea' id='block_1_20' title="bbox 437 1195 2088 1271">
    <p class='ocr_par' dir='ltr' id='par_1_20' title="bbox 437 1195 2088 1271">
     <span class='ocr_line' id='line_1_20' title="bbox 437 1195 2088 1271; baseline -0.005 -15"><span class='ocrx_word' id='word_1_137' title='bbox 437 1200 583 1256; x_wconf 88' lang='lat' dir='ltr'>nihil</span> <span class='ocrx_word' id='word_1_138' title='bbox 617 1206 839 1271; x_wconf 86' lang='lat' dir='ltr'>repetat</span> <span class='ocrx_word' id='word_1_139' title='bbox 864 1199 905 1234; x_wconf 71' lang='lat'>5‘</span> <span class='ocrx_word' id='word_1_140' title='bbox 930 1199 956 1253; x_wconf 81' lang='lat' dir='ltr'>‘I</span> <span class='ocrx_word' id='word_1_141' title='bbox 987 1214 1157 1269; x_wconf 90' lang='lat' dir='ltr'>quam</span> <span class='ocrx_word' id='word_1_142' title='bbox 1195 1201 1262 1251; x_wconf 89' lang='lat' dir='ltr'>ut</span> <span class='ocrx_word' id='word_1_143' title='bbox 1300 1197 1367 1251; x_wconf 88' lang='lat' dir='ltr'>ad</span> <span class='ocrx_word' id='word_1_144' title='bbox 1404 1195 1662 1251; x_wconf 85' lang='lat' dir='ltr'>tribunal</span> <span class='ocrx_word' id='word_1_145' title='bbox 1694 1198 1940 1257; x_wconf 85' lang='lat' dir='ltr'>tractus,</span> <span class='ocrx_word' id='word_1_146' title='bbox 1989 1198 2088 1248; x_wconf 91' lang='lat' dir='ltr'>tu-</span> 
     </span>
    </p>
   </div>
   <div class='ocr_carea' id='block_1_21' title="bbox 434 1282 2085 1357">
    <p class='ocr_par' dir='ltr' id='par_1_21' title="bbox 434 1282 2085 1357">
     <span class='ocr_line' id='line_1_21' title="bbox 434 1282 2085 1357; baseline -0.006 -11"><span class='ocrx_word' id='word_1_147' title='bbox 434 1291 567 1346; x_wconf 90' lang='lat' dir='ltr'>nica</span> <span class='ocrx_word' id='word_1_148' title='bbox 595 1290 769 1344; x_wconf 89' lang='lat' dir='ltr'>etiam</span> <span class='ocrx_word' id='word_1_149' title='bbox 805 1304 866 1344; x_wconf 91' lang='lat' dir='ltr'>se</span> <span class='ocrx_word' id='word_1_150' title='bbox 887 1291 1059 1343; x_wconf 87' lang='lat' dir='ltr'>exuat</span> <span class='ocrx_word' id='word_1_151' title='bbox 1080 1287 1126 1322; x_wconf 78' lang='grc'>⁸²</span> <span class='ocrx_word' id='word_1_152' title='bbox 1147 1287 1173 1341; x_wconf 85' lang='lat'><strong><em>?</em></strong></span> <span class='ocrx_word' id='word_1_153' title='bbox 1200 1302 1376 1357; x_wconf 90' lang='lat' dir='ltr'>quam</span> <span class='ocrx_word' id='word_1_154' title='bbox 1409 1290 1474 1340; x_wconf 90' lang='lat' dir='ltr'>ut</span> <span class='ocrx_word' id='word_1_155' title='bbox 1498 1283 1802 1340; x_wconf 88' lang='lat' dir='ltr'>benedicat</span> <span class='ocrx_word' id='word_1_156' title='bbox 1839 1282 2085 1338; x_wconf 88' lang='lat' dir='ltr'>maledi-</span> 
     </span>
    </p>
   </div>
   <div class='ocr_carea' id='block_1_22' title="bbox 431 1371 2084 1448">
    <p class='ocr_par' dir='ltr' id='par_1_22' title="bbox 431 1371 2084 1448">
     <span class='ocr_line' id='line_1_22' title="bbox 431 1371 2084 1448; baseline -0.005 -15"><span class='ocrx_word' id='word_1_157' title='bbox 431 1380 538 1435; x_wconf 80' lang='lat' dir='ltr'>ctis</span> <span class='ocrx_word' id='word_1_158' title='bbox 568 1383 806 1435; x_wconf 82' lang='lat' dir='ltr'>vexatus</span> <span class='ocrx_word' id='word_1_159' title='bbox 836 1378 878 1412; x_wconf 67' lang='grc'>⁵³</span> <span class='ocrx_word' id='word_1_160' title='bbox 903 1377 930 1432; x_wconf 77' lang='lat' dir='ltr'>‘I</span> <span class='ocrx_word' id='word_1_161' title='bbox 959 1376 1100 1448; x_wconf 89' lang='lat' dir='ltr'>quid</span> <span class='ocrx_word' id='word_1_162' title='bbox 1137 1374 1342 1430; x_wconf 89' lang='lat' dir='ltr'>durius</span> <span class='ocrx_word' id='word_1_163' title='bbox 1370 1389 1546 1445; x_wconf 90' lang='lat' dir='ltr'>quam</span> <span class='ocrx_word' id='word_1_164' title='bbox 1570 1371 1761 1428; x_wconf 87' lang='lat' dir='ltr'>verbis</span> <span class='ocrx_word' id='word_1_165' title='bbox 1784 1377 2084 1428; x_wconf 87' lang='lat' dir='ltr'>contume-</span> 
     </span>
    </p>
   </div>
   <div class='ocr_carea' id='block_1_23' title="bbox 430 1459 2062 1542">
    <p class='ocr_par' dir='ltr' id='par_1_23' title="bbox 430 1461 2062 1539">
     <span class='ocr_line' id='line_1_23' title="bbox 430 1461 2062 1539; baseline -0.005 -15"><span class='ocrx_word' id='word_1_166' title='bbox 430 1469 598 1525; x_wconf 90' lang='lat' dir='ltr'>liosis</span> <span class='ocrx_word' id='word_1_167' title='bbox 612 1467 936 1539; x_wconf 88' lang='lat' dir='ltr'>appetitum</span> <span class='ocrx_word' id='word_1_168' title='bbox 960 1466 1287 1530; x_wconf 87' lang='lat' dir='ltr'>obsecrare,</span> <span class='ocrx_word' id='word_1_169' title='bbox 1319 1462 1610 1518; x_wconf 87' lang='lat' dir='ltr'>neminem</span> <span class='ocrx_word' id='word_1_170' title='bbox 1633 1461 2062 1532; x_wconf 89' lang='lat' dir='ltr'>odisse,precar</span> 
     </span>
    </p>
   </div>
   <div class='ocr_carea' id='block_1_24' title="bbox 2178 1459 3571 1542">
    <p class='ocr_par' dir='ltr' id='par_1_24' title="bbox 2194 1460 3571 1542">
     <span class='ocr_line' id='line_1_24' title="bbox 2194 1460 3571 1542; baseline 0.008 -31"><span class='ocrx_word' id='word_1_171' title='bbox 2194 1463 2344 1528; x_wconf 72' lang='lat' dir='ltr'>os‘iv;</span> <span class='ocrx_word' id='word_1_172' title='bbox 2400 1460 2531 1534; x_wconf 73' lang='grc' dir='ltr'>ὑπὲρ</span> <span class='ocrx_word' id='word_1_173' title='bbox 2588 1465 2696 1516; x_wconf 89' lang='grc' dir='ltr'>τῶν</span> <span class='ocrx_word' id='word_1_174' title='bbox 2748 1460 3055 1519; x_wconf 86' lang='grc' dir='ltr'>διωκόντων</span> <span class='ocrx_word' id='word_1_175' title='bbox 3125 1465 3571 1542; x_wconf 84' lang='grc' dir='ltr'>προσεύχεσθαι;</span> 
     </span>
    </p>
   </div>
   <div class='ocr_carea' id='block_1_25' title="bbox 428 1549 2080 1630">
    <p class='ocr_par' dir='ltr' id='par_1_25' title="bbox 428 1549 2080 1630">
     <span class='ocr_line' id='line_1_25' title="bbox 428 1549 2080 1630; baseline -0.004 -18"><span class='ocrx_word' id='word_1_176' title='bbox 428 1576 533 1630; x_wconf 90' lang='lat' dir='ltr'>pro</span> <span class='ocrx_word' id='word_1_177' title='bbox 557 1553 1153 1628; x_wconf 62' lang='lat' dir='ltr'>persequentibus“?</span> <span class='ocrx_word' id='word_1_178' title='bbox 1185 1554 1295 1608; x_wconf 85' lang='lat' dir='ltr'>Sed</span> <span class='ocrx_word' id='word_1_179' title='bbox 1322 1553 1536 1607; x_wconf 90' lang='lat' dir='ltr'>durum</span> <span class='ocrx_word' id='word_1_180' title='bbox 1557 1551 1701 1606; x_wconf 92' lang='lat' dir='ltr'>illud</span> <span class='ocrx_word' id='word_1_181' title='bbox 1722 1549 1951 1605; x_wconf 88' lang='lat' dir='ltr'>vivendi</span> <span class='ocrx_word' id='word_1_182' title='bbox 1981 1566 2080 1622; x_wconf 89' lang='lat' dir='ltr'>ge-</span> 
     </span>
    </p>
   </div>
   <div class='ocr_carea' id='block_1_26' title="bbox 2203 1193 3853 1279">
    <p class='ocr_par' dir='ltr' id='par_1_26' title="bbox 2203 1193 3853 1279">
     <span class='ocr_line' id='line_1_26' title="bbox 2203 1193 3853 1279; baseline 0.011 -36"><span class='ocrx_word' id='word_1_183' title='bbox 2203 1211 2393 1279; x_wconf 61' lang='grc' dir='ltr'>μενον,</span> <span class='ocrx_word' id='word_1_184' title='bbox 2421 1193 2495 1265; x_wconf 86' lang='grc' dir='ltr'>μή</span> <span class='ocrx_word' id='word_1_185' title='bbox 2541 1193 2824 1265; x_wconf 86' lang='grc' dir='ltr'>ἀπαιτεῖν;</span> <span class='ocrx_word' id='word_1_186' title='bbox 2876 1199 2995 1265; x_wconf 84' lang='grc' dir='ltr'>τοῦ,</span> <span class='ocrx_word' id='word_1_187' title='bbox 3045 1195 3340 1270; x_wconf 77' lang='grc' dir='ltr'>ἑλκόμενον</span> <span class='ocrx_word' id='word_1_188' title='bbox 3386 1200 3462 1262; x_wconf 81' lang='grc' dir='ltr'>εἰς</span> <span class='ocrx_word' id='word_1_189' title='bbox 3494 1198 3853 1279; x_wconf 75' lang='grc' dir='ltr'>δικαστήριον</span> 
     </span>
    </p>
   </div>
   <div class='ocr_carea' id='block_1_27' title="bbox 2198 1277 3850 1366">
    <p class='ocr_par' dir='ltr' id='par_1_27' title="bbox 2198 1277 3850 1366">
     <span class='ocr_line' id='line_1_27' title="bbox 2198 1277 3850 1366; baseline 0.01 -33"><span class='ocrx_word' id='word_1_190' title='bbox 2198 1277 2591 1345; x_wconf 75' lang='grc' dir='ltr'>ἐπαποδύεσθαι</span> <span class='ocrx_word' id='word_1_191' title='bbox 2649 1285 2761 1357; x_wconf 84' lang='grc'>(59)</span> <span class='ocrx_word' id='word_1_192' title='bbox 2807 1285 2899 1339; x_wconf 85' lang='grc' dir='ltr'>καὶ</span> <span class='ocrx_word' id='word_1_193' title='bbox 2954 1285 3045 1340; x_wconf 84' lang='grc' dir='ltr'>τὸν</span> <span class='ocrx_word' id='word_1_194' title='bbox 3101 1291 3352 1361; x_wconf 84' lang='grc' dir='ltr'>χιτῶνα;</span> <span class='ocrx_word' id='word_1_195' title='bbox 3414 1277 3850 1366; x_wconf 72' lang='grc' dir='ltr'>λοιδορούμενον</span> 
     </span>
    </p>
   </div>
   <div class='ocr_carea' id='block_1_28' title="bbox 2195 1367 3856 1455">
    <p class='ocr_par' dir='ltr' id='par_1_28' title="bbox 2195 1367 3856 1455">
     <span class='ocr_line' id='line_1_28' title="bbox 2195 1367 3856 1455; baseline 0.01 -33"><span class='ocrx_word' id='word_1_196' title='bbox 2195 1367 2478 1444; x_wconf 80' lang='grc' dir='ltr'>εύλογεῖν;</span> <span class='ocrx_word' id='word_1_197' title='bbox 2517 1369 3010 1448; x_wconf 83' lang='grc' dir='ltr'>βλασφημούμενον</span> <span class='ocrx_word' id='word_1_198' title='bbox 3061 1374 3437 1450; x_wconf 80' lang='grc' dir='ltr'>παρακαλεῖν;</span> <span class='ocrx_word' id='word_1_199' title='bbox 3487 1378 3690 1452; x_wconf 85' lang='grc' dir='ltr'>μηδένα</span> <span class='ocrx_word' id='word_1_200' title='bbox 3754 1405 3856 1455; x_wconf 85' lang='grc' dir='ltr'>μι-</span> 
     </span>
    </p>
   </div>
   <div class='ocr_carea' id='block_1_29' title="bbox 3650 1470 3843 1528">
    <p class='ocr_par' dir='ltr' id='par_1_29' title="bbox 3650 1470 3843 1528">
     <span class='ocr_line' id='line_1_29' title="bbox 3650 1470 3843 1528; baseline 0.01 -2"><span class='ocrx_word' id='word_1_201' title='bbox 3650 1470 3843 1528; x_wconf 74' lang='grc' dir='ltr'>Ἀλλὰ</span> 
     </span>
    </p>
   </div>
   <div class='ocr_carea' id='block_1_30' title="bbox 2189 1547 3849 1635">
    <p class='ocr_par' dir='ltr' id='par_1_30' title="bbox 2189 1547 3849 1635">
     <span class='ocr_line' id='line_1_30' title="bbox 2189 1547 3849 1635; baseline 0.01 -35"><span class='ocrx_word' id='word_1_202' title='bbox 2189 1551 2358 1602; x_wconf 86' lang='grc' dir='ltr'>ταῦτα</span> <span class='ocrx_word' id='word_1_203' title='bbox 2385 1549 2452 1603; x_wconf 82' lang='grc' dir='ltr'>τὰ</span> <span class='ocrx_word' id='word_1_204' title='bbox 2481 1547 2699 1635; x_wconf 81' lang='grc' dir='ltr'>σκληρὰ</span> <span class='ocrx_word' id='word_1_205' title='bbox 2723 1552 2815 1606; x_wconf 80' lang='grc' dir='ltr'>τὸν</span> <span class='ocrx_word' id='word_1_206' title='bbox 2849 1551 3058 1608; x_wconf 83' lang='grc' dir='ltr'>ἁπαλὸν</span> <span class='ocrx_word' id='word_1_207' title='bbox 3089 1555 3226 1626; x_wconf 81' lang='grc' dir='ltr'>ἡμῖν</span> <span class='ocrx_word' id='word_1_208' title='bbox 3254 1553 3465 1611; x_wconf 80' lang='grc' dir='ltr'>κόλπον</span> <span class='ocrx_word' id='word_1_209' title='bbox 3495 1563 3592 1612; x_wconf 90' lang='grc' dir='ltr'>τοῦ</span> <span class='ocrx_word' id='word_1_210' title='bbox 3633 1561 3849 1635; x_wconf 81' lang='grc' dir='ltr'>πατρὸς</span> 
     </span>
    </p>
   </div>
   <div class='ocr_carea' id='block_1_31' title="bbox 429 1633 2062 1724">
    <p class='ocr_par' dir='ltr' id='par_1_31' title="bbox 429 1640 2062 1714">
     <span class='ocr_line' id='line_1_31' title="bbox 429 1640 2062 1714; baseline -0.004 -13"><span class='ocrx_word' id='word_1_211' title='bbox 429 1663 542 1701; x_wconf 88' lang='lat' dir='ltr'>nus</span> <span class='ocrx_word' id='word_1_212' title='bbox 574 1661 809 1700; x_wconf 87' lang='lat' dir='ltr'>suavem</span> <span class='ocrx_word' id='word_1_213' title='bbox 835 1642 1078 1698; x_wconf 74' lang='lat' dir='ltr'>Abrahae</span> <span class='ocrx_word' id='word_1_214' title='bbox 1112 1642 1295 1714; x_wconf 83' lang='lat' dir='ltr'>patris</span> <span class='ocrx_word' id='word_1_215' title='bbox 1322 1641 1503 1697; x_wconf 89' lang='lat' dir='ltr'>nostri</span> <span class='ocrx_word' id='word_1_216' title='bbox 1533 1642 1729 1696; x_wconf 91' lang='lat' dir='ltr'>sinum</span> <span class='ocrx_word' id='word_1_217' title='bbox 1754 1657 1856 1713; x_wconf 90' lang='lat' dir='ltr'>pro</span> <span class='ocrx_word' id='word_1_218' title='bbox 1882 1640 2062 1711; x_wconf 73' lang='lat' dir='ltr'>requii</span> 
     </span>
    </p>
   </div>
   <div class='ocr_carea' id='block_1_32' title="bbox 2178 1633 3845 1724">
    <p class='ocr_par' dir='ltr' id='par_1_32' title="bbox 2189 1633 3845 1724">
     <span class='ocr_line' id='line_1_32' title="bbox 2189 1633 3845 1724; baseline 0.009 -35"><span class='ocrx_word' id='word_1_219' title='bbox 2189 1637 2348 1709; x_wconf 75' lang='grc' dir='ltr'>ἡμῶν</span> <span class='ocrx_word' id='word_1_220' title='bbox 2411 1633 2663 1713; x_wconf 79' lang='grc' dir='ltr'>Ἀϐραὰμ</span> <span class='ocrx_word' id='word_1_221' title='bbox 2719 1639 2796 1704; x_wconf 84' lang='grc' dir='ltr'>είς</span> <span class='ocrx_word' id='word_1_222' title='bbox 2848 1639 3142 1697; x_wconf 81' lang='grc' dir='ltr'>ἀνάπαυσιν</span> <span class='ocrx_word' id='word_1_223' title='bbox 3185 1641 3504 1720; x_wconf 77' lang='grc' dir='ltr'>εὐτρεπίζει.</span> <span class='ocrx_word' id='word_1_224' title='bbox 3563 1633 3845 1724; x_wconf 77' lang='grc' dir='ltr'>Μακάριοι</span> 
     </span>
    </p>
   </div>
   <div class='ocr_carea' id='block_1_33' title="bbox 427 1725 2062 1810">
    <p class='ocr_par' dir='ltr' id='par_1_33' title="bbox 427 1731 2062 1804">
     <span class='ocr_line' id='line_1_33' title="bbox 427 1731 2062 1804; baseline -0.004 -14"><span class='ocrx_word' id='word_1_225' title='bbox 427 1734 596 1790; x_wconf 87' lang='lat' dir='ltr'>nobis</span> <span class='ocrx_word' id='word_1_226' title='bbox 631 1737 892 1804; x_wconf 86' lang='lat' dir='ltr'>apparat.</span> <span class='ocrx_word' id='word_1_227' title='bbox 927 1733 1084 1787; x_wconf 89' lang='lat' dir='ltr'>Beati</span> <span class='ocrx_word' id='word_1_228' title='bbox 1112 1731 1266 1786; x_wconf 90' lang='lat' dir='ltr'>enim</span> <span class='ocrx_word' id='word_1_229' title='bbox 1299 1732 1399 1803; x_wconf 98' lang='lat' dir='ltr'>qui</span> <span class='ocrx_word' id='word_1_230' title='bbox 1439 1731 1647 1802; x_wconf 83' lang='lat' dir='ltr'>lugent,</span> <span class='ocrx_word' id='word_1_231' title='bbox 1681 1731 1940 1801; x_wconf 86' lang='lat' dir='ltr'>quoniam</span> <span class='ocrx_word' id='word_1_232' title='bbox 1971 1731 2062 1801; x_wconf 82' lang='lat' dir='ltr'>ips</span> 
     </span>
    </p>
   </div>
   <div class='ocr_carea' id='block_1_34' title="bbox 2178 1725 3839 1810">
    <p class='ocr_par' dir='ltr' id='par_1_34' title="bbox 2187 1725 3839 1810">
     <span class='ocr_line' id='line_1_34' title="bbox 2187 1725 3839 1810; baseline 0.01 -30"><span class='ocrx_word' id='word_1_233' title='bbox 2187 1725 2291 1802; x_wconf 81' lang='grc' dir='ltr'>γὰρ</span> <span class='ocrx_word' id='word_1_234' title='bbox 2350 1727 2403 1782; x_wconf 76' lang='grc' dir='ltr'>οἱ</span> <span class='ocrx_word' id='word_1_235' title='bbox 2459 1733 2778 1792; x_wconf 69' lang='grc' dir='ltr'>πενθοῦντες</span> <span class='ocrx_word' id='word_1_236' title='bbox 2813 1772 2826 1798; x_wconf 90' lang='grc'>,</span> <span class='ocrx_word' id='word_1_237' title='bbox 2889 1729 2972 1786; x_wconf 79' lang='grc' dir='ltr'>ὅτι</span> <span class='ocrx_word' id='word_1_238' title='bbox 3029 1731 3182 1788; x_wconf 82' lang='grc' dir='ltr'>αὐτοὶ</span> <span class='ocrx_word' id='word_1_239' title='bbox 3257 1731 3780 1810; x_wconf 82' lang='grc' dir='ltr'>παραλληθήσονται</span> <span class='ocrx_word' id='word_1_240' title='bbox 3824 1784 3839 1797; x_wconf 92' lang='grc'>.</span> 
     </span>
    </p>
   </div>
   <div class='ocr_carea' id='block_1_35' title="bbox 423 1815 2062 1928">
    <p class='ocr_par' dir='ltr' id='par_1_35' title="bbox 423 1819 2062 1928">
     <span class='ocr_line' id='line_1_35' title="bbox 423 1819 2062 1893; baseline -0.006 -13"><span class='ocrx_word' id='word_1_241' title='bbox 423 1824 849 1880; x_wconf 86' lang='lat' dir='ltr'>consolationem</span> <span class='ocrx_word' id='word_1_242' title='bbox 881 1823 1172 1893; x_wconf 76' lang='lat' dir='ltr'>accipient.</span> <span class='ocrx_word' id='word_1_243' title='bbox 1206 1822 1366 1876; x_wconf 82' lang='lat' dir='ltr'>Beati</span> <span class='ocrx_word' id='word_1_244' title='bbox 1387 1821 1482 1892; x_wconf 84' lang='lat' dir='ltr'>qui</span> <span class='ocrx_word' id='word_1_245' title='bbox 1501 1823 1752 1875; x_wconf 76' lang='lat' dir='ltr'>esuriant</span> <span class='ocrx_word' id='word_1_246' title='bbox 1798 1822 1851 1874; x_wconf 88' lang='lat' dir='ltr'>et</span> <span class='ocrx_word' id='word_1_247' title='bbox 1879 1819 2062 1874; x_wconf 68' lang='lat' dir='ltr'>sitiun.</span> 
     </span>
     <span class='ocr_line' id='line_1_36' title="bbox 436 1908 2062 1928; baseline 0 0"><span class='ocrx_word' id='word_1_248' title='bbox 436 1913 446 1926; x_wconf 90' lang='lat'>.</span> <span class='ocrx_word' id='word_1_249' title='bbox 909 1913 918 1923; x_wconf 90' lang='lat'>.</span> <span class='ocrx_word' id='word_1_250' title='bbox 1049 1913 1057 1920; x_wconf 85' lang='lat'>.</span> <span class='ocrx_word' id='word_1_251' title='bbox 1138 1912 1309 1928; x_wconf 87' lang='lat'>.</span> <span class='ocrx_word' id='word_1_252' title='bbox 1341 1909 1634 1928; x_wconf 80' lang='grc' dir='ltr'>ι.</span> <span class='ocrx_word' id='word_1_253' title='bbox 1674 1908 2062 1928; x_wconf 40' lang='lat' dir='ltr'>mnus-.-“</span> 
     </span>
    </p>
   </div>
   <div class='ocr_carea' id='block_1_36' title="bbox 2178 1815 3842 1928">
    <p class='ocr_par' dir='ltr' id='par_1_36' title="bbox 2187 1815 3842 1928">
     <span class='ocr_line' id='line_1_37' title="bbox 2187 1815 3842 1896; baseline 0.007 -25"><span class='ocrx_word' id='word_1_254' title='bbox 2187 1815 2459 1891; x_wconf 81' lang='grc' dir='ltr'>Μακάριοι</span> <span class='ocrx_word' id='word_1_255' title='bbox 2532 1817 2583 1871; x_wconf 74' lang='grc' dir='ltr'>οἱ</span> <span class='ocrx_word' id='word_1_256' title='bbox 2639 1822 2927 1882; x_wconf 80' lang='grc' dir='ltr'>πεινῶντες</span> <span class='ocrx_word' id='word_1_257' title='bbox 2983 1821 3074 1875; x_wconf 80' lang='grc' dir='ltr'>καὶ</span> <span class='ocrx_word' id='word_1_258' title='bbox 3144 1818 3414 1896; x_wconf 82' lang='grc' dir='ltr'>διψῶντεσ</span> <span class='ocrx_word' id='word_1_259' title='bbox 3467 1826 3567 1894; x_wconf 75' lang='grc' dir='ltr'>τὴν</span> <span class='ocrx_word' id='word_1_260' title='bbox 3622 1823 3842 1883; x_wconf 85' lang='grc' dir='ltr'>δικαιο-</span> 
     </span>
     <span class='ocr_line' id='line_1_38' title="bbox 2193 1903 3794 1928; baseline 0 0"><span class='ocrx_word' id='word_1_261' title='bbox 2193 1903 2246 1928; x_wconf 64' lang='grc' dir='ltr'>-Ῑ</span> <span class='ocrx_word' id='word_1_262' title='bbox 2274 1926 2331 1928; x_wconf 66' lang='lat'>._,_</span> <span class='ocrx_word' id='word_1_263' title='bbox 2458 1903 2529 1928; x_wconf 53' lang='grc' dir='ltr'>ι’μ.</span> <span class='ocrx_word' id='word_1_264' title='bbox 2670 1905 2682 1925; x_wconf 64' lang='grc' dir='ltr'><strong>ν</strong></span> <span class='ocrx_word' id='word_1_265' title='bbox 2760 1905 2775 1928; x_wconf 79' lang='lat'><strong><em>\</em></strong></span> <span class='ocrx_word' id='word_1_266' title='bbox 3073 1921 3090 1928; x_wconf 78' lang='grc'>-</span> <span class='ocrx_word' id='word_1_267' title='bbox 3120 1911 3133 1928; x_wconf 83' lang='grc' dir='ltr'><strong><em>Ι</em></strong></span> <span class='ocrx_word' id='word_1_268' title='bbox 3461 1919 3504 1928; x_wconf 75' lang='grc'>.-</span> <span class='ocrx_word' id='word_1_269' title='bbox 3544 1913 3558 1928; x_wconf 81' lang='lat'><strong><em>\</em></strong></span> <span class='ocrx_word' id='word_1_270' title='bbox 3742 1915 3794 1928; x_wconf 61' lang='grc' dir='ltr'>ιι</span> 
     </span>
    </p>
   </div>
   <div class='ocr_carea' id='block_1_37' title="bbox 416 1903 2062 1986">
    <p class='ocr_par' dir='ltr' id='par_1_37' title="bbox 416 1908 2062 1986">
     <span class='ocr_line' id='line_1_39' title="bbox 416 1908 2062 1986; baseline -0.002 -18"><span class='ocrx_word' id='word_1_271' title='bbox 416 1913 716 1986; x_wconf 80' lang='lat' dir='ltr'>justitiam,</span> <span class='ocrx_word' id='word_1_272' title='bbox 750 1913 1008 1982; x_wconf 79' lang='lat' dir='ltr'>quoniam</span> <span class='ocrx_word' id='word_1_273' title='bbox 1036 1912 1148 1982; x_wconf 81' lang='lat' dir='ltr'>ipsi</span> <span class='ocrx_word' id='word_1_274' title='bbox 1170 1911 1570 1966; x_wconf 85' lang='lat' dir='ltr'>saturabunlur</span> <span class='ocrx_word' id='word_1_275' title='bbox 1591 1908 1942 1965; x_wconf 71' lang='lat' dir='ltr'>“.Etomnis</span> <span class='ocrx_word' id='word_1_276' title='bbox 1959 1908 2062 1964; x_wconf 74' lang='lat' dir='ltr'>fert</span> 
     </span>
    </p>
   </div>
   <div class='ocr_carea' id='block_1_38' title="bbox 2178 1903 3370 1986">
    <p class='ocr_par' dir='ltr' id='par_1_38' title="bbox 2188 1903 3370 1985">
     <span class='ocr_line' id='line_1_40' title="bbox 2188 1903 3370 1985; baseline 0.009 -28"><span class='ocrx_word' id='word_1_277' title='bbox 2188 1903 2375 1975; x_wconf 85' lang='grc' dir='ltr'>σύνην,</span> <span class='ocrx_word' id='word_1_278' title='bbox 2453 1903 2534 1960; x_wconf 77' lang='grc' dir='ltr'>δτι</span> <span class='ocrx_word' id='word_1_279' title='bbox 2625 1905 2776 1962; x_wconf 73' lang='grc' dir='ltr'>αὐτοὶ</span> <span class='ocrx_word' id='word_1_280' title='bbox 2857 1911 3325 1985; x_wconf 74' lang='grc' dir='ltr'>χορτασθήσονται</span> <span class='ocrx_word' id='word_1_281' title='bbox 3355 1951 3370 1969; x_wconf 89' lang='grc'>.</span> 
     </span>
    </p>
   </div>
   <div class='ocr_carea' id='block_1_39' title="bbox 423 1998 2074 2072">
    <p class='ocr_par' dir='ltr' id='par_1_39' title="bbox 423 1998 2074 2072">
     <span class='ocr_line' id='line_1_41' title="bbox 423 1998 2074 2072; baseline -0.004 -14"><span class='ocrx_word' id='word_1_282' title='bbox 423 2005 554 2059; x_wconf 70' lang='lat' dir='ltr'>vitae</span> <span class='ocrx_word' id='word_1_283' title='bbox 577 2002 756 2072; x_wconf 84' lang='lat' dir='ltr'>hujus</span> <span class='ocrx_word' id='word_1_284' title='bbox 779 2001 1078 2055; x_wconf 82' lang='lat' dir='ltr'>afﬂictatio</span> <span class='ocrx_word' id='word_1_285' title='bbox 1101 2004 1316 2055; x_wconf 56' lang='lat' dir='ltr'>aeterna</span> <span class='ocrx_word' id='word_1_286' title='bbox 1337 1999 1491 2054; x_wconf 88' lang='lat' dir='ltr'>bona</span> <span class='ocrx_word' id='word_1_287' title='bbox 1515 1998 2074 2070; x_wconf 86' lang='lat' dir='ltr'>eoneiliat.Quapro-</span> 
     </span>
    </p>
   </div>
   <div class='ocr_carea' id='block_1_40' title="bbox 423 2087 2070 2165">
    <p class='ocr_par' dir='ltr' id='par_1_40' title="bbox 423 2087 2070 2165">
     <span class='ocr_line' id='line_1_42' title="bbox 423 2087 2070 2165; baseline -0.004 -18"><span class='ocrx_word' id='word_1_288' title='bbox 423 2100 551 2165; x_wconf 87' lang='lat' dir='ltr'>pter</span> <span class='ocrx_word' id='word_1_289' title='bbox 572 2093 769 2146; x_wconf 82' lang='lat' dir='ltr'>Euntes</span> <span class='ocrx_word' id='word_1_290' title='bbox 793 2090 948 2144; x_wconf 83' lang='lat' dir='ltr'>ibant</span> <span class='ocrx_word' id='word_1_291' title='bbox 980 2098 1029 2145; x_wconf 88' lang='lat' dir='ltr'>et</span> <span class='ocrx_word' id='word_1_292' title='bbox 1064 2091 1286 2159; x_wconf 66' lang='lat' dir='ltr'>&#39;lcbant,</span> <span class='ocrx_word' id='word_1_293' title='bbox 1328 2091 1600 2144; x_wconf 77' lang='lat' dir='ltr'>mittentes</span> <span class='ocrx_word' id='word_1_294' title='bbox 1635 2089 1849 2142; x_wconf 80' lang='lat' dir='ltr'>semina</span> <span class='ocrx_word' id='word_1_295' title='bbox 1890 2104 1991 2142; x_wconf 87' lang='lat' dir='ltr'>sua</span> <span class='ocrx_word' id='word_1_296' title='bbox 2006 2087 2070 2142; x_wconf 71' lang='grc'>⁵⁸.</span> 
     </span>
    </p>
   </div>
   <div class='ocr_carea' id='block_1_41' title="bbox 424 2177 2071 2252">
    <p class='ocr_par' dir='ltr' id='par_1_41' title="bbox 424 2177 2071 2252">
     <span class='ocr_line' id='line_1_43' title="bbox 424 2177 2071 2252; baseline -0.003 -15"><span class='ocrx_word' id='word_1_297' title='bbox 424 2180 702 2237; x_wconf 62' lang='lat' dir='ltr'>Molestia:</span> <span class='ocrx_word' id='word_1_298' title='bbox 725 2179 1018 2252; x_wconf 88' lang='lat' dir='ltr'>siquidem</span> <span class='ocrx_word' id='word_1_299' title='bbox 1044 2196 1170 2251; x_wconf 70' lang='lat' dir='ltr'>qua:</span> <span class='ocrx_word' id='word_1_300' title='bbox 1191 2195 1346 2234; x_wconf 91' lang='lat' dir='ltr'>nunc</span> <span class='ocrx_word' id='word_1_301' title='bbox 1367 2179 1438 2234; x_wconf 93' lang='lat' dir='ltr'>ob</span> <span class='ocrx_word' id='word_1_302' title='bbox 1463 2177 1757 2249; x_wconf 84' lang='lat' dir='ltr'>Deilegem</span> <span class='ocrx_word' id='word_1_303' title='bbox 1779 2177 2071 2248; x_wconf 89' lang='lat' dir='ltr'>accidunt,</span> 
     </span>
    </p>
   </div>
   <div class='ocr_carea' id='block_1_42' title="bbox 423 2268 2071 2327">
    <p class='ocr_par' dir='ltr' id='par_1_42' title="bbox 423 2268 2071 2327">
     <span class='ocr_line' id='line_1_44' title="bbox 423 2268 2071 2327; baseline -0.004 -1"><span class='ocrx_word' id='word_1_304' title='bbox 423 2287 622 2327; x_wconf 86' lang='lat' dir='ltr'>semen</span> <span class='ocrx_word' id='word_1_305' title='bbox 651 2273 825 2326; x_wconf 89' lang='lat' dir='ltr'>erunt</span> <span class='ocrx_word' id='word_1_306' title='bbox 855 2269 1188 2324; x_wconf 83' lang='lat' dir='ltr'>futurorum</span> <span class='ocrx_word' id='word_1_307' title='bbox 1223 2269 1529 2324; x_wconf 90' lang='lat' dir='ltr'>bonorum.</span> <span class='ocrx_word' id='word_1_308' title='bbox 1579 2268 1862 2322; x_wconf 81' lang='lat' dir='ltr'>Venientes</span> <span class='ocrx_word' id='word_1_309' title='bbox 1891 2275 2071 2322; x_wconf 83' lang='lat' dir='ltr'>autem</span> 
     </span>
    </p>
   </div>
   <div class='ocr_carea' id='block_1_43' title="bbox 419 2356 2066 2429">
    <p class='ocr_par' dir='ltr' id='par_1_43' title="bbox 419 2356 2066 2429">
     <span class='ocr_line' id='line_1_45' title="bbox 419 2356 2066 2429; baseline -0.003 -14"><span class='ocrx_word' id='word_1_310' title='bbox 419 2361 639 2415; x_wconf 83' lang='lat' dir='ltr'>venient</span> <span class='ocrx_word' id='word_1_311' title='bbox 659 2376 785 2414; x_wconf 85' lang='lat' dir='ltr'>cum</span> <span class='ocrx_word' id='word_1_312' title='bbox 807 2359 1192 2424; x_wconf 69' lang='lat' dir='ltr'>exsultatione,</span> <span class='ocrx_word' id='word_1_313' title='bbox 1214 2361 1493 2429; x_wconf 85' lang='lat' dir='ltr'>portantes</span> <span class='ocrx_word' id='word_1_314' title='bbox 1514 2357 1828 2428; x_wconf 83' lang='lat' dir='ltr'>manipulos</span> <span class='ocrx_word' id='word_1_315' title='bbox 1857 2372 1982 2412; x_wconf 89' lang='lat' dir='ltr'>suos</span> <span class='ocrx_word' id='word_1_316' title='bbox 2003 2356 2066 2410; x_wconf 86' lang='grc'>⁵⁷.</span> 
     </span>
    </p>
   </div>
   <div class='ocr_carea' id='block_1_44' title="bbox 419 2444 2068 2520">
    <p class='ocr_par' dir='ltr' id='par_1_44' title="bbox 419 2444 2068 2520">
     <span class='ocr_line' id='line_1_46' title="bbox 419 2444 2068 2520; baseline -0.003 -17"><span class='ocrx_word' id='word_1_317' title='bbox 419 2452 624 2520; x_wconf 77' lang='lat' dir='ltr'>Itaque</span> <span class='ocrx_word' id='word_1_318' title='bbox 654 2465 769 2502; x_wconf 90' lang='lat' dir='ltr'>non</span> <span class='ocrx_word' id='word_1_319' title='bbox 802 2449 1214 2519; x_wconf 89' lang='lat' dir='ltr'>obsequuntur</span> <span class='ocrx_word' id='word_1_320' title='bbox 1243 2451 1446 2518; x_wconf 84' lang='lat' dir='ltr'>gentes</span> <span class='ocrx_word' id='word_1_321' title='bbox 1478 2446 1673 2501; x_wconf 87' lang='lat' dir='ltr'>itineri</span> <span class='ocrx_word' id='word_1_322' title='bbox 1707 2444 1927 2516; x_wconf 87' lang='lat' dir='ltr'>populi,</span> <span class='ocrx_word' id='word_1_323' title='bbox 1981 2444 2068 2500; x_wconf 90' lang='lat' dir='ltr'>di-</span> 
     </span>
    </p>
   </div>
   <div class='ocr_carea' id='block_1_45' title="bbox 416 2533 2067 2608">
    <p class='ocr_par' dir='ltr' id='par_1_45' title="bbox 416 2533 2067 2608">
     <span class='ocr_line' id='line_1_47' title="bbox 416 2533 2067 2608; baseline -0.003 -15"><span class='ocrx_word' id='word_1_324' title='bbox 416 2541 615 2593; x_wconf 90' lang='lat' dir='ltr'>centes</span> <span class='ocrx_word' id='word_1_325' title='bbox 641 2553 652 2591; x_wconf 91' lang='lat'><strong>:</strong></span> <span class='ocrx_word' id='word_1_326' title='bbox 686 2537 976 2608; x_wconf 86' lang='lat' dir='ltr'>Nequando</span> <span class='ocrx_word' id='word_1_327' title='bbox 1009 2537 1206 2592; x_wconf 80' lang='lat' dir='ltr'>dicatis</span> <span class='ocrx_word' id='word_1_328' title='bbox 1236 2535 1459 2590; x_wconf 87' lang='lat' dir='ltr'>durum.</span> <span class='ocrx_word' id='word_1_329' title='bbox 1503 2533 1776 2606; x_wconf 84' lang='lat' dir='ltr'>Quidquid</span> <span class='ocrx_word' id='word_1_330' title='bbox 1806 2536 1957 2589; x_wconf 87' lang='lat' dir='ltr'>enim</span> <span class='ocrx_word' id='word_1_331' title='bbox 1988 2535 2067 2588; x_wconf 88' lang='lat' dir='ltr'>lo-</span> 
     </span>
    </p>
   </div>
   <div class='ocr_carea' id='block_1_46' title="bbox 415 2624 2066 2698">
    <p class='ocr_par' dir='ltr' id='par_1_46' title="bbox 415 2624 2066 2698">
     <span class='ocr_line' id='line_1_48' title="bbox 415 2624 2066 2698; baseline -0.003 -16"><span class='ocrx_word' id='word_1_332' title='bbox 415 2628 604 2698; x_wconf 83' lang='lat' dir='ltr'>quitur</span> <span class='ocrx_word' id='word_1_333' title='bbox 629 2625 894 2698; x_wconf 84' lang='lat' dir='ltr'>populus,</span> <span class='ocrx_word' id='word_1_334' title='bbox 925 2626 1125 2681; x_wconf 82' lang='lat' dir='ltr'>durum</span> <span class='ocrx_word' id='word_1_335' title='bbox 1155 2634 1254 2681; x_wconf 87' lang='lat' dir='ltr'>est.</span> <span class='ocrx_word' id='word_1_336' title='bbox 1289 2629 1589 2696; x_wconf 88' lang='lat' dir='ltr'>Interroga</span> <span class='ocrx_word' id='word_1_337' title='bbox 1620 2624 1800 2695; x_wconf 83' lang='lat' dir='ltr'>igitur</span> <span class='ocrx_word' id='word_1_338' title='bbox 1823 2640 1941 2692; x_wconf 90' lang='lat' dir='ltr'>eos,</span> <span class='ocrx_word' id='word_1_339' title='bbox 1967 2624 2066 2693; x_wconf 91' lang='lat' dir='ltr'>qui</span> 
     </span>
    </p>
   </div>
   <div class='ocr_carea' id='block_1_47' title="bbox 414 2711 2064 2787">
    <p class='ocr_par' dir='ltr' id='par_1_47' title="bbox 414 2711 2064 2787">
     <span class='ocr_line' id='line_1_49' title="bbox 414 2711 2064 2787; baseline -0.003 -16"><span class='ocrx_word' id='word_1_340' title='bbox 414 2716 587 2772; x_wconf 89' lang='lat' dir='ltr'>idolis</span> <span class='ocrx_word' id='word_1_341' title='bbox 606 2716 888 2786; x_wconf 85' lang='lat' dir='ltr'>assident,</span> <span class='ocrx_word' id='word_1_342' title='bbox 912 2715 1294 2787; x_wconf 82' lang='lat' dir='ltr'>quamobrem</span> <span class='ocrx_word' id='word_1_343' title='bbox 1320 2731 1433 2769; x_wconf 93' lang='lat' dir='ltr'>non</span> <span class='ocrx_word' id='word_1_344' title='bbox 1461 2713 1741 2769; x_wconf 88' lang='lat' dir='ltr'>accedant</span> <span class='ocrx_word' id='word_1_345' title='bbox 1761 2713 1831 2767; x_wconf 87' lang='lat' dir='ltr'>ad</span> <span class='ocrx_word' id='word_1_346' title='bbox 1858 2711 2064 2785; x_wconf 74' lang='lat' dir='ltr'>praedi-</span> 
     </span>
    </p>
   </div>
   <div class='ocr_carea' id='block_1_48' title="bbox 412 2802 2066 2875">
    <p class='ocr_par' dir='ltr' id='par_1_48' title="bbox 412 2802 2066 2875">
     <span class='ocr_line' id='line_1_50' title="bbox 412 2802 2066 2875; baseline -0.002 -15"><span class='ocrx_word' id='word_1_347' title='bbox 412 2805 660 2860; x_wconf 87' lang='lat' dir='ltr'>cationis</span> <span class='ocrx_word' id='word_1_348' title='bbox 692 2805 1044 2860; x_wconf 86' lang='lat' dir='ltr'>doctrinam.</span> <span class='ocrx_word' id='word_1_349' title='bbox 1071 2803 1235 2859; x_wconf 84' lang='lat' dir='ltr'>Certe</span> <span class='ocrx_word' id='word_1_350' title='bbox 1259 2804 1358 2875; x_wconf 88' lang='lat' dir='ltr'>qui</span> <span class='ocrx_word' id='word_1_351' title='bbox 1379 2802 1706 2874; x_wconf 86' lang='lat' dir='ltr'>interipsos</span> <span class='ocrx_word' id='word_1_352' title='bbox 1724 2802 1912 2871; x_wconf 86' lang='lat' dir='ltr'>magis</span> <span class='ocrx_word' id='word_1_353' title='bbox 1928 2805 2066 2857; x_wconf 87' lang='lat' dir='ltr'>sunt</span> 
     </span>
    </p>
   </div>
   <div class='ocr_carea' id='block_1_49' title="bbox 411 2891 2061 2965">
    <p class='ocr_par' dir='ltr' id='par_1_49' title="bbox 411 2891 2061 2965">
     <span class='ocr_line' id='line_1_51' title="bbox 411 2891 2061 2965; baseline -0.001 -17"><span class='ocrx_word' id='word_1_354' title='bbox 411 2892 651 2965; x_wconf 90' lang='lat' dir='ltr'>ingenui</span> <span class='ocrx_word' id='word_1_355' title='bbox 685 2911 750 2948; x_wconf 90' lang='lat' dir='ltr'>ac</span> <span class='ocrx_word' id='word_1_356' title='bbox 781 2893 1019 2960; x_wconf 85' lang='lat' dir='ltr'>sinceri,</span> <span class='ocrx_word' id='word_1_357' title='bbox 1059 2893 1318 2949; x_wconf 80' lang='lat' dir='ltr'>fatentur</span> <span class='ocrx_word' id='word_1_358' title='bbox 1348 2909 1409 2948; x_wconf 89' lang='lat' dir='ltr'>se</span> <span class='ocrx_word' id='word_1_359' title='bbox 1442 2891 1602 2947; x_wconf 88' lang='lat' dir='ltr'>illius</span> <span class='ocrx_word' id='word_1_360' title='bbox 1661 2892 2061 2947; x_wconf 86' lang='lat' dir='ltr'>austeritatem</span> 
     </span>
    </p>
   </div>
   <div class='ocr_carea' id='block_1_50' title="bbox 414 2983 942 3056">
    <p class='ocr_par' dir='ltr' id='par_1_50' title="bbox 414 2983 942 3056">
     <span class='ocr_line' id='line_1_52' title="bbox 414 2983 942 3056; baseline -0.002 -19"><span class='ocrx_word' id='word_1_361' title='bbox 414 2983 563 3038; x_wconf 89' lang='lat' dir='ltr'>ferre</span> <span class='ocrx_word' id='word_1_362' title='bbox 603 3000 716 3038; x_wconf 89' lang='lat' dir='ltr'>non</span> <span class='ocrx_word' id='word_1_363' title='bbox 750 2998 942 3056; x_wconf 88' lang='lat' dir='ltr'>posse.</span> 
     </span>
    </p>
   </div>
   <div class='ocr_carea' id='block_1_51' title="bbox 481 3157 2061 3230">
    <p class='ocr_par' dir='ltr' id='par_1_51' title="bbox 481 3157 2061 3230">
     <span class='ocr_line' id='line_1_53' title="bbox 481 3157 2061 3230; baseline 0.001 -19"><span class='ocrx_word' id='word_1_364' title='bbox 481 3160 605 3213; x_wconf 80' lang='grc'>214.</span> <span class='ocrx_word' id='word_1_365' title='bbox 642 3159 858 3214; x_wconf 89' lang='lat' dir='ltr'>Deinde</span> <span class='ocrx_word' id='word_1_366' title='bbox 909 3158 1250 3230; x_wconf 81' lang='lat' dir='ltr'>subiungit:</span> <span class='ocrx_word' id='word_1_367' title='bbox 1310 3159 1591 3212; x_wconf 89' lang='lat' dir='ltr'>Timorem</span> <span class='ocrx_word' id='word_1_368' title='bbox 1635 3162 1817 3213; x_wconf 86' lang='lat' dir='ltr'>autem</span> <span class='ocrx_word' id='word_1_369' title='bbox 1846 3157 1964 3227; x_wconf 82' lang='lat' dir='ltr'>ejus</span> <span class='ocrx_word' id='word_1_370' title='bbox 1995 3172 2061 3212; x_wconf 88' lang='lat' dir='ltr'>ne</span> 
     </span>
    </p>
   </div>
   <div class='ocr_carea' id='block_1_52' title="bbox 3455 1913 3841 1992">
    <p class='ocr_par' dir='ltr' id='par_1_52' title="bbox 3455 1913 3841 1992">
     <span class='ocr_line' id='line_1_54' title="bbox 3455 1913 3841 1992; baseline 0.013 -22"><span class='ocrx_word' id='word_1_371' title='bbox 3455 1913 3562 1970; x_wconf 81' lang='grc' dir='ltr'>Καὶ</span> <span class='ocrx_word' id='word_1_372' title='bbox 3637 1915 3841 1992; x_wconf 84' lang='grc' dir='ltr'>σχεδὸν</span> 
     </span>
    </p>
   </div>
   <div class='ocr_carea' id='block_1_53' title="bbox 2183 1993 3834 2074">
    <p class='ocr_par' dir='ltr' id='par_1_53' title="bbox 2183 1993 3834 2074">
     <span class='ocr_line' id='line_1_55' title="bbox 2183 1993 3834 2074; baseline 0.008 -27"><span class='ocrx_word' id='word_1_373' title='bbox 2183 1997 2330 2048; x_wconf 83' lang='grc' dir='ltr'>πᾶσα</span> <span class='ocrx_word' id='word_1_374' title='bbox 2357 1996 2391 2064; x_wconf 75' lang='grc' dir='ltr'>ἡ</span> <span class='ocrx_word' id='word_1_375' title='bbox 2427 1993 2648 2050; x_wconf 72' lang='grc' dir='ltr'>ἐνταῦθα</span> <span class='ocrx_word' id='word_1_376' title='bbox 2677 1999 3010 2053; x_wconf 76' lang='grc' dir='ltr'>κακοπάθεια</span> <span class='ocrx_word' id='word_1_377' title='bbox 3068 2000 3329 2074; x_wconf 80' lang='grc' dir='ltr'>πρόξενός</span> <span class='ocrx_word' id='word_1_378' title='bbox 3379 1999 3491 2058; x_wconf 83' lang='grc' dir='ltr'>ἐστι</span> <span class='ocrx_word' id='word_1_379' title='bbox 3535 2007 3642 2058; x_wconf 86' lang='grc' dir='ltr'>τῶν</span> <span class='ocrx_word' id='word_1_380' title='bbox 3693 2005 3834 2060; x_wconf 73' lang='grc' dir='ltr'>αἰω-</span> 
     </span>
    </p>
   </div>
   <div class='ocr_carea' id='block_1_54' title="bbox 2180 2082 3834 2167">
    <p class='ocr_par' dir='ltr' id='par_1_54' title="bbox 2180 2082 3834 2167">
     <span class='ocr_line' id='line_1_56' title="bbox 2180 2082 3834 2167; baseline 0.009 -31"><span class='ocrx_word' id='word_1_381' title='bbox 2180 2082 2308 2139; x_wconf 89' lang='grc' dir='ltr'>νίων</span> <span class='ocrx_word' id='word_1_382' title='bbox 2365 2084 2616 2157; x_wconf 81' lang='grc' dir='ltr'>ἀγαθῶν.</span> <span class='ocrx_word' id='word_1_383' title='bbox 2683 2086 2782 2141; x_wconf 79' lang='grc' dir='ltr'>Διὰ</span> <span class='ocrx_word' id='word_1_384' title='bbox 2835 2091 2996 2142; x_wconf 88' lang='grc' dir='ltr'>τοῦτο</span> <span class='ocrx_word' id='word_1_385' title='bbox 3054 2085 3423 2164; x_wconf 85' lang='grc' dir='ltr'>Πορευόμενοι</span> <span class='ocrx_word' id='word_1_386' title='bbox 3480 2091 3834 2167; x_wconf 69' lang='grc' dir='ltr'>ἐπορεύοντο,</span> 
     </span>
    </p>
   </div>
   <div class='ocr_carea' id='block_1_55' title="bbox 2180 2170 3836 2253">
    <p class='ocr_par' dir='ltr' id='par_1_55' title="bbox 2180 2170 3836 2253">
     <span class='ocr_line' id='line_1_57' title="bbox 2180 2170 3836 2253; baseline 0.008 -27"><span class='ocrx_word' id='word_1_387' title='bbox 2180 2173 2270 2227; x_wconf 87' lang='grc' dir='ltr'>καὶ</span> <span class='ocrx_word' id='word_1_388' title='bbox 2322 2170 2559 2243; x_wconf 76' lang='grc' dir='ltr'>ἔκλαιον,</span> <span class='ocrx_word' id='word_1_389' title='bbox 2630 2173 2929 2249; x_wconf 77' lang='grc' dir='ltr'>βάλλοντες</span> <span class='ocrx_word' id='word_1_390' title='bbox 2989 2180 3100 2251; x_wconf 89' lang='grc'>(60)</span> <span class='ocrx_word' id='word_1_391' title='bbox 3169 2179 3233 2233; x_wconf 78' lang='grc' dir='ltr'>τὰ</span> <span class='ocrx_word' id='word_1_392' title='bbox 3289 2177 3572 2253; x_wconf 81' lang='grc' dir='ltr'>σπέρματα</span> <span class='ocrx_word' id='word_1_393' title='bbox 3627 2182 3836 2241; x_wconf 79' lang='grc' dir='ltr'>αὐτῶν.</span> 
     </span>
    </p>
   </div>
   <div class='ocr_carea' id='block_1_56' title="bbox 2183 2261 3836 2344">
    <p class='ocr_par' dir='ltr' id='par_1_56' title="bbox 2183 2261 3836 2344">
     <span class='ocr_line' id='line_1_58' title="bbox 2183 2261 3836 2344; baseline 0.008 -29"><span class='ocrx_word' id='word_1_394' title='bbox 2183 2264 2409 2338; x_wconf 84' lang='grc' dir='ltr'>Σπέρμα</span> <span class='ocrx_word' id='word_1_395' title='bbox 2439 2264 2542 2338; x_wconf 72' lang='grc' dir='ltr'>γὰρ</span> <span class='ocrx_word' id='word_1_396' title='bbox 2576 2261 2718 2318; x_wconf 76' lang='grc' dir='ltr'>ἔσται</span> <span class='ocrx_word' id='word_1_397' title='bbox 2750 2269 2856 2319; x_wconf 86' lang='grc' dir='ltr'>τῶν</span> <span class='ocrx_word' id='word_1_398' title='bbox 2893 2263 3214 2338; x_wconf 86' lang='grc' dir='ltr'>μελλόνυων</span> <span class='ocrx_word' id='word_1_399' title='bbox 3268 2269 3477 2344; x_wconf 78' lang='grc' dir='ltr'>ἀγαθῶν</span> <span class='ocrx_word' id='word_1_400' title='bbox 3510 2272 3563 2325; x_wconf 75' lang='grc' dir='ltr'>αἱ</span> <span class='ocrx_word' id='word_1_401' title='bbox 3607 2276 3695 2326; x_wconf 81' lang='grc' dir='ltr'>νῦν</span> <span class='ocrx_word' id='word_1_402' title='bbox 3737 2270 3836 2329; x_wconf 75' lang='grc' dir='ltr'>διὰ</span> 
     </span>
    </p>
   </div>
   <div class='ocr_carea' id='block_1_57' title="bbox 2176 2352 3833 2437">
    <p class='ocr_par' dir='ltr' id='par_1_57' title="bbox 2176 2352 3833 2437">
     <span class='ocr_line' id='line_1_59' title="bbox 2176 2352 3833 2437; baseline 0.009 -32"><span class='ocrx_word' id='word_1_403' title='bbox 2176 2353 2269 2406; x_wconf 86' lang='grc' dir='ltr'>τὸν</span> <span class='ocrx_word' id='word_1_404' title='bbox 2301 2357 2397 2406; x_wconf 89' lang='grc' dir='ltr'>τοῦ</span> <span class='ocrx_word' id='word_1_405' title='bbox 2431 2356 2563 2406; x_wconf 90' lang='grc' dir='ltr'>Θεοῦ</span> <span class='ocrx_word' id='word_1_406' title='bbox 2595 2352 2761 2426; x_wconf 90' lang='grc' dir='ltr'>νόμον</span> <span class='ocrx_word' id='word_1_407' title='bbox 2815 2352 3166 2429; x_wconf 81' lang='grc' dir='ltr'>ἐγγινόμεναι</span> <span class='ocrx_word' id='word_1_408' title='bbox 3214 2356 3450 2433; x_wconf 81' lang='grc' dir='ltr'>θΛίψεις.</span> <span class='ocrx_word' id='word_1_409' title='bbox 3499 2361 3833 2437; x_wconf 75' lang='grc' dir='ltr'>Ἐρχόμενοι</span> 
     </span>
    </p>
   </div>
   <div class='ocr_carea' id='block_1_58' title="bbox 2181 2437 3834 2525">
    <p class='ocr_par' dir='ltr' id='par_1_58' title="bbox 2181 2437 3834 2525">
     <span class='ocr_line' id='line_1_60' title="bbox 2181 2437 3834 2525; baseline 0.008 -30"><span class='ocrx_word' id='word_1_410' title='bbox 2181 2437 2237 2495; x_wconf 75' lang='grc' dir='ltr'>δὲ</span> <span class='ocrx_word' id='word_1_411' title='bbox 2305 2440 2523 2514; x_wconf 80' lang='grc' dir='ltr'>ἥξουσιν</span> <span class='ocrx_word' id='word_1_412' title='bbox 2595 2441 2645 2496; x_wconf 76' lang='grc' dir='ltr'>ἐν</span> <span class='ocrx_word' id='word_1_413' title='bbox 2722 2441 3070 2517; x_wconf 81' lang='grc' dir='ltr'>ἀγαλλιάσει,</span> <span class='ocrx_word' id='word_1_414' title='bbox 3126 2446 3365 2522; x_wconf 78' lang='grc' dir='ltr'>αἱροντες</span> <span class='ocrx_word' id='word_1_415' title='bbox 3415 2451 3480 2504; x_wconf 76' lang='grc' dir='ltr'>τὰ</span> <span class='ocrx_word' id='word_1_416' title='bbox 3539 2447 3834 2525; x_wconf 76' lang='grc' dir='ltr'>δράγματα</span> 
     </span>
    </p>
   </div>
   <div class='ocr_carea' id='block_1_59' title="bbox 2177 2528 3828 2611">
    <p class='ocr_par' dir='ltr' id='par_1_59' title="bbox 2177 2528 3828 2611">
     <span class='ocr_line' id='line_1_61' title="bbox 2177 2528 3828 2611; baseline 0.007 -27"><span class='ocrx_word' id='word_1_417' title='bbox 2177 2529 2371 2586; x_wconf 81' lang='grc' dir='ltr'>αὐτῶν.</span> <span class='ocrx_word' id='word_1_418' title='bbox 2408 2531 2756 2586; x_wconf 84' lang='grc' dir='ltr'>Ἀπειθοῦσιτ</span> <span class='ocrx_word' id='word_1_419' title='bbox 2799 2531 2888 2587; x_wconf 77' lang='grc' dir='ltr'>οὖν</span> <span class='ocrx_word' id='word_1_420' title='bbox 2937 2533 3005 2588; x_wconf 75' lang='grc' dir='ltr'>τὰ</span> <span class='ocrx_word' id='word_1_421' title='bbox 3050 2528 3169 2604; x_wconf 77' lang='grc' dir='ltr'>ἔθνη</span> <span class='ocrx_word' id='word_1_422' title='bbox 3211 2539 3279 2609; x_wconf 77' lang='grc' dir='ltr'>τῇ</span> <span class='ocrx_word' id='word_1_423' title='bbox 3311 2537 3506 2611; x_wconf 79' lang='grc' dir='ltr'>πορείᾳ</span> <span class='ocrx_word' id='word_1_424' title='bbox 3535 2543 3630 2593; x_wconf 89' lang='grc' dir='ltr'>τοῦ</span> <span class='ocrx_word' id='word_1_425' title='bbox 3663 2537 3828 2604; x_wconf 85' lang='grc' dir='ltr'>λαοῦ,</span> 
     </span>
    </p>
   </div>
   <div class='ocr_carea' id='block_1_60' title="bbox 2177 2617 3827 2703">
    <p class='ocr_par' dir='ltr' id='par_1_60' title="bbox 2177 2617 3827 2703">
     <span class='ocr_line' id='line_1_62' title="bbox 2177 2617 3827 2703; baseline 0.007 -30"><span class='ocrx_word' id='word_1_426' title='bbox 2177 2617 2451 2693; x_wconf 71' lang='grc' dir='ltr'>λέγοντες.</span> <span class='ocrx_word' id='word_1_427' title='bbox 2521 2621 2750 2690; x_wconf 82' lang='grc' dir='ltr'>Μήποτε</span> <span class='ocrx_word' id='word_1_428' title='bbox 2805 2619 2994 2692; x_wconf 81' lang='grc' dir='ltr'>εἷ’πητε</span> <span class='ocrx_word' id='word_1_429' title='bbox 3063 2625 3177 2697; x_wconf 88' lang='grc'>(61)</span> <span class='ocrx_word' id='word_1_430' title='bbox 3234 2624 3496 2700; x_wconf 83' lang='grc' dir='ltr'>σκληρόν.</span> <span class='ocrx_word' id='word_1_431' title='bbox 3560 2633 3668 2683; x_wconf 78' lang='grc' dir='ltr'>Πᾶν</span> <span class='ocrx_word' id='word_1_432' title='bbox 3718 2631 3827 2703; x_wconf 76' lang='grc' dir='ltr'>γᾶρ</span> 
     </span>
    </p>
   </div>
   <div class='ocr_carea' id='block_1_61' title="bbox 2175 2706 3821 2789">
    <p class='ocr_par' dir='ltr' id='par_1_61' title="bbox 2175 2706 3821 2789">
     <span class='ocr_line' id='line_1_63' title="bbox 2175 2706 3821 2789; baseline 0.005 -25"><span class='ocrx_word' id='word_1_433' title='bbox 2175 2710 2204 2764; x_wconf 77' lang='grc' dir='ltr'>ὃ</span> <span class='ocrx_word' id='word_1_434' title='bbox 2244 2708 2330 2764; x_wconf 70' lang='grc' dir='ltr'>ἐὰν</span> <span class='ocrx_word' id='word_1_435' title='bbox 2393 2706 2518 2784; x_wconf 75' lang='grc' dir='ltr'>εἷ’πῃ</span> <span class='ocrx_word' id='word_1_436' title='bbox 2571 2711 2598 2764; x_wconf 86' lang='grc' dir='ltr'>ὁ</span> <span class='ocrx_word' id='word_1_437' title='bbox 2652 2709 2782 2772; x_wconf 87' lang='grc' dir='ltr'>λαός</span> <span class='ocrx_word' id='word_1_438' title='bbox 2840 2709 3018 2778; x_wconf 72' lang='grc' dir='ltr'>οὗτος,</span> <span class='ocrx_word' id='word_1_439' title='bbox 3069 2715 3310 2788; x_wconf 80' lang='grc' dir='ltr'>σκληρόν</span> <span class='ocrx_word' id='word_1_440' title='bbox 3341 2714 3501 2772; x_wconf 77' lang='grc' dir='ltr'>ἐστιν.</span> <span class='ocrx_word' id='word_1_441' title='bbox 3538 2718 3821 2789; x_wconf 78' lang='grc' dir='ltr'>Ἐξέτασον</span> 
     </span>
    </p>
   </div>
   <div class='ocr_carea' id='block_1_62' title="bbox 2175 2796 3823 2875">
    <p class='ocr_par' dir='ltr' id='par_1_62' title="bbox 2175 2796 3823 2875">
     <span class='ocr_line' id='line_1_64' title="bbox 2175 2796 3823 2875; baseline 0.005 -21"><span class='ocrx_word' id='word_1_442' title='bbox 2175 2799 2263 2854; x_wconf 81' lang='grc' dir='ltr'>οῦν</span> <span class='ocrx_word' id='word_1_443' title='bbox 2295 2797 2420 2861; x_wconf 74' lang='grc' dir='ltr'>τοὺς</span> <span class='ocrx_word' id='word_1_444' title='bbox 2449 2804 2566 2861; x_wconf 83' lang='grc' dir='ltr'>τοῖς</span> <span class='ocrx_word' id='word_1_445' title='bbox 2597 2796 2853 2862; x_wconf 79' lang='grc' dir='ltr'>εἰδώλοις</span> <span class='ocrx_word' id='word_1_446' title='bbox 2882 2802 3438 2875; x_wconf 80' lang='grc' dir='ltr'>προσκαθεζομένους,</span> <span class='ocrx_word' id='word_1_447' title='bbox 3461 2805 3608 2868; x_wconf 89' lang='grc' dir='ltr'>τίνος</span> <span class='ocrx_word' id='word_1_448' title='bbox 3639 2805 3823 2863; x_wconf 69' lang='grc' dir='ltr'>ἕνεκεν</span> 
     </span>
    </p>
   </div>
   <div class='ocr_carea' id='block_1_63' title="bbox 2174 2887 3829 2970">
    <p class='ocr_par' dir='ltr' id='par_1_63' title="bbox 2174 2887 3829 2970">
     <span class='ocr_line' id='line_1_65' title="bbox 2174 2887 3829 2970; baseline 0.002 -27"><span class='ocrx_word' id='word_1_449' title='bbox 2174 2889 2236 2944; x_wconf 85' lang='grc' dir='ltr'>οὐ</span> <span class='ocrx_word' id='word_1_450' title='bbox 2268 2890 2669 2964; x_wconf 74' lang='grc' dir='ltr'>προσέρχονται</span> <span class='ocrx_word' id='word_1_451' title='bbox 2697 2893 2765 2963; x_wconf 81' lang='grc' dir='ltr'>τῇ</span> <span class='ocrx_word' id='word_1_452' title='bbox 2799 2887 3118 2962; x_wconf 79' lang='grc' dir='ltr'>διδασκαλίᾳ</span> <span class='ocrx_word' id='word_1_453' title='bbox 3141 2896 3238 2947; x_wconf 87' lang='grc' dir='ltr'>τοῦ</span> <span class='ocrx_word' id='word_1_454' title='bbox 3269 2893 3829 2970; x_wconf 78' lang='grc' dir='ltr'>κηρύγματος.’ομο-</span> 
     </span>
    </p>
   </div>
   <div class='ocr_carea' id='block_1_64' title="bbox 2172 2976 3826 3058">
    <p class='ocr_par' dir='ltr' id='par_1_64' title="bbox 2172 2976 3826 3058">
     <span class='ocr_line' id='line_1_66' title="bbox 2172 2976 3826 3058; baseline 0.005 -25"><span class='ocrx_word' id='word_1_455' title='bbox 2172 2976 2398 3052; x_wconf 86' lang='grc' dir='ltr'>λογοῦσι</span> <span class='ocrx_word' id='word_1_456' title='bbox 2420 2977 2519 3053; x_wconf 83' lang='grc' dir='ltr'>γὰρ</span> <span class='ocrx_word' id='word_1_457' title='bbox 2546 2977 2719 3033; x_wconf 82' lang='grc' dir='ltr'>αὐτῶν</span> <span class='ocrx_word' id='word_1_458' title='bbox 2754 2979 2806 3033; x_wconf 77' lang='grc' dir='ltr'>οἱ</span> <span class='ocrx_word' id='word_1_459' title='bbox 2838 2978 3348 3058; x_wconf 70' lang='grc' dir='ltr'>εὐγνωμονέστεροι,</span> <span class='ocrx_word' id='word_1_460' title='bbox 3383 2982 3464 3038; x_wconf 79' lang='grc' dir='ltr'>ὅτι</span> <span class='ocrx_word' id='word_1_461' title='bbox 3497 2984 3556 3040; x_wconf 86' lang='grc' dir='ltr'>τὸ</span> <span class='ocrx_word' id='word_1_462' title='bbox 3609 2984 3826 3058; x_wconf 76' lang='grc' dir='ltr'>αὺστη-</span> 
     </span>
    </p>
   </div>
   <div class='ocr_carea' id='block_1_65' title="bbox 2172 3066 2957 3145">
    <p class='ocr_par' dir='ltr' id='par_1_65' title="bbox 2172 3066 2957 3145">
     <span class='ocr_line' id='line_1_67' title="bbox 2172 3066 2957 3145; baseline 0.008 -25"><span class='ocrx_word' id='word_1_463' title='bbox 2172 3066 2264 3141; x_wconf 86' lang='grc' dir='ltr'>ρὸν</span> <span class='ocrx_word' id='word_1_464' title='bbox 2297 3069 2409 3139; x_wconf 87' lang='grc'>(62)</span> <span class='ocrx_word' id='word_1_465' title='bbox 2437 3067 2543 3142; x_wconf 79' lang='grc' dir='ltr'>οὐχ</span> <span class='ocrx_word' id='word_1_466' title='bbox 2572 3067 2957 3145; x_wconf 72' lang='grc' dir='ltr'>ὑποφέρουσιν.</span> 
     </span>
    </p>
   </div>
   <div class='ocr_carea' id='block_1_66' title="bbox 2240 3153 3829 3244">
    <p class='ocr_par' dir='ltr' id='par_1_66' title="bbox 2240 3153 3829 3244">
     <span class='ocr_line' id='line_1_68' title="bbox 2240 3153 3829 3244; baseline -0.001 -33"><span class='ocrx_word' id='word_1_467' title='bbox 2240 3157 2365 3211; x_wconf 77' lang='grc'>214.</span> <span class='ocrx_word' id='word_1_468' title='bbox 2413 3156 2540 3211; x_wconf 73' lang='grc' dir='ltr'>Εἶτα</span> <span class='ocrx_word' id='word_1_469' title='bbox 2587 3155 2791 3244; x_wconf 70' lang='grc' dir='ltr'>ἐπάγεισ</span> <span class='ocrx_word' id='word_1_470' title='bbox 2852 3157 2951 3211; x_wconf 88' lang='grc' dir='ltr'>Τὸν</span> <span class='ocrx_word' id='word_1_471' title='bbox 3015 3153 3074 3212; x_wconf 66' lang='grc' dir='ltr'>δὲ</span> <span class='ocrx_word' id='word_1_472' title='bbox 3131 3153 3299 3233; x_wconf 81' lang='grc' dir='ltr'>φόϐον</span> <span class='ocrx_word' id='word_1_473' title='bbox 3359 3159 3522 3216; x_wconf 71' lang='grc' dir='ltr'>αὐτοῦ</span> <span class='ocrx_word' id='word_1_474' title='bbox 3581 3166 3659 3236; x_wconf 78' lang='grc' dir='ltr'>μὴ</span> <span class='ocrx_word' id='word_1_475' title='bbox 3722 3188 3829 3244; x_wconf 68' lang='grc' dir='ltr'>φο-</span> 
     </span>
    </p>
   </div>
   <div class='ocr_carea' id='block_1_67' title="bbox 412 3233 2062 3326">
    <p class='ocr_par' dir='ltr' id='par_1_67' title="bbox 412 3246 2056 3317">
     <span class='ocr_line' id='line_1_69' title="bbox 412 3246 2056 3317; baseline 0.001 -16"><span class='ocrx_word' id='word_1_476' title='bbox 412 3248 737 3303; x_wconf 84' lang='lat' dir='ltr'>timueritis.</span> <span class='ocrx_word' id='word_1_477' title='bbox 779 3247 882 3301; x_wconf 87' lang='lat' dir='ltr'>Hic</span> <span class='ocrx_word' id='word_1_478' title='bbox 908 3253 1103 3300; x_wconf 86' lang='lat' dir='ltr'>autem</span> <span class='ocrx_word' id='word_1_479' title='bbox 1153 3247 1316 3301; x_wconf 88' lang='lat' dir='ltr'>locus</span> <span class='ocrx_word' id='word_1_480' title='bbox 1366 3246 1634 3300; x_wconf 87' lang='lat' dir='ltr'>bifariam</span> <span class='ocrx_word' id='word_1_481' title='bbox 1687 3246 2056 3317; x_wconf 89' lang='lat' dir='ltr'>intelligitur.</span> 
     </span>
    </p>
   </div>
   <div class='ocr_carea' id='block_1_68' title="bbox 2178 3233 3825 3326">
    <p class='ocr_par' dir='ltr' id='par_1_68' title="bbox 2178 3233 3825 3326">
     <span class='ocr_line' id='line_1_70' title="bbox 2178 3233 3825 3326; baseline 0.007 -28"><span class='ocrx_word' id='word_1_482' title='bbox 2178 3239 2392 3314; x_wconf 78' lang='grc' dir='ltr'>ϐηθῆτε.</span> <span class='ocrx_word' id='word_1_483' title='bbox 2427 3247 2599 3301; x_wconf 90' lang='grc' dir='ltr'>Τοῦτο</span> <span class='ocrx_word' id='word_1_484' title='bbox 2629 3242 2685 3298; x_wconf 67' lang='grc' dir='ltr'>δὲ</span> <span class='ocrx_word' id='word_1_485' title='bbox 2725 3242 2902 3320; x_wconf 85' lang='grc' dir='ltr'>διχῶς</span> <span class='ocrx_word' id='word_1_486' title='bbox 2948 3251 3172 3302; x_wconf 86' lang='grc' dir='ltr'>νοεῖται.</span> <span class='ocrx_word' id='word_1_487' title='bbox 3226 3249 3327 3304; x_wconf 80' lang='grc' dir='ltr'>Καὶ</span> <span class='ocrx_word' id='word_1_488' title='bbox 3358 3249 3462 3326; x_wconf 77' lang='grc' dir='ltr'>γὰρ</span> <span class='ocrx_word' id='word_1_489' title='bbox 3492 3233 3610 3314; x_wconf 78' lang='grc' dir='ltr'>τοῖς</span> <span class='ocrx_word' id='word_1_490' title='bbox 3643 3233 3825 3310; x_wconf 63' lang='grc' dir='ltr'>ἔθνεσι</span> 
     </span>
    </p>
   </div>
   <div class='ocr_carea' id='block_1_69' title="bbox 411 3335 2056 3407">
    <p class='ocr_par' dir='ltr' id='par_1_69' title="bbox 411 3335 2056 3407">
     <span class='ocr_line' id='line_1_71' title="bbox 411 3335 2056 3407; baseline 0 -16"><span class='ocrx_word' id='word_1_491' title='bbox 411 3337 637 3391; x_wconf 81' lang='lat' dir='ltr'>Etenim</span> <span class='ocrx_word' id='word_1_492' title='bbox 669 3335 810 3389; x_wconf 90' lang='lat' dir='ltr'>dicit</span> <span class='ocrx_word' id='word_1_493' title='bbox 839 3335 1132 3407; x_wconf 87' lang='lat' dir='ltr'>gentibus,</span> <span class='ocrx_word' id='word_1_494' title='bbox 1169 3335 1331 3389; x_wconf 87' lang='lat' dir='ltr'>Hunc</span> <span class='ocrx_word' id='word_1_495' title='bbox 1364 3336 1632 3389; x_wconf 89' lang='lat' dir='ltr'>timorem</span> <span class='ocrx_word' id='word_1_496' title='bbox 1689 3353 2056 3406; x_wconf 89' lang='lat' dir='ltr'>nequaquam</span> 
     </span>
    </p>
   </div>
   <div class='ocr_carea' id='block_1_70' title="bbox 411 3425 2055 3496">
    <p class='ocr_par' dir='ltr' id='par_1_70' title="bbox 411 3425 2055 3496">
     <span class='ocr_line' id='line_1_72' title="bbox 411 3425 2055 3496; baseline 0.001 -16"><span class='ocrx_word' id='word_1_497' title='bbox 411 3425 636 3495; x_wconf 88' lang='lat' dir='ltr'>timete,</span> <span class='ocrx_word' id='word_1_498' title='bbox 665 3440 839 3496; x_wconf 88' lang='lat' dir='ltr'>quem</span> <span class='ocrx_word' id='word_1_499' title='bbox 873 3441 1028 3478; x_wconf 89' lang='lat' dir='ltr'>nunc</span> <span class='ocrx_word' id='word_1_500' title='bbox 1061 3425 1373 3478; x_wconf 89' lang='lat' dir='ltr'>inscienter</span> <span class='ocrx_word' id='word_1_501' title='bbox 1404 3428 1699 3491; x_wconf 87' lang='lat' dir='ltr'>metuunt,</span> <span class='ocrx_word' id='word_1_502' title='bbox 1729 3441 1796 3479; x_wconf 88' lang='lat' dir='ltr'>eo</span> <span class='ocrx_word' id='word_1_503' title='bbox 1819 3426 1967 3494; x_wconf 91' lang='lat' dir='ltr'>quod</span> <span class='ocrx_word' id='word_1_504' title='bbox 1993 3441 2055 3481; x_wconf 90' lang='lat' dir='ltr'>se</span> 
     </span>
    </p>
   </div>
   <div class='ocr_carea' id='block_1_71' title="bbox 407 3512 2052 3584">
    <p class='ocr_par' dir='ltr' id='par_1_71' title="bbox 407 3512 2052 3584">
     <span class='ocr_line' id='line_1_73' title="bbox 407 3512 2052 3584; baseline 0 -16"><span class='ocrx_word' id='word_1_505' title='bbox 407 3513 465 3568; x_wconf 91' lang='lat' dir='ltr'>in</span> <span class='ocrx_word' id='word_1_506' title='bbox 484 3513 1015 3584; x_wconf 65' lang='lat' dir='ltr'>prmetantiorivitm</span> <span class='ocrx_word' id='word_1_507' title='bbox 1041 3512 1307 3569; x_wconf 86' lang='lat' dir='ltr'>instituto</span> <span class='ocrx_word' id='word_1_508' title='bbox 1332 3529 1702 3584; x_wconf 88' lang='lat' dir='ltr'>nequaquam</span> <span class='ocrx_word' id='word_1_509' title='bbox 1727 3519 2052 3584; x_wconf 85' lang='lat' dir='ltr'>exerceant,</span> 
     </span>
    </p>
   </div>
   <div class='ocr_carea' id='block_1_72' title="bbox 407 3600 2056 3673">
    <p class='ocr_par' dir='ltr' id='par_1_72' title="bbox 407 3600 2056 3673">
     <span class='ocr_line' id='line_1_74' title="bbox 407 3600 2056 3673; baseline 0.002 -17"><span class='ocrx_word' id='word_1_510' title='bbox 407 3600 578 3673; x_wconf 87' lang='lat' dir='ltr'>quasi</span> <span class='ocrx_word' id='word_1_511' title='bbox 610 3601 847 3669; x_wconf 88' lang='lat' dir='ltr'>diceret,</span> <span class='ocrx_word' id='word_1_512' title='bbox 879 3601 1311 3656; x_wconf 88' lang='lat' dir='ltr'>Continentiam</span> <span class='ocrx_word' id='word_1_513' title='bbox 1345 3618 1414 3656; x_wconf 90' lang='lat' dir='ltr'>ne</span> <span class='ocrx_word' id='word_1_514' title='bbox 1445 3602 1762 3658; x_wconf 84' lang='lat' dir='ltr'>formides:</span> <span class='ocrx_word' id='word_1_515' title='bbox 1820 3619 1890 3658; x_wconf 89' lang='lat' dir='ltr'>ne</span> <span class='ocrx_word' id='word_1_516' title='bbox 1939 3619 2056 3660; x_wconf 89' lang='lat' dir='ltr'>me-</span> 
     </span>
    </p>
   </div>
   <div class='ocr_carea' id='block_1_73' title="bbox 407 3690 2056 3762">
    <p class='ocr_par' dir='ltr' id='par_1_73' title="bbox 407 3690 2056 3762">
     <span class='ocr_line' id='line_1_75' title="bbox 407 3690 2056 3762; baseline 0.001 -16"><span class='ocrx_word' id='word_1_517' title='bbox 407 3695 542 3747; x_wconf 88' lang='lat' dir='ltr'>tuas</span> <span class='ocrx_word' id='word_1_518' title='bbox 575 3690 974 3748; x_wconf 78' lang='lat' dir='ltr'>fortitudinem</span> <span class='ocrx_word' id='word_1_519' title='bbox 1003 3710 1015 3747; x_wconf 89' lang='lat'><strong>:</strong></span> <span class='ocrx_word' id='word_1_520' title='bbox 1045 3708 1117 3746; x_wconf 88' lang='lat' dir='ltr'>ne</span> <span class='ocrx_word' id='word_1_521' title='bbox 1148 3691 1424 3762; x_wconf 88' lang='lat' dir='ltr'>pietatem</span> <span class='ocrx_word' id='word_1_522' title='bbox 1447 3691 1688 3748; x_wconf 88' lang='lat' dir='ltr'>timeas:</span> <span class='ocrx_word' id='word_1_523' title='bbox 1715 3709 1785 3748; x_wconf 90' lang='lat' dir='ltr'>ne</span> <span class='ocrx_word' id='word_1_524' title='bbox 1829 3693 1901 3748; x_wconf 86' lang='lat' dir='ltr'>ab</span> <span class='ocrx_word' id='word_1_525' title='bbox 1933 3693 2056 3748; x_wconf 89' lang='lat' dir='ltr'>ulla</span> 
     </span>
    </p>
   </div>
   <div class='ocr_carea' id='block_1_74' title="bbox 410 3781 2053 3853">
    <p class='ocr_par' dir='ltr' id='par_1_74' title="bbox 410 3781 2053 3853">
     <span class='ocr_line' id='line_1_76' title="bbox 410 3781 2053 3853; baseline 0.001 -17"><span class='ocrx_word' id='word_1_526' title='bbox 410 3781 789 3853; x_wconf 87' lang='lat' dir='ltr'>perterrearis</span> <span class='ocrx_word' id='word_1_527' title='bbox 821 3781 1052 3836; x_wconf 84' lang='lat' dir='ltr'>virtute.</span> <span class='ocrx_word' id='word_1_528' title='bbox 1109 3785 1257 3835; x_wconf 91' lang='lat' dir='ltr'>Sunt</span> <span class='ocrx_word' id='word_1_529' title='bbox 1302 3781 1456 3836; x_wconf 89' lang='lat' dir='ltr'>enim</span> <span class='ocrx_word' id='word_1_530' title='bbox 1509 3782 1734 3836; x_wconf 85' lang='lat' dir='ltr'>cicures</span> <span class='ocrx_word' id='word_1_531' title='bbox 1785 3782 2053 3853; x_wconf 86' lang='lat' dir='ltr'>virtutes,</span> 
     </span>
    </p>
   </div>
   <div class='ocr_carea' id='block_1_75' title="bbox 409 3870 2049 3943">
    <p class='ocr_par' dir='ltr' id='par_1_75' title="bbox 409 3870 2049 3943">
     <span class='ocr_line' id='line_1_77' title="bbox 409 3870 2049 3943; baseline -0.001 -16"><span class='ocrx_word' id='word_1_532' title='bbox 409 3887 647 3927; x_wconf 85' lang='lat' dir='ltr'>accessu</span> <span class='ocrx_word' id='word_1_533' title='bbox 678 3870 1282 3943; x_wconf 83' lang='lat' dir='ltr'>faciles,suppeditant</span> <span class='ocrx_word' id='word_1_534' title='bbox 1302 3871 1475 3939; x_wconf 86' lang='lat' dir='ltr'>bona,</span> <span class='ocrx_word' id='word_1_535' title='bbox 1505 3870 2049 3942; x_wconf 86' lang='lat' dir='ltr'>vitamlargiuntur.</span> 
     </span>
    </p>
   </div>
   <div class='ocr_carea' id='block_1_76' title="bbox 407 3959 2049 4031">
    <p class='ocr_par' dir='ltr' id='par_1_76' title="bbox 407 3959 2049 4031">
     <span class='ocr_line' id='line_1_78' title="bbox 407 3959 2049 4031; baseline 0.001 -17"><span class='ocrx_word' id='word_1_536' title='bbox 407 3965 522 4015; x_wconf 81' lang='lat' dir='ltr'>Aut</span> <span class='ocrx_word' id='word_1_537' title='bbox 549 3976 815 4016; x_wconf 88' lang='lat' dir='ltr'>sermone</span> <span class='ocrx_word' id='word_1_538' title='bbox 837 3976 1137 4024; x_wconf 87' lang='lat' dir='ltr'>converso,</span> <span class='ocrx_word' id='word_1_539' title='bbox 1168 3960 1236 4014; x_wconf 90' lang='lat' dir='ltr'>ad</span> <span class='ocrx_word' id='word_1_540' title='bbox 1265 3959 2049 4031; x_wconf 89' lang='lat' dir='ltr'>populumitaconvertitur:</span> 
     </span>
    </p>
   </div>
   <div class='ocr_carea' id='block_1_77' title="bbox 407 4048 2051 4121">
    <p class='ocr_par' dir='ltr' id='par_1_77' title="bbox 407 4048 2051 4121">
     <span class='ocr_line' id='line_1_79' title="bbox 407 4048 2051 4121; baseline -0.001 -15"><span class='ocrx_word' id='word_1_541' title='bbox 407 4049 496 4106; x_wconf 91' lang='lat' dir='ltr'>Illi</span> <span class='ocrx_word' id='word_1_542' title='bbox 529 4050 599 4105; x_wconf 92' lang='lat' dir='ltr'>de</span> <span class='ocrx_word' id='word_1_543' title='bbox 628 4049 792 4105; x_wconf 90' lang='lat' dir='ltr'>vobis</span> <span class='ocrx_word' id='word_1_544' title='bbox 821 4048 965 4104; x_wconf 86' lang='lat' dir='ltr'>talia</span> <span class='ocrx_word' id='word_1_545' title='bbox 993 4048 1274 4120; x_wconf 90' lang='lat' dir='ltr'>suspicati</span> <span class='ocrx_word' id='word_1_546' title='bbox 1307 4053 1464 4116; x_wconf 89' lang='lat' dir='ltr'>sunt,</span> <span class='ocrx_word' id='word_1_547' title='bbox 1494 4049 1796 4104; x_wconf 90' lang='lat' dir='ltr'>vobiscum</span> <span class='ocrx_word' id='word_1_548' title='bbox 1817 4049 1874 4103; x_wconf 91' lang='lat' dir='ltr'>in</span> <span class='ocrx_word' id='word_1_549' title='bbox 1906 4048 2051 4121; x_wconf 89' lang='lat' dir='ltr'>legis</span> 
     </span>
    </p>
   </div>
   <div class='ocr_carea' id='block_1_78' title="bbox 403 4137 2050 4209">
    <p class='ocr_par' dir='ltr' id='par_1_78' title="bbox 403 4137 2050 4209">
     <span class='ocr_line' id='line_1_80' title="bbox 403 4137 2050 4209; baseline -0.001 -16"><span class='ocrx_word' id='word_1_550' title='bbox 403 4138 610 4194; x_wconf 88' lang='lat' dir='ltr'>itinere</span> <span class='ocrx_word' id='word_1_551' title='bbox 657 4143 994 4194; x_wconf 86' lang='lat' dir='ltr'>recusantes</span> <span class='ocrx_word' id='word_1_552' title='bbox 1043 4138 1342 4209; x_wconf 87' lang='lat' dir='ltr'>conjungi.</span> <span class='ocrx_word' id='word_1_553' title='bbox 1393 4138 1510 4192; x_wconf 88' lang='lat' dir='ltr'>Vos</span> <span class='ocrx_word' id='word_1_554' title='bbox 1559 4142 1753 4192; x_wconf 87' lang='lat' dir='ltr'>autem</span> <span class='ocrx_word' id='word_1_555' title='bbox 1804 4137 2050 4192; x_wconf 87' lang='lat' dir='ltr'>insidias</span> 
     </span>
    </p>
   </div>
   <div class='ocr_carea' id='block_1_79' title="bbox 399 4225 2050 4300">
    <p class='ocr_par' dir='ltr' id='par_1_79' title="bbox 399 4225 2050 4300">
     <span class='ocr_line' id='line_1_81' title="bbox 399 4225 2050 4300; baseline -0.001 -17"><span class='ocrx_word' id='word_1_556' title='bbox 399 4228 565 4284; x_wconf 85' lang='lat' dir='ltr'>vobis</span> <span class='ocrx_word' id='word_1_557' title='bbox 589 4245 622 4282; x_wconf 89' lang='lat' dir='ltr'>a</span> <span class='ocrx_word' id='word_1_558' title='bbox 644 4228 916 4300; x_wconf 89' lang='lat' dir='ltr'>gentibus</span> <span class='ocrx_word' id='word_1_559' title='bbox 939 4233 1172 4298; x_wconf 81' lang='lat' dir='ltr'>paratas</span> <span class='ocrx_word' id='word_1_560' title='bbox 1196 4243 1264 4281; x_wconf 90' lang='lat' dir='ltr'>ne</span> <span class='ocrx_word' id='word_1_561' title='bbox 1287 4226 1630 4281; x_wconf 86' lang='lat' dir='ltr'>timueritis:</span> <span class='ocrx_word' id='word_1_562' title='bbox 1656 4226 1772 4280; x_wconf 90' lang='lat' dir='ltr'>imo</span> <span class='ocrx_word' id='word_1_563' title='bbox 1801 4225 2050 4282; x_wconf 88' lang='lat' dir='ltr'>Domino</span> 
     </span>
    </p>
   </div>
   <div class='ocr_carea' id='block_1_80' title="bbox 400 4316 2051 4387">
    <p class='ocr_par' dir='ltr' id='par_1_80' title="bbox 400 4316 2051 4387">
     <span class='ocr_line' id='line_1_82' title="bbox 400 4316 2051 4387; baseline 0 -17"><span class='ocrx_word' id='word_1_564' title='bbox 400 4316 461 4371; x_wconf 91' lang='lat' dir='ltr'>in</span> <span class='ocrx_word' id='word_1_565' title='bbox 485 4317 682 4371; x_wconf 89' lang='lat' dir='ltr'>animo</span> <span class='ocrx_word' id='word_1_566' title='bbox 709 4322 1029 4386; x_wconf 86' lang='lat' dir='ltr'>versantes,</span> <span class='ocrx_word' id='word_1_567' title='bbox 1063 4317 1386 4383; x_wconf 77' lang='lat' dir='ltr'>signiﬁcate</span> <span class='ocrx_word' id='word_1_568' title='bbox 1417 4316 1633 4386; x_wconf 90' lang='lat' dir='ltr'>ipsum,</span> <span class='ocrx_word' id='word_1_569' title='bbox 1668 4319 1733 4370; x_wconf 84' lang='lat' dir='ltr'>Et</span> <span class='ocrx_word' id='word_1_570' title='bbox 1783 4318 1825 4387; x_wconf 66' lang='lat' dir='ltr'>i}</span> <span class='ocrx_word' id='word_1_571' title='bbox 1841 4331 1898 4371; x_wconf 87' lang='lat' dir='ltr'>se</span> <span class='ocrx_word' id='word_1_572' title='bbox 1942 4319 2051 4372; x_wconf 84' lang='lat' dir='ltr'>erit</span> 
     </span>
    </p>
   </div>
   <div class='ocr_carea' id='block_1_81' title="bbox 401 4401 2050 4475">
    <p class='ocr_par' dir='ltr' id='par_1_81' title="bbox 401 4401 2050 4475">
     <span class='ocr_line' id='line_1_83' title="bbox 401 4401 2050 4475; baseline 0.001 -15"><span class='ocrx_word' id='word_1_573' title='bbox 401 4413 526 4460; x_wconf 81' lang='lat' dir='ltr'>tuus</span> <span class='ocrx_word' id='word_1_574' title='bbox 556 4406 740 4460; x_wconf 85' lang='lat' dir='ltr'>timor.</span> <span class='ocrx_word' id='word_1_575' title='bbox 776 4405 891 4460; x_wconf 87' lang='lat' dir='ltr'>Hoc</span> <span class='ocrx_word' id='word_1_576' title='bbox 915 4405 1163 4460; x_wconf 88' lang='lat' dir='ltr'>maxime</span> <span class='ocrx_word' id='word_1_577' title='bbox 1191 4405 1262 4459; x_wconf 90' lang='lat' dir='ltr'>ad</span> <span class='ocrx_word' id='word_1_578' title='bbox 1287 4401 1696 4475; x_wconf 80' lang='lat' dir='ltr'>perfectionem</span> <span class='ocrx_word' id='word_1_579' title='bbox 1724 4404 1880 4471; x_wconf 79' lang='lat' dir='ltr'>facit,</span> <span class='ocrx_word' id='word_1_580' title='bbox 1906 4405 2050 4461; x_wconf 87' lang='lat' dir='ltr'>scite</span> 
     </span>
    </p>
   </div>
   <div class='ocr_carea' id='block_1_82' title="bbox 471 4509 1520 4580">
    <p class='ocr_par' dir='ltr' id='par_1_82' title="bbox 471 4509 1520 4580">
     <span class='ocr_line' id='line_1_84' title="bbox 471 4509 1520 4580; baseline -0.001 -14"><span class='ocrx_word' id='word_1_581' title='bbox 471 4513 516 4547; x_wconf 72' lang='grc' dir='ltr'><strong><em>η</em></strong></span> <span class='ocrx_word' id='word_1_582' title='bbox 549 4510 700 4567; x_wconf 87' lang='lat' dir='ltr'>Psal.</span> <span class='ocrx_word' id='word_1_583' title='bbox 733 4528 848 4580; x_wconf 78' lang='lat' dir='ltr'>xvr,</span> <span class='ocrx_word' id='word_1_584' title='bbox 883 4513 934 4566; x_wconf 79' lang='grc'>4.</span> <span class='ocrx_word' id='word_1_585' title='bbox 1029 4511 1072 4546; x_wconf 77' lang='grc' dir='ltr'>⁵ο</span> <span class='ocrx_word' id='word_1_586' title='bbox 1102 4509 1304 4566; x_wconf 88' lang='lat' dir='ltr'>Matth.</span> <span class='ocrx_word' id='word_1_587' title='bbox 1339 4525 1396 4580; x_wconf 92' lang='lat' dir='ltr'>v,</span> <span class='ocrx_word' id='word_1_588' title='bbox 1430 4510 1520 4565; x_wconf 85' lang='lat'>39.</span> 
     </span>
    </p>
   </div>
   <div class='ocr_carea' id='block_1_83' title="bbox 398 4581 1674 4653">
    <p class='ocr_par' dir='ltr' id='par_1_83' title="bbox 398 4581 1674 4653">
     <span class='ocr_line' id='line_1_85' title="bbox 398 4581 1674 4653; baseline -0.002 -13"><span class='ocrx_word' id='word_1_589' title='bbox 398 4584 442 4620; x_wconf 77' lang='grc'>⁵⁸</span> <span class='ocrx_word' id='word_1_590' title='bbox 475 4583 616 4640; x_wconf 91' lang='lat' dir='ltr'>ibid.</span> <span class='ocrx_word' id='word_1_591' title='bbox 649 4584 705 4653; x_wconf 88' lang='lat'>5,</span> <span class='ocrx_word' id='word_1_592' title='bbox 735 4584 790 4638; x_wconf 84' lang='lat'>6.</span> <span class='ocrx_word' id='word_1_593' title='bbox 868 4583 911 4618; x_wconf 74' lang='grc' dir='ltr'>⁵ο</span> <span class='ocrx_word' id='word_1_594' title='bbox 943 4581 1094 4638; x_wconf 86' lang='lat' dir='ltr'>Psal.</span> <span class='ocrx_word' id='word_1_595' title='bbox 1128 4599 1289 4652; x_wconf 83' lang='lat' dir='ltr'>cxxv,</span> <span class='ocrx_word' id='word_1_596' title='bbox 1323 4583 1377 4636; x_wconf 88' lang='lat'>6.</span> <span class='ocrx_word' id='word_1_597' title='bbox 1455 4582 1498 4616; x_wconf 82' lang='grc'>⁸⁷</span> <span class='ocrx_word' id='word_1_598' title='bbox 1530 4581 1674 4638; x_wconf 90' lang='lat' dir='ltr'>ibid.</span> 
     </span>
    </p>
   </div>
   <div class='ocr_carea' id='block_1_84' title="bbox 471 4678 2062 4764">
    <p class='ocr_par' dir='ltr' id='par_1_84' title="bbox 471 4685 2048 4764">
     <span class='ocr_line' id='line_1_86' title="bbox 471 4685 2048 4764; baseline 0.002 -21"><span class='ocrx_word' id='word_1_599' title='bbox 471 4689 586 4764; x_wconf 73' lang='grc'>(57)</span> <span class='ocrx_word' id='word_1_600' title='bbox 613 4689 856 4764; x_wconf 71' lang='lat' dir='ltr'>Antiqui</span> <span class='ocrx_word' id='word_1_601' title='bbox 869 4693 1137 4764; x_wconf 79' lang='lat' dir='ltr'>quatuor</span> <span class='ocrx_word' id='word_1_602' title='bbox 1168 4688 1335 4764; x_wconf 47' lang='lat' dir='ltr'>libri,</span> <span class='ocrx_word' id='word_1_603' title='bbox 1360 4685 1483 4764; x_wconf 74' lang='grc' dir='ltr'>βίου</span> <span class='ocrx_word' id='word_1_604' title='bbox 1520 4689 1620 4760; x_wconf 76' lang='grc' dir='ltr'>μή,</span> <span class='ocrx_word' id='word_1_605' title='bbox 1651 4689 1829 4745; x_wconf 86' lang='lat' dir='ltr'>Abest</span> <span class='ocrx_word' id='word_1_606' title='bbox 1861 4690 1934 4762; x_wconf 80' lang='grc' dir='ltr'>μή</span> <span class='ocrx_word' id='word_1_607' title='bbox 1977 4690 2048 4746; x_wconf 87' lang='lat' dir='ltr'>ab</span> 
     </span>
    </p>
   </div>
   <div class='ocr_carea' id='block_1_85' title="bbox 2178 4678 3144 4764">
    <p class='ocr_par' dir='ltr' id='par_1_85' title="bbox 2178 4678 3144 4764">
     <span class='ocr_line' id='line_1_87' title="bbox 2178 4678 3144 4764; baseline -0.003 -21"><span class='ocrx_word' id='word_1_608' title='bbox 2178 4678 2730 4764; x_wconf 53' lang='lat' dir='ltr'>n§8.,_966_ov_a_t’itibv</span> <span class='ocrx_word' id='word_1_609' title='bbox 2766 4681 2832 4764; x_wconf 57' lang='grc' dir='ltr'>οξ</span> <span class='ocrx_word' id='word_1_610' title='bbox 2862 4684 2985 4764; x_wconf 49' lang='grc' dir='ltr'>μή..</span> <span class='ocrx_word' id='word_1_611' title='bbox 3008 4684 3144 4764; x_wconf 64' lang='lat' dir='ltr'>Reg.</span> 
     </span>
    </p>
   </div>
   <div class='ocr_carea' id='block_1_86' title="bbox 400 4759 1534 4818">
    <p class='ocr_par' dir='ltr' id='par_1_86' title="bbox 400 4759 1534 4818">
     <span class='ocr_line' id='line_1_88' title="bbox 400 4759 1534 4818; baseline -0.002 0"><span class='ocrx_word' id='word_1_612' title='bbox 400 4759 572 4818; x_wconf 87' lang='lat' dir='ltr'>editis</span> <span class='ocrx_word' id='word_1_613' title='bbox 603 4767 659 4816; x_wconf 90' lang='lat' dir='ltr'>et</span> <span class='ocrx_word' id='word_1_614' title='bbox 687 4759 919 4817; x_wconf 47' lang='lat' dir='ltr'>ab&#39;aliis&#39;</span> <span class='ocrx_word' id='word_1_615' title='bbox 949 4762 1180 4817; x_wconf 91' lang='lat' dir='ltr'>duobus</span> <span class='ocrx_word' id='word_1_616' title='bbox 1211 4759 1534 4816; x_wconf 80' lang='lat' dir='ltr'>codicibus.</span> 
     </span>
    </p>
   </div>
   <div class='ocr_carea' id='block_1_87' title="bbox 470 4827 1924 4906">
    <p class='ocr_par' dir='ltr' id='par_1_87' title="bbox 470 4827 1924 4906">
     <span class='ocr_line' id='line_1_89' title="bbox 470 4827 1924 4906; baseline 0.001 -20"><span class='ocrx_word' id='word_1_617' title='bbox 470 4833 582 4904; x_wconf 84' lang='lat'>(58)</span> <span class='ocrx_word' id='word_1_618' title='bbox 613 4836 673 4889; x_wconf 90' lang='lat' dir='ltr'>In</span> <span class='ocrx_word' id='word_1_619' title='bbox 708 4834 1065 4906; x_wconf 89' lang='lat' dir='ltr'>quibusdam</span> <span class='ocrx_word' id='word_1_620' title='bbox 1101 4850 1253 4906; x_wconf 87' lang='lat' dir='ltr'>mss._</span> <span class='ocrx_word' id='word_1_621' title='bbox 1285 4829 1815 4906; x_wconf 61' lang='lat' dir='ltr'>legitur._2xlnpa‘zc</span> <span class='ocrx_word' id='word_1_622' title='bbox 1849 4827 1924 4887; x_wconf 75' lang='grc' dir='ltr'>δέ.</span> 
     </span>
    </p>
   </div>
   <div class='ocr_carea' id='block_1_88' title="bbox 470 4901 1760 4977">
    <p class='ocr_par' dir='ltr' id='par_1_88' title="bbox 470 4901 1760 4977">
     <span class='ocr_line' id='line_1_90' title="bbox 470 4901 1760 4977; baseline 0 -18"><span class='ocrx_word' id='word_1_623' title='bbox 470 4901 583 4976; x_wconf 79' lang='grc'>(59)</span> <span class='ocrx_word' id='word_1_624' title='bbox 611 4901 849 4962; x_wconf 79' lang='lat' dir='ltr'>Veteres</span> <span class='ocrx_word' id='word_1_625' title='bbox 872 4905 1098 4977; x_wconf 84' lang='lat' dir='ltr'>aliquot</span> <span class='ocrx_word' id='word_1_626' title='bbox 1127 4904 1282 4977; x_wconf 83' lang='lat' dir='ltr'>libri,</span> <span class='ocrx_word' id='word_1_627' title='bbox 1306 4901 1760 4959; x_wconf 68' lang='grc' dir='ltr'>ἐπαποδύσασϐαἰ.</span> 
     </span>
    </p>
   </div>
   <div class='ocr_carea' id='block_1_89' title="bbox 469 4974 2045 5050">
    <p class='ocr_par' dir='ltr' id='par_1_89' title="bbox 469 4974 2045 5050">
     <span class='ocr_line' id='line_1_91' title="bbox 469 4974 2045 5050; baseline 0 -20"><span class='ocrx_word' id='word_1_628' title='bbox 469 4974 582 5047; x_wconf 84' lang='grc'>(60)</span> <span class='ocrx_word' id='word_1_629' title='bbox 623 4977 875 5050; x_wconf 88' lang='lat' dir='ltr'>Uterque</span> <span class='ocrx_word' id='word_1_630' title='bbox 931 4974 1117 5042; x_wconf 85' lang='lat' dir='ltr'>Golb.,</span> <span class='ocrx_word' id='word_1_631' title='bbox 1181 4974 1446 5050; x_wconf 68' lang='grc' dir='ltr'>αἴροντες,</span> <span class='ocrx_word' id='word_1_632' title='bbox 1505 4978 1756 5050; x_wconf 76' lang='lat' dir='ltr'>tollentes</span> <span class='ocrx_word' id='word_1_633' title='bbox 1812 4977 2045 5050; x_wconf 76' lang='lat' dir='ltr'>semina.</span> 
     </span>
    </p>
   </div>
   <div class='ocr_carea' id='block_1_90' title="bbox 398 5044 2046 5122">
    <p class='ocr_par' dir='ltr' id='par_1_90' title="bbox 398 5044 2046 5122">
     <span class='ocr_line' id='line_1_92' title="bbox 398 5044 2046 5122; baseline 0 -19"><span class='ocrx_word' id='word_1_634' title='bbox 398 5044 573 5122; x_wconf 72' lang='lat' dir='ltr'>Haud</span> <span class='ocrx_word' id='word_1_635' title='bbox 596 5044 798 5122; x_wconf 83' lang='lat' dir='ltr'>procul</span> <span class='ocrx_word' id='word_1_636' title='bbox 856 5065 1185 5122; x_wconf 82' lang='lat' dir='ltr'>sex_mss_.,_</span> <span class='ocrx_word' id='word_1_637' title='bbox 1226 5044 1373 5105; x_wconf 72' lang='lat' dir='ltr'>aL...</span> <span class='ocrx_word' id='word_1_638' title='bbox 1425 5046 1767 5122; x_wconf 75' lang='grc' dir='ltr'>ἐγγινόμεναι</span> <span class='ocrx_word' id='word_1_639' title='bbox 1811 5044 2046 5120; x_wconf 75' lang='grc' dir='ltr'>θλίψεις.</span> 
     </span>
    </p>
   </div>
   <div class='ocr_carea' id='block_1_91' title="bbox 398 5117 1299 5196">
    <p class='ocr_par' dir='ltr' id='par_1_91' title="bbox 398 5117 1299 5196">
     <span class='ocr_line' id='line_1_93' title="bbox 398 5117 1299 5196; baseline -0.001 -21"><span class='ocrx_word' id='word_1_640' title='bbox 398 5119 575 5196; x_wconf 29' lang='lat' dir='ltr'>Ed‘iti,</span> <span class='ocrx_word' id='word_1_641' title='bbox 743 5119 1062 5196; x_wconf 65' lang='grc' dir='ltr'>ἐγγινομένη</span> <span class='ocrx_word' id='word_1_642' title='bbox 1096 5117 1299 5196; x_wconf 50' lang='grc' dir='ltr'>θλίψις.</span> 
     </span>
    </p>
   </div>
   <div class='ocr_carea' id='block_1_92' title="bbox 471 5186 2044 5263">
    <p class='ocr_par' dir='ltr' id='par_1_92' title="bbox 471 5186 2044 5263">
     <span class='ocr_line' id='line_1_94' title="bbox 471 5186 2044 5263; baseline -0.001 -16"><span class='ocrx_word' id='word_1_643' title='bbox 471 5193 583 5263; x_wconf 81' lang='grc'>(61)</span> <span class='ocrx_word' id='word_1_644' title='bbox 615 5186 700 5250; x_wconf 81' lang='lat' dir='ltr'>Ita</span> <span class='ocrx_word' id='word_1_645' title='bbox 732 5186 832 5249; x_wconf 64' lang='lat' dir='ltr'>sei</span> <span class='ocrx_word' id='word_1_646' title='bbox 863 5186 1006 5248; x_wconf 79' lang='lat' dir='ltr'>mss.</span> <span class='ocrx_word' id='word_1_647' title='bbox 1039 5186 1109 5248; x_wconf 73' lang='lat' dir='ltr'>At</span> <span class='ocrx_word' id='word_1_648' title='bbox 1137 5186 1300 5263; x_wconf 81' lang='lat' dir='ltr'>editi,</span> <span class='ocrx_word' id='word_1_649' title='bbox 1326 5186 1549 5263; x_wconf 61' lang='grc' dir='ltr'>εἴπωσι.</span> <span class='ocrx_word' id='word_1_650' title='bbox 1578 5189 1804 5263; x_wconf 74' lang='lat' dir='ltr'>Neoita</span> <span class='ocrx_word' id='word_1_651' title='bbox 1857 5189 2044 5263; x_wconf 89' lang='lat' dir='ltr'>multo</span> 
     </span>
    </p>
   </div>
   <div class='ocr_carea' id='block_1_93' title="bbox 396 5258 2044 5335">
    <p class='ocr_par' dir='ltr' id='par_1_93' title="bbox 396 5258 2044 5335">
     <span class='ocr_line' id='line_1_95' title="bbox 396 5258 2044 5335; baseline -0.002 -15"><span class='ocrx_word' id='word_1_652' title='bbox 396 5258 529 5335; x_wconf 67' lang='lat' dir='ltr'>post</span> <span class='ocrx_word' id='word_1_653' title='bbox 560 5258 694 5335; x_wconf 79' lang='lat' dir='ltr'>Reg.</span> <span class='ocrx_word' id='word_1_654' title='bbox 728 5265 956 5330; x_wconf 87' lang='lat' dir='ltr'>tertius,</span> <span class='ocrx_word' id='word_1_655' title='bbox 1018 5261 1244 5335; x_wconf 65' lang='grc' dir='ltr'>ἐξετάσω</span> <span class='ocrx_word' id='word_1_656' title='bbox 1287 5258 1384 5315; x_wconf 64' lang='grc' dir='ltr'>ὀῦν</span> <span class='ocrx_word' id='word_1_657' title='bbox 1413 5258 1584 5335; x_wconf 62' lang='grc' dir='ltr'>τούς.</span> <span class='ocrx_word' id='word_1_658' title='bbox 1633 5261 1744 5315; x_wconf 84' lang='lat' dir='ltr'>Alii</span> <span class='ocrx_word' id='word_1_659' title='bbox 1802 5262 2044 5335; x_wconf 71' lang='lat' dir='ltr'>quidam</span> 
     </span>
    </p>
   </div>
   <div class='ocr_carea' id='block_1_94' title="bbox 395 5330 2042 5427">
    <p class='ocr_par' dir='ltr' id='par_1_94' title="bbox 395 5330 2042 5427">
     <span class='ocr_line' id='line_1_96' title="bbox 395 5330 2042 5427; baseline -0.003 -36"><span class='ocrx_word' id='word_1_660' title='bbox 395 5330 565 5427; x_wconf 61' lang='lat' dir='ltr'>inse,</span> <span class='ocrx_word' id='word_1_661' title='bbox 616 5330 856 5406; x_wconf 63' lang='grc' dir='ltr'>ἐξέτασον</span> <span class='ocrx_word' id='word_1_662' title='bbox 917 5334 1008 5391; x_wconf 71' lang='grc' dir='ltr'>οὖν</span> <span class='ocrx_word' id='word_1_663' title='bbox 1056 5330 1215 5397; x_wconf 63' lang='grc' dir='ltr'>τούς.</span> <span class='ocrx_word' id='word_1_664' title='bbox 1274 5334 1448 5400; x_wconf 82' lang='lat' dir='ltr'>Editi,</span> <span class='ocrx_word' id='word_1_665' title='bbox 1511 5330 1749 5403; x_wconf 68' lang='grc' dir='ltr'>ῐξέτασον</span> <span class='ocrx_word' id='word_1_666' title='bbox 1807 5330 1898 5386; x_wconf 77' lang='grc' dir='ltr'>οῦν</span> <span class='ocrx_word' id='word_1_667' title='bbox 1951 5335 2042 5386; x_wconf 89' lang='grc' dir='ltr'>νῦν</span> 
     </span>
    </p>
   </div>
   <div class='ocr_carea' id='block_1_95' title="bbox 394 5428 547 5468">
    <p class='ocr_par' dir='ltr' id='par_1_95' title="bbox 394 5428 547 5468">
     <span class='ocr_line' id='line_1_97' title="bbox 394 5428 547 5468; baseline 0.007 -7"><span class='ocrx_word' id='word_1_668' title='bbox 394 5428 547 5468; x_wconf 88' lang='grc' dir='ltr'>τους.</span> 
     </span>
    </p>
   </div>
   <div class='ocr_carea' id='block_1_96' title="bbox 464 5474 2046 5550">
    <p class='ocr_par' dir='ltr' id='par_1_96' title="bbox 464 5474 2046 5550">
     <span class='ocr_line' id='line_1_98' title="bbox 464 5474 2046 5550; baseline -0.003 -16"><span class='ocrx_word' id='word_1_669' title='bbox 464 5479 576 5550; x_wconf 83' lang='grc'>(62)</span> <span class='ocrx_word' id='word_1_670' title='bbox 603 5479 775 5544; x_wconf 82' lang='lat' dir='ltr'>Editi,</span> <span class='ocrx_word' id='word_1_671' title='bbox 806 5479 890 5550; x_wconf 64' lang='grc' dir='ltr'>Δτὸ</span> <span class='ocrx_word' id='word_1_672' title='bbox 932 5476 1198 5549; x_wconf 80' lang='grc' dir='ltr'>αὐστηρὸν</span> <span class='ocrx_word' id='word_1_673' title='bbox 1249 5478 1346 5550; x_wconf 84' lang='grc' dir='ltr'>τοῦ</span> <span class='ocrx_word' id='word_1_674' title='bbox 1391 5474 1764 5550; x_wconf 62' lang='grc' dir='ltr'>κηρύγματος.</span> <span class='ocrx_word' id='word_1_675' title='bbox 1819 5477 1927 5531; x_wconf 86' lang='lat' dir='ltr'>Sed</span> <span class='ocrx_word' id='word_1_676' title='bbox 1978 5474 2046 5530; x_wconf 85' lang='lat' dir='ltr'>il-</span> 
     </span>
    </p>
   </div>
   <div class='ocr_carea' id='block_1_97' title="bbox 393 5547 2047 5625">
    <p class='ocr_par' dir='ltr' id='par_1_97' title="bbox 393 5547 2047 5625">
     <span class='ocr_line' id='line_1_99' title="bbox 393 5547 2047 5625; baseline 0 -20"><span class='ocrx_word' id='word_1_677' title='bbox 393 5547 645 5625; x_wconf 59' lang='lat' dir='ltr'>lud,fro§</span> <span class='ocrx_word' id='word_1_678' title='bbox 677 5547 1055 5625; x_wconf 79' lang='grc' dir='ltr'>κηρύγματος,</span> <span class='ocrx_word' id='word_1_679' title='bbox 1089 5547 1122 5604; x_wconf 83' lang='lat' dir='ltr'>a</span> <span class='ocrx_word' id='word_1_680' title='bbox 1153 5549 1370 5604; x_wconf 88' lang='lat' dir='ltr'>nostris</span> <span class='ocrx_word' id='word_1_681' title='bbox 1401 5547 1908 5625; x_wconf 23' lang='lat' dir='ltr'>sex‘msssabest,</span> <span class='ocrx_word' id='word_1_682' title='bbox 1943 5564 2047 5605; x_wconf 83' lang='lat' dir='ltr'>nec</span> 
     </span>
    </p>
   </div>
   <div class='ocr_carea' id='block_1_98' title="bbox 392 5621 2045 5694">
    <p class='ocr_par' dir='ltr' id='par_1_98' title="bbox 392 5621 2045 5694">
     <span class='ocr_line' id='line_1_100' title="bbox 392 5621 2045 5694; baseline -0.002 -15"><span class='ocrx_word' id='word_1_683' title='bbox 392 5622 640 5693; x_wconf 89' lang='lat' dir='ltr'>exprimi</span> <span class='ocrx_word' id='word_1_684' title='bbox 671 5621 912 5681; x_wconf 84' lang='lat' dir='ltr'>necesse</span> <span class='ocrx_word' id='word_1_685' title='bbox 945 5623 1075 5694; x_wconf 87' lang='lat' dir='ltr'>fuit,</span> <span class='ocrx_word' id='word_1_686' title='bbox 1107 5639 1241 5678; x_wconf 87' lang='lat' dir='ltr'>eum</span> <span class='ocrx_word' id='word_1_687' title='bbox 1275 5621 1557 5677; x_wconf 87' lang='lat' dir='ltr'>orationis</span> <span class='ocrx_word' id='word_1_688' title='bbox 1589 5621 1768 5694; x_wconf 77' lang='lat' dir='ltr'>series</span> <span class='ocrx_word' id='word_1_689' title='bbox 1822 5621 2045 5676; x_wconf 88' lang='lat' dir='ltr'>subau-</span> 
     </span>
    </p>
   </div>
   <div class='ocr_carea' id='block_1_99' title="bbox 392 5688 2048 5770">
    <p class='ocr_par' dir='ltr' id='par_1_99' title="bbox 392 5688 2048 5770">
     <span class='ocr_line' id='line_1_101' title="bbox 392 5688 2048 5770; baseline 0 -20"><span class='ocrx_word' id='word_1_690' title='bbox 392 5688 675 5753; x_wconf 79' lang='lat' dir='ltr'>diendum</span> <span class='ocrx_word' id='word_1_691' title='bbox 705 5713 838 5756; x_wconf 86' lang='lat' dir='ltr'>esse</span> <span class='ocrx_word' id='word_1_692' title='bbox 869 5688 1072 5770; x_wconf 80' lang='lat' dir='ltr'>aperte</span> <span class='ocrx_word' id='word_1_693' title='bbox 1093 5694 1383 5754; x_wconf 80' lang='lat' dir='ltr'>ostendat.</span> <span class='ocrx_word' id='word_1_694' title='bbox 1410 5694 1579 5752; x_wconf 85' lang='lat' dir='ltr'>Haud</span> <span class='ocrx_word' id='word_1_695' title='bbox 1598 5688 1773 5768; x_wconf 84' lang='lat' dir='ltr'>longe</span> <span class='ocrx_word' id='word_1_696' title='bbox 1793 5698 2048 5767; x_wconf 89' lang='lat' dir='ltr'>quatuor</span> 
     </span>
    </p>
   </div>
   <div class='ocr_carea' id='block_1_100' title="bbox 1640 4511 2090 4582">
    <p class='ocr_par' dir='ltr' id='par_1_100' title="bbox 1640 4511 2090 4582">
     <span class='ocr_line' id='line_1_102' title="bbox 1640 4511 2090 4582; baseline 0.004 -17"><span class='ocrx_word' id='word_1_697' title='bbox 1640 4511 1684 4548; x_wconf 80' lang='grc'>⁶¹</span> <span class='ocrx_word' id='word_1_698' title='bbox 1721 4511 1856 4566; x_wconf 92' lang='lat' dir='ltr'>Luc.</span> <span class='ocrx_word' id='word_1_699' title='bbox 1889 4527 1969 4582; x_wconf 84' lang='lat' dir='ltr'>v1,</span> <span class='ocrx_word' id='word_1_700' title='bbox 2001 4512 2090 4567; x_wconf 93' lang='lat'>30.</span> 
     </span>
    </p>
   </div>
   <div class='ocr_carea' id='block_1_101' title="bbox 2168 3329 3822 3414">
    <p class='ocr_par' dir='ltr' id='par_1_101' title="bbox 2168 3329 3822 3414">
     <span class='ocr_line' id='line_1_103' title="bbox 2168 3329 3822 3414; baseline 0.006 -25"><span class='ocrx_word' id='word_1_701' title='bbox 2168 3331 2334 3408; x_wconf 72' lang='grc' dir='ltr'>λέγει,</span> <span class='ocrx_word' id='word_1_702' title='bbox 2386 3333 2474 3401; x_wconf 76' lang='grc' dir='ltr'>Μὴ</span> <span class='ocrx_word' id='word_1_703' title='bbox 2506 3329 2763 3412; x_wconf 82' lang='grc' dir='ltr'>φοϐεῖσθε</span> <span class='ocrx_word' id='word_1_704' title='bbox 2809 3337 2920 3406; x_wconf 89' lang='grc'>(63(</span> <span class='ocrx_word' id='word_1_705' title='bbox 2952 3335 3042 3391; x_wconf 83' lang='grc' dir='ltr'>τὸν</span> <span class='ocrx_word' id='word_1_706' title='bbox 3077 3331 3266 3414; x_wconf 88' lang='grc' dir='ltr'>φόϐον,</span> <span class='ocrx_word' id='word_1_707' title='bbox 3322 3339 3381 3393; x_wconf 84' lang='grc' dir='ltr'>’ὸν</span> <span class='ocrx_word' id='word_1_708' title='bbox 3412 3343 3502 3395; x_wconf 80' lang='grc' dir='ltr'>νῦν</span> <span class='ocrx_word' id='word_1_709' title='bbox 3549 3341 3822 3399; x_wconf 74' lang='grc' dir='ltr'>ἀπαιδεύ-</span> 
     </span>
    </p>
   </div>
   <div class='ocr_carea' id='block_1_102' title="bbox 2164 3417 3820 3504">
    <p class='ocr_par' dir='ltr' id='par_1_102' title="bbox 2164 3417 3820 3504">
     <span class='ocr_line' id='line_1_104' title="bbox 2164 3417 3820 3504; baseline 0.007 -27"><span class='ocrx_word' id='word_1_710' title='bbox 2164 3443 2272 3484; x_wconf 88' lang='grc' dir='ltr'>τως</span> <span class='ocrx_word' id='word_1_711' title='bbox 2325 3417 2639 3500; x_wconf 85' lang='grc' dir='ltr'>φοϐοῦνται,</span> <span class='ocrx_word' id='word_1_712' title='bbox 2694 3425 2770 3497; x_wconf 77' lang='grc' dir='ltr'>μὴ</span> <span class='ocrx_word' id='word_1_713' title='bbox 2826 3422 3157 3488; x_wconf 73' lang='grc' dir='ltr'>ἰπιδιδόντες</span> <span class='ocrx_word' id='word_1_714' title='bbox 3218 3426 3442 3492; x_wconf 67' lang='grc' dir='ltr'>ἑαυτοὺς</span> <span class='ocrx_word' id='word_1_715' title='bbox 3484 3434 3553 3504; x_wconf 78' lang='grc' dir='ltr'>τῇ</span> <span class='ocrx_word' id='word_1_716' title='bbox 3585 3431 3820 3504; x_wconf 73' lang='grc' dir='ltr'>ἆσκήσει</span> 
     </span>
    </p>
   </div>
   <div class='ocr_carea' id='block_1_103' title="bbox 2161 3510 3817 3600">
    <p class='ocr_par' dir='ltr' id='par_1_103' title="bbox 2161 3510 3817 3600">
     <span class='ocr_line' id='line_1_105' title="bbox 2161 3510 3817 3600; baseline -0.001 -34"><span class='ocrx_word' id='word_1_717' title='bbox 2161 3531 2270 3600; x_wconf 85' lang='grc' dir='ltr'>των</span> <span class='ocrx_word' id='word_1_718' title='bbox 2325 3510 2651 3600; x_wconf 37' lang='grc' dir='ltr'>βελτιόνῶνέ</span> <span class='ocrx_word' id='word_1_719' title='bbox 2688 3513 2882 3568; x_wconf 82' lang='grc' dir='ltr'>ὡσανεὶ</span> <span class='ocrx_word' id='word_1_720' title='bbox 2930 3510 3099 3600; x_wconf 82' lang='grc' dir='ltr'>ἔλεγε·</span> <span class='ocrx_word' id='word_1_721' title='bbox 3148 3515 3241 3584; x_wconf 78' lang='grc' dir='ltr'>Μὴ</span> <span class='ocrx_word' id='word_1_722' title='bbox 3274 3511 3445 3593; x_wconf 79' lang='grc' dir='ltr'>φοϐοῦ</span> <span class='ocrx_word' id='word_1_723' title='bbox 3473 3521 3572 3588; x_wconf 71' lang='grc' dir='ltr'>τήν</span> <span class='ocrx_word' id='word_1_724' title='bbox 3605 3543 3817 3600; x_wconf 70' lang='grc' dir='ltr'>σοφρο-</span> 
     </span>
    </p>
   </div>
   <div class='ocr_carea' id='block_1_104' title="bbox 2165 3595 3818 3684">
    <p class='ocr_par' dir='ltr' id='par_1_104' title="bbox 2165 3595 3818 3684">
     <span class='ocr_line' id='line_1_106' title="bbox 2165 3595 3818 3684; baseline 0.002 -31"><span class='ocrx_word' id='word_1_725' title='bbox 2165 3599 2347 3670; x_wconf 85' lang='grc' dir='ltr'>σύνην·</span> <span class='ocrx_word' id='word_1_726' title='bbox 2400 3601 2492 3670; x_wconf 77' lang='grc' dir='ltr'>Μὴ</span> <span class='ocrx_word' id='word_1_727' title='bbox 2547 3595 2720 3678; x_wconf 88' lang='grc' dir='ltr'>φοϐοῦ</span> <span class='ocrx_word' id='word_1_728' title='bbox 2765 3602 2864 3671; x_wconf 78' lang='grc' dir='ltr'>τήν</span> <span class='ocrx_word' id='word_1_729' title='bbox 2913 3599 3150 3678; x_wconf 72' lang='grc' dir='ltr'>ἀνδρίανο</span> <span class='ocrx_word' id='word_1_730' title='bbox 3207 3605 3282 3676; x_wconf 84' lang='grc' dir='ltr'>μή</span> <span class='ocrx_word' id='word_1_731' title='bbox 3336 3601 3506 3684; x_wconf 88' lang='grc' dir='ltr'>φοϐοῦ</span> <span class='ocrx_word' id='word_1_732' title='bbox 3534 3610 3633 3678; x_wconf 73' lang='grc' dir='ltr'>τὴν</span> <span class='ocrx_word' id='word_1_733' title='bbox 3668 3595 3818 3667; x_wconf 52' lang='lat' dir='ltr'>eda-5-</span> 
     </span>
    </p>
   </div>
   <div class='ocr_carea' id='block_1_105' title="bbox 2164 3684 3812 3774">
    <p class='ocr_par' dir='ltr' id='par_1_105' title="bbox 2164 3684 3812 3774">
     <span class='ocr_line' id='line_1_107' title="bbox 2164 3684 3812 3774; baseline 0.008 -32"><span class='ocrx_word' id='word_1_734' title='bbox 2164 3684 2311 3743; x_wconf 89' lang='grc' dir='ltr'>ϐειαν</span> <span class='ocrx_word' id='word_1_735' title='bbox 2353 3691 2488 3760; x_wconf 85' lang='grc'>(64)·</span> <span class='ocrx_word' id='word_1_736' title='bbox 2544 3687 2814 3763; x_wconf 76' lang='grc' dir='ltr'>μηδεμίαν</span> <span class='ocrx_word' id='word_1_737' title='bbox 2861 3692 2968 3746; x_wconf 83' lang='grc' dir='ltr'>τῶν</span> <span class='ocrx_word' id='word_1_738' title='bbox 3019 3690 3222 3764; x_wconf 78' lang='grc' dir='ltr'>ἀρετῶν</span> <span class='ocrx_word' id='word_1_739' title='bbox 3273 3689 3520 3772; x_wconf 74' lang='grc' dir='ltr'>φοϐηθῇς</span> <span class='ocrx_word' id='word_1_740' title='bbox 3571 3699 3812 3774; x_wconf 75' lang='grc' dir='ltr'>Ἱὲἰμεροι</span> 
     </span>
    </p>
   </div>
   <div class='ocr_carea' id='block_1_106' title="bbox 2164 3777 3821 3862">
    <p class='ocr_par' dir='ltr' id='par_1_106' title="bbox 2164 3777 3821 3862">
     <span class='ocr_line' id='line_1_108' title="bbox 2164 3777 3821 3862; baseline 0 -29"><span class='ocrx_word' id='word_1_741' title='bbox 2164 3779 2318 3849; x_wconf 82' lang='grc' dir='ltr'>εἰσιν,</span> <span class='ocrx_word' id='word_1_742' title='bbox 2371 3777 2703 3854; x_wconf 84' lang='grc' dir='ltr'>εύπρόσιτοι,</span> <span class='ocrx_word' id='word_1_743' title='bbox 2754 3779 2969 3854; x_wconf 82' lang='grc' dir='ltr'>ἀγαθῶν</span> <span class='ocrx_word' id='word_1_744' title='bbox 3022 3782 3358 3856; x_wconf 80' lang='grc' dir='ltr'>παρεκτικοῖ,</span> <span class='ocrx_word' id='word_1_745' title='bbox 3421 3789 3564 3854; x_wconf 79' lang='grc' dir='ltr'>ζωῆς</span> <span class='ocrx_word' id='word_1_746' title='bbox 3619 3789 3821 3862; x_wconf 65' lang='grc' dir='ltr'>πρόες-</span> 
     </span>
    </p>
   </div>
   <div class='ocr_carea' id='block_1_107' title="bbox 2162 3867 3819 3946">
    <p class='ocr_par' dir='ltr' id='par_1_107' title="bbox 2162 3867 3819 3946">
     <span class='ocr_line' id='line_1_109' title="bbox 2162 3867 3819 3946; baseline 0.007 -25"><span class='ocrx_word' id='word_1_747' title='bbox 2162 3889 2267 3923; x_wconf 89' lang='grc' dir='ltr'>νοι.</span> <span class='ocrx_word' id='word_1_748' title='bbox 2301 3869 2368 3924; x_wconf 86' lang='grc' dir='ltr'><em>Ἣ</em></span> <span class='ocrx_word' id='word_1_749' title='bbox 2423 3870 2790 3942; x_wconf 78' lang='grc' dir='ltr'>μεταστρέψας</span> <span class='ocrx_word' id='word_1_750' title='bbox 2834 3868 2926 3923; x_wconf 84' lang='grc' dir='ltr'>τὸν</span> <span class='ocrx_word' id='word_1_751' title='bbox 2970 3867 3159 3944; x_wconf 86' lang='grc' dir='ltr'>λόγον,</span> <span class='ocrx_word' id='word_1_752' title='bbox 3208 3871 3345 3946; x_wconf 89' lang='grc' dir='ltr'>πρὸς</span> <span class='ocrx_word' id='word_1_753' title='bbox 3371 3873 3464 3927; x_wconf 87' lang='grc' dir='ltr'>τὸν</span> <span class='ocrx_word' id='word_1_754' title='bbox 3493 3872 3624 3929; x_wconf 82' lang='grc' dir='ltr'>λαὸν</span> <span class='ocrx_word' id='word_1_755' title='bbox 3677 3877 3819 3933; x_wconf 81' lang='grc' dir='ltr'>ἀπο-</span> 
     </span>
    </p>
   </div>
   <div class='ocr_carea' id='block_1_108' title="bbox 2161 3951 3819 4037">
    <p class='ocr_par' dir='ltr' id='par_1_108' title="bbox 2161 3951 3819 4037">
     <span class='ocr_line' id='line_1_110' title="bbox 2161 3951 3819 4037; baseline 0.006 -27"><span class='ocrx_word' id='word_1_756' title='bbox 2161 3956 2408 4010; x_wconf 74' lang='grc' dir='ltr'>τείνεται·</span> <span class='ocrx_word' id='word_1_757' title='bbox 2462 3951 2543 4011; x_wconf 73' lang='grc' dir='ltr'>ὅτι</span> <span class='ocrx_word' id='word_1_758' title='bbox 2597 3955 2792 4011; x_wconf 68' lang='grc' dir='ltr'>ἰκεῖνοι</span> <span class='ocrx_word' id='word_1_759' title='bbox 2842 3955 2937 4028; x_wconf 75' lang='grc' dir='ltr'>μὶν</span> <span class='ocrx_word' id='word_1_760' title='bbox 2981 3961 3149 4012; x_wconf 87' lang='grc' dir='ltr'>ταῦτα</span> <span class='ocrx_word' id='word_1_761' title='bbox 3195 3959 3318 4034; x_wconf 88' lang='grc' dir='ltr'>περὶ</span> <span class='ocrx_word' id='word_1_762' title='bbox 3374 3961 3524 4033; x_wconf 79' lang='grc' dir='ltr'>ὑμῶν</span> <span class='ocrx_word' id='word_1_763' title='bbox 3577 3963 3819 4037; x_wconf 74' lang='grc' dir='ltr'>ὑπειλή-</span> 
     </span>
    </p>
   </div>
   <div class='ocr_carea' id='block_1_109' title="bbox 2165 4041 3819 4126">
    <p class='ocr_par' dir='ltr' id='par_1_109' title="bbox 2165 4041 3819 4126">
     <span class='ocr_line' id='line_1_111' title="bbox 2165 4041 3819 4126; baseline 0.007 -27"><span class='ocrx_word' id='word_1_764' title='bbox 2165 4067 2312 4122; x_wconf 81' lang='grc' dir='ltr'>φασι,</span> <span class='ocrx_word' id='word_1_765' title='bbox 2340 4046 2439 4114; x_wconf 79' lang='grc' dir='ltr'>τὴν</span> <span class='ocrx_word' id='word_1_766' title='bbox 2487 4046 2623 4120; x_wconf 86' lang='grc' dir='ltr'>πρὸς</span> <span class='ocrx_word' id='word_1_767' title='bbox 2678 4047 2815 4118; x_wconf 82' lang='grc' dir='ltr'>ὑμᾶς</span> <span class='ocrx_word' id='word_1_768' title='bbox 2861 4041 3051 4100; x_wconf 72' lang='grc' dir='ltr'>ἕνωσιν</span> <span class='ocrx_word' id='word_1_769' title='bbox 3107 4045 3196 4102; x_wconf 72' lang='grc' dir='ltr'>διὰ</span> <span class='ocrx_word' id='word_1_770' title='bbox 3223 4055 3324 4117; x_wconf 83' lang='grc' dir='ltr'>τῆς</span> <span class='ocrx_word' id='word_1_771' title='bbox 3354 4055 3451 4105; x_wconf 86' lang='grc' dir='ltr'>τοῦ</span> <span class='ocrx_word' id='word_1_772' title='bbox 3495 4051 3668 4126; x_wconf 83' lang='grc' dir='ltr'>νόμου</span> <span class='ocrx_word' id='word_1_773' title='bbox 3719 4077 3819 4110; x_wconf 79' lang='grc' dir='ltr'>πο·</span> 
     </span>
    </p>
   </div>
   <div class='ocr_carea' id='block_1_110' title="bbox 2166 4130 3817 4219">
    <p class='ocr_par' dir='ltr' id='par_1_110' title="bbox 2166 4130 3817 4219">
     <span class='ocr_line' id='line_1_112' title="bbox 2166 4130 3817 4219; baseline -0.001 -31"><span class='ocrx_word' id='word_1_774' title='bbox 2166 4133 2308 4206; x_wconf 84' lang='grc' dir='ltr'>ρείας</span> <span class='ocrx_word' id='word_1_775' title='bbox 2374 4134 2447 4207; x_wconf 78' lang='grc' dir='ltr'>μὴ</span> <span class='ocrx_word' id='word_1_776' title='bbox 2506 4130 2957 4219; x_wconf 75' lang='grc' dir='ltr'>καταδεχόμενοι.</span> <span class='ocrx_word' id='word_1_777' title='bbox 3017 4135 3200 4208; x_wconf 82' lang='grc' dir='ltr'>Ὑμεῖς</span> <span class='ocrx_word' id='word_1_778' title='bbox 3259 4134 3315 4192; x_wconf 77' lang='grc' dir='ltr'>δὶ</span> <span class='ocrx_word' id='word_1_779' title='bbox 3375 4139 3451 4210; x_wconf 79' lang='grc' dir='ltr'>μὴ</span> <span class='ocrx_word' id='word_1_780' title='bbox 3530 4137 3817 4219; x_wconf 64' lang='grc' dir='ltr'>φοϐηθῆτε</span> 
     </span>
    </p>
   </div>
   <div class='ocr_carea' id='block_1_111' title="bbox 2163 4216 3819 4300">
    <p class='ocr_par' dir='ltr' id='par_1_111' title="bbox 2163 4216 3819 4300">
     <span class='ocr_line' id='line_1_113' title="bbox 2163 4216 3819 4300; baseline 0.005 -24"><span class='ocrx_word' id='word_1_781' title='bbox 2163 4222 2259 4283; x_wconf 76' lang='grc' dir='ltr'>τὰς</span> <span class='ocrx_word' id='word_1_782' title='bbox 2303 4222 2421 4284; x_wconf 87' lang='grc' dir='ltr'>καθ’</span> <span class='ocrx_word' id='word_1_783' title='bbox 2467 4221 2617 4293; x_wconf 81' lang='grc' dir='ltr'>ὑμῶν</span> <span class='ocrx_word' id='word_1_784' title='bbox 2669 4216 2967 4282; x_wconf 68' lang='grc' dir='ltr'>ἐπιϐουλὰς</span> <span class='ocrx_word' id='word_1_785' title='bbox 3011 4225 3119 4276; x_wconf 90' lang='grc' dir='ltr'>τῶν</span> <span class='ocrx_word' id='word_1_786' title='bbox 3161 4222 3350 4291; x_wconf 66' lang='grc' dir='ltr'>έθνῶν,</span> <span class='ocrx_word' id='word_1_787' title='bbox 3401 4216 3550 4281; x_wconf 59' lang='lat' dir='ltr'>una;</span> <span class='ocrx_word' id='word_1_788' title='bbox 3575 4230 3819 4300; x_wconf 74' lang='grc' dir='ltr'>νοήσαν-</span> 
     </span>
    </p>
   </div>
   <div class='ocr_carea' id='block_1_112' title="bbox 2164 4309 3817 4386">
    <p class='ocr_par' dir='ltr' id='par_1_112' title="bbox 2164 4309 3817 4386">
     <span class='ocr_line' id='line_1_114' title="bbox 2164 4309 3817 4386; baseline 0.007 -22"><span class='ocrx_word' id='word_1_789' title='bbox 2164 4331 2249 4373; x_wconf 87' lang='grc' dir='ltr'>τες</span> <span class='ocrx_word' id='word_1_790' title='bbox 2307 4311 2397 4365; x_wconf 85' lang='grc' dir='ltr'>τὸν</span> <span class='ocrx_word' id='word_1_791' title='bbox 2458 4310 2680 4383; x_wconf 88' lang='grc' dir='ltr'>Κύριον,</span> <span class='ocrx_word' id='word_1_792' title='bbox 2724 4310 2978 4386; x_wconf 84' lang='grc' dir='ltr'>ἁγὶάσατε</span> <span class='ocrx_word' id='word_1_793' title='bbox 3042 4309 3224 4384; x_wconf 79' lang='grc' dir='ltr'>αὐτὸν,</span> <span class='ocrx_word' id='word_1_794' title='bbox 3273 4313 3380 4368; x_wconf 82' lang='grc' dir='ltr'>Καὶ</span> <span class='ocrx_word' id='word_1_795' title='bbox 3446 4316 3612 4381; x_wconf 76' lang='grc' dir='ltr'>αὐτὸς</span> <span class='ocrx_word' id='word_1_796' title='bbox 3664 4315 3817 4375; x_wconf 78' lang='grc' dir='ltr'>ἔσται</span> 
     </span>
    </p>
   </div>
   <div class='ocr_carea' id='block_1_113' title="bbox 2165 4394 3819 4482">
    <p class='ocr_par' dir='ltr' id='par_1_113' title="bbox 2165 4394 3819 4482">
     <span class='ocr_line' id='line_1_115' title="bbox 2165 4394 3819 4482; baseline 0.006 -28"><span class='ocrx_word' id='word_1_797' title='bbox 2165 4420 2261 4455; x_wconf 92' lang='grc' dir='ltr'>σου</span> <span class='ocrx_word' id='word_1_798' title='bbox 2292 4394 2483 4478; x_wconf 86' lang='grc' dir='ltr'>φόϐος.</span> <span class='ocrx_word' id='word_1_799' title='bbox 2535 4399 2796 4476; x_wconf 73' lang='grc' dir='ltr'>Μέγιστον</span> <span class='ocrx_word' id='word_1_800' title='bbox 2862 4398 2938 4461; x_wconf 78' lang='grc' dir='ltr'>εἰς</span> <span class='ocrx_word' id='word_1_801' title='bbox 3011 4397 3310 4475; x_wconf 79' lang='grc' dir='ltr'>τελείωσιν,</span> <span class='ocrx_word' id='word_1_802' title='bbox 3367 4402 3819 4482; x_wconf 76' lang='grc' dir='ltr'>πεπαιδευμένως</span> 
     </span>
    </p>
   </div>
   <div class='ocr_carea' id='block_1_114' title="bbox 2186 4507 3831 4582">
    <p class='ocr_par' dir='ltr' id='par_1_114' title="bbox 2186 4507 3831 4582">
     <span class='ocr_line' id='line_1_116' title="bbox 2186 4507 3831 4582; baseline 0.007 -19"><span class='ocrx_word' id='word_1_803' title='bbox 2186 4509 2230 4546; x_wconf 75' lang='grc'>⁵³</span> <span class='ocrx_word' id='word_1_804' title='bbox 2262 4508 2470 4565; x_wconf 90' lang='lat' dir='ltr'>Matth.</span> <span class='ocrx_word' id='word_1_805' title='bbox 2496 4525 2549 4579; x_wconf 87' lang='grc' dir='ltr'>ν,</span> <span class='ocrx_word' id='word_1_806' title='bbox 2585 4509 2675 4564; x_wconf 82' lang='grc'>40.</span> <span class='ocrx_word' id='word_1_807' title='bbox 2781 4507 2825 4545; x_wconf 83' lang='grc'>⁸⁸</span> <span class='ocrx_word' id='word_1_808' title='bbox 2857 4509 2995 4564; x_wconf 85' lang='lat' dir='ltr'>Luc.</span> <span class='ocrx_word' id='word_1_809' title='bbox 3029 4525 3106 4580; x_wconf 80' lang='lat' dir='ltr'>v1,</span> <span class='ocrx_word' id='word_1_810' title='bbox 3132 4510 3223 4566; x_wconf 87' lang='grc'>28.</span> <span class='ocrx_word' id='word_1_811' title='bbox 3338 4511 3386 4547; x_wconf 76' lang='grc'><strong>⁸⁸</strong></span> <span class='ocrx_word' id='word_1_812' title='bbox 3415 4515 3620 4571; x_wconf 80' lang='lat' dir='ltr'>Matth.</span> <span class='ocrx_word' id='word_1_813' title='bbox 3660 4532 3718 4582; x_wconf 75' lang='grc' dir='ltr'>ν,</span> <span class='ocrx_word' id='word_1_814' title='bbox 3754 4519 3831 4574; x_wconf 68' lang='grc'>44</span> 
     </span>
    </p>
   </div>
   <div class='ocr_carea' id='block_1_115' title="bbox 2163 4683 3829 4833">
    <p class='ocr_par' dir='ltr' id='par_1_115' title="bbox 2163 4683 3829 4833">
     <span class='ocr_line' id='line_1_117' title="bbox 2163 4683 3829 4766; baseline 0.001 -22"><span class='ocrx_word' id='word_1_815' title='bbox 2163 4704 2330 4757; x_wconf 89' lang='lat' dir='ltr'>mss.,</span> <span class='ocrx_word' id='word_1_816' title='bbox 2364 4683 2530 4764; x_wconf 86' lang='grc' dir='ltr'>φόϐον</span> <span class='ocrx_word' id='word_1_817' title='bbox 2557 4683 2730 4738; x_wconf 82' lang='grc' dir='ltr'>αὐτῶν</span> <span class='ocrx_word' id='word_1_818' title='bbox 2766 4683 2827 4738; x_wconf 76' lang='grc' dir='ltr'>οὐ</span> <span class='ocrx_word' id='word_1_819' title='bbox 2862 4684 2960 4756; x_wconf 80' lang='grc' dir='ltr'>μή.</span> <span class='ocrx_word' id='word_1_820' title='bbox 3008 4684 3144 4756; x_wconf 79' lang='lat' dir='ltr'>Reg.</span> <span class='ocrx_word' id='word_1_821' title='bbox 3233 4687 3439 4760; x_wconf 88' lang='lat' dir='ltr'>rimus,</span> <span class='ocrx_word' id='word_1_822' title='bbox 3500 4683 3671 4766; x_wconf 86' lang='grc' dir='ltr'>φόϐον</span> <span class='ocrx_word' id='word_1_823' title='bbox 3721 4691 3829 4746; x_wconf 80' lang='grc' dir='ltr'>αὗ-</span> 
     </span>
     <span class='ocr_line' id='line_1_118' title="bbox 2163 4703 3436 4833; baseline -0.011 -17"><span class='ocrx_word' id='word_1_824' title='bbox 2163 4763 2260 4815; x_wconf 86' lang='grc' dir='ltr'>τοῦ</span> <span class='ocrx_word' id='word_1_825' title='bbox 2292 4757 2354 4833; x_wconf 84' lang='grc' dir='ltr'>ού</span> <span class='ocrx_word' id='word_1_826' title='bbox 2390 4759 2487 4833; x_wconf 71' lang='grc' dir='ltr'>μή.</span> <span class='ocrx_word' id='word_1_827' title='bbox 2512 4757 2694 4833; x_wconf 80' lang='lat' dir='ltr'>_Editi,</span> <span class='ocrx_word' id='word_1_828' title='bbox 2729 4750 2896 4833; x_wconf 85' lang='grc' dir='ltr'>φόϐον</span> <span class='ocrx_word' id='word_1_829' title='bbox 2931 4703 3226 4833; x_wconf 27' lang='grc' dir='ltr'>αύτοῦᾼμτξῗ</span> <span class='ocrx_word' id='word_1_830' title='bbox 3427 4831 3436 4833; x_wconf 22' lang='grc'><strong><em>4</em></strong></span> 
     </span>
    </p>
   </div>
   <div class='ocr_carea' id='block_1_116' title="bbox 2233 4829 3820 4905">
    <p class='ocr_par' dir='ltr' id='par_1_116' title="bbox 2233 4829 3820 4905">
     <span class='ocr_line' id='line_1_119' title="bbox 2233 4829 3820 4905; baseline 0.004 -20"><span class='ocrx_word' id='word_1_831' title='bbox 2233 4829 2526 4905; x_wconf 60' lang='grc' dir='ltr'>(63))ςᾱὶιὶ</span> <span class='ocrx_word' id='word_1_832' title='bbox 2560 4829 2761 4905; x_wconf 84' lang='lat' dir='ltr'>e_t_duo</span> <span class='ocrx_word' id='word_1_833' title='bbox 2791 4829 3487 4905; x_wconf 64' lang='lat' dir='ltr'>_m_ss.,_&lt;p003i_coat._Alii</span> <span class='ocrx_word' id='word_1_834' title='bbox 3537 4838 3820 4905; x_wconf 87' lang='lat' dir='ltr'>quatuor,</span> 
     </span>
    </p>
   </div>
   <div class='ocr_carea' id='block_1_117' title="bbox 2166 4896 3818 4979">
    <p class='ocr_par' dir='ltr' id='par_1_117' title="bbox 2166 4896 3818 4979">
     <span class='ocr_line' id='line_1_120' title="bbox 2166 4896 3818 4979; baseline -0.001 -23"><span class='ocrx_word' id='word_1_835' title='bbox 2166 4896 2246 4975; x_wconf 63' lang='grc' dir='ltr'>μὴ’</span> <span class='ocrx_word' id='word_1_836' title='bbox 2275 4896 2548 4979; x_wconf 79' lang='grc' dir='ltr'>φοϐεῖσθε.</span> <span class='ocrx_word' id='word_1_837' title='bbox 2582 4901 2911 4979; x_wconf 77' lang='lat' dir='ltr'>Mox_editi,_</span> <span class='ocrx_word' id='word_1_838' title='bbox 2927 4896 3125 4979; x_wconf 7' lang='grc' dir='ltr'>,τοῦτον</span> <span class='ocrx_word' id='word_1_839' title='bbox 3151 4901 3239 4955; x_wconf 82' lang='grc' dir='ltr'>τὸν</span> <span class='ocrx_word' id='word_1_840' title='bbox 3274 4896 3464 4978; x_wconf 87' lang='grc' dir='ltr'>φόϐον.</span> <span class='ocrx_word' id='word_1_841' title='bbox 3499 4896 3636 4975; x_wconf 74' lang='lat' dir='ltr'>véx,</span> <span class='ocrx_word' id='word_1_842' title='bbox 3683 4896 3818 4961; x_wconf 64' lang='grc' dir='ltr'>τοῦξ</span> 
     </span>
    </p>
   </div>
   <div class='ocr_carea' id='block_1_118' title="bbox 2159 4972 3036 5041">
    <p class='ocr_par' dir='ltr' id='par_1_118' title="bbox 2159 4972 3036 5041">
     <span class='ocr_line' id='line_1_121' title="bbox 2159 4972 3036 5041; baseline -0.001 -13"><span class='ocrx_word' id='word_1_843' title='bbox 2159 4972 2360 5041; x_wconf 78' lang='grc' dir='ltr'>τον,’ἱη</span> <span class='ocrx_word' id='word_1_844' title='bbox 2397 4991 2541 5029; x_wconf 89' lang='lat' dir='ltr'>mss.</span> <span class='ocrx_word' id='word_1_845' title='bbox 2574 4990 2689 5029; x_wconf 89' lang='lat' dir='ltr'>non</span> <span class='ocrx_word' id='word_1_846' title='bbox 2721 4972 3036 5029; x_wconf 88' lang='lat' dir='ltr'>invenitur.</span> 
     </span>
    </p>
   </div>
   <div class='ocr_carea' id='block_1_119' title="bbox 2233 5045 3820 5124">
    <p class='ocr_par' dir='ltr' id='par_1_119' title="bbox 2233 5045 3820 5124">
     <span class='ocr_line' id='line_1_122' title="bbox 2233 5045 3820 5124; baseline 0.001 -22"><span class='ocrx_word' id='word_1_847' title='bbox 2233 5048 2346 5120; x_wconf 84' lang='grc'>(64)</span> <span class='ocrx_word' id='word_1_848' title='bbox 2370 5046 2622 5124; x_wconf 83' lang='lat' dir='ltr'>Uterque</span> <span class='ocrx_word' id='word_1_849' title='bbox 2651 5045 2903 5124; x_wconf 49' lang='lat' dir='ltr'>Colb,_et</span> <span class='ocrx_word' id='word_1_850' title='bbox 2949 5045 3090 5124; x_wconf 56' lang='lat' dir='ltr'>Reg:</span> <span class='ocrx_word' id='word_1_851' title='bbox 3142 5047 3462 5124; x_wconf 76' lang='lat' dir='ltr'>secundus,</span> <span class='ocrx_word' id='word_1_852' title='bbox 3507 5049 3607 5118; x_wconf 82' lang='grc' dir='ltr'>τήν</span> <span class='ocrx_word' id='word_1_853' title='bbox 3659 5047 3820 5124; x_wconf 73' lang='grc' dir='ltr'>εὖγε-</span> 
     </span>
    </p>
   </div>
   <div class='ocr_carea' id='block_1_120' title="bbox 2157 5117 3822 5193">
    <p class='ocr_par' dir='ltr' id='par_1_120' title="bbox 2157 5117 3822 5193">
     <span class='ocr_line' id='line_1_123' title="bbox 2157 5117 3822 5193; baseline 0.005 -21"><span class='ocrx_word' id='word_1_854' title='bbox 2157 5117 2423 5186; x_wconf 77' lang='grc' dir='ltr'>νειὰν,ἠθ</span> <span class='ocrx_word' id='word_1_855' title='bbox 2452 5120 2648 5193; x_wconf 75' lang='lat' dir='ltr'>timeas</span> <span class='ocrx_word' id='word_1_856' title='bbox 2668 5117 3040 5193; x_wconf 80' lang='lat' dir='ltr'>nobilitatem,</span> <span class='ocrx_word' id='word_1_857' title='bbox 3073 5117 3300 5193; x_wconf 59' lang='lat' dir='ltr'>inepte.</span> <span class='ocrx_word' id='word_1_858' title='bbox 3323 5117 3634 5191; x_wconf 85' lang='lat' dir='ltr'>Aliquanto</span> <span class='ocrx_word' id='word_1_859' title='bbox 3684 5117 3822 5193; x_wconf 79' lang='lat' dir='ltr'>post</span> 
     </span>
    </p>
   </div>
   <div class='ocr_carea' id='block_1_121' title="bbox 2160 5185 3824 5267">
    <p class='ocr_par' dir='ltr' id='par_1_121' title="bbox 2160 5185 3824 5267">
     <span class='ocr_line' id='line_1_124' title="bbox 2160 5185 3824 5267; baseline -0.002 -21"><span class='ocrx_word' id='word_1_860' title='bbox 2160 5207 2258 5267; x_wconf 69' lang='lat' dir='ltr'>sex</span> <span class='ocrx_word' id='word_1_861' title='bbox 2289 5185 2456 5267; x_wconf 31' lang='lat' dir='ltr'>mss),</span> <span class='ocrx_word' id='word_1_862' title='bbox 2503 5187 2715 5267; x_wconf 76' lang='grc' dir='ltr'>ἀγαθῶν</span> <span class='ocrx_word' id='word_1_863' title='bbox 2765 5185 3105 5267; x_wconf 77' lang='grc' dir='ltr'>παρεκτικαί.</span> <span class='ocrx_word' id='word_1_864' title='bbox 3153 5185 3306 5267; x_wconf 64' lang='grc' dir='ltr'>Εόἱιὶ</span> <span class='ocrx_word' id='word_1_865' title='bbox 3353 5185 3514 5267; x_wconf 67' lang='lat' dir='ltr'>vero,</span> <span class='ocrx_word' id='word_1_866' title='bbox 3552 5185 3824 5267; x_wconf 61' lang='lat' dir='ltr'>nupsit-ct-</span> 
     </span>
    </p>
   </div>
   <div class='ocr_carea' id='block_1_122' title="bbox 2158 5259 3824 5334">
    <p class='ocr_par' dir='ltr' id='par_1_122' title="bbox 2158 5259 3824 5334">
     <span class='ocr_line' id='line_1_125' title="bbox 2158 5259 3824 5334; baseline 0.005 -19"><span class='ocrx_word' id='word_1_867' title='bbox 2158 5261 2266 5319; x_wconf 86' lang='grc' dir='ltr'>κοί.</span> <span class='ocrx_word' id='word_1_868' title='bbox 2294 5259 2561 5319; x_wconf 75' lang='lat' dir='ltr'>Verbum&#39;</span> <span class='ocrx_word' id='word_1_869' title='bbox 2591 5259 2984 5328; x_wconf 78' lang='grc' dir='ltr'>ἆποτείνεσθαι,</span> <span class='ocrx_word' id='word_1_870' title='bbox 3017 5261 3172 5332; x_wconf 91' lang='lat' dir='ltr'>quod</span> <span class='ocrx_word' id='word_1_871' title='bbox 3199 5278 3332 5318; x_wconf 84' lang='lat' dir='ltr'>mox</span> <span class='ocrx_word' id='word_1_872' title='bbox 3353 5259 3642 5334; x_wconf 73' lang='lat' dir='ltr'>sequitur,</span> <span class='ocrx_word' id='word_1_873' title='bbox 3695 5267 3824 5325; x_wconf 82' lang='lat' dir='ltr'>fere</span> 
     </span>
    </p>
   </div>
   <div class='ocr_carea' id='block_1_123' title="bbox 2157 5334 3820 5410">
    <p class='ocr_par' dir='ltr' id='par_1_123' title="bbox 2157 5334 3820 5410">
     <span class='ocr_line' id='line_1_126' title="bbox 2157 5334 3820 5410; baseline 0.004 -20"><span class='ocrx_word' id='word_1_874' title='bbox 2157 5335 2394 5410; x_wconf 75' lang='lat' dir='ltr'>quidem</span> <span class='ocrx_word' id='word_1_875' title='bbox 2425 5335 2685 5410; x_wconf 73' lang='lat' dir='ltr'>sumitur</span> <span class='ocrx_word' id='word_1_876' title='bbox 2708 5352 2816 5410; x_wconf 83' lang='lat' dir='ltr'>pro</span> <span class='ocrx_word' id='word_1_877' title='bbox 2830 5334 3091 5410; x_wconf 83' lang='lat' dir='ltr'>_eo_quod</span> <span class='ocrx_word' id='word_1_878' title='bbox 3113 5338 3220 5400; x_wconf 87' lang='lat' dir='ltr'>est,</span> <span class='ocrx_word' id='word_1_879' title='bbox 3246 5337 3432 5410; x_wconf 63' lang='lat' dir='ltr'>inpelli</span> <span class='ocrx_word' id='word_1_880' title='bbox 3454 5339 3513 5393; x_wconf 91' lang='lat' dir='ltr'>in</span> <span class='ocrx_word' id='word_1_881' title='bbox 3526 5338 3772 5410; x_wconf 81' lang='lat' dir='ltr'>aliquem</span> <span class='ocrx_word' id='word_1_882' title='bbox 3798 5358 3820 5397; x_wconf 89' lang='lat'><strong><em>:</em></strong></span> 
     </span>
    </p>
   </div>
   <div class='ocr_carea' id='block_1_124' title="bbox 2159 5405 3823 5482">
    <p class='ocr_par' dir='ltr' id='par_1_124' title="bbox 2159 5405 3823 5482">
     <span class='ocr_line' id='line_1_127' title="bbox 2159 5405 3823 5482; baseline 0.004 -20"><span class='ocrx_word' id='word_1_883' title='bbox 2159 5408 2256 5482; x_wconf 80' lang='lat' dir='ltr'>sed</span> <span class='ocrx_word' id='word_1_884' title='bbox 2292 5407 2384 5482; x_wconf 81' lang='lat' dir='ltr'>hic</span> <span class='ocrx_word' id='word_1_885' title='bbox 2414 5407 2642 5462; x_wconf 88' lang='lat' dir='ltr'>videtur</span> <span class='ocrx_word' id='word_1_886' title='bbox 2673 5405 3020 5479; x_wconf 82' lang='lat' dir='ltr'>simpliciter</span> <span class='ocrx_word' id='word_1_887' title='bbox 3050 5408 3324 5482; x_wconf 80' lang='lat' dir='ltr'>usurpari</span> <span class='ocrx_word' id='word_1_888' title='bbox 3352 5425 3454 5480; x_wconf 88' lang='lat' dir='ltr'>pro</span> <span class='ocrx_word' id='word_1_889' title='bbox 3473 5425 3540 5466; x_wconf 89' lang='lat' dir='ltr'>eo</span> <span class='ocrx_word' id='word_1_890' title='bbox 3572 5405 3729 5482; x_wconf 77' lang='lat' dir='ltr'>quod</span> <span class='ocrx_word' id='word_1_891' title='bbox 3758 5418 3823 5468; x_wconf 85' lang='lat' dir='ltr'>et</span> 
     </span>
    </p>
   </div>
   <div class='ocr_carea' id='block_1_125' title="bbox 2157 5479 3818 5551">
    <p class='ocr_par' dir='ltr' id='par_1_125' title="bbox 2157 5479 3818 5551">
     <span class='ocr_line' id='line_1_128' title="bbox 2157 5479 3818 5551; baseline 0.005 -18"><span class='ocrx_word' id='word_1_892' title='bbox 2157 5479 2385 5551; x_wconf 83' lang='lat' dir='ltr'>alloqui,</span> <span class='ocrx_word' id='word_1_893' title='bbox 2416 5488 2723 5551; x_wconf 85' lang='lat' dir='ltr'>convertere</span> <span class='ocrx_word' id='word_1_894' title='bbox 2770 5493 3078 5551; x_wconf 82' lang='lat' dir='ltr'>sermonem</span> <span class='ocrx_word' id='word_1_895' title='bbox 3125 5479 3196 5534; x_wconf 83' lang='lat' dir='ltr'>ad</span> <span class='ocrx_word' id='word_1_896' title='bbox 3241 5479 3503 5551; x_wconf 81' lang='lat' dir='ltr'>aliquem,</span> <span class='ocrx_word' id='word_1_897' title='bbox 3552 5479 3690 5539; x_wconf 81' lang='lat' dir='ltr'>cum</span> <span class='ocrx_word' id='word_1_898' title='bbox 3739 5501 3818 5540; x_wconf 82' lang='lat' dir='ltr'>ea</span> 
     </span>
    </p>
   </div>
   <div class='ocr_carea' id='block_1_126' title="bbox 2159 5550 3820 5626">
    <p class='ocr_par' dir='ltr' id='par_1_126' title="bbox 2159 5550 3820 5626">
     <span class='ocr_line' id='line_1_129' title="bbox 2159 5550 3820 5626; baseline 0.004 -21"><span class='ocrx_word' id='word_1_899' title='bbox 2159 5567 2284 5626; x_wconf 78' lang='lat' dir='ltr'>quae</span> <span class='ocrx_word' id='word_1_900' title='bbox 2313 5550 2423 5605; x_wconf 88' lang='lat' dir='ltr'>hoc</span> <span class='ocrx_word' id='word_1_901' title='bbox 2454 5551 2591 5626; x_wconf 80' lang='lat' dir='ltr'>loco</span> <span class='ocrx_word' id='word_1_902' title='bbox 2607 5550 2907 5626; x_wconf 76' lang='lat' dir='ltr'>leguntur,</span> <span class='ocrx_word' id='word_1_903' title='bbox 2943 5550 3138 5623; x_wconf 90' lang='lat' dir='ltr'>potius</span> <span class='ocrx_word' id='word_1_904' title='bbox 3168 5550 3340 5608; x_wconf 86' lang='lat' dir='ltr'>verba</span> <span class='ocrx_word' id='word_1_905' title='bbox 3361 5553 3480 5609; x_wconf 86' lang='lat' dir='ltr'>sint</span> <span class='ocrx_word' id='word_1_906' title='bbox 3501 5553 3820 5626; x_wconf 88' lang='lat' dir='ltr'>alloquen-</span> 
     </span>
    </p>
   </div>
   <div class='ocr_carea' id='block_1_127' title="bbox 2156 5622 2888 5698">
    <p class='ocr_par' dir='ltr' id='par_1_127' title="bbox 2156 5622 2888 5698">
     <span class='ocr_line' id='line_1_130' title="bbox 2156 5622 2888 5698; baseline 0.003 -20"><span class='ocrx_word' id='word_1_907' title='bbox 2156 5622 2258 5696; x_wconf 88' lang='lat' dir='ltr'>tis,</span> <span class='ocrx_word' id='word_1_908' title='bbox 2291 5639 2469 5697; x_wconf 90' lang='lat' dir='ltr'>quam</span> <span class='ocrx_word' id='word_1_909' title='bbox 2501 5622 2888 5698; x_wconf 76' lang='lat' dir='ltr'>objurgantis.</span> 
     </span>
    </p>
   </div>
  </div>
