4048 6220
184 411 267 472 493

942 404 1347 467 COMMENT.
1393 403 1477 464 IN
1520 400 1792 463 ιεΑιΑιι

1907 399 2347 463 ὶΟΡΗΕΤΑΜ.
2392 400 2562 462 CAP.
2610 401 2773 464 VIII.

3429 405 3553 465 494

182 537 536 611 λεκτισμένους
565 536 764 593 λοιπὸν
804 534 912 591 ἀπὸ
945 538 1055 591 τῶν
1086 534 1451 610 εἰσαγωγικῶν
1484 531 1663 609 λόγων
1694 532 1785 587 καὶ

1907 532 2209 590 steriorum
2250 548 2442 589 escam
2488 538 2816 606 pergentes,
2862 550 3123 605 assumo,
3155 534 3552 609 calefacioque

180 628 244 683 ἐπὶ
265 629 361 695 τὴν
384 624 729 700 τελειοτέραν
755 626 963 701 τροφὴν
1017 628 1124 678 τῶν
1178 622 1487 696 μυστηρίων
1537 624 1791 697 χωροῦν-

174 737 267 783 τας,
290 714 518 776 τούτους
551 707 1025 790 προσλαϐόμενος,
1055 712 1147 766 καὶ
1198 710 1419 775 θάλπων
1464 715 1545 781 τῷ
1595 706 1791 780 κόλπῳ

172 812 246 873 τῆς
269 801 698 876 εὐσπλαγχνίας,
730 800 988 875 προσάγω
1033 804 1113 872 τῷ
1160 800 1351 873 Πατρί.
1387 800 1465 853 Δι’
1495 798 1631 871 ἐμοῦ
1684 798 1785 873 γὰρ

171 897 196 963 ἡ
225 889 334 953 ὁδὸς
359 898 461 959 τῆς
490 891 628 963 πρὸς
659 888 818 944 αὐτὸν
872 887 1236 964 ἰπιγνώσεως.
1269 889 1390 944 ’Ὁτι
1449 885 1507 942 δὲ
1562 889 1675 960 (74)
1729 886 1789 941 ἐκ

172 978 436 1055 προσώπου
493 982 593 1032 τοῦ
623 981 862 1052 Χριστοῦ
893 975 1025 1031 εἰσιν
1060 977 1111 1030 οἱ
1145 975 1323 1052 λόγοι,
1353 973 1532 1039 οὐδεὶς
1577 975 1786 1049 ἀντερεῖ

172 1074 252 1124 τῶν
306 1068 675 1140 μεμνημένων
732 1072 836 1134 τῆς
890 1065 1027 1140 πρὸς
1079 1061 1364 1141 Ἐϐραίους
1419 1061 1782 1133 Ἐπιστολῆς·

171 1160 380 1231 Ἔπρεπε
434 1156 565 1229 γὰρ,
599 1154 753 1231 φησὶ,
788 1151 946 1208 δι”ὀν
1002 1154 1070 1208 τὰ
1127 1154 1322 1221 πάντα,
1351 1152 1442 1207 καὶ
1487 1150 1557 1207 δι’
1613 1152 1675 1206 οὗ
1722 1152 1790 1206 τὰ

169 1245 346 1310 πάντα,
404 1240 657 1304 πολλοὺς
731 1241 884 1303 υἱοὺς
964 1241 1042 1303 εἷς
1122 1238 1278 1312 δόξαν
1350 1241 1641 1317 ἀγαγόντα,
1696 1240 1789 1294 τὸν

174 1331 389 1407 ἀρχηγὸν
444 1337 546 1400 τῆς
603 1331 879 1406 σωτηρίας
934 1326 1023 1384 διὰ
1079 1329 1421 1403 παθημάτων
1477 1328 1786 1385 τελειῶσαι.

167 1422 222 1478 Ὀ
241 1440 291 1475 τε
334 1420 441 1495 γὰρ
504 1420 765 1494 ἁγιάζων,
797 1419 953 1496 φησὶ,
1001 1419 1089 1472 καὶ
1142 1419 1196 1472 οἱ
1252 1417 1602 1495 ἁγιαζόμενοι
1651 1420 1789 1490 (75),

169 1508 207 1581 ἒξ
273 1507 389 1568 ἑνὸς
490 1507 685 1569 πάντες
719 1549 733 1564 .
795 1507 874 1561 Δι’
943 1507 1004 1575 ἣν
1086 1504 1260 1561 αἰτίαν
1346 1507 1450 1561 οὐκ
1531 1506 1790 1581 ἄπαισχύ-

173 1617 283 1651 νεῖαι
369 1594 575 1657 αὐτοὺς
653 1593 840 1652 καλεῖν
934 1591 1247 1671 ἀδελφοὺς,
1300 1593 1473 1677 λέγων
1510 1612 1523 1627 ·
1584 1596 1788 1668 Ἀπαγ-

171 1685 287 1761 γελῶ
354 1686 422 1740 τὸ
505 1680 681 1757 ὄνομά
755 1704 857 1738 σου
922 1688 1042 1746 τοῖς
1118 1681 1377 1762 ἀδελφοῖς
1472 1705 1615 1757 μουο
1672 1683 1763 1739 καὶ
1842 1681 2009 1738 πάλιν
2043 1701 2057 1715 ’

176 1773 463 1919 Θεέί7.Καέ
525 1859 695 1930 ἔσται,
747 1860 905 1935 φησὶ,
955 1865 1159 1934 σημεῖα
1210 1860 1299 1916 καὶ
1353 1860 1550 1935 τέρατα
1605 1860 1656 1916 ὲν
1714 1860 1794 1932 τῷ

169 1948 281 2022 οἴκῳ
306 1945 526 2007 Ἰακώϐ.
570 1950 725 2025 Παρὰ
750 1948 954 2004 τούτων
994 1954 1103 2004 τῶν
1148 1947 1378 2004 παιδίων
1425 1953 1533 2004 τῶν
1584 1950 1795 2025 ἀναγεν-

1902 622 1959 676 ἱιι
1997 620 2409 677 misericordiae
2442 626 2597 690 sinu,
2630 629 2688 678 et
2718 623 2868 677 Patri
2903 624 3099 679 offero.
3134 623 3241 678 Per
3274 638 3365 679 me
3394 626 3551 681 enim

1901 711 1972 766 ad
2006 710 2200 782 ipsum
2233 713 2701 783 cognoscendum
2737 713 3005 782 expedita
3034 714 3126 766 via
3154 721 3260 767 est.
3293 712 3425 768 Haic
3455 729 3553 769 au-

1899 802 2017 853 tem
2065 799 2237 854 verba
2284 799 2341 853 in
2390 799 2603 854 Christi
2654 815 2907 871 persona
2955 800 3345 871 pronuntiari,
3378 817 3549 856 nemo

1900 887 2216 959 negaverit,
2250 886 2350 958 qui
2397 887 2732 942 meminerit
2782 887 3052 959 Epistolis
3103 889 3173 943 ad
3224 888 3544 945 Hebraeos:

1901 976 2140 1031 Deccbat
2184 977 2353 1045 enim,
2386 975 2597 1047 inquit,
2630 992 2775 1043 eum,
2805 980 3029 1047 propter
3056 993 3220 1049 quem
3247 979 3457 1048 omnia,
3489 982 3547 1031 et

1896 1079 1996 1135 per
2023 1080 2184 1135 quem
2210 1066 2420 1134 omnia,
2441 1065 2536 1135 qui
2563 1065 2763 1120 multos
2782 1065 2929 1135 ﬁlios
2955 1067 3015 1120 in
3044 1066 3285 1135 gloriam
3304 1065 3545 1121 adduxe-

1899 1154 2003 1219 rat,
2036 1160 2311 1207 auctorem
2338 1153 2537 1209 salutis
2565 1169 2757 1209 eorum
2803 1170 2900 1223 per
2949 1156 3269 1222 passionem
3292 1170 3543 1210 consum-

1897 1255 2072 1296 mare.
2107 1242 2214 1309 Qui
2258 1243 2430 1312 enim,
2462 1241 2674 1313 inquit,
2702 1243 3015 1313 sanctiﬁcat
3056 1248 3106 1298 et
3149 1245 3247 1313 qui
3293 1243 3542 1312 sanctiﬁ-

1896 1333 2116 1397 cantur,
2157 1345 2228 1384 ea:
2272 1345 2381 1385 uno
2427 1346 2630 1385 omnes.
2676 1331 2906 1401 Propter
2952 1348 3118 1401 quam
3161 1347 3389 1387 causam
3431 1346 3545 1387 non

1898 1417 2254 1489 confunditur
2277 1419 2483 1488 fratres
2510 1434 2598 1473 eos
2626 1434 2838 1487 vocare,
2868 1418 3053 1475 dicens
3079 1441 3096 1471 ,ο
3131 1420 3409 1476 Nuntiabo
3437 1437 3544 1474 no-

1897 1523 2024 1563 men
2055 1516 2211 1562 tuum
2257 1509 2530 1578 fratribus
2578 1508 2737 1563 meis.
2781 1510 2849 1562 Et
2894 1510 3094 1563 iterum
3124 1526 3142 1563 :
3172 1510 3304 1564 Ecce
3348 1524 3444 1579 ego
3495 1515 3548 1563 et

1896 1597 2069 1667 pueri
2098 1611 2230 1667 quos
2258 1596 2401 1650 mihi
2429 1596 2577 1651 dedit
2601 1596 2743 1652 Deus
2767 1597 2835 1650 ⁷³.

2118 1680 2258 1739 Ἰδοὺ
2333 1681 2439 1759 ἐγὼ
2517 1683 2609 1738 καὶ
2662 1685 2732 1739 τὰ
2787 1681 2975 1739 παιδία
3021 1685 3055 1738 ἅ
3113 1703 3206 1757 μοι
3265 1678 3465 1739 ἔδωκεν
3518 1684 3547 1738 ὁ

1972 1861 2098 1916 217.
2134 1864 2207 1917 Et
2235 1864 2422 1926 erunt,
2454 1861 2667 1934 inquit,
2699 1864 2860 1933 signa
2902 1866 2961 1919 et
2985 1866 3242 1935 portenta
3286 1864 3349 1917 in
3392 1862 3547 1919 domo

1900 1951 2081 2007 Iacob.
2113 1950 2198 2006 Ah
2229 1950 2392 2007 hisce
2430 1950 2627 2023 pueris
2657 1968 2692 2007 a
2720 1951 2947 2007 Christo
2990 1951 3344 2024 regeneratis
3375 1950 3549 2007 fortia

172 2038 411 2108 ηθὲντων
446 2039 555 2093 ὑπὸ
582 2043 823 2113 Χριστοῦ
854 2035 1052 2093 δυνατὰ
1097 2044 1322 2111 σημεῖα,
1346 2038 1435 2092 καὶ
1491 2038 1686 2112 τέρατα
1733 2038 1783 2093 ἐν

1907 2040 2068 2111 signa
2096 2044 2155 2094 et
2187 2044 2451 2109 portenta
2480 2039 2540 2095 in
2572 2041 2750 2095 domo
2776 2040 2958 2096 Jacob
2988 2041 3255 2097 edentur.
3286 2041 3545 2096 Infantes

169 2131 233 2197 τῷ
282 2124 415 2199 οἴκῳ
454 2122 654 2181 Ἰακὼϐ
703 2129 818 2201 (76)
875 2126 1366 2197 ἐπιτελεσθήσεται.
1404 2125 1599 2182 Παιδία
1651 2127 1786 2196 ἦσαν

171 2216 212 2268 οἳ
238 2215 555 2287 ἀπόστολοι,
586 2220 656 2290 τῇ
715 2215 876 2287 κακίᾳ
911 2214 1285 2286 νηπιάζοντες’
1313 2217 1366 2270 οἱ
1421 2221 1636 2289 πρῶτον
1692 2217 1786 2288 μὶν

167 2301 413 2375 γλώσσαις
446 2302 768 2371 λαλοῦντες,
801 2302 1014 2359 ἰδιῶται
1047 2302 1321 2377 ἄνθρωποι
1352 2304 1442 2360 καὶ
1472 2302 1784 2372 Γαλιλαῖοι,

168 2396 274 2446 πᾶσι
300 2393 535 2471 φανερὰν
593 2392 856 2462 ἐποίησαν
902 2394 1004 2462 τήν
1043 2390 1339 2465 ἐπιδημίαν
1392 2397 1490 2448 τοῦ
1545 2393 1788 2465 Πνεόμα-

165 2501 257 2547 τος,
282 2483 360 2536 καὶ
387 2484 498 2550 τήν
545 2484 840 2557 γενομένην
894 2481 979 2536 ἐπ’
1007 2480 1206 2543 αὐτοὺς
1261 2487 1369 2536 τῶν
1427 2483 1783 2557 χαρισμάτων

169 2565 421 2644 διαίρεσιν,
446 2570 540 2625 καὶ
594 2571 688 2625 τὸν
753 2572 1018 2644 μερισμὸν
1076 2576 1181 2625 τῶν
1240 2569 1527 2645 γλωσσῶν.
1561 2576 1788 2626 Ἔπειτα

164 2660 372 2731 γνωστὸν
406 2663 666 2730 σημεῖον,
691 2659 720 2712 6
749 2658 838 2712 ἐπὶ
870 2662 938 2731 τῇ
993 2659 1168 2732 ὡραία
1223 2658 1373 2734 πύλῃ
1427 2659 1789 2731 καθεζόμενος

165 2745 346 2820 χωλὸς,
374 2747 532 2820 παρᾶ
569 2746 779 2821 Πέτρου
823 2746 912 2801 καὶ
959 2746 1230 2815 Ἰωάννου,
1264 2744 1352 2802 διὰ
1405 2754 1505 2816 τῆς
1560 2747 1790 2817 ἐπικλή-

163 2856 272 2897 σεως
297 2840 390 2890 τοῦ
430 2834 704 2907 ὀνόματος
734 2840 829 2890 τοῦ
886 2839 1144 2910 Χριστοῦ,
1178 2836 1438 2910 ἀρτίπους
1475 2836 1785 2911 γενόμενος,

164 2928 538 2997 περεωθεισῶν
605 2923 755 2997 αὖτῷ
811 2926 922 2999 (77)
977 2928 1086 2979 τῶν
1146 2922 1375 2998 βάσεων.
1431 2925 1547 3002 Ἐφ’
1592 2926 1639 2997 ᾦ
1695 2926 1784 2980 καὶ

164 3010 440 3087 ἐπληρώθη
500 3016 537 3083 ἡ
596 3011 807 3068 παλαιὰ
861 3013 1187 3089 προφητεία,
1233 3013 1315 3069 ὅτι
1367 3015 1498 3070 Τότε
1551 3012 1785 3085 ἀλεῖται,

162 3098 222 3160 ὡς
258 3098 478 3179 neque,
511 3102 544 3155 6
592 3097 805 3177 χωλός.
848 3106 1093 3174 Σημεῖον
1140 3101 1208 3169 ἦν
1240 3103 1274 3169 ἡ
1309 3100 1537 3175 Δορκὰς,
1584 3098 1645 3155 ἐκ
1701 3121 1788 3155 νε·-

162 3192 281 3262 iiva
330 3188 685 3266 ἐγειρομίνη.
724 3194 966 3262 Σημεῖον
1007 3189 1073 3258 ἦν
1104 3188 1157 3243 αἰ
1192 3186 1413 3265 σιδηραῖ
1467 3186 1636 3244 πύλαι
1689 3196 1788 3259 τῆς

160 3277 404 3352 φυλακῆς,
457 3276 790 3350 αὐτομάτως
850 3277 1273 3353 ὑπανοιγόμεναι
1328 3281 1398 3352 τῇ
1457 3275 1626 3351 ἐξόδῳ
1689 3281 1787 3332 τοῦ

1898 2133 2065 2184 erant
2110 2127 2383 2199 apostoli,
2414 2132 2616 2199 utpote
2666 2128 2887 2185 malitia
2945 2130 3109 2200 pueri
3130 2131 3209 2197 73;
3264 2129 3365 2200 qui
3424 2128 3543 2200 pri-

1899 2232 2063 2271 mum
2096 2216 2335 2287 quidem
2379 2215 2595 2289 linguis
2643 2217 2970 2288 loquentes,
3001 2218 3272 2274 homines
3319 2216 3544 2273 scilicet

1896 2304 2088 2359 idiotis
2118 2309 2177 2360 et
2205 2305 2448 2372 Galilisi,
2477 2311 2676 2361 tamen
2715 2306 2965 2377 Spiritus
3007 2308 3196 2363 sancti
3225 2307 3542 2362 adventum

1897 2394 2176 2449 omnibus
2206 2394 2582 2449 manifestum
2610 2395 3024 2462 reddiderunt;
3049 2401 3224 2466 atque
3254 2396 3573 2452 donorum-

1898 2482 2267 2552 divisionem,
2302 2482 2761 2554 linguarumqus
2802 2484 3175 2555 partitionem
3206 2499 3544 2541 concessam

1898 2571 2011 2625 sibi
2044 2571 2224 2627 fuisse
2255 2572 2641 2627 ostenderunt
2659 2573 2723 2627 ⁷⁸.
2759 2573 2965 2628 Adbaec
2994 2573 3323 2629 dilucidum
3355 2579 3411 2629 et
3440 2589 3546 2628 no-

1895 2664 2021 2713 tum
2064 2658 2300 2730 signum
2349 2664 2441 2715 est
2490 2658 2737 2716 claudus
2786 2660 2905 2728 ille,
2937 2662 3037 2733 qui
3089 2662 3161 2716 ad
3206 2661 3543 2733 Speciosam

1899 2753 2125 2818 portam
2159 2748 2392 2816 sedens,
2427 2764 2531 2819 per
2576 2749 3000 2806 invocationem
3049 2750 3307 2805 nominis
3334 2748 3543 2803 Christi

1897 2854 1930 2889 a
1961 2835 2122 2890 Petro
2153 2839 2210 2890 et
2237 2838 2458 2891 Joanne
2496 2838 2809 2908 perfectam
2848 2839 3062 2910 pedum
3093 2837 3403 2894 sanitatem
3438 2837 3544 2892 ob-

1900 2923 2095 2989 tinuit,
2119 2922 2369 2979 ﬁrmatis
2397 2923 2585 2995 ipsius
2628 2927 2782 2983 542
2827 2926 3044 2998 plantis
3073 2943 3139 2981 ac
3168 2925 3456 2982 roboretis
3474 2925 3540 2980 ⁷⁸.

1897 3012 1959 3067 Ιιι
1991 3028 2107 3083 quo
2149 3012 2317 3084 signo
2365 3012 2654 3084 completa
2699 3020 2789 3070 est
2818 3020 2985 3070 vetus
3033 3014 3133 3071 illa
3184 3013 3537 3087 prophetia:

1897 3102 2038 3156 Tunc
2065 3100 2251 3170 saliet,
2283 3104 2345 3156 ut
2370 3117 2581 3166 cervus,
2612 3101 2845 3159 claudus
2864 3104 2930 3158 7°.
2961 3103 3202 3175 Signum
3243 3106 3368 3158 erat
3394 3102 3540 3158 Dor-

1896 3207 2013 3256 cas,
2044 3207 2079 3245 a
2126 3189 2374 3245 mortuis
2431 3190 2768 3247 excitata".
2818 3193 3061 3264 Signum
3124 3192 3285 3248 fuere
3341 3192 3537 3248 ferrem

1896 3280 2144 3334 carceris
2176 3283 2352 3350 portis
2372 3279 2437 3348 ⁷⁸,
2471 3294 2540 3334 ex
2569 3294 2632 3334 se
2663 3279 2809 3351 ipsis
2854 3279 2915 3334 in
2966 3279 3115 3335 Petri
3164 3294 3401 3349 egressu
3435 3278 3546 3334 ad-

160 3364 357 3441 Ιιέτρου·
385 3367 459 3422 τὰ
501 3364 679 3438 δεσμὰ
728 3364 1003 3438 λυόμενα·
1050 3365 1141 3421 καὶ
1190 3364 1286 3420 ὅσα
1334 3364 1481 3421 ἄλλα
1539 3364 1629 3421 διὰ
1677 3370 1785 3421 τῶν

1907 3371 2134 3439 apertis,
2168 3366 2404 3423 vincula
2434 3366 2646 3434 soluta,
2667 3373 2723 3423 et
2753 3384 3118 3439 quaecunque
3148 3366 3283 3436 alia,
3312 3383 3441 3439 quas
3471 3366 3545 3422 ab

159 3452 453 3511 ἀποστόλων
513 3454 719 3528 ἐγίνετο
769 3454 847 3515 εἷς
897 3453 1199 3531 φανὲρωσιν
1256 3461 1356 3523 τῆς
1390 3455 1647 3524 θεότητος
1693 3452 1789 3508 τοῦ

160 3541 505 3618 Μενογενοῦς.
543 3544 726 3599 Ταῦτα
785 3539 843 3597 δι
898 3544 1072 3598 πάντα
1100 3543 1167 3597 τὰ
1204 3548 1408 3616 σημεῖα
1462 3544 1552 3598 καὶ
1599 3542 1794 3619 τέρατα

158 3632 281 3705 τοιρά
306 3634 421 3705 (78)
453 3635 597 3688 Θεοῦ
629 3631 740 3685 ἑστι
770 3625 1023 3701 Σαϐαὼθ,
1047 3631 1106 3693 ’ὸς
1162 3636 1405 3687 κατοικεῖ
1447 3633 1499 3687 ὲν
1549 3636 1627 3704 τῷ
1680 3628 1793 3708 ὄρει

160 3718 300 3775 Σιών.
351 3722 488 3776 Θεὸν
556 3714 792 3783 Σαϐαὼθ
848 3719 936 3774 τὸν
997 3720 1126 3775 Θεὸν
1179 3724 1286 3775 τῶν
1344 3726 1608 3796 στρατιῶν
1654 3726 1796 3776 νοεῖν

160 3811 401 3876 προσῆκε.
432 3808 537 3870 Τίς
569 3805 628 3862 δὲ
656 3805 832 3871 ἄλλος
858 3812 963 3862 τῶν
995 3812 1257 3883 στρατιῶν
1286 3807 1507 3881 Κύριος,
1543 3807 1579 3877 ἢ
1630 3810 1658 3865 6
1704 3808 1795 3864 λε-

157 3895 362 3967 γόμενος
394 3897 858 3973 ἀρχιστράτηγος
879 3897 991 3969 (79)
1034 3900 1135 3961 τῆς
1178 3893 1454 3969 δυνάμεως
1495 3901 1594 3952 τοῦ
1638 3901 1793 3968 Θεοῦ,

158 3986 265 4059 παρ’
296 3986 358 4040 οὗ
388 3984 615 4042 δίδοται
646 3984 714 4040 τὰ
742 3989 945 4059 σημεῖα
976 3990 1093 4047 τοῖς
1129 3982 1408 4048 παιδίοιςε
1436 3987 1557 4043 Ὅτι
1590 3983 1647 4041 δὲ
1677 4007 1797 4041 παι-

157 4068 231 4126 δία
257 4075 307 4127 οἱ
338 4075 419 4137 εἷς
452 4075 697 4149 Χριστὸν
736 4074 1170 4143 πεπιστευκότες,
1204 4071 1373 4143 δῆλον
1435 4075 1529 4147 μὶν
1589 4073 1679 4130 καὶ
1740 4073 1799 4130 ἐκ

157 4164 237 4213 τοῦ
265 4162 551 4238 είρηκὲναι
580 4163 674 4217 τὸν
705 4162 901 4237 Κύριον
936 4162 1059 4237 περὶ
1089 4166 1199 4217 τῶν
1260 4162 1552 4217 αἰνούντων
1613 4162 1796 4235 αὐτὸν,

153 4249 229 4303 καὶ
297 4251 582 4328 λεγόντων
619 4294 634 4320 ,
688 4252 916 4306 Ὡσαννά
979 4249 1032 4306 ἐν
1107 4257 1224 4313 τοῖς
1312 4252 1556 4325 ὑψίστοις
1589 4295 1605 4322 ,
1663 4254 1798 4327 πρὸς

152 4337 260 4401 τοὺς
290 4339 599 4403 Ἰουδαίους
629 4340 759 4402 τοὺς
791 4338 1045 4402 εἰπόντας
1100 4338 1247 4413 αὗτῷ
1274 4359 1286 4371 ο
1321 4340 1433 4399 Οὐκ
1482 4339 1696 4403 ἀκούεις
1747 4341 1799 4395 τί

153 4426 282 4481 οὗτοι
333 4429 646 4505 λέγουσιν;
688 4429 811 4485 "Oti
862 4426 923 4483 ὶκ
966 4428 1237 4501 στόματος
1283 4430 1491 4499 νηπίων
1550 4429 1640 4485 καὶ
1699 4431 1799 4500 Θη-

156 4512 414 4583 ).αζόντων
463 4518 788 4593 κατηρτίσω
848 4518 1014 4573 αἶνον.
1060 4518 1303 4583 Νηπίους
1358 4518 1458 4594 γὰρ
1518 4518 1629 4574 ἐκεῖ
1685 4518 1801 4574 εἶπε

151 4602 263 4666 τοὺς
289 4607 597 4679 τέμνοντας
627 4605 696 4660 τὰ
729 4605 857 4681 βάϊα
884 4610 992 4660 τῶν
1040 4606 1294 4683 φοινίκων
1348 4607 1438 4661 καὶ
1494 4607 1562 4662 τὰ
1611 4606 1803 4680 ἱμάτια

154 4696 519 4765 στρωννύντας
549 4694 603 4750 ἐν
629 4698 700 4769 τῇ
734 4691 865 4767 ὁδῷ,
897 4696 986 4749 καὶ
1029 4694 1157 4758 τοὺς
1213 4696 1510 4771 κράζοντας
1566 4696 1656 4751 καὶ
1716 4693 1804 4752 δο-

212 4850 255 4923 ἶ²
282 4850 462 4907 Hebr.
499 4849 798 4923 11,1043;
851 4849 1008 4906 Psal.
1041 4868 1161 4920 XXI,
1206 4850 1305 4923 23;
1356 4851 1469 4906 Isa.
1503 4867 1625 4919 VIII,
1673 4853 1759 4907 18.

1908 4850 1931 4906 Ι
1959 4851 2089 4907 Cor.
2121 4867 2239 4923 xxv,
2267 4851 2358 4923 20.
2434 4851 2481 4923 ’(⁸
2512 4854 2637 4906 Act.
2670 4867 2733 4918 ιι,
2767 4851 2799 4905 4
2827 4866 2953 4923 sqq.

153 4917 193 4953 τι
218 4895 667 4986 ιεὲἶῖέιὶὲῗδῖν
703 4895 767 4957 ἴθ’
780 4895 1017 4989 Aeliin};
1042 4895 1161 4977 ’ὶὸῗ
1208 4895 1791 4991 ῖῖλὲιῖ“ιὶιὲ,“ἱὶ).“⁵ιο

1907 4895 1939 4980 ἶ.
1963 4895 2181 4991 ἶνζῖίῗ
2196 4895 2651 4989 Vinum-£1}
2670 4895 2893 4989 ’ἱὲξίὲἷ

271 5075 322 5150 ᾗ)
355 5074 611 5131 Codices
640 5072 960 5150 nonnulliL
967 5071 1205 5150 dii-14p,

355 5151 447 5219 ita
476 5162 887 5219 mss,_omnes.
910 5145 1107 5219 _Editi,'
1187 5145 1566 5219 ἀγιαζόμενος.
1603 5146 1808 5219 Statim

156 5212 314 5293 editi,
337 5216 550 5293 αὐτοὺς
600 5212 872 5293 ἀδελιροῦς
910 5212 1120 5293 λεγειν,
1144 5212 1620 5293 Ἀπαγγελῶ-γὰρ,
1653 5217 1808 5291 φησί,

154 5284 210 5338 τὸ
236 5282 435 5361 ξνόμα.
456 5292 551 5361 At
580 5282 771 5361 nostri
802 5282 1077 5361 ses‘m'ss.
1108 5291 1207 5356 ita,
1242 5282 1309 5345 ut
1334 5282 1648 5361 edidimus.

216 5353 549 5430 (76)'E‘diti,
594 5362 693 5413 τοῦ
737 5353 957 5415 Ἰακώϐ.
995 5353 1313 5417 Αδθεῒντοῦ
1362 5377 1394 5415 a
1440 5360 1660 5416 nostris
1711 5376 1812 5423 sex

160 5432 477 5485 codicibus.

256 5433 477 5489 icibus.

236 5504 328 5575 77)
358 5500 753 5575 Antiquise;
781 5501 939 5575 libri,
972 5500 1133 5575 αὐτῷ.
1169 5503 1340 5571 Editi,
1372 5501 1559 5558 αὐτου.

236 5570 648 5649 _78')_Ed‘i_ti_icai
666 5572 745 5649 fit
779 5572 977 5649 τέρατα
1002 5570 1149 5649 παρὰ
1175 5577 1290 5649 τοῦ.
1319 5570 1543 5649 Desunt
1570 5573 1630 5629 in
1663 5589 1805 5630 mss.

164 5644 379 5724 articuli
440 5645 620 5703 Haud
666 5644 850 5719 longe
888 5645 1053 5719 editi,
1080 5644 1368 5724 προσήκει.
1402 5648 1473 5703 At
1519 5662 1620 5704 sex
1662 5662 1806 5703 mss.

167 5723 451 5790 προσῆκεν.

1903 3456 2188 3527 apostolis
2218 3460 2385 3529 gesta
2414 3462 2554 3513 sunt
2593 3457 2664 3512 ad
2694 3456 3100 3512 declarandam
3136 3456 3432 3528 Unigeniti
3463 3456 3551 3510 di—

1902 3544 2233 3600 vinitatem.
2278 3546 2404 3601 lliec
2460 3550 2655 3601 autem
2707 3545 2875 3618 signa
2920 3562 2986 3601 ac
3034 3545 3303 3619 prodigia
3356 3544 3556 3601 omnia

1904 3634 2057 3689 facta
2087 3640 2228 3689 sunt
2270 3651 2301 3690 a
2349 3634 2467 3688 Deo
2514 3633 2792 3702 Sabaoth,
2827 3634 2928 3705 qui
2977 3632 3207 3689 habitat
3251 3634 3312 3689 in
3359 3637 3559 3689 monte

1902 3722 2059 3777 Sion.
2092 3722 2204 3777 Par
2259 3722 2436 3777 fuerit
2482 3722 2669 3777 Deum
2711 3723 2963 3777 Sabaoth
2995 3726 3177 3778 Deum
3233 3720 3563 3795 intelligere

1905 3808 2295 3864 exercituum.
2330 3808 2472 3873 Quis
2524 3814 2720 3864 autem
2768 3808 2921 3864 alius
2971 3808 3332 3863 exercituum
3365 3808 3562 3863 Domi-

1906 3914 2043 3962 nus,
2068 3897 2182 3952 nisi
2208 3897 2312 3968 qui
2335 3897 2551 3951 dicitur
2574 3897 2848 3969 princeps
2869 3896 3095 3952 militis:
3117 3896 3351 3952 virtutis
3371 3896 3473 3952 Dei
3492 3897 3558 3964 ⁷⁵,

1909 4003 1943 4041 a
1972 4003 2088 4058 quo
2112 3987 2250 4042 data
2293 3990 2434 4041 sunt
2465 3986 2664 4057 pueris
2696 3985 2906 4058 signa?
2936 3987 3082 4041 Hinc
3131 3989 3329 4042 autem
3375 3984 3562 4056 liquet

1909 4093 2006 4132 eos
2036 4076 2137 4148 qui
2189 4076 2251 4132 in
2298 4075 2594 4131 Christum
2646 4077 2961 4144 credidere,
2995 4091 3210 4149 pueros
3257 4073 3558 4146 appellari,

1909 4168 2065 4237 quod
2097 4166 2378 4222 Dominus
2408 4182 2587 4221 causa
2614 4181 2815 4220 eorum
2847 4166 2947 4237 qui
2990 4165 3182 4238 ipsum
3217 4163 3558 4234 laudabant,

1908 4273 1976 4311 ac
2006 4256 2593 4312 dicebantzﬂosanna
2642 4256 2696 4308 in
2748 4255 3061 4321 altissimis,
3092 4253 3313 4309 Judasis
3362 4257 3416 4308 et
3465 4253 3559 4308 di-

1910 4346 2199 4409 centibus,
2231 4346 2345 4400 Non
2397 4343 2555 4398 audis
2588 4343 2721 4414 quid
2750 4343 2842 4397 isti
2866 4341 3097 4396 dicunt?
3144 4342 3512 4413 responderit
3544 4359 3558 4397 :

1908 4435 1994 4489 Ex
2021 4449 2113 4488 ore
2142 4434 2446 4505 i'n/antium
2474 4440 2526 4487 et
2566 4431 2891 4487 lactenlium
2938 4431 3217 4503 perfecisti
3249 4430 3475 4484 laudem
3494 4429 3559 4484 ⁸ο.

1910 4521 2031 4577 Illic
2063 4520 2217 4576 enim
2270 4521 2522 4577 infantes
2554 4520 2780 4576 vocavit
2826 4536 2947 4590 eos,
2980 4519 3078 4591 qui
3128 4518 3291 4575 cissis
3342 4517 3565 4590 palma-

1913 4626 2042 4665 rum
2069 4609 2767 4681 ramis,vcstimentisque
2787 4608 2848 4665 in
2866 4608 2960 4664 via
2982 4606 3565 4674 stratis,clamahant,

1912 4713 1976 4753 ac
2033 4710 2162 4754 eum
2218 4696 2491 4770 gloriosis
2521 4713 2587 4753 ac
2619 4695 3193 4768 honorificisycrbis
3247 4710 3568 4769 proseque-

3030 4850 3076 4885 ⁷⁸
3098 4851 3221 4905 Act.
3254 4866 3342 4921 ιιι,
3371 4849 3408 4904 2
3437 4866 3566 4923 sqq.

1985 5075 2101 5149 (79)
2130 5074 2261 5149 Hinc
2291 5074 2485 5149 verba,
2519 5073 2548 5127 6
2589 5070 2890 5149 λεγόμενος
2932 5074 3399 5149 ἀρχιστράτηγος,
3430 5080 3566 5144 etc.,

1917 5149 2017 5274 qui
2044 5147 2252 5202 dicitur
2296 5148 2553 5229 princeps
2596 5146 2843 5216 militiae,
2876 5146 3301 5231 etc.,"sumpta'
3329 5152 3470 5231 sunt
3500 5163 3569 5203 ex

1955 5234 2040 5273 os.
2074 5235 2127 5274 ν.
2162 5218 2246 5273 14.
2299 5218 2407 5274 Sed
2460 5219 2562 5274 ibi.
2597 5223 2663 5273 ut
2710 5222 2874 5274 notat
2901 5219 3310 5274 Combeﬁsius.
3342 5220 3569 5273 Videtur

1955 5234 2040 5273 os.
2074 5235 2127 5285 ν,
2162 5218 2246 5273 14.
2299 5218 2407 5274 Sed
2460 5218 2562 5289 ibi,
2597 5223 2663 5273 ut
2710 5222 2874 5274 notat
2901 5218 3310 5289 Combeﬁs'ius,
3342 5220 3571 5289 videtur

1919 5289 2114 5363 potius
2171 5291 2417 5363 angelus
2465 5287 2782 5363 designari,
2816 5306 2990 5361 quam
3040 5288 3316 5363 ipseDei
3362 5287 3563 5363 Filius.

1918 5358 2081 5427 Quod
2111 5358 2314 5417 eodem
2345 5362 2446 5416 illo
2475 5363 2534 5416 in
2566 5358 2692 5417 loco
2728 5363 2811 5417 ait
2832 5358 2927 5416 vir
2955 5358 3357 5425 doctissimus,
3386 5358 3568 5412 Euse-

1918 5434 2081 5507 bium
2111 5449 2252 5507 voce
2280 5432 2723 5507 ἀρχιστράτηγος
2758 5434 3009 5488 libenter
3048 5434 3155 5502 uti,
3180 5433 3244 5507 _i_d
3280 5445 3373 5485 me
3402 5427 3569 5484 facile

1918 5505 2178 5575 adducit,
2216 5513 2277 5561 ut
2320 5504 2553 5561 credam
2598 5504 2774 5575 hujus
2804 5504 3215 5561 Commentarii
3246 5507 3563 5575 auctorem,

1917 5582 1982 5632 ut
2011 5577 2126 5631 alia
2166 5572 2489 5649 permulta,
2520 5577 2605 5634 ita
2633 5572 2761 5634 eam
2800 5593 2995 5635 vocem
3030 5576 3104 5632 ab
3133 5572 3381 5633 Eusebio
3433 5588 3564 5630 mu-

1914 5651 2143 5706 tuatum
2178 5665 2326 5707 esse.
