4118 6220
466 423 587 484 495

1402 417 1800 480 APPENDIX
1845 410 2170 476 OPERUM
2215 411 2281 472 S.
2327 409 2608 469 BASILII
2653 409 2929 469 MAGNI.

3758 415 3875 477 496

466 553 792 609 bantur°°*.
838 555 945 609 Sed
1000 554 1060 608 in
1116 553 1228 609 alio
1284 552 1412 608 loco
1469 552 1551 608 ait
1601 568 1614 606 :
1667 549 1938 619 Conﬁteor
1990 545 2109 612 tibi,

2237 540 2580 614 ξολογοῢντας
2633 537 2808 594 αὐτόν.
2866 537 3045 595 Ἀλλὰ
3100 539 3190 596 καὶ
3248 542 3509 616 ἑτέρωθι·
3559 543 3868 618 Ἐξομολο-

468 645 650 707 Pater,
685 644 912 698 Domine
958 643 1080 698 ειειὶ
1129 649 1179 697 et
1225 650 1412 710 terrae,
1445 642 1580 712 quia
1626 637 1960 694 abscondisti
2007 636 2119 688 haec

468 748 502 786 a
530 733 868 802 sapientibus
909 739 961 786 et
994 730 1385 802 prudentibus,
1419 735 1474 785 et
1504 728 1762 784 revelasti
1807 742 1871 780 ea
1916 739 2120 795 parvu-

472 821 621 876 lis“.
659 822 768 875 Eos
801 819 1002 890 utique
1055 819 1153 889 qui
1205 820 1438 874 fuerant
1482 830 1752 872 sermone
1797 813 2033 879 eruditi,
2068 815 2126 865 et

471 908 820 964 revelatione
851 909 1263 979 mysteriorum
1321 906 1564 976 dignati,
1597 904 1796 958 afﬂatu
1846 901 2122 973 Spiritus,

473 998 729 1069 appellat
787 995 1078 1067 parvulos.
1124 996 1327 1066 Itaque
1395 1011 1498 1064 per
1555 993 1722 1062 illud,
1756 992 1886 1045 Ecce
1936 1005 2031 1057 ego
2074 991 2126 1042 et

467 1088 653 1158 pueri,
708 1085 923 1140 electos
983 1101 1121 1140 suos
1180 1084 1473 1156 signiﬁcat
1530 1082 1712 1149 quia:
1762 1085 1898 1147 Qua:
1950 1077 2127 1132 stulta

471 1178 601 1229 sunt
633 1173 846 1240 mundi,
897 1173 1060 1243 elegit
1109 1177 1274 1239 Deus,
1308 1176 1367 1225 ut
1417 1169 1721 1242 confundat
1765 1170 2038 1240 sapientes
2056 1166 2124 1230 ⁸³,

474 1262 749 1332 Quisquis
805 1261 986 1332 igitur
1045 1262 1287 1331 deponit
1343 1264 1600 1314 veterem
1658 1257 1981 1321 hominem,
2024 1250 2125 1326 qui

467 1351 636 1420 juxta
683 1350 896 1404 erroris
944 1348 1447 1420 concupiscentia:
1499 1345 1897 1416 corrumpitur
1918 1344 1986 1412 ⁸⁸,
2037 1343 2127 1397 in-

477 1439 607 1493 duit
631 1454 762 1494 vero
807 1454 1044 1503 novum,
1078 1439 1178 1508 qui
1228 1440 1541 1492 renovatur
1581 1437 1752 1506 juxta
1797 1431 2126 1488 Conditoris

475 1526 795 1598 imaginem
816 1526 884 1592 “,
915 1525 968 1581 is
1003 1542 1068 1580 ex
1116 1525 1364 1597 mystica
1393 1522 1607 1579 Christi
1657 1521 1950 1578 sententia
1981 1535 2128 1592 puer

479 1620 588 1670 est.

548 1792 675 1846 218.
708 1791 884 1846 Vens.
920 1791 1106 1845 19-22.
1145 1792 1205 1845 Et
1233 1792 1285 1846 si
1312 1790 1557 1846 dixerint
1602 1788 1672 1844 ad
1717 1805 1812 1843 vos
1840 1805 1860 1842 .'
1893 1788 2129 1854 Quaerite

479 1881 865 1951 ventriloquos,
915 1888 970 1934 et
1019 1895 1110 1935 eos
1151 1881 1254 1950 qui
1294 1879 1357 1934 de
1409 1883 1562 1934 terra
1615 1877 1940 1949 loquuntur,
1980 1893 2128 1931 vana
2156 1911 2204 1975 B

485 1971 780 2039 loquentes,
827 1969 922 2040 qui
968 1968 1034 2023 de
1078 1973 1262 2024 ventre
1308 1969 1684 2039 vociferantur
1708 1985 1726 2020 :
1756 1967 1947 2021 Nonne
1993 1981 2129 2035 gens

483 2058 552 2112 ad
584 2059 755 2112 Deum
792 2073 955 2111 suum
1001 2058 1332 2127 exquirant?
1377 2056 1515 2124 Quid
1561 2057 1867 2126 exquirunt
1894 2054 1960 2108 de
1987 2055 2128 2108 vivis

483 2149 765 2200 mortuos?
795 2150 990 2216 Legem
1018 2148 1168 2200 enim
1206 2147 1266 2199 in
1295 2145 1584 2200 auxilium
1613 2143 1782 2211 dedit,
1813 2147 1872 2196 ut
1901 2142 2126 2196 dicant:

483 2236 600 2290 Non
631 2235 776 2288 sicut
804 2236 1030 2288 verbum
1061 2234 1176 2303 hoc,
1207 2234 1273 2288 de
1301 2249 1404 2304 quo
1446 2248 1558 2286 non
1599 2237 1680 2287 est
1727 2231 1861 2285 dare
1887 2245 2129 2284 munera

486 2323 559 2378 de
587 2339 670 2378 eo.
703 2323 768 2377 Et
798 2325 980 2378 veniet
1025 2339 1189 2392 super
1233 2338 1326 2377 vos
1371 2322 1496 2376 dira
1542 2327 1757 2390 fames;
1803 2323 1858 2373 et
1903 2317 2037 2384 erit,
2068 2319 2128 2371 ut

484 2412 810 2478 esurieritis,
841 2410 1333 2479 contristabimini,
1371 2417 1422 2465 et
1470 2408 1808 2464 maledicetis
1853 2407 2126 2477 principi,

476 2507 530 2554 et
573 2500 777 2570 patriis
809 2499 1018 2568 legibus
1048 2515 1066 2552 :
1097 2507 1147 2554 et
1177 2500 1475 2569 suspicient
1523 2498 1584 2552 in
1633 2495 1835 2552 caelum
1879 2511 2124 2550 sursum.

476 2589 540 2641 Et
568 2587 626 2641 in
656 2595 860 2641 terram
902 2587 1157 2642 deorsum
1204 2588 1517 2657 inspicient.
1550 2589 1617 2641 Et
1645 2601 1761 2640 ecce
1789 2588 1996 2654 egestas
2025 2600 2126 2638 an-

474 2679 657 2746 gusta,
690 2683 742 2730 et
768 2676 1030 2745 tenebrae,
1076 2676 1312 2748 afﬂictio
1342 2684 1396 2729 et
1426 2676 1722 2742 angustia:
1765 2681 1816 2728 et
1846 2673 2124 2737 tenebrae;

476 2766 562 2820 ita
592 2769 652 2818 ut
679 2781 791 2820 non
820 2765 1058 2819 videant.
1089 2767 1154 2820 ει
1197 2780 1302 2819 ηοη
1347 2765 1582 2833 deﬁciet,
1615 2764 1715 2833 qui
1761 2764 1820 2816 in
1867 2763 2126 2832 angustia

476 2856 556 2908 est
585 2869 756 2925 usque
796 2853 872 2908 ad
918 2857 1149 2924 tempus.
1185 2853 1292 2918 Qui
1339 2868 1453 2907 non
1499 2851 1796 2922 excipiunt
1826 2850 2123 2921 Evangelii

475 2943 741 3013 verbum,
774 2946 831 2996 et
859 2943 1029 3012 quasi
1062 2941 1372 2997 stultitiam
1406 2945 1694 3012 spernunt
1726 2938 1884 2993 illius
1916 2938 2122 3008 praedi-

478 3031 761 3087 cationem
783 3031 848 3096 ⁸⁸,
871 3035 927 3085 et
957 3030 1174 3101 quibus
1221 3046 1363 3084 crux
1391 3034 1481 3085 est
1509 3028 1838 3096 offensioni,
1873 3028 1944 3082 iis
1985 3043 2120 3082 cum

477 3122 688 3174 sumus
734 3124 1001 3174 auctores
1033 3124 1098 3173 ut
1126 3118 1370 3173 redeant
1415 3119 1487 3173 ad
1539 3118 1690 3172 hanc
1737 3116 2118 3187 agnitionem,

475 3207 736 3262 vicissim
785 3206 1032 3261 consilia
1068 3223 1098 3261 e
1130 3223 1234 3262 suo
1291 3222 1484 3261 errore
1543 3207 1890 3276 deprompta
1946 3203 2116 3259 nobis

477 3295 640 3363 dant,
669 3295 930 3348 dicentes
955 3309 968 3346 :
993 3293 1242 3356 Querite
1271 3309 1386 3347 non
1421 3293 1753 3359 Dominum,
1779 3293 1878 3348 sed
1908 3291 2121 3347 ventri-

477 3382 706 3452 loquos,
730 3385 788 3436 et
816 3397 915 3436 eos
937 3382 1037 3452 qui
1069 3382 1139 3435 de
1167 3387 1323 3435 terra
1346 3381 1685 3452 loquuntur,
1711 3397 1860 3435 vana
1890 3381 2129 3450 loquen-

479 3476 589 3525 tes.
640 3473 829 3540 Atque
899 3469 1050 3524 hanc
1105 3485 1226 3523 rem
1283 3473 1535 3523 testatur
1589 3468 1963 3540 experientia.
2017 3469 2126 3534 Qui

479 3559 635 3615 enim
673 3558 889 3614 addicti
936 3561 1076 3613 sunt
1103 3557 1297 3625 idolis,
1330 3574 1464 3612 cum
1519 3558 1640 3612 sint
1687 3558 1954 3626 somniis,
1982 3557 2127 3613 divi-

483 3647 821 3703 nationibus
864 3651 919 3702 et
950 3647 1283 3702 dmmonum
1342 3645 1594 3701 oraculis
1623 3646 1851 3714 attenti,
1885 3645 1925 3700 ii
1957 3644 2128 3700 nihili

482 3737 705 3793 faciunt
731 3736 1060 3803 veritatem,
1093 3735 1380 3807 nobisque
1408 3736 1658 3791 suadent
1688 3740 1754 3790 ut
1782 3734 1922 3791 talia
1949 3751 2126 3807 expo-

485 3844 743 3883 scamus.
776 3826 920 3882 Nam
972 3827 1265 3881 daemones
1308 3825 1461 3881 543
1507 3825 1790 3892 efficiunt,
1824 3828 1889 3878 ut
1935 3824 1974 3877 ii
2027 3823 2127 3895 qui

478 3915 877 3987 experiuntur,
911 3915 978 3969 ad
1024 3931 1190 3968 suam
1246 3914 1510 3984 ipsorum
1562 3914 1877 3984 perniciem
1912 3916 2125 3967 errent.

479 4006 549 4060 Et
571 4005 807 4076 quidem
841 4020 996 4059 nunc
1019 4004 1304 4074 quaedam
1337 4019 1531 4058 rerum
1560 4003 1847 4075 imagines
1877 4002 1936 4056 in
1969 4018 2125 4056 som-

479 4094 571 4150 nis
623 4095 881 4165 undique
933 4093 1253 4161 suscitant,
1289 4091 1502 4162 quibus
1556 4096 1658 4146 aut
1714 4105 2124 4162 corporearum

478 4183 896 4256 aegritudinum
937 4183 1158 4238 curatio
1205 4181 1562 4252 suggeritur,
1587 4185 1687 4235 aut
1735 4180 1931 4234 futura
1978 4195 2124 4250 prai-

477 4273 804 4326 nuntiatur.
843 4272 954 4325 Res
1003 4270 1158 4325 enim
1205 4269 1546 4339 bujusmodi
1595 4284 1830 4322 cernere
1880 4274 2128 4338 possunt

477 4362 792 4415 daemones.
827 4360 913 4413 Ad
959 4359 1219 4429 corporis
1273 4358 1508 4412 morbos
1559 4357 1714 4428 quod
1765 4356 1992 4424 attinet,
2027 4373 2126 4412 eos

478 4448 828 4519 pravident,
883 4447 1039 4516 quod
1101 4445 1511 4517 perspicaciori
1571 4445 1789 4515 ingenii
1850 4445 2126 4501 facultate

471 4535 701 4609 praediti
733 4535 850 4591 sint
880 4535 952 4588 ad
985 4534 1387 4605 agnoscendas
1417 4535 1675 4589 materiae
1716 4535 2122 4606 proprietates,

2233 628 2438 704 γοῦμαί
2497 647 2602 696 σοι,
2665 630 2859 704 Πάτερ,
2919 631 3101 704 Κύριε,
3160 635 3256 686 τοῦ
3323 632 3552 708 ούρανοῦ
3625 636 3714 689 καὶ
3770 643 3868 707 τῆς

2233 725 2360 794 γῆς,
2421 720 2503 772 ὅτι
2575 717 2886 793 ἀπέκρυψας
2965 723 3133 774 ταῦτα
3202 720 3308 776 ἀπὸ
3379 728 3560 796 σοφῶν
3613 722 3702 778 καὶ
3757 746 3877 781 συν-

2234 812 2388 873 ετῶν,
2447 805 2536 860 καὶ
2595 806 2942 880 ἀπεκάλυψας
2986 807 3119 863 αὐτὰ
3181 810 3441 880 νηπίοιςι
3499 811 3728 883 νηπίους
3785 813 3870 870 λέ-

2234 917 2346 970 γων
2373 897 2499 956 τοὺς
2533 897 2960 968 μαθητευθέντας
2987 901 3066 970 τῷ
3093 894 3267 974 λόγῳ,
3301 899 3390 954 καὶ
3441 898 3530 955 διὰ
3565 907 3662 956 τοῦ
3706 904 3874 960 Ηνεύ-

2240 1005 2406 1057 ματος
2438 991 2536 1054 τῆς
2587 984 2984 1060 ἀποκαλύψεως
3025 992 3134 1041 τῶν
3181 988 3493 1063 μυστηρίων
3540 991 3874 1063 ἀξιωθέντας.

2237 1070 2376 1128 Ἰδοὺ
2445 1071 2534 1126 οὗν
2600 1073 2704 1147 ἐγὼ
2757 1075 2847 1128 καὶ
2924 1075 2991 1128 τὰ
3047 1074 3259 1145 παιδία,
3318 1075 3552 1133 δείκνυσι
3611 1079 3740 1142 τοὺς
3792 1080 3873 1136 ἐκ·

2237 1158 2464 1223 λεκτοὺς
2515 1161 2733 1215 ἑαυτοῦ·
2767 1160 2906 1217 διότι
2947 1165 3028 1220 Τὰ
3087 1166 3245 1239 μωρά
3299 1171 3396 1220 τοῦ
3443 1167 3654 1240 κόσμου
3711 1169 3877 1239 ἐξελέ-

2237 1251 2361 1320 ξατο
2421 1251 2448 1304 ὁ
2523 1250 2671 1318 Θεὸς,
2719 1248 2811 1306 ἵνα
2887 1252 3222 1328 καταισχύνῃ
3285 1254 3415 1319 τοὺς
3490 1256 3713 1334 σοφούς.
3770 1264 3875 1322 Πᾶς

2237 1337 2330 1393 οὖν
2364 1339 2390 1393 ὁ
2424 1338 2758 1412 ἀποθέμενος
2787 1341 2878 1395 τὸν
2913 1341 3145 1396 παλαιὸν
3179 1341 3487 1420 ἄνθρωπον,
3519 1345 3610 1400 τὸν
3662 1349 3875 1422 φθειρό-

2241 1447 2398 1500 μενον
2450 1428 2587 1482 κατᾶ
2643 1428 2738 1490 τὰς
2793 1427 3078 1502 ἐπιθυμίας
3132 1435 3229 1500 τῆς
3276 1431 3510 1504 ἀπάτης,
3542 1437 3630 1490 καὶ
3663 1433 3875 1491 ένδυσά·

2241 1536 2402 1588 μενος
2457 1517 2547 1570 τὸν
2603 1518 2745 1587 νέον,
2775 1519 2865 1573 τὸν
2919 1519 3368 1595 ἀνακαινούμενον
3409 1525 3527 1578 κατ’
3567 1523 3751 1580 εἰκόνα
3786 1530 3875 1580 τοῦ

2235 1606 2532 1674 κτίσαντος,
2565 1603 2783 1662 παιδίον
2830 1606 2942 1662 ἐστὶ
2989 1610 3126 1664 κατὰ
3166 1611 3229 1665 τὸ
3283 1612 3541 1684 μυστικὸν
3569 1617 3667 1668 τοῦ
3720 1621 3877 1690 Χρισ·

2236 1697 2364 1748 στοῦ
2395 1697 2531 1769 (80).

2305 1784 2411 1838 218
2447 1825 2459 1838 .
2518 1783 2616 1837 Καὶ
2704 1783 2792 1838 ἐὰν
2869 1783 3062 1840 εἷεπωσι
3144 1789 3282 1862 πρὸς
3349 1789 3534 1861 ὑμᾶς’
3608 1791 3878 1862 Ζητήσατε

2236 1868 2360 1931 τοὺς
2418 1870 2898 1946 ἐγγαστριμύθους,
2958 1875 3048 1928 καὶ
3120 1876 3246 1938 τοὺς
3306 1878 3410 1932 ἀπὸ
3457 1883 3556 1947 τῆς
3611 1886 3715 1953 γῆς
3769 1902 3874 1957 φω-

2234 1963 2482 2028 νοῦντας,
2559 1959 2686 2022 τοὺς
2764 1960 3210 2038 κενολογοῢντας,
3270 1966 3323 2020 οἳ
3385 1964 3446 2020 ἐκ
3500 1973 3602 2036 τῆς
3674 1965 3878 2029 κοιλίας

2237 2051 2545 2122 φωνοῦσιν’
2607 2047 2720 2104 Ούκ
2784 2047 2934 2112 ἔθνος
2989 2052 3124 2127 πρὸς
3199 2055 3328 2108 Θεὸν
3404 2052 3567 2108 αύτοῦ
3654 2054 3874 2126 ἐκζητή-

2241 2155 2431 2204 σουσι;
2485 2137 2544 2190 Τί
2601 2135 2888 2207 έκζητοῦσι
2943 2141 3066 2215 περὶ
3129 2145 3236 2196 τῶν
3312 2142 3525 2210 ζώντων
3601 2143 3733 2207 τοὺς
3796 2166 3877 2200 νε-

2236 2223 2439 2296 κρούς;
2499 2226 2681 2297 Νόμον
2752 2227 2855 2301 γὰρ
2928 2227 3004 2290 εἷς
3076 2230 3330 2304 βοήθειαν
3386 2229 3605 2304 ἔδωκεν,
3651 2232 3744 2288 ἴνα
3808 2232 3878 2288 εἳ-

2238 2333 2447 2366 πωσιν·
2481 2313 2604 2388 Οὐχ
2662 2315 2736 2377 ὡς
2779 2317 2841 2370 τὸ
2905 2319 3058 2390 ῥῆμα
3114 2322 3299 2388 τοῦτο,
3331 2319 3455 2395 περὶ
3510 2321 3572 2375 οὗ
3621 2322 3726 2377 οὐκ
3780 2317 3879 2376 ἔστι

2239 2397 2390 2474 δῶρα
2422 2398 2603 2456 δοῦναι
2650 2403 2772 2477 περὶ
2833 2406 3019 2462 αὑτοῦ.
3055 2406 3154 2460 Καὶ
3214 2405 3332 2478 ἥξει
3389 2407 3470 2486 ἐφ⁸
3521 2411 3666 2482 ὑμᾶς
3721 2410 3879 2480 σκλη-

2240 2489 2308 2564 ρὰ
2365 2487 2555 2561 λιμὸς,
2597 2491 2686 2544 καὶ
2756 2489 2924 2562 ἔσται,
2985 2495 3061 2556 ὡς
3129 2493 3188 2548 ἂν
3269 2499 3578 2568 πεινάσητε,
3630 2497 3878 2569 λυπηθή-

2238 2589 2410 2648 σεσθε,
2457 2578 2547 2632 καὶ
2603 2584 2782 2642 κακῶς
2842 2581 3010 2656 έρεῖτε
3058 2584 3150 2638 τὸν
3212 2585 3470 2661 ἄρχοντα,
3519 2587 3607 2640 καὶ
3664 2591 3733 2642 τὰ
3782 2590 3876 2642 πά-

2234 2686 2377 2742 τρια.
2412 2667 2514 2722 Καὶ
2570 2663 2965 2742 ἀναϐλέψονται
3025 2670 3102 2733 sic
3158 2673 3248 2727 τὸν
3309 2675 3535 2750 οὐρανόν
3591 2672 3729 2734 ἂνω.
3786 2676 3874 2732 Καὶ

2235 2755 2309 2817 εἷς
2368 2757 2466 2823 τὴν
2522 2762 2622 2832 γῆν
2682 2758 2830 2812 κάτω
2884 2754 3274 2832 ἐμϐλέψονται.
3337 2762 3435 2818 Καὶ
3505 2761 3621 2818 ἰδοὺ
3688 2766 3876 2841 ἀπορία

2232 2847 2414 2914 στενή,
2476 2845 2566 2899 καὶ
2652 2847 2862 2918 σκότος,
2917 2846 3103 2922 θλίψις
3183 2853 3294 2922 (81)
3364 2853 3452 2906 καὶ
3538 2856 3875 2931 στενοχωρία

2230 2933 2321 2988 καὶ
2381 2933 2593 3002 σκότος,
2648 2932 2785 2988 ὥστε
2844 2936 2918 3007 μή
2983 2936 3227 3012 βλέπειν.
3282 2939 3380 2994 Καὶ
3431 2942 3532 2996 οὐκ
3589 2943 3873 3017 ἀπορηθή-

2233 3043 2376 3077 σεται
2435 3024 2464 3077 ὁ
2523 3021 2574 3076 ἂν
2628 3024 2966 3099 στενοχωρίᾳ
3025 3023 3096 3080 ὣν
3139 3024 3242 3089 ἕως
3274 3035 3487 3104 καιροῦ.
3520 3032 3587 3088 Οἱ
3648 3034 3725 3105 μὴ
3785 3054 3877 3087 και

2228 3109 2589 3186 ταδεχόμενοι
2637 3112 2726 3165 τὸν
2788 3111 2954 3187 λόγον
3001 3119 3098 3168 τοῦ
3155 3116 3511 3192 Εὖαγγελίου.
3545 3121 3597 3174 οἱ
3668 3121 3873 3192 ἐξουθε-

2230 3204 2446 3261 νοῦντας
2501 3198 2564 3254 τὺ
2619 3201 2878 3276 κήρυγμα
2930 3204 3043 3274 (82)
3097 3203 3172 3265 ὡς
3235 3207 3470 3277 μωρίαν,
3507 3209 3596 3262 καὶ
3660 3208 3748 3263 έπὶ
3803 3214 3878 3282 τῷ

2237 3287 2450 3364 σταυρῷ
2493 3286 3002 3362 σκανδαλιζόμενοι,
3061 3290 3185 3346 ὅταν
3254 3293 3441 3357 αὐτοῖς
3496 3291 3876 3368 συμϐουλεύω·

2241 3398 2334 3450 μεν
2367 3375 2675 3439 ἐπανελθεῖν
2708 3379 2844 3452 πρὸς
2890 3379 2989 3448 τὴν
3041 3379 3352 3454 ἐπίγνωσιν,
3383 3383 3878 3460 ἀντιπροτείνονται

2235 3468 2370 3538 ἡμῖν
2397 3465 2493 3528 τὰς
2526 3464 2585 3520 ἐκ
2610 3469 2712 3531 τῆς
2742 3463 2883 3528 ἰδίας
2931 3464 3149 3538 πλάνης
3193 3473 3552 3545 παραινέσεις,
3587 3472 3843 3550 λέγοντες
3866 3494 3879 3506 ⁸

2236 3557 2515 3624 Ζητήσατε
2550 3556 2625 3626 μή
2657 3555 2746 3609 τὸν
2790 3555 3006 3630 Κύριον,
3037 3555 3181 3612 ἀλλὰ
3227 3559 3353 3622 τοὺς
3394 3559 3879 3637 ἐγγαστριμύθους,

2235 3645 2324 3698 καὶ
2353 3642 2480 3705 τοὺς
2514 3644 2618 3697 ἀπὸ
2646 3650 2748 3712 τῆς
2774 3647 2878 3718 γῆς
2910 3649 3246 3722 φωνοῦντας,
3277 3649 3405 3713 τοὺς
3434 3648 3878 3726 κενολογοῢντας.

2238 3733 2334 3787 Καὶ
2391 3731 2588 3786 τούτου
2651 3731 2854 3806 μάρτυς
2902 3735 2937 3802 ἡ
2985 3740 3164 3806 πεῖρα.
3193 3738 3261 3792 Οἱ
3291 3737 3394 3814 γὰρ
3452 3742 3881 3811 προστετηκότες

2233 3827 2352 3883 τοῖς
2385 3819 2658 3891 εἰδώλοις,
2684 3820 2916 3895 ὀνείροις
2947 3822 3036 3876 καί
3064 3820 3318 3896 κληδόσι,
3346 3826 3434 3880 καὶ
3465 3831 3747 3899 μαντείαις
3779 3828 3880 3884 δαι-

2240 3910 2416 3984 μόνων
2448 3911 2834 3984 προσέχοντες,
2865 3910 2954 3964 καὶ
2978 3909 3129 3966 αὐτοὶ
3150 3914 3249 3980 τὴν
3278 3913 3536 3984 ἀλήθειαν
3571 3916 3877 3988 έξουδενοῦ-

2236 4021 2308 4068 σι,
2343 3999 2432 4054 καὶ
2471 4002 2604 4071 ἡμῖν
2655 3993 3092 4070 συμϐουλεύουσι
3133 4001 3198 4054 τὰ
3234 4007 3458 4058 τοιαῦτα
3487 4005 3717 4074 ἐξαιτεῖν
3751 4009 3878 4079 (84).

2237 4090 2383 4144 Διότι
2417 4087 2682 4162 ἆνέργειαι
2712 4084 2930 4158 πλάνης
2981 4088 3067 4142 ἐπὶ
3126 4096 3474 4166 καταστροφῇ
3531 4098 3644 4148 τῶν
3701 4116 3884 4151 πεπει-

2237 4180 2484 4250 ραμένων
2546 4175 2728 4238 αὐτοῖς
2781 4175 3118 4251 ἐνεργοῦνται
3172 4179 3319 4254 παρά
3391 4185 3497 4236 τῶν
3559 4180 3882 4256 δαιμόνων·

2235 4271 2326 4321 νῦν
2363 4268 2457 4339 μὲν
2510 4265 2560 4320 έν
2613 4270 2730 4326 τοῖς
2790 4265 2975 4327 ὕπνοις
3023 4269 3311 4341 φαντασίας
3367 4271 3516 4332 τινὰς
3565 4274 3888 4347 περιιστών·

2233 4377 2339 4411 των
2388 4358 2522 4428 (84),
2555 4354 2590 4422 ἢ
2637 4349 2958 4426 συμϐουλὴν
3010 4355 3240 4431 ἐχούσας
3284 4357 3489 4422 πάθους
3546 4366 3884 4434 σωματικοῦ,

2233 4447 2268 4513 ἢ
2299 4443 2769 4520 προαγορευούσας
2795 4445 2861 4498 τὸ
2910 4442 3138 4516 μέλλον.
3173 4445 3434 4502 Δύνανται
3484 4445 3542 4503 δὲ
3587 4451 3663 4505 τὰ
3709 4455 3883 4505 τοιαῦ-

2231 4555 2299 4589 τα
2357 4537 2582 4606 συνορᾷν
2643 4533 2694 4587 οἱ
2755 4530 3038 4605 δαίμονες·
3070 4536 3193 4610 περί
3229 4536 3322 4607 μὲν
3354 4538 3420 4591 τὰ
3469 4543 3565 4592 τοῦ
3629 4541 3882 4612 σώματος

472 4625 748 4696 quodque
791 4622 1103 4678 herbarum
1137 4622 1472 4694 qualitates,
1496 4629 1554 4678 et
1583 4640 1786 4678 earum
1817 4625 1934 4678 vim
1970 4641 2121 4679 mor-

2238 4624 2404 4692 πάθη,
2441 4619 2530 4676 διὰ
2555 4622 2618 4676 τὸ
2651 4619 3092 4697 διορατικώτεροι
3127 4624 3259 4678 εἶναι
3311 4629 3419 4679 τῶν
3482 4625 3693 4683 ὑλικῶν
3737 4628 3880 4684 ἰδιω-

474 4713 564 4768 bis
613 4713 892 4769 curandis
942 4713 1214 4767 idoneam
1265 4714 1479 4767 norint.
1518 4714 1682 4778 Quod
1715 4730 1847 4768 vero
1898 4717 2125 4785 spectat

477 4803 548 4857 ad
581 4803 809 4859 futuros
856 4805 1120 4870 eventus,
1155 4817 1555 4873 saepenumero
1589 4819 1718 4874 quas
1761 4805 1886 4874 jam
1935 4804 2122 4858 conti-

2237 4713 2442 4785 μάτων,
2502 4710 2592 4764 καὶ
2649 4709 2963 4788 ἐπεσκέφθαι
3021 4712 3321 4781 ποιότητας
3377 4715 3642 4789 βοτανῶν,
3676 4720 3767 4772 καὶ
3823 4717 3880 4771 τὸ

2233 4801 2324 4856 ἀπ’
2349 4799 2522 4855 αὐτῶν
2583 4800 2718 4876 πρὸς
2777 4799 2844 4854 τὰ
2900 4798 3042 4870 πάθη
3091 4799 3466 4872 κατάλληλον,
3501 4805 3640 4879 Περὶ
3692 4803 3752 4862 δὲ
3777 4810 3878 4861 τῶν

539 4948 607 4984 ⁸ο·
636 4947 845 5004 Matth.
878 4947 1052 5018 xx1,8.
1093 4947 1135 4982 ⁸³
1165 4946 1370 5004 Matth.
1403 4963 1482 5018 χι,
1512 4947 1602 5002 25.
1644 4947 1689 4982 ⁸²
1719 4951 1744 5002 Ι
1773 4951 1899 5003 Cor.
1934 4965 1972 5016 ι,
2001 4948 2093 5002 27.

2237 4947 2420 5019 lphee.
2453 4962 2528 5014 IV,
2558 4945 2648 5000 22.
2698 4945 2745 4980 “
2773 4943 2994 5002 Coloss.
3029 4962 3118 5015 ιιι,
3152 4947 3237 5001 10.
3279 4947 3323 4982 ⁸⁸
3352 4947 3374 5003 I
3404 4948 3534 5005 Cor.
3569 4966 3609 5017 ι,
3643 4951 3739 5007 23.

681 5091 1049 5175 Ita‘nt‘erque
1080 5090 1337 5175 Co‘mbef.
1373 5095 1428 5145 et
1451 5089 1840 5175 alii'quatuor
1870 5107 2010 5146 mss.
2046 5093 2114 5146 At

468 5159 797 5231 θόἰῒὶ,’κατὸι
825 5162 914 5215 τὸν
951 5159 1208 5234 μυστικὸν
1237 5165 1480 5234 ,Χριστοῦ
1509 5159 1700 5234 λόγον.

537 5229 644 5307 (81)
678 5235 914 5291 Veteres
952 5229 1185 5307 aliquot
1231 5229 1386 5304 libri,
1435 5231 1525 5285 καὶ
1580 5229 1939 5307 θλίψις-ΗΜ
1987 5232 2114 5307 ipso

465 5308 526 5363 in
544 5303 681 5364 Ἰοοο
730 5323 899 5362 voces
946 5304 1034 5358 καί
1064 5303 1273 5365 σκότος
1322 5303 1390 5360 ex
1436 5304 1750 5359 vetustiore
1779 5303 2114 5359 Combeﬁsii

465 5381 661 5436 codice
693 5385 750 5434 et
793 5395 861 5434 ex
903 5377 1034 5432 aliis
1093 5383 1371 5448 quatuor,
1402 5375 1770 5442 addidimus;
1807 5375 2115 5433 nec.aliter

465 5453 684 5508 editum
718 5451 1013 5505 invenitur
1042 5447 1194 5521 apud
1238 5447 1394 5504 LXX.
1428 5451 1654 5502 Rursus
1684 5447 1899 5502 ibidem
1933 5447 2111 5519 aliqui

468 5541 635 5576 mss.-
669 5517 984 5576 ἐμϐὶέπιιν.

468 5541 636 5592 mss,
669 5523 984 5592 ἐμϐὶέπιιν.

531 5545 636 5592 58.,
669 5545 984 5594 εμοιεπιιν.

676 5595 917 5674 Editiﬁt
947 5595 1096 5674 1365..
1122 5593 1370 5674 primus,
1402 5589 1463 5674 τὸ
1495 5590 1879 5674 κήρυγματοῦ
1928 5589 2110 5664 Εὐαγ-

498 5661 671 5722 ελίου.
706 5666 878 5736 Illud,
900 5669 996 5720 τοῦ
1026 5661 1386 5738 Εὐάγγελίου,
1421 5662 1476 5718 iu
1511 5661 1931 5735 aliis'quinque
1962 5661 2105 5720 mss.

505 5742 646 5796 eest.

2297 5089 2672 5165 (83)_Antiqui
2725 5105 2825 5144 sex
2863 5089 3030 5165 libri,
3079 5087 3320 5165 ἐξαιτεῖν.
3377 5091 3553 5165 Editi,
3610 5092 3878 5165 έκζητεῖν·

2222 5163 2384 5226 Quod
2413 5160 2712 5234 Curterius
2745 5161 3085 5231 conjectura
3111 5163 3327 5218 ductus
3358 5163 3603 5234 dixerat,
3632 5160 3884 5225 fortasse

2223 5234 2378 5304 apud
2410 5233 2922 5332 Pr000piumApag.
2961 5234 3194 5332 1A39kp‘ro
3217 5234 3524 5316 γινομένων
3556 5235 3880 5332 legendum

2221 5320 2346 5360 esse
2377 5305 2730 5379 πειρωμένων
2766 5305 2835 5360 de
2874 5321 2940 5359 eo
2973 5305 3359 5361 dubitari'vix
3403 5324 3576 5379 posse
3617 5305 3880 5368 ‘arbitra-

2224 5392 2370 5430 mur.
2405 5377 2551 5431 Nam
2585 5380 2788 5450 auctor
2826 5381 3043 5450 noster,
3078 5393 3251 5450 quem
3285 5377 3502 5450 passim
3537 5384 3884 5450 compilavit

2221 5450 2558 5530 Procopius,
2595 5448 2767 5519 paulo
2803 5453 2950 5530 post_
2978 5448 3061 5530 ita
3095 5446 3391 5520 loquitur,
3426 5446 3565 5530 ᾅιότι
3612 5446 3883 5530 ὖνέργειαι

2218 5517 2431 5586 πλάνης
2478 5519 2563 5596 ὲπι
2599 5517 2954 5596 καταστροφῇ
2993 5522 3100 5572 τῶν
3148 5517 3581 5595 πεπειραμένων,
3616 5517 3733 5583 θεέ,
3757 5517 3883 5584 '03-

2217 5607 2404 5668 mones
2433 5595 2581 5646 enim
2612 5592 3045 5668 efﬁciunt,'utii
3074 5597 3171 5663 qui
3200 5592 3583 5668 aperiuntur,
3618 5601 3696 5655 ad
3727 5619 3884 5657 suam

2219 5667 2470 5736 ipsorum,
2483 5666 2784 5736 perniciem
2809 5667 3010 5736 errent.

2288 5736 2398 5808 (84)
2435 5735 2611 5804 Editi,
2670 5735 3083 5811 παριστώντων,
3140 5735 3401 5796 exhibent
3452 5743 3504 5796 et
3560 5756 3882 5813 νερνεεεπ.
