4118 6220
465 321 583 380 499

1414 318 1806 378 APPENDIX
1848 317 2172 379 OPEBUM
2210 317 2276 377 S.
2320 318 2605 378 BASlLll
2652 319 2925 380 MAGNI.

3765 321 3895 382 500

467 456 668 508 nostro
699 449 864 506 cultu
896 449 1068 505 alieni
1102 455 1262 516 sunt,
1293 449 1365 503 iis
1399 467 1545 520 quos
1575 451 1714 504 deos
1743 466 1871 504 esse
1905 465 2108 518 posue-

2245 443 2354 518 ἷξως
2384 454 2484 516 τῆς
2527 449 2644 511 καθ’
2675 451 2821 520 ἡμᾶς
2871 448 3177 524 θεραπείας,
3213 447 3530 512 ἀκολούθως
3558 455 3677 511 τοῖς
3718 451 3890 516 Θεοῖς,

471 544 628 608 runt,
663 539 1016 609 quaestiones
1059 543 1232 593 etiam
1285 539 1700 610 persolvendas
1730 542 2118 610 congruenter

473 629 586 682 diis
635 628 1161 697 convenienterque
1211 636 1566 698 proponunt.
1600 628 1720 682 Etsi
1770 628 1926 681 enim
1979 628 2118 680 deos

473 720 737 770 mortuos
767 717 1154 780 constituunt,
1189 721 1382 770 tamen
1416 733 1514 770 eos
1545 716 1907 785 interrogant
1935 716 2006 769 de
2035 713 2118 766 vi-

471 804 762 859 ventibus.
801 804 1059 858 Mortuos
1113 810 1307 858 autem
1362 803 1636 875 appellat,
1670 810 1770 858 aut
1800 804 2124 858 inanimata

477 892 654 961 idola,
688 898 827 964 puta
861 892 1106 962 lapides,
1140 891 1318 964 ligna,
1354 909 1430 946 (es
1463 899 1520 946 et
1549 910 1758 948 aurum
1795 910 1806 948 :
1843 898 1943 947 aut
1973 909 2124 946 mor-

472 986 608 1036 tuos
633 988 796 1035 vocat
819 997 935 1047 eos,
953 981 1050 1051 qui
1078 997 1179 1051 per
1200 981 1553 1049 apostasiam
1575 982 1750 1036 vitam
1770 998 1962 1036 veram
1986 979 2128 1034 ami-

475 1085 623 1124 sere.
652 1073 764 1123 Aut
793 1072 935 1123 forte
965 1071 1140 1123 etiam
1175 1085 1375 1122 eorum
1409 1069 1508 1140 qui
1539 1071 1890 1138 ventriloqui
1922 1070 2126 1123 dicun-

477 1161 578 1212 tur
607 1175 700 1210 ars
733 1157 926 1212 omnis
957 1163 1224 1212 versatur
1263 1159 1418 1212 circa
1466 1159 1754 1229 sepulcra,
1785 1165 1842 1213 et
1871 1160 2005 1212 inde
2036 1157 2128 1210 in-

481 1249 987 1300 cuntamentorum
1020 1262 1263 1300 suorum
1289 1246 1404 1300 vim
1437 1263 1502 1301 ac
1532 1247 1865 1302 facultatem
1901 1253 2133 1303 mutua-

481 1340 596 1387 tur.
635 1335 849 1389 Deinde
891 1336 1191 1406 Scriptura
1242 1335 1681 1390 idololatrarum
1733 1336 2128 1406 insipientiam

483 1437 633 1492 aegre
663 1423 874 1482 ferens.
912 1423 994 1477 ait
1027 1439 1040 1477 :
1088 1423 1235 1491 Quid
1266 1426 1557 1494 exquirent
1587 1426 1656 1478 de
1684 1427 1824 1479 vivis
1849 1424 2134 1480 mortuos?

485 1515 597 1564 Cur
627 1516 689 1564 tu
723 1511 824 1581 qui
875 1511 1173 1567 animatus
1221 1529 1304 1578 es,
1336 1514 1545 1568 adoras
1573 1513 1872 1583 lapidem?
1916 1531 2019 1568 cur
2066 1519 2129 1568 tu

487 1599 585 1668 qui
618 1600 841 1653 ratione
881 1601 1161 1670 praeditus
1211 1617 1293 1667 es,
1329 1602 1574 1656 surdum
1627 1602 1992 1673 interrogas?
2023 1607 2131 1656 Pro

488 1686 606 1740 lilio
639 1688 862 1741 vivente
907 1705 1072 1758 opem
1122 1689 1193 1743 ab
1225 1703 1291 1743 eo
1325 1689 1623 1760 implores,
1657 1690 1757 1762 qui
1789 1690 1963 1746 vitam
2015 1708 2130 1745 non

2229 535 2318 597 οὕς
2353 537 2608 600 ὑπέθεντο
2659 539 2790 592 εἶναι
2841 538 3017 609 θεοὺς,
3048 539 3137 592 καὶ
3185 539 3282 600 τὰς
3329 539 3688 613 ἀπερωτήσεις
3717 559 3892 611 προσο

2229 627 2400 697 ἀγειν.
2453 625 2688 698 Νεκροὺς
2735 627 2836 702 γὰρ
2872 626 3024 689 θεοὺς
3075 627 3424 699 ὕποθὰμενοι,
3457 627 3652 689 αὐτοὺς
3689 628 3896 701 ἐπερωο

2228 719 2361 767 τῶσι
2403 716 2526 789 περὶ
2574 719 2680 768 τῶν
2731 716 2972 783 ζώντων.
3030 715 3268 791 Νεκροὺς
3322 713 3380 770 δὲ
3424 713 3589 790 λέγει,
3648 717 3778 785 ἤτοι
3824 717 3892 772 τὰ

2232 799 2418 876 ἄψυχα
2444 800 2666 871 εἷ’δωλα,
2703 802 2890 868 λίθους
2917 804 3006 858 καὶ
3057 803 3191 874 ξύλα
3231 805 3318 859 καὶ
3372 804 3580 878 χαλκὸν
3621 805 3712 858 καὶ
3745 825 3890 879 χρυ-

2235 892 2348 944 σόν·
2400 892 2435 960 ἢ
2488 891 2710 966 νεκροὺς
2763 890 2910 967 λέγει
2959 892 3084 954 τοὺς
3126 895 3225 962 τὴν
3281 896 3424 962 ζωήν
3473 894 3573 960 τήν
3619 892 3888 963 ἀληθινὴν

2237 976 2326 1033 διὰ
2353 986 2451 1048 τῆς
2499 979 2826 1042 ἆποστασίας
2870 977 3343 1050 ἀποϐεϐληκότας,
3378 983 3446 1035 Ἢ
3475 983 3620 1056 τάχα
3666 982 3760 1036 καὶ
3787 989 3892 1036 πᾶ-

2238 1088 2305 1121 σα
2367 1073 2474 1121 τῶν
2553 1067 2996 1143 ὶγγαστριμύθων
3074 1070 3391 1144 Αεγομένων
3450 1072 3485 1138 ἡ
3545 1071 3892 1144 πραγματεία

2238 1155 2459 1229 περὶτὰ
2511 1160 2766 1228 μνήματα
2810 1159 3109 1235 στρέφεται,
3159 1157 3407 1234 κάκεῖθεν
3455 1154 3571 1232 ἔχει
3616 1165 3719 1227 τῆς
3753 1179 3891 1232 μαγ-

2237 1243 2447 1318 γανείας
2473 1247 2572 1313 τήν
2607 1243 2852 1318 δύναμιν.
2891 1247 3016 1301 Εἶτα
3067 1243 3478 1322 δυσανασχετῶν
3507 1245 3596 1300 ἐπὶ
3637 1251 3706 1320 τῇ
3741 1248 3894 1317 ἀνοίᾳ

2239 1337 2346 1386 τῶν
2371 1331 2921 1406 εἷ’δωλολατρούντων
2977 1336 3004 1388 6
3055 1333 3220 1410 λόγος
3270 1335 3426 1411 φησί’
3458 1335 3527 1392 Τί
3558 1334 3894 1404 ἐκζητήσου-

2241 1442 2291 1474 σι
2350 1422 2474 1497 περὶ
2530 1427 2639 1477 τῶν
2701 1423 2914 1491 ζώντων
2978 1423 3104 1484 τοὺς
3164 1423 3530 1498 νεκρούς;Τί
3567 1429 3892 1497 προσκυνεῖς

2237 1511 2329 1565 τὸν
2386 1511 2564 1582 λίθον,
2623 1512 2650 1566 6
2683 1507 2933 1586 ἔμψυχος
2961 1531 2974 1580 ;
3008 1512 3061 1566 τί
3089 1511 3294 1587 ἐρωτᾷς
3324 1512 3418 1566 τὸν
3446 1513 3652 1589 κωφὸν,
3685 1514 3715 1567 6
3748 1509 3893 1587 λογι-

2239 1599 2333 1661 κός
2367 1617 2379 1668 ;
2411 1601 2568 1673 Ὑπὲρ
2611 1604 2708 1654 τοῦ
2754 1598 2948 1662 παιδὸς
2993 1599 3246 1662 ἱκετεύεις
3277 1605 3373 1654 τοῦ
3420 1605 3620 1669 ζῶντος
3650 1601 3747 1655 τὸν
3779 1602 3890 1672 (91)

2244 1689 2387 1757 ζωὴν
2416 1689 2518 1743 οὐκ
2548 1685 2766 1763 ἔχοντα,
2798 1689 2890 1743 τὸν
2926 1694 3070 1758 ζωῆς
3101 1687 3482 1764 ἐστερημένον,
3513 1688 3605 1744 τὸν
3656 1687 3884 1742 ἄπνουν.

485 1774 682 1843 habet,
716 1776 817 1846 qui
848 1775 963 1830 vita
991 1782 1165 1842 caret,
1197 1779 1297 1849 qui
1330 1795 1432 1834 nec
1464 1781 1749 1850 respirare
1782 1785 1988 1850 potest.
2019 1782 2128 1835 Ta-

2245 1774 2354 1829 Κᾶν
2387 1775 2461 1836 εἷς
2497 1781 2744 1847 μαντεῖον
2793 1775 3057 1850 ἀπέλθῃς,
3106 1775 3201 1831 κᾶν
3249 1776 3566 1850 καθαρμοὺς
3603 1780 3884 1875 περινοῇς,

488 1863 658 1917 metsi
688 1863 902 1918 adieris
951 1865 1274 1933 oraculum,
1307 1867 1541 1922 tametsi
1577 1870 1864 1940 excogites
1911 1869 2130 1923 lustra-

489 1953 696 2018 tiones,
730 1953 924 2007 abiisti
959 1955 1027 2007 ad
1065 1960 1346 2024 mortuos,
1378 1957 1474 2025 qui
1507 1957 1590 2011 vel
1631 1958 1744 2028 ipsi
1776 1958 1951 2012 vitam
1985 1958 2130 2012 ami-

491 2057 639 2103 sere,
662 2046 720 2094 et
751 2040 853 2095 tibi
877 2043 950 2095 ob
976 2045 1404 2098 contumaciam
1440 2051 1682 2099 mortem
1720 2051 1859 2101 sunt
1887 2045 2131 2101 illaturi.

561 2130 684 2182 2'20.
717 2131 911 2198 Legem
938 2130 1085 2184 dedit
1110 2133 1166 2185 in
1194 2134 1497 2199 auxilium,
1523 2143 1582 2188 ut
1603 2134 1786 2189 dicant
1807 2153 1826 2189 :
1850 2136 1966 2189 Non
1992 2138 2136 2189 sicut

492 2218 714 2271 verbum
760 2218 875 2286 hoc,
907 2218 974 2273 de
1023 2236 1126 2289 quo
1175 2237 1284 2274 non
1331 2229 1414 2275 est
1465 2239 1695 2276 munera
1743 2222 1873 2277 dare
1927 2226 1993 2277 de
2051 2240 2130 2278 eo.

498 2305 578 2363 Ne
622 2305 876 2361 multum
911 2309 992 2362 sis
1023 2308 1308 2364 sollicitus
1339 2310 1409 2364 de
1439 2311 1633 2366 futuro
1667 2329 1680 2366 :
1716 2311 1816 2366 sed
1865 2313 1937 2366 de
1986 2329 2134 2382 prae-

495 2395 762 2450 sentibus
792 2396 862 2449 ad
895 2400 1062 2450 tuum
1093 2400 1463 2453 commodum
1497 2404 1710 2464 statue,
1741 2404 1795 2455 et
1827 2399 1920 2454 his
1953 2406 2130 2455 utere.

489 2484 637 2545 Quid
669 2485 827 2538 enim
876 2491 1257 2554 percepturus
1288 2503 1350 2541 es
1389 2487 1768 2542 emolumenti
1816 2505 1884 2543 ex
1933 2489 2135 2544 habita

491 2573 890 2642 pranotione?
949 2573 1155 2644 Utique
1214 2575 1261 2629 si
1311 2575 1446 2644 quid
1507 2577 1767 2631 futurum
1828 2584 1917 2633 est
1972 2579 2132 2642 boni,

489 2661 722 2717 etiamsi
756 2678 868 2716 non
918 2663 1285 2732 przenoveris;
1317 2663 1540 2719 eveniet
1572 2681 1584 2718 :
1619 2665 1712 2720 sin
1763 2671 1957 2721 autem
1991 2667 2131 2737 quid

490 2750 744 2820 molesti,
777 2750 916 2822 quid
959 2751 1061 2805 tibi
1116 2754 1350 2822 prodest
1401 2771 1644 2809 mmrore
1691 2771 1756 2809 ac
1804 2755 2043 2810 tristitia
2074 2755 2129 2809 in

489 2845 861 2895 antecessum
893 2841 1143 2895 conﬁci?
1182 2841 1388 2912 Legem
1431 2843 1705 2914 accepisti
1737 2844 1793 2897 in
1827 2844 2128 2899 auxilium.

487 2928 696 3000 Magna
718 2929 954 2999 quidem
987 2929 1172 2984 inerat
1206 2931 1308 2984 tibi
1341 2932 1749 3001 Opportunitas
1780 2931 1868 2986 vel
1899 2933 1970 2988 ab
2003 2933 2132 3003 ipsa

486 3021 697 3071 natura
726 3017 797 3070 ad
831 3017 1046 3071 bonum
1082 3033 1093 3071 :
1131 3019 1231 3072 sed
1265 3018 1320 3071 id
1369 3019 1673 3088 perliciens
1704 3020 1876 3088 Deus,
1905 3022 2008 3074 tibi
2043 3022 2129 3075 in-

487 3121 667 3176 super
698 3102 844 3177 legis
877 3122 1109 3176 quoque
1133 3107 1424 3162 concessit
1455 3109 1902 3164 adminiculum.
1927 3110 2026 3164 Vis
2059 3110 2129 3164 de

2237 1864 2374 1937 πρὸς
2405 1863 2626 1938 νεκροὺς
2659 1863 2926 1932 ἀπῆλθες,
2958 1864 3048 1918 καὶ
3100 1865 3293 1926 αὐτοὺς
3336 1867 3436 1933 τήν
3485 1866 3626 1933 ζωὴν
3662 1861 3884 1918 ἀπολω-

2241 1951 2486 2021 λεκότας,
2517 1953 2606 2006 καὶ
2641 1953 2723 2006 σοὶ
2763 1953 3068 2026 μίλλοντας
3097 1951 3186 2008 διὰ
3212 1961 3312 2023 τῆς
3342 1960 3628 2030 παρακοῆς
3681 1954 3782 2021 τὴν
3813 1951 3886 2006 νί-

2239 2060 2441 2113 κρωσιν
2473 2041 2740 2113 ἐμποιεῖν.

2312 2133 2436 2185 220.
2491 2129 2674 2201 Νύμον
2734 2126 2964 2185 δέδωκεν
3024 2133 3134 2204 (92)
3193 2129 3270 2194 είς
3332 2131 3624 2206 βοήθειαν,
3677 2128 3772 2185 ἵνα
3819 2127 3887 2184 εἶ’-

2241 2237 2436 2272 πωσιν’
2471 2218 2592 2293 Οὐχ
2648 2219 2722 2280 ὠς
2777 2219 2839 2272 τὸ
2899 2219 3051 2293 ῥῆμα
3097 2224 3286 2289 τοῦτο,
3344 2219 3469 2292 περὶ
3529 2220 3592 2273 οὗ
3642 2219 3743 2273 οὐκ
3780 2218 3889 2274 ἔστι

2244 2303 2393 2380 δῶρα
2449 2304 2633 2361 δοῦναι
2715 2308 2839 2381 περὶ
2913 2309 3100 2365 αὐτοῦ.
3160 2309 3250 2377 Μὴ
3321 2307 3775 2383 πολυπραγμόνει
3829 2306 3888 2361 τὸ

2248 2393 2474 2467 μέλλον,
2508 2395 2654 2450 ἀλλὰ
2693 2397 2761 2450 τὰ
2789 2396 3029 2472 παρόντα
3077 2398 3214 2472 πρὸς
3243 2398 3306 2451 τὸ
3337 2399 3620 2472 χρήσιμον
3654 2394 3889 2459 διατίθε-

2244 2504 2324 2539 σο.
2353 2485 2418 2540 Τί
2450 2485 2552 2558 γὰρ
2585 2480 2785 2562 ὄφελος
2834 2484 2894 2539 ἐκ
2939 2489 3036 2540 τοῦ
3079 2481 3378 2559 προλαϐεῖν
3421 2506 3478 2541 σε
3504 2487 3604 2556 τὴν
3636 2490 3838 2560 γνῶσιν
3870 2505 3884 2553 ;

2243 2571 2304 2626 El
2337 2572 2429 2643 μὲν
2459 2573 2651 2646 ἀγαθὸν
2706 2570 2850 2628 ἔσται
2885 2575 3000 2647 (93)
3045 2574 3109 2628 τὸ
3159 2572 3438 2646 ἐσόμενον,
3483 2571 3621 2643 ἥξει,
3662 2573 3762 2628 κᾶν
3813 2574 3883 2645 μὴ

2240 2664 2513 2735 προγνῷς’
2550 2659 2594 2713 εί
2645 2658 2703 2715 δὲ
2756 2659 3022 2734 λυπηρὸν,
3051 2661 3103 2716 τί
3130 2681 3212 2716 σοι
3242 2663 3305 2716 τὸ
3342 2658 3534 2735 κέρδος
3566 2659 3883 2735 προσδαπα-

2240 2755 2426 2812 νᾶσθαι
2451 2753 2519 2823 τῇ
2553 2748 2733 2823 λύπῃς
2767 2750 2953 2822 Νόμον
3003 2746 3192 2811 ἔλαϐες
3231 2750 3306 2812 είς
3343 2751 3617 2825 βοήθειαν.
3657 2750 3878 2826 Μεγάλη

2245 2839 2340 2910 μὲν
2384 2841 2448 2906 ἦν
2501 2859 2583 2893 σοι
2631 2839 2722 2893 καὶ
2762 2841 2797 2908 ἡ
2840 2837 2899 2894 ἐκ
2951 2838 3162 2917 φύσεως
3212 2839 3593 2915 ἐνυπάρχουσα
3639 2841 3780 2911 πρὸς
3825 2838 3882 2893 τὸ

2238 2925 2403 2982 καλὸν
2437 2924 2838 2997 ἐπιτηδειότης⁴
2881 2925 3027 2982 ἀλλὰ
3070 2932 3232 2982 τοῦτο
3278 2927 3502 2983 τελειῶν
3539 2929 3567 2982 6
3616 2929 3749 2989 Θεὸς
3794 2927 3879 2981 καὶ

2235 3017 2335 3084 τὴν
2366 3015 2424 3070 ἐκ
2448 3021 2543 3070 τοῦ
2574 3016 2746 3087 νόμου
2779 3037 2864 3071 σοι
2901 3016 3275 3092 ’χειραγωγίαν
3328 3016 3656 3092 προσέθηκε.
3694 3013 3881 3070 Βούλει

2239 3107 2360 3178 περῖ
2386 3110 2492 3159 τῶν
2547 3103 2863 3178 μελλόντων
2893 3108 3174 3160 πεπεῖσθαι
3210 3125 3223 3175 ;
3257 3105 3406 3161 Ποίει
3437 3107 3504 3160 τὰ
3533 3104 3882 3179 διατεταγμέ-

487 3169 663 3246 rebus
695 3169 908 3248 futuris
938 3169 1130 3248 certus
1173 3195 1343 3249 esse?
1373 3196 1452 3249 Ea
1481 3212 1607 3265 quae
1657 3196 1781 3268 lcge
1823 3199 2129 3267 jubentur,

2245 3214 2303 3246 να
2356 3194 2494 3248 κατά
2548 3194 2639 3249 τὸν
2698 3194 2891 3266 νόμον,
2922 3193 3011 3248 καὶ
3067 3193 3294 3266 ἀνάμενε
3347 3199 3454 3248 τῶν
3515 3195 3730 3268 ἀγαθῶν
3790 3195 3883 3262 τὴν

489 3296 825 3350 exsequere,
858 3283 1264 3352 bonorumque
1311 3284 1737 3352 possessionem
1778 3293 2127 3356 exspectato.

487 3369 708 3423 Honora
736 3377 946 3431 patrem
991 3373 1147 3424 tuum
1175 3375 1227 3425 et
1256 3379 1505 3438 matrem,
1537 3382 1598 3426 ut
1628 3375 1759 3428 bene
1811 3376 1914 3429 tibi
1957 3377 2052 3444 sit,
2085 3383 2136 3430 et

487 3457 598 3510 eris
655 3458 932 3525 tonngus
978 3475 1148 3528 super
1191 3463 1416 3528 terram,
1465 3477 1631 3530 quam
1683 3463 1945 3517 Dominus
1992 3465 2136 3518 Deus

490 3549 618 3600 tuus
648 3545 748 3600 dat
777 3546 879 3600 tibi
898 3547 960 3600 3°.
997 3546 1374 3616 Concupiscis
1407 3549 1599 3602 bona?
1637 3549 1770 3612 Quae
1803 3554 2137 3624 praescripta

490 3637 631 3687 sunt
662 3635 922 3689 observa.
961 3637 1152 3690 Vatem
1206 3636 1276 3690 de
1326 3643 1426 3691 tua
1475 3638 1725 3693 sanitate
1775 3657 1845 3694 ne
1897 3658 2136 3712 percon-

491 3721 629 3777 teris
664 3739 676 3776 :
713 3724 814 3777 sed
846 3724 1076 3778 sustine
1110 3725 1427 3791 medicum,
1461 3727 1558 3796 qui
1593 3729 1662 3781 ad
1705 3729 2014 3784 sanitatem
2048 3748 2136 3785 re-

491 3812 884 3881 cuperandam
921 3813 1178 3867 remedia
1208 3830 1458 3884 quorum
1500 3820 1560 3870 tu
1615 3816 1739 3887 ipse
1771 3818 2046 3874 dominus
2076 3835 2138 3874 es

490 3904 546 3954 et
577 3899 815 3966 arbiter,
869 3901 1225 3971 praescribat.
1264 3901 1479 3974 Ecquid
1529 3904 1751 3960 discere
1802 3908 2016 3978 poteris
2066 3908 2140 3962 ab

491 3988 646 4043 alio?
705 3989 1002 4044 Fatidicus
1062 3989 1257 4046 nullus
1307 3994 1531 4047 confert
1585 3993 2135 4051 immortalitatem:

492 4078 691 4133 nullus
726 4078 962 4133 deducit
991 4079 1061 4132 ad
1095 4078 1329 4134 coelum.
1360 4086 1641 4136 Securum
1675 4089 1728 4136 te
1751 4083 1938 4152 judici
1970 4099 2140 4138 nemo

493 4166 670 4232 sistit,
705 4167 820 4222 nisi
878 4165 968 4221 lex
1016 4172 1073 4221 et
1123 4169 1252 4237 ejus
1293 4176 1565 4224 accurata
1619 4171 1990 4225 observatio:
2026 4188 2143 4241 qua

491 4254 754 4325 impleta,
785 4254 919 4324 plus
951 4271 1118 4325 aequo
1150 4255 1413 4310 futurum
1449 4275 1519 4312 ne
1547 4273 1733 4323 cures,
1767 4259 1866 4313 sed
1901 4264 2139 4330 prszsto-

491 4341 612 4395 lare
643 4343 1194 4397 remunerationem.
1231 4345 1424 4412 Legem
1465 4346 1642 4414 igitur
1671 4344 1818 4399 dedit
1868 4346 1926 4400 in
1972 4348 2140 4401 aimi-

493 4429 653 4494 lium,
685 4435 747 4484 ut
776 4431 960 4484 dicant
992 4448 1011 4486 :
1039 4431 1155 4485 Non
1185 4433 1331 4486 sicut
1360 4433 1587 4486 verbum
1626 4433 1743 4499 hoc,
1778 4435 1852 4489 de
1879 4451 1982 4505 quo
2028 4452 2142 4491 non

2240 3281 2538 3337 ἀπόλαυσιν
2566 3325 2578 3337 .
2629 3283 2778 3354 Τίμα
2822 3282 2914 3337 τὸν
2977 3283 3184 3356 πατὲρα
3232 3303 3329 3337 σου
3372 3283 3462 3337 καὶ
3503 3284 3602 3351 τήν
3659 3282 3884 3355 μητέρα,

2235 3369 2327 3424 ἵνα
2383 3371 2438 3425 εὗ
2512 3391 2598 3425 σοι
2669 3370 2937 3445 γένηται,
2995 3373 3086 3424 καὶ
3160 3369 3252 3445 ἔσῃ
3334 3371 3744 3447 μακροχρόνιος
3803 3369 3885 3424 ἐπὶ

2241 3467 2340 3528 τῆς
2397 3467 2522 3533 γῆς,
2579 3461 2648 3528 ἧς
2694 3459 2887 3535 Κύριος
2936 3461 2964 3514 6
3003 3459 3134 3520 Θεός
3182 3481 3279 3514 σου
3325 3458 3515 3515 δίδωσί
3569 3481 3677 3516 σοι.
3741 3461 3886 3516 Ἐπι-

2246 3549 2434 3619 θυμεῖς
2460 3552 2566 3601 τῶν
2612 3547 2824 3621 ἀγαθῶν
2863 3567 2876 3616 ;
2904 3546 3053 3602 Ποίει
3078 3549 3144 3602 τὰ
3195 3545 3600 3623 διατεταγμένα.
3635 3550 3727 3617 Μὴ
3761 3548 3890 3622 ἐρώ-

2243 3656 2310 3689 τα
2336 3636 2426 3689 τὸν
2465 3635 2652 3708 μάντιν
2683 3636 2807 3711 περὶ
2837 3640 2937 3700 τῆς
2992 3636 3194 3710 ὑγείας,
3230 3635 3356 3691 ἀλλ’
3407 3637 3650 3711 ἀνάσχου
3691 3635 3788 3692 τοῦ
3821 3636 3891 3689 ia-

2243 3729 2375 3799 τροῢ
2409 3725 2797 3797 ὑποτιθεμένου
2841 3726 2908 3778 τὰ
2950 3727 3086 3799 πρὸς
3142 3726 3344 3800 ὑγείαν,
3398 3726 3470 3779 ὢν
3520 3725 3688 3787 αὐτὸς
3739 3727 3788 3780 εἴ
3810 3723 3894 3779 κύ-

2250 3835 2385 3889 ριος.
2437 3813 2496 3867 Τί
2545 3814 2671 3888 παρ’
2721 3814 2904 3888 ἑτέρου
2935 3811 3163 3887 διδάσκῇ
3200 3834 3212 3883 ;
3243 3811 3438 3875 Οὐδεὶς
3475 3813 3664 3886 μάντις
3698 3816 3892 3869 ἀθανα-

2247 3907 2363 3957 σίαν
2413 3901 2718 3979 χαρίζεται’
2754 3899 2932 3965 οὐδεὶς
2986 3900 3167 3976 ἀνάγει
3227 3903 3364 3976 πρὸς
3411 3903 3660 3976 οὐρανόν·
3722 3900 3892 3961 οὐδείς

2249 4013 2307 4045 σε
2334 3997 2414 4064 τῷ
2436 3995 2595 4064 κριτῇ
2629 3991 2680 4045 ἰν
2727 3989 3003 4066 παρῥησίᾳ
3049 3991 3370 4066 παρίστησιν
3422 3993 3558 4064 (94),
3592 3991 3721 4046 ἀλλ’
3752 3993 3780 4045 6
3810 3991 3894 4044 νό-

2253 4101 2355 4152 μος
2409 4080 2497 4134 καὶ
2552 4082 2586 4148 ἡ
2644 4078 2839 4133 τούτου
2885 4076 3115 4154 ἀκριϐὴς
3164 4082 3418 4154 τήρησις’
3473 4081 3530 4135 δν
3576 4084 3788 4154 τηρῶν,
3822 4080 3892 4149 μή

2249 4167 2700 4243 πολυπραγμόνει
2752 4169 2814 4222 τὸ
2861 4166 3084 4239 μέλλον,
3133 4166 3261 4222 ἀλλ’
3293 4167 3519 4241 ἀνάμενε
3559 4171 3656 4237 τήν
3691 4164 3895 4224 ἀντίδο-

2252 4279 2356 4313 σιν.
2410 4257 2597 4328 Νόμον
2658 4255 2748 4310 οὖν
2788 4252 2986 4310 ἔδωκεν
3045 4255 3122 4320 εἰς
3185 4258 3460 4330 βοήθειαν,
3503 4255 3593 4311 ἵνα
3653 4255 3891 4311 εἷ’πωσιν·

2251 4347 2375 4422 Οὐχ
2404 4347 2478 4408 ὡς
2529 4347 2589 4400 τὸ
2641 4345 2792 4421 ῥῆμα
2833 4350 2994 4400 τοῦτο
3042 4345 3166 4421 περὶ
3207 4343 3269 4400 οὗ
3319 4345 3418 4400 οὐκ
3455 4341 3564 4400 ἔστι
3595 4343 3749 4421 δῶρα
3780 4343 3896 4400 δοῖ»-

2248 4457 2332 4490 ναι
2389 4436 2511 4509 περὶ
2568 4434 2753 4490 αὐτοῦ.
2805 4434 2978 4495 Οὗτος
3031 4430 3089 4488 δὲ
3137 4435 3164 4488 ὁ
3201 4433 3368 4506 νόμος
3419 4433 3518 4488 οὐκ
3549 4433 3691 4488 ἔστιν
3739 4435 3813 4496 ὡς
3841 4433 3896 4486 τὸ

491 4521 570 4572 est
600 4534 832 4573 munera
861 4518 994 4573 dare
1021 4519 1086 4573 de
1115 4534 1195 4574 eo.
1224 4522 1350 4574 Haec
1382 4526 1576 4575 autem
1609 4519 1699 4576 lex
1730 4538 1844 4576 non
1877 4540 1938 4578 se
1970 4523 2133 4580 habet

2255 4523 2406 4599 ῥῆμα
2432 4528 2593 4578 τοῦτο
2629 4527 2726 4577 τοῦ
2776 4521 3232 4597 ὲγγαστριμύθου.
3269 4522 3340 4576 Οὐ
3393 4523 3494 4598 γὰρ
3526 4523 3662 4596 πρὸς
3693 4523 3898 4590 ἀπάτην

496 4607 650 4662 sicut
681 4607 789 4661 hoc
821 4605 1172 4678 ventriloqui
1205 4609 1466 4662 verbum.
1498 4609 1622 4664 Non
1657 4610 1812 4665 enim
1844 4613 1917 4667 ad
1948 4614 2146 4669 fucum

496 4695 831 4750 faciendum
863 4696 1189 4767 excogitata
1221 4700 1330 4766 est,
1368 4698 1450 4751 uti
1483 4697 1582 4752 illa
1611 4699 1740 4769 ejus
1789 4701 1963 4757 verba
1995 4718 2010 4757 :
2045 4704 2145 4758 sed

494 4783 756 4840 veritatis
788 4789 875 4840 est
906 4785 1204 4855 magistra.
1228 4791 1419 4856 Atque
1451 4786 1533 4840 illi
1557 4788 1792 4857 quidem
1823 4789 2145 4846 vaticinan-

496 4879 594 4927 tur
616 4873 686 4928 ob
717 4877 1049 4945 argentum.
1074 4873 1190 4928 Hoc
1214 4876 1362 4931 545
1400 4893 1656 4947 namque
1688 4877 2002 4933 ridiculum
2033 4884 2143 4948 est,

495 4963 649 5032 quod
673 4961 773 5033 qui
794 4961 1178 5034 dicipiuntur,
1200 4964 1508 5034 pecuniam
1528 4965 1703 5021 etiam
1725 4982 1831 5037 pro
1856 4967 2146 5024 mendacii

560 5139 605 5203 ⁸9
635 5139 812 5196 Exod.
843 5155 936 5210 xx,
966 5141 1054 5197 12.

490 5321 898 5396 Combefisius.
936 5320 1333 5396 Librariorum
1366 5326 1561 5396 autem
1603 5341 1676 5379 an
1718 5324 1906 5396 ipsius
1937 5331 2136 5383 aucto-

493 5395 576 5450 ris
608 5395 820 5450 menda
850 5393 971 5448 haec
1003 5393 1140 5459 sint,
1171 5392 1268 5447 alii
1291 5393 1662 5464 judicabunt.

565 5467 678 5536 (91)
709 5465 879 5536 Editi,
901 5464 1022 5532 τήν.
1046 5463 1442 5541 Atmss.,_16v,
1468 5467 1633 5523 bene.
1657 5465 1973 5541 Aliquanto
2003 5472 2137 5541 post

498 5534 900 5612 mssiromnes,
926 5534 1258 5612 καθαρμούς.
1295 5537 1467 5612 Editi,
1497 5534 1884 5612 καθαρισμορς.

569 5609 681 5682 (92)
711 5604 950 5681 Antiqui
978 5604 1080 5666 sei
1107 5604 1264 5677 libri,
1295 5604 1546 5668 δέδωκεν.
1585 5604 1760 5682 Editi,
1791 5608 2012 5668 ἔδωκεν.

2258 4611 2596 4682 ἒπινενὸηται
2647 4611 2827 4687 ὥσπερ
2878 4610 3075 4677 ἐκεῖνα,
3127 4610 3270 4666 ἀλλὰ
3319 4609 3579 4681 ἀληθείας
3612 4610 3727 4666 ἐστί
3765 4607 3899 4665 διδά-

2259 4700 2482 4762 σκαλος.
2511 4699 2763 4756 Κάκεῖνοι
2797 4699 2890 4772 μὶν
2943 4699 3024 4753 ἐπ’
3067 4698 3310 4775 ἀργυρίῳ
3350 4699 3730 4772 μαντεύονται.
3763 4702 3896 4756 Τοῦ-

2255 4811 2316 4844 το
2366 4788 2468 4864 γάρ
2505 4788 2614 4842 ἐστι
2661 4787 2724 4842 τὸ
2772 4784 3194 4860 καταγέλαστον,
3245 4789 3328 4842 ὅτι
3372 4787 3462 4842 καὶ
3511 4787 3768 4864 ἀργύριον
3809 4785 3896 4840 αὖ-

2252 4883 2370 4942 τοῖς
2396 4876 2614 4933 τελοῦσι
2649 4875 2835 4949 μισθὸν
2857 4879 2954 4929 τοῦ
2985 4873 3216 4949 ψεύδους
3241 4877 3293 4930 οὶ
3323 4877 3696 4949 ἀπατώμενοι.
3721 4879 3896 4932 Τοῦτο

2255 4965 2313 5022 δὲ
2340 4968 2402 5022 τὸ
2431 4965 2602 5043 ῥῆμα,
2633 4964 2900 5035 τουτὲστι,
2931 4967 3028 5019 τοῦ
3077 4964 3273 5038 νόμου,
3327 4963 3428 5021 οὐκ
3473 4963 3582 5021 ἔστι
3630 4968 3895 5035 τοιοῦτον,

2316 5327 2430 5401 (93)
2461 5327 2698 5410 Veteres
2743 5325 2970 5410 aliquot
3007 5322 3175 5410 llibri,
3221 5321 3355 5410 ἐστι.
3405 5325 3566 5410 Μοχ⁸
3584 5323 3741 5410 regii~
3775 5321 3893 5410 pri-

2248 5393 2424 5484 mus,
2467 5401 2682 5484 tertius
2738 5400 2794 5454 et
2841 5393 3122 5484 quartus,
3158 5393 3371 5484 ’κέρδος
3427 5393 3888 5484 προδαπᾶνᾰσίοαι,

2245 5466 2417 5526 recte.
2451 5472 2564 5526 Alii
2599 5486 2742 5527 mss.
2775 5466 2907 5526 cum
2949 5469 3145 5539 editis,
3176 5466 3676 5545 προσδαπανᾶσθαι.

2315 5543 2426 5615 (94)
2458 5543 2538 5600 Ita
2569 5560 2712 5600 mss.
2747 5539 2952 5598 nostri.
2985 5540 3159 5612 Edill,
3191 5542 3546 5616 παραστήσει.
