  <div class='ocr_page' id='page_1' title='image "/cluster/home/n/w/nwhite01/storage/ocr_20150623/30/hvd.32044073501827/258.png"; bbox 0 0 4048 6220; ppageno 0'>
   <div class='ocr_carea' id='block_1_1' title="bbox 244 296 346 356">
    <p class='ocr_par' dir='ltr' id='par_1_1' title="bbox 244 296 346 356">
     <span class='ocr_line' id='line_1_1' title="bbox 244 296 346 356; baseline 0.01 -1"><span class='ocrx_word' id='word_1_1' title='bbox 244 296 346 356; x_wconf 85' lang='grc'>501</span> 
     </span>
    </p>
   </div>
   <div class='ocr_carea' id='block_1_2' title="bbox 1042 293 2862 360">
    <p class='ocr_par' dir='ltr' id='par_1_2' title="bbox 1042 293 2862 360">
     <span class='ocr_line' id='line_1_2' title="bbox 1042 293 2862 360; baseline 0 -2"><span class='ocrx_word' id='word_1_2' title='bbox 1042 295 1449 360; x_wconf 84' lang='lat' dir='ltr'>COMMENT.</span> <span class='ocrx_word' id='word_1_3' title='bbox 1493 297 1571 358; x_wconf 83' lang='grc' dir='ltr'><strong>ΙΝ</strong></span> <span class='ocrx_word' id='word_1_4' title='bbox 1616 293 1896 358; x_wconf 85' lang='lat' dir='ltr'>ISAIAM</span> <span class='ocrx_word' id='word_1_5' title='bbox 1942 294 2444 357; x_wconf 75' lang='lat' dir='ltr'>PROPHETAM.</span> <span class='ocrx_word' id='word_1_6' title='bbox 2483 295 2652 359; x_wconf 84' lang='lat' dir='ltr'>CAP.</span> <span class='ocrx_word' id='word_1_7' title='bbox 2703 297 2862 358; x_wconf 81' lang='lat' dir='ltr'><strong>VIII.</strong></span> 
     </span>
    </p>
   </div>
   <div class='ocr_carea' id='block_1_3' title="bbox 3535 303 3650 363">
    <p class='ocr_par' dir='ltr' id='par_1_3' title="bbox 3535 303 3650 363">
     <span class='ocr_line' id='line_1_3' title="bbox 3535 303 3650 363; baseline 0.026 -3"><span class='ocrx_word' id='word_1_8' title='bbox 3535 303 3650 363; x_wconf 77' lang='grc'>502</span> 
     </span>
    </p>
   </div>
   <div class='ocr_carea' id='block_1_4' title="bbox 244 423 1899 505">
    <p class='ocr_par' dir='ltr' id='par_1_4' title="bbox 244 423 1892 505">
     <span class='ocr_line' id='line_1_4' title="bbox 244 423 1892 505; baseline -0.001 -26"><span class='ocrx_word' id='word_1_9' title='bbox 244 428 378 480; x_wconf 77' lang='grc' dir='ltr'>ὥστε</span> <span class='ocrx_word' id='word_1_10' title='bbox 413 423 568 503; x_wconf 80' lang='grc' dir='ltr'>δῶρα</span> <span class='ocrx_word' id='word_1_11' title='bbox 599 425 782 482; x_wconf 71' lang='grc' dir='ltr'>δοῦναι</span> <span class='ocrx_word' id='word_1_12' title='bbox 813 429 934 505; x_wconf 81' lang='grc' dir='ltr'>περὶ</span> <span class='ocrx_word' id='word_1_13' title='bbox 968 427 1154 484; x_wconf 76' lang='grc' dir='ltr'>αὐτοῦ.</span> <span class='ocrx_word' id='word_1_14' title='bbox 1193 426 1385 490; x_wconf 75' lang='grc' dir='ltr'>Οὐδεὶς</span> <span class='ocrx_word' id='word_1_15' title='bbox 1421 427 1523 502; x_wconf 80' lang='grc' dir='ltr'>γὰρ</span> <span class='ocrx_word' id='word_1_16' title='bbox 1574 428 1672 495; x_wconf 79' lang='grc' dir='ltr'>τήν</span> <span class='ocrx_word' id='word_1_17' title='bbox 1731 424 1892 501; x_wconf 80' lang='grc' dir='ltr'>χάριν</span> 
     </span>
    </p>
   </div>
   <div class='ocr_carea' id='block_1_5' title="bbox 2012 423 3647 505">
    <p class='ocr_par' dir='ltr' id='par_1_5' title="bbox 2012 428 3647 504">
     <span class='ocr_line' id='line_1_5' title="bbox 2012 428 3647 504; baseline 0.005 -23"><span class='ocrx_word' id='word_1_18' title='bbox 2012 429 2270 484; x_wconf 80' lang='lat' dir='ltr'>mercede</span> <span class='ocrx_word' id='word_1_19' title='bbox 2301 428 2384 484; x_wconf 89' lang='lat' dir='ltr'>eis</span> <span class='ocrx_word' id='word_1_20' title='bbox 2419 428 2659 484; x_wconf 88' lang='lat' dir='ltr'>solvant.</span> <span class='ocrx_word' id='word_1_21' title='bbox 2685 429 2804 484; x_wconf 89' lang='lat' dir='ltr'>Hoc</span> <span class='ocrx_word' id='word_1_22' title='bbox 2839 433 3034 484; x_wconf 88' lang='lat' dir='ltr'>autem</span> <span class='ocrx_word' id='word_1_23' title='bbox 3066 429 3331 497; x_wconf 90' lang='lat' dir='ltr'>verbum,</span> <span class='ocrx_word' id='word_1_24' title='bbox 3360 431 3506 504; x_wconf 88' lang='lat' dir='ltr'>legis</span> <span class='ocrx_word' id='word_1_25' title='bbox 3537 432 3647 488; x_wconf 88' lang='lat' dir='ltr'>sci-</span> 
     </span>
    </p>
   </div>
   <div class='ocr_carea' id='block_1_6' title="bbox 238 511 1893 596">
    <p class='ocr_par' dir='ltr' id='par_1_6' title="bbox 238 511 1893 596">
     <span class='ocr_line' id='line_1_6' title="bbox 238 511 1893 596; baseline -0.001 -26"><span class='ocrx_word' id='word_1_26' title='bbox 238 519 330 570; x_wconf 69' lang='grc' dir='ltr'>τοῦ</span> <span class='ocrx_word' id='word_1_27' title='bbox 385 517 528 572; x_wconf 75' lang='grc' dir='ltr'>Θεοῦ</span> <span class='ocrx_word' id='word_1_28' title='bbox 574 515 918 573; x_wconf 74' lang='grc' dir='ltr'>ἀποδίδοται.</span> <span class='ocrx_word' id='word_1_29' title='bbox 973 517 1207 594; x_wconf 75' lang='grc' dir='ltr'>Δωρεᾶν,</span> <span class='ocrx_word' id='word_1_30' title='bbox 1259 516 1444 596; x_wconf 73' lang='grc' dir='ltr'>φησὶν,</span> <span class='ocrx_word' id='word_1_31' title='bbox 1496 511 1737 585; x_wconf 69' lang='grc' dir='ltr'>ἐλάϐετε,</span> <span class='ocrx_word' id='word_1_32' title='bbox 1784 512 1893 568; x_wconf 82' lang='grc' dir='ltr'>δω-</span> 
     </span>
    </p>
   </div>
   <div class='ocr_carea' id='block_1_7' title="bbox 240 605 1894 685">
    <p class='ocr_par' dir='ltr' id='par_1_7' title="bbox 240 605 1894 685">
     <span class='ocr_line' id='line_1_7' title="bbox 240 605 1894 685; baseline -0.001 -24"><span class='ocrx_word' id='word_1_33' title='bbox 240 609 365 682; x_wconf 65' lang='grc' dir='ltr'>ρειὰν</span> <span class='ocrx_word' id='word_1_34' title='bbox 436 607 580 664; x_wconf 81' lang='grc' dir='ltr'>δότε.</span> <span class='ocrx_word' id='word_1_35' title='bbox 641 611 803 685; x_wconf 79' lang='grc' dir='ltr'>Ὁρᾷς</span> <span class='ocrx_word' id='word_1_36' title='bbox 855 613 974 671; x_wconf 79' lang='grc' dir='ltr'>πῶς</span> <span class='ocrx_word' id='word_1_37' title='bbox 1031 607 1368 685; x_wconf 73' lang='grc' dir='ltr'>ἠγανάκτησε</span> <span class='ocrx_word' id='word_1_38' title='bbox 1425 609 1624 684; x_wconf 70' lang='grc' dir='ltr'>Πέτρος</span> <span class='ocrx_word' id='word_1_39' title='bbox 1674 605 1759 660; x_wconf 73' lang='grc' dir='ltr'>ἐπὶ</span> <span class='ocrx_word' id='word_1_40' title='bbox 1815 609 1894 676; x_wconf 79' lang='grc' dir='ltr'>τῷ</span> 
     </span>
    </p>
   </div>
   <div class='ocr_carea' id='block_1_8' title="bbox 238 694 1892 774">
    <p class='ocr_par' dir='ltr' id='par_1_8' title="bbox 238 694 1892 774">
     <span class='ocr_line' id='line_1_8' title="bbox 238 694 1892 774; baseline -0.001 -24"><span class='ocrx_word' id='word_1_41' title='bbox 238 696 486 770; x_wconf 77' lang='grc' dir='ltr'>Σίμωνι,</span> <span class='ocrx_word' id='word_1_42' title='bbox 521 698 772 774; x_wconf 75' lang='grc' dir='ltr'>ἀργύριον</span> <span class='ocrx_word' id='word_1_43' title='bbox 825 698 957 772; x_wconf 72' lang='grc' dir='ltr'>ὑπὲρ</span> <span class='ocrx_word' id='word_1_44' title='bbox 1003 704 1104 768; x_wconf 74' lang='grc' dir='ltr'>τῆς</span> <span class='ocrx_word' id='word_1_45' title='bbox 1155 701 1255 752; x_wconf 76' lang='grc' dir='ltr'>τοῦ</span> <span class='ocrx_word' id='word_1_46' title='bbox 1303 695 1618 770; x_wconf 75' lang='grc' dir='ltr'>Ηνεύματος</span> <span class='ocrx_word' id='word_1_47' title='bbox 1668 694 1892 770; x_wconf 76' lang='grc' dir='ltr'>χάριτος</span> 
     </span>
    </p>
   </div>
   <div class='ocr_carea' id='block_1_9' title="bbox 229 782 1890 864">
    <p class='ocr_par' dir='ltr' id='par_1_9' title="bbox 229 782 1890 864">
     <span class='ocr_line' id='line_1_9' title="bbox 229 782 1890 864; baseline -0.002 -24"><span class='ocrx_word' id='word_1_48' title='bbox 229 787 713 860; x_wconf 80' lang='grc' dir='ltr'>προσκομίσαντι;</span> <span class='ocrx_word' id='word_1_49' title='bbox 767 789 836 843; x_wconf 86' lang='grc' dir='ltr'>Τὸ</span> <span class='ocrx_word' id='word_1_50' title='bbox 900 789 1001 863; x_wconf 72' lang='grc' dir='ltr'>γὰρ</span> <span class='ocrx_word' id='word_1_51' title='bbox 1075 787 1334 862; x_wconf 66' lang='grc' dir='ltr'>ἀργύριόν</span> <span class='ocrx_word' id='word_1_52' title='bbox 1414 807 1530 858; x_wconf 81' lang='grc' dir='ltr'>σου,</span> <span class='ocrx_word' id='word_1_53' title='bbox 1591 784 1744 864; x_wconf 78' lang='grc' dir='ltr'>φησὶ,</span> <span class='ocrx_word' id='word_1_54' title='bbox 1800 782 1890 837; x_wconf 75' lang='grc' dir='ltr'>σὺν</span> 
     </span>
    </p>
   </div>
   <div class='ocr_carea' id='block_1_10' title="bbox 231 871 1894 949">
    <p class='ocr_par' dir='ltr' id='par_1_10' title="bbox 231 871 1894 949">
     <span class='ocr_line' id='line_1_10' title="bbox 231 871 1894 949; baseline -0.002 -19"><span class='ocrx_word' id='word_1_55' title='bbox 231 873 314 929; x_wconf 69' lang='lat' dir='ltr'>eo?</span> <span class='ocrx_word' id='word_1_56' title='bbox 385 874 475 946; x_wconf 59' lang='grc' dir='ltr'>εἴη</span> <span class='ocrx_word' id='word_1_57' title='bbox 542 878 617 938; x_wconf 78' lang='grc' dir='ltr'>είς</span> <span class='ocrx_word' id='word_1_58' title='bbox 676 874 972 946; x_wconf 80' lang='grc' dir='ltr'>ἀπώλειαν,</span> <span class='ocrx_word' id='word_1_59' title='bbox 1027 875 1110 931; x_wconf 80' lang='grc' dir='ltr'>ὅτι</span> <span class='ocrx_word' id='word_1_60' title='bbox 1184 875 1440 949; x_wconf 79' lang='grc' dir='ltr'>ἐνόμισας</span> <span class='ocrx_word' id='word_1_61' title='bbox 1514 876 1612 943; x_wconf 71' lang='grc' dir='ltr'>τήν</span> <span class='ocrx_word' id='word_1_62' title='bbox 1691 871 1894 947; x_wconf 69' lang='grc' dir='ltr'>δωρεὰν</span> 
     </span>
    </p>
   </div>
   <div class='ocr_carea' id='block_1_11' title="bbox 226 959 1892 1040">
    <p class='ocr_par' dir='ltr' id='par_1_11' title="bbox 226 959 1892 1040">
     <span class='ocr_line' id='line_1_11' title="bbox 226 959 1892 1040; baseline -0.002 -22"><span class='ocrx_word' id='word_1_63' title='bbox 226 968 324 1018; x_wconf 79' lang='grc' dir='ltr'>τοῦ</span> <span class='ocrx_word' id='word_1_64' title='bbox 386 969 531 1019; x_wconf 72' lang='grc' dir='ltr'>Θεοῦ</span> <span class='ocrx_word' id='word_1_65' title='bbox 593 963 681 1019; x_wconf 78' lang='grc' dir='ltr'>διὰ</span> <span class='ocrx_word' id='word_1_66' title='bbox 728 967 1033 1040; x_wconf 79' lang='grc' dir='ltr'>χρημάτων</span> <span class='ocrx_word' id='word_1_67' title='bbox 1091 964 1481 1028; x_wconf 75' lang='grc' dir='ltr'>κτὰσθαι.οὖκ</span> <span class='ocrx_word' id='word_1_68' title='bbox 1523 959 1661 1017; x_wconf 80' lang='grc' dir='ltr'>ἔστιν</span> <span class='ocrx_word' id='word_1_69' title='bbox 1723 959 1812 1016; x_wconf 72' lang='grc' dir='ltr'>οὖν</span> <span class='ocrx_word' id='word_1_70' title='bbox 1866 962 1892 1015; x_wconf 88' lang='grc' dir='ltr'>ὁ</span> 
     </span>
    </p>
   </div>
   <div class='ocr_carea' id='block_1_12' title="bbox 225 1051 1894 1132">
    <p class='ocr_par' dir='ltr' id='par_1_12' title="bbox 225 1051 1894 1132">
     <span class='ocr_line' id='line_1_12' title="bbox 225 1051 1894 1132; baseline -0.004 -22"><span class='ocrx_word' id='word_1_71' title='bbox 225 1059 321 1110; x_wconf 67' lang='grc' dir='ltr'>τοῦ</span> <span class='ocrx_word' id='word_1_72' title='bbox 359 1054 712 1131; x_wconf 66' lang='grc' dir='ltr'>Εὖαγγελίου</span> <span class='ocrx_word' id='word_1_73' title='bbox 744 1055 914 1132; x_wconf 82' lang='grc' dir='ltr'>λόγος</span> <span class='ocrx_word' id='word_1_74' title='bbox 944 1056 1017 1117; x_wconf 83' lang='grc' dir='ltr'>ὡς</span> <span class='ocrx_word' id='word_1_75' title='bbox 1046 1059 1112 1111; x_wconf 72' lang='grc' dir='ltr'>τὰ</span> <span class='ocrx_word' id='word_1_76' title='bbox 1140 1054 1473 1128; x_wconf 77' lang='grc' dir='ltr'>πωλούμενα</span> <span class='ocrx_word' id='word_1_77' title='bbox 1582 1075 1721 1128; x_wconf 83' lang='grc' dir='ltr'>ματα</span> <span class='ocrx_word' id='word_1_78' title='bbox 1750 1051 1894 1126; x_wconf 84' lang='grc' dir='ltr'>παρὰ</span> 
     </span>
    </p>
   </div>
   <div class='ocr_carea' id='block_1_13' title="bbox 224 1143 1890 1223">
    <p class='ocr_par' dir='ltr' id='par_1_13' title="bbox 224 1143 1890 1223">
     <span class='ocr_line' id='line_1_13' title="bbox 224 1143 1890 1223; baseline -0.002 -23"><span class='ocrx_word' id='word_1_79' title='bbox 224 1151 332 1200; x_wconf 79' lang='grc' dir='ltr'>τῶν</span> <span class='ocrx_word' id='word_1_80' title='bbox 385 1147 865 1222; x_wconf 76' lang='grc' dir='ltr'>ἐγγαστριμύθων.</span> <span class='ocrx_word' id='word_1_81' title='bbox 911 1149 978 1205; x_wconf 91' lang='grc' dir='ltr'>Τί</span> <span class='ocrx_word' id='word_1_82' title='bbox 1027 1151 1129 1223; x_wconf 72' lang='grc' dir='ltr'>γὰρ</span> <span class='ocrx_word' id='word_1_83' title='bbox 1181 1149 1240 1202; x_wconf 81' lang='grc' dir='ltr'>ἄν</span> <span class='ocrx_word' id='word_1_84' title='bbox 1289 1169 1369 1209; x_wconf 88' lang='grc' dir='ltr'>τις</span> <span class='ocrx_word' id='word_1_85' title='bbox 1422 1144 1543 1216; x_wconf 80' lang='grc' dir='ltr'>δοίη</span> <span class='ocrx_word' id='word_1_86' title='bbox 1589 1149 1700 1220; x_wconf 86' lang='grc'>(95)</span> <span class='ocrx_word' id='word_1_87' title='bbox 1748 1143 1890 1214; x_wconf 76' lang='grc' dir='ltr'>ἄξιον</span> 
     </span>
    </p>
   </div>
   <div class='ocr_carea' id='block_1_14' title="bbox 224 1231 1890 1311">
    <p class='ocr_par' dir='ltr' id='par_1_14' title="bbox 224 1231 1890 1311">
     <span class='ocr_line' id='line_1_14' title="bbox 224 1231 1890 1311; baseline -0.001 -23"><span class='ocrx_word' id='word_1_88' title='bbox 224 1234 411 1289; x_wconf 77' lang='grc' dir='ltr'>αὖτῶν</span> <span class='ocrx_word' id='word_1_89' title='bbox 469 1236 872 1311; x_wconf 79' lang='grc' dir='ltr'>ἀντάλλαγμα;</span> <span class='ocrx_word' id='word_1_90' title='bbox 925 1244 1124 1293; x_wconf 70' lang='grc' dir='ltr'>’Ἄκουε</span> <span class='ocrx_word' id='word_1_91' title='bbox 1166 1241 1264 1292; x_wconf 84' lang='grc' dir='ltr'>τοῦ</span> <span class='ocrx_word' id='word_1_92' title='bbox 1319 1231 1484 1290; x_wconf 75' lang='grc' dir='ltr'>Δαϐὶδ</span> <span class='ocrx_word' id='word_1_93' title='bbox 1533 1236 1890 1310; x_wconf 74' lang='grc' dir='ltr'>ἀποροῦντος,</span> 
     </span>
    </p>
   </div>
   <div class='ocr_carea' id='block_1_15' title="bbox 223 1323 1894 1400">
    <p class='ocr_par' dir='ltr' id='par_1_15' title="bbox 223 1323 1894 1400">
     <span class='ocr_line' id='line_1_15' title="bbox 223 1323 1894 1400; baseline -0.001 -22"><span class='ocrx_word' id='word_1_94' title='bbox 223 1325 306 1378; x_wconf 74' lang='grc' dir='ltr'>καῖ</span> <span class='ocrx_word' id='word_1_95' title='bbox 363 1323 660 1400; x_wconf 72' lang='grc' dir='ltr'>λέγοντος·</span> <span class='ocrx_word' id='word_1_96' title='bbox 693 1327 751 1380; x_wconf 92' lang='grc' dir='ltr'>Τί</span> <span class='ocrx_word' id='word_1_97' title='bbox 796 1324 1164 1382; x_wconf 83' lang='grc' dir='ltr'>ἀνταποδώσω</span> <span class='ocrx_word' id='word_1_98' title='bbox 1221 1331 1302 1398; x_wconf 75' lang='grc' dir='ltr'>τῷ</span> <span class='ocrx_word' id='word_1_99' title='bbox 1345 1325 1524 1400; x_wconf 81' lang='grc' dir='ltr'>Κυρίῳ</span> <span class='ocrx_word' id='word_1_100' title='bbox 1574 1324 1697 1398; x_wconf 87' lang='grc' dir='ltr'>περί</span> <span class='ocrx_word' id='word_1_101' title='bbox 1755 1324 1894 1377; x_wconf 81' lang='grc' dir='ltr'>πάν-</span> 
     </span>
    </p>
   </div>
   <div class='ocr_carea' id='block_1_16' title="bbox 225 1411 1893 1489">
    <p class='ocr_par' dir='ltr' id='par_1_16' title="bbox 225 1411 1893 1489">
     <span class='ocr_line' id='line_1_16' title="bbox 225 1411 1893 1489; baseline -0.002 -21"><span class='ocrx_word' id='word_1_102' title='bbox 225 1435 331 1468; x_wconf 89' lang='grc' dir='ltr'>των</span> <span class='ocrx_word' id='word_1_103' title='bbox 373 1412 459 1468; x_wconf 79' lang='grc' dir='ltr'>ὧν</span> <span class='ocrx_word' id='word_1_104' title='bbox 512 1413 860 1471; x_wconf 71' lang='grc' dir='ltr'>ἆνταπᾶδωκὲ</span> <span class='ocrx_word' id='word_1_105' title='bbox 895 1437 1028 1489; x_wconf 87' lang='grc' dir='ltr'>μοι;</span> <span class='ocrx_word' id='word_1_106' title='bbox 1062 1416 1175 1474; x_wconf 78' lang='grc' dir='ltr'>Οὐκ</span> <span class='ocrx_word' id='word_1_107' title='bbox 1233 1414 1371 1470; x_wconf 69' lang='grc' dir='ltr'>ἔστιν</span> <span class='ocrx_word' id='word_1_108' title='bbox 1426 1413 1516 1469; x_wconf 73' lang='grc' dir='ltr'>οὖν</span> <span class='ocrx_word' id='word_1_109' title='bbox 1569 1411 1716 1488; x_wconf 77' lang='grc' dir='ltr'>δῶρα</span> <span class='ocrx_word' id='word_1_110' title='bbox 1765 1411 1893 1466; x_wconf 74' lang='grc' dir='ltr'>δοῦ-</span> 
     </span>
    </p>
   </div>
   <div class='ocr_carea' id='block_1_17' title="bbox 226 1503 1895 1579">
    <p class='ocr_par' dir='ltr' id='par_1_17' title="bbox 226 1503 1895 1579">
     <span class='ocr_line' id='line_1_17' title="bbox 226 1503 1895 1579; baseline -0.001 -24"><span class='ocrx_word' id='word_1_111' title='bbox 226 1524 309 1556; x_wconf 77' lang='grc' dir='ltr'>ναι</span> <span class='ocrx_word' id='word_1_112' title='bbox 361 1505 500 1579; x_wconf 77' lang='grc' dir='ltr'>περὶ</span> <span class='ocrx_word' id='word_1_113' title='bbox 550 1505 746 1559; x_wconf 72' lang='grc' dir='ltr'>τούτου</span> <span class='ocrx_word' id='word_1_114' title='bbox 781 1505 1001 1578; x_wconf 83' lang='grc' dir='ltr'>ἀντάξια</span> <span class='ocrx_word' id='word_1_115' title='bbox 1028 1512 1126 1575; x_wconf 82' lang='grc' dir='ltr'>τῆς</span> <span class='ocrx_word' id='word_1_116' title='bbox 1184 1505 1270 1560; x_wconf 75' lang='grc' dir='ltr'>ἀπ’</span> <span class='ocrx_word' id='word_1_117' title='bbox 1300 1505 1462 1559; x_wconf 76' lang='grc' dir='ltr'>αὐτοῦ</span> <span class='ocrx_word' id='word_1_118' title='bbox 1520 1503 1766 1578; x_wconf 81' lang='grc' dir='ltr'>χάριτος.</span> <span class='ocrx_word' id='word_1_119' title='bbox 1800 1503 1895 1554; x_wconf 81' lang='grc' dir='ltr'>Ἕν</span> 
     </span>
    </p>
   </div>
   <div class='ocr_carea' id='block_1_18' title="bbox 229 1587 1894 1670">
    <p class='ocr_par' dir='ltr' id='par_1_18' title="bbox 229 1587 1894 1670">
     <span class='ocr_line' id='line_1_18' title="bbox 229 1587 1894 1670; baseline 0.004 -25"><span class='ocrx_word' id='word_1_120' title='bbox 229 1589 419 1667; x_wconf 73' lang='grc' dir='ltr'>δῶρον</span> <span class='ocrx_word' id='word_1_121' title='bbox 455 1589 629 1663; x_wconf 67' lang='grc' dir='ltr'>ἄξιον,</span> <span class='ocrx_word' id='word_1_122' title='bbox 661 1595 696 1664; x_wconf 78' lang='grc' dir='ltr'><strong>ἡ</strong></span> <span class='ocrx_word' id='word_1_123' title='bbox 729 1593 946 1670; x_wconf 80' lang='grc' dir='ltr'>φυλακή</span> <span class='ocrx_word' id='word_1_124' title='bbox 977 1599 1072 1650; x_wconf 80' lang='grc' dir='ltr'>τοῦ</span> <span class='ocrx_word' id='word_1_125' title='bbox 1124 1592 1460 1670; x_wconf 74' lang='grc' dir='ltr'>δωρηθέντος</span> <span class='ocrx_word' id='word_1_126' title='bbox 1487 1595 1616 1664; x_wconf 85' lang='grc'>(96).</span> <span class='ocrx_word' id='word_1_127' title='bbox 1649 1593 1709 1648; x_wconf 90' lang='grc' dir='ltr'>Ὁ</span> <span class='ocrx_word' id='word_1_128' title='bbox 1767 1587 1894 1652; x_wconf 78' lang='grc' dir='ltr'>δούς</span> 
     </span>
    </p>
   </div>
   <div class='ocr_carea' id='block_1_19' title="bbox 230 1677 1892 1758">
    <p class='ocr_par' dir='ltr' id='par_1_19' title="bbox 230 1677 1892 1758">
     <span class='ocr_line' id='line_1_19' title="bbox 230 1677 1892 1758; baseline -0.001 -23"><span class='ocrx_word' id='word_1_129' title='bbox 230 1702 311 1735; x_wconf 86' lang='grc' dir='ltr'>σοι</span> <span class='ocrx_word' id='word_1_130' title='bbox 343 1682 452 1735; x_wconf 85' lang='grc' dir='ltr'>τὸν</span> <span class='ocrx_word' id='word_1_131' title='bbox 487 1682 762 1758; x_wconf 82' lang='grc' dir='ltr'>θησαυρὸν</span> <span class='ocrx_word' id='word_1_132' title='bbox 808 1684 940 1758; x_wconf 80' lang='grc' dir='ltr'>οὐχὶ</span> <span class='ocrx_word' id='word_1_133' title='bbox 990 1685 1157 1756; x_wconf 74' lang='grc' dir='ltr'>τιμὴν</span> <span class='ocrx_word' id='word_1_134' title='bbox 1213 1685 1432 1738; x_wconf 81' lang='grc' dir='ltr'>ἀπαιτιῖ</span> <span class='ocrx_word' id='word_1_135' title='bbox 1468 1686 1564 1737; x_wconf 72' lang='grc' dir='ltr'>τοῦ</span> <span class='ocrx_word' id='word_1_136' title='bbox 1621 1677 1892 1751; x_wconf 82' lang='grc' dir='ltr'>δοθέντος,</span> 
     </span>
    </p>
   </div>
   <div class='ocr_carea' id='block_1_20' title="bbox 227 1767 1322 1848">
    <p class='ocr_par' dir='ltr' id='par_1_20' title="bbox 227 1767 1322 1848">
     <span class='ocr_line' id='line_1_20' title="bbox 227 1767 1322 1848; baseline 0.005 -25"><span class='ocrx_word' id='word_1_137' title='bbox 227 1767 380 1824; x_wconf 72' lang='grc' dir='ltr'>ἀλλὰ</span> <span class='ocrx_word' id='word_1_138' title='bbox 418 1768 676 1848; x_wconf 68' lang='grc' dir='ltr'>φυλακὴν</span> <span class='ocrx_word' id='word_1_139' title='bbox 706 1771 852 1845; x_wconf 77' lang='grc' dir='ltr'>ἀξίαν</span> <span class='ocrx_word' id='word_1_140' title='bbox 883 1776 979 1827; x_wconf 76' lang='grc' dir='ltr'>τοῦ</span> <span class='ocrx_word' id='word_1_141' title='bbox 1009 1769 1322 1846; x_wconf 72' lang='grc' dir='ltr'>δεδομένου.</span> 
     </span>
    </p>
   </div>
   <div class='ocr_carea' id='block_1_21' title="bbox 296 2033 1889 2118">
    <p class='ocr_par' dir='ltr' id='par_1_21' title="bbox 296 2033 1889 2118">
     <span class='ocr_line' id='line_1_21' title="bbox 296 2033 1889 2118; baseline -0.004 -24"><span class='ocrx_word' id='word_1_142' title='bbox 296 2040 437 2097; x_wconf 69' lang='grc'>221.</span> <span class='ocrx_word' id='word_1_143' title='bbox 485 2038 592 2097; x_wconf 84' lang='grc' dir='ltr'>Καὶ</span> <span class='ocrx_word' id='word_1_144' title='bbox 649 2039 766 2110; x_wconf 71' lang='grc' dir='ltr'>ἥξει</span> <span class='ocrx_word' id='word_1_145' title='bbox 825 2039 901 2118; x_wconf 77' lang='grc' dir='ltr'>ἐφ’</span> <span class='ocrx_word' id='word_1_146' title='bbox 967 2042 1107 2113; x_wconf 75' lang='grc' dir='ltr'>ὑμᾶς</span> <span class='ocrx_word' id='word_1_147' title='bbox 1191 2039 1406 2115; x_wconf 82' lang='grc' dir='ltr'>σκληρὰ</span> <span class='ocrx_word' id='word_1_148' title='bbox 1461 2036 1648 2112; x_wconf 74' lang='grc' dir='ltr'>λιμός,</span> <span class='ocrx_word' id='word_1_149' title='bbox 1709 2033 1889 2112; x_wconf 75' lang='grc' dir='ltr'>φησί’</span> 
     </span>
    </p>
   </div>
   <div class='ocr_carea' id='block_1_22' title="bbox 232 2123 1894 2200">
    <p class='ocr_par' dir='ltr' id='par_1_22' title="bbox 232 2123 1894 2200">
     <span class='ocr_line' id='line_1_22' title="bbox 232 2123 1894 2200; baseline -0.002 -19"><span class='ocrx_word' id='word_1_150' title='bbox 232 2128 320 2181; x_wconf 74' lang='grc' dir='ltr'>καὶ</span> <span class='ocrx_word' id='word_1_151' title='bbox 393 2123 585 2199; x_wconf 84' lang='grc' dir='ltr'>ἔσται,</span> <span class='ocrx_word' id='word_1_152' title='bbox 637 2129 711 2191; x_wconf 85' lang='grc' dir='ltr'>ὡς</span> <span class='ocrx_word' id='word_1_153' title='bbox 799 2128 858 2184; x_wconf 75' lang='grc' dir='ltr'>ἂν</span> <span class='ocrx_word' id='word_1_154' title='bbox 946 2128 1231 2200; x_wconf 82' lang='grc' dir='ltr'>πεινάσητε</span> <span class='ocrx_word' id='word_1_155' title='bbox 1265 2171 1279 2198; x_wconf 89' lang='grc'>,</span> <span class='ocrx_word' id='word_1_156' title='bbox 1334 2129 1750 2199; x_wconf 77' lang='grc' dir='ltr'>λυπηθήσεσθε,</span> <span class='ocrx_word' id='word_1_157' title='bbox 1805 2123 1894 2178; x_wconf 83' lang='grc' dir='ltr'>καὶ</span> 
     </span>
    </p>
   </div>
   <div class='ocr_carea' id='block_1_23' title="bbox 233 2212 1898 2294">
    <p class='ocr_par' dir='ltr' id='par_1_23' title="bbox 233 2212 1898 2294">
     <span class='ocr_line' id='line_1_23' title="bbox 233 2212 1898 2294; baseline -0.001 -23"><span class='ocrx_word' id='word_1_158' title='bbox 233 2223 427 2280; x_wconf 80' lang='grc' dir='ltr'>κακῶς</span> <span class='ocrx_word' id='word_1_159' title='bbox 479 2217 652 2293; x_wconf 77' lang='grc' dir='ltr'>ἐρεῖτε</span> <span class='ocrx_word' id='word_1_160' title='bbox 704 2219 798 2273; x_wconf 87' lang='grc' dir='ltr'>τὸν</span> <span class='ocrx_word' id='word_1_161' title='bbox 854 2216 1094 2294; x_wconf 74' lang='grc' dir='ltr'>ἄρχοντα</span> <span class='ocrx_word' id='word_1_162' title='bbox 1145 2219 1234 2274; x_wconf 83' lang='grc' dir='ltr'>καὶ</span> <span class='ocrx_word' id='word_1_163' title='bbox 1291 2220 1358 2273; x_wconf 72' lang='grc' dir='ltr'>τὰ</span> <span class='ocrx_word' id='word_1_164' title='bbox 1397 2219 1618 2293; x_wconf 79' lang='grc' dir='ltr'>πάτρια.</span> <span class='ocrx_word' id='word_1_165' title='bbox 1650 2217 1712 2272; x_wconf 77' lang='grc'>⁸0</span> <span class='ocrx_word' id='word_1_166' title='bbox 1770 2212 1898 2268; x_wconf 86' lang='grc' dir='ltr'>πάν·</span> 
     </span>
    </p>
   </div>
   <div class='ocr_carea' id='block_1_24' title="bbox 234 2301 1898 2384">
    <p class='ocr_par' dir='ltr' id='par_1_24' title="bbox 234 2301 1898 2384">
     <span class='ocr_line' id='line_1_24' title="bbox 234 2301 1898 2384; baseline -0.003 -23"><span class='ocrx_word' id='word_1_167' title='bbox 234 2329 298 2361; x_wconf 87' lang='grc' dir='ltr'>τα</span> <span class='ocrx_word' id='word_1_168' title='bbox 329 2307 479 2380; x_wconf 75' lang='grc' dir='ltr'>πρὸς</span> <span class='ocrx_word' id='word_1_169' title='bbox 513 2306 783 2381; x_wconf 83' lang='grc' dir='ltr'>σωτηρίαν</span> <span class='ocrx_word' id='word_1_170' title='bbox 818 2307 1122 2382; x_wconf 81' lang='grc' dir='ltr'>οἰκονομῶν</span> <span class='ocrx_word' id='word_1_171' title='bbox 1152 2307 1346 2384; x_wconf 84' lang='grc' dir='ltr'>Κύριος</span> <span class='ocrx_word' id='word_1_172' title='bbox 1403 2307 1592 2382; x_wconf 83' lang='grc' dir='ltr'>ἐπάγει</span> <span class='ocrx_word' id='word_1_173' title='bbox 1629 2305 1763 2360; x_wconf 68' lang='grc' dir='ltr'>ποτε</span> <span class='ocrx_word' id='word_1_174' title='bbox 1808 2301 1898 2357; x_wconf 79' lang='grc' dir='ltr'>καὶ</span> 
     </span>
    </p>
   </div>
   <div class='ocr_carea' id='block_1_25' title="bbox 238 2391 1899 2473">
    <p class='ocr_par' dir='ltr' id='par_1_25' title="bbox 238 2391 1899 2473">
     <span class='ocr_line' id='line_1_25' title="bbox 238 2391 1899 2473; baseline -0.002 -22"><span class='ocrx_word' id='word_1_175' title='bbox 238 2394 422 2468; x_wconf 76' lang='grc' dir='ltr'>λιμὸν</span> <span class='ocrx_word' id='word_1_176' title='bbox 476 2395 568 2450; x_wconf 74' lang='grc' dir='ltr'>ἐπὶ</span> <span class='ocrx_word' id='word_1_177' title='bbox 620 2397 947 2471; x_wconf 72' lang='grc' dir='ltr'>συμφέροντι</span> <span class='ocrx_word' id='word_1_178' title='bbox 995 2402 1102 2452; x_wconf 80' lang='grc' dir='ltr'>τῶν</span> <span class='ocrx_word' id='word_1_179' title='bbox 1149 2394 1701 2473; x_wconf 75' lang='grc' dir='ltr'>παιδαγωγουμένων.</span> <span class='ocrx_word' id='word_1_180' title='bbox 1743 2391 1899 2450; x_wconf 83' lang='grc' dir='ltr'>Ἐκά-</span> 
     </span>
    </p>
   </div>
   <div class='ocr_carea' id='block_1_26' title="bbox 239 2483 1901 2563">
    <p class='ocr_par' dir='ltr' id='par_1_26' title="bbox 239 2483 1901 2563">
     <span class='ocr_line' id='line_1_26' title="bbox 239 2483 1901 2563; baseline -0.001 -25"><span class='ocrx_word' id='word_1_181' title='bbox 239 2506 397 2539; x_wconf 82' lang='grc' dir='ltr'>κωσα</span> <span class='ocrx_word' id='word_1_182' title='bbox 433 2486 539 2559; x_wconf 79' lang='grc' dir='ltr'>γάρ</span> <span class='ocrx_word' id='word_1_183' title='bbox 573 2506 648 2556; x_wconf 83' lang='grc' dir='ltr'>σι,</span> <span class='ocrx_word' id='word_1_184' title='bbox 683 2486 838 2563; x_wconf 76' lang='grc' dir='ltr'>φησὶ,</span> <span class='ocrx_word' id='word_1_185' title='bbox 862 2486 952 2540; x_wconf 86' lang='grc' dir='ltr'>καὶ</span> <span class='ocrx_word' id='word_1_186' title='bbox 981 2484 1424 2562; x_wconf 81' lang='grc' dir='ltr'>ἐλιμαγχόνησα,</span> <span class='ocrx_word' id='word_1_187' title='bbox 1452 2483 1544 2557; x_wconf 53' lang='grc' dir='ltr'>Ϊίνα</span> <span class='ocrx_word' id='word_1_188' title='bbox 1595 2485 1650 2539; x_wconf 73' lang='grc' dir='ltr'>εὗ</span> <span class='ocrx_word' id='word_1_189' title='bbox 1704 2505 1761 2538; x_wconf 73' lang='grc' dir='ltr'>σε</span> <span class='ocrx_word' id='word_1_190' title='bbox 1791 2484 1901 2555; x_wconf 80' lang='grc'>(97)</span> 
     </span>
    </p>
   </div>
   <div class='ocr_carea' id='block_1_27' title="bbox 241 2571 1901 2651">
    <p class='ocr_par' dir='ltr' id='par_1_27' title="bbox 241 2571 1901 2651">
     <span class='ocr_line' id='line_1_27' title="bbox 241 2571 1901 2651; baseline -0.001 -25"><span class='ocrx_word' id='word_1_191' title='bbox 241 2575 496 2643; x_wconf 80' lang='grc' dir='ltr'>ποιήσω.</span> <span class='ocrx_word' id='word_1_192' title='bbox 534 2571 788 2649; x_wconf 80' lang='grc' dir='ltr'>Σκληρὰν</span> <span class='ocrx_word' id='word_1_193' title='bbox 818 2575 999 2630; x_wconf 80' lang='grc' dir='ltr'>τοίνυν</span> <span class='ocrx_word' id='word_1_194' title='bbox 1033 2574 1199 2648; x_wconf 85' lang='grc' dir='ltr'>λιμὸν</span> <span class='ocrx_word' id='word_1_195' title='bbox 1227 2574 1376 2651; x_wconf 83' lang='grc' dir='ltr'>λὲγει</span> <span class='ocrx_word' id='word_1_196' title='bbox 1405 2576 1504 2644; x_wconf 74' lang='grc' dir='ltr'>τὴν</span> <span class='ocrx_word' id='word_1_197' title='bbox 1539 2573 1901 2648; x_wconf 79' lang='grc' dir='ltr'>ἀπαραμύθη-</span> 
     </span>
    </p>
   </div>
   <div class='ocr_carea' id='block_1_28' title="bbox 241 2661 1904 2740">
    <p class='ocr_par' dir='ltr' id='par_1_28' title="bbox 241 2661 1904 2740">
     <span class='ocr_line' id='line_1_28' title="bbox 241 2661 1904 2740; baseline -0.001 -25"><span class='ocrx_word' id='word_1_198' title='bbox 241 2683 358 2730; x_wconf 84' lang='grc' dir='ltr'>τον,</span> <span class='ocrx_word' id='word_1_199' title='bbox 379 2664 486 2731; x_wconf 80' lang='grc' dir='ltr'>τήν</span> <span class='ocrx_word' id='word_1_200' title='bbox 520 2662 873 2730; x_wconf 81' lang='grc' dir='ltr'>ἆνεπινόητον</span> <span class='ocrx_word' id='word_1_201' title='bbox 907 2664 1175 2738; x_wconf 76' lang='grc' dir='ltr'>(98).Εἶσὶ</span> <span class='ocrx_word' id='word_1_202' title='bbox 1204 2668 1302 2739; x_wconf 81' lang='grc' dir='ltr'>γὰρ</span> <span class='ocrx_word' id='word_1_203' title='bbox 1337 2663 1517 2738; x_wconf 85' lang='grc' dir='ltr'>λιμῶν</span> <span class='ocrx_word' id='word_1_204' title='bbox 1552 2661 1904 2740; x_wconf 72' lang='grc' dir='ltr'>διαφοραί.Αἱ</span> 
     </span>
    </p>
   </div>
   <div class='ocr_carea' id='block_1_29' title="bbox 248 2747 1905 2828">
    <p class='ocr_par' dir='ltr' id='par_1_29' title="bbox 248 2747 1905 2828">
     <span class='ocr_line' id='line_1_29' title="bbox 248 2747 1905 2828; baseline -0.001 -24"><span class='ocrx_word' id='word_1_205' title='bbox 248 2751 342 2823; x_wconf 65' lang='grc' dir='ltr'>μέν</span> <span class='ocrx_word' id='word_1_206' title='bbox 380 2751 490 2806; x_wconf 75' lang='grc' dir='ltr'>εἶσι</span> <span class='ocrx_word' id='word_1_207' title='bbox 523 2751 668 2818; x_wconf 34' lang='grc' dir='ltr'>,κατᾶ</span> <span class='ocrx_word' id='word_1_208' title='bbox 706 2750 977 2826; x_wconf 77' lang='grc' dir='ltr'>ἐπίλειψιν</span> <span class='ocrx_word' id='word_1_209' title='bbox 1007 2753 1156 2808; x_wconf 83' lang='grc' dir='ltr'>σίτου</span> <span class='ocrx_word' id='word_1_210' title='bbox 1201 2753 1363 2825; x_wconf 88' lang='grc' dir='ltr'>μόνον</span> <span class='ocrx_word' id='word_1_211' title='bbox 1409 2753 1712 2828; x_wconf 77' lang='grc' dir='ltr'>γινόμεναι·</span> <span class='ocrx_word' id='word_1_212' title='bbox 1744 2751 1797 2804; x_wconf 74' lang='grc' dir='ltr'>αἱ</span> <span class='ocrx_word' id='word_1_213' title='bbox 1847 2747 1905 2804; x_wconf 61' lang='grc' dir='ltr'>δὲ</span> 
     </span>
    </p>
   </div>
   <div class='ocr_carea' id='block_1_30' title="bbox 242 2837 1905 2919">
    <p class='ocr_par' dir='ltr' id='par_1_30' title="bbox 242 2837 1905 2919">
     <span class='ocr_line' id='line_1_30' title="bbox 242 2837 1905 2919; baseline 0 -25"><span class='ocrx_word' id='word_1_214' title='bbox 242 2841 328 2895; x_wconf 81' lang='grc' dir='ltr'>καὶ</span> <span class='ocrx_word' id='word_1_215' title='bbox 365 2841 512 2895; x_wconf 75' lang='grc' dir='ltr'>κατὰ</span> <span class='ocrx_word' id='word_1_216' title='bbox 544 2841 642 2910; x_wconf 74' lang='grc' dir='ltr'>τὴν</span> <span class='ocrx_word' id='word_1_217' title='bbox 669 2846 777 2896; x_wconf 78' lang='grc' dir='ltr'>τῶν</span> <span class='ocrx_word' id='word_1_218' title='bbox 812 2840 1020 2898; x_wconf 79' lang='grc' dir='ltr'>λοιπῶν</span> <span class='ocrx_word' id='word_1_219' title='bbox 1053 2843 1280 2919; x_wconf 76' lang='grc' dir='ltr'>ἀπορίαν</span> <span class='ocrx_word' id='word_1_220' title='bbox 1307 2848 1414 2898; x_wconf 80' lang='grc' dir='ltr'>τῶν</span> <span class='ocrx_word' id='word_1_221' title='bbox 1442 2841 1708 2905; x_wconf 69' lang='grc' dir='ltr'>ἔσθίεσθαι</span> <span class='ocrx_word' id='word_1_222' title='bbox 1741 2837 1905 2894; x_wconf 82' lang='grc' dir='ltr'>δυνα-</span> 
     </span>
    </p>
   </div>
   <div class='ocr_carea' id='block_1_31' title="bbox 245 2928 1904 3008">
    <p class='ocr_par' dir='ltr' id='par_1_31' title="bbox 245 2928 1904 3008">
     <span class='ocr_line' id='line_1_31' title="bbox 245 2928 1904 3008; baseline 0.001 -26"><span class='ocrx_word' id='word_1_223' title='bbox 245 2931 447 3001; x_wconf 67' lang='grc' dir='ltr'>μένων.</span> <span class='ocrx_word' id='word_1_224' title='bbox 479 2929 630 3001; x_wconf 68' lang='grc' dir='ltr'>Αὕτη</span> <span class='ocrx_word' id='word_1_225' title='bbox 664 2931 769 3005; x_wconf 84' lang='grc' dir='ltr'>γάρ</span> <span class='ocrx_word' id='word_1_226' title='bbox 812 2934 922 3004; x_wconf 89' lang='grc'>(99)</span> <span class='ocrx_word' id='word_1_227' title='bbox 954 2931 1093 2986; x_wconf 82' lang='grc' dir='ltr'>ἐστιν</span> <span class='ocrx_word' id='word_1_228' title='bbox 1127 2935 1162 3002; x_wconf 82' lang='grc' dir='ltr'><strong>ἡ</strong></span> <span class='ocrx_word' id='word_1_229' title='bbox 1215 2929 1429 3008; x_wconf 77' lang='grc' dir='ltr'>σκληρά</span> <span class='ocrx_word' id='word_1_230' title='bbox 1471 2930 1655 3004; x_wconf 87' lang='grc' dir='ltr'>λιμὸς,</span> <span class='ocrx_word' id='word_1_231' title='bbox 1699 2932 1759 3000; x_wconf 81' lang='grc' dir='ltr'>ἣν</span> <span class='ocrx_word' id='word_1_232' title='bbox 1807 2928 1904 2984; x_wconf 78' lang='grc' dir='ltr'>ἱπ-</span> 
     </span>
    </p>
   </div>
   <div class='ocr_carea' id='block_1_32' title="bbox 245 3017 1901 3096">
    <p class='ocr_par' dir='ltr' id='par_1_32' title="bbox 245 3017 1901 3096">
     <span class='ocr_line' id='line_1_32' title="bbox 245 3017 1901 3096; baseline 0 -24"><span class='ocrx_word' id='word_1_233' title='bbox 245 3020 396 3093; x_wconf 80' lang='grc' dir='ltr'>άγιιν</span> <span class='ocrx_word' id='word_1_234' title='bbox 434 3020 463 3072; x_wconf 87' lang='grc' dir='ltr'>ὁ</span> <span class='ocrx_word' id='word_1_235' title='bbox 497 3018 663 3094; x_wconf 81' lang='grc' dir='ltr'>λόγος</span> <span class='ocrx_word' id='word_1_236' title='bbox 696 3019 1110 3096; x_wconf 69' lang='grc' dir='ltr'>ἐπαγγέλλεται,</span> <span class='ocrx_word' id='word_1_237' title='bbox 1143 3022 1280 3077; x_wconf 81' lang='grc' dir='ltr'>ὥστε</span> <span class='ocrx_word' id='word_1_238' title='bbox 1315 3020 1403 3076; x_wconf 78' lang='grc' dir='ltr'>διὰ</span> <span class='ocrx_word' id='word_1_239' title='bbox 1439 3029 1539 3090; x_wconf 79' lang='grc' dir='ltr'>τῆς</span> <span class='ocrx_word' id='word_1_240' title='bbox 1570 3017 1774 3081; x_wconf 71' lang='grc' dir='ltr'>ὶνόείας</span> <span class='ocrx_word' id='word_1_241' title='bbox 1805 3017 1901 3073; x_wconf 83' lang='grc' dir='ltr'>λύ-</span> 
     </span>
    </p>
   </div>
   <div class='ocr_carea' id='block_1_33' title="bbox 240 3107 1902 3185">
    <p class='ocr_par' dir='ltr' id='par_1_33' title="bbox 240 3107 1902 3185">
     <span class='ocr_line' id='line_1_33' title="bbox 240 3107 1902 3185; baseline 0 -23"><span class='ocrx_word' id='word_1_242' title='bbox 240 3129 348 3179; x_wconf 81' lang='grc' dir='ltr'>πην</span> <span class='ocrx_word' id='word_1_243' title='bbox 437 3107 781 3181; x_wconf 79' lang='grc' dir='ltr'>ἐμποιῆσαι,</span> <span class='ocrx_word' id='word_1_244' title='bbox 850 3111 1120 3185; x_wconf 79' lang='grc' dir='ltr'>σωτηρίαν</span> <span class='ocrx_word' id='word_1_245' title='bbox 1195 3109 1608 3184; x_wconf 73' lang='grc' dir='ltr'>ἀμεταμέλητον</span> <span class='ocrx_word' id='word_1_246' title='bbox 1685 3107 1902 3183; x_wconf 79' lang='grc' dir='ltr'>ἐνεργά-</span> 
     </span>
    </p>
   </div>
   <div class='ocr_carea' id='block_1_34' title="bbox 248 3169 1974 3270">
    <p class='ocr_par' dir='ltr' id='par_1_34' title="bbox 248 3169 1974 3270">
     <span class='ocr_line' id='line_1_34' title="bbox 248 3169 1974 3270; baseline 0.001 -20"><span class='ocrx_word' id='word_1_247' title='bbox 248 3169 831 3270; x_wconf 40' lang='grc' dir='ltr'>σσίσθαιιδυναμένην.</span> <span class='ocrx_word' id='word_1_248' title='bbox 880 3169 1041 3256; x_wconf 62' lang='grc' dir='ltr'>’Ὀταν</span> <span class='ocrx_word' id='word_1_249' title='bbox 1098 3197 1155 3253; x_wconf 66' lang='grc' dir='ltr'>δὲ</span> <span class='ocrx_word' id='word_1_250' title='bbox 1214 3169 1511 3269; x_wconf 38' lang='grc' dir='ltr'>λυπηδῶσιυ</span> <span class='ocrx_word' id='word_1_251' title='bbox 1555 3197 1692 3253; x_wconf 82' lang='grc' dir='ltr'>κατὰ</span> <span class='ocrx_word' id='word_1_252' title='bbox 1748 3169 1900 3268; x_wconf 63' lang='grc' dir='ltr'>έεθν,</span> <span class='ocrx_word' id='word_1_253' title='bbox 1932 3169 1974 3236; x_wconf 80' lang='lat' dir='ltr'>C</span> 
     </span>
    </p>
   </div>
   <div class='ocr_carea' id='block_1_35' title="bbox 241 3286 1903 3363">
    <p class='ocr_par' dir='ltr' id='par_1_35' title="bbox 241 3286 1903 3363">
     <span class='ocr_line' id='line_1_35' title="bbox 241 3286 1903 3363; baseline 0 -23"><span class='ocrx_word' id='word_1_254' title='bbox 241 3286 363 3341; x_wconf 81' lang='grc' dir='ltr'>τότε</span> <span class='ocrx_word' id='word_1_255' title='bbox 428 3290 614 3348; x_wconf 80' lang='grc' dir='ltr'>κακῶς</span> <span class='ocrx_word' id='word_1_256' title='bbox 669 3286 851 3360; x_wconf 74' lang='grc' dir='ltr'>ἐροῦσι</span> <span class='ocrx_word' id='word_1_257' title='bbox 899 3288 991 3342; x_wconf 89' lang='grc' dir='ltr'>τὸν</span> <span class='ocrx_word' id='word_1_258' title='bbox 1052 3289 1293 3363; x_wconf 85' lang='grc' dir='ltr'>ἄρχοντα</span> <span class='ocrx_word' id='word_1_259' title='bbox 1345 3287 1432 3342; x_wconf 84' lang='grc' dir='ltr'>καὶ</span> <span class='ocrx_word' id='word_1_260' title='bbox 1472 3287 1538 3342; x_wconf 80' lang='grc' dir='ltr'>τὰ</span> <span class='ocrx_word' id='word_1_261' title='bbox 1564 3289 1784 3362; x_wconf 79' lang='grc' dir='ltr'>πάτρια.</span> <span class='ocrx_word' id='word_1_262' title='bbox 1815 3286 1903 3348; x_wconf 88' lang='grc' dir='ltr'>Τίς</span> 
     </span>
    </p>
   </div>
   <div class='ocr_carea' id='block_1_36' title="bbox 243 3373 1904 3451">
    <p class='ocr_par' dir='ltr' id='par_1_36' title="bbox 243 3373 1904 3451">
     <span class='ocr_line' id='line_1_36' title="bbox 243 3373 1904 3451; baseline 0.001 -22"><span class='ocrx_word' id='word_1_263' title='bbox 243 3373 385 3429; x_wconf 69' lang='grc' dir='ltr'>ὶστιν</span> <span class='ocrx_word' id='word_1_264' title='bbox 423 3377 453 3429; x_wconf 88' lang='grc' dir='ltr'>ὁ</span> <span class='ocrx_word' id='word_1_265' title='bbox 488 3376 700 3450; x_wconf 72' lang='grc' dir='ltr'>ἄρχων,</span> <span class='ocrx_word' id='word_1_266' title='bbox 733 3375 762 3429; x_wconf 83' lang='grc' dir='ltr'><strong>ὁ</strong></span> <span class='ocrx_word' id='word_1_267' title='bbox 791 3375 936 3451; x_wconf 76' lang='grc' dir='ltr'>παρὰ</span> <span class='ocrx_word' id='word_1_268' title='bbox 964 3381 1070 3431; x_wconf 81' lang='grc' dir='ltr'>τῖον</span> <span class='ocrx_word' id='word_1_269' title='bbox 1111 3375 1298 3439; x_wconf 82' lang='grc' dir='ltr'>καλῶς</span> <span class='ocrx_word' id='word_1_270' title='bbox 1337 3375 1692 3449; x_wconf 70' lang='grc' dir='ltr'>λυπουμένων</span> <span class='ocrx_word' id='word_1_271' title='bbox 1739 3397 1904 3446; x_wconf 85' lang='grc' dir='ltr'>κακη-</span> 
     </span>
    </p>
   </div>
   <div class='ocr_carea' id='block_1_37' title="bbox 238 3462 1900 3542">
    <p class='ocr_par' dir='ltr' id='par_1_37' title="bbox 238 3462 1900 3542">
     <span class='ocr_line' id='line_1_37' title="bbox 238 3462 1900 3542; baseline 0.001 -24"><span class='ocrx_word' id='word_1_272' title='bbox 238 3463 586 3540; x_wconf 78' lang='grc' dir='ltr'>γορούμενος</span> <span class='ocrx_word' id='word_1_273' title='bbox 610 3482 624 3532; x_wconf 88' lang='grc'>;</span> <span class='ocrx_word' id='word_1_274' title='bbox 655 3466 724 3518; x_wconf 86' lang='grc' dir='ltr'><strong><em>Ἥ</em></strong></span> <span class='ocrx_word' id='word_1_275' title='bbox 753 3462 1011 3535; x_wconf 79' lang='grc' dir='ltr'>δηλονότι</span> <span class='ocrx_word' id='word_1_276' title='bbox 1045 3466 1073 3520; x_wconf 83' lang='grc' dir='ltr'>ὁ</span> <span class='ocrx_word' id='word_1_277' title='bbox 1104 3463 1289 3542; x_wconf 73' lang='grc' dir='ltr'>ἅρχων</span> <span class='ocrx_word' id='word_1_278' title='bbox 1319 3464 1415 3521; x_wconf 80' lang='grc' dir='ltr'>τοῦ</span> <span class='ocrx_word' id='word_1_279' title='bbox 1444 3467 1655 3540; x_wconf 85' lang='grc' dir='ltr'>κόσμου</span> <span class='ocrx_word' id='word_1_280' title='bbox 1684 3464 1900 3536; x_wconf 78' lang='grc' dir='ltr'>τούτου,</span> 
     </span>
    </p>
   </div>
   <div class='ocr_carea' id='block_1_38' title="bbox 240 3551 1900 3629">
    <p class='ocr_par' dir='ltr' id='par_1_38' title="bbox 240 3551 1900 3629">
     <span class='ocr_line' id='line_1_38' title="bbox 240 3551 1900 3629; baseline 0 -22"><span class='ocrx_word' id='word_1_281' title='bbox 240 3553 298 3607; x_wconf 82' lang='grc' dir='ltr'>’ὸν</span> <span class='ocrx_word' id='word_1_282' title='bbox 361 3556 553 3614; x_wconf 73' lang='grc' dir='ltr'>κακῶς</span> <span class='ocrx_word' id='word_1_283' title='bbox 611 3551 827 3628; x_wconf 68' lang='grc' dir='ltr'>ἐροῦσιν</span> <span class='ocrx_word' id='word_1_284' title='bbox 888 3552 948 3608; x_wconf 80' lang='grc' dir='ltr'>ἐκ</span> <span class='ocrx_word' id='word_1_285' title='bbox 1007 3558 1082 3627; x_wconf 87' lang='grc'><strong>(1)</strong></span> <span class='ocrx_word' id='word_1_286' title='bbox 1132 3556 1438 3629; x_wconf 74' lang='grc' dir='ltr'>μετανοίας,</span> <span class='ocrx_word' id='word_1_287' title='bbox 1471 3556 1594 3610; x_wconf 78' lang='grc' dir='ltr'>ὅταν</span> <span class='ocrx_word' id='word_1_288' title='bbox 1647 3555 1720 3615; x_wconf 84' lang='grc' dir='ltr'>εἷς</span> <span class='ocrx_word' id='word_1_289' title='bbox 1779 3575 1900 3608; x_wconf 90' lang='grc' dir='ltr'>συν-</span> 
     </span>
    </p>
   </div>
   <div class='ocr_carea' id='block_1_39' title="bbox 243 3639 1900 3719">
    <p class='ocr_par' dir='ltr' id='par_1_39' title="bbox 243 3639 1900 3719">
     <span class='ocr_line' id='line_1_39' title="bbox 243 3639 1900 3719; baseline 0.001 -23"><span class='ocrx_word' id='word_1_290' title='bbox 243 3641 497 3709; x_wconf 76' lang='grc' dir='ltr'>αίσθησιν</span> <span class='ocrx_word' id='word_1_291' title='bbox 558 3648 658 3711; x_wconf 81' lang='grc' dir='ltr'>τῆς</span> <span class='ocrx_word' id='word_1_292' title='bbox 709 3643 802 3696; x_wconf 70' lang='grc' dir='ltr'>ἀπ’</span> <span class='ocrx_word' id='word_1_293' title='bbox 858 3641 1022 3698; x_wconf 72' lang='grc' dir='ltr'>αὐτοί)⁹</span> <span class='ocrx_word' id='word_1_294' title='bbox 1083 3639 1295 3719; x_wconf 76' lang='grc' dir='ltr'>βλάϐης</span> <span class='ocrx_word' id='word_1_295' title='bbox 1364 3643 1586 3708; x_wconf 75' lang='grc' dir='ltr'>ἔλθωσι.</span> <span class='ocrx_word' id='word_1_296' title='bbox 1648 3647 1900 3717; x_wconf 86' lang='grc' dir='ltr'>Κακηγο-</span> 
     </span>
    </p>
   </div>
   <div class='ocr_carea' id='block_1_40' title="bbox 245 3728 1903 3807">
    <p class='ocr_par' dir='ltr' id='par_1_40' title="bbox 245 3728 1903 3807">
     <span class='ocr_line' id='line_1_40' title="bbox 245 3728 1903 3807; baseline 0.001 -22"><span class='ocrx_word' id='word_1_297' title='bbox 245 3736 404 3805; x_wconf 78' lang='grc' dir='ltr'>ροῦσι</span> <span class='ocrx_word' id='word_1_298' title='bbox 439 3728 498 3785; x_wconf 69' lang='grc' dir='ltr'>’δὲ</span> <span class='ocrx_word' id='word_1_299' title='bbox 528 3731 619 3785; x_wconf 79' lang='grc' dir='ltr'>καὶ</span> <span class='ocrx_word' id='word_1_300' title='bbox 649 3732 718 3787; x_wconf 79' lang='grc' dir='ltr'>τὰ</span> <span class='ocrx_word' id='word_1_301' title='bbox 747 3732 968 3805; x_wconf 84' lang='grc' dir='ltr'>πάτρια.</span> <span class='ocrx_word' id='word_1_302' title='bbox 1005 3733 1208 3807; x_wconf 85' lang='grc' dir='ltr'>ΙΙάτρια</span> <span class='ocrx_word' id='word_1_303' title='bbox 1257 3730 1315 3788; x_wconf 70' lang='grc' dir='ltr'>δὲ</span> <span class='ocrx_word' id='word_1_304' title='bbox 1359 3737 1464 3788; x_wconf 81' lang='grc' dir='ltr'>τῶν</span> <span class='ocrx_word' id='word_1_305' title='bbox 1516 3731 1568 3787; x_wconf 84' lang='grc' dir='ltr'>ἐν</span> <span class='ocrx_word' id='word_1_306' title='bbox 1615 3732 1903 3807; x_wconf 82' lang='grc' dir='ltr'>ἁμαρτίαις</span> 
     </span>
    </p>
   </div>
   <div class='ocr_carea' id='block_1_41' title="bbox 249 3819 1900 3898">
    <p class='ocr_par' dir='ltr' id='par_1_41' title="bbox 249 3819 1900 3898">
     <span class='ocr_line' id='line_1_41' title="bbox 249 3819 1900 3898; baseline 0 -25"><span class='ocrx_word' id='word_1_307' title='bbox 249 3822 469 3888; x_wconf 73' lang='grc' dir='ltr'>ζώντων</span> <span class='ocrx_word' id='word_1_308' title='bbox 531 3821 586 3874; x_wconf 72' lang='grc' dir='ltr'>αἱ</span> <span class='ocrx_word' id='word_1_309' title='bbox 642 3825 739 3875; x_wconf 77' lang='grc' dir='ltr'>τοῦ</span> <span class='ocrx_word' id='word_1_310' title='bbox 802 3820 922 3897; x_wconf 85' lang='grc' dir='ltr'>βίου</span> <span class='ocrx_word' id='word_1_311' title='bbox 972 3827 1357 3898; x_wconf 77' lang='grc' dir='ltr'>πραγματεῖαι,</span> <span class='ocrx_word' id='word_1_312' title='bbox 1391 3824 1478 3884; x_wconf 80' lang='grc' dir='ltr'>αῖς</span> <span class='ocrx_word' id='word_1_313' title='bbox 1519 3823 1570 3876; x_wconf 77' lang='grc' dir='ltr'>οἱ</span> <span class='ocrx_word' id='word_1_314' title='bbox 1619 3819 1900 3898; x_wconf 71' lang='grc' dir='ltr'>φιλόδοξοι</span> 
     </span>
    </p>
   </div>
   <div class='ocr_carea' id='block_1_42' title="bbox 244 3908 1902 3986">
    <p class='ocr_par' dir='ltr' id='par_1_42' title="bbox 244 3908 1902 3986">
     <span class='ocr_line' id='line_1_42' title="bbox 244 3908 1902 3986; baseline 0.001 -24"><span class='ocrx_word' id='word_1_315' title='bbox 244 3910 444 3973; x_wconf 70' lang='grc' dir='ltr'>πάντες</span> <span class='ocrx_word' id='word_1_316' title='bbox 492 3908 882 3982; x_wconf 71' lang='grc' dir='ltr'>ἰμπλὲκονται.</span> <span class='ocrx_word' id='word_1_317' title='bbox 935 3911 1145 3986; x_wconf 81' lang='grc' dir='ltr'>Πάτριά</span> <span class='ocrx_word' id='word_1_318' title='bbox 1193 3909 1302 3965; x_wconf 78' lang='grc' dir='ltr'>ἐστι</span> <span class='ocrx_word' id='word_1_319' title='bbox 1345 3914 1424 3982; x_wconf 81' lang='grc' dir='ltr'>τῷ</span> <span class='ocrx_word' id='word_1_320' title='bbox 1469 3909 1784 3984; x_wconf 82' lang='grc' dir='ltr'>ἀμαρτωλῷ</span> <span class='ocrx_word' id='word_1_321' title='bbox 1835 3910 1902 3964; x_wconf 76' lang='grc' dir='ltr'>τὰ</span> 
     </span>
    </p>
   </div>
   <div class='ocr_carea' id='block_1_43' title="bbox 244 3993 1900 4075">
    <p class='ocr_par' dir='ltr' id='par_1_43' title="bbox 244 3993 1900 4075">
     <span class='ocr_line' id='line_1_43' title="bbox 244 3993 1900 4075; baseline 0.001 -24"><span class='ocrx_word' id='word_1_322' title='bbox 244 3993 371 4072; x_wconf 77' lang='grc' dir='ltr'>ἔργα</span> <span class='ocrx_word' id='word_1_323' title='bbox 421 4004 525 4068; x_wconf 77' lang='grc' dir='ltr'>τῆς</span> <span class='ocrx_word' id='word_1_324' title='bbox 576 3999 795 4074; x_wconf 86' lang='grc' dir='ltr'>σαρκὸς,</span> <span class='ocrx_word' id='word_1_325' title='bbox 843 3998 1085 4075; x_wconf 82' lang='grc' dir='ltr'>μοιχεία,</span> <span class='ocrx_word' id='word_1_326' title='bbox 1119 3999 1361 4073; x_wconf 86' lang='grc' dir='ltr'>πορνεία,</span> <span class='ocrx_word' id='word_1_327' title='bbox 1396 3997 1708 4072; x_wconf 82' lang='grc' dir='ltr'>ἀκαθαρσίᾳ,</span> <span class='ocrx_word' id='word_1_328' title='bbox 1737 3996 1900 4053; x_wconf 76' lang='grc' dir='ltr'>ἀσελ-</span> 
     </span>
    </p>
   </div>
   <div class='ocr_carea' id='block_1_44' title="bbox 249 4084 1902 4162">
    <p class='ocr_par' dir='ltr' id='par_1_44' title="bbox 249 4084 1902 4162">
     <span class='ocr_line' id='line_1_44' title="bbox 249 4084 1902 4162; baseline 0.001 -23"><span class='ocrx_word' id='word_1_329' title='bbox 249 4107 392 4160; x_wconf 85' lang='grc' dir='ltr'>γεια,</span> <span class='ocrx_word' id='word_1_330' title='bbox 449 4084 899 4162; x_wconf 74' lang='grc' dir='ltr'>εἷδωλολατρεία,</span> <span class='ocrx_word' id='word_1_331' title='bbox 944 4087 1136 4157; x_wconf 79' lang='grc' dir='ltr'>πάθος,</span> <span class='ocrx_word' id='word_1_332' title='bbox 1179 4088 1442 4161; x_wconf 81' lang='grc' dir='ltr'>ἐπιθυμία</span> <span class='ocrx_word' id='word_1_333' title='bbox 1492 4089 1652 4158; x_wconf 73' lang='grc' dir='ltr'>κακή.</span> <span class='ocrx_word' id='word_1_334' title='bbox 1699 4085 1902 4159; x_wconf 79' lang='grc' dir='ltr'>Πάτριά</span> 
     </span>
    </p>
   </div>
   <div class='ocr_carea' id='block_1_45' title="bbox 250 4171 1895 4252">
    <p class='ocr_par' dir='ltr' id='par_1_45' title="bbox 250 4171 1895 4252">
     <span class='ocr_line' id='line_1_45' title="bbox 250 4171 1895 4252; baseline 0.001 -24"><span class='ocrx_word' id='word_1_335' title='bbox 250 4173 361 4231; x_wconf 64' lang='grc' dir='ltr'>ἔστι</span> <span class='ocrx_word' id='word_1_336' title='bbox 397 4171 564 4236; x_wconf 83' lang='grc' dir='ltr'>δόλος</span> <span class='ocrx_word' id='word_1_337' title='bbox 590 4175 680 4229; x_wconf 79' lang='grc' dir='ltr'>καὶ</span> <span class='ocrx_word' id='word_1_338' title='bbox 711 4174 928 4249; x_wconf 77' lang='grc' dir='ltr'>ψεῦδος,</span> <span class='ocrx_word' id='word_1_339' title='bbox 957 4172 1246 4231; x_wconf 72' lang='grc' dir='ltr'>ἐπιϐουλαὶ</span> <span class='ocrx_word' id='word_1_340' title='bbox 1278 4176 1366 4231; x_wconf 87' lang='grc' dir='ltr'>καὶ</span> <span class='ocrx_word' id='word_1_341' title='bbox 1417 4173 1776 4252; x_wconf 72' lang='grc' dir='ltr'>ῥᾳδιουργίαι,</span> <span class='ocrx_word' id='word_1_342' title='bbox 1805 4177 1895 4229; x_wconf 83' lang='grc' dir='ltr'>καὶ</span> 
     </span>
    </p>
   </div>
   <div class='ocr_carea' id='block_1_46' title="bbox 253 4263 1900 4339">
    <p class='ocr_par' dir='ltr' id='par_1_46' title="bbox 253 4263 1900 4339">
     <span class='ocr_line' id='line_1_46' title="bbox 253 4263 1900 4339; baseline 0.001 -22"><span class='ocrx_word' id='word_1_343' title='bbox 253 4263 590 4338; x_wconf 75' lang='grc' dir='ltr'>ὑποκρίσεις.</span> <span class='ocrx_word' id='word_1_344' title='bbox 624 4266 681 4318; x_wconf 74' lang='grc'>’0</span> <span class='ocrx_word' id='word_1_345' title='bbox 709 4263 888 4320; x_wconf 87' lang='grc' dir='ltr'>τοίνυν</span> <span class='ocrx_word' id='word_1_346' title='bbox 946 4265 1248 4339; x_wconf 74' lang='grc' dir='ltr'>ἀνανήψας,</span> <span class='ocrx_word' id='word_1_347' title='bbox 1281 4268 1395 4320; x_wconf 80' lang='grc' dir='ltr'>οἷον</span> <span class='ocrx_word' id='word_1_348' title='bbox 1445 4263 1550 4319; x_wconf 87' lang='grc' dir='ltr'>ἀπό</span> <span class='ocrx_word' id='word_1_349' title='bbox 1595 4285 1742 4326; x_wconf 88' lang='grc' dir='ltr'>τινος</span> <span class='ocrx_word' id='word_1_350' title='bbox 1802 4265 1900 4337; x_wconf 79' lang='grc' dir='ltr'>μὲ-</span> 
     </span>
    </p>
   </div>
   <div class='ocr_carea' id='block_1_47' title="bbox 250 4351 1902 4430">
    <p class='ocr_par' dir='ltr' id='par_1_47' title="bbox 250 4351 1902 4430">
     <span class='ocr_line' id='line_1_47' title="bbox 250 4351 1902 4430; baseline 0.002 -25"><span class='ocrx_word' id='word_1_351' title='bbox 250 4353 369 4422; x_wconf 84' lang='grc' dir='ltr'>θης,</span> <span class='ocrx_word' id='word_1_352' title='bbox 413 4357 524 4407; x_wconf 71' lang='grc' dir='ltr'>τῶν</span> <span class='ocrx_word' id='word_1_353' title='bbox 577 4357 675 4408; x_wconf 79' lang='grc' dir='ltr'>τοῦ</span> <span class='ocrx_word' id='word_1_354' title='bbox 726 4353 938 4427; x_wconf 62' lang='grc' dir='ltr'>κόσμου</span> <span class='ocrx_word' id='word_1_355' title='bbox 991 4354 1352 4430; x_wconf 75' lang='grc' dir='ltr'>πραγμάτων,</span> <span class='ocrx_word' id='word_1_356' title='bbox 1411 4358 1591 4418; x_wconf 84' lang='grc' dir='ltr'>κακῶς</span> <span class='ocrx_word' id='word_1_357' title='bbox 1640 4353 1734 4427; x_wconf 72' lang='grc' dir='ltr'>μὲν</span> <span class='ocrx_word' id='word_1_358' title='bbox 1791 4351 1902 4426; x_wconf 67' lang='grc' dir='ltr'>ἐρεῖ</span> 
     </span>
    </p>
   </div>
   <div class='ocr_carea' id='block_1_48' title="bbox 249 4439 1898 4520">
    <p class='ocr_par' dir='ltr' id='par_1_48' title="bbox 249 4439 1898 4520">
     <span class='ocr_line' id='line_1_48' title="bbox 249 4439 1898 4520; baseline 0.002 -26"><span class='ocrx_word' id='word_1_359' title='bbox 249 4440 340 4494; x_wconf 83' lang='grc' dir='ltr'>τὸν</span> <span class='ocrx_word' id='word_1_360' title='bbox 370 4439 616 4517; x_wconf 74' lang='grc' dir='ltr'>ἄρχοντα</span> <span class='ocrx_word' id='word_1_361' title='bbox 648 4441 813 4497; x_wconf 73' lang='grc' dir='ltr'>αὐτοῦ</span> <span class='ocrx_word' id='word_1_362' title='bbox 839 4445 939 4518; x_wconf 87' lang='grc'>(2),</span> <span class='ocrx_word' id='word_1_363' title='bbox 977 4444 1068 4499; x_wconf 85' lang='grc' dir='ltr'>τὸν</span> <span class='ocrx_word' id='word_1_364' title='bbox 1099 4443 1547 4520; x_wconf 82' lang='grc' dir='ltr'>καθηγησάμενον</span> <span class='ocrx_word' id='word_1_365' title='bbox 1587 4441 1732 4515; x_wconf 79' lang='grc' dir='ltr'>αὖτῷ</span> <span class='ocrx_word' id='word_1_366' title='bbox 1763 4443 1898 4518; x_wconf 87' lang='grc' dir='ltr'>πρὸς</span> 
     </span>
    </p>
   </div>
   <div class='ocr_carea' id='block_1_49' title="bbox 2003 514 3647 590">
    <p class='ocr_par' dir='ltr' id='par_1_49' title="bbox 2003 514 3647 590">
     <span class='ocr_line' id='line_1_49' title="bbox 2003 514 3647 590; baseline 0.004 -19"><span class='ocrx_word' id='word_1_367' title='bbox 2003 514 2158 582; x_wconf 91' lang='lat' dir='ltr'>licet,</span> <span class='ocrx_word' id='word_1_368' title='bbox 2195 516 2309 572; x_wconf 94' lang='lat' dir='ltr'>tale</span> <span class='ocrx_word' id='word_1_369' title='bbox 2349 535 2464 572; x_wconf 89' lang='lat' dir='ltr'>non</span> <span class='ocrx_word' id='word_1_370' title='bbox 2497 525 2607 589; x_wconf 89' lang='lat' dir='ltr'>est,</span> <span class='ocrx_word' id='word_1_371' title='bbox 2645 523 2708 572; x_wconf 92' lang='lat' dir='ltr'>ut</span> <span class='ocrx_word' id='word_1_372' title='bbox 2745 535 2991 573; x_wconf 91' lang='lat' dir='ltr'>munera</span> <span class='ocrx_word' id='word_1_373' title='bbox 3022 519 3235 574; x_wconf 84' lang='lat' dir='ltr'>dentur</span> <span class='ocrx_word' id='word_1_374' title='bbox 3253 537 3354 590; x_wconf 88' lang='lat' dir='ltr'>pro</span> <span class='ocrx_word' id='word_1_375' title='bbox 3385 537 3470 576; x_wconf 93' lang='lat' dir='ltr'>eo.</span> <span class='ocrx_word' id='word_1_376' title='bbox 3501 522 3647 578; x_wconf 88' lang='lat' dir='ltr'>Nam</span> 
     </span>
    </p>
   </div>
   <div class='ocr_carea' id='block_1_50' title="bbox 2005 605 3649 682">
    <p class='ocr_par' dir='ltr' id='par_1_50' title="bbox 2005 605 3649 682">
     <span class='ocr_line' id='line_1_50' title="bbox 2005 605 3649 682; baseline 0.004 -23"><span class='ocrx_word' id='word_1_377' title='bbox 2005 605 2106 677; x_wconf 86' lang='lat' dir='ltr'>qui</span> <span class='ocrx_word' id='word_1_378' title='bbox 2146 606 2247 662; x_wconf 91' lang='lat' dir='ltr'>Dei</span> <span class='ocrx_word' id='word_1_379' title='bbox 2292 608 2540 680; x_wconf 88' lang='lat' dir='ltr'>gratiam</span> <span class='ocrx_word' id='word_1_380' title='bbox 2591 608 2824 676; x_wconf 87' lang='lat' dir='ltr'>vendat,</span> <span class='ocrx_word' id='word_1_381' title='bbox 2855 624 3027 663; x_wconf 92' lang='lat' dir='ltr'>nemo</span> <span class='ocrx_word' id='word_1_382' title='bbox 3071 614 3179 666; x_wconf 89' lang='lat' dir='ltr'>est.</span> <span class='ocrx_word' id='word_1_383' title='bbox 3215 608 3389 664; x_wconf 87' lang='lat' dir='ltr'>Gratis</span> <span class='ocrx_word' id='word_1_384' title='bbox 3435 613 3649 682; x_wconf 87' lang='lat' dir='ltr'>accepi-</span> 
     </span>
    </p>
   </div>
   <div class='ocr_carea' id='block_1_51' title="bbox 2002 695 3650 768">
    <p class='ocr_par' dir='ltr' id='par_1_51' title="bbox 2002 695 3650 768">
     <span class='ocr_line' id='line_1_51' title="bbox 2002 695 3650 768; baseline 0.003 -19"><span class='ocrx_word' id='word_1_385' title='bbox 2002 695 2120 762; x_wconf 81' lang='lat' dir='ltr'>stis,</span> <span class='ocrx_word' id='word_1_386' title='bbox 2171 695 2388 766; x_wconf 77' lang='lat' dir='ltr'>inquit,</span> <span class='ocrx_word' id='word_1_387' title='bbox 2435 699 2609 766; x_wconf 84' lang='lat' dir='ltr'>gratis</span> <span class='ocrx_word' id='word_1_388' title='bbox 2636 695 2758 751; x_wconf 85' lang='lat' dir='ltr'>date</span> <span class='ocrx_word' id='word_1_389' title='bbox 2785 697 2846 752; x_wconf 74' lang='lat'>9°.</span> <span class='ocrx_word' id='word_1_390' title='bbox 2879 695 3057 752; x_wconf 91' lang='lat' dir='ltr'>Vides</span> <span class='ocrx_word' id='word_1_391' title='bbox 3105 699 3396 768; x_wconf 89' lang='lat' dir='ltr'>quomodo</span> <span class='ocrx_word' id='word_1_392' title='bbox 3445 697 3650 754; x_wconf 77' lang='lat' dir='ltr'>Petrus</span> 
     </span>
    </p>
   </div>
   <div class='ocr_carea' id='block_1_52' title="bbox 2003 784 3648 858">
    <p class='ocr_par' dir='ltr' id='par_1_52' title="bbox 2003 784 3648 858">
     <span class='ocr_line' id='line_1_52' title="bbox 2003 784 3648 858; baseline 0.004 -21"><span class='ocrx_word' id='word_1_393' title='bbox 2003 785 2223 838; x_wconf 85' lang='lat' dir='ltr'>Simoni</span> <span class='ocrx_word' id='word_1_394' title='bbox 2256 802 2358 856; x_wconf 88' lang='lat' dir='ltr'>pro</span> <span class='ocrx_word' id='word_1_395' title='bbox 2390 786 2780 854; x_wconf 87' lang='lat' dir='ltr'>comparando</span> <span class='ocrx_word' id='word_1_396' title='bbox 2833 784 3087 857; x_wconf 81' lang='lat' dir='ltr'>Spiritus</span> <span class='ocrx_word' id='word_1_397' title='bbox 3127 787 3311 841; x_wconf 88' lang='lat' dir='ltr'>sancti</span> <span class='ocrx_word' id='word_1_398' title='bbox 3343 787 3495 843; x_wconf 90' lang='lat' dir='ltr'>dono</span> <span class='ocrx_word' id='word_1_399' title='bbox 3549 803 3648 858; x_wconf 90' lang='lat' dir='ltr'>pe-</span> 
     </span>
    </p>
   </div>
   <div class='ocr_carea' id='block_1_53' title="bbox 2004 874 3645 944">
    <p class='ocr_par' dir='ltr' id='par_1_53' title="bbox 2004 874 3645 944">
     <span class='ocr_line' id='line_1_53' title="bbox 2004 874 3645 944; baseline 0.003 -18"><span class='ocrx_word' id='word_1_400' title='bbox 2004 874 2238 929; x_wconf 89' lang='lat' dir='ltr'>cuniam</span> <span class='ocrx_word' id='word_1_401' title='bbox 2271 875 2536 930; x_wconf 80' lang='lat' dir='ltr'>offerenti</span> <span class='ocrx_word' id='word_1_402' title='bbox 2579 875 3020 930; x_wconf 87' lang='lat' dir='ltr'>succensuerit?</span> <span class='ocrx_word' id='word_1_403' title='bbox 3048 876 3292 931; x_wconf 78' lang='lat' dir='ltr'>Pecunia</span> <span class='ocrx_word' id='word_1_404' title='bbox 3339 877 3496 931; x_wconf 89' lang='lat' dir='ltr'>enim</span> <span class='ocrx_word' id='word_1_405' title='bbox 3530 881 3645 944; x_wconf 79' lang='lat' dir='ltr'>tua,</span> 
     </span>
    </p>
   </div>
   <div class='ocr_carea' id='block_1_54' title="bbox 2004 962 3649 1036">
    <p class='ocr_par' dir='ltr' id='par_1_54' title="bbox 2004 962 3649 1036">
     <span class='ocr_line' id='line_1_54' title="bbox 2004 962 3649 1036; baseline 0.003 -21"><span class='ocrx_word' id='word_1_406' title='bbox 2004 962 2216 1032; x_wconf 78' lang='lat' dir='ltr'>inquit,</span> <span class='ocrx_word' id='word_1_407' title='bbox 2249 967 2424 1018; x_wconf 82' lang='lat' dir='ltr'>tecum</span> <span class='ocrx_word' id='word_1_408' title='bbox 2455 964 2524 1019; x_wconf 82' lang='lat' dir='ltr'>sit</span> <span class='ocrx_word' id='word_1_409' title='bbox 2553 966 2609 1018; x_wconf 88' lang='lat' dir='ltr'>in</span> <span class='ocrx_word' id='word_1_410' title='bbox 2654 965 3040 1035; x_wconf 77' lang='lat' dir='ltr'>perditionem,</span> <span class='ocrx_word' id='word_1_411' title='bbox 3072 967 3336 1036; x_wconf 84' lang='lat' dir='ltr'>quoniam</span> <span class='ocrx_word' id='word_1_412' title='bbox 3363 965 3649 1020; x_wconf 65' lang='lat' dir='ltr'>existima-</span> 
     </span>
    </p>
   </div>
   <div class='ocr_carea' id='block_1_55' title="bbox 2003 1054 3649 1126">
    <p class='ocr_par' dir='ltr' id='par_1_55' title="bbox 2003 1054 3649 1126">
     <span class='ocr_line' id='line_1_55' title="bbox 2003 1054 3649 1126; baseline 0.002 -21"><span class='ocrx_word' id='word_1_413' title='bbox 2003 1054 2076 1106; x_wconf 97' lang='lat' dir='ltr'>sti</span> <span class='ocrx_word' id='word_1_414' title='bbox 2103 1054 2306 1107; x_wconf 85' lang='lat' dir='ltr'>donum</span> <span class='ocrx_word' id='word_1_415' title='bbox 2352 1055 2452 1109; x_wconf 87' lang='lat' dir='ltr'>Dei</span> <span class='ocrx_word' id='word_1_416' title='bbox 2498 1055 2749 1124; x_wconf 77' lang='lat' dir='ltr'>pecuniis</span> <span class='ocrx_word' id='word_1_417' title='bbox 2783 1054 3065 1124; x_wconf 70' lang='lat' dir='ltr'>parari“.</span> <span class='ocrx_word' id='word_1_418' title='bbox 3098 1054 3301 1126; x_wconf 87' lang='lat' dir='ltr'>Itaque</span> <span class='ocrx_word' id='word_1_419' title='bbox 3349 1054 3649 1126; x_wconf 84' lang='lat' dir='ltr'>Evangelii</span> 
     </span>
    </p>
   </div>
   <div class='ocr_carea' id='block_1_56' title="bbox 2004 1142 3644 1214">
    <p class='ocr_par' dir='ltr' id='par_1_56' title="bbox 2004 1142 3644 1214">
     <span class='ocr_line' id='line_1_56' title="bbox 2004 1142 3644 1214; baseline 0.003 -20"><span class='ocrx_word' id='word_1_420' title='bbox 2004 1157 2196 1196; x_wconf 89' lang='lat' dir='ltr'>sermo</span> <span class='ocrx_word' id='word_1_421' title='bbox 2230 1159 2340 1197; x_wconf 89' lang='lat' dir='ltr'>non</span> <span class='ocrx_word' id='word_1_422' title='bbox 2374 1147 2461 1198; x_wconf 88' lang='lat' dir='ltr'>est</span> <span class='ocrx_word' id='word_1_423' title='bbox 2505 1142 2658 1198; x_wconf 85' lang='lat' dir='ltr'>sicut</span> <span class='ocrx_word' id='word_1_424' title='bbox 2707 1143 2880 1198; x_wconf 89' lang='lat' dir='ltr'>verba</span> <span class='ocrx_word' id='word_1_425' title='bbox 2910 1161 2943 1198; x_wconf 93' lang='lat' dir='ltr'>a</span> <span class='ocrx_word' id='word_1_426' title='bbox 2975 1143 3361 1214; x_wconf 87' lang='lat' dir='ltr'>ventriloquis</span> <span class='ocrx_word' id='word_1_427' title='bbox 3391 1145 3644 1199; x_wconf 86' lang='lat' dir='ltr'>vendita.</span> 
     </span>
    </p>
   </div>
   <div class='ocr_carea' id='block_1_57' title="bbox 2004 1232 3645 1304">
    <p class='ocr_par' dir='ltr' id='par_1_57' title="bbox 2004 1232 3645 1304">
     <span class='ocr_line' id='line_1_57' title="bbox 2004 1232 3645 1304; baseline 0.002 -20"><span class='ocrx_word' id='word_1_428' title='bbox 2004 1232 2186 1295; x_wconf 90' lang='lat' dir='ltr'>Quam</span> <span class='ocrx_word' id='word_1_429' title='bbox 2221 1232 2376 1285; x_wconf 91' lang='lat' dir='ltr'>enim</span> <span class='ocrx_word' id='word_1_430' title='bbox 2408 1232 2594 1303; x_wconf 85' lang='lat' dir='ltr'>possit</span> <span class='ocrx_word' id='word_1_431' title='bbox 2618 1233 2749 1303; x_wconf 89' lang='lat' dir='ltr'>quis</span> <span class='ocrx_word' id='word_1_432' title='bbox 2771 1233 3086 1304; x_wconf 86' lang='lat' dir='ltr'>rependere</span> <span class='ocrx_word' id='word_1_433' title='bbox 3113 1233 3645 1288; x_wconf 86' lang='lat' dir='ltr'>remunerationem</span> 
     </span>
    </p>
   </div>
   <div class='ocr_carea' id='block_1_58' title="bbox 2004 1319 3646 1392">
    <p class='ocr_par' dir='ltr' id='par_1_58' title="bbox 2004 1319 3646 1392">
     <span class='ocr_line' id='line_1_58' title="bbox 2004 1319 3646 1392; baseline 0 -18"><span class='ocrx_word' id='word_1_434' title='bbox 2004 1319 2302 1391; x_wconf 84' lang='lat' dir='ltr'>Evangelii</span> <span class='ocrx_word' id='word_1_435' title='bbox 2362 1321 2548 1376; x_wconf 89' lang='lat' dir='ltr'>verbis</span> <span class='ocrx_word' id='word_1_436' title='bbox 2604 1323 2883 1392; x_wconf 82' lang='lat' dir='ltr'>dignam?</span> <span class='ocrx_word' id='word_1_437' title='bbox 2941 1321 3208 1376; x_wconf 83' lang='lat' dir='ltr'>Davidem</span> <span class='ocrx_word' id='word_1_438' title='bbox 3268 1322 3401 1377; x_wconf 89' lang='lat' dir='ltr'>audi</span> <span class='ocrx_word' id='word_1_439' title='bbox 3463 1321 3646 1376; x_wconf 89' lang='lat' dir='ltr'>animi</span> 
     </span>
    </p>
   </div>
   <div class='ocr_carea' id='block_1_59' title="bbox 2003 1409 3647 1487">
    <p class='ocr_par' dir='ltr' id='par_1_59' title="bbox 2003 1409 3647 1487">
     <span class='ocr_line' id='line_1_59' title="bbox 2003 1409 3647 1487; baseline 0.001 -23"><span class='ocrx_word' id='word_1_440' title='bbox 2003 1410 2374 1480; x_wconf 88' lang='lat' dir='ltr'>pendentem,</span> <span class='ocrx_word' id='word_1_441' title='bbox 2406 1427 2472 1465; x_wconf 89' lang='lat' dir='ltr'>ac</span> <span class='ocrx_word' id='word_1_442' title='bbox 2502 1409 2791 1465; x_wconf 89' lang='lat' dir='ltr'>dicentem</span> <span class='ocrx_word' id='word_1_443' title='bbox 2828 1427 2840 1466; x_wconf 90' lang='lat'><strong>:</strong></span> <span class='ocrx_word' id='word_1_444' title='bbox 2875 1411 3024 1482; x_wconf 81' lang='lat' dir='ltr'>Quid</span> <span class='ocrx_word' id='word_1_445' title='bbox 3071 1412 3372 1487; x_wconf 75' lang='lat' dir='ltr'>retribuam</span> <span class='ocrx_word' id='word_1_446' title='bbox 3423 1410 3647 1466; x_wconf 84' lang='lat' dir='ltr'>Domino</span> 
     </span>
    </p>
   </div>
   <div class='ocr_carea' id='block_1_60' title="bbox 2001 1498 3649 1570">
    <p class='ocr_par' dir='ltr' id='par_1_60' title="bbox 2001 1498 3649 1570">
     <span class='ocr_line' id='line_1_60' title="bbox 2001 1498 3649 1570; baseline 0.001 -18"><span class='ocrx_word' id='word_1_447' title='bbox 2001 1514 2100 1569; x_wconf 83' lang='lat' dir='ltr'>pro</span> <span class='ocrx_word' id='word_1_448' title='bbox 2157 1499 2413 1554; x_wconf 84' lang='lat' dir='ltr'>omnibus</span> <span class='ocrx_word' id='word_1_449' title='bbox 2468 1515 2586 1570; x_wconf 73' lang='lat' dir='ltr'>qua:</span> <span class='ocrx_word' id='word_1_450' title='bbox 2638 1499 2897 1555; x_wconf 74' lang='lat' dir='ltr'>retribuit</span> <span class='ocrx_word' id='word_1_451' title='bbox 2957 1499 3132 1554; x_wconf 76' lang='lat' dir='ltr'>mihi?</span> <span class='ocrx_word' id='word_1_452' title='bbox 3171 1500 3291 1554; x_wconf 85' lang='lat' dir='ltr'>Non</span> <span class='ocrx_word' id='word_1_453' title='bbox 3332 1502 3413 1555; x_wconf 86' lang='lat' dir='ltr'>est</span> <span class='ocrx_word' id='word_1_454' title='bbox 3467 1498 3649 1570; x_wconf 83' lang='lat' dir='ltr'>igitur</span> 
     </span>
    </p>
   </div>
   <div class='ocr_carea' id='block_1_61' title="bbox 2003 1587 3649 1659">
    <p class='ocr_par' dir='ltr' id='par_1_61' title="bbox 2003 1587 3649 1659">
     <span class='ocr_line' id='line_1_61' title="bbox 2003 1587 3649 1659; baseline 0.001 -19"><span class='ocrx_word' id='word_1_455' title='bbox 2003 1603 2240 1642; x_wconf 85' lang='lat' dir='ltr'>munera</span> <span class='ocrx_word' id='word_1_456' title='bbox 2279 1589 2416 1643; x_wconf 84' lang='lat' dir='ltr'>dare</span> <span class='ocrx_word' id='word_1_457' title='bbox 2451 1587 2520 1644; x_wconf 84' lang='lat' dir='ltr'>de</span> <span class='ocrx_word' id='word_1_458' title='bbox 2569 1604 2650 1653; x_wconf 85' lang='lat' dir='ltr'>eo,</span> <span class='ocrx_word' id='word_1_459' title='bbox 2683 1604 2810 1659; x_wconf 69' lang='lat' dir='ltr'>quae</span> <span class='ocrx_word' id='word_1_460' title='bbox 2860 1588 2990 1657; x_wconf 87' lang='lat' dir='ltr'>ejus</span> <span class='ocrx_word' id='word_1_461' title='bbox 3033 1589 3184 1642; x_wconf 90' lang='lat' dir='ltr'>dono</span> <span class='ocrx_word' id='word_1_462' title='bbox 3234 1589 3458 1658; x_wconf 88' lang='lat' dir='ltr'>possint</span> <span class='ocrx_word' id='word_1_463' title='bbox 3507 1604 3649 1642; x_wconf 89' lang='lat' dir='ltr'>con-</span> 
     </span>
    </p>
   </div>
   <div class='ocr_carea' id='block_1_62' title="bbox 2005 1675 3652 1747">
    <p class='ocr_par' dir='ltr' id='par_1_62' title="bbox 2005 1675 3652 1747">
     <span class='ocr_line' id='line_1_62' title="bbox 2005 1675 3652 1747; baseline 0.001 -18"><span class='ocrx_word' id='word_1_464' title='bbox 2005 1675 2161 1730; x_wconf 91' lang='lat' dir='ltr'>ferri.</span> <span class='ocrx_word' id='word_1_465' title='bbox 2196 1675 2385 1731; x_wconf 92' lang='lat' dir='ltr'>Unum</span> <span class='ocrx_word' id='word_1_466' title='bbox 2427 1693 2646 1732; x_wconf 89' lang='lat' dir='ltr'>munus</span> <span class='ocrx_word' id='word_1_467' title='bbox 2677 1677 2921 1747; x_wconf 87' lang='lat' dir='ltr'>dignum</span> <span class='ocrx_word' id='word_1_468' title='bbox 2971 1677 3168 1745; x_wconf 90' lang='lat' dir='ltr'>fuerit,</span> <span class='ocrx_word' id='word_1_469' title='bbox 3198 1676 3246 1732; x_wconf 88' lang='lat' dir='ltr'>si</span> <span class='ocrx_word' id='word_1_470' title='bbox 3276 1676 3334 1732; x_wconf 90' lang='lat' dir='ltr'>id</span> <span class='ocrx_word' id='word_1_471' title='bbox 3367 1677 3522 1747; x_wconf 91' lang='lat' dir='ltr'>quod</span> <span class='ocrx_word' id='word_1_472' title='bbox 3553 1677 3652 1731; x_wconf 89' lang='lat' dir='ltr'>dat</span> 
     </span>
    </p>
   </div>
   <div class='ocr_carea' id='block_1_63' title="bbox 1922 1763 3649 1866">
    <p class='ocr_par' dir='ltr' id='par_1_63' title="bbox 1922 1763 3649 1866">
     <span class='ocr_line' id='line_1_63' title="bbox 1922 1763 3649 1866; baseline 0.001 -48"><span class='ocrx_word' id='word_1_473' title='bbox 1922 1801 1971 1866; x_wconf 78' lang='grc' dir='ltr'><strong>Β</strong></span> <span class='ocrx_word' id='word_1_474' title='bbox 2005 1764 2392 1820; x_wconf 87' lang='lat' dir='ltr'>custodiatur.</span> <span class='ocrx_word' id='word_1_475' title='bbox 2426 1765 2534 1829; x_wconf 90' lang='lat' dir='ltr'>Qui</span> <span class='ocrx_word' id='word_1_476' title='bbox 2583 1765 2687 1821; x_wconf 89' lang='lat' dir='ltr'>tibi</span> <span class='ocrx_word' id='word_1_477' title='bbox 2737 1765 2892 1820; x_wconf 90' lang='lat' dir='ltr'>hunc</span> <span class='ocrx_word' id='word_1_478' title='bbox 2941 1766 3288 1821; x_wconf 87' lang='lat' dir='ltr'>thesaurum</span> <span class='ocrx_word' id='word_1_479' title='bbox 3336 1763 3649 1833; x_wconf 89' lang='lat' dir='ltr'>concessit,</span> 
     </span>
    </p>
   </div>
   <div class='ocr_carea' id='block_1_64' title="bbox 2002 1853 3653 1927">
    <p class='ocr_par' dir='ltr' id='par_1_64' title="bbox 2002 1853 3653 1927">
     <span class='ocr_line' id='line_1_64' title="bbox 2002 1853 3653 1927; baseline 0.002 -21"><span class='ocrx_word' id='word_1_480' title='bbox 2002 1853 2122 1907; x_wconf 89' lang='lat' dir='ltr'>dati</span> <span class='ocrx_word' id='word_1_481' title='bbox 2154 1853 2407 1925; x_wconf 87' lang='lat' dir='ltr'>pretium</span> <span class='ocrx_word' id='word_1_482' title='bbox 2447 1854 2604 1911; x_wconf 88' lang='lat' dir='ltr'>haud</span> <span class='ocrx_word' id='word_1_483' title='bbox 2652 1855 2847 1927; x_wconf 82' lang='lat' dir='ltr'>exigit,</span> <span class='ocrx_word' id='word_1_484' title='bbox 2880 1857 2983 1911; x_wconf 91' lang='lat' dir='ltr'>sed</span> <span class='ocrx_word' id='word_1_485' title='bbox 3032 1854 3358 1912; x_wconf 88' lang='lat' dir='ltr'>custodiam</span> <span class='ocrx_word' id='word_1_486' title='bbox 3407 1870 3469 1909; x_wconf 89' lang='lat' dir='ltr'>re</span> <span class='ocrx_word' id='word_1_487' title='bbox 3515 1853 3653 1910; x_wconf 85' lang='lat' dir='ltr'>data</span> 
     </span>
    </p>
   </div>
   <div class='ocr_carea' id='block_1_65' title="bbox 2003 1941 2268 2014">
    <p class='ocr_par' dir='ltr' id='par_1_65' title="bbox 2003 1941 2268 2014">
     <span class='ocr_line' id='line_1_65' title="bbox 2003 1941 2268 2014; baseline 0.008 -18"><span class='ocrx_word' id='word_1_488' title='bbox 2003 1941 2268 2014; x_wconf 88' lang='lat' dir='ltr'>dignam.</span> 
     </span>
    </p>
   </div>
   <div class='ocr_carea' id='block_1_66' title="bbox 2073 2033 3660 2106">
    <p class='ocr_par' dir='ltr' id='par_1_66' title="bbox 2073 2033 3660 2106">
     <span class='ocr_line' id='line_1_66' title="bbox 2073 2033 3660 2106; baseline 0.001 -21"><span class='ocrx_word' id='word_1_489' title='bbox 2073 2033 2198 2087; x_wconf 87' lang='grc'><strong>221.</strong></span> <span class='ocrx_word' id='word_1_490' title='bbox 2232 2033 2297 2087; x_wconf 83' lang='lat' dir='ltr'>Et</span> <span class='ocrx_word' id='word_1_491' title='bbox 2343 2034 2544 2104; x_wconf 80' lang='lat' dir='ltr'>veniet,</span> <span class='ocrx_word' id='word_1_492' title='bbox 2593 2034 2808 2105; x_wconf 88' lang='lat' dir='ltr'>inquit,</span> <span class='ocrx_word' id='word_1_493' title='bbox 2841 2049 3006 2106; x_wconf 82' lang='lat' dir='ltr'>super</span> <span class='ocrx_word' id='word_1_494' title='bbox 3049 2049 3142 2090; x_wconf 83' lang='lat' dir='ltr'>vos</span> <span class='ocrx_word' id='word_1_495' title='bbox 3189 2033 3312 2088; x_wconf 88' lang='lat' dir='ltr'>dira</span> <span class='ocrx_word' id='word_1_496' title='bbox 3359 2033 3660 2106; x_wconf 82' lang='lat' dir='ltr'>fames;et</span> 
     </span>
    </p>
   </div>
   <div class='ocr_carea' id='block_1_67' title="bbox 2005 2121 3656 2194">
    <p class='ocr_par' dir='ltr' id='par_1_67' title="bbox 2005 2121 3656 2194">
     <span class='ocr_line' id='line_1_67' title="bbox 2005 2121 3656 2194; baseline -0.002 -16"><span class='ocrx_word' id='word_1_497' title='bbox 2005 2123 2130 2193; x_wconf 80' lang='lat' dir='ltr'>erit,</span> <span class='ocrx_word' id='word_1_498' title='bbox 2182 2131 2243 2178; x_wconf 84' lang='lat' dir='ltr'>ut</span> <span class='ocrx_word' id='word_1_499' title='bbox 2284 2123 2616 2189; x_wconf 72' lang='lat' dir='ltr'>esurientis,</span> <span class='ocrx_word' id='word_1_500' title='bbox 2669 2124 3164 2194; x_wconf 78' lang='lat' dir='ltr'>contristabimini,</span> <span class='ocrx_word' id='word_1_501' title='bbox 3213 2131 3262 2178; x_wconf 86' lang='lat' dir='ltr'>et</span> <span class='ocrx_word' id='word_1_502' title='bbox 3308 2121 3656 2177; x_wconf 83' lang='lat' dir='ltr'>maledicetis</span> 
     </span>
    </p>
   </div>
   <div class='ocr_carea' id='block_1_68' title="bbox 2002 2212 3656 2287">
    <p class='ocr_par' dir='ltr' id='par_1_68' title="bbox 2002 2212 3656 2287">
     <span class='ocr_line' id='line_1_68' title="bbox 2002 2212 3656 2287; baseline -0.002 -17"><span class='ocrx_word' id='word_1_503' title='bbox 2002 2215 2254 2286; x_wconf 79' lang='lat' dir='ltr'>principi</span> <span class='ocrx_word' id='word_1_504' title='bbox 2281 2219 2332 2270; x_wconf 84' lang='lat' dir='ltr'>et</span> <span class='ocrx_word' id='word_1_505' title='bbox 2375 2216 2584 2287; x_wconf 85' lang='lat' dir='ltr'>patriis</span> <span class='ocrx_word' id='word_1_506' title='bbox 2629 2215 2858 2286; x_wconf 75' lang='lat' dir='ltr'>legibus.</span> <span class='ocrx_word' id='word_1_507' title='bbox 2893 2215 3001 2280; x_wconf 89' lang='lat' dir='ltr'>Qui</span> <span class='ocrx_word' id='word_1_508' title='bbox 3030 2215 3231 2270; x_wconf 87' lang='lat' dir='ltr'>omnia</span> <span class='ocrx_word' id='word_1_509' title='bbox 3280 2214 3352 2269; x_wconf 91' lang='lat' dir='ltr'>ad</span> <span class='ocrx_word' id='word_1_510' title='bbox 3402 2212 3656 2268; x_wconf 86' lang='lat' dir='ltr'>salutem</span> 
     </span>
    </p>
   </div>
   <div class='ocr_carea' id='block_1_69' title="bbox 2009 2302 3655 2376">
    <p class='ocr_par' dir='ltr' id='par_1_69' title="bbox 2009 2302 3655 2376">
     <span class='ocr_line' id='line_1_69' title="bbox 2009 2302 3655 2376; baseline -0.001 -18"><span class='ocrx_word' id='word_1_511' title='bbox 2009 2303 2241 2359; x_wconf 85' lang='lat' dir='ltr'>ordinat</span> <span class='ocrx_word' id='word_1_512' title='bbox 2287 2305 2593 2370; x_wconf 89' lang='lat' dir='ltr'>Dominus,</span> <span class='ocrx_word' id='word_1_513' title='bbox 2625 2321 3049 2376; x_wconf 81' lang='lat' dir='ltr'>nonnunquam</span> <span class='ocrx_word' id='word_1_514' title='bbox 3092 2305 3308 2359; x_wconf 87' lang='lat' dir='ltr'>famem</span> <span class='ocrx_word' id='word_1_515' title='bbox 3357 2302 3534 2358; x_wconf 86' lang='lat' dir='ltr'>etiam</span> <span class='ocrx_word' id='word_1_516' title='bbox 3583 2302 3655 2356; x_wconf 89' lang='lat' dir='ltr'>ad</span> 
     </span>
    </p>
   </div>
   <div class='ocr_carea' id='block_1_70' title="bbox 2011 2390 3657 2466">
    <p class='ocr_par' dir='ltr' id='par_1_70' title="bbox 2011 2390 3657 2466">
     <span class='ocr_line' id='line_1_70' title="bbox 2011 2390 3657 2466; baseline -0.001 -20"><span class='ocrx_word' id='word_1_517' title='bbox 2011 2391 2325 2449; x_wconf 87' lang='lat' dir='ltr'>utilitatem</span> <span class='ocrx_word' id='word_1_518' title='bbox 2378 2410 2580 2450; x_wconf 87' lang='lat' dir='ltr'>eorum</span> <span class='ocrx_word' id='word_1_519' title='bbox 2629 2394 2727 2465; x_wconf 91' lang='lat' dir='ltr'>qui</span> <span class='ocrx_word' id='word_1_520' title='bbox 2761 2394 3124 2466; x_wconf 86' lang='lat' dir='ltr'>castigantur</span> <span class='ocrx_word' id='word_1_521' title='bbox 3180 2392 3427 2447; x_wconf 89' lang='lat' dir='ltr'>inducit.</span> <span class='ocrx_word' id='word_1_522' title='bbox 3460 2390 3657 2446; x_wconf 82' lang='lat' dir='ltr'>Afﬂixi</span> 
     </span>
    </p>
   </div>
   <div class='ocr_carea' id='block_1_71' title="bbox 2011 2480 3660 2554">
    <p class='ocr_par' dir='ltr' id='par_1_71' title="bbox 2011 2480 3660 2554">
     <span class='ocr_line' id='line_1_71' title="bbox 2011 2480 3660 2554; baseline -0.001 -18"><span class='ocrx_word' id='word_1_523' title='bbox 2011 2482 2168 2537; x_wconf 91' lang='lat' dir='ltr'>enim</span> <span class='ocrx_word' id='word_1_524' title='bbox 2201 2487 2277 2549; x_wconf 93' lang='lat' dir='ltr'>te,</span> <span class='ocrx_word' id='word_1_525' title='bbox 2309 2482 2500 2554; x_wconf 90' lang='lat' dir='ltr'>inquit</span> <span class='ocrx_word' id='word_1_526' title='bbox 2522 2484 2587 2549; x_wconf 71' lang='lat'>&#39;3,</span> <span class='ocrx_word' id='word_1_527' title='bbox 2621 2487 2678 2538; x_wconf 89' lang='lat' dir='ltr'>et</span> <span class='ocrx_word' id='word_1_528' title='bbox 2720 2483 2872 2538; x_wconf 87' lang='lat' dir='ltr'>fame</span> <span class='ocrx_word' id='word_1_529' title='bbox 2900 2482 3121 2550; x_wconf 87' lang='lat' dir='ltr'>vexavi,</span> <span class='ocrx_word' id='word_1_530' title='bbox 3152 2486 3218 2537; x_wconf 91' lang='lat' dir='ltr'>ut</span> <span class='ocrx_word' id='word_1_531' title='bbox 3254 2482 3403 2538; x_wconf 90' lang='lat' dir='ltr'>bene</span> <span class='ocrx_word' id='word_1_532' title='bbox 3432 2480 3536 2535; x_wconf 88' lang='lat' dir='ltr'>tibi</span> <span class='ocrx_word' id='word_1_533' title='bbox 3571 2480 3660 2535; x_wconf 85' lang='lat' dir='ltr'>fa-</span> 
     </span>
    </p>
   </div>
   <div class='ocr_carea' id='block_1_72' title="bbox 2012 2566 3658 2643">
    <p class='ocr_par' dir='ltr' id='par_1_72' title="bbox 2012 2566 3658 2643">
     <span class='ocr_line' id='line_1_72' title="bbox 2012 2566 3658 2643; baseline 0 -19"><span class='ocrx_word' id='word_1_534' title='bbox 2012 2587 2223 2627; x_wconf 89' lang='lat' dir='ltr'>cerem.</span> <span class='ocrx_word' id='word_1_535' title='bbox 2248 2573 2388 2626; x_wconf 90' lang='lat' dir='ltr'>Eam</span> <span class='ocrx_word' id='word_1_536' title='bbox 2419 2572 2599 2643; x_wconf 89' lang='lat' dir='ltr'>igitur</span> <span class='ocrx_word' id='word_1_537' title='bbox 2627 2573 2843 2626; x_wconf 83' lang='lat' dir='ltr'>famem</span> <span class='ocrx_word' id='word_1_538' title='bbox 2875 2571 3018 2626; x_wconf 90' lang='lat' dir='ltr'>dicit</span> <span class='ocrx_word' id='word_1_539' title='bbox 3047 2571 3257 2640; x_wconf 89' lang='lat' dir='ltr'>diram,</span> <span class='ocrx_word' id='word_1_540' title='bbox 3288 2585 3415 2641; x_wconf 63' lang='lat' dir='ltr'>quae</span> <span class='ocrx_word' id='word_1_541' title='bbox 3447 2585 3553 2624; x_wconf 92' lang='lat' dir='ltr'>nec</span> <span class='ocrx_word' id='word_1_542' title='bbox 3582 2566 3658 2624; x_wconf 90' lang='lat' dir='ltr'>le-</span> 
     </span>
    </p>
   </div>
   <div class='ocr_carea' id='block_1_73' title="bbox 2011 2657 3657 2732">
    <p class='ocr_par' dir='ltr' id='par_1_73' title="bbox 2011 2657 3657 2732">
     <span class='ocr_line' id='line_1_73' title="bbox 2011 2657 3657 2732; baseline -0.001 -19"><span class='ocrx_word' id='word_1_543' title='bbox 2011 2660 2158 2731; x_wconf 87' lang='lat' dir='ltr'>vari,</span> <span class='ocrx_word' id='word_1_544' title='bbox 2191 2677 2296 2716; x_wconf 89' lang='lat' dir='ltr'>nec</span> <span class='ocrx_word' id='word_1_545' title='bbox 2326 2660 2553 2732; x_wconf 90' lang='lat' dir='ltr'>concipi</span> <span class='ocrx_word' id='word_1_546' title='bbox 2595 2665 2805 2732; x_wconf 88' lang='lat' dir='ltr'>potest.</span> <span class='ocrx_word' id='word_1_547' title='bbox 2839 2663 2987 2715; x_wconf 84' lang='lat' dir='ltr'>Sunt</span> <span class='ocrx_word' id='word_1_548' title='bbox 3015 2660 3172 2716; x_wconf 91' lang='lat' dir='ltr'>enim</span> <span class='ocrx_word' id='word_1_549' title='bbox 3209 2660 3452 2715; x_wconf 70' lang='lat' dir='ltr'>diversa:</span> <span class='ocrx_word' id='word_1_550' title='bbox 3485 2657 3657 2713; x_wconf 90' lang='lat' dir='ltr'>famis</span> 
     </span>
    </p>
   </div>
   <div class='ocr_carea' id='block_1_74' title="bbox 2014 2747 3656 2822">
    <p class='ocr_par' dir='ltr' id='par_1_74' title="bbox 2014 2747 3656 2822">
     <span class='ocr_line' id='line_1_74' title="bbox 2014 2747 3656 2822; baseline -0.002 -18"><span class='ocrx_word' id='word_1_551' title='bbox 2014 2749 2413 2821; x_wconf 68' lang='lat' dir='ltr'>species.Aliaz</span> <span class='ocrx_word' id='word_1_552' title='bbox 2429 2749 2668 2822; x_wconf 90' lang='lat' dir='ltr'>quidem</span> <span class='ocrx_word' id='word_1_553' title='bbox 2687 2749 3034 2820; x_wconf 88' lang='lat' dir='ltr'>contingunt</span> <span class='ocrx_word' id='word_1_554' title='bbox 3065 2751 3187 2804; x_wconf 87' lang='lat' dir='ltr'>sola</span> <span class='ocrx_word' id='word_1_555' title='bbox 3217 2747 3496 2803; x_wconf 89' lang='lat' dir='ltr'>frumenti</span> <span class='ocrx_word' id='word_1_556' title='bbox 3531 2747 3656 2801; x_wconf 88' lang='lat' dir='ltr'>ino-</span> 
     </span>
    </p>
   </div>
   <div class='ocr_carea' id='block_1_75' title="bbox 2012 2837 3656 2912">
    <p class='ocr_par' dir='ltr' id='par_1_75' title="bbox 2012 2837 3656 2912">
     <span class='ocr_line' id='line_1_75' title="bbox 2012 2837 3656 2912; baseline -0.003 -18"><span class='ocrx_word' id='word_1_557' title='bbox 2012 2839 2134 2912; x_wconf 86' lang='lat' dir='ltr'>pia:</span> <span class='ocrx_word' id='word_1_558' title='bbox 2153 2839 2278 2895; x_wconf 70' lang='lat' dir='ltr'>aliis</span> <span class='ocrx_word' id='word_1_559' title='bbox 2291 2856 2421 2894; x_wconf 88' lang='lat' dir='ltr'>vero</span> <span class='ocrx_word' id='word_1_560' title='bbox 2435 2840 2784 2894; x_wconf 83' lang='lat' dir='ltr'>oriunturex</span> <span class='ocrx_word' id='word_1_561' title='bbox 2797 2838 3042 2909; x_wconf 88' lang='lat' dir='ltr'>penuria</span> <span class='ocrx_word' id='word_1_562' title='bbox 3058 2837 3416 2908; x_wconf 90' lang='lat' dir='ltr'>reliquarum</span> <span class='ocrx_word' id='word_1_563' title='bbox 3438 2851 3656 2902; x_wconf 90' lang='lat' dir='ltr'>rerum,</span> 
     </span>
    </p>
   </div>
   <div class='ocr_carea' id='block_1_76' title="bbox 2014 2925 3656 3000">
    <p class='ocr_par' dir='ltr' id='par_1_76' title="bbox 2014 2925 3656 3000">
     <span class='ocr_line' id='line_1_76' title="bbox 2014 2925 3656 3000; baseline -0.004 -17"><span class='ocrx_word' id='word_1_564' title='bbox 2014 2945 2139 3000; x_wconf 66' lang='lat' dir='ltr'>qua:</span> <span class='ocrx_word' id='word_1_565' title='bbox 2158 2927 2249 2983; x_wconf 90' lang='lat' dir='ltr'>edi</span> <span class='ocrx_word' id='word_1_566' title='bbox 2271 2931 2536 2998; x_wconf 88' lang='lat' dir='ltr'>possunt.</span> <span class='ocrx_word' id='word_1_567' title='bbox 2560 2927 2688 2981; x_wconf 65' lang='lat' dir='ltr'>Hec</span> <span class='ocrx_word' id='word_1_568' title='bbox 2709 2932 2905 2981; x_wconf 90' lang='lat' dir='ltr'>autem</span> <span class='ocrx_word' id='word_1_569' title='bbox 2935 2926 3117 2981; x_wconf 88' lang='lat' dir='ltr'>fames</span> <span class='ocrx_word' id='word_1_570' title='bbox 3142 2941 3318 2997; x_wconf 88' lang='lat' dir='ltr'>quam</span> <span class='ocrx_word' id='word_1_571' title='bbox 3349 2925 3656 2979; x_wconf 89' lang='lat' dir='ltr'>inductum</span> 
     </span>
    </p>
   </div>
   <div class='ocr_carea' id='block_1_77' title="bbox 2012 3012 3660 3088">
    <p class='ocr_par' dir='ltr' id='par_1_77' title="bbox 2012 3012 3660 3088">
     <span class='ocr_line' id='line_1_77' title="bbox 2012 3012 3660 3088; baseline -0.004 -15"><span class='ocrx_word' id='word_1_572' title='bbox 2012 3017 2082 3073; x_wconf 91' lang='lat' dir='ltr'>iri</span> <span class='ocrx_word' id='word_1_573' title='bbox 2099 3017 2368 3073; x_wconf 89' lang='lat' dir='ltr'>enuntiat</span> <span class='ocrx_word' id='word_1_574' title='bbox 2382 3016 2700 3088; x_wconf 84' lang='lat' dir='ltr'>Scriptura,</span> <span class='ocrx_word' id='word_1_575' title='bbox 2716 3015 2842 3070; x_wconf 87' lang='lat' dir='ltr'>dira</span> <span class='ocrx_word' id='word_1_576' title='bbox 2860 3020 2977 3084; x_wconf 80' lang='lat' dir='ltr'>est;</span> <span class='ocrx_word' id='word_1_577' title='bbox 2996 3015 3079 3070; x_wconf 87' lang='lat' dir='ltr'>sic</span> <span class='ocrx_word' id='word_1_578' title='bbox 3099 3021 3161 3069; x_wconf 90' lang='lat' dir='ltr'>ut</span> <span class='ocrx_word' id='word_1_579' title='bbox 3178 3031 3280 3086; x_wconf 90' lang='lat' dir='ltr'>per</span> <span class='ocrx_word' id='word_1_580' title='bbox 3300 3013 3555 3069; x_wconf 90' lang='lat' dir='ltr'>inediam</span> <span class='ocrx_word' id='word_1_581' title='bbox 3575 3012 3660 3067; x_wconf 89' lang='lat' dir='ltr'>in-</span> 
     </span>
    </p>
   </div>
   <div class='ocr_carea' id='block_1_78' title="bbox 2013 3103 3660 3176">
    <p class='ocr_par' dir='ltr' id='par_1_78' title="bbox 2013 3103 3660 3176">
     <span class='ocr_line' id='line_1_78' title="bbox 2013 3103 3660 3176; baseline -0.004 -14"><span class='ocrx_word' id='word_1_582' title='bbox 2013 3107 2232 3162; x_wconf 87' lang='lat' dir='ltr'>feratur</span> <span class='ocrx_word' id='word_1_583' title='bbox 2252 3105 2586 3176; x_wconf 77' lang='lat' dir='ltr'>moeror,qui</span> <span class='ocrx_word' id='word_1_584' title='bbox 2610 3105 2860 3160; x_wconf 89' lang='lat' dir='ltr'>salutem</span> <span class='ocrx_word' id='word_1_585' title='bbox 2884 3103 3040 3159; x_wconf 90' lang='lat' dir='ltr'>haud</span> <span class='ocrx_word' id='word_1_586' title='bbox 3062 3103 3458 3175; x_wconf 79' lang='lat' dir='ltr'>paenitendam</span> <span class='ocrx_word' id='word_1_587' title='bbox 3483 3105 3660 3173; x_wconf 86' lang='lat' dir='ltr'>queat</span> 
     </span>
    </p>
   </div>
   <div class='ocr_carea' id='block_1_79' title="bbox 2011 3190 3658 3267">
    <p class='ocr_par' dir='ltr' id='par_1_79' title="bbox 2011 3190 3658 3267">
     <span class='ocr_line' id='line_1_79' title="bbox 2011 3190 3658 3267; baseline -0.004 -16"><span class='ocrx_word' id='word_1_588' title='bbox 2011 3196 2257 3267; x_wconf 88' lang='lat' dir='ltr'>operari.</span> <span class='ocrx_word' id='word_1_589' title='bbox 2293 3195 2406 3250; x_wconf 89' lang='lat' dir='ltr'>Sed</span> <span class='ocrx_word' id='word_1_590' title='bbox 2434 3211 2570 3249; x_wconf 90' lang='lat' dir='ltr'>cum</span> <span class='ocrx_word' id='word_1_591' title='bbox 2601 3210 2668 3248; x_wconf 91' lang='lat' dir='ltr'>ea</span> <span class='ocrx_word' id='word_1_592' title='bbox 2699 3210 2825 3265; x_wconf 69' lang='lat' dir='ltr'>quae</span> <span class='ocrx_word' id='word_1_593' title='bbox 2858 3193 3184 3248; x_wconf 88' lang='lat' dir='ltr'>secundum</span> <span class='ocrx_word' id='word_1_594' title='bbox 3215 3193 3399 3247; x_wconf 90' lang='lat' dir='ltr'>Deum</span> <span class='ocrx_word' id='word_1_595' title='bbox 3431 3199 3521 3246; x_wconf 89' lang='lat' dir='ltr'>est</span> <span class='ocrx_word' id='word_1_596' title='bbox 3548 3190 3658 3246; x_wconf 90' lang='lat' dir='ltr'>tri-</span> 
     </span>
    </p>
   </div>
   <div class='ocr_carea' id='block_1_80' title="bbox 2013 3279 3660 3352">
    <p class='ocr_par' dir='ltr' id='par_1_80' title="bbox 2013 3279 3660 3352">
     <span class='ocr_line' id='line_1_80' title="bbox 2013 3279 3660 3352; baseline -0.004 -12"><span class='ocrx_word' id='word_1_597' title='bbox 2013 3285 2174 3340; x_wconf 85' lang='lat' dir='ltr'>stitia</span> <span class='ocrx_word' id='word_1_598' title='bbox 2193 3285 2239 3320; x_wconf 76' lang='grc'>⁹⁴</span> <span class='ocrx_word' id='word_1_599' title='bbox 2270 3283 2487 3340; x_wconf 87' lang='lat' dir='ltr'>fuerint</span> <span class='ocrx_word' id='word_1_600' title='bbox 2515 3282 2726 3351; x_wconf 80' lang='lat' dir='ltr'>aifecti,</span> <span class='ocrx_word' id='word_1_601' title='bbox 2756 3287 2898 3337; x_wconf 89' lang='lat' dir='ltr'>tunc</span> <span class='ocrx_word' id='word_1_602' title='bbox 2941 3280 3290 3337; x_wconf 86' lang='lat' dir='ltr'>maledicent</span> <span class='ocrx_word' id='word_1_603' title='bbox 3321 3279 3571 3352; x_wconf 89' lang='lat' dir='ltr'>principi</span> <span class='ocrx_word' id='word_1_604' title='bbox 3601 3284 3660 3334; x_wconf 90' lang='lat' dir='ltr'>et</span> 
     </span>
    </p>
   </div>
   <div class='ocr_carea' id='block_1_81' title="bbox 2010 3370 3658 3446">
    <p class='ocr_par' dir='ltr' id='par_1_81' title="bbox 2010 3370 3658 3446">
     <span class='ocr_line' id='line_1_81' title="bbox 2010 3370 3658 3446; baseline -0.003 -17"><span class='ocrx_word' id='word_1_605' title='bbox 2010 3373 2216 3446; x_wconf 88' lang='lat' dir='ltr'>patriis</span> <span class='ocrx_word' id='word_1_606' title='bbox 2247 3372 2551 3429; x_wconf 86' lang='lat' dir='ltr'>institutis.</span> <span class='ocrx_word' id='word_1_607' title='bbox 2588 3372 2730 3437; x_wconf 89' lang='lat' dir='ltr'>Quis</span> <span class='ocrx_word' id='word_1_608' title='bbox 2779 3372 2885 3426; x_wconf 82' lang='lat' dir='ltr'>iste</span> <span class='ocrx_word' id='word_1_609' title='bbox 2928 3376 3016 3427; x_wconf 89' lang='lat' dir='ltr'>est</span> <span class='ocrx_word' id='word_1_610' title='bbox 3062 3372 3357 3443; x_wconf 87' lang='lat' dir='ltr'>princeps,</span> <span class='ocrx_word' id='word_1_611' title='bbox 3391 3370 3449 3424; x_wconf 93' lang='lat' dir='ltr'>in</span> <span class='ocrx_word' id='word_1_612' title='bbox 3481 3385 3658 3440; x_wconf 89' lang='lat' dir='ltr'>quem</span> 
     </span>
    </p>
   </div>
   <div class='ocr_carea' id='block_1_82' title="bbox 2014 3457 3660 3532">
    <p class='ocr_par' dir='ltr' id='par_1_82' title="bbox 2014 3457 3660 3532">
     <span class='ocr_line' id='line_1_82' title="bbox 2014 3457 3660 3532; baseline -0.002 -14"><span class='ocrx_word' id='word_1_613' title='bbox 2014 3461 2321 3518; x_wconf 89' lang='lat' dir='ltr'>maledicta</span> <span class='ocrx_word' id='word_1_614' title='bbox 2349 3464 2672 3532; x_wconf 89' lang='lat' dir='ltr'>congerunt</span> <span class='ocrx_word' id='word_1_615' title='bbox 2693 3459 2793 3530; x_wconf 91' lang='lat' dir='ltr'>qui</span> <span class='ocrx_word' id='word_1_616' title='bbox 2826 3461 2971 3515; x_wconf 90' lang='lat' dir='ltr'>bene</span> <span class='ocrx_word' id='word_1_617' title='bbox 3003 3458 3463 3515; x_wconf 82' lang='lat' dir='ltr'>contristantur?</span> <span class='ocrx_word' id='word_1_618' title='bbox 3499 3457 3660 3514; x_wconf 84' lang='lat' dir='ltr'>Prin-</span> 
     </span>
    </p>
   </div>
   <div class='ocr_carea' id='block_1_83' title="bbox 2011 3548 3655 3623">
    <p class='ocr_par' dir='ltr' id='par_1_83' title="bbox 2011 3548 3655 3623">
     <span class='ocr_line' id='line_1_83' title="bbox 2011 3548 3655 3623; baseline -0.004 -16"><span class='ocrx_word' id='word_1_619' title='bbox 2011 3568 2148 3623; x_wconf 90' lang='lat' dir='ltr'>ceps</span> <span class='ocrx_word' id='word_1_620' title='bbox 2185 3552 2390 3622; x_wconf 89' lang='lat' dir='ltr'>utique</span> <span class='ocrx_word' id='word_1_621' title='bbox 2425 3549 2629 3604; x_wconf 91' lang='lat' dir='ltr'>mundi</span> <span class='ocrx_word' id='word_1_622' title='bbox 2662 3549 2840 3619; x_wconf 87' lang='lat' dir='ltr'>hujus</span> <span class='ocrx_word' id='word_1_623' title='bbox 2862 3550 2925 3619; x_wconf 71' lang='grc' dir='ltr'>π,</span> <span class='ocrx_word' id='word_1_624' title='bbox 2949 3550 3041 3604; x_wconf 91' lang='lat' dir='ltr'>cui</span> <span class='ocrx_word' id='word_1_625' title='bbox 3073 3553 3211 3604; x_wconf 90' lang='lat' dir='ltr'>sunt</span> <span class='ocrx_word' id='word_1_626' title='bbox 3239 3565 3343 3620; x_wconf 89' lang='lat' dir='ltr'>per</span> <span class='ocrx_word' id='word_1_627' title='bbox 3372 3548 3655 3620; x_wconf 88' lang='lat' dir='ltr'>poeniten-</span> 
     </span>
    </p>
   </div>
   <div class='ocr_carea' id='block_1_84' title="bbox 2011 3637 3660 3704">
    <p class='ocr_par' dir='ltr' id='par_1_84' title="bbox 2011 3637 3660 3704">
     <span class='ocr_line' id='line_1_84' title="bbox 2011 3637 3660 3704; baseline -0.002 -9"><span class='ocrx_word' id='word_1_628' title='bbox 2011 3641 2150 3696; x_wconf 89' lang='lat' dir='ltr'>tiam</span> <span class='ocrx_word' id='word_1_629' title='bbox 2187 3638 2555 3695; x_wconf 87' lang='lat' dir='ltr'>maledicturi</span> <span class='ocrx_word' id='word_1_630' title='bbox 2583 3643 2730 3704; x_wconf 90' lang='lat' dir='ltr'>tum,</span> <span class='ocrx_word' id='word_1_631' title='bbox 2755 3655 2889 3693; x_wconf 91' lang='lat' dir='ltr'>cum</span> <span class='ocrx_word' id='word_1_632' title='bbox 2922 3637 3073 3693; x_wconf 88' lang='lat' dir='ltr'>illati</span> <span class='ocrx_word' id='word_1_633' title='bbox 3103 3639 3175 3692; x_wconf 91' lang='lat' dir='ltr'>ab</span> <span class='ocrx_word' id='word_1_634' title='bbox 3196 3655 3262 3693; x_wconf 92' lang='lat' dir='ltr'>eo</span> <span class='ocrx_word' id='word_1_635' title='bbox 3285 3637 3484 3692; x_wconf 84' lang='lat' dir='ltr'>damni</span> <span class='ocrx_word' id='word_1_636' title='bbox 3518 3637 3660 3691; x_wconf 84' lang='lat' dir='ltr'>ﬁent</span> 
     </span>
    </p>
   </div>
   <div class='ocr_carea' id='block_1_85' title="bbox 2012 3725 3659 3799">
    <p class='ocr_par' dir='ltr' id='par_1_85' title="bbox 2012 3725 3659 3799">
     <span class='ocr_line' id='line_1_85' title="bbox 2012 3725 3659 3799; baseline -0.002 -15"><span class='ocrx_word' id='word_1_637' title='bbox 2012 3730 2252 3784; x_wconf 87' lang='lat' dir='ltr'>conscii.</span> <span class='ocrx_word' id='word_1_638' title='bbox 2269 3728 2415 3794; x_wconf 85' lang='lat' dir='ltr'>Quin</span> <span class='ocrx_word' id='word_1_639' title='bbox 2439 3735 2492 3783; x_wconf 87' lang='lat' dir='ltr'>et</span> <span class='ocrx_word' id='word_1_640' title='bbox 2513 3727 2718 3799; x_wconf 86' lang='lat' dir='ltr'>patriis</span> <span class='ocrx_word' id='word_1_641' title='bbox 2744 3726 3032 3782; x_wconf 89' lang='lat' dir='ltr'>institutis</span> <span class='ocrx_word' id='word_1_642' title='bbox 3064 3726 3440 3782; x_wconf 88' lang='lat' dir='ltr'>maledicunt.</span> <span class='ocrx_word' id='word_1_643' title='bbox 3464 3725 3659 3781; x_wconf 84' lang='lat' dir='ltr'>Patria</span> 
     </span>
    </p>
   </div>
   <div class='ocr_carea' id='block_1_86' title="bbox 2012 3815 3658 3888">
    <p class='ocr_par' dir='ltr' id='par_1_86' title="bbox 2012 3815 3658 3888">
     <span class='ocr_line' id='line_1_86' title="bbox 2012 3815 3658 3888; baseline -0.004 -14"><span class='ocrx_word' id='word_1_644' title='bbox 2012 3823 2206 3874; x_wconf 87' lang='lat' dir='ltr'>autem</span> <span class='ocrx_word' id='word_1_645' title='bbox 2234 3818 2506 3872; x_wconf 88' lang='lat' dir='ltr'>instituta</span> <span class='ocrx_word' id='word_1_646' title='bbox 2535 3832 2759 3886; x_wconf 91' lang='lat' dir='ltr'>eorum,</span> <span class='ocrx_word' id='word_1_647' title='bbox 2784 3815 2882 3887; x_wconf 90' lang='lat' dir='ltr'>qui</span> <span class='ocrx_word' id='word_1_648' title='bbox 2916 3816 2972 3870; x_wconf 91' lang='lat' dir='ltr'>in</span> <span class='ocrx_word' id='word_1_649' title='bbox 3006 3815 3258 3888; x_wconf 86' lang='lat' dir='ltr'>peccatis</span> <span class='ocrx_word' id='word_1_650' title='bbox 3277 3816 3496 3885; x_wconf 88' lang='lat' dir='ltr'>vivunt,</span> <span class='ocrx_word' id='word_1_651' title='bbox 3517 3817 3658 3870; x_wconf 89' lang='lat' dir='ltr'>sunt</span> 
     </span>
    </p>
   </div>
   <div class='ocr_carea' id='block_1_87' title="bbox 2009 3901 3656 3977">
    <p class='ocr_par' dir='ltr' id='par_1_87' title="bbox 2009 3901 3656 3977">
     <span class='ocr_line' id='line_1_87' title="bbox 2009 3901 3656 3977; baseline -0.004 -15"><span class='ocrx_word' id='word_1_652' title='bbox 2009 3907 2136 3963; x_wconf 79' lang='lat' dir='ltr'>vitae</span> <span class='ocrx_word' id='word_1_653' title='bbox 2169 3905 2420 3977; x_wconf 87' lang='lat' dir='ltr'>negotia,</span> <span class='ocrx_word' id='word_1_654' title='bbox 2446 3905 2662 3975; x_wconf 89' lang='lat' dir='ltr'>quibus</span> <span class='ocrx_word' id='word_1_655' title='bbox 2692 3905 2888 3975; x_wconf 72' lang='lat' dir='ltr'>gloriae</span> <span class='ocrx_word' id='word_1_656' title='bbox 2911 3909 3202 3960; x_wconf 87' lang='lat' dir='ltr'>amatores</span> <span class='ocrx_word' id='word_1_657' title='bbox 3226 3920 3431 3959; x_wconf 89' lang='lat' dir='ltr'>omnes</span> <span class='ocrx_word' id='word_1_658' title='bbox 3460 3901 3656 3973; x_wconf 91' lang='lat' dir='ltr'>impli-</span> 
     </span>
    </p>
   </div>
   <div class='ocr_carea' id='block_1_88' title="bbox 2011 3991 3654 4066">
    <p class='ocr_par' dir='ltr' id='par_1_88' title="bbox 2011 3991 3654 4066">
     <span class='ocr_line' id='line_1_88' title="bbox 2011 3991 3654 4066; baseline -0.004 -15"><span class='ocrx_word' id='word_1_659' title='bbox 2011 3999 2238 4052; x_wconf 87' lang='lat' dir='ltr'>cantur.</span> <span class='ocrx_word' id='word_1_660' title='bbox 2263 3994 2449 4066; x_wconf 90' lang='lat' dir='ltr'>Opera</span> <span class='ocrx_word' id='word_1_661' title='bbox 2470 3993 2660 4048; x_wconf 86' lang='lat' dir='ltr'>carnis</span> <span class='ocrx_word' id='word_1_662' title='bbox 2679 3998 2820 4048; x_wconf 89' lang='lat' dir='ltr'>sunt</span> <span class='ocrx_word' id='word_1_663' title='bbox 2839 3993 3126 4064; x_wconf 88' lang='lat' dir='ltr'>peccatori</span> <span class='ocrx_word' id='word_1_664' title='bbox 3148 3992 3337 4063; x_wconf 89' lang='lat' dir='ltr'>patria</span> <span class='ocrx_word' id='word_1_665' title='bbox 3361 3991 3654 4060; x_wconf 89' lang='lat' dir='ltr'>instituta,</span> 
     </span>
    </p>
   </div>
   <div class='ocr_carea' id='block_1_89' title="bbox 2011 4079 3654 4157">
    <p class='ocr_par' dir='ltr' id='par_1_89' title="bbox 2011 4079 3654 4157">
     <span class='ocr_line' id='line_1_89' title="bbox 2011 4079 3654 4157; baseline -0.004 -17"><span class='ocrx_word' id='word_1_666' title='bbox 2011 4089 2152 4157; x_wconf 89' lang='lat' dir='ltr'>puta</span> <span class='ocrx_word' id='word_1_667' title='bbox 2192 4082 2568 4151; x_wconf 90' lang='lat' dir='ltr'>adulterium,</span> <span class='ocrx_word' id='word_1_668' title='bbox 2603 4081 2930 4152; x_wconf 88' lang='lat' dir='ltr'>fornicatio,</span> <span class='ocrx_word' id='word_1_669' title='bbox 2970 4081 3364 4150; x_wconf 88' lang='lat' dir='ltr'>immunditia,</span> <span class='ocrx_word' id='word_1_670' title='bbox 3398 4079 3654 4148; x_wconf 88' lang='lat' dir='ltr'>lascivia,</span> 
     </span>
    </p>
   </div>
   <div class='ocr_carea' id='block_1_90' title="bbox 2011 4169 3655 4241">
    <p class='ocr_par' dir='ltr' id='par_1_90' title="bbox 2011 4169 3655 4241">
     <span class='ocr_line' id='line_1_90' title="bbox 2011 4169 3655 4241; baseline -0.004 -11"><span class='ocrx_word' id='word_1_671' title='bbox 2011 4173 2461 4230; x_wconf 87' lang='lat' dir='ltr'>simulacrorum</span> <span class='ocrx_word' id='word_1_672' title='bbox 2483 4170 3012 4241; x_wconf 82' lang='lat' dir='ltr'>cultus,mollities,</span> <span class='ocrx_word' id='word_1_673' title='bbox 3029 4169 3501 4240; x_wconf 88' lang='lat' dir='ltr'>concupiscentia</span> <span class='ocrx_word' id='word_1_674' title='bbox 3532 4185 3655 4224; x_wconf 89' lang='lat' dir='ltr'>ma-</span> 
     </span>
    </p>
   </div>
   <div class='ocr_carea' id='block_1_91' title="bbox 2010 4257 3653 4326">
    <p class='ocr_par' dir='ltr' id='par_1_91' title="bbox 2010 4257 3653 4326">
     <span class='ocr_line' id='line_1_91' title="bbox 2010 4257 3653 4326; baseline -0.003 -10"><span class='ocrx_word' id='word_1_675' title='bbox 2010 4262 2086 4318; x_wconf 90' lang='lat' dir='ltr'>la.</span> <span class='ocrx_word' id='word_1_676' title='bbox 2112 4260 2302 4318; x_wconf 89' lang='lat' dir='ltr'>Patria</span> <span class='ocrx_word' id='word_1_677' title='bbox 2320 4259 2594 4316; x_wconf 88' lang='lat' dir='ltr'>instituta</span> <span class='ocrx_word' id='word_1_678' title='bbox 2615 4264 2754 4315; x_wconf 91' lang='lat' dir='ltr'>sunt</span> <span class='ocrx_word' id='word_1_679' title='bbox 2773 4259 2960 4326; x_wconf 90' lang='lat' dir='ltr'>dolus,</span> <span class='ocrx_word' id='word_1_680' title='bbox 2988 4259 3382 4326; x_wconf 85' lang='lat' dir='ltr'>mendacium,</span> <span class='ocrx_word' id='word_1_681' title='bbox 3405 4257 3653 4324; x_wconf 77' lang='lat' dir='ltr'>insidiae,</span> 
     </span>
    </p>
   </div>
   <div class='ocr_carea' id='block_1_92' title="bbox 2012 4346 3658 4422">
    <p class='ocr_par' dir='ltr' id='par_1_92' title="bbox 2012 4346 3658 4422">
     <span class='ocr_line' id='line_1_92' title="bbox 2012 4346 3658 4422; baseline -0.003 -15"><span class='ocrx_word' id='word_1_682' title='bbox 2012 4351 2260 4422; x_wconf 64' lang='lat' dir='ltr'>astutiae,</span> <span class='ocrx_word' id='word_1_683' title='bbox 2294 4349 2635 4422; x_wconf 86' lang='lat' dir='ltr'>hypocrisis.</span> <span class='ocrx_word' id='word_1_684' title='bbox 2671 4349 2872 4420; x_wconf 83' lang='lat' dir='ltr'>Itaque</span> <span class='ocrx_word' id='word_1_685' title='bbox 2903 4348 3002 4420; x_wconf 92' lang='lat' dir='ltr'>qui</span> <span class='ocrx_word' id='word_1_686' title='bbox 3043 4365 3104 4403; x_wconf 90' lang='lat' dir='ltr'>se</span> <span class='ocrx_word' id='word_1_687' title='bbox 3143 4364 3212 4403; x_wconf 87' lang='lat' dir='ltr'>ex</span> <span class='ocrx_word' id='word_1_688' title='bbox 3241 4347 3446 4402; x_wconf 88' lang='lat' dir='ltr'>mundi</span> <span class='ocrx_word' id='word_1_689' title='bbox 3480 4346 3658 4417; x_wconf 88' lang='lat' dir='ltr'>hujus</span> 
     </span>
    </p>
   </div>
   <div class='ocr_carea' id='block_1_93' title="bbox 2011 4435 3659 4512">
    <p class='ocr_par' dir='ltr' id='par_1_93' title="bbox 2011 4435 3659 4512">
     <span class='ocr_line' id='line_1_93' title="bbox 2011 4435 3659 4512; baseline -0.004 -16"><span class='ocrx_word' id='word_1_690' title='bbox 2011 4439 2262 4512; x_wconf 86' lang='lat' dir='ltr'>negotiis</span> <span class='ocrx_word' id='word_1_691' title='bbox 2291 4442 2570 4508; x_wconf 87' lang='lat' dir='ltr'>tanquam</span> <span class='ocrx_word' id='word_1_692' title='bbox 2604 4454 2674 4493; x_wconf 83' lang='lat' dir='ltr'>ex</span> <span class='ocrx_word' id='word_1_693' title='bbox 2713 4438 2967 4508; x_wconf 88' lang='lat' dir='ltr'>quadam</span> <span class='ocrx_word' id='word_1_694' title='bbox 3000 4435 3278 4492; x_wconf 86' lang='lat' dir='ltr'>ebrietate</span> <span class='ocrx_word' id='word_1_695' title='bbox 3326 4436 3395 4490; x_wconf 88' lang='lat' dir='ltr'>ad</span> <span class='ocrx_word' id='word_1_696' title='bbox 3446 4436 3659 4490; x_wconf 88' lang='lat' dir='ltr'>bonam</span> 
     </span>
    </p>
   </div>
   <div class='ocr_carea' id='block_1_94' title="bbox 253 4524 1899 4608">
    <p class='ocr_par' dir='ltr' id='par_1_94' title="bbox 253 4526 1899 4608">
     <span class='ocr_line' id='line_1_94' title="bbox 253 4526 1899 4608; baseline 0.002 -26"><span class='ocrx_word' id='word_1_697' title='bbox 253 4530 317 4583; x_wconf 69' lang='grc' dir='ltr'>τὰ</span> <span class='ocrx_word' id='word_1_698' title='bbox 360 4537 461 4599; x_wconf 77' lang='grc' dir='ltr'>τῆς</span> <span class='ocrx_word' id='word_1_699' title='bbox 519 4529 796 4593; x_wconf 75' lang='grc' dir='ltr'>ἀπωλείας</span> <span class='ocrx_word' id='word_1_700' title='bbox 854 4526 1000 4608; x_wconf 75' lang='grc' dir='ltr'>ἔργα.</span> <span class='ocrx_word' id='word_1_701' title='bbox 1034 4534 1232 4595; x_wconf 83' lang='grc' dir='ltr'>Κακῶς</span> <span class='ocrx_word' id='word_1_702' title='bbox 1289 4530 1346 4586; x_wconf 70' lang='grc' dir='ltr'>δὲ</span> <span class='ocrx_word' id='word_1_703' title='bbox 1393 4531 1504 4608; x_wconf 83' lang='grc' dir='ltr'>ἐρεῖ</span> <span class='ocrx_word' id='word_1_704' title='bbox 1548 4531 1637 4587; x_wconf 86' lang='grc' dir='ltr'>καὶ</span> <span class='ocrx_word' id='word_1_705' title='bbox 1685 4532 1753 4586; x_wconf 80' lang='grc' dir='ltr'>τὰ</span> <span class='ocrx_word' id='word_1_706' title='bbox 1798 4532 1899 4585; x_wconf 75' lang='grc' dir='ltr'>πά-</span> 
     </span>
    </p>
   </div>
   <div class='ocr_carea' id='block_1_95' title="bbox 2012 4524 3664 4608">
    <p class='ocr_par' dir='ltr' id='par_1_95' title="bbox 2014 4524 3664 4601">
     <span class='ocr_line' id='line_1_95' title="bbox 2014 4524 3664 4601; baseline -0.004 -16"><span class='ocrx_word' id='word_1_707' title='bbox 2014 4531 2239 4601; x_wconf 88' lang='lat' dir='ltr'>frugem</span> <span class='ocrx_word' id='word_1_708' title='bbox 2265 4528 2502 4599; x_wconf 89' lang='lat' dir='ltr'>recepit,</span> <span class='ocrx_word' id='word_1_709' title='bbox 2522 4526 2727 4582; x_wconf 90' lang='lat' dir='ltr'>mundi</span> <span class='ocrx_word' id='word_1_710' title='bbox 2749 4525 2999 4598; x_wconf 89' lang='lat' dir='ltr'>principi</span> <span class='ocrx_word' id='word_1_711' title='bbox 3021 4526 3122 4598; x_wconf 92' lang='lat' dir='ltr'>qui</span> <span class='ocrx_word' id='word_1_712' title='bbox 3145 4525 3254 4580; x_wconf 87' lang='lat' dir='ltr'>sibi</span> <span class='ocrx_word' id='word_1_713' title='bbox 3277 4526 3346 4580; x_wconf 90' lang='lat' dir='ltr'>ad</span> <span class='ocrx_word' id='word_1_714' title='bbox 3377 4524 3664 4597; x_wconf 89' lang='lat' dir='ltr'>patranda</span> 
     </span>
    </p>
   </div>
   <div class='ocr_carea' id='block_1_96' title="bbox 251 4617 1904 4696">
    <p class='ocr_par' dir='ltr' id='par_1_96' title="bbox 251 4617 1904 4696">
     <span class='ocr_line' id='line_1_96' title="bbox 251 4617 1904 4696; baseline 0 -24"><span class='ocrx_word' id='word_1_715' title='bbox 251 4637 395 4693; x_wconf 79' lang='grc' dir='ltr'>τρια,</span> <span class='ocrx_word' id='word_1_716' title='bbox 430 4620 512 4681; x_wconf 80' lang='grc' dir='ltr'>οἷς</span> <span class='ocrx_word' id='word_1_717' title='bbox 549 4624 743 4692; x_wconf 84' lang='grc' dir='ltr'>συζῶν,</span> <span class='ocrx_word' id='word_1_718' title='bbox 772 4621 864 4674; x_wconf 84' lang='grc' dir='ltr'>τὸν</span> <span class='ocrx_word' id='word_1_719' title='bbox 909 4617 1200 4695; x_wconf 65' lang='grc' dir='ltr'>δεδομένον</span> <span class='ocrx_word' id='word_1_720' title='bbox 1232 4624 1368 4694; x_wconf 78' lang='grc' dir='ltr'>ἡμῖν</span> <span class='ocrx_word' id='word_1_721' title='bbox 1421 4620 1569 4696; x_wconf 85' lang='grc' dir='ltr'>παρὰ</span> <span class='ocrx_word' id='word_1_722' title='bbox 1621 4625 1719 4676; x_wconf 81' lang='grc' dir='ltr'>τοῦ</span> <span class='ocrx_word' id='word_1_723' title='bbox 1772 4623 1904 4676; x_wconf 78' lang='grc' dir='ltr'>Θεοῦ</span> 
     </span>
    </p>
   </div>
   <div class='ocr_carea' id='block_1_97' title="bbox 253 4705 1902 4787">
    <p class='ocr_par' dir='ltr' id='par_1_97' title="bbox 253 4705 1902 4787">
     <span class='ocr_line' id='line_1_97' title="bbox 253 4705 1902 4787; baseline 0.003 -28"><span class='ocrx_word' id='word_1_724' title='bbox 253 4705 418 4780; x_wconf 83' lang='grc' dir='ltr'>νόμον</span> <span class='ocrx_word' id='word_1_725' title='bbox 447 4707 528 4770; x_wconf 77' lang='grc' dir='ltr'>είς</span> <span class='ocrx_word' id='word_1_726' title='bbox 565 4708 820 4784; x_wconf 71' lang='grc' dir='ltr'>βοήθειαν</span> <span class='ocrx_word' id='word_1_727' title='bbox 850 4710 952 4764; x_wconf 82' lang='grc' dir='ltr'>οὐκ</span> <span class='ocrx_word' id='word_1_728' title='bbox 983 4707 1222 4787; x_wconf 75' lang='grc' dir='ltr'>ἐδέχετο.</span> <span class='ocrx_word' id='word_1_729' title='bbox 1257 4712 1331 4766; x_wconf 84' lang='grc' dir='ltr'>Οὐ</span> <span class='ocrx_word' id='word_1_730' title='bbox 1373 4707 1592 4766; x_wconf 79' lang='grc' dir='ltr'>δύνασαι</span> <span class='ocrx_word' id='word_1_731' title='bbox 1653 4710 1756 4765; x_wconf 85' lang='grc' dir='ltr'>ὑπὸ</span> <span class='ocrx_word' id='word_1_732' title='bbox 1812 4709 1902 4764; x_wconf 86' lang='grc' dir='ltr'>τὸν</span> 
     </span>
    </p>
   </div>
   <div class='ocr_carea' id='block_1_98' title="bbox 2016 4613 3662 4692">
    <p class='ocr_par' dir='ltr' id='par_1_98' title="bbox 2016 4613 3662 4692">
     <span class='ocr_line' id='line_1_98' title="bbox 2016 4613 3662 4692; baseline -0.003 -17"><span class='ocrx_word' id='word_1_733' title='bbox 2016 4617 2362 4692; x_wconf 88' lang='lat' dir='ltr'>perditionis</span> <span class='ocrx_word' id='word_1_734' title='bbox 2385 4633 2558 4689; x_wconf 88' lang='lat' dir='ltr'>opera</span> <span class='ocrx_word' id='word_1_735' title='bbox 2579 4617 2908 4688; x_wconf 79' lang='lat' dir='ltr'>praefuerat,</span> <span class='ocrx_word' id='word_1_736' title='bbox 2935 4614 3248 4671; x_wconf 83' lang='lat' dir='ltr'>maledicit.</span> <span class='ocrx_word' id='word_1_737' title='bbox 3267 4615 3378 4670; x_wconf 90' lang='lat' dir='ltr'>Sed</span> <span class='ocrx_word' id='word_1_738' title='bbox 3401 4619 3457 4669; x_wconf 88' lang='lat' dir='ltr'>et</span> <span class='ocrx_word' id='word_1_739' title='bbox 3482 4613 3662 4670; x_wconf 89' lang='lat' dir='ltr'>male-</span> 
     </span>
    </p>
   </div>
   <div class='ocr_carea' id='block_1_99' title="bbox 2016 4703 3664 4779">
    <p class='ocr_par' dir='ltr' id='par_1_99' title="bbox 2016 4703 3664 4779">
     <span class='ocr_line' id='line_1_99' title="bbox 2016 4703 3664 4779; baseline -0.004 -15"><span class='ocrx_word' id='word_1_740' title='bbox 2016 4708 2170 4765; x_wconf 88' lang='lat' dir='ltr'>dicet</span> <span class='ocrx_word' id='word_1_741' title='bbox 2189 4705 2397 4779; x_wconf 88' lang='lat' dir='ltr'>patriis</span> <span class='ocrx_word' id='word_1_742' title='bbox 2427 4705 2742 4778; x_wconf 74' lang='lat' dir='ltr'>institutis,</span> <span class='ocrx_word' id='word_1_743' title='bbox 2765 4706 3091 4762; x_wconf 90' lang='lat' dir='ltr'>secundum</span> <span class='ocrx_word' id='word_1_744' title='bbox 3116 4721 3240 4776; x_wconf 74' lang='lat' dir='ltr'>quea</span> <span class='ocrx_word' id='word_1_745' title='bbox 3262 4720 3398 4760; x_wconf 88' lang='lat' dir='ltr'>cum</span> <span class='ocrx_word' id='word_1_746' title='bbox 3429 4703 3664 4773; x_wconf 87' lang='lat' dir='ltr'>viveret,</span> 
     </span>
    </p>
   </div>
   <div class='ocr_carea' id='block_1_100' title="bbox 329 4848 1899 4927">
    <p class='ocr_par' dir='ltr' id='par_1_100' title="bbox 329 4854 1899 4927">
     <span class='ocr_line' id='line_1_100' title="bbox 329 4854 1899 4927; baseline -0.001 -17"><span class='ocrx_word' id='word_1_747' title='bbox 329 4854 371 4890; x_wconf 67' lang='grc' dir='ltr'><strong><em>η</em></strong></span> <span class='ocrx_word' id='word_1_748' title='bbox 397 4854 603 4911; x_wconf 85' lang='lat' dir='ltr'>Matth.</span> <span class='ocrx_word' id='word_1_749' title='bbox 635 4871 694 4923; x_wconf 85' lang='lat' dir='ltr'>x,</span> <span class='ocrx_word' id='word_1_750' title='bbox 725 4858 776 4912; x_wconf 93' lang='lat'>8.</span> <span class='ocrx_word' id='word_1_751' title='bbox 857 4857 900 4894; x_wconf 74' lang='grc' dir='ltr'>’ί</span> <span class='ocrx_word' id='word_1_752' title='bbox 931 4858 1056 4914; x_wconf 83' lang='lat' dir='ltr'>Act.</span> <span class='ocrx_word' id='word_1_753' title='bbox 1091 4873 1213 4927; x_wconf 80' lang='lat' dir='ltr'>VIII,</span> <span class='ocrx_word' id='word_1_754' title='bbox 1243 4857 1336 4914; x_wconf 88' lang='lat'>20.</span> <span class='ocrx_word' id='word_1_755' title='bbox 1414 4857 1459 4894; x_wconf 69' lang='grc' dir='ltr'>θ’</span> <span class='ocrx_word' id='word_1_756' title='bbox 1490 4855 1643 4914; x_wconf 90' lang='lat' dir='ltr'>Psal.</span> <span class='ocrx_word' id='word_1_757' title='bbox 1677 4872 1804 4923; x_wconf 83' lang='lat' dir='ltr'>cxv,</span> <span class='ocrx_word' id='word_1_758' title='bbox 1837 4856 1899 4910; x_wconf 87' lang='grc'>12</span> 
     </span>
    </p>
   </div>
   <div class='ocr_carea' id='block_1_101' title="bbox 2012 4848 3664 4927">
    <p class='ocr_par' dir='ltr' id='par_1_101' title="bbox 2012 4848 3664 4921">
     <span class='ocr_line' id='line_1_101' title="bbox 2012 4848 3664 4921; baseline -0.002 -11"><span class='ocrx_word' id='word_1_759' title='bbox 2012 4855 2044 4891; x_wconf 82' lang='grc'>’³</span> <span class='ocrx_word' id='word_1_760' title='bbox 2076 4853 2248 4910; x_wconf 85' lang='lat' dir='ltr'>Deut.</span> <span class='ocrx_word' id='word_1_761' title='bbox 2268 4865 2392 4918; x_wconf 87' lang='lat' dir='ltr'>vm,</span> <span class='ocrx_word' id='word_1_762' title='bbox 2424 4850 2479 4906; x_wconf 93' lang='lat'>3.</span> <span class='ocrx_word' id='word_1_763' title='bbox 2555 4850 2600 4885; x_wconf 75' lang='lat'><strong>“</strong></span> <span class='ocrx_word' id='word_1_764' title='bbox 2629 4850 2678 4906; x_wconf 92' lang='lat' dir='ltr'>II</span> <span class='ocrx_word' id='word_1_765' title='bbox 2708 4850 2835 4906; x_wconf 87' lang='lat' dir='ltr'>Cor.</span> <span class='ocrx_word' id='word_1_766' title='bbox 2863 4866 2963 4921; x_wconf 81' lang='lat' dir='ltr'>vn,</span> <span class='ocrx_word' id='word_1_767' title='bbox 2998 4850 3084 4904; x_wconf 88' lang='grc'>10.</span> <span class='ocrx_word' id='word_1_768' title='bbox 3161 4849 3205 4887; x_wconf 72' lang='grc'><strong>⁸⁸</strong></span> <span class='ocrx_word' id='word_1_769' title='bbox 3233 4849 3400 4906; x_wconf 83' lang='lat' dir='ltr'>Joan.</span> <span class='ocrx_word' id='word_1_770' title='bbox 3432 4864 3548 4920; x_wconf 79' lang='lat' dir='ltr'><strong>XVI,</strong></span> <span class='ocrx_word' id='word_1_771' title='bbox 3577 4848 3664 4906; x_wconf 88' lang='grc'>11.</span> 
     </span>
    </p>
   </div>
   <div class='ocr_carea' id='block_1_102' title="bbox 331 4997 1082 5074">
    <p class='ocr_par' dir='ltr' id='par_1_102' title="bbox 331 4997 1082 5074">
     <span class='ocr_line' id='line_1_102' title="bbox 331 4997 1082 5074; baseline -0.001 0"><span class='ocrx_word' id='word_1_772' title='bbox 331 4997 437 5074; x_wconf 63' lang='lat'>(95)</span> <span class='ocrx_word' id='word_1_773' title='bbox 464 4999 626 5074; x_wconf 41' lang='lat' dir='ltr'>901b,</span> <span class='ocrx_word' id='word_1_774' title='bbox 658 5001 925 5074; x_wconf 48' lang='lat' dir='ltr'>prima»</span> <span class='ocrx_word' id='word_1_775' title='bbox 942 4999 1082 5074; x_wconf 77' lang='grc' dir='ltr'>δῴηο</span> 
     </span>
    </p>
   </div>
   <div class='ocr_carea' id='block_1_103' title="bbox 264 5069 1904 5204">
    <p class='ocr_par' dir='ltr' id='par_1_103' title="bbox 264 5069 1904 5204">
     <span class='ocr_line' id='line_1_103' title="bbox 264 5069 1904 5204; baseline -0.04 -65"><span class='ocrx_word' id='word_1_776' title='bbox 264 5069 768 5204; x_wconf 42' lang='lat' dir='ltr'>“sagmaria</span> <span class='ocrx_word' id='word_1_777' title='bbox 811 5069 1078 5138; x_wconf 55' lang='lat' dir='ltr'>sooew‘og,</span> <span class='ocrx_word' id='word_1_778' title='bbox 1109 5077 1181 5132; x_wconf 72' lang='grc' dir='ltr'>Αι</span> <span class='ocrx_word' id='word_1_779' title='bbox 1226 5090 1329 5133; x_wconf 55' lang='lat' dir='ltr'>se,</span> <span class='ocrx_word' id='word_1_780' title='bbox 1377 5090 1548 5146; x_wconf 46' lang='lat' dir='ltr'>mm,</span> <span class='ocrx_word' id='word_1_781' title='bbox 1577 5076 1673 5128; x_wconf 61' lang='grc' dir='ltr'>τοῦ</span> <span class='ocrx_word' id='word_1_782' title='bbox 1724 5069 1904 5148; x_wconf 45' lang='grc' dir='ltr'>δωρη-</span> 
     </span>
    </p>
   </div>
   <div class='ocr_carea' id='block_1_104' title="bbox 338 5213 1909 5291">
    <p class='ocr_par' dir='ltr' id='par_1_104' title="bbox 338 5213 1909 5291">
     <span class='ocr_line' id='line_1_104' title="bbox 338 5213 1909 5291; baseline 0.002 -22"><span class='ocrx_word' id='word_1_783' title='bbox 338 5213 446 5284; x_wconf 75' lang='grc'>(97)</span> <span class='ocrx_word' id='word_1_784' title='bbox 473 5213 711 5276; x_wconf 82' lang='lat' dir='ltr'>Veteres</span> <span class='ocrx_word' id='word_1_785' title='bbox 755 5217 1013 5291; x_wconf 76' lang='lat' dir='ltr'>quinque</span> <span class='ocrx_word' id='word_1_786' title='bbox 1055 5218 1214 5291; x_wconf 85' lang='lat' dir='ltr'>libri,</span> <span class='ocrx_word' id='word_1_787' title='bbox 1243 5238 1321 5276; x_wconf 83' lang='grc' dir='ltr'>σε,</span> <span class='ocrx_word' id='word_1_788' title='bbox 1353 5217 1508 5274; x_wconf 87' lang='lat' dir='ltr'>Editi</span> <span class='ocrx_word' id='word_1_789' title='bbox 1537 5220 1593 5274; x_wconf 90' lang='lat' dir='ltr'>et</span> <span class='ocrx_word' id='word_1_790' title='bbox 1621 5218 1758 5290; x_wconf 77' lang='lat' dir='ltr'>Reg.</span> <span class='ocrx_word' id='word_1_791' title='bbox 1791 5219 1909 5272; x_wconf 87' lang='lat' dir='ltr'>ter-</span> 
     </span>
    </p>
   </div>
   <div class='ocr_carea' id='block_1_105' title="bbox 262 5281 539 5346">
    <p class='ocr_par' dir='ltr' id='par_1_105' title="bbox 262 5281 539 5346">
     <span class='ocr_line' id='line_1_105' title="bbox 262 5281 539 5346; baseline 0.022 -10"><span class='ocrx_word' id='word_1_792' title='bbox 262 5281 401 5346; x_wconf 85' lang='lat' dir='ltr'>tius,</span> <span class='ocrx_word' id='word_1_793' title='bbox 431 5281 539 5343; x_wconf 82' lang='grc' dir='ltr'>σοι.</span> 
     </span>
    </p>
   </div>
   <div class='ocr_carea' id='block_1_106' title="bbox 337 5356 1908 5428">
    <p class='ocr_par' dir='ltr' id='par_1_106' title="bbox 337 5356 1908 5428">
     <span class='ocr_line' id='line_1_106' title="bbox 337 5356 1908 5428; baseline 0.003 -19"><span class='ocrx_word' id='word_1_794' title='bbox 337 5356 443 5428; x_wconf 88' lang='lat'>(98)</span> <span class='ocrx_word' id='word_1_795' title='bbox 472 5358 621 5415; x_wconf 78' lang='lat' dir='ltr'>Editi</span> <span class='ocrx_word' id='word_1_796' title='bbox 644 5365 701 5417; x_wconf 90' lang='lat' dir='ltr'>et</span> <span class='ocrx_word' id='word_1_797' title='bbox 733 5361 920 5416; x_wconf 89' lang='lat' dir='ltr'>nostri</span> <span class='ocrx_word' id='word_1_798' title='bbox 950 5377 1052 5418; x_wconf 81' lang='lat' dir='ltr'>sex</span> <span class='ocrx_word' id='word_1_799' title='bbox 1074 5378 1242 5426; x_wconf 82' lang='lat' dir='ltr'>mss...</span> <span class='ocrx_word' id='word_1_800' title='bbox 1262 5360 1361 5428; x_wconf 79' lang='grc' dir='ltr'>τὴν</span> <span class='ocrx_word' id='word_1_801' title='bbox 1398 5357 1769 5428; x_wconf 75' lang='grc' dir='ltr'>ἀνεπινόητον.</span> <span class='ocrx_word' id='word_1_802' title='bbox 1797 5359 1908 5414; x_wconf 91' lang='lat' dir='ltr'>Sed</span> 
     </span>
    </p>
   </div>
   <div class='ocr_carea' id='block_1_107' title="bbox 267 5424 1904 5504">
    <p class='ocr_par' dir='ltr' id='par_1_107' title="bbox 267 5424 1904 5504">
     <span class='ocr_line' id='line_1_107' title="bbox 267 5424 1904 5504; baseline 0.004 -25"><span class='ocrx_word' id='word_1_803' title='bbox 267 5424 667 5504; x_wconf 64' lang='lat' dir='ltr'>gombeﬁsius,</span> <span class='ocrx_word' id='word_1_804' title='bbox 700 5433 877 5489; x_wconf 89' lang='lat' dir='ltr'>homo</span> <span class='ocrx_word' id='word_1_805' title='bbox 918 5434 989 5489; x_wconf 88' lang='lat' dir='ltr'>ad</span> <span class='ocrx_word' id='word_1_806' title='bbox 1029 5424 1396 5490; x_wconf 84' lang='lat' dir='ltr'>emendanda</span> <span class='ocrx_word' id='word_1_807' title='bbox 1427 5449 1516 5500; x_wconf 85' lang='lat' dir='ltr'>ea,</span> <span class='ocrx_word' id='word_1_808' title='bbox 1550 5424 1676 5504; x_wconf 55' lang='lat' dir='ltr'>qum</span> <span class='ocrx_word' id='word_1_809' title='bbox 1708 5448 1904 5487; x_wconf 82' lang='lat' dir='ltr'>emen-</span> 
     </span>
    </p>
   </div>
   <div class='ocr_carea' id='block_1_108' title="bbox 271 5495 1912 5578">
    <p class='ocr_par' dir='ltr' id='par_1_108' title="bbox 271 5495 1912 5578">
     <span class='ocr_line' id='line_1_108' title="bbox 271 5495 1912 5578; baseline 0.005 -28"><span class='ocrx_word' id='word_1_810' title='bbox 271 5495 497 5578; x_wconf 73' lang='lat' dir='ltr'>datique</span> <span class='ocrx_word' id='word_1_811' title='bbox 526 5495 663 5559; x_wconf 35' lang='lat' dir='ltr'>non’</span> <span class='ocrx_word' id='word_1_812' title='bbox 691 5505 982 5578; x_wconf 81' lang='lat' dir='ltr'>indigent,</span> <span class='ocrx_word' id='word_1_813' title='bbox 1012 5508 1450 5578; x_wconf 86' lang='lat' dir='ltr'>paratissimus,</span> <span class='ocrx_word' id='word_1_814' title='bbox 1474 5495 1584 5560; x_wconf 44' lang='lat' dir='ltr'>ait-</span> <span class='ocrx_word' id='word_1_815' title='bbox 1605 5503 1782 5560; x_wconf 89' lang='lat' dir='ltr'>malle</span> <span class='ocrx_word' id='word_1_816' title='bbox 1829 5518 1912 5572; x_wconf 89' lang='lat' dir='ltr'>se,</span> 
     </span>
    </p>
   </div>
   <div class='ocr_carea' id='block_1_109' title="bbox 2013 4993 3668 5073">
    <p class='ocr_par' dir='ltr' id='par_1_109' title="bbox 2013 4993 3668 5073">
     <span class='ocr_line' id='line_1_109' title="bbox 2013 4993 3668 5073; baseline -0.002 -18"><span class='ocrx_word' id='word_1_817' title='bbox 2013 5012 2363 5073; x_wconf 85' lang='lat' dir='ltr'>persuasum</span> <span class='ocrx_word' id='word_1_818' title='bbox 2398 4994 2500 5073; x_wconf 81' lang='lat' dir='ltr'>sit</span> <span class='ocrx_word' id='word_1_819' title='bbox 2553 4997 2799 5073; x_wconf 8' lang='lat' dir='ltr'>famem,</span> <span class='ocrx_word' id='word_1_820' title='bbox 2826 4993 3202 5073; x_wconf 55' lang='lat' dir='ltr'>&amp;v_sutvdqeov,</span> <span class='ocrx_word' id='word_1_821' title='bbox 3254 5011 3383 5068; x_wconf 65' lang='lat' dir='ltr'>que</span> <span class='ocrx_word' id='word_1_822' title='bbox 3420 4995 3668 5073; x_wconf 68' lang='lat' dir='ltr'>scilicet</span> 
     </span>
    </p>
   </div>
   <div class='ocr_carea' id='block_1_110' title="bbox 2019 5068 3665 5144">
    <p class='ocr_par' dir='ltr' id='par_1_110' title="bbox 2019 5068 3665 5144">
     <span class='ocr_line' id='line_1_110' title="bbox 2019 5068 3665 5144; baseline -0.003 -17"><span class='ocrx_word' id='word_1_823' title='bbox 2019 5068 2184 5144; x_wconf 73' lang='lat' dir='ltr'>tanta</span> <span class='ocrx_word' id='word_1_824' title='bbox 2210 5074 2318 5140; x_wconf 88' lang='lat' dir='ltr'>est,</span> <span class='ocrx_word' id='word_1_825' title='bbox 2347 5071 2414 5144; x_wconf 82' lang='lat' dir='ltr'>ut</span> <span class='ocrx_word' id='word_1_826' title='bbox 2446 5068 2534 5144; x_wconf 69' lang='lat' dir='ltr'>vix</span> <span class='ocrx_word' id='word_1_827' title='bbox 2564 5068 2905 5144; x_wconf 69' lang='lat' dir='ltr'>excogitari</span> <span class='ocrx_word' id='word_1_828' title='bbox 2920 5069 3120 5144; x_wconf 73' lang='lat' dir='ltr'>possit</span> <span class='ocrx_word' id='word_1_829' title='bbox 3140 5071 3292 5137; x_wconf 89' lang='lat' dir='ltr'>(eam</span> <span class='ocrx_word' id='word_1_830' title='bbox 3343 5068 3499 5144; x_wconf 80' lang='lat' dir='ltr'>enim</span> <span class='ocrx_word' id='word_1_831' title='bbox 3546 5069 3665 5123; x_wconf 90' lang='lat' dir='ltr'>vim</span> 
     </span>
    </p>
   </div>
   <div class='ocr_carea' id='block_1_111' title="bbox 2018 5137 3665 5211">
    <p class='ocr_par' dir='ltr' id='par_1_111' title="bbox 2018 5137 3665 5211">
     <span class='ocr_line' id='line_1_111' title="bbox 2018 5137 3665 5211; baseline -0.002 -13"><span class='ocrx_word' id='word_1_832' title='bbox 2018 5143 2196 5198; x_wconf 89' lang='lat' dir='ltr'>habet</span> <span class='ocrx_word' id='word_1_833' title='bbox 2226 5137 2331 5197; x_wconf 83' lang='lat' dir='ltr'>vox</span> <span class='ocrx_word' id='word_1_834' title='bbox 2360 5137 2759 5211; x_wconf 69' lang='grc' dir='ltr'>ἀνεπινόητονῇ</span> <span class='ocrx_word' id='word_1_835' title='bbox 2787 5137 2943 5196; x_wconf 48' lang='lat' dir='ltr'>nihil‘</span> <span class='ocrx_word' id='word_1_836' title='bbox 2965 5139 3124 5196; x_wconf 89' lang='lat' dir='ltr'>aliud</span> <span class='ocrx_word' id='word_1_837' title='bbox 3149 5157 3295 5205; x_wconf 86' lang='lat' dir='ltr'>esse,</span> <span class='ocrx_word' id='word_1_838' title='bbox 3321 5141 3432 5196; x_wconf 90' lang='lat' dir='ltr'>nisi</span> <span class='ocrx_word' id='word_1_839' title='bbox 3462 5143 3665 5211; x_wconf 82' lang='lat' dir='ltr'>famem</span> 
     </span>
    </p>
   </div>
   <div class='ocr_carea' id='block_1_112' title="bbox 2017 5211 3667 5286">
    <p class='ocr_par' dir='ltr' id='par_1_112' title="bbox 2017 5211 3667 5286">
     <span class='ocr_line' id='line_1_112' title="bbox 2017 5211 3667 5286; baseline -0.002 -16"><span class='ocrx_word' id='word_1_840' title='bbox 2017 5215 2424 5286; x_wconf 79' lang='lat' dir='ltr'>gravissimam,</span> <span class='ocrx_word' id='word_1_841' title='bbox 2454 5215 2781 5283; x_wconf 77' lang='lat' dir='ltr'>maximam,</span> <span class='ocrx_word' id='word_1_842' title='bbox 2814 5212 3203 5283; x_wconf 74' lang='lat' dir='ltr'>insanabilem,</span> <span class='ocrx_word' id='word_1_843' title='bbox 3243 5211 3392 5266; x_wconf 89' lang='lat' dir='ltr'>nihil</span> <span class='ocrx_word' id='word_1_844' title='bbox 3434 5217 3667 5267; x_wconf 86' lang='lat' dir='ltr'>mutau-</span> 
     </span>
    </p>
   </div>
   <div class='ocr_carea' id='block_1_113' title="bbox 2021 5285 2558 5343">
    <p class='ocr_par' dir='ltr' id='par_1_113' title="bbox 2021 5285 2558 5343">
     <span class='ocr_line' id='line_1_113' title="bbox 2021 5285 2558 5343; baseline -0.009 0"><span class='ocrx_word' id='word_1_845' title='bbox 2021 5285 2164 5343; x_wconf 81' lang='lat' dir='ltr'>dum</span> <span class='ocrx_word' id='word_1_846' title='bbox 2197 5285 2558 5341; x_wconf 89' lang='lat' dir='ltr'>censuimus.</span> 
     </span>
    </p>
   </div>
   <div class='ocr_carea' id='block_1_114' title="bbox 2116 5351 3120 5428">
    <p class='ocr_par' dir='ltr' id='par_1_114' title="bbox 2116 5351 3120 5428">
     <span class='ocr_line' id='line_1_114' title="bbox 2116 5351 3120 5428; baseline -0.001 -17"><span class='ocrx_word' id='word_1_847' title='bbox 2116 5357 2204 5425; x_wconf 83' lang='lat'>99)</span> <span class='ocrx_word' id='word_1_848' title='bbox 2239 5356 2415 5422; x_wconf 87' lang='lat' dir='ltr'>Editi,</span> <span class='ocrx_word' id='word_1_849' title='bbox 2447 5352 2524 5428; x_wconf 53' lang='grc' dir='ltr'>δέ.</span> <span class='ocrx_word' id='word_1_850' title='bbox 2558 5359 2633 5428; x_wconf 74' lang='lat' dir='ltr'>At</span> <span class='ocrx_word' id='word_1_851' title='bbox 2663 5371 2764 5410; x_wconf 85' lang='lat' dir='ltr'>sex</span> <span class='ocrx_word' id='word_1_852' title='bbox 2795 5372 2963 5428; x_wconf 84' lang='lat' dir='ltr'>m_ss.,</span> <span class='ocrx_word' id='word_1_853' title='bbox 2995 5351 3120 5428; x_wconf 83' lang='grc' dir='ltr'>γάρ.</span> 
     </span>
    </p>
   </div>
   <div class='ocr_carea' id='block_1_115' title="bbox 2118 5425 3500 5499">
    <p class='ocr_par' dir='ltr' id='par_1_115' title="bbox 2118 5425 3500 5499">
     <span class='ocr_line' id='line_1_115' title="bbox 2118 5425 3500 5499; baseline -0.004 -15"><span class='ocrx_word' id='word_1_854' title='bbox 2118 5430 2172 5497; x_wconf 76' lang='grc'>1)</span> <span class='ocrx_word' id='word_1_855' title='bbox 2206 5429 2374 5499; x_wconf 82' lang='lat' dir='ltr'>Editi,</span> <span class='ocrx_word' id='word_1_856' title='bbox 2410 5427 2460 5480; x_wconf 78' lang='grc' dir='ltr'>υἱ</span> <span class='ocrx_word' id='word_1_857' title='bbox 2492 5425 2571 5482; x_wconf 85' lang='grc' dir='ltr'>ἐκ.</span> <span class='ocrx_word' id='word_1_858' title='bbox 2603 5427 2776 5484; x_wconf 88' lang='lat' dir='ltr'>Deest</span> <span class='ocrx_word' id='word_1_859' title='bbox 2807 5425 2856 5480; x_wconf 75' lang='grc' dir='ltr'>οἱ</span> <span class='ocrx_word' id='word_1_860' title='bbox 2887 5427 2954 5499; x_wconf 89' lang='lat' dir='ltr'>in</span> <span class='ocrx_word' id='word_1_861' title='bbox 2978 5425 3196 5499; x_wconf 76' lang='lat' dir='ltr'>nostris</span> <span class='ocrx_word' id='word_1_862' title='bbox 3228 5441 3326 5480; x_wconf 84' lang='lat' dir='ltr'>sex</span> <span class='ocrx_word' id='word_1_863' title='bbox 3357 5439 3500 5499; x_wconf 77' lang='lat' dir='ltr'>mss.</span> 
     </span>
    </p>
   </div>
   <div class='ocr_carea' id='block_1_116' title="bbox 2116 5493 3669 5573">
    <p class='ocr_par' dir='ltr' id='par_1_116' title="bbox 2116 5493 3669 5573">
     <span class='ocr_line' id='line_1_116' title="bbox 2116 5493 3669 5573; baseline -0.004 -19"><span class='ocrx_word' id='word_1_864' title='bbox 2116 5493 2172 5573; x_wconf 87' lang='grc'>2)</span> <span class='ocrx_word' id='word_1_865' title='bbox 2217 5493 2452 5558; x_wconf 79' lang='lat' dir='ltr'>Veteres</span> <span class='ocrx_word' id='word_1_866' title='bbox 2509 5503 2765 5571; x_wconf 88' lang='lat' dir='ltr'>quatuor</span> <span class='ocrx_word' id='word_1_867' title='bbox 2828 5498 2984 5568; x_wconf 87' lang='lat' dir='ltr'>libri,</span> <span class='ocrx_word' id='word_1_868' title='bbox 3051 5495 3235 5552; x_wconf 80' lang='grc' dir='ltr'>αὐτοῦ.</span> <span class='ocrx_word' id='word_1_869' title='bbox 3300 5494 3472 5566; x_wconf 89' lang='lat' dir='ltr'>Editi,</span> <span class='ocrx_word' id='word_1_870' title='bbox 3543 5493 3669 5549; x_wconf 71' lang='grc' dir='ltr'>ἑαυ-</span> 
     </span>
    </p>
   </div>
   <div class='ocr_carea' id='block_1_117' title="bbox 269 5567 1899 5649">
    <p class='ocr_par' dir='ltr' id='par_1_117' title="bbox 269 5567 1899 5649">
     <span class='ocr_line' id='line_1_117' title="bbox 269 5567 1899 5649; baseline -0.003 -14"><span class='ocrx_word' id='word_1_871' title='bbox 269 5567 367 5635; x_wconf 63' lang='grc' dir='ltr'>τὴν</span> <span class='ocrx_word' id='word_1_872' title='bbox 398 5569 714 5649; x_wconf 50' lang='lat' dir='ltr'>bitiae-.m-</span> <span class='ocrx_word' id='word_1_873' title='bbox 735 5567 855 5633; x_wconf 73' lang='grc' dir='ltr'>ιιοό</span> <span class='ocrx_word' id='word_1_874' title='bbox 871 5567 981 5646; x_wconf 70' lang='lat' dir='ltr'>est,</span> <span class='ocrx_word' id='word_1_875' title='bbox 1004 5567 1064 5635; x_wconf 72' lang='lat' dir='ltr'>at</span> <span class='ocrx_word' id='word_1_876' title='bbox 1091 5580 1218 5649; x_wconf 90' lang='lat' dir='ltr'>ipse</span> <span class='ocrx_word' id='word_1_877' title='bbox 1246 5567 1687 5649; x_wconf 74' lang='lat' dir='ltr'>interpretatur,</span> <span class='ocrx_word' id='word_1_878' title='bbox 1712 5567 1899 5649; x_wconf 58' lang='lat' dir='ltr'>famen</span> 
     </span>
    </p>
   </div>
   <div class='ocr_carea' id='block_1_118' title="bbox 2012 5567 2141 5649">
    <p class='ocr_par' dir='ltr' id='par_1_118' title="bbox 2022 5567 2141 5627">
     <span class='ocr_line' id='line_1_118' title="bbox 2022 5567 2141 5627; baseline -0.008 0"><span class='ocrx_word' id='word_1_879' title='bbox 2022 5567 2141 5627; x_wconf 70' lang='grc' dir='ltr'>τοῦ.</span> 
     </span>
    </p>
   </div>
   <div class='ocr_carea' id='block_1_119' title="bbox 276 5643 1916 5722">
    <p class='ocr_par' dir='ltr' id='par_1_119' title="bbox 276 5643 1916 5722">
     <span class='ocr_line' id='line_1_119' title="bbox 276 5643 1916 5722; baseline 0.002 -23"><span class='ocrx_word' id='word_1_880' title='bbox 276 5643 674 5718; x_wconf 77' lang='lat' dir='ltr'>gravissimam,</span> <span class='ocrx_word' id='word_1_881' title='bbox 725 5643 1057 5722; x_wconf 69' lang='lat' dir='ltr'>maximam,</span> <span class='ocrx_word' id='word_1_882' title='bbox 1106 5643 1500 5709; x_wconf 69' lang='lat' dir='ltr'>insanabilem.</span> <span class='ocrx_word' id='word_1_883' title='bbox 1531 5651 1668 5720; x_wconf 84' lang='lat' dir='ltr'>Nos,</span> <span class='ocrx_word' id='word_1_884' title='bbox 1700 5643 1916 5719; x_wconf 76' lang='lat' dir='ltr'>quibus</span> 
     </span>
    </p>
   </div>
  </div>
