4118 6220
394 328 511 388 503

1337 323 1733 385 APPENDIX
1779 323 2106 385 OPEBUM
2151 324 2214 384 S.
2262 323 2539 385 BASILII
2587 324 2860 386 MAGNI.

3690 320 3820 382 504

395 460 585 532 legem
617 458 788 514 nobis
819 473 852 512 a
881 457 995 512 Deo
1021 456 1078 510 in
1113 455 1393 511 auxilium
1421 456 1700 510 traditam
1726 472 1841 509 non
1866 455 2045 510 susci-

2162 449 2422 523 ἀληθινὸν
2453 454 2694 528 γενέσθαι
2729 450 2975 527 βασιλέα,
3011 450 3099 506 ἐὰτ
3147 452 3222 524 μὴ
3269 449 3447 513 κακῶς
3495 448 3655 526 εἷ’πῃς
3711 451 3814 505 τὸν

395 551 610 621 piebat.
660 547 784 602 Non
840 552 1003 618 potes
1052 545 1192 615 Regi
1225 543 1378 600 5-16
1431 561 1561 598 vero
1615 543 1881 614 subesse,
1934 544 2044 598 nisi

396 637 768 693 maledixeris
800 636 935 689 huic
977 633 1242 704 primum.
1280 634 1412 686 Eum
1447 635 1518 687 ob
1551 650 1785 687 causam
1818 638 1875 687 te
1904 635 2044 688 edo-

397 727 518 782 cuit
548 726 803 781 Ecclesia
833 725 1023 779 dicere
1054 741 1065 777 :
1095 724 1358 777 Renuntio
1390 723 1512 781 tibi.
1548 722 1778 777 Satana.
1814 723 1929 776 Hoc
1960 728 2048 776 est

397 813 801 877 maledictum,
836 811 991 880 quod
1035 810 1089 863 in
1129 809 1447 878 principem
1492 809 1817 880 conjicitur.
1853 810 2046 873 Quod-

398 919 534 957 nam
567 906 761 955 autem
795 899 1172 954 maledictum
1198 902 1313 962 est,
1335 899 1487 968 quod
1514 897 1828 952 adhibetur
1849 899 2041 952 adver-

398 1007 503 1045 sus
534 989 751 1060 patrios
785 988 1014 1041 mores?
1043 986 1213 1052 lllud,
1244 987 1512 1041 Renuntio
1543 994 1595 1041 et
1626 987 1880 1055 operibus
1909 989 2042 1041 tuis.

399 1078 467 1133 Hi
501 1076 672 1148 patrii
707 1076 873 1142 ritus,
907 1074 1124 1130 diaboli
1166 1092 1361 1146 Opera.
1395 1074 1605 1129 Beatus
1639 1074 1740 1145 qui
1771 1076 1879 1130 rite
1911 1075 2047 1129 huic

402 1164 764 1221 maledixerit
795 1163 1066 1234 principi.
1100 1163 1232 1217 Jam
1265 1163 1422 1217 enim
1465 1163 1536 1216 ad
1578 1180 1711 1216 eum
1746 1163 1844 1232 qui
1879 1179 2049 1219 vetus

399 1260 508 1322 est,
533 1254 775 1322 accedit,
803 1258 861 1307 et
892 1251 1282 1306 illuminatur.
1309 1251 1521 1306 Beatus
1554 1252 1653 1322 qui
1686 1252 2047 1322 improbave-

396 1343 472 1397 rit
504 1342 724 1412 patrios
747 1357 938 1395 mores
963 1340 1233 1410 antiquos
1259 1356 1271 1393 :
1299 1339 1582 1394 obtinebit
1611 1339 1764 1393 enim
1799 1341 2046 1412 patriam

393 1429 719 1485 Jerusalem
767 1429 1061 1484 cmlestem
1086 1429 1149 1497 9°,
1175 1445 1300 1498 quas
1350 1432 1537 1483 mater
1569 1433 1658 1482 est
1688 1444 1914 1496 eorum,
1949 1431 2050 1500 qui

395 1520 564 1574 beato
585 1518 763 1573 Paulo
782 1523 921 1573 sunt
942 1517 1185 1572 similes.
1207 1517 1404 1571 Patria
1425 1517 1692 1572 instituta
1713 1523 1852 1572 sunt
1872 1519 2048 1572 etiam

400 1608 561 1680 pravi
594 1623 784 1661 mores
817 1625 846 1660 a
879 1605 1219 1677 parentibus
1256 1607 1326 1660 ad
1355 1623 1479 1680 nos
1509 1605 1860 1662 transmissi.
1897 1607 2050 1661 Reli-

403 1696 607 1766 quitnc
637 1696 741 1749 tibi
778 1700 942 1765 pater
965 1711 1104 1764 Opes
1138 1711 1237 1765 per
1257 1693 1560 1748 avaritiam
1584 1695 1824 1765 partas?
1859 1696 2050 1750 Redde

402 1784 509 1839 has
537 1783 816 1854 injuriam
852 1783 1126 1854 patienti;
1160 1797 1349 1837 necas
1380 1783 1484 1837 tibi
1516 1797 1618 1838 ceu
1644 1785 1906 1856 proprias
1930 1786 2051 1838 vin-

403 1873 562 1928 dices
599 1891 611 1928 :
646 1877 733 1927 est
765 1871 1045 1926 nimirum
1081 1873 1298 1942 peccati
1357 1872 1685 1926 hazreditas.
1735 1873 2053 1944 Uereliquit

406 1961 514 2016 tibi
547 1978 779 2016 servum
833 1966 1014 2032 pater,
1041 1961 1259 2030 injuste
1306 1960 1379 2013 ab
1427 1961 1554 2031 ipso
1602 1962 1658 2014 in
1711 1963 2050 2017 servitutem

2156 540 2419 616 ἄρχοντα.
2453 543 2550 596 Διά
2597 547 2758 597 τοῦτο
2805 539 3010 596 ἐδίδαεὲ
3057 560 3113 595 σε
3161 543 3194 609 ἡ
3231 539 3526 609 Ἐκκλησία
3584 538 3764 614 λέγειν
3797 560 3811 572 ⁸

2159 631 2570 704 Ἀποτάσσομαί
2623 651 2733 700 σοι,
2785 636 3013 685 Σατανᾶ.
3073 629 3221 700 Αὕτη
3273 633 3370 683 τοῦ
3444 626 3711 704 ἄρχοντος
3775 631 3814 697 ἡ

2155 721 2483 793 κακηγορίαι.
2553 722 2646 782 Τίς
2718 718 2774 774 δὲ
2848 721 2882 789 ἡ
2941 724 3047 773 τῶν
3124 718 3412 794 πατρίων;
3465 718 3817 775 ’Λποτάσσο-

2159 829 2255 880 μαι
2394 809 2484 862 καὶ
2529 813 2672 873 τοῖς’
2703 806 2881 885 ἔργοις
2934 830 3050 864 σου.
3076 812 3250 862 Ταῦτα
3305 809 3372 862 τὰ
3415 809 3634 881 πάτρια,
3672 802 3814 881 ἔργα

2155 901 2251 951 τοῦ
2297 892 2582 952 διαϐόλου.
2619 897 2898 972 Μακάριος
2931 898 2958 951 6
3006 901 3245 972 γνησίως
3293 897 3675 971 κακηγορήσας
3710 896 3814 950 τὸν

2159 985 2418 1061 ἄρχοντα.
2452 988 2821 1063 Προσὲρχεται
2852 987 2952 1060 γὰρ
2982 985 3174 1041 λοιπὸν
3208 984 3343 1060 πρὸς
3374 985 3465 1039 τὸν
3515 984 3810 1054 ἀΛηΘινὸν,

2157 1075 2244 1128 καὶ
2299 1076 2611 1152 φωτίζεται.
2646 1075 2926 1148 Μακάριος
2973 1075 3000 1130 ὁ
3058 1075 3412 1148 μεμψάμενος
3456 1079 3573 1135 τοῖς
3631 1072 3808 1128 πάλαι

2157 1162 2430 1234 πατρίοις·
2475 1164 2692 1238 εὑρήσει
2736 1164 2839 1238 γὰρ
2892 1165 2968 1235 (4)
3017 1160 3252 1237 πατρίδα
3295 1163 3396 1230 τήν
3448 1162 3560 1215 ἄνω
3605 1162 3810 1235 Ἰερου-

2159 1251 2524 1325 σαλὴμ,ἥτις
2580 1251 2691 1306 ἐστὶ
2756 1255 2940 1326 μήτηρ
2988 1253 3097 1306 τῶν
3153 1250 3361 1321 ὁμοίων
3420 1255 3500 1323 τῷ
3552 1250 3810 1326 μακαρίῳ

2159 1338 2380 1413 Παύλῳ.
2416 1342 2626 1413 Πάτριά
2657 1341 2768 1396 ὖστι
2797 1341 2885 1395 καὶ
2915 1341 2980 1395 τὰ
3010 1340 3070 1395 ἐκ
3098 1341 3344 1416 πατέρων
3395 1341 3532 1412 ἡμῖν
3591 1339 3813 1413 πονηρὰ

2161 1427 2253 1499 ἔθη
2314 1427 2743 1506 παραδιδόμενα.
2790 1431 2884 1486 Ἐκ
2943 1427 3257 1499 πλεονεξίας
3302 1448 3386 1482 σοι
3436 1425 3724 1482 κατέλιπεν
3781 1427 3811 1480 ὁ

2159 1518 2340 1593 πατὴρ
2397 1521 2688 1591 κτήματα;
2739 1515 2974 1579 ’Δπόδος
3031 1522 3112 1589 τῷ
3165 1516 3489 1589 ἠδικημένῳ
3522 1537 3536 1550 ·
3595 1517 3671 1589 μή
3734 1517 3814 1577 ὡς

2159 1603 2314 1661 ἰδίων
2341 1609 2416 1680 (5)
2447 1609 2748 1661 ἀντιποιοῦ’
2792 1605 3058 1681 ἁμαρτίας
3105 1603 3214 1660 εστὶ
3263 1603 3628 1680 κληρονομία.
3663 1602 3815 1661 Ἀδί-

2160 1717 2270 1758 κως
2317 1693 2876 1768 καταδουλωσάμενος
2907 1695 2936 1749 ὁ
2965 1695 3145 1770 πατὴρ
3193 1694 3368 1772 ἀφῆκὲ
3423 1713 3508 1748 σοι
3567 1689 3816 1760 δοῦλον;

2164 1784 2263 1845 Δὸς
2316 1785 2466 1856 αὐτῷ
2515 1783 2578 1839 σὺ
2619 1786 2716 1854 τήν
2767 1781 3357 1858 ἐλευθερίαν,κάκείνῳ
3412 1784 3488 1855 (6)
3545 1782 3812 1856 κουφοτὲ-

2163 1894 2256 1950 ραν
2286 1876 2536 1944 ποιήσεις
2565 1876 2663 1942 τὴν
2717 1873 2968 1947 βάσανον,
2998 1872 3087 1926 καὶ
3138 1876 3346 1944 σεαυτῷ
3391 1872 3492 1940 τήν
3540 1870 3815 1940 ἀληθινὴν

2162 1961 2468 2037 ἆΛευθερίαν
2497 1963 2940 2037 παρασκευάσεις.
2971 1962 3097 2016 Εἶτα
3124 1960 3177 2015 τί
3208 1982 3340 2037 φησι
3367 1980 3381 2030 ;

406 2050 754 2105 redactum?
783 2049 868 2104 Tu
901 2065 1033 2104 eum
1066 2048 1330 2104 libertate
1355 2049 1529 2120 dona,
1563 2053 1620 2104 et
1660 2051 1842 2122 patris
1875 2053 2200 2108 cruciatum
2250 2053 2460 2109 reddes
2507 2053 2805 2121 leviorem,
2837 2056 2893 2108 et
2921 2052 3030 2107 tibi
3078 2053 3204 2123 ipse
3254 2051 3585 2107 libertatem
3617 2065 3818 2106 veram

403 2139 762 2196 conciliabis.
797 2139 916 2192 Sub
948 2139 1066 2193 haec
1099 2137 1238 2209 quid
1271 2137 1456 2194 dicit?

473 2231 598 2283 222.
632 2231 706 2284 Et
736 2230 1029 2298 respicient
1061 2229 1119 2282 in
1159 2226 1361 2282 malum
1401 2243 1642 2293 sursum,
1675 2233 1726 2283 et
1758 2231 1819 2284 in
1850 2238 2054 2285 terram

399 2318 654 2374 deorsum
682 2318 975 2387 inspiciesut
1007 2334 1025 2370 :
1056 2322 1108 2370 et
1136 2332 1257 2372 ecce
1288 2320 1500 2387 egestus
1530 2327 1788 2390 angusta,
1821 2323 1874 2373 et
1899 2323 2050 2375 tene-

400 2408 534 2473 brze,
568 2408 648 2460 ita
680 2411 738 2460 ut
767 2422 874 2460 non
907 2405 1165 2472 videant;
1193 2409 1242 2460 et
1271 2422 1379 2460 non
1411 2405 1623 2475 deﬁciet
1654 2408 1754 2478 qui
1782 2409 1841 2462 in
1869 2423 2050 2477 angu-

394 2499 507 2550 stia
537 2504 617 2551 est
647 2511 816 2566 usque
835 2496 909 2549 ad
939 2504 1165 2566 tempus.
1189 2495 1458 2550 Afﬁrmat
1485 2496 1622 2561 fore,
1647 2501 1710 2550 ut
1738 2495 1776 2550 ii
1807 2497 1901 2566 qui
1937 2515 2048 2568 prae

397 2584 669 2655 angustia
700 2583 938 2638 adducti
963 2584 1177 2639 fuerint
1207 2584 1276 2637 ad
1311 2584 1711 2654 paenitentiam
1738 2586 2046 2656 agendam,

394 2689 630 2730 sursum
655 2671 974 2744 respiciant
1003 2673 1060 2726 in
1086 2671 1319 2726 cmlum.
1344 2673 1450 2738 Qui
1476 2673 1637 2745 prius
1664 2675 2050 2730 demittebant

395 2760 453 2814 in
487 2766 701 2815 terram
737 2760 959 2830 oculos,
990 2777 1092 2815 nec
1123 2762 1450 2816 divinarum
1487 2763 2044 2834 contemplationum

398 2849 828 2905 sublimitatem
862 2849 1187 2921 intelligere
1229 2856 1516 2920 poterant,
1551 2851 1609 2905 hi
1643 2869 1674 2906 a
1707 2870 1898 2908 rerum
1933 2860 2045 2908 ter-

395 2955 671 2995 renarum
702 2940 1005 2995 affections
1053 2946 1108 2994 et
1152 2941 1345 2995 studio
1378 2941 1547 3011 quasi
1581 2959 1613 2996 a
1641 2943 1873 2998 vinculo
1905 2961 2044 3013 quo-

395 3029 529 3085 dam
554 3029 1073 3093 soluti,oculorum
1098 3047 1340 3084 suorum
1367 3031 1579 3085 liberos
1598 3031 1838 3086 obtutus
1859 3034 2046 3103 figunt

2232 2232 2359 2286 222.
2409 2230 2512 2287 Καὶ
2590 2224 2984 2303 ἀναϐλὲψονται
3064 2228 3142 2291 εἷς
3217 2226 3310 2284 τὸν
3372 2227 3596 2298 οὐρανὸν
3675 2224 3815 2300 ἄνω,

2160 2319 2251 2372 καὶ
2318 2318 2395 2380 εἴς
2471 2321 2569 2388 τὴν
2649 2326 2750 2395 γῆν
2820 2319 2966 2373 κάτω
3043 2313 3460 2392 ἰμϐλέψονται·
3525 2315 3614 2371 καὶ
3693 2314 3816 2371 ίδοίι

2161 2408 2361 2482 ἀπορία
2417 2410 2596 2478 στενὴ,
2640 2409 2727 2462 καὶ
2777 2409 2992 2477 σκότος,
3044 2406 3180 2462 ὥστε
3243 2408 3318 2481 μὴ
3390 2407 3609 2482 βλέπειν
3647 2425 3660 2438 ⁸
3719 2405 3817 2459 καὶ

2160 2495 2262 2550 οὐκ
2335 2497 2741 2571 ἀπορηθήσεται
2797 2500 2875 2571 (7)
2934 2499 2962 2551 6
3021 2496 3074 2550 ἂν
3147 2494 3483 2571 στενοχωρίᾳ
3558 2491 3631 2548 ὢν
3705 2491 3815 2555 ῐως

2158 2589 2371 2660 καιροῦ.
2403 2586 2533 2660 Περὶ
2566 2586 2772 2640 τούτων
2819 2587 2974 2663 φησὶ,
3001 2590 3108 2640 τῶν
3155 2582 3245 2639 διὰ
3288 2585 3388 2652 τὴν
3437 2583 3812 2658 στενοχωρίαν

2158 2671 2234 2734 εἷς
2298 2676 2585 2745 μετάνοιαν
2639 2674 2975 2750 ὲναχθέντων
3023 2677 3120 2748 (8),
3153 2674 3235 2728 δτι
3281 2667 3673 2747 ἀναϐλᾶψονται
3733 2671 3813 2733 είς

2157 2762 2246 2815 τὸν
2289 2762 2509 2836 οὐρανὸν
2562 2764 2693 2820 ἄνω.
2727 2765 2792 2820 Οἱ
2836 2763 3098 2838 πρότερον
3151 2762 3568 2839 συγκύπτοντες,
3597 2760 3686 2814 καὶ
3749 2759 3810 2814 οὐ

2159 2848 2536 2923 δυνάμενοιτὰ
2579 2849 2765 2924 ὑψηλὰ
2797 2856 3077 2906 κατανοεῖν
3131 2855 3239 2905 τῶν
3296 2851 3455 2914 θείων
3515 2848 3808 2923 θεωρημά-

2154 2960 2286 3007 των,
2319 2940 2490 3010 οὗτοι,
2525 2941 2703 3015 ὥσπερ
2764 2940 2869 2994 ἀπὸ
2918 2937 3122 3012 δεσμοῦ
3175 2960 3344 3005 τινος,
3389 2943 3490 3004 τῆς
3540 2940 3677 3014 πρὸς
3739 2937 3809 2992 τα

2156 3032 2317 3103 γήινα
2379 3029 2713 3102 συμπαθείας
2792 3027 3066 3098 λυθέντες,
3129 3028 3410 3103 ἐλεύθερον
3485 3029 3686 3083 ἑαυτῶν
3744 3029 3807 3082 τὸ

390 3117 450 3172 in
484 3117 716 3185 cmlum,
751 3117 1133 3172 invisibilium
1170 3135 1233 3172 ac
1274 3119 1734 3190 intelligibilium
1771 3126 2040 3176 naturam

2162 3114 2316 3190 ὄμμα
2347 3119 2485 3193 πρὸς
2519 3118 2744 3194 οὐρανὸν
2793 3119 3126 3193 περιάξουσι.
3164 3123 3488 3193 θεωροῦντες
3534 3119 3634 3187 τήν
3693 3121 3806 3171 τῶν

391 3207 875 3278 contemplantes,
909 3211 965 3260 et
997 3205 1188 3261 locum
1233 3223 1346 3276 quo
1390 3208 1589 3278 reponi
1623 3214 1886 3278 oporteat
1915 3211 2039 3264 the-

389 3311 624 3363 saurus,
658 3295 1120 3349 considerantes.
1145 3295 1287 3349 Dein
1322 3296 1595 3366 Aspicient
1626 3298 1682 3350 in
1718 3306 1919 3352 terram
1949 3299 2042 3354 de-

390 3399 598 3437 orsum.
633 3383 741 3446 Qui
768 3387 936 3437 erant
981 3382 1116 3436 elati
1169 3383 1355 3454 prius,
1389 3401 1454 3438 ac
1503 3385 1573 3438 de
1623 3403 1684 3442 se
1735 3388 2044 3459 magniﬁce

387 3469 745 3537 sentiebant,
780 3475 998 3524 naturae
1031 3487 1152 3524 suae
1183 3470 1464 3526 vilitatem
1497 3488 1561 3526 cx
1603 3489 1670 3528 ea
1699 3490 1872 3544 quam
1909 3492 2042 3530 cum

387 3563 545 3615 terra
593 3558 812 3614 habent
841 3559 1187 3631 cognatione
1227 3567 1567 3632 agnoscent.
1601 3562 1808 3618 Mirare
1851 3570 2042 3619 autem

387 3665 564 3719 quam
593 3648 857 3719 apposite
881 3648 1040 3703 hisce
1064 3649 1256 3704 verbis
1285 3667 1386 3703 usa
1410 3650 1482 3704 sit
1506 3651 1837 3722 Scriptura:
1865 3670 2047 3724 quan-

390 3736 707 3807 doquidem
739 3737 1058 3791 dictionem
1097 3738 1330 3808 utrique
1363 3738 1442 3792 rei
1476 3741 1916 3797 convenientem
1949 3760 2042 3797 ex-

391 3824 690 3895 cogitavit.
723 3823 938 3880 leum
972 3823 1127 3879 enim
1161 3829 1216 3880 et
1251 3830 1410 3881 terra
1439 3828 1609 3883 nobis
1640 3835 2047 3901 proponuntur

391 3914 861 3986 contemplanda.
896 3912 1046 3969 Dicit
1075 3914 1313 3985 quidem
1345 3916 1415 3971 de
1446 3916 1610 3988 caelo,
1646 3919 1948 3990 Respicz'ent
1983 3923 2045 3976 in

389 4003 584 4059 cwlum
616 4019 876 4065 sursum;
909 4005 980 4058 de
1023 4007 1177 4059 terra
1217 4009 1413 4060 autem
1444 4005 1722 4078 Aspicient
1751 4011 1805 4063 in
1839 4019 2044 4065 terram

390 4093 662 4148 deorsum.
697 4091 914 4149 Deinde
946 4109 1060 4164 prae
1093 4093 1482 4150 admiratione
1515 4100 1813 4152 tantarum
1847 4115 2042 4154 rerum

389 4183 754 4254 cogniturum
790 4181 995 4253 inopes
1017 4185 1156 4237 sunt
1183 4182 1433 4248 consilii,
1459 4185 1941 4257 adducenturque
1972 4188 2042 4241 ad

391 4270 720 4342 angustias,
745 4273 801 4324 et
823 4273 1019 4324 mente
1041 4269 1523 4339 obcaecabuntur;
1557 4288 1690 4326 cum
1718 4277 1924 4344 stupor
1943 4277 2043 4345 qui

392 4375 461 4413 ex
484 4359 659 4413 rebus
691 4356 1007 4412 intellectis
1033 4358 1273 4428 orietur,
1298 4359 1595 4429 ingentem
1619 4361 1779 4417 illam
1813 4363 1869 4417 in
1901 4362 2045 4434 ipsis

2157 3205 2402 3280 ἀοράτων
2435 3207 2522 3261 καὶ
2564 3212 2775 3277 νοητῶν
2809 3205 2991 3285 φύσιν,
3021 3207 3110 3261 καὶ
3139 3211 3528 3269 κατανοοῦντες
3577 3206 3666 3260 τὸν
3712 3226 3809 3260 το-

2153 3315 2254 3348 πον
2304 3294 2440 3348 ὅπου
2502 3293 2681 3365 δεήσει
2738 3296 2828 3350 τὸν
2887 3298 3156 3371 Θησαυρὸν
3246 3293 3617 3358 ἀποτίθεσθαι.
3675 3294 3809 3348 Εἶτα

2156 3379 2555 3456 Ἐμϐλέψονται
2615 3385 2690 3446 είς
2748 3386 2847 3452 τὴν
2905 3391 3008 3461 γῆν
3067 3383 3235 3441 κάτω.
3295 3385 3373 3441 T6
3433 3381 3649 3444 εὐτελὲς
3701 3389 3806 3451 τῆς

2154 3470 2329 3526 αὐτῶν
2363 3473 2572 3549 φύσεως
2603 3471 2946 3544 ἐννοήσουσιν
2980 3472 3038 3528 ἐκ
3065 3481 3164 3542 τῆς
3195 3474 3328 3545 πρὸς
3367 3474 3468 3543 τὴν
3514 3475 3616 3548 γῆν
3670 3492 3808 3546 συγ-

2152 3561 2357 3635 γενείας
2401 3562 2452 3614 οἱ
2489 3561 2624 3622 τὲως
2671 3561 2972 3636 ἐπηρμενοι
3019 3562 3110 3617 καὶ
3171 3563 3311 3637 μέγα
3355 3565 3678 3638 φρονοῦντες
3722 3561 3806 3637 ἐφ’

2155 3649 2387 3711 ἑαυτοῖς.
2423 3651 2706 3723 Θαύμασον
2741 3647 2800 3704 δὲ
2830 3655 2948 3714 πῶς
2976 3652 3510 3728 παρατετηρημὲνως
3540 3656 3660 3712 ταῖς
3722 3648 3807 3704 λέ-

2155 3737 2292 3808 ξεσιν
2327 3737 2599 3814 ἐχρήσατο
2644 3741 2678 3808 ἡ
2731 3741 2938 3817 Γραφῆ,
2993 3739 3332 3814 ἁρμόζουσαν
3385 3739 3622 3811 δκατὲρῳ
3671 3740 3806 3813 πρά-

2153 3848 2321 3903 γματι
2355 3826 2684 3898 ὖπινοήσασα
2712 3830 2814 3898 τήν
2863 3828 3191 3907 ἆκςρώνησιν.
3221 3829 3463 3904 Οὐρανὸς
3505 3829 3607 3904 γὰρ
3660 3828 3804 3901 πρό-

2153 3939 2323 3973 κειται
2356 3919 2431 3980 εἷς
2466 3919 2720 3992 θεωρίαν,
2751 3919 2842 3973 καὶ
2871 3926 2961 3995 γῆ.
2997 3919 3128 3992 Περὶ
3163 3921 3256 3991 μὶν
3287 3916 3377 3972 οῦν
3426 3923 3524 3973 τοῦ
3570 3916 3803 3992 οὐρανοῦ

2154 4006 2320 4083 λέγει·
2379 4004 2805 4082 ’Δναϐλὲψονται
2866 4009 2942 4070 εἱς
2999 4010 3090 4062 τὸν
3181 4007 3406 4083 οὐρανὸν
3466 4006 3576 4062 ἅνω
3611 4026 3624 4039 '
3676 4008 3804 4082 περὶ

2156 4095 2212 4152 δὲ
2265 4104 2366 4166 τῆς
2425 4105 2533 4173 γῆς
2568 4119 2580 4130 ·
2643 4093 3047 4170 Ἐμϐλέψονται
3105 4100 3180 4171 (9)
3215 4096 3289 4159 εἷς
3320 4099 3420 4165 τὴν
3483 4103 3588 4169 γῆν
3631 4095 3803 4153 γάτω.

2154 4187 2287 4243 Εἶτα
2320 4185 2407 4241 ἐπὶ
2464 4191 2543 4260 τῷ
2575 4187 2810 4260 θαύματι
2865 4188 2962 4258 τῇς
3019 4191 3126 4241 τῶν
3159 4185 3502 4257 τηλικούτων
3534 4187 3803 4256 κατανοή-

2155 4294 2288 4337 σεως
2348 4274 2704 4348 ἀποροῦνται,
2743 4273 2834 4328 καὶ
2891 4275 3496 4348 στενοχωρηθήσονται,
3527 4272 3616 4326 καὶ
3672 4292 3808 4326 σκο-

2152 4366 2495 4433 τωθήσονται
2525 4365 2624 4432 τήν
2658 4361 2923 4433 διάνοιαν,
2963 4369 3063 4432 τῆς
3109 4362 3194 4417 ἐπὶ
3227 4367 3348 4424 τοῖς
3379 4359 3805 4437 καταληφθεῖσιν

399 4445 903 4519 perturbationem
947 4445 1242 4501 excitabit.
1270 4446 1402 4501 Cum
1449 4451 1618 4516 enim,
1666 4450 1880 4521 inquit,
1923 4469 2045 4508 con-

2162 4451 2473 4523 ὶκπλγςξεως
2505 4453 2602 4521 τήν
2639 4450 2884 4528 μεγάλην
2916 4452 3098 4514 αὐτοῖς
3143 4451 3344 4521 ταύτην
3391 4451 3641 4526 ταραχὴν
3701 4447 3808 4522 ἐμ-

407 4535 773 4591 summaverit
803 4533 1118 4600 homo,tunc
1145 4535 1340 4606 incipit
1366 4555 1384 4591 :
1406 4545 1455 4591 et
1478 4554 1603 4592 cum
1627 4542 2056 4611 quieverit,tunc

399 4622 924 4694 am'mz'pendebz’t".
945 4622 1126 4678 Nemo
1145 4624 1304 4678 novit
1332 4631 1539 4696 quotet
1558 4633 1778 4698 quanta
1799 4630 2051 4702 ignoret,

396 4713 510 4770 nisi
534 4711 791 4770 scientias
818 4711 998 4784 hujus
1019 4711 1294 4768 habuerit
1317 4720 1581 4786 gustum.
1601 4719 1707 4774 Sed
1733 4725 1925 4777 tamen
1949 4723 2048 4779 be-

463 4894 506 4929 “
535 4891 659 4948 Gal.
693 4909 769 4961 1v,
801 4891 891 4947 26.
972 4891 1015 4928 ⁸⁷
1046 4891 1220 4949 Eccli.
1251 4909 1412 4962 xvm,
1443 4896 1496 4951 6.

461 5074 537 5147 (3)
567 5071 750 5147 Editi,
782 5069 1216 5147 ’Auorcioc'ouut
1243 5091 1347 5147 σοι.
1374 5074 1610 5147 __Vocula-
1645 5098 1728 5132 σοι
1781 5079 1840 5134 in
1892 5095 2038 5136 mss.

394 5143 528 5203 non
563 5145 874 5222 invenitur.
909 5145 1038 5222 Mox
1083 5145 1246 5222 editi,
1277 5143 1342 5222 τὰ
1373 5143 1517 5222 ἔργα.
1553 5149 1662 5205 Sed
1714 5151 1772 5205 in
1825 5153 2040 5208 nostris

395 5233 499 5276 sex
529 5234 668 5272 mss.
705 5233 816 5272 non
853 5217 1060 5283 legitur
1087 5216 1389 5272 articulus.

465 5291 541 5358 (4)
572 5290 743 5354 Editi,
777 5287 879 5361 γὰρ
931 5288 1123 5357 ἑαυτῷ.
1151 5289 1329 5361 illud,
1381 5288 1573 5361 ἑαυτῷ,
1605 5309 1635 5346 a
1677 5294 1892 5349 nostris
1944 5312 2043 5350 sex

397 5378 542 5417 mas.
600 5359 799 5436 abest.
835 5359 1046 5416 Statim
1096 5359 1257 5427 editi,
1290 5359 1534 5436 πατέρων
1587 5364 1770 5434 ἡμῶν.
1821 5372 1896 5421 At
1943 5384 2042 5422 sex

397 5449 566 5498 mea,
599 5449 758 5498 ημιν.

787 5497 918 5571 ἰδίᾳ.
953 5499 1480 5577 Veteres‘quinque
1511 5502 1666 5576 libri,
1702 5501 1874 5564 ἰδίων.

474 5570 551 5642 (ti)
585 5576 723 5648 Reg.
739 5570 832 5648 'th
842 5570 1024 5642 artus,
1037 5570 1324 5648 κάκείνου.

473 5649 550 5723 (7)
579 5643 819 5720 Ληῖὶιῖὑί
867 5650 986 5702 tres
1037 5643 1195 5718 libri,
1233 5645 1321 5702 καὶ
1376 5647 1479 5704 οὐκ
1525 5648 2039 5726 ἀποστερηθήσεται,

2165 4540 2470 4612 ποιούσης.
2529 4542 2691 4598 Ὅταν
2766 4545 2867 4616 γὰρ
2957 4538 3281 4614 συντελέσῃ,
3339 4538 3539 4616 φησὶν,
3594 4537 3807 4612 ἄνθρω-

2162 4651 2288 4697 πος,
2339 4629 2460 4684 τότε
2518 4627 2776 4706 ἄρχεται·
2817 4629 2907 4684 καὶ
2963 4629 3088 4684 ὅυαν
3140 4629 3434 4700 παύσηται,
3490 4628 3613 4683 τότε
3669 4625 3807 4681 ἄπο-

2162 4722 2479 4797 ρτ,Θνςσεται.
2512 4717 2701 4784 Οὐδεὶς
2739 4717 2878 4775 οἶδεν
2919 4719 3059 4775 πόσα
3102 4721 3213 4793 (10)
3244 4717 3342 4773 οὐκ
3388 4715 3554 4786 οἶδεν,
3585 4715 3672 4771 ἐὰν
3728 4717 3806 4789 μή

2151 5085 2201 5137 et
2229 5098 2338 5138 non
2367 5081 2708 5150 privabitur.

2225 5155 2298 5224 (8)
2332 5149 2480 5228 E’diti
2527 5157 2584 5228 ct
2630 5153 2746 5208 duo
2788 5167 2957 5222 ωδε..
2991 5149 3355 5228 ἀναχθέντων.
3389 5151 3499 5207 Alii
3551 5154 3815 5223 quatuor

2155 5223 2290 5278 mss.
2302 5267 2314 5280 .
2350 5223 2680 5297 ἐναχθὲντων
2694 5267 2706 5280 .

2225 5298 2298 5366 (9)
2331 5289 2500 5366 Editi,
2553 5296 2647 5348 Καὶ
2709 5289 3097 5366 ἐμϐλέψανται.
3129 5294 3351 5350 Vocula
3399 5293 3495 5346 Καί
3546 5294 3603 5348 in
3657 5311 3808 5366 mss.

2154 5364 2624 5423 non'invenitur.
2659 5364 3022 5437 Statim,'ubi
3073 5368 3132 5422 in
3182 5368 3356 5422 editis
3409 5365 3622 5438 legitur
3671 5364 3808 5418 ἀπο-

2152 5443 2397 5564 Ξοῦντοις,
2441 5441 2498 5495 in
2546 5440 2760 5496 nostris
2816 5440 3117 5496 codicibus
3178 5440 3463 5511 scripturn
3514 5438 3816 5510 reperitur

2187 5530 2505 5564 ποοουνται.

2187 5530 2505 5568 πορσυνται.

2220 5531 2552 5710 (Ὑόῗυίῖἓῗίὲκ
2583 5599 2736 5638 unus
2767 5597 2899 5640 cum
2930 5583 3125 5654 editis,
3156 5580 3347 5637 ὁπόσα.
3371 5580 3484 5637 Alii
3514 5581 3811 5653 quinque,

2220 5673 2319 5710 58..
2356 5675 2396 5710 π
2431 5675 2515 5710 σα.

2150 5671 2319 5725 mss,
2356 5671 2515 5711 ποσα.
