4118 6220
459 323 570 383 507

1397 322 1796 384 APPENDIX
1842 321 2168 382 OPERUM
2213 321 2279 382 S.
2325 323 2610 384 BASILII
2657 322 2930 384 MAGNI.

3757 319 3887 380 508

455 454 670 526 pepulo
711 454 932 510 sitienti
963 454 1211 525 gratiam
1235 459 1627 526 exspectatam
1650 454 2106 523 annuntiat,eit:

2229 452 2325 508 1:06
2376 456 2538 529 ’χάρις
2597 451 2943 518 ἀναδίδοσθαι
3001 454 3255 528 πέφυκεν,
3289 452 3413 508 ὅταν
3480 453 3555 524 μὴ
3613 457 3881 519 ναυτιῶν,

456 545 563 598 Hoc
586 547 836 613 primum
867 545 1223 615 bibe.Excipe
1242 544 1512 599 inanimo
1544 543 1804 599 laetitiam
1831 545 2108 600 :reconde

457 632 516 686 in
540 649 605 687 eo
631 632 836 687 salutis
869 633 1104 704 dogma.
1133 633 1254 688 Alio
1289 633 1534 688 inferius
1566 651 1636 687 ne
1665 634 1983 705 putaveris,
2007 648 2113 688 nec

460 722 780 791 quidquam
813 721 968 776 aliud
996 739 1062 776 eo
1093 723 1472 793 praestantius
1502 739 1632 777 esse
1661 723 1978 777 existimes.
2013 722 2114 776 Est

459 815 594 865 ante
625 809 822 865 omnia
855 827 866 863 :
907 826 1008 864 nec
1043 811 1369 882 quidquam
1400 812 1503 866 abs
1560 817 1616 866 te
1665 811 1982 882 excogitari
2016 827 2114 881 po-

459 898 755 970 test,quod
793 898 867 952 sit
900 899 1212 954 Conditore
1247 905 1348 953 tuo
1380 900 1686 971 prius,aut
1717 900 1870 971 quod
1905 905 2116 954 natura

462 989 539 1042 sit
563 989 948 1058 primogenito
980 989 1173 1042 omnis
1205 995 1481 1044 creature
1513 990 1556 1024 ⁹⁹
1577 988 2114 1044 excellentius.Pri-

462 1093 615 1130 mum
647 1076 785 1130 bibe.
814 1076 977 1130 Disce
1008 1077 1066 1130 in
1100 1077 1388 1148 principio
1428 1079 1611 1133 fuisse
1644 1078 1940 1135 Verbum‘.
1969 1079 2115 1131 Ante

464 1164 838 1236 principium,
873 1163 1013 1218 nihil
1045 1182 1057 1226 ;
1093 1165 1238 1219 nihil
1272 1166 1436 1236 prius
1467 1183 1532 1221 eo
1567 1168 1668 1238 qui
1709 1172 1834 1222 erat
1865 1166 1924 1220 in
1956 1167 2115 1236 prin-

461 1254 633 1323 cipio.
668 1253 747 1306 Ne
781 1253 946 1322 prius
969 1270 1154 1307 aevum
1190 1255 1382 1321 bibas,
1419 1272 1534 1309 non
1570 1254 1964 1324 intervallum,
1997 1271 2115 1308 non

462 1343 656 1396 locum
693 1342 820 1396 Filii
846 1343 1179 1398 substantia
1209 1343 1702 1408 destitutum,non
1736 1350 2116 1415 tempus,n0n

463 1429 746 1501 temporis
787 1431 1021 1498 aliquod
1056 1437 1566 1498 momentum,aon
1602 1433 1923 1502 quidquam
1953 1431 2118 1487 futile

463 1523 518 1574 et
551 1536 786 1587 vanum,
813 1521 959 1588 quod
995 1519 1230 1574 animus
1262 1519 1572 1592 imaginari
1607 1521 1814 1576 valeat.
1851 1525 1965 1576 Hoc
2002 1521 2116 1591 pri-

463 1624 614 1661 mum
647 1609 784 1672 bibe,
817 1611 920 1663 cito
949 1610 1058 1678 fac.
1093 1609 1216 1663 Non
1274 1608 1505 1680 ignave,
1556 1627 1669 1664 non
1697 1609 1971 1681 segniter,
2000 1625 2116 1664 non

464 1694 844 1766 negligenter,
879 1714 992 1751 non
1026 1695 1303 1768 languide
1334 1715 1482 1769 opus
1513 1700 1848 1771 aggredere,
1891 1699 1989 1753 sed
2029 1698 2115 1752 vi-

463 1783 648 1838 riliter
673 1791 729 1838 et
758 1785 1040 1840 studiose.
1096 1785 1437 1856 Cujusmodi
1472 1793 1596 1842 erat
1643 1787 1880 1852 Paulus,
1913 1787 2011 1858 qui
2045 1785 2118 1841 si-

2223 541 2363 616 μηδὲ
2393 539 2744 613 ἀποϐλύζων,
2781 541 2927 598 ἀλλά
2958 540 3026 596 δι’
3061 536 3371 618 ὑπερϐολὴν
3409 543 3710 616 ξηρότητος
3730 540 3879 617 ἐφιε-

2225 653 2385 704 μενος
2413 639 2512 701 τῆς
2544 631 2603 687 ἐκ
2628 637 2725 687 τοῦ
2763 637 2935 689 ποτοῦ
2965 633 3332 704 παραμυθίας,
3375 629 3462 686 καί
3521 635 3639 691 ταῖς
3696 629 3876 684 νοτίσι

2220 724 2316 774 1:06
2358 723 2614 784 ποθέντος
2665 723 2774 794 (48)
2819 720 3006 776 δαυτὸν
3056 718 3370 796 διυγραίνει.
3405 719 3502 774 Διὰ
3557 723 3720 774 τοῦτο
3781 717 3878 772 καὶ

2221 813 2311 862 νῦν
2337 809 2364 862 ὁ
2397 808 2880 885 εὐαγγελιζόμενος
2921 809 2997 871 ὡς
3029 806 3346 882 δεδιψηκότι
3378 805 3498 879 λαῷ
3551 809 3650 877 τὴν
3707 827 3880 883 προσ-

2224 894 2541 972 δοκωμένην
2601 902 2786 974 χάριν,
2847 897 3015 972 φησί·
3061 901 3237 954 Τοῦτο
3296 903 3512 973 πρῶτον
3571 897 3685 954 πίε.
3715 898 3879 950 Ὑπό-

2224 983 2364 1058 δεξαι
2397 992 2465 1060 τῇ
2497 991 2650 1062 ψυχῇ
2679 989 2777 1055 τήν
2834 987 3189 1065 εὐφροσύνην·
3220 984 3372 1041 ἔνθου
3428 985 3492 1040 τὸ
3541 982 3721 1061 δόγμα
3772 992 3878 1052 τῆς

2226 1075 2521 1150 σωτηρίας.
2565 1078 2658 1146 Μὴ
2703 1074 2948 1152 δεύτερον
3001 1073 3177 1131 ἄλλου
3236 1077 3442 1150 ἡγήσῃ,
3495 1072 3636 1148 μηδὲ
3681 1095 3878 1148 προτι-

2228 1164 2452 1240 μότερόν
2485 1187 2539 1220 τι
2571 1165 2766 1220 τούτου
2797 1165 3025 1239 νομίσῃς
3055 1162 3262 1240 ἕτερον.
3296 1163 3408 1240 Πρὸ
3441 1164 3656 1218 πάντων
3690 1162 3835 1216 ίστίν
3864 1181 3875 1195 '

2227 1250 2349 1308 οὕτε
2402 1255 2486 1308 σοί
2528 1275 2581 1308 τι
2611 1255 2873 1330 πρότερον
2905 1255 3170 1322 νοηθῆναι
3230 1249 3448 1306 δύναται
3506 1256 3603 1306 τοῦ
3659 1251 3882 1306 κτίσανο

2224 1341 2316 1405 τός
2355 1361 2429 1397 σε·
2464 1340 2588 1397 οὕτε
2623 1347 2691 1416 τῇ
2725 1342 2877 1420 φύσει
2932 1340 3260 1415 τιμιώτερόν
3317 1362 3391 1411 τι,
3447 1344 3546 1395 1:06
3603 1340 3884 1415 πρωτοτό-

2223 1451 2322 1485 κου
2381 1429 2557 1500 πάσης
2615 1431 2863 1492 κτίσεως.
2900 1434 3121 1503 Πρῶτον
3153 1429 3263 1486 πίε.
3305 1429 3455 1492 Maio:
3487 1429 3571 1482 δτι
3621 1428 3672 1482 ἰν
3725 1429 3879 1504 ἀρχῇ

2225 1517 2292 1585 ἦν
2323 1521 2350 1574 6
2382 1521 2573 1596 Λόγος.
2595 1517 2762 1577 Οὐδὲν
2795 1539 2900 1592 προ
2933 1518 3136 1594 ἀρχῆς·
3163 1515 3317 1572 οὐδὲν
3352 1517 3457 1592 πρὸ
3488 1520 3586 1571 τοῦ
3616 1515 3669 1571 ἐν
3700 1517 3877 1593 ἀρχῇ.

2228 1609 2320 1677 Μὴ
2354 1608 2522 1663 αἰῶνα
2546 1608 2808 1684 προπίῃς·
2859 1609 2934 1681 μὴ
2987 1603 3294 1678 διάστημα·
3328 1606 3403 1678 μή
3449 1604 3616 1660 τόπον
3660 1603 3880 1680 ἔρημον

2225 1704 2326 1766 τῆς
2382 1698 2509 1752 Υἱοῦ
2561 1697 2835 1772 ὑπάρξεως
2863 1715 2875 1728 ·
2914 1697 2990 1768 μὴ
3024 1694 3221 1770 χρόνον
3249 1713 3261 1727 ο
3317 1695 3393 1766 μὴ
3424 1690 3610 1767 καιρόν
3633 1713 3646 1725 ·
3702 1691 3878 1766 μηδὲν

2225 1790 2331 1839 τῶν
2386 1786 2523 1840 κατὰ
2580 1784 2866 1862 φαντασίαν
2929 1783 3192 1856 ματαίων,
3227 1779 3537 1855 δυναμένων
3591 1785 3660 1855 τῇ
3714 1785 3877 1857 ψυχῇ

463 1873 583 1927 mul
619 1878 681 1928 ut
711 1874 858 1929 bibit
888 1875 1085 1942 fidem,
1120 1834 1246 1930 siiie
1309 1876 1427 1932 ulla
1477 1877 1762 1948 temporis
1823 1834 1987 1932 nioi‘a
2045 1877 2114 1930 ad

2228 1834 2527 1951 ιῆίνέξθᾎιῖ
2562 1834 2859 1930 ,τῖςᾷἐξτῗ
2879 1834 3134 1948 se..."
3151 1834 3249 1926 iii;
3270 1834 3284 1904 ἓ
3303 1834 3310 1837 ⁷
3330 1834 3500 1946 Quit
3542 1834 3688 1925 ποίει
3706 1834 3740 1928 .“
3771 1834 3877 1940 iii

464 1963 933 2033 praedicationem
959 1963 1208 2019 accessit
1242 1981 1256 2021 :
1290 1965 1506 2037 quippe
1527 1967 1628 2038 qui
1661 1965 1820 2020 carni
1874 1982 1988 2020 non
2019 1981 2118 2020 ac-

465 2051 810 2122 quiesceret,
844 2057 945 2108 aut
975 2053 1250 2124 sanguini
1281 2055 1303 2088 ¹
1336 2070 1349 2120 ;
1411 2055 1510 2110 sed
1570 2059 1852 2126 tanquam
1913 2070 2119 2109 cursor

465 2141 726 2211 quidam,
763 2141 861 2195 ubi
895 2141 1152 2212 primum
1187 2143 1412 2197 audivit
1442 2159 1649 2197 cursus
1683 2141 2116 2215 signum,festi-

467 2229 646 2284 nabat
676 2230 746 2284 ad
781 2230 979 2295 ﬁnem,
1008 2231 1176 2300 juxta
1225 2231 1529 2303 priefixum
1591 2249 1833 2304 scopum
1869 2232 1937 2287 ad
1972 2249 2114 2303 pris-

470 2317 655 2374 mium
690 2335 954 2390 supernae
986 2319 1306 2375 vocationis
1328 2322 1687 2376 contendens
1708 2322 1749 2375 ⁸.

2226 1963 2466 2038 χαύνως,
2528 1959 2669 2035 μηδὲ
2717 1956 3329 2032 καταϐεϐλακευμένως,
3367 1956 3510 2031 μηδὶ
3566 1957 3876 2027 ἀσπούδως,

2231 2048 2373 2124 μηδὶ
2439 2049 2679 2112 ἓκλύτως
2769 2048 2857 2104 ἐπὶ
2934 2049 3034 2117 τὴν
3116 2052 3214 2102 τοῦ
3294 2045 3452 2123 ἔργου
3524 2045 3874 2122 παραδοχὴν,

2225 2138 2374 2195 ἀλλὰ
2430 2138 2697 2200 συντόνως
2755 2140 2842 2194 καὶ
2893 2135 3374 2209 κατεσπευσμένως
3425 2138 3560 2210 (19).
3610 2137 3742 2197 Οἷος
3807 2137 3874 2204 ἧν

2224 2227 2466 2289 Παῦλος·
2501 2229 2641 2300 ὁμοῦ
2685 2247 2742 2282 τε
2793 2223 2937 2282 ἔπινε
2991 2227 3090 2294 τὴν
3144 2225 3345 2293 πίστιν,
3375 2225 3466 2280 καὶ
3523 2223 3714 2280 οὐδένα
3749 2246 3877 2280 και-

2227 2317 2316 2390 ρὸν
2350 2312 2685 2372 ἀνεϐάλλετο
2717 2317 2854 2388 πρὸς
2884 2316 2946 2370 τὸ
3003 2317 3281 2390 κήρυγμα·
3316 2314 3373 2376 ες
3414 2336 3475 2391 γε
3521 2313 3646 2370 οὐδὶ
3702 2335 3880 2390 προσ-

468 2406 682 2468 ανὲθετο
716 2407 870 2481 σαρκὶ
901 2407 991 2461 καὶ
1024 2405 1233 2480 α’ίματι,
1266 2407 1392 2463 ἀλλ’
1425 2407 1597 2476 εὐθὺς,
1633 2409 1814 2484 ὥσπερ
1853 2429 1938 2469 τις
1971 2405 2226 2482 δρομεὺς,
2256 2408 2396 2479 ὁμοῦ
2424 2427 2482 2460 τε
2513 2400 2676 2461 ἔλαϐε
2703 2406 2765 2461 τὸ
2811 2409 2908 2461 τοῦ
2950 2403 3160 2481 δρόμου
3199 2404 3468 2478 σύνθημα,
3500 2404 3589 2460 καὶ
3635 2404 3778 2480 πρὸς
3819 2404 3882 2458 τὸ

467 2491 627 2554 τίλος
657 2491 924 2568 ἐπείγετο,
965 2494 1100 2549 κατὰ
1131 2495 1331 2549 σκοπὸν
1364 2492 1578 2550 διώκων
1610 2495 1686 2559 εἰς
1713 2496 1776 2550 τὸ
1810 2490 2062 2571 βραϐεῖον
2089 2499 2188 2560 τῆς
2218 2495 2328 2549 ἅνω
2358 2492 2632 2564 κλήσεως.

536 2582 661 2638 224.
695 2584 867 2656 Regio
894 2584 1160 2639 Zabulon.
1194 2585 1274 2639 Ad
1310 2585 1418 2641 hos
1456 2585 1617 2656 ipsos
1667 2587 1951 2658 propheta
1990 2602 2121 2640 con-

469 2671 579 2726 fert
610 2687 962 2739 sermonem,
985 2675 1141 2745 apud
1173 2690 1322 2745 quos
1353 2679 1615 2730 moratus
1667 2681 1757 2730 est
1817 2674 2117 2742 Dominus,

470 2761 569 2831 qui
606 2760 768 2832 prius
801 2762 857 2816 in
919 2762 1262 2834 ignorantia:
1294 2764 1550 2820 tenebris
1601 2763 1988 2830 ambulantes,
2022 2779 2118 2818 ex-

469 2848 690 2904 oriente
719 2849 941 2905 lumine
965 2852 1280 2919 vero,Quod
1294 2855 1575 2908 illuminat
1603 2869 1816 2909 omnem
1844 2854 2118 2908 hominem

471 2940 776 2995 venientem
808 2943 864 2996 in
897 2940 1043 2996 hunc
1073 2944 1347 2997 mundum
1380 2945 1421 3011 ‘,
1459 2944 1731 2998 viderunt
1759 2941 1948 2998 lucem
1998 2960 2117 2998 ma-

468 3029 855 3099 gnam.Nemo
875 3036 1067 3086 autem
1102 3032 1702 3103 suspiceturMatthzei
1732 3038 1788 3087 et
1819 3031 2113 3104 prophetes

466 3119 642 3171 verba
669 3134 796 3173 esse
827 3119 978 3174 inter
1011 3136 1072 3174 se
1104 3122 1563 3192 pngnantia,etsi
1585 3121 1682 3176 ille
1703 3123 1938 3192 quidem
1955 3121 2111 3176 dixe-

2302 2586 2427 2640 224.
2478 2583 2644 2658 Χώρα
2689 2576 2999 2636 Ζαϐουλὼν.
3034 2579 3176 2655 Πρὸς
3233 2579 3360 2642 τοὺς
3410 2577 3606 2643 αὐτοὺς
3656 2578 3880 2634 ἀποτεί-

2227 2691 2374 2725 νεται
2417 2672 2445 2725 6
2489 2673 2798 2747 προφήτης,
2831 2669 2967 2744 πρὸς
3015 2668 3108 2731 οὓς
3161 2667 3525 2744 ὲπεχωρίαζεν
3579 2669 3606 2721 6
3657 2666 3880 2740 Κύριος,

2229 2757 2420 2823 θ’ίτινες
2475 2759 2736 2836 πρότερον
2789 2758 2841 2812 ἐν
2895 2762 2976 2830 τῷ
3031 2757 3209 2813 σκότει
3257 2765 3358 2827 τῆς
3386 2756 3605 2832 ἀγνοίας
3645 2757 3880 2830 πορευό-

2231 2870 2404 2921 μενοι,
2437 2849 2490 2903 ἐν
2538 2853 2605 2922 τῇ
2655 2845 2896 2921 ἀνατολῇ
2957 2850 3053 2900 τοῦ
3111 2846 3288 2923 φωτὸς
3337 2850 3434 2900 τοῦ
3483 2843 3777 2915 ἀληθινοῦ,
3809 2846 3877 2902 ⁸0

2227 2939 2449 3014 φωτίζει
2482 2937 2653 2992 πάντα
2693 2935 2976 3011 ἄνθρωπον
3031 2933 3326 3010 ἆρχόμενον
3375 2934 3454 2998 είς
3497 2934 3589 2989 τὸν
3643 2933 3878 3006 κόσμον,

2226 3024 2364 3081 εἶδον
2398 3029 2510 3100 (20)
2542 3031 2657 3104 φῶς
2718 3027 2873 3102 μάγα.
2910 3023 3006 3082 Καὶ
3077 3021 3270 3098 μηδεὶς
3323 3024 3517 3087 οἰέσθω
3576 3020 3875 3101 διαφωνίαν

2223 3114 2369 3191 ἔχειν
2423 3115 2560 3190 πρὸς
2615 3115 2677 3169 τὸ
2728 3114 3068 3192 προφητικὸν
3100 3113 3260 3190 ῥητὸν
3291 3113 3359 3168 τὰ
3388 3112 3535 3188 παρὰ
3573 3116 3671 3166 τοῦ
3731 3119 3878 3167 Ματ-

467 3205 559 3258 rit.
592 3208 833 3275 Populus
861 3209 959 3278 qui
1010 3209 1235 3264 sedebat
1272 3212 1329 3263 in
1359 3213 1598 3266 tenebris
1627 3211 1688 3272 ⁸;
1724 3210 1931 3265 lsaiam
1975 3226 2110 3265 vero

2228 3205 2398 3268 θαίου·
2434 3203 2581 3278 εἳπερ
2641 3205 2669 3258 6
2733 3204 2828 3276 μὲν
2880 3204 3044 3258 εἶπεν·
3077 3204 3139 3260 Ὁ
3196 3202 3326 3263 λαὸς
3373 3203 3401 3256 6
3454 3202 3771 3272 καθήμενος
3826 3200 3880 3255 ἐν

465 3297 692 3346 constet
722 3295 937 3350 dixisse
971 3311 983 3350 :
1018 3297 1124 3364 Qui
1153 3298 1473 3352 ambulabat
1503 3299 1837 3354 intenebris.
1871 3299 2017 3354 Nam
2050 3299 2112 3353 in

465 3382 725 3435 tenebris
753 3383 1055 3438 ambulare
1085 3384 1239 3439 idem
1265 3385 1417 3440 valet
1447 3391 1618 3456 atque
1652 3389 1704 3441 in
1742 3387 2000 3443 tenebris
2037 3403 2122 3442 se-

468 3469 625 3535 dere,
665 3486 796 3524 cum
833 3477 1077 3542 uterque
1109 3489 1141 3527 a
1170 3475 1468 3545 proposito
1509 3476 1622 3530 fine
1651 3475 1921 3532 similiter
1951 3477 2120 3531 aber-

476 3562 584 3624 ret,
609 3562 732 3611 tum
769 3559 869 3630 qui
895 3576 1005 3615 non
1041 3566 1328 3628 movetur,
1372 3567 1496 3617 tum
1540 3563 1640 3635 qui
1672 3569 1888 3620 temere
1918 3566 2118 3620 obam-

467 3645 633 3700 bulat
663 3647 1055 3704 errabundus.
1087 3649 1192 3712 Qui
1229 3651 1382 3706 enim
1417 3652 1541 3707 sine
1573 3669 1750 3723 scopo
1781 3653 2017 3718 incedit,
2049 3655 2122 3709 ad

469 3732 694 3788 nullum
726 3741 948 3791 certum
973 3737 1165 3792 locum
1195 3739 1394 3805 vadit;
1424 3740 1523 3811 qui
1571 3757 1703 3796 vero
1735 3741 1793 3795 in
1827 3743 1942 3796 otio
1975 3741 2118 3796 deti-

469 3826 656 3890 netur,
693 3841 1060 3896 nequaquam
1096 3828 1267 3881 finem
1303 3829 1772 3900 assequitur.Hic
1804 3829 1985 3901 igitur
2014 3847 2119 3902 po-

466 3911 663 3982 pulus,
714 3913 813 3983 qui
847 3915 1108 3984 gentium
1141 3915 1476 3988 ignorantia
1518 3919 1945 3988 obcmcabatur,
1976 3918 2121 3974 vidit

465 3997 678 4070 lucem,
716 4019 827 4057 non
861 4002 1063 4072 talem,
1098 4004 1288 4076 qualis
1321 4006 1393 4060 ab
1419 4007 1572 4078 igne,
1600 4013 1701 4062 aut
1732 4026 1764 4062 a
1788 4007 1996 4072 stellis.
2021 4013 2122 4063 aut

467 4105 500 4144 ει
522 4089 685 4156 luna,
709 4095 811 4146 aut
833 4109 865 4147 a
897 4092 1038 4161 sole,
1073 4098 1174 4148 aut
1205 4113 1237 4149 a
1268 4093 1535 4166 fulgetris
1594 4097 1730 4151 oriri
1792 4095 1939 4151 solet
1971 4115 1984 4162 ;
2018 4097 2119 4151 sed

461 4177 610 4233 vidit
641 4177 829 4234 lucem
865 4197 1298 4253 magnam,quaa
1328 4182 1625 4238 intellectu
1661 4200 1956 4255 sensuque
1979 4201 2119 4255 pra:-

466 4267 604 4321 ditis
636 4267 894 4339 effulget,
929 4286 1056 4338 quas
1084 4277 1140 4324 et
1193 4287 1323 4325 cum
1375 4272 1539 4326 Patre
1568 4276 1678 4340 est,
1737 4278 1795 4328 et
1852 4272 2120 4329 homines

465 4352 808 4422 illustrat,et
829 4356 1068 4427 angelos
1098 4359 1278 4412 efficit
1309 4358 1734 4428 splendidos,et
1763 4361 2117 4416 sufﬁcitom-

468 4441 790 4507 nibus,imo
824 4443 1002 4499 latius
1027 4445 1219 4500 adhuc
1251 4447 1514 4502 extendit
1542 4464 1682 4502 suos
1706 4450 1982 4520 fulgores.
2006 4450 2118 4505 Sed

465 4528 525 4585 in
557 4547 672 4601 qua
705 4531 938 4603 regione
969 4533 1224 4604 populus
1245 4535 1510 4606 gentium
1547 4535 1850 4592 habitabat
1879 4537 1906 4592 ?
1934 4539 1997 4594 In
2031 4556 2119 4594 re-

2231 3293 2428 3349 σκότει·
2475 3295 2503 3348 ὁ
2562 3291 2620 3348 δὶ
2657 3290 2886 3354 Ἠσαίας
2935 3292 3177 3370 φαίνεται
3219 3289 3476 3364 εἷ’ρηκώς.
3522 3291 3583 3347 Ὁ
3642 3290 3887 3364 πορευό-

2235 3405 2392 3455 μενος
2425 3382 2479 3436 ἐν
2509 3383 2709 3438 σκότει.
2743 3385 2886 3439 ’Ἰσον
2918 3381 3021 3456 γὰρ
3073 3378 3292 3435 δύναται
3344 3379 3434 3434 καὶ
3463 3380 3526 3433 τὸ
3583 3377 3636 3432 ἐν
3700 3374 3884 3433 σκότει

2229 3472 2574 3547 πορεύεσθαι,
2606 3470 2696 3525 καὶ
2747 3471 2810 3525 τὸ
2867 3466 3370 3538 καθέζεσθαι·διότι
3430 3472 3528 3522 τοῦ
3582 3466 3889 3540 ἀποκειμί-

2228 3581 2324 3614 νου
2377 3559 2571 3621 τέλους
2629 3558 2836 3632 ὁμοίως
2895 3557 3196 3635 ἀμφότεροι
3252 3554 3668 3611 ἀπολείπονται·
3706 3556 3735 3608 6
3793 3557 3888 3626 μὶν

2233 3650 2308 3722 μή
2342 3648 2684 3721 κινούμενος,
2719 3649 2746 3702 6
2801 3646 2859 3702 δὶ
2914 3647 3031 3715 εἰκῆ
3083 3645 3532 3722 πεθιερχόμενος.
3566 3645 3662 3698 Καὶ
3719 3644 3829 3719 γὰρ
3862 3645 3890 3698 6

2231 3737 2354 3792 ἄνευ
2414 3737 2618 3792 σκοποὸ
2674 3733 2931 3812 βαδίζων,
2961 3733 3207 3808 οὐδαμοῦ
3253 3735 3562 3810 προχωρεῖ,
3590 3729 3682 3787 καί
3742 3734 3772 3787 6
3835 3731 3887 3786 ἐν

2229 3824 2389 3902 ἀργίᾳ
2442 3823 2824 3898 πεπεδημένος
2852 3827 2966 3898 (21)
3024 3823 3123 3878 οὐκ
3170 3823 3464 3897 ἆφικνεῖται
3511 3825 3607 3876 τοῦ
3658 3818 3888 3879 τιλους.

2229 3917 2402 3978 Οὗτος
2430 3915 2610 3970 τοίνυν
2644 3915 2671 3968 6
2704 3913 2858 3981 λαὸς,
2891 3915 2918 3968 6
2950 3913 3001 3968 ἰν
3049 3917 3118 3986 τῇ
3172 3911 3357 3986 ἐθνικῇ
3407 3910 3599 3986 ἀγνοίᾳ
3647 3909 3889 3965 ἐσκοτω-

2233 4006 2415 4077 μὲνος,
2450 4003 2558 4059 εἶδε
2587 4007 2722 4081 φῶς,
2756 4003 2863 4078 οὐχ
2893 4004 3009 4057 οἷον
3049 4001 3110 4056 τὸ
3150 4001 3256 4056 ἀπὸ
3287 4001 3481 4074 πυρὸς,
3515 3997 3640 4053 οὗδὶ
3665 4001 3789 4053 οἷον
3823 3999 3887 4053 τὸ

2229 4093 2334 4147 ἀπὸ
2387 4094 2624 4165 ἀστέρων
2677 4090 2713 4160 ἢ
2768 4090 3028 4161 σελήνης,
3084 4086 3208 4144 οὖδὶ
3264 4091 3378 4143 οἷον
3429 4088 3490 4142 τὸ
3549 4087 3787 4157 ἡλιακὸν
3851 4087 3884 4155 ἢ

2227 4181 2585 4254 ἀστραπαῖον,
2620 4177 2766 4236 ἀλλὰ
2795 4184 2909 4257 φῶς
2961 4177 3114 4252 μίγα·
3149 4179 3178 4232 ’ὀ
3227 4176 3315 4232 καὶ
3366 4183 3588 4247 νοητοῖς
3647 4175 3891 4250 ἐπιλάμ-

2228 4291 2317 4324 πει
2349 4271 2439 4325 καὶ
2480 4270 2782 4340 αἰσθητοῖς,
2816 4268 2844 4322 ὃ
2893 4267 2984 4322 καὶ
3028 4266 3200 4341 Πατρὶ
3252 4264 3486 4338 σύνεστι,
3515 4269 3607 4320 καί
3665 4264 3890 4338 ἀνθρώ-

2229 4379 2366 4421 πους
2420 4358 2662 4437 φωτίζει,
2721 4356 2811 4412 καὶ
2892 4354 3153 4432 ἀγγέλους
3213 4351 3514 4432 φαιδρύνει,
3572 4353 3663 4409 καὶ
3722 4358 3887 4409 πᾶσιν

2232 4447 2476 4522 ἐπαρκεῖ,
2507 4448 2597 4502 καὶ
2649 4445 2727 4501 ἔτι
2777 4446 2967 4500 ἑαυτοῦ
3024 4445 3120 4506 τὰς
3176 4441 3341 4519 αὐγὰς
3399 4441 3517 4518 ἔχει
3569 4443 3891 4517 ὑπερτεινο-

2235 4535 2397 4609 μένας
2426 4537 2561 4611 πρὸς
2615 4538 2726 4609 (22)
2756 4535 2818 4590 τὸ
2848 4534 3060 4590 πλεῖον.
3087 4534 3147 4590 Ὁ
3203 4529 3260 4587 δὲ
3313 4531 3446 4594 λαὸς
3496 4533 3525 4587 6
3571 4537 3681 4588 τῶν
3725 4533 3890 4588 ἰθνῶν

467 4618 638 4690 gione
667 4621 926 4676 tenebris
959 4623 1166 4677 mortis
1197 4604 1487 4695 cooperta.
1521 4625 1667 4681 Nam
1720 4628 1805 4683 eis
1834 4626 2114 4699 impendit

2230 4604 2359 4697 ᾤκει
2380 4624 2431 4679 ἐν
2466 4604 2630 4700 χώρα
2655 4604 2874 4698 ποδαπῇ
2903 4642 2916 4692 ;
2949 4622 3291 4696 Σκιαζομὲνῃ
3348 4622 3452 4676 ὑπὸ
3494 4625 3592 4676 τοῦ
3629 4621 3886 4680 Θανάτου.

462 4707 641 4762 veluti
675 4710 863 4765 nubes
893 4711 1080 4766 densa
1136 4728 1239 4782 per
1297 4712 1713 4785 idololatriam,
1747 4717 1931 4773 donec
1959 4717 2114 4773 venit

2228 4715 2409 4773 Οἱονεὶ
2468 4715 2570 4790 γὰρ
2619 4714 2814 4792 νεφέκη
2881 4713 3069 4788 βαθεῖα
3128 4711 3368 4766 ἐπέκειτο
3412 4713 3518 4784 (23)
3546 4708 3762 4777 αὐτοῖς,
3799 4709 3890 4766 διὰ

462 4795 690 4863 lumen,
716 4799 894 4870 quod,
945 4799 1225 4857 intercisa
1254 4805 1312 4857 et
1341 4819 1592 4860 excussa
1642 4805 1913 4878 caligine,
1972 4806 2114 4878 ipsis

2228 4810 2326 4875 τῆς
2369 4801 2851 4870 είδωλολαταείας,
2883 4799 2988 4864 ἳως
3021 4800 3178 4857 ἐλθὸν
3224 4798 3288 4855 τὸ
3336 4803 3454 4878 φῶς
3505 4795 3726 4873 διὲκοψε
3789 4799 3887 4873 μὶν

465 4884 838 4957 splendorem
868 4889 1127 4946 ostendit
1156 4889 1438 4949 veritatis.
1497 4893 1757 4950 Subinde
1805 4895 1876 4950 ad
1926 4894 2114 4968 ipsam

2228 4895 2324 4964 τὴν
2353 4891 2556 4969 ἀχλὺν,
2582 4890 2877 4971 ἔφήπλωσε
2907 4888 2966 4946 δὲ
2993 4891 3183 4952 αὐτοῖς
3210 4895 3313 4960 τῆς
3345 4886 3610 4959 ἀληθείας
3639 4889 3701 4944 τὸ
3756 4890 3888 4968 φεγ-

537 5086 581 5123 ⁰⁹
611 5085 729 5144 Col.
764 5091 914 5160 ι,15.
943 5090 1152 5149 1Joan.
1179 5110 1218 5162 ι,
1255 5093 1306 5150 1.
1337 5093 1358 5128 ²
1411 5093 1534 5150 Gal.
1600 5112 1640 5166 1,
1692 5095 1832 5152 16.³
1862 5093 2114 5169 Philipp.

2228 5137 2242 5165 ,
2276 5096 2362 5153 14.
2395 5097 2417 5131 ⁸
2439 5095 2609 5152 Joan.
2651 5109 2696 5167 ι,
2724 5095 2780 5151 9.
2805 5093 2826 5130 ⁸
2855 5091 3058 5150 Matth.
3090 5107 3168 5164 xv,
3201 5090 3288 5148 16.

537 5286 646 5360 (18)
678 5289 918 5363 Antiqui
948 5297 1067 5349 tres
1098 5292 1232 5366 libri
1257 5307 1390 5346 cum
1429 5291 1629 5361 editis,
1685 5295 1781 5348 τοῦ
1842 5290 2110 5366 δοθέντος,

467 5358 701 5434 humore
726 5358 852 5432 pati
873 5366 1076 5434 poculi.
1110 5363 1220 5419 Alii
1251 5367 1371 5418 tres
1421 5380 1588 5434 mss,
1616 5358 1716 5418 τοῦ
1759 5367 2038 5429 ποθίντος.

672 5430 920 5507 Uterque
951 5436 1133 5504 001b,,
1167 5430 1737 5507 κατεσπουδασμὲνως.

469 5505 651 5626 d8(:0)
675 5503 766 5558 Sic
787 5503 930 5563 mss.
965 5503 1250 5565 nonnulli.
1286 5507 1436 5563 Editi
1454 5503 1588 5566 vero
1609 5513 1666 5566 et
1697 5509 1835 5582 Reg.
1858 5509 2110 5584 primus,

533 5643 648 5716 (21)
678 5644 830 5702 Editi
861 5650 920 5705 et
953 5647 1089 5721 Reg.
1147 5648 1404 5723 primus,
1456 5645 1908 5729 πεπαιδευμινος.
1960 5652 2110 5712 Hine

2223 5297 2388 5351 vetus
2418 5295 2730 5368 interpres,
2777 5296 2884 5365 Qui
2911 5295 3229 5350 etiamnum
3283 5290 3619 5368 ingrtiotio
3662 5291 3892 5368 edoctus

2223 5377 2305 5423 est
2331 5369 2535 5424 vivere.
2561 5357 2682 5442 ΔᾸιὶἱ
2710 5357 2973 5442 quinque
3005 5383 3174 5435 mss.,
3205 5357 3603 5435 πεπεδημένος,
3638 5367 3758 5420 otio
3789 5365 3889 5420 de-

2221 5443 2422 5509 tentus,
2455 5439 2696 5510 optime.

2291 5504 2665 5586 (Zglvéntiqui
2694 5517 2811 5569 tres
2841 5510 3007 5586 libri,
3031 5505 3480 5584 ὑπερτεινόμενος
3510 5504 3665 5581 ὺπέρ.

2435 5579 2880 5658 Reg-quartus,
2911 5579 3181 5640 ἀπίκειτὸ.
