4118 6220
320 346 442 407 509

1164 345 1573 411 COMMENT.
1620 347 1700 410 IN
1742 346 2013 409 lSAIAM
2061 348 2564 416 PROPHETAM.
2605 352 2779 414 CAP.
2824 353 2932 416 IX.

3614 356 3733 420 510

323 497 444 549 γος,
488 476 620 531 Εἶτα
654 475 794 551 πρὸς
838 475 971 531 αὐτὸ
1014 476 1075 530 τὸ
1102 474 1200 531 τοῦ
1248 476 1448 552 Κυρίου
1477 479 1768 549 πρόσωπον
1806 497 1963 551 μετα-

2085 480 2311 537 Domini
2345 500 2655 556 personam
2702 485 2914 541 transit
2959 485 3166 542 oratio.
3218 485 3364 552 Quid
3413 489 3730 545 enuntiat?

321 559 500 620 ϐαίνει
543 566 571 620 6
621 564 800 640 λόγος.
836 565 904 622 Τί
963 565 1137 640 λέγων
1171 585 1184 635 ;
1235 566 1314 623 Τὸ
1346 565 1599 622 πλεῖστον
1624 572 1722 622 τοῦ
1753 566 1910 636 λαοῦ,
1942 568 1972 621 ’ὀ

317 656 621 731 κατήγαγες
673 656 785 728 (24)
862 653 915 709 έν
991 653 1293 733 εὐφροσύνῃ
1354 676 1469 713 σου.
1531 653 1608 713 Oi)
1672 657 1773 731 γὰρ
1842 653 1971 711 πάν-

313 763 411 804 τες
442 740 685 815 ἐδέξαντο
712 743 806 797 τὸν
839 741 1029 818 λόγον,
1057 741 1184 798 ἀλλ’
1218 745 1269 798 οἱ
1300 741 1549 800 πλεῖστοι
1589 741 1971 814 ἠκολούθησαν

315 832 403 904 τῷ
461 831 719 886 καλοῦντι
783 830 860 894 είς
917 831 1251 909 εὐφροσύνην
1330 833 1571 901 αἰώνιον,
1630 831 1824 896 οἵτινες
1884 834 1975 887 καὶ

319 921 791 999 εὐφρανθήσονται
850 920 1082 977 ἐνώπιον
1135 926 1231 977 τοῦ
1289 926 1451 979 Θεοῦ.
1506 924 1596 986 Ὦς
1649 924 1701 977 οὶ
1757 921 1973 1001 εὐφραι-

317 1012 548 1084 νόμενοι
601 1009 656 1065 ἐν
714 1011 931 1083 ἀμήτῷ.
992 1013 1057 1064 Ὅ
1111 1010 1211 1087 γὰρ
1269 1012 1474 1085 σπείρει
1531 1009 1786 1081 ἕκαστος,
1842 1017 1973 1066 τοῦ·

313 1120 387 1156 το
444 1098 535 1155 καὶ
595 1099 816 1170 θερίσει.
873 1099 958 1154 Ἑν
1022 1096 1112 1154 οὖν
1189 1103 1260 1166 τῇ
1330 1101 1512 1175 ἡμέρᾳ
1574 1107 1676 1170 τῆς
1742 1102 1973 1155 ἀνταπο-

317 1186 529 1252 δόσεως
576 1189 628 1243 οἱ
682 1189 774 1243 τὸν
825 1186 988 1263 λόγον
1043 1185 1344 1261 δεξάμενοι,
1375 1190 1466 1244 καὶ
1523 1191 1972 1265 καρποφορήσαν-

311 1297 407 1339 τες
582 1276 720 1331 κατὰ
769 1274 1063 1351 ἀναλογίαν
1111 1282 1222 1332 τῶν
1276 1276 1501 1341 ένταῦθα
1539 1277 1726 1340 αὐτοῖς
1765 1298 1972 1353 προκα-

308 1359 775 1436 ταϐεὗλημὲνων,
814 1365 1172 1437 κομιζόμενοι
1223 1367 1369 1441 παρὰ
1391 1371 1489 1421 τοῦ
1521 1364 1730 1422 δικαίου
1785 1367 1972 1442 κριτοῦ

326 1454 431 1517 τὰς
484 1452 851 1526 ἀντιμισθίας,
909 1453 1392 1530 εὐφρανθήσονται,
1441 1456 1528 1517 Ὧς
1579 1456 1632 1509 οἱ
1686 1454 1970 1531 εὐφραινό-

317 1562 479 1615 μενοι
539 1540 593 1596 ἄν
646 1542 893 1615 ἀμήτῳ,
952 1541 1042 1597 καὶ
1115 1543 1174 1597 ’ὀν
1222 1543 1423 1618 τρόπον
1487 1544 1539 1598 οῖ
1598 1540 1968 1617 διαιρούμενοι

312 1629 495 1685 σκῦλα
524 1630 591 1687 Οἱ
623 1629 719 1704 μὶν
769 1629 1183 1706 εὐφραινόμενοι
1232 1631 1286 1687 ἐν
1334 1632 1554 1705 ἆμήτῳ,
1584 1631 1642 1686 ἐκ
1670 1636 1776 1687 τῶν
1810 1628 1967 1686 ἰδίων

312 1717 501 1773 πόνων
531 1717 626 1779 τὰς
657 1718 833 1794 ἀρχὰς
874 1725 975 1788 τῆς
1029 1720 1364 1794 εὐφροσύνης
1421 1717 1662 1797 ἔχουσιν·
1691 1720 1742 1775 οἷ
1774 1717 1832 1774 δὲ
1862 1719 1969 1774 ἀπὸ

2083 571 2337 628 Plurima
2366 590 2493 643 pars
2516 572 2737 645 populi,
2772 591 2941 646 quam
2973 575 3259 631 deduxisti
3286 579 3347 630 in
3378 575 3578 633 latitia
3606 583 3724 633 tua.

2085 658 2208 714 Non
2237 660 2391 715 enim
2420 678 2625 718 omnes
2654 669 3008 735 exceperunt
3056 663 3322 730 verbum,
3353 664 3455 718 sed
3487 664 3727 735 plurimi

2082 752 2386 804 vocantem
2419 752 2491 805 ad
2523 756 2794 807 mternam
2825 750 3082 807 laetitiam
3115 752 3294 808 secuti
3347 757 3504 818 sunt,
3539 753 3640 824 qui
3671 760 3728 809 et

2082 834 2436 892 lmtabuntur
2464 839 2521 892 in
2554 845 2868 910 conspectu
2901 839 3021 896 Dei.
3049 842 3209 896 Sicut
3249 843 3347 912 qui
3374 844 3636 898 (alantur
3663 842 3723 898 in

2081 940 2271 981 messe.
2320 926 2481 989 Quod
2531 928 2688 982 enim
2736 928 2985 984 seminat
3042 930 3471 1001 unusquisaue,
3521 931 3629 986 hoc
3667 935 3726 986 et

2083 1019 2264 1070 metet
2281 1015 2321 1071 ‘.
2339 1017 2537 1087 Itaque
2553 1017 2609 1071 in
2628 1017 2722 1072 die
2744 1017 3362 1089 remunerationis,qui
3381 1019 3727 1075 admiserint

2082 1104 2344 1166 verbum.
2377 1110 2550 1176 atque
2574 1122 2675 1177 pro
2711 1105 2933 1161 ratione
2955 1122 3156 1160 eorum
3181 1122 3311 1178 quae
3341 1106 3503 1178 prius
3532 1107 3594 1162 in
3615 1108 3725 1164 hac

2081 1190 2201 1246 vita
2230 1190 2339 1246 sibi
2388 1193 2619 1248 fuerant
2668 1194 3026 1261 concredita,
3079 1195 3303 1250 fructus
3351 1195 3661 1264 ediderint,
3692 1213 3725 1252 a

2074 1279 2238 1350 justo
2264 1280 2461 1349 judice
2494 1282 2820 1337 mercedem
2853 1282 3077 1337 meritis
3098 1282 3254 1337 haud
3285 1283 3569 1353 imparem
3591 1297 3726 1339 con-

2082 1369 2291 1438 secuti,
2351 1368 2528 1424 iidem
2584 1369 2954 1432 laetabuntur.
3010 1370 3163 1426 Sicut
3221 1373 3317 1441 qui
3373 1371 3636 1427 laetantur
3662 1373 3723 1427 in

2080 1472 2269 1525 messe,
2303 1461 2357 1512 et
2384 1460 2528 1513 sicut
2560 1461 2605 1513 ii
2646 1461 2742 1529 qui
2786 1459 3039 1515 dividunt
3090 1460 3284 1530 spolia.
3345 1461 3449 1524 Qui
3485 1459 3718 1533 quidem

2080 1544 2447 1601 oblectantur
2477 1548 2534 1601 in
2570 1563 2783 1615 messe,
2828 1564 2895 1602 ex
2935 1549 3060 1603 suis
3107 1549 3371 1619 ipsorum
3419 1549 3720 1606 laboribus

2078 1635 2275 1706 gaudii
2310 1635 2542 1691 initium
2573 1636 2848 1706 capiunt;
2883 1636 2983 1708 qui
3007 1653 3138 1692 vero
3169 1636 3373 1708 spoliis
3403 1638 3721 1706 ditescunt,

2077 1726 2439 1797 repentinam
2462 1742 2641 1797 opum
2663 1726 3155 1797 acquirendarum
3186 1727 3554 1782 occasionem
3576 1743 3720 1782 nan-

316 1805 537 1862 σκύλων
566 1805 952 1878 πλουτοῦντες,
1002 1803 1199 1882 ἀθρόαν
1254 1805 1760 1883 ὁποδὲχονταιξτοῦ
1802 1806 1963 1862 πλού-

487 1896 503 1913 .
584 1895 599 1913 τ
774 1895 789 1913 ε
915 1903 926 1913 .
976 1894 990 1913 ε
1114 1900 1140 1911 -
1265 1895 1279 1913 .
1391 1895 1403 1913 ι
1610 1896 1630 1913 ν
1855 1896 1868 1913 κ
1943 1895 1959 1913 ε

2078 1813 2399 1870 ciscuntur.
2446 1814 2809 1886 Quapropter
2858 1815 3014 1870 bona
3060 1820 3309 1887 utraque
3355 1816 3718 1883 memoravit,

210 1890 219 1895 ’
309 1914 414 1950 του
440 1896 543 1963 τήν
574 1895 850 1972 ἀφορμὴν.
903 1894 1000 1950 Διὰ
1047 1900 1210 1951 τοῦτο
1254 1895 1536 1974 ἀμφότερα
1584 1896 1751 1966 εἶπεν,
1781 1895 1963 1950 καὶτὰ

2076 1908 2204 1959 tum
2235 1919 2365 1974 qum
2386 1902 2876 1972 remunerationis
2898 1904 3156 1974 nomine,
3180 1909 3306 1959 tum
3328 1920 3456 1975 quas
3489 1903 3671 1975 gratis
3686 1920 3723 1960 a

312 1985 369 2059 ἒξ
402 1983 718 2048 ἀντιδόσεως
751 1986 941 2061 ἀγαθὰ,
972 1987 1059 2041 καὶ
1109 1987 1178 2041 τὰ
1224 1985 1284 2042 ἐκ
1330 1986 1563 2061 χάριτος
1607 1988 1710 2042 ὑπὸ
1738 1991 1835 2041 τοῦ
1870 2006 1963 2059 με-

2077 1991 2629 2047 muniﬁcentissimo
2643 1991 3124 2064 largitoredanda
3136 1996 3330 2048 erunt.
3344 1992 3618 2048 Ablatum
3631 1996 3721 2047 est

310 2071 641 2150 γαλοδώρου
670 2072 915 2139 δίδοσθαι
942 2074 1239 2148 μέλλοντα.
1277 2076 1580 2154 Ἀφῄρηται
1612 2077 1715 2150 γὰρ
1748 2077 1776 2130 6
1810 2075 1963 2150 ζυγὸς

2076 2081 2232 2137 enim
2255 2081 2464 2152 jugum
2496 2080 2770 2152 gentibus
2799 2081 3165 2153 impositum.
3200 2085 3518 2138 Excussere
3546 2097 3719 2153 grave

307 2164 343 2218 ὁ
400 2162 488 2218 ἐπὶ
536 2168 643 2218 τῶν
704 2163 874 2219 έθνῶν
925 2163 1190 2238 κείμενος,
1254 2164 1600 2220 ἀπεαείσαντο
1648 2166 1740 2219 τὸν
1796 2163 1962 2240 βαρὺν

2076 2171 2280 2240 jugum
2310 2171 2459 2238 ejus,
2492 2170 2593 2241 qui
2623 2170 2784 2242 ipsos
2815 2171 3147 2241 subjecerat
3181 2172 3397 2242 peccati
3428 2169 3714 2239 servituti,

305 2254 468 2330 ζυγὸν
512 2258 610 2309 τοῦ
652 2257 722 2328 τῇ
771 2251 994 2325 δουλείᾳ
1033 2259 1133 2320 τῆς
1180 2254 1443 2331 ἁμαρτίας
1492 2254 1686 2317 αὐτοὺς
1739 2253 1963 2324 ὑποζεύ-

300 2342 519 2414 ξαντος,
552 2342 639 2397 καὶ
673 2337 859 2419 ῥάϐδῳ
900 2343 991 2398 τὸν
1019 2342 1307 2420 τράχηλον
1354 2343 1528 2399 αὐτῶν
1556 2345 1964 2416 κατακάμπτον-

294 2451 415 2499 τος,
442 2429 536 2486 ’ίνα
579 2432 643 2487 τὸ
680 2430 1044 2487 ἇποστολικὸν
1088 2434 1346 2509 κήρυγμα
1384 2439 1484 2502 τῆς
1517 2436 1700 2509 ψυχῆς
1729 2427 1967 2487 καταϐα-

324 2518 533 2590 λόντες,
571 2521 646 2594 μή
678 2522 793 2595 (26)
844 2520 1164 2593 ὑποκύψωσι
1194 2525 1263 2595 τῇ
1295 2518 1517 2593 δουλείᾳ
1543 2528 1643 2592 τῆς
1671 2521 1961 2596 ἁμαρτίας.

376 2613 508 2666 225.
570 2609 688 2678 Τὴν
749 2609 852 2686 γὰρ
919 2604 1119 2685 ῥάϐδον
1173 2614 1281 2665 τῶν
1343 2609 1713 2666 ἀπαιτούντων
1759 2608 1962 2665 διεσκέ-

319 2693 496 2766 δασεν,
531 2697 605 2759 ὡς
649 2702 720 2771 τῇ
747 2698 929 2775 ἡμέρᾳ
983 2701 1052 2772 τῇ
1111 2697 1201 2753 έπὶ
1256 2696 1501 2772 Μαδιάμ.
1561 2699 1743 2761 Δεινὸς
1802 2698 1965 2753 άπαι-

309 2786 488 2855 τητὴς
542 2784 802 2863 ἐφέστηκε
853 2790 923 2861 τῇ
980 2786 1292 2863 ἀνθρωπίνῃ
1353 2787 1486 2859 ζωῇ,
1542 2782 1832 2863 ῥαϐδίζων,
1874 2788 1961 2843 καὶ

320 2873 564 2929 ἀπαιτῶν
588 2874 656 2930 τὰ
701 2874 892 2931 ἑαυτοῦ
941 2874 1245 2950 θελήματα,
1276 2878 1304 2933 6
1350 2866 1530 2940 κοινὸς
1558 2880 1718 2949 ἡμῶν
1743 2876 1963 2954 έχθρός.

325 2962 525 3019 Βούλει
560 2964 745 3037 μαθεῖν
774 2972 877 3034 τῆς
908 2960 1111 3041 ῥάϐδου
1135 2965 1337 3037 ταύτης
1361 2968 1455 3028 τὰς
1484 2964 1704 3041 πληγάς
1728 2985 1742 3035 ;
1766 2967 1967 3022 Ἀκουε

313 3055 415 3106 τοῦ
474 3049 760 3128 λέγοντοςυ
821 3053 1175 3128 Προσώζεσαν
1245 3056 1335 3110 καὶ
1409 3054 1681 3127 ἐσάπησαν
1743 3055 1795 3110 οἱ
1847 3055 1968 3127 μώ-

318 3138 503 3201 λωπες
540 3159 665 3214 μου·
700 3140 969 3204 Δυσώδεις
1002 3141 1283 3215 μώλωπας
1332 3143 1553 3217 ἐμποιεῖ
1588 3148 1670 3216 τῷ
1697 3141 1966 3219 πληγέντι

2074 2273 2397 2329 eorumque
2424 2257 2640 2313 collum
2670 2259 2835 2330 virga
2857 2260 3216 2320 incurvabat.
3244 2265 3309 2314 ut
3335 2258 3717 2330 apostolicam

2076 2346 2548 2418 praedicationem
2582 2346 2642 2401 in
2674 2347 2872 2402 anima
2894 2347 3229 2415 fundantes,
3263 2348 3463 2417 sejam
3494 2346 3717 2419 peccati

2074 2436 2341 2492 servituti
2371 2452 2486 2491 non
2516 2435 2950 2492 submitterent.

2143 2612 2269 2668 225.
2309 2614 2533 2682 Virgam
2578 2615 2728 2669 enim
2775 2617 3095 2670 exactorum
3141 2614 3449 2686 dissipavit,
3490 2618 3630 2671 sicut
3659 2618 3717 2670 in

2075 2701 2162 2757 die
2205 2717 2326 2772 quae
2371 2718 2535 2772 super
2582 2702 2836 2758 Madian.
2889 2703 3166 2759 Imminet
3213 2703 3550 2759 mortalium
3589 2705 3716 2758 vita:

2074 2796 2306 2846 exactor
2333 2792 2549 2863 gravis,
2583 2792 2794 2846 feriens
2817 2792 2999 2864 virga,
3024 2794 3259 2864 exigens
3287 2809 3319 2848 a
3349 2791 3540 2860 nobis,
3562 2792 3714 2849 549

2078 2884 2141 2933 ut
2165 2895 2334 2934 suam
2358 2879 2549 2950 ipsius
2569 2879 2928 2934 voluntatem
2953 2886 3361 2946 exsequamur,
3384 2881 3719 2936 communis

2074 2966 2175 3023 ille
2205 2966 2480 3023 inimicus
2511 2972 2731 3023 noster.
2762 2967 2861 3022 Vis
2894 2984 3067 3023 nosse
3117 2967 3363 3037 hujusce
3390 2967 3563 3039 virga:
3594 2966 3719 3038 pla-

2077 3071 2181 3128 gas
2201 3055 2229 3109 ?
2260 3055 2402 3111 Audi
2433 3072 2590 3124 eum,
2622 3056 2722 3127 qui
2753 3057 2931 3112 dicit:
2977 3058 3325 3112 Putruerunt
3363 3064 3413 3112 et
3439 3059 3718 3123 corruptae

2075 3148 2207 3200 sunt
2233 3145 2519 3201 cicatrices
2546 3161 2678 3200 mem
2698 3146 2740 3197 ⁷.
2785 3143 2933 3200 Mala
2979 3144 3083 3200 illa
3111 3145 3275 3215 virga
3319 3143 3718 3216 graveolentes

310 3229 346 3297 ἠ
380 3202 601 3303 πονηρά
631 3224 849 3305 ῥάϐδος.
879 3202 1162 3302 Ἐννόησόν
1222 3202 1316 3306 μοί
1356 3202 1475 3288 ⁸τινα
1516 3202 1881 3309 συνεγιόμενύν
1913 3231 1963 3287 έν

2079 3234 2295 3289 vibices
2326 3233 2377 3289 ei
2409 3233 2509 3306 qui
2541 3250 2727 3289 casus
2756 3239 2867 3298 est,
2908 3233 3110 3289 inurit.
3165 3234 3342 3305 Finge
3382 3232 3489 3289 tibi
3520 3233 3718 3288 animo

310 3315 629 3389 έπιθυμίαις
682 3316 985 3388 ποικίλαις,
1043 3320 1133 3376 καὶ
1191 3319 1441 3399 σφοδρῶς
1515 3321 1818 3398 ἐγκείμενον
1893 3326 1963 3397 τῇ

307 3404 610 3462 ἀπολαύσει
654 3412 761 3464 τῶν
804 3406 1041 3479 ἡδονῶν,
1076 3415 1195 3473 πῶς
1244 3406 1622 3488 ῥαϐδιζομένῳ
1664 3409 1825 3483 ἔοικε,
1870 3412 1961 3467 καὶ

303 3495 648 3570 ἆπαγομένῳ
691 3498 829 3570 πρὸς
873 3499 974 3568 τήν
1026 3498 1314 3574 ἁμαρτίαν.
1366 3499 1482 3557 Οὐκ
1523 3500 1731 3571 ἀνίησιν
1776 3503 1811 3570 ἡ
1839 3499 1962 3555 ἐπι-

303 3583 478 3656 θυμία
529 3584 724 3661 κέντρα
779 3586 871 3641 καὶ
930 3584 1124 3651 ὀδύνας
1170 3585 1473 3661 ἐμποιοῦσα
1520 3592 1600 3661 τῷ
1649 3588 1958 3661 ἀκολάστῳ,

300 3669 411 3735 ἕως
440 3672 503 3728 ἃν
552 3674 644 3729 τὸν
702 3672 762 3729 ἐκ
809 3681 910 3746 τῆς
968 3677 1233 3751 ἁμαρτίας
1292 3675 1544 3750 μώλωπα
1582 3680 1651 3751 τῇ
1683 3680 1837 3753 ψυχῇ
1868 3676 1962 3750 ἐμ-

304 3762 540 3837 ποιήσῃ,
589 3759 860 3818 δυσωδίαν
912 3762 1192 3843 ἐναφιὲντα
1221 3764 1274 3820 ἐν
1325 3768 1395 3840 τῇ
1432 3769 1538 3821 τῶν
1567 3765 1809 3840 αἰσχρῶν
1842 3766 1964 3820 ἀνα-

308 3851 527 3921 μνήσει.
580 3852 798 3922 Ταύτην
849 3852 1027 3908 τοίνυν
1081 3854 1180 3922 τὴν
1239 3848 1436 3929 ῥάϐδον
1496 3851 1852 3922 διασκεδάσει,
1886 3855 1960 3916 ὡς

305 3935 623 3995 διεσκέδασε
658 3941 758 4010 τὴν
810 3942 987 4018 ἀρχὴν
1043 3942 1132 3998 καὶ
1183 3944 1283 4012 τὴν
1341 3941 1644 3999 δυναστείαν
1692 3947 1799 3999 τῶν
1847 3950 1959 3999 M1-

300 4024 566 4097 διηναίων
607 4032 739 4102 (27)⁶
771 4030 846 4085 ὧν
881 4031 1033 4105 οἶμαι
1060 4038 1161 4102 τῆς
1192 4031 1431 4106 ἱστορίας
1468 4030 1762 4107 μέμνησθε,
1795 4032 1830 4102 ἢ
1855 4038 1956 4102 τῆς

298 4116 437 4170 κατὰ
490 4117 621 4179 τοὺς
696 4119 1014 4193 Ἀριθμοὺς,
1072 4119 1108 4190 ἢ
1158 4128 1256 4192 τῆς
1307 4120 1359 4178 ἐν
1416 4126 1533 4186 τοῖς
1587 4126 1829 4197 Κριταῖς.
1871 4123 1959 4178 Ἐν

304 4205 400 4277 μὲν
456 4205 564 4281 γὰρ
632 4212 750 4270 τοῖς
823 4209 1113 4284 Ἀριθμοῖς
1186 4230 1339 4289 φησι·
1420 4210 1791 4285 Ηαρετάξαντο
1867 4209 1955 4265 έπὶ

298 4290 551 4367 Μαδιάμ,
613 4296 750 4359 καθὰ
798 4295 1100 4353 ἐνετείλατο
1158 4298 1356 4376 Κύριος
1428 4304 1509 4372 τῷ
1579 4303 1789 4373 Musei-fi,
1864 4299 1954 4355 καὶ

300 4381 619 4438 ἀπέκτειναν
718 4389 820 4440 πᾶν
923 4386 1225 4463 ἀρσενικὸν,
1329 4386 1421 4443 καὶ
1493 4386 1621 4450 τοὺς
1710 4388 1953 4464 βασιλεῖς

301 4467 533 4543 Μαδιᾶμ
612 4469 923 4528 ἀπέκτειναν
978 4476 1092 4548 ἅμα
1145 4480 1263 4539 τοῖς
1337 4476 1695 4551 τραυματίαις
1752 4476 1953 4535 αὐτῶν.

2075 3324 2412 3396 quempiam
2435 3321 2612 3378 variis
2638 3322 3062 3394 cupiditatibus
3083 3322 3418 3388 obnoxium,
3444 3338 3510 3377 ac
3529 3322 3720 3377 fruen-

2074 3410 2164 3466 dis
2210 3411 2610 3483 voluptatibus
2663 3413 2832 3467 valde
2887 3412 3193 3467 deditum:
3246 3411 3498 3480 quodam
3545 3412 3718 3467 modo

2071 3499 2398 3556 consimilis
2440 3500 2733 3556 videbitur
2770 3502 2843 3571 ei,
2903 3500 3004 3572 qui
3056 3516 3372 3572 percussus
3414 3500 3576 3571 virga
3606 3507 3719 3570 est,

2070 3594 2246 3661 atque
2275 3591 2345 3645 ad
2379 3593 2679 3661 peccatum
2704 3589 3014 3644 adductus.
3035 3592 3157 3643 Non
3182 3588 3396 3644 desinit
3413 3587 3594 3644 libido
3613 3589 3716 3643 sti-

2071 3678 2262 3734 mulos
2285 3678 2592 3734 admovere
2609 3677 2928 3748 impudico,
2952 3693 3205 3748 eumque
3227 3677 3425 3732 dolore
3448 3677 3715 3746 afﬁcere;

2068 3767 2252 3821 donec
2282 3766 2499 3837 peccati
2530 3765 2774 3821 vibicem
2821 3782 2948 3836 quas
2999 3782 3102 3837 per
3148 3765 3407 3835 turpium
3445 3766 3714 3820 recorda-

2069 3855 2291 3910 tionem
2321 3856 2536 3909 tetrum
2561 3870 2627 3908 ac
2678 3854 2896 3908 foedum
2931 3854 3167 3907 odorem
3202 3852 3456 3917 exhalat,
3515 3853 3713 3907 animo

2068 3942 2452 4014 impresserit.
2485 3941 2804 4013 Dissipabit
2822 3940 3001 4012 igitur
3022 3940 3171 3995 hanc
3195 3941 3438 4010 virgam,
3472 3940 3714 4010 perinde

2067 4036 2133 4087 ut
2162 4031 2553 4103 principatum
2575 4034 2633 4085 et
2650 4030 2965 4101 imperium
2984 4029 3433 4083 Madianitarum
3457 4026 3711 4098 dissipa-

2066 4121 2181 4176 vit:
2207 4136 2482 4191 quorum,
2505 4122 2667 4190 puto,
2698 4118 2974 4174 historias
2997 4116 3352 4173 meministis
3375 4140 3389 4182 ;
3413 4116 3532 4171 sive
3555 4132 3707 4187 eam,

2065 4226 2192 4281 quae
2222 4211 2282 4266 in
2313 4209 2602 4277 Numeris,
2636 4208 2755 4263 sive
2793 4224 2921 4262 eam
2974 4223 3102 4271 quae
3149 4208 3209 4260 in
3237 4204 3386 4261 libro
3430 4204 3707 4260 Judicum

2063 4298 2297 4372 legitur.
2356 4299 2453 4353 Ait
2509 4297 2750 4369 quidem
2801 4297 2857 4351 in
2916 4295 3228 4351 Numeris:
3278 4295 3555 4352 Instructa
3596 4295 3714 4350 acie

2061 4395 2380 4459 pugnarunt
2428 4386 2687 4443 adversus
2735 4385 2972 4452 Madian,
3024 4386 3173 4442 sicut
3216 4386 3479 4457 praecepit
3528 4385 3712 4440 Domi-

2062 4493 2168 4531 nus
2196 4476 2386 4548 Moysi,
2418 4480 2467 4531 et
2496 4475 2808 4532 occiderunt
2837 4490 2998 4531 omne
3034 4472 3435 4542 masculinum,
3468 4477 3521 4529 et
3550 4489 3713 4547 reges

303 4559 393 4614 'Ev
453 4556 513 4613 δέ
567 4564 688 4622 τοῖς
746 4565 975 4636 Κριταῖς
1010 4582 1022 4595 ·
1083 4564 1144 4622 Ὁ
1216 4561 1419 4620 Γεδεὼν
1492 4563 1816 4641 ἀπέστρεψεν
1877 4563 1954 4628 εἲς

2076 4564 2280 4621 lladian
2320 4566 2719 4620 interemerunt
2769 4580 2883 4619 una
2930 4580 3055 4618 cum
3112 4563 3415 4619 vulneratis
3459 4577 3648 4618 eorum
3669 4561 3711 4617 ⁸.

304 4646 403 4715 τὴν
484 4642 849 4724 παρεμϐολὴν
929 4651 1184 4728 Ἰσραὴλ,
1257 4653 1346 4709 καὶ
1423 4652 1567 4709 εἶπεν
1602 4673 1615 4687 ·
1695 4655 1959 4725 Ἀνάστη-

305 4755 364 4791 τε
391 4738 531 4809 (28),
564 4738 650 4792 ὅτι
708 4735 993 4814 παρέδωκε
1038 4740 1237 4818 Κύριος
1292 4741 1344 4797 έν
1403 4743 1591 4819 χερσὶν
1650 4745 1811 4816 ἡμῶν
1856 4744 1957 4813 τὴν

312 4821 678 4902 παρεμϐολὴν
729 4826 977 4902 Μαδιάμ.
1026 4830 1087 4885 Τί
1118 4828 1175 4886 δέ
1233 4830 1343 4887 έστι
1399 4832 1482 4890 τὸ.
1539 4837 1721 4889 Ηᾶσαν
1755 4829 1959 4902 στολὴν

310 4914 649 4993 συνηγμένην
709 4913 899 4991 δύλῳ,
950 4918 1041 4976 καὶ
1113 4922 1231 4994 (29)
1285 4921 1502 4996 ἱμάτιον
1569 4922 1705 4995 μετὰ
1756 4919 1959 4978 καταλ-

2069 4654 2132 4710 In
2167 4653 2314 4709 libro
2344 4657 2539 4709 autem
2566 4653 2842 4708 Judicum
2869 4669 2881 4707 :
2912 4651 3123 4708 Gedeon
3150 4668 3399 4708 reversus
3428 4661 3506 4707 est
3529 4652 3584 4706 in
3619 4667 3711 4706 ca-

2066 4752 2184 4799 stra
2210 4742 2401 4809 Israel,
2440 4744 2490 4798 et
2531 4742 2720 4797 dixit:
2766 4740 3005 4813 Surgite,
3058 4741 3191 4812 quia
3240 4739 3472 4796 tradidit
3514 4740 3712 4796 Domi-

2069 4848 2174 4888 nus
2206 4836 2265 4888 in
2302 4848 2501 4887 manus
2543 4833 2755 4886 nostras
2783 4834 2968 4886 castra
3014 4830 3232 4887 Madian
3251 4830 3290 4883 θ.
3332 4829 3483 4895 Quid
3513 4832 3710 4887 autem

2067 4926 2177 4990 cst,
2210 4920 2540 4991 restituere,
2574 4918 2801 4977 Omnem
2828 4920 3022 4977 stolam
3038 4918 3333 4978 collectam
3361 4919 3506 4991 dolo,
3536 4924 3586 4976 et
3621 4933 3715 4976 ve-

373 5060 395 5097 ⁶
418 5059 548 5119 Gal.
577 5077 660 5132 γι,
690 5061 751 5122 8.
835 5064 857 5099 ’³
883 5063 1037 5123 Psal.
1068 5082 1282 5136 xxxvn,
1313 5067 1370 5124 6.
1444 5068 1466 5104 ⁸
1498 5070 1679 5125 Num.
1708 5083 1864 5141 xxxx,
1890 5067 1949 5138 7,

2112 5066 2134 5102 '
2163 5065 2303 5123 Jud.
2333 5069 2436 5136 v11,
2470 5065 2557 5121 15.

374 5220 488 5300 (ἓξ)
512 5220 708 5300 Gods!
735 5221 894 5300 idem
923 5228 1182 5300 ιεᾳτῆγεςο

522 5294 769 5376 .intiqui
799 5295 917 5376 duo
944 5293 1104 5376 libri,
1133 5299 1629 5376 καρποφοροῦντες.

382 5364 853 5449 (261Vocula_pii
885 5367 1051 5449 docet
1090 5364 1358 5449 'quideni_
1388 5364 1552 5449 'et_i_n
1606 5370 1782 5449 editis
1812 5375 1872 5449 et
1898 5369 1958 5427 in

323 5438 536 5516 nostris
561 5438 899 5516 codicibus:
931 5438 1189 5513 sedeam
1219 5458 1289 5499 ex
1317 5443 1587 5514 Eusebio,
1618 5444 1776 5499 unde
1805 5443 1959 5516 frag-

329 5511 587 5582 mentum
612 5509 759 5582 illud
781 5512 1086 5582 sumptum
1104 5517 1216 5582 est,
1236 5509 1717 5574 addendam'esse
1737 5509 1963 5573 censu'i-

330 5589 477 5634 mus.
511 5579 656 5640 Lege
684 5579 1108 5640 meationem.

394 5648 506 5722 (2’7)

625 5650 694 5709 iti
742 5656 802 5710 et
1011 5655 1267 5729 primus,
1293 5659 1403 5713 τῶν
1448 5650 1815 5730 Μαδηνιαίων.
1846 5655 1965 5716 Alii

2069 5231 2326 5302 quatuor
2345 5241 2525 5302 _!_nss.,
2556 5227 2663 5279 τῶν
2697 5221 3063 5302 Μαδιηναίων.

2137 5302 2247 5370 (28)
2282 5298 2433 5355 Editi
2463 5302 2520 5370 et
2549 5299 2836 5354 recentior
2868 5295 3205 5356 ’Cornbetisii
3236 5298 3446 5370 codex,
3477 5295 3713 5364 ἀναστή-

2068 5367 2213 5441 θητι,
2234 5367 2421 5427 male.
2452 5368 2612 5441 Alter
2637 5370 2965 5426 Combetlsii
2996 5373 3194 5441 codex,
3224 5367 3508 5441 ἀνάστητε,
3536 5376 3708 5441 recte.

2067 5438 2367 5516 Mox'editi
2398 5445 2455 5499 et
2499 5440 3076 5516 quinque_mss.,_lv
3122 5440 3308 5516 χερσὶν
3342 5439 3512 5512 ὑμῶν.
3551 5442 3621 5493 At
3652 5438 3709 5494 in

2070 5515 2208 5587 Reg.
2243 5515 2433 5587 primo
2462 5518 2520 5570 et
2547 5512 2701 5587 apud
2732 5512 2870 5587 ΙιΧὶξ
2897 5512 3343 5587 Ιθεὶιυν,“ὴμῶν.

2142 5535 2150 5570 ι
2195 5557 2208 5570 .
2243 5532 2433 5587 primo
2462 5532 2520 5570 Θῐ
2547 5532 2581 5569 α
2623 5532 2701 5568 ιια
2733 5532 2866 5569 ΙΑᾹᾹ
2897 5532 3128 5586 legitur,
3159 5532 3343 5585 ημων.

2142 5532 2252 5660 (g9)
2282 5585 2537 5659 Uterque
2565 5532 2725 5642 (ζου).
2756 5588 2814 5642 et
2839 5584 2981 5658 Reg.
3010 5586 3326 5654 secundus,
3354 5579 3445 5637 καὶ
3474 5584 3601 5636 πᾶν.
