4118 6220
435 342 549 402 5H

1373 339 1767 400 APPENDIX
1813 337 2141 401 OPEKUM
2185 340 2251 399 S.
2295 339 2579 400 BASILII
2622 337 2898 400 MAGNI.

3717 187 3730 198 ‘
3979 177 3984 179 Δ
4043 205 4046 208 .

3813 47 3954 240 0'

3813 223 3828 236 ο

3722 338 3848 398 512

436 475 755 528 stimentum
785 487 908 525 cum
961 472 1429 527 commutatione?
1483 471 1599 525 Hoc
1642 471 1751 525 dici
1812 467 2076 537 arbitror,

2199 464 2375 542 λαγῆς
2420 468 2729 537 ἀποτίσεινς
2757 467 2926 540 Οἶμαι
2975 466 3250 541 λέγεσθαι,
3301 467 3382 522 δτι
3429 467 3480 520 οἱ
3526 467 3619 521 τὸν
3673 464 3844 540 βαρὺν

439 579 469 632 q
483 562 592 615 uod
609 561 645 614 ii
663 559 758 631 qui
775 577 948 631 grave
964 561 1182 630 peccati
1199 560 2081 631 iugumimponentes,virgaque

437 655 800 704 conterentes
823 650 893 702 ad
926 655 1223 719 peccatum
1253 650 1516 719 adigunt,
1549 648 1754 703 stolam
1791 648 1922 703 dolo
1963 647 2078 702 col-

435 738 646 792 lectam
682 745 738 792 et
769 737 1180 791 vestimentum
1213 754 1344 791 cum
1375 739 1832 792 commutatione
1856 737 1974 791 sint
1996 753 2080 791 re-

438 828 719 881 stituturi.
771 826 875 890 Qui
927 825 1195 880 homines
1242 825 1570 896 spoliarint,
1619 841 1832 896 eosque
1881 825 2079 879 dolose

435 917 560 969 suis
591 915 944 969 deuudarint
960 914 1342 979 vestimentis,
1369 931 1437 969 ea
1457 931 1589 970 cum
1622 913 2078 970 commutatione

437 1004 762 1059 restituent.
785 1007 927 1056 Cum
951 1003 1105 1056 enim
1129 1003 1460 1058 communis
1482 1003 1578 1056 ille
1595 1003 1872 1058 inimicus
1892 1020 1994 1058 nos
2018 1003 2075 1056 in

435 1109 600 1148 suam
636 1092 922 1162 redegerit
953 1097 1320 1161 potestatem,
1366 1093 1717 1148 vestimenta
1760 1095 2076 1163 quamdam

434 1180 790 1234 deformitati
809 1184 1024 1234 nostrae
1041 1187 1403 1236 venustatem
1422 1181 1721 1235 aﬂ‘erentia
1737 1199 1771 1236 a
1789 1182 1956 1235 nobis
1972 1198 2076 1236 au-

437 1273 563 1323 fert.
598 1269 1062 1324 Christianorum
1087 1273 1282 1324 autem
1306 1270 1741 1339 indumentum,
1767 1270 1920 1340 quod
1947 1286 2074 1340 pec-

433 1359 542 1412 cati
579 1357 764 1412 nostri
795 1357 1218 1428 turpitudinem
1252 1358 1529 1428 contegit,
1563 1359 1707 1414 ﬁdes
1729 1365 1818 1413 est
1836 1357 2071 1414 Christi.

436 1447 757 1516 Quicunque
786 1448 932 1500 enim
968 1447 1029 1499 in
1061 1446 1277 1500 Christo
1307 1449 1579 1517 baptimti
1604 1448 1750 1514 estis,
1801 1447 2077 1503 Christum

433 1537 702 1592 induistis
724 1537 784 1591 ".
799 1536 902 1591 Ille
925 1536 1081 1591 enim
1106 1537 1382 1592 inimicus
1402 1543 1599 1593 noster
1612 1544 1744 1593 ante
1761 1539 1930 1592 ﬁdem
1948 1555 2074 1610 qua:

434 1627 489 1680 in
507 1625 801 1680 Christum
816 1625 1250 1693 est,bumanam
1269 1626 1607 1681 denudabat
1623 1627 2072 1697 turpitudinem,

433 1717 498 1767 ut
518 1714 614 1783 qui
638 1712 1016 1783 cogitationes
1039 1718 1269 1767 nostras
1299 1715 1516 1784 quibus
1547 1720 1745 1770 nostra
1765 1714 1881 1769 vita
1901 1733 2073 1770 orna-

2191 556 2516 621 ἐπιτιθέντες
2559 565 2658 627 τῆς
2707 558 2972 632 ἁμαρτίας
3025 557 3202 630 ζυγὸν,
3253 555 3340 610 καὶ
3390 551 3576 631 ῥάϐδῳ
3624 557 3842 630 συντρίυ

2189 639 2392 713 ϐοντες,
2452 645 2905 720 συναναγκάζουσι
2964 646 3100 719 πρὸς
3159 643 3453 717 ἀμαρτίαν’
3511 645 3663 698 οὗτοι
3734 646 3839 712 τήν

2193 739 2327 810 μετὰ
2378 736 2544 792 δόλου
2597 737 3034 811 έπισυνηγμένην
3095 735 3296 803 στολήν
3353 737 3442 790 καὶ
3494 737 3556 789 τὸ
3617 735 3840 807 ἱμάτιον

2191 827 2326 898 μετὰ
2379 825 2726 900 καταλλαγῆς
2782 826 3156 881 ἀποτίσουσιν.
3216 825 3283 882 Οἱ
3344 821 3837 895 λωποδυτῆσαντος

2184 915 2310 975 τοὺς
2339 914 2677 990 ἀνθρώπους,
2703 913 2792 968 καὶ
2841 911 2990 985 δόλῳ
3037 912 3232 973 αὐτοὺς
3275 910 3512 986 γυμνοὺς
3559 917 3669 966 τῶν
3715 933 3840 967 σκε-

2185 1003 2481 1074 πασμάτων
2555 1000 2934 1072 ἀποδείξαντες
2966 1045 2983 1073 ,
3059 1002 3191 1073 μετὰ
3262 997 3616 1076 καταλλαγῆς
3674 1002 3837 1056 ἀποτι

2187 1112 2395 1148 σουσιν.
2425 1093 2590 1148 ’Όταν
2623 1093 2727 1166 γὰρ
2773 1085 2916 1165 λάϐῃ
2969 1092 3116 1162 ἡμᾶς
3167 1089 3269 1144 ὑπὸ
3317 1090 3416 1158 τήν
3463 1089 3655 1143 ἑαυτοῦ
3684 1089 3835 1160 έξου-

2186 1179 2301 1235 σίαν
2345 1182 2373 1234 6
2413 1181 2593 1242 κοινὸς
2642 1179 2864 1254 ἐχθρὸς,
2923 1180 3140 1256 ἀφαιρεῖ
3195 1180 3354 1250 ἡμῶν
3412 1180 3478 1231 τὰ
3536 1177 3838 1250 iunium-ra

2181 1278 2298 1334 τοῖς
2330 1273 2473 1346 ἀσχή
2487 1291 2646 1341 μοσεν
2694 1272 2854 1339 ἡμῶν
2883 1268 3304 1344 εὐσχημοσύνην
3333 1267 3667 1343 περιτιθέντα
3694 1271 3832 1339 (30).

2183 1361 2421 1434 Ἱμάτιον
2479 1357 2536 1414 δὶ
2590 1362 2946 1434 Χριστιανῶν,
3009 1359 3203 1412 σκέπον
3253 1358 3316 1412 τὸ
3374 1355 3630 1432 ἄσχημον
3676 1360 3840 1430 ἡμῶν

2183 1457 2282 1520 τῆς
2314 1449 2602 1522 ἁμαρτίας,
2652 1449 2686 1516 ἡ
2741 1447 2815 1511 εἰς
2869 1447 3099 1522 Χριστὸν
3153 1446 3351 1507 πίστις.
3406 1449 3557 1501 Ὅσοι
3606 1447 3710 1520 γὰρ
3759 1447 3835 1508 εἰς

2184 1540 2411 1615 Χριστὸν
2489 1533 2881 1607 ἐϐαπτίσθητε,
2959 1537 3189 1610 Χριστὸν
3267 1533 3624 1598 ἐνεδύσασθε.
3730 1537 3834 1590 Ἦν

2185 1625 2241 1683 δὶ
2271 1629 2357 1682 καὶ
2391 1627 2497 1702 πρὸ
2526 1633 2626 1696 τῆς
2659 1625 2735 1688 εἷς
2785 1626 3017 1700 Χριστὸν
3067 1625 3298 1686 πίστεως
3345 1629 3565 1700 γυμνῶν
3605 1628 3706 1692 τὴν
3739 1624 3833 1677 ἀν-

2185 1716 2451 1790 ορωπείαν
2499 1713 2892 1791 ἀςχημοσύνην
2945 1716 2972 1768 6
3025 1713 3224 1788 ἐχθρὸς
3270 1716 3451 1785 ἡμῶν,
3491 1715 3586 1774 τὰς
3624 1711 3833 1773 ἐννοίας

433 1803 623 1871 batur,
649 1802 922 1870 auferret,
948 1808 1122 1873 atque
1147 1803 1468 1857 nuditatem
1496 1810 1753 1860 nostram
1785 1807 2070 1875 proderet.

2185 1807 2369 1877 ἡμῶν,
2398 1808 2483 1866 αἷς
2511 1807 2545 1873 ἡ
2582 1805 2692 1873 ζωὴ
2727 1807 2889 1876 ἡμῶν
2937 1807 3352 1875 κατεκοσμεῖτο,
3392 1805 3708 1876 περιαιριῖη,
3737 1800 3832 1856 καὶ

437 1893 725 1956 Quoniam
747 1891 926 1963 igitur
947 1891 1147 1946 dolose
1169 1892 1686 1963 fraudulenterque
1709 1895 2073 1965 exspoliavit,

431 1979 647 2035 idcirco
679 1996 913 2035 omnem
946 1981 1154 2035 stolam
1188 1981 1488 2036 collectam
1517 1983 1671 2049 dolo,
1702 1988 1760 2037 et
1779 1999 1952 2038 omne
1983 2000 2077 2038 ve-

442 2069 781 2124 stimentum
815 2085 947 2123 cum
977 2071 1434 2124 commutatione
1454 2071 1745 2126 restituet.
1773 2071 1897 2126 Non
1919 2074 2076 2127 enim

431 2157 622 2213 solum
652 2175 720 2213 ea
742 2175 866 2228 quas
893 2158 1060 2213 nobis
1089 2159 1247 2214 fuere
1277 2160 1571 2228 adempta,
1597 2161 1914 2231 recipimus
1938 2179 1950 2228 ;
1973 2163 2074 2216 sed

435 2247 608 2301 etiam
661 2248 967 2302 accedente
1013 2247 1223 2303 Christi
1275 2248 1570 2319 agnitione
1619 2251 1922 2305 evadimus
1956 2267 2075 2305 me-

434 2335 630 2390 liores.
668 2336 849 2391 Induit
872 2338 1019 2390 enim
1050 2353 1152 2405 me,
1173 2338 1384 2408 inquit,
1408 2340 1722 2394 vestimento
1743 2341 1996 2408 salutari,
2028 2345 2080 2395 et

435 2426 623 2479 tunica
655 2426 866 2481 laetitiae
903 2427 966 2479 “.
999 2425 1244 2481 Omnem
1295 2426 1476 2497 igitur
1523 2427 1734 2483 stolam
1777 2428 2077 2484 collectam

436 2514 588 2581 dolo,
621 2514 730 2570 hoc
761 2519 869 2581 est,
899 2515 1228 2570 clanculum
1253 2517 1572 2588 demptam,
1597 2533 1728 2572 cum
1753 2523 2080 2573 commuta-

434 2601 594 2658 tione
626 2605 957 2660 restituent.
991 2609 1058 2660 Et
1090 2607 1328 2676 cupient,
1361 2609 1413 2660 si
1439 2607 1595 2676 ﬁant,
1628 2623 1740 2662 esse
1780 2609 1905 2677 igne
1933 2623 2079 2662 com-

437 2692 582 2748 busti
605 2711 623 2746 :
655 2695 788 2764 quia
813 2696 1078 2764 parvulus
1107 2704 1272 2750 natus
1299 2703 1378 2750 est
1418 2697 1591 2752 nobis.
1624 2695 1888 2768 Malignae
1919 2701 2081 2768 pote-

433 2785 614 2835 states
633 2789 765 2853 post
787 2783 1010 2838 Domini
1036 2785 1350 2839 adventum
1370 2784 1705 2840 clamabant
1729 2802 1742 2839 :
1762 2786 1912 2856 Quid
1927 2785 2082 2840 nobis

430 2874 481 2925 et
510 2871 638 2939 tibi,
669 2873 779 2926 Fili
815 2873 912 2927 Dei
948 2875 972 2924 .9
1024 2873 1223 2928 Venisti
1279 2873 1386 2929 huc
1411 2882 1536 2929 ante
1593 2883 1798 2945 tempus
1829 2883 2082 2945 torquere

429 2975 526 3014 nos
551 2961 616 3014 ‘2.
649 2961 814 3016 Tunc
863 2962 1082 3016 malent
1133 2962 1266 3034 igne
1317 2963 1496 3018 luisse
1554 2963 1870 3032 combusti,
1903 2981 2081 3035 quam

431 3049 807 3104 condemnari
838 3049 1049 3105 Christi
1079 3051 1135 3105 in
1169 3068 1342 3106 carne
1374 3053 1704 3123 praesentia.

2183 1895 2281 1962 τὴν
2311 1892 2588 1968 γύμνωσιν
2611 1896 2771 1965 ἡμῶν
2793 1890 3158 1965 δημοσιεύων.
3187 1888 3554 1963 Ἐπεὶ(31)οὖν
3577 1887 3833 1965 δολεραῖς

2187 1981 2448 2046 έπινοίαις
2503 1982 2843 2056 ἂπημφίασε,
2893 1986 3063 2035 πᾶσαν
3125 1977 3327 2047 στολὴν
3389 1979 3831 2054 έπισυνηγμένην

2188 2068 2360 2143 δόλῳ,
2412 2071 2500 2126 καὶ
2549 2077 2650 2125 πᾶν
2710 2071 2930 2142 ἱμάτιον
2981 2069 3112 2141 μετὰ
3154 2065 3507 2142 καταλλαγῆς
3564 2068 3830 2124 ἀποτίσει.

2187 2159 2264 2218 Οὐ
2296 2162 2399 2234 γὰρ
2453 2161 2617 2232 μόνον
2668 2153 3156 2231 ἀπολαμϐάνομεν,
3206 2157 3240 2210 ἃ
3287 2157 3640 2235 ἀφῃρήμεθα,
3682 2155 3836 2212 ἀλλά

2185 2249 2275 2304 καὶ
2303 2253 2372 2322 τῇ
2420 2251 2706 2322 προσθήκῃ
2746 2255 2848 2318 τῆς
2895 2247 2970 2309 είς
3021 2247 3252 2322 Χριστὸν
3304 2246 3649 2320 ἐπιγνώσεως
3702 2244 3835 2320 βελ-

2183 2339 2464 2410 τιούμεθα.
2519 2336 2762 2393 Ἐνὲδυσε
2835 2337 2940 2411 γὰρ
3031 2357 3096 2408 με
3153 2337 3283 2407 (32),
3354 2335 3548 2412 φησὶν,
3611 2335 3835 2406 ἱμάτιον

2188 2427 2460 2500 σωτηρίου
2495 2471 2509 2496 ,
2567 2427 2654 2480 καὶ
2759 2429 2970 2501 χιτῶνα
3044 2423 3379 2502 εὐφροσύνης
3415 2466 3427 2479 .
3506 2429 3683 2478 Πᾶσαν
3743 2420 3839 2476 οὖν

2187 2513 2388 2585 στολὴν
2424 2514 2854 2590 έπισυνηγμένην
2887 2512 3056 2586 δόλῳ,
3081 2513 3346 2580 τουτέστι,
3373 2511 3650 2588 λαθραίως
3683 2511 3844 2588 ὑφαι-

2189 2611 2457 2680 ρεθεῖσαν,
2519 2607 2652 2679 μετὰ
2706 2601 3064 2677 καταλλαγῆς
3121 2602 3457 2659 ἀποτίσουσι.
3518 2601 3616 2655 Καὶ
3669 2602 3841 2675 θεγήο

2189 2715 2411 2764 σουσιν,
2467 2693 2510 2748 εἰ
2584 2693 2831 2768 ἐγένοντο
3062 2691 3454 2767 πυρίκαυστοι,
3542 2689 3623 2744 ὅτι
3703 2710 3846 2743 παι-

2190 2780 2305 2836 δίον
2335 2783 2596 2858 ἐγεννήθη
2651 2784 2810 2854 ἡμῖν.
2869 2782 2937 2838 Αἱ
2989 2781 3226 2854 πονηραὶ
3285 2777 3542 2852 δυνάμεις
3575 2779 3710 2851 μετά
3738 2780 3844 2846 τὴν

2186 2875 2283 2926 τοῦ
2340 2872 2542 2946 Κυρίου
2600 2868 2897 2941 ἐπιδημίαν
2955 2867 3198 2944 ἔκραζον⁹
3259 2867 3324 2925 Τί
3382 2871 3516 2941 ἡμῖν
3575 2868 3665 2922 καὶ
3725 2867 3845 2938 σοὶ,

2188 2961 2278 3015 Υίὶ
2322 2964 2420 3015 τοῦ
2479 2964 2612 3016 Θεοῦ
2664 2979 2677 3029 ;
2729 2958 2929 3022 Ἦλθες
3007 2956 3114 3013 ὧδε
3177 2959 3283 3034 πρὸ
3340 2961 3531 3032 καιροῦ
3592 2955 3783 3031 βασανί
3821 2987 3848 3000 -

2191 3071 2280 3104 σαι
2336 3052 2483 3124 ἡμᾶς
2530 3069 2544 3120 ;
2604 3048 2743 3106 Τότε
2808 3049 3087 3125 αἱροῦνται
3159 3047 3402 3123 γενέσθαι
3480 3045 3849 3122 πυρίκαυστοι

437 3133 675 3206 μᾶλλον,
706 3136 740 3204 ἢ
769 3137 870 3190 ὑπὸ
897 3143 997 3206 τῆς
1029 3135 1078 3192 έν
1114 3138 1267 3211 σαρκὶ
1301 3143 1532 3213 Χριστοῦ
1562 3137 1868 3218 ἐπιφανείας
1897 3137 2326 3216 κατακρίνεσθαι.

497 3226 620 3279 226.
658 3227 798 3295 Quia
823 3229 1088 3298 parvulus
1118 3234 1281 3283 natus
1309 3239 1384 3285 est
1414 3231 1591 3297 nobis,
1642 3232 1793 3300 ﬁlius
1823 3235 1873 3286 et
1901 3231 2068 3288 datus

2253 3231 2400 3285 226.
2459 3230 2581 3286 Ὀτι
2656 3224 2874 3282 παιδίον
2957 3225 3213 3302 ἐγεννήθη
3285 3227 3422 3298 ⁴ἡμῖν
3467 3267 3481 3291 ,

427 3321 506 3368 est
537 3314 713 3378 nobis,
744 3317 898 3382 cuius
922 3318 1268 3388 principatus
1288 3321 1466 3388 factus
1495 3323 1572 3374 est
1610 3336 1770 3389 super
1790 3320 2080 3376 humerum

425 3402 564 3474 ejus.
613 3403 677 3457 Et
734 3411 954 3459 vocatur
1000 3421 1196 3460 nomen
1225 3408 1362 3477 ejus,
1421 3409 1576 3464 550
1633 3409 1814 3479 Magni
1854 3410 2084 3465 consilii

429 3493 678 3558 angelus.
712 3494 860 3557 Quot
881 3494 1007 3564 jam
1041 3493 1351 3550 didicimus
1385 3496 1610 3551 Domini
1646 3498 1884 3552 nomina
1905 3515 2076 3569 supe-

430 3579 554 3635 rius
587 3581 939 3638 audivimus.
972 3585 1105 3638 Ecce
1143 3585 1297 3655 Virgo
1328 3586 1389 3640 in
1420 3594 1568 3641 utero
1584 3588 1872 3654 concipiet,
1905 3597 1958 3642 et
1976 3605 2074 3658 pa-

431 3671 535 3724 riet
576 3671 798 3739 ﬁlium:
846 3675 896 3727 et
941 3674 1203 3727 vocabunt
1251 3690 1447 3730 nomen
1493 3675 1609 3739 eius
1656 3677 1987 3732 Emmanuel
2010 3678 2072 3733 ‘8.

429 3758 533 3814 Hic
565 3766 804 3815 vocatur
833 3778 1045 3816 nomen
1069 3763 1218 3832 ejus,
1241 3767 1435 3832 Magni
1453 3766 1672 3820 consilii
1699 3767 1945 3836 angelus.
1973 3766 2076 3820 Hic

428 3848 555 3922 ipse
583 3854 694 3919 est,
727 3849 824 3921 qui
860 3868 1138 3923 magnum
1164 3853 1475 3908 consilium
1508 3871 1540 3908 a
1569 3854 1798 3911 saeculis
1829 3856 2074 3912 abscon-

432 3938 644 4007 ditum,
676 3940 1152 4010 generationibus
1181 3942 1312 3997 aliis
1345 3943 1499 3998 haud
1533 3943 1892 4000 declaratum
1922 3949 2079 4017 pate-

430 4025 563 4082 fecit
588 4029 649 4081 “.
685 4028 788 4083 Hic
819 4029 1188 4084 annuntiavit
1220 4036 1276 4084 et
1307 4032 1521 4086 detexit
1552 4033 1609 4086 in
1641 4033 1916 4105 gentibus
1937 4051 2076 4088 suas

428 4116 618 4188 ipsius
649 4118 1210 4190 impervestigabiles
1243 4120 1498 4186 divitias,
1532 4126 1596 4176 ut
1641 4122 1844 4177 ﬁerent
1873 4126 2075 4194 gentes

429 4206 759 4262 cohaeredes
780 4211 835 4262 et
854 4207 1296 4279 concorporales
1326 4208 2074 4282 ",videlicethujusipsius,

426 4294 925 4364 cujusimperium
960 4300 1047 4350 est
1077 4312 1256 4367 super
1287 4297 1598 4352 humerum
1633 4299 1799 4368 ejus;
1833 4298 1939 4354 hoc
1963 4303 2071 4367 est,

429 4395 673 4451 regnum
706 4387 762 4436 et
794 4386 1052 4454 potestas
1084 4384 1142 4438 in
1165 4401 1356 4442 cruce.
1390 4390 1453 4440 In
1487 4402 1717 4442 crucem
1741 4388 1896 4442 enim
1920 4389 2074 4445 exal-

424 4472 606 4538 tatus,
634 4486 839 4526 omnes
861 4471 932 4526 ad
953 4487 1012 4526 se
1030 4472 1224 4543 ipsum
1248 4474 1422 4530 traxit
1441 4475 1500 4528 ίε.
1522 4474 1796 4532 Adducam
1813 4479 1957 4533 enim
1980 4495 2076 4550 pa-

3551 3225 3669 3285 υἱὸς
3743 3225 3848 3279 καὶ

2187 3316 2347 3388 ἐδόθη
2404 3321 2538 3390 ἡμῖν
2571 3360 2585 3388 ,
2643 3319 2704 3371 οὗ
2761 3319 2796 3386 ἡ
2857 3316 3005 3391 ἀρχὴ
3083 3315 3312 3390 ἐγενήθη
3386 3314 3472 3370 ἐπὶ
3527 3317 3624 3368 τοῦ
3683 3311 3855 3385 ὤμου

2188 3408 2351 3462 αὐτοῦ
2383 3452 2394 3463 .
2450 3405 2552 3462 Καὶ
2606 3404 2850 3461 καλεῖται
2902 3406 2964 3459 τὸ
3049 3399 3223 3477 ὄνομα
3278 3403 3444 3458 αὐτοῦ
3476 3444 3490 3470 ,
3580 3399 3854 3476 Μεγάλης

2193 3495 2397 3572 βουλῆς
2456 3493 2731 3572 ἅγγελος.
2793 3495 2940 3549 Πόσα
2991 3490 3100 3562 ἤδη
3154 3491 3396 3565 ὀνόματα
3463 3489 3849 3566 ἐδιδάχθημεν

2185 3588 2280 3642 τοῦ
2338 3587 2538 3662 Κυρίου
2575 3631 2589 3654 ,
2647 3587 2913 3661 ἀνώτερον
2983 3583 3254 3657 ἠκούομεν
3293 3626 3305 3637 .
3369 3580 3510 3638 Ἰδοὺ
3588 3586 3622 3652 ὴ
3682 3585 3854 3655 Παρ-

2186 3678 2336 3739 Θένος
2395 3677 2449 3732 ἰν
2506 3675 2694 3753 γαστρῖ
2763 3675 3047 3748 λήψεται,
3105 3673 3194 3728 καὶ
3242 3672 3447 3743 τέξεται
3523 3672 3637 3726 υἱὸν
3677 3714 3690 3738 ,
3748 3673 3852 3725 καὶ

2185 3765 2472 3820 καλέσουσι
2527 3765 2589 3819 τὸ
2658 3760 2832 3838 ὄνομα
2889 3763 3057 3818 αύτοῦ
3135 3759 3517 3835 Ἐμμανουήλ.
3578 3762 3856 3824 Ἐνταῦθα

2183 3852 2429 3908 καλεῖται
2462 3854 2522 3908 τὸ
2554 3848 2725 3925 ὄνομα
2777 3853 2966 3919 αύτσῦ,
3026 3849 3287 3919 Μεγάλης
3340 3848 3549 3926 βουλῆς
3589 3847 3852 3925 ἄγγελος.

2185 3943 2544 4011 Οὗτοςὸτήν
2602 3939 2848 4016 μεγάλην
2915 3939 3121 4016 βουλὴν
3181 3941 3279 4008 τὴν
3340 3937 3846 4015 ἀποκεκρυμμένην

2185 4032 2291 4087 ἀπὸ
2320 4037 2426 4087 τῶν
2462 4031 2674 4086 αἶ’ώνων
2734 4029 3004 4106 γνωρίσας
3062 4032 3199 4102 (34),
3249 4029 3349 4097 τὴν
3393 4029 3602 4102 ἑτέραις
3633 4033 3857 4103 γενεαῖς

2189 4121 2264 4194 μὴ
2311 4125 2724 4198 φανερωθεῖσαν.
2777 4119 2949 4180 Οὗτος
2995 4119 3022 4172 6
3073 4116 3395 4193 ἀναγγείλας
3450 4117 3537 4172 καὶ
3596 4118 3854 4194 (fungeb-

2185 4230 2278 4271 σας
2306 4211 2398 4264 τὸν
2427 4209 2832 4284 ἀνεξιχνίαστον
2888 4209 3078 4262 ἑαυτοῦ
3123 4205 3360 4262 πλοῦτον
3390 4205 3441 4260 ἐν
3464 4211 3583 4264 τοῖς
3613 4203 3853 4274 ἔθνεσιν,

2185 4299 2318 4354 εἶναι
2372 4299 2438 4353 τὰ
2494 4296 2617 4368 ἔθνη
2678 4296 3104 4372 συγκληρονόμα
3158 4296 3248 4350 καὶ
3317 4293 3606 4368 σύσσωμα·
3669 4295 3853 4349 αὐτοῦ

2181 4388 2282 4464 γὰρ
2313 4388 2530 4457 τούτου,
2573 4388 2634 4441 οὗ
2686 4389 2721 4456 ἡ
2774 4387 2919 4462 ἀρχή
2968 4385 3108 4440 ἐστιν
3167 4383 3256 4439 ἐπὶ
3311 4388 3408 4439 τοῦ
3457 4379 3613 4457 ὤμου
3644 4384 3852 4442 αὐτοῦ.

2180 4479 2479 4545 τουτέστιν,
2510 4478 2546 4546 ἡ
2583 4474 2832 4552 βασιλεία
2877 4475 2966 4530 καὶ
3015 4477 3050 4544 ἠ
3100 4472 3330 4548 δύναμις
3388 4471 3440 4527 ἐν
3477 4478 3556 4545 τῷ
3599 4478 3852 4549 σταυρῷ.

427 4574 540 4613 cem
579 4576 745 4630 super
767 4561 1070 4632 principes,
1109 4579 1298 4634 pacem
1344 4569 1397 4620 et
1442 4567 1733 4622 sanitatem
1781 4569 1909 4639 ipsi.
1950 4568 2072 4623 Μα-

2185 4566 2428 4623 Ἐπὶτοῦ
2460 4570 2691 4640 σταυροῦ
2743 4564 2846 4640 γὰρ
2899 4565 3151 4638 ὑψωθεὶς,
3207 4565 3409 4624 πάντας
3441 4559 3657 4666 ε’ίλιὶυσε
3695 4563 3855 4636 πρὸς

429 4662 570 4717 gnus
594 4651 938 4722 principatus
965 4653 1108 4723 ejus,
1159 4655 1213 4708 et
1254 4655 1407 4724 pacis
1439 4655 1595 4710 illius
1642 4673 1757 4710 non
1804 4664 1880 4712 est
1922 4657 2070 4727 ﬁnis.

429 4734 575 4793 Hinc
607 4737 797 4809 palam
831 4743 922 4795 est
951 4739 1073 4797 hanc
1093 4740 1154 4798 in
1186 4741 1374 4799 Patris
1399 4759 1650 4815 persona
1681 4744 1862 4802 fuisse
1894 4747 2069 4803 dicta.

2183 4654 2368 4710 ἔαυτόν
2405 4700 2418 4712 .
2494 4657 2639 4728 "Agin
2708 4653 2812 4730 γὰρ
2880 4652 3100 4728 εἰρήνην
3178 4651 3266 4708 ἰπὶ
3337 4650 3467 4715 τοὺς
3537 4647 3852 4728 ἄρχοντας,

2184 4744 2404 4822 εἰρήνην
2467 4746 2579 4818 (35)
2648 4742 2737 4798 καὶ
2799 4741 2975 4820 ὑγείαν
3061 4742 3241 4816 αὐτῷ.
3296 4741 3525 4819 Μεγάλη
3583 4742 3621 4812 ὴ
3681 4741 3851 4819 ἀρχὴ

504 4907 958 4988 ξ⁰681.ῐιι,-27.
1041 4914 1081 4949 ¹¹
1141 4915 1252 4972 Isa.
1288 4932 1400 4988 ιιι,
1465 4917 1553 4973 10.
1636 4917 1680 4954 ¹²
1710 4916 1918 4973 Matth.
1977 4933 2076 4974 vm

2185 4918 2222 4972 t.
2302 4917 2346 4953 ³³
2376 4921 2490 4973 Isa.
2544 4933 2647 4986 vn,
2680 4917 2766 4972 14.
2846 4916 2892 4953 ιι
2917 4913 3036 4970 Col.
3069 4932 3108 4984 ι,
3165 4915 3256 4970 26.
3336 4914 3381 4952 ί·
3409 4913 3628 4986 Ephes.
3660 4927 3750 4984 m,
3787 4914 3857 4972 6.

430 4978 474 5014 ¹⁸
502 4978 668 5036 Joan.
701 4978 809 5051 xu,
835 4985 924 5040 32.

500 5152 613 5221 (30)
669 5154 842 5236 Editi,
901 5156 1300 5230 παρατιθέντα.
1348 5165 1419 5215 At
1477 5177 1578 5217 sex
1636 5179 1804 5231 (1158.,
1864 5181 2070 5236 περιτι-

427 5219 602 5293 θέντα,
636 5219 881 5298 optime.

497 5297 608 5367 (31)
646 5303 887 5372 Veteres
927 5299 1189 5372 quinque
1238 5301 1391 5372 libri,
1425 5302 1594 5358 Ἐπεί.
1669 5304 1820 5359 Editi
1857 5322 1988 5360 vero
2019 5309 2074 5362 et

427 5370 562 5435 Reg.
599 5372 842 5440 primus,
879 5370 1018 5426 Ἐπί.

497 5441 609 5519 (32)
638 5443 900 5519 Sicmss.
947 5459 1172 5499 omnes.
1230 5444 1597 5518 Typographi
1637 5467 1693 5500 σε
1724 5464 1826 5519 pro
1885 5467 1950 5519 με
1979 5448 2072 5504 in-

427 5517 594 5567 caute
625 5516 952 5571 ediderant.

847 5585 1202 5667 ἐγενήθησαν.
1234 5591 1310 5667 ﬁt
1339 5604 1481 5645 mss.
1515 5605 1634 5667 sex,
1666 5586 1928 5667 ἐγένοντο.

497 5656 612 5726 (34)
639 5659 732 5716 Sic
762 5656 902 5733 Regi
951 5663 1181 5718 tertius.
1235 5659 1358 5717 Vox
1399 5656 1667 5739 γνωρίσας
1705 5656 1784 5720 'in
1815 5663 1988 5722 editis
2017 5667 2075 5721 et

2182 5163 2241 5217 in
2273 5162 2404 5218 aliis
2461 5162 2915 5233 quinque-mss.
2976 5159 3360 5233 desideratur.
3416 5157 3678 5233 Subinde
3712 5156 3856 5233 duo

2182 5250 2352 5303 11188.,
2401 5227 2664 5306 ,Οὗτος-’ὁ
2718 5228 2967 5306 ἄγγελος-
3008 5229 3094 5306 καὶ
3158 5229 3509 5306 φανερώσαςλ
3551 5229 3664 5306 Alii
3695 5227 3855 5306 duo,

2182 5253 2352 5303 11188.,
2407 5253 2578 5294 υυτος
2637 5253 2664 5285 Ο
2718 5253 2750 5284 α
2787 5253 2949 5304 γεΛος
3008 5253 3094 5283 και
3158 5253 3488 5306 φανερωσας.
3551 5253 3664 5282 Διιι
3695 5253 3855 5296 υιιῡ,

2182 5306 2359 5380 ῼᾷτος
2391 5304 2418 5380 ῥ
2450 5302 2723 5380 ἀγγείλας.
2751 5253 2908 5380 liditi
2932 5302 3186 5380 denique
3231 5319 3365 5358 cum
3416 5300 3557 5380 aliis
3579 5300 3856 5380 duobus,

2181 5377 2354 5440 Οὗτος
2375 5375 2411 5466 ’ὁ
2465 5370 2802 5463 ἀναγγείλας.
2864 5370 3107 5432 Ιδίᾶθῑῐί
3134 5380 3256 5430 tres
3310 5391 3484 5442 mss.,
3534 5370 3859 5445 ἀνεξιχνία-

2569 5520 2789 5596 εῖρῆνην
2847 5519 3046 5577 addita
3104 5520 3194 5575 est
3249 5532 3319 5575 ex
3369 5515 3560 5574 tribus
3619 5514 3860 5573 codici-

2226 5610 2316 5650 us.

2226 5610 2316 5651 ΠΒ.
