4074 6222
217 376 320 437 M3

1048 371 1458 435 COMMENT.
1501 373 1580 433 IN
1625 373 1898 435 ISAIAM
1937 372 2449 435 PROPHETAM.
2489 373 2660 434 CAP.
2707 371 2814 432 IX.

3496 381 3617 440 514

215 506 400 573 αὗτοῦ,
461 505 552 560 καὶ
604 508 706 574 τῆς
761 505 985 580 εἰρήνης
1041 505 1208 561 αὐτοῦ
1283 503 1382 559 οὐκ
1449 500 1588 559 ἔστιν
1663 507 1846 580 δριον.

1995 506 2247 574 Quoniam
2280 505 2604 578 pacificavit
2626 506 2751 577 ipse
2773 508 3234 578 persanguinem
3257 510 3449 566 crucis
3493 529 3612 568 suae

213 597 296 652 Ἐκ
336 594 540 650 τούτου
581 593 926 669 παρίσταται,
977 593 1059 648 ὅτι
1124 593 1184 648 ἐκ
1228 597 1324 648 τοῦ
1369 597 1633 668 πατρικοῦ
1687 613 1860 669 προσ-

213 687 369 738 ώπου
401 682 515 738 ἐστί
569 685 639 738 τὰ
667 681 959 757 λεγόμενα.
986 684 1085 737 Διά
1130 682 1191 738 τὸ
1229 681 1644 757 εἰρηνοποιῆσαι
1698 683 1857 737 αὐτὸν
1885 696 1889 701 ’

212 771 293 827 διὰ
323 777 427 826 τοῦ
452 770 685 846 αἳματος
713 777 809 827 τοῦ
841 776 1072 846 σταυροῦ
1125 770 1308 842 αὐτοῦ,
1342 768 1449 824 εἷ’τε
1502 772 1568 824 τὰ
1620 769 1707 825 ἐπὶ
1761 779 1860 841 τῆς

1970 599 2090 654 sive
2131 614 2257 668 quae
2285 600 2533 666 interra,
2560 597 2680 652 sive
2703 614 2831 668 quas
2862 597 2916 652 in
2952 599 3116 654 ccelis
3151 601 3214 666 υ,
3264 601 3486 657 dictum
3531 609 3619 658 est

1970 688 2116 742 illud
2143 706 2154 742 :
2191 687 2466 743 Adducam
2497 689 2646 742 enim
2674 704 2865 758 pacem
2887 704 3050 758 super
3073 693 3376 759 principes,
3397 697 3450 746 et
3465 697 3618 748 sani-

1971 779 2139 829 tatem
2157 777 2282 844 ipsi.
2326 773 2590 828 Arbitror
2634 775 3079 830 resurrectionis
3129 779 3474 848 mysterium
3524 780 3618 834 his

212 869 305 939 γῆς
366 859 480 915 εἴτε
536 861 604 914 τὰ
661 860 712 914 ἐν
757 866 875 924 τοῖς
922 861 1194 936 οὐρανοῖς,
1226 858 1438 934 εἴρηται
1466 859 1549 930 τὸ,
1582 860 1726 930 ’Ἅξω
1757 861 1861 936 γὰρ

1995 864 2160 919 'erbis
2187 864 2586 918 ostendiJVam
2613 866 2741 932 quia
2761 866 3065 933 cruciﬁxus
3081 869 3158 920 est
3187 881 3256 920 ea:
3270 868 3617 938 inﬁrmitate,

215 951 440 1026 εἰρήνην
515 949 604 1004 ἐπὶ
677 948 801 1012 τοὺς
880 947 1186 1025 ἄρχοντας,
1245 947 1335 1003 καὶ
1416 948 1592 1022 ὑγείαν
1672 949 1860 1020 αὐτῷ.

214 1041 381 1111 Οἶμαι
413 1039 476 1092 τὸ
513 1045 612 1107 τῆς
657 1037 987 1099 ἀναστάσεως
1036 1034 1334 1091 δείκνυσθαι
1383 1033 1472 1090 διὰ
1510 1037 1707 1091 τούτου
1770 1058 1865 1109 μυ-

216 1132 440 1202 στήριον
477 1172 490 1183 .
551 1127 774 1195 Ἐπειδὴ
852 1127 956 1202 γὰρ
1026 1125 1339 1202 ἐσταυρώθη
1414 1125 1464 1196 ἐξ
1542 1125 1862 1198 ἀσθενείας,

218 1221 273 1290 ζῇ
335 1214 401 1271 Si
451 1215 515 1270 bc
567 1213 849 1289 δυνάμεως
906 1219 1061 1283 Θεοῦ,
1096 1213 1185 1269 διὰ
1237 1219 1398 1269 τοῦτο
1441 1215 1594 1288 ὑγεία
1649 1211 1864 1288 ἄγεσθαι

215 1306 358 1376 αὗτῷ
407 1301 630 1380 λέγεται
660 1306 797 1377 (36),
828 1302 916 1357 ἐπὶ
963 1305 1060 1373 τὴν
1103 1301 1376 1367 ἀσθένειαν
1425 1309 1525 1373 τῆς
1556 1303 1772 1378 σαρκὸς,
1803 1305 1863 1373 ἣν

218 1394 346 1469 ὁπὶρ
401 1395 568 1464 ἡμῶν
619 1389 900 1466 ἀνείληφε.
942 1392 1042 1446 Καὶ
1097 1399 1196 1462 τῆς
1266 1390 1486 1466 εἶ’ρνςνης
1546 1391 1712 1447 αὐτοῦ
1771 1391 1870 1447 οὐκ

219 1483 357 1538 ἔστιν
412 1483 590 1555 δριον.
630 1480 893 1555 Εῗρήνην,
939 1482 1096 1556 φησὶ,
1138 1478 1341 1554 δίδωμι
1390 1482 1540 1556 ὑμῖν,
1583 1481 1645 1536 οὗ
1691 1481 1871 1543 καθὼς

223 1571 494 1644 ὁκόσμος
544 1567 786 1640 δίδωσιν,
817 1569 928 1646 ἐγὼ
979 1568 1182 1644 διδωμι
1229 1571 1376 1643 ὑμῖν.
1413 1571 1510 1625 Διὰ
1553 1575 1715 1626 τοῦτο
1765 1571 1872 1625 οὐκ

223 1657 358 1716 ἔστιν
413 1661 568 1733 ὅριον
617 1667 718 1728 τῆς
762 1659 986 1734 εἶ’ρήνης
1039 1659 1224 1715 αὐτοῦ’
1253 1657 1440 1729 ἕπειδή
1493 1662 1607 1733 (37)
1642 1660 1871 1734 ὑπερκό-

226 1750 380 1822 σμιόν
415 1749 532 1804 ἐστι
561 1749 624 1803 τὸ
656 1746 855 1823 δῶρον.
879 1749 943 1805 Ei
975 1749 1079 1825 γὰρ
1123 1747 1182 1804 ἐκ
1222 1753 1320 1804 τοῦ
1361 1750 1571 1822 κόσμου
1625 1749 1716 1820 ἦν,
1749 1768 1872 1803 συν-

227 1838 538 1913 απηρτίσθη
572 1836 630 1892 ἂν
660 1842 732 1912 τῇ
760 1843 855 1892 τοῦ
885 1837 1098 1910 κόσμου
1124 1837 1389 1896 συστάσει.
1424 1843 1530 1893 Νῦν
1582 1835 1640 1893 δὲ
1664 1839 1692 1892 ὁ
1725 1835 1873 1908 δεξά-

1972 954 2106 1006 vivit
2126 968 2254 1006 vero
2273 967 2342 1006 ea:
2371 953 2576 1006 virtute
2596 952 2692 1006 Dei
2711 953 2774 1018 ‘3,
2809 953 3026 1007 idcirco
3050 954 3098 1007 ei
3136 955 3344 1009 adduci
3404 957 3622 1011 dicitur

1973 1041 2199 1095 sanitas
2222 1042 2291 1095 ad
2327 1042 2642 1096 curandam
2675 1041 3077 1097 infirmitatem
3101 1045 3498 1116 carnis,quam
3521 1064 3624 1117 pro

1976 1129 2146 1185 nobis
2176 1130 2520 1201 assumpsit.
2555 1131 2792 1202 Etpacis
2822 1131 2939 1200 ejus
2968 1148 3078 1187 non.
3107 1136 3183 1187 est
3230 1136 3376 1203 ﬁnis.
3431 1137 3624 1190 Pacem

1974 1217 2190 1288 inquit,
2221 1218 2287 1272 do
2316 1220 2486 1283 vobis,
2515 1235 2623 1273 non
2655 1220 2917 1288 quomodo
2972 1221 3207 1276 mundus
3251 1222 3364 1292 dat,
3396 1239 3500 1295 ego
3557 1226 3624 1280 do

1974 1308 2131 1364 vobis
2163 1309 2225 1361 ‘9.
2262 1308 2392 1362 Ideo
2424 1325 2534 1380 pax
2563 1308 2721 1363 illius
2761 1325 2876 1364 non
2909 1310 3118 1381 accipit
3140 1313 3620 1384 ﬁnem,quoniam

1979 1400 2196 1454 donum
2217 1398 2508 1468 quoddam
2523 1405 2611 1453 est
2631 1399 2848 1454 mundo
2871 1399 3438 1457 sublimius.Etenim
3467 1405 3514 1459 si
3533 1422 3622 1462 es-

1979 1491 2069 1542 set
2084 1502 2149 1540 ex
2166 1487 2528 1550 irundo,non
2550 1487 2736 1555 magis
2751 1503 2926 1556 quam
2948 1489 3344 1560 mundusipse
3365 1491 3624 1550 duraret.

1980 1577 2250 1630 Attamen
2271 1575 2370 1646 qui
2396 1590 2550 1628 nunc
2571 1574 2978 1645 excepitillius
3019 1593 3220 1647 pacem
3257 1583 3314 1632 et
3356 1582 3626 1649 servavit,

1981 1665 2032 1718 is
2058 1664 2114 1718 in
2137 1664 2560 1734 sempiternum
2585 1669 2821 1735 tempus
2843 1663 3018 1718 vitam
3046 1681 3212 1719 suam
3247 1666 3303 1721 in
3337 1668 3506 1724 bonis
3533 1686 3632 1741 pa-

1983 1752 2068 1807 cis
2097 1753 2379 1806 traducat.
2405 1751 2738 1806 Salomonis
2779 1769 2888 1822 pax
2917 1754 3092 1808 certis
3115 1770 3180 1808 ao
3199 1758 3438 1813 statutis
3459 1759 3631 1814 annis

1985 1841 2578 1896 circumscribebatur
2609 1841 2654 1875 ²⁰
2683 1856 2696 1895 :
2731 1857 2856 1912 quas
2888 1846 3084 1896 autem
3122 1859 3231 1913 pax
3252 1845 3428 1900 datur
3459 1864 3492 1902 a
3519 1853 3630 1903 Do-

230 1949 385 2000 μενος
417 1928 589 1983 αὐτοῦ
618 1927 718 1995 τὴν
756 1926 974 2003 εἰρήνην
1025 1927 1112 1982 καὶ
1164 1925 1400 2004 φυλάξας
1445 1926 1521 1990 εἷς
1566 1928 1658 1982 τὸν
1706 1925 1876 1980 αΐῶνα

1995 1930 2163 1996 :nino,
2191 1930 2261 1984 ad
2281 1945 2453 1984 omne
2480 1934 2717 2000 tempus
2747 1945 2810 1985 se
2836 1931 3111 1997 extendit,
3147 1949 3278 1988 cum
3303 1951 3407 1990 nec
3460 1937 3633 1993 ﬁnem

229 2013 427 2093 χρόνον
472 2022 594 2079 τοῖς
645 2015 703 2071 ἐκ
749 2023 849 2086 τῆς
880 2016 1104 2090 εῗρήνης
1149 2014 1343 2078 καλοῖς
1392 2011 1777 2089 συμϐιώσεται.
1809 2017 1873 2071 Ἡ

231 2105 599 2178 Σολομῶντος
631 2106 823 2179 εἰρήνη
853 2107 1256 2181 γεγραμμένοις
1303 2104 1440 2160 ἔτεσι
1497 2103 1871 2180 περιωρίζετο·

228 2198 260 2263 ἡ
288 2194 350 2249 δὲ
380 2197 535 2270 παρὰ
582 2200 680 2250 τοῦ
729 2193 936 2269 Κυρίου
986 2191 1172 2268 εἰρήνη
1221 2199 1300 2265 τῷ
1345 2193 1502 2248 αίῶνι
1533 2193 1690 2248 παντῖ
1741 2215 1878 2266 συμ-

230 2283 690 2358 παρεκτιίνεται,
739 2283 1118 2358 ἀπεριόριστος
1199 2281 1328 2337 οὖσα
1409 2283 1499 2337 καὶ
1583 2282 1880 2357 ἀτερμάτι-

233 2397 350 2438 στος
555 2373 735 2430 Πάντα
777 2375 880 2450 γὰρ
925 2375 1320 2448 ὑποταγήσεται
1369 2371 1536 2444 αὐτῷ,
1572 2371 1662 2427 καὶ
1709 2372 1882 2426 πάντα

230 2464 593 2540 ἐπιγνώσεται
668 2465 768 2531 τήν
851 2463 1014 2518 αὐτοῦ
1103 2460 1450 2517 δεσποτείαν⁶
1502 2463 1591 2516 καὶ
1667 2458 1878 2516 ἐπειδὰν

231 2553 451 2628 γίνηται
484 2554 515 2607 ὁ
547 2553 674 2616 Θεὸς
730 2553 797 2606 τὰ
847 2552 1017 2606 πάντα
1075 2550 1126 2606 ἂν
1179 2556 1329 2617 πᾶσι,
1361 2551 1882 2626 καθησυχασθέντων

231 2647 332 2696 τῶν
415 2637 796 2715 θορυϐούντων
860 2646 985 2702 ’ταῖς
1060 2638 1456 2711 ἆποστασίαις,
1516 2639 1568 2693 ἐν
1626 2639 1884 2714 είρηνικῷ

233 2730 528 2808 συμφωνίᾳ
553 2730 644 2785 τὸν
679 2731 806 2785 Θεὸν
845 2729 1175 2802 ὑμνήσουσιν
1212 2731 1342 2804 (39).
1379 2729 1496 2782 Ἐπὶ
1545 2729 1638 2783 τὸν
1694 2729 1883 2804 θρόνον

235 2815 444 2887 Δαϐὶδ,
503 2819 596 2873 καὶ
655 2819 744 2874 ἐπὶ
793 2820 892 2888 τὴν
957 2817 1233 2891 βασιλείαν
1284 2817 1488 2885 αὐτοῦ,
1541 2822 1882 2892 κατορθῶσαι

234 2908 426 2977 αὐτήν.
485 2907 588 2961 Διὰ
639 2907 703 2962 τὸ
756 2906 1035 2981 εἰρῆσθαι,
1093 2907 1177 2961 ὅτι
1232 2904 1345 2963 Οὐκ
1397 2903 1634 2978 ἐκλείψει
1694 2904 1880 2981 ἄρχων

235 2997 281 3067 LE
337 2993 557 3066 Ἰούδα,
609 2995 699 3050 καὶ
756 2995 1065 3070 ἡγούμενος
1135 2993 1196 3049 ἐκ
1272 2999 1379 3049 τῶν
1445 2999 1635 3071 μηρῶν
1697 2995 1882 3067 αὐτοῦ,

230 3082 329 3147 ’ἐως
401 3083 467 3138 ἃν
548 3078 681 3157 ἔλθῃ
752 3083 819 3138 τὰ
892 3083 1225 3156 ἀποκείμενα
1295 3082 1480 3155 αὐτῷ,
1535 3082 1729 3145 πάντες
1773 3086 1880 3156 (40)

235 3172 430 3249 σχεδὸν
465 3173 796 3249 ὁμοφώνως,
829 3171 888 3226 ἐκ
917 3170 1224 3244 σπέρματος
1256 3167 1421 3226 Δαϐἷδ
1453 3172 1589 3227 εἶναι
1634 3172 1698 3226 τὸ
1745 3173 1881 3227 κατὰ

1989 2035 2093 2075 nec
2125 2019 2442 2073 terminum
2475 2018 2768 2074 admittat.
2801 2019 3012 2074 Omnia
3050 2023 3200 2076 enim
3232 2023 3281 2077 ei
3316 2025 3636 2094 subjicien-

1984 2113 2084 2162 tur
2107 2109 2178 2173 ³1,
2212 2114 2648 2179 agnoscentque
2679 2109 2808 2176 ejus
2839 2109 3146 2178 imperium
3179 2112 3404 2181 omnia;
3429 2120 3485 2169 et
3536 2116 3638 2170 ubi

1989 2196 2162 2251 fuerit
2190 2196 2344 2250 Deus
2375 2196 2574 2250 omnia
2603 2196 2661 2250 in
2694 2197 2990 2259 omnibus,
3024 2199 3095 2253 iis
3146 2200 3246 2270 qui
3305 2217 3407 2270 per
3465 2219 3636 2259 suam
3665 2181 3668 2186 Ι

1989 2285 2371 2340 defectionem
2405 2284 2694 2340 tumultus
2724 2285 3054 2341 excitabant
3106 2287 3326 2342 indicto
3379 2290 3636 2361 silentio,

1991 2374 2175 2429 Deum
2210 2373 2450 2444 paciﬁco
2481 2389 2770 2428 consensu
2803 2373 3148 2432 laudabunt.
3215 2377 3390 2448 Super
3434 2382 3635 2436 solium

1990 2464 2172 2518 David
2201 2467 2255 2517 et
2296 2479 2462 2532 super
2516 2480 2745 2532 regnum
2802 2464 2943 2530 eius,
2996 2472 3058 2519 ut
3109 2465 3419 2522 moderetur
3473 2469 3635 2528 illud.

1991 2553 2279 2618 Quoniam
2314 2553 2536 2606 dictum
2568 2559 2684 2607 est:
2710 2557 2834 2608 Non
2863 2554 3076 2624 deﬁciet
3100 2556 3356 2628 princeps
3376 2575 3448 2612 ea:
3466 2559 3635 2626 Juda,

1991 2651 2042 2698 et
2069 2643 2192 2698 dum
2220 2641 2286 2697 de
2303 2643 2608 2708 fem0ribus
2637 2643 2773 2711 ejus.
2806 2642 2973 2698 donec
2999 2645 3225 2698 veniant
3254 2662 3380 2714 qum
3395 2650 3637 2718 reposita

1990 2732 2195 2786 suntei
2223 2731 2291 2794 ’9,
2315 2746 2519 2784 omnes
2550 2731 2815 2785 unanimi
2847 2732 2965 2786 fere
2991 2748 3276 2787 consensu
3329 2737 3640 2792 enuntiant

1992 2819 2307 2875 Dominum
2341 2819 2666 2873 secundum
2699 2835 2930 2874 carnem
2962 2837 3031 2874 ex
3060 2821 3283 2876 semine
3308 2823 3486 2878 David
3519 2825 3635 2879 ori-

1993 2909 2060 2963 ri.
2096 2907 2333 2962 Sedebit
2362 2907 2540 2977 igitur
2558 2908 2732 2978 Super
2779 2909 3047 2962 thronum
3076 2910 3272 2972 David.
3303 2916 3354 2966 et
3405 2928 3636 2982 regnum

1991 2999 2125 3068 ejus,
2157 3005 2220 3051 ut
2247 2995 2557 3051 moderetur
2587 2995 2752 3060 illud,
2774 3001 2826 3051 et
2846 2999 3229 3067 patrocinetur
3244 3002 3299 3054 ei
3327 3003 3388 3055 in
3423 3002 3638 3072 judicio

1991 3091 2041 3142 et
2062 3084 2537 3156 justitiaJudicia
2565 3087 2681 3151 tua,
2715 3084 2927 3156 inquit,
2962 3086 3188 3157 abyssus
3226 3089 3407 3144 multa
3437 3091 3519 3158 23;
3554 3097 3633 3160 et,

1992 3177 2215 3230 Iustitia
2245 3182 2350 3228 tua
2377 3174 2519 3228 sicut
2545 3177 2760 3228 montes
2789 3174 2889 3228 Dei
2915 3175 3188 3246 9‘.Neque
3218 3177 3401 3246 igitur
3415 3179 3642 3248 judicia

234 3265 407 3336 σάρκα
472 3263 568 3316 τὸν
650 3261 870 3335 Κύριον,
925 3259 1402 3335 καταγγέλλουσιν.
1460 3261 1583 3316 Ἐπὶ
1642 3260 1733 3315 οῦν
1787 3261 1878 3315 τὸν

1995 3265 2122 3333 ejus
2151 3263 2568 3334 comprehendi
2610 3265 3301 3334 queunt,nequejustitia
3332 3282 3434 3336 pro
3456 3267 3647 3338 digni-

237 3353 434 3427 θρόνον
522 3345 710 3423 Δαϐἰδ,
759 3350 848 3405 καὶ
917 3351 1017 3418 τὴν
1085 3348 1358 3426 βασιλείαν
1446 3349 1608 3405 αὐτοῦ
1665 3351 1889 3419 καθήσε-

233 3463 316 3496 ται
355 3487 372 3510 ,
456 3438 595 3495 ὥστε
681 3441 1022 3516 κατορθῶσαι
1105 3439 1272 3507 αὐτὴν
1307 3485 1322 3510 ,
1398 3439 1486 3493 καὶ
1569 3439 1887 3514 ἀντίχεσθαι

238 3531 411 3600 αὐτῆς
473 3528 527 3584 ἐν
585 3528 808 3602 κρίματι
865 3527 956 3583 καὶ
1014 3527 1066 3582 ἐν
1123 3525 1464 3602 δικαιοσύνῃ.
1525 3527 1600 3582 Τὰ
1651 3529 1889 3602 κρίματά

240 3641 374 3686 σου,
442 3617 646 3694 φησὶν,
704 3613 938 3679 ἄϐυσσος
989 3615 1175 3687 πολλή
1212 3635 1224 3647 ⁶
1277 3615 1389 3682 καὶ,
1449 3617 1511 3673 Ἣ
1571 3613 1883 3688 δικαιοσύνη

228 3730 318 3762 σου
380 3708 462 3770 ὡς
519 3702 621 3780 ὅρη
657 3710 813 3763 Θεοῦ.
843 3702 982 3763 Οῦτε
1039 3704 1130 3760 οῦν
1173 3705 1240 3759 τὰ
1270 3705 1510 3780 κρίματα
1541 3703 1885 3776 καταληπτὰ,

229 3795 348 3854 οὔτε
410 3799 448 3865 ἡ
500 3793 817 3866 δικαιοσύνη
874 3796 990 3850 κατ’
1023 3794 1172 3866 ἀξίαν
1227 3799 1324 3849 τοῦ
1382 3794 1552 3868 ὕψους
1609 3796 1882 3868 θεωρητή.

229 3889 322 3942 Καὶ
401 3889 572 3940 ταῦτα
625 3887 865 3955 ,ποιήσει
941 3884 970 3938 ὁ
1048 3883 1215 3953 ζῆλος
1320 3883 1519 3958 Κυρίου
1612 3879 1881 3942 Σαϐαώθ.

1999 3358 2118 3408 tate
2140 3369 2261 3407 suae
2282 3349 2649 3406 celsitudinis
2673 3355 2863 3420 potest
2893 3351 3011 3406 ulla
3032 3355 3521 3424 contemplatione
3551 3361 3643 3411 at-

1998 3440 2164 3512 tingi.
2193 3443 2268 3495 Et
2296 3442 2594 3508 haecfaciet
2624 3439 2773 3495 zelus
2793 3442 3015 3496 Domini
3042 3441 3307 3498 Sabaoth.
3351 3445 3640 3508 Quoniam

1996 3529 2117 3585 zelo
2143 3529 2458 3600 studioque
2489 3545 2595 3582 nos
2618 3528 2949 3601 ignorantia
2966 3537 3274 3599 pereuntes
3295 3539 3643 3602 prosecutus

1995 3625 2082 3674 est
2114 3618 2719 3673 assumetbumanam
2771 3619 3296 3689 dispensationem,
3327 3627 3392 3675 ut
3421 3639 3528 3678 nos
3561 3639 3646 3678 re-

1995 3725 2104 3777 gno
2136 3723 2243 3785 suo
2273 3711 2519 3762 asserat.
2552 3707 2720 3762 Zelus
2743 3707 2923 3778 igitur
2952 3708 3181 3763 Domini
3216 3710 3489 3781 Sabaoth,
3540 3712 3645 3768 Dei

1994 3797 2380 3862 exercituum,
2417 3796 2510 3851 cui
2540 3795 2723 3850 virtus
2754 3797 2948 3851 omnis
2978 3798 3243 3868 subjecta
3274 3799 3508 3864 est,baac
3558 3801 3644 3856 fa-

1995 3885 2127 3942 ciet.

230 3976 494 4048 Ζηλώσας
527 3979 677 4048 ἡμᾶς
707 3975 832 4036 τοὺς
861 3974 1280 4048 ἀπολλυμένοας
1308 3978 1376 4048 τῇ
1405 3973 1615 4050 ἀγνοίᾳ,
1651 3971 1875 4045 δὲξεται,
1910 3975 2040 4050 ὑπὶρ
2070 3973 2166 4027 τοῦ
2196 3973 2653 4046 περιποιήσασθαι
2686 3971 2762 4035 εἷς
2788 3993 2887 4042 την
2922 3974 3112 4027 ἑαυτου
3143 3972 3557 4048 βασιλείαν,τὴν
3589 3976 3641 4031 ἐν

228 4067 540 4141 ἀνθρώποις
576 4068 691 4138 (41)
715 4063 1050 4136 οἷ’κονομίαν.
1083 4064 1146 4121 Ὁ
1178 4061 1268 4117 οὖν
1304 4061 1471 4133 ζῆλος
1501 4061 1700 4138 Κυρίου
1735 4059 1988 4133 Σαϐαὼθ,
2017 4067 2115 4118 τοῦ
2145 4064 2277 4117 Θεοῦ
2305 4064 2413 4114 τῶν
2447 4064 2733 4135 στρατιῶν,
2758 4060 2803 4132 ᾧ
2834 4067 2975 4115 πᾶσα
3005 4058 3233 4133 δύναμις
3267 4063 3642 4136 ὑποτέτακται,

232 4157 390 4217 οὗτος
419 4159 593 4210 ταῦτα
620 4155 866 4224 ποιήσει.

297 4248 444 4301 227.
486 4241 668 4318 Λόγον
893 4240 1180 4296 ἀπέστειλε
1236 4241 1432 4316 Κύριος
1490 4240 1579 4296 ἐπὶ
1648 4237 1883 4311 Ἰακὼϐ,

232 4335 321 4388 καὶ
399 4331 571 4401 ἦλθεν
651 4330 738 4385 ἐπὶ
809 4329 1069 4403 Ἰσραήλ.
1131 4331 1230 4384 Καὶ
1303 4330 1601 4406 γνώσονται
1679 4336 1782 4393 πᾶς
1860 4333 1888 4386 ὁ

234 4421 369 4484 λαὸς
428 4419 526 4476 τοῦ
586 4419 971 4497 Ἐφραὶμ,καὶ
1013 4419 1063 4472 οἱ
1121 4419 1418 4490 καθήμενοι
1478 4417 1528 4471 ὲν
1588 4418 1886 4494 Σαμαρείᾳ,

237 4510 316 4588 ἔξιτ’
377 4507 529 4584 ὕϐρει
613 4508 703 4563 καὶ
789 4505 978 4581 ὑψηλῇ
1036 4505 1229 4582 καρδίᾳ
1312 4506 1561 4581 λέγοντες
1595 4527 1607 4539 ’
1664 4507 1887 4562 [Ιλίνθοι

719 4594 866 4651 ἀλλὰ
943 4593 1095 4650 δεῦτε
1127 4639 1141 4665 ,

237 4599 588 4654 πεπτώκασιν
624 4641 639 4666 ,
719 4594 866 4651 ἀλλὰ
943 4594 1095 4650 δεῦτε
1127 4639 1141 4665 ,
1215 4594 1557 4667 λαξεύσωμςν
1650 4595 1836 4660 λίθους
1873 4641 1885 4665 ,

2065 4242 2190 4296 227.
2223 4240 2392 4296 Vsas.
2414 4241 2568 4295 8-10.
2599 4242 2825 4296 Verbum
2853 4243 3003 4297 misit
3023 4243 3281 4298 Dominus
3312 4245 3370 4298 in
3398 4244 3647 4311 Jacob,et

1996 4333 2146 4386 venit
2183 4330 2242 4384 in
2275 4330 2461 4385 Israel.
2497 4332 2569 4384 Et
2591 4333 2868 4398 cognoscet
2897 4333 3075 4385 omnis
3098 4333 3330 4402 populus
3361 4334 3644 4405 Ephraim.

1997 4427 2051 4474 et
2103 4421 2200 4490 qui
2256 4419 2442 4474 sedent
2489 4421 2548 4473 in
2605 4418 2860 4473 Samaria
2918 4422 2972 4475 in
3025 4423 3378 4485 contumelia,
3428 4425 3645 4478 etelato

1997 4509 2158 4564 corde
2186 4508 2461 4564 dicentes:
2511 4509 2729 4563 Laleres
2774 4509 3110 4577 ceciderunt,
3167 4510 3258 4565 sed
3299 4515 3497 4581 venite,
3545 4529 3643 4582 po-

2002 4598 2206 4652 tiamus
2239 4597 2468 4667 lapides,
2508 4602 2558 4652 et
2586 4597 2902 4652 excidemus
2958 4601 3286 4668 sycaminos,
3350 4609 3401 4654 et
3431 4600 3640 4671 cedros,

234 4692 326 4742 καὶ
383 4689 645 4762 κόψωμεν
706 4684 1036 4758 συκαμίνους
1103 4685 1193 4739 καὶ
1267 4681 1534 4758 κὲδρους,
1592 4686 1684 4739 καὶ
1743 4685 1880 4741 οἶκο-

2001 4695 2051 4742 et
2080 4684 2418 4756 adiﬁcemus
2446 4686 2600 4741 nobis
2631 4688 2854 4740 turrim.
2879 4687 3181 4758 Scriptura
3202 4688 3439 4744 nomine
3465 4689 3646 4744 Jacob

238 4775 572 4850 δομήσωμεν
648 4775 860 4835 ἑαυτοῖς
933 4772 1167 4849 πύργον.
1230 4775 1317 4829 Ἐν
1402 4777 1470 4846 τῇ
1546 4775 1890 4850 προσηγορίᾳ

233 4870 334 4922 τοῦ
365 4859 559 4923 Ἰακὼϐ
588 4862 679 4919 καὶ
725 4868 823 4918 τοῦ
872 4861 1090 4937 Ἰσραήλ
1139 4859 1234 4917 δύο
1284 4863 1620 4937 πραγμάτων
1680 4857 1888 4918 ἔννοιαν

2001 4780 2058 4829 et
2083 4772 2256 4830 Israel
2282 4773 2451 4829 nobis
2473 4773 2723 4828 duarum
2746 4789 2940 4828 rerum
2965 4774 3414 4847 intelligentiam
3435 4795 3649 4850 sugge—

2003 4881 2126 4920 rere
2153 4862 2406 4931 videtur,
2428 4861 2678 4934 primam
2703 4861 3177 4934 imperfectorum
3201 4864 3652 4939 institutionem,

314 4995 360 5030 ¹¹¹
389 4991 606 5048 Coloss.
641 5009 680 5062 ι,
712 4991 829 5064 2οε
868 4989 1010 5064 ᾖε,ξί
1037 4990 1163 5045 Cor.
1185 5006 1305 5056 xm,
1340 4989 1391 5044 4.
1459 4991 1504 5026 ίθ
1531 4989 1699 5044 Joan.
1735 5007 1850 5057 xw,

2015 4990 2062 5024 ²⁰
2091 4987 2163 5044 III
2195 4988 2334 5059 Reg.
2371 5004 2446 5058 Iv,
2470 4987 2561 5040 24.
2597 4987 2638 5021 ²¹
2673 4988 2692 5041 l
2726 4987 2854 5043 Cor.
2880 5005 2975 5056 xv,
3001 4989 3092 5044 28.
3117 4990 3162 5024 "
3189 4990 3331 5046 Gen.
3366 5009 3519 5064 xux,
3563 4993 3648 5049 10.

239 5066 284 5101 ³³
315 5064 467 5121 Psal.
503 5060 673 5127 xxxv,
699 5065 757 5116 7.
791 5063 838 5096 ²⁴
864 5060 1008 5116 ibid.

314 5191 429 5274 (ἓβ)
458 5191 549 5274 sic
567 5195 826 5274 uterque
842 5188 1102 5244 Combef.
1135 5191 1194 5242 et
1224 5186 1322 5242 alii
1353 5187 1594 5259 quidam
1628 5202 1772 5241 mss.
1823 5189 1896 5241 At

241 5257 390 5321 editi
400 5257 422 5322 ,’
442 5261 608 5314 αὐτοῦ
638 5257 916 5331 λέγεσθαι.

317 5335 431 5404 (37)
461 5333 634 5398 Editi,
666 5326 853 5398 ιτξιιδή
886 5328 997 5386 καί.
1031 5329 1250 5385 Vocula
1288 5326 1394 5404 nat
1426 5329 1747 5404 ingﬂnostris
1769 5344 1897 5404 _sex

243 5396 773 5462 mssfdeestMux
796 5396 1058 5474 quinque
1120 5419 1290 5468 mss.,
1345 5401 1407 5455 τὸ
1466 5396 1659 5472 δῶρον.
1719 5401 1898 5456 Abest

245 5477 309 5531 τό
346 5477 417 5530 ab
437 5476 681 5530 excusis.

469 5553 672 5602 Totum
707 5546 877 5607 illud,
909 5541 1288 5617 ἀπεριόριστος
1342 5542 1473 5618 οῦσα
1515 5539 1604 5618 καὶ
1663 5539 1897 5615 ἀτερμα-

248 5613 458 5680 neme.
483 5619 860 5691 typograpbis
889 5613 1182 5691 exciderat
1213 5634 1226 5673 :
1261 5617 1361 5672 sed
1395 5616 1550 5670 hunc
1579 5613 1773 5670 locum
1831 5631 1901 5669 ex

256 5693 477 5748 nostris
506 5689 606 5748 sex
629 5689 778 5747 mss.
807 5689 1195 5746 restituimus.

2077 5184 2189 5257 (39)
2223 5184 2430 5257 Itas‘ex
2451 5199 2596 5257 mss.
2630 5184 2782 5257 Editi
2813 5201 2966 5252 vero,
3000 5184 3420 5257 ἀνυμνήσουσιν.

2077 5254 2391 5382 giOihEditi,
2423 5254 2617 5317 πάντες
2663 5255 2786 5330 γάρ.
2834 5261 3005 5313 Deest
3033 5254 3135 5332 γάρ
3183 5254 3242 5313 in
3284 5259 3501 5313 nostris
3553 5275 3654 5314 sex

2122 5344 2188 5382 ιοι
2238 5344 2326 5382 us.

2007 5344 2188 5383 COOICI
2201 5344 2326 5382 nus.

2077 5397 2458 5470 (bliAntiqui
2491 5397 2606 5470 duo
2640 5396 2796 5461 libri,
2827 5399 2925 5467 τήν
2960 5396 3010 5452 ἐν
3046 5397 3313 5470 οὐρανοῖς,
3356 5399 3512 5453 haud
3565 5417 3654 5454 re-

2009 5469 2116 5525 cte.
2150 5477 2264 5525 Nec
2291 5472 2372 5524 ita
2403 5469 2588 5523 multo
2622 5476 2754 5539 post
2783 5477 2903 5526 tres
2935 5471 3266 5539 mss.,oi31:oc
3296 5471 3467 5524 πάντα
3497 5473 3654 5541 nonf-

2010 5561 2110 5596 σει.
2146 5543 2258 5597 Alii
2293 5543 2407 5595 duo
2441 5558 2572 5595 cum
2602 5543 2793 5609 editis,
2823 5545 2988 5595 ταῦτα
3034 5544 3276 5611 ποιήσει.

2079 5614 2194 5685 (42)
2223 5614 2393 5685 Apud
2430 5613 2566 5668 LXX
2596 5612 2830 5683 legitur,
2860 5631 2971 5668 non
3003 5612 3198 5688 Λόγον,
3230 5614 3494 5685 verbum;
3529 5616 3650 5685 sed,
