4118 6220
449 408 567 468 515

1381 397 1776 459 APPENDIX
1817 395 2142 458 OPERUM
2188 396 2255 456 8.
2300 394 2583 456 BASILII
2629 394 2904 457 MAGNI.

3723 399 3829 459 516

447 541 763 593 extremam
793 531 1244 602 absolutamque
1274 530 1508 585 virtutis
1539 527 2082 601 perfectioneme-

2207 519 2536 581 ὑποϐάλλειν
2588 527 2722 598 ἡμῖν
2765 527 2792 581 6
2825 523 2992 600 λόγος
3044 523 3229 580 ἔοικε·
3279 527 3377 595 τήν
3433 546 3492 580 τε
3548 525 3826 603 εἰσαγωγὴν

448 628 560 680 dus
590 624 743 679 enim
770 639 885 694 quo
907 637 1115 676 nomen
1151 618 1492 692 patriarcha
1512 623 1804 672 mutatum
1825 617 2098 682 est,hunc

447 714 617 769 nobis
647 712 848 782 objicit
880 710 1395 765 sensum.Vocatus
1429 723 1682 777 namque
1714 711 1802 760 est
1831 705 2010 760 Jacob
2038 707 2095 759 in

447 820 552 858 suo
585 801 900 871 ortu,qu0d
929 799 1122 853 fratris
1145 799 1484 851 calcaneum
1529 795 1982 867 apprehenderit
2016 796 2094 849 ’δε

445 897 581 964 post
612 891 830 945 luctam
861 904 1014 952 vero,
1048 887 1269 958 praamii
1302 885 1426 940 loco
1459 901 1669 939 nomen
1696 883 1851 938 aliud
1883 882 1933 937 ei
1967 888 2094 937 tan-

446 996 621 1051 quam
656 977 853 1032 victori
888 975 1230 1047 imponitur.
1261 973 1376 1028 Non
1421 973 1577 1028 enim
1622 972 1901 1027 vocabitur
1947 972 2096 1025 ultra

443 1085 643 1124 nomen
676 1066 1008 1121 luumlacob
1033 1082 1051 1117 :
1081 1063 1172 1117 sed
1219 1061 1391 1117 Israel
1429 1064 1534 1118 erit
1580 1077 1778 1116 nomen
1825 1066 1981 1114 tuum
2025 1060 2090 1111 πθ.

447 1157 684 1211 Missum
719 1159 808 1209 est
837 1153 1020 1224 igitur
1049 1153 1286 1206 verbum
1334 1152 1404 1206 ad
1463 1151 1668 1215 Jacob,
1729 1158 1782 1203 et
1827 1149 1988 1203 venit
2035 1148 2092 1201 in

444 1242 953 1300 Israel.Enimvero
987 1242 1242 1294 Verbum
1276 1256 1339 1293 se
1365 1242 1622 1310 primum
1646 1239 1718 1292 ad
1742 1237 2094 1292 infirmiores

443 1351 559 1404 prae
592 1330 994 1386 misericordia
1023 1328 1309 1384 demittit:
1345 1327 1802 1399 perspicaciores
1824 1324 2094 1394 vero,uti-

438 1422 664 1476 litatem
695 1421 822 1490 ejus
855 1424 1260 1490 agnoscentes,
1284 1416 1460 1471 veluti
1497 1416 1691 1486 ipsum
1725 1415 2002 1485 rapiunt;
2025 1431 2091 1468 ac

439 1527 641 1566 eorum
671 1510 739 1563 ad
761 1525 907 1578 quos
928 1507 1172 1561 missum
1195 1504 1674 1568 erat,socordiam
1701 1507 2087 1557 autevertunt.

440 1599 696 1654 Verbum
732 1596 912 1666 igitur
944 1595 1105 1649 misit
1127 1594 1413 1648 Dominus
1432 1593 1500 1647 ad
1522 1591 1721 1646 Jacob.
1745 1590 1907 1646 Nosti
1956 1594 2092 1644 Ver-

441 1685 767 1752 bum,quod
790 1685 982 1737 eratin
1004 1680 1478 1752 principio,quod
1498 1679 1787 1750 eratapud
1810 1678 1995 1732 Deum
2016 1676 2086 1731 ’7?

442 1776 558 1829 Iloc
591 1772 751 1826 misit
782 1773 950 1826 Pater
979 1771 1050 1824 ad
1080 1770 1284 1825 Jacob.
1338 1767 1586 1840 Agnovit
1643 1771 1836 1820 autem
1889 1766 2083 1837 ipsum

440 1878 613 1916 verus
646 1859 1138 1929 Israel,nimirum
1159 1857 1368 1913 animae
1418 1857 1842 1928 perspicaciore
1868 1855 2084 1910 intelli-

440 1952 636 2022 gentia
669 1950 941 2020 praedite.
975 1949 1038 2002 Et
1066 1949 1314 2016 cognovit
1343 1948 1518 2001 omnis
1543 1945 1774 2016 populus
1826 1945 2084 2014 Ephraim

443 2041 540 2109 qui
583 2040 741 2109 prius
792 2036 1051 2090 sedebant
1096 2037 1154 2089 in
1213 2034 1494 2101 Samaria,
1555 2035 1614 2086 in
1671 2032 2004 2088 contumelia
2035 2041 2086 2086 et

441 2130 588 2182 elato
615 2125 853 2179 corde".
892 2125 988 2177 llic
1020 2127 1112 2178 est
1142 2122 1437 2194 Ephraim,
1471 2138 1504 2175 a
1535 2137 1648 2192 quo
1682 2121 1896 2190 prodiit
1925 2121 2084 2175 defe-

439 2201 567 2271 ctor
595 2213 1063 2284 Jeroboam,qui,
1087 2212 1325 2267 resectis
1356 2210 1739 2280 abductisque
1769 2226 1965 2264 secum
1995 2210 2089 2264 de-

441 2321 566 2359 cem
597 2301 891 2369 tribubus,
934 2305 990 2355 et
1020 2298 1498 2369 aureisjuvencis
1519 2297 1956 2361 efﬁctis,auctor
1982 2297 2088 2351 fuit

439 2391 748 2463 populo,ut
777 2408 810 2445 a
856 2389 950 2444 Dei
1006 2388 1162 2443 cultu
1219 2388 1529 2456 secederet,
1561 2386 1830 2458 idolaque
1874 2385 2087 2441 coleret

439 2479 833 2552 Egyptiorum
867 2479 931 2534 ’9.
966 2477 1074 2540 Qui
1106 2477 1287 2547 igitur
1317 2475 1600 2530 sedebant
1631 2475 1686 2528 in
1719 2475 1987 2530 Samaria
2024 2473 2083 2529 in

437 2567 796 2623 contumelia
825 2571 879 2621 et
909 2566 1057 2622 elato
1081 2566 1272 2632 corde,
1305 2564 1363 2618 hi
1387 2565 1627 2619 veritate
1659 2563 1893 2634 cognita
1922 2579 2082 2617 exce-

437 2661 650 2729 perunt
678 2654 1449 2726 verbum,quemadmodum
1474 2659 1530 2708 et
1559 2655 1699 2708 Acta
1733 2656 1972 2707 narrant
1987 2669 2084 2707 au-

436 2744 651 2800 divisse
682 2743 974 2815 apostolos
1006 2744 1157 2815 quod
1200 2742 1464 2798 Samaria
1502 2743 1742 2797 verbum
1801 2742 2084 2809 receperit

435 2833 535 2888 Dei
567 2835 631 2888 ³ο.
666 2833 924 2888 Subinde
957 2831 1236 2887 describit
1268 2832 1550 2903 propheta
1579 2833 1826 2902 {quanta
1881 2846 2082 2886 eorum

433 2927 591 2977 esset
622 2921 975 2977 contumelia
1001 2925 1174 2992 atque
1205 2920 1652 2991 superbia.Nam
1684 2919 1921 2974 Davidis
1950 2937 2079 2991 pur-

436 3016 552 3066 tem
587 3013 1194 3082 aspernati,tanquam
1227 3011 1356 3079 ejus
1394 3025 1639 3080 regnum
1699 3012 1856 3063 esset
1915 3009 2081 3064 facile

431 3098 1147 3168 evertendum,irridentes
1177 3099 1448 3154 dicebant
1475 3114 1488 3154 :
1514 3099 1728 3154 Lateres
1748 3099 2077 3167 ceciderunt,

431 3188 522 3242 sed
551 3192 751 3257 venite,
781 3186 1058 3257 poliamus
1090 3187 1315 3258 lapides.
1352 3187 1588 3242 Lateres
1617 3186 1850 3256 quidem
1885 3187 2075 3241 nomi-

2205 617 2312 666 τῶν
2358 611 2758 686 ἀτελεστέρων,
2813 613 2902 667 καὶ
2968 615 3068 682 τὴν
3139 613 3225 668 ἰπὶ
3281 615 3343 668 τὸ
3399 614 3685 687 ἀκρότατον
3737 623 3825 684 τῆς

2209 701 2400 774 ἀρετῆς
2429 701 2729 758 τελείωσιν.
2764 699 2970 758 Τοῦτον
3005 699 3061 756 δὶ
3090 704 3226 774 ἡμῖν
3273 697 3573 757 ὑποϐάλλει
3605 705 3692 756 τὸν
3717 709 3827 758 νοῦν

2207 790 2234 843 6
2291 790 2495 863 τρόπος
2545 798 2645 860 τῆς
2710 791 3120 863 μετωνομασίας
3173 795 3269 845 τοῦ
3329 793 3684 865 πατριάρχου.
3719 793 3828 848 Ἐπὶ

2210 877 2302 949 μὲν
2333 878 2432 952 γὰρ
2457 882 2525 951 τῇ
2575 878 2799 952 γενέσει,
2835 876 2924 933 διὰ
2973 880 3036 933 τὸ
3092 879 3416 956 ἐπειλῆφθαι
3463 886 3561 947 τῆς
3619 881 3830 954 πτέρνης

2202 971 2299 1019 τοῦ
2354 964 2612 1044 ἀδελφοῦ,
2663 963 2858 1022 Ἰακὼϐ
2920 966 3151 1043 ε’ίρηται’
3187 969 3321 1040 μετὰ
3371 965 3430 1022 δὲ
3485 969 3583 1036 τὴν
3641 967 3827 1038 πάλην,

2205 1055 2319 1108 ἀντὶ
2377 1053 2547 1118 ἄθλου
2598 1053 2804 1111 δίδοται
2835 1059 2951 1130 (43)
2992 1056 3139 1128 αύτῷ
3170 1059 3204 1125 ἡ
3237 1055 3583 1131 προσηγορία
3631 1057 3702 1118 ὡς
3754 1079 3827 1112 νε-

2202 1144 2471 1213 νικηκότι.
2533 1147 2607 1199 Οὑ
2665 1145 2768 1219 γὰρ
2816 1143 3152 1215 κληθήσεται
3227 1143 3303 1199 ἔτι
3372 1145 3433 1199 τὸ
3505 1143 3679 1217 ὄνομά
3745 1167 3830 1200 σου

2202 1228 2446 1304 Ἰακὼϐ⁹
2535 1231 2681 1288 ἀλλὰ
2766 1235 2985 1306 Ἰσραὴλ
3065 1232 3212 1288 ἔσται
3294 1234 3357 1288 τὸ
3440 1230 3612 1306 ὄνομά
3698 1255 3826 1293 σου.

2203 1320 2510 1392 Ἀπεστάλη
2545 1321 2724 1376 τοίνυν
2773 1322 2947 1396 Λόγος
3003 1322 3138 1396 πρὸς
3171 1317 3388 1391 Ἰακὼϐ,
3421 1323 3508 1376 καὶ
3559 1321 3722 1391 ἦλθεν
3752 1323 3828 1378 ἰπὶ

2198 1412 2288 1465 τὸν
2322 1410 2562 1486 Ἰσραήλ.
2624 1411 2722 1466 Διὰ
2783 1412 2874 1484 μὲν
2939 1410 3041 1485 γὰρ
3101 1410 3478 1484 έλεημοσύνην
3527 1416 3641 1472 τοῖς
3700 1413 3830 1467 ἀσθε-

2198 1499 2469 1574 νεστέροις
2524 1501 2767 1575 πρώτοις
2850 1493 3263 1574 συγκαταϐαίνει
3324 1501 3352 1554 ὁ
3413 1499 3618 1575 Λόγος’
3681 1503 3728 1554 οἱ
3781 1499 3831 1556 δὶ

2200 1584 2665 1663 διορατικώτεροι,
2698 1588 3078 1660 αἰσθανόμενοι
3110 1590 3208 1653 τῆς
3239 1589 3331 1642 ἀπ’
3360 1587 3526 1642 αὑτοῦ
3552 1586 3826 1663 ὡφελείας,

2199 1675 2360 1730 οἱονεὶ
2418 1674 2802 1750 διαρπάζουσιν
2863 1677 3174 1746 αὑτὸν,τήν
3222 1677 3360 1752 πρὸς
3417 1677 3509 1739 οὓς
3567 1676 3823 1748 ἀπεστάλη

2195 1764 2512 1838 νωθρότητα
2539 1759 3025 1837 προλαμϐάνοντες
3055 1767 3188 1836 (44).
3221 1766 3395 1838 Λόγον
3443 1763 3532 1820 οὖν
3568 1763 3828 1820 ἀπέστειλε

2196 1852 2392 1926 Κύριος
2452 1852 2538 1906 ἐπὶ
2594 1848 2811 1908 Ἰακώϐ.
2845 1850 3002 1913 Οἶδας
3059 1853 3150 1907 τὸν
3212 1853 3384 1928 Λόγον
3436 1854 3532 1916 τὸς
3587 1854 3639 1908 ἰν
3693 1854 3824 1930 ἀρχῇ

2195 1939 2344 2009 ὄντα,
2375 1943 2464 1997 τὸν
2524 1941 2662 2018 πρὸς
2723 1944 2816 1997 τὸν
2874 1943 3000 1997 Θεὸν
3036 1940 3164 1998 ὄντα
3191 1963 3204 2012 ;
3235 1949 3436 1999 Τοῦτον
3466 1943 3822 2000 ἀπέστειλενὸ

2195 2033 2380 2102 Πατὴρ
2439 2031 2526 2086 ἐπὶ
2560 2027 2771 2088 Ἰακώϐ,
2809 2033 3101 2107 Ἐγνώρισε
3160 2030 3216 2087 δὲ
3278 2033 3435 2087 αὑτὸν
3498 2035 3525 2088 6
3584 2032 3822 2102 ἀληθινὸς

2195 2119 2438 2195 Ἰσραῆλ,
2495 2121 2549 2174 αἱ
2605 2122 2777 2195 ψυχαὶ
2837 2121 2891 2173 αἰ
2940 2118 3407 2196 διορατικώτεραι.
3471 2122 3576 2178 Καὶ
3635 2123 3820 2197 ἐπέγνω

2194 2214 2298 2272 πᾶς
2352 2210 2380 2262 ’ὁ
2442 2208 2573 2272 λαὸς
2622 2210 2896 2285 Ἐφραὶμ,
2959 2210 3011 2263 οἱ
3080 2209 3342 2284 πρότερον
3419 2213 3712 2284 καθήμενοι
3776 2211 3818 2265 ἒν

2197 2299 2517 2373 Σαμαρείᾳ,
2568 2297 2650 2372 ἐφ’
2708 2292 2860 2372 ὕϐρει
2951 2297 3040 2351 καὶ
3103 2297 3291 2371 ὑψηλῆ
3363 2296 3559 2374 καρδίᾳ
3597 2344 3608 2356 .
3669 2299 3823 2360 Οὗτός

2196 2385 2334 2439 ἐστιν
2369 2385 2627 2461 Ἐφραὶμ,
2664 2383 2713 2456 ἐξ
2749 2384 2811 2438 οὗ
2874 2384 3186 2460 βλαστήσας
3249 2386 3275 2439 6
3337 2386 3647 2458 ἀποστάτης
3675 2388 3821 2462 Ἰερο-

2194 2468 2361 2545 ϐοᾶμ,
2393 2473 2486 2534 τὰς
2549 2469 2678 2526 δέκα
2733 2469 2904 2548 φυλὰς
2944 2473 3117 2545 ἑαυτῷ
3179 2474 3560 2550 συναπέσχισε,
3594 2476 3681 2529 καὶ
3711 2495 3829 2550 χρυο

2193 2569 2286 2624 σᾶς
2329 2559 2594 2634 δαμάλεις
2626 2561 2960 2630 ἀναπλάσας,
2992 2562 3348 2637 ἀναχωρῆσαι
3379 2563 3470 2617 τὸν
3507 2563 3640 2619 λαὸν
3672 2561 3827 2617 ἔπεισε

2190 2657 2290 2719 τῆς
2377 2650 2625 2726 λατρείας
2696 2656 2792 2705 τοῦ
2856 2655 2989 2705 Θεοῦ
3025 2696 3038 2720 ,
3097 2651 3187 2706 καὶ
3246 2650 3525 2727 λατρεύειν
3588 2649 3826 2712 εἰδώλοις

2191 2738 2533 2814 Αἰγυπτίων.
2569 2740 2636 2796 Οἱ
2678 2738 2768 2794 οὖν
2810 2740 3111 2811 καθήμενοι
3143 2738 3196 2794 ἐν
3247 2741 3548 2814 Εαμαρείᾳ,
3584 2740 3663 2816 ἐφ’
3692 2735 3825 2814 ὕϐρει

2191 2827 2280 2882 καὶ
2325 2826 2515 2902 ὑψηλῇ
2546 2826 2759 2904 καρδίᾳ,
2793 2829 2940 2882 οὗτοι
2980 2835 3080 2898 τῆς
3130 2828 3387 2898 ἀληθείας
3446 2827 3496 2883 ἐν
3551 2829 3826 2898 συναισθή-

2192 2939 2269 2972 σει
2305 2920 2415 2990 (45)
2446 2917 2755 2992 γενόμενοι,
2787 2915 3030 2988 ἐδέξαντο
3060 2918 3152 2972 τὸν
3183 2917 3374 2994 λόγον,
3406 2919 3586 2982 καθὼς
3650 2918 3735 2973 καὶ
3779 2918 3824 2971 αἱ

2190 3006 2414 3080 Πράξεις
2447 3003 2780 3081 διηγοῦνται,
2813 3005 2895 3061 δτι
2928 3004 3162 3076 ἤκουσαν
3211 3008 3263 3061 οἱ
3315 3005 3640 3075 ἀπόστολοι,
3673 3007 3748 3062 ὅτι
3794 3006 3826 3074 ἡ

2189 3096 2468 3171 Σαμάρεια
2499 3093 2740 3151 δέδεκται
2783 3095 2876 3150 τὸν
2911 3093 3104 3171 λόγον.
3141 3095 3270 3153 Εἶτα
3330 3092 3619 3173 διαγράφει
3663 3095 3824 3150 αὐτῶν

2189 3185 2216 3239 6
2247 3186 2535 3262 προφήτης
2583 3186 2680 3254 τήν
2731 3179 2885 3258 ὕϐριν
2939 3185 3030 3239 καὶ
3078 3185 3176 3254 τήν
3215 3185 3586 3262 ὑπερηφανίαν
3622 3183 3717 3255 ὅση
3747 3185 3826 3252 ἦν.

432 3274 650 3329 nabant
680 3275 1174 3330 constructionem
1207 3275 1368 3344 regni
1401 3274 1655 3330 ﬁliorum
1683 3275 1849 3330 Jesse
1875 3291 2077 3342 ;suam

2195 3259 2659 3349 Karazppovoﬁvnc
2716 3273 2818 3348 γὰρ
2885 3280 2986 3343 τῆς
3049 3271 3272 3350 μερίδος
3323 3259 3430 3329 τοὺ
3499 3269 3707 3343 Δαϐὶδ,
3762 3273 3830 3332 ὡς

433 3379 568 3417 vero
601 3363 918 3433 potentiam
953 3378 1239 3433 suamque
1270 3363 1340 3416 ad
1375 3365 1703 3434 peragenda
1723 3363 1851 3418 vita:
1911 3379 2080 3435 nego-

430 3453 512 3506 tia
534 3451 1271 3517 concordiamﬁrmitatem
1299 3451 1560 3522 lapidum
1581 3452 1732 3507 inter
1753 3469 1815 3507 se
1838 3453 2080 3508 commi-

434 3557 635 3595 sorum
668 3538 1059 3610 appellabant.

2191 3361 2562 3434 εὑκαοαίρετον
2631 3359 2867 3437 ἐχούσης
2949 3363 3049 3431 τήν
3141 3361 3442 3437 βασιλείαν,
3501 3357 3688 3438 ἔλεγον
3750 3359 3828 3414 ἐπὶ

2191 3448 2368 3524 χλεύη
2409 3450 2491 3520 τὸ,
2524 3448 2749 3504 Πλίνθοι
2812 3451 3179 3519 πεπτώκασιν,
3237 3449 3384 3506 ἀλλά
3437 3448 3610 3521 δεῦτε,
3661 3448 3830 3520 λαξεύ-

2192 3559 2368 3612 σωμεν
2402 3536 2611 3600 λίθους.
2645 3535 2914 3600 Ηλίνθους
2971 3540 3065 3611 μὲν
3126 3539 3410 3611 ὠνόμαζον
3456 3540 3555 3607 τὴν
3625 3536 3827 3593 οἰκοδο·

437 3628 542 3698 μὴν
575 3632 674 3695 τῆς
711 3623 990 3700 βασιλείας
1029 3628 1136 3680 τῶν
1171 3626 1300 3678 υἱῶν
1337 3625 1542 3680 Ἰεσσαί’
1580 3623 1748 3690 λίθων
1783 3624 1840 3681 δὶ
1871 3627 2201 3703 στερρότητα
2251 3628 2714 3701 συνηρμοσμένων
2750 3625 3044 3699 ἀλλήλοις,
3075 3628 3171 3697 τὴν
3218 3628 3418 3683 ἑαυτῶν
3473 3624 3724 3701 δύναμιν,
3749 3625 3826 3680 καὶ

423 3715 524 3782 τὴν
559 3716 694 3789 πρὸς
726 3715 790 3768 τὰ
820 3718 916 3767 τοῦ
953 3713 1074 3788 βίου
1109 3715 1403 3788 πράγματα
1434 3713 1734 3786 σύμπνοιαν
1766 3716 2200 3792 προσηγόρευον.

491 3805 616 3859 228.
670 3805 731 3859 Et
786 3805 1126 3869 excidamus,
1185 3805 1399 3876 inquit,
1431 3808 1746 3876 sycaminos
1765 3811 1814 3862 et
1844 3807 2068 3870 θεώ-οδ,-

423 3898 476 3949 et
505 3893 632 3950 loco
676 3893 901 3966 templi.
934 3895 1089 3964 quod
1121 3893 1283 3948 Judm
1328 3895 1596 3950 Salomon
1649 3899 1977 3952 construxit
2006 3900 2072 3965 3‘,

419 3983 754 4052 ('Bdiﬁcemus
775 3983 928 4037 nobis
961 3986 1188 4038 turrim.
1225 3982 1451 4038 Similia
1485 3984 1877 4040 moliebantur
1901 3993 2077 4058 atque

423 4071 485 4140 ii,
523 4071 618 4142 qui
655 4071 883 4126 excelsa
914 4072 1057 4125 turri
1093 4077 1384 4126 exstructa
1420 4072 1627 4127 ccelum
1692 4075 1952 4144 pervium
2021 4081 2077 4130 et

421 4177 724 4216 accessum
758 4161 869 4214 sibi
907 4160 1146 4215 reddere
1186 4161 1567 4215 conabantur.
1604 4162 1883 4217 Dicebant
1935 4163 2020 4217 illi
2059 4181 2071 4218 :

426 4250 626 4314 Venite,
679 4251 962 4319 faciamus
1018 4249 1173 4302 nobis
1232 4250 1454 4318 lateres,
1523 4254 1574 4303 et
1629 4267 1920 4320 coquamus
1988 4267 2076 4306 eo:

423 4339 545 4403 igni
566 4337 632 4388 ³2.
669 4337 733 4390 Et
765 4353 1005 4390 rursus:
1045 4339 1259 4401 Venite,
1283 4337 1620 4405 a3di/icemus
1650 4340 1805 4393 nobis
1826 4341 2076 4408 metipsi:

419 4426 702 4479 civitatem
724 4431 772 4478 et
788 4425 1184 4494 .lurrim,cujus
1199 4433 1384 4479 vertex
1404 4427 1508 4479 erit
1533 4442 1700 4495 usque
1719 4426 1788 4480 ad
1812 4428 2074 4482 malum”.

422 4511 770 4582 Sycaminus
794 4515 992 4564 autem
1026 4512 1197 4564 arbor
1228 4515 1316 4566 est
1343 4511 1641 4566 fructuum
1691 4514 2076 4579 feracissima,

423 4599 640 4671 quibus
674 4597 836 4654 nulla
866 4601 1021 4654 inest
1048 4599 1329 4671 qualitas,
1357 4601 1468 4656 nisi
1502 4602 1634 4675 quis
1665 4603 1934 4676 diligenti
1953 4621 2077 4661 sca-

423 4685 744 4741 riticatione
786 4687 939 4743 552
992 4704 1232 4744 succum
1295 4691 1630 4762 quemdam,
1663 4692 1760 4763 qui
1816 4692 2077 4764 gustatui

2255 3806 2402 3860 228.
2469 3805 2567 3858 Καὶ
2623 3803 2920 3878 κόψωμεν,
2980 3805 3149 3883 φησὶ,
3201 3826 3532 3878 συκαμινους
3593 3805 3681 3860 καὶ
3756 3801 3830 3857 κέ-

2187 3892 2394 3968 δρους,
2455 3893 2544 3947 καὶ
2617 3890 3076 3966 οἰκοδομάσωμεν
3155 3893 3366 3955 ἑαυτοῖς
3423 3893 3628 3968 πύργον
3666 3938 3679 3961 ,
3728 3890 3828 3946 ἀντῖ

2185 3987 2282 4036 τοῦ
2339 3985 2506 4054 ναοῦ,
2566 3981 2624 4035 ’ὸν
2680 3981 3034 4038 κατεσκεύασε
3088 3988 3168 4054 τῷ
3222 3980 3400 4053 Ἰούδᾳ
3457 3984 3485 4037 6
3547 3981 3825 4053 Σολομών.

2186 4073 2394 4143 Ὅμοια
2427 4069 2728 4124 διενοοῦντο
2759 4072 2872 4133 τοῖς
2909 4069 2976 4125 δι⁶
2996 4072 3215 4146 ὑψηλῆς
3257 4072 3472 4147 πύργου
3503 4074 3826 4130 κατασκευὴ

2185 4157 2552 4234 ἐπιχειροῦσιν
2609 4158 2820 4222 ἑαυτοῖς
2871 4160 3101 4234 βάσιμον
3159 4167 3388 4229 ποιῆσαι
3435 4160 3528 4215 τὸν
3587 4156 3826 4234 οὐρανόν.

2185 4247 2293 4302 Καὶ
2352 4247 2454 4322 γὰρ
2513 4246 2708 4301 ἐκεῖνοι
2758 4243 2948 4322 ἔλεγον
2980 4269 2992 4280 ·
3027 4254 3203 4317 Δεῦτε,
3239 4247 3656 4322 πλινθεύσωμεν
3717 4249 3830 4301 ἑαυ-

2183 4342 2302 4396 τοῖς
2358 4334 2639 4402 πλίνθους,
2708 4339 2795 4390 καὶ
2883 4337 3210 4411 όπτήσωμεν
3292 4339 3454 4400 αὐτὰς
3525 4339 3695 4410 πυρί·
3748 4333 3830 4388 καὶ

2185 4424 2388 4480 πάλιν·
2446 4424 2624 4492 Δεῦτε,
2686 4424 3142 4500 οἷκοδομήσωμεν
3223 4429 3436 4489 ὶαυτοῖς
3515 4427 3680 4482 πόλιν
3751 4423 3832 4478 καὶ

2185 4512 2412 4588 πύργον,
2449 4512 2512 4566 οὗ
2545 4515 2579 4582 ἠ
2637 4512 2849 4591 κεφαλὴ
2910 4514 3055 4570 ἔσται
3113 4514 3215 4577 ἓως
3272 4521 3367 4571 τοῦ
3417 4515 3653 4592 ούρανοῦ
3703 4515 3829 4586 (46).

2183 4607 2244 4656 Ἠ
2292 4598 2348 4655 δὲ
2399 4599 2694 4674 συκάμινος
2743 4600 2960 4680 δένδρον
3015 4605 3124 4660 terti
3182 4605 3650 4682 πολυφορώτατον
3707 4621 3830 4676 καρ-

2185 4694 2300 4744 πῶν
2356 4686 2610 4762 οὐδεμίαν
2658 4693 2927 4762 ποιότητα
2974 4694 3234 4769 ἑχόντων,
3267 4696 3312 4750 εἰ
3367 4698 3442 4768 μή
3474 4715 3558 4755 τις
3617 4693 3667 4763 ἐξ
3721 4691 3828 4746 lm-

493 4865 709 4946 ’_‘._G_en.
733 4884 862 4936 xxv,
889 4866 978 4920 25.
1013 4866 1057 4901 ²⁶
1088 4865 1229 4946 gen.
1262 4882 1440 4934 xxxn,
1465 4869 1644 4946 ⁸28ΣΑ²⁷
1673 4869 1840 4929 Joan.
1872 4891 1911 4940 1,
1947 4876 1998 4930 1.
2032 4874 2075 4908 ³⁸

2205 4873 2336 4945 Reg.
2372 4891 2451 4946 ιι,
2483 4875 2573 4929 26.
2607 4872 2653 4908 ²⁹
2685 4871 2761 4928 IlI
2793 4872 2932 4944 Reg.
2968 4888 3094 4942 xm,
3120 4875 3213 4944 20,
3239 4875 3329 4930 28.
3355 4875 3400 4911 ³⁰
3423 4879 3547 4930 Act.
3571 4890 3697 4941 vui,
3750 4867 3828 4924 14.

421 4937 466 4972 ³¹
505 4937 575 4992 ΠΙ
599 4937 742 5011 Reg.
783 4957 859 5006 v1,
894 4954 1059 5011 seqq.
1096 4938 1141 4973 ³⁸
1165 4938 1307 4994 Gen.
1352 4955 1428 5009 ιι,
1461 4941 1513 4995 3.
1546 4941 1592 4976 ³³
1613 4942 1754 4998 ibid.
1789 4945 1841 4999 4.

426 5117 685 5194 Θάνατον,
717 5129 986 5194 mortem:
1011 5118 1166 5189 quod
1201 5133 1314 5194 non
1348 5121 1583 5178 aliunde
1614 5139 1790 5194 quam
1836 5139 1904 5177 ex
1951 5139 2070 5178 ser-

426 5190 620 5246 monis
651 5192 1032 5263 ambiguitate
1066 5189 1329 5247 evenisse
1387 5197 1589 5248 auctor
1629 5189 1736 5248 ’θεῖ
1791 5195 2070 5265 Hierony-

428 5279 880 5409 ﬁ?§él_,Antiqui
911 5353 1010 5393 sex
1042 5338 1198 5409 libri,
1234 5331 1462 5392 δίδοται.
1497 5331 1920 5409 Εὐίῐίβέδοται.
1945 5336 2077 5390 MOX

427 5399 940 5531 Θάἒιιὶκῖνομάλοου,
974 5411 1155 5487 φησίν.
1185 5399 1367 5466 λὺθεῐ
1398 5405 1558 5482 φησίν
1608 5399 1664 5462 α’
1700 5409 1918 5463 nostris
1977 5425 2078 5463 sex

427 5494 493 5532 co
543 5493 612 5531 lCl
663 5495 750 5533 us.

427 5493 958 5621 coflgziogrsitiquior
987 5553 1320 5610 Combeﬁsii
1353 5551 1533 5606 codex
1560 5554 1614 5604 et
1645 5549 1740 5603 alii
1801 5555 2076 5621 quatuor,

2183 5127 2331 5179 teste
2369 5123 2751 5196 Combeﬁsio,
2791 5125 3011 5194 optime
3082 5125 3372 5196 expressit
3444 5121 3713 5196 Hilarius
3776 5118 3830 5172 in

2186 5195 2391 5250 Matth.
2426 5213 2553 5266 cap.
2589 5213 2666 5265 ιχ,
2698 5195 2791 5251 his
2820 5196 3052 5252 verbis:
3087 5194 3236 5264 Quod
3274 5194 3480 5252 lsraeli
3510 5195 3830 5266 parabatur,

2177 5266 2342 5338 plebs
2365 5268 2615 5336 gentium
2644 5271 2941 5338 occupavit.

2254 5332 2488 5411 (45)'Ita
2522 5340 2706 5394 nostri
2755 5332 2853 5394 sex
2913 5356 3055 5394 mss.
3125 5339 3276 5394 Editi
3335 5355 3489 5410 vero,
3545 5335 3602 5389 έν
3645 5332 3828 5400 αἲσθή’

2187 5428 2368 5553 σῗίίίὸὶ
2403 5478 2651 5553 Uterque
2682 5481 2838 5538 Colb.
2883 5486 2940 5536 et
2970 5482 3110 5553 Reg.
3138 5482 3483 5553 secundus,
3537 5475 3687 5531 ἔσται
3754 5471 3824 5531 εἷς

2186 5549 2278 5638 τρν
2313 5549 2708 5638 οξρανρνέῖεῃίι
2740 5556 2802 5638 in
2822 5549 3397 5638 cwlum."Aliqu'anto
3455 5557 3587 5625 post
3643 5563 3826 5604 recen-

425 5614 1132 5699 προλαμϐάνοντεςηὺθηθ.
1180 5624 1348 5699 Alter
1397 5622 1728 5699 gombetisii
1788 5614 1968 5699 codex
2025 5614 2082 5678 et

2195 5623 2305 5680 tior
2333 5614 2668 5681 Cbmbelisii
2699 5627 2900 5696 codex,
2930 5614 3380 5699 ποιότητάὲχον.

426 5691 588 5759 editi,
622 5691 1158 5772 προσλαμϐάνοντες,
1191 5697 1364 5756 male.
1397 5695 1534 5768 Ejus
1563 5694 1674 5753 loci
1707 5695 2078 5766 sententiam,
