4074 6222
453 359 575 421 519

1407 349 1800 412 APPENDIX
1840 349 2169 411 OPERUM
2210 349 2277 410 S.
2320 348 2603 413 BASILII
2642 350 2898 417 MAGNI

3723 367 3833 427 εεο

449 492 545 548 sed
574 492 750 547 adhuc
775 505 974 545 manus
1003 489 1234 544 excelsa.
1271 491 1336 542 Et
1362 485 1592 558 populus
1620 499 1731 538 non
1759 492 1839 540 est
1868 499 2088 540 conver-

2204 482 2637 539 πεπιστευκότων
2711 489 2795 558 τῷ
2857 492 2974 560 Θεῷ
3027 491 3138 564 (53)
3178 535 3192 548 .
3247 492 3374 549 Ἐπὶ
3444 498 3569 548 πᾶσι
3633 496 3829 561 τούτοις

454 599 566 648 sus,
591 581 756 635 donec
774 593 1057 650 percussus
1081 585 1200 638 est;
1225 579 1276 631 et
1306 576 1598 629 Dominum
1619 575 1964 627 exercituum
1991 589 2102 628 non

455 672 812 741 quaesierunt.
877 668 938 722 In
996 666 1084 720 his
1141 663 1454 725 omnibus,
1508 661 1782 732 quoniam
1844 661 1938 715 Dei
1988 661 2102 716 ini-

457 760 591 814 mici
625 758 759 812 licet
781 755 1044 825 castigati
1087 753 1348 807 nondum
1393 751 1727 821 compuncti
1769 755 1925 816 sunt,
1951 766 2101 803 non-

457 849 597 902 dum
632 847 792 900 furor
822 859 1060 898 aversus
1092 846 1180 894 est
1213 857 1226 893 ι
1257 839 1358 894 sed
1390 839 1581 892 adhuc
1615 855 1845 902 manus,
1881 854 1984 892 ceu
2018 839 2100 891 fa-

455 935 642 990 cultas
673 933 882 988 vindex
915 935 1178 986 surrecta
1207 934 1294 984 est
1335 929 1617 983 adversus
1650 943 1770 991 eos,
1797 943 1944 997 quos
1979 943 2100 980 ma-

454 1025 592 1080 litiae
615 1040 679 1077 ac
705 1021 976 1092 nequities
1009 1024 1246 1089 patrata:
1270 1033 1639 1087 nequaquam
1672 1015 1927 1085 pmnitet.
1955 1014 2101 1079 Quia

452 1113 632 1184 igitur
662 1109 913 1180 populus
943 1107 1054 1161 iste
1087 1123 1200 1160 non
1244 1105 1456 1168 verbis,
1486 1105 1585 1158 sed
1622 1104 1808 1175 plagis
1833 1109 2097 1167 sanatur,

449 1201 735 1271 scriptum
770 1202 859 1252 est
892 1213 905 1252 :
939 1198 1002 1250 Et
1031 1197 1208 1250 omnis
1233 1195 1466 1265 populus
1505 1208 1614 1246 non
1657 1202 1737 1247 est
1786 1207 2096 1258 conversus,

446 1289 611 1344 donec
636 1302 920 1357 percussus
950 1294 1045 1339 est.
1071 1284 1463 1347 Quamobrem
1497 1281 1674 1352 plagae
1707 1285 1842 1335 sunt
1875 1281 2099 1335 talibus

445 1374 808 1430 necessariae.
838 1373 1019 1428 Nemo
1052 1373 1234 1441 igitur
1263 1370 1555 1425 curiosius
1585 1386 1795 1424 causas
1827 1367 2097 1422 afﬂictio-

445 1480 586 1518 num
639 1463 900 1533 inquirat
957 1466 1014 1515 et
1074 1460 1506 1522 molestiarum;
1542 1475 1647 1512 cur
1699 1457 1966 1522 ariditas,
1996 1472 2100 1510 cur

448 1552 714 1610 fulmina.
740 1568 845 1604 cur
874 1550 1095 1621 grando
1118 1547 1457 1618 contingat?
1488 1547 1616 1600 Haec
1638 1549 1913 1600 eveniunt
1946 1544 2096 1601 553

443 1646 645 1694 nostra
676 1655 856 1693 causa
886 1653 1137 1708 quorum
1183 1653 1283 1691 cor
1330 1635 1670 1706 poenitentia
1716 1634 1873 1688 haud
1905 1633 2096 1705 tangi-

444 1735 561 1794 tur,
585 1733 640 1782 et
663 1727 765 1798 qui
797 1743 911 1780 non
938 1725 1331 1780 convertimur
1353 1722 1464 1776 nisi
1491 1723 1653 1793 prius
1678 1721 2093 1794 percutiamur.

443 1817 638 1886 (Vens.
672 1817 761 1876 14,
798 1817 906 1885 15).
933 1815 996 1868 Et
1023 1815 1238 1881 auferet
1263 1814 1529 1867 Dominus
1557 1813 1623 1864 ab
1655 1811 1825 1866 Israel
1854 1815 2014 1880 caput
2045 1813 2097 1864 et

442 1905 691 1968 caudam,
729 1920 1001 1971 magnum
1031 1911 1082 1957 et
1109 1919 1362 1973 parvum,
1394 1902 1454 1954 in
1493 1917 1606 1954 una
1635 1900 1742 1954 die.
1778 1900 2091 1970 Postquam

443 1994 679 2048 verbum
712 1994 861 2061 quod
899 1991 1148 2046 missum
1177 1997 1288 2057 est,
1322 1991 1389 2044 ad
1427 2006 1525 2044 eos
1556 1989 1840 2058 pervenit,
1871 1987 2092 2041 malum

442 2099 640 2135 eorum
674 2081 940 2135 ordinem
973 2095 1208 2133 omnem
1237 2079 1319 2132 ait
1346 2077 1827 2132 confundendum
1859 2091 2009 2140 esse,
2038 2079 2095 2129 et

442 2171 793 2224 aut'erendos
850 2169 1146 2240 principes
1195 2166 1637 2235 inferioresque,
1679 2181 1778 2220 eos
1827 2163 2095 2219 videlicet

443 2259 544 2328 qui
579 2258 637 2313 in
679 2262 968 2330 potestate
1009 2255 1315 2311 constituti
1360 2255 1526 2309 valde
1579 2253 2002 2319 intumescunt,
2037 2258 2093 2306 et

441 2363 540 2403 eos
573 2347 672 2418 qui
705 2347 915 2401 iisdem
970 2344 1218 2414 subjecti
1251 2351 1407 2398 sunt.
1440 2343 1768 2407 Seniorum,
1799 2346 1857 2396 et
1887 2358 2088 2396 eorum

442 2436 538 2506 qui
574 2451 956 2507 personarum
1009 2434 1211 2488 habita
1253 2432 1479 2488 ratione
1507 2431 1909 2501 judicant,jus
1957 2434 2090 2485 ante

439 2524 584 2579 alios
606 2523 845 2579 sedendi
870 2523 1332 2578 dedecorabitur.
1352 2521 1635 2575 Caterum
1658 2520 1760 2591 qui
1790 2519 1850 2573 in
1875 2519 2089 2590 populo

440 2612 670 2667 nullum
712 2611 976 2667 ordinem
1035 2619 1134 2666 aut
1190 2611 1438 2682 gradum
1483 2609 1766 2674 obtinent,
1801 2609 1902 2663 sed
1965 2608 2088 2662 suis

437 2701 698 2770 ipsorum
754 2700 1050 2772 suffragiis
1097 2701 1381 2754 duntaxat
1441 2697 1629 2762 electi,
1679 2695 2085 2768 propheticum

437 2791 659 2844 donum
691 2791 845 2860 quod
896 2807 929 2845 a
977 2788 1192 2860 Spiritu
1227 2793 1428 2843 sancto
1481 2803 1593 2842 non
1648 2802 1940 2857 accepere,
1973 2785 2086 2841 sibi

437 2879 583 2934 falso
616 2881 910 2950 arrogant,
944 2894 1009 2933 ac
1059 2878 1270 2932 docent
1316 2876 1550 2946 iniqua;
1587 2874 1916 2944 cujusmodi
1966 2877 2090 2929 erat

439 2973 602 3023 (etate
631 2968 896 3023 Jeremiae
926 2967 1183 3021 Ananiae
1202 2967 1266 3031 ω,
1301 2964 1503 3037 quales
1534 2964 1710 3019 etiam
1747 2968 1912 3017 erant
1941 2967 2086 3018 tem-

438 3072 575 3126 pore
619 3055 873 3110 MIChEBiP
905 3055 1446 3127 pseudoprophetis,
1478 3053 1539 3107 in
1571 3052 1786 3124 quibus
1826 3051 1938 3106 fuit
1968 3051 2086 3120 spi-

437 3144 586 3199 ritus
620 3145 868 3199 mendax
886 3144 953 3208 ‘t,
987 3144 1084 3214 qui
1119 3142 1345 3213 decepit
1377 3141 1654 3208 Acbaam,
1679 3157 1811 3196 cum
1844 3155 1977 3194 eum
2011 3139 2082 3194 ad

2212 569 2311 624 οὐκ
2353 568 2664 650 ἀπεστράφη
2717 575 2745 628 6
2804 571 2995 648 θυμός·
3057 577 3183 634 ἀλλ’
3239 576 3317 634 ἔτι
3373 584 3408 651 ὴ
3461 583 3580 657 χεὶρ
3639 585 3826 657 ὑψηλή.

2212 659 2309 712 Καὶ
2378 660 2406 713 6
2474 660 2604 723 λαὸς
2689 663 2791 718 οὐκ
2861 665 3220 742 ἀπεστράφη,
3279 666 3381 731 ἕως
3455 669 3686 746 ἐπλήγη·
3750 673 3828 728 καὶ

2208 748 2298 801 τὸν
2383 747 2581 824 Κύριον
2663 755 2770 806 τῶν
2843 751 3118 828 δυνάμεων
3194 758 3294 812 οὐκ
3373 757 3670 829 ἐζήτησαν.
3721 761 3828 818 Ἐπὶ

2209 835 2422 898 τούτοις
2471 843 2623 906 πᾶσι,
2655 837 2745 894 διὰ
2780 842 2841 896 τὸ
2895 845 3063 914 μήπω
3105 853 3471 921 κατανυγῆναι
3521 851 3827 922 μαστιζομέο

2207 944 2334 985 νους
2364 925 2492 986 τοὺς
2521 925 2752 1000 ἐχθροὺς
2800 934 2896 984 τοῦ
2945 933 3097 1004 Θεοῦ,
3132 933 3284 988 οῧπω
3316 937 3344 990 6
3375 937 3543 1009 θυμὸς
3589 938 3826 1012 ἀπεστρά-

2209 1034 2306 1089 φη,
2340 1012 2466 1069 ἀλλ’
2518 1012 2593 1069 ἔτι
2625 1019 2659 1085 ἡ
2694 1019 2819 1092 χεὶρ
2851 1021 2885 1088 ἡ
2937 1017 3236 1091 κολαστικὴ
3289 1020 3516 1096 δύναμις
3569 1025 3824 1101 ἐπηρμένη

2210 1101 2348 1156 ἐστὶν
2382 1102 2468 1156 ἐπὶ
2525 1109 2635 1159 τῶν
2695 1107 2771 1177 μὴ
2837 1110 3238 1180 μετανοούντων
3298 1111 3386 1166 ἐπὶ
3439 1117 3506 1185 τῇ
3556 1114 3709 1185 κακίᾳ
3750 1117 3824 1170 κεί

2207 1192 2445 1266 πονηρίᾳ
2557 1190 2809 1269 ἔπραξαν.
2853 1195 3076 1266 Ἐπειδὴ
3130 1198 3220 1254 οὖν
3256 1202 3284 1254 ὁ
3319 1199 3450 1263 λαὸς
3482 1200 3638 1264 οὗτος
3668 1204 3724 1257 οὐ
3753 1202 3826 1259 διὰ

2210 1278 2378 1353 λόγου
2436 1278 2582 1335 ἀλλά
2639 1280 2728 1336 διὰ
2797 1283 3023 1359 πληγῆς
3085 1288 3478 1362 θεραπεύεται,
3533 1290 3824 1366 γέγραπται·

2206 1367 2312 1422 Καὶ
2344 1375 2447 1430 πᾶς
2505 1371 2532 1424 6
2591 1367 2722 1434 λαὸς
2757 1371 2855 1426 οὐκ
2909 1373 3249 1451 ἀπεστράφη,
3301 1373 3406 1439 ἕως
3464 1379 3578 1450 (54)
3612 1378 3826 1453 ἐπλήγη.

2208 1457 2402 1532 Διόπερ
2445 1459 2727 1533 ἀναγκαῖαι
2775 1467 2890 1523 τοῖς
2939 1461 3179 1518 τοιοῖσδε
3231 1467 3286 1520 αἱ
3334 1465 3595 1541 πληγαί.
3645 1465 3830 1537 Μηδεὶς

2207 1543 2296 1598 οὖν
2356 1547 2887 1624 πολυπραγμονείτω
2933 1551 3027 1613 τὰς
3085 1552 3260 1614 αἰτίας
3317 1559 3423 1610 τῶν
3482 1557 3829 1631 σκυθρωποτέ-

2207 1654 2337 1708 ρων·
2371 1631 2459 1689 διά
2487 1635 2539 1690 τί
2570 1636 2802 1712 αὐχμοὶ,
2837 1636 2925 1693 διὰ
2954 1639 3006 1694 τί
3037 1636 3356 1714 ἐπομϐρίαι,
3389 1641 3479 1698 διὰ
3506 1645 3561 1698 τί
3594 1645 3828 1715 σκηπτοὶ,

2206 1718 2293 1776 διὰ
2319 1722 2371 1776 τί
2399 1722 2635 1798 χάλαζαι
2661 1746 2673 1793 ;
2710 1728 2788 1780 Δι’
2818 1729 2966 1800 ἡμᾶς
2996 1728 3124 1790 τοὺς
3172 1731 3273 1799 τήν
3323 1731 3690 1803 ἀμετανόητον
3715 1753 3828 1806 καρ-

2206 1809 2322 1865 δίαν
2356 1807 2608 1887 ἔχοντας,
2657 1814 2746 1868 καὶ
2810 1816 2884 1886 μὴ
2943 1817 3208 1893 πρότερον
3266 1817 3704 1898 ἐπιστρέφοντας,
3747 1820 3823 1876 ἐὰν

2210 1902 2283 1972 μή
2345 1901 2648 1976 πληγῶμεν
2685 1946 2697 1959 .
2759 1905 2861 1959 Καὶ
2939 1904 3128 1982 ἀφελεῖ
3183 1905 3386 1981 Κύριος
3464 1910 3572 1963 ἀπὸ
3632 1909 3824 1986 Ἰσραὴλ

2201 1987 2445 2066 κεφαλήν
2522 1992 2612 2045 καὶ
2671 1991 2829 2064 οὐρὰν
2871 2038 2885 2059 ,
2943 1992 3107 2067 μέγαν
3179 1996 3266 2048 καί
3350 1998 3569 2069 μικρὸν,
3639 1997 3687 2051 ἐν
3743 2002 3825 2071 μιᾷ

2201 2077 2402 2152 ἡμέρᾳ.
2466 2080 2616 2135 Μετά
2669 2080 2732 2134 τὸ
2791 2081 2987 2156 φθάσαι
3045 2081 3128 2137 ἐπ’
3189 2083 3382 2146 αὐτοὺς
3419 2086 3512 2139 τὸν
3557 2087 3721 2159 Λόγον
3749 2088 3825 2140 τὸν

2200 2165 2605 2240 ἀπεσταλμένον
2643 2214 2658 2240 ,
2706 2169 2877 2224 πᾶσαν
2955 2171 3057 2239 τήν
3135 2173 3306 2240 κακὴν
3380 2173 3557 2228 αὐτῶν
3616 2172 3822 2244 διάταξιν

2201 2257 2632 2330 συγχυθήσεσθαι
2710 2255 2859 2332 λέγει
2904 2300 2918 2326 ,
2997 2259 3089 2313 καὶ
3165 2263 3668 2336 περιαιρεθήσεσθαι
3726 2251 3824 2334 δμὶν

2200 2343 2488 2418 ἄρχοντας,
2537 2345 2628 2398 καὶ
2677 2344 2804 2407 τοὺς
2855 2345 3176 2420 ἑπομένους,
3207 2347 3337 2410 τοὺς
3378 2370 3436 2404 τε
3481 2349 3536 2404 ἐν
3573 2348 3828 2420 δυναστείᾳ

2203 2432 2338 2506 μέγα
2367 2437 2666 2509 φυσῶντας,
2716 2435 2804 2488 καὶ
2858 2433 2986 2494 τοὺς
3045 2431 3454 2507 ὑποϐεϐηκότας
3699 2441 3828 2494 ’Δτι-

2201 2522 2530 2593 μασθήσεται
2592 2517 2969 2598 πρεσϐυτέρων
3045 2523 3343 2601 προεδρία,
3398 2527 3488 2581 καὶ
3547 2533 3654 2584 τῶν
3710 2529 3827 2582 κατά

2196 2609 2662 2684 προσωποληψίαν
2719 2610 3057 2687 κρινόντων.
3118 2616 3186 2672 Οἱ
3246 2611 3304 2670 δὲ
3365 2613 3639 2691 μηδεμίαν
3693 2617 3824 2688 τάξιν

2196 2693 2416 2772 ἔχοντες
2452 2698 2503 2752 ἐν
2546 2704 2626 2772 τῷ
2674 2698 2811 2772 λαῷ,
2843 2700 3362 2777 αὐτοχειροτόνητοι
3412 2702 3469 2759 δὲ
3508 2706 3600 2760 καὶ
3630 2725 3824 2784 προφη-

2193 2787 2342 2841 τικὸν
2392 2786 2603 2850 ἑαυτοῖς
2655 2785 3069 2862 ἐπιψευδόμενοι
3127 2791 3400 2868 χάρισμα,
3442 2793 3470 2848 ’ὀ
3527 2796 3602 2868 μὴ
3645 2789 3822 2849 ἔλαϐον

2196 2875 2341 2950 παρὰ
2368 2880 2465 2930 τοῦ
2514 2877 2843 2950 Πνεόματος,
2875 2879 2965 2932 καὶ
3018 2876 3359 2943 διδάσκοντες
3389 2882 3454 2936 τά
3495 2881 3690 2957 ἄνομα⁶
3723 2885 3825 2946 οἷος

2194 2967 2258 3033 ἦν
2319 2963 2404 3018 ἐπὶ
2462 2965 2728 3040 Ἱερεμίου
2781 2967 2808 3020 6
2870 2966 3129 3036 ’Δνανίας,
3190 2969 3279 3024 καὶ
3337 2970 3420 3025 ἐπὶ
3484 2972 3725 3048 Μιχαίου
3779 2972 3823 3024 οἱ

2195 3050 2676 3131 ψευδοπροφῆται,
2737 3053 2788 3109 ἐν
2848 3058 2932 3118 οἷς
2991 3055 3198 3132 ἐγένετο
3255 3062 3467 3131 πνεῦμα
3527 3057 3750 3134 ψευδὶς,
3803 3060 3828 3114 ’ὀ

2194 3142 2428 3212 ἐξηπάτα
2485 3143 2576 3197 τὸν
2637 3144 2876 3219 Ἀχαᾶμ,
2923 3146 3362 3220 προτρεπόμενον
3416 3146 3505 3201 ἐπὶ
3560 3149 3650 3202 τὸν
3707 3148 3827 3202 κατᾶ

436 3231 655 3286 bellum
686 3231 846 3304 Syris
896 3212 1272 3286 inferendum
1312 3230 1547 3301 impulit
1575 3248 1590 3300 ;
1619 3229 1659 3283 ii
1690 3245 1923 3301 quoque
1954 3232 2082 3283 tan-

2201 3236 2300 3285 τῶν
2335 3231 2522 3306 Σόρων
2555 3231 2821 3302 πόλεμον
2854 3233 3306 3308 ἀφαιρεθήσονται
3350 3237 3439 3290 καὶ
3489 3237 3642 3292 οὗτοι
3673 3235 3827 3292 οἱονεὶ

436 3338 613 3392 quam
645 3320 893 3375 caudam
925 3321 1204 3374 ducentes
1235 3320 1593 3374 auferentur.

504 3500 628 3554 230.
664 3499 828 3554 Vens.
865 3500 950 3567 16,
985 3499 1070 3553 17.
1101 3498 1204 3552 Sed
1234 3504 1284 3553 et
1316 3499 1413 3570 qui
1451 3498 1664 3552 beatum
1694 3498 1887 3553 dicunt
1911 3515 2084 3570 popu-

436 3589 548 3643 lum
580 3594 741 3658 hunc,
775 3597 825 3643 et
853 3605 978 3644 eum
1024 3587 1292 3643 inducunt
1323 3589 1382 3641 in
1408 3603 1668 3655 errorem,
1700 3595 1750 3642 et
1778 3603 1874 3657 per
1919 3589 2082 3657 frau-

432 3679 552 3732 dem
579 3679 869 3748 facultates
895 3677 1254 3733 exhauriunt.
1289 3677 1628 3747 Quapropter
1655 3691 1829 3747 neque
1861 3678 1921 3731 in
1954 3676 2083 3732 ado-

435 3768 764 3833 lescentulis,
805 3782 981 3838 neque
1010 3769 1071 3821 in
1101 3765 1186 3820 his
1217 3767 1313 3837 qui
1341 3766 1489 3820 inter
1518 3781 1662 3837 ipsos
1690 3773 1854 3822 aetate
1880 3767 2083 3835 vigent,

435 3856 709 3911 lwlabitur
742 3857 1025 3911 Dominus.
1060 3860 1242 3925 Neque
1282 3856 1333 3908 si
1382 3855 1502 3925 quis
1546 3853 1824 3924 Orphanus
1874 3857 1935 3909 in
1984 3857 2086 3909 tali

428 3946 655 4016 papula,
678 3960 852 4016 neque
879 3948 928 3998 si
958 3961 1070 4014 qua
1099 3945 1270 4015 fuerit
1299 3943 1485 4008 vidua,
1508 3943 1943 3998 misericordiam
1963 3959 2084 3998 con-

430 4039 705 4104 sequetur.
741 4035 902 4097 Quod
933 4035 1089 4088 enim
1124 4034 1428 4087 infirmum
1459 4035 1550 4087 est
1579 4037 1635 4086 et
1664 4031 1880 4086 auxilio
1911 4032 2085 4090 desti-

431 4128 644 4193 tutum,
678 4124 733 4176 id
769 4122 1279 4177 commiseratione
1311 4121 1554 4192 dignum
1589 4124 1679 4175 est
1711 4137 1723 4174 :
1759 4121 1911 4190 quod
1947 4136 2080 4175 vero

429 4217 636 4283 potens
669 4215 758 4267 est
786 4211 844 4266 in
870 4211 1090 4265 malitia
1115 4215 1170 4265 et
1191 4209 1520 4280 iniquitate,
1545 4209 1599 4262 id
1634 4209 2080 4263 detestationem

432 4305 690 4354 meretur
747 4304 802 4354 et
861 4299 1081 4354 odium.
1119 4298 1339 4353 Deinde
1399 4297 1507 4351 hoc
1564 4296 1892 4368 subjungit,
1924 4298 2078 4367 quod

429 4389 692 4441 nondum
716 4390 1013 4440 avertatur
1034 4388 1162 4456 ejus
1189 4387 1365 4451 furor,
1387 4385 1486 4438 sed
1507 4383 1699 4438 adhuc
1724 4401 1935 4440 manus
1952 4385 2080 4456 ejus

430 4475 656 4530 excelsa
687 4475 1022 4545 impendeat
1054 4478 1292 4545 propter
1313 4489 1410 4528 eos
1441 4472 1541 4544 qui
1573 4473 1630 4526 in
1664 4473 1877 4544 populo
1905 4475 2079 4528 sedu-

431 4569 589 4628 cunt,
623 4569 680 4618 et
714 4567 945 4634 propter
995 4563 1301 4628 seductos;
1335 4562 1489 4632 apud
1523 4576 1671 4631 quos
1722 4560 1909 4632 iniqui
1941 4565 2082 4616 sunt
2111 4596 2157 4660 Β

429 4669 633 4708 omnes
665 4658 723 4707 et
772 4651 1067 4723 ﬂagitiosi,
1102 4656 1277 4720 atque
1327 4651 1530 4720 iniqua
1576 4649 1919 4720 loquuntur.
1952 4650 2081 4706 Haec

430 4748 623 4796 autem
645 4741 1022 4796 comminatio
1046 4738 1388 4794 nonnullam
1417 4739 1646 4809 praefert
1667 4739 1932 4794 beneﬁcii
1956 4756 2082 4810 spe-

428 4830 571 4883 ciem
601 4847 613 4884 :
647 4829 862 4901 quippe
891 4829 1086 4902 (Vens.
1113 4829 1202 4896 18)
1226 4828 1593 4882 Succendetur
1642 4829 1911 4898 iniquitas
1939 4830 2080 4883 sicut

428 4920 602 4987 ignis.
636 4918 865 4974 Etenim
912 4917 1219 4973 hominum
1270 4916 1460 4989 gratia
1490 4915 1739 4988 providit
1787 4917 2078 4988 benignus

433 5007 818 5076 l)ominus,ut
844 5011 1044 5078 parata
1073 5004 1403 5077 iniquitatis
1430 5005 1676 5061 materia
1704 5022 1735 5060 e
1764 5006 1954 5061 medio
1985 5022 2078 5077 pe-

499 5199 544 5234 ‘°
573 5197 789 5254 Jerem.
820 5210 1018 5264 xxvm,
1053 5193 1140 5248 15.
1219 5193 1262 5227 ⁴¹
1297 5191 1369 5247 III
1403 5192 1544 5264 Reg.
1574 5208 1713 5260 xxn,
1743 5193 1833 5247 22.

501 5380 614 5450 (53)
647 5380 731 5434 Ila
761 5394 906 5432 mss.
941 5390 1184 5450 omnes.
1208 5446 1218 5450 _
1242 5373 1392 5450 Editi
1441 5389 1598 5450 vero,
1625 5441 1637 5450 _
1659 5369 1741 5450 εἲς
1780 5371 1869 5425 τὸν
1929 5371 2080 5427 Θεόν.

425 5441 630 5506 Statim
667 5468 820 5504 unus
851 5447 1031 5503 codex
1060 5445 1346 5509 Combef.,
1379 5443 1549 5514 θυμὸς
1582 5441 1768 5498 αὐτοῦ.

501 5524 615 5594 (54)
647 5523 820 5589 Editi,
851 5516 956 5580 tu):
996 5516 1078 5572 οὗ.
1111 5516 1334 5572 Vocula
1364 5514 1426 5568 οὗ
1459 5517 1515 5570 in
1552 5515 1769 5570 nostris
1806 5531 1949 5570 mss.
1984 5517 2081 5570 de-

433 5601 618 5736 θϐἷῦὗ)
650 5665 825 5736 Editi,
859 5653 1277 5731 ἐπιϐεϐηκότας,
1311 5657 1480 5716 male.
1517 5662 1587 5718 At
1623 5674 1764 5716 mss.
1799 5673 1918 5725 sex,
1952 5655 2082 5712 ὑπο-

2189 3320 2289 3388 τὴν
2323 3320 2582 3396 οὐραγίαν
2614 3319 2710 3375 τοῦ
2743 3320 2876 3377 λαοῦ
2906 3321 3246 3398 κατέχοντες.

2260 3412 2386 3466 230.
2447 3407 2626 3464 Ἀλλὰ
2679 3411 2769 3464 καὶ
2829 3412 2879 3464 οἱ
2942 3413 3330 3488 μακαρίζοντες
3377 3413 3468 3468 τὸν
3529 3413 3658 3469 λαὸν
3713 3416 3826 3468 τοῦ·

2191 3516 2306 3565 τον,
2362 3496 2451 3550 καὶ
2508 3494 2813 3558 πλανῶντες
2872 3496 3029 3552 αὐτὸν
3065 3544 3081 3570 ,
3161 3499 3248 3554 καὶ
3311 3497 3399 3554 διὰ
3474 3508 3578 3570 τῆς
3631 3501 3824 3570 ἀπάτης

2194 3583 2669 3660 ἐκκαρπούμενοι.
2732 3586 2830 3640 Διά
2901 3591 3063 3641 τοῦτο
3140 3585 3263 3643 οὔτε
3339 3587 3424 3643 ἐπὶ
3494 3589 3626 3654 τοὺς
3672 3589 3830 3644 νεανί-

2192 3694 2343 3736 σκοις
2398 3674 2488 3728 καὶ
2563 3673 2894 3746 ἀκμάζουσιν
2973 3673 3024 3728 ἐν
3079 3675 3262 3736 αὐτοῖς
3329 3677 3749 3753 εὐφρανθήσεται
3799 3678 3824 3731 6

2195 3761 2420 3836 Κύριος.
2480 3759 2619 3819 Οὔτε
2677 3761 2730 3816 εἷ(
2771 3784 2854 3825 τις
2909 3761 3140 3839 ὀρφανὸς
3199 3763 3251 3818 ἐν
3299 3770 3380 3837 τῷ
3426 3765 3667 3839 τοιούτῳ
3696 3764 3820 3835 λαῷ,

2195 3849 2317 3906 οὔτε
2365 3849 2411 3905 έί
2461 3873 2543 3912 τις
2592 3853 2764 3926 χήρα,
2815 3850 3190 3923 ἐλεηθήσεται.
3225 3853 3302 3910 Τὸ
3356 3854 3450 3926 μὶν
3491 3856 3596 3930 γὰρ
3630 3855 3823 3914 dcent:

2191 3940 2278 3995 καὶ
2312 3934 2646 4009 ἀϐοήθητον,
2700 3939 2885 4001 ἐλέους
2929 3944 3040 4013 (56)
3090 3937 3255 4011 ἄξιον·
3299 3942 3361 3996 τὸ
3406 3939 3462 3996 δὶ
3510 3941 3726 3998 δυνατὸν
3777 3939 3821 3995 ἐν

2189 4027 2351 4099 κακίᾳ
2405 4027 2493 4082 καὶ
2549 4027 2802 4100 πονηρίᾳ,
2860 4029 3209 4107 ἀποστροφῆς
3267 4029 3356 4083 καὶ
3417 4031 3652 4103 μίσους.
3710 4029 3829 4087 Εἶτα

2192 4117 2403 4191 ἐπάγει,
2463 4114 2544 4171 ὅτι
2605 4113 2820 4171 οὐδέπω
2880 4118 2907 4171 6
2969 4118 3140 4191 θυμὸς
3198 4116 3362 4173 αὐτοῦ
3420 4119 3821 4197 ἀποστρέφεταν

2191 4204 2318 4260 ἀλλ’
2347 4201 2422 4260 ἔτι
2456 4207 2490 4274 ἡ
2523 4204 2646 4280 χεὶρ
2679 4205 2842 4260 αὐτοῦ
2874 4205 3061 4279 ὑψηλὴ
3095 4205 3382 4274 ἐπίκειται,
3417 4205 3508 4263 διὰ
3537 4208 3666 4271 τοὺς
3696 4207 3827 4262 πλα-

2189 4300 2391 4357 νῶντας
2425 4294 2475 4349 ἐν
2506 4299 2586 4366 τῷ
2617 4293 2734 4364 λαῷ
2779 4296 2866 4349 καὶ
2917 4293 3332 4368 πλανωμένους,
3365 4298 3491 4373 παρ’
3526 4301 3613 4362 οἷς
3657 4297 3828 4356 πάντες

2190 4384 2384 4456 ἄνομοι
2437 4383 2528 4437 καὶ
2581 4384 2838 4456 πονηροὶ,
2877 4384 2964 4438 καὶ
3018 4381 3178 4438 ἄδικα
3210 4383 3529 4448 λαλοῦντες.
3587 4389 3740 4462 Ἔχει
3782 4381 3829 4438 δέ

2188 4473 2366 4539 τιναὴ
2427 4470 2626 4539 ἀπειλὴ
2684 4469 2989 4545 εὐεργεσίας
3042 4466 3297 4550 ἔμφασιν,
3357 4472 3441 4527 ὅτι
3498 4476 3828 4544 Καυθήσεται

2188 4561 2222 4627 ἡ
2273 4559 2472 4632 ἀνομία
2519 4559 2595 4620 ὡς
2646 4563 2772 4635 πῦρ.
2821 4561 2931 4628 Τὴν
2988 4560 3092 4634 γὰρ
3143 4564 3671 4636 παρασκευασθεῖσαν
3704 4560 3826 4628 ὕλην

2191 4647 2251 4702 ἐκ
2280 4655 2378 4717 τῆς
2407 4648 2631 4721 ἀνομίας
2673 4647 2962 4724 ἀφανισμῷ
3009 4647 3381 4724 παραδοθῆναι
3429 4650 3512 4705 ἐπ’
3568 4650 3831 4726 εὐεργεσία

2189 4741 2297 4791 τῶν
2357 4737 2648 4809 ἀνθρώπων
2700 4739 2844 4813 παρὰ
2890 4741 2987 4791 τοῦ
3041 4739 3237 4812 ἀγαθοῦ
3297 4739 3583 4794 Δεσπὸτου
3637 4737 3832 4813 ᾠκονό-

2192 4847 2382 4898 μηται.
2444 4826 2540 4880 Καὶ
2599 4825 2672 4889 ὠς
2729 4826 3021 4901 ἂγρωστις,
3075 4828 3228 4905 φησὶ,
3292 4828 3430 4903 ξηρά
3499 4830 3830 4904 βρωθήσεται

2191 4914 2292 4968 ὑπὸ
2348 4915 2565 4990 πυρὸς,
2623 4915 2712 4969 καὶ
2787 4917 3112 4986 καυθήσεται
3189 4915 3241 4970 ἐν
3311 4922 3429 4978 τοῖς
3503 4914 3686 4973 δάσεσι
3742 4916 3834 4968 τοῦ

2189 5000 2423 5079 δρυμοῦ.
2453 5006 2597 5067 Ἕως
2657 5005 2752 5077 μὲν
2808 5003 3140 5080 ἐγκέχωσται
3194 5011 3310 5067 τοῖς
3363 5006 3582 5080 γηίνοις
3625 5006 3835 5068 πάθεσιν

2193 5366 2518 5445 ϐεϐηκότας,
2575 5373 2741 5430 bene.
2802 5373 3026 5429 Ibidem
3081 5374 3245 5443 editi,
3300 5371 3725 5445 ἀτιμασθήσεται
3765 5365 3838 5422 δέ.

2193 5447 2375 5500 Abest
2407 5441 2463 5498 δέ
2493 5463 2526 5500 a
2557 5447 2774 5501 nostris
2803 5447 3099 5501 veteribus
3128 5441 3316 5501 libris.

2263 5518 2379 5585 (56)
2410 5517 2583 5584 Editi,
2615 5514 2792 5573 ἐλέου.
2855 5522 2930 5572 At
2987 5535 3132 5574 mss.
3193 5535 3312 5587 sex,
3357 5512 3563 5578 ἐλέους.
3624 5515 3738 5572 Nec
3767 5513 3843 5567 ita

2195 5589 2379 5645 multo
2413 5595 2543 5660 post
2572 5605 2716 5645 mss.
2751 5588 2995 5660 aliquot.
3027 5587 3111 5644 ὅτι
3143 5586 3402 5643 οὐδέποτε
3432 5588 3477 5641 ὁ.
