4118 6220
270 352 379 413 821

1086 347 1494 413 COMMENT.
1542 346 1619 409 IN
1665 347 1937 411 ISAIAM
1994 346 2495 409 PROPHETAM.
2543 348 2711 409 CAP.
2762 348 2861 411 IX.

3556 358 3673 418 522

278 483 311 551 ἡ
342 482 520 557 ψυχὴ,
571 481 648 545 ὡς
695 479 961 558 ἅγρωστις
1004 481 1073 536 τὰ
1100 482 1246 551 παθη
1271 479 1457 550 αὐτῆς,
1486 479 1545 535 ἐκ
1571 483 1669 534 τοῦ
1709 480 1916 555 φρονή-

2034 480 2194 537 nitus
2236 479 2557 536 tolleretur.
2590 486 2661 539 Et
2707 484 2851 538 sicut
2895 498 3129 552 gramen
3176 484 3422 557 aridum,
3459 486 3676 558 inquit,

276 590 443 643 ματος
469 573 573 636 τῆς
631 570 830 645 σαρκὸς
875 568 1201 648 ἐκφυόμενα,
1262 567 1490 647 διέρπει,
1553 566 1622 624 δι’
1654 566 1922 640 ἀλλήλων

267 660 370 728 τὴν
402 659 605 734 γὲνεσιν
637 657 949 735 ἕχοντα,καὶ
976 655 1122 715 ἄλλα
1151 657 1234 714 ἐπ’
1254 656 1449 722 ἄλλοις
1468 658 1771 735 γεννώμενα
1794 660 1921 729 (57).

269 747 363 809 Ὠς
411 749 513 824 γὰρ
572 749 608 818 ἡ
664 744 931 825 ἅγρωστις
979 745 1433 824 πολυγονώτατόν
1483 746 1624 802 ἔστιν
1674 745 1726 801 ἐν
1762 746 1924 822 βοτά-

270 858 414 905 ναις,
444 835 536 891 καὶ
563 833 808 910 οὐδαμοῦ
836 837 1134 912 καταλήγει
1186 836 1352 908 αὐτῆς
1409 839 1445 906 ἡ
1488 834 1761 913 γέννησις,
1792 825 1924 890 ἀλλ’

271 925 355 980 ἀεὶ
383 925 448 980 τὸ
478 923 644 1002 πέρας
672 931 776 994 τῆς
814 925 1039 1001 πρώτης
1065 925 1322 1001 γενέσεως
1377 925 1524 1000 ἀρχὴ
1578 927 1675 978 τοῦ
1732 920 1921 1001 ἐφεξῆς

271 1013 758 1089 vivatur-10min;
789 1014 878 1068 καὶ
910 1016 946 1084 ἡ
994 1018 1102 1069 τῶν
1152 1012 1560 1089 ἁμαρτημάτων
1593 1011 1703 1069 ἐστὶ
1741 1012 1916 1090 φύσις·

270 1100 408 1172 αὐτὴ
461 1103 654 1172 ἑαυτὴν
715 1099 1045 1179 διαδέχεται.
1108 1102 1203 1157 Καὶ
1244 1107 1395 1177 γεννᾷ
1457 1102 1552 1176 μὲν
1608 1104 1643 1172 ἡ
1696 1101 1919 1176 πορνεία

266 1191 541 1266 πορνείαν·
572 1194 608 1261 ἡ
642 1188 700 1246 δὲ
746 1189 800 1246 ἐν
844 1192 921 1264 τῷ
974 1188 1157 1265 ψεύδει
1209 1193 1463 1261 συνήθεια
1510 1188 1738 1265 ψεύδους
1772 1192 1918 1266 γίνε-

266 1300 353 1334 ται
387 1281 596 1356 μήτηρ,
628 1281 716 1335 καὶ
752 1280 781 1334 6
834 1280 884 1334 ἐν
934 1278 1171 1343 κλοπαῖς
1233 1277 1553 1353 μελετήσας,
1600 1280 1918 1354 κατατολμᾷ

266 1365 470 1444 ῥᾳδίως
496 1372 592 1423 τοῦ
624 1365 985 1443 ἀδικήματος.
1031 1370 1094 1423 ἹΙ
1142 1368 1245 1445 γὰρ
1292 1366 1649 1444 προλαϐοῦσα
1680 1367 1917 1442 ἁμαρτία

265 1457 490 1533 ἀφορμὴ
528 1457 794 1534 ἁμαρτίας
985 1456 1211 1534 γίνεται.
1253 1457 1376 1514 Ἐὰν
1410 1455 1501 1512 οὖν
1533 1457 1913 1533 γυμνώσωμεν

263 1547 365 1615 τὴν
419 1545 690 1621 ἁμαρτίαν
755 1543 844 1601 διὰ
895 1550 995 1617 τῆς
1048 1545 1521 1623 ἔξομολογήσεως,
1580 1544 1912 1620 ἐποιήσαμεν

265 1632 433 1703 αὐτὴν
460 1634 625 1711 ξηρὰν
676 1631 966 1711 ἄγρωστιν,
998 1634 1145 1708 ἀξίαν
1203 1639 1299 1690 τοῦ
1353 1635 1456 1690 ὑπὸ
1512 1639 1610 1691 τοῦ
1660 1647 1916 1709 καθαρτι-

266 1726 364 1779 κοῦ
408 1725 579 1797 πυρὸς
634 1718 1071 1800 καταϐρωοῆναι·
1135 1724 1269 1795 αὕτη
1330 1720 1388 1778 δὲ
1441 1722 1647 1780 καίεται
1699 1723 1750 1779 ἐν
1799 1725 1914 1799 (59)

267 1816 381 1906 τοῖς
440 1813 589 1867 ἀσεσι
634 1816 732 1868 τοῦ
781 1809 1011 1888 δρυμοῦ.
1063 1814 1319 1888 Τήρησον
1370 1811 1470 1868 ὅσα
1505 1812 1641 1906 ’περὶ
1692 1810 1912 1889 δρυμῶν
1945 1840 1993 1906 Β

268 1897 482 1977 εἴρηται
514 1901 566 1957 ἐν
595 1905 665 1976 τῇ
697 1902 891 1977 πρώτῃ
919 1906 1029 1957 τῶν
1058 1906 1377 1959 ΒασιΛειῶν.
1420 1899 1845 1975 Πολεμούμενος
1886 1903 1915 1956 6

269 1989 405 2052 λαὸς
426 1989 672 2061 εἰσῆλθεν
704 1990 780 2053 εἷς
809 1990 901 2046 τὸν
934 1988 1163 2065 δρυμὸν,
1188 1991 1279 2046 καὶ
1310 1988 1549 2047 ἑκλείπει
1583 1992 1660 2064 μὴ
1702 1989 1915 2053 ἐσθίων.

267 2076 448 2136 Ἀλλᾶ
476 2080 560 2134 καὶ
744 2073 1107 2153 ’Λϐεσσαλὼμ
1152 2077 1570 2154 πολεμούμενος
1600 2078 1679 2142 εἷς
1712 2077 1916 2156 δρυμὸν

264 2164 589 2243 εἰσέρχεται.
624 2168 744 2225 Ἐὰν
793 2166 885 2224 οὖν
939 2169 1015 2242 μὴ
1061 2168 1283 2243 γενηται
1330 2167 1406 2231 ὡς
1463 2168 1729 2245 ἅγρωστις
1780 2168 1916 2246 ξηρᾶ

266 2256 302 2324 ἡ
348 2256 587 2331 ἁμαρτία
634 2258 819 2331 ἡμῶν,
870 2256 932 2312 οὐ
994 2258 1332 2333 βρωθήσεται
1389 2256 1490 2311 ὑπὸ
1541 2257 1735 2332 πυρὸς,
1793 2253 1917 2314 οὔτε

261 2346 746 2417 κατακαυθήσεται.
780 2347 879 2401 Καὶ
907 2345 974 2401 τὰ
1018 2342 1154 2416 δάση
1200 2349 1297 2401 τοῦ
1346 2342 1556 2420 δρυμοῦ
1582 2344 1710 2409 τοὺς
1746 2345 1914 2403 ὑπού-

262 2430 395 2496 λους
427 2432 574 2510 λέγει
606 2436 696 2490 καὶ
718 2435 1200 2509 συνεσκιασμὲνους
1230 2437 1300 2509 τῇ
1332 2431 1566 2506 διανοίᾳ,
1596 2433 1724 2499 τοὺς
1751 2434 1805 2491 ἐν
1835 2440 1914 2509 τῷ

259 2528 489 2598 κρυπτῷ
516 2530 617 2594 τῆς
647 2521 871 2601 καρδίας
930 2523 1135 2579 ἑαυτῶν
1194 2520 1382 2579 πολλὰ
1430 2527 1538 2578 τῶν
1580 2528 1760 2580 κακῶν
1788 2546 1913 2580 συν-

262 2616 585 2688 τηροῦντας.

333 2882 462 2937 231.
513 2881 648 2937 Εἶτα
694 2878 904 2957 ἐπάγει,
963 2878 1044 2936 ὅτι
1118 2881 1216 2935 Διά
1270 2880 1440 2954 θυμὸν
1498 2879 1664 2956 ὀργῆς
1714 2879 1912 2952 Κυρίου

269 2968 628 3046 συγ-κέκαυται
671 2971 708 3039 ἡ
751 2977 821 3046 γῆ
877 2968 1005 3041 ὅλη.
1064 2968 1355 3040 Δείκνυσιν,
1415 2967 1497 3024 ὅτι
1554 2968 1619 3023 τὰ
1647 2970 1913 3043 γήινατῷ

262 3059 394 3133 πυρὶ
434 3062 515 3131 τῷ
563 3052 872 3131 κολαστικῷ
928 3055 1308 3133 παραδίδοται,
1366 3057 1453 3114 ἐπὶ
1503 3055 1775 3135 εὐεργεσίᾳ
1813 3064 1913 3129 τῆς

260 3151 470 3223 ψυχῆς,
528 3147 666 3202 καθὰ
715 3148 806 3202 καὶ
861 3148 889 3202 ὁ
942 3148 1147 3222 Κύριος
1206 3147 1514 3226 ὑποφαίνει,
1565 3144 1761 3221 λέγων·
1799 3147 1911 3220 Πῦρ

259 3233 437 3304 ἦλθον
494 3229 688 3291 ϐαλεῖν
747 3234 834 3291 ἐπὶ
883 3237 983 3306 τήν
1061 3244 1188 3312 γῆν,
1247 3237 1336 3291 καὶ
1391 3232 1593 3306 ἤθελον
1674 3233 1808 3291 ἲδεῖν
1867 3233 1917 3291 εἲ

253 3322 369 3396 ἤδη
402 3324 617 3402 ἀνήφθη
671 3326 804 3397 (61)’
836 3325 943 3380 Καὶ
994 3321 1138 3380 ἔσται
1190 3326 1218 3381 6
1277 3325 1410 3388 λαὸς
1465 3325 1538 3387 ὡς
1589 3325 1690 3380 ὑπὸ
1741 3325 1910 3401 πυρὸς

254 3412 726 3487 κατακεκαυμένος
806 3411 1092 3491 ἅνθρωπος
1123 3459 1136 3472 .
1208 3415 1323 3473 Οὐκ
1378 3413 1679 3491 ἀφανισμὸν
1739 3414 1904 3470 ἀπει-

255 3503 366 3572 λεῖ,
401 3500 552 3557 ἀλλὰ
578 3503 677 3571 τὴν
709 3503 964 3577 κάθαρσιν
999 3504 1299 3582 ὑποφαίνει,
1349 3504 1484 3559 κατὰ
1534 3502 1599 3559 τὰ
1654 3503 1801 3579 παρὰ
1826 3507 1906 3576 τῷ

260 3590 596 3664 Ἀποστόλῳ
648 3590 973 3665 εἰρημένον,
1033 3593 1114 3647 ὅτι
1171 3589 1246 3651 Ei’
1294 3613 1439 3655 τινος
1483 3592 1546 3648 τὸ
1598 3589 1753 3667 ἔργον
1808 3612 1905 3646 κα-

252 3682 610 3752 τακαήσεται,
717 3682 1145 3753 ζημιωθήσεταν
1250 3680 1405 3743 αὐτὸς
1508 3678 1565 3736 δὶ
1664 3683 1905 3752 σωθήσε-

252 3791 368 3843 ται,
398 3782 573 3831 ουτως
628 3766 688 3823 δὲ
712 3772 824 3842 (62)
880 3770 956 3833 ὡς
1013 3767 1102 3824 διὰ
1157 3771 1348 3846 πυρός.
1390 3771 1520 3827 Εἶτα
1570 3771 1668 3838 τὴν
1712 3768 1902 3824 κακίαν

246 3861 353 3929 τήν
386 3859 440 3914 ἐν
486 3863 568 3930 τῷ
600 3856 739 3930 λαῷ,
793 3858 881 3913 καὶ
940 3859 1037 3927 τὴν
1092 3857 1273 3913 στάσιν
1323 3861 1422 3930 τὴν
1456 3859 1508 3914 ἰν
1558 3860 1745 3920 αὐτοῖς
1775 3859 1904 3913 ἀκα-

241 3949 557 4004 τάπαυστον
589 3944 723 4018 ἤδη,
753 3946 843 4002 καὶ
886 3946 1169 4010 παντελῶς
1218 3948 1292 4010 εἰς
1337 3949 1400 4003 τὸ
1432 3947 1644 4004 ἀνίατον
1676 3966 1906 4022 προχω-

242 4040 495 4114 ρήσασαν
553 4033 833 4114 διαγράφει
868 4080 880 4095 ,
938 4038 1259 4113 ’Ἄνθρωπος
1331 4037 1431 4112 γὰρ
1504 4037 1596 4092 τὸν
1672 4033 1904 4114 ἀδελφὸν

246 4125 469 4196 ἐαυτοῦ,
549 4127 738 4202 φησὶν,
819 4125 918 4181 οὐκ
990 4123 1204 4197 ἐλεήσει
1276 4122 1525 4188 ἕκαστος’
1579 4127 1711 4198 (63)·
1760 4122 1907 4180 ἀλλὰ

244 4215 554 4291 προσιόντα
614 4213 703 4270 ἐπὶ
756 4214 820 4270 τό
874 4235 1021 4278 τινος
1073 4218 1263 4290 τυχεῖν
1288 4213 1663 4287 ἀντιλήψεως,
1719 4210 1906 4268 ἑκκλι·

2036 569 2395 626 devorabitur
2438 572 2505 627 ab
2557 572 2706 643 igne,
2755 575 2806 627 et
2853 571 3184 628 accendeiur
3209 574 3271 628 in
3316 573 3680 634 densitatibus

2032 660 2223 715 saltus.
2257 659 2523 724 Quandiu
2576 662 2823 717 terrenis
2853 660 3274 734 cupiditatibus
3305 663 3476 735 quasi
3523 668 3680 723 terra

2034 754 2272 821 aggesta
2303 749 2656 821 opprimitur
2685 751 2941 818 animus,
2969 751 3290 809 turbulenti
3322 754 3451 825 ejus
3482 763 3678 813 motus

2031 854 2099 893 ex
2128 838 2320 894 carnis
2352 837 2674 910 petulantia
2704 844 3092 913 emergentes,
3117 845 3401 914 tanquam
3430 859 3675 916 gramen

2031 931 2299 999 serpunt,
2320 943 2453 982 cum
2486 926 2583 983 alii
2609 928 2679 983 ab
2710 927 2842 985 aliis
2867 929 3125 986 habeant
3150 934 3365 1001 ortum,
3388 935 3443 987 et
3475 932 3573 988 alii
3605 949 3676 991 ex

2028 1013 2160 1071 aliis
2191 1014 2527 1088 gignantur.
2552 1015 3056 1079 Quemadmodum
3089 1018 3244 1074 enim
3278 1019 3428 1076 inter
3456 1020 3672 1080 herbas

2027 1120 2267 1176 gramen
2292 1109 2381 1159 est
2407 1104 2915 1175 fecundissimum,
2939 1122 3045 1162 nec
3065 1124 3312 1179 usquam
3337 1109 3512 1167 ﬁnem
3534 1111 3672 1167 facit

2004 1192 2325 1265 gignendi,
2350 1193 2450 1249 sed
2485 1193 2617 1249 ﬁnis
2644 1198 2807 1251 ortus
2840 1196 3049 1268 prioris
3078 1212 3310 1268 semper
3340 1197 3571 1255 initium
3605 1201 3672 1258 ﬁt

2025 1280 2366 1354 posterioris
2385 1299 2397 1337 :
2418 1282 2707 1353 ejusmodi
2726 1289 2815 1339 est
2836 1285 3008 1340 etiam
3031 1291 3404 1357 peccatorum
3428 1292 3669 1358 natura;

2026 1369 2152 1441 ipsa
2181 1369 2293 1425 sibi
2339 1370 2618 1426 succedit.
2653 1376 2717 1428 Et
2750 1373 2985 1444 quidem
3034 1377 3303 1445 stuprum
3350 1379 3548 1447 stupro
3577 1377 3671 1450 gi-

2024 1457 2310 1531 gnitur,et
2327 1458 2644 1515 mentiendi
2662 1461 3023 1516 consuetudo
3042 1466 3228 1517 mater
3242 1462 3494 1519 efﬁcitur
3514 1482 3671 1523 men-

2026 1548 2201 1617 dacii,
2224 1551 2282 1604 et
2311 1548 2584 1621 quisquis
2613 1566 2741 1606 sese
2760 1552 3016 1607 exercuit
3037 1552 3109 1607 ad
3141 1552 3478 1623 furandum,
3504 1554 3672 1612 facile

2025 1636 2084 1692 id
2135 1636 2341 1709 flagitii
2395 1643 2609 1710 patrat.
2640 1642 2787 1694 Nam
2819 1639 2975 1710 quod
3024 1641 3669 1713 praeceditpeccatum,

2025 1725 2305 1798 peccandi
2338 1726 2404 1781 ﬁt
2433 1726 2681 1783 occasio.
2720 1728 2921 1800 Itaque
2959 1728 3011 1783 si
3050 1733 3353 1800 peccatum
3383 1730 3541 1788 554
3569 1732 3670 1788 de-

2024 1814 2339 1869 texerimus
2380 1831 2482 1887 per
2523 1815 3307 1895 confessionem,\eﬁ‘ecimus
3338 1817 3534 1891 ipsum
3562 1835 3666 1876 ceu

2024 1918 2266 1975 gramen
2288 1903 2543 1972 aridum,
2565 1908 2623 1960 et
2643 1904 2909 1978 dignum,
2934 1905 3087 1977 quod
3121 1907 3192 1962 ab
3223 1907 3353 1978 igne
3382 1912 3669 1980 purgante

2026 1990 2352 2047 devoretur.
2378 1991 2661 2062 Iniquitas
2691 1997 2885 2049 autem
2918 1994 3295 2051 succenditur
3322 1995 3382 2051 in
3408 1996 3670 2054 densita-

2022 2078 2182 2136 tibus
2210 2079 2416 2137 saltus.
2451 2080 2703 2137 Observa
2733 2098 2859 2153 quas
2891 2081 3048 2138 dicta
3077 2087 3217 2138 sunt
3243 2083 3303 2139 in
3333 2085 3524 2156 primo
3558 2087 3670 2142 Re-

2023 2183 2275 2241 gnorum
2306 2168 2455 2225 libro
2500 2170 2569 2226 de
2615 2168 2789 2226 saltu.
2825 2170 3083 2242 Populus
3129 2171 3282 2228 bello
3311 2177 3548 2230 vexatus
3578 2176 3668 2230 in-

2023 2273 2261 2328 gressus
2290 2261 2375 2314 est
2406 2256 2633 2325 silvam,
2668 2258 2946 2331 nulloque
2972 2264 3181 2332 pastus
3212 2261 3340 2319 cibo
3369 2262 3579 2319 defecit
3600 2263 3669 2319 ⁴².

2021 2346 2132 2401 Sed
2163 2350 2220 2402 et
2245 2344 2499 2403 Absalon
2548 2351 2918 2419 oppugnatus
2957 2346 3018 2403 in
3058 2348 3277 2404 saltum
3323 2348 3585 2407 introivit
3603 2350 3667 2407 ¹’⁸.

2024 2434 2271 2491 Proinde
2301 2436 2416 2492 nisi
2459 2439 2763 2507 peccatum
2813 2440 3083 2493 nostrum
3118 2436 3220 2493 ﬁat
3249 2438 3399 2494 sicut
3426 2455 3671 2512 gramen

2024 2524 2277 2594 aridum,
2312 2541 2425 2580 non
2454 2524 2828 2581 devorabitur
2852 2525 2926 2581 ab
2957 2526 3114 2599 igne,
3134 2543 3323 2599 neque
3353 2530 3672 2586 succende-

2022 2616 2139 2668 tur.
2196 2610 2393 2668 Saltus
2450 2615 2647 2669 autem
2708 2613 3031 2670 densitates
3077 2619 3243 2671 vocat
3297 2632 3418 2683 eos,
3451 2615 3669 2687 quibus

2022 2702 2305 2759 subdolus
2336 2702 2572 2759 animus
2602 2707 2691 2759 est
2718 2707 2776 2759 et.
2804 2706 2994 2760 tectus
3028 2721 3041 2760 :
3077 2705 3178 2776 qui
3210 2705 3267 2760 in
3300 2721 3513 2763 arcano
3541 2723 3667 2763 cor-

2021 2791 2115 2847 dis
2144 2791 2236 2847 sui
2268 2807 2501 2848 recessu
2532 2792 2689 2848 mala
2717 2791 2973 2869 plurima
3004 2793 3283 2849 detinent.

2090 2881 2216 2935 231.
2243 2883 2451 2937 Postea
2474 2880 2605 2951 subj
2615 2881 2783 2953 ungit
2803 2880 2999 2952 (Vens.
3027 2882 3109 2952 19)
3138 2899 3151 2938 :
3173 2884 3402 2955 Propter
3422 2886 3669 2956 furorem

2021 2972 2121 3025 irae
2151 2970 2373 3024 Domini
2416 2969 2699 3025 combusta
2744 2972 2823 3025 est
2868 2977 2980 3026 tota
3026 2974 3195 3027 terra.
3252 2971 3517 3029 Declarat
3546 2973 3671 3031 vice

2019 3057 2286 3115 beneﬁcii
2314 3057 2373 3112 in
2406 3056 2660 3114 animam
2710 3058 3068 3128 conferendi,
3103 3064 3336 3118 terrena
3383 3061 3505 3135 igni
3535 3063 3669 3119 vin-

2024 3147 2139 3203 dici
2169 3146 2342 3213 tradi,
2377 3146 2876 3219 quemadmodum
2904 3152 2963 3204 et
2994 3149 3279 3206 Dominus
3310 3150 3550 3220 iudicat,
3584 3152 3670 3207 di-

2025 3253 2163 3293 cens
2197 3252 2211 3292 :
2242 3237 2430 3306 Ignem
2486 3237 2610 3292 veni
2658 3237 2878 3293 mittere
2935 3239 2994 3293 in
3045 3241 3257 3295 terram
3279 3241 3369 3295 ιιι
3412 3244 3470 3296 et
3514 3238 3671 3296 volui

2020 3325 2217 3381 videre
2267 3323 2315 3381 si
2357 3325 2484 3396 jam
2516 3340 2799 3381 accensus
2831 3330 2939 3382 est.
2975 3328 3036 3382 Et
3084 3327 3190 3384 erit
3237 3329 3472 3400 populus
3527 3330 3672 3384 sicut

2022 3414 2177 3471 homo
2216 3415 2284 3470 ab
2327 3416 2458 3486 igne
2506 3419 2753 3471 exustus.
2785 3415 2913 3471 Non
2962 3416 3202 3472 exitium
3250 3417 3665 3488 comminatur,

2015 3504 2115 3559 sed
2148 3502 2346 3559 innuit
2375 3503 2855 3574 expurgationem
2889 3504 3057 3574 juxta
3093 3503 3353 3576 Apostoli
3387 3504 3609 3561 dictum
3646 3521 3661 3560 :

2014 3589 2074 3645 Si
2122 3591 2280 3661 cujus
2336 3605 2475 3661 opus
2529 3589 2751 3656 arserit,
2780 3589 3173 3646 detrimentum
3222 3590 3465 3661 patietur
3491 3607 3510 3646 :
3541 3592 3663 3663 ipse

2011 3684 2198 3735 autem
2252 3679 2435 3734 salvus
2490 3678 2617 3744 erit,
2667 3678 2747 3734 sic
2802 3686 2986 3733 tamen
3041 3678 3203 3749 quasi
3252 3694 3354 3748 per
3409 3680 3658 3750 ignem“

2012 3769 2165 3825 Tum
2194 3768 2432 3822 demum
2466 3766 2663 3838 populi
2698 3766 3005 3836 malitiam,
3033 3767 3279 3838 ejusque
3308 3766 3655 3824 seditionem

2012 3856 2293 3929 depingit,
2319 3872 2445 3927 quas
2477 3855 2706 3910 nullum
2730 3856 2856 3925 jam
2891 3855 3063 3909 ﬁnem
3096 3854 3288 3926 habet,
3312 3871 3496 3926 eoque
3525 3872 3655 3927 pro-

2010 3949 2177 4001 vecta
2206 3948 2313 4013 est,
2350 3948 2413 3999 ut
2444 3943 2675 3999 nullum
2706 3943 2947 3998 omnino
2993 3943 3313 3998 remedium
3351 3944 3648 4000 admittat.

2013 4034 2191 4090 Vens.
2213 4034 2303 4088 20.
2331 4033 2499 4087 Homo
2526 4030 2705 4099 enim,
2737 4030 2951 4102 inquit,
2981 4030 3178 4102 fratris
3205 4030 3296 4086 sui
3335 4047 3446 4087 non
3486 4046 3654 4087 mise-

2014 4123 2232 4179 rebitur
2262 4119 2669 4192 unusquisque
2701 4135 2715 4176 :
2748 4118 2839 4174 sed
2882 4134 3041 4187 eum,
3071 4119 3173 4190 qui
3217 4119 3290 4174 ad
3320 4118 3656 4175 subsidium

2015 4210 2253 4284 aliquod
2276 4207 2663 4265 obtinendum
2687 4206 3242 4276 accedit,declina6it
3255 4208 3330 4263 ad
3343 4208 3657 4276 dexteram,

325 4378 608 4452 "IReg.
637 4394 754 4449 xiv,
782 4378 876 4434 26.
955 4378 1075 4434 u11
1104 4377 1243 4451 Reg.
1276 4392 1437 4444 xvm,
1464 4350 1584 4431 θέο.
1660 4373 2130 4441 “Luc.xn,49.
2207 4370 2458 4427 “ICor.
2492 4369 2696 4439 "1,15.

328 4538 447 4610 (57)
477 4536 653 4610 Editi,
681 4534 967 4610 γενόμενα.
1001 4540 1089 4610 At
1103 4552 1203 4610 sex
1228 4552 1393 4600 mss.,
1424 4533 1756 4610 γεννῶμενα·

333 4603 452 4683 (58)
484 4609 575 4683 ita
613 4603 758 4683 mea.
790 4603 1016 4683 omnes.
1050 4608 1199 4663 Editi
1246 4623 1400 4683 vero,
1428 4603 1530 4683 τοῦ
1568 4603 1915 4683 ἁμαρτάνειν.

258 4677 392 4752 mi,
424 4677 555 4735 Ἐὰν
586 4677 679 4731 οὖν
708 4679 1108 4764 γυμνώσωμεν,
1140 4684 1274 4750 etc.,
1306 4680 1370 4735 Si
1415 4680 1592 4805 igitur:
1636 4677 1914 4759 detexeri-

262 4770 387 4805 mus
428 4768 530 4805 per
564 4754 977 4805 confessionem.
1009 4755 1145 4805 etc..
1178 4754 1383 4805 notatu
1470 4764 1780 4805 umwsnma
1820 4749 1914 4805 lu-

262 4749 387 4809 mus
423 4768 530 4825 per
564 4749 1145 4822 confessionem,'etc.,
1178 4754 1383 4807 notatu
1429 4749 1780 4822 dignissima
1818 4749 1917 4873 Lu-

263 4825 559 4881 dicamus.
619 4825 735 4879 Nec
798 4824 959 4879 enim
1014 4821 1266 4878 multum
1328 4821 1502 4878 refert
1569 4825 1764 4875 utrum
1869 4834 1920 4874 te

263 4894 746 4953 Gommentariue
776 4893 975 4950 Basilii
1024 4894 1124 4956 sit,
1157 4910 1229 4950 an
1278 4908 1425 4958 non;
1475 4907 1606 4948 cum
1662 4892 1732 4947 ad
1784 4906 1922 4962 pro-

260 4969 538 5025 bandum
567 4967 957 5023 confessionis
987 4981 1162 5022 usum
1213 4964 1357 5020 satis
1405 4963 1500 5034 sit,
1535 4962 1584 5017 si
1617 4962 1725 5018 hoc
1773 4978 1923 5033 opus

266 5037 766 5120 antiquissimum
823 5054 955 5094 esse
1007 5041 1259 5120 constet.
1316 5034 1468 5092 Satis
1522 5039 1721 5116 autem
1774 5034 1926 5120 inter

265 5104 708 5181 eruditissimos
755 5124 1025 5181 quosque
1074 5105 1699 5181 hominesconvenire
1737 5104 1925 5181 video,

267 5182 447 5252 illud,
498 5180 549 5237 si
607 5196 724 5236 non
771 5177 807 5236 ξι
851 5177 1088 5252 Basilio,
1122 5182 1199 5252 at
1252 5177 1451 5252 Basilii
1506 5181 1703 5234 tamen
1760 5180 1929 5232 astate

266 5250 671 5323 compositum
706 5252 906 5323 fuisse.
939 5250 1541 5323 Lege‘Prsefationem.

442 5329 464 5400 )
493 5323 669 5400 Editi,
701 5322 791 5400 uel
816 5321 897 5400 iv.
930 5319 1270 5400 copulauat
1298 5322 1357 5377 in
1388 5337 1536 5400 mss.
1566 5319 1749 5375 deest.
1826 5391 1836 5400 _
1881 5388 1894 5400 α

366 5327 464 5393 59)
493 5327 669 5389 Editi,
701 5327 791 5376 καὶ
823 5327 897 5379 ἰν.
930 5327 1151 5395 Copula
1179 5327 1270 5375 καί
1298 5327 1357 5377 in
1388 5337 1530 5377 mss.
1566 5327 1749 5375 deest.

342 5327 462 5469 (60)
495 5393 674 5469 Editi,
706 5392 885 5449 Ἀλλᾶ
910 5395 998 5449 καὶ
1032 5394 1080 5449 ὁ.
1104 5396 1176 5449 Αι
1202 5393 1297 5449 hic
1327 5391 1614 5450 articulus
1647 5408 1681 5447 a
1710 5388 1931 5445 nostris

275 5465 381 5527 sex
409 5465 559 5523 mes.
587 5465 775 5523 abest.

348 5539 467 5610 (61)
497 5537 605 5594 Hic
624 5537 790 5610 inter
812 5554 890 5610 se
918 5536 1212 5610 dissident
1248 5534 1405 5610 editi
1418 5538 1477 5590 et
1504 5549 1650 5610 mss.
1683 5536 1763 5610 et_
1769 5546 1936 5610 sacer

281 5601 499 5667 uitus.
531 5608 709 5677 Editi,
738 5607 829 5677 καὶ
877 5607 930 5663 τί
977 5603 1183 5677 ἤθελον
1241 5605 1287 5659 εί
1337 5601 1446 5675 ἤδη
1508 5602 1675 5673 ἐκάης
1721 5606 1934 5677 Textue

287 5642 685 5750 ἴεὶὶῚ-Ῡκῖἴϊῖ
694 5642 853 5742 ’θέῖῷ
877 5642 929 5735 ἒξ
954 5642 1311 5757 ιξὲέζῖᾷὶφὸᾖ
1327 5642 1677 5749 ς’Ἑᾏαὲιὲιᾜέζ
1708 5642 1936 5747 ἐιᾝίἑᾶ

563 5810 839 5876 Pauca.
884 5810 997 5876 (in.
1035 5808 1226 5873 XXX.

1946 4539 1993 4604 Β
2023 4530 2392 4604 volo‘sijant
2437 4544 2696 4604 accensus
2725 4531 2842 4585 est?
2873 4532 3009 4604 Reg.
3043 4529 3292 4604 primus,
3323 4526 3413 4604 nui
3434 4603 3439 4604 γ
3461 4525 3663 4598 ἤθελον

2028 4600 2078 4655 εἷ’
2104 4598 2213 4670 ἤδη
2248 4595 2458 4673 δίεκάηλ.
2485 4601 2645 4673 Qolb.
2669 4595 2977 4673 secundus
3003 4595 3309 4673 crumiﬂeg'.
3342 4595 3545 4658 itidem
3577 4619 3669 4659 se-

2026 4668 2241 4737 cundo,
2271 4671 2362 4725 καὶ
2409 4670 2608 4747 ἤθελον
2640 4669 2685 4724 εἰ
2715 4668 2825 4739 ἤδη
2874 4669 3110 4747 ἀνήφθη.
3146 4672 3208 4747 In
3255 4668 3389 4747 aliis
3439 4675 3671 4747 duobus

2029 4762 2172 4819 mss.
2206 4748 2373 4819 deest
2429 4744 2481 4797 τι
2518 4760 2819 4819 _qu_oque_:
2865 4747 2964 4798 sed
2994 4742 3127 4819 'pro
3180 4742 3394 4819 ἀνήφθη
3455 4745 3676 4819 habent

2028 4815 2184 4887 ἒκάη.
2218 4814 2479 4887 Denique
2508 4814 2942 4887 Golb.‘_primus
2994 4814 3225 4887 optimae
3277 4814 3424 4872 nota!
3473 4818 3675 4887 codex,

2030 4888 2119 4941 καὶ
2144 4882 2343 4955 ἤθεικον
2377 4882 2511 4940 ἴδεῖν
2558 4885 2601 4940 εί
2650 4882 2757 4954 ἤδη
2791 4885 2889 4955 ἆνή
2941 4882 3127 4957 (tm-Et
3172 4887 3325 4942 volui
3368 4887 3552 4944 videre
3599 4882 3677 4945 ait

2030 4964 2104 5011 sit
2149 4962 2263 5011 iam
2289 4974 2567 5011 accensus.
2600 4957 2871 5011 Vulgata.
2900 4906 2965 5011 ἷι
2994 4958 3126 5011 auid
3155 4958 3271 5011 volo
3317 4960 3433 5011 nisi
3482 4964 3542 5011 ut
3586 4977 3677 5011 ae-

2030 4964 2104 5015 sit
2141 4962 2263 5031 jam
2289 4974 2567 5015 accensus.
2600 4957 2871 5030 Vulgata,
2904 4957 2965 5011 Et
2994 4958 3126 5027 quid
3155 4958 3271 5013 volo
3317 4960 3433 5016 nisi
3482 4964 3542 5016 ut
3586 4977 3679 5017 ac-

2032 5030 2335 5088 cendaiur?

2105 5102 2215 5170 (62)
2248 5102 2334 5156 Ita
2366 5100 2545 5156 nostri
2584 5116 2683 5156 sex
2718 5116 2860 5155 mss.
2893 5100 3072 5154 Abest
3102 5094 3158 5151 δὲ
3185 5099 3256 5154 ab
3285 5100 3535 5170 excusis.

2127 5103 2215 5170 62)
2248 5102 2334 5156 Ita
2366 5102 2545 5156 nostri
2584 5116 2683 5156 sex
2718 5116 2860 5155 mss.
2893 5102 3072 5154 Abest
3102 5102 3158 5151 δὲ
3185 5102 3256 5154 ab
3285 5102 3535 5158 excusis.

2105 5102 2219 5245 (63)
2253 5171 2496 5244 Antiqui
2544 5176 2662 5228 tres
2710 5171 2843 5245 libri
2890 5187 3024 5245 cum
3069 5170 3261 5235 editis,
3294 5167 3508 5245 ὶλεήσει
3543 5163 3680 5245 Δἰκα-

2039 5240 2185 5305 στος.
2213 5244 2334 5299 Vox
2365 5240 2573 5299 ultima
2602 5244 2660 5298 in
2696 5243 2829 5298 aliis
2871 5242 3061 5297 tribus
3110 5258 3253 5297 mss.
3287 5259 3403 5297 non
3442 5240 3681 5312 legitur.

2040 5331 2230 5363 ne.an
2271 5316 2425 5363 amid
2478 5315 2637 5363 LXX-
2672 5314 2892 5363 Ibidem
2958 5330 3100 5363 mss.
3157 5312 3447 5363 nonnulli.
3481 5309 3567 5363 ἰπὶ
3593 5307 3681 5363 τό.

2040 5331 2230 5400 neque
2268 5316 2426 5398 apud
2478 5314 2893 5400 LXX.~Ibidem
2958 5330 3100 5368 mss.
3144 5312 3447 5396 nonnulli,
3481 5310 3681 5394 ὶῖιιίτόε

2040 5388 2151 5470 Ain
2181 5389 2445 5470 quidam,
2478 5383 2565 5440 ἐπὶ
2594 5407 2693 5470 τερ.
2717 5387 2950 5470 ‘R'ursus
2995 5386 3103 5470 boc
3126 5402 3268 5470 ipso
3283 5402 3357 5470 in
3388 5383 3510 5470 loco
3541 5380 3685 5470 editi

2042 5466 2100 5515 et
2130 5453 2387 5530 quinque
2419 5453 2875 5541 ωδεεὲκκλίγει,
2903 5453 3253 5539 άεεὶίηαι.’ᾼι
3283 5456 3419 5527 Reg.
3454 5453 3684 5510 tertius.

2043 5528 2301 5600 ἰκκλινεῖ,
2322 5531 2659 5593 declinabit;
2690 5533 2747 5585 et
2773 5534 2854 5584 ita
2875 5542 3104 5598 quoque
3129 5527 3354 5584 editum
3375 5527 3529 5598 apud
3552 5522 3690 5581 LXX

2044 5602 2398 5662 invenimus.

3341 5800 3414 5865 Π
