4118 6220
444 390 561 449 523

1389 383 1776 441 Al’PliNDlX
1829 373 2149 442 OPERUM
2199 383 2260 440 s.
2309 381 2592 442 BASlLll
2638 382 2912 442 MAGNI.

3732 379 3862 440 524

448 521 556 577 hoc
594 523 701 585 est,
735 517 800 573 ﬁt
838 515 1166 572 inurbanus
1199 529 1210 568 :
1247 515 1393 585 Quia
1441 515 1643 569 esuriet
1691 522 1742 569 et
1787 512 2024 569 comedet
2053 531 2087 568 ιι

2202 517 2279 566 νεῖ
2338 511 2416 574 εἷς
2471 512 2538 567 τά
2595 510 2759 584 δεξιὰ,
2809 511 3122 581 τουτέστιν,
3182 508 3388 581 ἀδέξιος
3445 512 3558 584 (64)
3616 511 3854 585 γίνεται·

447 609 691 665 sinistris
721 607 853 661 suis.
880 604 934 660 Is
955 604 1111 660 enim
1143 602 1312 674 cujus
1345 603 1494 656 facta
1525 618 1638 658 non
1661 606 1802 657 sunt
1833 602 2088 670 dextera,

451 711 640 767 neque
669 694 840 750 laude
871 709 936 748 ac
968 691 1476 748 commendatione
1505 690 1703 762 digna,
1738 692 1912 747 rebus
1946 690 2086 745 sini-

452 783 588 840 stris
638 786 694 838 et
740 782 931 838 vetitis
961 780 1358 836 exsatiabitur.
1392 779 1536 844 Quid
1589 779 1768 851 igitur
1809 779 1920 835 sibi
1955 778 2093 835 velit

450 873 618 940 illud,
652 874 890 927 comedet
920 888 954 925 a
982 871 1222 925 sinistris
1244 870 1382 936 suis,
1402 869 1821 940 interpretatur
1850 867 2094 940 prophe-

452 965 527 1017 ta.
562 965 625 1018 Et
654 977 760 1016 non
810 959 1171 1021 saturabitur,
1203 957 1416 1028 inquit,
1448 957 1603 1012 homo
1641 957 1923 1013 comedens
1969 974 2090 1012 car-

450 1066 546 1106 nes
580 1049 794 1104 brachii
839 1050 946 1103 sui.
976 1045 1246 1101 Ferinum
1280 1046 1592 1116 quemdam
1643 1045 1823 1101 animi
1871 1050 2091 1102 statum

451 1137 726 1208 ostendit,
758 1153 892 1192 cum
951 1139 1148 1191 narrat
1204 1136 1324 1191 fore
1381 1140 1444 1189 ut
1502 1135 1708 1190 fratres
1761 1152 1824 1192 se
1883 1141 2090 1191 mutuo

449 1232 674 1296 vorent,
707 1231 882 1298 atque
912 1225 972 1280 in
1021 1240 1083 1281 se
1128 1225 1376 1280 invicem
1428 1225 1742 1280 crudeliter
1789 1225 2088 1282 invadant.

450 1317 623 1372 Vens.
655 1316 746 1371 21.
796 1314 1044 1372 Comedet
1103 1316 1250 1369 enim
1308 1318 1612 1370 Manassem
1670 1314 1935 1385 Ephraim
1976 1332 1994 1370 :
2042 1317 2092 1371 et

451 1405 719 1478 Ephraim
746 1403 1040 1460 Manasses.
1069 1403 1377 1458 Enimvero
1421 1401 1646 1459 malitia
1675 1419 1772 1460 eos
1804 1403 2094 1460 immanes

451 1494 646 1551 reddit
675 1497 731 1550 et
758 1493 1138 1558 inhumanos,
1161 1495 1336 1563 atque
1367 1492 1527 1564 ipsos
1557 1491 1692 1548 feris
1713 1494 1892 1549 cruda
1922 1511 2096 1551 carne

451 1583 825 1639 vescentibus
869 1581 1048 1638 efﬁcit
1099 1579 1412 1652 assimiles,
1447 1597 1578 1637 cum
1636 1582 2097 1641 insaturabiliter

456 1687 660 1728 carnes
703 1669 927 1727 brachii
973 1669 1213 1726 alterius
1256 1670 1566 1726 comedent
1598 1687 1611 1726 :
1645 1687 1896 1742 quorum
1937 1673 2093 1740 ﬁnis,

454 1759 684 1833 integra
739 1759 989 1832 perditio
1020 1762 1110 1814 est
1155 1763 1212 1814 et
1259 1757 1557 1827 absoluta;
1609 1760 1780 1831 juxta
1835 1761 2096 1833 Apostoli

457 1849 714 1906 dictum:
741 1848 891 1917 Quod
917 1849 971 1904 si
997 1847 1231 1903 invicem
1269 1848 1534 1904 mordetis
1576 1852 1628 1903 et
1672 1851 1981 1919 comedetis,
2015 1852 2094 1906 vi-

455 1939 580 1994 dete
631 1953 702 1993 ne
756 1936 833 1994 ad
878 1938 1110 1993 invicem
1155 1938 1568 1993 consumamini
1585 1937 1648 1992 ‘°.
1681 1938 1963 1995 Eumdem
2022 1939 2094 1995 ad

456 2028 694 2084 modum
715 2025 812 2081 isti
834 2041 970 2098 erga
991 2043 1052 2082 se
1076 2024 1368 2082 hostiliter
1386 2024 1644 2096 alioquin
1670 2027 1877 2097 aﬂ‘ecti,
1898 2033 2093 2085 tamen

454 2116 526 2172 ad
560 2114 940 2172 instruendae
969 2114 1026 2169 in
1059 2113 1390 2184 proximum
1423 2113 1669 2170 insidias
1702 2115 1852 2172 inter
1881 2133 1942 2174 se
1966 2135 2096 2174 con-

452 2204 782 2277 spirabunt.
814 2202 909 2258 Ait
938 2202 1094 2258 enim
1128 2219 1141 2258 :
1175 2202 1353 2258 Simul
1390 2203 1710 2259 obsidebant
1757 2205 1982 2274 Iudam,
2033 2207 2093 2262 id

452 2296 560 2363 est,
593 2293 936 2349 conﬁtentes
968 2297 1100 2359 Deo,
1128 2298 1183 2348 et
1223 2308 1340 2360 eos,
1374 2292 1470 2364 qui
1501 2292 1561 2348 in
1591 2310 1657 2349 eo
1690 2295 1930 2352 colendo
1960 2313 2092 2367 per-

453 2386 737 2439 severant.
772 2382 956 2438 Judas
1007 2381 1184 2448 enim,
1219 2380 1268 2436 si
1315 2381 1733 2454 interpreteris,
1768 2390 1941 2440 sonat
1967 2401 2092 2440 con-

449 2473 762 2544 fessionem.
802 2471 1073 2526 Attamen
1126 2469 1330 2526 vitium
1384 2470 1615 2526 etiamsi
1676 2489 1875 2529 secum
1937 2474 2091 2531 haud

451 2560 799 2628 consentiat,
817 2558 1204 2614 nihilominus
1221 2560 1280 2613 in
1298 2559 1510 2614 virtute
1527 2561 1676 2618 555
1699 2565 2095 2636 oppugnanda

451 2664 804 2706 consensum
853 2647 1132 2719 aliquem,
1176 2647 1550 2720 aliquamque
1599 2651 2092 2723 conspirationem

451 2737 726 2795 ostendit.
760 2735 1021 2807 Exempli
1053 2751 1243 2801 causa,
1280 2735 1526 2791 audacia
1563 2741 1620 2792 et
1668 2739 1954 2797 timiditas
1985 2741 2091 2798 sibi

450 2825 698 2882 invicem
729 2825 1132 2892 adversantur,
1158 2840 1275 2880 una
1297 2824 1534 2896 quidem
1557 2828 1888 2900 excedente,
1912 2830 2094 2888 altera

448 2931 584 2972 vero
615 2913 920 2970 deficiente
955 2928 967 2969 :
1000 2913 1101 2970 sed
1151 2918 1347 2969 tamen
1400 2914 1725 2971 fortitudini
1782 2917 1842 2972 in
1902 2922 2092 2977 medio

447 3000 629 3058 stanti
667 2999 972 3074 aequaliter
1015 3006 1363 3074 repugnant,
1396 3003 1564 3074 quasi
1597 3003 1785 3076 ipsam
1817 3007 2092 3080 utrinque

448 3090 802 3147 obsidentes.
829 3089 1216 3158 Quamobrem
1247 3089 1523 3162 Ephraim
1547 3096 1602 3147 et
1623 3092 1921 3150 Manasses
1950 3096 2095 3154 alter

2199 602 2322 658 Ὅτι
2423 602 2659 656 πεινάσει
2754 599 2842 656 καὶ
2923 601 3145 679 φάγεται
3228 599 3288 655 ἑκ
3358 603 3467 654 τῶν
3545 599 3851 674 ἀριστερῶν

2199 688 2383 744 αὑτοῦ.
2417 691 2478 747 Ὁ
2507 690 2608 767 γὰρ
2667 690 2743 762 μὴ
2801 688 3158 764 ἐργαζόμενος
3215 687 3359 760 δεξιά
3411 691 3524 760 (65)
3570 687 3660 742 καὶ
3706 688 3855 741 ἄπο-

2201 774 2376 853 δοχῆς
2422 775 2560 852 ἀξια,
2618 779 2776 842 οὗτος
2825 776 3272 852 ἐμπλησθήσεται
3332 777 3390 832 ἰκ
3432 781 3540 831 τῶν
3594 777 3852 831 σκαιοτέη

2202 885 2308 941 ρων
2363 866 2452 921 καὶ
2506 867 2990 943 ἀπηγορευμένων.
3039 866 3098 920 Τί
3157 865 3248 921 οὖν
3291 865 3403 921 ἔστι
3459 866 3552 931 τὸ,
3604 866 3852 940 Φάγεται

2201 953 2262 1009 ἐκ
2313 959 2420 1009 τῶν
2480 956 2771 1030 ἀριστερῶν
2826 955 3025 1025 αὐτοῦ,
3105 955 3412 1031 έρμηνεύει.
3490 955 3589 1008 Καὶ
3641 952 3704 1009 οὐ
3769 955 3848 1027 μὴ

2200 1042 2496 1120 έμπλησθῇ
2530 1091 2543 1115 ,
2599 1045 2759 1123 φησὶν
2795 1089 2810 1115 ,
2871 1043 3153 1121 ἄνθρωπος
3227 1043 3419 1099 ἐσθίων
3496 1044 3593 1106 τὰς
3649 1045 3854 1116 σάρκας

2199 1137 2295 1188 τοῦ
2376 1133 2679 1211 Βραχίονος
2744 1135 2947 1192 αὑτοῦ.
3010 1131 3267 1210 Θηριώδη
3344 1135 3466 1189 τινὰ
3523 1134 3851 1188 κατάστασιν

2200 1226 2298 1288 τῆς
2345 1226 2531 1298 ψυχῆς
2591 1224 2891 1302 ὑποφαίνει,
2955 1221 3373 1302 ἀλληλοφαγίαν
3432 1227 3541 1278 τῶν
3597 1220 3851 1299 ἀδελφῶν

2202 1310 2584 1388 διηγούμενος,
2617 1313 2782 1387 ὠμῶς
2813 1307 3197 1369 ἱπιϐαιιιόντων
3408 1309 3704 1382 ἀλλήλοις.
3738 1312 3855 1365 Φά-

2199 1420 2348 1475 γεται
2415 1401 2519 1478 γὰρ
2594 1408 2880 1472 Μανασσῆς
2950 1405 3048 1457 τοῦ
3124 1398 3380 1480 Ἐφραίμ
3457 1399 3549 1456 καὶ
3609 1401 3858 1475 Ἑφραῒμ.

2202 1494 2298 1545 τοῦ
2357 1491 2644 1558 Μανασσῆ.
2699 1491 2978 1568 Ἐξαγριοῖ
3033 1490 3137 1567 γὰρ
3194 1489 3390 1553 αὐτοὺς
3443 1491 3480 1558 ἡ
3536 1487 3718 1556 κακία,
3761 1489 3852 1543 καὶ

2204 1579 2418 1656 θηρίοις
2477 1575 2796 1657 ὠμοϐόροις
2843 1585 2992 1635 ποιεῖ
3039 1580 3474 1655 παρεικάζεσθαι,
3531 1577 3631 1632 οὐκ
3685 1576 3855 1650 ἐμπι-

2203 1668 2518 1743 πλαμένους
2571 1673 2668 1724 τοῦ
2723 1667 2914 1724 ἐσθίειν
2972 1669 3077 1724 ἀπὸ
3133 1673 3242 1724 τῶν
3302 1671 3514 1743 σαρκῶν
3568 1671 3665 1722 τοῦ
3718 1667 3852 1743 βρα-

2204 1760 2397 1836 χίονος
2422 1762 2524 1814 τοῦ
2572 1756 2778 1835 ἐτέρου,
2831 1760 2904 1813 ὧν
2953 1759 3016 1814 τὸ
3065 1756 3226 1822 τέλος
3277 1756 3389 1813 lati
3439 1755 3710 1824 παντελὴς
3737 1757 3853 1828 (67)

2205 1847 2474 1916 ἀπώλεια,
2524 1849 2660 1903 κατὰ
2709 1849 2771 1903 τὸ
2827 1847 3114 1924 εἰρημένον
3179 1847 3282 1903 ὑπὸ
3329 1850 3426 1901 τοῦ
3486 1843 3854 1913 ’Λποστόλου,

2205 1937 2286 1993 ὅτι
2348 1937 2409 1994 Εἰ
2489 1935 2774 2008 ἀλλήλους
2828 1934 3046 1992 δάκνετε
3125 1937 3216 1990 καὶ
3293 1933 3597 1998 κατεσθίετε
3628 1980 3646 2006 ,
3731 1932 3854 2008 βλέ-

2203 2047 2328 2081 πετε
2363 2026 2436 2099 μὴ
2469 2023 2736 2097 ἀλλήλων
2793 2025 3148 2095 ἀναλωθῆτε.
3206 2023 3364 2082 Οὕτω
3430 2021 3487 2078 δὶ
3552 2023 3688 2100 πρὸς
3748 2022 3856 2078 ἀλ-

2205 2113 2413 2185 λήλους
2445 2112 2659 2189 ἐχθρῶς
2693 2111 3047 2187 διακείμενοι,
3081 2114 3234 2186 ὅμως
3261 2113 3311 2168 ἐν
3339 2116 3409 2187 τῇ
3439 2113 3575 2168 κατά
3611 2115 3706 2166 τοῦ

2203 2202 2440 2274 πλησίον
2501 2199 2770 2278 ἐπιϐουλῇ
2830 2203 3321 2280 συμφωνήσουσιν.
3378 2204 3531 2276 ’Ἅμα
3583 2201 3681 2275 γὰρ
3747 2221 3858 2254 πο-

2203 2291 2560 2367 λιορκήσουσι
2644 2293 2734 2347 τὸν
2813 2290 3042 2361 Ἰούδαν,
3147 2291 3300 2370 φησὶ,
3385 2290 3649 2361 τουτέστι,
3723 2288 3856 2351 τοὺς

2203 2379 2752 2456 ἰξομολογουμένους
2798 2386 2877 2454 τῷ
2907 2385 3042 2453 Θεῷ,
3091 2380 3180 2436 καὶ
3230 2380 3640 2456 παραμένοντας
3688 2377 3858 2434 αὑτοῦ

2201 2473 2269 2544 τῇ
2304 2469 2546 2545 λατρεία.
2585 2467 2790 2534 Ἰούδας
2837 2472 2940 2545 γὰρ
2989 2472 3024 2540 ἡ
3075 2468 3468 2545 ἐξομολόγησις
3520 2470 3629 2541 (69)
3677 2469 3855 2543 ἑρμη-

2201 2558 2410 2613 νεύεται
2445 2599 2458 2614 .
2519 2557 2672 2627 Ηλήν
2733 2562 2767 2629 ἡ
2826 2557 2987 2614 κακία
3061 2558 3197 2634 πρὸς
3272 2558 3464 2625 ἑαυτὴν
3520 2557 3856 2632 ἀσύμφωνος

2203 2647 2355 2716 οὖσα,
2404 2651 2472 2722 τῇ
2518 2649 2654 2723 πρὸς
2699 2649 2796 2716 τήν
2859 2648 3053 2722 ἂρετήν
3103 2648 3256 2723 μάχῃ
3317 2644 3676 2701 ἐπιδείκνυταί
3733 2665 3859 2700 τινα

2204 2737 2538 2815 συμφωνίαν.
2591 2739 2721 2795 Οἴον
2763 2736 3032 2811 θρασύτης
3082 2735 3170 2791 καὶ
3227 2733 3402 2790 δειλία
3451 2733 3731 2805 ἀλλήλαις
3762 2735 3859 2789 ἆν-

2199 2825 2480 2882 τίκεινται·
2532 2829 2566 2896 ἡ
2622 2827 2714 2900 μὶν
2759 2820 3037 2900 ὑπερϐολὴ
3089 2825 3451 2901 τυγχάνουσα,
3482 2827 3518 2894 ἡ
3569 2821 3628 2879 δὲ
3667 2819 3861 2879 ἔλλει-

2201 2919 2311 2989 ψις
2347 2913 2492 2971 ἀλλά
2518 2918 2586 2988 τῇ
2638 2913 2857 2990 ἀνδρείᾳ
2905 2914 2956 2968 ἐν
3017 2913 3162 2987 μέσῳ
3210 2914 3435 2987 κειμένῃ
3485 2912 3695 2986 ὁμοίως
3751 2914 3860 2985 μά-

2201 3024 2416 3080 χονται,
2477 3003 2642 3059 οἱονεὶ
2688 3001 3080 3079 πολιορκοῦσαι
3143 3002 3308 3073 αὐτὴν
3355 3002 3707 3076 ἑκατέρωθεν.
3759 3001 3863 3056 Διᾶ

2199 3095 2358 3151 τοῦτο
2387 3092 2626 3168 Ἐφραίμ
2675 3093 2766 3148 καὶ
2821 3098 3110 3164 Μανασσῆς
3166 3091 3359 3156 ἐσθίειν
3423 3093 3517 3166 μὶν
3579 3091 3857 3162 ἀλλήλων

448 3177 688 3236 alterius
731 3193 935 3235 carnes
993 3178 1292 3234 comedere
1341 3179 1576 3250 quidem
1621 3181 1945 3240 dicuntur:
1988 3187 2088 3242 sed

2203 3184 2296 3246 τὰς
2325 3181 2520 3258 σάρκας
2564 3181 2832 3256 λέγονται,
2892 3179 3209 3258 πολιορκεῖν
3265 3178 3323 3236 δὲ
3372 3182 3516 3256 ὁμοῦ
3568 3179 3866 3256 γενόμενοι

448 3265 714 3323 obsidere
743 3265 775 3322 J
783 3265 958 3322 udam
981 3269 1316 3336 narrantur,
1340 3271 1720 3340 posteaquam
1751 3270 1898 3329 alter
1927 3272 2088 3331 alteri

2202 3271 2294 3328 τὸν
2327 3251 2552 3331 Ἰούδαν,

450 3369 514 3412 se
540 3353 896 3426 adiunxerit.

1105 3548 1338 3606 CAPUT
1379 3549 1443 3607 Χ.

513 3637 639 3694 232.
666 3635 844 3692 Vens.
882 3636 993 3692 1-11.
1034 3643 1127 3694 Vw
1173 3640 1533 3697 scribentibus
1580 3643 1862 3701 malitiam
1898 3664 1917 3703 :
1958 3665 2092 3705 nam

437 3728 757 3796 scribentes,
800 3726 1084 3782 malitiam
1110 3727 1390 3796 scribunt,-
1440 3729 1774 3790 declinantes
1815 3735 2092 3806 judicium

437 3831 770 3889 pauperum.
805 3817 1076 3887 rapientes
1106 3815 1383 3888 judicium
1429 3821 1651 3892 inopum
1696 3825 1889 3896 populi
1938 3829 2093 3885 mei:

437 3907 521 3962 ita
576 3908 635 3961 ut
689 3905 762 3960 sit
819 3904 937 3960 illis
969 3904 1130 3960 vidua
1160 3907 1217 3961 in
1259 3910 1544 3979 rapinam,
1590 3913 1640 3967 et
1696 3914 1975 3984 orphanus
2033 3918 2090 3972 in

439 3992 820 4064 direptionem.
841 3993 906 4048 Et
934 3994 1073 4066 quid
1100 3993 1310 4065 facient
1341 3999 1398 4052 in
1430 3998 1521 4054 die
1549 4000 1928 4058 visitationis.’
1954 4005 2092 4062 Nam

437 4083 726 4141 tribulatio
783 4086 963 4139 vestra
1010 4099 1039 4139 e
1088 4083 1384 4156 longinquo
1444 4092 1636 4144 veniet.
1689 4094 1752 4147 Bt
1807 4093 1877 4146 ad
1934 4094 2092 4164 cujus

430 4171 764 4244 praesidium
811 4171 1181 4240 confugietis?
1227 4174 1290 4227 Et
1339 4175 1435 4228 ubi
1487 4177 1812 4248 relinquetis
1849 4181 2090 4250 gloriam

433 4268 694 4330 vestram,
717 4267 777 4314 ut
805 4274 914 4314 non
945 4259 1203 4315 incidatis
1236 4261 1293 4314 in
1325 4262 1744 4319 abductz’onem?
1774 4267 1838 4323 Et
1868 4270 1965 4324 sub
1997 4274 2090 4327 in-

433 4349 669 4417 terfectis
699 4346 938 4402 cadent:
970 4363 1135 4418 super
1184 4350 1437 4404 omnibus
1487 4351 1575 4405 his
1625 4370 1737 4407 non
1783 4373 1981 4414 aversa
2010 4371 2089 4417 εδι

432 4434 556 4498 ira;
585 4435 678 4492 sed
723 4434 901 4491 adhuc
945 4451 1144 4492 manus
1193 4438 1421 4493 excelsa.
1458 4438 1606 4495 Sunt
1657 4445 1948 4516 nonnulli,
1983 4450 2084 4522 qui

504 4560 549 4596 “
578 4558 703 4617 Gal.
734 4577 792 4630 v,
829 4561 915 4618 15.

650 4684 802 4773 Editi
831 4688 908 4773 let
935 4687 1242 4773 Irecentior
1288 4689 1620 4773 Combeilsii
1669 4699 1868 4773 codex,
1911 4694 2076 4771 ἄξιος,

435 4757 710 4880 pgzsime.
743 4756 1044 4815 Vetustior
1071 4761 1332 4832 ejusdem
1367 4766 1545 4822 codex
1583 4774 1640 4823 et
1677 4770 1772 4825 alii
1805 4756 2077 4846 quatuor;

531 4826 665 4898 ξιος,
701 4830 939 4898 optime.
992 4897 999 4898 ί

504 4847 665 4898 εξιος,
701 4847 939 4912 optime.

503 4899 831 4980 (b5).Ed1ti,A
869 4902 936 4980 τᾷ
983 4897 1356 4980 δεξιάηῡθεει
1400 4906 1462 4980 in
1513 4912 1730 4968 nostris
1789 4930 1888 4969 sex
1933 4931 2075 4972 mss.

431 4970 737 5056 articulus.
771 4974 984 5056 §tatim
1034 4970 1199 5046 editi,
1231 4980 1335 5030 τῶν
1387 4976 1868 5056 ἀπηγορευμένων.
1901 4970 2081 5043 Abest

429 5043 535 5095 τῶν
575 5043 646 5098 ab
675 5043 884 5101 iisdem
923 5061 1064 5101 mss.

505 5113 618 5186 (66)
653 5114 735 5172 Ita
792 5134 932 5174 mss.
977 5118 1162 5174 nostri
1223 5137 1446 5176 omnes.
1499 5123 1670 5195 Editi,
1723 5122 2078 5201 ἐπεμϐαινόν-

432 5201 822 5386 Ξζὲξέίιξάὴῇ
855 5259 888 5327 ἡ
921 5255 1214 5328 "andi"
1252 5266 1417 5319 Deest
1445 5263 1478 5331 ἡ
1515 5264 1572 5319 in
1609 5269 1825 5324 nostris
1857 5286 1957 5326 sex
1988 5287 2079 5328 co-

473 5330 904 5482 ιῗξῗςῗὲάὶιξηθι
958 5403 1072 5458 duo
1115 5420 1279 5470 mss.,
1313 5403 1448 5482 κατᾷ
1487 5407 1600 5463 τόν.
1654 5413 1786 5482 Reg.
1839 5411 2077 5481 tertius,

431 5471 567 5527 κατά
589 5475 706 5528 τοῦ.
743 5473 846 5528 Alii
882 5479 1000 5530 tres
1033 5491 1177 5531 mss.
1211 5474 1345 5529 κατά
1373 5480 1497 5532 τῶν.

501 5543 614 5620 (βΩ)
645 5543 816 5611 Editi,
848 5541 1242 5620 ἐξομολόγησις
1271 5547 1454 5604 αὐτοῦ.
1485 5550 1657 5606 Deest
1686 5551 1850 5606 αὐτοῦ
1881 5553 1937 5609 in
1972 5571 2074 5611 no-

432 5615 574 5698 stris
606 5633 707 5698 se;
738 5615 1247 5698 msanotan'dum
1282 5624 1666 5698 praetereatin
1697 5629 1834 5698 Reg.
1868 5643 2076 5683 secun-

431 5685 509 5766 ρο
539 5704 643 5764 pro
673 5687 1023 5762 ἑρμηνεύεται
1051 5685 1334 5768 scriptum
1370 5685 1626 5768 reperiri,
1653 5685 1886 5773 λέγεται.
1913 5698 2073 5756 Haud

2174 4915 2424 4987 judicia.
2481 4915 2646 4987 Apud

2761 3559 3174 3616 ΚΕΦΑΑΑῙΟΝ
3216 3557 3277 3617 l’.

2271 3650 2378 3706 232
2411 3692 2424 3705 .
2483 3646 2618 3704 Οὐαὶ
2688 3652 2804 3710 τοῖς
2859 3646 3123 3725 γράφουσι
3173 3645 3437 3722 πονηρίαν
3474 3666 3487 3681 ·
3553 3645 3862 3726 γράφοντες

2202 3736 2345 3812 γὰρ,
2448 3735 2712 3813 πονηρίαν
2816 3737 3110 3814 γράφουσιν
3145 3757 3156 3770 ·
3243 3735 3581 3801 ἐκκλίνοντες
3669 3737 3859 3812 κρίσιν

2201 3828 2440 3902 πτωχῶν
2476 3868 2490 3894 ,
2571 3825 2900 3901 ἁρπάζοντες
2978 3827 3094 3897 (70)
3167 3830 3344 3900 κρῖμα
3425 3827 3678 3897 πενήτων
3751 3831 3863 3881 τοῦ

2203 3913 2338 3970 λαοῦ
2370 3934 2475 3988 μου
2510 3932 2522 3945 ·
2580 3913 2719 3968 ὥστε
2804 3913 2939 3970 εἶναι
3018 3914 3205 3977 αὐτοῖς
3289 3917 3471 3991 χήραν
3522 3914 3598 3977 εἷς
3669 3913 3860 3990 ἁρπα-

2198 4003 2346 4079 γὴν,
2404 4002 2492 4058 καὶ
2552 4000 2783 4080 ὸριρανὸν
2863 4003 2935 4066 εἶς
3013 4005 3337 4079 προνομήν.
3399 4003 3500 4058 Καὶ
3556 4003 3608 4058 τί
3684 4007 3864 4074 ποιή-

2200 4111 2379 4146 σουσιν
2442 4090 2493 4146 ἐν
2589 4094 2658 4165 τῇ
2734 4090 2918 4167 ἡμέρα
2992 4098 3091 4161 τῆς
3149 4091 3523 4162 ὲπισκοπῆςς
3597 4093 3664 4149 ἸΙ
3739 4095 3858 4171 γὶρ

2198 4179 2380 4254 θλίψις
2446 4181 2596 4253 ὑμῶν
2655 4178 2932 4256 πόρρωθεν
3007 4180 3122 4251 ⁴ἥξει
3176 4183 3319 4255 (71).
3380 4182 3478 4239 Καὶ
3536 4180 3674 4258 πρὸς
3725 4180 3861 4236 τίνα

2197 4268 2582 4346 καταφεύξεσθε
2681 4271 2776 4322 τοῦ
2838 4268 3230 4343 βοηθηθῆναις
3308 4270 3404 4324 Καὶ
3481 4274 3585 4324 ποῦ
3685 4290 3862 4325 κατα-

2199 4358 2409 4432 λείψετε
2461 4359 2560 4427 την
2620 4354 2776 4427 δόξαν
2856 4357 3008 4431 ὑμῶν
3045 4399 3059 4426 ,
3117 4362 3217 4413 τοῦ
3291 4359 3368 4431 μὴ
3439 4358 3692 4431 ἐμπεσεῖν
3775 4359 3860 4423 ε”ς

2195 4448 2534 4523 dna-(myrti);
2640 4444 2740 4502 Καὶ
2844 4446 3098 4502 ὑποκάτω
3162 4446 3522 4523 ἀνῃρημένων
3617 4453 3854 4502 πεσοῦν-

2113 4711 2158 4776 1)
2188 4701 2362 4776 longe
2385 4699 2553 4776 editi,
2580 4695 2631 4753 ἰν
2658 4700 2726 4776 τῇ
2753 4697 2916 4776 πρός.
2952 4695 3205 4776 Deestin
3251 4699 3310 4776 in
3360 4701 3850 4776 ms_s._omnibus.

2259 4771 2370 4844 (70)
2405 4771 2580 4838 Editi,
2610 4771 2709 4844 καὶ
2742 4771 3088 4844 ἁρπάζοντες.
3123 4771 3339 4828 Vocula
3368 4771 3457 4826 καί
3508 4771 3567 4844 in
3621 4779 3854 4834 nostris

2189 4841 2289 4900 sex
2318 4841 2457 4898 mss.
2485 4859 2597 4898 non
2630 4841 2860 4969 legitur.
2883 4843 3104 4900 Ibidem
3132 4848 3247 4898 tres
3277 4860 3446 4914 mss.,
3468 4842 3558 4898 καὶ
3578 4843 3855 4920 κρίματα,

2190 4915 2424 4969 iudicia.
2481 4915 2646 4969 Anud
2733 4915 3059 4969 roconium.
3105 4931 3235 4969 nae.
3270 4915 3393 4969 164.
3447 4933 3549 4969 nro
3600 4915 3852 4969 κρίματα

2733 4915 3059 4992 rocopium,
3103 4931 3235 4987 pag.
3270 4915 3394 4992 164,
3447 4933 3549 4989 pro
3600 4915 3853 4992 κρίματα

2191 4986 2422 5060 legitur.
2493 4986 3122 5060 xpﬁpa-catrapientes
3160 4986 3464 5060 pecunias
3509 4986 3852 5060 pauperum.

2191 5058 2366 5114 Recte
2396 5073 2466 5113 an
2497 5058 2720 5141 minus,
2755 5058 2848 5112 alii
2885 5058 3122 5141 quidem
3145 5058 3548 5141 judicabunt:
3581 5058 3728 5130 puto
3766 5070 3862 5119 ta—

2192 5147 2323 5186 men
2356 5146 2469 5186 non
2496 5130 2798 5203 defuturos
2820 5130 2921 5201 qui
2947 5131 3325 5203 suspicentur
3343 5130 3695 5201 scripturam
3726 5151 3858 5193 non

2188 5219 2317 5258 esse
2346 5203 2699 5274 cujusquam
2732 5201 3099 5274 interpretis,
3119 5203 3220 5257 sed
3253 5203 3529 5274 mendum
3560 5203 3859 5263 librario-

2189 5290 2342 5340 rum,
2378 5272 2474 5345 qiii
2503 5272 2574 5329 ex
2610 5272 2849 5346 κρίματα
2878 5272 3174 5346 eﬂ'ecerint
3204 5273 3488 5346 χρήματα,
3522 5290 3707 5346 eoque
3741 5295 3862 5334 su-

2190 5291 2342 5340 rum,
2378 5291 2474 5345 qui
2503 5291 2574 5329 ex
2610 5291 2849 5346 κριματα
2878 5291 3174 5329 euecermt
3204 5291 3488 5400 γρηματα,
3522 5291 3707 5346 eoque
3741 5295 3862 5334 ευ..

2190 5345 2373 5430 spicio
2402 5347 2590 5430 major
2620 5348 2736 5430 fiet,
2769 5346 2922 5430 quod
2969 5345 3028 5400 in
3064 5345 3172 5400 hoc
3240 5347 3334 5430 ab}
3367 5345 3708 5430 facillim-um
3745 5353 3863 5430 sit.

2257 5418 2370 5485 (71)
2402 5414 2574 5490 Editi,
2623 5414 2868 5490 ἡκει.“ᾼῐ
2911 5433 3052 5473 mss.
3107 5432 3227 5490 sex,
3259 5414 3395 5486 ἥξει.
3429 5417 3545 5474 Hoc
3593 5419 3731 5490 ipso
3787 5423 3861 5481 in

2189 5485 2316 5544 loco
2374 5488 2536 5569 editi,
2597 5485 2733 5563 πρὸς
2783 5486 2902 5542 τίνα
2958 5485 3319 5569 πορεύσεσθεᾲ,
3353 5490 3538 5569 ibitis.
3598 5485 3870 5569 Antiqui

2186 5575 2319 5637 vero
2375 5558 2509 5615 libri
2559 5558 2784 5637 omnes,
2831 5558 3236 5637 καταφεύξεσθε.
3267 5559 3527 5618 Subinde
3581 5564 3731 5620 editi
3769 5558 3876 5626 ἐι

2185 5631 2302 5710 ς]υο
2359 5647 2527 5710 mss.,
2580 5629 2656 5696 εἰς
2711 5629 3026 5710 ἀπαγωγήν.
3063 5631 3176 5688 Alii
3233 5637 3487 5706 quatuor
3541 5651 3726 5708 mss.,
3778 5638 3873 5706 εἲς

2187 5700 2440 5780 ἆπαγωγή
2445 5723 2472 5756 ν
2483 5745 2496 5761 .
