4118 6220
343 377 460 437 525
1183 382 1589 444 COMMENT.
1625 385 1714 445 [IN
1761 384 2036 446 ISAIAM
2082 385 2584 449 PROPHETAM.
2631 387 2798 450 CAP.
2849 390 2924 450 X.
3629 398 3749 459 526

346 527 456 564 ται.
515 509 635 565 Ἐπί
694 514 822 564 πᾶσι
904 508 1118 572 τούτοις
1199 511 1299 566 οὐκ
1363 512 1676 593 ἀπεστράφη
1732 517 1766 584 ἡ
1827 515 1963 590 ὀργὴ

2123 534 2239 573 :um
2267 523 2462 591 patres
2491 535 2632 577 suos
2660 524 2718 575 et
2748 522 2963 577 tradita
2990 523 3063 578 ab
3108 523 3192 579 eis
3248 525 3524 596 dogmata
3583 529 3749 599 sequi

348 595 478 652 ἀλλ’
506 593 584 653 ἔτι
640 600 677 668 ἡ
740 598 864 674 χεὶρ
928 597 1139 674 ὑψηλή.
1173 599 1292 655 Εἰσί
1346 623 1508 671 τινες,
1555 605 1606 657 οἱ
1661 601 1967 659 κατακολου

2121 606 2437 678 fastidiant,
2481 609 2595 681 ipsi
2645 609 2934 665 haeresum
2985 611 3228 682 cupiuut
3285 593 3553 670 auctores
3600 593 3747 673 esse.

349 692 460 751 θεῖν
535 692 652 750 τοῖς
735 689 966 765 πατράσι
1047 690 1137 744 καὶ
1185 696 1301 754 τοῖς
1355 692 1483 768 παρ’
1535 691 1708 747 αὐτῶν
1762 690 1975 769 παραδει

2124 697 2294 763 ὶυοτε
2313 698 2594 754 novitates
2613 699 2899 768 quasdam
2914 701 3444 757 comminiscuntur
3469 703 3750 761 adversus

348 773 606 849 δομένοις
691 773 958 853 δόγμασιν
1035 777 1415 852 ἀπαξιοῦντες,
1471 780 1626 838 αὐτοὶ
1704 781 1974 858 κατάρχειε

2124 789 2328 840 ιοοῐυω
2361 786 3009 856 sermonem,malitiam
3027 788 3503 861 impietatemque
3516 790 3750 864 scriptis

345 865 606 941 αἱρέσεων
661 865 1022 941 ἐπιθυμοῦσι.
1086 869 1181 924 Διὸ
1252 870 1607 944 καινοτομίας
1660 873 1804 934 τινὰς
1856 892 1971 944 παρη

2123 873 2450 929 )rodentes:
2486 875 2555 930 ad
2583 891 2730 945 quos
2749 876 3013 947 pervenit
3032 894 3132 945 vce,
3153 879 3223 933 ad
3257 883 3452 950 patres
3482 879 3749 937 videlicet

345 960 625 1010 επινοοῦσι
681 961 762 1029 τῷ
809 956 956 1032 ὀρθῷ
1022 957 1192 1032 λόγῳ,
1226 959 1525 1032 γράφοντες
1581 960 1846 1036 πονηρίαν
1903 981 1970 1014 κα

2120 960 2261 1016 'alsae
2292 966 2349 1018 et
2373 962 2712 1018 adulterinae
2759 963 3034 1033 scientiae,
3069 970 3126 1021 et
3156 967 3228 1021 ad
3260 967 3604 1040 dogmatum
3645 968 3746 1025 im-

342 1039 616 1101 ἀσέϐειαν·
651 1045 728 1109 εἷς
757 1044 847 1108 οὓς
902 1047 1089 1123 φθάνει
1146 1047 1207 1102 τὸ
1266 1047 1408 1118 οὐαὶ,
1442 1047 1517 1110 εἷς
1574 1047 1700 1112 τοὺς
1759 1049 1968 1124 πατέρα

2120 1049 2330 1106 )iorum
2363 1052 2698 1124 scriptores.
2730 1052 2898 1109 Tales
2929 1053 3084 1108 enim
3116 1071 3214 1111 eos
3247 1039 3512 1127 quifidei
3549 1056 3746 1130 inopia

342 1139 445 1203 τῆς
531 1131 894 1209 ψευδωνύμου
974 1137 1256 1209 γνώσεως,
1306 1135 1395 1192 καὶ
1472 1139 1810 1216 συγγραφέας
1881 1143 1968 1192 τῶ·

2125 1136 2388 1206 aborant,
2409 1138 2712 1210 diripiunt,
2733 1143 2905 1212 atque
2927 1141 2988 1196 in
3008 1142 3234 1199 animas
3250 1159 3386 1200 vero
3411 1144 3510 1201 illo
3529 1161 3743 1217 sponso

342 1221 519 1278 ἀθέων
551 1220 856 1299 δογμάτων.
894 1224 959 1282 Οἱ
987 1225 1087 1300 γὰρ
1145 1228 1384 1280 τοιοῦτοι
1428 1224 1555 1287 τοὺς
1603 1225 1968 1302 πτωχεύοντας

2119 1225 2216 1281 )eo
2246 1226 2432 1282 Verbo
2464 1228 2667 1283 viduas
2689 1229 3061 1300 tyrannidem
3094 1236 3395 1301 exercent;
3429 1235 3530 1290 sed
3579 1239 3636 1290 et
3693 1233 3745 1290 si

339 1315 410 1385 τῇ
454 1314 570 1386 (72)
628 1313 802 1368 πίστει
860 1313 1277 1388 συναρπάζουσι,
1326 1315 1415 1370 καὶ
1473 1313 1965 1371 καταδυναστεύουσ

2121 1315 2434 1387 μιεωρὶιιω
2457 1316 2572 1372 Deo
2594 1317 2861 1373 orbatum
2886 1318 2957 1373 ob
3000 1324 3304 1390 peccatum
3358 1321 3630 1391 viderint,
3689 1324 3747 1378 et

340 1401 528 1475 ψυχας
559 1402 901 1479 χηρευούσας
959 1407 1056 1458 τοῦ
1100 1401 1368 1474 ἀληθινοῦ
1420 1403 1659 1482 νυμφίου
1710 1409 1806 1459 τοῦ
1857 1406 1966 1460 Θεοί

2120 1421 2256 1459 iunc
2275 1404 2385 1460 sibi
2419 1406 2587 1478 quasi
2611 1407 2865 1478 praedam
2885 1407 3217 1464 vindicant:
3253 1411 3468 1483 quippe
3498 1411 3584 1467 eis
3618 1428 3746 1483 pro-

339 1491 549 1565 Λόγου.
583 1489 762 1546 Ἀλλὰ
789 1489 884 1547 κᾶν
915 1513 1036 1547 τινα
1090 1488 1278 1548 ἴδωσιν
1329 1492 1797 1568 ἀπορφανισθέντα
1855 1499 1965 1549 Θεοῐ

2117 1493 2344 1550 nittunt
2373 1496 2744 1551 securitatem
2777 1512 3034 1567 omnem,
3057 1502 3114 1552 et
3138 1497 3526 1570 voluptariam
3563 1500 3743 1557 vitam

341 1577 434 1635 διὰ
477 1581 579 1649 τήν
634 1581 925 1654 ἁμαρτίαν,
956 1581 1047 1636 καὶ
1100 1580 1292 1638 τοῦτον
1351 1582 1530 1658 ὥσπερ
1573 1582 1818 1661 λάφυρον
1867 1585 1967 1640 ὲαυ

2118 1586 2456 1655 )roponunt,
2481 1584 2530 1639 si
2565 1585 2735 1640 modo
2750 1585 3154 1658 eosdogmatis
3171 1587 3540 1644 divinitatem
3564 1605 3744 1660 oppu-

337 1673 450 1723 τῶν
482 1673 788 1740 ποιοῦνται,
821 1669 1384 1748 κατεπαγγελλόμενοι
1438 1672 1531 1745 μὲν
1581 1671 1766 1736 αὐτοῖς
1814 1679 1963 1728 πᾶσα·

2120 1672 2418 1743 ςηεωῐὶὺυε
2441 1671 2770 1745 intelligant
2799 1674 3297 1739 asseutiri.Qualis
3316 1692 3472 1731 nunc
3493 1675 3746 1749 pullula-

335 1755 547 1831 ἄδειαν,
576 1759 669 1814 καὶ
698 1761 790 1814 τὸν
815 1759 866 1814 ἐν
898 1757 1072 1834 ἡδονῇ
1115 1760 1486 1836 προτείνοντες
1547 1761 1682 1838 βίον,
1714 1762 1760 1816 εί
1823 1761 1961 1836 μόνοε

2118 1760 2607 1818 ῙίίΑΠΟΠἸωΟΓαῐΠ
2629 1761 2996 1834 haeresis,qui
3011 1764 3744 1832 scortatoribus,adulteris

339 1842 567 1902 λάϐοιεν
627 1847 823 1912 αὐτοὺς
895 1849 1332 1922 συντεθειμένους
1405 1855 1523 1912 τοῖς
1596 1848 1835 1926 δόγμασι
1891 1854 1965 1921 τῆη

2120 1851 2492 1907 uasculorum
2525 1851 3022 1920 coneubitoribus,
3055 1851 3376 1926 plagiariis,
3402 1855 3657 1926 perjuris
3679 1871 3746 1912 ao

337 1936 657 2007 ἀθεότητος·
691 1936 852 1993 ὁποία
899 1940 934 2008 ἡ
986 1943 1076 1993 νῦν
1126 1934 1628 2015 παραϐλαστήσασα
1674 1945 1780 1994 τῶν
1839 1945 1963 1996 Ἀνο

2116 1940 2482 1996 neudaoibus
2512 1940 2742 1996 veniam
2765 1945 3134 2012 peccatorum
3153 1941 3529 2014 pollicentur,
3563 1945 3613 2001 si
3647 1960 3742 2002 so-

342 2025 517 2098 μοίων
559 2025 782 2102 α’ίρεσις·
817 2027 905 2082 καὶ
955 2028 1201 2104 πόρνοις,
1233 2029 1320 2082 καὶ
1375 2033 1624 2103 μοιχοῖς,
1682 2029 1771 2083 καὶ
1830 2029 1968 2106 ἀρσε⁴

2124 2047 2221 2086 um
2254 2047 2370 2086 suae
2405 2030 2685 2086 adversus
2715 2029 3092 2103 Uuigenitum
3127 2031 3506 2104 blasphemiae
3555 2034 3743 2091 socios

341 2116 637 2185 νοκοίταις,
695 2116 785 2171 καὶ
845 2113 1333 2192 ἀνδραποδισταῖς,
1392 2117 1481 2173 καὶ
1536 2115 1841 2192 ἐπιόρκοις,
1900 2140 1967 2174 κα

2117 2119 2234 2176 llos
2264 2119 2598 2175 habuerint.
2619 2121 2773 2185 Quos
2791 2118 3111 2192 alloquitur
3128 2121 3426 2193 Scriptura
3447 2139 3461 2178 :
3479 2123 3631 2195 Quid
3648 2126 3743 2196 fa-

341 2204 600 2278 ψεύσταις
695 2207 1045 2283 συγχώρησιν
1135 2208 1542 2283 ἁμαρτημάτων
1617 2207 1963 2283 ὑπισχνούμε

2124 2210 2242 2265 rient
2271 2210 2331 2264 in
2361 2208 2448 2264 die
2479 2209 2808 2264 uisitationis
2831 2212 2857 2261 .9
2885 2208 3050 2264 Diem
3081 2210 3430 2267 visitationis
3461 2216 3627 2268 vocat
3647 2213 3750 2270 ad-

338 2315 425 2349 νοι
460 2295 596 2368 (73),
630 2292 717 2349 ἐὰν
753 2294 917 2367 μόνον
959 2294 1152 2358 αὐτοὺς
1185 2290 1397 2351 λάϐωσι
1425 2297 1496 2368 τῇ
1542 2297 1678 2351 κατά
1721 2300 1818 2350 τοῦ
1876 2301 1960 2353 Mo

2117 2302 2341 2353 rentum
2365 2296 2592 2353 Domini
2625 2297 2808 2353 nostri
2824 2297 2961 2352 Jesu
2984 2297 3200 2354 Christi
3224 2315 3254 2354 e
3285 2299 3466 2371 caelis,
3486 2317 3604 2372 qua
3649 2301 3743 2358 die

339 2387 600 2458 νογενοῦς
648 2380 973 2459 βλασφημίᾳ
1003 2384 1458 2460 συνερχομένους.
1492 2386 1636 2460 Πρὸς
1686 2383 1776 2446 οὕς
1804 2406 1965 2461 ’,φησι

2119 2387 2289 2442 veniet
2317 2385 2376 2440 in
2410 2387 2723 2452 mundum,
2757 2386 3094 2443 redditurus
3126 2387 3377 2461 singulis
3419 2391 3745 2447 secundum

339 2473 368 2526 ὁ
426 2471 628 2547 λόγος·
668 2471 729 2526 Τί
799 2474 1117 2544 ποιήσουσιν
1187 2473 1239 2527 ἐν
1314 2477 1382 2546 τῇ
1453 2474 1634 2550 ἡμέρᾳ
1706 2480 1806 2543 τῆς
1877 2472 1965 2528 ἆπι

2115 2490 2274 2546 )pera
2303 2474 2768 2546 cujusquezquo
2801 2474 2860 2530 iu
2911 2476 3188 2546 adventu,
3243 2477 3399 2548 quod
3454 2477 3741 2535 malitiam

342 2568 592 2631 σκοπῆς;
649 2562 884 2638 Ἠμέραν
940 2563 1052 2635 (74)
1112 2559 1261 2637 λέγει
1327 2563 1426 2632 τὴν
1515 2561 1822 2639 ἐπιφάνειαν
1891 2567 1968 2618 τοὶ

2116 2561 2359 2618 scribant
2387 2562 2828 2619 tribulationem
2853 2563 2924 2618 ad
2953 2581 3014 2620 se
3034 2564 3398 2636 elonginquo
3416 2566 3742 2624 venientem

334 2652 546 2723 Κυρίου
604 2652 764 2723 ἡμῶν
799 2651 978 2721 Ἰησοῦ
1024 2652 1260 2722 Χριστοῦ
1318 2649 1369 2721 ἐξ
1430 2650 1696 2727 οὐρανῶν,
1724 2650 1775 2706 ἐν
1875 2650 1960 2706 έπι

2112 2652 2407 2725 excipient.
2435 2656 2505 2706 At
2527 2667 2659 2708 vero
2688 2651 2768 2706 Ad
2793 2653 2948 2721 cuius
2975 2654 3303 2724 prasidium
3359 2656 3693 2727 confugiam
3711 2656 3738 2712 ?

331 2737 575 2814 δημήσει
604 2744 683 2812 τῷ
729 2739 942 2814 κόσμῳ,
975 2736 1270 2802 ἀποδιδοὺς
1301 2741 1510 2813 ἑκάστῳ
1559 2739 1694 2795 κατᾶ
1739 2741 1807 2795 τὰ
1853 2738 1957 2816 ἔργι

2114 2741 2319 2797 Etenim
2347 2741 2624 2796 adversus
2648 2741 2831 2796 Deum
2855 2742 3201 2814 scripsistis,
3221 2742 3482 2798 vivorum
3507 2760 3572 2799 ac
3591 2759 3740 2801 mor-

331 2828 516 2884 αὐτοῦ’
577 2831 699 2893 καθ’
737 2830 797 2899 ἣν
855 2830 1235 2903 ἀπολήψονται
1296 2830 1394 2898 τήν
1458 2827 1640 2903 θλίψιν
1700 2828 1952 2904 πόῤῥωθε

2112 2846 2331 2886 "uorum
2357 2829 2636 2900 judicem.
2668 2829 2890 2885 Vestris
2914 2847 3176 2901 Ipsorum
3207 2831 3442 2903 scriptis
3465 2847 3738 2904 coargue-

329 2918 414 2973 ἕπτ’
444 2917 641 2981 αὐτοὺς
689 2919 1023 2995 ἐρχομένην,
1066 2919 1141 2982 ὡς
1196 2920 1493 2994 γράφοντες
1547 2921 1660 2992 (75)
1691 2917 1979 2994 πονηρίαν.
2094 2919 2261 2974 mini.

326 3009 472 3083 Πρὸς
527 3007 652 3063 τίνα
707 3005 765 3063 δὶ
812 3006 1200 3086 καταφεύξεσθε
1254 3013 1352 3064 τοῦ
1415 3009 1800 3082 βοηθηθῆναι;
1833 3007 1978 3063 Κατᾶ
2021 3007 2122 3084 γὰρ
2165 3010 2296 3061 Θεοῦ
2348 3004 2636 3080 ἐκράψατε,
2666 3025 2764 3060 του
2813 3025 3092 3081 κρινοντος
3137 3011 3340 3076 ζῶντας
3368 3008 3458 3064 καὶ
3489 3008 3734 3086 νεκρούς.

323 3097 636 3172 Κατηγορία
670 3099 822 3172 ὑμῶν
849 3094 996 3153 ἔσται
1027 3098 1093 3152 τὰ
1123 3097 1355 3173 ὑμέτερα
1378 3099 1694 3173 γράμματα.

394 3190 524 3247 233.
592 3187 724 3244 Εἶτά
793 3209 924 3265 φησι
960 3207 972 3218 ·
1036 3191 1149 3243 Ποῦ
1216 3186 1570 3260 καταλείψετε
1638 3188 1737 3256 τὴν
1814 3185 2020 3257 δόξαν(

2153 3186 2279 3241 233.
2312 3185 2571 3241 Subinde
2593 3185 2674 3240 ait
2697 3184 2822 3242 :Ubi
2842 3186 3168 3258 relinquetis
3189 3188 3434 3256 gloriam
3455 3196 3698 3245 vestram
3728 3207 3744 3259 ρ

332 3277 486 3350 ὑμῶν
515 3296 529 3345 ;
563 3278 632 3334 Οἱ
673 3280 1065 3352 φανητιῶντες,
1098 3277 1188 3332 καὶ
1247 3283 1348 3346 τῆς
1406 3276 1758 3352 ἀνθρωπίνης
1811 3282 1958 3348 τιμῆ

2118 3274 2199 3339 )ui
2230 3273 2390 3330 inani
2423 3273 2812 3330 ostentatione
2850 3273 3158 3342 ducimini,
3210 3276 3311 3347 qui
3361 3277 3744 3350 aucupamiui

328 3366 718 3442 ἀντεχόμενοι,
769 3366 858 3421 καὶ
940 3365 1304 3440 ἀίρεσιαρχεῖν
1391 3364 1840 3439 ἐπιθυμήσαντες,
1893 3362 1954 3418 ’ίνι

2120 3380 2382 3421 ιιιωειῐιοε
2413 3363 2686 3431 honores,
2711 3363 2812 3435 qui
2835 3365 2906 3420 ad
2938 3381 3150 3420 nomen
3169 3368 3610 3438 assequendum
3628 3367 3746 3424 has-

328 3456 602 3529 ὄνόματος
635 3455 862 3532 τύχητε,
895 3455 985 3510 καὶ
1031 3453 1119 3510 διά
1166 3459 1327 3510 τοῦτο
1379 3453 1715 3525 λαλήσαντες
1772 3451 1954 3510 ἀδικία

2121 3469 2286 3510 sseos
2317 3454 2652 3526 cujuspiam
2685 3457 2952 3510 auctores
2976 3470 3104 3510 esse
3128 3456 3551 3528 exoptastis,ob
3571 3457 3747 3532 idque

324 3545 402 3606 εἷς
456 3545 520 3599 τὸ
583 3543 760 3618 ὕψος·
795 3548 904 3599 ποῦ
949 3543 1074 3600 τότε
1127 3541 1180 3598 έν
1234 3545 1302 3618 τῇ
1363 3542 1545 3619 ἡμέρᾳ
1599 3551 1698 3614 τῆς
1750 3543 1947 3618 κρίσεω

2114 3543 2463 3616 niquitatem
2491 3541 2670 3598 locuti
2697 3542 2837 3598 estis
2863 3543 2919 3598 iu
2943 3543 3312 3600 altitudinem
3328 3546 3660 3615 “,ubituno
3679 3548 3740 3605 in

321 3633 681 3708 καταλείψετε
734 3635 834 3704 τὴν
898 3630 1052 3705 δόξαν
1113 3632 1614 3707 ὑμῶνςὙποκάτω
1674 3631 1750 3701 δὲ,
1793 3632 1947 3710 φησὶν

2118 3649 2198 3688 lac
2222 3632 2432 3703 judicii
2467 3633 2559 3688 die
2607 3631 2954 3702 relinquetis
3003 3632 3247 3703 gloriam
3295 3636 3600 3692 vestram?
3653 3638 3744 3695 Ait

320 3724 374 3778 οἱ
466 3727 711 3778 τοιοῦτοι
807 3726 912 3776 τῶν
1016 3719 1375 3797 ἀνῃρημένων
1483 3724 1808 3777 πεσοῦνται.
1867 3721 1946 3776 Νῦ

2114 3726 2323 3777 Lutem:
2355 3720 2523 3776 Tales
2580 3721 2678 3775 sub
2739 3721 3046 3792 interfecti:
3106 3722 3258 3779 556
3310 3723 3521 3779 cadent.
3573 3729 3740 3784 Nunc

323 3814 645 3889 προστάτης
695 3813 740 3866 εἷ
784 3815 891 3866 τῶν
943 3809 1384 3883 ἐξηπατημένων,
1411 3809 1498 3863 καὶ
1543 3810 1791 3883 θαυμάζῃ
1849 3829 1949 3884 παρ

2113 3827 2311 3877 lorum,
2346 3809 2446 3880 qui
2478 3808 2705 3879 decepti
2739 3814 2896 3877 sunt,
2941 3811 3246 3881 praefectus
3292 3827 3378 3879 es,
3426 3813 3628 3884 eisque
3678 3829 3739 3868 es

319 3903 524 3970 αὐτῶν,
557 3898 734 3975 ὄνομα
765 3897 1095 3955 διδασκάλου
1140 3899 1230 3954 καὶ
1288 3900 1600 3974 καθηγητοῦ
1646 3898 1945 3973 περιφέρων

2110 3899 2481 3966 Ldmiratioui,
2507 3899 2772 3969 magistri
2802 3915 3014 3954 nomen
3033 3903 3088 3954 et
3109 3899 3276 3954 ducis
3297 3900 3736 3968 circumferens,

318 3991 727 4065 σεμνυνόμενος
776 3989 905 4064 παρ’
951 3989 1128 4044 αὐτῶν
1180 3986 1269 4041 καὶ
1331 3985 1802 4061 μακαριζόμενοςο
1854 3986 1944 4040 τότ

2106 3994 2263 4060 itque
2293 3989 2363 4042 ab
2395 3987 2614 4042 eisdem
2647 3986 2975 4053 honoraris,
3012 3987 3464 4059 praedicarisque
3486 3988 3732 4044 beatus:

323 4079 383 4136 δὲ
412 4080 628 4135 τούτων
682 4077 856 4134 αὐτῶν
907 4076 1230 4152 ἀτιμότερος
1273 4071 1386 4150 ἴσῃ,
1417 4079 1524 4130 τῶν
1581 4075 1683 4129 ὑπὸ
1750 4079 1849 4128 σοῦ
1878 4095 1946 4129 πε

2112 4094 2225 4133 unc
2257 4082 2454 4132 autem
2487 4076 2560 4130 iis
2593 4075 2737 4146 ipsis
2761 4091 2909 4145 quos
2932 4080 2989 4130 tu
3015 4075 3392 4145 interfeceris,
3419 4076 3651 4132 futurus
3673 4093 3735 4134 es

324 4171 708 4249 φονευμένων.
767 4166 942 4229 Φόνος
1003 4167 1108 4243 γάρ
1169 4165 1278 4220 ἐστι
1337 4167 1568 4241 ψυχῆς,
1627 4161 1948 4238 ψευδοδοξία

2111 4167 2384 4238 Lbjectior.
2421 4165 2716 4220 Occiditur
2749 4163 2902 4219 enim
2938 4163 3132 4219 anima
3162 4168 3314 4230 tum,
3347 4181 3482 4220 cum
3515 4163 3662 4221 falsa
3679 4169 3737 4222 et

324 4257 648 4336 παραδοχή.
709 4257 992 4312 Ὑποκάτω
1052 4253 1142 4310 οὖν
1199 4253 1404 4310 τούτων
1475 4250 1566 4326 ἔσῃ
1637 4253 1934 4314 πεπτωκὼς

2108 4256 2364 4312 :meutita
2391 4254 2587 4327 opinio
2618 4253 2676 4308 in
2711 4270 2779 4308 ea
2808 4253 3108 4324 recipitur.
3142 4255 3343 4325 Itaque
3375 4253 3486 4310 sub
3520 4253 3591 4310 iis
3637 4271 3734 4310 ca-

322 4349 508 4406 καὶτὸ
554 4353 663 4404 τῶν
715 4345 1072 4422 ἀνῃρημένων
1122 4344 1225 4400 ὑπὸ
1276 4346 1368 4397 σοῦ
1429 4340 1594 4419 βάρος
1655 4341 1948 4396 έπικείσετα

2110 4346 2225 4412 les;
2259 4349 2316 4400 et
2342 4344 2568 4415 pondus
2590 4358 2816 4413 eorum,
2842 4342 2944 4413 qui
2977 4359 3009 4396 a
3040 4345 3096 4397 te
3128 4342 3345 4398 fuerint
3375 4342 3736 4415 interempti,

323 4461 430 4496 σοι.
464 4434 689 4508 Ἐπειδὴ
751 4433 809 4490 δὲ
862 4431 1088 4497 ἕκαστος
1142 4436 1301 4506 ἡμῶν
1362 4429 1451 4486 διὰ
1503 4435 1600 4486 τοῦ
1651 4431 1772 4507 βίου
1803 4430 1949 4486 οἶονε

2105 4433 2192 4489 ,ibi
2223 4433 2544 4488 incumbet.
2575 4430 2682 4487 Sed
2717 4429 2990 4501 queniam
3017 4430 3428 4503 unusquisque
3456 4435 3731 4488 nostrum

320 4530 669 4605 χειρόγραφα
725 4527 886 4598 ἡμῶν
942 4523 1243 4629 γράφομεν,
1293 4520 1372 4629 τεῦ
1434 4524 1754 4629 μνημονικέξ)
1810 4523 1942 4594 ἡμῶ

2111 4539 2187 4578 μοι’
2205 4526 2386 4577 totam
2401 4521 2578 4576 vitam
2599 4520 2769 4592 quasi
2782 4519 3169 4592 chirographa
3185 4524 3384 4576 nostra
3399 4521 3737 4592 scribimus,

2121 4625 2271 4629 -“ii‘-
2317 4613 2600 4629 ____L__.-__‘
2647 4607 2998 4629 -___!A‘_A!_
3033 4609 3388 4629 1..___1_2L-__
3427 4609 3476 4629 ἐμ
3536 4613 3732 4629 ____L__

321 4591 446 4680 τεοὺς
496 4591 714 4678 ’τύπους
750 4591 868 4669 ⁷τῶν
929 4591 1268 4689 πραγμάτων
1331 4591 1915 4687 ἐναποσιρραγιζόμενίοι

2114 4625 2278 4665 erum
2310 4591 3001 4680 gestarumiconsignatis
3033 4591 3393 4680 imaginibus
3427 4609 3485 4665 in
3535 4613 3740 4666 nostra

319 4707 466 4784 τάχα
493 4707 586 4762 καὶ
617 4703 745 4765 τοὺς
781 4701 1065 4764 τοιούτους
1105 4699 1379 4770 ταλανίζει
1432 4698 1459 4752 ὁ
1503 4697 1693 4774 λόγος,
1725 4698 1802 4784 ὡς
1842 4696 1945 4774 γρά

2112 4698 2370 4754 nemoria
2394 4715 2407 4765 ;
2443 4698 2590 4753 forte
2616 4697 2792 4753 etiam
2825 4698 2973 4753 tales
3004 4698 3306 4770 Scriptura
3325 4699 3603 4770 praedicat
3624 4697 3738 4753 mi-

321 4818 524 4876 φοντας
571 4792 860 4869 πονηρίαν.
907 4793 970 4849 Ἡ
1025 4790 1118 4864 μὲν
1181 4789 1285 4865 γὰρ
1340 4786 1536 4867 καρδία
1591 4791 1689 4842 τῶν
1751 4783 1944 4842 δικαίω

2113 4803 2270 4857 eros,
2303 4791 2582 4857 tanquam
2615 4785 2715 4857 qui
2741 4787 3009 4841 scribunt
3032 4786 3342 4842 malitiam.
3371 4788 3479 4842 Cor
3500 4786 3739 4858 quidem

319 4874 790 4961 κατα-γέγραπται,
871 4879 932 4935 ού
1023 4878 1238 4954 μέλανι,
1294 4875 1440 4934 ἀλλὰ
1519 4875 1790 4949 Πνεύματι
1844 4881 1942 4930 Θεο

2117 4881 2380 4932 ustorum
2413 4874 2816 4946 conscriptum
2849 4879 2940 4930 est
2973 4893 3089 4930 non
3122 4878 3471 4945 atramento,
3496 4877 3597 4932 sed
3619 4874 3743 4947 Spi-

322 4982 550 5050 ζῶντος⁸
587 4975 623 5043 ἡ
658 4971 716 5028 δὲ
739 4976 848 5026 τῶν
881 4967 1082 5024 ἀδίκων
1140 4965 1336 5042 καρδία
1393 4967 1454 5021 οὐ
1515 4966 1784 5040 Πνεύματι
1843 4971 1942 5020 Oro

2117 4966 2200 5022 itu
2230 4965 2332 5021 Dei
2362 4965 2473 5020 vivi
2502 4964 2582 5018 ‘3:
2629 4980 2735 5019 cur
2780 4981 2915 5019 vero
2965 4965 3305 5034 iniquorum
3357 4982 3473 5020 non
3521 4964 3741 5037 Spiritu

321 5073 550 5138 ζῶντος,
585 5060 736 5118 ἀλλά
793 5059 987 5133 μέλανι
1033 5060 1114 5130 τῷ
1163 5061 1404 5134 συγγενεῖ
1458 5059 1555 5111 τοῦ
1604 5054 1830 5115 σκότους
1885 5075 1947 5108 κα

2118 5057 2189 5111 )ei
2219 5055 2489 5121 viventis,
2524 5053 2622 5108 sed
2658 5058 2984 5108 atramento
3019 5055 3393 5110 tenebrarum
3435 5053 3619 5120 affini,
3653 5053 3744 5110 lu-

321 5157 516 5232 έχθρῷ
566 5156 667 5208 τοῦ
725 5149 926 5228 φωτός.
979 5150 1140 5203 Ὥστε
1217 5143 1440 5208 ἕκαστος
1498 5146 1534 5215 ἢ
1596 5144 1727 5219 ὑπὲρ
1786 5144 1941 5199 ἒαυτο

2120 5143 2288 5216 isque
2316 5143 2577 5200 inimico.
2611 5143 3033 5214 Unusquisque
3079 5143 3258 5216 igitur
3288 5147 3391 5199 aut
3419 5143 3560 5198 dum
3591 5142 3746 5198 bona

392 5309 437 5344 ⁸⁷
469 5304 631 5362 Psal.
665 5318 839 5370 uxu,
859 5303 914 5358 8.
990 5301 1034 5336 ⁴⁸
1064 5302 1118 5357 ΙΙ
1147 5300 1277 5358 Cor.
1304 5316 1390 5368 ιιι,
1413 5299 1467 5356 3.

393 5443 510 5515 (72)
542 5438 721 5515 Editi,
750 5435 924 5515 tvsﬁ:
959 5440 1030 5494 At
1050 5431 1336 5515 voculae:
1365 5434 1425 5491 in
1473 5449 1624 5515 mss:
1650 5449 1766 5488 non
1803 5431 1984 5515 ,ἰονθ-

2114 5501 2122 5515 ’
2167 5427 2277 5515 (74)
2309 5426 2433 5486 Vox
2449 5424 2761 5515 ’ἐπισκοπῆς
2785 5427 2841 5484 iu
2873 5427 3043 5515 editis
3077 5427 3355 5501 repetitur
3379 5430 3510 5515 ante
3541 5439 3740 5515 vocem

331 5500 511 5576 nitur:
543 5500 756 5567 Statim
784 5500 1166 5585 ita'loquitur
1195 5508 1486 5585 interpres
1516 5503 1990 5585 de_hse_t_-esiAuo-
2099 5500 2305 5585 ἡμέραν
2367 5501 2620 5585 sedeam
2653 5501 2793 5585 inde
2828 5501 3204 5567 sustulimus,
3265 5506 3596 5556 nostrorum
3641 5515 3743 5556 se:

335 5574 647 5650 ineorum,
681 5587 747 5638 ut
767 5574 1025 5658 dubitari
1049 5579 1144 5658 vix_
1161 5574 1518 5658 possittquin
1542 5578 1635 5634 hic
1687 5577 1990 5633 Commeu-
2101 5574 2370 5658 codicum
2405 5574 2580 5629 ﬁdem
2612 5574 2874 5658 secuti.”
3074 5640 3087 5658 ε
3213 5639 3223 5658 ν

338 5640 522 5718 Fax-“ius
553 5640 766 5729 quarto
797 5653 1008 5729 seaculo
1033 5640 1292 5729 scriptus
1321 5640 1419 5729 sit:
1560 5719 1574 5729 .
1880 5717 1889 5729 .
2172 5647 2264 5716 (75
2297 5645 2378 5701 Ita
2410 5662 2552 5702 mss.
2582 5660 2801 5700 omnes.
2835 5641 3008 5710 Editi,
3043 5640 3092 5694 oi
3125 5640 3439 5719 γράφοντες.

406 5732 521 5806 (73)
554 5717 645 5787 Ιίο,
676 5725 864 5784 nostri
886 5742 987 5783 sex
1008 5717 1337 5782 msstditi
1365 5737 1517 5786 vero,
1555 5717 1990 5794 ὑπισχνουμένη.
