4118 6220
437 415 553 474 527

1382 397 1772 456 APPENDIX
1818 395 2137 456 UPERUM
2185 397 2248 454 S.
2297 392 2571 453 BASlLIl
2622 392 2890 452 MAGNI.

3725 395 3849 454 528

448 545 584 612 agit,
609 556 712 611 pro
744 552 804 592 se
836 532 1189 590 conscribit:
1215 535 1318 585 aut
1341 530 1482 584 dum
1513 530 1821 584 adversum
1855 543 1916 582 se
1955 527 2072 582 chi-

2200 525 2513 601 συγγράφει,
2545 522 2612 577 τὰ
2669 522 2838 598 ἀγαθὰ
2894 523 3168 597 πράσσων,
3201 522 3235 591 ἢ
3276 524 3394 587 καθ’
3425 524 3613 578 ἑαυτοῦ
3673 528 3850 578 ποιῶν

449 629 736 703 rograpba
771 623 1022 686 conﬁcit,
1051 625 1246 676 exarat
1265 618 1433 673 mala.
1455 617 1745 689 Estigitur
1773 618 2084 672 adversum

450 737 556 776 nos
577 714 964 789 ohigraphum
997 710 1292 781 quoddam
1352 706 1570 761 nostris
1629 705 1902 760 manibus
1941 705 2091 759 scri-

451 814 617 881 pturn
640 807 842 872 ",cum
877 801 986 870 ipsi
1008 815 1133 869 quas
1149 797 1436 852 deteriora
1456 794 2086 865 sunt,patraverinzus:

451 903 540 953 est
570 899 626 949 et
657 892 890 962 aliquod
925 885 1374 955 chirographum
1411 900 1513 952 pro
1556 882 1724 938 nobis
1783 882 2089 952 scriptum,

448 1002 581 1043 cum
613 980 1030 1055 pert‘ecerimus
1064 991 1187 1045 quae
1219 978 1358 1029 sunt
1392 971 1931 1026 meliora.Jamvero
1954 975 2093 1025 sunt

449 1075 622 1131 etiam
639 1065 1104 1136 nonnulli.quiin
1123 1062 1422 1118 conventis
1446 1061 1670 1115 litteras
1684 1064 2090 1130 corrumpunt,

448 1162 663 1233 quique
709 1158 769 1211 in
819 1154 975 1226 agris
1025 1150 1456 1222 comparandis,
1496 1148 1553 1202 in
1587 1149 1978 1214 testamentis,
2030 1148 2089 1202 in

445 1248 793 1321 pignoribus
827 1250 884 1299 et
912 1243 970 1296 in
999 1241 1171 1296 variis
1197 1238 1595 1294 contractibus
1625 1237 1928 1306 scriptura}
1951 1236 2088 1291 cha-

445 1342 697 1394 racteres
718 1335 786 1389 ad
799 1332 1071 1394 ulterant,
1099 1330 1240 1383 dum
1273 1327 1472 1382 omnia
1487 1341 1848 1396 quaecunque
1867 1323 2090 1380 littera-

446 1443 575 1484 rum
610 1423 930 1498 specimine
963 1421 1273 1474 ﬁrmantur
1294 1433 1359 1471 ac
1372 1420 1662 1480 constant,
1683 1414 2086 1481 conscribunt;

445 1524 499 1574 et
530 1516 588 1570 hi
622 1513 888 1570 scribunt
920 1508 1224 1571 malitiam,
1251 1521 1385 1560 cum
1418 1505 1488 1559 ad
1509 1505 1923 1575 opprimendos
1947 1519 2090 1573 pau-

445 1620 614 1677 peres
650 1603 980 1672 pervertant
1029 1597 1261 1666 justum
1305 1592 1621 1664 judicium,
1668 1608 1734 1647 ac
1783 1591 2090 1647 facultates

445 1692 687 1762 inopum
722 1687 919 1760 populi
953 1685 1267 1756 diripiant;
1297 1681 1378 1735 ita
1401 1687 1463 1735 ut
1511 1681 1686 1736 vidua
1739 1679 1815 1734 sit
1854 1679 1970 1734 illis
2028 1679 2087 1735 in

445 1783 728 1846 escam,et
753 1775 1051 1847 orphanus
1075 1775 1132 1826 in
1149 1769 1615 1842 quastumouid
1629 1769 1782 1840 piam
1798 1769 2088 1837 ejusmodi

442 1869 501 1924 in
533 1868 818 1924 bellorum
845 1862 1064 1934 rapinis
1089 1859 1374 1930 contingit
1395 1858 1733 1926 victoribus,
1756 1875 1905 1928 quos
1928 1874 2085 1912 com-

442 1956 756 2014 monefacit
784 1953 1112 2024 Scriptura:
1137 1949 1278 2017 Quid.
1295 1949 1570 2018 facientia
1602 1949 1697 2002 die
1715 1948 2045 2002 uisitationis
2065 1950 2089 1999 ?

440 2047 599 2102 Diem
626 2042 828 2115 judicii
859 2046 915 2096 et
948 2039 1350 2095 retributionis
1384 2054 1510 2106 qua:
1537 2053 1637 2106 pro
1661 2037 1868 2090 merita
1892 2052 2087 2106 pecca-

444 2138 641 2190 torum
661 2132 731 2188 ab
749 2143 1102 2201 unoquoque
1125 2125 1577 2182 commissorum
1594 2125 1873 2191 liet,diem
1896 2124 2088 2195 appel-

441 2219 972 2278 lavitvisitationis:
999 2232 1177 2288 quam
1199 2215 1330 2269 istis
1347 2214 1744 2269 comminatur
1762 2214 1871 2269 hoc
1892 2213 2082 2268 modo:

448 2310 745 2367 Tribulatio
774 2313 958 2363 vestra
1012 2321 1040 2360 e
1097 2305 1395 2374 longinquo
1438 2305 1633 2356 veniet.
1697 2302 2085 2373 Inspiciamus

445 2403 638 2455 autem
666 2415 769 2452 cur
796 2411 992 2451 vocem
1033 2409 1062 2448 e
1119 2393 1413 2462 longinquo
1458 2390 1540 2444 sic
1596 2397 1858 2460 usurpet.
1917 2389 2086 2444 Salus

445 2493 644 2544 nostra
676 2503 789 2541 non
841 2485 1033 2554 longe,
1092 2484 1192 2536 sed
1239 2483 1405 2535 adest
1453 2480 1621 2533 nobis
1676 2497 1888 2550 prope;
1949 2480 2085 2534 Deus

440 2579 610 2642 enim,
635 2575 846 2646 inquit,
879 2573 1332 2643 appropinquans
1362 2585 1456 2635 ego
1480 2569 1698 2635 sum“;
1742 2573 1819 2634 et,
1860 2573 2079 2638 Appro-

440 2668 737 2740 pinquabo
758 2665 876 2720 illis
892 2664 1077 2734 magis
1100 2679 1275 2733 quam
1293 2661 1490 2714 tunica
1512 2659 1770 2729 corporis
1791 2659 2077 2729 ipsorum;

437 2761 494 2811 et
525 2772 731 2810 rursus
758 2771 770 2810 :
802 2753 1121 2808 Mandatum
1155 2750 1272 2813 hoc,
1308 2746 1520 2818 inquit,
1555 2749 1699 2817 quod
1728 2749 1934 2800 mando
1983 2747 2083 2801 tibi

437 2845 613 2912 hodie,
645 2860 754 2899 non
787 2847 867 2897 est
895 2843 1246 2902 immensum,
1279 2852 1454 2907 neque
1521 2836 1680 2903 longe
1727 2839 1803 2890 est
1859 2837 1954 2889 abs
2007 2845 2074 2890 te.

431 2934 548 2990 Non
583 2935 641 2988 in
662 2932 798 2988 caelo
825 2946 1044 2986 sursum
1082 2933 1186 2992 est,
1239 2927 1464 2981 dicens:
1527 2926 1658 2992 Qui:
1715 2924 1960 2978 ascendet
2019 2926 2076 2978 in

2198 611 2554 688 χειρόγραφα,
2609 609 2946 674 κατατίθεται
2995 610 3228 686 πονηρά.
3253 617 3436 666 Ἔστιν
3469 609 3560 666 οὖν
3613 632 3665 667 τι
3718 632 3847 688 χει-

2198 703 2474 776 ρόγραφον
2531 702 2648 763 καθ’
2696 701 2855 773 ἡμῶν
2944 699 3483 775 χειρογραφούμενον
3575 701 3675 754 ὑπὸ
3733 701 3845 754 τῶν

2199 791 2476 862 ἡμετέρων
2523 793 2748 864 χειρῶν,
2784 789 2906 844 ὅταν
2967 789 3256 863 πράξωμεν
3317 789 3384 844 τὰ
3439 788 3696 865 χείρονα·
3749 788 3844 844 καὶ

2199 874 2308 933 ἔστι
2340 899 2390 932 τι
2425 879 2554 953 ὑπὲρ
2602 881 2760 951 ἡμῶν
2821 879 3203 957 χειρόγραφον,
3239 878 3362 933 ὅταν
3407 879 3733 952 πράσσωμεν
3780 879 3848 933 τά

2204 967 2473 1042 βελτίονα.
2535 965 2674 1037 Ἤδη
2731 964 2787 1022 δέ
2842 989 3028 1040 τινες,
3091 968 3179 1022 καὶ
3246 969 3314 1023 τὰ
3367 967 3418 1023 ἐν
3478 963 3846 1040 συμϐολαίοις

2199 1054 2499 1128 γράμματα
2551 1059 2664 1128 (76)
2719 1054 3172 1132 ῥᾳδιουργοῦντες
3205 1099 3218 1124 ,
3271 1057 3361 1112 καὶ
3419 1061 3852 1133 παραποιοῦντες

2201 1149 2552 1218 χαρακτῆρας
2617 1147 2954 1220 γραμμάτων
3043 1145 3094 1200 ἐν
3165 1148 3416 1216 κτήσεσιν
3485 1148 3703 1222 ἀγρῶν,
3758 1145 3848 1200 καὶ

2211 1233 2516 1306 διαθήκαις,
2565 1236 2652 1290 καὶ
2709 1237 3029 1307 ὑποθήκαις,
3067 1237 3154 1291 καὶ
3205 1235 3616 1313 συναλλάγμασι
3673 1238 3854 1292 ποικί-

2214 1321 2358 1394 λοις,
2392 1323 2490 1378 ὅσα
2546 1322 2636 1379 διὰ
2691 1329 2790 1391 τῆς
2843 1329 2948 1380 τῶν
2999 1327 3334 1402 γραμμάτων
3369 1324 3694 1398 ἀποδείξεως
3750 1327 3850 1394 τὴν

2201 1411 2448 1467 σύστασιν
2507 1408 3001 1493 ἔχει,γράφοντες’
3035 1415 3125 1469 καὶ
3184 1417 3237 1470 οἱ
3285 1413 3524 1471 τοιοῦτοι
3582 1413 3848 1490 πονηρίαν

2198 1502 2491 1576 γράφουσι,
2523 1499 2933 1581 διαστρέφοντες
2979 1504 3042 1558 τὸ
3093 1501 3301 1560 δίκαιον
3529 1509 3706 1578 κρῖμα
3760 1502 3850 1558 ἐπὶ

2196 1596 2303 1645 τῶν
2360 1596 2601 1666 πτωχῶν
2636 1637 2651 1663 ,
2709 1592 2798 1646 καὶ
2874 1589 3256 1667 διαρπάζοντες
3312 1593 3378 1647 τὰ
3429 1595 3538 1647 τῶν
3595 1593 3847 1663 πενήτων

2196 1684 2292 1734 τοῦ
2323 1677 2480 1750 λαοῦ,
2515 1679 2651 1735 ὥστε
2682 1681 2816 1736 εἶναι
2867 1681 3060 1743 αὐτοῖς
3118 1683 3297 1757 χήραν
3355 1680 3431 1743 εἰς
3486 1676 3847 1757 κατάϐρωμά,

2196 1770 2285 1823 καὶ
2343 1769 2572 1847 ὀρφανὸν
2633 1768 2710 1831 εἷς
2765 1767 2973 1844 κέρδος.
3008 1772 3112 1828 Οἷα
3142 1771 3207 1825 τὰ
3238 1769 3290 1825 ἐν
3342 1775 3461 1832 ταῖς
3515 1774 3620 1824 τῶν
3677 1767 3851 1824 πολε-

2201 1879 2316 1929 μων
2349 1863 2656 1931 προνομαῖς
2694 1864 2812 1919 τοῖς
2861 1862 3116 1933 κρατοῦσι
3167 1858 3538 1934 προσγίνεται,
3570 1857 3663 1921 οὓς
3712 1859 3847 1914 ὑπο-

2201 1949 2495 2019 μιμνήσκει
2555 1948 2582 2001 6
2639 1945 2940 2023 λόγος,δτι
2993 1949 3058 2004 Τί
3115 1950 3439 2019 ποιήσουσιν
3464 1947 3514 2004 ἰν
3537 1951 3607 2022 τῇ
3666 1949 3849 2024 ἡμέρᾳ

2195 2042 2295 2105 τῆς
2347 2035 2647 2104 ἐπισκοπῆς
2679 2056 2691 2105 ;
2723 2037 2829 2105 Τὴν
2890 2040 2988 2105 τῆς
3049 2036 3281 2112 κρίσεως
3339 2038 3547 2113 ἡμέραν
3600 2038 3688 2092 καὶ
3748 2044 3851 2106 τῆς

2196 2127 2314 2180 κατ’
2349 2125 2495 2196 ἀξίαν
2549 2130 2656 2180 τῶν
2716 2127 2923 2198 ἑκάστῳ
2982 2125 3550 2201 πεπλημμελημένων
3611 2129 3850 2182 ἀνταπο-

2197 2212 2421 2285 δόσεως,
2468 2215 2768 2284 ἐπισκοπῆς
2830 2217 2971 2271 εἶπεν
3027 2218 3262 2292 ἡμᾶραθ,
3320 2219 3381 2286 ἦν
3430 2217 3645 2278 τούτοις
3695 2218 3852 2273 ἀπει-

2196 2301 2302 2372 λεῖ,
2339 2303 2512 2358 ὅτιἩ
2574 2304 2756 2378 θλίψις
2812 2305 2961 2377 ὑμῶν
3020 2305 3300 2380 πόρρωθεν
3360 2305 3498 2377 ἥξει.
3540 2308 3848 2379 Νοήσωμεν

2197 2389 2251 2446 δὶ
2280 2393 2332 2446 τί
2365 2391 2533 2467 λέγει,
2569 2393 2880 2469 Πόῤῥωθεν,
2918 2392 3113 2456 οὕτως.
3147 2396 3209 2451 Ἡ
3277 2397 3524 2469 σωτηρία
3569 2397 3729 2468 ἡμῶν
3776 2394 3848 2449 οὐ

2193 2481 2492 2557 «aesaes,
2525 2479 2651 2536 ἀλλ’
2683 2481 2836 2556 ἐγγὺς
2896 2485 3054 2554 ἡμῶν
3116 2484 3223 2537 ἐστι
3251 2502 3262 2513 ’
3297 2483 3426 2544 Θεὸς
3471 2484 3593 2558 γὰρ,
3651 2485 3843 2562 φησὶν,

2192 2569 2418 2644 ἰγγίζων
2483 2570 2587 2644 ἐγώ
2632 2570 2778 2643 εἶμι·
2811 2571 2923 2640 καὶ,
2977 2573 3178 2647 Ἐγγιῶ
3224 2574 3336 2645 (78)
3385 2571 3569 2636 αὐτοῖς
3619 2572 3841 2646 μᾶλλον

2191 2661 2224 2729 ἦ
2279 2661 2307 2714 6
2367 2661 2538 2734 χιτὼν
2592 2664 2686 2714 τοῦ
2745 2661 2963 2735 χρωτὸς
3021 2660 3215 2715 αὐτῶν·
3247 2661 3339 2715 καὶ
3393 2661 3580 2718 πάλιν·
3627 2663 3691 2719 ἸΙ
3751 2662 3840 2718 ἄν-

2187 2747 2328 2817 τολή
2400 2749 2558 2819 αὕτη,
2621 2748 2804 2826 φησίν,
2865 2751 2925 2818 ἦν
3003 2748 3334 2823 ἐντέλλομαί
3404 2772 3490 2805 σοι
3573 2753 3840 2825 σήμερον,

2190 2837 2298 2911 οὐχ
2375 2837 2669 2912 ὑπέρογκός
2744 2837 2884 2892 ἐστιν
2922 2880 2935 2906 ,
2998 2835 3122 2893 οὐδε
3205 2840 3413 2912 μακράν
3492 2839 3632 2895 ἐστιν
3731 2842 3845 2897 ἀπὸ

2189 2931 2306 2982 σοῦ.
2368 2927 2482 2982 Οὐκ
2555 2926 2605 2981 ἂν
2680 2925 2760 2998 τῷ
2820 2927 3033 3000 οὐρανῷ
3107 2925 3218 2981 ἅνω
3273 2926 3405 3000 ἐστὶ,
3467 2925 3638 3004 λέγων
3674 2952 3688 2966 ο
3742 2932 3846 2995 Τίς

2188 3010 2512 3086 ἀναϐήσεται
2600 3014 2676 3076 εἷς
2760 3017 2850 3069 τὸν
2912 3015 3162 3092 οὐρανὸν,
3213 3017 3303 3070 καὶ
3372 3019 3604 3091 Αήψεται
3664 3020 3845 3091 αὐτὴν

428 3111 652 3167 dicens:
687 3109 816 3178 Quis
848 3106 1565 3174 trans/retabitnobistrans
1579 3113 1809 3168 mare,”
1837 3104 2072 3169 excipiet

2191 3107 2363 3176 ἡμῖν,
2419 3101 2563 3162 Οὐδὶ
2649 3103 2812 3179 πᾶραν
2899 3112 3000 3174 τῆς
3078 3102 3400 3176 θαλάσσης,
3458 3105 3628 3183 λέγων
3666 3127 3678 3138 ·
3741 3111 3840 3173 Τίς

432 3198 588 3254 illud
618 3199 796 3267 nobis,
827 3205 877 3252 et
904 3195 1191 3250 audientes
1231 3191 1388 3247 illud
1441 3189 1756 3261 faciemus?
1810 3191 1984 3260 Prope
2024 3199 2072 3245 te

2191 3191 2493 3268 Btampa'tcst
2537 3196 2648 3265 (79)
2703 3195 2839 3266 ἡμῖν
2899 3192 2976 3255 είς
3033 3194 3096 3247 τὸ
3144 3194 3308 3268 πὲραν
3376 3201 3474 3264 τῆς
3531 3195 3843 3269 θαλάσσης,

425 3291 505 3341 est
532 3288 754 3341 verbum
786 3287 845 3340 in
876 3299 967 3339 ore
998 3292 1110 3352 tuo,
1167 3284 1305 3335 etin
1334 3279 1491 3334 corde
1547 3282 1636 3333 tuo
1675 3278 1740 3332 εί.
1804 3281 1954 3344 Quin
2011 3284 2071 3334 et

2191 3281 2270 3336 καὶ
2357 3277 2496 3356 λάϐῃ
2575 3281 2743 3351 αὐτὴν
2829 3284 2966 3354 ἡμῖν
3001 3327 3015 3352 ,
3077 3282 3169 3337 καὶ
3255 3282 3578 3347 ἀκούσαντες
3664 3285 3841 3358 αὐτὴν

426 3375 714 3432 Dominus
743 3376 939 3428 noster
969 3371 1086 3427 ait:
1116 3373 1357 3440 Regnum
1391 3369 1485 3422 Dei
1520 3369 1672 3421 intra
1710 3382 1802 3422 vos
1856 3375 1932 3422 est
1995 3367 2060 3420 ".

2191 3371 2536 3443 ποιήσομεν;
2597 3369 2788 3445 Ἐγγύς
2875 3370 2971 3424 σού
3057 3368 3167 3425 ἐστι
3251 3372 3312 3426 τὸ
3371 3371 3564 3449 ῥῆμα,
3615 3373 3665 3428 ἐν
3742 3382 3839 3449 τῷ

425 3464 561 3528 Qua)
585 3463 780 3534 itaque
811 3463 964 3516 bona
989 3463 1128 3514 sunt
1148 3474 1213 3512 ac
1245 3455 1558 3512 conciliant
1587 3455 1864 3521 salutem,
1886 3473 2066 3529 prope

2191 3457 2404 3533 ττόματί
2458 3479 2573 3526 σου,
2605 3459 2694 3514 καὶ
2747 3457 2796 3513 ἰν
2855 3462 2924 3533 τῇ
2981 3457 3176 3537 καρδίᾳ
3230 3481 3347 3518 σου.
3379 3461 3483 3519 Καὶ
3540 3463 3568 3516 6
3623 3464 3834 3538 Κύριος

425 3557 482 3608 et
512 3553 666 3607 intra
699 3568 803 3607 nos
837 3556 977 3604 sunt
1005 3565 1017 3602 :
1052 3564 1180 3618 quae
1213 3545 1761 3614 veruadversantur,
1795 3544 1996 3616 procul
2032 3562 2065 3601 a

2191 3546 2233 3602 εὶ
2290 3550 2490 3620 ἡμῶν,
2549 3549 2610 3605 Ἣ
2685 3547 2934 3624 βασιλεία
3003 3553 3098 3604 τοῦ
3175 3553 3346 3619 Θεοῦ,
3407 3551 3568 3628 φησὶν
3603 3597 3617 3623 ,
3671 3552 3829 3618 ἐντὸς

425 3642 594 3697 nobis
607 3639 968 3703 veniunt.55
984 3641 1018 3693 7
1051 3653 1183 3691 cum
1207 3636 1324 3690 sint
1346 3639 1504 3689 extra
1521 3651 1624 3688 nos
1640 3633 2062 3705 posita.Pecca-

2191 3637 2325 3708 ip.th
2361 3636 2492 3692 ἐστι.
2521 3638 2596 3691 Τά
2645 3637 2738 3710 μὲν
2787 3635 2878 3692 οὖν
2918 3637 3220 3711 κρείττονα,
3251 3640 3340 3694 καὶ
3387 3637 3458 3694 δι’
3499 3642 3574 3695 ὧν
3631 3644 3666 3711 ἡ
3724 3664 3840 3697 σω-

420 3735 546 3786 tum
579 3731 736 3800 enim
759 3729 1002 3784 insitum
1027 3742 1140 3780 non
1156 3729 1244 3780 est
1261 3730 1468 3779 nostrae
1487 3725 1834 3793 naturae,sed
1863 3727 2066 3795 postea

2191 3725 2355 3800 τηρία,
2417 3725 2580 3800 ἐγγὺς
2638 3728 2797 3798 ἡμῶν
2856 3725 2968 3782 ἐστι
3024 3727 3113 3782 καὶ
3155 3726 3327 3791 ἐντός
3377 3731 3443 3783 τὰ
3475 3727 3531 3784 δὲ
3591 3729 3838 3803 ἐναντία,

418 3819 750 3876 intervenit.
783 3821 966 3883 Quam
997 3817 1068 3871 ob
1110 3831 1345 3870 causam
1385 3813 1820 3869 tribulationem
1863 3813 2060 3877 etiam,

2191 3817 2334 3887 ίλμῶν
2361 3817 2471 3888 (80)
2503 3815 2780 3891 πόρῥωθεν
2813 3813 3053 3891 ἔρχεται,
3085 3815 3238 3879 ἐκτὸς
3264 3820 3424 3891 ἡμῶν
3456 3822 3839 3895 τυγχάνοντα.

417 3926 544 3982 quae
567 3909 636 3965 ad
670 3908 885 3964 delicta
918 3905 1222 3978 plectenda
1242 3903 1512 3968 infertur,
1539 3920 1569 3957 e
1592 3902 1910 3974 longinquo
1929 3919 2061 3958 ven-

2191 3904 2249 3961 )6
2281 3905 2385 3979 γὰρ
2411 3907 2478 3978 τῇ
2509 3908 2811 3979 κατασκευῇ
2843 3907 3004 3978 ἡμῶν
3039 3904 3330 3981 ἐνυπάρχει
3363 3909 3397 3978 ἡ
3423 3908 3841 3984 ἁμαρτία,ἀλλ’

414 4003 609 4054 turam
627 4014 756 4053 esse
786 3997 1207 4052 interminatur
1230 3993 1532 4065 propheta.

2191 3992 2394 4068 ἱστερον
2456 3993 2854 4069 ἐπιγεγένηται.
2914 3995 3012 4049 Διὰ
3066 3999 3227 4050 τοῦτο
3285 3997 3372 4051 καὶ
3434 3999 3469 4066 ἡ
3531 3996 3739 4071 θλίψις,
3795 4003 3832 4071 ἡ

415 4085 502 4142 ἰπὶ
531 4091 649 4149 τοῖς
674 4083 984 4158 πλημμελή
998 4103 1155 4156 μασιν
1188 4080 1515 4153 ἐπαγομένη,
1551 4079 1828 4156 πόρρωθεν
1860 4079 2004 4150 ἥξειν
2034 4081 2334 4137 ἀπειλεῖται
2368 4088 2514 4156 παρᾶ
2536 4087 2632 4137 τοῦ
2668 4085 2970 4161 προφήτου.

481 4195 607 4250 234.
639 4193 814 4248 Vane.
845 4192 1003 4246 5-10.
1041 4190 1128 4246 νεε
1158 4189 1415 4257 Assyriis.
1456 4192 1629 4254 Virga
1663 4189 1871 4254 furoris
1928 4191 2057 4254 mei,

2242 4189 2367 4245 234.
2457 4188 2594 4245 Οὐαὶ
2678 4191 3002 4265 Ἀσσυρίοις.
3058 4192 3120 4246 Ἠ
3189 4187 3388 4266 ῥάϐδος
3469 4199 3567 4248 τοῦ
3644 4199 3832 4267 θυμοῦ

415 4290 467 4338 et
497 4285 585 4337 ira
613 4289 690 4336 est
727 4282 786 4335 in
806 4279 1069 4334 manibus
1100 4292 1309 4330 eorum.
1347 4277 1493 4328 Iram
1524 4291 1702 4328 meam
1732 4276 1792 4328 in
1848 4281 2056 4345 gentem

2191 4297 2308 4342 LOU,
2367 4277 2458 4331 καὶ
2515 4281 2626 4350 (81)
2678 4277 2816 4353 ὀργή
2876 4278 3015 4334 ἐστιν
3071 4279 3123 4334 ἐν
3183 4286 3302 4345 ταῖς
3359 4283 3546 4357 χερσὶν
3614 4285 3828 4345 αὐτῶν.

413 4371 665 4440 iniquam
694 4370 936 4433 mittam,
968 4378 1018 4420 et
1046 4365 1242 4435 papqu
1275 4379 1390 4416 meo
1419 4365 1741 4432 praecipiam
1772 4374 1829 4417 ut
1884 4366 2059 4433 faciat

2191 4366 2279 4432 Γῆν
2337 4365 2506 4440 ὀργήν
2571 4387 2677 4440 μου
2733 4367 2808 4429 εἷς
2869 4366 3018 4430 ἔθνος
3077 4367 3281 4442 ἄνομον
3345 4371 3670 4442 ἀποστελῶ,
3730 4374 3829 4429 καὶ

406 4458 606 4529 spolia,
637 4464 687 4514 et
715 4455 1212 4528 depopulationem,
1258 4456 1309 4505 et
1364 4452 1640 4506 conculcet
1691 4453 1956 4523 civitates,
2008 4463 2059 4510 et

2191 4458 2246 4525 τῷ
2306 4453 2424 4527 ἐμῷ
2479 4453 2600 4529 λαῷ
2677 4459 2915 4528 συνταξω
2973 4465 3205 4529 ποιῆσαι
3264 4459 3472 4530 σκῦλα,
3533 4463 3620 4517 καὶ
3682 4483 3829 4537 προσ

431 3024 647 3091 οωιαηι,
679 3027 736 3077 et
765 3021 1004 3090 accipiet
1033 3016 1170 3072 illud
1210 3015 1408 3070 nobis?
1467 3015 1645 3084 Neque
1703 3018 1859 3068 trans
1906 3029 2072 3079 mare,

477 4654 522 4690 ⁴⁰
543 4651 658 4711 Col.
695 4670 757 4722 ιι,
785 4651 870 4708 14.
946 4651 990 4686 ⁸ο
1019 4649 1504 4707 Jerem.xx11123.
1582 4649 1624 4684 ⁸⁸
1660 4649 1826 4705 Deut.
1854 4667 1985 4721 xxx,
2018 4650 2072 4706 14

2197 4693 2207 4705 .
2286 4652 2331 4686 δ’
2351 4653 2487 4708 Luc.
2521 4671 2661 4723 xvu,
2689 4656 2779 4711 21.

2158 4848 2388 4975 justutm
2415 4851 2728 4920 judicium,
2752 4868 3005 4924 cumque
3034 4852 3341 4910 facultates
3389 4853 3633 4927 inopum
3673 4855 3826 4912 diri-

2165 4937 2301 4975 nlun
2340 4963 2351 4975 .

2206 4938 2351 4976 lunt.

2164 4937 2351 5068 ΙἶΙῗἹΠΒἘ).
2377 4992 2571 5048 Monet
2601 4995 2864 5068 Ducasus.
2900 5011 2961 5068 se
2994 4995 3148 5051 hunc
3186 4995 3379 5051 locum
3441 4997 3538 5052 diu
3596 4999 3820 5068 quaesi-

2160 5063 2333 5137 visse.
2366 5081 2468 5118 nec
2498 5071 2692 5121 tamen
2728 5066 2785 5121 in
2817 5067 3121 5137 Scriptura
3151 5068 3466 5124 invenisse.
3511 5063 3688 5124 Recte
3751 5087 3822 5126 ac

2158 5136 2478 5211 prudenter
2497 5141 2714 5211 suadet
2741 5140 2828 5193 vir
2853 5136 3329 5204 doetissimusmt
3351 5140 3655 5195 videamus
3677 5158 3824 5211 pro-

2156 5209 2439 5283 verbium,
2471 5210 2673 5264 Tunica
2702 5211 2943 5280 propior.
2970 5214 3116 5264 Puto
3164 5211 3324 5266 enim
3380 5212 3614 5283 vulgare
3671 5209 3820 5283 pro-

2155 5279 2437 5352 verbium,
2474 5298 2586 5335 non
2617 5279 2977 5352 Scripturam
3011 5299 3236 5337 sacram
3280 5283 3390 5339 hoc
3435 5279 3561 5339 loco
3614 5279 3817 5341 citari.

2226 5351 2332 5414 (79»
2369 5351 2506 5422 Reg.
2534 5348 2801 5426 quartus,
2825 5348 3141 5426 διαπεράσῃ.
3177 5353 3308 5426 Mox
3359 5356 3498 5410 editi
3535 5359 3593 5410 et
3638 5355 3822 5425 quin-

2151 5423 2667 5496 ουολιῐιυ-εηᾳύτήν
2697 5423 3142 5496 «etiamnum
3202 5425 3261 5478 in
3325 5426 3463 5496 Reg.
3523 5423 3698 5482 tertio
3759 5433 3830 5484 et

2150 5493 2473 5566 apuerXX
2505 5494 2740 5566 legitur,
2775 5493 3268 5565 ὖτήνποιήσομεν.

2219 5563 2330 5639 (ξζΟ)
2362 5566 2523 5639 Editi
2555 5563 2611 5622 et
2630 5575 2881 5639 quatuor
2912 5585 3081 5633 mss.,
3103 5563 3288 5638 ἡμῶν.
3323 5568 3436 5623 Alii
3469 5568 3608 5635 duo,
3641 5569 3820 5639 ἡμῖν.

2217 5635 2330 5704 (81)
2361 5635 2732 5711 Εόὶῐὶμαῖἡ.
2781 5641 2953 5697 Deest
2983 5635 3266 5696 articulus
3309 5641 3367 5695 in
3420 5641 3642 5698 nostris
3689 5635 3826 5702 ’θοι

2147 5722 2288 5765 IDES.

479 4848 592 4969 (76)
632 4849 869 4921 Antiqui
899 4851 1017 4904 tres
1050 4845 1201 4917 libri,
1237 4849 1604 4969 γραγιματεῖα.

479 4922 566 4969 (77
614 4921 735 4969 Illa-
771 4919 1178 4969 ’διαστρέφοντες
1211 4938 1273 4969 το
1305 4931 1331 4969 ο
1360 4937 1531 4969 καιον.
1559 4925 1604 4969 el

475 4915 588 4992 (77)
614 4921 736 4996 Illa,
771 4915 1285 4996 διαστρέφοντεςτὸ
1305 4915 1532 4996 δίκαιον,
1559 4925 1692 4982 etc.,
1729 4919 2052 4996 afferuntur

403 4991 462 5048 in
490 4990 759 5064 Hekaplis
789 4990 1070 5064 tanquam
1095 4992 1142 5044 si
1169 4991 1496 5064 cujuspiarn
1516 4990 2050 5064 interpretisverba

405 5061 761 5121 ἴοι-θοι.Μὶὴί
796 5061 992 5120 ιιιιηόιι
1027 5064 1220 5117 nescio
1245 5062 1537 5131 quomodo
1571 5061 1943 5116 verisimilius
1964 5061 2048 5126 ﬁt,

403 5138 578 5194 verba
609 5154 723 5193 non
754 5153 882 5193 esse
910 5134 1836 5205 cuiusquaminterpretis,neque
1862 5133 2049 5202 Aqui-

406 5202 1300 5284 lae,nequeSymmaclbi,:ncqlie
1356 5202 1787 5284 :Fbeodotionis,
1859 5220 2047 5284 neque

406 5275 774 5351 ceterorum,
799 5282 898 5337 sed
923 5276 1184 5334 scholion
1221 5275 1512 5351 quoddam
1549 5292 1692 5340 esse,
1729 5283 1829 5351 aut
1852 5275 2044 5351 potius

405 5345 853 5410 declarationem
889 5352 1194 5428 verborum
1228 5346 1578 5428 Seriumne.-
1603 5345 1867 5428 τξφνηρίαν
1893 5345 2046 5428 ,γρά-

404 5445 583 5500 φουσᾲι,
616 5425 862 5482 scribunt
908 5423 1231 5500 malitiam.
1265 5419 1524 5500 Scriptor
1566 5419 1766 5500 igitur,
1814 5419 2038 5500 opinor,

401 5488 508 5552 Hoc
540 5488 663 5554 loco
697 5516 810 5552 non
844 5497 1194 5564 cujusquam
1218 5488 1553 5564 interpretis
1579 5489 1756 5564 verba
1785 5491 2036 5564 profert;

401 5569 539 5636 imo,
576 5570 685 5626 nisi
715 5561 1226 5634 valdel'allor,ipsc
1258 5562 1632 5636 interpretem
1670 5561 1823 5629 agit;
1868 5563 2034 5636 quasi

397 5633 648 5697 diceret:
681 5645 804 5696 Mea
833 5640 1068 5711 quidem
1117 5633 1405 5711 sententia
1460 5633 1706 5687 scribunt
1762 5635 2036 5688 malitiam

392 5715 546 5794 tum,
595 5729 726 5769 cum
775 5707 1302 5784 ad‘oppriiLendos
1351 5721 1637 5778 pauperes
1700 5713 2035 5778 pervertunt
