4074 6222
273 356 392 416 529

1102 355 1506 416 COMMENT.
1555 357 1632 416 IN
1677 356 1943 417 ISAIAM
1993 357 2493 416 PBOPHETAM.
2542 356 2688 416 CAP
2755 355 2828 413 Χ.

3568 355 3688 416 530

273 487 475 558 νομὴν,
555 487 644 540 καὶ
736 490 1059 540 καταπατεῖν
1142 484 1237 548 τὰς
1315 485 1529 556 πόλεις,
1603 487 1694 541 καὶ
1775 488 1884 542 Θεῖν

2002 551 2005 558 _
2033 498 2203 561 ponat
2230 506 2321 546 ea:
2351 493 2411 546 in
2441 491 2736 561 pulverem.
2760 492 2878 560 Ipse
2907 494 3088 546 autem
3116 505 3226 545 non
3267 490 3347 544 sic
3398 491 3682 559 cogitavit,

267 574 430 636 αὖτᾶς
484 573 560 637 εἷς
616 595 938 648 κονιορτον.
998 573 1169 637 Αὖτὸς
1230 573 1286 630 δὲ
1347 575 1452 652 οὐχ
1509 574 1682 638 οὕτως
1741 575 1918 630 ὶνεϐυ-

535 665 624 718 καὶ
683 667 752 737 τῇ
805 666 958 738 ψυχῇ
1019 663 1126 740 οὐχ
1183 662 1325 718 οὕτω
1381 663 1723 740 λελόγισταιο
1791 664 1916 720 ἂλΛ’

267 665 417 737 inter.
435 706 450 733 ε

2028 587 2080 635 et
2109 581 2167 634 in
2213 581 2395 635 animo
2428 596 2536 634 non
2581 581 2664 634 sic
2721 581 3040 648 reputavit:
3096 578 3189 634 sed
3237 577 3474 633 abscedet
3525 593 3680 634 mens

2027 669 2144 733 eius
2173 669 2366 735 etiam,
2399 678 2462 724 ut
2501 668 2782 740 disperdat
2841 672 3022 739 gente:
3079 683 3188 723 non
3235 682 3460 738 paucas.
3517 667 3582 720 Et
3629 668 3677 721 si

263 752 564 822 ἀπαλλάξει
643 755 670 806 ὁ
757 751 880 814 νοῦς
964 752 1128 807 αὑτοῦ
1205 754 1293 808 καὶ
1365 758 1463 808 τοῦ
1541 753 1889 828 ἰξολοθρεῦσα

2025 758 2270 813 dixerint
2300 760 2373 828 ei,
2407 759 2480 812 Tu
2527 759 2674 813 solus
2703 775 2760 812 es
2813 760 3095 829 princeps,
3143 755 3527 826 respondebit:
3558 755 3676 810 Non

259 836 389 911 ἔθνη
444 842 547 896 οὐκ
604 840 784 916 ὀλίγα,
844 843 948 897 Καὶ
1010 843 1096 896 ἐὰν
1158 838 1378 897 εἴπωσιν
1435 843 1584 914 αὐτῷ
1641 845 1777 916 (82),
1838 842 1889 896 Σί

2022 849 2142 916 cepi
2170 850 2449 916 regionem
2482 864 2596 917 qua:
2625 855 2706 901 est
2729 863 2896 917 supra
2914 845 3265 917 Babylonem,
3299 852 3349 899 et
3371 844 3670 910 Chaldaeo,

263 928 430 1002 μόνος
509 929 558 984 εἶ
629 930 836 1004 ἄρχων,
911 929 1038 1004 ἐρεῖ·
1114 931 1226 986 Οὐκ
1295 925 1491 985 ἔλαϐον
1559 931 1656 1000 τὴν
1721 933 1908 1005 χώραν

251 1021 354 1087 τὴν
415 1015 595 1072 ἐπάνω
657 1013 1032 1087 Βαϐυλῶνος,
1097 1020 1183 1073 καὶ
1265 1021 1362 1088 τήν
1425 1019 1700 1089 Χαλάνην,
1761 1018 1822 1073 οὗ
1882 1022 1909 1074 ὁ

253 1105 465 1181 πύργος
542 1103 904 1179 ᾠκοδομήθη.
992 1108 1094 1162 Καὶ
1184 1102 1379 1163 ἔλαϐον
1454 1110 1552 1178 τὴν
1631 1103 1908 1183 ’Δραϐίαν,

248 1196 343 1249 καὶ
402 1196 730 1268 Δαμασκὸν,
792 1215 879 1249 και
948 1197 1256 1272 Σαμάρειαν
1293 1238 1306 1253 .
1363 1199 1460 1254 Ὃν
1518 1197 1722 1272 τρόπον
1779 1197 1908 1253 ταύ-

247 1304 345 1346 τας
415 1279 636 1354 ἔλαϐον,
713 1284 802 1339 καὶ
861 1287 1035 1347 πάσας
1105 1285 1202 1348 τὰς
1260 1283 1435 1361 ἅρχὰς
1483 1284 1758 1360 λήψομαι.
1813 1287 1909 1342 Διὰ

246 1373 311 1427 τὸ
371 1370 586 1442 πλῆθος
617 1377 724 1428 τῶν
756 1372 995 1446 ἀνομιῶν
1048 1376 1144 1427 τοῦ
1193 1371 1351 1444 λαοῦ,
1410 1375 1686 1450 ’Δσσῦριοι
1720 1375 1905 1438 αὐτοῖς

248 1460 567 1538 ἰπάγονταιδ
630 1462 696 1516 οὐ
755 1460 845 1517 διὰ
901 1463 1000 1532 τήν
1069 1463 1270 1517 ἑαυτῶν
1331 1461 1699 1535 δικαιοσύνην,
1758 1463 1905 1520 ἀλλὰ

247 1548 339 1606 διὰ
412 1553 513 1620 τὴν
589 1546 1037 1626 ὑπερϐάλλουσαν
1109 1556 1206 1606 τοῦ
1265 1549 1402 1608 λαοῦ
1458 1550 1688 1610 ἀδικίαν.
1746 1543 1906 1609 Ἀλλ’

249 1641 408 1711 ὅμως
436 1638 526 1694 καὶ
588 1640 760 1712 οὗτοι,
818 1642 893 1713 μὴ
927 1643 1193 1713 νοοῦντες,
1225 1640 1306 1696 ὅτι
1337 1640 1452 1696 ἀντὶ
1488 1643 1748 1717 μάστιγος
1777 1663 1900 1696 παι-

246 1726 500 1798 δευτικῆς
565 1731 702 1784 κατὰ
765 1733 860 1784 τοῦ
925 1728 992 1784 τὰ
1049 1731 1165 1786 Θεῖα
1214 1729 1423 1804 νόμιμα
1473 1727 1901 1806 παραϐαίνοντος

2022 936 2120 990 ubi
2150 939 2320 991 (ariis
2339 936 2608 1006 aediﬁcata
2635 935 2843 991 estSed
2893 935 3010 1006 cepi
3054 935 3337 999 Arabiam,
3367 937 3420 988 et
3467 933 3672 987 Dama-

2019 1041 2192 1094 scum,
2223 1033 2275 1080 et
2304 1025 2809 1082 Samariam.Sicut
2843 1025 2939 1078 ha:
2967 1026 3106 1095 cepi.
3139 1025 3218 1078 sic
3245 1035 3429 1077 omnes
3455 1022 3671 1092 princi-

2017 1122 2180 1184 patu:
2198 1116 2434 1185 capiam.
2468 1115 2708 1185 Propter
2721 1113 3154 1168 multitudinem
3173 1111 3550 1181 iniquitatum
3565 1125 3665 1180 po-

2019 1203 2574 1274 puli,immittuntur
2598 1203 2654 1257 in
2691 1219 2789 1258 eos
2820 1201 3191 1274 Assyrii,non
3223 1200 3295 1254 ob
3327 1197 3667 1269 suamipso-

2018 1307 2148 1346 rum
2169 1291 2594 1360 justitiam,sed
2618 1292 2688 1346 ob
2710 1291 2950 1346 nimiam
2976 1289 3176 1361 populi
3207 1288 3577 1358 iniquitatem
3597 1286 3661 1341 ⁸⁸.

2015 1382 2286 1435 Attamen
2317 1384 2373 1436 et
2412 1380 2469 1434 hi
2502 1395 2635 1434 cum
2667 1379 3196 1449 nonintelligerent
3221 1377 3436 1432 ascitos
3458 1389 3661 1430 seesse

2015 1470 2294 1524 adversus
2340 1469 2618 1540 populum
2681 1467 2886 1522 divinas
2935 1466 3080 1538 legis
3138 1465 3473 1519 violatorem
3531 1462 3658 1519 loco

2014 1559 2224 1631 ﬂagelli
2261 1559 2331 1614 ad
2363 1558 2770 1630 castigandum
2795 1554 3216 1620 destinati,imo
3233 1569 3365 1609 cum
3387 1553 3660 1608 efferrent

2012 1665 2096 1719 se,
2144 1654 2425 1721 tanquam
2475 1647 2750 1703 maximis
2807 1645 3093 1716 pollerent
3138 1642 3382 1708 viribus,
3442 1640 3570 1695 ideo
3622 1657 3657 1696 a

2008 1736 2311 1807 Scriptura
2341 1735 2620 1790 dicuntur
2649 1731 2868 1788 miseri.
2910 1731 3006 1784 Vae
3037 1731 3223 1799 vobis,
3273 1726 3518 1799 Assyrii,
3550 1726 3652 1799 qui

246 1816 383 1873 λαοῦ
415 1815 659 1873 δὲδονται
710 1820 848 1892 (83),
901 1815 1027 1874 ἀλλ’
1076 1819 1156 1923 ἐρ’
1187 1819 1416 1888 ἑαυτοῖς,
1449 1819 1524 1882 ὡς
1553 1817 1617 1890 δή
1649 1841 1768 1875 τινα
1799 1818 1889 1874 δύ-

2007 1825 2169 1897 virga
2199 1825 2342 1880 estis
2364 1823 2576 1878 furoris
2643 1821 2796 1890 mei;
2829 1821 2928 1892 qui
2977 1819 3119 1876 estis
3166 1818 3649 1886 instrumentum,

241 1926 401 1979 ναμιν
477 1907 833 1982 κεκτημένοις
864 1951 879 1978 ,
959 1905 1385 1983 μεγαλυνόμενοι
1421 1953 1434 1978 ,
1508 1910 1888 1980 ταλανίζονται

237 1995 388 2069 παρὰ
410 1999 509 2051 τοῦ
552 1993 740 2073 λόγου.
794 1996 927 2053 Οὐαὶ
984 1997 1134 2070 ἁμῖν,
1190 1996 1490 2073 Ἀσσύριοι,
1549 1999 1747 2064 οἷ’τινες
1793 2000 1886 2076 ῥά-

240 2078 372 2145 ϐδος
420 2083 536 2140 ἐστὶ
585 2089 682 2140 τοῦ
721 2086 895 2158 Θυμοῦ
944 2106 1070 2158 μου,
1120 2081 1346 2162 ὄργανον
1392 2087 1714 2144 κολαστικόν
1747 2088 1885 2160 ἐστε,

235 2171 335 2226 οὔκ
390 2172 567 2244 οῗκείᾳ
620 2170 841 2247 δυνάμει
888 2179 1113 2248 ποιεῖτε,
1171 2173 1316 2232 ἀλλὰ
1368 2181 1436 2251 τῇ
1479 2182 1579 2232 τοῦ
1609 2183 1888 2242 κινοῦντος

236 2259 478 2337 ἕνεργείᾳ
524 2267 640 2324 τοῖς
688 2261 854 2333 ἀξίοις
900 2267 998 2317 τοῦ
1041 2260 1392 2339 συντριϐῆναι
1440 2265 1731 2342 ιπάγεσθε.
1785 2270 1887 2325 Καὶ

237 2349 400 2425 ὀργὴ,
469 2352 658 2428 φησὶν,
726 2351 866 2405 ἱστὶν
942 2350 995 2406 ἐν
1067 2358 1186 2416 ταῖς
1256 2356 1443 2430 χερσὶν
1522 2355 1719 2412 αὐτῶν.
1779 2360 1885 2428 Τὴν

235 2436 522 2493 παίδευσιν
573 2438 793 2494 ἐνταῦθα
843 2445 1084 2518 φανερῶς
1139 2443 1305 2518 ὀργὴν
1351 2443 1630 2516 ὀνομάζει,
1678 2446 1752 2507 ὡς
1798 2447 1886 2501 καὶ

237 2530 268 2583 ὁ
321 2526 686 2602 Ψαλμῳδός.
747 2528 903 2600 Μηδὶ
956 2535 1024 2605 τῇ
1077 2533 1214 2607 ὀργῇ
1272 2555 1404 2603 σου,
1458 2533 1746 2610 παιδεύσῃς
1801 2557 1882 2610 με.

238 2615 530 2680 Παίδευσις
578 2617 670 2672 οὖν
715 2621 826 2692 (84)
877 2624 974 2675 τοῦ
1019 2621 1237 2695 Ἰσραὴλ
1289 2621 1341 2676 ἐν
1392 2628 1509 2684 ταῖς
1551 2624 1736 2699 χερσίν
1778 2625 1887 2680 ἐστι

232 2709 344 2760 τῶν
405 2705 750 2780 ’Δσσυρίων.
794 2709 899 2777 Τὴν
957 2709 1125 2784 ὀργήν
1186 2731 1291 2783 μου
1340 2709 1417 2772 εἷς
1475 2709 1625 2776 ἔθνος
1684 2712 1886 2786 ἄνομον

236 2793 550 2850 ἀποστελῶ.
599 2796 706 2863 Τὴν
749 2795 974 2851 κόλασιν
1029 2802 1106 2870 τῷ
1154 2799 1230 2872 μὴ
1281 2800 1416 2854 κατά
1461 2801 1550 2854 τὸν
1593 2801 1762 2876 νόμον
1792 2803 1884 2858 τὸν

240 2880 666 2959 διατεταγμένον
719 2886 866 2956 αὐτῷ
936 2886 1086 2960 βιοῦν
1139 2888 1460 2963 ἀνεχομᾶνῳ
1515 2887 1634 2963 λαῷ
1686 2889 1883 2964 ἆπάξω.

235 2971 340 3028 Καὶ
417 2975 498 3042 τῷ
578 2970 697 3043 ἐμῷ
772 2970 893 3044 λαῷ
966 2975 1203 3044 συντάζω
1255 2983 1480 3046 ποιῆσαι
1537 2977 1727 3037 σκῦλα.
1789 2982 1887 3034 Διά

229 3059 329 3127 τήν
379 3056 791 3136 φιλανθρωπίαν
839 3057 917 3116 ἔτι
971 3059 1106 3117 ἴδιον
1161 3062 1415 3138 ὀνομάζει
1474 3066 1606 3120 λαὸν
1637 3067 1740 3120 τὸν*
1760 3067 1882 3122 ἀνο-

236 3149 486 3219 μήσαντα
517 3149 545 3202 ὁ
577 3149 776 3222 ἀγαθὸς
805 3149 954 3211 Θεός.
996 3153 1115 3206 Ὅτι
1165 3152 1258 3225 μὶν
1312 3156 1414 3229 γὰρ
1460 3155 1729 3228 ήνόμησε,
1787 3157 1884 3225 τήν

234 3237 411 3309 ὀργὴν
454 3235 780 3292 ἀποστάλλει
1012 3240 1161 3295 Ἐπεὶ
1207 3237 1264 3295 δὲ
1310 3241 1470 3297 αὐτὸν
1521 3244 1656 3314 ἅπαξ
1706 3243 1882 3300 είλετο

230 3321 323 3378 διὰ
350 3325 451 3393 τήν
484 3323 722 3401 ἐκλογήν
761 3330 869 3381 τῶν
916 3327 1181 3401 πατᾶρων,
1225 3330 1321 3385 οὐκ
1352 3331 1664 3406 ἀπαρνεῖται
1715 3333 1882 3388 αὐτοῦ

226 3415 328 3482 τὴν
364 3411 660 3471 οῗκείωσιν.
713 3417 999 3472 Συντάσσω
1041 3416 1157 3489 οῦν,
1221 3421 1374 3494 φησὶ,
1434 3428 1658 3492 ποιῆσαι
1709 3421 1884 3478 σκῦλα

227 3503 319 3558 καὶ
401 3505 711 3580 προνομὴν,
788 3505 876 3560 καὶ
945 3514 1268 3564 καταπατεῖν
1343 3509 1438 3572 τὰς
1513 3511 1727 3580 πόλεις,
1793 3511 1881 3568 καὶ

231 3599 407 3656 θεῖναι
467 3593 635 3657 αὐτὰς
662 3593 736 3656 εἷς
777 3597 1080 3670 κονιορτόνσ
1119 3598 1208 3652 ἳνα
1265 3596 1517 3671 εἰδῶμεν,
1571 3600 1652 3655 ὅτι
1709 3603 1883 3657 πάντα

227 3684 330 3737 δσα
395 3683 683 3758 πάσχομεν
755 3686 1070 3756 σκυθρωπὰ,
1150 3686 1210 3741 ἔκ
1267 3694 1366 3757 τῆς
1429 3689 1572 3752 θείας
1623 3687 1882 3766 διαταγῆς

233 3769 606 3843 ὑπομένομεν.
652 3773 769 3829 Οὔκ
799 3771 858 3843 ἐᾷ
896 3776 1000 3849 γὰρ
1043 3776 1190 3848 ἡμᾶς
1233 3773 1485 3838 ἐκδότους
1540 3783 1658 3840 ταῖς
1708 3800 1879 3850 πονη-

227 3865 351 3931 ραῖς
381 3859 473 3913 καὶ
517 3859 868 3924 κολαστικαῖς
902 3859 1211 3936 δυνάμεσιν,
1244 3863 1370 3920 ἀλλ’
1401 3864 1558 3928 αὐτὸς
1604 3867 1671 3921 τὰ
1712 3869 1880 3943 μίτρα

227 3947 406 4021 ὁρίζει
460 3953 568 4002 τῶν
624 3948 899 4005 κολάτεων
950 3953 1082 4024 (86),
1145 3953 1543 4028 στοχαζόμενος
1573 3962 1673 4024 τῆς
1721 3954 1880 4011 δυνά-

233 4057 381 4109 μεως
408 4042 517 4092 τῶν
559 4039 1029 4112 θεραπευομένων.
1066 4040 1248 4096 Σκῦλα
1282 4044 1376 4115 μὲν
1408 4041 1498 4097 οὖν
1533 4042 1641 4099 ἐστι
1673 4045 1738 4100 τὰ
1764 4051 1880 4109 τοῖς

229 4131 448 4200 νεκροῖς
494 4132 612 4188 τοῖς
669 4131 921 4182 πεσοῦσιν
977 4128 1028 4183 ἐν
1074 4127 1308 4204 πολέμῳ
1349 4132 1715 4206 περικείμενον
1779 4132 1883 4189 ε’ίτε

232 4213 403 4286 ὅπλα,
455 4213 561 4271 εἷ’τε
611 4215 790 4287 ἐσθὴς,
838 4214 944 4273 εἴτε
982 4239 1063 4281 τις
1110 4215 1293 4295 ἕτερος
1338 4219 1566 4293 κόσμος·
1627 4225 1880 4298 προνομὴ

229 4300 314 4372 δὶ,
357 4307 393 4372 ἡ
442 4300 678 4377 διανομή
745 4310 852 4360 τῶν
914 4305 1172 4384 λαφύρων
1236 4309 1371 4364 κατὰ
1429 4311 1528 4380 τὴν
1580 4309 1724 4380 ἀξίαν
1776 4315 1880 4366 τῶν

230 4393 648 4465 κεκρατηκότων
709 4391 1073 4470 διανεμομένη
1112 4439 1124 4452 .
1205 4397 1630 4468 Ἐκελεόσθησαν
1695 4399 1785 4453 οὖν
1833 4401 1886 4454 οἱ

2004 1933 2118 1988 quo
2151 1932 2330 1988 prensa
2364 1914 2748 1985 infliguntur;
2783 1929 2898 1966 non
2933 1909 3105 1982 agitis
3159 1912 3354 1964 vestra
3382 1908 3597 1962 virtute
3630 1924 3645 1974 ;

1999 2005 2098 2060 sed
2132 2005 2177 2058 si
2207 2009 2263 2058 et
2293 2019 2466 2075 opera
2489 2003 2618 2072 ejus
2649 2002 2747 2072 qui
2791 2017 2890 2055 vos
2927 2003 3138 2067 movet,
3170 1995 3518 2054 inducimini
3541 1996 3646 2050 ad-

1995 2108 2228 2148 versum
2247 2091 2473 2161 eos,qui
2516 2089 2677 2161 digni
2708 2093 2849 2144 sunt
2878 2088 2974 2158 qui
3017 2090 3412 2142 conterantur.
3444 2087 3509 2140 Et
3531 2086 3640 2151 ira,

1998 2181 2211 2252 inquit,
2231 2188 2308 2235 est
2334 2183 2392 2236 in
2421 2176 3164 2235 manibuseorumﬂooloco
3196 2176 3637 2246 castigationem

1997 2269 2304 2342 perspicue
2335 2267 2602 2324 nominat
2658 2268 2837 2333 iram;
2895 2265 3394 2337 quemadmodum
3451 2263 3534 2317 ait
3593 2267 3650 2318 et

1999 2357 2222 2413 Psaltes
2265 2373 2278 2412 :
2332 2357 2436 2412 Nec
2483 2357 2543 2410 in
2582 2359 2673 2410 ira
2723 2360 2819 2410 tua
2869 2354 3133 2424 corripias
3187 2368 3273 2406 me
3327 2351 3391 2404 “.
3446 2355 3647 2420 itaque

1999 2446 2230 2502 Israelis
2261 2445 2540 2502 correctio
2571 2448 2687 2499 stat
2715 2444 2773 2498 in
2806 2441 3077 2497 manibus
3099 2440 3646 2512 Assyriorueram

1999 2552 2176 2591 meam
2204 2537 2264 2591 in
2294 2543 2510 2604 gentem
2539 2535 2787 2603 iniquam
2818 2533 3055 2584 mittam.
3095 2528 3644 2582 Animadvertamin

1999 2624 2409 2697 populum,qui
2445 2623 2621 2678 vitam
2646 2623 2714 2676 ad
2729 2619 2996 2684 legissibi
3031 2619 3363 2674 constitutas
3379 2631 3644 2671 normam

1998 2713 2308 2770 instituere
2337 2712 2626 2768 noluit.Et
2652 2710 2848 2782 populo
2877 2724 2993 2763 meo
3032 2708 3360 2778 praecipiam
3391 2713 3451 2759 ut
3468 2706 3644 2776 faciat

1995 2803 2191 2875 spolia.
2223 2799 2732 2856 Clementissimus
2792 2803 2940 2854 Deus
3000 2812 3112 2867 pm
3144 2811 3252 2848 sua
3283 2793 3640 2864 benignitate

1995 2891 2300 2965 p0pulum,
2331 2889 2469 2944 licet
2498 2889 2697 2960 inique
2719 2884 3217 2957 agentem,adhuc
3246 2899 3421 2937 suum
3446 2879 3641 2952 appel-

1994 2981 2097 3036 lat.
2133 2979 2294 3044 Quod
2339 2979 2495 3033 enim
2527 2978 2725 3047 inique
2776 2973 2978 3045 egerit,
3010 2973 3278 3027 immittit
3308 2972 3495 3040 iram;
3529 2970 3631 3024 sed

1995 3067 2340 3142 quiaipsum
2369 3064 2818 3136 semelelegitob
2854 3062 3141 3119 delectum
3173 3060 3634 3132 progenitorum.

1997 3159 2152 3214 hunc
2183 3157 2294 3212 sibi
2330 3154 2679 3228 peculiarem
2713 3169 2840 3208 esse
2868 3156 2925 3205 et
2954 3151 3250 3222 proprium
3276 3165 3389 3203 non
3441 3151 3634 3219 negat.

1915 3223 1956 3288 Ο
1993 3248 2179 3304 Juheo
2209 3223 2702 3318 igitur,inquit,ut
2735 3240 2905 3296 faciat
2934 3238 3119 3311 spolia
3150 3242 3204 3292 et
3235 3235 3636 3308 depOpulatio-

1993 3353 2146 3406 nem,
2179 3340 2235 3390 et
2263 3333 2563 3389 conculcet
2597 3331 2944 3398 civitates,et
2972 3327 3198 3399 redigat
3227 3343 3325 3381 eas
3356 3326 3413 3379 in
3441 3323 3636 3396 pulve-

1991 3443 2148 3490 rem;
2183 3430 2246 3479 ut
2298 3423 2554 3478 sciamus
2608 3419 2761 3491 quod
2814 3416 3175 3472 calamitates
3206 3430 3430 3481 omnes,
3485 3429 3635 3484 quas

1992 3515 2372 3587 perpetimur,
2407 3528 2474 3566 ex
2506 3509 2700 3564 divino
2734 3505 3072 3579 praascripto
3096 3503 3480 3576 perferamus.
3505 3501 3631 3557 Non

1989 3604 2145 3660 enim
2172 3602 2309 3658 sinit
2343 3617 2447 3655 nos
2481 3596 2757 3667 malignis
2787 3599 2847 3650 et
2901 3592 3211 3649 ultricibus
3251 3589 3639 3662 potestatibus

1991 3691 2356 3762 mancipatos
2387 3703 2515 3744 esse
2547 3703 2612 3740 ac
2644 3684 2872 3740 deditos
2899 3701 2912 3749 ;
2945 3685 3044 3736 sed
3096 3683 3240 3751 ipse,
3299 3696 3502 3736 eorum
3534 3679 3636 3750 qui

1990 3781 2229 3835 curandi
2255 3782 2394 3832 sunt
2423 3775 2808 3831 consideratis
2841 3771 3085 3835 viribus,
3107 3770 3346 3824 modum
3379 3769 3638 3838 pmniset

1988 3859 3236 3935 cruciatibusimponit‘Quzscunquequidem
3253 3855 3635 3911 cadaveribus

1987 3956 2046 4010 in
2097 3955 2248 4010 bello
2305 3953 2613 4024 prostratis
2644 3950 3190 4019 circumponuntur,
3253 3943 3442 4014 spolia
3473 3947 3630 4010 sunt,

1992 4045 2109 4102 sive
2138 4060 2320 4109 arma,
2353 4042 2473 4097 sive
2500 4041 2699 4101 vestis,
2751 4038 2871 4091 sive
2924 4037 3074 4091 alius
3119 4032 3311 4104 quivis
3341 4036 3583 4087 ornatus
3617 4046 3630 4084 :

1992 4135 2183 4206 praeda
2212 4149 2344 4188 vero
2376 4129 2697 4201 spoliorum
2733 4131 2820 4180 est
2852 4121 3322 4192 distributio,pro
3353 4121 3641 4190 cujusque

1990 4223 2228 4280 victoris
2259 4221 2467 4276 merito
2509 4217 2712 4273 divisa.
2765 4214 2924 4270 Jussi
2973 4217 3114 4268 sunt.
3160 4212 3359 4280 itaque
3415 4207 3638 4279 Assyrii

1994 4311 2248 4384 spoliare
2268 4307 2563 4372 Israelem,
2597 4311 2654 4361 et
2685 4302 3022 4376 depraedari,
3075 4306 3132 4356 et
3188 4299 3456 4354 civitates
3509 4297 3638 4367 ejus

1994 4399 2354 4473 proculcare,
2386 4401 2444 4454 et
2475 4413 2574 4452 eas
2602 4396 2661 4448 in
2692 4393 2986 4464 pulverem
3020 4389 3298 4460 redigere.

229 4481 521 4550 Ἀσσύριοι
575 4483 866 4539 σκυλεῦσαι
922 4487 1012 4540 τὸν
1076 4486 1318 4559 Ἰσραὴλ,
1377 4489 1464 4543 καὶ
1543 4493 1911 4563 προνομεῦσαι
1985 4488 2073 4543 καὶ
2129 4491 2503 4554 καταπατῆσαι
2555 4482 2718 4537 αὐτοῦ
2772 4482 2868 4541 τὰς
2925 4474 3138 4545 πόλεις,
3195 4476 3285 4530 καὶ
3336 4475 3504 4528 θεῖναι
3560 4472 3637 4536 εἷς

234 4570 535 4643 κονιορτόν.

310 4661 430 4716 235.
510 4659 686 4724 Αὐτὸς
761 4659 819 4716 δὲ
893 4661 1000 4737 οὐχ
1074 4661 1246 4724 οὕτως
1297 4663 1623 4738 ἐνεθυμήθη,
1682 4666 1770 4720 καὶ
1819 4671 1886 4740 τῇ

2067 4667 2194 4720 235.
2223 4667 2336 4735 Ipse
2365 4668 2550 4718 autem
2581 4677 2691 4716 non
2736 4662 2816 4714 sic
2881 4658 3158 4728 cogitavit,
3210 4663 3264 4711 et
3302 4657 3496 4710 animo
3528 4669 3640 4708 non

235 4746 394 4821 ψυχῇ
461 4749 570 4824 οὐχ
644 4749 786 4804 οὕτω
861 4748 1222 4826 λελόγισταιο
1298 4752 1423 4808 ἀλλ’
1477 4754 1754 4828 ὑπερήρθη
1814 4757 1882 4828 τῇ

237 4833 474 4908 διανοίᾳ,
507 4838 617 4914 οὑχ
647 4839 724 4901 ὡς
755 4836 844 4894 διὰ
869 4840 938 4894 τὰ
987 4841 1352 4917 ἁμαρτήματα
1379 4845 1480 4897 τοῦ
1530 4841 1664 4898 λαοῦ
1711 4863 1881 4918 παρα-

234 4922 480 4992 δοθέντος
511 4925 680 5001 αὐτῷ,
734 4926 860 4984 ἀλλ’
901 4927 1151 5003 ἐπαρθεὶς
1193 4933 1260 5002 τῇ
1293 4928 1525 5003 διανοίᾳ,
1572 4933 1661 4986 καὶ
1708 4931 1882 4987 ἀπειλ-

309 5079 350 5115 ⁵³
374 5081 447 5136 IV
462 5085 609 5155 Reg.
639 5099 775 5156 xm,
809 5085 864 5142 6.
886 5085 932 5120 ⁸⁸
955 5083 1111 5141 Peal.
1144 5098 1223 5156 v1,
1254 5089 1310 5141 2.

311 5248 422 5319 (82)
444 5251 1164 5327 Vetereaquinquelibri,
1197 5252 1363 5327 αὐτῷ.
1392 5255 1541 5310 Editi
1584 5270 1720 5312 vero
1751 5271 1885 5327 cum

369 5364 393 5408 .'
415 5323 611 5408 tertio,
645 5323 1068 5408 αὐτόςηειαιὶιιι
1126 5328 1280 5399 apud
1316 5323 1470 5384 'LXX
1503 5327 1738 5400 legitur,
1763 5326 1885 5408 ,καὶ

245 5390 522 5519 girus,
564 5400 675 5453 Nec
731 5400 845 5469 cepi
898 5390 1181 5469 regionerri
1225 5416 1342 5470 ουκ
1398 5407 1479 5454 est
1535 5390 1888 5471 supra'Cha-

313 5535 421 5616 ($3)
480 5537 542 5616 in
605 5538 1145 5616 editi_s__operarum
1202 5541 1452 5604 incuria.
1508 5558 1612 5614 pro
1643 5538 1887 5616 δέδονται

247 5603 457 5677 legitur
483 5603 711 5668 διανται.
739 5603 1058 5685 Aliquanto
1089 5617 1223 5686 post
1273 5618 1390 5670 tres
1441 5603 1608 5680 mss,
1659 5610 1888 5686 δύναμιν

250 5679 592 5752 κεκτημένοι.

1991 4758 2071 4812 εἰσ
2097 4755 2399 4826 reputavit:
2432 4752 2529 4806 sed
2564 4765 2742 4820 supra
2772 4747 3009 4802 modum
3039 4745 3228 4800 elatus
3285 4747 3477 4798 mente
3525 4746 3634 4811 est,

1994 4843 2160 4915 quasi
2194 4839 2446 4914 populus
2477 4839 2527 4894 ei
2550 4837 2802 4892 traditus
2817 4852 2931 4890 non
2955 4839 3113 4890 esset
3137 4835 3209 4888 ob
3228 4848 3337 4888 sua
3367 4834 3638 4904 peccata;

1994 4933 2113 4987 imo
2148 4931 2336 4986 elatus
2365 4929 2584 4994 animo,
2645 4931 2820 4997 atque
2875 4923 3161 4979 rationem
3214 4937 3411 4978 veram
3469 4934 3644 4975 aena

2068 5255 2176 5324 (84)
2211 5253 2385 5319 Editi,
2419 5255 2640 5325 etrReg.
2677 5251 2925 5325 primus,
2957 5247 3052 5302 οὗν
3087 5266 3242 5325 φησι.
3301 5250 3416 5305 Vox
3447 5249 3642 5318 poste-

1997 5323 2116 5383 rior
2145 5325 2201 5378 in
2231 5325 2364 5380 aliis
2396 5324 2658 5395 quinque
2693 5339 2832 5395 mss.
2862 5323 3041 5377 deest.

2011 5470 2021 5480 θ
2069 5398 2175 5468 (85)
2209 5386 2459 5482 Uterque
2480 5386 2642 5480 polb.
2672 5399 2747 5476 et.
2785 5394 2926 5519 Reg.
2962 5391 3281 5453 secundus,
3330 5386 3641 5455 ἀποστελεῖ,

2011 5485 2144 5519 aram
2176 5473 2373 5519 mittet.
2411 5468 2632 5519 Ibidem
2661 5468 2822 5519 editi.
2908 5461 3067 5519 πειδῆ
3102 5458 3178 5514 δέ.
3214 5465 3286 5515 At
3342 5474 3442 5514 sex
3473 5474 3641 5519 ωδε..

1998 5458 2381 5593 ἷνάζηέέηἱτῑοιῖ
2411 5468 2632 5523 Ibidem
2661 5466 2822 5532 editi,
2871 5458 3068 5530 ’ἐπειδὴ
3102 5458 3178 5514 δέ.
3214 5465 3286 5515 At
3342 5474 3442 5514 sex
3473 5474 3644 5528 mss.,

2026 5559 2115 5593 πει
2205 5579 2215 5592 ο

1999 5537 2459 5682 ιπῖὲἒξῦιοῐηυε
2490 5609 2648 5665 Colb.
2682 5613 2739 5665 et
2771 5613 2908 5680 Reg.
2953 5604 3269 5668 secundus,
3320 5601 3427 5656 τῶν
3485 5594 3640 5654 δυνά-

2005 5702 2171 5756 μεων,
2204 5683 2362 5741 haud
2393 5687 2565 5739 recte.
