4118 6220
379 372 486 436 531

1321 366 1712 428 APPENDIX
1757 363 2082 429 OPERUM
2126 365 2191 425 S.
2237 366 2522 428 BASILII
2569 371 2838 430 MAGNI.

3671 363 3793 423 539

382 508 576 564 mente
605 503 983 571 submovens,
1016 503 1180 574 putat
1202 515 1264 555 se
1292 515 1409 554 non
1440 498 1593 555 558
1639 513 1856 569 paucas
1887 512 2025 568 gen-

2143 491 2303 567 λάξας
2336 495 2450 569 (87)
2483 496 2588 552 ἀπὸ
2617 504 2717 567 τῆς
2751 499 2942 555 ἑαυτοῦ
2973 497 3181 562 ἐννοίας
3220 499 3311 554 τὸν
3363 495 3546 566 ἀληθῆ
3601 491 3799 567 λόγον,

380 600 468 652 tes
489 591 877 649 exterminare
905 607 1078 663 posse
1107 591 1170 645 ⁸⁸.
1199 589 1265 645 Et
1304 587 1580 660 quoniam
1615 586 1834 642 subditi
1855 585 2024 642 blan-

383 683 611 738 dientes
639 681 691 737 ei
717 685 774 737 et
806 680 1115 737 adulantes
1146 679 1350 734 dicunt
1374 678 1635 733 :Tusolus
1667 693 1722 732 es
1741 676 2027 747 princeps;

385 771 555 843 quasi
587 770 804 826 ironice
834 769 978 840 ipsis
1011 768 1322 840 respondet
1360 783 1374 822 :
1407 767 1524 822 Non
1579 768 1696 837 cepi
1741 767 2029 837 regionem

385 875 509 932 quae
548 867 624 915 est
649 876 819 930 supra
872 858 1229 928 Babylonem,
1260 872 1362 912 nec
1391 855 1692 912 Chalanen.
1733 854 2028 925 Nondum,

385 949 598 1020 inquit,
632 947 858 1002 obtinui
881 947 1146 1002 omnium
1173 945 1455 1001 ditionem
1493 963 1506 1000 :
1541 945 1798 1001 declinat
1832 959 2027 998 meum

389 1053 634 1110 regnum
667 1053 734 1092 ea
764 1035 921 1107 regio
953 1051 1081 1106 qum
1113 1037 1202 1090 est
1229 1050 1406 1105 supra
1428 1033 1777 1106 Babylonem
1810 1036 1865 1088 et
1893 1031 2042 1086 Cha-'

388 1128 541 1196 lane,
576 1126 674 1182 Ubi
701 1124 984 1194 aediﬁcata
1013 1129 1092 1179 est
1113 1123 1309 1178 turris.
1343 1127 1490 1178 Sane
1521 1123 1825 1193 antiquam
1866 1119 2029 1176 illam

388 1215 598 1271 turrim
627 1213 790 1279 dicit,
822 1229 998 1284 quam
1031 1212 1510 1268 exstruxerantin
1526 1227 1730 1282 campo
1752 1211 2030 1280 Sennaar,

389 1303 685 1360 dicentes:
725 1304 927 1372 Venite,
959 1302 1292 1372 aediﬁcemus
1328 1300 1735 1372 nobismetipsis
1755 1301 2031 1354 civitatem

389 1401 440 1448 et
477 1393 704 1458 turrim,
733 1393 1060 1463 priusquam
1103 1388 1420 1445 dividemur
1476 1389 1542 1442 ab
1587 1389 1843 1455 invicem,
1876 1388 2034 1459 cujus

385 1484 572 1538 vertex
591 1483 695 1536 erit
732 1495 902 1552 usque
931 1479 1000 1533 ad
1029 1480 1225 1534 caelum
1252 1479 1315 1534 ⁸⁸.
1348 1477 1569 1533 Nomen
1603 1481 1800 1532 autem
1834 1476 2034 1531 Chela-

390 1586 494 1624 nes
525 1586 638 1625 non
673 1573 761 1623 est
792 1568 1076 1624 usitatum
1109 1571 1164 1621 et
1193 1566 1400 1621 tritum
1433 1566 1492 1621 in
1536 1565 1856 1637 Scriptura.
1891 1565 2031 1620 Eam

389 1660 587 1712 tamen
619 1657 1016 1726 oonjectamus
1055 1656 1228 1710 sitam
1278 1671 1408 1710 esse
1459 1655 1519 1709 in
1577 1653 1852 1726 quopiam
1906 1653 2032 1709 loco

392 1745 670 1816 Babyloni
692 1744 1102 1812 ﬁnitimo,cum
1129 1742 1384 1814 Babylon
1407 1759 1619 1798 nomen
1642 1759 1818 1798 suum
1839 1742 2035 1798 trahat

2139 579 2307 637 οἷέται
2383 582 2609 648 δυνατὸς
2683 588 2813 642 εἶναι
2888 592 2984 643 τοῦ
3052 585 3176 656 ἔθνη
3250 583 3617 660 ἐξολοθρεύειν
3683 581 3790 636 οὐκ

2140 670 2316 747 ὀλίγα.
2390 676 2489 731 Καὶ
2571 674 2758 746 ἔπειδή
2831 675 3218 738 κολακεύοντες
3294 675 3452 730 αὐτὸν
3527 672 3620 728 καὶ
3684 673 3794 726 θω-

2137 761 2390 824 πεύοντες
2453 765 2504 818 οἱ
2573 765 2879 842 ὑποχείριοι
2947 766 3186 842 λέγουσι.
3240 763 3315 820 Σὺ
3380 763 3545 836 μόνος
3597 763 3646 816 εἶ
3698 758 3797 835 ἅρ-

2139 869 2281 924 χων·
2333 850 2515 927 ὥσπερ
2549 853 2972 927 εἰρωνευόμενος
3008 855 3144 928 πρὸς
3191 852 3386 916 αὐτοὺς
3439 851 3610 926 λέγει’
3678 847 3796 907 Οὐκ

2139 934 2336 994 ἔλαϐον
2392 943 2492 1010 τὴν
2570 942 2757 1018 χώραν
2831 945 2929 1013 τὴν
2995 942 3172 998 ἐπάνω
3250 937 3580 1001 Βαϐυλῶνος
3619 984 3634 1008 ,
3698 937 3794 993 καὶ

2140 1026 2398 1100 Χαλάνην
2449 1033 2583 1106 (88).
2631 1031 2820 1100 Οὔπω,
2876 1032 3030 1111 φησὶ,
3080 1031 3274 1108 γέγονα
3311 1031 3523 1084 πάντων
3577 1027 3790 1101 κύριος’

2141 1117 2384 1194 ἰκφεύγει
2439 1140 2545 1193 μου
2613 1123 2712 1192 τὴν
2774 1119 3049 1196 βασιλείαν
3097 1123 3132 1190 ἡ
3182 1121 3341 1196 χώρα
3378 1121 3412 1188 ἡ
3459 1117 3639 1173 ἐπάνω
3690 1123 3793 1173 Βα-

2141 1201 2408 1276 ϐυλῶνος,
2462 1211 2549 1263 καὶ
2599 1216 2633 1279 ὴ
2667 1208 2910 1282 Χαλάνη,
2969 1214 3042 1264 Οὔ
3091 1209 3118 1263 ὁ
3171 1208 3378 1284 πύργος
3426 1204 3790 1279 ᾠκοδομήθη.

2140 1295 2355 1370 Πύργον
2392 1297 2486 1368 μὶν
2539 1295 2630 1351 οὖν
2673 1296 2882 1372 ἐβεῖνον
2932 1295 3080 1372 λέγει
3123 1296 3214 1351 τὸν
3247 1297 3500 1371 ἀρχαῖον,
3535 1294 3592 1349 δν
3629 1293 3681 1349 ἐν
3717 1298 3791 1366 εῷ

2118 1381 2312 1457 ’πεδίῳ
2339 1390 2418 1457 τῷ
2452 1386 2652 1462 Σεναὰρ
2683 1383 3067 1459 ᾠκοδόμησαν,
3115 1385 3374 1448 εἴπόντες·
3428 1387 3606 1451 Δεῦτε,
3641 1383 3793 1438 οἰκο-

2142 1471 2456 1548 δομήσομεν
2529 1475 2740 1538 ἑαυτοῖς
2808 1473 2970 1531 πόλιν
3041 1476 3130 1532 καὶ
3204 1476 3405 1548 πύργον
3441 1515 3455 1542 ,
3535 1473 3640 1548 πρὸ
3695 1476 3794 1527 τοῦ

2143 1559 2572 1636 διαχωρισθῆναι
2643 1566 2790 1636 ἡμᾶς
2865 1565 2956 1620 ἀπ’
3013 1561 3302 1634 ἀλλήλων,
3362 1561 3424 1617 οὗ
3481 1565 3515 1631 ἡ
3575 1559 3790 1640 κεφαλὴ

2140 1645 2286 1706 ἔσται
2344 1649 2447 1714 ἓως
2501 1657 2598 1708 τοῦ
2658 1651 2908 1728 οὗρανοῦ.
2966 1653 3040 1710 Τὸ
3090 1651 3148 1708 δὲ
3175 1659 3268 1723 νῆς
3325 1649 3587 1722 Χαλάνης
3618 1647 3792 1724 ὄνομα

2143 1739 2241 1794 οὐκ
2285 1738 2619 1812 ἐντὲτριπται
2675 1741 2746 1816 τῇ
2798 1745 2998 1818 χρήσει
3051 1748 3150 1812 τῆς
3200 1743 3438 1820 Γραφῆς.
3488 1739 3791 1814 Εἷκάζομεν

392 1852 428 1891 a
456 1833 792 1905 linguarum
824 1833 1186 1900 confusione,
1219 1849 1367 1903 quas
1422 1823 1685 1888 confudit
1726 1831 2030 1900 Dominus,

2144 1826 2508 1931 ii‘nspi‘rﬁv
2553 1827 2901 1886 Βαϐυλωνίαν
2960 1848 3065 1887 που
3119 1836 3353 1901 κεῖσθαι,
3391 1827 3578 1899 ιπειδὴ
3612 1831 3646 1899 ἡ
3679 1832 3794 1886 Βα-

392 1922 888 1994 conspirationem
938 1922 1009 1978 ad
1059 1921 1282 1977 malum
1334 1921 1679 1992 patrandum
1723 1922 2034 1978 conﬂatam

393 2010 809 2083 dissipaturus.
842 2011 1148 2067 Enimvero
1184 2027 1396 2066 nomen
1417 2011 1597 2081 hujus
1620 2009 1728 2067 loci
1760 2016 2030 2067 vocatum

393 2101 577 2157 fuisse
605 2100 1041 2169 Confusionem,
1098 2099 1374 2155 Hebraice
1430 2115 1562 2155 vero
1619 2098 1816 2166 Babel,
1866 2100 2034 2156 docet

389 2191 690 2262 Scriptura
713 2191 776 2244 ⁸⁷.
807 2189 910 2246 Sed
951 2191 1087 2261 cepi,
1139 2189 1353 2261 inquit,
1409 2189 1672 2244 Arabiam
1725 2193 1779 2244 et
1837 2191 2031 2246 Dama-

387 2297 561 2348 scum,
592 2287 644 2336 ει
671 2278 1170 2337 Samariam.Sicut
1199 2279 1299 2334 has
1335 2279 1472 2349 cepi,
1503 2280 1576 2333 sit
1604 2294 1789 2334 omnes
1815 2282 2029 2350 princ:-

387 2377 546 2442 patus
573 2368 1101 2441 capiam.Quoniam
1133 2367 1311 2439 igitur
1341 2367 1452 2423 sibi
1480 2367 1537 2422 in
1571 2371 1826 2423 mentem
1849 2368 2026 2436 venit,

387 2460 540 2516 sein
585 2473 752 2514 suam
808 2461 1155 2529 potestatem
1202 2456 1466 2512 civitates
1522 2473 1726 2512 omnes
1769 2457 2032 2530 redigere

386 2562 598 2621 posse;
631 2563 738 2604 nec
768 2551 963 2602 tamen
997 2544 1282 2601 intellexit
1309 2561 1372 2601 se
1398 2545 1468 2601 ab
1500 2545 2029 2601 hominibusvicto-

385 2636 536 2693 riam
557 2639 885 2708 reportasse
915 2652 1032 2690 non
1082 2634 1204 2690 suis
1245 2633 1432 2706 ipsius
1490 2634 1734 2703 viribus,
1795 2637 1894 2692 sed
1929 2637 2030 2693 Dei

389 2728 719 2798 peccatores
777 2723 1080 2795 plectentia
1136 2723 1592 2795 dispensatione,
1634 2724 1707 2779 ob
1755 2725 1811 2780 id
1862 2725 2028 2781 illum

390 2813 625 2870 exhibet
652 2813 1028 2886 propheticus
1060 2829 1251 2868 sermo
1283 2829 1385 2868 ceu
1420 2812 1555 2869 ﬂetu
1583 2812 1849 2886 dignum.

457 3079 585 3136 236.
619 3080 793 3136 Vens.
832 3079 914 3136 ii.
953 3079 1188 3146 Ululate,
1219 3079 1603 3151 sculptilia,in
1627 3081 1950 3154 Jerusalem,
1979 3090 2034 3138 et

389 3170 451 3224 in
479 3167 1240 3236 Samaria.Qucmadmodum
1259 3170 1410 3224 enim
1421 3171 1529 3238 feci
1551 3169 1906 3238 Samariam:
1919 3189 2031 3228 ma-

386 3257 630 3325 nufactis
657 3257 877 3325 ejus,sic
904 3256 1116 3326 faciam
1143 3256 1523 3327 Jerusalem,et
1552 3257 1720 3314 idolis
1747 3260 1885 3330 ejus.
1911 3263 2032 3324 Quo

386 3346 554 3415 pacto
585 3342 898 3398 ululabunt
918 3342 1309 3414 soulptilia,ex
1338 3343 1510 3414 ligno,
1545 3345 1757 3417 lapide,
1790 3352 1891 3402 aut
1919 3348 2033 3404 alia

386 3430 592 3503 quavis
610 3431 855 3486 materia
885 3431 1236 3498 constantia,
1271 3448 1405 3488 cum
1437 3433 1509 3488 ab
1539 3438 1660 3488 arte
1692 3434 1940 3492 formam
1967 3454 2034 3494 ac

386 3519 638 3592 speciem
671 3519 955 3590 recipiant
981 3519 1288 3575 hominum
1305 3525 1405 3575 aut
1424 3521 1730 3577 brutorum
1762 3524 2033 3580 animali-

391 3607 1434 3678 um,quadrupedum,autvolucrum,
1453 3613 1556 3664 aut
1572 3610 1892 3682 rsptilium,
1927 3630 2029 3668 cu-

384 3695 645 3768 jusmodi
658 3700 1036 3753 erantstatuis
1050 3701 1106 3753 et
1122 3695 1781 3771 simulaerangyptioru
1794 3718 1847 3756 m
1861 3701 2029 3759 ?Ulu-

388 3784 544 3843 latus
566 3786 723 3842 enim
758 3803 863 3841 vox
884 3790 972 3841 est
999 3784 1409 3858 lugubris,qua
1429 3804 1572 3843 sono
1603 3791 1849 3860 quodam
1875 3791 2030 3848 haud

389 3873 693 3930 articulate
714 3873 1140 3930 editodolorem
1154 3875 1348 3931 cordis
1365 3875 1910 3942 indicat.Quomodo
1925 3882 2032 3955 igi-

388 3965 487 4018 tur
518 3961 832 4019 ululabunt
862 3963 1160 4035 sculptilis
1188 3964 1215 4018 ‘?
1245 3963 1390 4028 Quia
1418 3963 1596 4038 lignis
1636 3968 1708 4023 ab
1757 3969 2032 4027 humanis

389 4052 666 4108 manibus
689 4053 936 4108 formam
970 4068 1035 4108 ac
1058 4053 1307 4125 ﬁguram
1340 4053 1711 4122 habentibus,
1748 4062 1850 4112 aut
1886 4059 2031 4131 lapi-

388 4139 582 4209 dibus,
615 4140 919 4197 autetiam
979 4156 1120 4196 auro
1150 4145 1208 4196 et
1263 4146 1525 4214 argento,
1562 4147 1664 4198 aut
1717 4145 1898 4214 ebori,
1930 4153 2034 4204 aut

388 4227 632 4300 reliquis
653 4227 846 4295 idolis,
880 4225 1242 4301 quascunque
1293 4229 1409 4285 alia
1466 4235 1605 4286 sunt
1663 4247 1731 4287 ex
1779 4235 2034 4305 pretiosa

388 4315 478 4373 vel
505 4316 607 4371 vili
639 4316 886 4371 materia
916 4318 1083 4388 facta,
1125 4322 1183 4372 et
1215 4334 1339 4387 quas
1371 4335 1403 4374 ο.
1449 4319 1724 4390 gentibus
1783 4323 2031 4381 adoran-

387 4408 504 4471 tur,
538 4403 787 4459 latenter
815 4403 1080 4460 assident
1104 4409 1363 4461 astantes
1419 4407 1661 4478 quidam
1715 4411 2028 4485 daemones,

389 4507 460 4548 ex
496 4492 748 4564 impuris
779 4493 962 4548 sacris
994 4491 1350 4565 voluptatem
1379 4495 1694 4566 capientes.
1735 4501 2028 4564 Quemad-

2143 1912 2327 1972 ϐυλών
2375 1916 2513 1974 ἐστιν
2567 1918 2851 1993 ἐπώνυμος
2896 1923 2964 1995 τῇ
3019 1918 3282 1996 συγχύσει
3339 1922 3445 1973 τῶν
3503 1916 3794 1995 γλωσσῶν,

2142 2006 2202 2068 ἃς
2232 2009 2479 2084 συνίχεεν
2530 2010 2557 2064 ὁ
2608 2009 2828 2086 Κύριος,
2873 2012 2973 2081 τήν
3022 2011 3158 2084 πρὸς
3186 2010 3250 2065 τὸ
3279 2009 3440 2064 κακὸν
3467 2007 3787 2086 συμφωνίαν

2142 2093 2406 2154 διασπῶν.
2467 2100 2610 2169 Φησὶ
2657 2099 2760 2175 γὰρ
2799 2103 2834 2170 ἡ
2867 2101 3076 2175 Γραφὴ,
3137 2098 3218 2154 ὅτι
3273 2097 3482 2169 ἐκλήθη
3515 2099 3575 2153 τὸ
3608 2093 3790 2172 ὄνομα

2138 2186 2234 2241 τοῦ
2264 2186 2434 2242 τόπου
2467 2186 2670 2243 ἐκείνου
2719 2187 3005 2264 σύγχυσις,
3048 2184 3325 2264 Ἐϐραϊστὶ
3358 2187 3409 2242 δῖ
3442 2182 3616 2242 Βαϐἐλ

2137 2270 2371 2330 Ἓλαόον
2456 2272 2534 2349 δὲ,
2610 2278 2796 2354 φησὶν,
2876 2272 3131 2354 ’Δραϐίαν
3200 2277 3290 2332 καὶ
3363 2275 3645 2349 Δαμασκὸν
3700 2277 3788 2330 καὶ

2140 2363 2470 2440 Σαμάρειαν,
2574 2367 2670 2423 Ὄν
2764 2366 2965 2441 τρόπον
3066 2364 3262 2429 ταύτας
3362 2359 3597 2434 ἔλαϐον,
3698 2363 3792 2419 καὶ

2137 2451 2310 2516 πάσας
2397 2453 2466 2508 τὰ
2557 2454 2733 2530 ἀρχὰς
2829 2455 3106 2529 λήψομαι.
3201 2453 3351 2509 Ἐπεὶ
3435 2454 3526 2508 οὗν
3618 2454 3793 2523 ἑαυτῷ

2138 2535 2301 2596 ἔλαϐε
2357 2541 2421 2596 τὸ
2485 2541 2654 2606 πάσας
2723 2541 2975 2598 δύνασθαι
3053 2543 3402 2618 ὑποχειρίους
3459 2546 3633 2596 ποιεῖν
3686 2543 3786 2604 τὰς

2139 2627 2349 2703 πόλεις,
2398 2630 2487 2686 καὶ
2535 2632 2596 2687 οὗ
2646 2636 2890 2704 συνῆκεν,
2943 2631 3025 2688 ὅτι
3057 2633 3352 2706 ἀνθρώπων
3382 2630 3670 2707 ἐκράτησεν
3721 2630 3784 2684 ού

2139 2715 2208 2772 δι’
2266 2718 2466 2774 οίκείαν
2508 2719 2757 2794 δύναμιν,
2817 2719 2963 2777 ἀλλὰ
3017 2719 3106 2776 διὰ
3155 2723 3256 2790 τήν
3315 2719 3630 2792 οίκονομίαν
3687 2723 3787 2773 τοῦ

2138 2803 2490 2872 παιδεύοντος
2563 2809 2691 2872 τοὺς
2769 2809 3162 2885 ἡμαρτηκότας
3233 2813 3367 2865 Θεοῦ
3424 2806 3785 2882 περιεγένετο,

2137 2895 2332 2952 τούτου
2363 2895 2537 2954 ⁴ἕνεκεν
2571 2900 2772 2974 θρήνου
2793 2899 2951 2955 αὐτὸν
2983 2896 3129 2971 ἀξιον
3162 2900 3189 2954 ὁ
3217 2897 3556 2976 προφητικὸς
3583 2896 3792 2961 τίθεται

2141 2985 2323 3062 λόγος.

2209 3067 2336 3134 236.
2415 3077 2746 3149 ὈλοΛύξατε
2826 3076 2894 3133 τὰ
2970 3075 3184 3155 γλυπτὰ
3265 3076 3317 3131 ἐν
3399 3072 3791 3152 Ἰερουσαλὴμ,

2143 3166 2232 3220 καὶ
2291 3165 2342 3221 ὲν
2405 3167 2730 3243 Σαμαρείᾳ.
2806 3168 2904 3225 Ὅν
2978 3166 3180 3241 τρόπον
3240 3167 3341 3241 γὰρ
3394 3162 3624 3234 ἰποίησα
3683 3169 3798 3218 Σα-

2148 3257 2382 3330 μαρείᾳ,
2461 3257 2551 3311 καὶ
2638 3261 2754 3320 τοῖς
2834 3257 3252 3332 χειροποιήτοις
3336 3255 3558 3326 αὐτῆς,
3642 3249 3794 3307 οὕτω

2140 3346 2357 3415 ποιήσω
2438 3349 2506 3419 τῇ
2783 3343 3147 3418 Ἰερουσαλὴμ
3179 3388 3192 3414 ,
3265 3342 3354 3398 καὶ
3431 3348 3548 3405 τοῖς
3633 3339 3796 3396 εῒδώ-

2141 3432 2260 3495 λοις
2335 3433 2523 3504 αὐτῆς.
2609 3438 2733 3497 Πῶς
2809 3431 3062 3504 ὁλολύξει
3126 3431 3363 3509 γλυπτὰ,
3420 3430 3452 3486 ἃ
3507 3429 3566 3485 ἐκ
3621 3430 3794 3503 ξύλου

2140 3522 2229 3576 καὶ
2287 3520 2446 3586 Moon
2517 3523 2553 3592 ἢ
2608 3543 2752 3585 τινος
2830 3520 3008 3591 ἄλλης
3065 3520 3202 3592 ὕλης
3254 3519 3386 3590 ἐστὶ,
3470 3518 3796 3597 μορφούσης

2143 3609 2276 3664 αὖτᾶ
2338 3618 2438 3680 τῆς
2499 3612 2701 3686 τίχνης
2760 3611 2837 3674 εἰς
2886 3611 3185 3686 ἀνθρώπων
3245 3609 3474 3677 εῗκόνας,
3533 3607 3569 3678 ἢ
3631 3607 3794 3678 ζώων

2141 3697 2356 3775 ἀλόγων
2440 3698 2824 3775 τετραπόδων,
2911 3699 2948 3768 ἢ
3027 3697 3268 3770 πτηνῶν,
3352 3699 3388 3769 ἢ
3462 3697 3553 3753 καὶ
3629 3695 3792 3771 ἑρπε-

2140 3797 2274 3862 τῶν,
2333 3793 2421 3846 οἷα
2495 3789 2562 3846 τὰ
2624 3794 2733 3846 τῶν
2811 3788 3125 3864 Αἰγυπτίων
3200 3786 3338 3842 ἐστὶν
3407 3784 3792 3863 ἀφιδρύματα;

2143 3877 2488 3956 Ὀλολυγμὸς
2561 3875 2618 3934 δὲ
2689 3876 2800 3933 ἐστι
2868 3878 3022 3955 φωνή
3084 3873 3325 3949 λυπηρὰ,
3403 3872 3597 3945 ὀδύνην
3663 3894 3801 3948 καρ-

2143 3966 2262 4030 δίας
2333 3970 2533 4042 ἀσήμῳ
2607 3968 2714 4022 τινὶ
2782 3967 3004 4045 φθόγγῳ
3076 3969 3410 4041 παριστῶσα.
3505 3969 3629 4025 Πῶς
3697 3961 3801 4018 οὖν

2143 4055 2395 4128 ὀλολύξει
2451 4055 2703 4132 γλυπτά;
2756 4057 2878 4114 Ὃτι
2925 4061 3042 4118 τοῖς
3097 4057 3201 4111 ὑπὸ
3255 4057 3458 4131 χειρῶν
3512 4052 3800 4130 ἀγθρωπί-

2138 4167 2244 4201 νων
2277 4149 2391 4219 (91)
2447 4145 2905 4224 μεμορφωμένοις
2956 4142 3138 4215 ξύλοις
3175 4146 3209 4215 ἢ
3256 4143 3455 4212 λίθοις,
3486 4145 3522 4214 ἢ
3565 4162 3671 4197 που
3697 4143 3800 4196 καὶ

2139 4240 2329 4311 χρυσῷ
2375 4233 2463 4289 καὶ
2518 4234 2734 4311 ἀργύρῳ
2787 4235 2821 4304 ἢ
2864 4231 3136 4311 ἰλὲφαντι,
3167 4234 3202 4302 ἢ
3243 4233 3342 4287 ὅσα
3369 4229 3514 4287 ἄλλα
3541 4230 3725 4304 τιμίας
3757 4233 3802 4302 ἢ

2138 4323 2476 4400 ἀτιμωτὲρας
2505 4321 2643 4394 ὕλης
2674 4321 2785 4378 ἐστί
2817 4322 2962 4398 παρὰ
2988 4323 3106 4385 τοῖς
3135 4319 3336 4386 ἔθνεσιν
3370 4317 3574 4376 εἷ’δωλα
3619 4339 3801 4395 προσ-

2136 4412 2608 4486 νούμενα,τούτοις
2639 4411 2698 4467 ὲκ
2715 4415 2814 4468 τοῦ
2843 4411 3077 4490 ἀφανοῦς
3100 4408 3351 4484 δαίμονες
3367 4429 3506 4473 τινες
3526 4406 3801 4484 προστάν-

2135 4524 2221 4565 τες
2263 4504 2742 4577 παρακαθὲζονται,
2788 4505 2888 4567 τῆς
2921 4501 3025 4556 ἀπὸ
3075 4503 3181 4555 τῶν
3217 4500 3536 4575 μιασμάτων
3581 4494 3800 4567 ἡδονῆς

391 4580 632 4636 modum
666 4581 820 4636 enim
853 4582 913 4635 in
960 4579 1103 4636 locis
1136 4581 1535 4653 macellorum,
1592 4585 1690 4642 ubi
1749 4605 1920 4647 cruor
1973 4597 2030 4649 et

2143 4592 2528 4655 ἀπολαύοντες.
2562 4599 2759 4666 Ὥσπερ
2791 4591 2893 4665 γὰρ
2925 4589 2992 4645 τὰ
3019 4589 3190 4666 λίχνα
3225 4586 3436 4643 κυνίδια
3484 4587 3606 4662 περὶ
3658 4589 3800 4656 τοὺς

391 4668 636 4742 sanguis
657 4670 784 4741 jam
818 4675 1129 4742 corruptus
1178 4671 1486 4739 invenitur,
1536 4691 1708 4732 canes
1763 4682 2029 4752 cupediis

390 4758 569 4816 dediti
592 4765 1030 4815 commorantur
1058 4777 1070 4816 :
1105 4760 1186 4816 ita
1201 4765 1258 4817 et
1287 4761 1581 4820 daemones
1601 4766 1748 4836 gulae
1778 4771 2030 4826 servien-

386 4851 496 4919 tes,
519 4847 996 4922 voluptatemque
1052 4866 1120 4907 ex
1150 4851 1439 4923 sanguine
1475 4851 1775 4913 ac’nidore
1805 4861 2027 4916 sacriﬁ-

386 4935 612 4992 ciorum
642 4942 968 5010 captantes,
1037 4939 1192 4996 circa
1222 4957 1353 4996 aras
1385 4944 1731 5015 statuasque
1752 4946 1863 5002 sibi
1886 4963 2025 5006 con-

455 5078 499 5115 ⁸⁵
526 5079 596 5136 IV
618 5078 759 5152 Reg.
791 5095 950 5151 xvm,
980 5081 1071 5137 24.
1095 5081 1138 5117 ⁸⁸
1160 5081 1304 5138 Gen.
1325 5099 1404 5150 x1,
1429 5083 1481 5138 4.
1514 5084 1556 5120 ⁵⁷
1595 5084 1738 5141 ibid.
1769 5087 1822 5144 9.

452 5239 564 5319 (8])
596 5239 922 5319 Mirari_hic
951 5241 1112 5298 subit
1127 5243 1680 5319 rCombeflsium,qui
1712 5252 1876 5306 tanto
1900 5267 2026 5308 mu-

376 5312 770 5392 tandiamo‘re
796 5313 1022 5392 ﬂagrat,
1077 5318 1141 5369 ut
1195 5331 1298 5386 pro
1356 5312 1679 5392 ἀπαλλάξας
1711 5320 2026 5392 legendum

381 5388 548 5466 putet
590 5382 904 5466 ἀπελάσαςῖ
939 5390 1086 5466 Sane
1127 5382 1242 5442 non
1300 5382 1715 5466 animadvertit
1752 5382 1838 5446 vir
1885 5393 2028 5450 alio-

381 5456 524 5533 quin
584 5457 916 5533 Graecarum
983 5456 1305 5533 litterarum
1373 5462 1764 5533 pertissimus,
1826 5480 2025 5522 vocem

380 5531 692 5609 utramque
713 5530 915 5609 eadem
944 5529 1420 5609 planesententi‘a
1443 5550 1556 5590 non
1581 5552 1707 5591 raro
1728 5529 2022 5609 usurpari.

450 5599 694 5680 (Sinnio
726 5602 888 5670 editi,
937 5599 1024 5655 καὶ
1085 5600 1357 5671 Χαλάνης.
1418 5610 1492 5662 At
1550 5624 1693 5664 mss.
1755 5599 1892 5680 sex,‘
1934 5609 2024 5665 καὶ

379 5665 648 5739 Χαλάνην.

2136 4687 2244 4738 τῶν
2301 4680 2589 4756 μακέλλων
2635 4680 2857 4752 τόπους,
2900 4680 2952 4734 ἐν
2994 4682 3077 4743 οἷς
3105 4682 3242 4753 αἷμα
3272 4677 3362 4734 καὶ
3397 4677 3616 4754 ἰχῶρες,
3669 4674 3800 4732 δια-

2137 4767 2436 4849 τρίϐουσινο
2487 4769 2628 4826 οὕτω
2689 4770 2777 4824 καὶ
2825 4769 2893 4824 τὰ
2939 4768 3108 4842 λίχνα
3157 4765 3435 4843 δαιμόνια,
3495 4767 3801 4842 θηρώμενα

2134 4862 2234 4933 τήν
2266 4862 2373 4917 ἀπὸ
2420 4865 2528 4916 τῶν
2575 4860 2820 4933 αἱμάτων
2864 4858 2954 4912 καὶ
3007 4864 3107 4927 τῆς
3145 4858 3367 4927 κνίσσης
3415 4860 3522 4912 τῶν
3583 4858 3798 4912 θυσιῶν

2135 4951 2458 5021 ἀπόλαυσιν,
2497 4948 2620 5024 περὶ
2651 4947 2775 5011 τοὺς
2813 4945 3036 5022 βωμοὺς
3069 4943 3316 5015 εἱλεῖται,
3371 4945 3461 5002 καὶ
3493 4945 3561 5001 τὰ
3615 4943 3802 5020 ἀγάλ-

2209 5257 2316 5329 (89)
2348 5254 2500 5312 Editi
2529 5258 2588 5312 et
2619 5253 2757 5326 Reg.
2789 5253 3044 5329 primus,
3114 5245 3330 5329 1.3969}.
3353 5253 3459 5308 Alii
3493 5256 3612 5309 tres
3642 5267 3797 5329 mss.

2140 5319 2464 5400 Re‘gii'cum
2499 5319 2744 5395 utroque
2767 5319 2952 5400 Colb.,
3003 5319 3178 5400 ’Ᾱμάϐ
3236 5325 3346 5400 ubi
3394 5332 3594 5400 tamen
3631 5321 3799 5400 illud

2138 5395 2595 5524 est'nlgtséniium,
2629 5398 2783 5470 quod
2814 5398 2871 5452 in
2897 5397 3160 5470 margine
3190 5397 3349 5469 Regii
3404 5397 3599 5470 quarti
3629 5395 3799 5468 lega-

2164 5487 2252 5524 UX'.
2321 5491 2353 5524 α
2394 5491 2416 5524 ε
2462 5513 2475 5524 .

2136 5476 2252 5535 tur,
2277 5471 2475 5526 Βαϐἑλ.

2207 5543 2316 5614 (90)
2349 5542 2521 5606 Editi,
2544 5538 2654 5614 καί.
2690 5538 2973 5614 Athostri
2999 5555 3104 5614 sex
3135 5555 3305 5614 mea,
3330 5542 3422 5614 si}.

2207 5593 2320 5684 (aii
2349 5593 2590 5684 Ᾰῖιίἷάυί
2623 5593 2727 5667 se;
2743 5593 3305 5684 Ιίιάὲίζὶνβέῷτέιζρξυνῖ
3357 5593 3531 5679 ﬁniti,
3566 5609 3794 5682 ἀνθρώ-

2134 5680 2269 5743 πων.
2305 5680 2436 5743 Mox
2475 5680 2696 5756 aliquot
2718 5699 2888 5752 mss.,
2917 5680 3310 5759 καῖἰλὲφαντι.
