4118 6220
314 353 436 415 533

1153 345 1556 408 COMMENT.
1602 345 1680 406 ΙΝ
1728 345 2000 408 lSAlAM
2043 345 2548 406 PRUPHETAM.
2598 348 2769 406 CAP.
2818 346 2890 405 X.

3607 345 3724 405 534

323 501 464 555 ματα
487 481 555 535 τὰ
583 476 768 541 αὐτοῖς
818 475 1159 549 ἀνακείμενα.
1215 473 1368 550 Τάχα
1417 476 1516 550 γάρ
1557 495 1662 529 που
1711 473 1800 529 καὶ
1855 474 1966 549 τρέ-

2091 479 2345 532 sacratas
2375 475 2734 533 volutantur.
2785 477 2954 533 Forte
2982 477 3137 533 enim
3174 477 3520 533 nutriuntur
3547 477 3723 534 etiam

317 591 471 649 φεται
519 568 586 623 τὰ
633 568 787 642 ἀέρια
825 567 1052 639 σώματα
1100 563 1298 634 αὐτῶν,
1342 563 1466 632 ἤτοι
1519 563 1609 618 καὶ
1660 561 1882 638 πύρινα,
1930 563 1965 634 ἢ

315 659 405 714 καὶ
441 658 490 731 ἐξ
525 657 848 734 ἀμφοτέρων
905 659 1011 709 τῶν
1065 653 1351 728 στοιχείων
1395 653 1578 725 μικτά,
1613 653 1860 708 Λείκνυσι
1911 649 1968 707 δὶ

312 747 407 802 καὶ
462 749 499 816 ἡ
531 744 744 820 ΐστορια
772 749 880 800 τῶν
915 742 1233 813 Βασιλείων,
1265 741 1347 797 ὅτι
1382 739 1726 816 προσεδρεύει
1781 744 1816 810 ἠ
1851 739 1966 796 δαι-
2003 750 2006 754 ’

317 836 520 909 μονικὴ
569 832 795 908 δύναμις
842 838 958 895 τοῖς
1003 833 1442 908 έπιφημισθεῖσιν
1484 833 1672 893 αὐτοῖς
1713 830 1965 907 ἁγάλμα-

314 945 416 980 σιν.
475 917 716 981 Ἐλαϐον
770 921 894 998 γὰρ,
949 921 1134 1000 φησὶν,
1184 920 1234 975 οἳ
1284 919 1592 998 ἀλλόφυλοι
1638 922 1736 990 τὴν
1790 915 1963 975 κιϐω-

309 1014 404 1068 τὸν
456 1016 555 1068 τοῦ
607 1016 774 1081 Θεοῦ,
832 1009 918 1065 καὶ
975 1009 1256 1086 εἰσήγαγον
1315 1010 1483 1078 αὐτὴν
1557 1008 1795 1085 ἰχόμενα
1852 1011 1965 1083 (92)

311 1103 526 1178 Δαγὼν,
584 1100 673 1156 καὶ
744 1099 1039 1176 ὣρθρωσαν
1116 1099 1168 1154 οἱ
1230 1099 1485 1169 Ἀζώτιοι
1550 1102 1619 1172 τῇ
1687 1098 1963 1174 ἐπαύριον,

307 1192 400 1246 καὶ
459 1188 576 1245 ἰδοὺ
649 1188 839 1264 Δαγὼν
905 1189 1206 1252 πεπτωκὼς
1259 1187 1335 1251 εἷς
1387 1186 1456 1243 τὰ
1511 1185 1808 1263 ἔμπροσθεν
1870 1187 1964 1242 αὐ-

306 1284 408 1336 τοῦ
440 1278 528 1335 ἰπὶ
584 1279 684 1347 τὴν
741 1284 867 1353 γῆν.
927 1276 1134 1335 Οὐκοῦν
1190 1276 1374 1350 Δαγών
1436 1277 1529 1349 μὲν
1570 1275 1725 1345 ἦντὸ
1758 1277 1966 1353 ὁρώμε-

307 1389 402 1425 νον
436 1366 673 1443 ἄγαλμα·
737 1367 766 1421 6
798 1364 856 1422 δὶ
884 1365 1096 1421 πίπτων
1127 1365 1214 1420 ἰπὶ
1263 1365 1578 1439 πρόσωπον,
1634 1367 1661 1421 ὑ
1694 1363 1902 1439 δαίμων
1937 1368 1965 1421 6

309 1457 614 1530 νικώμενος
644 1455 750 1511 ὑπὸ
778 1462 878 1524 τῆς
928 1455 1053 1530 περὶ
1082 1455 1181 1524 τήν
1231 1449 1440 1509 κιϐωτὰ
1467 1458 1567 1509 τοῦ
1597 1459 1730 1509 Θεοῦ
1780 1451 1961 1525 δόξης·

306 1548 396 1602 καὶ
429 1548 646 1601 πίπτων
681 1545 776 1619 μὶν
809 1545 972 1607 αὑτὸς
1003 1543 1092 1599 ἐπὶ
1119 1545 1232 1618 (93)
1253 1543 1570 1620 πρόσωπον,
1599 1539 1967 1620 συγκαταϐάλ-

310 1635 426 1692 λων
457 1633 514 1691 δὶ
543 1635 719 1708 ἑαυτῷ
748 1635 809 1690 16
840 1633 1356 1712 χειροποίητον.Διὰ
1383 1638 1543 1689 τοῦτο
1575 1634 1626 1688 οἱ
1647 1633 1714 1689 τὰ
1743 1631 1967 1689 εἰδωλό-

307 1726 442 1780 θυτα
471 1722 758 1792 ἰσθίοντες,
792 1723 1039 1779 κοινωνοὶ
1064 1723 1334 1798 τραπέζης
1365 1721 1616 1798 λέγονται
1669 1720 1964 1796 δαιμόνων.

2077 581 2279 621 eorum
2311 581 2574 638 corpora,
2607 583 2732 639 quae
2769 566 2884 622 aeri
2920 571 3061 622 sunt
3085 572 3187 623 aut
3235 566 3440 640 ignita,
3502 571 3603 623 aut
3656 584 3726 624 ex

2078 659 2328 726 utroque
2362 655 2648 711 elemento
2694 655 3040 728 composita.
3083 657 3232 722 Quin
3282 660 3338 712 et
3389 660 3722 728 Regnorum

2076 743 2321 800 historia
2349 748 2699 816 potestatem
2732 745 3112 801 dazmonicam
3144 746 3360 802 statuis
3391 745 3503 802 sibi
3560 747 3719 802 dedi-

2077 833 2221 889 catis
2252 833 2513 890 assidere
2543 835 2819 891 declarat.
2858 836 3132 907 Ceperunt
3162 836 3560 909 enim,inquit,
3583 837 3719 892 alie-

2073 927 2286 996 nigenae
2317 941 2504 979 arcam
2535 926 2657 994 Dei,
2689 933 2741 982 et
2778 927 3084 981 intulerunt
3111 943 3234 981 eam
3258 928 3438 999 fjuxta
3486 928 3678 999 Dagon
3697 943 3717 982 .·

2073 1016 2125 1069 et
2153 1022 2516 1070 surrexerunt
2546 1031 2706 1070 mane
2751 1015 2933 1072 Azotii
2957 1019 3169 1086 postero
3191 1016 3294 1084 die,
3347 1019 3396 1071 et
3451 1031 3569 1072 ecce
3609 1017 3716 1072 Da-

2074 1118 2180 1173 gen
2207 1105 2360 1162 559
2402 1106 2463 1158 in
2486 1106 2689 1175 faciem
2713 1119 2873 1159 suam
2893 1114 3181 1161 corruerat
3211 1121 3376 1176 super
3405 1113 3611 1160 terram
3648 1105 3712 1160 ⁸³.

2073 1193 2459 1251 Simulacrum
2492 1195 2690 1266 itaque
2722 1195 2877 1265 quod
2913 1195 3401 1266 conspiciebatur,
3424 1200 3548 1251 erat
3600 1195 3712 1250 Da-

2075 1283 2356 1356 gon;qui
2376 1299 2510 1340 vero
2542 1283 2827 1339 ceciderat
2883 1283 2942 1338 in
2999 1284 3203 1341 faciem
3254 1301 3443 1351 suam,
3487 1285 3716 1340 daemon

2074 1376 2220 1439 erat,
2265 1389 2296 1428 a
2327 1371 2511 1444 gloria
2541 1389 2686 1428 arcae
2708 1373 2809 1428 Dei
2840 1373 3197 1430 circumfusa
3227 1378 3554 1445 prostratus
3579 1391 3593 1443 ;
3616 1374 3716 1445 qui

2076 1462 2206 1533 ipse
2232 1462 2451 1518 corruit
2511 1462 2746 1532 quidem
2779 1461 2836 1516 in
2887 1462 3115 1533 faciem,
3166 1479 3365 1518 secum
3422 1477 3557 1519 vero
3591 1480 3715 1519 rem

2075 1551 2498 1606 imanufactam
2520 1550 2728 1621 dejecit
2757 1567 2823 1606 ac
2852 1552 3074 1607 evertit.
3107 1551 3253 1606 Hinc
3285 1551 3382 1623 qui
3405 1557 3721 1608 vescuntur

2072 1639 2434 1713 idolothytis,
2467 1639 2781 1712 participes
2812 1640 3089 1695 dicuntur
3147 1656 3360 1696 mensa:
3413 1641 3720 1696 daemonio-

2075 1745 2229 1784 rum.
2264 1729 2409 1784 Cum
2443 1729 2599 1784 enim
2630 1729 2866 1784 victima
2906 1729 3148 1784 otl‘ertur
3193 1728 3346 1784 idolo
3408 1728 3471 1800 '9,
3532 1728 3718 1801 portio

308 1810 535 1883 Ἐπειδή
584 1813 649 1868 16
709 1813 953 1891 σφάγιον,
1010 1812 1072 1867 τὸ
1128 1811 1534 1904 προσαγόμᾼενον
1593 1817 1673 1885 τῷ
1713 1810 1966 1904 Δεῖδώλῳ,

2080 1816 2273 1890 aliqua
2328 1819 2501 1873 etiam
2552 1818 2836 1874 assidenti
2897 1817 3144 1873 dzemoni
3176 1817 3529 1885 destinatur,
3583 1835 3716 1874 cum

306 1900 714 1980 προσεμερίσθη
740 1922 792 1957 τι
852 1901 941 1956 καὶ
991 1900 1067 1966 είς
1115 1901 1206 1956 τὸν
1265 1898 1662 1978 παρεδρεύοντα
1710 1898 1964 1973 δαίμονα,

308 1989 372 2048 in
423 2013 482 2048 τε
529 1993 626 2047 τοῦ
679 1989 1070 2068 ἇξαερουμένου
1123 1991 1238 2064 (94)
1295 1988 1546 2064 α’ίματος,
1605 1989 1694 2045 καὶ
1753 1989 1811 2045 ἐκ
1865 1996 1966 2058 τῆς

307 2083 771 2157 ἀναθυμιωμένης
802 2080 1070 2155 πιμελῆς,
1128 2080 1218 2136 καὶ
1273 2085 1377 2136 τῶν
1441 2079 1649 2137 λοιπῶν
1678 2084 1784 2136 τῶν
1840 2080 1966 2136 ὀλο-

308 2173 704 2245 καυτωμάτων.
766 2165 1141 2244 λαμϐάνοντός
1197 2191 1321 2226 τινα
1381 2168 1578 2247 μερίδα
1615 2174 1711 2226 τοῦ
1769 2167 1962 2243 δαιμοι

306 2261 446 2319 νίου.
481 2256 580 2315 Καὶ
637 2261 664 2316 6
717 2260 822 2314 ἀπὸ
861 2264 963 2314 τοῦ
992 2258 1260 2336 ποτηρίου
1284 2260 1475 2328 πίνων,
1505 2260 1594 2334 ἀφ’
1625 2260 1686 2315 οὗ
1716 2262 1751 2329 ἡ
1801 2280 1962 2314 σπον-

309 2347 401 2419 δή,
433 2351 699 2426 ποτήριον
751 2347 896 2404 πίνει
926 2345 1248 2422 δαιμονίων.
1284 2349 1380 2403 Διὰ
1408 2351 1569 2404 τοῦτο
1618 2345 1869 2419 ὁλολύξει
1899 2347 1965 2402 τὰ

308 2439 565 2514 γλυπτὰ,
622 2438 866 2492 τουτέστι
923 2437 991 2492 τὰ
1038 2436 1306 2511 ὁμώνυμα
1361 2441 1476 2499 τοῖς
1532 2436 1798 2512 γλυπτοῖς
1856 2434 1966 2491 δαιη

313 2529 496 2602 μόνια.
552 2525 657 2584 Καὶ
685 2527 809 2581 ὅταν
842 2524 1096 2602 λέγηται,
1123 2525 1205 2581 ὅτι
1236 2528 1384 2599 Ἥξει
1417 2525 1492 2588 είς
1534 2523 1808 2600 Αἴγυπτον
1860 2525 1965 2580 Κύ-

308 2637 447 2692 ριος.
481 2616 572 2671 καὶ
607 2617 944 2687 σεισθήσεται
995 2614 1062 2670 τὰ
1115 2615 1476 2692 χειροποίητα
1523 2615 1814 2690 Δίγύπτοο,
1873 2614 1964 2669 καί

309 2708 346 2776 ἡ
402 2702 596 2782 καρδία
647 2705 821 2760 αὐτῶν
882 2705 1269 2777 ἡττηθήσεται,
1331 2705 1430 2774 τήν
1495 2703 1659 2774 αὐτὴν
1732 2701 1966 2759 διάνοιαν

310 2794 674 2872 ἶξηγούμεθα.
721 2794 802 2852 Τὰ
850 2793 953 2870 γὰρ
1007 2789 1294 2867 δαιμόνια,
1350 2793 1418 2848 τὰ
1472 2788 1966 2870 πρυσδιατρίϐοντα

308 2888 392 2956 τῷ
442 2882 703 2960 περιγείῳ
749 2882 944 2956 τόπῳ,
986 2884 1324 2954 σεισθήσεται
1378 2879 1827 2960 φυγαδευύμενα,
1876 2881 1965 2937 καὶ

310 2972 391 3036 εἷς
421 2974 512 3028 τὸν
547 2973 746 3027 οἰκεῖον
791 2978 891 3041 τῆς
936 2966 1172 3026 ἀϐύσσου
1220 2970 1618 3041 ἀπελαθήσεται
1668 2970 1858 3042 τόπον,
1912 2969 1963 3025 ἐν

307 3061 377 3137 τῇ
434 3058 707 3134 ἐπιδημίᾳ
763 3064 860 3116 τοῦ
919 3059 1148 3134 Κυρίου.
1208 3061 1307 3115 Διὰ
1359 3064 1523 3115 τοῦτο
1575 3059 1966 3135 ἱπικατάρατος

307 3156 416 3213 πᾶς
446 3151 597 3210 ὅστις
627 3149 846 3219 ποιήσει
875 3146 1139 3224 γλυπτὸν,
1169 3147 1257 3202 καὶ
1283 3150 1394 3221 (95)
1451 3147 1747 3224 χωνευτὸν,
1808 3143 1966 3223 ἔργον

309 3242 518 3314 χειρῶν
553 3237 827 3313 τεχνίτου,
881 3235 972 3292 καὶ
1033 3239 1184 3308 θήσει
1239 3235 1367 3291 αὐτὸ
1425 3235 1474 3291 ἰν
1509 3236 1824 3316 ἀποκρύφῳ,
1880 3238 1962 3292 ὅτι

304 3327 474 3382 κακὸν
508 3327 681 3398 ἑαυτῷ
711 3326 1057 3401 θησαύρισμα
1088 3322 1176 3380 διὰ
1199 3330 1296 3381 τοῦ
1335 3325 1580 3403 γλυπτοῦ
1629 3326 1720 3382 τὸν
1772 3326 1965 3381 ἐπακο-

306 3415 616 3473 λουθοῦντα
645 3414 792 3488 αύτῷ
821 3412 1052 3488 δαίμονα
1082 3414 1408 3491 ἐπηγάγετο,
1433 3416 1519 3470 xvi
1581 3415 1811 3492 κατάραν
1865 3415 1960 3471 σύ-

303 3526 493 3560 νοικον
527 3502 616 3560 διὰ
641 3508 739 3560 τοῦ
770 3501 1027 3578 δαίμονος
1059 3502 1415 3562 ἐπεσπάσατο.

369 3613 501 3669 237’
562 3611 660 3667 Καὶ
744 3607 916 3680 ἔσται,
993 3609 1116 3666 ὅταν
1177 3609 1466 3685 συντελέσῃ
1541 3610 1735 3687 Κόριος
1789 3611 1962 3667 πάντα

299 3707 475 3758 ποιῶν
544 3699 598 3756 έν
650 3705 729 3773 τῷ
787 3696 900 3772 ὄρει
953 3700 1134 3772 Σιὼν,
1183 3699 1274 3755 καί
1332 3698 1382 3755 ἐν
1443 3700 1808 3775 Ἰερουσαλὴμ
1863 3699 1960 3755 έπ-

304 3792 403 3863 έξει
463 3790 555 3846 έπὶ
609 3790 700 3845 τὸν
760 3793 880 3845 νοῦν
937 3789 1029 3845 τὸν
1091 3790 1253 3864 μέγαν
1313 3790 1422 3863 (96)
1452 3789 1544 3844 16v
1587 3787 1827 3866 ἄρχοντα
1852 3795 1959 3846 τῶν

307 3879 643 3955 ’Δσσυρίων,
722 3878 814 3935 καὶ
901 3878 988 3934 ἐπὶ
1065 3879 1129 3934 τὸ
1212 3877 1346 3952 ὕψος
1429 3885 1530 3949 τῆς
1616 3876 1774 3952 δόξης
1853 3884 1959 3934 τῶν

312 3968 616 4050 ὀφθαλμῶν
676 3969 861 4026 αὐτοῦ.
920 3967 1068 4025 Μετὰ
1093 3968 1156 4024 τὸ
1187 3967 1480 4045 προστάξαι
1532 3975 1648 4032 τοῖς
1697 3967 1966 4045 γλυπτοῖς

309 4065 428 4124 τοῖς
458 4058 514 4115 έν
542 4056 906 4132 Ἰερουσαλήμ
933 4057 1022 4113 καὶ
1052 4063 1171 4120 τοῖς
1201 4055 1252 4112 ἰν
1305 4057 1583 4133 Σαμαρείᾳ
1629 4057 1962 4133 ὀλολυγμὸν,

309 4150 402 4205 καὶ
460 4152 532 4222 τῇ
595 4146 678 4203 ἐπ’
728 4147 914 4210 αὐτοῖς
943 4145 1148 4222 ἀμειλῇ
1176 4149 1290 4202 οἷον
1323 4147 1733 4221 καθαρισθείσης
1769 4146 1964 4204 λοιπὸν

311 4245 408 4309 τῆς
459 4234 835 4312 Ἱερουσαλήν,
865 4234 954 4292 καὶ
1002 4239 1098 4291 τοῦ
1132 4235 1236 4290 όπὸ
1289 4239 1396 4290 τῶν
1446 4233 1689 4291 εἰδώλων
1727 4236 1968 4310 μιάσμα-

2075 1906 2431 1962 daemonium
2452 1911 2510 1963 et
2537 1923 2604 1963 ex
2637 1905 2921 1978 sanguine
2952 1906 3052 1977 qui
3083 1905 3336 1963 velutiin
3369 1922 3559 1963 aerem
3591 1923 3716 1963 ver-

2075 2013 2177 2052 sus
2208 2000 2316 2064 est,
2349 2001 2404 2052 et
2432 2013 2497 2053 ex
2525 1996 2695 2068 adipe
2743 1995 3183 2068 suffumigante,
3235 2001 3292 2052 et
3348 2011 3415 2052 ex
3474 1995 3717 2069 reliquis

2073 2084 2430 2141 holocaustis
2478 2089 2703 2157 partem
2747 2084 3060 2155 quamdam
3101 2084 3212 2140 sibi
3259 2088 3542 2140 assumat.
3608 2085 3718 2150 Qui

2075 2179 2270 2230 autem
2301 2190 2371 2230 ex
2401 2174 2578 2230 calice
2609 2173 3298 2230 libaminisubserviente
3327 2174 3493 2243 bibit,
3525 2174 3574 2230 is
3623 2191 3720 2230 ca-

2075 2263 2243 2319 licem
2274 2263 2423 2318 bibit
2445 2263 2863 2319 daamoniorum
2889 2263 2953 2316 σο.
2985 2263 3372 2330 Quamobrem
3406 2261 3722 2319 ululabunt

2074 2351 2367 2424 scuptilia,
2402 2351 2511 2407 hoc
2537 2351 2949 2422 esl,dazmonia
2969 2367 3096 2423 quas
3119 2349 3273 2407 idem
3305 2367 3517 2408 nomen
3549 2357 3723 2425 atque

2075 2440 2372 2513 sculptilia
2404 2439 2687 2496 obtinent.
2723 2441 2913 2510 Atque
2943 2455 3076 2495 cum
3101 2440 3316 2495 dicitur
3375 2440 3514 2512 fore,
3547 2447 3613 2496 ut
3661 2442 3721 2496 in

2072 2531 2384 2603 (Egyptum
2433 2529 2718 2584 Dominus
2763 2528 2981 2599 veniat,
3037 2528 3380 2600 [Egyptique
3453 2545 3714 2586 commo-

2073 2622 2319 2676 veantur
2349 2619 2705 2687 manul‘acta,
2766 2622 2825 2674 et
2878 2635 3077 2674 eorum
3122 2619 3355 2674 deficiat
3400 2620 3468 2690 ⁸1,
3535 2635 3717 2674 unum

2074 2709 2467 2780 eumdemque
2496 2724 2736 2764 sensum
2766 2724 2894 2764 esse
2917 2707 3716 2779 ducimus.Daemonia,enim,

2076 2815 2201 2871 quae
2239 2797 2299 2852 in
2349 2796 2475 2853 loco
2521 2801 2686 2852 terrea
2734 2797 2986 2852 ﬁnitimo
3055 2796 3441 2863 diversantur,
3514 2797 3717 2867 fugata

2075 2885 2516 2953 concutientur;
2551 2891 2727 2957 atque
2760 2885 3007 2940 Domino
3039 2884 3402 2954 adveniente,
3435 2884 3494 2940 in
3517 2885 3716 2954 abyssi

2073 2976 2266 3034 locum
2298 2974 2410 3031 sibi
2443 2975 2743 3048 pr0prium
2772 2973 3224 3046 ablegabuntur.
3259 2975 3445 3038 Quare
3476 2973 3714 3029 maledi-

2073 3069 2190 3122 ctus
2218 3065 2463 3139 quisquis
2489 3067 2658 3135 faciet
2705 3064 2982 3134 sculptile,
3005 3073 3058 3118 et
3087 3063 3258 3134 fusile
3286 3079 3417 3135 opus
3441 3079 3716 3119 manuum

2075 3156 2329 3227 artiﬁcis,
2355 3158 2406 3210 et
2448 3163 2614 3226 ponet
2653 3152 2793 3207 illud
2833 3154 2888 3207 in
2949 3152 3258 3208 abscondito
3315 3153 3382 3219 59,
3432 3153 3569 3223 quia
3617 3168 3720 3224 per

2077 3243 2349 3318 sculptile
2382 3241 2744 3314 comparavit
2774 3239 2884 3296 sibi
2910 3239 3128 3295 malum
3143 3240 3722 3305 thesaurum,daamo-

2075 3351 2207 3390 nem
2260 3332 2481 3389 scilicet
2525 3330 2662 3386 huic
2709 3329 3086 3398 assidentem,
3137 3333 3194 3384 et
3243 3345 3345 3400 per
3393 3329 3715 3384 daemonem

2073 3421 2544 3478 maledictionem
2588 3417 2972 3475 domesticam
3011 3422 3188 3490 atque
3237 3417 3717 3473 contubernalem

2071 3510 2394 3568 accersivit.

2141 3619 2265 3674 237.
2297 3617 2468 3675 Vaas.
2504 3617 2588 3670 12.
2623 3616 2687 3671 Et
2718 3615 2844 3682 erit,
2875 3631 2998 3670 cum
3027 3614 3490 3670 consummaverit
3527 3614 3716 3669 Domi-

2069 3724 2174 3764 nus
2197 3707 2388 3762 omnia
2410 3704 2618 3776 faciens
2649 3707 2707 3758 in
2759 3712 2945 3759 monte
2989 3702 3120 3758 Sion
3168 3707 3217 3758 et
3259 3702 3318 3757 in
3360 3703 3664 3757 Jerusalem
3691 3718 3714 3764 ;

2071 3797 2287 3853 inducet
2323 3809 2486 3866 super
2520 3798 2760 3848 mentem
2802 3808 3074 3865 magnam
3110 3792 3418 3862 principem
3462 3791 3712 3862 Assyrio-

2072 3903 2215 3955 rum,
2245 3887 2297 3940 et
2357 3898 2520 3954 super
2571 3881 2929 3936 altitudinem
2973 3881 3169 3951 gloriae
3227 3880 3509 3935 oculorum
3570 3881 3706 3945 eius.

2071 3975 2389 4044 Postquam
2420 3968 2739 4041 sculptilia,
2774 3985 2901 4040 quae
2923 3973 3090 4023 erant
3113 3968 3169 4022 in
3211 3966 3531 4023 Jerusalem
3563 3969 3618 4020 et
3648 3967 3708 4021 in

2071 4061 2355 4133 Samaria,
2389 4057 2808 4128 ulularejussa
2837 4061 2996 4120 sunt.
3015 4058 3218 4129 eisque
3247 4056 3546 4112 intentata
3577 4059 3718 4111 sunt

2077 4153 2269 4220 minas,
2303 4149 2472 4222 quasi
2495 4149 2621 4220 jam
2653 4153 2808 4203 esset
2838 4151 3158 4219 expurgata
3190 4143 3537 4214 Jerusalem,
3592 4144 3718 4200 ido-

2075 4240 2387 4311 lorumque
2416 4237 2716 4310 spurcitiis
2749 4236 3015 4299 liberata,
3051 4238 3107 4290 et
3158 4233 3385 4289 erudita
3431 4249 3496 4288 ac
3536 4233 3717 4290 casti-

303 4349 397 4392 τος
456 4324 946 4398 ἐλευθερωθείσης,
1005 4324 1098 4380 καὶ
1154 4322 1536 4396 παιδευθείσης
1582 4330 1700 4388 ταῖς
1730 4325 1966 4401 πληγαῖς

2080 4333 2212 4402 gata
2242 4344 2344 4401 per
2375 4326 2611 4382 ultrices
2643 4326 2868 4398 plagas,
2897 4341 3044 4396 quas
3081 4327 3280 4396 utpote
3309 4322 3565 4392 Assyriis
3610 4326 3724 4378 tra-

309 4422 429 4480 ταῖς
461 4412 842 4486 κολαπικαῖς,
870 4412 930 4476 ἃς
961 4411 1050 4469 διὰ
1094 4417 1190 4469 τοῦ
1246 4410 1618 4487 παραδοθῆναι
1675 4421 1794 4478 τοῖς
1841 4421 1968 4469 Ἀσ-

2079 4418 2200 4473 dita
2229 4415 2491 4489 pertulit,
2520 4420 2648 4470 tum
2671 4417 2902 4470 domum
2938 4413 3327 4469 comminatur
3357 4411 3662 4483 Scriptura
3680 4411 3725 4446 ⁸³

306 4503 520 4580 συρίοις
552 4503 818 4576 ὑπέμενον
845 4504 984 4577 (97),
1043 4501 1168 4558 τότε
1218 4501 1411 4558 λοιπὸν
1453 4501 1668 4558 ἀπειλεῖ
1724 4504 1753 4558 6
1809 4501 1966 4578 λόγος

2086 4505 2319 4579 plagam
2341 4503 2692 4560 translatum
2724 4503 2794 4557 iri
2825 4501 2884 4557 in
2945 4503 3321 4574 Assyriorum
3373 4499 3721 4573 principem.

315 4571 403 4648 ετέι
432 4594 533 4649 τὸν
557 4571 804 4668 ἄρχξοντα
852 4571 968 4647 ’τῶν
1027 4593 1325 4668 Ἀσσυρίων
1355 4591 1454 4661 τὴν
1485 4589 1706 4668 πληγὴν
1743 4571 1966 4666 μεταόήι

2085 4571 2372 4660 ῥυοοὶεω
2414 4593 2569 4647 enim
2615 4608 2794 4663 supra
2833 4592 3074 4646 modum
3127 4589 3314 4645 elatus
3364 4589 3560 4645 animo
3619 4591 3728 4659 est,

313 4702 449 4740 σειν.
507 4679 732 4751 Ἐπειδὴ
789 4682 892 4756 γὰρ
934 4681 1212 4758 ὑπερήρθη
1271 4684 1350 4752 τῷ
1400 4681 1731 4756 φρονήματι,
1762 4681 1850 4737 καὶ
1879 4681 1966 4738 οὐκ

2086 4699 2191 4738 nec
2218 4681 2630 4737 animadvertit
2660 4685 2962 4752 peccatum
2996 4678 3227 4734 illorum
3271 4694 3511 4734 causam
3549 4677 3734 4733 fuisse

308 4768 556 4841 ἐνόησεν,
620 4769 704 4825 ὅτι
761 4772 797 4840 ἡ
857 4768 1072 4825 ἐκείνων
1127 4769 1364 4844 ἁμαρτία
1433 4767 1580 4824 αίτία
1627 4770 1820 4846 γέγονε
1865 4776 1966 4827 τῶν

2083 4777 2140 4830 et
2169 4770 2455 4842 originem
2486 4773 2573 4825 tot
2601 4773 2655 4825 et
2687 4772 2987 4825 tantorum
3019 4766 3309 4824 malorum
3341 4787 3361 4835 ,-
3419 4766 3536 4824 imo
3595 4765 3735 4838 quia

377 4940 648 5013 ωιιιοε.
681 4955 737 5010 v,
766 4939 822 5010 2,
852 4938 906 4995 ε.
982 4939 1230 5011 ‘.ICor.
1261 4938 1429 5009 x,21.
1506 4938 1552 4974 σο
1582 4937 1722 4995 ibid.
1753 4939 1844 4994 20.
1920 4941 1963 4975 οι

2080 4957 2117 5011 ι,
2146 4955 2260 5010 xxx,
2293 4936 2346 4994 1.
2422 4937 2468 4972 ⁶²
2504 4937 2669 4994 Deut.
2703 4952 2903 5006 xxvm,
2940 4937 3026 4993 15.
3103 4935 3150 4972 ⁸³
3180 4933 3253 4995 1V
3285 4935 3426 5008 Reg.
3461 4950 3621 5005 xvm,
3671 4934 3738 4990 19

320 5029 441 5087 seq.

388 5182 501 5255 (92)
527 5184 655 5255 Vox
684 5177 924 5255 ἐχόμενα
979 5180 1089 5238 hoc
1126 5179 1252 5238 loco
1302 5179 1361 5237 in
1425 5181 1668 5238 modum
1715 5181 1976 5238 adverbii
2083 5198 2270 5240 versus
2298 5183 2394 5255 git.

322 5252 514 5328 posita
546 5252 749 5328 fuisse
761 5252 1011 5328 videtur.

391 5326 506 5397 (93)
537 5324 714 5390 Editi,
748 5322 849 5385 εἲς.
889 5328 964 5379 At
989 5341 1136 5397 mss,
1159 5323 1371 5397 nostri,
1402 5318 1510 5397 ξπί.

401 5391 513 5469 (94⁷)
544 5399 842 5469 Interpres
889 5412 1025 5452 cum
1091 5391 1152 5451 in
1195 5394 1370 5469 editis
1419 5393 1681 5469 legisset,
1733 5391 1979 5469 ἐξαιρου-

323 5466 514 5538 piece,
575 5468 658 5523 ita
682 5466 893 5524 vertit:
927 5470 1012 5524 Ex
1053 5467 1324 5537 sanguine
1381 5466 1603 5537 quidem
1657 5468 1977 5522 exsiliente.

319 5540 428 5596 Sed
450 5539 856 5596 restituendus
877 5539 1041 5595 locus
1064 5543 1154 5595 est
1182 5555 1252 5594 ex
1272 5539 1491 5594 nostris
1521 5555 1622 5594 sex
1651 5538 1977 5594 codicibus.

322 5612 380 5667 in
411 5612 636 5684 quibus
667 5627 778 5667 non
831 5608 1237 5684 ἐξιαρουμὲνου,
1271 5611 1371 5684 sed
1404 5608 1790 5684 ἐξαερουμένου
1839 5611 1982 5682 legi-

331 5681 473 5754 tur}
503 5699 583 5740 ea:
611 5685 909 5755 sanguine,
940 5681 1061 5756 'qui,
1094 5691 1154 5740 ut
1178 5684 1257 5739 ita
1270 5681 1470 5754 dicam,
1503 5681 1566 5739 in
1621 5681 1809 5740 aerem
1845 5681 1981 5740 con-

2154 5255 2270 5326 (95)
2296 5252 2472 5326 Editi,
2501 5247 2560 5326 ἤ.
2585 5253 2798 5326 ,Αἰ-θοις,
2816 5247 3127 5326 mss.,_ml.

2156 5318 2270 5398 (96)
2303 5318 2636 5398 Praep’ositio
2659 5321 2755 5398 int
2786 5323 2842 5378 in
2876 5321 3055 5398 editis
3077 5326 3136 5378 et
3157 5321 3312 5398 apud
3346 5318 3740 5398 LXX_legitur

2091 5391 2224 5452 ante
2253 5391 2450 5470 ’νοοοέ
2504 5395 2594 5450 τὸν
2654 5394 2936 5470 ἄρχοντα’ἶ
2961 5394 3059 5450 sed
3093 5391 3227 5451 cum
3268 5393 3328 5448 in
3385 5391 3600 5446 nostris
3641 5406 3740 5446 sex

2093 5486 2233 5525 mss.
2268 5469 2450 5542 deest,
2482 5484 2609 5542 eam
2640 5467 3048 5542 expitnaimus.
3091 5535 3101 5542 _
3563 5531 3574 5542 .

2164 5542 2276 5612 (97)
2305 5531 2456 5614 Editi
2486 5546 2543 5596 et
2573 5531 2730 5614 Reg.’
2744 5539 2974 5609 tertius,
3010 5535 3284 5608 ὑπέμεινε.
3318 5531 3428 5588 Alii
3477 5531 3738 5604 quinque

2093 5629 2262 5683 m88.,
2300 5611 2580 5685 ὑπέμενεν.
