4118 6220
328 370 443 430 637

1170 362 1574 426 COMMENT.
1624 364 1704 424 ΙΝ
1747 364 2022 426 lSAlAM
2065 366 2568 427 PROPHETAM.
2617 367 2786 426 CAP.
2834 367 2902 425 Χ.

3613 373 3732 433 538

328 494 579 552 κολάκων
639 493 782 549 οὕτω
861 493 1403 570 προσαγορευόμενος
1438 537 1451 564 ,
1507 491 1819 566 ὠνόμασται
1890 494 1970 546 νῦν

2093 498 2465 565 contortam),
2499 496 2599 553 sed
2632 494 2781 553 falso
2836 500 2894 553 et
2949 497 3244 554 simulate.
3295 499 3403 554 Aut
3445 499 3531 556 ita
3575 517 3734 559 nunc

328 587 477 661 παρά
522 591 624 655 τῆς
671 590 913 661 Γραφῆς.
964 584 1136 645 Οὗτος
1188 579 1245 637 δὲ
1284 583 1312 636 6
1350 586 1475 644 νοῦς
1507 583 1535 636 6
1570 582 1755 657 μέγας,
1792 577 1979 651 ἐπειδὴ

328 671 496 742 οἶδεν,
530 673 614 727 ὅτι
643 677 748 727 Τοῦ
803 675 995 751 σοφοῦ,
1024 675 1120 725 τοῦ
1171 691 1234 746 γε
1264 672 1342 745 (ὃ)
1393 669 1671 742 ἀληθινῶς
1702 675 1894 748 σοφοῦ,
1928 672 1980 726 οἱ

325 761 611 840 ὀφθαλμοὶ
668 761 756 816 ἐπὶ
802 765 913 839 ,τῆς
986 758 1229 837 κεφαλῆς
1308 760 1476 815 αὐτοῦ
1509 806 1523 831 ,
1587 757 1795 830 δοξάζει
1853 760 1982 824 τοὺς

326 849 649 929 ὄᾳθαλμοὺς
677 850 862 920 αὐτοῦ,
890 849 966 913 ὡς
994 848 1058 904 οὐ
1087 850 1236 904 κάτω
1272 847 1514 924 βλὲπων,
1550 846 1677 904 οὐδὶ
1705 849 1771 904 τὰ
1795 851 1977 925 γήινα,

325 938 474 997 ἀλλὰ
503 940 569 994 τὰ
623 941 867 1014 μετέωρα
914 936 1416 1016 πολυπραγμονῶν,
1446 939 1533 993 καὶ
1584 938 1684 1007 τὴν
1723 935 1834 993 ἄνω
1866 936 1978 993 δια-

323 1024 523 1106 τριϐὴν
555 1027 905 1101 ποιούμενος.
937 1029 1149 1083 Ὁποῖοί
1210 1027 1344 1083 εἰσιν
1399 1028 1450 1082 οἱ
1504 1027 1649 1103 παρὰ
1710 1033 1827 1091 τοῖς
1850 1028 1981 1084 Ἕλ-

328 1117 461 1189 λησι
495 1118 672 1196 σοφοίο
704 1118 798 1173 τὸν
830 1117 925 1191 μὶν
973 1116 1092 1191 βίον
1142 1110 1362 1192 ἔχοντες
1397 1121 1515 1181 τοῖς
1543 1117 1849 1192 αἴσχίστοις
1881 1125 1979 1188 τῆς

323 1206 525 1284 σαρκὸς
567 1207 787 1271 πάθεσιν
848 1203 1362 1282 ἂγκαλινδούμενον,
1422 1206 1489 1259 τὰ
1537 1202 1594 1260 δὶ
1636 1207 1758 1282 περὶ
1813 1205 1976 1280 οὐρα-

321 1299 422 1351 νοῦ
478 1296 572 1350 καὶ
631 1294 891 1370 ἀστέρων,
939 1294 1031 1349 καὶ
1084 1300 1194 1349 τῶν
1248 1293 1525 1370 αἲθερίων,
1576 1295 1664 1349 καὶ
1714 1299 1821 1349 τῶν
1855 1296 1980 1371 περὶ

317 1384 418 1439 τὸν
467 1384 600 1459 ἀὲρα
649 1382 1070 1456 συμπτωμάτων
1126 1382 1601 1461 φυσιολογοῦντες,
1657 1380 1810 1457 δόξαν
1859 1384 1980 1439 τινὰ

321 1474 532 1530 ἑαυτῶν
563 1477 678 1534 τοῖς
710 1472 1019 1550 ὀφθαλμοῖς
1046 1471 1431 1547 περιτιθέασιν.

2092 584 2386 657 appellata
2414 590 2505 643 est
2532 604 2567 642 a
2593 585 2915 658 Scriptura,
2949 588 3104 660 quod
3137 588 3268 660 ipsa
3298 587 3410 644 sibi
3443 593 3596 645 esset
3634 592 3733 646 ad-

2092 673 2412 744 mirationi,
2447 679 2548 729 aut
2579 675 2733 746 quod
2769 674 2877 730 hoc
2923 676 3095 732 modo
3146 677 3218 732 ab
3268 678 3734 735 assentatoribus

2088 768 2408 818 vocaretur.
2443 763 2571 819 Hac
2616 768 2811 819 autem
2864 781 3031 819 mens
3081 781 3318 837 magna,
3375 782 3507 823 cum
3554 768 3737 823 semel

2088 852 2249 907 novit
2278 852 2593 924 Sapientis,
2627 853 2756 925 ejus
2786 852 3010 908 scilicet
3039 854 3140 925 qui
3173 870 3302 909 vere
3346 856 3581 926 sapiens
3627 859 3736 928 est,

2088 939 2286 997 oculos
2318 957 2447 996 esse
2476 941 2534 995 in
2569 941 2757 1012 capite
2787 943 2914 1012 ejus
2956 942 3021 1006 ⁸ο,
3078 958 3216 997 suos
3263 942 3465 1001 laudat
3513 943 3736 1012 oculos,

2088 1030 2305 1102 quippe
2334 1046 2458 1101 qum
2489 1046 2555 1085 ea
2587 1046 2710 1100 qua:
2742 1030 2906 1085 bumi
2939 1033 3159 1085 suntet
3188 1034 3443 1100 terrena,
3500 1049 3613 1088 non
3646 1049 3735 1089 re-

2088 1120 2321 1191 spiciat,
2353 1120 2450 1174 sed
2476 1123 2776 1174 scrutetur
2793 1118 3131 1191 diligentius
3152 1119 3456 1187 sublimia,
3484 1125 3655 1191 atque
3676 1121 3737 1177 in

2087 1206 2423 1264 coelestibus
2465 1208 2830 1263 immoretur.
2891 1208 3189 1279 Ejusmodi
3244 1213 3383 1264 sunt
3430 1209 3529 1281 qui
3583 1211 3737 1282 apud

2087 1296 2316 1353 Graecos
2345 1296 2640 1352 habentur
2668 1297 2999 1368 sapientes:
3033 1314 3280 1368 quorum
3311 1297 3565 1370 {quidem
3623 1298 3742 1355 vita

2087 1386 2147 1441 in
2178 1385 2542 1457 turpissimis
2574 1385 2767 1441 carnis
2798 1385 2956 1441 vitiis
2980 1403 3043 1442 ac
3067 1386 3492 1458 cupiditatibus
3512 1386 3737 1443 voluta-

2087 1479 2204 1539 tur,
2238 1474 2339 1529 sed
2374 1479 2571 1529 tamen
2625 1491 2755 1529 cum
2809 1477 2879 1530 de
2929 1479 3138 1530 natura
3191 1475 3343 1541 cmli,
3402 1474 3732 1542 stellarum,

318 1579 526 1621 rerum
557 1563 941 1620 etherearum
973 1567 1147 1635 atque
1177 1563 1552 1620 aii'ectionum
1602 1563 1663 1620 in
1717 1580 1847 1620 aere
1894 1563 2369 1636 contingentium
2420 1563 2749 1635 disputant,
2800 1562 2999 1619 oculos
3049 1579 3188 1620 suos
3236 1565 3491 1637 quadam
3543 1564 3731 1638 gloria

318 1653 831 1709 circumvestiuut.

950 1740 1037 1795 Ἐν
1104 1744 1175 1815 τῇ
1236 1739 1391 1816 ἰσχύϊ
1451 1742 1694 1811 ποιήσω,
1751 1740 1842 1796 καὶ
1897 1744 1968 1815 τῇ

2144 1741 2270 1797 239.
2301 1741 2477 1797 Vens.
2512 1698 2599 1810 i3,
2633 1742 2720 1798 M.
2752 1744 2907 1797 Dixit
2935 1743 3084 1798 enim
3106 1761 3125 1796 :
3156 1744 3217 1798 In
3264 1742 3590 1813 fortitudine
3635 1744 3728 1814 fa-

321 1828 493 1905 σοφίᾳ
545 1834 649 1898 τῆς
724 1829 983 1892 συνέσεως
1045 1828 1230 1906 ἀφελῶ
1307 1829 1429 1905 ὅρια
1488 1827 1678 1901 ἐθνῶν,
1728 1829 1818 1884 καὶ
1872 1830 1973 1899 τὴν

322 1917 493 1994 ῗσχῦν
547 1917 724 1973 αὐτῶν
776 1917 1178 1993 προνομεύσω.
1232 1919 1337 1975 Καὶ
1391 1917 1550 1973 σείσω
1607 1916 1799 1982 πόλεις
1848 1939 1976 1973 κατ-

327 2005 652 2079 οικουμένας
685 2049 702 2079 ,
775 2005 869 2061 καὶ
940 2007 1039 2076 τὴν
1120 2004 1447 2080 οἴκουμὲνην
1521 2006 1659 2077 ὅλην
1738 2004 1975 2078 καταλή-

593 2098 622 2111 υ

324 2098 504 2170 ψομαι
557 2098 626 2170 τῇ
685 2094 833 2171 χειρὶ
892 2094 967 2157 ὡς
1021 2096 1264 2165 νοσσιὰν,
1321 2095 1357 2165 ἢ
1410 2097 1483 2158 ὡς
1540 2092 1973 2168 καταλελειμμέ-

317 2206 388 2240 να
415 2184 499 2239 ὠά
549 2184 688 2260 ἀρῶ.
743 2184 846 2241 Καὶ
905 2184 1005 2239 οὐκ
1060 2180 1201 2240 ἔστιν
1260 2187 1336 2258 (7)
1401 2185 1461 2247 ὃς
1519 2181 1850 2261 διαφεύξεταί
1880 2205 1969 2257 με,

318 2274 356 2343 ἢ
391 2272 618 2348 ἀντείπῃ
662 2291 781 2345 μοι.
831 2271 937 2328 Νῦν
989 2272 1275 2349 ἓρμηνεύει
1321 2277 1504 2352 σαφῶς
1558 2270 1648 2328 διὰ
1702 2273 1753 2328 τί
1805 2275 1966 2351 μέγαν

316 2368 447 2418 νοῦν
480 2361 693 2439 εἴρηκεν
747 2361 928 2432 αὐτὸν,
978 2362 1067 2417 καὶ
1116 2360 1207 2417 διὰ
1256 2362 1310 2417 τί
1355 2362 1442 2418 ἐπὶ
1489 2364 1552 2418 τὸ
1581 2362 1713 2437 ὕψος
1743 2370 1844 2432 τῆς
1876 2362 1967 2419 δό-

316 2451 416 2522 ξης
471 2455 580 2506 τῶν
637 2448 937 2529 ὀφθαλμῶν
983 2449 1147 2506 αὐτοῦ
1198 2450 1414 2506 ἀπειλεῖ
1439 2451 1535 2513 τὰς
1582 2450 1834 2515 κολάσεις
1876 2452 1969 2507 ἐπ-

317 2539 685 2615 αγαγεῖν,.τὸν
735 2542 812 2614 (8)
858 2540 1075 2614 κόμπον
1120 2540 1285 2595 αὑτοῦ
1321 2544 1430 2594 τῶν
1486 2539 1769 2617 ῥημάτιον,
1801 2543 1847 2615 ᾧ
1886 2543 1971 2597 κέ-

316 2648 526 2706 χρηται
585 2628 722 2684 κατὰ
771 2633 879 2684 τῶν
938 2625 1354 2705 ὑποδεεστέρων,
1420 2629 1555 2703 μετά
1610 2630 1788 2701 πάσης
1844 2653 1905 2686 πι
1938 2666 1970 2678 -

316 2716 478 2793 κρίας
510 2716 693 2780 αὐτοῖς
745 2715 985 2773 ἀπειλῶν
1029 2724 1134 2773 πᾶν
1185 2716 1325 2780 εἶδος
1374 2719 1699 2796 ἀφανισμοῦ,
1749 2721 1966 2797 ἄμαχον

317 2809 515 2863 ἑαυτοῦ
565 2807 654 2861 καὶ
708 2807 1168 2882 ἀνανταγώνιστον
1226 2806 1404 2883 λᾶγων
1473 2809 1605 2863 εἶναι
1661 2810 1760 2878 τήν
1810 2808 1969 2865 δύνα-

323 2916 441 2970 μιν.
496 2896 585 2958 Ὠς
640 2894 740 2971 γὰρ
796 2895 983 2968 κύριος
1035 2895 1321 2972 τυγχάνων
1379 2894 1452 2950 ὦν
1515 2896 1770 2973 βούλεται
1804 2941 1818 2968 ,
1878 2901 1969 2954 καὶ

316 2983 540 3046 πάντως
579 2983 905 3041 ἕπιτελέσων
951 2986 1019 3040 τὰ
1064 2985 1200 3040 κατὰ
1245 2986 1522 3061 πρόθεσιν,
1574 2986 1745 3049 οὕτως
1798 2987 1966 3062 ἐκόμ-

320 3078 512 3143 παζεν.
560 3070 784 3143 Ἐπειδή
834 3072 1022 3142 πολλή
1074 3074 1167 3147 μοί
1217 3072 1356 3130 ἔστιν
1401 3076 1601 3145 ἱππική
1650 3077 1740 3132 καὶ
1769 3079 1963 3149 πεζικὴ

321 3159 576 3235 δύναμις,
616 3160 706 3217 καί
759 3160 935 3225 οὖδεὲς
984 3164 1013 3217 6
1060 3162 1342 3239 ἀνταίρων,
1393 3165 1481 3219 καὶ
1521 3163 1707 3235 ἐπειδὴ
1739 3166 1965 3243 ἀπρόσι-

319 3271 414 3315 τος
441 3253 480 3320 ἡ
513 3250 565 3305 ἐν
593 3256 711 3315 τοῖς
759 3256 1150 3327 στρατηγικοῖς
1201 3252 1367 3330 σοφία
1405 3274 1498 3326 μοι
1530 3254 1778 3330 πάρεστι,
1813 3256 1902 3311 καὶ
1933 3260 1968 3327 ἠ

318 3338 531 3402 σύνεσις
582 3339 952 3411 ἀνεπίληπτος
1001 3343 1099 3415 (9)'
1150 3339 1240 3395 διὰ
1283 3345 1469 3410 τοῦτο,
1514 3343 1700 3417 φησὶν,
1752 3344 1970 3424 Ἀφελῶ

317 3428 442 3505 ὅρια
501 3427 670 3493 ἐθνῶν
704 3473 718 3498 ,
778 3429 866 3486 καὶ
923 3430 1020 3499 τήν
1098 3428 1254 3506 ἰσχὺν
1331 3430 1505 3487 αὐτῶν
1564 3436 1924 3507 προνομεῦσω
1953 3478 1966 3491 .

317 3519 506 3574 Πάντα
537 3518 643 3593 γὰρ
674 3520 741 3574 τά
768 3513 895 3591 ἔθνη
952 3523 1022 3593 τῇ
1072 3517 1307 3592 ἱμαυτοῦ
1353 3519 1681 3577 ὐποκύπτειν
1718 3522 1971 3597 βασιλείᾳ

318 3606 743 3683 συναναγκάσας,
790 3605 885 3663 ἕνα
928 3611 1034 3662 τῶν
1085 3607 1294 3662 πάντων
1345 3612 1610 3680 ποιοῦμαι
1668 3608 1818 3684 ὅρον,
1869 3612 1969 3679 τήν

315 3695 456 3770 ὶμὴν
508 3695 841 3772 ἐπικρᾳτεια.
896 3700 1000 3751 Νῦν
1049 3696 1151 3774 γὰρ
1197 3694 1420 3753 ἕκαστον
1473 3695 1636 3760 ἲδίοις
1670 3698 1966 3774 ὀροθεσίοις

315 3785 425 3841 ἀπὸ
481 3789 581 3840 τοῦ
639 3785 822 3860 δτὲρου
882 3783 1185 3861 διώρισται.
1248 3785 1488 3865 Ἀφελὼν
1549 3786 1640 3841 οὖν
1685 3787 1860 3843 αὐτῶν
1902 3788 1970 3844 τὰ

316 3874 463 3951 ὅρια,
499 3874 606 3929 ὑπὸ
646 3870 701 3929 ἓν
753 3880 1029 3951 σκῆπτρον
1075 3882 1177 3945 τῆς
1226 3873 1367 3948 ἐμῆς
1419 3873 1698 3952 βασιλείας
1726 3878 1966 3952 γενέσθαι

312 3963 380 4020 τὰ
429 3966 609 4018 πάντα
666 3964 779 4037 (40)
837 3964 1239 4039 συναναγκάσω.
1274 3965 1374 4019 Καὶ
1432 3967 1530 4033 τήν
1588 3964 1745 4041 ἰσχὺν
1791 3966 1965 4021 αὐτῶν

312 4049 706 4127 προνομεύσω.
759 4055 1020 4128 Προνομή
1079 4050 1297 4129 λέγεται
1346 4055 1382 4123 ἡ
1432 4051 1487 4108 ἐν
1516 4058 1633 4116 τοῖς
1670 4051 1968 4127 πολεμίοις

311 4145 421 4198 τῶν
463 4138 792 4196 δαλωκότων
826 4142 904 4204 εἷς
946 4140 1074 4204 τοὺς
1120 4146 1448 4219 κρατοῦντας
1490 4139 1748 4217 διανομὴ,
1781 4142 1905 4199 ὅταν
1931 4144 1968 4214 ἢ

314 4227 657 4308 αἰχμάλωτα
712 4230 982 4303 σώματα,
1036 4230 1072 4301 ἢ
1129 4251 1248 4286 τινα
1294 4235 1403 4287 τῶν
1463 4232 1827 4308 βοσκημάτων
1859 4278 1872 4303 ,
1932 4233 1968 4303 ἢ

312 4318 460 4375 ἄλλα
504 4317 631 4373 τινὰ
678 4321 785 4373 τῶν
837 4319 972 4374 κατὰ
1015 4319 1107 4374 τὸν
1162 4317 1303 4395 βίον,
1337 4320 1389 4374 οἱ
1434 4317 1754 4393 κρατοῦντες
1793 4320 1845 4376 ἰν
1876 4320 1973 4378 ἀλ-

312 4405 517 4477 λήλοις
566 4401 998 4482 διαλαγχάνουσι
1042 4409 1196 4481 (11)·
1250 4407 1337 4462 καὶ
1403 4404 1630 4470 ἕκαστος
1681 4410 1819 4464 κατὰ
1868 4410 1969 4479 τὴν

2084 1834 2253 1897 ciam,
2285 1838 2336 1887 et
2360 1833 2632 1904 sapientia
2659 1832 2966 1903 prudentia
2994 1834 3246 1903 auferam
3275 1834 3535 1888 termino:
3591 1848 3728 1904 gen-

2086 1922 2250 1988 tium,
2290 1930 2343 1977 et
2370 1920 2757 1993 fortitudinem
2786 1937 2980 1976 earum
3009 1920 3380 1993 depraedabor.
3412 1924 3478 1977 Et
3530 1936 3728 1978 concu-

2082 2012 2222 2067 tiam
2261 2011 2510 2067 civitate:
2552 2009 2842 2077 habitatas,
2886 2018 2938 2065 et
2982 2012 3304 2065 uniuersum
3345 2012 3536 2067 orbem
3581 2026 3727 2067 com-

2075 2100 2415 2172 prehendam
2440 2116 2632 2169 manu,
2665 2100 2825 2170 quasi
2842 2101 3055 2166 nidum,
3085 2099 3171 2154 vel
3198 2101 3363 2171 quasi
3380 2116 3479 2156 ova
3525 2099 3728 2156 dereli-

2083 2198 2173 2244 cta
2201 2188 2414 2246 tollam.
2449 2189 2511 2244 Et
2540 2205 2651 2244 non
2678 2197 2756 2246 est
2785 2190 2882 2262 qui
2910 2189 3139 2261 effugiat
3164 2197 3392 2255 m¢,aul
3444 2188 3727 2246 contradi-

2077 2284 2166 2334 cat
2193 2278 2355 2334 mihi.
2383 2278 2549 2332 Nunc
2569 2277 2741 2349 plane
2761 2282 2818 2333 et
2836 2277 3159 2333 luculenter
3178 2279 3414 2350 exponit
3440 2295 3545 2335 cur
3563 2278 3723 2351 priu-

2079 2367 2267 2439 cipem
2296 2368 2585 2425 vocaverit
2615 2373 2869 2423 mentem
2904 2383 3201 2439 magnam,
3235 2373 3293 2423 et
3322 2384 3428 2424 cur
3454 2368 3722 2424 intermi-

2080 2460 2252 2513 netur
2280 2475 2343 2514 se
2371 2458 2515 2515 561
2555 2457 2855 2513 altitudini
2880 2457 3077 2529 gloriae
3108 2458 3409 2514 oculorum
3441 2460 3569 2529 ejus
3600 2476 3724 2531 pce-

2078 2563 2185 2602 nas
2216 2550 2392 2619 atque
2422 2546 2713 2619 supplicia
2739 2546 3161 2619 irrogaturum,
3193 2548 3471 2603 nimirum
3502 2548 3575 2603 ob
3599 2565 3725 2603 ver-

2076 2635 2284 2691 borum
2310 2636 2680 2707 jactantiam,
2713 2636 2931 2708 quibus
2961 2653 3107 2691 usus
3124 2640 3212 2691 est
3233 2637 3544 2691 adversum
3563 2636 3725 2691 debi-

2075 2722 2162 2778 les
2188 2728 2246 2779 et
2275 2724 2578 2779 inﬁrmos:
2611 2724 2904 2795 siquidem
2934 2740 3068 2778 cum
3119 2725 3276 2780 omni
3329 2723 3723 2780 amaritudine

2076 2811 2161 2867 eis
2192 2812 2686 2868 interminabatur
2714 2829 2885 2867 omne
2939 2812 3146 2867 excidii
3200 2829 3405 2883 genus,
3454 2812 3724 2883 viresque

2078 2917 2218 2956 suas
2250 2901 2582 2956 afﬁrmabat
2629 2901 2877 2956 invictas
2928 2917 3059 2956 esse
3106 2905 3165 2955 et
3212 2899 3718 2973 inexpugnabiles.

2076 2990 2304 3046 Etenim
2336 2990 2417 3045 ita
2447 2989 2824 3061 gloriabatur,
2850 2990 3020 3060 quasi
3044 3006 3111 3045 ea
3140 3006 3267 3060 quae
3298 2989 3490 3058 vellet,
3521 2989 3581 3044 in
3614 3005 3722 3044 sua

1997 3124 2042 3191 c
2081 3078 2899 3191 θδθθῖί,Ρθίίῗθῖδῖθζ-ῗῗ,ῗίῗ¹ἓῗί
2960 3077 3723 3191 Ξῗῖῗ-ῗέξωῖεῗῗῗῗίῗῗῖῗὲ

2084 3173 2241 3225 esset
2270 3168 2510 3223 omnino
2538 3167 2927 3239 perfecturus.
2961 3167 3243 3230 Quoniam
3297 3166 3503 3221 mihim
3533 3165 3724 3221 ultum

2077 3257 2232 3313 inest
2261 3257 2557 3329 equitatus
2587 3272 2653 3311 ao
2684 3255 2999 3328 peditatus,
3034 3270 3138 3310 nec
3171 3254 3466 3328 quispiam
3510 3255 3725 3327 reperi-

2078 3350 2177 3402 tur
2205 3346 2307 3417 qui
2338 3346 2594 3413 resistat,
2626 3360 2878 3415 cumque
2905 3344 3206 3399 inaccessa
3230 3343 3288 3398 in
3308 3343 3484 3399 rebus
3509 3343 3727 3399 milita-

2078 3436 2244 3491 ribus
2275 3434 2579 3506 sapientia,
2604 3438 2781 3506 atque
2800 3432 2990 3488 incom
3002 3431 3391 3504 prehensibile
3411 3432 3724 3488 consilium

2078 3524 2223 3580 mihi
2254 3526 2546 3595 suppetat,
2578 3522 2730 3590 ideo,
2761 3521 2975 3594 inquit,
3009 3522 3273 3591 Auferen:
3302 3522 3569 3577 terminos
3596 3538 3727 3593 gen-

2077 3614 2235 3678 tium,
2265 3620 2317 3668 et
2362 3611 2744 3684 [ortitudinem
2790 3627 2982 3667 earum
3023 3610 3403 3682 deprwdabor.
3444 3609 3590 3666 Nam
3624 3608 3722 3665 ubi

2077 3707 2278 3774 gentes
2309 3718 2512 3757 omnes
2542 3715 2784 3772 coegero
2834 3699 3079 3771 imperio
3128 3715 3255 3755 meo
3304 3716 3365 3755 se
3413 3699 3725 3769 subjicere,

2079 3806 2262 3846 unum
2316 3789 2579 3845 omnium
2629 3788 2950 3843 terminum
3002 3787 3275 3856 efﬁciam,
3325 3787 3609 3843 ditionem
3659 3803 3725 3842 ac

2076 3878 2471 3952 principatum
2506 3892 2723 3932 meum.
2756 3874 2923 3931 Nunc
2953 3876 3109 3931 enim
3161 3890 3527 3947 unaquaque
3579 3891 3724 3947 gens

2077 3965 2331 4039 propriis
2360 3964 2649 4020 limitibus
2676 3963 2867 4018 divisa
2896 3967 2984 4018 est
3012 3968 3070 4018 et
3098 3963 3379 4018 distincta
3407 3964 3482 4018 ab
3518 3963 3721 4019 altera.

2076 4054 2331 4111 Sublatis
2361 4052 2544 4124 igitur
2571 4050 2834 4125 gentium
2867 4050 3156 4115 terminis,
3175 4067 3274 4106 eas
3301 4066 3506 4106 omnes
3527 4050 3580 4105 vi
3606 4050 3718 4105 adi-

2077 4160 2235 4217 gam,
2267 4147 2334 4198 ut
2363 4141 2473 4196 sub
2496 4155 2680 4195 unum
2708 4138 2873 4211 regni
2899 4138 3012 4193 mei
3035 4142 3332 4210 sceptrum
3355 4139 3722 4210 redigantur.

2078 4235 2144 4290 Et
2171 4230 2559 4305 fortiiudinem
2606 4243 2798 4284 eorum
2854 4227 3225 4298 depra'dabor.
3273 4231 3352 4283 Ea
3398 4227 3722 4299 spoliorum

2079 4322 2352 4377 hostibus
2382 4319 2793 4389 ademptorum
2826 4316 3057 4386 divisio,
3089 4333 3219 4387 quae
3240 4316 3611 4372 avictoribus
3636 4316 3723 4385 ﬁt,

2080 4411 2277 4485 przeda
2307 4408 2541 4490 dicitur,
2573 4423 2705 4462 cum
2739 4406 2868 4479 ipsa
2895 4405 3144 4462 victores
3170 4406 3325 4462 inter
3354 4422 3414 4462 se
3460 4407 3726 4477 partiun-

312 4498 627 4572 προσοῦσαν
672 4494 822 4567 αὖτῷ
868 4495 1145 4572 ὑπεροχὴν
1183 4499 1283 4562 τῆς
1318 4496 1376 4552 ἐκ
1403 4501 1509 4552 τῶν
1542 4496 1800 4573 λαφύρων
1832 4519 1970 4574 προ-

2083 4504 2194 4564 tur,
2227 4499 2348 4555 sive
2379 4497 2593 4553 fuerint
2621 4512 2863 4567 corpora
2895 4496 3146 4568 captiva,
3201 4496 3322 4552 sive
3367 4512 3578 4568 pecora
3626 4494 3728 4551 ali-

312 4591 492 4658 νομῆς
549 4582 890 4655 ἀξιούμενος,
943 4584 1087 4641 οὕτω
1150 4585 1365 4662 μετεχει
1425 4591 1533 4642 τῶν
1580 4585 1639 4642 ἐκ
1675 4592 1771 4643 τοῦ
1800 4585 1967 4643 πολὲ-

318 4695 445 4749 μου.
496 4671 603 4729 Καὶ
651 4670 744 4734 τὰς
791 4677 908 4743 νῦν,
960 4674 1117 4753 φησὶ,
1168 4673 1563 4751 καθιδρυμένας
1613 4679 1825 4752 παγίως
1866 4676 1965 4732 πό-

315 4763 432 4826 λεις
460 4763 580 4837 (12)
642 4759 823 4835 σείσω,
862 4763 953 4819 καὶ
1010 4763 1264 4836 κλονήσω
1318 4770 1387 4840 τῇ
1438 4765 1674 4840 ἆμαυτοῦ
1722 4764 1966 4841 δυνάμει,

386 4937 432 4973 ⁸⁸
469 4936 654 4995 Eccle.
686 4954 752 5007 ιι,
786 4936 874 4992 ιι.

408 5106 463 5176 6)
494 5104 583 5161 Ita
611 5120 757 5161 mss.
789 5102 998 5159 nostri.
1030 5102 1372 5176 Editivsro,
1400 5098 1498 5159 τοῦ
1521 5121 1600 5160 τε.

495 5176 595 5249 Sic
622 5193 767 5249 mss.
797 5191 1024 5249 omnes.
1058 5174 1231 5243 Editi,
1267 5168 1435 5249 ierat,
1467 5180 1523 5249 ει,
1538 5192 1654 5234 non
1682 5178 1807 5233 erit.

387 5243 466 5320 (8)
496 5248 649 5322 Editi
680 5253 739 5304 et
768 5263 940 5322 mss._,
969 5243 1277 5322 ἐπαγαγεῖν,
1309 5246 1403 5322 τον
1420 5243 1552 5322 ubi
1586 5264 1656 5305 ex
1704 5246 1966 5322 superio-

320 5316 480 5444 {ibus
512 5316 1096 5408 videtursupplenda'
1116 5316 1446 5393 praepositio
1470 5316 1559 5373 διά
1588 5323 1723 5377 ante
1754 5316 1966 5376 articu-

345 5407 442 5444 um
470 5410 588 5444 τον.

345 5407 442 5446 um
470 5410 588 5447 τον.

357 5462 691 5590 meque:
739 5461 830 5548 Fr.
884 5461 925 5543 1,
964 5475 1099 5546 cum
1144 5460 1277 5518 aliis
1317 5463 1537 5547 tribus,
1587 5459 1966 5545 ἀνεπίληστος,

492 5540 613 5590 nua
636 5532 782 5588 nulli
812 5532 1077 5588 oblivioni
1122 5534 1380 5590 obnoxia.
1431 5534 1593 5590 Alter
1634 5534 1966 5590 Combeﬁsu

320 5532 613 5603 prudentia
636 5532 786 5588 nulli
812 5532 1080 5588 oblivioni
1122 5534 1380 5591 obnoxia.
1431 5534 1593 5590 Alter
1634 5532 1970 5591 Combeﬁsii

326 5607 498 5661 codex
526 5611 584 5663 et
614 5608 753 5676 Reg.
801 5603 1097 5677 secundus
1126 5622 1277 5677 cum
1328 5606 1523 5674 editis,
1576 5603 1969 5677 ἀνεπίληπτος,

326 5678 618 5734 consilium
632 5674 1206 5747 inconprehensibile.
1232 5677 1348 5734 Hoc
1372 5695 1445 5734 an
1468 5678 1570 5734 illo
1594 5680 1768 5735 modo
1787 5674 1968 5750 legas,

2080 4604 2217 4661 qua,
2251 4589 2373 4643 sive
2402 4586 2692 4658 quaepiam
2727 4585 2843 4641 alia
2872 4585 2940 4640 ad
2960 4584 3137 4640 vitam
3162 4584 3509 4640 necessaria.
3536 4588 3726 4656 Atque

2079 4676 2489 4747 unusquisque
2520 4691 2623 4747 pro
2666 4690 2775 4729 sua
2821 4672 3108 4745 dignitate
3162 4677 3336 4745 atque
3385 4673 3727 4745 praestantia

2079 4765 2450 4840 partitionem
2473 4763 2796 4836 spoliorum
2819 4762 3311 4830 consecutus,boc
3334 4766 3502 4834 pacto
3525 4778 3721 4818 rerum

2074 5119 2281 5179 parum
2315 5102 2508 5179 reiert.
2542 5099 2884 5179 Notavimus
2913 5099 3028 5173 legi
3060 5099 3301 5179 quidem
3334 5098 3394 5179 in
3425 5102 3606 5179 lteg.“
3628 5114 3723 5156 se-

2075 5169 2290 5243 cundo,
2321 5170 2681 5245 ἀνεπίληστος
2710 5172 2813 5245 sed
2842 5172 2903 5228 in
2935 5169 3038 5229 ora
3078 5169 3223 5229 libri
3265 5169 3725 5245 scripsit'libra-

2076 5250 2226 5316 rius,
2257 5241 2309 5302 ἔν
2341 5241 2547 5307 ἄλλοις
2585 5241 2973 5316 ἀνεπίληστος.

2150 5314 2259 5392 (10)
2294 5318 2538 5392 Antiqui
2569 5321 2689 5374 tres
2719 5314 2878 5392 libri,
2905 5314 2972 5369 τὰ
2997 5315 3239 5392 πάντων,

2149 5381 2265 5465 (1i)
2295 5381 2536 5465 Codices
2561 5393 2700 5461 tres,
2733 5381 3201 5465 διαλαγχάνωσιν.
3227 5383 3404 5441 Paulo
3428 5385 3563 5454 post
3582 5381 3719 5455 Reg.

2079 5459 2349 5538 quartus,
2386 5459 2615 5538 μετᾶχῃ.
2689 5459 2749 5538 VA
2856 5533 2868 5538 _
3008 5530 3041 5538 __
3181 5528 3196 5538 _
3352 5530 3363 5538 _

2149 5537 2264 5609 (12)
2296 5523 3043 5609 Sio'ute'rqueﬁombeﬁsii
3094 5528 3274 5585 codex
3315 5530 3371 5582 et
3417 5523 3539 5579 alii.
3596 5526 3723 5582 Vox

2078 5602 2275 5671 πόλεις
2305 5608 2364 5665 in
2396 5612 2532 5665 ante
2557 5602 2731 5662 editis
2761 5602 3221 5662 desiderabatur.
