4074 6222
471 315 590 378 539

1405 323 1802 386 APPENDIX
1845 322 2171 387 OPERUM
2215 325 2280 386 S.
2322 323 2603 386 BASILII
2646 321 2921 384 MAGNI.

3701 327 3798 390 540

474 447 533 504 in
566 449 718 506 bello
748 456 1051 524 captarum
1095 456 1388 529 particeps
1431 457 1514 513 fit.
1564 457 1634 512 Et
1679 473 1855 525 nunc,
1900 455 2114 526 inquit,

2231 453 2312 509 καὶ
2343 455 2441 522 τὴν
2492 451 2817 525 οἷκουμένην
2870 449 3008 522 ὅλην
3039 448 3420 524 καταλήψομαι
3453 454 3517 524 τῇ
3554 453 3681 527 χειρὶ
3705 455 3796 528 (43)

474 539 649 595 urbes
681 542 926 598 firmiter
956 545 1249 601 stabilitas
1281 545 1633 616 conontiam,
1669 561 1913 616 meaque
1944 545 2120 600 unius

472 627 688 684 virtute
705 632 1118 698 exturbabo,ac
1142 633 1342 689 orbem
1367 633 1706 689 universum
1730 633 2116 705 quasinidum

475 731 652 772 manu
687 720 1202 791 comprehendam.
1231 723 1462 778 Etenim
1490 723 1694 794 ecquis
1727 721 1890 778 labor
1945 721 2120 789 fuerit

476 805 673 876 pullos
705 808 1037 864 involucres
1070 827 1136 866 ac
1169 811 1503 881 implumes,
1537 812 1595 866 in
1629 811 1781 867 nidis
1812 812 1884 866 ab
1915 811 2118 865 avibus

476 911 603 966 qua:
634 913 734 951 eos
756 899 1082 969 enutriunt,
1107 898 1435 970 calefactos,
1462 917 1639 956 manu
1662 900 2115 971 apprehendere,

473 1000 606 1041 cum
628 1002 816 1056 neque
839 986 1066 1057 pennis,
1097 1005 1283 1059 neque
1306 989 1554 1060 pedibus
1577 989 1659 1044 uti
1687 989 1758 1044 ad
1779 989 1972 1058 fugam
1991 1004 2118 1059 pos-

470 1072 618 1130 sint?
639 1073 859 1130 Deinde
875 1080 1278 1148 contemptum
1300 1080 1478 1133 etiam
1502 1095 1617 1149 quo
1638 1078 1907 1134 homines
1930 1094 2119 1148 prose-

471 1162 888 1233 quitur,magis
907 1180 1288 1237 exaggerans,
1307 1183 1593 1238 suamque
1617 1166 1939 1238 potentiam
1962 1165 2118 1222 ultra

469 1250 709 1305 modum
741 1251 1045 1320 extollens,
1081 1254 1422 1311 universum
1455 1256 1678 1323 orbem,
1711 1255 1923 1326 inquit,
1958 1271 2028 1310 ne
2054 1257 2118 1310 ut

2228 544 2302 604 ὡς
2334 543 2569 600 νοσσιάν.
2622 543 2788 603 ΙΙοῖος
2835 540 2935 617 γάρ
2983 539 3170 612 πόνος,
3213 541 3452 601 νεοσσοὺς
3495 539 3701 609 ἀπτῆνας
3727 541 3797 597 ἐπὶ

2225 638 2324 700 τῆς
2358 631 2548 692 καλιᾶς
2595 629 2971 703 θαλπομένους
3022 628 3167 704 παρὰ
3208 629 3312 683 τῶν
3360 627 3683 706 ἐκτρεφόντων
3723 631 3796 686 αὖ-

2223 719 2350 782 τοὺς
2383 718 2610 796 ὀρνίθων
2659 713 2983 774 καταλαϐεῖν
3038 721 3106 792 τῇ
3156 717 3302 793 χειρὶ
3350 718 3479 790 μήτε
3506 722 3666 792 πτερῷ
3687 721 3799 793 χρῆν

2227 811 2344 863 σθαι
2409 811 2548 882 μήτε
2605 807 2730 863 ποσὶ
2784 809 2919 879 πρὸς
2981 807 3153 884 φυγὴν
3188 803 3527 877 δυναμένων;
3565 805 3680 861 Εἶτα
3703 806 3796 861 ἐπι·

2224 897 2411 952 τείνων
2464 898 2551 951 καὶ
2604 898 2702 966 τὴν
2754 894 3150 973 καταφρόνησιν
3201 893 3298 962 τὴν
3350 892 3422 955 είς
3475 892 3588 954 τοὺς
3633 893 3800 967 ἀνθρώ-

2225 1008 2382 1055 πους,
2426 985 2515 1041 καὶ
2562 986 2659 1054 τήν
2707 987 2898 1040 ἑαυτοῦ
2949 986 3061 1057 (14)
3108 983 3406 1058 ὑπεραίρων
3454 980 3677 1055 δύναμιν,
3703 979 3801 1037 οὐδὲ

2227 1076 2568 1150 ὡςςνοσσιὰν,
2603 1074 2756 1152 φησὶ,
2808 1076 2905 1143 τήν
2962 1072 3311 1146 οῗκουμένην,
3339 1069 3458 1125 ἀλλ’
3501 1071 3569 1132 ὡς
3608 1070 3695 1138 did,
3721 1091 3800 1148 φη-

2225 1164 2327 1233 σὶν,
2385 1161 2970 1239 ἐγκαταλελειμμένα,
3029 1162 3172 1216 οὕτω
3237 1158 3528 1234 λήψομαι,
3581 1158 3668 1214 Καὶ
3727 1158 3803 1213 οὑκ

2225 1250 2366 1308 ἔστιν
2399 1254 2456 1315 ’ὸς
2483 1250 2817 1330 διαφεύξεταί
2855 1273 2940 1326 με,
2971 1251 3006 1320 ἢ
3040 1250 3264 1324 ἀντείπῃ
3291 1271 3408 1322 μοι.

467 1339 671 1395 nidum
700 1340 961 1412 quidem,
993 1343 1116 1414 sed,
1150 1345 1366 1416 inquit,
1397 1345 1567 1416 quasi
1624 1361 1730 1400 ova
1771 1344 2050 1400 derelicta
2097 1343 2184 1400 sic
2227 1344 2479 1416 capiam,
2527 1343 2634 1400 Nec
2669 1349 2749 1400 est
2801 1344 2897 1415 qui
2937 1342 3168 1414 effugiat
3210 1355 3316 1409 me,
3363 1341 3457 1395 aut
3507 1337 3803 1394 contradicat

465 1429 630 1485 mihi.

537 1521 662 1575 240.
695 1524 844 1576 Sane
873 1522 1023 1592 quod
1059 1521 1128 1576 ad
1161 1521 1421 1578 nativum
1455 1527 1512 1578 et
1557 1523 1860 1596 proprium
1906 1524 2113 1578 verbo-
2145 1525 2192 1590 B

466 1626 599 1664 rum
631 1626 871 1666 sensum
905 1610 1130 1680 attinet,
1149 1612 1520 1680 Assyriorum
1544 1612 1815 1684 princeps
1839 1613 1967 1668 ideo
1989 1612 2109 1667 haec

2289 1523 2416 1578 240.
2449 1521 2536 1583 Ὠς
2601 1521 2694 1592 μὶν
2753 1517 2842 1574 οὖν
2904 1518 3038 1593 πρὸς
3091 1518 3190 1585 τήν
3244 1514 3406 1586 λέξιν,
3438 1516 3464 1570 6
3508 1519 3606 1569 τῶν
3650 1514 3806 1568 ’Δσσυ-

2222 1609 2348 1685 ρίων
2402 1610 2587 1684 ἅρχων
2637 1608 2804 1662 ταῦτα
2854 1608 2966 1683 ἐρεῖ
3015 1604 3102 1662 διὰ
3149 1607 3246 1675 τὴν
3289 1606 3424 1660 κατὰ
3469 1611 3561 1673 τῆς
3589 1599 3805 1664 Ἰουδαίας

469 1704 595 1755 erat
623 1699 911 1768 dicturus,
948 1701 1101 1770 quod
1136 1701 1388 1756 maxime
1419 1702 1490 1756 ob
1523 1718 1614 1756 res
1636 1702 2109 1758 contraJudazam

2231 1698 2306 1754 ιαὶ
2342 1697 2644 1772 Σαμαρείας
2693 1694 2985 1771 εὐημερίαν
3033 1694 3425 1770 ὑπερφυσηθεὶς
3467 1695 3560 1762 τήν
3592 1688 3808 1759 διάνοιαν,

467 1790 523 1842 et
551 1786 876 1842 Samariam
909 1786 1154 1844 feliciter
1182 1792 1377 1860 gestas
1409 1789 1738 1846 efferendus
1770 1790 1963 1846 animo
2020 1807 2110 1846 es-

467 1880 576 1946 set,
610 1881 959 1947 putaretque
989 1893 1329 1933 eversurum
1363 1895 1424 1933 se
1458 1879 1646 1950 primo
1695 1879 1917 1952 impetu
1966 1895 2112 1951 gen-

466 1969 557 2020 tes
587 1980 812 2031 omnes,
845 1969 902 2020 et
932 1965 1195 2021 futurum
1227 1982 1352 2022 esse
1382 1967 1698 2036 neminem,
1748 1968 1851 2039 qui
1908 1969 2110 2024 adver-

467 2069 603 2110 sum
634 2069 697 2109 se
725 2055 993 2110 attoleret
1021 2071 1235 2110 manus
1262 2056 1328 2126 5’,
1361 2057 1464 2112 sed
1495 2073 1700 2113 omnes
1721 2056 1984 2128 gentium
2006 2061 2116 2112 ter-

470 2143 664 2198 minos
691 2159 799 2198 sua
835 2143 1052 2199 virtute
1099 2144 1410 2200 confusum
1471 2144 1566 2213 iri,
1625 2147 2113 2202 commovendum

466 2231 668 2287 itidem
699 2248 829 2287 esse
857 2236 1048 2287 totum
1080 2237 1370 2288 terrarum
1401 2235 1601 2290 orbem
1633 2239 1792 2290 metu
1823 2235 2114 2290 adventus

469 2319 681 2392 ipsius,
713 2325 770 2376 et
798 2336 932 2375 eum
964 2321 1060 2391 qui
1111 2323 1169 2376 in
1204 2338 1418 2377 manus
1444 2323 1572 2392 ejus
1603 2328 1884 2379 venturus
1936 2329 2112 2391 esset,

469 2409 702 2465 facilius
727 2426 907 2480 quam
939 2409 1168 2481 gallinae
1201 2411 1393 2482 pullos
1433 2429 1466 2466 a
1508 2427 1567 2467 se
1605 2427 1733 2467 esse
1790 2412 2114 2484 apprehen-

469 2498 749 2566 dendum,
783 2504 958 2570 atque
989 2505 1178 2556 totum
1208 2501 1305 2572 qui
1336 2502 1447 2557 sub
1479 2501 1596 2557 sole
1626 2507 1717 2557 est
1739 2503 1937 2557 orbem
1960 2517 2115 2556 asuo

471 2587 726 2644 exercitu
746 2587 1031 2659 impetum
1051 2589 1300 2646 faciente
1322 2590 1552 2662 negotio
1578 2591 1788 2646 minori
1807 2591 2115 2646 subactum

473 2676 566 2746 iri,
599 2693 778 2748 quam
811 2676 861 2732 si
892 2678 1046 2735 502
1096 2679 1229 2750 quis
1282 2695 1408 2746 ova,
1461 2696 1587 2752 quae
1639 2679 1728 2734 avi
1780 2680 1982 2734 eadem
2032 2679 2116 2733 fo-

470 2770 638 2822 vente
669 2782 735 2821 ac
780 2766 1131 2822 fecundante
1191 2767 1668 2835 destituerentur,
1713 2772 1965 2840 caperet.
2010 2769 2117 2824 Sed

475 2854 615 2926 quia
643 2855 936 2926 ejusmodi
963 2856 1242 2928 superbia
1274 2857 1464 2928 major
1492 2862 1581 2912 est
1609 2874 1785 2928 quam
1820 2859 1966 2914 ferat
2009 2857 2119 2912 hu-

477 2960 656 2999 mana
686 2945 964 3014 conditio,
1000 2949 1214 3016 putant
1243 2945 1508 3002 nonnulli
1538 2947 1715 3002 verba
1745 2946 1866 3002 haec
1922 2947 1972 3002 ei
2021 2946 2121 3018 qui

473 3048 606 3088 vere
637 3033 927 3104 superbus
957 3037 1068 3098 est,
1101 3033 1429 3105 convenire,
1463 3032 1562 3106 qui
1593 3034 1876 3089 cervicem
1920 3034 2122 3088 adver-

474 3136 579 3176 sus
629 3120 1098 3192 Omnipotentem
1149 3121 1351 3192 erexit,
1398 3122 1832 3192 dctrectatoque
1879 3120 2123 3193 imperio

475 3209 708 3274 defecit,
741 3213 798 3264 et
828 3208 1120 3280 malignos
1153 3210 1400 3281 spiritus
1431 3209 1531 3280 qui
1562 3227 1625 3266 se
1655 3209 1838 3266 secuti
1871 3210 2122 3278 fuerant,

473 3297 535 3354 in
563 3313 734 3353 suam
766 3297 1090 3369 nequitiam
1123 3303 1299 3370 atque
1328 3298 1713 3354 defectionem
1735 3297 2124 3370 impulit.Exi-

477 3386 681 3442 stimat
707 3386 863 3442 enim
898 3385 996 3441 ille
1035 3401 1098 3442 se
1129 3387 1181 3441 ei
1212 3391 1467 3442 montem
1500 3403 1774 3459 magnam
1807 3403 1958 3458 asse,
1992 3403 2126 3442 cen-

477 3481 680 3546 setque
710 3473 999 3547 speculari
1031 3491 1093 3530 se
1124 3491 1360 3548 magna,
1391 3479 1446 3531 et
1475 3492 1536 3532 se
1559 3476 1899 3532 universum
1926 3476 2125 3531 orbem

478 3564 590 3620 sub
621 3580 790 3619 suam
824 3563 1105 3619 ditionem
1139 3565 1547 3635 subjecturum
1571 3565 2000 3620 comminatur:
2025 3565 2127 3636 qui

479 3653 684 3724 utique
716 3669 787 3707 ne
823 3651 1063 3708 Domino
1095 3652 1333 3724 quidem
1367 3653 1769 3723 interroganti,
1821 3655 1976 3709 unde
2019 3655 2126 3710 ad-

475 3742 720 3812 veniret,
753 3741 1152 3797 reformidavit
1171 3742 1362 3797 dicere
1386 3757 1398 3796 ε
1425 3748 1732 3813 Postquam
1751 3746 1984 3799 circuivi
2002 3761 2128 3798 eam

480 3846 600 3903 qua,
637 3831 735 3886 sub
763 3830 876 3886 sole
905 3835 1004 3900 est,
1060 3839 1111 3886 et
1153 3831 1506 3886 obambulant
1540 3834 1854 3888 universam
1873 3848 2000 3904 quae
2026 3833 2128 3888 sub

478 3921 608 3977 caelo
638 3928 834 3990 exstat,
863 3920 1055 3976 adsum
1083 3922 1142 3970 ’τον
1183 3921 1286 3976 Hic
1331 3925 1389 3976 et
1447 3921 1692 3976 Domino
1739 3923 1920 3978 totius
1966 3939 2126 3977 crea-

477 4017 626 4066 turae
653 4026 836 4066 ausus
863 4015 954 4066 est
980 4015 1146 4066 terra:
1179 4026 1357 4082 regna
1403 4011 1730 4077 ostendere,
1781 4028 1848 4067 ac
1899 4011 2124 4066 dicere:

478 4098 609 4156 Haec
639 4099 837 4154 omnia
876 4115 1004 4154 mea
1049 4103 1229 4154 sunt:
1282 4115 1438 4154 nunc
1489 4098 1669 4172 igitur
1717 4100 1764 4155 si
1818 4100 2128 4171 procidens

480 4188 816 4245 adoraveris
849 4204 960 4252 me,
994 4187 1114 4243 haec
1139 4187 1243 4243 tibi
1278 4188 1427 4244 dabo
1458 4189 1523 4243 π.
1577 4191 1744 4244 Forte
1797 4188 1978 4260 igitur
2026 4204 2130 4260 per

479 4277 852 4346 Assyriorum
888 4292 1082 4347 regem
1116 4276 1337 4332 indicat
1367 4276 1668 4348 Scriptura
1698 4276 1892 4332 saeculi
1948 4277 2129 4348 hujus
2159 4260 2205 4323 D

483 4365 828 4437 principem.
862 4363 1143 4419 Dominus
1175 4381 1427 4436 namque
1456 4364 1783 4438 principem
1806 4366 2002 4422 seculi
2027 4383 2128 4422 no-

487 4453 696 4518 minat,
728 4453 968 4508 dicens:
997 4457 1156 4509 Nunc
1178 4455 1431 4525 princeps
1488 4454 1652 4526 hujus
1698 4455 1897 4510 mundi
1943 4457 2129 4528 ejicie-

482 4546 576 4598 ίαν
601 4542 838 4612 foras".
872 4546 939 4596 Et
978 4541 1151 4614 paulo
1191 4547 1342 4614 post.
1388 4545 1509 4599 Jam
1556 4559 1662 4599 non
1714 4545 1887 4600 multa
1937 4545 2134 4616 loquar

479 4632 804 4686 vobiscum:
828 4633 977 4686 venit
1005 4633 1153 4686 enim
1203 4632 1452 4702 princeps
1499 4632 1693 4688 mund:
1734 4633 1918 4702 huius,
1967 4637 2019 4689 et
2070 4637 2131 4690 in

475 4735 564 4775 me
590 4734 698 4775 non
731 4721 900 4776 habet
929 4721 1230 4792 quidquam
1258 4721 1323 4774 ⁷³.
1377 4720 1655 4777 Praeterea
1701 4721 1992 4794 principes
2013 4740 2130 4779 non

487 4807 679 4882 pauci,
713 4813 772 4865 et
802 4808 1070 4865 nonnulli
1091 4809 1356 4882 gentium
1371 4810 1622 4882 prafecti
1643 4812 1948 4868 constituti
1969 4817 2130 4884 sunt,

2219 1787 2308 1842 καὶ
2339 1786 2642 1862 ἡγούμενος
2673 1786 2846 1841 πάντα
2889 1783 2940 1855 ἐξ
2991 1781 3298 1858 ἐπιδρομῆς
3330 1783 3563 1858 αίρήσειν
3607 1779 3665 1834 τὰ
3689 1772 3806 1847 ἔθνη,

2219 1875 2307 1931 καί
2343 1873 2548 1948 μηδένα
2593 1872 2725 1947 ἕξειν
2773 1875 2866 1928 τὸν
2915 1879 3106 1949 χεῖρας
3138 1871 3476 1948 ἇνταίροντ»,
3506 1868 3641 1926 ἀλλὰ
3672 1868 3810 1922 πάντα

2225 1965 2319 2037 μὲν
2375 1964 2496 2038 ὅρια
2553 1962 2718 2018 ἐθνῶν
2775 1966 2845 2037 τῇ
2904 1959 3126 2036 δυνάμει
3190 1961 3356 2017 αὑτοῦ
3411 1960 3807 2035 συγχυθήσεσθαι,

2223 2051 2490 2109 δονεῖσθαι
2548 2048 2604 2106 δὲ
2653 2056 2824 2106 πᾶσαν
2879 2052 2978 2120 τήν
3038 2051 3365 2124 οἰκουμένην
3423 2053 3502 2122 τῷ
3555 2041 3691 2126 φόϐῳ
3733 2049 3811 2112 τῆς

2222 2139 2517 2214 ἐπιδημίας
2576 2141 2761 2208 αὐτοῦ,
2820 2141 2911 2195 τὸν
2973 2137 3030 2195 δὲ
3087 2139 3163 2202 εἷς
3214 2145 3409 2216 χεῖρας
3457 2135 3722 2213 ἐρχόμενον
3749 2131 3812 2187 εὐ-

2223 2231 2560 2306 αλωτότερον
2597 2231 2729 2285 εἶναι
2761 2234 2994 2284 νεοττῶν
3027 2231 3140 2302 (15)
3170 2225 3408 2302 ὄρνιθος,
3461 2226 3581 2302 ῥᾷον
3609 2222 3658 2279 δὲ
3683 2221 3816 2296 ἀρθή-

2224 2330 2404 2382 σεσθαι
2457 2322 2526 2392 τῇ
2584 2316 2808 2391 δυνάμει
2866 2316 3030 2373 αὑτοῦ
3079 2316 3413 2396 ἐφοδευοὺσῃ
3459 2317 3553 2385 την
3599 2308 3819 2387 ὑφήλίῳ

2223 2412 2396 2462 πᾶσαν
2424 2407 2776 2480 οἰκουμένην,
2809 2406 2843 2476 ἢ
2877 2408 2950 2471 ὡς
3001 2405 3062 2460 ἄν
3093 2428 3176 2470 τις
3227 2401 3392 2461 λάϐοι
3433 2405 3532 2476 dicit,
3563 2401 3722 2478 ἔρημα
3741 2404 3820 2466 τῆς

2223 2497 2541 2569 θαλπούσης
2599 2499 2736 2553 αὐτά
2791 2498 2880 2552 καὶ
2937 2497 3316 2574 ζωογονούσης
3365 2494 3588 2571 ὄρνιθος.
3643 2487 3822 2556 Ἐπειδὴ

2227 2587 2284 2644 δὲ
2341 2590 2376 2658 ἡ
2439 2587 2776 2666 ὑπερηφανία
2833 2586 3010 2662 ὥσπερ
3072 2586 3274 2660 μείζων
3335 2585 3477 2642 ἐστὶν
3531 2583 3566 2652 ἢ
3608 2581 3726 2636 κατᾶ
3757 2575 3825 2632 ἄνα

2227 2690 2467 2749 θρωπον,
2520 2676 2741 2752 πρέπειν
2799 2677 2942 2738 τινὶς
3002 2674 3255 2748 ἐνόμισαν
3318 2676 3387 2730 τὰ
3441 2674 3646 2750 ῥήματα
3691 2668 3828 2724 ταῦτα

2225 2771 2306 2839 τῷ
2365 2766 2585 2836 ἀληθῶς
2655 2764 2986 2841 ὑπερηφάνῳ
3020 2809 3034 2836 ,
3092 2769 3171 2837 τῷ
3245 2761 3671 2840 τραχηλιάσαντι
3718 2755 3829 2811 κατὰ

2228 2859 2326 2910 τοῦ
2377 2855 2842 2930 Παντοκράτορος,
2894 2853 2975 2925 τῷ
3031 2853 3390 2926 ἀνυποτάκτῳ
3446 2852 3534 2906 καὶ
3580 2844 3831 2916 ἀποστάτῃ,

2231 2944 2322 3000 καὶ
2354 2943 2430 3005 εἲς
2477 2943 2576 3011 τὴν
2628 2943 2818 2997 ἑαυτοῦ
2869 2939 3057 2996 κακίαν
3091 2944 3556 3012 συναποστήσαντι
3585 2935 3714 3006 αὑτῷ
3741 2933 3831 3005 (16)

2229 3033 2297 3088 τὰ
2356 3029 2970 3101 συνεπακολουθήσαντα
3062 3029 3211 3102 αὐτῷ
3291 3029 3507 3105 πονηρᾶ
3577 3023 3833 3097 πνεύματα.

2234 3122 2470 3182 Ἐκεῖνος
2524 3121 2627 3195 γὰρ
2683 3120 2868 3174 ἑαυτὸν
2925 3117 3015 3173 καὶ
3071 3122 3195 3172 νοῦν
3262 3116 3436 3174 οἷέται
3508 3115 3707 3190 μέγαν,
3764 3108 3837 3163 καὶ

2235 3209 2552 3287 φαντάζεται
2603 3209 2669 3263 τὰ
2721 3206 2907 3282 ὑψηλά
2957 3213 3331 3284 περισκοπεῖν,
3390 3207 3480 3262 καὶ
3539 3203 3733 3259 ἀπειλεῖ
3764 3202 3843 3287 πᾷ·

2235 3284 2328 3354 σαν
2364 3301 2463 3368 τήν
2524 3296 2849 3370 οἷκουμὲνην
2909 3297 2997 3374 ὑφ’
3027 3297 3212 3352 ἑαυτὸν
3277 3296 3604 3367 ποιήσασθαι
3651 3292 3768 3364 (17),
3796 3284 3842 3345 δς

2233 3410 2293 3466 γε
2340 3386 2466 3443 οὐδὲ
2521 3392 2598 3459 τῷ
2649 3386 2828 3463 Κυρίῳ
2859 3386 3214 3462 ἐρωτήσαντι,
3246 3386 3418 3451 πόθεν
3465 3385 3699 3459 πάρεστι,
3727 3395 3844 3466 παρ·

2235 3479 2476 3552 ῃτήσατο
2538 3475 2706 3531 εἰπεῖν
2742 3519 2756 3544 ,
2815 3474 2900 3530 ὅτι
2976 3473 3287 3551 Περιελθὼν
3343 3477 3444 3546 τὴν
3518 3473 3616 3528 ὑπὸ
3666 3469 3746 3524 τὸν
3789 3463 3845 3534 £-

2237 3565 2396 3635 λιον,
2447 3565 2536 3620 καὶ
2597 3563 3041 3640 ἐμπεριπατήσας
3095 3565 3194 3633 τήν
3253 3566 3349 3620 ὑπ’
3409 3562 3628 3637 οὐρανὸν
3662 3603 3676 3630 ,
3732 3555 3846 3630 πάρ·

2237 3677 2374 3729 ειμι.
2431 3656 2602 3717 Οὗτος
2673 3651 2945 3726 ἐτόλμησε
3020 3654 3108 3708 καὶ
3166 3659 3246 3727 τῷ
3320 3653 3505 3726 Κυρίῳ
3555 3651 3719 3718 πάσης
3765 3650 3848 3707 τῆς

2234 3745 2456 3806 κτίσεως
2512 3741 2677 3813 δεῖξαι
2736 3743 2829 3806 τὰς
2895 3741 3168 3817 βασιλείας
3210 3750 3314 3813 τῆς
3357 3749 3461 3819 γῆς
3511 3743 3640 3814 (18)⁹
3681 3735 3759 3790 καὶ
3787 3731 3847 3788 εἴ·

2235 3841 2378 3904 πεῖν,
2435 3833 2517 3889 δτι
2572 3833 2747 3888 Ταῦτα
2804 3833 2976 3887 πάντα
3023 3831 3130 3906 έμά
3185 3831 3321 3888 ἐστι’
3380 3836 3473 3886 νῦν
3527 3828 3614 3885 οὖν
3661 3827 3737 3881 ἐὰν
3773 3841 3850 3876 πει

2236 3927 2342 3980 σὼν
2374 3925 2758 4000 προσκυνήσῃς
2795 3943 2910 3995 μοι,
2945 3923 3026 3976 σοὶ
3077 3910 3258 3978 δώσω.
3314 3923 3479 3997 Τάχα
3527 3917 3614 3974 οὖν
3661 3915 3740 3970 τὸν

2237 4011 2390 4068 σιλέα
2418 3999 2524 4067 τῶν
2567 4010 2887 4083 ’Δσσυρίων,
2932 4011 3023 4065 τὸν
3075 4009 3320 4088 ἄρχοντα
3367 4013 3468 4065 τοῦ
3515 4009 3703 4068 αἰῶνος
3747 3999 3851 4057 106-

2234 4123 2352 4172 του,
2403 4102 2432 4155 6
2478 4098 2639 4174 λόγος
2683 4099 2990 4157 αἰνίττεται.
3035 4100 3133 4154 Καὶ
3180 4099 3281 4175 γὰρ
3336 4101 3365 4154 ὁ
3409 4098 3604 4174 Κύριος
3646 4091 3855 4170 ἄρχοντα

2236 4190 2495 4264 ἀνομάζει
2542 4193 2640 4243 τοῦ
2691 4188 2888 4253 αἶ’ῶνος
2934 4188 3150 4256 τούτου,
3212 4187 3417 4264 λέγων·
3469 4187 3579 4244 Νὖν
3627 4186 3654 4240 6
3700 4180 3856 4256 ἄρχων

2237 4283 2331 4334 τοῦ
2361 4279 2571 4351 κόσμου
2626 4276 2823 4332 τούτου
2880 4276 3214 4352 βληθήσεται
3263 4272 3392 4350 ἔξω.
3448 4276 3546 4332 Καὶ
3608 4272 3714 4348 μετ’
3764 4265 3857 4322 ὀλί-

2237 4391 2306 4445 γα
2339 4389 2351 4402 ·
2413 4368 2607 4427 Οὐκέτι
2668 4366 2856 4423 πολλᾶ
2927 4364 3158 4438 λαλήσω
3233 4370 3357 4443 μεθ’
3439 4367 3638 4442 ὑμῶν’
3690 4363 3860 4436 "Epp-

2237 4477 2322 4510 ται
2379 4457 2482 4531 γὰρ
2542 4457 2570 4510 6
2625 4459 2721 4510 τοῦ
2768 4456 2979 4527 κόσμου
3038 4451 3222 4531 ἄρχων
3258 4503 3273 4528 ,
3335 4455 3432 4510 καὶ
3502 4453 3554 4509 ἐν
3619 4451 3734 4525 ἐμοὶ
3784 4446 3862 4501 οὐκ

2239 4543 2354 4620 ἔχει
2389 4541 2565 4601 οὐδέν.
2628 4541 2848 4612 Ἐπειδὴ
2882 4541 2938 4598 δὲ
2976 4541 3181 4599 πολλοὶ
3230 4543 3523 4620 ἄρχοντες,
3557 4544 3609 4598 οἱ
3637 4539 3862 4612 ἐθνάρχιι

2236 4635 2399 4700 τινὲς,
2457 4631 2863 4707 διατεταγμένοι
2915 4633 3048 4706 πρὸς
3107 4632 3363 4708 φυλακήν
3425 4633 3517 4688 καὶ
3577 4631 3861 4703 διατήρησιν

2237 4726 2334 4776 τοῦ
2367 4722 2454 4797 ὑφ’
2499 4723 2702 4777 ἑαυτῶν
2753 4720 2976 4776 ἑκάστου
3021 4718 3226 4789 ἔθνους,
3275 4723 3421 4777 καθά
3470 4741 3633 4801 φησιν
3675 4719 3702 4774 6
3731 4717 3866 4775 Μωῦ·

2239 4814 2337 4880 τῆς
2395 4811 2446 4867 έν
2502 4815 2572 4885 τῇ
2823 4813 2952 4869 ’Ότι
3009 4808 3313 4886 διεμέριζεν
3372 4813 3402 4866 ὁ
3461 4815 3713 4886 Ὕψιστος
3739 4804 3864 4871 ἔθνη,

551 4979 596 5015 ⁶⁹
625 4977 704 5033 IV
735 4977 877 5052 Reg.
911 4994 1076 5050 xvm,
1107 4979 1176 5034 13
1204 4995 1336 5052 sqq.
1412 4979 1456 5015 7°
1485 4979 1595 5037 Job
1626 4997 1690 5048 ιι,
1713 4983 1765 5036 2.
1845 4982 1889 5018 τί
1918 4981 2122 5038 Matth.

2231 5027 2236 5049 ,
2264 4983 2319 5038 8.
2397 4982 2443 5017 ⁷³
2471 4981 2643 5039 Joan.
2667 4997 2770 5050 ιιι,
2799 4981 2890 5038 31.
2965 4982 3010 5016 ’³³
3036 4981 3206 5039 Joan.
3236 4998 3360 5052 xiv,
3394 4984 3491 5039 30.

549 5139 663 5212 (13)
692 5139 866 5219 βᾷὶῐί,
896 5139 967 5211 τῇ
997 5135 1234 5219 ᾇμαυτοὺ
1264 5138 1433 5219 χειρί.
1469 5141 1633 5219 Unus
1660 5143 1856 5214 codex,
1874 5145 1943 5217 τῇ
1974 5143 2123 5219 χειρί

483 5210 1329 5304 vos.itaesseepiicjsé.
1358 5210 1428 5296 ιςῇ
1486 5213 1654 5304 χειρι-

550 5285 664 5356 (14)
687 5283 923 5340 Veteres
953 5284 1216 5356 quinque
1247 5283 1413 5352 libri,
1453 5283 1636 5343 αὑτοῦ.
1694 5285 1848 5341 Editi
1891 5303 2023 5342 vero
2071 5291 2128 5342 et

481 5353 635 5428 Reg.
674 5353 990 5420 secundus,
1051 5353 1241 5408 ἑαυτοῦ
1290 5356 1600 5428 Aliquanto
1645 5363 1778 5428 post
1826 5357 1987 5426 editi,
2037 5356 2126 5410 καὶ

481 5423 778 5482 οὗίέσται.
825 5432 901 5482 At
949 5443 1087 5482 mss.
1139 5443 1366 5496 omnes,
1393 5423 1502 5481 ”καὶ
1549 5423 1662 5482 οὐκ(
1695 5424 1858 5484 ἔστιν.
1905 5423 2126 5486 Ibidem

490 5499 632 5569 Reg.
667 5499 894 5571 primus
923 5496 1187 5571 (niuium.

547 5567 782 5638 ({5)'Sio
812 5585 955 5625 mss.
989 5574 1061 5626 At
1090 5569 1250 5641 editi,
1293 5567 1567 5628 νεοττίων.

557 5641 666 5711 (16)
733 5645 971 5701 Veteres
1039 5645 1291 5713 quatuor
1364 5642 1520 5717 libri,

356 5833 376 5849 L»

460 5895 500 5920 L"

492 5935 762 6108 Ἐκ

1602 5642 1970 5714 συναποστατή
1979 5663 2128 5700 σαντι

2234 5143 2425 5214 ὶαυτῷ.
2458 5143 2572 5200 Alii
2602 5143 2718 5200 duo
2749 5159 2884 5215 cum
2916 5142 3106 5214 editis,
3140 5145 3646 5215 συναποστήσαντι.
3677 5139 3874 5215 Ibidem

2235 5232 2337 5291 sex
2377 5209 3210 5291 ὼεεηησυνεπακολουθήσαντα
3259 5209 3462 5291 Εάὶῐίξ
3494 5209 3876 5291 συναποκολους

2235 5287 2492 5362 φήσαντα..
2528 5287 2824 5362 Librarius
2854 5286 3068 5362 aliquis
3098 5288 3159 5343 in
3183 5284 3469 5362 margine
3494 5286 3661 5362 Regii
3700 5284 3874 5362 quarti

2236 5358 2331 5434 ita
2347 5359 2634 5434 scribens,
2665 5357 2788 5433 περί
2817 5361 2913 5412 τοῦ
2944 5357 3359 5434 Ἀντιχριστουζ
3393 5362 3510 5418 hoc
3542 5357 3666 5418 lo'co
3683 5357 3749 5416 de
3771 5361 3876 5412 An-

2240 5430 2506 5486 tichristo
2537 5430 2868 5487 sermonem
2900 5446 3029 5487 esse
3059 5430 3398 5488 admonuit.

2306 5502 2420 5573 (17)
2454 5503 2547 5558 Sic
2581 5521 2724 5560 mss.
2760 5503 2904 5560 Editi
2937 5519 3091 5573 vero,
3117 5504 3474 5572 ποιήσεσθαι.

2453 5575 2688 5647 Antiqui
2721 5581 2840 5647 tres
2873 5575 3027 5647 libri,
3060 5568 3443 5647 Saifat'miaac
3471 5573 3572 5635 τὰς
3625 5568 3881 5645 βασιλείας

2240 5642 2426 5703 Codex
2458 5642 2636 5719 unus,
2667 5642 2834 5718 δεῖξαι
2857 5645 2952 5708 τὰς
2985 5642 3259 5723 βασιλείας
3290 5646 3484 5720 πάσης
3509 5642 3758 5720 τῆςγῆς.

3971 207 3979 258 ε

3967 263 3980 334 i

3973 355 3980 404 ι
