4118 6220
78 45 830 150 ΓΤ

223 378 333 436 541

1042 371 1447 432 ΟΟΜΜΕΝΤ.
1493 373 1568 433 ΙΝ
1615 371 1883 433 ISAIAM
1931 371 2434 433 PROPHE'I‘AM.
2481 372 2651 432 CAP.
2698 372 2774 431 Χ.

3505 369 3622 428 542

215 505 292 568 ὡς
342 503 638 580 διέσπειρεν
699 501 848 565 υἱοὺς
883 521 896 535 ·
947 499 1110 576 Αδᾶμ
1143 545 1157 572 ,
1214 497 1434 573 ἔστησεν
1507 503 1632 577 ’ὀρια
1688 501 1854 567 ἐθνῶν

1986 508 2038 562 1t
2086 504 2350 576 singulas
2397 508 2598 578 gentes
2646 503 2758 560 sibi
2809 503 3108 574 subjectas
3166 500 3500 556 custodiant
3551 517 3619 558 ac

208 597 346 650 κατὰ
403 594 632 669 ἀριθμὸν
692 593 935 669 ἀγγέλων
995 596 1166 649 Θεοῦ.
1226 594 1329 648 Καὶ
1390 589 1558 646 πάλιν
1612 593 1640 647 6
1701 592 1864 648 ’Δπόο

206 681 410 746 στολός
465 703 618 760 φησι.
681 681 880 760 Σοφίαν
945 678 1001 735 δὲ
1054 679 1354 754 λαλοῦμεν,
1395 679 1458 735 οὐ
1513 684 1610 736 106
1666 679 1862 743 αἰῶνος

202 771 443 840 τούτου,
507 768 634 826 οὐδὲ
688 775 797 826 τῶν
859 770 1144 846 ἀρχόντων
1218 774 1317 825 106
1370 768 1572 832 αἶ’ῶνος
1627 768 1860 826 τούτου.

205 859 357 915 ἀλλᾶ
434 857 714 932 λαλοῦμεν
787 863 920 914 Θεοῦ
973 858 1185 937 σοφίαν,
1245 857 1310 928 ἢν
1369 856 1552 921 οὐδεὶς
1602 863 1707 913 τῶν
1767 859 1862 933 ἀρ-

203 948 422 1025 χόντων
479 952 576 1003 τοῦ
633 948 831 1009 αἰῶνος
899 947 1096 1002 τούτου
1155 946 1374 1023 ἔγνωκε.
1432 949 1530 1002 Καὶ
1583 946 1750 1003 πάλιν
1809 946 1860 1002 ἐν

199 1043 280 1111 τῷ
311 1037 522 1107 Δανιὴλ
554 1035 740 1113 ἄρχων
784 1058 868 1099 τις
917 1041 1155 1113 Περσῶν,
1206 1037 1295 1092 καὶ
1345 1035 1534 1114 ἄρχων
1575 1036 1860 1108 Ἑλλήνων

200 1127 650 1202 ἀναγέγραπται.
731 1127 886 1202 Λέγει
945 1128 1048 1201 γὰρ
1124 1128 1262 1201 πρὸς
1311 1127 1469 1182 αὐτὸν
1525 1129 1552 1182 6
1613 1125 1858 1203 ἅγγελοςο

201 1215 304 1274 Καὶ
360 1214 471 1291 ἑγὼ
525 1213 698 1284 ἦλθον
754 1214 806 1270 ἰν
863 1220 979 1278 τοῖς
1041 1214 1226 1291 λόγοις
1290 1237 1404 1273 σου.
1440 1215 1536 1270 Καὶ
1592 1217 1620 1271 6
1672 1217 1858 1290 ἄρχων

198 1312 300 1374 τῆς
394 1303 674 1380 βασιλείας
745 1309 962 1381 Περσῶν
1043 1307 1278 1376 εἱστήκει
1352 1305 1649 1376 ἐξεναντίας
1712 1325 1815 1378 μου
1847 1349 1860 1362 .

199 1395 305 1450 Καὶ
375 1391 493 1449 ἰδού
549 1391 802 1470 Μιχαὴλ,
873 1395 948 1456 εἷς
991 1399 1099 1449 τῶν
1176 1393 1457 1470 ἀρχόντων
1531 1399 1638 1449 τῶν
1713 1395 1864 1469 πρώ-

201 1505 314 1540 των
347 1525 363 1552 ,
441 1482 581 1552 ἦλθε
659 1482 930 1558 βοηθῆσαί
985 1505 1079 1556 μοι
1111 1501 1124 1514 ⁶
1188 1483 1278 1538 καὶ
1349 1484 1511 1539 αὐτὸν
1580 1483 1866 1539 κατὲκιπον

208 1571 324 1628 ἐκεῖ
389 1572 526 1644 μετὰ
591 1577 692 1627 τοῦ
764 1569 1033 1648 ἄρχοντος
1112 1572 1390 1647 βασιλείας
1449 1577 1671 1648 Περσῶν
1707 1615 1721 1630 .
1765 1573 1864 1628 Καὶ

211 1663 331 1734 μετ’
388 1660 568 1737 ὀλίγα·
628 1661 727 1716 Καὶ
786 1660 896 1738 ἐγὼ
953 1661 1395 1737 ἐξεπορευόμην,
1453 1662 1628 1740 φησὶ,
1689 1663 1776 1717 καὶ
1837 1663 1866 1716 6

207 1751 405 1825 ἄρχων
461 1754 570 1804 τῶν
629 1747 912 1821 Ἑλλήνων
971 1748 1202 1826 ἤρχετο.
1260 1753 1492 1822 Μήποτε
1549 1750 1640 1807 06v
1698 1751 1784 1806 ἐὰν
1831 1749 1868 1824 ᾖ

1972 599 2272 665 tueantur,
2308 594 2810 666 quemadmodum
2857 593 2938 648 ait
2986 591 3214 663 Moyses
3246 589 3304 644 in
3336 588 3569 646 Cantico
3603 606 3618 646 :

1977 685 2200 754 Quando
2246 684 2523 740 dividebat
2569 683 2877 738 Altissimus
2924 687 3129 753 gentes,
3189 678 3411 751 quando
3459 677 3625 735 disse-

1975 775 2209 830 minavit
2237 775 2378 845 ﬁlios
2408 773 2600 841 Adam,
2647 774 2932 828 constituit
2979 773 3238 826 terminos
3265 769 3512 840 gentium
3539 783 3622 823 se-

1974 864 2210 919 cundum
2241 880 2532 920 numerum
2563 863 2886 933 angelorum
2911 862 3008 916 Dei
3027 861 3092 912 7‘.
3129 860 3194 914 Et
3226 875 3432 913 rursus
3471 860 3622 929 Apo-

1977 953 2166 1010 stolus
2197 955 2275 1008 ait
2309 970 2322 1009 :
2357 953 2701 1025 Sapientiam
2730 956 2920 1010 autem
2961 951 3258 1020 loquimur,
3287 963 3397 1002 non
3426 946 3627 1003 saeculi

1974 1044 2162 1115 hujus,
2193 1059 2369 1113 neque
2402 1043 2722 1113 principum
2757 1039 2952 1096 σεσαιί
2983 1039 3150 1108 hujus
3181 1055 3200 1092 :
3227 1037 3319 1092 sed
3349 1037 3626 1108 loquimur

1979 1135 2081 1188 Dei
2110 1133 2462 1203 sapientiam,
2496 1147 2660 1202 quam
2687 1145 2845 1185 nemo
2893 1129 3210 1200 principum
3238 1129 3407 1198 hujus
3436 1123 3626 1180 saeculi

1976 1222 2304 1293 cognovit“.
2338 1225 2405 1274 Et
2447 1221 2659 1276 iterum
2707 1218 2860 1290 apud
2901 1216 3196 1273 Danielem
3245 1215 3317 1270 de
3359 1213 3625 1286 principe

1978 1314 2233 1383 quodam
2279 1316 2613 1376 Persarum,
2660 1314 2716 1364 et
2762 1309 2832 1363 de
2863 1307 3194 1362 Graecorum
3244 1304 3504 1375 principe
3557 1303 3626 1358 ﬁt

1978 1402 2216 1458 mentio.
2249 1401 2394 1455 Nam
2446 1400 2528 1454 ita
2557 1397 2854 1454 Danielem
2887 1395 3207 1466 alloquitur
3237 1393 3478 1464 angelus
3511 1408 3524 1448 :
3559 1394 3625 1447 Et

1974 1507 2068 1563 ego
2098 1492 2223 1546 veni
2253 1492 2315 1546 in
2342 1490 2520 1545 verbis
2549 1490 2680 1544 tuis.
2730 1491 2794 1543 Et
2831 1487 3085 1558 princeps
3114 1485 3274 1554 regni
3321 1488 3625 1538 Persarum

1976 1582 2127 1636 stetit
2155 1583 2343 1636 contra
2383 1595 2492 1633 me.
2546 1580 2607 1632 Et
2639 1593 2757 1634 ecce
2805 1575 3046 1631 Michael
3075 1589 3218 1628 unus
3265 1571 3330 1627 de
3357 1571 3626 1643 principi-

1980 1671 2081 1725 bus
2098 1670 2302 1741 primis
2345 1669 2494 1723 venit
2523 1666 2594 1722 ad
2642 1664 3037 1721 auxiliandum
3065 1663 3204 1717 mihi
3245 1670 3296 1717 et
3322 1663 3504 1732 ipsum
3533 1674 3622 1715 re-

1982 1759 2119 1832 liqui
2147 1760 2229 1813 ibi
2255 1773 2380 1812 cum
2403 1758 2658 1828 principe
2673 1757 2832 1824 regni
2847 1756 3145 1808 Persarum
3165 1753 3228 1806 ⁷⁸.
3262 1752 3328 1806 Et
3355 1749 3625 1821 aliquan-

205 1843 383 1935 ταῦτα
405 1837 466 1893 ἐκ
492 1840 791 1935 προσώπου
841 1834 1107 1894 διαϐόλου
1158 1837 1428 1915 λεγόμενα
1471 1842 1604 1914 (19),
1635 1841 1670 1909 ἡ
1705 1841 1867 1914 ὑπερ-

1986 1852 2035 1904 lo
2067 1851 2200 1920 post
2230 1847 2311 1902 ait
2344 1864 2357 1902 :
2389 1847 2450 1901 Et
2477 1862 2570 1917 ego
2622 1844 2972 1916 egrediebar,
3021 1851 3074 1898 et
3101 1841 3358 1913 princeps
3409 1838 3624 1896 Graeco-

207 1927 420 2006 ηφανία
475 1927 639 1984 αὐτοῦ
699 1928 762 1983 ού
821 1927 959 1984 κατᾶ
1011 1929 1334 2005 ἀνθρώπων,
1366 1927 1512 1985 ἀλλὰ
1566 1929 1701 1984 κατά
1737 1948 1868 1999 νοη-

202 2020 318 2071 τῶν
352 2013 388 2086 ἤ
418 2037 576 2074 τινων
612 2014 899 2091 δυνάμεων
931 2016 1217 2094 γινομένη.

277 2214 410 2270 241.
483 2212 577 2280 Μὴ
643 2209 1028 2283 δοξασθήσεται
1131 2211 1283 2282 ἀξίνη
1383 2209 1507 2268 ἄνευ
1599 2215 1695 2266 τοῦ
1771 2209 1869 2266 κό-

207 2323 448 2364 πτοντος
506 2301 558 2357 ἦν
613 2301 750 2376 αὺτῇ
799 2321 813 2372 ;
871 2303 906 2370 ἢ
972 2302 1314 2376 ὑψωθήσεται
1367 2301 1544 2378 πρίων
1597 2299 1720 2356 ἄνευ
1773 2305 1871 2356 106

205 2388 479 2454 ῗλκοντος
529 2390 688 2446 αὐτόν
740 2410 754 2460 ;
813 2390 1070 2453 ὡσαύτως
1142 2388 1204 2446 ἄν
1269 2411 1352 2452 τις
1425 2388 1528 2466 ἄρῃ
1586 2385 1780 2467 ῥάϐδον
1834 2390 1869 2460 ἢ

216 2478 406 2552 ξύλον.
469 2479 812 2556 Ἐλεγκτικὸς
865 2485 964 2550 τῆς
1026 2478 1393 2555 ὑπερηφανίας
1444 2484 1541 2534 106
1601 2478 1873 2557 ἄρχοντος

220 2574 336 2624 τῶν
392 2567 691 2644 Ἀσσυρίων
724 2570 752 2624 6
806 2567 987 2645 λόγος.
1018 2568 1085 2626 Τί
1135 2573 1352 2646 φρονεῖς
1407 2568 1494 2623 ἐπὶ
1543 2573 1768 2642 σεαυτῷ,
1801 2571 1874 2630 ὡς

221 2659 492 2714 κόπτοντι
518 2656 666 2730 ἔθνη,
713 2657 802 2712 καὶ
858 2663 1205 2734 καθαιροῦντι
1261 2659 1356 2720 τὰς
1405 2655 1712 2720 δυναστείας
1762 2663 1871 2713 τῶν

220 2747 447 2802 πόλεων
476 2766 490 2817 ;
524 2749 587 2804 Ἠ
621 2745 763 2802 οῧιω
805 2749 908 2822 γὰρ
937 2747 1026 2801 καὶ
1069 2750 1104 2816 ἡ
1155 2747 1304 2818 ἀξίνη
1343 2748 1481 2822 μέγα
1511 2749 1762 2827 φρονοίη,
1799 2748 1872 2810 ὡς

221 2837 289 2892 τᾶ.
325 2835 602 2910 ὑπέρογκα
629 2841 743 2891 τῶα
773 2833 1006 2911 δένδρων
1057 2835 1134 2898 είς
1179 2844 1282 2910 γῆν
1313 2832 1750 2905 καταϐάλλουσα,
1782 2835 1874 2891 καὶ

223 2928 251 2981 6
286 2925 470 3000 πρίων
529 2925 603 2986 ὡς
659 2926 726 2979 τὰ
784 2928 1086 2980 συνεστῶτα
1138 2925 1225 2979 καὶ
1273 2925 1532 2998 ἡνωμένα
1557 2930 1664 2981 τῶν
1698 2925 1872 2997 ξύλων

227 3012 480 3088 διαιρῶν.
525 3012 689 3069 Ἀλλ’
743 3011 929 3083 οὕτεή
988 3014 1137 3087 ἀξίνη
1195 3012 1316 3070 ἄνευ
1367 3019 1474 3070 τῶν
1530 3020 1734 3092 χειρῶν
1781 3015 1872 3070 κό-

219 3125 369 3172 πτει,
404 3099 529 3158 οὔτε
561 3103 588 3158 6
614 3102 782 3171 πρίων
817 3105 929 3177 (20)
963 3101 1084 3158 ἄνευ
1128 3107 1225 3158 τοῦ
1271 3101 1531 3167 ἕλκοντος
1574 3105 1752 3175 αὐτὸν,
1785 3102 1874 3159 καὶ

219 3194 297 3256 εἷς
359 3191 548 3268 χρείαν
595 3193 717 3246 τινα
756 3195 1018 3268 τεχνικῶς
1066 3198 1427 3269 καθαιροῢνος
1469 3194 1537 3249 τὰ
1593 3191 1727 3264 ξύλα
1781 3192 1872 3248 δύ-

225 3281 650 3358 ναταιπρίζειν.
699 3281 1010 3343 Ἐπαινετὸς
1049 3279 1106 3336 δὲ
1161 3279 1311 3358 εἷ’περ
1371 3283 1470 3355 ἄρα
1523 3284 1550 3337 6
1605 3287 1674 3357 τῇ
1725 3282 1876 3358 ἀξίνῃ

223 3371 601 3446 κεχρημᾶνος,
641 3369 731 3424 καὶ
783 3371 811 3424 6
852 3370 943 3424 τὸν
998 3369 1192 3446 πρίονα
1245 3369 1422 3426 ἓλκων
1474 3371 1876 3446 ἐπιστημόνως.

225 3460 424 3521 Οὕτως
475 3456 601 3514 οόδὶ
646 3459 709 3514 τὸ
763 3457 948 3530 ξύλον,
1005 3459 1034 3514 ὃ
1081 3458 1155 3522 εἷς
1205 3467 1478 3536 σκῆπτρον
1530 3481 1881 3536 μετεσχημα-

228 3549 421 3619 τίσθη,
477 3549 578 3617 τὴν
636 3551 733 3603 106
787 3552 1002 3623 κρατεῖν
1060 3548 1209 3619 ἀξίαν
1266 3549 1466 3606 ὁσείλει
1523 3555 1878 3626 καρποῦσθαι,

228 3637 357 3693 ἀλλ’
407 3638 437 3692 6
483 3641 654 3691 ταῦτα
710 3639 822 3710 (21)
887 3637 1424 3714 μεταχειριζόμενος,
1478 3638 1552 3700 είς
1599 3634 1878 3712 σύμϐολον

227 3735 329 3796 τῆς
381 3725 744 3801 ὑπαρχούσης
797 3725 942 3798 αὐτῷ
1000 3723 1330 3789 δυναστείας.
1361 3727 1548 3790 Οὕτως
1597 3727 1687 3782 06v
1727 3728 1881 3802 κάγώ

232 3837 286 3871 σε
315 3810 632 3891 παρέλαϐον
665 3814 742 3878 είς
779 3816 880 3883 τὴν
924 3819 1021 3869 τοῦ
1073 3815 1209 3870 λαοῦ
1237 3821 1334 3871 106
1377 3817 1763 3892 ἡμαρτηκότος
1789 3816 1884 3872 κό-

231 3905 406 3960 λασιν·
444 3904 522 3965 είς
571 3903 753 3974 ἀξίνην
811 3903 901 3958 καὶ
951 3905 1149 3980 πρίονα
1193 3909 1262 3979 τῇ
1316 3905 1563 3979 ὠμότητί
1611 3927 1707 3960 σου
1753 3926 1884 3982 συγ-

229 3995 552 4070 χρώμενος,
586 3994 664 4055 εἱς
717 3994 816 4062 τὴν
864 3991 1072 4048 δικαίαν
1126 3999 1222 4048 τοῦ
1281 3995 1416 4051 λαοῦ
1463 3994 1554 4050 καὶ
1614 3994 1696 4050 ἔπ’
1737 3995 1884 4055 ὠφε-

233 4083 350 4155 λείᾳ
381 4083 554 4138 αὗτοῦ
609 4082 1012 4159 ὶπεργουμὲνην
1067 4081 1362 4140 παίδευσιν.
1393 4085 1483 4146 Ὠς
1519 4082 1610 4139 06v
1638 4083 1723 4139 ἐπὶ
1773 4089 1880 4139 τῶν

229 4170 598 4248 δικαστηρίων
652 4171 702 4226 οἱ
763 4169 954 4244 δήμιοι
1011 4171 1098 4228 ἰπὶ
1155 4178 1234 4245 τῷ
1285 4175 1394 4246 (22)
1444 4174 1696 4243 κολάζειν
1737 4194 1886 4229 τετα-

1978 1953 2100 1992 rum
2149 1936 2397 1991 veniebat
2417 1937 2482 1988 ⁷⁷.
2517 1936 2784 1990 Fortasse
2830 1932 3012 2003 igitur
3039 1929 3089 1985 si
3141 1930 3261 1984 haec
3289 1929 3461 2000 [dicta
3507 1928 3628 1983 sint

1976 2042 2045 2082 ex
2075 2023 2292 2080 diaboli
2323 2039 2592 2096 persona,
2613 2020 2889 2094 superbia
2909 2019 3067 2075 illius
3093 2035 3206 2074 non
3237 2017 3295 2072 in
3333 2017 3622 2088 homines,

1979 2113 2080 2169 sed
2109 2113 2168 2168 in
2201 2112 2492 2185 spiritales
2525 2116 2625 2168 aut
2653 2110 2898 2168 eximias
2929 2109 3172 2164 virtutes
3202 2106 3517 2162 invehitur.

2047 2221 2173 2276 241.
2207 2221 2382 2276 Vens.
2430 2220 2516 2274 15,
2567 2218 2824 2290 Nunquid
2871 2215 3207 2287 gloriabitur
3251 2215 3460 2270 securis
3506 2214 3629 2268 sine

1979 2309 2197 2366 cedente
2225 2312 2285 2366 in
2315 2311 2433 2381 ipsa
2455 2313 2479 2362 .9
2529 2311 2622 2364 aut
2651 2307 2992 2362 exaltabitur
3030 2320 3186 2359 serra
3226 2303 3349 2358 sine
3371 2301 3627 2356 trahente

1982 2400 2184 2456 illam?
2233 2407 2331 2455 aut
2357 2400 2408 2454 si
2435 2400 2557 2470 quis
2607 2397 2763 2452 tollat
2800 2397 3035 2466 virgam,
3088 2401 3186 2448 aut
3225 2393 3459 2461 lignum.
3495 2390 3626 2444 Haec

1979 2490 2156 2545 verba
2185 2489 2500 2561 objurgant
2529 2491 2586 2542 et
2624 2489 2948 2557 coarguunt
2977 2480 3371 2554 arrogantiam
3405 2478 3627 2552 princi-

1983 2579 2075 2650 pis
2100 2577 2497 2650 Assyriorum.
2531 2575 2646 2631 Cur
2692 2573 3000 2645 magnifice
3031 2572 3102 2626 de
3131 2575 3187 2626 te
3217 2569 3423 2638 sentis,
3455 2566 3627 2640 quasi

1983 2671 2048 2724 tu
2080 2667 2162 2724 sis
2192 2667 2291 2738 qui
2323 2667 2510 2722 caedas
2540 2669 2760 2737 gentes,
2791 2667 2848 2718 et
2888 2661 3120 2717 urbium
3156 2662 3492 2731 potentatus
3524 2656 3628 2710 de-

1985 2756 2292 2812 moliaris?
2315 2756 2461 2810 Nam
2505 2753 2723 2825 alioqui
2755 2750 2978 2807 securis
3022 2749 3197 2804 etiam
3250 2747 3473 2801 ratione
3502 2742 3627 2816 pari

1983 2846 2171 2918 possit
2227 2843 2485 2917 gloriari,
2530 2847 2814 2913 tanquam
2865 2840 2913 2894 si
2952 2839 3218 2910 ingentes
3267 2839 3324 2890 et
3366 2833 3625 2889 excelsas

1983 2935 2220 2991 arbores
2267 2934 2326 2987 in
2373 2937 2590 2986 terram
2637 2929 2933 3000 dejiceret,
2983 2941 3142 2982 serra
3191 2923 3415 2992 itidem,
3457 2919 3627 2992 quasi

1982 3027 2284 3095 compacta
2313 3021 2593 3076 continua
2613 3018 2773 3090 ligna
2802 3016 3151 3072 difﬁnderet.
3173 3015 3442 3067 Attamen
3469 3025 3630 3064 secu-

1984 3113 2066 3169 ris
2096 3126 2468 3184 nequaquam
2501 3108 2669 3164 caedit
2699 3107 2824 3162 sine
2857 3103 3130 3159 manibus
3165 3119 3177 3157 :
3212 3116 3402 3172 neque
3432 3113 3631 3154 secare

1990 3217 2150 3259 serra
2177 3205 2388 3273 potest,
2437 3199 2548 3253 nisi
2600 3197 2733 3268 quis
2781 3193 2973 3250 trahat
3017 3192 3230 3264 ipsam,
3263 3194 3322 3245 et
3369 3189 3529 3258 ligna
3557 3187 3630 3242 ad

1992 3291 2239 3362 aliquem
2274 3304 2447 3344 nsum
2480 3286 2722 3343 solerter
2753 3282 3116 3340 conscindat.
3151 3284 3426 3335 Caeterum
3458 3275 3633 3330 laude

1987 3380 2189 3452 utique
2219 3377 2433 3450 dignus
2475 3380 2566 3431 est
2593 3379 2649 3429 et
2695 3369 3225 3435 commendatione,
3258 3371 3385 3422 tum
3418 3363 3517 3437 qui
3549 3379 3634 3452 se-

1988 3451 2113 3525 curi
2146 3467 2354 3538 utitur,
2395 3469 2521 3520 tum
2573 3463 2672 3536 qui
2705 3476 2927 3517 serram
2978 3455 3264 3514 industrie
3296 3453 3497 3510 trahit.
3542 3451 3634 3507 Sic

1987 3557 2234 3629 lignum,
2290 3555 2444 3628 quod
2489 3552 2699 3625 sceptri
2762 3551 3010 3605 formam
3056 3545 3278 3618 accepit
3328 3541 3636 3616 potestatis

1990 3652 2164 3719 atque
2181 3644 2428 3701 dominii
2449 3639 2897 3714 dignitat3563
2919 3650 3291 3709 nequaquam
3307 3633 3479 3688 debet
3500 3629 3636 3697 frui,

1991 3737 2092 3791 sed
2125 3737 2174 3791 is
2206 3735 2305 3807 qui
2337 3733 2396 3788 in
2431 3749 2609 3787 manu
2643 3733 2872 3801 sceptra
2915 3725 3120 3791 sumit,
3153 3725 3212 3778 in
3244 3723 3477 3793 signum
3509 3720 3638 3788 ejus

1992 3842 2166 3898 quem
2198 3824 2375 3878 habet
2405 3820 2791 3892 principatus.
2842 3818 3037 3887 Itaque
3067 3818 3123 3870 et
3152 3829 3258 3884 ego
3285 3816 3343 3898 te
3371 3808 3642 3898 similiter

1992 3895 2063 3970 ad
2096 3911 2377 3984 populum
2426 3912 2798 3981 peccatorum
2850 3903 3226 3976 plectendum
3258 3895 3534 3984 adhibui;
3586 3897 3644 3950 et

1992 3982 2186 4058 inst—ar
2208 3999 2431 4055 securis
2481 4013 2546 4052 ac
2577 4011 2748 4051 serra:
2780 4008 2926 4048 usus
2977 4006 3109 4046 sum
3142 3992 3245 4042 tua
3274 3982 3637 4050 crudelitate,

1984 4093 2120 4163 jure
2147 4105 2212 4145 ac
2245 4087 2452 4143 merito
2485 4083 2766 4158 populum
2801 4081 2872 4136 ad
2909 4079 3093 4150 ipsius
3125 4074 3439 4163 utilitatem
3472 4069 3642 4163 puni:

1990 4158 2179 4236 turus.
2225 4173 2731 4242 Quemadmodum
2780 4169 2961 4243 igitur
2989 4163 3294 4222 carnifices
3326 4161 3385 4215 in
3415 4159 3536 4214 foro
3566 4158 3640 4214 ad

231 4264 424 4337 γμὲνοι
473 4260 604 4336 οὐχὶ
653 4260 834 4334 κύριοι
892 4262 1164 4337 τιμωρίας
1224 4263 1381 4332 εἷ’σίν,
1435 4261 1558 4319 οὐδὲ
1585 4267 1655 4339 τῇ
1683 4265 1872 4319 ἑαυτῶν

1993 4285 2196 4342 pcenas
2223 4265 2538 4339 exigendas
2568 4259 2846 4326 instituti,
2881 4273 2997 4313 non
3030 4271 3131 4327 pro
3165 4249 3404 4307 arbitrio
3438 4262 3642 4320 poenas

234 4352 386 4428 ἰσχύϊ
435 4354 472 4422 ἢ
531 4349 742 4422 ἐξουσίᾳ
793 4371 846 4405 τι
904 4355 1174 4425 ποιοῦσιν,
1209 4350 1336 4407 ἀλλ’
1391 4353 1524 4428 ἅπερ
1584 4352 1644 4408 ἂν
1701 4353 1872 4414 αὐτοῖς

1993 4339 2251 4429 irrogare
2299 4357 2569 4427 possunt,
2620 4366 2725 4406 nec
2774 4347 3095 4421 quidquam
3146 4344 3328 4414 agunt
3357 4339 3643 4429 potestate

233 4443 376 4516 παρᾶ
424 4443 541 4494 τῶν
594 4439 781 4512 νόμων
837 4437 1146 4516 ἐπιτραπῆο
1207 4440 1350 4496 οὕτω
1423 4441 1512 4496 καὶ
1569 4441 1872 4518 Ἀσσύριοι,

1995 4423 2234 4504 δυο-ειη
2262 4423 2627 4507 auctoritate,
2658 4438 2758 4496 sed
2791 4453 2858 4493 ea
2885 4451 3013 4507 quas
3044 4431 3157 4489 sibi
3192 4423 3646 4518 permittuntu-

238 4513 336 4585 οὐκ
364 4528 597 4606 ἰσχυρὸν
654 4524 828 4596 ἔθνος,
887 4513 1014 4584 οὐδὲ
1062 4530 1150 4608 ἀφ’
1185 4530 1378 4586 ἑαυτοῦ
1437 4529 1671 4606 ὶνεργεῖν
1698 4513 1749 4585 τί
1801 4527 1872 4584 δυι

1995 4551 2120 4608 ges,
2150 4535 2568 4605 exsequuntur,
2595 4528 2677 4584 ita
2705 4531 2763 4583 et
2793 4523 3018 4596 Assyrii
3043 4537 3157 4577 non
3189 4521 3330 4608 sunt
3357 4530 3502 4608 gens
3534 4513 3646 4568 for-

239 4618 482 4691 νᾶμενον,
517 4615 665 4672 ἀλλὰ
691 4618 827 4672 κατὰ
855 4618 916 4673 τὸ
961 4605 1308 4692 ἰνδεδομίνον
1356 4622 1466 4694 (23)
1502 4605 1652 4693 αὐτῷ
1686 4621 1872 4696 μέτρον

1991 4605 2066 4681 tis
2097 4640 2164 4681 ac
2206 4622 2416 4692 valida,
2464 4637 2588 4692 quas
2643 4616 2967 4690 quidquam
3018 4628 3085 4667 ex
3117 4625 3179 4666 se
3217 4607 3343 4679 ipsa
3372 4605 3643 4677 perﬁcere

243 4709 379 4782 παρᾶ
433 4711 535 4762 106
592 4711 921 4782 θεραπευτοῦ
977 4712 1084 4762 τῶν
1139 4709 1566 4785 ἡμαρτηκότων,
1622 4714 1741 4772 ταῖς
1796 4709 1872 4764 ἐπῖ

1995 4716 2194 4786 queat,
2241 4711 2342 4766 sed
2391 4725 2518 4780 quis
2560 4708 2730 4778 juxta
2778 4703 3019 4758 modum
3070 4697 3242 4754 sibia
3271 4697 3644 4786 peccatorum

241 4796 298 4850 τὸ
324 4801 527 4852 κακοῦν
558 4797 824 4871 κέχρηται
856 4794 1164 4871 ἰνεργείαις.
1265 4784 1270 4785 ν

1995 4784 2221 4856 medico
2252 4797 2676 4870 praescriptum,
2701 4793 2772 4848 ad
2800 4805 3000 4862 poenas
3024 4784 3375 4858 inﬂigeudas
3405 4795 3645 4853 operam

1995 4905 2166 4947 suam
2197 4886 2467 4944 contulit.

301 4977 427 5034 242.
488 4974 593 5032 Καὶ
650 4973 757 5050 οὐχ
835 4972 1050 5048 οὕτως,
1110 4974 1235 5033 ἀλλ’
1317 4976 1610 5034 ἀποστελεῖ
1689 4976 1872 5050 Κύριοι

2064 4978 2190 5033 242.
2220 4976 2393 5032 Vens.
2427 4972 2515 5042 l6,
2550 4973 2638 5028 17.
2686 4972 2754 5026 Et
2801 4984 2912 5026 non
2960 4967 3059 5035 sic,
3109 4963 3204 5020 sed
3241 4962 3417 5018 millet
3460 4960 3648 5018 Domi-

1317 4976 1610 5034 ἀποστελεῖ
1689 4976 1887 5052 Κύριος

302 5157 347 5194 “
375 5156 550 5215 Deut.
583 5171 759 5226 mu,
789 5156 843 5213 8.
923 5156 968 5193 ⁷⁸
998 5161 1021 5212 Ι
1050 5158 1178 5216 Cor.
1212 5175 1278 5230 ιι,
1308 5160 1433 5216 6-8.
1511 5160 1554 5196 ⁷⁸
1583 5164 1727 5217 Dan.
1759 5176 1816 5232 κ,
1851 5159 1872 5215 1

1986 5159 2058 5216 l3.
2134 5159 2176 5193 ⁷⁷
2210 5155 2354 5212 ibid.
2381 5155 2470 5210 20.

302 5344 413 5414 (19)
442 5341 686 5415 Veteres
715 5339 940 5415 aliquot
966 5340 1124 5415 libri,
1154 5339 1274 5415 εἲρη
1287 5339 1439 5415 μένα.

249 5411 688 5542 Ᾱξὲἐιιὲξιίςιιί
716 5411 1002 5483 δοκιίὺιιί,
1026 5411 1054 5466 ὁ
1084 5411 1511 5488 πρίων.ὀοοι·οι
1541 5415 1600 5470 in
1631 5412 1884 5487 vulgatis

311 5559 422 5630 (21)
456 5558 562 5630 Hic
592 5570 790 5611 vocem
821 5559 1069 5630 σκῇπτρα
1116 5557 1584 5630 subaudiendam
1611 5556 1885 5630 arbitror,

249 5627 414 5702 ταῦτα’
434 5628 546 5701 (τὰ)
573 5631 840 5702 σκῆπτρα.
893 5627 1101 5702 Statim
1153 5631 1315 5702 editi,
1368 5629 1444 5691 εἷς
1472 5630 1573 5697 τήν
1603 5629 1736 5684 κατά
1763 5632 1882 5685 106.

252 5701 316 5756 At
341 5698 507 5759 abest
525 5698 663 5756 κατά
679 5716 713 5756 a
742 5698 886 5756 mss.
907 5699 1019 5756 Nec
1036 5698 1310 5772 dubium,
1326 5702 1468 5774 quin
1493 5703 1699 5761 abesse
1713 5718 1884 5774 opor-

1991 5345 2129 5400 teat.
2158 5338 2418 5397 Subinde
2463 5335 2625 5402 editi,
2677 5331 2873 5408 πρίονά
2919 5351 3056 5387 τινα.
3106 5329 3231 5385 Vox
3257 5343 3374 5381 τινα
3407 5323 3465 5378 in
3496 5337 3644 5379 mss.

1994 5417 2178 5558 (16528;).
2206 5477 2934 5558 Editi,_16._‘At_s_ex_mss.,
2954 5477 3053 5530 τῶ.
3080 5476 3196 5554 Nec
3226 5469 3308 5552 ita
3339 5463 3523 5521 multo
3554 5462 3642 5519 in-

1993 5543 2082 5616 fra
2110 5543 2272 5625 editi,
2299 5543 2567 5625 ἀπὸ-τῶν.
2587 5550 2756 5625 Libri
2785 5543 3028 5625 veteres,
3063 5543 3363 5625 παρα-τῶν.
3395 5605 3466 5625 ﬂ!

2065 5610 2315 5703 (ἓέἶΡὶυο
2341 5620 2694 5703 ἐνδεδυμένον
2719 5623 2778 5680 in
2810 5610 3325 5678 tribus'codicibus
3355 5610 3638 5680 scriptum

1995 5692 2302 5776 reperitur,
2337 5692 2645 5771 διδόμενον.
