4074 6222
48 5653 72 5668 υ

48 5701 66 5722 ιι
81 5715 86 5720 .

48 5727 116 5762 [at
233 5741 287 5762 ..ί

420 357 536 417 543
1405 357 1795 420 APPENDIX
1837 358 2160 422 OPERUM
2205 361 2267 420 8.
2313 360 2593 421 BASILII
2637 357 2911 421 MAGNI.
3257 369 3260 373 ‘
3697 357 3820 417 544

418 506 523 544 nus
551 488 790 546 Sabaoth
836 492 896 546 in
956 490 1212 547 honorem
1266 499 1428 546 tuum
1475 493 1867 562 ignominiam,
1911 497 1965 548 et
2003 494 2064 547 in

2189 485 2409 555 Σαϐαὼθ
2467 489 2544 552 εἷς
2594 491 2693 558 τὴν
2777 491 2874 558 σὴν
2923 487 3091 560 τιμὴν
3148 486 3387 560 ἀτιμίαν,
3445 485 3535 542 καὶ
3583 486 3660 550 είς
3713 488 3817 556 τήν

417 579 656 649 gloriam
683 583 842 634 tuam
873 580 1029 652 ignis
1062 581 1404 636 comburens
1453 582 1797 636 accendatur.
1848 584 1913 637 Et
1958 584 2066 636 erit

419 670 606 722 lumen
637 669 807 724 Israel
838 670 897 723 in
928 669 1131 738 ignem,
1163 678 1211 724 et
1257 670 1623 739 sanctiﬁcabil
1663 671 1824 725 illum
1853 673 1910 725 in
1943 673 2068 741 igne

421 765 646 812 urente:
679 765 727 812 el
777 757 1054 812 devorabit
1094 758 1253 828 quasi
1299 762 1489 829 fenum
1536 759 1750 814 silvam.
1803 760 1931 814 Haec
1979 762 2068 815 est

423 847 614 901 stultae
646 845 933 917 superbiae
968 862 1210 902 merces.
1241 847 1382 910 Quia
1414 854 1466 902 te
1500 847 1691 918 ipsum
1727 847 2066 919 gloriabun-

425 935 535 990 dus
567 939 818 990 mentem
855 951 1127 1006 magnam
1163 935 1536 1006 praedicabas,
1568 941 1625 991 et
1653 937 1986 992 eﬁ‘crebaris
2008 936 2067 990 in

425 1023 736 1079 altitudine
766 1023 960 1092 gloria
994 1024 1318 1091 oculorum,
1353 1025 1522 1080 Mitte!
1556 1027 1814 1080 Dominus
1839 1024 2067 1095 ignomi-

424 1114 576 1168 niam
610 1114 666 1166 in
691 1112 948 1168 honorem
967 1121 1142 1180 tuum,
1169 1112 1361 1182 ignem
1386 1113 1587 1168 veroin
1613 1112 1858 1184 gloriam
1881 1119 2063 1168 tuam.

428 1201 713 1264 Quoniam
745 1199 898 1256 enim
941 1200 1355 1256 interminatus
1385 1217 1446 1257 es
1481 1201 1811 1257 ablaturum
1859 1206 1912 1256 te
1942 1217 2071 1256 esse

423 1289 1180 1359 ﬁnesgentium,habitatas
1215 1289 1476 1344 civitates
1513 1294 2068 1361 conquassaturum,

423 1380 608 1434 totum
624 1381 911 1432 terrarum
929 1378 1124 1433 orbem
1139 1379 1302 1447 quasi
1319 1378 1520 1433 nidum
1541 1379 2067 1451 apprehensurum,

427 1469 484 1523 et
512 1483 643 1522 eum
679 1468 849 1537 quasi
898 1483 1002 1522 ova
1061 1467 1338 1522 derelicta
1387 1467 1785 1534 sublaturum,
1838 1467 2071 1523 nemine

432 1555 675 1610 omnino
708 1555 1019 1626 etfugieute
1050 1561 1150 1610 aut
1179 1557 1635 1625 contradicente,
1668 1557 1881 1611 idcirco
1922 1557 2071 1627 Ignis

427 1645 746 1700 comburens
794 1644 1134 1709 accendelur,
1189 1649 1244 1699 et
1297 1646 1406 1700 erit
1463 1646 1651 1699 lumen
1723 1647 1943 1700 Israelis
2013 1647 2073 1700 in

438 1733 638 1802 ignem.
675 1733 1113 1800 Immutabitur,
1147 1733 1358 1804 inquit,
1393 1749 1585 1789 rerum
1635 1739 1862 1800 status;
1908 1737 1964 1788 et
2014 1733 2071 1787 in

429 1819 762 1891 splendore,
797 1821 1006 1892 inquit,
1038 1821 1145 1876 erit
1179 1821 1374 1888 Israel,
1401 1823 1502 1893 qui
1527 1839 1679 1878 nunc
1702 1821 2070 1894 deprimitur,

429 1915 486 1965 et
513 1909 614 1981 qui
648 1909 749 1966 tibi
800 1911 875 1965 ob
920 1915 1221 1981 peccatum
1274 1911 1525 1966 traditus
1573 1916 1660 1967 est
1715 1912 2068 1983 puniendus.

430 1997 720 2069 Splendor
757 2002 953 2068 itaque
984 1998 1144 2054 illius
1173 1999 1278 2054 tibi
1314 2000 1371 2053 in
1406 1999 1718 2071 perniciem
1749 2004 1805 2056 et
1831 2000 2070 2055 exitium

433 2089 621 2144 oedet.
673 2088 792 2143 Erit
838 2090 1008 2154 enim,
1057 2088 1272 2160 inquit,
1311 2090 1497 2145 lumen
1543 2093 1716 2145 Israel
1765 2091 1825 2144 in
1871 2091 2074 2158 ignem.

435 2179 627 2247 Atque
654 2192 785 2230 cum
820 2176 1003 2232 insint
1059 2176 1178 2249 igni
1225 2177 1530 2233 facultates
1573 2179 1723 2248 duas,
1775 2195 1890 2233 una
1943 2176 2075 2232 illu-

316 2320 324 2331 ,
435 2265 683 2332 strandi,
717 2264 900 2320 altera
931 2266 1350 2335 comburendi;
1386 2267 1643 2323 suavitas
1675 2267 1905 2337 quidem
1926 2266 2078 2337 ignis

428 2358 604 2426 atque
628 2354 976 2424 jucunditas
1028 2363 1327 2426 permanet
1373 2356 1527 2426 apud
1575 2355 1869 2424 Israelem,
1927 2355 2081 2408 unde

431 2439 762 2496 illustratur
792 2448 849 2497 et
881 2442 1326 2514 circumfulget:
1363 2443 1518 2514 quod
1548 2459 1678 2498 vere
1709 2442 1767 2496 in
1803 2458 1869 2498 eo
1917 2457 2080 2496 acer-

432 2529 572 2584 bum
603 2535 710 2598 est,
745 2535 801 2585 et
831 2532 985 2602 quod
1023 2531 1339 2598 excruciat,
1375 2532 1430 2586 id
1466 2548 1600 2602 pars
1635 2532 1742 2586 erit
1784 2530 1943 2585 illius
1992 2545 2082 2584 su-

431 2619 616 2690 perbi,
648 2636 779 2674 eum
813 2624 877 2674 ut
918 2625 1142 2689 exurat,
1202 2624 1376 2690 atque
1435 2637 1548 2691 pra:
1599 2621 1805 2675 ardore
1864 2619 2082 2675 afﬁciat

430 2707 1078 2764 doloreinconsolebili.
1133 2711 1198 2764 El
1241 2709 1601 2779 sanctiﬁcabil
1646 2710 1808 2764 illum
1853 2710 1911 2763 in
1960 2710 2083 2779 igne

432 2801 646 2864 urente,
679 2801 728 2853 et
749 2797 1030 2854 devorabit
1049 2801 1217 2869 quasi
1251 2801 1440 2870 fenum
1463 2797 1687 2855 silvam.
1727 2797 2082 2870 Docet-ignis

432 2891 705 2942 naturam
737 2904 865 2943 esse
891 2892 1260 2960 purgantem.
1295 2887 1692 2943 Sanctiﬁcabit
1724 2888 1878 2943 enim
1911 2887 2078 2943 illum

433 2975 603 3048 quasi
635 2975 694 3029 in
730 2975 858 3045 igne
889 2980 1112 3031 urente.
1147 2977 1447 3041 Quomodo
1477 2981 1672 3032 autem
1703 2976 1858 3048 ignis
1917 2975 2080 3047 puri-

433 3065 570 3120 ﬁcat
593 3064 613 3118 ἑ
644 3068 954 3135 Postquam
988 3065 1304 3120 comederit
1324 3064 1530 3120 silvam
1553 3070 1835 3136 tanquam
1858 3065 2077 3120 fenum.

435 3157 641 3226 Itaque
673 3170 805 3209 cum
838 3157 976 3211 Deus
1006 3159 1187 3210 noster
1215 3158 1359 3226 ignis
1401 3171 1727 3211 consumens
1762 3157 1834 3210 sit
1853 3155 1917 3221 ⁷⁸,
1952 3172 2080 3227 pro-

445 3241 540 3296 cul
573 3242 748 3297 dubio
780 3242 986 3298 silvam
1032 3249 1088 3298 et
1135 3260 1202 3299 ea
1231 3260 1356 3314 qua:
1389 3243 1588 3299 asilva
1634 3245 1903 3300 oriuntur
1952 3242 2079 3298 vitia

2199 3239 2587 3295 καταναλίσκον
2677 3239 2810 3312 ἐστὶ,
2886 3237 3280 3308 καταγαλώσει,

451 3335 798 3399 consumet;
829 3331 1026 3386 anima
1060 3349 1174 3388 non
1207 3333 1264 3386 in
1296 3333 1525 3404 spiritu,
1562 3333 1662 3388 sed
1695 3333 1753 3387 in
1787 3349 1959 3389 carne
1988 3331 2094 3387 im-

437 3423 723 3474 morante.
751 3419 1063 3474 Sciendum
1097 3425 1291 3475 autem
1325 3426 1432 3488 est,
1456 3421 1708 3492 gloriam
1733 3438 1767 3476 a
1795 3422 1951 3476 fama
1980 3420 2094 3475 dis‘

436 3505 594 3562 cerni
627 3506 698 3560 ab
728 3506 798 3561 iis
829 3505 928 3577 qui
959 3523 1166 3562 vocum
1207 3508 1603 3577 signiﬁcatum
1654 3513 1926 3564 accurate
1959 3508 2091 3563 dili-

440 3599 760 3667 genterque
807 3596 1174 3667 perquirunt.
1225 3597 1292 3651 Et
1323 3596 1528 3652 dicunt
1575 3597 1819 3668 gloriam
1855 3597 2090 3653 laudem

438 3699 568 3740 esse
599 3699 724 3754 quas
755 3700 782 3738 a
817 3682 989 3755 vulgo
1020 3685 1339 3752 tribuitur;
1391 3686 1611 3740 famam
1644 3702 1776 3741 vero
1809 3702 1937 3741 esse
1966 3686 2091 3741 lau-

441 3771 594 3838 dem,
625 3787 752 3842 quas
785 3789 819 3825 a
849 3772 1016 3827 bonis
1042 3773 1395 3844 impertitur.
1426 3774 1710 3828 Eumdem
1747 3775 1816 3829 ad
1851 3775 2091 3830 modum

440 3858 709 3914 dividunt
740 3864 796 3914 et
828 3860 1126 3917 honorem.
1159 3861 1352 3916 Alium
1396 3862 1632 3933 quidem
1665 3863 1960 3918 afﬁrmant
1991 3862 2092 3918 ho-

442 3953 675 4004 nestum
708 3965 875 4016 esse;
911 3965 1164 4020 eumque
1188 3950 1246 4006 in
1277 3951 1468 4006 virum
1495 3952 1729 4007 virtutis
1760 3953 2092 4008 studiosum

444 4037 671 4104 cadere,
705 4038 861 4094 564
891 4055 1023 4094 cum
1057 4039 1384 4110 amplitudo
1431 4040 1509 4095 sit
1541 4041 1972 4109 remuneratio;
2009 4058 2093 4096 re-

444 4126 911 4183 munerationem
945 4132 1141 4183 autem
1192 4133 1461 4184 statuunt
1492 4130 1783 4198 quoddam
1823 4146 1952 4186 esse
1981 4130 2094 4184 vir-

448 4216 596 4272 tutis
629 4219 934 4288 praemium
971 4235 984 4273 :
1019 4217 1197 4274 alium
1225 4236 1356 4275 vero
1389 4236 1538 4288 esse,
1571 4219 1669 4290 qui
1699 4221 1770 4275 ob
1804 4220 1952 4274 facta
1980 4236 2094 4275 non

451 4305 691 4361 omnino
726 4307 970 4375 probata
995 4324 1028 4362 a
1057 4307 1223 4378 plebe
1255 4309 1529 4363 defertur.

527 4394 652 4447 243.
689 4395 854 4449 Vens.
902 4396 985 4449 18.
1034 4397 1130 4451 Die
1179 4398 1282 4452 illa
1311 4402 1736 4465 exslznguentur
1785 4401 2018 4465 montes,
2049 4401 2100 4452 et

445 4485 607 4540 colles
638 4490 688 4541 et
735 4502 982 4542 nemora.
1033 4490 1100 4544 Et
1146 4489 1434 4544 devorabit
1484 4489 1552 4544 ab
1582 4491 1772 4545 anima
1818 4507 1991 4561 usgue
2021 4491 2098 4545 ad

2103 1869 2150 1933 B

2177 579 2274 647 σὴν
2337 576 2493 649 δόξαν
2566 582 2672 653 πῦρ
2750 577 3041 648 καιόμενον
3118 577 3461 646 καυθήσεται.
3516 575 3611 630 Καὶ
3668 573 3818 631 ἔσται

2173 668 2234 721 τὸ
2281 672 2392 742 φῶς
2449 671 2544 721 τοῦ
2595 665 2813 741 Ἰσραὴλ
2887 666 2961 728 είς
3009 669 3157 739 πῦρ,
3211 671 3304 719 καῖ
3379 665 3585 740 ἁγιάσει
3657 664 3819 720 αὑτὸν

2175 754 2227 810 ἐν
2277 757 2405 830 πυρὶ
2463 755 2776 828 καιομὲνῳ,
2837 756 2926 809 καὶ
3004 753 3228 832 φάγεται
3287 753 3414 808 ὡσεὶ
3468 753 3665 829 χόρτον
3717 755 3824 822 τὴν

2177 843 2338 915 ὕλην.
2372 843 2517 914 Αὕτη
2577 847 2611 914 ἡ
2663 842 2971 916 ἀντιμισθία
3019 849 3118 911 τῆς
3177 841 3383 917 ἀλόγου
3427 841 3822 920 ὑπερηφανίας.

2177 930 2397 1002 Ἐπειδὴ
2430 937 2550 987 νοῦν
2600 931 2760 1008 μέγαν
2812 932 2996 986 ἑαυτὸν
3055 930 3439 1005 ἀποσεμνύνων
3495 927 3696 1007 ἔλεγες,
3727 932 3825 986 καὶ

2174 1026 2253 1093 τῷ
2281 1022 2402 1095 ὕψει
2429 1029 2528 1090 τῆς
2563 1019 2721 1091 δόξης
2769 1025 2877 1076 τῶν
2928 1017 3228 1098 ὀφθαλμῶν
3279 1019 3620 1094 ὲπηγάλλου,
3655 1021 3823 1076 Ἀπο-

2178 1108 2358 1164 στελεῖ
2414 1112 2525 1183 (24)
2586 1110 2778 1182 Κύριος
2863 1108 3080 1182 ἀτιμίαν
3136 1108 3212 1170 είς
3285 1109 3383 1177 τὴν
3462 1110 3559 1175 σήν
3617 1110 3826 1181 τιμὴν,

2176 1203 2280 1271 πῦρ
2313 1195 2371 1252 δὶ
2401 1198 2476 1260 εἷς
2529 1201 2626 1268 τήν
2680 1196 2834 1269 δόξαν
2869 1218 2984 1253 σου.
3044 1194 3266 1265 Ἐπειδὴ
3322 1198 3422 1272 γὰρ
3480 1196 3826 1274 ἀφαιρεῖσθαι

2176 1286 2426 1356 ἠπείλεις
2459 1286 2580 1362 ὅρια
2611 1287 2799 1355 ἐθνῶν,
2831 1288 2917 1341 καὶ
2967 1286 3122 1340 σείειν
3164 1285 3355 1348 πόλεις
3539 1306 3829 1341 κατοικου-

2182 1377 2365 1448 μᾶνας,
2430 1378 2520 1429 καὶ
2578 1373 2982 1449 καταλήψεσθαι
3029 1377 3128 1445 τὴν
3187 1370 3322 1445 ὅλην
3377 1375 3702 1448 οἰκουμένην
3744 1376 3829 1438 ὠς

2178 1463 2416 1532 νοσσιὰν,
2449 1465 2537 1519 καὶ
2569 1466 2642 1527 ὡς
2693 1464 2776 1519 ubi
2831 1463 3367 1539 ἕγκαταλελειμμὲνα
3414 1461 3604 1538 αἴρειν,
3644 1461 3828 1536 μηδεο

2179 1550 2698 1629 νὸςδιασεύγοντος,
2735 1551 2874 1626 μηδὲ
2931 1558 3025 1608 τοῦ
3075 1551 3458 1627 ἀντιλέγοντος
3508 1549 3680 1614 ὄντος·
3731 1549 3830 1606 διὰ

2178 1646 2340 1696 τοῦτο
2405 1646 2516 1716 Πῦρ
2595 1643 2877 1716 καιόμενον
2955 1644 3316 1712 καυθήσεται,
3387 1641 3477 1696 καὶ
3547 1640 3692 1696 ἔσται
3755 1641 3827 1696 τὸ

2182 1734 2294 1806 φῶς
2345 1735 2442 1785 τοῦ
2490 1730 2710 1805 Ἰσραὴλ
2768 1731 2842 1793 είς
2900 1735 3027 1806 πῦρ.
3087 1732 3600 1808 Ηεριστραφήσεται,
3661 1729 3824 1804 φησὶ,

2180 1823 2288 1872 τῶν
2333 1820 2671 1894 πραγμάτων
2728 1822 2763 1890 ἡ
2812 1819 3152 1891 κατάστασις,
3200 1820 3289 1873 καὶ
3346 1817 3399 1873 ἐν
3446 1817 3826 1892 λαμπρότητι,

2183 1908 2366 1984 φησὶν,
2421 1903 2531 1962 ἔστι
2585 1908 2612 1961 ὁ
2674 1907 2896 1984 Ἰσραὴλ
2955 1910 2983 1963 ὁ
3039 1912 3130 1962 νῦν
3182 1908 3679 1981 τεταπεινωμένος,
3726 1908 3824 1962 καὶ

2183 1994 2267 2049 σοὶ
2301 1992 2742 2071 παραδεδομένος
2785 1993 2872 2050 διὰ
2898 1999 2999 2066 τήν
3049 1996 3312 2072 ἁμαρτίαν
3359 1995 3436 2059 είς
3481 1995 3726 2053 κόλασιν.
3754 2001 3827 2052 ‘H

2185 2083 2276 2139 οῦν
2309 2083 2514 2140 ἐκείνου
2545 2084 2862 2162 περιφάνεια
2891 2088 3002 2158 (26)
3057 2085 3134 2148 εἴς
3192 2084 3493 2161 ἀφανισμόν
3543 2105 3628 2140 σοι
3659 2087 3828 2160 γενή-

2187 2193 2354 2230 σεται.
2411 2176 2598 2230 Ἔσται
2655 2175 2778 2249 γὰρ,
2825 2173 2979 2250 φησὶ,
3025 2175 3088 2228 τὸ
3157 2178 3271 2248 φῶς
3317 2178 3413 2228 τοῦ
3471 2172 3688 2247 Ἰσραήλ
3744 2172 3831 2236 εἷς

2185 2263 2313 2338 πῦρ.
2350 2261 2444 2316 Καὶ
2505 2259 2599 2316 δύο
2643 2261 2924 2338 ἕνεργειῶν
2976 2261 3148 2317 οὐσῶν
3181 2263 3303 2336 περὶ
3349 2263 3413 2317 τὸ
3460 2266 3587 2337 πῦρ,
3635 2268 3736 2331 τῆς
3768 2283 3837 2316 τε

2187 2358 2520 2428 φωτιστικῆς
2570 2353 2658 2406 καὶ
2716 2358 2816 2421 τῆς
2875 2358 3184 2421 καυστικῆςο
3235 2351 3298 2406 τὸ
3359 2352 3452 2424 μὲν
3511 2350 3683 2424 γλυκὺ
3740 2352 3838 2405 καὶ

2187 2439 2374 2516 γαρίεν
2421 2444 2518 2494 τοῦ
2581 2439 2750 2514 πυρὸς
2821 2445 2902 2512 τῷ
2950 2439 3168 2516 Ἰσραὴλ
3221 2445 3541 2514 παραμενεῖ,
3596 2440 3838 2516 φωτίζον

2188 2527 2344 2583 αὐτὸν
2391 2527 2479 2582 καὶ
2537 2525 2904 2603 περιλάμπον·
2938 2529 3000 2583 τὸ
3045 2526 3101 2583 δὲ
3145 2528 3341 2603 πικρὸυ
3390 2528 3482 2582 καὶ
3523 2525 3839 2582 κατώδυνον

2189 2617 2276 2672 ἰπὶ
2325 2617 2416 2671 τὸν
2472 2617 2815 2693 ὑπερήφανον
2867 2617 3408 2692 κατὰμερισθήσετᾶι,
3463 2621 3616 2671 καῖον
3651 2615 3838 2685 αὐτὸν,

2187 2706 2278 2761 καὶ
2310 2706 2720 2780 ἁπαραμυθήτῳ
2749 2705 2900 2778 πόνῳ
2931 2703 3020 2760 διὰ
3062 2712 3161 2775 τῆς
3205 2704 3444 2768 καύσεως
3474 2702 3840 2780 παραδιδοῦν.

2189 2794 2287 2849 Καὶ
2355 2794 2563 2869 ἂγιάσει
2613 2792 2771 2848 αὑτὸν
2846 2793 2897 2848 ἐν
2958 2794 3086 2870 πυρῖ
3130 2793 3422 2866 καιομίνφ,
3481 2795 3573 2848 καὶ
3657 2793 3831 2870 φάγε-

2185 2903 2275 2939 ται
2315 2884 2441 2938 ὡσεὶ
2481 2883 2680 2958 χόρτον
2723 2884 2822 2953 τὴν
2872 2881 3033 2954 ὕλην.
3095 2883 3331 2938 Δείκνυσι
3388 2885 3486 2952 τὴν
3535 2882 3697 2957 φύσιν
3730 2887 3833 2937 τοῦ

2186 2973 2375 3049 πυρὸς,
2411 2969 2491 3027 ὅτι
2523 2974 2842 3048 καθαρτική.
2887 2971 3123 3047 Ἃγιάσει
3172 2973 3272 3048 γὰρ
3321 2971 3478 3026 αὐτὸν
3534 2971 3608 3033 ὡς
3639 2971 3690 3025 ἐν
3726 2992 3836 3026 πυ-

2189 3061 2240 3137 ρὶ
2273 3063 2564 3134 καιομένῳ.
2615 3063 2740 3122 Πῶς
2769 3058 2824 3115 δὲ
2871 3060 3079 3136 ἁγιάζει
3125 3061 3187 3116 τὸ
3217 3065 3361 3137 πῦρ;
3395 3058 3643 3115 Ἐπειδὰν
3681 3059 3838 3138 φάγῃ

2187 3153 2287 3220 τήν
2319 3149 2457 3221 ὕλην
2506 3151 2578 3211 ὡς
2618 3150 2842 3226 χόρτον.
2895 3150 3041 3204 Ἑπεῖ
3091 3147 3182 3204 οὖν
3236 3150 3298 3207 Ὁ
3343 3150 3470 3213 Θεὸς
3516 3151 3679 3222 ἡμῶν
3727 3153 3842 3225 πῦρ

3376 3235 3660 3311 δηλονότὶ,
3739 3239 3844 3308 τήν

2200 3327 2356 3400 ὕλην,
2383 3330 2557 3383 καὶτὰ
2588 3329 2691 3383 ἀπὸ
2721 3329 2832 3402 (27)
2857 3326 2993 3398 ὕλης
3023 3325 3246 3383 ἐλθόντα
3282 3327 3449 3397 πάθη,
3480 3327 3543 3381 οὐ
3563 3330 3631 3400 τῇ
3664 3327 3762 3399 μὶν
3791 3324 3848 3381 ὲν

2199 3415 2463 3490 πνεύματι
2513 3415 2639 3472 ἀλλ’
2691 3416 2741 3470 ἐν
2790 3416 2944 3490 σαρκὶ
3006 3410 3356 3492 διατριϐούσῃ
3411 3418 3588 3492 ψυχῇ.
3642 3416 3846 3470 Ἱστὲον

2203 3503 2280 3575 δὲ,
2313 3507 2394 3560 ὅτι
2419 3507 2470 3560 οἱ
2513 3501 3035 3582 ἀκριϐολογούμενοι
3069 3506 3192 3581 περὶ
3221 3506 3288 3560 τὰ
3319 3506 3723 3578 σημαινόμενα,
3742 3506 3848 3573 τήν

2202 3591 2354 3668 δόξαν
2388 3595 2492 3650 ἀπὸ
2521 3599 2616 3650 τοῦ
2647 3592 2839 3656 κλέους
2866 3592 3142 3669 διώρισαν·
3175 3594 3266 3649 καὶ
3294 3615 3417 3670 φασι
3445 3596 3545 3663 τήν
3590 3593 3685 3667 μὲν
3747 3591 3850 3648 δό-

2201 3684 2287 3754 ξαν
2324 3685 2455 3738 εἶναι
2481 3685 2570 3737 τὸν
2625 3685 2727 3738 ἀπὸ
2771 3688 2878 3738 τῶν
2922 3681 3152 3738 πολλῶν
3206 3679 3441 3737 ἔπαινονο
3474 3682 3536 3736 τὸ
3568 3679 3626 3736 δὲ
3654 3681 3848 3750 κλέος,

2199 3774 2290 3828 τὸν
2320 3773 2424 3827 ἀπὸ
2454 3777 2561 3827 τῶν
2594 3772 2808 3846 ἀγαθῶῦ
2839 3768 3075 3826 ἔπαινον.
3123 3770 3365 3845 Ὁμοίως
3410 3771 3498 3825 καὶ
3540 3773 3636 3840 τὴν
3668 3771 3849 3844 τιμὴν

2203 3861 2492 3941 διαιροῦσι,
2527 3866 2817 3942 φάσκοντες
2865 3865 2961 3932 τὴν
3000 3863 3096 3937 μὲν
3143 3863 3353 3918 ἀστείαν
3395 3862 3516 3918 τινὰ
3563 3862 3723 3931 εἶναι,
3753 3865 3851 3918 καὶ

2203 3952 2286 4008 ἐπὶ
2321 3955 2409 4008 τὸν
2440 3950 2729 4008 σποοδαῐον
2779 3951 3018 4022 πίπτειν,
3067 3954 3240 4028 γάρως
3289 3953 3447 4006 οὖσαν
3506 3950 3746 4022 ἀξίωσινο
3780 3954 3850 4008 τὸ

2203 4042 2261 4098 δὲ
2303 4043 2464 4118 γέρας
2515 4041 2676 4097 ἆθλον
2736 4042 2930 4116 ἀρετῆς
2986 4041 3240 4106 τίθενται’
3291 4041 3390 4110 τὴν
3437 4038 3494 4095 δὲ
3523 4061 3644 4094 τινα
3670 4043 3849 4113 τιμὴν

2201 4133 2348 4208 παρὰ
2384 4136 2492 4186 τῶν
2540 4131 2842 4206 τυχόντων,
2888 4136 3005 4193 τοῖς
3053 4133 3166 4202 (28)
3221 4131 3284 4185 οὗ
3344 4129 3482 4184 πάνυ
3533 4125 3853 4190 ἀποδεκτῶς

2201 4221 2582 4298 γεγενημένοις
2615 4217 2908 4276 ἀντίδοσιν.

2274 4402 2401 4457 243.
2457 4402 2534 4472 Τῇ
2592 4397 2774 4474 ἡμέρᾳ
2829 4395 3002 4471 ἐκείνῃ
3074 4390 3534 4466 ἀποσϐεσϐήσεται
3604 4396 3671 4449 τὰ
3719 4394 3850 4472 ὅρη,

2205 4490 2292 4543 καὶ
2363 4488 2415 4542 οἱ
2481 4488 2688 4562 βουνοὶ,
2746 4485 2834 4540 καὶ
2913 4487 2965 4540 οἱ
3040 4482 3261 4560 δρυμοὶ,
3325 4484 3413 4539 καὶ
3479 4483 3848 4560 καταφάγεται

445 4589 656 4630 carnes.
693 4578 1012 4646 Postquam
1049 4577 1518 4634 misitDominus
1545 4579 1794 4634 Sabaoth
1831 4581 1888 4634 in
1921 4580 2076 4635 hono

2205 4577 2312 4632 ἀπὸ
2360 4580 2545 4652 ψυχῆς
2588 4572 2690 4639 ἕως
2746 4579 2977 4650 σαρκῶν.
3029 4575 3175 4630 Μετὰ
3235 4574 3297 4628 τὸ
3359 4571 3681 4628 ἀποστεῖλαι
3744 4573 3854 4628 Κύ-

448 4677 571 4717 rem
604 4663 883 4735 p.incipis
931 4667 1305 4738 Assyriorum
1357 4667 1764 4739 ignominiam,
1796 4672 1852 4724 et
1881 4668 1940 4722 in
1971 4671 2100 4741 ejus

2213 4687 2328 4742 ριον
2364 4660 2592 4720 Σαϐαὼθ
2638 4664 2712 4726 εἷς
2755 4666 2852 4734 τὴν
2904 4664 3070 4736 τιμὴν
3121 4666 3216 4716 τοῦ
3264 4662 3534 4736 ἄρχοντος
3581 4665 3691 4716 τῶν
3724 4664 3854 4718 Ἀσ-

451 4749 698 4822 gloriam
722 4751 916 4823 ignem
941 4756 1422 4825 comburentem,
1451 4755 1666 4828 luxque
1687 4757 1917 4813 Israelis
1939 4775 2079 4814 vers:

2211 4755 2407 4829 συρίων
2434 4755 2677 4827 ἀτιμίαν,
2709 4753 2796 4808 καὶ
2856 4751 2930 4814 είς
2959 4753 3058 4821 τὴν
3105 4749 3260 4821 δόξαν
3318 4751 3483 4805 αὐτοῦ
3541 4754 3651 4825 πῦρ
3697 4749 3854 4804 καιό-

448 4843 538 4895 est
566 4838 626 4894 in
646 4840 841 4914 ignem
869 4845 1130 4916 Assyrio,
1149 4848 1214 4899 ut
1230 4843 1379 4900 lucis
1397 4845 1707 4918 splendore
1726 4861 2079 4918 nequaquan

2215 4865 2397 4917 μενον,
2429 4843 2519 4898 καὶ
2555 4841 2688 4917 μετά
2728 4842 2789 4897 τὸ
2835 4843 3078 4918 γενέσθαι
3129 4840 3190 4895 τὸ
3240 4843 3354 4914 φῶς
3396 4836 3493 4894 τοῦ
3527 4839 3749 4914 Ἰσραὴλ
3782 4838 3857 4900 είς

449 4928 852 4987 sanctiﬁcatus
881 4937 1233 5005 purgaretur
1251 4933 1405 5007 ignis
1437 4935 1666 4992 ustione
1688 4951 1816 5007 quae
1847 4936 2075 4994 efﬁcere

2210 4937 2317 5008 πῦρ
2346 4937 2426 5006 τῷ
2458 4930 2747 5006 Ἀσσυρίῳ,
2774 4928 2866 4986 τίνα
2896 4931 2925 4985 ὁ
2960 4929 3035 5004 μὴ
3081 4927 3356 5004 ἁγιασθεὶς
3394 4927 3446 4984 ἂν
3493 4929 3562 5003 τῇ
3596 4925 3860 5005 λαμπρό-

521 5124 564 5159 "
593 5124 763 5183 Deut.
795 5143 869 5194 xv,
901 5129 990 5185 24.

524 5318 1482 5414 ςὲίὶίὲρὲεῖξυοὶξενἈπιστέλλεὶι
1985 5394 1996 5414 ,

2213 5324 2438 5414 ηφανία,
2481 5328 2582 5414 aut
2633 5319 3714 5414 opepnlpa'vu‘atmu—le;gstimfditi,
3769 5324 3865 5376 Kal

527 5392 856 5472 (2.?i)_Erliti,
907 5391 1096 5472 πόλεις
1135 5394 1359 5472 ,σείσειν.
1414 5397 1641 5472 sex
1699 5411 1865 5472 mss,
1917 5394 2075 5472 σείειν

2209 5391 2587 5472 γάρηνοομιε
2616 5391 3058 5472 Yag'in'nostris
3090 5409 3190 5448 sex
3222 5409 3365 5448 mss.
3396 5391 3582 5472 deest.

458 5456 633 5516 Haud
656 5464 824 5540 longe
845 5456 1016 5537 editi,
1067 5464 1155 5520 διὰ
1184 5470 1344 5519 τοῦτο
1373 5464 1456 5520 τό.
1486 5466 1656 5522 Deest
1685 5464 1745 5519 τό
1796 5456 1864 5522 ιη’
1887 5470 2079 5524 nostri:

2224 5456 2235 5472 ’
2283 5456 2390 5540 ἰ27)
2427 5469 2599 5534 Editi,
2630 5456 2749 5520 ’ἀπὸ
2791 5471 2914 5540 τῆς.
2967 5468 3182 5540 sese:
3229 5480 3394 5530 mss...
3447 5456 3575 5518 ἀπό.
3631 5461 3863 5522 Ibidem

463 5551 572 5607 ιεωί⁸
589 5532 906 5607 codicibus.
1002 5532 1010 5537 ⁷
1737 5605 1742 5607 _

2215 5532 2352 5607 Reg.
2379 5532 2698 5601 secundus.
2731 5532 2894 5607 πάθῄ·
2930 5535 2990 5589 οὐ
3019 5537 3086 5607 τῇ
3109 5532 3183 5607 ἐν.

531 5604 644 5684 (26)
691 5606 840 5661 Editi
889 5612 944 5662 et
1001 5609 1134 5681 Reg.
1185 5609 1502 5678 secundus,
1551 5605 1883 5684 περιφανεια,
1935 5610 2079 5684 bene

2285 5603 2394 5683 (28)
2426 5612 2598 5677 Editi,
2630 5610 2704 5663 ὧν
2743 5603 2880 5672 τοῖς.
2930 5603 3071 5684 νοις
3096 5606 3194 5674 ὧν,
3226 5621 3399 5684 quam
3431 5603 3731 5684 παρέλκειν
3764 5621 3862 5664 ne.

458 5673 568 5731 Alii
588 5681 704 5730 tres
724 5693 864 5736 mss.
881 5673 1411 5754 praeterbtrumque
1425 5673 2104 5758 Combeﬁsianuin,6mp-
2215 5673 2310 5742 mo
2342 5673 2459 5741 non
2487 5673 2666 5756 videt,
2699 5700 2734 5742 a
2763 5680 2979 5744 nostris
3008 5695 3110 5738 sex
3134 5673 3277 5738 mei.
3310 5677 3492 5738 abest.

592 5915 824 6114 "in.
