4074 6222
459 371 576 432 547
1400 359 1796 420 ΑΡΡΕΝΒῙΧ
1839 357 2120 422 OPERUI

2235 360 2273 418 ι.
2321 354 2607 417 BASILII
2651 352 2926 416 MAGNI.
3743 356 3853 418 548

460 501 560 574 qui
596 513 838 572 prorsus
866 493 1012 551 nihil
1037 493 1360 566 quidquam
1384 492 1732 547 numerandi
1764 491 1989 563 peritus
2013 489 2108 558 sit,

2235 490 2326 541 τῶν
2357 486 2418 540 τὸ
2448 483 2685 554 πλῆθος,
2719 483 2855 538 ὥστε
2909 484 2999 538 καὶ
3062 483 3164 538 ὑπὸ
3213 480 3458 557 παιδίου,
3495 485 3570 557 μή
3628 485 3764 539 πάνυ
3806 506 3853 539 τι

459 593 562 647 aut
591 586 910 655 scribendi,
942 600 1041 641 eos
1089 598 1432 639 enumerare
1475 581 1681 653 possit.
1703 585 1869 636 Forte
1915 583 2110 634 autem

455 677 557 751 qui
589 677 741 749 fugit
769 676 842 732 ab
873 672 1164 741 incendio,
1190 671 1370 726 vitam
1402 686 1636 742 pravam
1661 670 1838 726 evitat
1867 685 1972 741 per
1999 683 2115 739 pm-

455 766 790 835 nitentiam,
822 779 1048 835 suaque
1101 759 1478 817 conversione
1533 773 1790 824 carnem,
1825 773 2027 830 poenas
2057 761 2114 812 et

459 857 757 913 cruciatus
786 852 896 909 sibi
926 851 1332 919 asciscentem,
1371 848 1602 920 refugit.
1626 847 1905 919 Quisquis
1933 848 2112 916 enim,

459 949 845 1019 posteaquam
881 939 1284 1012 deprehensus
1315 943 1403 993 est
1444 937 1502 991 in
1537 935 1810 1008 peccatis,
1843 933 2115 991 conscius

459 1039 550 1092 est
587 1033 833 1104 dignum
887 1046 950 1085 se
1002 1044 1151 1098 esse,
1183 1026 1284 1097 qui
1342 1041 1444 1098 per
1501 1025 1724 1097 virgam
1775 1029 1832 1080 et
1877 1023 2116 1080 verbera

460 1119 994 1189 convertatur,jam
1027 1119 1332 1189 peccatum
1365 1119 1648 1186 tanquam
1681 1111 1955 1185 supplicii
1985 1127 2114 1167 ma-

459 1211 670 1269 teriam
701 1207 1030 1274 declinans,
1063 1205 1215 1277 fugit
1256 1203 1426 1276 quasi
1457 1221 1490 1260 a
1520 1207 1758 1258 ﬂamma
1791 1206 2016 1257 urente.
2047 1201 2118 1255 Et

455 1305 599 1357 tunc
630 1298 731 1370 qui
765 1297 984 1353 fuerint
1012 1294 1296 1363 derelicti,
1331 1297 1505 1349 erunt
1535 1307 1840 1361 numerus,
1873 1307 1989 1346 non
2020 1306 2115 1346 so-

454 1389 580 1445 lum
609 1387 789 1459 quod,
812 1385 899 1441 uti
920 1384 1325 1455 exposuimus,
1353 1379 1521 1437 facile
1547 1384 1764 1450 queant
1795 1379 2114 1446 numerari,

457 1479 561 1535 sed
594 1476 772 1532 etiam
807 1474 960 1545 quod
996 1474 1066 1527 de
1096 1475 1303 1527 caetero
1337 1469 1459 1525 sint
1489 1469 1673 1542 digni,
1700 1468 1802 1540 qui
1834 1469 1891 1523 in
1916 1483 2117 1523 nume-

459 1583 592 1624 rum
626 1565 973 1620 referantur.
1006 1561 1098 1616 Sic
1146 1561 1205 1615 in
1259 1559 1651 1618 Numerorum
1685 1557 1833 1613 libro
1883 1572 2114 1629 pueros,

459 1654 761 1724 mulieres,
805 1669 989 1720 senes,
1042 1652 1329 1722 quotquot
1387 1665 1492 1722 per
1548 1653 1776 1704 aetatem
1836 1648 1908 1704 ad
1967 1645 2119 1702 bella

458 1743 732 1799 obeunda
787 1744 955 1798 erant
1012 1738 1275 1809 inutiles,
1319 1746 1375 1794 et
1425 1737 1830 1809 promiscuum
1881 1735 2117 1808 vulgus,

459 1838 746 1904 tanquam
778 1848 812 1886 a
841 1827 1056 1902 populo
1104 1827 1423 1885 Israelitico
1474 1826 1751 1894 alienum,
1784 1825 2120 1881 invenimus
2147 1870 2194 1934 B

461 1935 836 1993 nequaquam
867 1919 924 1973 in
955 1933 1269 1973 numerum
1296 1915 1432 1988 poni
1456 1916 1500 1952 δι
1525 1934 1538 1984 ;
1566 1916 1665 1971 sed
1694 1914 1993 1971 numerari
2018 1929 2117 1969 eos

463 2011 565 2082 qui
592 2009 653 2064 in
685 2007 1038 2064 bello-fortes
1060 2011 1225 2062 erant
1247 2011 1301 2061 et
1331 2005 1577 2073 strenui,
1602 2022 1635 2059 a
1657 2004 1940 2076 vigesimo
1965 2019 2117 2059 anno

465 2103 522 2155 et
565 2115 746 2170 supra
765 2098 1104 2168 “.lnsuper
1149 2111 1355 2151 omnes
1405 2093 1638 2150 Israelis
1688 2092 2119 2166 primogenitia

464 2203 670 2244 mense
725 2190 782 2242 et
829 2201 1008 2258 supra
1055 2183 1614 2240 annumerantur”.
1670 2182 1896 2238 Pariter
1940 2181 2116 2237 etiam

462 2276 670 2334 Levita:
703 2293 738 2332 a
767 2291 967 2330 mense
1008 2278 1066 2330 et
1107 2289 1306 2344 supra,
1341 2277 1399 2328 et
1428 2271 1528 2343 qui
1583 2267 1996 2327 ministrabant
2027 2287 2119 2326 sa-

464 2366 729 2422 cerdotes
769 2378 958 2435 usque
988 2363 1059 2418 ad
1093 2360 1526 2434 quinquaginta
1578 2376 1764 2416 annos
1813 2375 2117 2416 recensen-

463 2459 562 2509 tur
583 2453 648 2506 ⁸⁸.
682 2453 967 2507 ϐαδιεῖ-ιλιι]
1000 2450 1134 2522 quis
1186 2467 1352 2522 puer,
1397 2466 1512 2505 non
1546 2450 1651 2516 vir,
1681 2465 1868 2520 neque
1919 2463 2117 2516 senex,

467 2558 568 2598 eos
601 2541 701 2614 qui
735 2545 874 2595 sunt
916 2539 1207 2610 ejusmodi
1247 2538 1570 2594 inscribet?
1603 2537 1856 2593 lndicari
1889 2554 1988 2593 eos
2019 2539 2119 2609 qui

469 2631 736 2686 Ecclesiae
787 2629 1207 2701 praeficiuntur,
1256 2628 1553 2699 negaverit
1595 2643 1790 2694 nemo,
1844 2643 1911 2683 eo
1965 2627 2118 2698 quod

464 2719 646 2774 vitam
681 2719 896 2790 degant
945 2717 1004 2772 in
1051 2717 1384 2773 innocentia
1414 2720 1472 2771 et
1501 2717 1852 2788 integritate,
1879 2721 1935 2772 et
1965 2717 2120 2787 quod

463 2811 704 2879 peccata
727 2807 957 2862 occulta
979 2823 1227 2878 quorum
1261 2808 1462 2861 nullus
1486 2810 1576 2862 est
1598 2806 1765 2862 testis
1799 2805 1908 2861 nisi
1939 2806 1989 2860 is
2021 2805 2121 2877 qui

469 2895 699 2952 abditos
730 2897 1017 2966 cujusque
1057 2912 1324 2951 recessus
1354 2898 1672 2964 scrutatur,
1707 2894 1818 2950 sibi
1855 2912 1887 2950 a
1919 2911 2120 2966 pecca-

464 2985 695 3040 toribus
738 2985 1184 3040 concredantur.
1218 2983 1321 3038 llic
1375 2982 1520 3038 tales
1571 2987 1660 3038 est
1707 2983 2121 3054 inscripturus,

471 3073 578 3146 qui
609 3073 828 3129 fuerint
846 3072 1020 3128 veluti
1057 3088 1158 3144 per
1180 3075 1480 3143 peccatum
1500 3071 1814 3127 oblitterati
1840 3087 1906 3127 ac
1927 3071 2124 3142 deleti,

471 3178 571 3218 eos
603 3162 815 3218 iterum
848 3163 1084 3218 scribet.
1110 3162 1216 3226 Qui
1271 3160 1526 3233 fugerint
1574 3161 1933 3226 incendium,
1967 3176 2122 3216 rece-

2225 573 2366 650 μηδὲ
2413 576 2549 650 πρὸς
2595 575 2660 628 τὸ
2693 573 2966 649 ἀριθμεῖν,
3005 570 3144 646 μηδὲ
3173 576 3280 647 (34)
3313 573 3534 651 γράφειν
3593 573 3857 650 ἐμπείρως

2221 661 2469 740 ἔχοντος,
2517 661 2770 717 δύνασθαι
2819 662 3016 726 αὐτοὺς
3061 662 3468 739 ἀπογραφῆναι.
3520 665 3678 738 Τάχα
3725 661 3783 717 δὲ
3833 664 3856 718 6

2223 754 2431 832 φεύγων
2460 752 2564 807 ἀπὸ
2593 756 2690 806 τοῦ
2734 751 3087 826 ἐμπρησμοῦ,
3119 755 3184 825 τῇ
3247 752 3505 824 μετανοίᾳ
3550 751 3730 828 φεύγει
3775 751 3858 806 τὸν

2221 843 2460 918 πονηρὸν
2501 841 2638 918 βίον,
2670 840 2759 896 καὶ
2790 844 2858 914 τῇ
2891 839 3191 918 ἐπιστροφῇ
3221 841 3319 909 τήν
3351 839 3687 908 κολάζουσαν
3744 839 3860 914 σάρ-

2220 951 2291 986 κα
2319 934 2432 1004 (35)
2465 927 2874 1004 ἀποδιδράσκει.
2910 935 3019 994 Πᾶς
3046 931 3149 1006 γὰρ
3182 931 3211 984 6
3245 931 3378 1003 μετᾶ
3406 931 3468 985 τὸ
3509 928 3862 1004 καταληφθῆ-

2221 1042 2309 1075 ναι
2340 1023 2451 1094 (36)
2500 1021 2553 1075 ἐν
2607 1021 2985 1094 ἁμαρτήμασι,
3021 1019 3439 1092 συναισθόμενος
3488 1019 3678 1074 ἑαυτοῦ
3725 1019 3863 1088 ἀξίου

2224 1105 2377 1173 ὄντος
2420 1115 2520 1178 τῆς
2565 1109 2616 1164 ἐν
2668 1102 2854 1185 ῥάϐδῳ
2885 1108 2976 1163 καὶ
3011 1111 3226 1184 μάστιγι
3278 1107 3629 1186 ἐπιστροφῆς,
3663 1107 3863 1183 φεύγων

2220 1200 2322 1268 τὴν
2381 1197 2670 1272 ἁμαρτίαν,
2729 1197 2806 1260 ὡς
2859 1194 2998 1268 ὕλην
3054 1195 3356 1264 κολάσεως,
3401 1197 3581 1272 φεύγει
3638 1197 3714 1258 ὡς
3771 1196 3868 1251 ἀπὸ

2224 1286 2426 1365 φλογὸς
2455 1287 2774 1360 καιομένης.
2807 1285 2905 1340 Καὶ
2935 1287 3059 1341 τότε
3115 1287 3167 1341 οἱ
3222 1284 3663 1362 καταλειφθέντες
3727 1284 3869 1340 ἴσον·

2221 1397 2310 1432 ται
2343 1377 2597 1451 ἀριθμὸς,
2633 1378 2695 1430 ού
2729 1374 2896 1448 μόνον
2940 1373 3026 1430 διὰ
3073 1376 3135 1429 τὸ
3181 1375 3571 1451 εὐαρίθμητον,
3608 1375 3681 1437 ὡς
3743 1375 3868 1429 ἀπο-

2227 1463 2559 1538 δεδώκαμεν,
2589 1463 2734 1520 άλλά
2785 1465 2873 1518 καὶ
2928 1461 3016 1518 διὰ
3057 1464 3121 1519 τὸ
3173 1463 3368 1520 λοιπὸν
3419 1462 3555 1538 ἄξιοι
3606 1466 3744 1518 εἶναι
3798 1465 3868 1525 είς

2227 1556 2457 1631 ἀριθμὸν
2532 1548 3027 1627 ἀναλαμϐάνεσθαι.
3087 1555 3176 1617 Ὡς
3257 1554 3308 1608 ἐν
3380 1557 3450 1627 τῇ
3526 1548 3704 1628 βίϐλῳ
3772 1558 3870 1607 τῶν

2228 1645 2505 1716 Ἀριθμῶν
2559 1643 2887 1718 εὑρήκαμεν,
2937 1639 3126 1697 παιδία
3191 1643 3280 1696 καὶ
3336 1647 3591 1717 γυναῖκας
3644 1641 3735 1697 καὶ
3787 1643 3866 1718 γί-

2228 1752 2436 1806 ροντας,
2469 1731 2586 1787 ὅσοι
2615 1733 2714 1801 τὴν
2768 1729 3044 1807 ἄχρηστον
3096 1730 3147 1786 ἐν
3195 1731 3466 1805 πολέμοις
3499 1727 3718 1806 ἔχουσιν
3750 1730 3872 1800 ἡλι-

2227 1823 2368 1891 κίαν,
2419 1824 2506 1877 καὶ
2557 1823 2648 1877 τὸν
2693 1821 2978 1895 ἐπίμικτον
3035 1824 3110 1886 ὡς
3164 1820 3459 1898 ἀλλότριον
3505 1827 3603 1877 τοῦ
3655 1819 3867 1897 Ἰσραὴλ

2228 1908 2332 1982 ἔξω
2378 1912 2699 1985 ἀφιεμένους
2745 1916 2841 1965 τοῦ
2913 1913 3276 1984 ἀριθμεῖσθαι,
3326 1912 3761 1987 ἀριθμουμένους
3817 1909 3869 1966 δί

2225 2000 2352 2063 τοὺς
2384 2001 2488 2055 ἀπὸ
2521 2001 2865 2064 εἰκοσαετοῦς
2893 2002 2982 2055 καὶ
3017 2000 3198 2055 ἐπάνω
3229 1998 3487 2063 δυνατοὺς
3519 1999 3570 2056 ἐν
3619 1997 3864 2073 πολέμῳ.

2228 2091 2326 2144 Καὶ
2359 2092 2410 2144 o't
2443 2090 2790 2164 πρωτότοκοι
2844 2094 2941 2144 τοῦ
2973 2089 3193 2166 Ἰσραὴλ
3247 2089 3443 2153 πάντες
3501 2091 3865 2166 ἀριθμοῦνται,

2229 2180 2335 2234 ἀπὸ
2398 2178 2674 2252 μηνιαίου,
2706 2178 2797 2233 καὶ
2854 2178 3054 2237 ἐπάνω.
3086 2179 3325 2253 Ὁμοίως
3372 2179 3463 2234 καὶ
3521 2180 3575 2233 οἱ
3631 2184 3864 2247 Λευῖται,

2227 2267 2333 2322 ἀπὸ
2369 2267 2647 2340 μηνιαίου,
2681 2268 2768 2322 καὶ
2830 2266 3009 2322 ἐπάνω
3033 2289 3045 2302 ·
3075 2269 3162 2323 καὶ
3217 2269 3269 2324 οἱ
3317 2268 3754 2344 λειτουργοῦντες
3793 2270 3868 2322 is-

2231 2361 2342 2430 ρεῖς
2395 2353 2498 2417 ἕως
2549 2358 2888 2427 πεντήκοντα
2967 2356 3101 2412 ἐτῶν
3165 2357 3540 2432 ἀριθμοῦνται.
3601 2361 3764 2411 Ποῖον
3819 2353 3870 2412 δῖ

2227 2443 2444 2501 παιδίον
2493 2447 2690 2522 γράψει
2736 2445 2862 2508 τοὺς
2908 2445 3215 2519 τοιούτους,
3249 2445 3357 2522 οὐχ
3398 2447 3426 2500 6
3471 2447 3631 2521 ἀνὴρ,
3671 2443 3796 2500 οὐδὲ
3844 2445 3869 2498 ὁ

2228 2530 2534 2611 πρεσϐύτης
2567 2537 2713 2608 (37);
2746 2533 2939 2599 Οὐδεὶς
2979 2537 3204 2612 ἀντερεῖο
3255 2535 3382 2597 τοὺς
3423 2539 3772 2611 προεστῶτας
3825 2533 3872 2588 ἐν

2227 2628 2297 2698 τῇ
2347 2621 2666 2696 Ἐκκλησίᾳ,
2697 2622 2785 2679 διὰ
2821 2626 2884 2680 τὸ
2925 2625 2977 2679 ἐν
3032 2625 3225 2697 άκακίᾳ
3273 2622 3494 2699 διάγειν,
3535 2624 3625 2679 καὶ
3667 2621 3760 2679 διὰ
3817 2624 3872 2678 τὸ

2230 2714 2569 2769 πιστεύεσθαι
2612 2716 2726 2788 (38)
2759 2714 2904 2789 παρά
2952 2719 3060 2770 τῶν
3119 2714 3521 2789 ἡμαρτηκότων
3577 2715 3647 2768 τὰ
3704 2713 3874 2790 άπόρ-

2232 2804 2391 2880 ῥητα,
2425 2805 2497 2857 ὧν
2533 2801 2709 2864 οὐδεὶς
2765 2805 2988 2877 μάρτυς,
3021 2804 3067 2859 εἷ
3104 2805 3178 2877 μὴ
3213 2805 3241 2858 6
3271 2806 3338 2859 τὰ
3386 2803 3596 2879 κρυπτᾶ
3652 2803 3876 2858 ἑκάστου

2233 2890 2675 2968 διερευνώμενος.
2719 2893 2893 2956 Οὗτος
2941 2893 3135 2969 γράψει
3182 2895 3308 2956 τοὺς
3355 2893 3657 2961 τοιούτους,
3713 2892 3876 2948 οἱονεὶ

2233 2980 2635 3059 ἐξαλειφθὲντας
2691 2979 2781 3037 διὰ
2834 2989 2935 3052 τῆς
3004 2984 3273 3057 ἁμαρτίας
3307 3002 3320 3016 ·
3378 2982 3539 3038 πάλιν
3624 2981 3876 3058 ἐγγράψει

2230 3070 2357 3132 τοὺς
2386 3071 2475 3126 τὸν
2509 3070 2836 3145 ἐμπρησμὸν
2883 3071 3169 3146 φυγόντας,
3201 3073 3286 3126 καὶ
3337 3073 3436 3141 τὴν
3481 3069 3568 3126 διὰ
3613 3079 3722 3140 τῆς
3787 3091 3879 3145 με-

2232 3159 2450 3223 τανοίας
2473 3159 2756 3235 κάθαρσιν,
2788 3161 2956 3214 οἱονεὶ
2982 3165 3089 3237 πῦρ
3119 3159 3458 3215 ἆναλωτικὺν
3499 3167 3597 3229 τῆς
3651 3159 3881 3232 ἐνυπαρ-

472 3250 782 3322 perintque
811 3250 1291 3322 expurgationerr.
1327 3249 1665 3320 poenitentia
1698 3255 1923 3321 partam
1957 3249 2120 3319 quasi

2235 3247 2448 3324 χούσης
2497 3234 2634 3318 ὕλης
2692 3253 2799 3302 τῶν
2846 3234 3069 3322 κακῶν,
3102 3246 3455 3322 δε-ξαμένουςο
3504 3250 3701 3327 γράφει
3763 3248 3888 3310 τοὺς

470 3338 687 3410 ignem,
713 3343 861 3394 tales
892 3339 942 3394 is
971 3338 1062 3410 qui
1089 3338 1469 3393 inhaerentem
1497 3337 1784 3393 malorum
1820 3339 2126 3394 materiam

473 3427 756 3497 absumit,
788 3427 1122 3483 conscribit.
1166 3431 1277 3481 Aut
1323 3427 1570 3482 fortasse
1619 3427 1759 3497 quia
1789 3427 2131 3483 scribuntur

467 3515 528 3571 in
580 3515 728 3571 libro
777 3516 928 3578 vitae,
962 3523 1019 3570 et
1068 3533 1185 3570 una
1235 3515 1576 3585 cumjustis
1629 3515 2036 3570 inscribuntur
2065 3515 2126 3588 ii,

471 3604 571 3676 qui
604 3603 766 3676 digni
793 3608 952 3669 sunt,
984 3604 1081 3674 qui
1130 3603 1419 3660 Altissimi
1451 3604 1686 3659 dextera
1721 3610 2127 3675 numerentur,

469 3709 656 3763 operae
687 3693 941 3764 pretium
971 3693 1140 3748 fuerit
1163 3708 1334 3748 nosse
1367 3692 1523 3747 hunc
1546 3692 1963 3748 salvandorum
1988 3695 2130 3748 scri-

470 3781 628 3848 bam,
655 3781 754 3852 qui
779 3781 963 3852 justis
998 3782 1104 3836 fert
1135 3797 1327 3852 opem,
1361 3798 1426 3837 ac
1459 3781 1698 3836 nomina
1725 3798 1928 3836 eorum
1965 3782 2067 3852 qui
2097 3800 2131 3839 a

470 3871 671 3942 pravis
703 3871 980 3942 operibus
1008 3870 1387 3942 resipiscunt,
1412 3870 1470 3924 in
1497 3869 1775 3925 cmlorum
1801 3870 1950 3926 libro
1980 3870 2131 3927 inse-

475 3960 574 4015 rit.
603 3959 836 4015 Gaudete
857 3960 1036 4030 enim,
1060 3959 1273 4030 inquit,
1297 3959 1437 4030 quod
1465 3961 1695 4015 nomina
1717 3968 1897 4015 ves/ra
1918 3963 2131 4029 scripta

469 4052 598 4104 sunt
646 4051 705 4104 in
762 4049 996 4105 catis“.
1029 4049 1312 4112 Quisnam
1368 4048 1550 4120 igitur
1603 4065 1748 4121 puer
1808 4050 2130 4120 proborum

483 4138 725 4194 nomina
758 4139 818 4193 in
843 4138 1004 4194 caelis
1026 4139 1282 4194 scribere
1303 4139 1537 4209 potest?
1559 4139 1762 4194 Nonne
1788 4138 1902 4209 ille,
1927 4139 1998 4193 de
2015 4155 2130 4210 quo

487 4228 709 4283 dictum
741 4231 830 4284 est
861 4245 873 4282 :
905 4229 1178 4283 Parvulas
1205 4235 1368 4283 natus
1395 4231 1473 4282 est
1500 4229 1684 4294 nobis,
1717 4227 1866 4296 ﬁlius
1894 4230 1944 4282 et
1973 4227 2132 4283 datus

473 4319 558 4370 est
587 4316 742 4371 nobis
763 4315 852 4369 ⁸⁸⁸2
881 4315 1029 4371 Puer
1071 4316 1171 4371 ille
1217 4321 1324 4386 est,
1357 4331 1534 4386 quem
1586 4316 1899 4371 adoravere
1934 4317 2129 4388 magi;

2233 3338 2630 3399 τοιούτους.“Η
2669 3337 2811 3413 τάχα
2849 3335 3036 3407 ἐπειδὴ
3087 3338 3138 3392 ἐν
3192 3333 3373 3412 βίϐλῳ
3425 3344 3568 3408 ζωῆς
3758 3339 3888 3415 γρά-

2243 3447 2458 3505 φονται,
2493 3426 2582 3481 καὶ
2613 3432 2730 3489 τοῖς
2762 3424 2995 3491 δικαίοις
3025 3429 3472 3503 συνεγγράφονται
3529 3428 3578 3482 οἱ
3624 3425 3768 3498 ἄξιοι
3798 3432 3890 3481 τοῦ

2242 3516 2591 3590 ἀριθμεῖσθαι
2657 3516 2802 3591 παρὰ
2857 3523 2958 3586 τῆς
3014 3513 3188 3587 δεξιᾶς
3261 3521 3356 3571 τοῦ
3395 3518 3685 3590 Ὑψίστου,
3750 3516 3893 3587 ἄξιόν

2242 3605 2353 3659 ἐστι
2411 3611 2603 3675 νοῆσαι
2666 3608 2778 3679 (40)
2828 3604 3034 3682 γραφέα
3081 3606 3192 3659 τῶν
3246 3605 3604 3678 σωζομένων,
3665 3626 3894 3660 συνανα-

2243 3688 2588 3767 λαμϐάνοντα
2665 3700 2782 3756 τοῖς
2861 3692 3114 3761 δικαίοις,
3173 3695 3265 3749 καὶ
3323 3694 3792 3770 ἐγκατατάσσοντα
3838 3697 3901 3749 τὰ

2243 3781 2487 3855 ὀνόματα
2514 3788 2622 3837 τῶν
2656 3783 3083 3862 ἐπιστρεφόντων
3116 3783 3222 3838 ἀπὸ
3251 3788 3358 3840 τῶν
3399 3788 3656 3860 πονηρῶν
3723 3782 3896 3861 ἔργων

2241 3870 2292 3926 ἐν
2332 3875 2402 3945 τῇ
2462 3867 2645 3945 βίϐλῳ
2695 3878 2803 3927 τῶν
2859 3872 3125 3948 οὐρανῶν.
3157 3875 3386 3949 Χαίρετε
3432 3873 3554 3950 γὰρ,
3589 3873 3784 3951 φησὶν,
3818 3874 3897 3927 δτι

2236 3960 2304 4014 τὰ
2369 3960 2612 4034 ὀνόματα
2665 3961 2817 4035 ὑμῶν
2873 3961 3234 4038 ἐγγέγραπται
3295 3962 3346 4018 ἐν
3422 3968 3540 4025 τοῖς
3613 3963 3894 4037 οὐρανοῖς.

2241 4054 2408 4104 Ηοῖον
2441 4047 2540 4103 οὖν
2572 4047 2790 4105 παιδίον
2831 4049 2882 4106 ἐν
2914 4057 3030 4114 τοῖς
3069 4052 3320 4128 ούρανοῖς
3373 4051 3593 4130 γράφειν
3643 4052 3715 4106 τὰ
3777 4051 3897 4106 6V6-

2245 4159 2386 4210 ματα
2418 4135 2638 4193 δύναται
2691 4144 2801 4196 τῶν
2857 4138 3176 4215 εὐδοκίμων,
3209 4143 3244 4212 ἢ
3276 4143 3399 4216 περὶ
3429 4141 3490 4195 οὗ
3544 4137 3783 4216 ἐλέχθη,
3817 4141 3895 4195 ὅτι

2240 4224 2467 4284 Παιδίον
2547 4226 2806 4305 ἐγεννήθη
2883 4233 3064 4304 ἡμῖν,
3129 4231 3243 4292 υίὸς
3318 4230 3406 4285 καὶ
3482 4227 3640 4300 ἐδόθη
3706 4233 3898 4303 ἡμῖν,

2243 4316 2413 4371 ἐκεῖνο
2459 4316 2523 4372 τὸ
2567 4315 2808 4389 παιδίον,
2842 4319 2871 4373 ’ὀ
2921 4319 2973 4374 οἱ
3027 4320 3189 4396 μάγοι
3237 4319 3664 4396 προσεκύνησαν,
3702 4320 3902 4391 ἐκεῖνο,

539 4473 583 4509 ⁸³
617 4473 792 4529 Num.
828 4491 868 4544 1,
897 4474 956 4541 2,
986 4475 1052 4542 3;
1095 4491 1248 4546 xxxx,
1280 4477 1335 4530 2.
1411 4477 1456 4510 ⁸²
1493 4475 1669 4534 Νυω.
1704 4493 1792 4544 ιιι,
1823 4477 1913 4532 40.
1991 4478 2037 4513 ⁸³
2064 4477 2120 4534 ib

2243 4479 2327 4536 15.
2406 4479 2453 4516 ⁸⁴
2482 4479 2658 4538 Num.
2693 4497 2772 4552 xv,
2805 4482 2860 4536 3.
2935 4481 2981 4516 ⁸⁸
3009 4481 3146 4538 Luc.
3177 4499 3232 4538 κ,
3267 4483 3356 4538 20.
3432 4483 3477 4518 ⁸⁵
3509 4483 3622 4539 Isa.
3652 4499 3743 4550 rx,
3773 4485 3829 4539 6.

561 4632 651 4708 ἓξ)
678 4635 921 4708 yeteres
953 4632 1178 4708 aliquot
1205 4634 1365 4701 libri,
1402 4631 1541 4708 μηδὲ
1572 4635 1706 4708 πρρς
1736 4633 1819 4692 τό.

561 4704 652 4775 35)
676 4704 828 4758 Editi
844 4709 908 4781 et
928 4704 1111 4760 nostri
1135 4708 1237 4781 sed
1263 4704 1430 4777 mss.',
1451 4707 1549 4781 τὴν
1572 4704 1908 4776 κολάζουσαν
1933 4707 2122 4781 σάρκα,

468 4790 686 4852 carnem
717 4778 1099 4852 castigantem.
1125 4780 1233 4852 Sed
1266 4796 1375 4834 vox
1401 4777 1734 4848 κολάζουσαν
1760 4782 1896 4852 jure
1927 4777 2128 4852 suspe-

469 4853 563 4924 cta
587 4849 818 4924 videtur
839 4850 1229 4924 Combetisioi;
1245 4869 1346 4922 pro
1369 4869 1485 4923 qua
1508 4870 1620 4907 non
1643 4849 1864 4908 invitus
1886 4849 2124 4924 legeret,

469 4915 893 4988 κολακεύουσαν,
925 4937 1151 4976 carnem
1182 4915 1571 4980 blandientem.
1617 4925 1733 4988 Ego
1783 4915 1978 4979 autem
2012 4915 2123 4979 du?

470 4990 1000 5068 biumnon‘habeo
1033 4995 1175 5063 quin
1220 4995 1313 5048 hic
1356 4997 1518 5052 locus
1548 5013 1616 5051 ex
1648 4990 1920 5068 Frocopio
1953 4996 2124 5050 resti-

470 5064 1067 5139 tuendus‘sittnpud
1125 5082 1321 5139 quem,
1373 5085 1502 5139 pag.
1551 5069 1672 5134 170,
1725 5064 2119 5139 ἱιωιθεῑῐυιιε

512 5130 656 5214 εύῖει
681 5133 781 5214 ﬁt?
804 5130 1525 5214 κολριζφρςξαν’φλόγα,]υξιί
1546 5130 1799 5214 ultricem
1817 5130 2120 5209 ﬂanvzmam.

521 5211 745 5281 ostrum
767 5207 875 5262 hoc
894 5207 1188 5281 judicium
1213 5207 1463 5281 mirifice
1481 5207 1831 5281 confirmant
1854 5228 1981 5281 quae
2006 5228 2121 5266 non

467 5277 550 5356 ita
581 5277 766 5356 multo
799 5277 929 5356 post
959 5279 1256 5356 leguntur,
1291 5280 1470 5356 φεύγει
1496 5281 1570 5342 ὡς
1603 5279 1706 5356 citro
1739 5277 1944 5355 φλογὸς
1969 5302 2120 5356 καιο-

473 5349 680 5423 utvnq,
693 5352 837 5423 fugit
875 5349 1040 5423 quasi
1065 5369 1102 5406 a
1129 5349 1354 5423 ﬂamma
1399 5349 1610 5423 urente.
1645 5349 1790 5423 Nam
1835 5349 2120 5423 posterio-

468 5421 635 5497 ribus
667 5421 769 5476 his
789 5422 982 5478 verbis
1004 5423 1075 5477 ad
1109 5421 1302 5497 priora
1325 5423 1446 5489 illa,
1469 5422 1556 5476 καὶ
1587 5427 1655 5496 τῇ
1690 5421 1989 5497 ἐπιστροφῇ
2021 5425 2116 5493 τήν

467 5489 824 5559 κολάζουσαν,
858 5498 994 5560 etc.,
1029 5489 1372 5565 scriptorem
1416 5489 1681 5550 nostrum
1727 5489 1990 5552 alludere
2017 5489 2120 5553 ob-

469 5579 710 5640 scurum
743 5569 992 5640 nonest:
1018 5569 1094 5640 Ex
1123 5581 1240 5640 quo
1271 5567 1422 5640 effici
1454 5567 1703 5640 videtur,
1735 5571 1798 5622 ut
1827 5585 1930 5640 pro
1953 5567 2121 5640 σάρκα

467 5634 585 5720 legi
615 5639 880 5720 oporteat
929 5633 1414 5720 elevat-alioquin
1445 5640 1602 5720 enim
1655 5633 2119 5720 alter-locus'ad

469 5706 719 5763 alterum
745 5706 952 5764 referri
969 5706 1082 5765 non
1117 5706 1332 5781 posset.
1365 5710 1698 5768 Leetionem
1717 5711 2011 5784 vulgatam
2043 5714 2115 5771 ob

2157 4647 2204 4712 1)
2237 4641 2499 4716 veterum
2528 4638 2815 4716 librorum
2839 4642 3253 4716 auctoritatem
3273 4642 3508 4699 retineri
3533 4660 3714 4716 posse
3745 4647 3903 4702 arbi-

2236 4710 2372 4766 trati
2395 4727 2635 4781 sumus;
2654 4715 2704 4769 si
2727 4713 3219 4786 prius,quomodo
3241 4714 3407 4772 locus
3424 4710 3638 4788 corrigi
3655 4719 3897 4788 debeat,

2235 4798 2632 4839 moneremus.

2305 4855 2420 4935 (36)
2452 4855 2556 4935 Sic
2592 4855 2821 4935 codices
2839 4859 3006 4935 __tres.
3042 4856 3154 4912 Alii
3203 4855 3477 4935 totidem,
3516 4857 3900 4935 καταλειφθῆ-

2234 4925 2685 5003 ναιιέίεῑξειὶειιιε
2705 4932 2804 4983 est.
2839 4927 3008 5003 Ediiti,
3039 4925 3588 5003 προκαταληφθῆναι.

2305 4997 2420 5074 (ξῖ)
2447 4999 2689 5074 {antiqui
2720 5005 2838 5054 tres
2873 4995 3026 5068 libri,
3056 4995 3182 5055 οὐδὲ
3213 4999 3241 5052 ὁ
3267 4995 3522 5074 negasse

2304 5069 2418 5140 (38)
2447 5069 2621 5145 E_dit_i‘
2656 5075 2734 5145 et_
2771 5080 2884 5145 tres
2941 5090 3128 5145 mss”,
3158 5069 3522 5136 πιστεύεσθαι.
3569 5073 3684 5145 Alii
3749 5079 3903 5145 tres,

2232 5138 2668 5215 ἐμπιστεύεσθάι.
2712 5141 2951 5215 Insigne
2997 5138 3405 5200 testimonium
3455 5147 3514 5201 in
3565 5144 3664 5201 his
3696 5138 3904 5203 verbis

2231 5212 2515 5289 contineri
2547 5212 2958 5289 arbitramur:
2995 5233 3132 5288 quo,
3166 5216 3216 5272 si
3243 5235 3275 5272 a
3308 5217 3690 5289 praejudicata
3723 5220 3904 5275 omni

2231 5284 2505 5355 opinione
2545 5284 2694 5341 liber
2723 5287 2801 5342 sit
2831 5284 3085 5356 animus,
3119 5284 3506 5345 confessionis
3536 5290 3907 5348 auricularis

2231 5357 2551 5431 antiquitas
2583 5363 2781 5431 aperte
2814 5359 3045 5431 probari
3078 5360 3283 5431 possit.

2301 5424 2415 5555 (39)
2447 5429 2542 5512 Sic
2573 5424 2760 5486 nostri
2800 5424 2952 5514 mss:
2976 5424 3202 5488 omnes.
3236 5430 3408 5497 Editi,
3443 5427 3493 5482 ἐν
3533 5424 3718 5505 βίϐλῳ
3757 5431 3903 5503 (uiv-

2301 5521 2358 5553 ιν.
2422 5500 2615 5555 bidem
2649 5500 2787 5555 Rea.
2820 5507 3054 5555 tertius-
3086 5501 3462 5555 ἐγγράφονται.

2226 5500 2615 5580 των-,Αξὺλᾲφῳ
2649 5500 2787 5580 Reg.
2820 5501 3054 5580 tertius,
3069 5501 3462 5580 ἐγγράφονται.

2263 5642 2274 5653 ο
2299 5571 2412 5643 (40)
2441 5573 2617 5653 Εάίῐὶ,
2648 5571 2840 5653 νοῆσαι
2871 5571 3046 5653 ﬁliis.
3065 5571 3276 5653 Séd'ip'
3300 5575 3460 5653 nullo
3478 5574 3688 5653 codice
3721 5592 3906 5653 repe-

2228 5645 2342 5699 rire
2373 5648 2464 5700 est
2483 5660 2692 5722 vocem
2721 5647 2891 5720 ἡμᾶς.
2923 5645 3041 5704 Ηοο
3072 5646 3201 5722 ipso
3229 5647 3290 5705 in
3319 5647 3445 5705 loco
3476 5646 3618 5720 Reg.
3644 5645 3904 5722 tertius,

2228 5713 2553 5796 συγγραφέα.
