4118 6220
278 387 396 453 849

1120 387 1521 452 COMMENT.
1573 387 1648 450 IN
1697 389 1964 450 ISAIAM
2009 387 2513 453 PHOPHE'I‘AM.
2559 389 2728 453 CAP.
2778 394 2851 453 X.

3563 393 3685 460 εεο

281 520 310 574 ὃ
337 518 605 589 κατῆλθεν
632 519 708 581 εἷς
746 519 1039 596 Αἴγυπτον,
1071 519 1160 573 καὶ
1189 518 1460 588 ἐπανῆλθε
1490 520 1654 574 πάλιν
1701 519 1776 582 είς
1822 520 1920 586 τήν

2047 521 2156 590 ille,
2191 524 2286 593 qui
2323 525 2622 577 descendit
2669 525 2724 578 in
2777 529 3110 594 Aigvplum,
3146 531 3202 580 et
3248 527 3420 581 rediit
3465 527 3678 582 iterum

273 615 382 684 γῆν
419 606 673 684 Ἰσραήλ;
706 606 942 663 Πολλῶν
978 607 1068 663 οὖν
1101 606 1355 663 ἐπινοιῶν
1389 608 1562 662 οὐσῶν
1593 612 1689 663 τοῦ
1722 608 1925 682 Κυρίου

270 700 440 771 ἡμῶν
469 696 561 753 καὶ
596 703 858 772 Σωτῆρος
889 699 1068 769 ’ῐηςοῦ
1113 699 1347 771 Χριστοῦ
1394 699 1527 771 (41),
1559 695 1613 752 ἓν
1663 697 1773 752 ἐστι
1819 701 1925 752 τῶν

270 787 394 843 κατ’
424 786 588 841 αὐτὸν
623 787 930 859 νοουμὲνων
988 785 1078 841 καὶ
1135 787 1197 840 τὸ
1251 784 1467 840 παιδίον
1500 787 1530 840 ’ὁ
1578 785 1772 860 γράψει
1801 785 1928 848 τοὺς

273 874 731 952 προσεχομὲνους
776 874 865 930 διὰ
890 882 990 946 τῆς
1025 873 1418 949 μετανοίαςξίτῇ
1467 878 1564 930 τοῦ
1621 879 1752 930 Θεοῦ
1809 872 1933 928 ἐπι-

270 965 497 1041 γνώσει.

346 1109 498 1164 245.
558 1105 660 1164 Καὶ
734 1104 881 1161 ἔσται
961 1106 1012 1161 ἰν
1070 1111 1138 1180 τῇ
1214 1107 1398 1182 ἡμέρᾳ
1468 1105 1694 1181 ἐκείνῃ,
1753 1105 1933 1161 οὐκέτι

274 1197 703 1272 προστεθήσεται
781 1196 842 1250 τὸ
915 1195 1272 1270 καταλειφθὲν
1349 1199 1446 1250 τοῦ
1528 1193 1748 1269 Ἰσραὴλ
1783 1237 1797 1264 ,
1841 1195 1932 1250 καὶ

277 1287 334 1341 οἱ
418 1283 676 1349 σωθέντες
758 1288 856 1338 τοῦ
921 1279 1116 1340 Ἰακὼό
1197 1284 1376 1340 οὐκιτι
1453 1285 1528 1356 μή
1616 1279 1935 1347 πεποιθότες

275 1374 415 1430 ὦσιν
493 1372 581 1429 ἐπὶ
655 1373 782 1435 τοὺς
859 1369 1224 1444 ἀδικήσαντας
1312 1371 1554 1442 αὐτοὺς,
1613 1371 1740 1428 ἀλλ’
1790 1369 1934 1428 ἔσον-

274 1483 370 1520 ται
425 1463 747 1525 πεποιθότες
800 1461 888 1517 ἰπὶ
943 1463 1036 1517 τὸν
1125 1461 1253 1518 Θεὸν
1311 1461 1401 1516 τὸν
1465 1463 1614 1536 ἅγιον
1674 1466 1770 1516 τοῦ
1826 1465 1932 1519 Ἰσ-

279 1551 432 1628 ραήλ
516 1554 585 1617 τῆ
667 1550 900 1622 ἀληθεὶᾳ
933 1592 944 1606 .
1007 1549 1109 1608 Καὶ
1205 1546 1350 1605 ἔσται
1433 1550 1495 1606 τὸ
1580 1549 1934 1625 καταλειφθὲν

281 1645 388 1697 τοῦ
466 1634 662 1696 Ἰακὼϐ
745 1637 832 1695 ἐπὶ
916 1639 1044 1694 Θεὸν
1127 1639 1392 1714 ἱσχύοντα
1425 1681 1436 1694 .
1499 1643 1694 1716 Σαφῶς
1769 1643 1936 1694 ταῦτα

286 1729 383 1786 ἐπὶ
458 1729 587 1792 τοὺς
650 1729 1043 1806 ἀφισταμένους
1130 1731 1228 1796 τῆς
1313 1733 1554 1803 πονηρᾶς
1634 1727 1885 1804 ἐργασίας
1919 1772 1934 1799 ,

286 1819 381 1875 καὶ
470 1819 843 1893 μετατιθέντας
925 1817 1011 1872 ἐπὶ
1093 1818 1222 1874 Θεὸν
1313 1823 1486 1888 ζῶντα
1564 1819 1662 1887 τὴν
1733 1819 1933 1873 ἑαυτῶν

2035 610 2096 664 in
2153 617 2368 667 terram
2428 612 2605 668 Israel
2627 613 2692 668 ⁸⁷.
2724 614 2927 684 Itaque
2988 615 3254 670 notiones
3311 619 3381 671 de
3443 618 3684 673 Domino

2037 705 2239 756 nostro
2270 705 2327 756 et
2369 701 2666 756 Servatore
2715 701 2856 757 Jesu
2889 702 3118 759 Christo
3151 703 3347 759 multa:
3379 720 3511 759 cum
3544 705 3684 773 sint,

2039 803 2159 841 una
2188 803 2388 843 earum
2429 793 2486 844 et
2527 787 2628 843 illa
2657 793 2748 844 est
2779 805 2792 843 :
2829 806 2975 860 puer
3003 795 3113 858 est,
3149 791 3246 862 qui
3291 791 3559 847 inscribit
3587 803 3714 847 eos'

2041 876 2139 946 qui
2200 892 2302 948 per
2353 875 2752 948 pcenitsntiam
2800 879 2872 933 ad
2928 878 3030 933 Dei
3080 879 3473 952 cognitionem
3523 895 3688 938 acce-

2040 964 2206 1018 dunL

2113 1107 2266 1163 566
2296 1107 2420 1164 245.
2445 1102 2618 1165 Vens.
2653 1111 2743 1179 20,
2775 1110 2864 1165 21.
2895 1111 2960 1165 Et
3009 1111 3117 1166 erit
3163 1111 3220 1166 in
3269 1111 3362 1168 die
3409 1115 3537 1182 illa,
3577 1131 3688 1172 non

2042 1197 2195 1251 ultra
2227 1197 2522 1267 adjicietur
2562 1199 2837 1254 residuum
2883 1199 3070 1268 Israel,
3101 1208 3155 1255 et
3184 1202 3282 1270 qui
3307 1204 3452 1257 salvi
3477 1206 3690 1272 fuerint

2040 1302 2110 1341 ex
2137 1287 2299 1341 Jacob
2348 1303 2459 1342 non
2503 1287 2662 1342 ultra
2707 1288 2967 1357 ﬁduciam
3010 1289 3284 1344 habebunt
3332 1292 3392 1344 in
3435 1292 3548 1346 illis
3595 1293 3693 1362 qui

2043 1376 2188 1446 ipsos
2235 1375 2450 1443 injuria
2497 1377 2826 1447 aﬂ'ecerunt;
2868 1377 2959 1432 sed
3006 1377 3261 1446 ﬁduciam
3312 1379 3583 1436 habebunt
3629 1382 3692 1437 in

2044 1465 2147 1519 Deo
2177 1472 2367 1521 sancto
2395 1465 2574 1520 Israel
2607 1467 2664 1520 in
2693 1466 2947 1521 veritate.
2979 1466 3042 1522 Ει
3073 1467 3180 1521 erit
3219 1466 3498 1522 residuum
3523 1469 3690 1525 Jacob

2044 1554 2105 1606 in
2156 1554 2322 1608 Deum
2373 1557 2590 1624 fortem.
2627 1553 2755 1608 Hanc
2812 1553 3036 1626 liquido
3096 1556 3428 1611 referuntur
3473 1559 3546 1613 ad
3593 1574 3694 1615 eos

2045 1642 2146 1713 qui
2179 1657 2241 1698 se
2271 1643 2343 1698 ab
2392 1658 2566 1714 opere
2615 1658 2790 1714 pravo
2839 1643 3192 1698 submovent
3223 1651 3279 1698 et
3309 1661 3473 1715 spem
3522 1662 3694 1703 suam

2045 1730 2408 1787 transferunt
2438 1731 2496 1786 in
2529 1731 2713 1787 Deum
2742 1731 3061 1787 viventem.
3088 1731 3395 1789 Enimvero
3415 1751 3546 1790 cum
3570 1751 3700 1806 pec-

2046 1837 2271 1886 camus,
2298 1821 2567 1876 hostibus
2589 1821 2971 1892 adjungimus
2993 1837 3098 1876 nos
3118 1821 3297 1892 ipsos,
3320 1828 3375 1878 et
3403 1823 3463 1878 in
3495 1823 3568 1880 iis
3593 1824 3695 1895 qui

282 1891 514 1977 ἐλπίδα,
560 1910 660 1978 τὴν
721 1908 990 1985 ἀναφορὰν
1051 1905 1190 1982 ἔχει.
1252 1909 1655 1983 Ιῐροστιθὲμεθα
1712 1905 1769 1962 δὲ
1825 1910 1936 1982 (42)

2049 1910 2217 1966 nobis
2247 1910 2524 1980 injuriam
2557 1908 2834 1975 inferunt,
2865 1909 3139 1964 ﬁduciam
3171 1911 3534 1981 reponimus.
3570 1912 3688 1968 Cir-

281 1999 342 2053 ol.
374 1999 773 2072 ἁμαρτάνοντες
823 2001 940 2059 τοῖς
988 1995 1302 2069 πολεμίοις,
1333 1996 1421 2051 καὶ
1466 1996 1796 2070 πεποίθαμεν
1849 1996 1938 2052 ἐπὶ

280 2091 408 2148 τοῖς
435 2082 710 2140 ἀδικοῦσιν
742 2087 910 2157 ἡμᾶς.
941 2084 1192 2160 Πονηρός
1229 2106 1314 2147 τις
1363 2084 1708 2160 περιέρχεται
1741 2083 1935 2158 δαιμό-

279 2196 394 2230 νων
440 2175 691 2249 στρατὸς,
721 2173 808 2228 διὰ
854 2179 961 2228 τῶν
1002 2177 1101 2239 τῆς
1150 2171 1354 2244 ἡδονῆς
1404 2171 1784 2246 δελεασμάτων
1841 2175 1937 2237 τὰς

281 2264 468 2340 ψυχὰς
505 2267 668 2337 ἡμῶν
695 2263 1216 2340 καταστρεφόμενος.
1249 2261 1476 2324 Τούτοις
1535 2264 1937 2338 προστιθέντες,

287 2354 476 2428 ὥσπερ
506 2350 694 2415 παῖδες
729 2353 950 2423 ἀνόητοι
990 2358 1107 2414 τοῖς
1139 2348 1616 2428 ἀνδραποδισταῖς,
1647 2353 1697 2406 οἳ
1730 2349 1940 2406 πολλά-

283 2463 374 2506 κις
432 2442 656 2519 παίγνιά
704 2463 827 2497 τινα
872 2439 1096 2496 παιδικὰ
1169 2438 1540 2517 προδείξαντες
1597 2440 1936 2512 ἐξηπάτησαν

286 2531 417 2595 τοὺς
472 2529 688 2600 παῖδας,
723 2531 811 2587 καὶ
867 2529 1057 2606 πόρρω
1114 2532 1440 2600 ποιήσαντες
1484 2535 1589 2585 τῶν
1637 2529 1934 2608 ὀφθαλμῶν

283 2625 395 2676 τῶν
428 2624 730 2696 πατρικῶν,
764 2617 852 2674 διὰ
874 2626 973 2688 τῆς
1005 2619 1056 2673 ἐν
1104 2617 1277 2692 ὀλίγῳ
1305 2619 1542 2692 τέρψεως
1587 2620 1783 2693 πικρὰν
1838 2621 1940 2674 αὐ-

285 2716 407 2771 τοῖς
463 2709 852 2765 κατεσκεύασαν
910 2706 1179 2762 δουλείαν.
1243 2709 1621 2783 Προστιθὲντες
1677 2711 1789 2782 (43)
1845 2707 1934 2763 οὖν

286 2799 531 2854 κάκεῖνοι
561 2804 678 2860 τοῖς
729 2795 995 2866 ἀδικοῦσι,
1022 2798 1109 2851 καὶ
1143 2799 1308 2870 ἡμεῖς
1335 2798 1413 2869 τῷ
1462 2794 1784 2870 δελεάσματι
1839 2805 1940 2867 τῆς

287 2886 496 2960 ἡδονῆς
520 2883 904 2963 προσέχοντες,
941 2884 1284 2962 μακρύνομεν
1344 2884 1565 2948 ἑαυτοὺς
1619 2885 1724 2939 ἀπὸ
1781 2890 1937 2956 Θεοῦ,

284 2977 479 3051 καὶτῇ
523 2975 715 3051 βαρείᾳ
767 2972 1037 3052 τυραννίδι
1095 2979 1192 3030 τοῦ
1247 2974 1622 3050 ἀπαραιτήτου
1676 2971 1938 3047 δαίμονος

291 3067 518 3128 ἑαυτοὺς
551 3060 967 3138 ὑποϐάλλομεν·
991 3065 1051 3126 ὸς
1102 3061 1289 3132 ἐπειδὴ
1321 3061 1646 3138 κατάκριτός
1695 3062 1805 3118 ἐστι
1861 3068 1938 3136 τῷ

292 3155 504 3228 αῗωνίῳ
535 3155 689 3231 πυρὶ,
737 3153 985 3216 πολλοὺς
1028 3152 1326 3231 φιλονεικεῖ
1363 3150 1508 3227 ἔχειν
1561 3152 1687 3214 τοὺς
1738 3173 1938 3228 συγκα-

2048 1999 2168 2054 cuit
2198 1998 2504 2070 improbus
2534 1997 2774 2068 quidam
2799 1999 3126 2053 daemonum
3157 1999 3573 2071 exercitus,qui
3605 2017 3697 2056 vo-

2049 2087 2296 2160 luptatis
2329 2086 2620 2142 illecebris
2649 2086 2880 2142 animas
2918 2091 3152 2141 nostras
3181 2091 3425 2143 evertat.
3463 2089 3559 2144 His
3589 2091 3695 2146 ad-

2040 2176 2372 2248 jungimur,
2397 2175 2636 2247 perinde
2657 2179 2723 2229 ut
2748 2175 2909 2246 pueri
2932 2176 3107 2230 rudes
3129 2191 3195 2230 ac
3215 2175 3470 2247 imperiti
3490 2178 3698 2248 adjun-

2049 2270 2196 2337 gunt
2217 2281 2278 2321 se
2300 2263 2620 2336 plagiariis,
2639 2263 2738 2334 qui
2760 2263 3097 2334 crepundiis
3120 2263 3477 2334 quibusdam
3505 2270 3694 2320 osten-

2049 2355 2132 2410 sis
2165 2353 2511 2426 plerumque
2542 2367 2752 2424 pueros
2785 2351 3080 2422 decepere,
3103 2356 3158 2406 et
3190 2353 3388 2422 procul
3424 2370 3457 2407 a
3487 2369 3694 2425 paren-

2048 2448 2172 2500 tum
2206 2441 2391 2498 oculis
2423 2441 2728 2506 abductos,
2763 2455 2861 2511 per
2892 2441 3120 2496 brevem
3153 2439 3603 2498 oblectationem
3633 2443 3692 2498 in

2047 2547 2308 2588 amaram
2341 2534 2671 2601 pertraxere
2698 2528 3058 2584 servitutem.
3085 2528 3498 2602 Adjunguntur
3519 2532 3696 2602 igitur

2046 2628 2103 2677 et
2131 2621 2216 2676 illi
2248 2637 2311 2676 se
2354 2617 2571 2689 injuria
2619 2617 3038 2685 efﬁcientibus;
3074 2634 3181 2674 nos
3212 2635 3442 2690 quoque
3491 2621 3562 2676 ad
3597 2638 3692 2677 vo-

2047 2709 2292 2781 luptatis
2322 2707 2566 2763 illicium
2600 2713 2856 2762 mentem
2888 2705 3268 2778 appellentes,
3299 2709 3693 2781 nosmetipsos

2047 2814 2220 2870 quam
2251 2795 2595 2867 longissime
2615 2794 3001 2850 subducimus
3023 2813 3056 2850 a
3077 2795 3216 2862 Deo,
3237 2813 3302 2850 ac
3336 2813 3441 2852 nos
3473 2800 3692 2854 acerba:

2047 2885 2423 2943 inexorabilis
2471 2883 2752 2940 damonis
2800 2882 3098 2954 tyrannidi
3146 2884 3496 2954 subjicimus
3539 2903 3552 2941 :
3592 2889 3693 2959 qui

2047 2993 2180 3032 cum
2213 2977 2290 3032 sit
2319 2973 2439 3046 igni
2462 2976 2696 3044 {aeterno
2731 2971 3024 3039 addictus,
3061 2971 3258 3043 plures
3290 2973 3570 3046 supplicii
3598 2978 3690 3033 sui

2047 3065 2235 3121 socios
2269 3063 2484 3118 habere
2521 3066 2784 3117 conatur.
2820 3059 3021 3131 Itaque
3051 3060 3121 3115 de
3151 3059 3225 3117 iis
3256 3078 3403 3133 quos
3451 3065 3694 3135 pcenitet

2048 3153 2196 3210 male
2228 3156 2512 3218 actorum,
2535 3150 2697 3219 dicit,
2721 3149 2877 3221 quod
2909 3149 2948 3203 ii
2975 3148 3075 3220 qui
3109 3149 3293 3205 relicti
3315 3156 3374 3207 et
3398 3151 3542 3208 salvi
3575 3155 3692 3211 fue-

286 3242 754 3318 ταδικαζομὲνους
805 3241 971 3314 αὐτῷ.
1020 3240 1150 3317 Περὶ
1212 3239 1303 3294 οὖν
1356 3245 1463 3294 τῶν
1527 3241 1932 3313 μετανοούντων

2047 3243 2186 3313 rint,
2219 3259 2334 3297 non
2357 3242 2483 3312 jam
2515 3239 2771 3310 amplius
2802 3238 3224 3310 adjungantur,
3259 3255 3363 3296 nec
3393 3239 3453 3296 in
3483 3240 3556 3298 iis
3588 3243 3692 3315 qui

290 3334 483 3407 φησὶν,
515 3331 600 3386 ὅτι
658 3331 841 3387 οὑκιτι
888 3331 1350 3404 προστεθήσονται
1400 3331 1451 3384 οἱ
1497 3329 1939 3407 καταλειφθέντες

287 3422 380 3478 καὶ
411 3423 467 3476 οἱ
497 3422 778 3491 σωθὲντες,
810 3416 936 3474 οὗδὶ
995 3420 1070 3492 μὴ
1128 3417 1487 3473 ἐπελπίσωσιν
1521 3421 1634 3492 (44)
1671 3417 1758 3473 ἐπὶ
1811 3419 1936 3483 τοὺς

292 3508 683 3580 ἀδικήσαντας,
717 3507 844 3564 ἀλλ’
893 3506 1100 3563 ἔσονται
1154 3509 1473 3571 πεποιθὸτες
1529 3507 1616 3562 ἐπὶ
1663 3509 1754 3562 τὸν
1809 3508 1935 3564 Θεὸν

291 3601 387 3656 τὸν
417 3601 568 3674 ἅγιον
608 3602 705 3653 τοῦ
736 3595 956 3672 Ἰσραὴλ
1002 3600 1071 3669 τῇ
1110 3595 1361 3666 ἀληθείᾳ.
1405 3597 1709 3670 Μακάριος,
1756 3598 1784 3651 ὸ
1833 3599 1935 3652 πά-

288 3710 388 3761 σης
422 3685 649 3751 ἐλπίδος
678 3691 784 3742 τῶν
813 3687 948 3740 κατὰ
970 3685 1062 3739 τὸν
1087 3684 1290 3758 κόσμον
1324 3688 1512 3739 τοῦτον
1563 3685 1746 3740 ἑαυτὸν
1798 3687 1934 3741 ἀπο-

284 3781 510 3850 στήσας,
542 3776 632 3832 καὶ
667 3777 837 3849 μόνην
872 3771 1017 3849 ἔχων
1045 3775 1236 3828 ἑαυτοῦ
1294 3770 1488 3828 ἐλπίδα
1516 3775 1607 3828 τὸν
1637 3777 1750 3848 (45)
1781 3775 1933 3834 Θεόν.

284 3869 373 3931 Ὧς
426 3867 532 3943 γὰρ
591 3865 1015 3939 Ἐπικατάρατος
1089 3863 1396 3938 ἄνθρωπος,
1452 3862 1512 3924 ὃς
1581 3863 1682 3931 τήν
1741 3861 1938 3919 ἐλπίδα

286 3953 403 4034 ἔχει
465 3956 550 4012 ἄπ’
579 3953 883 4027 ἄνθρωπον·
919 3951 1090 4014 οὕτως
1152 3948 1519 4026 εὐλογημένος
1577 3953 1605 4006 ὁ
1663 3950 1939 4029 ἐπιστηρι-

287 4047 515 4119 ζόμενος
573 4048 651 4115 τῷ
705 4041 921 4119 Κυρίῳο
954 4042 1042 4110 Μὴ
1106 4040 1288 4114 μέντοι
1340 4041 1517 4116 ἀργῶς
1575 4038 1934 4116 παραδράμῃς

281 4136 382 4203 τήν
444 4134 794 4208 προσθήκην.
860 4132 1111 4187 Ἔσονται
1167 4129 1270 4205 γὰρ
1306 4173 1320 4199 ,
1381 4130 1562 4206 φησὶ,
1619 4130 1937 4194 πεποιθότες

286 4222 371 4278 ἐπὶ
429 4223 522 4277 τὸν
579 4220 708 4276 Θεὸν
761 4219 852 4275 τὸν
909 4221 1060 4296 ἅγιον
1117 4223 1214 4273 τοῦ
1265 4216 1488 4293 Ἰσραὴλ
1554 4221 1622 4292 τῇ
1682 4219 1935 4291 ἀληθείᾳ.

287 4313 366 4368 Οὐ
394 4311 499 4388 γὰρ
533 4307 844 4384 ἐπιδίχεται
888 4307 1364 4385 ἐπαμφοτερισμὸν
1395 4309 1430 4376 ἡ
1464 4306 1541 4368 εἷς
1571 4308 1698 4362 Θεὸν
1755 4306 1936 4376 ἐλπὶς,

288 4400 412 4456 οὐδὲ
438 4397 798 4474 καταδέχεται
831 4399 860 4452 ὁ
893 4397 1088 4472 Κύριος
1136 4394 1447 4471 ὁλόκληρον
1505 4398 1605 4466 τὴν
1664 4399 1789 4473 παρ’
1822 4399 1939 4452 ἑαυ-

285 4495 381 4546 τοῦ
411 4491 674 4565 παρέχειν
741 4488 995 4562 βοήθειαν
1055 4485 1134 4558 τῷ
1182 4486 1315 4540 ποτὲ
1361 4486 1455 4558 μὲν
1510 4485 1596 4541 ἐπὶ
1653 4488 1933 4562 χρήμασιν

287 4579 576 4651 ἠλπικότι,
607 4578 700 4632 καὶ
731 4574 858 4650 δόξῃ
882 4574 1192 4650 ἀνθρωπίνῃ
1253 4576 1344 4629 καὶ
1398 4572 1622 4648 δυνάμει
1678 4580 1746 4650 τῇ
1805 4577 1939 4632 κατὰ

285 4671 517 4743 κόσμον,
549 4667 683 4722 ποτὶ
735 4662 794 4719 δὶ
835 4663 989 4719 σύτὸν
1042 4663 1116 4725 ὠς
1178 4660 1378 4718 ἐλπίδα
1426 4664 1617 4719 ἓαυτοῦ
1649 4665 1758 4737 (46)
1793 4685 1930 4740 προ-

288 4753 648 4829 ϐαλλομὲνῳ·
711 4751 858 4808 ἀλλὰ
917 4749 998 4807 δεῖ
1055 4751 1332 4822 ἀληθινῶς
1389 4751 1817 4808 ἐπαναπαύεσθαι
1862 4756 1932 4828 τῇ

291 4848 436 4923 παρά
486 4849 586 4900 τοῦ
643 4847 778 4899 Θεοῦ
822 4842 1068 4916 βοηθείᾳ.
1105 4840 1209 4896 Καὶ
1242 4837 1411 4907 ἔσται,
1444 4842 1599 4919 φησὶ,
1651 4842 1713 4896 τὸ
1770 4862 1934 4897 κατα-

295 4933 507 5014 λειφθὶν
593 4937 690 4988 τοῦ
747 4925 943 4987 Ἰακὼϐ
1024 4929 1112 4984 ἐπὶ
1187 4928 1316 4985 Θεὸν
1396 4929 1674 5005 ἰσχύοντα.
1742 4935 1936 5008 Σαφῶς

362 5148 405 5184 ’τ
434 5145 642 5204 Matth.
675 5161 739 5215 II,
770 5145 829 5199 11
863 5159 995 5216 sqq.
1071 5140 1116 5178 ⁸⁸
1143 5140 1263 5198 Jer.
1295 5156 1434 5212 xvn,
1465 5140 1520 5196 5.
1597 5138 1642 5176 ⁸ο
1672 5138 1839 5196 Rom.
1871 5155 1950 5209 x1,
1981 5139 2037 5195 5.

362 5371 471 5444 (41)
502 5367 892 5444 Codexunus,
914 5361 1138 5444 Kopiou
1161 5361 1322 5438 ἡμῶν
1356 5364 1534 5444 Ἰησοῦ
1578 5359 1937 5444 Χριστοῦικαὶ

296 5434 554 5516 Σωτῆρος
577 5443 733 5496 Θεοῦ.
764 5434 886 5516 Nec
909 5434 1217 5516 ila'multo'
1237 5443 1371 5512 post
1400 5434 1719 5516 tres_mss.,
1741 5434 1934 5508 γράψει

297 5505 487 5576 αὐτοῦς
521 5511 1032 5588 προσερχομένους.
1081 5510 1191 5566 Alii
1237 5505 1382 5576 tres,
1414 5509 1605 5585 γράψει
1646 5505 1935 5582 τοὺςπρο-

300 5583 772 5729 σεῗέἧιζδῖδυῐξίεε.
807 5653 1012 5729 nostri.
1048 5653 1194 5729 Editi
1227 5669 1382 5729 vero,
1416 5649 1540 5726 γάρ.

389 5662 470 5729 42)
503 5662 599 5714 Sic
630 5672 772 5712 mss.
807 5662 1012 5711 nostri.
1049 5662 1194 5709 Editi
1227 5669 1382 5720 vero,
1416 5662 1540 5726 γάρ.

363 5662 479 5807 ί43)
508 5727 749 5801 Antiqui
789 5742 890 5784 sex
929 5725 1085 5798 libri,
1116 5723 1513 5802 Προστιθιντες.
1548 5722 1724 5791 Editi,
1756 5725 1934 5798 Προσ-

2045 3332 2106 3387 in
2139 3348 2202 3388 se
2232 3330 2507 3402 injuriam
2549 3326 2813 3398 jecerint,
2848 3343 3011 3399 spem
3051 3343 3220 3383 suam
3253 3328 3557 3397 collocent,
3589 3333 3689 3388 sed

2051 3422 2161 3478 Deo
2193 3423 2394 3476 sancto
2439 3417 2617 3474 Israel
2647 3417 2705 3472 in
2734 3416 2976 3472 veritate
3001 3416 3317 3473 conﬁdant.
3359 3422 3566 3476 Beatus
3595 3420 3693 3478 ille

2046 3507 2447 3582 est,qui,omni
2472 3523 2574 3579 spe
2597 3521 2792 3561 rerum
2817 3506 3248 3561 mundanarum
3269 3524 3300 3562 a
3317 3523 3379 3563 se
3396 3508 3688 3582 submota,

2047 3600 2282 3656 unicam
2319 3613 2483 3670 spem
2515 3611 2682 3652 suam
2714 3594 2774 3648 in
2818 3594 3001 3650 Deum
3031 3594 3271 3650 confert.
3297 3598 3688 3662 Quemadmo-

2046 3692 2187 3744 dum
2221 3687 2377 3744 enim
2424 3685 2740 3741 Malediczus
2776 3686 2856 3740 est
2892 3683 3074 3750 homo,
3098 3686 3195 3754 qui
3238 3701 3389 3756 spem
3435 3687 3598 3744 habet
3629 3691 3689 3743 in

2046 3780 2267 3834 homine
2287 3776 2333 3811 ⁸⁸
2361 3792 2373 3829 :
2398 3775 2482 3829 ita
2500 3773 2841 3829 benedictus
2861 3774 3083 3843 est,qui
3117 3773 3388 3829 innititur
3417 3775 3684 3833 Domino.

2045 3869 2259 3923 Verum
2292 3880 2363 3919 ne
2394 3860 2786 3934 perfunctorie
2830 3860 3132 3916 transilias
3163 3877 3293 3932 quae
3324 3864 3691 3934 subjungun-

2045 3963 2144 4013 tur
2174 3953 2348 4009 verba
2378 3968 2391 4006 :
2427 3950 2710 4005 Fiduciam
2748 3948 2906 4003 enim
2950 3949 3161 4020 inquit,
3193 3949 3469 4006 habebunt
3499 3955 3558 4006 in
3588 3954 3693 4008 Deo

2043 4052 2225 4102 sancto
2275 4040 2442 4098 Israel
2474 4041 2534 4094 in
2565 4038 2806 4093 veritate.
2841 4038 2983 4109 Spes
3021 4037 3179 4093 enim
3227 4037 3285 4092 in
3337 4038 3452 4095 Deo
3504 4041 3696 4112 posita

2048 4135 2300 4190 alternas
2328 4129 2484 4184 vices
2530 4143 2647 4183 non
2679 4125 2959 4193 admittit,
2995 4142 3099 4181 nec
3130 4125 3410 4181 Dominus
3441 4127 3698 4184 sustinet

2046 4223 2335 4293 integram
2367 4233 2537 4274 suam
2557 4229 2726 4287 opem
2759 4214 2809 4268 ei
2839 4214 3005 4279 ferre,
3023 4213 3122 4285 qui
3154 4215 3326 4270 modo
3359 4215 3596 4286 quidem
3631 4217 3691 4271 iu

2047 4309 2333 4383 pecuniis,
2365 4312 2422 4363 et
2452 4305 2511 4361 in
2542 4303 2725 4375 gloria
2756 4303 3014 4358 humana
3051 4307 3228 4374 atque
3259 4302 3319 4358 in
3350 4303 3551 4358 mundi
3587 4321 3696 4378 po-

2047 4403 2254 4455 testate
2304 4412 2470 4468 spem
2525 4409 2693 4450 suam
2746 4390 3074 4458 constituit,
3107 4392 3280 4448 modo
3324 4408 3461 4448 vero
3514 4394 3693 4449 Deum

2045 4493 2323 4560 tanquam
2357 4500 2522 4557 spem
2551 4483 2662 4538 sibi
2686 4480 2959 4554 proponit
2983 4497 2996 4535 :
3023 4481 3124 4537 sed
3157 4486 3383 4552 oportet
3402 4485 3467 4537 ut
3485 4499 3615 4539 vers
3635 4483 3696 4538 in

2047 4576 2147 4633 Dei
2176 4573 2390 4630 auxilio
2420 4571 2802 4642 conquiescat
2825 4569 2891 4622 3°.
2919 4571 2981 4625 Et
3009 4571 3136 4637 erit,
3171 4569 3385 4642 inquit,
3417 4572 3701 4628 residuum

2042 4664 2202 4722 Iacob
2234 4665 2296 4718 in
2337 4663 2507 4718 Deum
2557 4661 2781 4729 fortem.
2816 4661 2946 4713 Hec
2995 4657 3303 4730 perspicue
3332 4661 3402 4716 ad
3436 4677 3534 4717 eas
3564 4661 3698 4716 reli-

2044 4753 2214 4826 quias
2246 4767 2395 4822 quas
2425 4745 2739 4820 Apostolus
2788 4745 3067 4818 reliquias
3109 4749 3437 4804 secundum
3468 4748 3699 4806 electio-

2046 4857 2178 4898 nem
2207 4840 2406 4913 gratiie
2453 4841 2638 4904 vocat,
2671 4836 3023 4904 referuntur,
3058 4836 3142 4892 uti
3173 4838 3350 4893 verba
3389 4837 3697 4911 sequentia

2046 4929 2367 4987 declarant.

2046 5358 2782 5508 filiiviSéEodicss-omnes,
2836 5424 2962 5508 o§8§
3022 5429 3096 5508 μὴ
3157 5427 3539 5508 tes/mimum,
3589 5433 3692 5485 aut

2045 5499 2429 5558 ἐπελπίσωσιν.
2463 5503 2635 5568 Editi,
2669 5499 2798 5575 aude
2825 5499 3375 5575 μήᾐέτιάλπίοτουσιν.

2117 5577 2228 5645 (45)
2263 5577 2424 5631 Unus
2474 5575 2671 5645 codex,
2719 5572 2968 5628 ἐπίτόν.
3007 5577 3220 5630 Ibidem
3273 5572 3434 5641 editi,
3467 5572 3687 5625 Ἐπικα·

2041 5642 2295 5724 «apage
2315 5647 2520 5724 ἀνὴρ...
2555 5642 2720 5724 ἔχων.
2753 5649 2824 5724 At
2873 5662 3016 5724 mss.
3051 5663 3150 5703 sex
3183 5645 3266 5701 uti
3312 5646 3371 5700 in
3416 5648 3688 5702 contextu

2115 5716 2227 5793 (46)
2257 5716 2446 5776 Codex
2478 5716 2740 5790 quidam,
2773 5716 2966 5789 ἑαυτῷ.
