4118 6220
276 359 393 420 553

1015 352 1424 416 COMMENT.
1467 352 1549 413 IN
1591 351 1862 414 ISAIAM
1913 351 2422 414 PROPHETAM.
2467 351 2642 412 CAP.
2685 352 2768 414 XI
2808 351 2943 412 XII.

3565 357 3684 419 584

271 490 532 563 Θάρσεως·
588 487 643 540 αἱ
689 485 814 560 περὶ
862 483 1124 557 ἱλασμοῦ*
1175 481 1350 538 πάντα
1395 483 1704 556 συνετμήθη
1755 481 1832 544 εἷς
1870 481 1927 536 ’ὲν

2066 500 2100 538 n
2132 499 2311 538 unam
2342 499 2639 539 summam
2677 483 2910 539 brevem
2959 483 3306 556 facilemque
3350 486 3685 562 observata,

263 575 564 652 κεφάλαιον
620 573 802 650 βραχὺ
855 574 944 629 καὶ
999 570 1469 650 εὖπαρατήρητον,
1522 572 1596 633 ὡς
1655 567 1926 644 μηδεμίαν

263 665 536 744 πρόφασιν
569 661 958 719 ὑπολείπεσθαι
1009 667 1126 725 τοῖς
1185 663 1260 735 μή
1295 659 1751 734 πολιτευομένοις
1795 661 1931 715 κατὰ

259 754 324 810 τὸ
354 751 693 830 Εὗαγγέλιον
705 794 716 808 .

2039 572 2161 628 ulla
2211 572 2304 641 iis,
2333 571 2433 644 qui
2484 586 2552 627 ex
2602 573 2941 646 praescripto
2980 573 3274 647 Evangelii
3318 591 3433 632 non
3465 576 3687 650 vivunt,

2041 660 2338 719 excusatio
2369 661 2646 733 supersit.

961 1045 1368 1103 ENARRATIO
1409 1045 1481 1101 IN
1518 1043 1831 1110 ALIQUOT
1871 1042 2052 1100 LOCA
2091 1043 2163 1099 XI
2203 1045 2290 1099 ET
2329 1044 2427 1100 XII
2465 1044 2742 1102 CAPITIS
2781 1047 3008 1106 ISAIIE.

334 1357 467 1414 247.
509 1354 616 1412 Καὶ
672 1352 820 1408 ἔσται
873 1353 926 1408 ἐν
978 1356 1048 1426 τῇ
1101 1354 1283 1430 ἡμέρᾳ
1339 1349 1518 1428 ἐκείνῃ
1656 1350 1779 1430 ῥίζα
1828 1354 1926 1406 τοῦ

262 1447 520 1512 Ἰεσσαὶ,
571 1443 660 1498 καὶ
720 1444 748 1497 ὁ
808 1441 1156 1515 ἀνιστάμενος
1226 1440 1412 1518 ἄρχειν
1471 1442 1658 1507 ἐθνῶν.
1719 1442 1818 1496 Τὸν
1871 1439 1930 1494 ἐκ

263 1535 585 1610 σπέρματος
633 1525 799 1586 Δαϐἰδ
849 1530 1084 1604 Χριστὸν
1130 1528 1535 1606 εὐαγγελίζεται
1584 1533 1718 1603 ἡμῖν
1753 1530 1780 1584 ὁ
1832 1526 1957 1583 λδ..

263 1643 392 1700 γος.
429 1623 523 1679 Ἐν
565 1620 666 1697 γὰρ
845 1621 1030 1692 ἡμέρᾳ
1081 1617 1284 1692 ἐκείνῃ,
1336 1619 1612 1674 τουτέστιν
1676 1617 1762 1672 ἐπὶ
1819 1620 1928 1672 τῶν

267 1711 448 1767 πάλαι
481 1708 911 1786 προωρισμὲνων
939 1712 1143 1785 καιρῶν
1189 1709 1324 1782 (53),
1356 1708 1446 1762 καὶ
1496 1705 1550 1762 ἐν
1589 1711 1668 1778 τῷ
1699 1703 1931 1782 προδια-

271 1797 596 1874 τεταγμένῳ
643 1797 832 1874 χρόνῳ
883 1792 1028 1852 ἔσται
1084 1799 1119 1866 ἠ
1173 1795 1293 1873 ῥίζα
1335 1800 1428 1850 τοῦ
1480 1793 1692 1851 Ἰεσσαί.
1725 1791 1932 1851 Ἀλλα-

2106 1353 2233 1409 247.
2269 1355 2466 1424 (Vsus.
2501 1354 2613 1426 10.)
2653 1356 2718 1410 Et
2765 1357 2874 1411 erit
2925 1358 2984 1410 in
3027 1357 3115 1412 die
3160 1359 3264 1413 illa
3306 1359 3471 1414 radix
3519 1362 3683 1430 Jesse,

2038 1449 2092 1497 et
2122 1443 2218 1513 qui
2244 1445 2514 1515 exsurgit,
2547 1448 2608 1499 ut
2638 1445 2864 1516 imperet
2902 1445 3177 1515 gentibus.
3208 1447 3399 1503 Verba
3427 1449 3548 1505 haec
3578 1467 3688 1506 no-

2040 1531 2130 1587 bis
2162 1531 2458 1588 Christum
2493 1534 2849 1589 annuntiant
2873 1551 2942 1588 ex
2971 1534 3208 1590 Davidis
3240 1537 3464 1592 semine
3492 1539 3688 1594 oriun-

2041 1620 2202 1675 dum.
2227 1621 2536 1676 Enimvero
2567 1621 2627 1676 in
2655 1622 2750 1678 die
2778 1620 2896 1688 illa,
2918 1621 3026 1677 hoc
3052 1627 3162 1693 est,
3188 1623 3246 1678 in
3273 1629 3536 1698 tempore
3563 1628 3689 1698 jam

2042 1709 2269 1780 pridem
2304 1710 2627 1776 praestituto
2679 1726 2746 1765 ac
2794 1710 3103 1781 prmﬁnito,
3133 1711 3242 1766 erit
3291 1713 3459 1768 radix
3503 1714 3689 1770 Jesse.

2044 1797 2196 1854 Alibi
2227 1798 2462 1870 quidem
2495 1799 2639 1855 dicit
2658 1799 2880 1872 virgam
2912 1817 2981 1855 ex
3011 1800 3205 1856 radice
3225 1817 3353 1858 esse
3382 1803 3688 1875 oriturum,

274 1893 389 1966 χοῦ
441 1889 537 1962 μὶν
587 1882 786 1965 ῥάϐδον
834 1885 982 1962 λέγει
1033 1884 1094 1941 ἐκ
1143 1891 1246 1955 τῆς
1295 1883 1447 1962 ῥίζης
1501 1883 1799 1956 ἀνατελεῖν,
1843 1882 1933 1938 καὶ

2066 1891 2102 1943 :t
2131 1887 2332 1944 ﬂorem
2366 1904 2434 1943 ex
2472 1889 2669 1945 radice
2699 1890 2864 1945 Jesse
2896 1907 3303 1960 ascensurum,
3335 1893 3415 1948 sit
3446 1897 3510 1948 ut
3539 1896 3691 1951 acci-

276 1981 444 2042 ἂνθος
503 1975 562 2032 ἐκ
616 1982 717 2046 τῆς
775 1974 930 2052 ῥίζης
987 1979 1083 2030 τοῦ
1139 1974 1333 2030 Ἰεσσαὶ
1392 1968 1774 2044 ἀναϐήσεσθαι,
1831 1974 1929 2041 τὴν

2044 1976 2166 2049 piat
2193 1977 2417 2049 virgam
2450 1995 2553 2049 pro
2599 1978 2869 2052 imperio,
2897 1982 2954 2035 et
2985 1979 3184 2035 ﬂorem
3216 1997 3320 2052 pro
3367 1981 3558 2052 ipsius
3591 1984 3689 2040 ad-

279 2061 485 2142 ῥάὸδον
540 2063 626 2120 ἐπὶ
675 2071 774 2134 τῆς
836 2064 1017 2141 ἀρχῆς
1074 2057 1395 2136 λαμϐάνων,
1427 2062 1490 2116 τὸ
1540 2059 1596 2117 δὲ
1635 2060 1812 2127 ἄνθος,
1845 2059 1932 2115 ἐπὶ

2066 2069 2217 2121 rentu
2251 2081 2531 2137 perquam
2572 2065 2808 2121 amabili
2840 2069 2898 2121 et
2927 2067 3202 2122 omnibus
3231 2067 3602 2139 gratissimo;
3636 2074 3695 2126 et

274 2163 382 2225 τῆς
433 2154 728 2231 ἐπεράστου
797 2153 887 2208 καὶ
948 2157 1079 2207 πᾶσι
1134 2150 1537 2228 κεχαρισμένης
1594 2148 1886 2224 ἐπιδημίας
1918 2169 1931 2182 ·

275 2244 371 2300 καὶ
406 2244 491 2299 δτι
524 2242 575 2298 ἐν
609 2245 803 2318 βραχεῖ
850 2243 950 2312 τὴν
996 2242 1158 2318 χάριν
1205 2240 1626 2316 παρασχόμενος
1657 2247 1755 2309 τῆς
1787 2239 1935 2293 ἐναν-

277 2335 646 2406 θρωπήσεως,
691 2335 936 2407 ταχεῖαν,
989 2331 1077 2384 καὶ
1135 2329 1303 2384 οἷονεί
1352 2326 1654 2404 παροδικὴν
1700 2333 1935 2384 ποιεῖται

279 2423 384 2491 τήν
445 2419 764 2495 ἐπιδημίανο
825 2418 1049 2483 ἐνταῦθα
1108 2418 1165 2473 δέ
1224 2419 1374 2495 ῥίζαν
1428 2418 1574 2494 λέγει
1619 2422 1715 2473 τοῦ
1745 2418 1936 2476 Ἰεσσαῖ

284 2506 524 2574 ἔσεσθαι.
555 2509 801 2586 Πρόσχες
850 2512 953 2581 τῷ,
1003 2513 1211 2564 Ἔσται.
1247 2507 1384 2583 Οὐχὶ
1440 2529 1593 2586 φησι,
1646 2508 1813 2578 Δόξει·
1849 2505 1940 2560 οὐ-

287 2597 368 2668 δὲ,
405 2601 552 2672 Δόξει
586 2601 696 2669 (54)
723 2597 880 2670 εἶναι,
931 2595 1076 2652 ἀλλά
1118 2597 1257 2652 κατὰ
1306 2595 1587 2668 ἀλήθειαν,
1619 2599 1824 2653 Ἔσται.
1861 2595 1938 2652 Οὐ

287 2690 396 2765 γὰρ
449 2688 736 2764 φαντασίᾳ,
797 2684 922 2742 οὐδε
980 2685 1156 2757 οἰήσει
1210 2687 1310 2755 τὴν
1372 2685 1560 2758 σάρκα,
1619 2685 1748 2741 ἀλλ’
1801 2685 1942 2756 αὐτῇ

289 2777 525 2849 ἀληθείᾳ
569 2771 826 2832 ἀνέλαϐεν
863 2821 877 2832 .
926 2777 1115 2833 Ἔσται
1173 2773 1264 2830 οὖν
1325 2777 1359 2845 ἡ
1416 2775 1539 2851 ῥίζα
1593 2778 1689 2829 τοῦ
1721 2773 1940 2828 Ἰεσσαί-

289 2867 564 2934 τουτέσαι,
619 2867 684 2920 τὸ
741 2864 964 2940 φύραμα
1021 2867 1121 2930 τῆς
1183 2864 1377 2938 σαρκὸς
1425 2865 1488 2918 τὸ
1545 2864 1649 2919 ἀπὸ
1708 2861 1938 2931 Ἰεσσαὶ,

289 2953 438 3012 ἔσται
471 2955 606 3010 κατᾶ
631 2953 912 3026 ἀλήθειαν,
959 2953 1048 3008 καὶ
1099 2953 1478 3023 ὑποστήσεται.
1524 2952 1622 3009 Καὶ
1671 2953 1699 3007 ὁ
1731 2949 1943 3006 ἀνιστά-

293 3065 483 3118 μενος,
543 3043 706 3106 αὐτὸς
929 3041 1017 3097 καὶ
1072 3041 1196 3117 ῥίζα
1249 3041 1338 3095 καὶ
1391 3040 1766 3114 ἀνιστάμενος.
1797 3039 1944 3109 Ῥίζα

288 3139 392 3190 τοῦ
432 3131 644 3188 Ἰεσσαί·
697 3130 781 3187 ὅτι
835 3130 894 3186 ἐκ
941 3129 1228 3206 βασιλικῆς
1281 3127 1546 3206 διαδοχῆς
1592 3133 1626 3199 ἡ
1681 3130 1942 3205 θεοφόρος

296 3221 430 3296 σὰρξ
478 3220 863 3296 προσελήφθη.
905 3221 964 3277 Ὀ
1017 3216 1075 3274 δὲ
1118 3218 1470 3292 ἀνιστάμενος
1520 3219 1708 3293 ἄρχειν
1757 3217 1940 3276 ἐθνῶν.

295 3311 399 3366 Διά
425 3315 589 3365 τοῦτο
618 3311 685 3364 τὰ
713 3305 840 3380 ἔθνη
883 3307 966 3363 ἐπ’
1012 3308 1172 3362 αὐτὸν
1209 3305 1468 3379 ἤλπισεν,
1516 3307 1592 3371 ὡς
1634 3304 1808 3377 δῆλον
1839 3308 1943 3363 ἀπὸ

294 3406 404 3470 τῆς
431 3399 484 3454 ἐν
516 3403 632 3460 τοῖς
660 3395 826 3453 ἔθνεσι
875 3398 972 3452 τοῦ
1016 3401 1256 3470 Χριστοῦ
1311 3394 1660 3465 Ἐκκλησίας.
1694 3397 1948 3460 Ἀναστὰς

300 3491 411 3566 γὰρ
441 3487 502 3543 ἐκ
528 3491 750 3564 νεκρῶν,
782 3486 912 3561 ἦρξε
962 3490 1070 3540 τῶν
1117 3485 1306 3551 ἐθνῶν,
1355 3483 1670 3541 καταλιπὼν
1718 3486 1806 3540 τὸν
1843 3508 1950 3564 φο-

303 3580 402 3633 νέα
450 3577 606 3635 λαόν.
636 3575 892 3638 Ἐκείνοις
946 3575 1038 3648 μὲν
1089 3574 1187 3650 γὰρ
1231 3573 1320 3628 τὸν
1369 3573 1588 3628 θάνατον
1629 3582 1952 3653 περιαφῆκε,

300 3673 425 3730 τοῖς
459 3665 518 3721 δὲ
547 3665 719 3721 ἔθνεσι
747 3665 848 3734 τὴν
899 3663 1182 3718 ἀνάστασιν
1232 3661 1541 3739 ἐχαρίσατο.
1579 3664 1724 3717 Διότι
1775 3665 1825 3718 οἱ
1858 3665 1950 3738 μὲν

299 3757 552 3834 ἔκραζονο
633 3755 1035 3830 Σταυρωθήτω·
1113 3751 1224 3821 καὶ,
1299 3752 1370 3806 Τὸ
1440 3750 1578 3825 αἷμα
1652 3751 1814 3806 αὐτοῦ
1875 3751 1956 3830 ἐφ’

300 3851 482 3920 ἡμᾶς,
530 3844 618 3900 καὶ
676 3843 763 3898 ἐπὶ
818 3844 886 3897 τὰ
926 3843 1088 3897 τὲκνα
1137 3844 1320 3914 ἡμῶνο
1375 3841 1426 3894 οἱ
1476 3838 1532 3895 δὲ
1578 3838 1823 3914 ἐδὲξαντο
1861 3843 1953 3896 τὸν

300 3933 756 4010 ἐσταυρωμένον,
820 3930 910 3986 καὶ
961 3936 1042 4004 τῷ
1100 3927 1289 4003 α’ίματι
1351 3930 1517 3985 αὐτοῦ
1572 3928 1953 4005 ἐλυτρώθησαν

300 4025 411 4079 ἀπὸ
438 4027 537 4078 τοῦ
566 4023 816 4078 θανάσου,
852 4021 957 4078 Καὶ
1005 4016 1172 4091 ἔσται,
1221 4017 1406 4097 φησὶν,
1455 4022 1490 4088 ὴ
1536 4018 1832 4083 ἀνάπαυσις
1863 4021 1957 4075 αὑ-

295 4118 404 4170 τοῦ
448 4113 610 4185 τιμή.
666 4109 879 4181 Αὕτη-ἠ
932 4111 1165 4184 Χριστσῦ
1219 4107 1534 4180 ἀνάπαυσις,
1566 4111 1601 4178 ἡ
1654 4110 1789 4184 τιμὴ
1843 4114 1955 4184 (56)

298 4208 416 4260 τῶν
440 4201 730 4276 τιμώντων
758 4198 917 4254 αὐτὸν
953 4199 1027 4261 ὡς
1058 4199 1234 4271 Λόγον
1268 4201 1424 4269 Θεοῦ,
1456 4198 1546 4252 καὶ
1587 4198 1777 4274 σοφίαν
1803 4205 1957 4272 Θεοῦ,

299 4293 400 4348 καὶ
433 4289 680 4362 δύναμιν.
716 4289 777 4346 Ὀ
806 4285 1093 4342 ἀναπαύων
1122 4285 1216 4341 τὸν
1260 4285 1519 4361 Χριστὸν,
1554 4286 1821 4364 ὁμολογεῖ
1869 4290 1960 4342 αὖ-

295 4385 403 4437 τοῦ
432 4382 532 4449 τὴν
561 4379 699 4454 πρὸς
727 4377 818 4432 τὸν
868 4374 1229 4452 γεγεννηκότα
1281 4374 1438 4430 αὐτὸν
1490 4376 1810 4448 ὁμοτιμίαν”
1861 4385 1959 4447 τῆς

299 4469 457 4541 ἀξίας
488 4470 587 4538 τὴν
619 4463 926 4522 κοινωνίαν·
959 4468 1058 4529 τῆς
1106 4462 1316 4542 φύσεως
1361 4466 1461 4533 τὴν
1498 4463 1549 4534 ἐξ
1580 4462 1760 4520 ἀϊδίου
1792 4465 1961 4542 ὕπαρ-

298 4561 406 4631 ξιν.
440 4559 505 4613 Οἳ
537 4555 596 4612 δὶ
651 4559 1016 4632 μεριμνῶντες
1046 4573 1098 4608 τι
1128 4557 1236 4608 τῶν
1291 4553 1426 4629 πρὸς
1469 4552 1684 4627 ἀτιμίαν
1720 4557 1828 4627 (57)
1865 4556 1965 4632 ῥη-

2046 2154 2185 2225 quia
2206 2171 2383 2226 prope
2405 2154 2560 2210 diem
2583 2160 2706 2210 erat
2727 2155 3049 2210 collaturus
3077 2156 3500 2212 incarnationis
3521 2159 3691 2214 bene-

2045 2244 2270 2313 ﬁcium,
2319 2243 2554 2299 exhibet
2599 2244 2912 2299 adventum
2960 2243 3312 2312 celerem,et
3341 2246 3510 2316 quasi
3559 2251 3692 2302 tan-

2046 2337 2174 2389 tum
2205 2349 2322 2388 non
2373 2337 2718 2404 praesentem
2756 2349 2769 2388 :
2802 2332 2898 2388 hic
2946 2350 3079 2389 vero
3130 2335 3211 2389 ait
3259 2334 3515 2390 futuram
3567 2351 3696 2392 csse

2047 2421 2302 2478 radicem
2332 2421 2518 2478 Jesse.
2551 2421 2828 2477 Attendas
2854 2421 3024 2476 velim
3056 2422 3191 2478 huic
3220 2423 3365 2490 voci,
3400 2424 3536 2480 Erit.
3569 2425 3695 2480 Non

2049 2512 2176 2566 ait:
2212 2511 2548 2581 Videbitur;
2601 2527 2810 2583 neque,
2856 2511 3163 2567 Videbitur
3207 2528 3360 2584 esse,
3393 2515 3494 2570 sed
3542 2530 3696 2582 vero,

2050 2601 2189 2655 Erit.
2215 2601 2340 2656 Non
2374 2599 2528 2657 enim
2561 2601 2886 2656 secundum
2919 2601 3170 2672 speciem
3193 2605 3294 2658 aut
3322 2602 3700 2659 existimatio-

2051 2706 2206 2757 nem,
2249 2690 2350 2745 sed
2407 2705 2467 2743 re
2523 2689 2652 2760 ipsa
2701 2689 2851 2745 568
2909 2705 3146 2746 earnem
3205 2692 3548 2764 assumpsit.
3578 2694 3700 2749 Erit

2051 2778 2231 2851 igitur
2275 2777 2442 2834 radix
2484 2784 2664 2847 Jesse,
2695 2778 2804 2834 hoc
2853 2783 2963 2847 est,
3006 2778 3343 2852 conspersio
3391 2779 3585 2836 carnis
3632 2797 3702 2836 ex

2049 2867 2214 2923 Jesse
2244 2867 2574 2940 desumpla,
2606 2867 2716 2923 erit
2751 2884 2907 2936 vere,
2940 2872 3115 2940 atque
3162 2868 3462 2925 subsistet.
3494 2870 3566 2925 Et
3595 2869 3698 2942 qui

2050 2957 2332 3029 exsurgit,
2365 2957 2488 3028 ipse
2517 2960 2573 3012 et
2601 2957 2768 3012 radix
2814 2973 3134 3030 exsurgens
3182 2962 3291 3013 est.
3326 2959 3427 3014 Est
3457 2959 3698 3030 quidem

2052 3045 2219 3100 radix
2247 3045 2433 3111 Jesse,
2457 3044 2674 3116 quippe
2705 3045 2861 3116 quod
2881 3061 2949 3101 ex
2977 3045 3136 3118 regia
3165 3046 3535 3103 successione
3563 3065 3698 3103 caro

2053 3133 2270 3190 deifera
2323 3138 2630 3204 assumpta
2687 3133 2808 3188 sit:
2843 3135 3106 3206 exsurgit
3134 3151 3290 3201 vero,
3333 3138 3398 3190 ut
3451 3135 3701 3207 imperet

2056 3222 2352 3295 gentibus.
2388 3222 2522 3278 Eam
2551 3223 2624 3278 ob
2674 3239 2911 3278 causam
2942 3223 3000 3277 in
3031 3223 3161 3294 ipso
3193 3239 3360 3294 spem
3407 3239 3575 3279 suam
3607 3241 3699 3280 re-

2056 3328 2303 3384 posuere
2331 3317 2554 3384 gentes,
2581 3310 2666 3366 uti
2695 3328 2764 3366 ex
2797 3311 3014 3367 Christi
3037 3312 3292 3368 Ecclesia
3319 3312 3472 3368 inter
3499 3318 3707 3385 gentes

2059 3400 2322 3456 stabilita
2369 3405 2546 3471 patet.
2580 3401 2898 3473 Postquam
2948 3400 3102 3456 enim
3137 3417 3170 3456 a
3209 3403 3456 3460 mortuis
3507 3419 3712 3459 resur-

2061 3490 2228 3557 rexit,
2263 3489 2557 3545 homicida
2602 3490 2817 3562 populo
2867 3489 3164 3556 derelicto,
3196 3490 3512 3563 imperium
3563 3492 3716 3548 obti-

2062 3579 2192 3634 nuit
2221 3580 2281 3634 in
2315 3585 2540 3651 gentes.
2561 3579 2680 3635 Illis
2703 3579 2938 3650 quidem
2964 3579 3205 3651 reliquit
3231 3585 3500 3644 mortem,
3523 3582 3714 3654 genti-

2064 3669 2174 3723 bus
2196 3685 2328 3723 vero
2357 3668 2608 3740 largitus
2629 3672 2718 3724 est
2748 3669 3235 3724 resurrectionem
3261 3687 3274 3724 :
3300 3669 3596 3741 siquidem
3631 3670 3718 3726 illi

2063 3756 2398 3812 clamabant
2440 3773 2453 3811 :
2499 3757 2889 3829 Cruciflgatur
2915 3757 3030 3824 ¹-⁸⁸;
3084 3757 3225 3812 item
3261 3775 3274 3812 :
3311 3758 3547 3827 Sanguis
3599 3761 3718 3831 ejus

2063 3861 2228 3916 super
2255 3861 2374 3912 nos,
2405 3850 2457 3900 et
2499 3862 2665 3917 super
2705 3845 2856 3914 ﬁlios
2886 3854 3096 3901 nostros
3116 3846 3160 3880 ³⁸
3194 3863 3206 3900 :
3241 3845 3336 3901 hic
3367 3863 3500 3902 vero
3530 3850 3719 3902 cruci-

2066 3935 2246 3990 ﬁxum
2278 3949 2610 4005 suscepere,
2645 3939 2818 4004 atque
2862 3935 3052 4005 ipsius
3103 3934 3391 4006 sanguine
3422 3951 3456 3989 a
3482 3940 3720 4007 peccato

2066 4024 2312 4079 liberato
2361 4026 2518 4078 sunt.
2572 4024 2637 4076 Et
2686 4023 2820 4086 erit,
2854 4023 3066 4094 inquit,
3095 4024 3311 4092 requies
3356 4023 3476 4093 ejus
3528 4023 3721 4078 honor.

2068 4117 2200 4167 Haec
2229 4111 2439 4168 Christi
2487 4109 2721 4182 requies
2770 4110 2958 4165 honor
2988 4114 3098 4179 est,
3132 4110 3204 4164 ab
3239 4110 3310 4164 iis
3341 4109 3588 4181 delatus,
3621 4110 3724 4182 qui

2069 4204 2265 4274 ipsum
2300 4202 2592 4256 honorant
2623 4205 2904 4270 tanquam
2938 4199 3035 4254 Dei
3070 4199 3358 4267 Verbum,
3391 4199 3607 4272 Deique
3636 4217 3726 4256 sa-

2071 4290 2351 4362 pientiam
2399 4293 2455 4344 et
2501 4288 2775 4344 virtutem
2803 4289 2865 4342 37.
2912 4287 3019 4351 Qui
3075 4287 3362 4342 refocillat
3403 4288 3726 4358 Christum,

2071 4396 2207 4436 eum
2240 4395 2368 4435 esse
2398 4377 2553 4434 Patri
2584 4378 2802 4433 honore
2847 4380 2903 4432 et
2933 4365 3242 4448 majestate
3274 4393 3498 4449 parem,
3533 4378 3724 4451 digni-

2073 4474 2368 4540 tatemque
2400 4469 2711 4538 utriusque
2761 4482 3132 4522 communem
3165 4483 3317 4534 esse,
3351 4470 3408 4521 et
3455 4472 3727 4523 naturam

2076 4558 2385 4628 utriusque
2402 4557 2472 4612 ab
2492 4563 2706 4612 (sterno
2729 4556 3052 4612 subsistere
3083 4556 3413 4611 confitetur.
3435 4557 3477 4610 Ε
3500 4555 3728 4613 diverso

303 4647 496 4722 μάτων
529 4645 835 4722 ἐξεύρωσιν,
865 4643 927 4698 οὐ
975 4644 1042 4698 τὰ
1091 4643 1230 4718 πρὸς
1277 4644 1572 4697 ἀνάπαυσιν
1602 4642 1699 4698 τοῦ
1729 4646 1947 4719 Χριστοί

2075 4647 2173 4718 qui
2209 4625 2341 4717 plus
2387 4662 2553 4717 aequo
2601 4643 2858 4714 solliciti,
2891 4643 3090 4715 aliqua
3126 4645 3300 4700 verba
3342 4645 3731 4717 excogitarint

302 4738 658 4816 φθέγγονται.
722 4733 951 4789 Δύναται
1011 4733 1260 4806 μὲντοιγε
1307 4734 1342 4802 ἡ
1396 4732 1691 4794 ἀνάπαυσις
1750 4729 1964 4806 λαμϐά-

301 4837 514 4898 νεσθαι,
569 4825 645 4898 μὴ
707 4824 876 4896 μόνον
935 4823 995 4891 ἣν
1051 4821 1212 4883 αὐτὸς
1273 4819 1600 4876 ἀναπαύεται
1655 4821 1802 4896 παρὰ
1855 4827 1964 4880 τῶν

387 5005 484 5046 ¹-³⁶
512 5003 719 5062 Matth.
751 5018 930 5071 xxvn,
959 5001 1052 5056 23.
1127 5001 1171 5037 ³⁸
1201 4999 1343 5059 ibid.
1377 5001 1468 5057 25.
1545 5002 1590 5038 ³⁷
1619 5001 1644 5060 Ι
1674 5002 1800 5059 Cor.
1833 5020 1877 5073 ι,
1905 5005 1996 5062 24.

391 5180 628 5254 (53)_Sio
674 5183 899 5237 veteres
956 5179 1217 5254 quinque
1275 5179 1629 5254 libritEditi
1678 5195 1835 5254 vero,
1890 5177 1979 5254 ὲχπὶ

307 5250 407 5327 τῷ
458 5250 660 5327 πάλαι-
697 5250 1138 5327 προωρισμᾶνῳή
1163 5251 1359 5327 καιρῷ.
1401 5253 1588 5327 ΔΜοχΔ
1629 5251 1806 5320 editi,
1851 5251 1977 5327 -μὶν

313 5322 435 5382 οῦν.
484 5324 703 5381 Vocula
755 5322 962 5379 oﬁv'in'
1015 5322 1161 5379 mss.
1223 5322 1336 5380 non
1398 5323 1716 5381 invenitur.
1766 5323 1978 5378 Subin-

313 5401 407 5525 ξε.
445 5397 706 5470 quinque
757 5413 926 5469 11388.,
979 5393 1134 5470 ῥίζης
1182 5392 1517 5452 ἀνατέλλειν.
1569 5395 1743 5461 Editi,
1791 5393 1979 5449 ἀνατε-

357 5489 461 5523 ειν.

357 5489 434 5522 ειν
447 5511 461 5523 α

449 5541 480 5595 4
540 5541 625 5595 Ita
676 5556 820 5596 mss.
882 5555 1108 5596 omnes.
1165 5538 1338 5608 Editi,
1398 5535 1562 5613 Οὐχὶ,
1618 5537 1771 5612 φασὶ,
1831 5533 1981 5607 δόξα,

317 5539 835 5703 οξδῗ,ἒᾷξῃ,’δςυ’ς
894 5613 1222 5703 emendate.
1282 5610 1492 5694 Statim
1551 5613 1690 5685 Reg.
1747 5609 1979 5703 primus

319 5691 379 5746 et
409 5681 751 5759 editi,'av.’nii
779 5681 1030 5758 ἀληθείᾳ.
1060 5683 1176 5740 Alii
1212 5683 1475 5758 quinque
1504 5681 1672 5758 mss;
1703 5681 1872 5754 αὗτήν

656 5815 924 5879 Panos.
968 5812 1081 5878 Gn.
1125 5812 1316 5876 XXX.

2075 4737 2146 4791 ad
2172 4735 2558 4806 ignominiam
2581 4733 2954 4804 inurendum,
2976 4733 3149 4788 iidem
3175 4749 3242 4788 ea
3264 4748 3391 4804 quae
3418 4734 3488 4789 ad
3512 4735 3729 4792 Christi

2074 4822 2339 4896 requiem
2372 4827 2662 4894 spectant,
2707 4839 2823 4879 non
2861 4821 3204 4893 loquuntur.
3239 4821 3494 4898 Reqyies
3526 4828 3726 4882 autem

2161 5177 2480 5251 (55)7Editi,
2510 5176 2536 5230 ὁ
2567 5175 2751 5251 αὐτός.
2785 5177 2892 5234 Sed
2927 5177 2986 5236 in
3017 5179 3237 5237 nostris
3268 5196 3370 5237 sex
3397 5197 3544 5238 mss.
3579 5183 3744 5238 deest

2090 5250 2397 5308 articulus.
2439 5254 2607 5306 Hunc
2653 5250 2849 5324 locum
2899 5251 3374 5324 interpunximue
3425 5254 3531 5318 ita,
3565 5253 3649 5324 uti
3681 5253 3741 5324 in

2091 5340 2233 5379 mss.
2269 5323 2709 5394 interpunctum
2753 5322 3107 5382 invenimus.
3140 5325 3267 5380 Alia
3313 5329 3438 5382 erat
3469 5325 3528 5379 in
3561 5323 3739 5380 editis

2088 5395 2505 5451 internunctio.

2161 5413 2575 5540 ξὲἓῗυέῖἓᾝὲε.
2608 5482 2834 5522 omnes.
2878 5465 3049 5535 Editi,
3083 5464 3232 5533 Αὕτη
3267 5464 3406 5520 ἔστὶν
3440 5465 3475 5534 ἡ
3509 5464 3741 5540 Χριστοῦ

2092 5537 2383 5599 ἀνάπαυσις
2404 5537 2466 5610 ,ἐν
2508 5539 2666 5610 τιμῇ,

2163 5613 2276 5684 (57)
2313 5608 2489 5681 Editi,
2521 5607 2735 5684 ἀτιμίαν
2775 5607 3066 5684 φερόντων.
3095 5607 3215 5667 Vox
3253 5607 3541 5682 posterior
3570 5624 3606 5667 a
3634 5625 3742 5666 no-

2095 5684 2237 5743 stris
2269 5699 2370 5743 sex
2397 5699 2541 5742 mss.
2575 5684 2758 5740 abest.

3345 5808 3421 5871 18
