4118 6220
421 402 540 464 858

1359 393 1757 455 APPENDIX
1801 392 2126 456 OPERUM
2173 392 2238 455 S.
2284 392 2568 454 BASlLll
2615 389 2890 452 MAGNI.

3720 393 3848 452 556

422 533 618 604 potest
647 525 832 598 accipi
855 541 971 581 non
1004 525 1177 581 modo
1209 541 1311 598 pro
1333 541 1402 580 ea
1425 525 1650 596 requie,
1673 541 1789 596 qua
1821 524 1944 597 ipse
1973 525 2078 580 Do-

2217 521 2523 591 “οξαζόντων
2579 519 2738 576 αύτὸν
2798 521 2826 575 ὁ
2884 518 3102 596 Κύριος,
3149 517 3298 576 ἀλλὰ
3338 519 3429 575 καὶ
3454 521 3515 589 ἢν
3547 519 3850 575 ἀναπαύσει

425 621 624 677 minus
654 616 946 672 refovetur
989 614 1060 669 ab
1093 613 1184 680 iis,
1217 613 1319 684 qui
1349 613 1543 685 ipsum
1575 613 1761 686 gloria
1791 612 2076 682 afﬁciunt,

424 725 628 766 verum
660 706 835 764 etiam
882 720 985 776 pro
1034 719 1121 770 ea,
1154 720 1271 775 qua
1300 703 1612 776 diligentes
1645 721 1705 760 se
1733 708 1823 760 est
1851 718 2079 760 recrea-

426 803 622 864 turus,
654 797 805 853 sicut
834 793 1121 865 scriptum
1153 797 1242 847 est
1273 810 1285 847 :
1320 792 1606 856 Quoniam
1641 810 1742 864 ego
1770 793 2084 864 diligentes

428 906 523 946 me
552 885 810 960 glorifico
828 883 893 938 ³⁸.
918 880 1170 953 Requies
1193 881 1486 952 siquidem
1507 881 1644 953 quia
1668 881 1948 937 reievebit
1982 885 2082 934 Do-

431 977 650 1043 minus,
684 973 870 1029 honor
898 973 988 1026 est
1028 970 1151 1040 qui.
1177 970 1342 1039 juxta
1379 971 1612 1040 justum
1646 970 1744 1026 Dei
1766 969 2084 1041 judicium,

429 1082 534 1138 pro
566 1067 828 1119 actorum
853 1058 1059 1114 merito
1093 1058 1481 1130 impertietur.
1509 1059 1665 1115 Alios
1685 1059 1841 1115 enim
1875 1058 2085 1130 majori

430 1152 650 1208 honore
679 1148 1039 1222 dignabitur,
1063 1145 1206 1202 alios
1228 1163 1362 1203 vero
1397 1147 1610 1203 minori
1635 1164 1648 1204 :
1675 1148 1894 1220 quippe
1915 1146 2086 1203 stella

431 1259 464 1298 a
493 1239 664 1297 stella
713 1237 906 1292 diﬂ‘ert
954 1235 1012 1290 in
1063 1235 1337 1307 gloria”.
1380 1238 1450 1292 Et
1499 1236 1638 1308 quia
1691 1235 1888 1291 multas
1949 1239 2088 1292 sunt

429 1330 584 1403 apud
615 1328 846 1384 Patrem
880 1325 1216 1382 mansiones
1237 1327 1303 1392 ⁸ο,
1337 1325 1484 1382 alios
1516 1325 1575 1382 in
1615 1330 1771 1382 statu
1805 1332 2086 1398 praestan-

427 1419 573 1476 tiore
601 1421 659 1474 et
697 1415 922 1486 altiore,
957 1413 1106 1470 alios
1155 1413 1215 1468 in
1264 1413 1537 1471 inferiore
1570 1413 1940 1471 refocillabit.
1975 1415 2084 1470 Sed

431 1510 702 1566 fruentur
729 1519 930 1561 emnes
962 1502 1161 1575 requie
1191 1503 1253 1558 in
1286 1503 1529 1560 honore.

501 1599 626 1652 248.
651 1596 846 1667 (Vsus.
877 1594 987 1661 11.)
1014 1595 1089 1648 Et
1118 1594 1225 1649 erit
1269 1594 1331 1648 in
1375 1594 1464 1651 die
1494 1595 1615 1662 illa,
1647 1593 1873 1664 adjiciet
1903 1594 2086 1649 Domi-

431 1703 539 1744 nus
568 1684 846 1741 ostendere
875 1699 1103 1737 manum
1141 1697 1322 1737 suam.
1358 1682 1569 1739 Manus
1607 1681 1840 1739 Domini
1871 1699 1933 1738 se
1964 1681 2089 1736 sin-

436 1773 592 1849 gulis
620 1773 891 1829 mtatibus
923 1771 1148 1827 diverse
1175 1770 1434 1827 ostendit
1479 1787 1584 1843 per
1623 1787 1744 1841 eos,
1777 1770 1879 1843 qui
1910 1770 2088 1826 mira-

2187 609 2314 671 τοὺς
2371 611 2693 685 ἀγαπῶντας
2748 609 2944 679 αύτὸν,
2995 608 3130 664 κατὰ
3174 609 3235 663 τὸ
3293 607 3692 685 γεγραμμένον,
3753 609 3847 663 δτι

2191 699 2334 772 Ἐγὼ
2365 698 2492 762 τοὺς
2524 698 2620 772 ἰμὶ
2650 698 2972 774 ἀγαπῶντας
3019 695 3246 768 δοξάζω.
3297 699 3448 754 ’Ἐστι
3500 699 3601 775 γὰρ
3641 700 3677 767 ἡ
3713 697 3852 752 ἀνά-

2190 807 2406 857 παυσις,
2436 789 2496 857 ἣν
2531 787 2820 842 ἀναπαύσει
2871 788 2900 841 6
2944 785 3163 861 Κύριος,
3191 788 3351 860 τιμὴ,
3401 786 3524 857 ¹ἥτις
3574 787 3713 860 μετὰ
3738 787 3844 854 τὴν

2194 873 2583 952 δικαιοκρισίαν
2629 880 2727 931 τοῦ
2773 879 2907 931 Θεοῦ
2962 877 3100 951 πρὸς
3155 878 3255 946 τήν
3285 879 3391 930 τῶν
3441 874 3845 950 πεπραγμένων

2195 966 2340 1036 ἀξίαν
2373 963 2848 1039 διανεμηθήσεται.
2896 965 3127 1037 Τιμήσει
3177 964 3280 1040 γὰρ
3329 963 3456 1026 τοὺς
3503 964 3598 1037 μὶν
3631 963 3851 1038 μείζοσι

2192 1058 2400 1126 τιμαῖς,
2431 1051 2562 1116 τοὺς
2609 1049 2666 1107 δὲ
2719 1049 3147 1126 ὑποδεεστέραις,
3179 1050 3366 1121 ἐπειδὴ
3418 1052 3588 1126 ἀστὴρ
3619 1052 3851 1128 ἀστίρος

2196 1140 2435 1220 διαφέρει
2464 1141 2516 1196 ἐν
2549 1139 2696 1216 δόξῃ.
2731 1143 2829 1199 Καὶ
2879 1140 3066 1211 ἔπειδή
3120 1140 3328 1196 πολλαὶ
3380 1141 3540 1215 μοναὶ
3593 1142 3742 1218 παρὰ
3771 1145 3851 1213 τῷ

2196 1231 2388 1306 Πατρὶ,
2446 1229 2575 1294 τοὺς
2627 1232 2720 1304 μὲν
2768 1230 2820 1286 ἐν
2881 1230 3273 1307 ὑπερεχούσαις
3324 1231 3411 1285 καὶ
3470 1229 3846 1304 ὗψηλοτὲραις

2197 1319 2568 1390 καταστάσεσι,
2622 1319 2749 1383 τοὺς
2808 1317 2866 1375 δὲ
2925 1318 2976 1374 ἐν
3040 1317 3444 1391 ὑποδεεστέραις
3502 1319 3797 1375 ἀναπαύσει
3833 1364 3847 1378 .

2198 1410 2401 1472 Πάντες
2437 1409 2621 1482 μέντοι
2655 1406 2742 1464 διὰ
2769 1416 2936 1484 τιμῆς
2962 1410 3062 1479 τὴν
3093 1408 3385 1465 ἀνάπαυσιν
3415 1405 3647 1482 ἕξουσιν.

2267 1588 2395 1645 248.
2431 1587 2528 1641 Καὶ
2586 1584 2730 1642 ἔσται
2791 1586 2842 1642 ὲν
2899 1590 2968 1661 τῇ
3027 1585 3207 1664 ἡμέρᾳ
3264 1585 3483 1661 ἐκείνῃ,
3540 1590 3853 1661 προσθήσει

2196 1673 2394 1750 Κύριος
2445 1679 2544 1730 τοῦ
2594 1673 2762 1746 δεῖξαι
2818 1676 2916 1744 τήν
2973 1681 3136 1751 χεῖρα
3190 1674 3388 1734 αὐτοῦ.
3447 1676 3577 1752 Χεὶρ
3637 1679 3853 1752 Κυρίου

2200 1761 2474 1842 διαφόρως
2505 1761 2726 1840 ἐδείχθη
2776 1766 2891 1819 καθ’
2939 1765 3167 1836 ἑκάστην
3213 1765 3396 1840 γενεὰν
3441 1763 3528 1820 διά
3552 1769 3659 1820 τῶν
3695 1763 3859 1821 δυνα-

435 1862 646 1920 bilium
677 1859 1115 1916 efﬁciendorum
1141 1858 1258 1914 vim
1293 1863 1350 1915 et
1378 1859 1714 1915 facultatem
1748 1875 1951 1931 capere
1983 1875 2087 1932 po-

2217 1852 2381 1923 μένων
2413 1859 2664 1928 χωρῆσαι
2713 1853 2814 1921 τήν
2863 1852 3134 1927 ἰνὲργειαν
3181 1857 3287 1908 τῶν
3340 1852 3857 1930 Θαυμασίων.Ῑ[ρό-

435 1954 697 2008 tuerunt.
713 1947 974 2004 Primum
994 1948 1233 2020 quidem
1253 1948 1438 2004 edidit
1459 1949 1727 2022 prodigia
1744 1949 1802 2004 in
1824 1953 2091 2021 Egypto,

439 2041 650 2098 deinde
681 2039 741 2094 in
773 2053 986 2107 eremo,
1010 2042 1134 2094 tum
1168 2042 1336 2094 etate
1375 2039 1518 2094 Jesu
1567 2038 1672 2094 filii
1720 2039 1898 2104 Nave,
1931 2037 2094 2094 deni-

439 2147 552 2204 que
580 2133 844 2199 tempore
865 2125 1140 2197 judicum
1166 2131 1224 2183 et
1254 2126 1699 2199 prophetarum,
1719 2127 1821 2200 qui
1853 2143 2097 2199 magna-

439 2235 571 2274 rum
615 2231 811 2272 rerum
845 2213 1098 2270 ministri
1139 2215 1510 2272 exstiterunt.
1542 2215 1711 2271 Nune
1742 2218 1937 2271 autem
1970 2231 2098 2270 ma-

439 2323 553 2364 nus
584 2302 817 2361 Domini
847 2301 1077 2359 ostendi
1108 2303 1322 2360 dicitur
1362 2303 1421 2358 in
1467 2303 1717 2360 adventu
1751 2304 1935 2360 nostri
1965 2307 2100 2359 Ser-

441 2393 684 2460 vatoris,
715 2391 989 2448 morbum
1031 2408 1288 2460 omnem,
1322 2408 1676 2465 omnemque
1721 2393 1924 2465 populi
1968 2391 2101 2448 lan-

445 2497 686 2558 guorem
735 2483 792 2536 et
834 2479 1239 2536 infirmitatem
1296 2481 1578 2552 curantis,
1627 2498 1693 2537 ac
1750 2497 1817 2537 ea
1865 2497 1992 2554 quae
2040 2479 2101 2536 in

446 2568 756 2642 Evangelio
787 2568 1100 2642 prmdicata
1129 2573 1289 2635 sunt,
1321 2570 1700 2640 perficientis.
1731 2570 1880 2626 Nam
1911 2569 2105 2626 Domi-

447 2677 562 2716 nus
603 2659 848 2730 insuper
900 2657 1052 2713 hane
1099 2657 1373 2714 virtutem
1427 2659 1702 2730 ostendit,
1735 2659 1889 2731 quod
1939 2659 2107 2730 signa

449 2749 647 2823 priora
676 2746 1091 2818 inobsequenti
1126 2746 1342 2818 populo
1374 2747 1446 2802 ad
1469 2748 1568 2804 Dei
1593 2748 1985 2818 cognitionem
2015 2748 2108 2803 de-

450 2837 718 2895 ducendo
742 2835 886 2892 satis
922 2835 1102 2892 fuisse
1129 2834 1256 2890 visa
1287 2852 1402 2891 non
1435 2837 1573 2892 sint.
1597 2838 1660 2894 Ut
1689 2837 1826 2892 zelet
1856 2837 2111 2892 relictum

451 2925 737 2984 residuum
784 2925 1004 2997 populi.
1037 2925 1174 2980 Eam
1203 2924 1277 2980 ob
1308 2941 1430 2981 rem
1464 2924 1722 2996 adjiciat,
1756 2930 1819 2981 ut
1867 2941 2109 2980 manum

455 3015 749 3084 ostendat,
782 3018 848 3069 ut
879 3014 951 3069 ad
982 3012 1170 3069 zelum
1213 3014 1492 3085 perducat
1540 3015 1841 3070 residuum
1874 3012 2110 3086 populi;

455 3121 606 3178 quas
636 3103 921 3175 reliquias
951 3102 1032 3158 ait
1075 3103 1147 3158 ab
1181 3102 1451 3159 hostibus
1480 3103 1804 3160 incolumes
1837 3119 2110 3175 perman-

457 3196 626 3250 sisse.
659 3191 807 3255 Quin
839 3195 897 3246 et
939 3189 1376 3247 multitudinem
1426 3208 1655 3262 eorum,
1680 3191 1780 3265 qui
1812 3191 1957 3264 ipsis
1988 3190 2109 3246 bel-

458 3281 585 3337 lum
634 3277 907 3346 intulere,
955 3283 1239 3346 recenset,
1272 3279 1592 3352 Assyriam,
1633 3281 2112 3353 Egyptum,'.Ba-

464 3367 762 3441 bylonem,
796 3366 1097 3439 Ethiopas
1141 3368 1318 3435 509,
1354 3367 1656 3438 Elamitas,
1689 3368 1936 3441 populos
1975 3368 2118 3425 solis

465 3456 707 3516 orientis
738 3454 971 3528 plagam
1003 3454 1348 3524 incolentes,
1372 3460 1430 3511 et
1458 3457 1700 3512 Arabas.
1734 3457 1986 3513 Historia
2014 3475 2118 3514 au-

467 3552 589 3603 tem
620 3545 714 3600 his
746 3543 1009 3600 conferta
1038 3549 1144 3600 est.
1199 3545 1294 3600 Ait
1335 3544 1570 3617 quidem
1603 3545 1674 3600 de
1701 3544 2068 3617 [Ethiopibus
2102 3562 2116 3603 :

468 3635 658 3692 Exivit
684 3635 854 3690 Zarai
881 3632 1129 3704 Ethiops
1159 3635 1219 3689 in
1250 3635 1474 3701 virtute,
1497 3642 1549 3689 et
1571 3651 1630 3689 in
1660 3633 1816 3690 mille
1843 3635 2118 3702 millibus,

467 3729 519 3781 et
548 3723 807 3779 curribus
847 3723 1124 3778 trecentis.
1153 3723 1220 3778 Et
1248 3738 1494 3794 egressus
1537 3731 1616 3780 est
1662 3724 1770 3779 Asa
1823 3724 1886 3779 in
1930 3739 2122 3780 occur-

465 3828 608 3880 sum,
643 3815 694 3867 et
743 3812 1009 3868 clamavit
1055 3810 1126 3866 ad
1180 3812 1498 3878 Dominum,
1546 3815 1598 3868 et
1641 3812 1831 3868 dixit:
1864 3816 2120 3882 Domine,

463 3917 579 3958 non
615 3909 700 3956 est
732 3899 1050 3972 impossible
1077 3901 1236 3972 apud
1283 3905 1334 3956 te
1380 3901 1602 3957 sulvare
1647 3903 1708 3957 in
1763 3902 1954 3958 multis
1983 3907 2033 3958 et
2061 3905 2122 3959 in

462 3992 688 4064 paucis.
723 3989 1028 4046 Con-abora
1055 4005 1171 4057 nos,
1205 3991 1436 4046 Domine
1461 3991 1606 4046 Deus
1632 3995 1834 4058 noster,
1865 3994 2126 4063 quoniam

475 4083 535 4137 in
564 4083 615 4136 te
643 4079 964 4149 conﬁdimus
994 4096 1012 4134 :
1044 4087 1097 4134 et
1127 4080 1184 4134 in
1216 4081 1438 4136 nomine
1466 4087 1556 4135 tuo
1589 4082 1835 4135 venimus
1863 4080 2123 4135 adversus

467 4167 887 4225 multitudinem
937 4168 1242 4238 plurimam
1291 4168 1454 4224 hanc.
1488 4169 1717 4225 Domine
1748 4173 1889 4224 Deus
1918 4173 2121 4239 noster,

468 4273 581 4315 non
609 4256 916 4328 praedicat
939 4255 1228 4312 adversum
1259 4260 1310 4312 te
1339 4257 1495 4312 homo
1515 4258 1581 4311 ⁸¹.
1606 4256 1830 4328 Assyrii
1861 4273 1992 4312 vero
2022 4273 2122 4313 eos

471 4346 765 4401 abduxere
794 4343 855 4399 in
884 4344 1281 4416 captivitatem
1303 4345 1380 4413 ⁸²;
1413 4345 1484 4400 ab
1508 4343 1673 4400 initio
1705 4345 1763 4400 in
1783 4345 2122 4402 servitutem

470 4447 570 4488 eos
629 4433 903 4488 addixere
959 4431 1208 4504 Egyptii
1231 4433 1296 4501 ⁸³,
1340 4437 1397 4488 et
1441 4433 1978 4491 Nabuchodonosor
2023 4452 2122 4492 rex

2199 1961 2353 2018 τερον
2391 1941 2483 2014 μὶν
2535 1940 2638 2017 γὰρ
2692 1941 2758 1996 τὰ
2810 1941 3061 2017 τεράστια
3106 1936 3298 2015 ἔδειξεν
3340 1941 3393 2000 ἐν
3426 1941 3706 2018 Αἰγύπτῳ·
3741 1945 3858 1998 εἶτα

2205 2031 2256 2086 ἰν
2286 2033 2356 2104 τῇ
2413 2029 2626 2104 ἰρήμῳ·
2678 2030 2790 2084 εἶτα
2835 2031 2971 2085 κατὰ
2999 2031 3123 2092 τοὸς
3177 2035 3276 2086 τοῦ
3329 2031 3510 2102 Ἰησοῦ
3556 2036 3654 2088 τοῦ
3703 2039 3856 2102 Ναυῆ

2205 2118 2480 2195 χρόνους’
2543 2119 2657 2173 εἶτα
2709 2120 2845 2175 κατά
2895 2118 3025 2182 τοὺς
3085 2119 3312 2196 Κριτὰς,
3371 2120 3461 2175 καὶ
3518 2119 3588 2176 τὰ
3647 2120 3862 2197 μεγάλα

2209 2205 2706 2280 διακονησαμένους
2788 2210 3071 2284 προφήνας
3107 2252 3121 2266 .
3172 2211 3276 2262 Νῦν
3336 2205 3395 2264 δὶ
3466 2210 3590 2285 χεὶρ
3651 2209 3863 2285 Κυρίου

2211 2295 2510 2361 δείκνυσθαι
2572 2293 2789 2373 λέγεται
2865 2297 3002 2352 κατὰ
3055 2298 3154 2366 τὴν
3232 2295 3525 2371 ἐπιδημίαν
3584 2302 3685 2353 τοῦ
3746 2305 3869 2354 Σω-

2209 2393 2378 2461 τῆρος
2430 2387 2632 2458 ἡμῶν,
2687 2389 2860 2441 πᾶσαν
2939 2386 3094 2442 νόσον
3181 2387 3270 2441 καὶ
3328 2392 3500 2442 πᾶσαν
3589 2385 3864 2461 μαλακίαν

2213 2473 2602 2548 θεραπεύοντος
2656 2474 2708 2529 ιν
2765 2479 2845 2548 τῷ
2905 2475 3046 2549 λαῷ,
3103 2474 3191 2531 καί
3248 2479 3532 2538 ποιοῦντος
3576 2476 3645 2532 τὰ
3692 2476 3744 2530 ἂν
3787 2482 3867 2550 τῷ

2214 2561 2534 2639 Εὒαγγελίῳ
2604 2563 2986 2641 κεκηρυγμένα
3019 2609 3033 2622 .
3089 2563 3298 2636 Ταύτην
3355 2565 3457 2641 γὰρ
3531 2566 3629 2634 τὴν
3689 2562 3871 2620 δύνα-

2219 2674 2310 2726 μιν
2371 2653 2702 2728 προσέθηκεν
2761 2654 2789 2706 6
2848 2653 3050 2728 Κύριος
3106 2651 3306 2724 δεὶξαι,
3365 2651 3554 2722 ἐπειδὴ
3605 2654 3675 2708 τὰ
3731 2675 3872 2729 προ-

2217 2739 2457 2797 λαϐόντα
2513 2741 2613 2796 οὐκ
2686 2739 2851 2819 ἐφάνη
2928 2741 3166 2818 αὐτάρκη
3249 2743 3384 2816 πρὸς
3457 2742 3518 2796 τὸ
3586 2741 3866 2817 ἐναγαγεῖν

2220 2831 2296 2893 είς
2363 2831 2460 2900 τὴν
2535 2831 2860 2906 θεογνωσίαν
2936 2831 3026 2886 τὸν
3115 2831 3441 2895 ἀπειθοῦντα
3524 2829 3655 2886 λαόν
3691 2875 3705 2890 .
3761 2837 3869 2888 Τοῦ

2223 2917 2468 2990 ζηλῶσαι
2551 2918 2612 2972 τὸ
2694 2917 3048 2994 καταλειφθὲν
3134 2919 3434 2975 ὁπόΑοιπὸν
3510 2925 3608 2975 τοῦ
3703 2919 3870 2978 λαοῦ.

2223 3008 2321 3062 Διὰ
2375 3011 2536 3062 τοῦτο
2612 3009 2910 3084 προσθήσει
2991 3009 3088 3077 την
3167 3014 3328 3083 χεῖρα
3399 3006 3585 3079 δεῖξαι,
3639 3006 3735 3063 ’ίνα
3790 3007 3872 3071 εἷς

2225 3094 2391 3167 ζῆλον
2445 3093 2617 3170 ἀγάγῃ
2677 3097 2789 3170 (58)
2847 3095 2908 3151 τὸ
2971 3095 3272 3152 ύπόλοιπὸν
3331 3101 3427 3152 τοῦ
3486 3095 3622 3152 λαοῦ
3657 3117 3669 3129 ·
3730 3099 3868 3173 δπερ

2225 3183 2480 3260 λείψανον
2539 3181 2718 3260 λέγειν
2779 3187 2912 3240 εἶναι
2971 3185 3076 3241 ἀπὸ
3125 3190 3232 3242 τῶν
3285 3183 3569 3259 πολεμίων
3627 3207 3872 3262 περισω-

2229 3275 2336 3338 etv.
2392 3271 2498 3329 Καὶ
2555 3273 2943 3350 ἀπαριθμεῖται
2993 3276 3054 3330 τὸ
3107 3272 3321 3344 πλῆθος
3367 3279 3474 3331 τῶν
3518 3273 3877 3349 πολεμησάν-

2224 3385 2352 3437 των,
2412 3363 2695 3438 Ἀσσυρίαν
2751 3367 2886 3440 (59),
2945 3364 3035 3420 καί
3086 3363 3365 3442 Αἴγυπτον
3393 3408 3407 3435 ,
3461 3367 3550 3421 καὶ
3612 3361 3877 3421 Βαϐυλω-

2226 3453 2360 3522 νίαν,
2408 3451 2695 3521 Αἰθίοπας,
2753 3454 2842 3508 καὶ
2901 3453 3195 3528 Ἐλαμίτας
3252 3457 3344 3510 καὶ
3398 3456 3525 3518 τοὺς
3557 3456 3662 3510 ἀπὸ
3709 3454 3881 3526 ἡλίου

2229 3539 2506 3598 ἀνατολῶν
2543 3587 2558 3611 ,
2616 3544 2703 3598 καὶ
2763 3539 3024 3619 Ἄραϐας.
3086 3543 3315 3622 Πλήρης
3369 3547 3404 3615 ἡ
3466 3544 3711 3620 ἱστορία,
3774 3565 3880 3600 πε-

2229 3632 2282 3705 ρὶ
2343 3631 2435 3704 μιν
2496 3630 2776 3695 Αἶθιόπων
2857 3631 3137 3707 λέγουσα,
3199 3635 3280 3690 δτι
3335 3633 3563 3708 Ἐξῆλθε
3616 3635 3786 3712 Ζαραὶ
3846 3635 3878 3690 6

2229 3718 2430 3793 Αἰθίοψ
2486 3719 2536 3775 ἰν
2598 3717 2844 3795 δυνάμει,
2903 3721 2992 3777 καὶ
3051 3720 3264 3799 χιλίαις
3317 3722 3575 3800 χιλιάσι,
3633 3724 3724 3778 καὶ
3780 3720 3882 3799 ἅρ-

2233 3829 2362 3882 μασι
2432 3809 2764 3884 τριακοσίοις
2799 3851 2811 3864 .
2875 3811 2974 3866 Καὶ
3043 3809 3263 3882 ἐξῆλθεν
3334 3811 3474 3868 ’Λσᾶ
3544 3813 3619 3873 είς
3693 3810 3889 3866 συνάν-

2227 3917 2404 3969 τησιν,
2462 3897 2550 3952 καὶ
2613 3893 2808 3968 ἐϐόησε
2858 3900 2994 3974 πρὸς
3053 3899 3270 3976 Κύριον,
3329 3899 3420 3955 καὶ
3479 3901 3632 3956 εἴπεο
3694 3901 3886 3976 Κύριε,

2233 3985 2332 4041 οὐκ
2387 3984 2632 4042 ἀδυνατεῖ
2686 3988 2831 4063 παρά
2888 4010 2972 4044 σοι
3023 3989 3213 4059 σώζειν
3272 3989 3324 4045 ιν
3383 3987 3620 4053 πολλοῖς
3673 3990 3768 4044 καὶ
3827 3989 3883 4044 ἐν

2231 4072 2442 4150 ὀλίγοις
2476 4119 2488 4132 .
2547 4075 2884 4152 Κατίσχυσον
2940 4080 3128 4150 ἡμᾶς,
3185 4077 3348 4154 Κύριε
3404 4079 3432 4133 6
3492 4079 3624 4140 Θεὸς
3670 4081 3833 4152 ἡμῶν
3871 4122 3887 4149 ,

2230 4162 2312 4218 δτι
2370 4163 2456 4219 ἐπὶ
2515 4165 2597 4220 σοὶ
2655 4165 3012 4240 πεποίθαμεν,
3070 4166 3160 4222 καὶ
3209 4166 3297 4221 ἐπὶ
3353 4171 3432 4239 τῷ
3493 4166 3722 4240 ὀνόματί
3781 4188 3880 4222 σου

2229 4253 2472 4327 ἤλθομεν
2529 4252 2617 4309 ἆπὶ
2669 4255 2729 4310 τὸ
2783 4254 2997 4325 πλῆθος
3053 4256 3116 4311 τὸ
3175 4253 3319 4312 πολὺ
3383 4260 3566 4313 τοῦτο.
3628 4256 3796 4332 Κύριε
3852 4258 3882 4313 6

2231 4343 2360 4407 Θεὸς
2415 4345 2626 4418 ἡμῶν,
2689 4346 2764 4416 μὴ
2824 4347 3204 4420 κατισχυσάτω
3261 4347 3398 4420 πρὸς
3457 4346 3514 4401 ei
3570 4341 3880 4420 ἅνθρωπος.

2231 4432 2506 4509 ’Δσσύριοι
2572 4430 2630 4488 δὲ
2685 4433 2821 4502 ἦσαν
2878 4434 2928 4489 ol
2986 4432 3881 4510 αίχμαλωτεύσαντεςοκαὶΑἷγύο

469 4519 784 4594 Babylonis
843 4519 1106 4591 captivos
1156 4537 1254 4576 eos
1310 4521 1477 4576 duxit
1500 4522 1564 4577 ⁸⁸.
1615 4522 1874 4578 Ειεωὶιω
1921 4529 2105 4581 autem

2227 4543 2376 4576 πτιοι
2408 4522 2459 4576 οἱ
2492 4521 2541 4594 ἐξ
2575 4521 2756 4598 ἀρχῆς
2783 4521 3354 4598 καταδουλωσάμενοι,
3385 4524 3473 4580 καὶ
3513 4519 3882 4600 Ναϐουχοδο-

470 4613 612 4666 sunt
642 4625 828 4680 genus
869 4609 1225 4676 Parthicum,
1258 4612 1410 4682 quod
1443 4627 1576 4667 cum
1619 4611 1825 4668 incolis
1856 4613 2116 4687 Mesopo-

469 4697 664 4755 tamia
697 4697 874 4770 Syriis
904 4697 964 4752 in
1001 4697 1269 4754 Israelem
1315 4716 1430 4754 non
1475 4715 1606 4758 raro
1635 4699 1866 4758 invasit.
1903 4704 2121 4759 Arabes

469 4787 709 4843 tandem
759 4801 905 4858 gens
955 4785 1184 4857 bellica,
1218 4787 1378 4845 nullo
1427 4806 1540 4845 non
1590 4793 1848 4863 tempore
1890 4792 2122 4848 Israelis

471 4875 669 4932 hostes
701 4875 882 4932 fuere.
917 4875 1020 4930 His
1070 4875 1247 4947 igitur
1291 4879 1567 4935 omnibus
1597 4895 1878 4951 generoso
1907 4882 2120 4937 semini

471 4962 692 5019 bellum
730 4963 1104 5036 facientibus,
1137 4967 1236 5021 alii
1264 4966 1602 5035 vincuntur,
1637 4967 1879 5025 vincunt
1906 4969 2024 5025 alii.
2058 4971 2125 5026 Ft

471 5051 612 5124 quia
660 5053 934 5110 exstitere
965 5053 1234 5126 victores,
1268 5055 1567 5128 nullisque
1613 5055 1914 5113 laboribus
1962 5075 2123 5115 exer-

2225 4609 2385 4686 νόσορ
2444 4610 2550 4666 ἀπὸ
2596 4618 2694 4681 τῆς
2743 4607 3111 4676 Βαϐυλωνίας.
3141 4612 3434 4687 Ἐλαμῖται
3471 4610 3528 4669 δέ
3555 4612 3658 4668 εἰσι
3691 4613 3756 4668 τὸ
3786 4614 3876 4689 γί-

2228 4721 2324 4763 νος
2346 4703 2454 4754 τῶν
2502 4700 2842 4776 Παρθυαίων,
2875 4702 2904 4756 ’ὃ
3097 4703 3231 4776 μετὰ
3276 4706 3385 4758 τῶν
3436 4703 3541 4758 ἀπὸ
3569 4701 3668 4770 τῆς
3698 4695 3897 4760 Haec?

2229 4788 2500 4862 ποταμίας
2534 4789 2730 4866 Συρίας
2760 4788 3033 4855 πολλάκις
3085 4790 3302 4856 ιπάθετο
3329 4795 3410 4864 τῷ
3439 4791 3676 4862 Ἰσςαήλ.
3707 4795 3882 4868 "Apa-

2231 4873 2320 4940 ϐες
2352 4876 2408 4933 St
2437 4876 2584 4941 ἔθνος
2613 4878 2910 4952 πολέμιον,
2943 4882 3118 4936 πάντα
3151 4883 3248 4956 ’τὸν
3301 4877 3501 4957 χρόνον
3549 4880 3883 4954 ἓκπολεμώ-

2235 4988 2392 5040 μενον
2422 4973 2502 5038 τῷ
2541 4969 2781 5044 Ἰσραήλ.
2817 4971 3035 5025 Πάντων
3087 4971 3177 5025 οὗν
3221 4970 3434 5026 τούτων
3482 4969 3881 5043 πολεμούντων

2229 5060 2308 5130 τῷ
2339 5056 2542 5133 εὐγενεῖ
2570 5057 2860 5131 σπέρματι,
2906 5059 2956 5113 οἱ
3010 5060 3104 5132 μὲν
3162 5062 3453 5130 ἡττῶνται,
3482 5061 3535 5116 οἱ
3565 5057 3622 5114 δὲ
3669 5059 3886 5134 περιγίο

541 5214 588 5298 1'
617 5216 640 5271 Ι
669 5216 802 5298 lieg.
827 5233 890 5298 it,
923 5217 1032 5298 30:.
1164 5218 1340 5298 [Con
1372 5236 1465 5285 xv,
1498 5219 1587 5298 44.
1661 5221 1706 5255 ⁸ο
1734 5221 1903 5277 Joan.
1952 5235 2067 5289 XIV.

2249 5223 2292 5258 ⁸¹
2327 5221 2375 5277 ΙΙ
2410 5220 2596 5278 Paral.
2629 5238 2746 5291 XIV,
2775 5222 2934 5280 9-11.
3008 5223 3055 5260 ⁸³
3084 5223 3157 5280 IV
3191 5225 3330 5298 Reg.
3362 5241 3458 5294 xv,
3487 5224 3591 5294 29;
3643 5239 3781 5292 xm,
3814 5225 3879 5279 6.

468 5287 513 5322 ⁸³
543 5287 719 5346 Exod.
752 5287 795 5358 ἱ,
829 5289 915 5344 14.
993 5289 1039 5325 ⁸⁸
1069 5289 1138 5346 IV
1167 5290 1310 5362 Reg.
1340 5307 1492 5362 xxxv,
1527 5291 1614 5347 14.

541 5429 654 5500 (58)
684 5429 836 5507 _Ed_iti
866 5435 924 5487 et
952 5435 1089 5504 Reg.
1123 5431 1371 5503 primus,
1403 5429 1657 5507 ἀναγάγη.
1692 5431 1802 5489 Alii
1854 5433 2112 5505 quinque

469 5517 637 5567 mss.,
673 5500 871 5628 ἀγάέῃ.
1037 5500 1063 5504 ⁷
1124 5500 1142 5503 “
1359 5500 1362 5501 ν
1514 5500 1524 5506 ’
1581 5500 1592 5507 ⁷
1869 5500 1889 5504 “
2018 5500 2035 5505 “

479 5646 482 5647 ν
543 5573 653 5640 (59)
683 5577 756 5647 Cp
803 5589 884 5647 ex_
913 5573 1004 5647 Fr:
1037 5573 1085 5640 1,
1131 5570 1561 5645 πολεμησάντων
1594 5573 1886 5647 Ἀσσυρίων
1936 5592 2113 5647 quam

470 5646 594 5699 tam
625 5643 840 5700 malam
872 5642 1180 5701 lectionem
1213 5642 1479 5703 secutum
1524 5647 1704 5705 fuisse
1733 5642 2112 5706 Tilmannum

473 5731 620 5787 agre
650 5716 760 5772 fert
787 5716 1195 5776 Combeﬁsius.
1227 5719 1336 5776 Alii
1380 5719 1642 5793 quinque
1685 5738 1824 5780 mss.
1861 5724 1919 5780 et
1947 5723 2112 5796 editi,

2229 5432 2540 5507 Ἀσσυρίαν,
2565 5435 2732 5494 bene.
2756 5440 2884 5493 Mox
2913 5439 3134 5496 veteres
3161 5442 3279 5496 tres
3309 5437 3464 5507 libri,
3497 5430 3890 5505 Βαϐυλωνίαν,

2227 5505 2676 5654 et
2704 5583 2842 5652 Reg.
2878 5581 3122 5653 primus,
3159 5578 3229 5638 οἵ.
3265 5581 3375 5654 Alii
3415 5581 3690 5654 quinque
3710 5596 3886 5649 mss.,

2223 5649 2273 5718 ὁ,
2305 5649 2827 5729 recte.__Aliq_uanto
2860 5649 2993 5726 post
3031 5653 3196 5726 editi,
3224 5652 3316 5709 τὸν
3349 5649 3598 5729 Ἰσραήλῖ
3627 5653 3696 5708 Ai
3730 5670 3888 5712 mss.

2222 5741 2341 5795 sex,
2373 5727 2450 5797 τῷ
2475 5721 2718 5798 Ἰσραήλ.
