4118 6220
227 413 342 474 557

891 404 1300 468 COMMENT.
1345 403 1424 465 IN
1469 402 1740 465 ISAIAM
1781 400 2287 466 PROPHETAM.
2334 402 2507 464 CAP.
2554 403 2635 466 XI
2679 405 2778 466 ET
2819 404 2954 468 XII.

3517 415 3639 476 588

221 559 438 614 νονται,
493 536 583 593 καὶ
647 532 736 590 διὰ
792 535 854 590 τὸ
910 535 1318 610 περιγενέσθαι,
1372 531 1462 588 καὶ
1527 531 1579 588 ἐν
1629 530 1864 593 πολλοῖς

1982 532 2145 589 citati
2177 534 2359 605 fuere,
2387 533 2548 590 velut
2592 535 2900 606 cujusdam
2940 537 3162 609 praemii
3197 537 3322 596 loco
3373 540 3431 596 id
3483 543 3644 599 acci-

217 630 406 690 πόνοις
452 625 848 702 γεγυμνάσθαι,
894 623 1009 680 οἶόν
1057 641 1109 679 τι
1161 623 1326 680 ἆθλον
1377 617 1718 697 λαμϐάνουσι
1763 623 1864 690 τήν

213 719 532 795 προσθήκην
565 717 840 789 θεωρῆσαι
867 719 968 783 τῆς
1001 709 1349 785 δεικνυμένης
1375 711 1562 787 χειρὸς
1591 713 1688 765 τοῦ
1711 713 1864 766 Θεοῦ.

218 809 305 863 Διὸ
334 807 426 861 καὶ
460 803 702 876 ζηλωτοὶ
733 798 945 859 ἔσονται
981 801 1114 875 μετᾶ
1138 801 1236 864 τὰς
1280 797 1551 874 ἀριστείας
1599 799 1690 854 καὶ
1736 797 1864 860 τοὺς

215 897 437 959 πόνους.

277 988 405 1043 249.
468 984 568 1039 Καὶ
619 983 760 1059 ἀρεῖ,
823 980 980 1059 φησὶ,
1031 984 1260 1054 σημεῖον
1315 979 1394 1042 εἰς
1449 979 1519 1034 τὰ
1574 972 1723 1048 ἔθνη,
1772 977 1863 1032 καὶ

211 1075 417 1146 συνάξει
507 1071 636 1135 τοὺς
746 1069 1128 1143 ἀπολομένους
1208 1069 1429 1142 Ἰσραὴλ
1464 1113 1478 1140 ,
1563 1067 1650 1122 καὶ
1734 1065 1862 1128 τοὺς

1976 622 2146 694 piunt
2173 622 2582 694 additamenti,
2615 629 2682 680 ut
2729 642 2972 682 manum
3003 627 3107 683 Dei
3143 629 3520 699 conspicuam
3568 648 3636 688 ac

1977 711 2349 768 manifestam
2377 713 2761 785 conspiciant.
2785 715 3152 788 Quapropter
3172 719 3349 774 etiam
3374 723 3506 791 post
3535 736 3632 778 res

1976 801 2204 857 fortiter
2249 807 2444 875 gestas
2477 808 2534 860 et
2565 803 2795 860 labores
2846 806 3170 863 exantlatos
3217 808 3440 865 invidia
3469 809 3634 882 digni

1974 894 2147 946 erunt
2177 896 2351 962 atque
2380 891 2768 948 aemulatione.

2044 980 2168 1034 249.
2197 980 2396 1052 (Vens.
2425 981 2536 1053 12.)
2558 984 2624 1036 Et
2659 983 2880 1052 levabit,
2911 983 3122 1056 inquit,
3151 987 3376 1054 signum
3406 987 3468 1043 in
3495 1005 3628 1060 gen-

1973 1077 2075 1134 tes,
2109 1077 2160 1123 et
2185 1070 2536 1140 congregabit
2582 1071 2823 1142 perditos
2872 1073 3062 1140 Israel,
3094 1082 3147 1129 et
3191 1074 3458 1145 dispersos
3488 1078 3630 1134 Juda

211 1163 640 1240 διεσπαρμένους
727 1165 825 1216 τοῦ
883 1157 1066 1216 Ἰούδα
1143 1157 1348 1228 συνάξει
1407 1159 1467 1212 ἐκ
1518 1160 1624 1212 τῶν
1677 1157 1864 1212 τεσσά-

210 1275 314 1331 ρων
373 1251 665 1329 πτερύγων
723 1257 825 1320 τῆς
879 1255 1004 1324 γῆς.
1037 1249 1100 1304 Ἥ
1159 1246 1250 1302 οὖν
1309 1246 1430 1322 ῥίζα
1457 1250 1555 1301 τοῦ
1585 1246 1799 1312 Ἰεσσαὶ,
1832 1246 1860 1298 6

206 1342 432 1407 ἀναστὰς
462 1340 552 1397 ἐπὶ
581 1344 662 1412 τῷ
687 1341 802 1414 (61)
836 1338 1026 1415 ἄρχειν
1055 1338 1164 1392 τῶν
1199 1334 1389 1405 ἐθνῶν,
1425 1336 1583 1398 οὗτος
1609 1334 1728 1410 ἀρεῖ
1755 1355 1860 1405 ση-

209 1436 353 1505 μεῖον
385 1429 466 1493 εἷς
491 1430 558 1486 τὰ
589 1428 741 1500 ἔθνη,
762 1425 858 1482 ’ίνα
889 1430 1231 1502 συναχθῶσιν
1267 1427 1318 1481 0i
1340 1423 1716 1498 ἀπολλύμενοι
1745 1425 1858 1497 (62)

203 1527 297 1576 τοῦ
341 1519 595 1596 Ἰσραήλ.
633 1516 806 1582 Ἦλθε
852 1517 952 1593 γὰρ
1003 1517 1031 1570 6
1089 1516 1212 1578 Υἱὸς
1261 1519 1358 1570 τοῦ
1418 1514 1701 1590 ἀνθρώπου
1762 1517 1857 1584 ζη-

207 1617 361 1681 τῆσαι
424 1610 512 1664 καὶ
575 1611 745 1662 σῶσαι
804 1606 867 1661 τὸ
925 1603 1242 1667 ἀπολωλός.
1289 1607 1461 1662 Τοῦτο
1520 1602 1576 1659 δέ
1633 1603 1742 1662 ἐστι
1793 1603 1856 1658 τὸ

212 1703 463 1772 σημεῖον,
495 1696 524 1751 ’ὁ
554 1697 684 1770 ἦρεν
713 1693 791 1758 εἷς
817 1692 885 1748 τὰ
921 1689 1070 1763 ἔθνη,
1103 1693 1166 1747 τὸ
1214 1691 1265 1746 έν
1321 1697 1438 1754 τοῖς
1494 1688 1858 1767 Εύαγγελίοις

1971 1159 2328 1229 congregabit
2383 1175 2452 1215 ex
2509 1165 2744 1231 quatuor
2801 1163 2906 1218 alis
2961 1171 3140 1218 terrae.
3203 1164 3405 1235 Itaque
3460 1167 3628 1223 radix

1969 1247 2152 1315 Jesse,
2186 1261 2290 1300 seu
2323 1245 2420 1317 qui
2475 1248 2736 1319 exsurgit
2767 1250 2838 1304 ad
2881 1249 3293 1321 imperandum
3326 1253 3624 1325 gentibus,

1969 1332 2065 1388 hic
2095 1333 2189 1389 ille
2219 1334 2381 1389 tollet
2411 1335 2650 1407 signum
2690 1337 2842 1393 inter
2879 1344 3106 1410 gentes,
3140 1344 3204 1395 ut
3231 1340 3270 1395 ii
3303 1343 3403 1412 qui
3437 1344 3622 1414 perie-

1969 1428 2109 1477 runt
2139 1439 2206 1478 ex
2258 1423 2458 1490 Israel,
2490 1425 2549 1479 in
2599 1442 2782 1481 unum
2831 1433 3240 1500 aggregentur.
3278 1432 3430 1486 Venit
3461 1431 3621 1488 enim

1967 1512 2149 1568 Filius
2179 1513 2421 1570 hominis
2463 1531 2727 1586 quaerere,
2757 1521 2807 1571 et
2854 1516 3074 1572 salvum
3123 1519 3306 1588 facere
3356 1520 3497 1591 quod
3522 1537 3622 1590 pe-

1965 1603 2219 1659 rierat“.
2265 1603 2506 1674 Signum
2557 1608 2749 1660 autem
2783 1606 2936 1676 quod
2986 1605 3194 1662 levavit
3225 1607 3284 1662 in
3315 1608 3616 1680 gentibus,

1966 1692 2074 1748 hoc
2122 1692 2319 1765 ipsum
2367 1697 2474 1762 est,
2527 1694 2696 1764 cujus
2747 1693 2810 1748 fit
2861 1694 3078 1750 mentio
3129 1696 3188 1750 in
3241 1697 3615 1769 Evangeliis:

211 1786 538 1861 λεγόμενονο
572 1786 838 1858 Ὄψονται
886 1783 948 1837 τὸ
1006 1786 1236 1855 σημεῖον
1283 1785 1380 1836 τοῦ
1431 1781 1559 1835 Υἱοῦ
1604 1784 1700 1835 τοῦ
1758 1780 1853 1834 ἀν-

1978 1783 2232 1838 Videbunt
2258 1782 2475 1852 signum
2509 1782 2641 1837 Filii
2681 1784 2924 1838 hominis
2945 1783 2987 1818 “
3014 1801 3026 1838 :
3055 1786 3206 1856 quod
3243 1785 3457 1842 dixeris
3489 1803 3618 1844 esse

209 1876 451 1950 θρώπου·
488 1873 622 1950 ὅπερ
655 1875 845 1952 φήσεις
895 1870 1028 1926 εἶναι
1077 1871 1167 1925 τὸν
1214 1870 1440 1945 σταυρὸν
1497 1873 1593 1925 τοῦ
1651 1869 1852 1944 Κυρίου

1978 1887 2194 1927 :rucem
2227 1870 2459 1926 Domini
2492 1871 2675 1926 nostri
2704 1872 2845 1928 Jesu
2878 1872 3114 1945 Christi,
3139 1891 3242 1946 per
3271 1891 3450 1947 quam
3481 1893 3614 1934 san-

205 1967 360 2038 ἡμῶν
392 1968 584 2034 Ἰησοῦ
637 1965 898 2037 Χριστοῦ,
932 1958 1002 2015 δι’
1049 1961 1111 2015 οὗ
1165 1965 1281 2022 τοῖς
1335 1959 1508 2034 ἁγίοις
1567 1960 1594 2014 6
1648 1958 1854 2032 κόσμος

1978 1960 2070 2016 :tis
2101 1958 2414 2016 cruciﬁxus
2445 1960 2703 2016 mundus
2735 1965 2844 2032 est,
2873 1965 2930 2018 et
2961 1962 3077 2035 ipsi
3117 1965 3339 2020 mundo
3361 1967 3403 1999 ‘7
3437 1984 3450 2022 :
3484 1966 3612 2037 qui-

202 2053 560 2127 ισταύρωται,
591 2052 682 2108 καὶ
716 2050 870 2106 αὐτοὶ
901 2054 980 2123 τῷ
1010 2049 1226 2122 κόσμῳ’
1259 2048 1313 2104 έν
1345 2049 1390 2122 ᾧ
1420 2048 1508 2103 καὶ
1557 2047 1709 2123 λέγει
1755 2052 1852 2102 τοῦ

1978 2067 2073 2106 )us
2098 2049 2293 2105 verbis
2317 2049 2585 2105 enuntiat
2608 2050 2783 2105 etiam
2807 2050 2923 2107 vim
2947 2052 3098 2124 signi
3121 2056 3296 2124 atque
3317 2055 3612 2111 virtutem.

202 2143 438 2215 σημείου
483 2142 582 2210 τὴν
634 2137 886 2213 δύναμιν.
921 2137 1020 2193 Διὰ
1059 2137 1111 2193 τί
1170 2139 1282 2211 (63)
1326 2135 1416 2192 διὰ
1461 2141 1692 2213 σταυροῦ
1729 2138 1765 2206 ἠ
1800 2137 1851 2191 οἱ

1978 2140 2147 2204 )uare
2202 2156 2304 2210 per
2351 2155 2584 2194 crucem
2632 2141 2955 2196 ceconomia
3008 2142 3431 2198 Inoarnationis
3479 2159 3614 2214 per-

203 2233 439 2305 κονομία
483 2238 584 2300 τῆς
635 2230 1091 2304 ὲνανθρωπήσεως
1138 2225 1388 2299 ἐτελέσθη
1420 2245 1434 2297 ;
1465 2229 1582 2282 Ἵνα
1628 2225 1686 2282 ἐκ
1741 2230 1849 2281 τῶν

1978 2231 2112 2285 z'ecta
2140 2233 2230 2285 est
2260 2233 2316 2283 et
2346 2228 2658 2284 absoluta?
2689 2228 2762 2285 Ut
2803 2231 2902 2303 qui
2934 2235 3100 2286 erant
3139 2231 3326 2288 saluts
3357 2231 3616 2289 donandi

204 2320 477 2397 τεσσάρων
510 2319 796 2394 πτερύγων
825 2321 923 2383 τῆς
957 2323 1061 2392 γῆς
1115 2318 1451 2392 συναχθῶσιν
1511 2316 1563 2371 οἱ
1615 2315 1854 2390 σωζόμε-

1984 2319 2000 2373 ἰ
2033 2335 2101 2374 ex
2128 2321 2383 2389 quatuor
2412 2316 2522 2374 alis
2553 2322 2720 2375 terra:
2751 2318 3185 2391 colligerentur.
3208 2321 3356 2375 Nam
3389 2319 3619 2392 quadri-

203 2429 307 2466 νοι.
337 2411 603 2484 Τετραχῆ
651 2407 754 2481 γὰρ
807 2403 1092 2481 διαιρεῖται
1137 2409 1234 2460 τοῦ
1266 2410 1522 2478 ’σταυροῦ
1567 2404 1636 2460 τὰ
1688 2405 1850 2478 μέρη,

1978 2409 2170 2464 Tariam
2201 2406 2545 2462 dividuntur
2574 2407 2765 2464 crucis
2807 2413 3029 2480 partes;
3064 2409 3206 2465 adeo
3238 2414 3302 2464 ut
3333 2426 3619 2480 unaquae-

207 2497 341 2555 ὥστε
389 2495 622 2554 ’ἕκαστον
681 2493 962 2550 ἀπονεύειν
1017 2493 1153 2569 πρὸς
1207 2493 1273 2547 τὰ
1299 2513 1531 2566 τεσσαρα
1563 2493 1700 2568 μέρη
1757 2495 1854 2546 τοῦ

1978 2514 2076 2570 rue
2106 2500 2304 2569 vergat
2335 2496 2394 2551 in
2426 2501 2679 2568 quatuor
2707 2497 2915 2552 mundi
2947 2502 3159 2570 partes.
3186 2499 3311 2554 Sive
3340 2497 3524 2572 igitur
3553 2501 3620 2555 ut

207 2589 438 2661 κόσμου.
473 2581 602 2640 Εἴτε
632 2582 722 2639 οὖν
749 2580 842 2637 ’ίνα
869 2583 1044 2636 πάντα
1069 2580 1137 2636 τὰ
1177 2579 1313 2655 μέρη
1372 2578 1461 2635 διὰ
1503 2585 1609 2636 τῶν
1675 2585 1852 2657 μερῶν

207 2681 300 2732 τοῦ
349 2678 590 2749 σταυροῦ
643 2671 988 2744 οἰκονομηθῇ
1044 2671 1180 2745 πρὸς
1235 2668 1526 2745 σωτηρίαν,
1560 2667 1649 2724 διὰ
1693 2673 1854 2724 τοῦτο

209 2766 554 2841 προετιμήθη
590 2763 619 2817 ὁ
652 2758 743 2816 διὰ
795 2764 890 2815 τοῦ
948 2762 1179 2834 σταυροῦ
1235 2755 1478 2820 θάνατος’
1513 2757 1548 2827 ἢ
1609 2755 1691 2812 ὅτι
1750 2757 1855 2833 πρὸ

204 2852 298 2910 τοῦ
328 2855 442 2927 (64)
475 2851 698 2922 ξυλίνου
730 2852 963 2924 σταυροῦ
992 2847 1189 2919 νοητός
1213 2868 1297 2910 τις
1335 2852 1415 2920 τῷ
1462 2848 1657 2921 κόσμῳ
1694 2848 1853 2902 παντὶ

209 2941 659 3018 συνεσταύρωται,
689 2943 797 2994 τῶν
830 2938 1102 3014 τεσσάρων
1158 2941 1334 3013 μερῶν
1381 2941 1479 2992 τοῦ
1526 2938 1727 2999 παντὸς
1779 2936 1856 2999 εἷς

211 3033 270 3088 τὸ
303 3031 464 3106 μέσον
528 3027 970 3101 συναπτομένων,
1001 3025 1090 3082 καὶ
1136 3029 1236 3095 τῆς
1284 3025 1334 3082 ἐν
1378 3031 1458 3099 τῷ
1511 3026 1659 3100 μέσῳ
1710 3023 1858 3082 δννά-

1963 2585 2206 2658 singulas
2238 2584 2462 2652 Emundi
2513 2589 2709 2658 partes
2740 2586 2811 2641 ad
2858 2586 3109 2643 salutem
3155 2589 3618 2660 perducerentur

1963 2692 2064 2746 per
2089 2675 2282 2731 crucis
2313 2679 2536 2746 partes.
2563 2675 2636 2730 ob
2666 2675 2725 2730 id
2757 2691 2914 2731 mors
2948 2677 3136 2732 crucis
3167 2681 3257 2733 est
3286 2677 3613 2734 honorata:

1963 2764 2086 2820 sive
2114 2765 2266 2836 quod
2300 2769 2433 2819 ante
2463 2763 2720 2835 ligneam
2755 2764 2915 2820 illam
2951 2781 3184 2821 crucem
3219 2767 3410 2822 crucis
3440 2766 3615 2836 cuju-

1965 2855 2100 2909 dam
2133 2851 2519 2925 intelligibilis
2552 2851 2747 2924 imago
2780 2869 2844 2908 ao
2876 2853 3057 2924 ﬁgura
3106 2853 3167 2909 in
3217 2858 3340 2910 toto
3390 2854 3614 2910 mundo

1964 2943 2311 3007 haberetur;
2339 2957 2474 2996 cum
2506 2945 2758 3012 quatuor
2799 2941 3045 2998 universi
3077 2947 3270 3014 partes
3301 2942 3524 2999 coirent
3553 2942 3616 2998 in

1966 3031 2254 3098 medium,
2284 3035 2341 3086 et
2369 3028 2554 3085 virtus
2584 3029 2761 3085 medii
2794 3031 2863 3086 ad
2896 3035 3148 3101 quatuor
3178 3036 3373 3104 partes
3405 3031 3620 3103 pertin-

219 3143 356 3195 μεως
402 3120 546 3196 πρὸς
591 3121 658 3174 τὰ
702 3118 936 3193 τέσσαρα
987 3117 1124 3192 μέρη
1173 3116 1603 3190 περατουμένης.
1634 3115 1856 3192 Ἀρθέν-

1978 3124 2145 3196 geret.
2181 3121 2385 3191 Itaque
2434 3118 2545 3174 hoc
2593 3117 2760 3191 signo
2792 3123 3075 3189 surrecto,
3104 3120 3620 3192 congregabuntur

210 3231 297 3272 τος
321 3207 414 3265 οὖν
445 3212 548 3264 τοῦ
579 3205 812 3279 σημείου
839 3203 1058 3272 τούτου,
1100 3206 1533 3280 συναχθήσονται
1564 3205 1616 3259 0i
1649 3201 1855 3259 ἀπολό-

1978 3209 2183 3284 perditi
2213 3207 2413 3273 Israel,
2435 3213 2493 3263 et
2516 3207 2765 3279 dispersi
2787 3207 2816 3264 J
2827 3209 2941 3263 uda
2971 3225 3002 3264 ο
3033 3213 3286 3281 quatuor
3315 3207 3425 3266 alis
3457 3215 3623 3265 terrea

213 3320 356 3374 μενοι
389 3301 491 3353 τοῦ
525 3273 768 3371 Ἰσραὴλ,
798 3293 888 3348 καὶ
946 3295 1004 3347 οἱ
1061 3273 1535 3369 διεσκορπισμένοι
1561 3297 1658 3348 τοῦ
1685 3291 1863 3350 ’Ῐούδα

1978 3273 2344 3370 colligentur.
2391 3273 2814 3367 Erecto-signo
2862 3296 2992 3366 hoc,
3027 3273 3120 3352 cui
3173 3297 3326 3353 inest
3373 3297 3627 3354 facultas

220 3387 651 3462 συναχθήσονται
682 3382 743 3439 ἐκ
770 3387 878 3438 τῶν
932 3383 1206 3458 τεσσάρων
1259 3381 1536 3459 πτερύγων
1582 3389 1682 3454 τῆς
1734 3386 1857 3460 γῆς.

1978 3386 2310 3445 destruendi
2371 3385 2731 3458 principatus
2779 3389 2837 3441 et
2894 3390 3235 3457 potestates,
3287 3385 3357 3442 de
3404 3385 3624 3457 quibus

215 3477 419 3534 Τούτου
453 3473 714 3548 ἀρθέντος
735 3475 833 3528 τοῦ
863 3470 1116 3544 σημείου,
1145 3467 1370 3547 ἔχοντος
1401 3469 1628 3547 δύναμιν
1672 3476 1861 3529 καθαι-

1978 3475 2447 3548 ιτίυωροονὶιυίη
2480 3473 2661 3547 ligno,
2694 3474 2960 3546 spoliatis
2990 3474 3131 3541 illis,
3157 3491 3222 3530 ac
3251 3475 3623 3544 vestimento,

220 3567 428 3640 ρετικήν
463 3564 656 3640 ἀρχῶν
689 3561 779 3616 καὶ
809 3561 1086 3634 ἐξουσιῶν,
1121 3562 1334 3624 ἅστινας
1369 3557 1749 3638 ἰθριάμϐευσεν
1810 3561 1862 3619 ἐν

1978 3568 2125 3640 quod
2159 3565 2273 3638 ipsi
2303 3564 2471 3622 nobis
2505 3568 2828 3632 texuerant,
2854 3564 3033 3620 veluti
3055 3565 3310 3636 deiecto;
3344 3565 3506 3622 exuit
3535 3565 3622 3620 ni-

218 3655 292 3727 τῴ
322 3653 500 3727 ξύλῳ,
533 3649 971 3724 ἀπεκδυσάμενος
1021 3650 1202 3720 αὐτὰς,
1231 3651 1320 3706 καὶ
1365 3651 1527 3707 οἱονεὶ
1559 3652 1864 3730 ἀπορῥίψας

1978 3658 2184 3714 mirum
2235 3653 2598 3727 principatus
2629 3659 2685 3708 et
2727 3657 3064 3725 potestates,
3096 3670 3314 3726 eosque
3359 3654 3622 3711 traduxit

215 3743 243 3797 ’ὀ
271 3743 500 3819 εἴχομεν
545 3741 635 3795 ἀπ’
664 3739 840 3794 αὐτῶν
885 3738 1186 3815 ὑφασμένον
1230 3742 1366 3812 ἡμῖν
1429 3735 1649 3814 ἔνδυμα,
1682 3739 1861 3814 ἐξεδύ-

1978 3745 2330 3802 conﬁdenter
2385 3744 2580 3814 palam
2636 3742 3010 3814 triumphans
3057 3742 3117 3798 in
3163 3743 3323 3815 ligno
3343 3743 3407 3800 ⁸⁸.
3441 3743 3526 3799 Ob
3556 3743 3614 3799 id

218 3853 338 3887 σατο
394 3833 500 3892 τὰς
551 3828 728 3904 ἀρχὰς
767 3827 856 3882 καὶ
905 3827 1002 3890 τὰς
1046 3826 1306 3900 ἔξουσίας,
1357 3831 1448 3884 καὶ
1497 3827 1860 3906 ἐδειγμάτισεν

1978 3833 2212 3901 Paulus,
2236 3831 2371 3886 licet
2395 3832 2548 3886 inter
2569 3832 2824 3898 perditos
2848 3830 3048 3898 Israel,
3065 3836 3123 3886 et
3144 3830 3442 3902 dispersos
3460 3831 3492 3886 J
3501 3831 3619 3885 uda

219 3919 265 3975 έν
456 3917 743 3995 παρρησίᾳ
784 3911 1145 3992 θριαμϐεύσας
1174 3916 1226 3972 έν
1275 3923 1354 3991 τῷ
1401 3917 1569 3992 ξύλῳ.
1602 3920 1698 3974 Διὰ
1737 3924 1862 3974 τοῦ·

1978 3924 2401 3986 numeraretur,
2453 3919 2631 3974 simul
2691 3925 2865 3991 atque
2923 3918 3206 3974 intellexit
3261 3920 3500 3990 signum
3559 3919 3622 3974 in

218 4030 278 4064 το
317 4008 541 4069 Παῦλος
570 4006 630 4061 ἐκ
669 4010 776 4061 τῶν
821 3999 1196 4062 ἀπολωλότων
1241 4011 1337 4061 τοῦ
1369 4005 1609 4080 Ἰσραὴλ,
1642 4010 1728 4064 καὶ
1790 4006 1864 4063 δι-

1978 4007 2421 4077 οαιὶοηὶὺυεξιὼ
2451 4007 2593 4062 Jesu
2627 4007 2830 4077 ,t‘uisse
2876 4010 3154 4073 erectum,
3190 4007 3342 4062 570
3372 4005 3630 4062 accurrit

222 4097 661 4174 εσχορπισμένων
705 4099 804 4150 τοῦ
835 4092 1009 4152 Ἰούδα
1034 4095 1321 4172 ὑπάρχων,
1350 4098 1550 4167 νοήσας
1596 4099 1658 4152 τὸ
1711 4098 1864 4173 ἀρθὲν

1978 4101 2048 4156 ad
2081 4113 2334 4166 crucem,
2367 4101 2423 4152 et
2465 4095 2693 4151 dicebat
2727 4113 2738 4150 :
2773 4095 2907 4150 Mihi
2950 4099 3129 4150 autem
3177 4096 3319 4150 absit
3364 4096 3630 4167 gloriari,

225 4188 325 4243 ὑπὸ
353 4192 454 4243 τοῦ
483 4189 672 4256 Ἰησοῦ
703 4183 780 4246 εἲς
808 4187 875 4238 τὰ
922 4179 1049 4251 ἔθνη
1109 4189 1362 4257 σημεῖον,
1392 4183 1735 4260 προσέδραμε
1789 4192 1864 4259 τῷ

1978 4192 2090 4245 nisi
2121 4193 2180 4244 in
2213 4201 2374 4242 cruce
2403 4187 2623 4241 Domini
2651 4186 2830 4240 nostri
2855 4189 2986 4241 Jesu
3015 4183 3224 4241 Christi
3240 4185 3303 4239 ‘9.
3334 4184 3463 4240 Jam
3491 4199 3628 4240 vero

222 4276 456 4351 σταυρῷ,
493 4274 584 4330 καὶ
616 4272 818 4349 ἔλεγεν
851 4272 1013 4346 Ἐμοὶ
1044 4269 1102 4327 δὲ
1153 4274 1226 4345 μὴ
1281 4275 1488 4349 γένοιτο
1544 4278 1864 4351 καυχᾶσθαι,

1979 4295 2047 4335 ex
2076 4293 2142 4333 eo
2174 4275 2327 4347 quod
2357 4278 2421 4330 ut
2454 4273 2665 4346 perditi
2697 4272 2892 4342 Israel,
2917 4273 2976 4329 in
3003 4290 3152 4346 quos
3183 4272 3498 4346 imperium
3528 4273 3636 4329 ha-

223 4365 265 4419 εἷ
297 4367 372 4438 μὴ
417 4365 472 4420 ἐν
523 4363 604 4435 τῷ
652 4366 869 4436 σταυρῷ
915 4365 1013 4416 τοῦ
1052 4360 1259 4438 Κυρίου
1306 4365 1467 4436 ἡμῶν
1500 4365 1680 4434 Ἰησοῦ
1734 4365 1864 4441 Χρι-

1978 4368 2108 4424 buit
2140 4365 2435 4438 Ephraim,
2469 4364 2550 4418 ita
2579 4363 2832 4435 dispersi
2864 4379 2932 4418 ex
2965 4362 3117 4419 tribu
3146 4363 3324 4432 Juda,
3357 4379 3505 4434 quos
3536 4379 3631 4419 re-

226 4461 366 4513 στοῦ.
403 4452 738 4516 ’Δκολουθεῖ
790 4449 847 4506 δὲ
892 4455 973 4523 τῷ
1021 4458 1356 4527 συναχθῆναι
1405 4452 1530 4515 τοὺς
1586 4453 1864 4526 ἀπολομέ-

1981 4473 2083 4528 ges
2112 4471 2181 4510 ex
2211 4453 2435 4510 semine
2465 4453 2646 4509 David
2679 4452 2914 4508 oriundi
2962 4453 3377 4524 gubernavere,
3403 4452 3635 4509 collecti

223 4564 343 4606 νους
418 4547 526 4598 τοῦ
586 4538 831 4616 Ἰσραὴλ,
881 4538 1075 4602 οἵτινες
1142 4535 1522 4597 ἐϐασιλεύοντο
1600 4543 1702 4598 ὑπὸ
1775 4544 1864 4599 τοῦ

1983 4549 2142 4609 sunt,
2167 4542 2434 4614 sequitur
2464 4558 2578 4596 non
2611 4541 2865 4612 amplius
2889 4542 3154 4596 futurum
3177 4557 3305 4598 esse
3337 4541 3526 4598 ullum
3550 4560 3639 4599 ze-

225 4633 486 4710 Ἐφραῖμ,
516 4630 609 4686 καὶ
664 4650 792 4692 τους
843 4627 1274 4704 διεσπαρμένους
1314 4634 1414 4684 τοῦ
1444 4628 1641 4704 Ἰούδα,
1674 4631 1864 4697 ο⁹ίτινες

1983 4633 2108 4688 lum
2139 4630 2412 4702 Ephraim
2444 4633 2645 4685 contra
2674 4630 2844 4697 Juda,
2875 4645 2980 4685 nec
3011 4628 3267 4700 amplius
3296 4645 3417 4700 eos,
3437 4631 3540 4702 qui
3570 4647 3640 4687 ex

231 4721 329 4775 ὑπὸ
355 4725 466 4776 τῶν
503 4717 564 4774 lx
592 4717 900 4793 σπέρματος
932 4713 1097 4773 Δαϐἰδ
1131 4717 1542 4792 ἐπολιτεύοντο,
1571 4721 1634 4775 τὸ
1680 4723 1864 4794 μηκέτι

1985 4722 2140 4779 Juda
2183 4723 2345 4784 sunt,
2375 4718 2574 4774 hostes
2606 4734 2667 4773 se
2700 4718 3082 4789 praestituros.
3119 4719 3431 4790 Postquam
3480 4718 3640 4775 enim

231 4810 355 4865 εἶναι
388 4807 566 4880 ζῆλον
593 4812 694 4864 τοῦ
722 4809 961 4886 Ἐφραῒμ
981 4809 1116 4864 κατὰ
1137 4811 1235 4863 τοῦ
1269 4806 1469 4878 Ἰούδα,
1501 4807 1643 4883 μηδὶ
1699 4811 1864 4866 ἀνύειν

1988 4813 2247 4868 erectum
2281 4807 2455 4862 fuerit
2503 4806 2737 4878 signum
2790 4805 3133 4877 collectique
3184 4806 3399 4863 fuerint
3429 4807 3644 4881 perditi

231 4895 302 4953 ἔτι
327 4899 462 4962 τοὺς
490 4902 588 4953 τοῦ
619 4894 799 4954 Ἰούδα
827 4895 1078 4972 ἐχθρούς.
1111 4897 1261 4955 Μετὰ
1289 4898 1392 4974 γὰρ
1421 4898 1484 4953 τὸ
1528 4899 1756 4975 ἀρθῆναι
1815 4901 1864 4955 τὶ

1990 4897 2188 4969 Israel,
2216 4897 2316 4968 qui
2347 4896 2564 4952 dicitur
2591 4895 2892 4967 Ephraim,
2917 4895 3252 4968 congregati
3284 4895 3486 4954 itidem
3519 4899 3645 4955 fue-

210 5054 214 5061 ί
302 5072 346 5107 ιι
375 5071 518 5127 Luc.
548 5086 666 5137 nx,
701 5069 788 5124 10.
869 5070 912 5106 ιο
940 5069 1146 5126 Matth.
1179 5086 1332 5138 XXIV,
1366 5070 1455 5127 30.
1532 5071 1573 5106 ‘7
1606 5071 1797 5131 Galat.
1827 5089 1861 5129 ν

1978 5071 2026 5127 4.
2101 5069 2145 5106 ⁴⁸
2175 5067 2398 5126 Coloss.
2431 5083 2494 5137 ιι,
2526 5067 2614 5122 15.
2689 5066 2734 5102 ⁴⁰
2762 5065 2950 5124 Galat.
2984 5083 3061 5136 vr,
3097 5066 3183 5122 11.

2002 5240 2125 5297 nati
2155 5254 2384 5296 sumus.
2421 5238 2535 5294 Hoc
2567 5236 2745 5304 enim,
2768 5241 2834 5292 ut
2861 5235 3032 5293 nobis
3063 5236 3310 5307 videtur,
3343 5235 3486 5292 dicit
3508 5237 3655 5292 scri-

304 5238 419 5380 (61)
449 5237 693 5296 Veteres
721 5238 945 5310 aliquot
976 5237 1130 5305 libri,
1159 5258 1245 5295 το.

327 5311 424 5378 62)
451 5310 626 5380 Editi,
677 5310 730 5364 οἱ
791 5308 1156 5380 ἀπολόμενοι.
1217 5315 1286 5366 At
1325 5327 1493 5380 mss.,
1540 5311 1591 5365 οἱ
1643 5307 1859 5365 ἀπολλύ

2002 5240 2125 5297 nati
2155 5254 2384 5296 sumus.
2421 5238 2535 5294 Hoc
2567 5237 2745 5304 enim,
2768 5241 2834 5292 ut
2861 5237 3032 5293 nobis
3063 5237 3156 5292 vid

2005 5318 2157 5380 ptor,
2174 5315 2312 5367 ante
2334 5309 2589 5380 ligneam
2617 5325 2850 5365 crucem
2883 5309 3064 5365 fuisse
3085 5308 3158 5365 ali

2005 5318 2157 5386 ptor,
2174 5315 2312 5367 ante
2334 5309 2589 5381 ligneam
2617 5325 2850 5365 crucem
2883 5309 3064 5386 fuisse
3085 5308 3260 5365 aliam
3283 5323 3512 5364 crucem
3533 5324 3656 5386 my-

327 5307 424 5378 62)
451 5310 626 5382 Editi,
677 5310 730 5364 οἱ
791 5307 1156 5382 ἀπολόμενοι.
1217 5315 1286 5366 At
1325 5327 1493 5383 mss.,
1540 5311 1591 5365 οἱ
1643 5307 1888 5365 ἀπολλύ·

246 5399 411 5452 μενοι.

2009 5381 2244 5449 sticam,
2260 5399 2386 5453 qua:
2413 5398 2512 5453 per
2538 5386 2789 5453 quatuor
2811 5381 3015 5436 mundi
3037 5390 3229 5452 partes
3246 5381 3660 5453 reprazsentata

313 5454 427 5525 (63)
463 5457 628 5527 Unus
658 5453 839 5510 codex
869 5469 1004 5510 cum
1042 5453 1238 5520 editis,
1273 5451 1440 5508 Διότι.
1480 5454 1590 5510 Alii
1639 5454 1899 5527 quinque
2011 5458 2090 5512 sit
2119 5462 2177 5510 et
2207 5449 2741 5527 adumbrata—.ASed,
2776 5458 2841 5527 ut
2869 5449 3069 5508 verum
3113 5454 3312 5527 fatear,
3346 5449 3656 5527 mysticam

247 5521 418 5589 mis,
450 5521 628 5579 Διατί.

316 5597 433 5670 (64)
467 5595 573 5652 His
601 5596 817 5664 verbis,
847 5595 881 5664 ἣ
911 5595 993 5650 δτι
1023 5596 1131 5670 πρὸ
1174 5599 1292 5670 τοῦ,
1323 5601 1431 5653 etc.

1490 5600 1606 5654 sive
1645 5602 1905 5671 quoniam

251 5640 372 5724 ante
401 5640 914 5756 Iligneam'cruc’err‘i,
936 5640 1194 5756 etczfsua
1224 5643 1380 5756 μίξει
1409 5640 1904 5756 οδεοῖςὶίξξίεὲιίί

255 5753 384 5800 sum
415 5755 629 5801 eorum
660 5744 720 5799 in
749 5744 951 5802 nostra
966 5744 1442 5816 interpretatione
1464 5744 1789 5818 exprimere
1812 5758 1908 5802 oo-

2013 5530 2167 5584 hanc
2209 5525 2635 5595 interpret—andi
2685 5525 2968 5580 rationem
3010 5523 3278 5596 suspicor
3308 5521 3421 5576 non
3453 5521 3660 5579 multis

2014 5601 2325 5674 probatum
2352 5599 2449 5674 iri.

2088 5673 2200 5744 (65)
2230 5669 2511 5730 Voculam
2544 5667 2597 5724 tv
2628 5684 2697 5726 ex
2728 5667 2950 5743 aliquot
2980 5682 3125 5726 mss.
3159 5664 3513 5725 addidimus.
