4118 6220
475 369 596 431 559

1430 363 1826 426 APPENDIX
1869 361 2194 424 OPEHOM
2241 366 2306 423 S.
2351 363 2634 426 BASlLlI
2676 364 2954 428 MAGNI.

3767 367 3896 427 560

477 499 598 556 rint
655 495 906 568 dispersi
961 496 1114 552 Juda
1164 496 1360 568 (Vens.
1409 497 1496 566 13)
1552 513 1565 551 :
1625 495 1921 565 Auferetur
1974 493 2123 548 zelus

2240 497 2491 564 σημεῖον,
2524 492 2614 547 καὶ
2661 496 2993 570 συναχθῆναι
3041 493 3170 556 τοὺς
3218 491 3598 568 ἀπολομένους
3644 498 3742 550 τοῦ
3787 496 3893 551 Ἰσ-

477 586 765 658 Ephraim,
797 594 850 641 et
878 586 1100 642 inimici
1124 586 1269 641 Juda
1297 586 1583 657 peribunt.

2240 579 2404 656 ραήλ,
2439 583 2586 646 ὅστις
2617 582 2827 658 λέγεται
2863 585 3122 661 Ἐφραῖμ,
3154 585 3484 659 συναχθῆναι
3517 581 3574 638 δὲ
3623 583 3714 639 καὶ
3763 584 3895 646 τοὺς

480 673 997 750 διεσκορπισμὲνους
1075 678 1172 728 τοῦ
1231 670 1449 732 Ἰούδα⁸
1513 672 1958 747 Ἀφαιρεθήσεται
2013 671 2040 723 6
2099 669 2265 738 ζῆλος
2339 675 2434 724 τοῦ
2494 672 2772 748 Ἐφραῖμ,
2828 673 2919 728 καὶ
2985 673 3034 727 οἱ
3088 672 3278 748 ἐχθροὶ
3352 677 3449 727 τοῦ
3497 670 3678 730 Ἰούδα
3753 674 3898 728 ἄπο-

481 764 726 820 λοῦνται.

548 856 676 910 250.
735 854 974 910 Noveris
1033 858 1226 910 autem
1298 853 1574 910 Israelem
1634 851 1748 907 diei
1815 851 2133 922 perditum,

479 945 694 1001 Judam
744 961 878 1000 vero
931 943 1288 1016 dispersum.
1343 947 1614 999 Attamen
1669 940 2137 1014 perturbationes

483 1033 647 1106 prius
679 1033 748 1088 ob
773 1034 1201 1088 contentionem
1231 1037 1288 1088 et
1319 1033 1664 1088 seditionem
1695 1032 1754 1086 in
1776 1030 1894 1085 vita
1925 1029 2139 1084 invale-

483 1127 736 1191 scentes,
766 1123 1117 1178 auferuntur
1149 1139 1252 1194 per
1274 1122 1646 1178 concordiam
1681 1138 1714 1176 a
1743 1119 1972 1174 Christo
2003 1117 2141 1174 alla-

481 1217 603 1268 tam
638 1225 650 1266 :
686 1211 786 1283 qui
819 1227 946 1281 quas
977 1211 1037 1266 in
1070 1215 1247 1280 terra,
1281 1215 1338 1265 et
1368 1227 1495 1282 quae
1528 1210 1585 1265 in
1618 1215 1761 1264 coelo
1795 1211 1954 1277 sunt,
1979 1207 2141 1279 paci—

482 1301 638 1372 ﬁcat,
662 1305 839 1372 atque
882 1300 940 1355 in
975 1317 1037 1356 se
1067 1299 1195 1372 ipso
1226 1299 1424 1356 omnia
1471 1297 1810 1354 reconciliet
1829 1297 1892 1352 ⁸ο.
1917 1297 2000 1352 Ob
2029 1295 2138 1350 hoc

480 1390 664 1462 igitur
709 1390 983 1462 Ephraim
1041 1405 1150 1445 non
1199 1389 1554 1444 aemulabitur
1604 1387 1824 1454 ludam,
1867 1389 1920 1442 et
1971 1385 2142 1441 ludas

482 1496 598 1538 uon
625 1479 868 1550 amplius
905 1477 1210 1534 tribulabit
1253 1477 1524 1549 Ephraim
1557 1495 1573 1531 :
1609 1477 1883 1548 quoniam
1916 1475 2138 1541 odium,

487 1585 601 1640 quo
633 1584 696 1624 se
744 1568 993 1622 invicem
1047 1567 1580 1639 prosequebantur,
1615 1563 1940 1636 disperibit.
1973 1562 2142 1619 Zelus

487 1658 640 1714 enim
667 1656 902 1712 videtur
945 1655 1198 1711 maxime
1230 1654 1599 1710 occasionem
1633 1651 1838 1708 multis
1886 1653 2140 1724 praebere

487 1744 831 1802 inimicitias
861 1744 1014 1801 inter
1039 1761 1102 1801 se
1131 1743 1394 1816 gerendi.
1418 1743 1582 1799 Nunc
1607 1746 1800 1798 autem
1830 1740 1992 1798 zelus
2021 1757 2139 1797 non
2172 1711 2216 1774 Β

491 1837 782 1891 bonorum
804 1832 1238 1901 semulatio,sed
1266 1831 1504 1899 invidia,
1523 1848 1650 1903 quas
1673 1831 1744 1887 ob
1772 1829 2022 1886 aliorum
2045 1846 2137 1886 res

491 1923 782 1982 secundas
815 1927 952 1978 nata
971 1927 1083 1993 est,
1105 1940 1139 1978 a
1167 1921 1467 1994 Scriptura
1487 1924 1744 1977 vocatur.
1767 1921 1930 1976 Tunc
1961 1918 2139 1991 igitur

493 2012 810 2068 concordes
866 2011 1003 2067 facti
1049 2011 1256 2082 (Vsus.
1307 2012 1416 2080 14),
1472 2011 1737 2067 Volabant
1789 2011 1852 2063 in
1906 2009 2137 2064 navibus

490 2101 960 2170 alienigenarum,
1015 2116 1170 2156 mare
1214 2101 1387 2156 simul
1426 2099 1848 2171 prmdabunlur.
1890 2096 2137 2153 Pulchre

491 2190 727 2248 nomine
758 2190 937 2246 maris
963 2189 1248 2262 expressit
1278 2206 1397 2258 eos,
1423 2190 1523 2261 qui
1555 2188 1831 2260 navigant
1851 2185 2133 2254 celeriter,

489 2283 652 2338 motu
699 2295 900 2336 eorum
941 2295 1076 2335 cum
1135 2279 1226 2335 ala
1281 2278 1522 2347 collato;
1557 2293 1692 2334 cum
1741 2275 1964 2332 scilicet
2011 2274 2134 2331 velo

484 2370 657 2444 pleno
689 2385 791 2440 per
822 2385 982 2424 mare
1025 2368 1415 2438 advehuntur,
1440 2371 1614 2423 vento
1643 2369 2031 2438 congruenter
2061 2365 2133 2420 ad

483 2458 728 2532 puppim
759 2458 1074 2530 aspirante.
1113 2457 1452 2513 Praedantur
1491 2459 1689 2512 autem
1721 2471 1902 2520 mare,
1927 2455 2131 2510 draco-

483 2548 578 2604 nis
603 2550 661 2603 et
680 2546 928 2602 aliorum
960 2545 1010 2602 ei
1043 2545 1443 2616 subjectorum
1463 2544 1709 2600 victores
1731 2543 1918 2599 etfecti
1945 2559 1957 2598 :
1983 2559 2132 2613 quos

480 2635 699 2692 Christi
731 2634 995 2706 Apostoli
1037 2635 1110 2689 ad
1141 2633 1400 2690 veritatis
1432 2633 1788 2705 agnitionem
1815 2631 2130 2687 translatos

470 2725 609 2796 jure
629 2722 851 2796 optimo
871 2722 1195 2795 deprmdari
1223 2739 1289 2778 ac
1312 2721 1562 2793 diripere
1583 2721 1854 2776 dicantur
1877 2737 1890 2776 :
1915 2721 2131 2793 quippe

478 2813 580 2886 qui
610 2811 801 2885 spolia
830 2811 990 2883 prius
1012 2827 1288 2883 possessa
1317 2811 1389 2866 ab
1410 2827 1476 2866 eo
1499 2810 1600 2882 qui
1623 2810 1924 2865 hominem
1948 2809 2128 2881 capti-

475 2919 618 2958 vum
647 2903 988 2971 abduxerat,
1019 2900 1201 2957 veluti
1242 2918 1351 2958 sua
1383 2901 1626 2957 faciunt.
1659 2901 1766 2955 Sed
1812 2900 1994 2956 maris
2025 2917 2127 2956 no-

477 2992 636 3048 mine
665 3008 773 3064 par
801 2995 891 3048 est
919 2990 1167 3063 intelligi
1207 2989 1401 3046 locum
1433 2989 1831 3046 afﬂictationis
1863 2995 1920 3045 et
1949 2991 2130 3045 mise-

2313 851 2437 905 250.
2473 850 2757 923 Κατάμαθε
2816 849 2892 920 δὶ,
2925 850 3007 905 ὅτι
3068 853 3096 905 6
3157 851 3249 924 μὶν
3285 850 3503 926 Ἰσραὴλ
3535 848 3897 906 ἀπολωλέναι

2245 937 2476 1012 λέγεται,
2513 941 2540 993 6
2573 937 2630 994 δὲ
2661 937 2866 1004 Ἰούδας
2895 937 3235 1014 διεσπάρθαι.
3266 939 3418 1009 Πλὴν
3469 938 3614 995 ἀλλὰ
3669 945 3740 1015 τῇ
3802 963 3900 996 κα-

2245 1027 2312 1081 τὰ
2365 1028 2592 1101 Χριστὸν
2649 1028 2936 1106 συμφωνίᾳ
2991 1033 3088 1084 τοῦ
3147 1028 3623 1104 εἷρηνοποιοῦντος
3681 1031 3892 1104 τὰ

2247 1116 2335 1170 ἐπὶ
2365 1123 2464 1186 τῆς
2492 1124 2618 1190 γῆς,
2650 1117 2739 1172 καὶ
2771 1117 2836 1173 τὰ
2865 1118 2917 1173 ἐν
2949 1119 3183 1193 ούρανῷ,
3216 1117 3304 1173 καὶ
3338 1117 3388 1173 ἐν
3421 1118 3569 1191 αύτῷ
3596 1118 3666 1174 τὰ
3722 1121 3899 1174 πάντα

2249 1203 2855 1278 ἀποκαταλλάσσοντος,
2901 1207 3199 1281 ἀναιρεῖται
3268 1209 3335 1262 τὰ
3379 1206 3523 1278 πάθη
3576 1208 3644 1262 τὰ
3701 1209 3904 1285 πρότε-

2250 1313 2342 1368 ρον
2397 1293 2458 1349 ἐκ
2513 1294 2848 1369 φιλονεικίας
2897 1296 2986 1351 καὶ
3051 1293 3377 1360 διαστάσεως
3448 1294 3899 1353 ἐνδυναστεύοντα

2247 1388 2326 1455 τῷ
2385 1384 2507 1459 βίῳ.
2570 1385 2666 1439 Διά
2721 1390 2882 1440 τοῦτο
2940 1383 3028 1441 οὖν
3081 1386 3324 1463 Ἐφραῗμ
3381 1385 3443 1440 ού
3505 1386 3746 1456 ζηλώσει
3807 1389 3898 1442 τὸν

2250 1469 2504 1545 Ἰούδαν,
2564 1475 2652 1528 καὶ
2726 1475 2753 1528 6
2818 1471 3024 1538 Ἰούδας
3100 1475 3281 1529 οὐκέτι
3359 1473 3542 1549 θλίψει
3605 1475 3896 1554 Ἐφραῗμ”

2251 1559 2430 1630 ἐπεὶὴ
2491 1561 2543 1615 ἐν
2594 1563 2781 1625 αὐτοῖς
2812 1563 2948 1637 πρὸς
3008 1561 3296 1634 ἀλλήλους
3350 1559 3521 1639 ἔχθρα
3578 1563 3898 1624 ἀπολεῖται.

2249 1652 2438 1706 ’Έοικε
2468 1650 2571 1726 γὰρ
2607 1650 2840 1724 μάλιστα
2871 1655 2981 1726 (67)
3011 1653 3039 1707 6
3074 1653 3242 1723 ζῆλος
3270 1653 3508 1728 γίνεσθαι
3540 1659 3637 1708 τοῦ
3668 1653 3899 1731 ἐχθραί-

2245 1761 2350 1794 νειν
2380 1740 2602 1815 ἀφορμή
2634 1747 2751 1803 τοῖς
2782 1740 3041 1804 πολλοῖς.
3075 1741 3252 1811 Ζῆλος
3299 1739 3356 1796 δὲ
3407 1747 3498 1797 νῦν
3545 1742 3654 1818 οὐχ
3705 1746 3742 1813 ἡ
3793 1750 3899 1800 τῶν

2246 1826 2428 1885 καλῶν
2493 1829 2746 1903 μίμησις,
2780 1828 2905 1885 ἀλλ’
2934 1833 2968 1899 ἡ
3001 1829 3087 1885 ἐπὶ
3137 1836 3256 1893 ταῖς
3307 1829 3623 1906 εὐπραγίαις
3685 1834 3897 1906 βασκαο

2244 1917 2333 1974 νία
2381 1920 2527 1993 παρὰ
2571 1925 2670 1988 τῆς
2721 1925 2937 1996 Γραφῆς
2989 1918 3221 1995 εἴρηται.
3256 1921 3394 1978 Τότε
3441 1918 3530 1975 οῦν
3585 1921 3636 1975 ἂν
3672 1943 3901 1997 συμφω-

2243 2008 2331 2080 νίᾳ
2398 2007 2696 2084 γενόμενοι.
2755 2011 3187 2079 Πετασθήσονται
3246 2007 3297 2063 ἐν
3356 2007 3578 2072 πλοίοις
3646 2010 3899 2087 ἀλλοφύ-

2247 2097 2382 2166 λων,
2443 2096 2709 2152 θάλασσαν
2769 2094 2884 2170 ἄμα
2936 2098 3394 2172 προνομεύσουσι.
3459 2100 3559 2153 Διά
3631 2104 3734 2165 τῆς
3802 2104 3896 2156 Θα-

2245 2185 2450 2256 λάσσης
2483 2185 2668 2248 καλῶς
2716 2187 3021 2261 παρέστησε
3066 2186 3196 2249 τοὺς
3243 2186 3736 2264 ταχυναυτοῦντας,
3768 2212 3897 2245 πτε-

2245 2281 2324 2352 ρῷ
2352 2275 2680 2350 παρεικάσας
2733 2277 2834 2344 τήν
2876 2275 3266 2347 κίνησιν-ὅταν
3318 2275 3521 2353 πλήρει
3576 2283 3656 2349 τῷ
3708 2279 3899 2352 ἱστίῳ,

2243 2365 2569 2440 συμμίτρως
2607 2368 2704 2418 τοῦ
2734 2363 3040 2437 πνεύματος
3089 2365 3225 2420 κατὰ
3269 2365 3514 2440 πρύμναν
3573 2368 3895 2444 ἱσταμένου,

2243 2455 2375 2529 ὑπὲρ
2420 2452 2691 2524 θαλάσσης
2739 2452 3026 2531 φέρωνται.
3079 2454 3484 2530 ΙΙρονομεύουσι
3535 2454 3592 2512 δὲ
3622 2460 3734 2530 (68)
3790 2461 3889 2522 θά-

2241 2541 2592 2612 λασσαν,τοῦ
2646 2539 2936 2615 δράκοντος
2992 2544 3416 2619 περιγινόμενοι,
3477 2545 3568 2600 καὶ
3627 2551 3732 2601 τῶν
3801 2549 3895 2602 ὑπ’

2242 2632 2391 2704 αὐτῷ
2437 2629 2801 2705 τελουμένων,
2854 2631 2946 2696 οὓς
3005 2634 3058 2687 οἱ
3130 2632 3427 2689 ἀπόστολοι
3485 2639 3580 2689 τοῦ
3655 2642 3895 2711 Χριστοῦ

2241 2722 2318 2783 εἷς
2374 2722 2472 2789 τήν
2528 2722 2814 2796 ἐπίγνωσιν
2869 2723 2970 2791 τῆς
3041 2721 3300 2793 ἀληθείας
3355 2725 3748 2798 μετατιθέντες,
3806 2724 3897 2780 δι-

2238 2811 2407 2872 καίως
2456 2807 2516 2863 ἂν
2562 2808 2807 2885 λέγοιντο
2874 2809 3254 2886 προνομεύειν,
3306 2812 3470 2866 οἱονεὶ
3533 2811 3706 2867 σκῦλα
3765 2815 3890 2869 ἑαυ-

2237 2901 2345 2951 τῶν
2378 2897 2700 2969 ποιούμενοι
2746 2897 2814 2953 τὰ
2859 2895 3309 2974 προκατεχόμενα
3359 2900 3460 2954 ὑπὸ
3515 2904 3613 2954 τοῦ
3670 2900 3892 2977 αἲχμά-

2241 2984 2419 3041 λώτον
2479 2988 2591 3059 (69)
2649 2986 3016 3062 ἀπαγαγόντος
3074 2987 3165 3042 τὸν
3238 2985 3546 3061 ἄνθρωπον.
3604 2987 3891 3046 Θάλασσαν

475 3081 720 3150 riarum,
753 3095 928 3152 quem
976 3079 1116 3135 alibi
1148 3079 1466 3135 didicimus
1497 3078 1687 3134 vocari
1718 3079 1896 3134 etiam
1944 3078 2123 3150 lacry-

2237 3071 2294 3129 δὲ
2349 3073 2634 3129 ἀκουστέον
2691 3080 2784 3131 νῦν
2841 3075 2933 3130 τὸν
2987 3083 3090 3147 τῆς
3146 3078 3434 3140 κακώσεως
3459 3079 3646 3150 τόπον,
3679 3079 3740 3132 ’ὸν
3798 3081 3893 3135 καὶ

473 3185 707 3226 marum
752 3167 963 3224 vallem
984 3168 1051 3223 ⁸¹.
1102 3169 1371 3224 Fortasse
1419 3172 1615 3223 autem
1664 3165 2124 3238 alienigenarum

473 3273 670 3326 naves,
704 3273 949 3328 corpora
989 3260 1194 3311 nostra
1232 3257 1529 3322 dicuntur,
1567 3255 1722 3326 quod
1754 3271 1885 3310 cum
1919 3254 2125 3310 animus

470 3345 890 3402 constitutione
941 3360 1313 3418 nequaquam
1365 3344 1756 3400 consentiant.
1790 3344 1936 3398 Caro
1967 3343 2123 3399 enim

467 3433 582 3505 legi
609 3433 710 3489 Dei
740 3449 856 3489 non
888 3433 1204 3503 subjicitur
1223 3433 1290 3502 ⁵³,
1316 3433 1421 3488 sed
1453 3431 1814 3504 concupiscit
1843 3433 2124 3489 adversus

467 3521 744 3594 spiritum
764 3522 829 3576 ⁵³.
854 3521 1186 3586 Quinetiam
1219 3521 1278 3577 hi
1311 3520 1588 3576 dicuntur
1625 3521 1942 3576 Idumasam
1973 3538 2122 3593 pres-

471 3609 686 3680 daturi,
721 3610 828 3666 hoc
877 3614 986 3680 est,
1020 3625 1214 3664 rerum
1265 3614 1629 3665 terrenarum
1677 3609 1943 3681 petituri,
1976 3614 2034 3666 et
2061 3609 2120 3665 in

469 3700 638 3756 Moab
696 3714 906 3755 manus
973 3697 1266 3769 injecturi.
1337 3699 1526 3766 Moab,
1582 3699 1630 3755 si
1699 3699 2118 3771 interpreteris,

469 3793 660 3856 sonat,
691 3789 758 3845 de
790 3794 971 3860 patre.
1004 3788 1190 3852 Quare
1251 3789 1322 3844 ad
1382 3789 1540 3860 ipsos
1580 3788 1728 3844 dixit
1784 3789 2069 3845 Dominus
2102 3807 2115 3845 :

473 3881 569 3937 Vos
598 3894 668 3934 ex
692 3887 855 3950 patre
889 3877 1108 3934 diabolo
1153 3880 1286 3933 estis
1315 3896 1334 3934 :
1363 3886 1416 3933 et
1442 3877 1719 3934 desideria
1750 3882 1925 3950 patris
1954 3882 2121 3936 vestri

465 3969 637 4025 vultis
661 3970 844 4039 facere
863 3968 930 4023 ⁸⁸.
965 3965 1244 4038 Injiciunt
1274 3967 1332 4022 in
1363 3969 1634 4023 eos'suas
1665 3984 1896 4038 manus,
1919 3973 1985 4023 ut
2014 3969 2115 4024 bo-

466 4059 558 4114 nis
608 4057 734 4114 suis
791 4055 1070 4128 operibus
1127 4056 1288 4127 ipsos
1345 4056 1457 4112 sibi
1508 4055 1844 4127 subjiciunt.
1905 4056 2118 4112 Deinde

463 4148 600 4203 Filii
625 4147 851 4202 Ammon
878 4145 1052 4217 primi
1080 4145 1344 4200 obedient.
1380 4147 1651 4212 Ammon,
1678 4146 1830 4216 quod
1863 4163 1896 4199 a
1927 4146 2115 4202 nomi-

465 4237 558 4292 nis
589 4234 1133 4306 interpretationem
1167 4233 1397 4300 attinet,
1425 4233 1580 4289 idem
1611 4233 1765 4288 valet
1795 4251 1860 4288 ac
1886 4237 2116 4305 papulas

462 4326 766 4381 nobiscum.
801 4323 969 4378 Forte
1014 4320 1114 4392 qui
1164 4321 1379 4377 minori
1427 4321 1661 4376 malitiaa
1693 4326 1831 4378 sunt
1877 4323 2112 4379 obnoxii

2233 3161 2464 3219 κοιλάδα
2515 3167 2612 3218 τοῦ
2693 3164 3054 3238 κλαυθμῶνος
3125 3164 3378 3242 ἀλλαχοῦ
3457 3169 3882 3241 μεμαθήκαμεν.

2231 3250 2412 3306 Πλοῖα
2442 3251 2499 3308 δὲ
2529 3251 2862 3330 ἀλλοφύλων
2889 3251 3098 3328 λέγεται
3130 3255 3274 3329 τάχα
3304 3257 3371 3309 τὰ
3410 3257 3638 3329 σώματα
3692 3260 3888 3330 ἡμῶν,

2234 3338 2322 3395 διὰ
2350 3342 2408 3395 τὸ
2445 3342 2520 3414 μὴ
2553 3337 2699 3416 ἔχειν
2727 3342 2940 3404 οἰκείως
2973 3344 3109 3419 πρὸς
3162 3346 3262 3414 τὴν
3310 3352 3412 3414 τῆς
3470 3349 3656 3421 ψυχῆς
3715 3367 3886 3402 κατα-

2232 3432 2446 3500 σκευήν.
2485 3431 2551 3487 Ἡ
2597 3430 2697 3506 γὰρ
2751 3432 2876 3506 σὰρξ
2924 3436 3004 3504 τῷ
3052 3432 3208 3505 νόμῳ
3253 3437 3351 3487 τοῦ
3400 3437 3534 3488 Θεοῦ
3579 3433 3686 3510 οὐχ
3741 3436 3888 3490 ὑπο-

2229 3520 2496 3591 τάσσεται,
2545 3517 2670 3574 ἀλλ’
2719 3519 2975 3592 ἐπιθυμεῖ
3016 3523 3152 3576 κατὰ
3227 3526 3324 3576 τοῦ
3383 3523 3716 3596 πνεύματος.
3769 3526 3883 3582 Οὗ-

2229 3629 2312 3662 τοι
2367 3606 2424 3663 δὲ
2469 3608 2556 3664 καὶ
2613 3611 2713 3679 τήν
2776 3608 3082 3683 Ἰδουμαίαν
3152 3611 3510 3684 προνομεύειν
3574 3610 3828 3688 λέγονται
3871 3634 3885 3647 ο

2229 3697 2509 3770 τουτέστι,
2567 3703 2674 3752 τῶν
2731 3698 2939 3773 γηίνων
2997 3701 3335 3776 πραγμάτιον
3391 3699 3729 3775 ἐπικρατεῖν,
3789 3705 3884 3758 καὶ

2225 3786 2311 3842 ἰπὶ
2363 3781 2536 3845 Μωᾶιϐ
2570 3782 2885 3843 ἐπιϐάλλειν
2936 3789 3029 3851 τὰς
3081 3795 3293 3865 χεῖρας.
3344 3787 3518 3846 Μωὰϐ
3579 3792 3882 3867 ἑρμηνεύε-

2224 3900 2333 3948 ται,
2369 3877 2427 3933 tu
2471 3878 2696 3953 πατρός.
2729 3879 2870 3954 Ηρὸς
2921 3876 3011 3934 οὖν
3063 3879 3260 3943 αὐτοὺς
3315 3880 3529 3955 εἴρηκεν
3580 3884 3608 3938 6
3639 3885 3878 3958 Κύριος,

2226 3967 2309 4023 δτι
2339 3969 2519 4040 Ὑμεῖς
2581 3967 2638 4022 ἐκ
2692 3972 2788 4022 τοῦ
2846 3969 3049 4041 πατρὸς
3104 3974 3200 4024 τοῦ
3259 3966 3524 4028 διαϐόλου
3585 3971 3725 4045 lett,
3781 3975 3879 4029 καὶ

2222 4058 2318 4119 τὰς
2377 4056 2668 4130 ὶπιθυμίας
2723 4062 2820 4112 τοῦ
2875 4058 3078 4134 πατρὸς
3167 4060 3319 4132 ὑμῶν
3407 4059 3591 4125 θέλετε
3663 4070 3874 4119 ποιεῖν.

2221 4145 2449 4210 Τοότοις
2476 4147 2569 4208 τὰς
2603 4147 2801 4202 ἑαυτῶν
2832 4153 3022 4222 χεῖρας
3055 4143 3466 4224 ἐπιϐάλλουσιν,
3494 4149 3586 4205 ’ίνα
3635 4149 3727 4207 διὰ
3767 4161 3878 4223 τῆς

2223 4235 2422 4290 ἱαυτῶν
2464 4236 2667 4311 ἀγαθῆς
2720 4237 2964 4312 πράξεως
3027 4239 3376 4314 ὑποχειρίους
3428 4239 3625 4303 αὐτοὺς
3682 4238 3875 4298 λάϐω-

2222 4345 2304 4379 σιν
2340 4366 2351 4380 .
2415 4324 2544 4381 Εἶτα
2626 4325 2742 4380 Υἱοὶ
2827 4327 3059 4399 ’Δμμὼν
3137 4333 3347 4403 πρῶτοι
3428 4329 3874 4392 ὑπακούσονται.

462 4428 580 4486 prae
624 4410 697 4467 iis
745 4409 844 4482 qui
897 4409 1170 4481 nequitia
1202 4409 1446 4480 majoris
1475 4414 1532 4465 et
1559 4409 1737 4466 latius
1785 4412 1980 4469 effusae
2029 4415 2110 4471 rei

472 4517 475 4518 ν
560 4503 601 4518 ν.
661 4498 1144 4518 ---Ἠιημιηημ
1184 4497 1354 4518 ηιμ,

2239 4415 2448 4488 Αμμὼν
2505 4417 2616 4488 (70)
2654 4414 3055 4518 βρμηνεύεται,
3113 4413 3246 4480 λαὸς
3302 4419 3418 4491 μεθ’
3472 4422 3656 4492 ἡμῶν.
3718 4422 3877 4497 Τάχα

463 4503 624 4568 sunt,
658 4498 948 4572 parebunt
976 4498 1151 4554 verbo
1183 4497 1379 4570 primi.

2222 4507 2431 4577 πρῶτοι
2465 4502 2860 4559 ὑπακούσονται
2892 4509 2970 4577 τῷ
3003 4503 3156 4581 λόγῳ
3189 4508 3239 4562 οἱ
3298 4506 3558 4564 ἐλάττονα
3617 4511 3717 4580 τήν
3774 4533 3877 4567 κα-

461 4589 583 4644 κίαν
608 4581 848 4663 ἔχοντες,
881 4586 1028 4660 παρὰ
1055 4584 1182 4648 τοὺς
1207 4583 1433 4640 πλείονα
1463 4587 1631 4656 αὐτὴν
1663 4587 1753 4643 καὶ
1785 4588 1871 4643 ἰπὶ
1902 4588 2092 4645 πλεῖον
2121 4593 2430 4668 κεχυμένην
2461 4587 2711 4668 ἔχοντας.

533 4716 579 4753 ⁸ο
611 4715 836 4772 Coloss.
869 4731 909 4784 ι,
939 4713 1026 4769 20.
1107 4713 1148 4748 ⁸¹
1183 4712 1334 4770 Psal.
1369 4730 1603 4782 Lxxxm,
1633 4717 1687 4772 7.
1765 4717 1808 4751 ⁵³
1838 4721 2006 4774 Rom.
2037 4736 2123 4775 vn:

2237 4762 2241 4774 .
2317 4718 2361 4754 ⁸³
2391 4718 2575 4775 Galat.
2606 4737 2662 4788 v,
2698 4721 2783 4776 17.
2860 4721 2906 4755 ⁸⁴
2935 4721 3102 4778 Joan.
3135 4739 3258 4794 νηί,
3290 4724 3376 4779 44.

535 4842 646 4914 (66)
678 4841 914 4897 Veteres
944 4838 1166 4914 aliquot
1195 4839 1350 4906 libri,
1382 4839 1471 4893 καὶ
1500 4841 1586 4895 τά.
1620 4842 1825 4898 Statim
1857 4843 2018 4914 editi,
2052 4841 2102 4897 ἐν

463 4908 655 4984 ἑαυτῷ.
689 4917 763 4966 At
792 4929 959 4984 ωδε..
1002 4908 1061 4984 ἓν
1086 4909 1253 4983 αὐτῷ.

533 4978 1217 5069 (ϐ’ζὶηῐέὶόῆὶ,ἱἚοιξὲᾓγε⁷
1254 4978 1484 5069 μαλλον.
1539 4987 1777 5069 Vetgres
1850 4986 1964 5069 duo
2033 4985 2103 5069 1;-

460 5050 576 5132 bri,
604 5050 788 5132 'eq_xs
985 5050 1221 5132 μᾶλλον.
1256 5050 1386 5108 Ἀίὶἱ
1412 5058 1573 5132 tres,
1608 5059 1827 5132 _”Eom_
1844 5057 1944 5132 γὰρ
2002 5055 2102 5132 μά-

461 5125 640 5184 λιστα.
689 5125 993 5199 Νθοξῆία
1036 5125 1222 5199 multo
1299 5129 1429 5199 post
1483 5127 1620 5182 editi
1687 5133 1742 5183 et
1796 5125 1958 5199 Regi,
1995 5125 2103 5199 pri-

460 5219 620 5272 mus,
651 5201 740 5253 νῦν
771 5195 899 5272 οὐχὶ
929 5199 1058 5252 τῶν.
1085 5196 1199 5252 Alii
1258 5195 1516 5268 quinque
1565 5216 1730 5266 mss.,
1761 5201 1853 5252 νῦν
1883 5195 2012 5272 ὀὐχ
2063 5201 2097 5268 ἡ

462 5294 595 5329 των.

531 5343 643 5418 (68)
675 5342 889 5418 Addita
917 5344 1006 5395 est
1025 5337 1229 5418 vocula
1248 5334 1312 5418 δὲ
1333 5355 1401 5393 ex
1423 5342 1634 5418 nostris
1657 5357 1757 5418 sex
1777 5341 2098 5418 codicibus.

460 5410 591 5475 Mox
624 5410 765 5472 editi
809 5416 866 5470 et
908 5411 1192 5469 recentior
1239 5410 1573 5467 Combeﬁsii
1626 5414 1823 5480 codex,
1875 5412 1962 5466 ὑπ’
2006 5411 2100 5466 αύ-

459 5492 598 5543 τῶν⁶
625 5505 752 5561 quis
783 5484 1160 5561 mala__lec_tio,
1181 5489 1256 5561 ut
1290 5482 1414 5561 ﬁeri
1429 5483 1609 5561 _solet,
1628 5485 1942 5561 interpreti
1975 5489 2102 5561 tan-

461 5566 552 5617 tas
579 5554 850 5617 tenebras
879 5557 1106 5621 offudit,
1131 5560 1196 5611 ut
1243 5554 1476 5628 quidvis
1525 5556 1717 5628 potius
1748 5554 1925 5627 quam
1977 5558 2101 5627 ejus

461 5632 572 5688 loci
621 5647 863 5690 sensum
913 5626 1280 5702 expresserit}
1315 5626 1408 5684 Sic
1459 5626 1615 5684 enim
1663 5626 1877 5686 vertit:
1917 5626 2101 5702 Etjiis

459 5704 697 5762 salutari
743 5700 1010 5777 baptismo
1058 5701 1316 5774 initialis,
1347 5717 1477 5774 quos
1515 5703 1762 5776 apostoli,
1802 5706 1909 5761 etc.
1941 5700 2100 5764 Alter

2217 4845 2548 4923 Combeﬁsii
2592 4846 2792 4923 cedes,
2827 4846 2914 4899 ὑπ’
2961 4845 3126 4923 αὐτῷ.
3177 4849 3287 4906 Alii
3328 4856 3602 4923 quatuor,
3640 4853 3726 4906 ὑπ’
3765 4853 3876 4907 αό-

2215 4916 2328 4994 τόν.
2363 4922 2494 4994 Haec
2536 4918 2690 4989 apud
2743 4916 3121 4994 ΡςοεορὶυιῐὶἈ
3154 4939 3288 4994 pag.
3340 4916 3465 4992 189,
3511 4916 3626 4979 non
3678 4925 3876 4984 multo

2217 4990 2390 5044 aliter
2437 4989 2734 5068 leguntur,
2779 4989 2901 5068 hoc
2928 4989 3470 5068 iviﬁdelicetv‘modo
3522 5013 3534 5050 :
3579 4997 3680 5048 τοῦ
3735 4994 3876 5068 δρά-

2214 5080 2403 5142 κοντος
2459 5060 2726 5142 καὶπῶν
2774 5060 2862 5142 ὑπ’
2913 5062 3062 5134 αὐτῷ
3125 5063 3430 5120 τελούντων
3508 5060 3876 5142 περιγενόμε-

2215 5151 2320 5213 νοι,
2354 5133 2608 5213 draconis
2648 5134 2818 5213 simul
2851 5142 2902 5213 et
2935 5133 3125 5192 eorum
3171 5141 3269 5208 qui
3326 5140 3444 5211 ejus
3491 5133 3723 5212 imperio
3765 5133 3878 5213 pa-

2213 5205 2428 5272 rebant,
2459 5206 2683 5261 victores
2709 5206 2912 5276 effecti.

2287 5278 2399 5356 (69)
2440 5281 2504 5333 In
2535 5278 3012 5356 editiscorrupte
3039 5278 3272 5352 legitur,
3292 5277 3680 5356 αἶ’χμαλώτου.
3703 5289 3770 5339 At
3805 5286 3876 5342 in

2215 5349 2435 5430 nostris
2475 5366 2575 5430 se;
2604 5349 2909 5430 codicibus
2937 5349 3160 5423 integre
3188 5358 3247 5409 et
3287 5349 3624 5428 incorrupte
3673 5356 3874 5430 scrip-

2211 5423 2676 5496 tumgreperitur.
2709 5418 3094 5496 αἰχμάλωτονῖ

2285 5492 3034 5570 (Ἰωᾼιὶἰ-οιῇιθιιξηοωρη
3087 5494 3315 5568 ’Δμμών
3376 5498 3874 5570 interpretantur.

2211 5563 2371 5642 Quod
2395 5564 2442 5618 si
2467 5565 2758 5642 quispiam
2775 5565 2983 5622 harum
3002 5563 3648 5642 rerumi'studiosus-est,
3666 5573 3880 5631 varias

2209 5635 2256 5706 ej
2269 5652 2337 5768 qs
2367 5637 2624 5768 npminis
2653 5639 3159 5711 interpretationes
3189 5641 3249 5698 in
3281 5643 3471 5700 Βαοδεί
3493 5635 3649 5702 notis
3669 5645 3886 5720 legere

2211 5723 2284 5768 βο
2313 5723 2396 5768 eri
2432 5750 2443 5766 .

2209 5723 2443 5780 petent.
