4074 6222
209 367 292 426 561
840 363 1246 424 COMMENT.
1293 363 1373 422 IN
1417 361 1687 423 lSAIAM
1735 363 2242 426 PBOPHETAM.
2287 365 2460 425 CAP.
2508 363 2586 424 XI
2629 363 2733 424 ET
2773 363 2901 424 XII.

974 494 1069 547 Καὶ
1135 491 1408 567 ἐρημώσει
1469 491 1664 562 Κύριος
1716 493 1816 561 τήν

1999 495 2123 550 251.
2143 500 2350 552 Postea
2373 497 2886 568 subjungit(Vsns.
2908 495 2993 566 15)
3014 493 3158 550 571
3186 511 3199 550 :
3222 494 3288 549 Et
3315 492 3577 551 desotabit

257 499 365 554 251.
417 497 542 550 Εἶτα
614 493 892 572 ἐπιφέρει·

201 588 434 653 θάλασσαν
496 581 808 659 Αἰγύπτου.
866 586 1067 657 ’Ὠσπερ
1127 583 1156 635 6
1215 581 1478 650 Ἰεζεκιὴλ
1537 581 1816 655 Αῗγύπτου

196 673 446 749 ποταμοὺς
507 676 635 728 dum
669 672 837 749 λέγει,
889 673 982 734 οῧς
1012 671 1214 746 Φαραὼ
1271 671 1624 741 πεποιηκέναι
1681 671 1819 727 ἀλα-

198 765 458 836 ζονεύιταιο
507 763 676 825 οὕτως
728 764 756 817 6
803 759 1025 823 Ἠσαίας
1055 760 1318 815 Θάλασσον
1367 759 1642 836 Αἰγύπτου
1693 758 1819 814 ὀνο-

198 857 348 928 μάζιι,
401 852 593 922 ἥντινα
637 853 664 905 6
714 852 916 926 ἀγαθὸς
975 851 1100 912 Θεὸς
1154 849 1470 926 ἐρημώσειθ
1525 849 1822 922 Εὐεργεσία

194 945 275 1018 γὰρ
302 945 333 1012 ἡ
368 941 477 996 ἀπὸ
510 944 809 1016 μοχθηρῶν
843 941 1175 1016 πραγμάτων
1219 938 1270 994 ἐν
1300 944 1476 1016 καιρῷ
1507 936 1678 1010 δεκτῷ
1711 940 1821 1012 (71)

195 1032 482 1107 ἐπαγομένη
537 1029 839 1106 ιρήμωσις.
908 1032 1111 1103 Ὥσπερ
1185 1025 1241 1083 δὲ
1330 1030 1638 1105 Ἐρημώσει
1725 1027 1825 1082 Κύ-

193 1142 285 1196 ριος
361 1123 464 1188 τὴν
542 1117 811 1173 θάλασσαν
885 1117 1185 1193 Αἰγύπτου,
1265 1117 1356 1173 καὶ
1414 1113 1664 1174 ἐπιϐαιλεῖ
1710 1118 1822 1190 (72)

191 1210 257 1266 ἐπὶ
309 1211 396 1265 τὸν
460 1209 708 1282 ποταμὸν
751 1207 1016 1280 πνεύματι
1075 1207 1236 1282 βιαίῳ
1270 1226 1283 1239 ⁸
1358 1207 1502 1263 οὕτω
1559 1206 1664 1263 Καὶ
1721 1227 1823 1260 πα-

190 1301 307 1370 τάξει
361 1299 466 1359 τὰς
523 1298 658 1353 ἒπτὰ
710 1304 814 1366 τῆς
868 1296 1150 1371 Αἰγύπτου
1205 1299 1504 1374 φάραγγας*
1561 1297 1648 1350 καὶ
1701 1296 1825 1352 τότε

193 1386 575 1463 διαπορεύσεταί
621 1407 703 1448 τις
750 1386 841 1441 τὸν
895 1385 1178 1460 Αἰγύπτου
1206 1387 1451 1459 ποταμὸν
1502 1382 1824 1458 ὑποδεδεμέ-

188 1499 278 1540 νος.
329 1477 406 1531 Τὸ
466 1476 726 1550 πενιχρὸν
786 1475 1038 1548 σημαίνει
1094 1478 1193 1530 τοῦ
1251 1473 1444 1537 ὕδατος
1473 1479 1571 1530 τοῦ
1607 1473 1824 1529 ὑπολει-

189 1570 381 1642 φθέντος
436 1570 516 1638 τῷ
571 1563 728 1620 ὕδατι
773 1569 851 1636 τῷ
905 1564 1182 1638 ποταμίῳ.
1244 1564 1402 1621 Οὕτω
1461 1565 1564 1640 γὰρ
1622 1562 1820 1638 ὀλίγον

188 1652 324 1728 ἔσται,
380 1657 419 1725 ἢ
480 1653 571 1709 καὶ
628 1652 906 1716 παντελῶς
964 1653 1487 1730 ἀποξηρανοήσεται,
1547 1654 1622 1717 ὡς
1681 1649 1821 1726 μηδὲ

192 1743 362 1818 ἰκμάδα
398 1743 824 1818 ὑπολειφθῆναι,
860 1740 929 1797 δι’
959 1745 1020 1812 ἢν
1055 1743 1514 1819 ἀναγκασθήσεταί
1559 1763 1642 1806 τις
1692 1743 1818 1796 ὑπο-

193 1832 470 1905 λυσάμενος
502 1827 853 1929 ἐμϐῆναιατὸν
907 1831 1172 1904 ποταμόν.
1223 1834 1294 1887 ’Ή
1342 1833 1486 1908 τάχα
1516 1828 1595 1899 δὲ,
1628 1827 1814 1899 ἐπειδὴ
1850 1864 1896 1929 Β

188 1927 374 1978 Μωῦσεῖ
403 1922 500 1976 καὶ
533 1923 714 1991 Ἰησοῦ
746 1918 949 1997 ἐλέχθη
993 1921 1149 1976 λῦσαι
1199 1921 1262 1976 τὸ
1297 1919 1555 1994 ὑπόδημα
1582 1925 1677 1974 τοῦ
1709 1941 1814 1974 πο-

187 2011 284 2078 δὸς,
311 2010 394 2066 διὰ
445 2012 508 2065 τὸ
559 2012 660 2080 τήν
709 2017 831 2085 γῆν,
885 2009 967 2085 ὶφ“
1093 2012 1206 2083 (73)
1257 2010 1610 2080 είστήκιισαν,
1663 2008 1810 2084 ἁγίαν

182 2102 318 2156 εἶναι’
353 2103 526 2173 μήτοι
578 2099 744 2169 αὐτὴν
798 2097 855 2154 δὲ
907 2099 1040 2154 εἶναι
1087 2100 1186 2167 τήν
1222 2097 1513 2175 Αἴγυπτον,
1548 2097 1694 2154 ἀλλὰ
1726 2098 1814 2173 βέ-

184 2186 351 2261 ϐηλον,
379 2189 700 2245 κελεύονται
761 2186 1147 2262 ὑποδεδεμένοι
1189 2194 1511 2245 καταπατεῖν
1569 2188 1662 2242 τὸν
1719 2207 1816 2241 πο-

179 2281 351 2352 ταμὸν,
395 2279 495 2334 καὶ
541 2280 618 2353 μὴ
670 2279 1015 2343 ἀποτίθεσθαι
1057 2281 1124 2334 τὰ
1163 2277 1510 2353 ὑποδήματα.
1541 2279 1815 2352 Ξηραίνε-

182 2390 250 2423 :1:
280 2367 331 2423 δὲ
363 2368 532 2444 βιαίῳ
558 2372 692 2423 Θεοῦ
749 2367 1156 2444 κεκρατημένος
1187 2369 1474 2443 πνεύματι.
1522 2369 1621 2423 Διά
1648 2371 1812 2422 τοῦτο

182 2458 363 2529 ἀνάξιόν
414 2457 530 2512 ἔστι
582 2457 645 2511 τὸ
701 2453 894 2532 ἔδαφος
941 2457 1218 2532 Αἰγύπτου
1288 2459 1495 2533 γυμνὸν
1572 2455 1812 2528 δέξασθαι

185 2549 234 2601 τὸ
264 2547 405 2622 ἴχνος
436 2552 550 2601 τῶν
585 2544 1056 2623 διαπορευομένων
1088 2548 1277 2624 ἁγίων.
1305 2550 1463 2611 “Οθεν
1511 2547 1600 2602 καὶ
1654 2548 1707 2600 οἱ
1751 2546 1815 2600 τὸ

182 2637 342 2712 πάσχα
370 2637 662 2704 ἐσθίοντες,
693 2638 762 2691 τὰ
791 2634 1118 2711 ὑποδήματα
1175 2636 1226 2692 ἐν
1285 2643 1404 2700 τοῖς
1462 2636 1619 2692 ποσὶν
1670 2632 1816 2710 ἔχειν

179 2725 498 2782 ἐκελεύοντο.
545 2729 724 2783 ’Ὀπου
765 2727 870 2802 γὰρ
916 2722 1039 2804 ὄφις
1095 2723 1326 2794 δάκνων,
1385 2728 1471 2781 καὶ
1530 2725 1811 2799 σκορπίος·

180 2810 298 2869 ἔστω
348 2817 414 2870 τὰ
481 2813 809 2888 ὑποδήματα
868 2814 922 2870 ὲν
978 2820 1094 2877 τοῖς
1150 2815 1348 2883 ποσὶν,
1411 2814 1817 2888 ἀσφαλιζόμενα

173 2904 280 2966 τοὺς
318 2903 496 2966 πόδας
548 2907 631 2966 οἷς
679 2899 1098 2977 περιϐέϐληταιυ
1166 2902 1383 2959 ἐπειδὰν
1444 2903 1501 2959 δέ
1529 2924 1610 2966 τις
1645 2902 1819 2981 φθάσῃ

178 2991 268 3063 ἤδη
317 2993 401 3048 ἐπὶ
427 2994 529 3048 τὸν
565 2993 713 3069 ἅγιον
744 2994 936 3065 τόπον,
988 2993 1113 3048 τότε
1146 2991 1466 3058 ὑπολυὲσθω
1499 2994 1574 3054 ὡς
1606 2993 1657 3046 οἱ
1689 2991 1821 3046 ἀπό-

177 3083 342 3138 στολοι
387 3087 498 3137 τοῦ
548 3083 806 3156 Χριστοῦ,
856 3082 993 3157 πρὸς
1029 3082 1119 3144 οὕς
1167 3080 1399 3158 εἶ’ρηται,
1437 3079 1578 3155 μηδὲ
1608 3078 1819 3151 ὕποδή-

186 3191 310 3242 ματα
353 3169 575 3247 αἴρειν.
624 3173 724 3228 Καὶ
776 3166 922 3226 ἔσται
972 3177 1053 3244 τῷ
1111 3169 1330 3246 Ἰσραήλ
1389 3171 1465 3233 ὡς
1521 3172 1557 3238 ἡ
1616 3168 1817 3245 ἡμέρα,

180 3235 254 3315 εἴτε
303 3235 533 3331 ἐξῆλθεν
588 3258 646 3315 ἐκ
695 3266 800 3336 γῆς
859 3263 966 3334 (74)
1026 3235 1348 3336 Ᾰῒγύπτου.
1402 3261 1500 3314 Καὶ
1547 3235 1823 3335 γὰρ-τότε
1853 3235 1895 3302 CI

183 3351 298 3419 μετὰ
333 3347 713 3422 ὑποδημάτων
761 3346 1012 3426 παρῆλθε
1047 3350 1144 3418 τὴν
1199 3347 1464 3403 θάλασσαν
1508 3349 1606 3416 τήν
1667 3349 1821 3422 Ἐρυ-

179 3439 311 3512 θρεὶν,
344 3436 544 3508 ἱπειδὴ
582 3437 906 3510 ἐπετίμησεν
935 3437 1070 3513 αὐτῇ
1119 3439 1148 3492 6
1183 3435 1428 3506 δυνατὸς,
1462 3438 1552 3492 καὶ
1605 3435 1822 3510 ἐξηράν-

179 3529 254 3596 θη.
301 3529 406 3583 Καὶ
446 3530 547 3583 τὸν
601 3524 879 3602 Ἰορδάνην
929 3525 1208 3604 παρῆλθον
1263 3525 1416 3596 ποδὶ,
1472 3522 1713 3602 ἄϐροχον
1761 3525 1822 3579 τὸ

180 3615 317 3691 ἴχνος
345 3613 799 3694 διαφυλάξαντες,
828 3621 906 3688 τῷ
934 3622 1104 3671 πᾶσαν
1138 3613 1341 3689 ἰκμάδα
1372 3614 1696 3694 ὑποφεύγειν
1729 3613 1822 3669 αὐ-

179 3709 269 3759 τῶν
287 3707 387 3774 τήν
419 3706 605 3780 βάσιν.

239 3797 356 3852 252.
389 3797 530 3850 Τότε
578 3794 668 3848 οὗν
714 3794 824 3867 ipsi
875 3793 902 3848 6
935 3791 1084 3855 λαός·
1134 3792 1432 3869 Εὐλογήσω
1491 3815 1568 3866 σε,
1634 3793 1821 3868 Κύριε,

179 3880 300 3938 διότι
371 3883 666 3960 ὠργίσθης
745 3903 860 3956 μοι,
922 3883 1012 3937 καὶ
1086 3881 1421 3958 ἀπέστρεψας
1498 3884 1588 3938 τὸν
1655 3885 1824 3956 θυμόν

179 3991 279 4043 που,
321 3972 415 4027 καὶ
475 3971 730 4042 ἡλὲησάς
790 3993 857 4046 με
911 3974 1047 4046 (75).
1110 3971 1353 4050 Ἀφίεταί
1395 3994 1480 4035 τις
1525 3971 1825 4044 πολλάκις,

175 4061 250 4114 καὶ
313 4060 796 4136 ιγκαταλείπεται,
847 4058 936 4115 διὰ
977 4060 1041 4115 τὸ
1083 4062 1217 4134 ἅπαξ
1252 4061 1583 4135 ὑποσυρῆναι
1638 4061 1714 4124 εἷς
1757 4063 1826 4117 τὰ

179 4149 432 4224 Αἰγύπτια
461 4148 631 4219 κακὰ,
663 4151 751 4205 καὶ
783 4150 982 4227 χρόνον
1025 4149 1146 4204 τινὰ
1193 4150 1496 4206 ἀπολαῦσαι
1533 4159 1634 4222 τῆς
1683 4149 1823 4214 ἰδίας

175 4233 446 4309 ἆῦουλίας,
485 4238 584 4294 ’ίνα
638 4238 824 4316 Θερίσῃ
885 4239 915 4295 ἃ
976 4237 1188 4316 ἔσπειρε
1241 4245 1440 4305 κακῶς·
1491 4241 1550 4303 ’ὸς
1608 4239 1819 4296 ἐπειδᾶν

178 4329 243 4398 μὴ
271 4328 348 4392 εἰς
377 4331 445 4385 τὸ
477 4329 748 4393 παντελὶς
799 4329 1216 4407 ἒγκαταλιιφθῇ,
1278 4331 1422 4387 ἀλλᾶ
1476 4331 1620 4407 τύχῃ
1675 4331 1824 4394 τινὸς

174 4416 466 4496 εὐεργεσίας
549 4417 667 4494 ἐρεῖ
731 4419 815 4489 τὸ,
891 4418 1202 4496 Εὐλογήσω
1275 4441 1354 4489 σε,
1433 4420 1614 4495 Κύριε,
1684 4418 1822 4475 διότι

176 4503 431 4581 ὠργίςϐης
529 4528 627 4580 μοι
704 4509 842 4581 (76),
918 4511 1008 4563 καὶ
1094 4508 1427 4585 ἀπέστρεψας
1506 4510 1595 4564 τὸν
1655 4509 1823 4584 θυμόν

3457 363 3575 424 562

1927 587 2193 640 Dominus
2218 602 2371 671 mare
2400 588 2637 657 /Egypti.
2668 585 3175 650 Quemadmodum
3206 582 3466 639 Ezechiel
3498 585 3578 640 ait

1928 691 2056 731 esse
2105 675 2332 747 ngypti
2381 677 2612 741 ﬂuvios,
2646 692 2794 748 quos
2842 675 3160 730 confecisse
3191 688 3253 730 se
3293 671 3578 746 gloriatur

1931 764 2154 820 Pharao
2174 766 2254 820 Im:
2308 765 2390 820 ita
2443 766 2626 822 Isaias
2658 766 2728 821 de
2760 766 2906 820 mari
2936 764 3167 836 {Egypti
3197 780 3231 818 a
3258 764 3412 818 bono
3459 761 3576 817 Deo

1932 854 2248 910 desolando
2307 855 2654 910 nominatim
2715 855 3072 909 mentionem
3129 853 3282 908 facit.
3319 850 3578 907 Vastitas

1931 944 2088 999 enim
2121 961 2248 1016 quae
2281 950 2413 1016 post
2443 961 2619 1015 prava
2642 944 2899 1000 facinora
2925 946 3189 1014 tempore
3219 944 3454 1012 accepto
3483 940 3578 996 in-

1933 1033 2188 1104 ducitur,
2222 1033 2486 1089 beneﬁcii
2534 1033 2660 1090 loco
2710 1033 2978 1090 habenda
3024 1036 3132 1088 est.
3166 1031 3332 1087 Sicut
3381 1033 3577 1086 autem
3670 1053 3682 1065 -

1934 1123 2207 1179 Desolabit
2255 1124 2516 1179 Dominus
2560 1139 2715 1179 mare
2759 1124 2994 1195 Egi/pii,
3028 1121 3351 1191 invadetque
3380 1121 3441 1175 in
3469 1121 3576 1188 ﬂu-

1932 1214 2084 1268 vium
2110 1230 2235 1268 cum
2264 1213 2446 1269 valido
2479 1221 2528 1269 et
2556 1213 2867 1269 vehementi
2891 1213 3093 1283 spiritu
3118 1227 3136 1266 :
3169 1210 3262 1267 Sic
3291 1211 3358 1264 Et
3384 1224 3577 1280 percu-

1933 1304 2028 1358 tiet
2055 1310 2255 1374 septem
2301 1305 2530 1376 Egypti
2557 1303 2761 1367 valles;
2789 1305 3047 1373 tuncque
3079 1299 3290 1372 quivis,
3319 1297 3410 1353 vel
3457 1296 3575 1353 cal-

1933 1397 2154 1460 cestus,
2189 1392 2463 1448 transibit
2492 1391 2720 1465 Egypti
2750 1391 3013 1447 ﬂuvium.
3038 1389 3340 1461 Signiﬁcat
3369 1400 3574 1460 parum

1929 1499 2093 1554 aquae
2125 1483 2184 1537 in
2216 1499 2369 1554 aqua
2400 1481 2618 1537 ﬂuviali
2649 1480 2919 1536 relictum
2951 1478 3044 1534 iri.
3067 1479 3249 1534 Tanta
3277 1477 3434 1534 enim
3464 1476 3576 1532 erit

1931 1587 2094 1642 aquae
2127 1571 2389 1643 penuria,
2419 1575 2520 1626 aut
2549 1570 2726 1625 etiam
2779 1569 2859 1624 ita
2896 1567 3134 1624 omnino
3165 1565 3573 1633 exsiccabitur,

1930 1664 1996 1715 ut
2025 1660 2225 1717 nullus
2277 1677 2660 1716 remansuras
2700 1659 2776 1714 sit
2822 1659 3054 1727 humor,
3088 1657 3186 1728 qui
3236 1654 3573 1726 quempiam

1929 1753 2099 1822 cogat
2147 1750 2370 1806 calceos
2405 1750 2474 1804 ad
2507 1748 2750 1805 fluvium
2801 1746 3216 1818 trajiciendum
3247 1742 3572 1800 detrahere.

1928 1840 2040 1893 Aut
2095 1839 2342 1896 fortasse
2393 1839 2570 1895 etiam
2625 1855 2760 1894 cum
2813 1837 3036 1893 dictum
3097 1836 3172 1891 sit
3228 1833 3410 1906 Moysi
3430 1832 3474 1868 “
3519 1834 3578 1887 et

1923 1929 2146 1996 Jesu“,
2203 1933 2268 1983 ut
2326 1928 2490 2000 pedis
2548 1927 3005 1983 calceamentum
3064 1924 3372 1990 solverent,
3420 1920 3576 1993 quod

1925 2020 2080 2072 terra
2111 2017 2167 2072 in
2199 2033 2317 2088 qua
2346 2018 2600 2083 stabant,
2627 2020 2832 2072 sancta
2861 2018 3033 2083 esset,
3062 2017 3264 2070 contra
3291 2026 3424 2067 cum
3456 2025 3574 2066 non

1926 2112 2083 2163 esset
2112 2107 2402 2178 ejusmodi
2433 2106 2735 2178 lEgyptus,
2769 2105 2871 2160 sed
2916 2104 3178 2176 profana,
3210 2102 3338 2157 ideo
3356 2100 3575 2172 juben-

1925 2200 2025 2252 tur
2055 2195 2295 2252 calceati
2325 2194 2666 2251 conculcare
2698 2193 2960 2264 ﬂuvium,
2993 2209 3098 2249 nec
3143 2190 3368 2247 calceos
3397 2189 3576 2259 depo-

1926 2302 2083 2342 nere.
2114 2287 2245 2342 Jam
2277 2303 2408 2342 vero
2442 2285 2694 2341 siccatur
2723 2283 2976 2340 violento
3013 2283 3110 2338 Dei
3141 2280 3351 2354 spiritu
3384 2282 3576 2334 reten-

1924 2379 2020 2431 tus
2052 2392 2118 2431 ac
2167 2375 2482 2431 cohibitus.
2517 2375 2882 2445 Quapropter
2910 2371 3102 2428 solum
3140 2368 3366 2444 )Egypti
3416 2366 3579 2423 indi-

1923 2481 2106 2538 gnum
2130 2468 2238 2533 est,
2263 2466 2413 2536 quod
2440 2464 2599 2519 nuda
2621 2461 2873 2534 excipiat
2902 2465 3245 2518 sanctorum
3265 2463 3577 2514 transeun-

1924 2553 2074 2608 tium
2096 2552 2362 2625 vestigia.
2377 2555 2565 2618 Quare
2581 2553 2757 2608 etiam
2784 2551 3000 2623 pascha
3020 2547 3580 2619 esuri,jubebantur

1927 2642 2323 2698 calceamenta
2367 2642 2581 2697 habere
2627 2641 2687 2696 in
2739 2641 2985 2714 pedibus
3012 2641 3075 2696 ⁸⁸.
3108 2638 3215 2694 Ubi
3268 2637 3427 2693 enim
3457 2651 3580 2691 ser-

1927 2749 2072 2804 pens
2114 2733 2358 2788 mordax
2383 2736 2440 2787 et
2469 2730 2761 2803 scorpius,
2793 2731 2914 2787 sint
2944 2732 3172 2801 oportet
3220 2725 3279 2781 in
3330 2724 3578 2798 pedibus

1926 2821 2338 2886 calceamenta,
2373 2824 2438 2876 ut
2478 2822 2677 2892 pedes,
2709 2819 2926 2891 quibus
2971 2814 3388 2888 circumposita
3416 2815 3578 2880 sunt,

1928 2915 2208 2967 tueantur
2255 2927 2322 2966 ac
2374 2909 2800 2966 communiunt.
2834 2909 2976 2964 Cum
3035 2909 3230 2963 autem
3281 2901 3578 2976 quispiam

1923 3001 2048 3071 jam
2082 2999 2407 3072 pervenerit
2437 3000 2508 3054 ad
2547 2998 2743 3054 locum
2793 3000 3064 3054 sanctum
3095 2995 3320 3051 calceos
3370 2991 3576 3062 solvat,

1930 3089 2144 3145 Christi
2177 3088 2474 3161 apostolos
2515 3088 2784 3144 imitatus
2818 3103 2831 3141 :
2867 3085 3083 3158 quibus
3115 3082 3338 3139 dictum
3370 3083 3479 3149 est,
3511 3080 3580 3134 ut

1935 3193 2005 3234 ne
2048 3177 2444 3234 calceamenta
2489 3177 2729 3248 quidem
2780 3176 3078 3247 gestarent
3095 3173 3158 3228 ‘9.
3189 3170 3368 3227 Vsus.
3402 3170 3489 3224 16.
3518 3169 3584 3223 Et

1933 3269 2041 3323 erit
2060 3267 2258 3323 Israeli
2275 3267 2434 3337 quasi
2452 3266 2586 3335 dies,
2611 3265 2828 3336 quando
2851 3264 3023 3320 exivit
3050 3277 3121 3318 ex
3140 3262 3392 3332 Egi/pio.
3414 3259 3582 3313 Tunc

1932 3357 2087 3412 enim
2110 3372 2244 3410 cum
2268 3355 2679 3410 calceamentis
2701 3353 2935 3409 transiit
2956 3368 3117 3407 mare
3141 3351 3426 3414 Rubrum,
3446 3362 3582 3403 cum

1930 3445 2076 3500 illud
2109 3444 2431 3517 increpavit
2459 3444 2559 3515 qui
2606 3447 2813 3514 potens
2860 3446 2969 3511 est,
3001 3445 3058 3497 et
3105 3438 3331 3496 exaruit
3353 3437 3419 3491 °°.
3450 3436 3582 3492 Jor-

1932 3536 2140 3591 danem
2183 3534 2419 3605 insuper
2467 3532 2716 3605 pedibus
2762 3531 3065 3603 trajecere,
3097 3528 3361 3602 vestigiis
3410 3525 3583 3583 siccis

1933 3624 2411 3688 remanentibus;
2445 3622 2661 3693 quippe
2682 3621 2836 3692 quod
2868 3620 3081 3676 humor
3111 3617 3304 3675 omnis
3334 3615 3583 3690 pedibus

1933 3729 2136 3769 eorum
2169 3729 2296 3767 sese
2327 3710 2787 3767 subduxisset“.

2001 3800 2127 3855 252.
2154 3800 2318 3854 Tunc
2339 3799 2519 3870 igitur
2539 3799 2690 3854 dicet
2711 3794 2968 3869 populus
2991 3796 3142 3868 (CAP.
3167 3811 3266 3865 xu,
3298 3793 3466 3849 Vsus.
3493 3793 3577 3864 1)‘:

1933 3890 2267 3946 Benedicam
2295 3889 2417 3958 tibi,
2454 3888 2704 3956 Domine,
2739 3888 3001 3958 quouiam
3038 3885 3226 3940 iratus
3254 3899 3307 3938 es
3336 3881 3496 3949 mihi,
3527 3883 3584 3936 et

1932 3979 2184 4035 avertisti
2211 3980 2459 4049 furorem
2503 3985 2682 4042 tuum,
2713 3979 2764 4030 et
2790 3976 3044 4030 misertus
3071 3988 3130 4027 es
3159 3972 3289 4026 mei.
3325 3969 3581 4025 Derelin-

1934 4069 2136 4139 quitur
2166 4066 2298 4138 quis
2329 4079 2752 4138 saapenumero,
2783 4067 2842 4118 et
2870 4059 3179 4127 deseritur,
3211 4059 3366 4131 quod
3399 4057 3582 4114 semel

1936 4158 2007 4212 ad
2037 4156 2366 4229 [Egyptiaca
2397 4153 2553 4210 mala
2581 4153 2824 4209 allectus
2846 4151 2944 4218 sit,
2967 4166 3193 4222 suaque
3224 4164 3326 4222 per
3346 4147 3580 4220 aliquod

1907 4250 2168 4318 .tempus
2199 4243 2414 4300 fruitus
2445 4242 2523 4298 sit
2564 4241 2844 4309 stultitia;
2879 4244 2944 4298 ut
2972 4256 3040 4296 ea
3070 4255 3196 4312 quae
3229 4236 3380 4294 male
3411 4236 3581 4293 sevit:

1934 4339 2115 4392 metat
2143 4351 2156 4391 ε
2185 4334 2286 4407 qui
2317 4350 2451 4391 cum
2475 4331 2715 4388 omnino
2745 4328 3060 4386 derelictus
3083 4345 3198 4385 non
3221 4328 3317 4394 sit,
3341 4327 3458 4382 imo
3480 4325 3586 4382 be-

1933 4424 2208 4481 neﬁcium
2240 4423 2480 4495 aliquod
2519 4420 2829 4493 acceperit,
2874 4418 3028 4475 dicet
3058 4435 3072 4473 :
3104 4416 3432 4474 Benedicam
3461 4415 3584 4486 tibi,

1933 4515 2191 4582 Domine,
2217 4513 2475 4584 quoniam
2502 4513 2683 4567 iratus
2715 4525 2770 4567 es
2792 4509 2952 4578 mihi,
2978 4517 3033 4564 et
3053 4507 3309 4564 avertisti
3336 4508 3590 4577 furorem

179 4615 282 4668 σου,
333 4598 426 4651 καὶ
488 4595 740 4667 ἡλὲησάς
801 4617 886 4671 με.
938 4597 1172 4672 ’Όμοιόν
1204 4597 1314 4654 ἐστι
1360 4598 1536 4672 τούτῳ
1590 4600 1674 4670 τὸ,
1702 4601 1820 4674 Ὀρ-

1937 4611 2112 4670 tuum,
2143 4611 2194 4658 et
2223 4603 2480 4657 misertus
2519 4617 2575 4656 es
2613 4601 2745 4655 mei.
2779 4598 3095 4655 Sententia;
3124 4597 3262 4653 huic
3295 4595 3416 4652 haec
3446 4611 3587 4651 con-

174 4684 260 4755 γῆν
319 4685 541 4759 Κυρίου
600 4685 830 4757 ὑποίσω,
892 4685 973 4742 ὅτι
1032 4686 1277 4762 ἥμαρτον
1337 4687 1522 4760 αὐτῷ,
1580 4694 1676 4744 τοῦ
1745 4686 1829 4743 δι-

175 4777 392 4831 καιῶσαι
453 4773 623 4831 αὐτὸν
678 4776 778 4846 τὴν
836 4772 995 4846 δίκην
1057 4797 1180 4850 μου.
1243 4776 1345 4834 Καὶ
1398 4777 1531 4851 μετά
1557 4783 1717 4833 τοῦτο
1752 4777 1832 4849 ἐξ·

235 4922 278 4957 "
306 4923 524 4980 Ezech.
559 4941 714 4994 xxxx,
760 4923 814 4980 3.

174 4992 211 5032 ⁶¹
239 4994 359 5053 Jos.
392 5013 488 5068 ιιι,
524 4996 615 5053 17.
690 4992 738 5032 ⁸³
767 4996 941 5054 Mich.
974 5014 1073 5068 vn,
1105 4997 1159 5053 9.

241 5138 352 5216 (Ἲς)
383 5140 964 5216 Ῑξι-ιιῐιοςῠεαοιδ.
998 5145 1055 5216 e_t
1099 5141 1160 5198 in
1212 5143 1368 5216 Reg.
1399 5144 1678 5216 secundo,
1732 5161 1834 5216 pro

241 5159 352 5212 ιιι)
385 5159 455 5195 ιιι
513 5159 766 5214 urroque
803 5159 964 5199 uom.
998 5159 1055 5197 et
1099 5159 1160 5198 ιιι
1213 5159 1291 5199 ne
1339 5185 1351 5198 .
1399 5159 1678 5216 secundo,
1732 5161 1834 5215 pro

179 5200 338 5294 διετῆ,
377 5213 608 5297 vitiose
659 5213 983 5297 scribitur,
1011 5210 1261 5297 δεκτικξξ.
1295 5159 1476 5297 ἴιΙυᾱ.
1507 5220 1699 5297 autem
1727 5210 1836 5297 Δδεῖ

177 5285 298 5349 mag,
332 5284 452 5339 nisi
503 5284 784 5342 fallamur
826 5284 1123 5359 opinione,
1156 5284 1429 5343 bifariam
1461 5287 1835 5360 interpretari

179 5369 522 5492 ἱξῖἲναέμε,
562 5363 678 5413 rato
709 5366 946 5432 tempore
975 5376 994 5413 :
1025 5363 1148 5430 aut,
1175 5361 1418 5431 propitio
1449 5365 1499 5416 et
1534 5370 1836 5434 opportuno

241 5497 354 5579 (72‘)
387 5498 885 5579 Editioliomana
928 5501 1141 5570 fusius,
1173 5501 1262 5554 καὶ
1313 5496 1564 5558 ἐπιϐαλεῖ
1593 5503 1691 5571 τήν
1724 5507 1840 5579 χεῖ-

183 5567 566 5647 91.39.1091?!
596 5573 810 5647 inﬁciet
841 5590 1070 5647 ηιαιιατη
1097 5567 1261 5630 suam
1289 5590 1451 5647 super
1477 5567 1728 5647 ﬂuvium

244 5640 357 5714 (73)
389 5641 588 5721 Editi,
723 5645 812 5713 ἧς.
844 5645 1047 5702 Codext
1077 5661 1256 5716 unus,
1293 5640 1374 5721 ἰφ”
1403 5640 1492 5714 ἥν.
1523 5647 1634 5704 Alii
1665 5647 1839 5720 quin-

244 5663 357 5714 (ω)
389 5663 588 5711 mm,

187 5725 289 5782 que
320 5730 503 5784 mss.,
542 5710 611 5787 ιφ
695 5756 707 5770 .

1940 4691 2154 4748 similis
2186 4693 2275 4746 est
2304 4707 2316 4745 :
2341 4690 2488 4745 Iram
2515 4689 2740 4746 Domini
2765 4687 3062 4755 sustinebo,
3093 4687 3229 4758 quia
3254 4684 3475 4757 peccavi
3501 4683 3588 4745 ei:

1940 4784 2003 4836 ut
2051 4788 2104 4837 et
2152 4781 2268 4852 ipse
2301 4779 2572 4850 justiﬁcet
2610 4794 2835 4834 causam
2882 4775 3152 4832 meam”.
3185 4779 3254 4831 Et
3301 4777 3434 4847 post
3479 4772 3590 4829 hoc

891 4925 933 5001 ἕο
962 4925 1142 5001 Exod.
1191 4943 1275 5001 ιιι,
1325 4927 1380 4983 5.
1456 4927 1500 4962 ⁵⁷
1527 4927 1650 4985 Jos.
1684 4945 1738 4996 v,
1786 4929 1820 4984 1‹

1949 4928 1992 4965 ⁸⁸
2020 4927 2199 4985 Exod.
2232 4927 2454 4996 nt,11.
2529 4927 2576 4962 ⁶⁰
2604 4927 2745 4984 Luc.
2796 4941 2854 4994 x,
2901 4924 2953 4978 4.
3028 4923 3279 4981 60Exod.
3332 4937 3450 4992 xxv,
3497 4921 3591 4980 21.

2012 5145 2124 5216 (74)
2155 5143 2326 5216 Editi,
2360 5141 2418 5196 ἐκ
2444 5146 2560 5197 τοῦ.
2595 5146 2832 5216 Veteres
2864 5139 3124 5213 quinque
3155 5138 3308 5216 libri,
3344 5136 3403 5216 ἰκ
3430 5143 3554 5216 ﬂe,

2016 5205 2124 5287 (75)
2155 5205 2409 5287 Uterque
2456 5216 2616 5272 Colb.
2668 5220 2723 5269 et
2773 5205 2924 5287 Reg-.4
2955 5205 3407 5287 secundus,'_xai
3444 5205 3593 5287 imi-

1944 5278 2119 5356 πησάὲ
2157 5307 2242 5358 με.
2278 5278 2339 5342 Et
2387 5290 2594 5344 amasti
2638 5303 2746 5342 me.
2788 5278 2992 5342 Statim
3020 5284 3200 5358 _editi,
3231 5278 3319 5337 καὶ
3367 5278 3590 5356 χρόνον.

1945 5356 2290 5430 Conjunctio
2319 5358 2406 5412 καί
2438 5361 2497 5415 in
2529 5359 2792 5430 quinque
2826 5374 2968 5414 mss.
3003 5356 3186 5413 deest.

2017 5421 2128 5503 (7B)
2181 5431 2356 5499 Editi,
2418 5421 2564 5503 p.00.-
2603 5421 2875 5486 At'mss.
2937 5445 3056 5503 sea,
3122 5428 3413 5503 poi._Ho_c
3465 5421 3592 5503 loco

1947 5489 2187 5575 uterque
2251 5489 2428 5560 Col'bx
2479 5510 2536 5561 et
2603 5503 2743 5575 Reg.
2814 5489 3143 5575 secundum
3181 5489 3592 5575 habentidxal

1945 5564 2187 5645 ἠλέηᾶάς
2246 5594 2332 5646 με.
2381 5577 2446 5631 Et
2501 5564 2864 5646 misert‘uses
2910 5572 3040 5646 mei.
3090 5569 3297 5626 statim
3351 5564 3509 5646 editi,
3540 5567 3598 5620 et

1948 5634 2086 5770 dim.
2133 5634 2304 5716 mss."
2357 5650 2518 5701 τοῦτο
2573 5649 2676 5717 τῷ.
2732 5644 2846 5700 Alii
2903 5645 3147 5715 quatuor
3199 5655 3366 5710 11188.,
3415 5634 3596 5707 τούτῳ

1948 5735 1976 5770 τ
2016 5757 2030 5770 .

1946 5735 2030 5772 το.
