4118 6220
300 364 418 424 565

1093 363 1504 427 COMMENT.
1547 364 1627 424 IN
1674 364 1940 424 ISAIAM
1989 362 2500 426 PROPHETAM.
2549 361 2725 425 CAP.
2773 361 2930 426 XIII.

3601 366 3719 428 566

299 492 516 562 νοήσεις
564 491 624 546 ἐκ
658 494 758 561 τῆς
789 492 996 555 είκόνος
1053 499 1153 563 τῆς
1209 493 1312 548 ὑπὸ
1372 496 1468 549 τοῦ
1526 489 1692 548 Δαϐὶδ
1752 515 1940 570 παρει-

2057 496 2187 552 vide
2236 499 2543 567 assumpta
2589 495 2902 568 intelliges.
2936 495 3252 564 Nimirum,
3297 495 3484 551 Sitivit
3526 500 3718 558 anima

299 577 636 655 λημμὲνης,
697 580 779 637 ὅτι
834 579 1124 656 Ἐδίψησεν
1196 585 1231 652 ἡ
1302 585 1453 658 ψυχή
1518 604 1622 656 μου
1677 585 1813 659 πρὸς
1856 585 1946 638 τὸν

296 667 431 724 Θεὸν
487 669 578 724 τὸν
634 669 862 746 ΐσχυρὸν
919 671 1012 725 τὸν
1073 676 1266 740 ζῶντα.
1323 673 1394 726 Τὸ
1457 671 1560 748 γὰρ
1612 669 1950 744 ὁπερδάλλον

291 765 398 828 τῆς
447 757 736 832 ἐπιθυμίας
787 759 1076 835 ἀμήχανόν
1129 781 1248 815 τινα
1303 761 1400 830 τὴν
1462 761 1796 839 εὐφροσύνην
1851 761 1948 834 ἒμ-

292 853 448 903 ποιεῖ
486 854 602 911 τοῖς
661 848 1085 926 ἐπιτυγχάνουσι
1141 853 1249 905 τῶν
1299 848 1796 925 περισπουδάστων.
1847 852 1946 905 Καὶ

292 938 324 992 ὁ
383 935 624 1011 μελετῶν
681 940 773 994 τὸν
830 939 997 1012 νόμον
1057 939 1260 1014 Κυρίου
1315 941 1526 1016 ἡμέρας
1583 941 1674 996 καὶ
1733 941 1948 1008 νυκτὸς,

290 1027 422 1102 περὶ
476 1028 539 1084 οὗ
592 1025 827 1105 εἴρηται,
879 1028 963 1085 ὅτι
1018 1031 1208 1102 Στόμα
1265 1027 1475 1086 δικαίου
1531 1029 1815 1104 μελετήσει
1855 1051 1948 1085 σο-

291 1115 448 1194 φίαν,
510 1116 738 1194 ἐρευνῶν
791 1118 886 1181 τὰς
939 1118 1296 1195 Γραφᾶς,καί
1355 1117 1445 1174 διὰ
1484 1124 1582 1176 τοῦ
1632 1120 1806 1194 ὀρθῶς
1859 1124 1950 1190 ζη-

287 1211 408 1262 τεῖν
461 1206 722 1283 εὑρίσκων
771 1208 862 1264 τὸν
912 1208 1131 1284 Κύριον,
1174 1205 1263 1262 διὰ
1317 1209 1416 1278 τὴν
1476 1208 1563 1265 ἰπὶ
1619 1211 1688 1281 τῇ
1745 1209 1947 1284 εὑρέσει

290 1295 633 1371 εὐφροσύνην
682 1297 881 1362 συνιεὶς
951 1298 1014 1353 τὸ
1088 1299 1452 1371 πνευματικὸν
1516 1299 1778 1375 βούλημα
1839 1303 1946 1352 τῶν

290 1389 568 1462 Γραφῶν,
623 1384 882 1458 ἀντλήσει
937 1384 1085 1463 ὕδωρ
1169 1388 1284 1460 μετ’
1361 1386 1726 1464 εὐφροσύνης.
1779 1389 1946 1445 Ὅταν

292 1471 389 1528 οῦν
447 1472 604 1530 αύτοὶ
650 1472 1061 1548 ἕμπλησθῶμεν
1118 1477 1215 1528 τοῦ
1269 1472 1520 1548 πόματος
1577 1478 1684 1528 τῶν
1743 1472 1803 1530 ἐκ
1851 1477 1947 1528 τοῦ

292 1563 580 1638 σωτηρίου
625 1566 740 1638 (85)
768 1568 986 1639 πηγῶν,
1039 1564 1162 1618 τότε
1214 1562 1304 1618 καὶ
1344 1563 1558 1640 ἐτέρους
1585 1556 1947 1639 προσλαμϐά-

289 1673 484 1726 νομεν,
535 1652 942 1730 ἰγκελευόμενοι
998 1651 1184 1713 αὐτοῖς
1229 1650 1318 1706 καὶ
1376 1651 1646 1726 λέγοντες·
1705 1652 1948 1725 Ὑμνεῖτε

289 1741 388 1796 τὸν
451 1742 670 1814 Κύριον,
735 1741 896 1818 βοᾶτε
969 1740 1033 1795 τὸ
1107 1742 1282 1814 δνομα
1357 1740 1539 1796 αὐτοῦ.
1599 1742 1662 1798 Ἣ
1723 1737 1780 1795 δὲ
1839 1740 1942 1816 βοὴ

294 1832 452 1909 φωνή
512 1829 622 1886 ἔστι
685 1829 912 1905 μέγεθος
966 1825 1209 1905 ἔχουσα,
1269 1827 1564 1903 δυνάμενον
1633 1827 1946 1888 διϊκνεῖσθαι

287 1920 383 1975 καὶ
414 1921 552 1994 πρὸς
581 1919 710 1982 τοὺς
740 1919 931 1996 πόῤῥω
977 1921 1112 1993 (86).
1172 1921 1343 1976 Βοᾶτε
1391 1917 1502 1974 οὖν·
1555 1918 1673 1974 ἀντὶ
1703 1923 1821 1988 τοῦ,
1853 1919 1948 1987 Μὴ

294 2009 468 2082 μικρὰ
494 2008 619 2083 περὶ
664 2013 798 2064 Θεοῦ
845 2013 1114 2086 φρονεῖτε,
1159 2006 1308 2063 ἀλλὰ
1363 2007 1573 2085 μεγάλῃ
1619 2012 1688 2082 τῇ
1740 2005 1950 2080 διανοίᾳ

280 2099 356 2151 τὰ
413 2097 538 2172 περὶ
603 2097 768 2152 αὐτοῦ
813 2096 1119 2159 ἰννοοῦντες
1148 2140 1168 2170 ,
1218 2095 1361 2151 οὕτω
1412 2095 1722 2173 θεολογεῖτε
1763 2140 1778 2164 ,
1813 2095 1950 2152 ὥστε

285 2187 381 2242 καὶ
442 2191 558 2248 τοῖς
613 2186 820 2264 μακρὰν
873 2184 992 2242 οῦσι
1040 2193 1141 2256 τῆς
1197 2185 1470 2262 σωτηρίας
1529 2183 1825 2258 δυνηθῆναι
1870 2183 1950 2256 ἐξ·

287 2275 557 2330 ἀκουστον
591 2275 742 2348 ὑμῶν
772 2275 862 2330 τὸν
896 2273 1084 2350 λόγον,
1119 2271 1207 2330 διὰ
1228 2274 1293 2330 τὸ
1317 2276 1509 2350 τρανὸν
1557 2279 1658 2341 τῆς
1701 2273 1949 2330 διδασκα-

283 2362 440 2432 λίας,
473 2363 717 2440 γενέσθαι
750 2366 880 2438 (87).
917 2362 1094 2434 Δηλοῖ
1125 2361 1182 2418 δὲ
1217 2363 1310 2419 τὸν
1359 2368 1486 2419 νοῦν
1537 2368 1729 2419 τοῦτον
1755 2365 1824 2419 τὰ
1852 2362 1946 2441 ἑφ-

286 2454 434 2524 εξῆς.
498 2453 878 2530 Ἀναγ-γείλατε
922 2453 1059 2530 γὰρ,
1117 2454 1321 2532 φησὶν,
1373 2452 1424 2508 ἐν
1481 2459 1598 2516 τοῖς
1657 2449 1828 2509 ἔθνεσι
1881 2452 1950 2508 τὰ

287 2539 479 2613 ἔνδοξα
553 2542 738 2614 αὐτοῦ,
817 2541 1004 2597 εἴπατε
1089 2542 1258 2597 αὐτοῦ
1329 2543 1398 2596 τὰ
1477 2542 1768 2616 Θαυμάσια.
1825 2541 1945 2598 Δεί-

289 2633 418 2702 ξατε
446 2637 562 2695 τοῖς
593 2632 844 2703 ἀνοήτοις
895 2633 994 2700 τήν
1048 2630 1174 2708 περὶ
1221 2631 1312 2686 τὸν
1371 2631 1584 2705 πόσμον
1758 2629 1946 2686 διάτα-

284 2721 392 2791 ξιν,
418 2719 511 2775 ’ἱνα
548 2723 900 2796 προσαχθῶσι
932 2725 1002 2796 τῇ
1061 2719 1238 2796 ἀγάπῃ
1283 2725 1379 2776 τοῦ
1425 2721 1707 2783 κτίσαντος
1745 2723 1812 2777 τὰ
1842 2719 1946 2776 ὅλα

285 2815 468 2866 Θεοῦ.
552 2811 852 2884 Ὑμνήσατε
927 2810 992 2865 τὸ
1067 2810 1239 2884 ὄνομα
1305 2809 1469 2866 αὑτοῦ
1503 2854 1517 2880 ,
1595 2812 1677 2865 δτι
1759 2810 1947 2885 ὑψηλὰ

285 2898 565 2970 ἐποίησεν.
598 2900 667 2953 Ἥ
716 2900 841 2975 περὶ
889 2903 996 2954 τῶν
1055 2897 1106 2954 ἐν
1165 2903 1243 2971 τῷ
1298 2900 1493 2973 κόσμῳ
1539 2898 1824 2973 θαυμάτων
1859 2897 1946 2954 δι-

287 2989 592 3064 ηγήσασθε,
626 2987 708 3043 ὅτι
767 2987 956 3062 ὑψηλᾶ
1006 2988 1096 3044 καὶ
1157 2987 1441 3064 ἀπρόσιτον
1502 2987 1538 3057 ἢ
1588 2987 1710 3065 περὶ
1747 2991 1857 3043 τῶν
1890 2987 1942 3043 ἐν

2059 602 2180 641 mea
2208 586 2280 641 ad
2309 587 2476 641 Deum
2503 589 2703 657 fortem
2730 588 2918 641 vivum
2939 585 3002 640 ⁸ο.
3037 589 3182 642 Nam
3215 584 3574 642 desiderium
3601 587 3713 644 im-

2060 674 2358 730 modieum
2409 675 2762 731 immensam
2802 675 3121 745 quamdam
3172 673 3437 730 laetitiam
3489 675 3562 731 iis
3609 677 3712 748 qui

2061 779 2152 818 res
2166 763 2563 820 desideratissi
2575 779 2699 819 mas
2715 766 3362 835 consequuntur,creat.
3379 763 3710 828 Quinetiam

2058 851 2108 907 is
2140 852 2240 924 qui
2272 852 2593 908 meditatur
2635 851 2820 924 legem
2857 852 3087 908 Domini
3128 853 3222 910 die
3253 869 3321 908 ac
3352 853 3608 920 nocte“,
3641 853 3712 910 de

2059 956 2175 1012 quo
2205 941 2423 997 dictum
2455 946 2580 998 est:
2622 942 2689 997 0s
2706 941 2858 1013 justi
2899 943 3256 998 meditabitur
3281 945 3618 1015 sapientiam
3642 942 3713 1014 ⁷³,

2059 1035 2328 1087 scrutans
2361 1031 2716 1104 Scripturas,
2750 1037 2806 1086 et
2855 1034 3008 1088 recte
3040 1032 3354 1103 quaerendo
3395 1031 3713 1088 Dominum

2061 1121 2375 1192 reperiens,
2398 1121 2470 1176 ob
2503 1125 2837 1194 perceptam
2889 1121 2959 1176 de
3004 1121 3239 1177 invento
3271 1119 3560 1192 laetitiam,
3589 1119 3715 1193 spi-

2059 1207 2287 1265 ritalem
2319 1209 2759 1282 Scripturarum
2805 1225 3048 1266 sensum
3093 1209 3449 1282 intelligens,
3479 1209 3715 1267 hauriet

2057 1315 2271 1370 aquam
2304 1314 2437 1354 cum
2470 1298 2705 1371 gaudio.
2738 1299 2881 1356 Cum
2918 1297 3099 1371 igitur
3129 1315 3236 1356 nos
3266 1301 3407 1372 potu
3457 1297 3710 1354 fontium

2057 1403 2088 1442 e
2123 1386 2373 1443 Salutari
2422 1387 2874 1444 scaturientium
2922 1387 3207 1444 fuerimus
3255 1387 3545 1454 exsatiati,
3576 1389 3707 1444 tum

2057 1479 2114 1531 et
2142 1475 2287 1532 alios
2327 1475 2498 1532 nobis
2541 1477 2955 1548 adjuugemus,
2987 1480 3044 1532 et
3067 1475 3526 1544 exhortabimur,
3559 1475 3708 1548 ipsis

2057 1564 2318 1620 dicentes
2347 1564 2546 1634 (Vsus.
2581 1566 2634 1634 4)
2659 1581 2672 1620 :
2697 1566 2927 1636 Hymnis
2954 1564 3219 1620 celebrate
3249 1567 3574 1633 Dominum,
3596 1565 3708 1619 cla-

2054 1662 2200 1710 mate
2226 1671 2422 1711 nomen
2441 1657 2575 1727 ejus.
2601 1655 2701 1710 Est
2722 1658 2918 1710 autem
2942 1653 3163 1709 clamor
3184 1670 3365 1709 sonus
3391 1669 3525 1708 cum
3549 1652 3703 1708 578

2056 1745 2429 1800 contentione
2476 1759 2692 1816 magna
2740 1743 2955 1814 editus,
2987 1742 3089 1814 qui
3135 1741 3311 1798 etiam
3355 1742 3428 1797 ad
3475 1757 3576 1796 eos
3603 1738 3706 1812 qui

2057 1832 2256 1905 procul
2306 1834 2543 1901 absunt,
2590 1834 2918 1904 pertingere
2967 1835 3176 1902 potest.
3212 1830 3471 1886 Clamate
3510 1829 3708 1900 igitur,

2060 1922 2168 1978 hoc
2199 1928 2307 1994 est,
2340 1922 2464 1978 Non
2497 1921 2746 1977 humilia
2777 1922 2847 1976 de
2877 1921 2992 1977 Deo
3023 1919 3237 1976 sentite
3263 1936 3278 1975 :
3302 1919 3421 1976 imo
3453 1933 3585 1976 vero
3615 1917 3712 1973 in-

2058 2010 2216 2083 genti
2247 2010 2442 2067 animo
2473 2027 2540 2066 ea
2571 2027 2703 2082 quoa
2736 2009 2808 2065 ad
2841 2025 2976 2065 eum
3020 2007 3335 2080 pertinent,
3364 2007 3710 2080 cogitantes,

2060 2099 2144 2155 sic
2175 2101 2247 2155 de
2296 2100 2473 2156 rebus
2502 2098 2717 2154 divinis
2748 2097 3043 2169 disserite,
3077 2102 3142 2153 ut
3171 2096 3260 2154 vel
3292 2097 3366 2152 iis
3393 2095 3494 2168 qui
3541 2096 3713 2168 longe

2059 2193 2200 2244 sunt
2230 2205 2263 2244 a
2292 2187 2482 2244 salute
2531 2186 2764 2257 remoti,
2795 2201 2989 2242 sermo
3034 2189 3226 2242 vester
3273 2185 3462 2242 audiri
3514 2187 3710 2255 queat,

2059 2277 2132 2332 ob
2164 2277 2442 2333 doctrinae
2474 2275 2972 2349 perspicuitatem.
2993 2273 3276 2330 Ceterum
3308 2290 3436 2346 quae
3458 2288 3715 2345 sequun-

2057 2370 2174 2434 tur,
2206 2365 2364 2422 huno
2395 2365 2674 2422 exhibent
2716 2380 2979 2421 sensum.
3014 2365 3353 2420 Annuntiate
3399 2361 3580 2432 enim,
3614 2361 3711 2416 in-

2056 2457 2204 2527 quit,
2240 2457 2302 2511 in
2337 2456 2592 2527 gentibus
2639 2455 2890 2525 gloriosa
2936 2454 3075 2523 eius,
3105 2451 3270 2509 dicite
3317 2453 3493 2524 ipsius
3535 2452 3688 2506 mira

2058 2545 2324 2601 Rudibus
2356 2548 2414 2600 et
2444 2543 2834 2616 intelligentia
2853 2541 3099 2599 minime
3129 2540 3387 2614 praditis
3419 2539 3713 2597 ostendite

2057 2639 2406 2707 apparatum
2452 2633 2658 2689 mundi
2692 2649 2758 2688 ac
2787 2633 3077 2700 ordinem,
3114 2635 3177 2687 ut
3223 2647 3421 2687 amore
3450 2629 3551 2685 Dei
3583 2628 3712 2684 uni.

2055 2739 2358 2780 versurum
2397 2722 2718 2778 conditoris
2748 2721 3140 2794 pelliciantur.
3175 2723 3371 2792 (Vens.
3395 2719 3452 2790 5)
3476 2719 3708 2791 Hymnis

2054 2813 2321 2869 celebrate
2349 2828 2547 2868 nomen
2578 2812 2717 2883 ejus,
2751 2812 3014 2882 quoniam
3056 2809 3269 2866 excelsa
3294 2809 3447 2880 fecit.
3483 2810 3599 2862 Aut
3636 2806 3710 2863 de

2057 2901 2261 2956 mundi
2295 2899 2600 2956 miraculis
2629 2899 2739 2956 hoc
2774 2903 3026 2968 narrate,
3059 2898 3214 2970 quod
3247 2896 3472 2954 excelsa
3501 2896 3622 2952 sint
3651 2897 3710 2951 et

2055 2991 2354 3047 inaccessa
2387 3005 2400 3046 :
2434 2993 2538 3046 aut
2585 2989 2658 3044 de
2705 2987 2983 3044 caalorum
3032 2986 3378 3056 virtutibus,
3408 2985 3565 3058 quod
3595 2984 3710 3041 Do-

286 3083 409 3141 τοῖς
440 3077 690 3154 οὐρανοῖς
736 3074 1073 3152 δυνάμενων,
1104 3076 1188 3134 ὅτι
1244 3077 1405 3140 αὐτὸς
1464 3076 1686 3148 ἐποίησε
1739 3077 1807 3132 τὰ
1836 3076 1946 3132 ἐκεῖ

2057 3080 2251 3135 minus
2311 3078 2430 3135 illic
2490 3077 2718 3134 excelsa
2774 3077 3003 3150 egerit:
3048 3080 3151 3133 aut
3195 3076 3268 3133 de
3318 3077 3447 3148 ejus
3493 3075 3556 3131 in
3599 3090 3708 3131 nos

289 3167 500 3242 ὑψηλάο
535 3166 570 3237 ἢ
628 3167 752 3243 περὶ
806 3174 909 3239 τῆς
940 3167 992 3224 ἐν
1050 3171 1185 3242 ἡμῖν
1246 3169 1647 3246 χρηστότητος,
1690 3170 1773 3223 ὅτι
1817 3169 1945 3243 ὑψοῖ

2057 3169 2438 3241 benignitate,
2472 3167 2626 3239 quod
2678 3166 2932 3222 humiles
2971 3170 3026 3222 et
3069 3166 3351 3222 contritos
3399 3164 3573 3221 corde
3619 3167 3705 3220 at-

282 3256 418 3320 τοὺς
464 3242 961 3332 τεταπεινωμὶνους
1008 3257 1098 3313 καὶ
1147 3242 1635 3336 συντετριμμένους
1676 3260 1777 3327 τὴν
1813 3255 1942 3333 καρ-

2057 3258 2238 3314 tollat.
2271 3257 2558 3313 Dominus
2588 3255 2745 3312 enim
2790 3254 3006 3312 exaltat
3046 3255 3242 3326 justos
3262 3255 3330 3310 ⁷³.
3361 3252 3561 3309 Altum
3591 3251 3704 3326 igi-

285 3341 432 3403 δίαν.
462 3343 662 3421 Κύριος
708 3346 810 3421 γάρ
864 3347 994 3420 ὑψοῖ
1034 3343 1294 3409 δικαίους
1345 3343 1582 3420 Ὑψηλὸν
1627 3343 1717 3400 οὖν
1751 3344 1941 3415 ἐποίη-

2057 3352 2150 3404 tur
2177 3347 2390 3417 eﬁ‘ecit,
2423 3351 2599 3418 atque
2627 3361 2762 3401 eum
2796 3344 2898 3417 qui
2929 3348 3164 3416 peccato
3191 3342 3543 3400 humiliatus
3573 3342 3702 3398 fue-

284 3453 366 3502 σε,
398 3433 491 3488 καὶ
533 3434 930 3500 ταπεινωθέντα
978 3437 1050 3509 τῇ
1100 3435 1358 3512 ἁμαρτίᾳ,
1389 3439 1458 3510 τῇ
1514 3431 1625 3506 ἰδίᾳ
1673 3431 1800 3510 δόξῃ
1827 3436 1941 3509 (89)

2057 3440 2144 3492 rat
2172 3452 2238 3492 ac
2267 3436 2606 3509 depressus,
2628 3451 2737 3491 sua
2766 3432 2954 3505 ipsius
2985 3433 3168 3506 gloria
3187 3433 3352 3490 valde
3381 3430 3700 3490 sublimem

285 3520 668 3598 ύπερύψωσεν.

2057 3524 2321 3582 reddidit.

778 3823 892 3896 (90)
931 3823 1338 3880 ΚΕΦΑΑΑΙΟΝ
1379 3827 1466 3880 Il‘.

2657 3820 2894 3877 CAPUT
2936 3820 3092 3877 XIII.

362 3912 494 3968 254.
551 3911 778 3984 ’Ὀρασις
827 3911 967 3966 κατὰ
1021 3905 1393 3982 Βαϐυλῶνος,
1461 3911 1528 3981 ἢν
1591 3907 1724 3965 εἶδεν
1781 3911 1944 3966 Ἡσα-

2123 3910 2250 3965 254.
2299 3911 2444 3967 Visio
2491 3918 2682 3966 contra
2729 3909 3090 3982 Babylonem,
3141 3923 3308 3979 quam
3348 3905 3488 3962 vidit
3537 3905 3712 3981 Isaias

293 4005 386 4062 ἶας
437 3999 555 4060 υἱὸς
603 3999 808 4073 ’Δμώς.
871 3998 987 4058 Οὐκ
1047 3997 1279 4071 αἰσθητή
1335 3998 1417 4062 τίς
1478 3999 1645 4069 ἕστιν,
1677 3996 1805 4055 οὐδὲ
1861 3997 1947 4054 διὰ

2057 4000 2206 4071 ﬁlius
2233 4006 2409 4055 Amos.
2426 3999 2590 4055 Visio
2621 3998 2743 4054 haac
2766 3999 2877 4054 sub
2898 4013 3110 4054 sensus
3131 4013 3247 4052 non
3271 3994 3498 4064 cecidit,
3519 4009 3711 4066 neque

294 4091 632 4160 σωματικῶν
691 4085 994 4164 ὀφθαλμῶν
1051 4088 1402 4163 θεωρουμὲνη
1458 4087 1592 4159 αὕτη
1652 4090 1687 4158 ἡ
1738 4087 1946 4163 ὅρασις,

2057 4087 2168 4143 fuit
2215 4091 2528 4158 conspecta
2583 4087 2877 4159 corporeis
2926 4086 3133 4157 oculis,
3179 4084 3280 4141 sed
3335 4081 3631 4139 intellecta
3677 4099 3713 4139 a

295 4175 428 4231 ἀλλ’
458 4175 564 4230 ὑπὸ
591 4179 689 4230 τοῦ
717 4179 810 4230 νοῦ
854 4177 1287 4249 κατανοουμένη,
1328 4180 1424 4232 τοῦ
1454 4181 1587 4234 Θεοῦ
1618 4177 1947 4254 φῶτίζοντος

2058 4180 2274 4248 mente,
2305 4176 2422 4232 Deo
2465 4191 2594 4232 eam
2639 4175 2996 4242 illustrante,
3025 4175 3194 4246 eique
3223 4172 3462 4231 videndi
3492 4171 3610 4227 vim
3642 4186 3711 4228 ac

296 4263 484 4333 αὐτὸν,
519 4265 611 4318 καὶ
656 4261 1024 4340 χαριζομένου
1074 4265 1203 4340 ὁρᾷν
1249 4261 1432 4320 αὗτόν.
1462 4265 1559 4328 Τίς
1591 4267 1626 4336 ἡ
1663 4261 1947 4336 Βαϐυλὼν,

2058 4266 2393 4324 facultatem
2417 4268 2731 4325 tribuente.
2748 4271 2946 4339 Ecqua
2965 4271 3055 4323 est
3075 4266 3196 4322 haec
3218 4263 3563 4336 Babylon,et
3583 4277 3712 4333 qua

295 4353 389 4407 καὶ
448 4354 574 4408 τίνα
627 4352 696 4408 τὰ
741 4350 1160 4427 ἀπαντησόμενα
1207 4353 1381 4429 miti};
1437 4353 1615 4426 Δῆλον
1667 4352 1744 4424 δὶ,
1779 4356 1860 4410 ὅτι
1889 4353 1947 4410 ού

2058 4362 2231 4413 erant
2254 4356 2306 4412 ei
2332 4358 2581 4413 obventu
2591 4356 2693 4412 ra?
2713 4355 2914 4412 Palam
2933 4361 3023 4412 est
3042 4360 3242 4412 autem
3267 4352 3576 4426 prophetas
3603 4365 3720 4407 non

295 4443 415 4496 κατ’
446 4438 691 4497 ἔκστασιν
731 4439 936 4497 ἐλάλου
981 4444 1065 4498 vei.
1091 4450 1392 4519 προφῆται,
1424 4445 1487 4499 Ol.
1522 4447 1616 4519 μὲν
1645 4447 1750 4521 γὰρ
1781 4465 1947 4515 πονη-

2075 4445 2302 4502 locutos
2332 4445 2514 4503 fuisse
2554 4451 2835 4518 tanquam
2869 4461 2902 4500 a
2932 4449 3128 4500 mente
3167 4442 3410 4499 alienos.
3442 4437 3724 4496 Nonnulli

299 4536 422 4608 ροῖς
454 4530 719 4604 πνεύμασι
745 4531 1006 4608 κάτοχοι,
1053 4534 1491 4610 παραφερόμενοι
1543 4535 1634 4590 τὸν
1685 4538 1829 4603 νοῦν,
1861 4535 1947 4590 τὰς

2073 4534 2312 4607 quidem
2345 4535 2651 4606 spiritibus
2705 4533 2982 4606 malignis
3013 4531 3262 4604 correpti
3312 4536 3370 4587 et
3416 4529 3620 4596 afﬂati,
3652 4528 3726 4583 de

298 4621 361 4676 ἰκ
389 4624 499 4675 τῶν
561 4617 831 4693 δαιμόνων
892 4620 1077 4683 αὐτοῖς
1127 4621 1467 4698 ἆγγινομὲνας
1522 4622 1810 4702 φαντασίας
1853 4621 1947 4696 οὐχ

2071 4628 2228 4679 statu
2261 4624 2477 4679 mentis
2508 4623 2742 4694 dejecti,
2765 4621 2989 4694 species
3021 4621 3133 4677 sibi
3165 4637 3200 4676 a
3229 4618 3595 4675 daemonibus
3626 4615 3728 4672 ob-

299 4712 531 4783 ὁρῶσιν,
563 4708 711 4766 ἀλλὰ
737 4713 1070 4786 παρορῶσιν.
1123 4712 1324 4786 Ὠσπερ
1353 4713 1405 4767 οἱ
1434 4710 1801 4786 δαιμονῶντες
1843 4713 1947 4785 (94]

2062 4713 2254 4784 jectas
2285 4712 2634 4783 neutiquam
2665 4711 2885 4782 vident,
2908 4711 3010 4767 sed
3048 4711 3246 4766 videre
3285 4725 3348 4765 se
3393 4706 3540 4764 falso
3573 4704 3728 4761 arbi-

298 4797 590 4872 ποταμοὺς
636 4796 922 4874 βλιπουσι,
955 4799 1046 4854 καὶ
1094 4793 1220 4875 ὅρη,
1254 4800 1344 4855 καὶ
1389 4801 1552 4877 θηρία
1601 4801 1668 4856 τὰ
1713 4802 1791 4875 μή
1821 4821 1947 4876 παρ-

2068 4806 2322 4857 trantur.
2347 4799 2854 4865 Quemadmodum
2886 4799 2985 4871 qui
3017 4797 3418 4870 corripiuntur
3439 4796 3727 4861 daemone,

303 4888 454 4945 ὄντα.
487 4886 587 4943 Καὶ
614 4886 887 4964 χρώματα
941 4885 1092 4944 δοκεῖ
1144 4909 1266 4944 τινα
1323 4889 1508 4954 αὐτοῖς
1559 4894 1833 4966 παρεῖναι,
1867 4889 1947 4944 καῖ

2069 4890 2302 4960 ﬂuvios,
2333 4892 2563 4946 montes
2601 4893 2659 4945 et
2704 4887 2931 4945 belluas
2977 4887 3114 4944 licet
3163 4886 3438 4944 absentes
3488 4883 3732 4956 conspi-

375 5045 424 5082 ’θ
452 5043 604 5104 Psal.
637 5060 755 5118 xu,
781 5045 836 5102 3.
913 5045 959 5085 τί
993 5043 1147 5105 Psal.
1177 5059 1219 5116 ι,
1249 5046 1303 5103 2.
1379 5045 1426 5084 ⁷³
1454 5045 1610 5104 Psal.
1641 5062 1834 5117 mvx,
1865 5046 1947 5104 30⁴

2057 5047 2077 5083 ³
2105 5045 2260 5104 Psal.
2294 5059 2479 5114 unv,
2513 5043 2603 5101 11.

375 5203 491 5277 (85)
520 5203 633 5263 Pro
690 5199 989 5279 σωτηρίου,
1035 5202 1215 5260 habet
1266 5206 1513 5278 uterque
1555 5203 1739 5275 Colb.,
1788 5223 1947 5275 ποτη·

2075 5220 2134 5260 m
2143 5219 2232 5279 9.3:

309 5267 626 5357 Mea-.1-.-
824 5267 866 5357 ζ’.
1725 5267 1736 5275 ’
1919 5267 1930 5275 ⁷

2147 5274 2254 5357 (90)
2281 5271 2529 5357 Librarii
2569 5271 2734 5344 prius
2782 5269 3026 5355 titulum
3076 5268 3327 5357 nullum,
3358 5267 3734 5357 posuegup‘tj

378 5348 494 5423 (QQ)
525 5345 763 5423 Yeteres
793 5345 1216 5423 aliquotiibri,‘
1237 5342 1592 5423 πορρωτέρω.
1692 5419 1729 5423 μ
1767 5419 1778 5423 _

2076 5339 2177 5423 sed
2225 5339 2373 5417 ipsis
2420 5343 2516 5399 hic
2566 5339 3090 5423 a_ppon_ere_visum
3138 5348 3246 5423 est.
3281 5339 3738 5423 habentnigitur

379 5408 1111 5509 (ςιλςοὰὶοοε-οοὶιοξιιὶὶ,
1132 5408 1432 5509 ,γ’ίνεσδξε..
1465 5408 1593 5479 Nlo:
1641 5419 1780 5509 editi
1823 5435 1947 5509 cur:

2075 5408 2514 5509 quisqu‘e‘mss.
2543 5408 2808 5509 εξρρξιρῖς
2840 5415 2916 5509 γλ
2945 5414 3258 5509 Antiquior
3277 5408 3736 5509 Combe-ﬁsi:

369 5435 466 5502 161
474 5435 496 5501 )
528 5435 772 5476 υοοιοθε
817 5435 1111 5502 nonnum,
1159 5435 1426 5509 γινεσθαι.
1465 5435 1593 5479 mox
1641 5435 1780 5478 eum
1831 5435 1947 5478 cun

310 5489 611 5576 aliquibus
681 5506 852 5558 mss.,
909 5508 1031 5544 νουν
1088 5507 1315 5547 τουτων.
1367 5491 1623 5567 Uterque
1680 5493 1938 5550 Combef.

310 5578 524 5613 τουτονο

2075 5435 2339 5546 Eumque
2369 5435 2514 5473 mss.
2543 5435 2557 5472 ξ
2603 5435 2808 5500 υρασις
2840 5435 2909 5507 I'
2945 5435 3258 5538 Ληιιᾳυιίοι*
3277 5435 3614 5537 uonﬁuuusu

2079 5486 2815 5613 .2:.:°td.°;:s?'atizg
2848 5487 3074 5613 ιὲξασιε
3113 5503 3291 5558 τρ
3343 5489 3388 5537 Α
3439 5496 3509 5537 ³³
3557 5495 3623 5536 °°
3670 5492 3742 5535 ⁸³

310 5581 501 5709 τοίΞῖ
521 5633 613 5709 IE8
639 5648 801 5709 mss;
815 5648 1042 5709 9_mnes.
1075 5631 1254 5709 Εάίέίν
1283 5634 1406 5709 "Pl
1436 5638 1532 5709 τῷ
1560 5635 1801 5709 κόσμου.
1830 5703 1866 5709 Α,
1893 5703 1933 5709 ,Α

2078 5562 2215 5687 30%.
2245 5577 2259 5616 :
2290 5559 2518 5634 ’Όρασις
2543 5557 2587 5633 γ’
2642 5557 2810 5633 λόγος
2837 5557 2944 5641 ιβ’..
3149 5557 3154 5558 ί
3313 5625 3342 5638 α
3658 5619 3671 5632 .

2085 5707 2092 5709 _
2148 5635 2166 5705 (
2212 5632 2263 5704 1)
2291 5629 2530 5709 Veteres
2555 5603 2784 5709 aliquot
2809 5629 2970 5700 Ilbt‘l,
2999 5627 3052 5683 ot
3083 5622 3495 5700 δαιμὸνιωντες.
3523 5624 3741 5679 Statim

403 5694 496 5778 89)
524 5702 745 5762 Vocem
775 5698 902 5778 δόξῃ
930 5718 1000 5762 ex
1027 5694 1250 5764 nostris
1275 5694 1377 5764 sei
1403 5694 1707 5767 codicibus
1735 5703 1947 5765 addidi.

2076 5694 2198 5760 tres
2229 5694 2400 5773 mam,
2428 5694 2552 5776 ὄψις
2584 5694 2904 5776 ἀνθρώπων.
