4118 6220
405 345 522 408 567

1356 346 1750 409 APPENDIX
1791 347 2114 411 OPERUM
2161 351 2228 410 S.
2274 350 2555 412 BASILII
2600 350 2871 410 MAGNI.

3701 344 3832 407 568

405 479 570 534 ciunt
597 476 1054 549 existimantque
1082 475 1306 533 colores
1337 477 1624 547 quosdam
1656 478 1768 534 sibi
1804 495 2059 550 praesen-

2188 479 2324 551 ἕψεις
2381 479 2676 554 ἀνθρώπων
2726 475 2903 551 φίλων
2961 474 2997 544 ἢ
3053 476 3420 552 ἀγνοουμένων
3482 473 3826 551 ἐμφαντάζε-

411 571 498 622 tes
529 567 734 622 adesse
763 570 820 621 et
849 566 1157 621 hominum
1205 564 1526 621 amicorum
1579 571 1680 622 aut
1728 567 2059 640 ignotorum

411 655 635 728 species
670 655 782 710 sibi
814 654 1071 710 exhiberi
1098 672 1110 709 :
1138 671 1388 725 quorum
1413 661 1766 727 conspectus
1795 656 1942 712 nihil
1974 661 2064 712 est

411 744 523 822 nisi
555 761 734 811 error,
769 753 822 799 et
871 744 1086 800 mentis
1137 744 1482 816 pertarbatze
1514 762 1578 800 ac
1609 745 1662 799 vi
1695 745 2064 815 etg_,facultate

413 849 522 888 sua
546 833 841 888 destitutae
893 832 1168 888 alienatio
1221 834 1510 904 quendam.
1546 835 1655 889 Sed
1709 851 1822 888 non
1876 835 1956 889 ita
2001 851 2062 890 se

414 937 506 977 res
538 922 716 978 habet
747 923 805 977 in
839 922 1076 977 sanctis.
1111 922 1203 976 Ait
1246 923 1403 976 enim
1449 927 1601 978 Deus
1632 923 1757 994 ipse
1790 939 1802 978 :
1837 928 1949 992 Ego
1978 925 2060 978 vi-

410 1012 594 1066 siones
623 1011 1072 1081 multiplicavi“.
1105 1011 1250 1066 Cum
1303 1015 1500 1066 autem
1556 1011 1841 1068 Dominus
1887 1012 2062 1084 largi-

413 1105 510 1155 tur
538 1099 846 1168 visionem,
880 1099 1143 1155 animum
1195 1117 1229 1155 a
1281 1116 1343 1156 se
1392 1101 1932 1172 aptatum'fminimc
1962 1102 2063 1158 0b-

412 1194 609 1257 caacat,
641 1189 760 1244 imo
807 1206 943 1244 vero
993 1204 1127 1244 eum
1186 1188 1446 1245 illustrat
1477 1206 1544 1245 ac
1574 1189 1822 1261 Spiritus
1880 1190 2065 1246 sancti

411 1278 663 1333 adventu
710 1278 1427 1350 perspicacioremefﬁcit.
1459 1279 1679 1334 Idcirco
1727 1279 1884 1334 enim
1934 1296 2065 1352 pro-

411 1366 604 1437 phetae
650 1368 1010 1423 vocabantur
1043 1367 1289 1423 Vidente:
1309 1369 1373 1437 ⁷⁵,
1406 1368 1557 1439 quod
1591 1383 1694 1440 per
1722 1369 1978 1440 Spiritus
2007 1384 2066 1424 se

411 1455 767 1512 illustrantis
828 1455 1200 1528 prasentiam
1260 1456 1521 1512 obluitus
1583 1458 1798 1512 mentis
1845 1457 1906 1512 in
1955 1457 2069 1513 illis

417 1545 586 1616 quasi
629 1551 965 1616 augeretur.
1003 1546 1132 1612 Qui:
1179 1545 1360 1617 igitur
1406 1548 1536 1616 fecit
1579 1546 1851 1602 videntem
1880 1550 1929 1602 et
1959 1563 2066 1604 cae-

417 1650 540 1688 cum
559 1633 647 1686 7°?
678 1633 1010 1704 Videntem,
1047 1634 1328 1689 nimirum
1361 1635 1728 1706 prophetam,
1755 1637 1907 1707 quod
1942 1653 2069 1708 per-

419 1721 634 1794 spicaci
677 1723 890 1777 mentis
935 1724 1056 1778 acie
1107 1724 1304 1778 futura
1352 1725 1680 1796 prospicere
1709 1724 1927 1792 valeat;
1962 1741 2068 1780 caa-

420 1827 554 1867 cum
585 1827 719 1866 vero
769 1827 902 1866 eum
951 1811 1230 1883 intelligit
1259 1812 1357 1882 qui
1408 1830 1516 1868 sua
1567 1813 1756 1886 ipsius
1809 1814 2073 1885 nequitia

418 1901 672 1969 Caecutit,
706 1904 769 1955 ut
815 1917 887 1956 ne
916 1902 1145 1972 profani
1179 1901 1328 1957 oculi
1382 1902 1714 1974 spectacula
1762 1904 2066 1960 beatorum

415 1991 779 2045 intueantur.
815 1990 1004 2053 Quare
1051 1995 1108 2046 et
1158 1989 1443 2046 Dominus
1491 1992 1572 2047 ait
1623 2009 1636 2050 :
1684 1994 1747 2047 In
1783 1993 2072 2065 judicium

414 2094 507 2150 ego
539 2079 596 2133 in
625 2077 767 2133 hunc
785 2079 1055 2134 mundum
1073 2080 1218 2147 veni,
1242 2087 1303 2135 ut
1325 2082 1430 2150 qui
1452 2095 1563 2136 non
1593 2081 2067 2154 vident,_vid¢ant,

414 2176 464 2224 et
495 2169 595 2239 qui
620 2167 828 2238 vident,
861 2170 996 2224 caeci
1025 2169 1165 2239 ﬁant
1187 2169 1251 2224 "7.

484 2257 609 2312 255.
643 2257 778 2320 Quae
809 2257 1047 2312 demum
1092 2257 1208 2314 ista
1253 2259 1529 2332 Babylon,
1566 2260 1844 2316 adversus
1892 2276 2072 2333 quam

418 2346 575 2402 574
603 2345 732 2401 visa
761 2349 851 2401 est
881 2346 1071 2402 visio?
1113 2348 1264 2404 Sane
1287 2348 1460 2418 juxta
1492 2348 1795 2405 historiam
1832 2349 1878 2404 is
1911 2350 2072 2404 locus

417 2432 672 2504 Babylon
699 2439 940 2490 vocatus
973 2435 1152 2491 fuisse
1187 2438 1440 2502 videtur,
1474 2439 1531 2492 in
1565 2455 1679 2508 quo
1712 2438 1914 2509 lingua
1943 2455 2074 2493 con-

422 2522 556 2577 fusa
575 2527 664 2577 est
687 2539 911 2594 eorum,
936 2525 1032 2594 qui
1057 2525 1330 2581 dicebant
1354 2544 1366 2581 :
1398 2528 1600 2595 Venite,
1624 2527 1962 2597 eediﬁcemus
1982 2543 2073 2582 no-

425 2612 505 2666 bis
536 2613 669 2681 ipsis
714 2613 992 2669 civitatem
1023 2618 1074 2669 et
1104 2617 1329 2681 turrim,
1364 2617 1518 2688 cujus
1557 2625 1723 2686 caput
1749 2617 1859 2672 erit
1906 2632 2076 2689 usque

424 2701 498 2756 ad
524 2701 715 2755 caelum
739 2701 804 2755 ⁷⁸.
835 2699 990 2757 Deus
1022 2703 1198 2774 igitur
1227 2704 1365 2759 illuc
1397 2705 1778 2772 descendens,
1813 2705 2077 2761 confudit

425 2789 690 2860 linguas;
724 2791 998 2862 quocirca
1045 2791 1205 2848 illius
1253 2809 1464 2849 nomen
1505 2795 1724 2850 dictum
1757 2799 1845 2850 est
1875 2795 2076 2850 confu'

425 2879 510 2935 sio
532 2879 596 2934 π.
621 2883 822 2950 Itaque
853 2879 1165 2952 Babylonis
1197 2881 1361 2938 locus
1395 2883 1552 2954 regio
1585 2888 1672 2939 est
1692 2884 2075 2954 confusionis,

426 2985 543 3023 non
576 2967 788 3040 linguae
829 2968 1045 3038 solum,
1079 2971 1181 3025 sed
1215 2971 1554 3042 dogmatum
1587 2972 1764 3028 etiam
1800 2980 1856 3028 et
1885 2975 2076 3029 consi-

425 3055 640 3112 liorum
673 3062 730 3113 et
779 3058 907 3128 ejus
959 3059 1196 3129 mentis,
1229 3077 1356 3131 quae
1406 3061 1527 3116 haec
1557 3061 1751 3117 videre
1782 3063 1888 3117 sibi
1921 3063 2077 3118 vide-

427 3149 544 3200 tur.
573 3145 704 3200 Haec
735 3145 917 3217 igitur
957 3147 1104 3202 visio
1154 3148 1433 3204 adversus
1464 3149 1840 3220 Babylonem,
1877 3151 2078 3208 Israeli

2171 570 2310 641 σθαι,
2361 571 2435 622 ὧν
2501 565 2652 623 οὐδέν
2715 567 2853 621 ἐστιν
2915 565 3122 642 ὅρασις,
3185 563 3332 621 ἄλλα
3382 564 3672 640 παραφορὰ
3728 563 3826 616 καὶ

2171 653 2414 721 ἔκστασις
2443 657 2540 712 τοῦ
2589 662 2684 711 νοῦ
2737 655 3143 728 τεθολωμένου,
3191 654 3281 710 καὶ
3328 655 3429 723 τήν
3481 651 3618 708 ίδίαν
3675 650 3828 723 ἐνερ-

2171 769 2320 823 γειαν
2411 745 2849 807 ἀπολωλεκότος.
2899 745 3021 803 Ἐπὶ
3085 744 3268 818 μέντοι
3319 748 3425 798 τῶν
3478 742 3648 816 ἁγίων
3708 741 3827 815 οὐχ

2172 836 2364 901 οὕτως.
2399 836 2570 898 Αὐτὸς
2599 838 2702 911 γάρ
2734 856 2893 914 φησιν
2929 836 2956 889 6
3008 833 3156 896 Θεός·
3211 833 3350 908 Ἐγώ
3394 831 3613 910 ὁράφιις
3642 829 3822 898 ἐπλή-

2173 939 2322 991 θυνα.
2379 928 2602 1002 Ὃρασιν
2659 923 2716 980 δὶ
2791 923 3159 1001 χαριζόμινος
3211 923 3239 978 6
3286 921 3492 998 Κύριος
3549 921 3662 993 (92)
3723 917 3830 972 οὐκ

2173 1014 2483 1094 ἀποτυφλοῖ
2509 1017 2598 1070 τὸν
2635 1019 2758 1069 νοῦν
2810 1015 2866 1068 δν
2914 1013 3073 1075 αι’)τὸς
3104 1011 3506 1078 κατεσκεύασεν,
3536 1007 3685 1064 ἀλλὰ
3713 1029 3832 1085 φω-

2171 1105 2303 1174 τίζει
2335 1103 2495 1159 αὐτὸν
2521 1105 2610 1159 καὶ
2663 1100 3038 1178 διαυγέστερον
3097 1105 3246 1156 ποιιῖ
3293 1103 3362 1173 τῇ
3420 1097 3692 1174 παρουσίᾳ
3728 1099 3833 1150 τοῦ

2174 1193 2504 1266 Πνεύματος.
2558 1193 2654 1247 Διά
2705 1195 2866 1247 τοῦτο
2913 1191 3012 1266 γὰρ
3071 1191 3160 1245 καὶ
3209 1190 3262 1244 οἱ
3319 1189 3597 1265 προφῆται
3650 1183 3832 1261 ἐχρη-

2179 1282 2398 1356 μάτιζον
2455 1283 2710 1356 ὁρῶντος,
2790 1278 2880 1334 διὰ
2932 1281 2995 1335 τὸ
3073 1279 3236 1334 οἱονεὶ
3315 1276 3651 1332 ἐπιτετάσθαι
3712 1275 3831 1346 (93)

2175 1375 2362 1435 αὐτοῖς
2393 1374 2492 1442 τήν
2523 1377 2620 1427 τοῦ
2669 1374 2764 1426 νοῦ
2812 1365 3098 1443 διάϐλεψιν
3133 1367 3192 1423 ἐκ
3243 1374 3343 1437 τῆς
3370 1369 3468 1421 τοῦ
3494 1363 3832 1442 φωτίζοντος

2178 1461 2371 1524 αὐτοὺς
2421 1460 2731 1534 [Ινεύματος
2775 1460 3095 1534 παρουσίας.
3138 1457 3227 1520 Τίς
3277 1454 3368 1511 οὗν
3419 1453 3643 1523 ἐποίησε
3695 1451 3829 1528 βλὲ-

2176 1573 2347 1608 ποντα
2381 1551 2470 1605 καὶ
2522 1548 2771 1627 τυφλόν;
2829 1546 3108 1604 Βλέποντα
3138 1543 3398 1615 δηλονοτι
3470 1545 3563 1598 τὸν
3618 1543 3839 1627 προφή-

2175 1663 2302 1711 την,
2360 1639 2447 1694 διὰ
2497 1641 2559 1694 τὸ
2606 1626 2869 1693 δύνασθαι
2921 1636 3079 1692 αὐτὸν
3131 1640 3200 1710 κῇ
3252 1630 3495 1704 ὁξυωπίᾳ
3554 1638 3654 1698 τῆς
3709 1626 3833 1684 δια-

2177 1730 2326 1792 νοίας
2381 1726 2806 1804 προενατενίζειν
2860 1730 2941 1798 τῶ
3002 1723 3282 1799 μὲλλοντν
3339 1721 3543 1799 τυφλὸν
3608 1717 3686 1787 δὲ,
3736 1718 3833 1772 τὸν

2181 1817 2269 1874 διὰ
2324 1820 2421 1887 τὴν
2481 1817 2667 1872 κακίαν
2722 1813 3203 1893 ἀποτυφλωθὲντα,
3256 1809 3349 1867 ’ίνα
3416 1811 3491 1884 μὴ
3549 1805 3834 1886 ὀφθαλμοῖ

2183 1903 2420 1984 βάϐηλοι
2450 1906 2514 1961 τὰ
2543 1911 2649 1962 τῶν
2709 1904 2985 1980 μακαρίων
3041 1900 3199 1958 ἴδωσι
3248 1899 3508 1974 θεάματα.
3543 1899 3640 1952 Διά
3667 1900 3834 1951 τοῦτο

2177 1997 2266 2053 καὶ
2314 1999 2341 2052 6
2397 1996 2618 2071 Κύριος,
2677 1995 2774 2057 Εἰς
2819 1994 2992 2070 κρίμα
3041 1991 3170 2068 ἐγὼ,
3225 1989 3412 2069 φησὶν,
3467 1987 3542 2049 εἰς
3586 1987 3678 2041 τὸν
3741 1985 3838 2039 κόο

2181 2107 2316 2160 σμον
2371 2090 2564 2140 τοῦτον
2637 2081 2851 2154 ἦλθον,
2904 2079 2997 2136 ’ίνα
3055 2081 3106 2136 οἱ
3187 2081 3261 2153 μή
3341 2073 3637 2137 ϐλέποντις
3701 2072 3835 2150 βλᾶο

2179 2197 2346 2247 πωσι,
2376 2174 2465 2230 καὶ
2497 2174 2549 2229 οἱ
2585 2172 2875 2247 βλέποντες
2899 2168 3097 2249 τυφλοὶ
3127 2167 3410 2244 γίνωνται.

2249 2267 2376 2323 255.
2411 2263 2508 2326 Τίς
2540 2261 2630 2318 οὖν
2663 2265 2698 2332 ἡ
2749 2255 3036 2332 Βαϐυλὼν,
3067 2259 3186 2314 καθ’
3241 2260 3308 2326 ἧς
3361 2259 3395 2326 ἡ
3442 2252 3630 2332 ὅρασις
3658 2251 3835 2329 ἐώρα-

2179 2376 2266 2410 ται
2298 2356 2410 2427 (94)
2439 2379 2452 2423 ;
2485 2353 2630 2407 Κατὰ
2664 2353 2759 2424 μὶν
2814 2347 2906 2405 οὖν
2950 2351 3048 2419 τήν
3093 2346 3331 2421 ἱστορίαν
3377 2342 3528 2400 δοκιῖ
3570 2338 3836 2400 Βαϐυλὼν

2181 2442 2474 2512 κεκλῆσθαι
2508 2439 2744 2508 ὁτόπος,
2799 2437 2923 2494 ἔνθα
2989 2436 3258 2512 συνεχύθη
3317 2437 3352 2505 ἡ
3409 2431 3689 2494 διάλεκτος
3725 2437 3840 2486 τῶν

2184 2532 2446 2587 εἶπόντων
2501 2549 2514 2562 ·
2603 2533 2782 2596 Δεῦτε,
2871 2524 3328 2599 οίκοδομήσωμιν
3389 2523 3601 2586 ἑαυτοῖς
3677 2518 3845 2575 πόλιν

2183 2622 2270 2676 καὶ
2329 2619 2562 2695 πύργον,
2623 2619 2683 2672 οὗ
2740 2620 2775 2688 ὴ
2826 2615 3038 2694 κεφαλὴ
3117 2610 3264 2669 ἔσται
3330 2610 3436 2674 ἓως
3515 2614 3613 2666 τοῦ
3674 2609 3848 2684 οὖρα-

2185 2713 2301 2766 νοῦ.
2359 2710 2504 2764 Ἐκεῖ
2558 2706 2734 2763 τοίνυν
2800 2703 3075 2760 κατελθὼν
3127 2704 3156 2758 6
3230 2702 3390 2773 Θεὸς,
3467 2701 3686 2775 ωνὲχιε
3746 2699 3848 2760 τὰς

2184 2798 2458 2876 γλώσσας·
2494 2795 2582 2852 διὰ
2609 2800 2770 2851 τοῦτο
2827 2792 3038 2865 ὶκλήθη
3096 2793 3160 2847 τὸ
3190 2790 3365 2865 ὄνομα
3423 2791 3592 2876 αιῦτῆς
3633 2788 3850 2863 σύγχυο

2188 2873 2289 2950 σις.
2322 2886 2536 2962 Χωρίον
2572 2882 2661 2939 οῦν
2713 2881 3034 2959 συγχύσεώς
3089 2879 3228 2936 ὶστιν
3289 2881 3316 2934 6
3367 2873 3699 2939 Βαϐυλῶνος
3732 2879 3851 2950 (95)

2186 2971 2469 3047 τόπος,⁸οὖ
2520 2971 2809 3028 διαλικτου
2861 2971 3044 3044 μόνον,
3094 2969 3240 3026 ἀλλὰ
3295 2967 3385 3024 καὶ
3436 2965 3723 3041 δογμάτων
3758 2965 3856 3020 καὶ

2189 3064 2509 3140 νοημάτων,
2537 3062 2628 3118 καὶ
2675 3066 2773 3118 τοῦ
2824 3059 3113 3123 δοκοῦντος
3159 3062 3326 3114 ταῦτα
3381 3055 3600 3134 βλέπειν
3633 3059 3752 3111 νοῦ.
3787 3055 3857 3109 ἹῙ

2195 3155 2290 3226 μὶν
2339 3151 2429 3208 οῦν
2478 3151 2664 3216 ὅρασις
2711 3153 2845 3205 κατὰ
2894 3143 3237 3220 Βαϐυλῶνος,
3289 3145 3455 3202 οἱονεὶ
3501 3141 3856 3221 παραμυθίαν

429 3233 530 3304 qui
586 3251 619 3288 a
677 3233 988 3302 Babylonis
1037 3235 1454 3303 divexabatur,
1505 3219 1681 3292 veluti
1729 3239 2074 3295 consolatio-

2193 3219 2427 3320 φέρουσα
2455 3245 2535 3312 τῷ
2582 3238 2824 3316 Ἰσραὴλ,
2854 3242 2933 3310 τῷ
2989 3234 3286 3299 κακωθέντι
3348 3235 3448 3290 ὑπὸ
3501 3219 3611 3288 τῶν
3669 3225 3858 3288 Βαϐυ-

431 3338 566 3378 nem
602 3323 787 3378 affert.
822 3323 967 3377 Nam
1001 3324 1198 3378 animo
1230 3325 1444 3394 pusillo
1476 3342 1548 3380 ne
1579 3331 1795 3397 essent,
1826 3333 1883 3382 et
1914 3343 1983 3383 ne
2015 3329 2086 3384 de

433 3409 801 3482 providentia
840 3411 940 3465 Dei
984 3415 1267 3483 tanquam
1299 3430 1426 3484 quas
1475 3431 1575 3469 eos
1604 3415 1915 3484 desereret,
1951 3417 2082 3473 des-

434 3502 729 3570 perarent,
761 3498 943 3554 Isaias
982 3499 1041 3553 in
1075 3505 1446 3557 antecessum
1478 3501 1537 3556 in
1583 3503 1887 3575 prophetia
1929 3505 2083 3561 cala-

436 3588 668 3643 mitates
697 3592 754 3643 et
784 3587 1083 3644 molestias
1115 3590 1391 3662 Babyloni
1425 3596 1733 3649 eventuras
1770 3599 1989 3660 narrat,
2021 3598 2086 3650 ut

437 3693 510 3731 ne
540 3678 916 3748 praesentium
951 3677 1191 3733 tristitia
1223 3678 1694 3752 absorberentur,
1726 3684 1826 3738 sed
1860 3684 2082 3740 futuro-

437 3782 569 3821 rum
600 3767 1033 3838 exspectatione
1073 3769 1280 3823 fierent
1317 3767 1587 3826 laetiores.
1622 3771 1924 3829 Enimvero
1954 3775 2083 3829 vin-

436 3856 593 3912 dicta
621 3872 753 3928 quae
799 3856 960 3914 brevi
993 3861 1384 3929 exspectatur,
1418 3859 1653 3917 afﬂictis
1683 3865 1741 3917 et
1786 3864 2086 3934 oppressis

434 3963 551 4001 non
583 3962 791 4016 parum
817 3946 984 4001 affert
1014 3945 1346 4003 levamenti.
1369 3948 1658 4018 Adjicitur
1682 3955 1876 4006 autem
1904 3952 2086 4023 patris

435 4051 648 4091 nomen
681 4036 739 4090 in
785 4035 896 4092 bac
944 4035 1272 4108 prophetia,
1305 4052 1420 4093 non
1470 4041 1534 4092 ut
1581 4038 1691 4094 hoc
1739 4039 1814 4107 in,
1849 4040 2086 4096 nomine

435 4143 922 4197 cognosceremus
956 4132 1204 4198 patrem,
1237 4127 1338 4198 qui
1387 4127 1444 4182 in
1501 4131 1878 4200 generatione
1906 4129 2086 4201 hujus

433 4215 590 4272 beati
625 4217 896 4272 minister
947 4215 1077 4285 fuit,
1107 4217 1206 4272 sed
1241 4215 1380 4288 quia
1405 4217 1709 4273 vaticinari
1760 4218 1958 4290 ipsum
1990 4220 2088 4276 do-

435 4305 576 4370 cuit,
613 4321 746 4360 cum
777 4321 913 4360 eum
963 4303 1252 4360 sanctiore
1299 4309 1355 4359 et
1406 4305 1641 4376 puriore
1688 4323 1753 4361 ac
1797 4307 2084 4378 singulari

437 4409 553 4463 prae
585 4392 807 4448 caeteris
840 4392 1154 4464 disciplina
1198 4392 1627 4449 instituendum
1667 4396 2082 4452 erudiendum-

434 4496 548 4551 que
579 4481 882 4538 curaverit.
916 4483 996 4537 Ea
1048 4481 1118 4537 de
1169 4497 1349 4536 causa
1398 4485 1574 4538 Amos
1623 4499 1856 4556 quoque
1902 4484 2082 4542 veluti

433 4569 754 4642 prophetiae
787 4569 984 4627 socius
1015 4569 1385 4626 describitur.

504 4751 631 4806 256.
667 4749 864 4822 (Vens,
891 4751 948 4822 2,
979 4750 1061 4821 3.)
1091 4754 1271 4823 Super
1314 4755 1553 4808 monte";
1598 4757 1951 4825 campestrem
2000 4754 2082 4809 le-

2195 3330 2434 3388 λωνίων.
2493 3332 2653 3384 Ὥστε
2684 3329 2786 3404 γὰρ
2852 3327 2927 3400 μή
2989 3324 3397 3401 ὀλιγοψυχῆσαι
3439 3321 3660 3390 αὐτοὺς,
3707 3322 3854 3394 μήτε

2195 3422 2622 3495 ἀπογνῶναιτῆς
2667 3421 2764 3473 τοῦ
2804 3419 2938 3472 Θεοῦ
2994 3414 3274 3490 προνοίας,
3328 3414 3403 3476 ὡς
3445 3409 3852 3486 ἐγκαταλιπώ-

2193 3530 2294 3580 σης
2477 3507 2694 3578 αὐτοὺς,
2744 3498 3038 3581 προλαϐὼν
3097 3506 3165 3576 τῇ
3216 3498 3523 3578 προφητείᾳ
3567 3501 3595 3554 6
3627 3496 3858 3561 Ἡσαΐας

2192 3597 2258 3652 τὰ
2318 3593 2593 3670 μέλλοντα
2657 3594 3077 3665 ἀπαντήσεσθαι,
3139 3589 3434 3666 σκυθρωπᾶ
3515 3592 3585 3661 τῇ
3669 3583 3856 3644 Βαϐοο

2194 3686 2326 3743 λῶνι
2354 3683 2642 3760 διηγέῖται,
2670 3683 2762 3739 ’ίνα
2813 3684 2890 3758 μὴ
2940 3681 3318 3737 καταποθῶσιν
3370 3679 3471 3734 ὑπὸ
3517 3679 3617 3746 τῆς
3663 3674 3857 3747 λύπης

2191 3780 2299 3830 τῶν
2345 3776 2649 3848 παρόντων,
2710 3771 2857 3829 ἀλλὰ
2911 3769 3074 3847 ῥᾴους
3124 3770 3383 3843 γίνωνται
3425 3765 3495 3841 τῇ
3541 3762 3855 3839 προσδοκίᾳ

2192 3870 2298 3920 τῶν
2328 3863 2738 3940 ἱπερχομὲνων.
2795 3861 2893 3916 Καὶ
2935 3857 3040 3933 λὰρ
3096 3859 3160 3914 οὐ
3223 3857 3422 3932 μικρὰν
3452 3856 3601 3933 φέρει
3635 3853 3855 3930 ῥᾳστώ-

2192 3975 2290 4023 νην
2337 3958 2460 4015 τοῖς
2511 3947 2861 4025 θλιϐομινοις
2909 3951 2944 4018 ἡ
3010 3949 3122 4021 μετ’
3181 3946 3368 4022 ὀλίγον
3413 3941 3858 4022 προσδοκωμᾶνη

2192 4039 2489 4111 ἐκδίκησις.
2541 4041 2863 4117 ΙΙρόσκιιτσι
2911 4035 2969 4093 δὲ
3025 4037 3087 4093 τὸ
3146 4032 3318 4109 ὄνομα
3362 4037 3464 4089 τοῦ
3520 4033 3725 4108 πατρὸς
3778 4033 3861 4103 τῇ

2193 4130 2518 4209 προφητείᾳ,
2566 4129 2674 4204 οὐχ
2715 4126 2809 4184 τίνα
2854 4126 2985 4183 αὖτό
3032 4129 3194 4182 τοῦτο
3245 4127 3456 4198 γνῶμεν
3507 4122 3600 4178 τὸν
3648 4124 3717 4195 τῇ
3758 4141 3862 4209 γε·

2193 4207 2330 4276 νίσεί
2388 4223 2486 4274 τοῦ
2547 4216 2814 4293 μακαρίου
2865 4215 3352 4291 ὗπηρετησάμινον
3420 4211 3642 4281 πατέρα·
3719 4207 3861 4265 ἀλλ’

2193 4309 2276 4366 ὅτι
2329 4308 2418 4364 καὶ
2465 4305 2805 4384 προφητείας
2861 4304 3008 4376 αὐτῷ
3063 4305 3179 4376 (97)
3237 4298 3566 4362 διδάσκαλος
3620 4300 3852 4375 γέγονε,

2195 4397 2477 4472 φροντίσας
2567 4395 2724 4451 αὐτὸν
2795 4394 3094 4470 ἁγιωτὲρας
3163 4391 3252 4446 καὶ
3309 4389 3689 4463 καθαρωτίρας
3748 4388 3850 4443 καὶ

2195 4484 2463 4559 ἐξαιρέτου
2521 4485 2666 4559 πσρὰ
2717 4482 2844 4546 τοὺς
2913 4479 3120 4544 ἄλλους
3194 4478 3502 4558 ἀνατροφῆς
3759 4479 3862 4532 καὶ

2116 4577 2160 4640 D
2191 4571 2520 4635 παιδεύσεως
2549 4577 2765 4648 τυχεῖν.
2817 4570 2914 4626 Διὰ
2967 4573 3152 4638 τοῦτο,
3214 4566 3396 4644 ὥσπερ
3442 4567 3709 4628 κοινωνὸς
3746 4572 3860 4635 τῆς

2192 4662 2526 4740 προφητείας
2557 4657 3076 4735 συμπαραγράφεται
3109 4659 3137 4713 6
3165 4657 3386 4730 ’¹Αμώς.

2261 4754 2409 4810 256.
2469 4751 2588 4810 Ἐπ’
2647 4748 2808 4826 ὅρους
2879 4744 3098 4806 πεδινοῦ
3153 4743 3319 4823 ἄρατε
3367 4750 3634 4819 mpsim),
3697 4744 3858 4819 ὑψώ-

501 4933 547 4969 ⁷⁴
575 4934 706 4990 Ose.
739 4951 840 5006 xu,
875 4936 964 4990 10.
1041 4935 1085 4971 ⁷⁸
1115 4935 1137 4992 1
1166 4938 1304 5007 Reg.
1343 4952 1418 5006 1x,
1452 4935 1540 4990 19.
1616 4936 1661 4972 ’³⁸
1689 4935 1868 4992 Exod.
1904 4952 1982 5006 ιν,
2015 4935 2074 4990 11

2188 4935 2221 4969 ⁷⁷
2253 4935 2423 4992 Joan.
2460 4951 2534 5006 Ix,
2566 4934 2654 4989 39.
2732 4931 2775 4967 ⁷⁸
2807 4931 2945 4987 Gen.
2976 4946 3057 5000 ιιι,
3091 4930 3143 4984 ι.
3219 4930 3264 4964 ⁷ο
3293 4927 3436 4985 ibid.
3467 4928 3522 4984 9.

650 5111 842 5186 Codex
881 5131 1058 5182 unus,
1091 5111 1454 5186 χαριζόμενος
1487 5113 1639 5176 Θεός.

502 5181 615 5322 (93)
647 5185 806 5240 Colb.
842 5181 1070 5256 primus
1093 5181 1473 5248 ’ἔπἰπὲτασθαι.

525 5254 615 5322 94)
650 5257 886 5313 Codices
917 5259 1206 5322 nonnulli,
1242 5257 1447 5322 ὁρᾶται.

421 5251 434 5287 ί
650 5251 886 5332 Codices
917 5259 1206 5332 ngnpulli,
1242 5257 1447 5332 ὁρᾶται.

504 5318 614 5399 (95)
660 5329 830 5401 Editi,
886 5318 1377 5388 Βαευλώνιός-Ἀι
1434 5345 1576 5385 mss.
1639 5344 1758 5399 sex,
1817 5318 2078 5380 Βαϐυλῶ-

431 5414 550 5457 νος.
613 5433 617 5438 .

501 5469 609 5538 (96)
645 5471 1062 5544 Librialiquot
1111 5475 1350 5539 veteres,
1402 5466 1918 5544 ἐγκαταλειπούσης.
1962 5469 2076 5524 Nec

501 5491 609 5538 (νυ)
645 5491 794 5527 LIDI‘I
839 5491 1062 5544 allq110l'.
1111 5491 1350 5539 veteres,
1402 5491 1424 5524 ε
1497 5491 1918 5537 αταΛειπουο-ης.
1963 5491 2075 5524 lVBU

430 5536 513 5594 ita
563 5543 953 5616 multorinfra
1014 5545 1072 5600 in
1122 5549 1368 5616 utroque
1415 5491 1573 5616 ἔξω,
1607 5546 1664 5616 et
1712 5543 1770 5616 in
1802 5547 1940 5616 Reg.
1979 5557 2075 5616 se-

430 5613 621 5669 cundo
673 5615 905 5687 legitur,
963 5607 1408 5692 σκυθρωπᾶ”τῆς
1465 5607 1813 5676 Βαϐυλωνίας
1871 5607 2072 5688 δῖηγή-

431 5700 594 5753 ματα.

2189 5464 2352 5520 αὐτοῦ
2403 5459 2711 5545 φροντίσας⁸
2753 5459 3082 5545 ἀνατρῦφῆς.
3115 5462 3204 5518 καὶ
3226 5537 3239 5545 Δ
3261 5459 3618 5545 παιδιύξξως,

2187 5556 2294 5624 non
2322 5534 2522 5624 parum
2559 5543 2624 5598 de
2669 5548 2859 5595 sancta
2886 5534 3339 5624 iud‘eoducatione
3386 5535 3694 5624 :qliicitum
3741 5534 3851 5589 ha-

2189 5604 2409 5669 buisiet.
2443 5613 2576 5670 Mox
2612 5629 2756 5670 mss.
2789 5608 3080 5680 nonnulli,
3112 5606 3614 5684 συμπιριγράφεται
3647 5604 3699 5662 ὁ.

2264 5110 2376 5182 (97)
2406 5110 2498 5166 Sic
2529 5127 2673 5166 mss.
2709 5123 2938 5182 omnes.
2965 5105 3144 5182 Editi,
3175 5101 3360 5182 αιςιτοῦ.

2263 5173 2375 5251 (98)
2406 5182 2791 5238 Henricianus
2838 5180 3116 5251 codex‘et
3154 5177 3252 5234 alii
3285 5173 3860 5251 quatuor,_&va_a-rpo_-

2191 5244 2318 5327 φῆς.
2474 5254 2654 5309 codex
2708 5255 2767 5304 F.
2800 5255 2859 5327 et
2895 5257 2964 5319 Α,
3017 5244 3346 5327 ἀνατροφῆς·
3378 5264 3540 5327 quis.
3565 5244 3855 5327 lectio_'si

2190 5317 2306 5402 non
2351 5325 2613 5402 aliunde,
2643 5329 2702 5381 at
2743 5323 2889 5378 satis
2936 5317 3580 5402 tamenfxUPrOZCopio
3630 5317 3860 5402 prpba-

2190 5401 2351 5470 retur
2397 5414 2409 5452 :
2461 5389 2617 5470 apud
2677 5411 2852 5470 quem
2912 5411 3046 5466 pag.
3098 5394 3205 5470 2ορ
3262 5392 3345 5447 ita
3368 5389 3663 5470 ‘legitur’:
3695 5389 3857 5463 ἁγίας

3680 5478 3850 5533 quem
