4074 6222
228 371 327 434 569

228 521 332 556 σατε
395 499 492 567 τὴν
569 498 752 574 φωνὴν
831 498 1042 560 ἑαυτοῖς

227 587 380 664 χειρὶ,
462 585 715 656 ἀνοίξατε,
803 588 855 642 οἱ
942 589 1243 663 ἄρχοντες.
1313 589 1457 665 Ἐγὼ
1544 588 1842 657 συντάσσω,

223 679 298 732 καὶ
343 676 440 750 ἐγὼ
500 674 608 750 ἄγω
659 674 872 738 αὐτούς.
935 675 1178 732 Δείκνυσι
1207 678 1356 750 ᾖπῶς
1401 672 1666 734 Βαϐυλὼν
1699 676 1845 732 ἀναι-

225 773 372 840 ρεῖται
419 766 504 820 καὶ
562 764 1022 842 καταστρέφεται,
1070 767 1160 821 καὶ
1233 765 1600 842 αῗχμάλωτος
1644 765 1845 842 γίνεται

222 857 249 925 ἠ
303 853 564 909 δυναστεία
617 859 724 909 τῶν
781 856 883 923 τὴν
930 854 1187 930 σύγχυσιν
1221 855 1622 932 ἐργαζομένων.
1659 857 1845 912 Ἐπει-

223 942 300 998 δὰν
327 943 400 997 ἐπ’
429 941 553 1017 ὄρος
583 963 665 1004 τις
698 940 896 1018 ἀνέλθῃ
933 944 1010 1017 μὴ
1037 944 1250 1020 ἀπόχρη
1263 965 1416 1018 μνον,
1454 942 1624 1018 μηδὲν
1656 944 1846 1020 ὀχθῶ-

225 1030 314 1098 δες,
345 1029 480 1087 ἀλλά
509 1029 722 1087 πεδινὸν
776 1032 869 1086 καὶ
926 1031 1139 1103 ὕπτιον,
1192 1031 1331 1089 ὥστε
1387 1033 1520 1108 ὕψος
1571 1034 1666 1107 μὶν
1696 1031 1842 1109 ἔχειν

224 1120 296 1176 διὰ
333 1122 391 1175 τὸ
435 1121 720 1193 ἀνάστημα
762 1120 853 1176 καὶ
893 1123 954 1177 τὸ
999 1122 1106 1178 ἀπὸ
1153 1129 1256 1185 τίς
1284 1130 1388 1200 γῆς
1440 1121 1529 1178 ἐπὶ
1565 1125 1656 1178 τὸν
1715 1121 1846 1198 ἀέρα

224 1209 415 1286 δίαρμα,
445 1207 737 1286 ἀσφάλειαν
778 1207 835 1265 δὲ
881 1212 1142 1286 παρέχειν
1171 1217 1290 1276 τοῖς
1321 1210 1722 1286 ἐφιπαμὲνοις,
1756 1209 1846 1266 διὰ

219 1300 302 1367 τὴν
342 1292 654 1368 ὑπτιότητα.
702 1300 772 1353 T6
815 1297 915 1375 γὰρ
947 1300 1287 1376 πανταχόθεν
1334 1300 1704 1378 περιερῥωγὸς
1753 1299 1843 1355 καὶ

221 1387 636 1460 ἀποτετμημένον
667 1386 1029 1464 ἀκροσφαλεῖς
1081 1395 1318 1444 ποιεῖται
1366 1391 1462 1453 τὰς
1497 1391 1708 1454 στάσεις
1765 1391 1841 1462 (1)

218 1481 305 1531 τῶν
328 1470 729 1532 ἰπιῦαινόντων.
781 1483 897 1533 Ἵνα
944 1475 1036 1532 οὖν
1077 1477 1167 1532 καὶ
1206 1479 1273 1533 τὰ
1304 1479 1491 1553 ὀψηλᾶ
1520 1478 1644 1553 περὶ
1709 1482 1842 1534 Θεοῦ

221 1573 374 1634 νοῆτε,
397 1565 483 1619 καὶ
535 1565 796 1643 ἀσφαλῶς
836 1570 1003 1622 ταῦτα
1057 1565 1319 1642 διηγῆσθε
1362 1569 1462 1641 (2),
1519 1565 1608 1622 διὰ
1642 1568 1735 1640 μὶν
1785 1568 1842 1621 τὸ

223 1653 352 1728 ὕψος,
397 1653 474 1709 ἐπ’
515 1652 681 1727 ὅρους
716 1676 795 1717 τις
943 1651 1212 1732 βεϐηκώς·
1271 1654 1361 1711 διὰ
1415 1654 1473 1711 δὲ
1514 1661 1615 1726 τὴν
1675 1657 1844 1731 ἀσφά-

223 1742 344 1796 λειαν
425 1743 820 1817 ἀπερίτροπος
897 1742 1158 1818 διαμένει.
1233 1745 1361 1802 Ἐπὶ
1443 1743 1500 1801 δὲ
1537 1750 1634 1801 τοῦ
1680 1741 1840 1820 ὄρους

223 1835 298 1886 τοῦ
342 1828 554 1885 πεδινοῦ
618 1829 779 1908 ἄρατε
821 1839 1070 1906 σημεῖον,
1133 1833 1224 1889 καὶ
1281 1833 1528 1907 ὅψώσατε
1568 1835 1667 1904 τὴν
1719 1855 1842 1907 ῳω-

223 1921 319 1987 νήν.
349 1919 712 1995 παρακαλεῖτε
767 1925 834 1995 τῇ
896 1921 1065 1996 χειρί.
1123 1924 1183 1980 Ὀ
1238 1924 1312 1981 ςὰ
1360 1924 1484 1997 περὶ
1539 1927 1637 1978 τοῦ
1679 1945 1844 1978 σταυ-

221 2013 301 2082 ροῦ
341 2009 619 2086 κηρύσσων
653 2009 1063 2089 μεγυλοφώνως
1123 2014 1200 2086 (3)
1262 2011 1423 2075 αὐτὸς
1481 2011 1621 2069 ἐστιν
1667 2014 1696 2068 ὁ
1753 2011 1842 2068 ἐπὶ

218 2100 297 2149 τοῦ
321 2091 469 2167 ὄρους
495 2101 599 2152 τοῦ
626 2094 848 2153 πεδινοῦ
877 2097 1042 2174 α’ίρων
1075 2099 1138 2155 τὸ
1189 2106 1418 2173 σημεῖον
1463 2102 1524 2158 Ὁ
1568 2101 1660 2156 τὸν
1715 2101 1840 2176 περὶ

217 2187 295 2236 τοῦ
317 2184 506 2248 πάθους
538 2185 709 2261 λόγον
742 2187 1040 2261 μεγαλῦναι
1072 2185 1393 2261 δυνάμενος,
1438 2189 1594 2251 οὗτος
1624 2186 1841 2265 πληροῖ

217 2273 266 2326 τὸ
303 2273 611 2349 πρόσταγμα
665 2275 728 2329 τὸ
774 2275 1112 2354 προφητικόν
1141 2294 1154 2308 ⁸
1216 2276 1316 2332 οὐκ
1363 2275 1414 2332 ἒν
1471 2275 1690 2332 κοιλάσι
1747 2278 1840 2332 καὶ

218 2361 405 2438 φάραγξι
435 2358 748 2439 ειστρίϐων,
781 2361 906 2420 ἀλλ’
953 2359 1255 2421 ἀναϐαίνων
1298 2364 1386 2420 ἐπὶ
1414 2365 1478 2421 τὸ
1517 2372 1616 2421 τοῦ
1666 2362 1837 2442 λόγου

220 2447 347 2522 ἕψος,
392 2452 475 2506 καὶ
527 2453 621 2508 ἐπ’
658 2451 826 2523 αὐτὴν
893 2455 992 2523 τήν
1042 2454 1230 2532 σοφίαν
1277 2456 1412 2529 μετὰ
1459 2454 1836 2530 ἐξομαλισμοῦ

217 2537 284 2592 καί
310 2541 582 2616 σαφηνείας
632 2547 740 2598 τῶν
791 2541 1280 2619 ἐπαγγελλομένων
1322 2548 1399 2618 (4)
1457 2545 1518 2600 τὸ
1577 2547 1836 2622 κήρυγμα

216 2627 528 2704 παραδιδούς.
583 2629 815 2702 Ἐπειδή
870 2630 928 2687 δὲ
954 2634 1074 2688 καθ’
1107 2633 1286 2710 δτὲραν
1321 2629 1533 2689 ἔκδοσιν
1574 2635 1837 2709 ἀναγινώ-

217 2737 400 2790 σκομεν,
474 2721 591 2776 Ἐπ’
662 2717 826 2798 ὅρους
894 2721 1188 2799 νεφώδους,
1263 2721 1522 2794 δηλονότι
1576 2724 1640 2780 τὸ
1699 2725 1832 2798 ὕψος

219 2805 354 2884 ἑτέρῳ
383 2806 530 2884 λόγῳ
559 2811 882 2886 παρίστησι.
939 2809 1192 2888 Νεφῶδες
1247 2813 1352 2888 γὰρ
1398 2813 1461 2868 16
1511 2815 1613 2882 τήν
1665 2834 1833 2889 κορυ-

219 2897 301 2971 ei,»
341 2893 458 2973 ἔχον
484 2898 701 2978 νέφεσιν
732 2899 812 2955 ἀεὶ
862 2898 1303 2975 κεκαλυμμένην.
1356 2902 1426 2956 Τὸ
1475 2899 1532 2957 δὲ
1563 2907 1830 2976 νοιοῦτον,

219 2983 395 3057 ὑψηλὸν
456 2987 547 3042 καὶ
610 2988 746 3062 ὑπὲρ
793 2990 969 3045 πάντα
1015 2989 1329 3062 ἀνεστηκός.
1380 2992 1677 3066 Ὑψώσατε,
1732 3015 1832 3070 φη-

217 3073 274 3144 σὶ,
319 3076 409 3144 τὴν
469 3078 662 3154 φωνὴν
739 3077 950 3140 ἑαυτοῖς
1017 3082 1113 3152 (5)⁶
1191 3080 1484 3150 τουτέστιν,
1529 3079 1580 3152 ἐξ
1628 3083 1831 3137 ἑαυτῶν

976 369 1382 431 COMMENT.
1429 368 1509 430 IN
1552 367 1824 432 ISAIAM
1871 367 2379 431 PROPHETAM.
2427 365 2602 429 CAP.
2648 367 2812 428 XIII.

3485 371 3608 433 5'70

1320 498 1688 576 παρακαλεῖτε
1759 501 1828 571 τῇ

1947 504 2069 556 vate
2113 503 2358 571 signum,
2409 500 2649 556 exaltate
2699 515 2881 556 vocem
2933 499 3086 554 vobis
3131 502 3266 570 ipsis
3297 518 3316 554 :
3358 505 3609 559 consola-

1952 592 2100 646 mini
2140 607 2335 659 manu,
2384 591 2615 661 aperite,
2664 590 2965 660 principes.
3015 594 3122 660 Ego
3171 589 3383 657 ordino,
3416 597 3467 647 et
3517 609 3612 663 ego

1953 680 2088 736 duco
2144 695 2251 735 eos.
2302 678 2574 735 Ostendit
2630 680 2924 750 quomodo
2982 678 3295 734 evertenda
3353 679 3612 752 Babylon

1953 773 2111 825 esset
2140 775 2314 841 atque
2336 769 2646 837 diruenda,
2668 772 2726 824 et
2747 769 3041 839 quomodo
3069 768 3385 840 imperium
3407 785 3607 826 eorum

1955 859 2053 930 qui
2083 858 2448 914 confusionis
2478 859 2710 914 fuerant
2735 861 3200 924 auctores,esset
3228 857 3289 912 in
3312 859 3614 930 captivita-

1952 952 2068 1003 tem
2102 947 2490 1020 redigendum
2525 963 2538 1001 :
2573 963 2783 1018 nempe
2831 946 2932 1001 ubi
2977 948 3234 1018 primum
3285 949 3615 1005 ascenderit

1953 1037 2088 1108 quis
2118 1037 2176 1092 in
2222 1042 2479 1093 montem
2529 1053 2644 1091 non
2695 1040 3078 1108 praeruptum,
3111 1053 3224 1091 non
3275 1038 3610 1107 prominen-

1953 1129 2092 1192 tem,
2118 1126 2218 1182 sed
2251 1129 2643 1197 campestrem
2666 1130 2723 1181 et
2753 1125 3015 1196 planum,
3035 1125 3120 1181 sic
3149 1129 3214 1180 ut
3236 1125 3608 1182 altitudinem

1953 1215 2193 1286 quidem
2228 1232 2297 1270 ex
2344 1231 2412 1270 eo
2457 1214 2692 1282 habeat,
2714 1213 2869 1285 quod
2903 1230 3142 1270 sursum
3193 1213 3519 1282 attollatur,
3553 1221 3612 1272 et

1953 1321 1987 1361 a
2017 1308 2172 1360 terra
2200 1303 2261 1358 in
2295 1319 2489 1360 aerem
2522 1307 2815 1374 assurgat,
2849 1303 2950 1358 sed
2983 1303 3058 1359 iis
3088 1306 3284 1359 tamen
3317 1303 3418 1374 qui
3449 1302 3508 1358 in
3540 1319 3607 1359 eo

1952 1392 2330 1460 collocantur,
2351 1392 2726 1448 securitatem
2755 1396 2992 1463 praestet
3011 1394 3084 1446 ob
3109 1396 3401 1463 aequatam
3433 1408 3602 1449 suam

1952 1481 2282 1554 planitiem.
2317 1481 2480 1547 Quod
2513 1480 2671 1537 enim
2711 1496 2780 1535 ex
2829 1480 2989 1535 omni
3042 1484 3203 1550 parte
3233 1480 3608 1536 circumscis-

1952 1587 2084 1627 sum
2103 1575 2193 1626 est
2211 1575 2268 1626 et
2284 1574 2668 1642 praeruptum,
2685 1569 2742 1623 id
2763 1573 2983 1624 statum
2997 1585 3200 1624 eorum
3219 1569 3318 1639 qui
3338 1584 3607 1624 conscen-

1951 1658 2162 1727 derint,
2205 1660 2497 1715 lubricum
2530 1664 2588 1714 et
2618 1657 2956 1714 instabilem
3006 1657 3214 1712 reddit.
3248 1658 3497 1713 Proinde
3541 1663 3607 1713 ut

1949 1748 2177 1806 excelsa
2194 1750 2264 1804 de
2285 1754 2397 1804 Deo
2416 1749 2767 1820 cogitentur,
2783 1753 2841 1803 et
2861 1747 3063 1802 eadem
3087 1751 3213 1801 tuto
3235 1750 3606 1813 enarrentur,

1950 1842 2064 1894 stet
2091 1838 2226 1909 quis
2255 1838 2316 1893 in
2349 1842 2547 1893 monte
2571 1837 2778 1892 firmus
2801 1842 3036 1908 propter
3065 1835 3606 1906 altitudinem,per-

1953 1931 2305 1998 maneatque
2321 1926 2643 1982 immobilis
2661 1930 2898 1997 propter
2909 1925 3285 1980 securitatem
3297 1923 3604 1979 .Caaterum

1950 2016 2126 2088 Super
2161 2021 2397 2072 montem
2443 2018 2800 2088 campestrem
2851 2015 3023 2071 levate
3069 2016 3312 2083 signum,
3344 2021 3395 2069 et
3440 2014 3605 2069 exal-

1949 2109 2059 2161 tate
2086 2121 2290 2172 vocem,
2310 2104 2670 2161 consolomini
2697 2120 2888 2160 manu.
2912 2103 3018 2167 Qui
3049 2119 3261 2173 magna
3291 2103 3448 2157 vocis
3471 2117 3606 2156 con-

1948 2195 2209 2252 tentione
2262 2194 2541 2267 praedicat
2569 2208 2828 2263 crucem,
2862 2191 2960 2247 ille
3015 2196 3105 2247 est
3154 2190 3255 2263 qni
3302 2191 3362 2246 in
3407 2193 3607 2246 monte

1949 2283 2265 2355 campestri
2297 2283 2470 2356 erigit
2499 2283 2756 2355 signum.
2780 2281 2889 2347 Qui
2915 2295 3246 2337 sermonem
3277 2280 3349 2335 ad
3385 2279 3605 2350 passio-

1948 2389 2081 2428 nem
2113 2372 2459 2429 attinentem
2515 2370 2889 2443 magniﬁcare
2919 2373 3139 2441 potest;
3177 2367 3268 2423 hic
3319 2366 3606 2439 adimplet

1948 2461 2355 2533 prapheticum
2380 2464 2760 2532 praeceptum,
2784 2475 2919 2514 cum
2950 2458 3007 2513 in
3031 2457 3328 2529 speluncis
3357 2458 3506 2514 575
3545 2459 3604 2511 et

1949 2549 2315 2606 convallibus
2343 2566 2458 2604 non
2489 2553 2908 2614 commoretur,
2942 2547 3047 2603 sed
3077 2547 3148 2602 ad
3182 2545 3474 2602 sermonis
3507 2562 3607 2600 su-

1947 2637 2300 2695 blimitatem
2333 2643 2392 2694 et
2420 2639 2494 2694 ad
2540 2638 2731 2710 ipsam
2777 2636 3131 2709 sapientiam
3165 2636 3442 2691 ascendat
3475 2651 3486 2689 :
3523 2633 3602 2689 si-

1944 2729 2185 2800 quidem
2231 2745 2362 2784 cum
2413 2726 2809 2799 aequabilitate
2839 2732 3016 2797 atque
3065 2724 3479 2797 perspicuitate
3509 2739 3600 2778 res

1942 2819 2342 2876 annuntiadas
2373 2818 2670 2889 praedicat.
2693 2817 2806 2873 Sed
2835 2817 2976 2887 quia
2999 2815 3169 2884 juxta
3198 2813 3442 2869 alteram
3476 2811 3600 2866 edi-

1940 2909 2162 2965 tionem
2193 2907 2444 2978 legimus
2481 2925 2494 2963 :
2527 2907 2707 2978 Super
2733 2915 2972 2961 montem
3016 2904 3356 2969 nebulosum,
3390 2900 3594 2970 utique

1939 2997 2054 3053 alia
2085 2996 2362 3069 loquendi
2393 2996 2619 3052 ratione
2657 2995 2876 3050 indicat
2906 2992 3299 3049 altitudinem.
3332 2988 3590 3046 Nebulo-

1937 3103 2069 3142 sum
2100 3090 2192 3142 est
2229 3086 2387 3141 enim
2438 3085 2724 3156 quidquid
2779 3084 2956 3139 habet
2998 3081 3277 3138 verticem
3331 3079 3592 3135 nubibus

218 3157 377 3220 λάϐετε
400 3166 460 3220 τὸ
490 3166 634 3240 ὕψος
675 3172 779 3235 τῆς
819 3174 1022 3245 φωνῆς.
1081 3169 1184 3230 Τὰς
1238 3167 1647 3245 ἑνυπαρχούσας
1697 3171 1827 3244 ὑμῖν

1947 3191 2171 3248 semper
2199 3179 2559 3246 coopertum.
2581 3173 2741 3238 Quod
2787 3176 2984 3227 autem
3021 3175 3111 3226 est
3158 3168 3472 3240 ejusmodi,
3504 3171 3596 3222 est

217 3251 429 3329 ἀφορμὰς
473 3256 620 3329 πρὸς
671 3259 806 3311 Θεοῦ
857 3253 1174 3332 δοξολογίαν
1229 3257 1290 3312 ἐκ
1343 3263 1451 3315 τῶν
1507 3263 1704 3314 κοινῶν
1748 3257 1830 3314 ἆν-

1947 3245 2258 3330 excelsum,
2291 3245 2349 3318 et
2392 3260 2792 3333 supereminet
2820 3260 3040 3316 omnia.
3072 3259 3347 3325 Exaliate,
3380 3257 3595 3327 inquit,

213 3345 366 3407 νοιῶν,
413 3347 609 3406 ταῦτας
667 3344 1024 3416 ἀνακινήσατε
1069 3349 1164 3420 (6).
1224 3348 1317 3417 Μὴ
1372 3347 1520 3403 κάτω
1577 3346 1827 3424 βλέπετε,

217 3429 328 3498 μητέ
367 3430 429 3487 τὸ.
473 3435 646 3506 γήινα
678 3438 949 3490 σκοπεῖτε.
985 3432 1144 3492 Οὕτω
1171 3435 1275 3510 γὰρ
1303 3437 1530 3505 ταπεινὴ
1559 3435 1759 3511 γίνεται
1790 3439 1824 3506 ἠ

215 3519 339 3592 φωνή
379 3525 481 3576 τῶν
521 3521 584 3577 lx.
633 3520 733 3588 τῆς
773 3529 877 3598 γῆς
925 3522 1270 3598 φωνούντων,
1319 3529 1428 3580 τῶν
1477 3523 1828 3603 κενολογούν-

213 3625 317 3665 των.
359 3609 408 3663 Ὁ
436 3610 541 3666 ἀπὸ
573 3617 681 3680 τῆς
720 3617 1108 3668 ταπεινοποιοῦ
1140 3612 1343 3685 λύπης,
1375 3614 1465 3670 καὶ
1510 3616 1540 3670 ὁ
1584 3615 1690 3670 ἀπὸ
1732 3621 1830 3671 τοῦ

217 3695 630 3774 ἆτηγορευμὲνου
699 3696 872 3778 φόϐου
931 3702 1295 3780 φθεγγόμενος
1322 3746 1336 3772 ,
1397 3703 1507 3779 οὐχ
1556 3705 1687 3779 ὑψοῖ
1732 3705 1830 3773 τὴν

215 3783 371 3842 ἱαυτοῦ
421 3792 634 3866 φωνην.
675 3789 781 3846 Καὶ
831 3791 859 3846 ὁ
902 3790 1214 3864 ἐπιθυμίαις
1271 3794 1351 3864 (7)
1409 3793 1604 3869 σαρκὸς
1648 3792 1699 3848 ἰν
1751 3792 1832 3867 τῷ

218 3873 534 3951 ἐπαγγέλλειν
575 3880 676 3950 τὸν
720 3877 885 3956 λόγον
928 3881 1354 3956 κεκρατημένος,
1407 3885 1662 3953 ταπεινὴν
1712 3878 1831 3958 ἔχει

215 3965 282 4017 καὶ
311 3968 378 4039 μὴ
409 3964 711 4041 δυναμένην
760 3967 848 4023 ἰπὶ
890 3969 956 4024 16
1004 3967 1116 4024 ἄνω
1149 3967 1456 4028 διακόπτειν
1483 3972 1582 4040 τὴν
1641 3973 1832 4028 ἑαυτοῦ

215 4057 387 4126 φωνήν.
418 4063 540 4121 Πῶς
590 4059 687 4113 οὗν
720 4057 948 4133 ὑψοῦται
991 4061 1145 4133 φωνή
1180 4063 1260 4135 (8)
1289 4080 1303 4132 ;
1337 4061 1458 4117 Ἐὰν
1490 4059 1832 4138 μεγαλοπρε-

215 4143 300 4210 πής
325 4146 406 4216 ᾗς,
444 4147 963 4221 κατεξανιστάμενος
1009 4152 1117 4203 τῶν
1165 4154 1372 4220 παθῶν,
1432 4151 1524 4206 καὶ
1581 4153 1698 4206 κατ⁹
1739 4151 1835 4208 αὖ·

213 4232 314 4295 τοὺς
360 4233 483 4300 τοὺς
541 4235 768 4311 καιροὺς
830 4241 940 4292 τῶν
1003 4243 1321 4315 πειρασμῶν
1375 4239 1453 4313 μὴ
1505 4240 1830 4297 ὑποκύπτων

250 4416 367 4506 ’(99)
393 4417 631 4477 Veteres
683 4425 799 4477 tres
841 4419 997 4493 libri,
1029 4420 1260 4484 ἑαυτοῖς.
1291 4421 1404 4479 Alii
1431 4427 1552 4480 tres
1581 4427 1641 4480 et
1669 4425 1832 4496 editi,

219 4505 386 4550 αοτοις.
848 4538 854 4543 .

273 4561 335 4630 (1)
364 4562 600 4635 Antiqui
643 4563 758 4619 duo
807 4561 943 4619 libri
990 4581 1094 4635 pro
1141 4563 1352 4626 στάσεις
1405 4569 1678 4635 corrupte
1725 4565 1832 4622 ha-

219 4629 332 4713 bent
356 4629 546 4713 τάσειξ.
580 4635 690 4690 Alii
724 4629 1151 4713 quatuor-mss,
1182 4643 1240 4692 et
1268 4638 1411 4693 editi
1442 4629 1692 4713 totidem
1720 4638 1836 4713 syl-

219 4698 391 4780 labis,_
428 4705 658 4780 στάσεις.
718 4698 945 4780 Sedet
1002 4707 1094 4763 hic
1139 4698 1386 4780 quoque
1443 4698 1832 4766 Combeiisi'us

219 4777 476 4866 emendat,
499 4779 698 4866 aitque
717 4778 1102 4866 confidenter,
1115 4777 1228 4866 Suo
1250 4777 1508 4866 periculo
1532 4781 1834 4866 legi‘o‘por-

217 4847 315 4901 tere
341 4847 710 4915 οοοστάᾱεις,
743 4851 844 4906 sed
878 4848 1084 4922 βάσεις.
1114 4851 1233 4924 Ego
1250 4847 1486 4920 'autem,
1517 4847 1621 4924 qui
1648 4847 1833 4910 libro-

213 4926 632 5000 rumuvetsrun}
679 4923 1086 5000 auctoritatem
1135 4922 1326 5000 libens
1373 4922 1611 5000 sequor,
1662 4925 1832 5000 facile

215 4989 524 5072 crediderim
592 4992 1017 5072 commentarii
1085 4989 1477 5072 scriptorem;
1528 4989 1830 5072 hominem

215 5064 377 5142 gmnis
420 5064 719 5142 elegantias
776 5065 1142 5142 imperitum,
1189 5064 1510 5142 improprie
1567 5067 1832 5126 locutum

216 5128 394 5213 tuisse;
423 5140 481 5192 et
508 5128 716 5213 parum
749 5128 892 5213 apté_
925 5128 1135 5213 στᾴρεις
1165 5128 1496 5213 scripsisse,
1529 5156 1664 5196 cum
1695 5157 1828 5213 gra-

215 5202 350 5280 dum,
366 5214 472 5280 _aut
499 5202 814 5280 vestigium
845 5209 1179 5280 signiﬁcare
1211 5202 1402 5267 vellet.

274 5275 510 5356 (2)_E_diti
567 5284 628 5336 et
657 5275 815 5356 'Beg.
862 5275 1113 5356 primus,
1163 5283 1388 5350 νοῆτε...
1439 5277 1724 5356 διηγῆσθε.
1756 5285 1832 5337 At

213 5339 559 5477 Egniicianus
589 5339 794 5408 codexv
808 5339 882 5408 et.
910 5352 1011 5409 alii
1060 5339 1333 5426 quatuor,
1364 5339 1826 5426 νοεῖνίί.’δῖηγεῖ-

276 5437 342 5473 αι.

223 5432 342 5473 σθαι.

275 5490 346 5571 ἐξ»)
366 5492 558 5571 βοάθι
585 5490 1242 5571 ιιιιῑιειμεγαλρφρόνφς-

266 5561 425 5640 (illa
475 5561 806 5640 recentiori
835 5561 1174 5626 Combe'ﬁsii
1229 5569 1426 5626 codice
1453 5572 1511 5625 et
1569 5567 1628 5624 in
1685 5571 1827 5640 Reg.

218 5639 397 5724 Sparta
422 5637 892 5724 perindo'atque
934 5640 1090 5724 apud
1136 5637 1827 5724 Procopium,‘pag._202,

217 5681 1648 5786 εκίτςαπῇςῖιιςοξῖξνῑνινςῑεῑα’ρ·ν;ενᾶειῡῒίλιιίεξ
1657 5681 1834 5784 2:37.31.

1941 3369 2123 3410 vocem
2140 3355 2290 3409 vobis
2319 3353 2452 3423 ipsis
2470 3368 2491 3414 ;
2513 3351 2622 3406 hoc
2644 3356 2769 3418 est;
2793 3349 3082 3405 assumite
3104 3365 3138 3402 a
3157 3344 3598 3416 vobismetipsis

1941 3443 2118 3499 altam
2150 3450 2205 3498 et
2234 3445 2567 3497 contentam
2613 3455 2837 3494 vocem.
2872 3439 3009 3502 Qua:
3068 3453 3137 3492 ex
3184 3433 3600 3492 communibus

1939 3531 2164 3588 notitiis
2201 3531 2379 3588 insita
2405 3529 2572 3585 vobis
2625 3532 2716 3584 est
2757 3527 2861 3583 Dei
2907 3524 3277 3598 gloriﬁcandi
3326 3521 3596 3590 facultas,

1941 3621 2095 3678 hanc
2117 3620 2415 3677 suscitato.
2440 3623 2725 3674 Deorsum
2758 3632 2830 3671 ne
2861 3615 3337 3687 aspicite,neque
3365 3616 3601 3667 terrena

1941 3710 2315 3766 intueamini.
2341 3710 2466 3764 Vox
2495 3707 2653 3763 enim
2685 3721 2886 3762 eorum
2911 3704 3013 3776 qui
3045 3720 3112 3759 ex
3141 3712 3294 3758 terra
3322 3700 3598 3764 clamant,

1943 3804 2000 3855 et
2018 3815 2170 3854 vana
2193 3798 2531 3867 loquuntur,
2555 3795 2666 3850 hoc
2685 3799 2853 3866 pacto
2877 3791 3123 3848 humilis
3145 3792 3212 3846 ﬁt
3231 3807 3296 3846 ac
3317 3790 3596 3845 demissa.

1941 3887 2048 3952 Qui
2092 3903 2161 3942 ex
2207 3885 2456 3940 tristitia
2503 3883 2768 3940 animum
2799 3881 3168 3947 demittente,
3200 3884 3258 3934 et
3304 3895 3373 3933 ex
3421 3879 3598 3933 vetito

1942 3976 2154 4032 timore
2184 3973 2467 4046 loquitur,
2501 3971 2552 4027 is
2581 3987 2753 4026 suam
2783 3985 2982 4025 vocem
3031 3985 3148 4023 non
3183 3969 3417 4023 exaltat.
3453 3966 3596 4020 Item

1944 4064 2047 4138 qui
2067 4064 2127 4120 in
2151 4061 2557 4120 annuntiando
2573 4060 2748 4116 verbo
2771 4076 2804 4114 a
2826 4058 3022 4114 carnis
3039 4054 3462 4128 cupiditatibus
3478 4053 3600 4108 vin-

1945 4155 2117 4226 citur,
2143 4153 2322 4210 habet
2348 4149 2636 4208 humilem
2668 4153 2726 4205 et
2754 4147 3116 4205 submissam
3138 4160 3337 4202 vocem
3361 4160 3490 4214 qua
3522 4143 3594 4197 ad

1948 4259 2206 4317 superna
2235 4246 2536 4315 penetrare
2567 4256 2682 4295 non
2716 4240 2924 4310 potest.
2956 4235 3254 4300 Quomodo
3293 4233 3474 4304 igitur
3504 4236 3596 4287 at-

1944 4425 2134 4480 beﬁsii
2182 4423 2362 4480 codex
2401 4437 2534 4477 cum
2583 4419 2714 4476 aliis
2761 4418 2972 4485 tribus,
3005 4420 3111 4470 τῶν
3171 4409 3596 4488 ἀπαγγελλομέ-

1942 4516 2070 4566 νων,
2126 4511 2212 4552 res
2243 4493 2704 4566 iannuntiandae
2740 4491 3049 4566 praedicat.
3082 4487 3303 4566 Potest
3358 4487 3593 4566 quidem

1944 4557 2193 4640 utraque
2241 4565 2413 4640 lectio
2474 4563 2708 4640 probari
2740 4557 2890 4640 Ersed
2935 4563 3293 4640 ita___tamen,
3327 4563 3398 4640 ut
3437 4557 3597 4628 prior

1863 4627 2350 4711 Danteponenda
2402 4627 2533 4711 esse
2591 4636 2875 4711 videatur.
2935 4631 3280 4711 Editionem.
3326 4627 3591 4711 alteram,

1943 4700 2119 4785 quam
2159 4711 2448 4785 interpres
2478 4709 2588 4785 hoc
2631 4707 2757 4785 loco
2805 4708 2967 4785 citat,
3000 4707 3205 4785 agctor
3231 4700 3491 4785 Vulgata
3523 4701 3595 4757 ob

1942 4776 2142 4840 oculos
2173 4776 2449 4849 habebat,
2484 4781 2627 4836 dum
2665 4780 2745 4835 ita
2774 4777 2946 4834 vertit
2977 4793 2991 4832 :
3023 4776 3202 4846 Super
3230 4782 3470 4830 montem
3499 4789 3593 4828 ca-

1943 4857 2275 4929 liginosum.-
2362 4926 2369 4929 _
2433 4927 2440 4929 _
2854 4917 2867 4929 .
2943 4922 2967 4929 _
3572 4915 3587 4929 .

1984 4915 2088 5054 ")gg
2121 4925 2274 4983 Editi
2322 4926 2379 4980 et
2425 4927 2544 4978 tres
2600 4936 2773 5002 mss.,
2811 4916 3381 5002 a61oic'necnaliter
3436 4915 3592 4987 apud

1940 4998 1984 5075 _L
2103 4995 2416 5075 autﬂapud
2463 4993 2782 5075 Eusebium
2821 4989 3199 5075 legitur._A1n
3252 4995 3372 5045 tres
3421 5005 3590 5075 nisa,

1941 5068 2174 5156 ἑαυτοῖς.
2205 5059 2417 5124 Statim
2464 5065 2630 5136 editi,
2673 5062 2725 5134 ἐξ
2777 5059 2975 5119 αὐτῶν.
3017 5067 3086 5118 At
3134 5078 3277 5119 mss.
3314 5077 3436 5132 sex,
3468 5059 3588 5114 ἑαυ-

2111 5213 2360 5295 Veteres,
2405 5206 2661 5295 a‘liqnot!
2688 5204 3329 5295 l‘ibri,m\’)vaxwvﬁ\cc‘tv;ce<,.
3380 5202 3586 5258 Statim

1938 5273 2104 5350 editi,
2135 5280 2224 5335 καὶ
2256 5277 2384 5333 ἀπό.
2417 5273 2664 5350 Ληὶίᾳυί
2697 5283 2813 5350 tres
2830 5273 2999 5346 libri,
3033 5275 3184 5350 x0126
3211 5273 3338 5350 ἀπὸ.

2009 5339 2225 5427 (7):Pro
2257 5339 2665 5427 ἰπιρυμίαιςᾟυ
2706 5349 2932 5422 aliquot
2962 5339 3374 5427 mssnlegitur,
3407 5339 3589 5427 ἐπιθυ-

1943 5412 2312 5497 μκίμᾲλ-’Ῑδὶάρω
2358 5412 2499 5497 Reg.
2532 5422 2760 5494 primus
2807 5412 2960 5497 cum
2990 5412 3266 5497 editis,‘_tv
3294 5412 3586 5497 egign-

1935 5482 2174 5582 γέλλειν.
2225 5497 2332 5552 Alii
2397 5482 2658 5567 quisque
2715 5511 2884 5559 11188.,
2943 5490 2994 5545 ὲν
3053 5495 3133 5562 τῷ
3170 5482 3582 5561 ’ἀπαγγέλλειὶη

1937 5574 2203 5714 regina;
2229 5645 2453 5698 veteres
2481 5635 2709 5708 aliquot
2734 5635 2891 5692 libri.
2915 5631 3092 5700 Editi,
3121 5634 3190 5705 τῇ
3221 5629 3398 5708 φωνῇ,
3423 5627 3583 5686 haud

1935 5716 2113 5771 recte.
