4118 6220
398 342 510 403 5⁸71

1333 339 1733 400 APPENDIX
1779 338 2106 400 OPERUM
2155 338 2221 398 S.
2265 335 2551 397 BASILII
2595 333 2864 398 MAGNI.

3689 330 3816 388 372

405 473 630 530 tollitur
659 471 802 529 vox?
830 471 887 526 Si
921 486 1135 542 magno
1157 475 1214 527 et
1233 486 1518 544 generoso
1551 472 1747 528 animo
1779 473 2052 543 insurgas

2171 473 2280 531 τοῖς
2311 471 2661 544 πειρασμοῖς,
2692 464 2837 522 ἀλλᾶ
2863 464 2927 519 τὸ
2953 467 3152 540 γαῦρον
3182 459 3438 540 φρόνημα
3477 464 3578 527 τῆς
3622 464 3820 536 ψυχῆς

405 565 682 619 adversus
729 559 1100 616 turbulentas
1149 561 1332 616 animi
1384 561 1741 630 affectiones,
1772 577 1878 616 nec
1925 578 2052 632 lpBO

399 650 798 707 tentationum
849 654 1109 721 tempore
1160 650 1511 706 succumbas
1559 651 1983 706 tentationibus
2034 667 2047 705 :

399 742 515 796 imo
541 741 590 794 si
621 755 814 795 serves
847 739 1024 795 animi
1057 738 1371 795 elationem
1395 745 1450 796 et
1471 741 1889 807 constantiam,
1913 745 2052 795 tunc

401 829 684 884 exaltabis
733 845 953 884 vocem.
986 828 1336 884 Consolatur
1383 834 1578 885 autem
1634 846 1814 885 manu
1845 829 1918 896 is,
1950 829 2052 902 qui

401 920 634 976 afﬂictis
666 925 722 974 et
751 920 1050 990 oppressis
1075 935 1175 991 per
1206 921 1358 976 bona
1379 937 1554 992 opera
1584 921 1751 977 affert
1779 921 2050 977 consola-

399 1010 642 1077 tionem,
674 1015 731 1064 et
760 1010 951 1064 animo
991 1008 1165 1064 hilari
1212 1009 1418 1081 stipem
1452 1009 1715 1081 largitur.
1747 1011 1804 1065 Si
1836 1011 2052 1066 videris

402 1099 740 1172 quempiam
773 1103 1030 1170 egestate
1081 1097 1466 1166 laborantem,
1500 1116 1815 1172 pauperem
1865 1099 2053 1157 solare

401 1189 662 1244 benefica
693 1191 748 1243 et
775 1186 1004 1243 liberali
1028 1203 1228 1244 manu.
1259 1187 1569 1245 Enimvero
1599 1189 1752 1261 apud
1786 1189 2051 1245 animum

400 1277 684 1350 pusillum
731 1284 785 1333 et
831 1276 1156 1344 infirmum,
1209 1276 1466 1348 erogatio
1507 1294 1634 1349 quis
1683 1295 1744 1334 re
1791 1278 1920 1350 ipsa
1962 1279 2047 1347 ﬁt,

398 1366 689 1424 consolari
721 1369 914 1438 potest
943 1365 1152 1438 magis,
1187 1382 1364 1438 quam
1396 1366 1447 1421 si
1476 1366 1668 1423 verbis
1700 1367 1770 1423 ad
1804 1383 2050 1440 pauper-

397 1461 577 1513 tatem
608 1456 836 1511 fortiter
865 1459 922 1510 et
951 1471 1230 1527 generose
1259 1455 1660 1526 perferendam
1695 1455 2047 1513 adhorteris.

468 1547 593 1601 257.
627 1546 692 1599 Et
721 1545 956 1615 aperite,
983 1543 1195 1614 inquit,
1221 1545 1530 1616 principes.
1551 1544 1836 1601 Solatium
1869 1562 2048 1602 manu

401 1634 726 1691 exhibitum
759 1632 1024 1704 sequitur
1056 1649 1266 1688 manus
1289 1632 1543 1704 apertio;
1574 1651 1751 1706 quam
1784 1651 1886 1706 pro
1919 1650 2047 1690 mu-

401 1722 575 1778 niﬁca
604 1726 662 1776 et
690 1721 914 1776 liberali
962 1723 1189 1778 actione
1234 1739 1517 1794 usurpare
1548 1723 1696 1778 solet
1726 1723 2048 1795 Scriptura,

399 1828 502 1866 ceu
535 1826 669 1864 cum
722 1810 863 1864 dicit
895 1827 907 1865 :
944 1811 1230 1882 Aperiente
1265 1814 1449 1866 autem
1497 1821 1550 1867 te
1595 1829 1823 1868 manum
1869 1821 2045 1879 tuam,

399 1901 590 1956 omnia
620 1899 999 1970 implebantur
1029 1899 1268 1955 bonitate
1285 1900 1349 1955 ⁸ο.
1378 1902 1608 1972 Aperite
1638 1901 1819 1972 igitur
1843 1902 2050 1957 domos

399 1993 644 2059 vestras,
678 1992 736 2043 et
764 1987 1099 2044 divitiarum
1132 1993 1459 2044 vestrarum
1490 1989 1801 2046 thesauros
1831 1991 2052 2062 aperite

402 2077 736 2149 hospitibus
767 2080 823 2132 et
853 2077 1072 2148 egenis-
1107 2076 1189 2132 Ne
1220 2078 1523 2134 retineatis
1554 2096 1680 2150 quas
1712 2079 1876 2135 vobis
1909 2096 2050 2151 sup-

403 2170 610 2238 petunt
639 2166 711 2220 ad
744 2165 1096 2222 afﬂictorum
1147 2165 1434 2222 levamen.
1467 2168 1534 2223 Et
1563 2167 1672 2224 hoc
1720 2168 1888 2224 facite
1936 2168 2054 2240 pri-

402 2271 587 2326 mum,
619 2253 939 2326 principes,
960 2259 1025 2310 ut
1049 2255 1312 2326 exemplo
1343 2261 1532 2312 vestro
1565 2256 1846 2329 populum
1876 2256 2052 2312 etiam

403 2343 736 2416 pelliciatis.
771 2343 967 2400 Potest
1017 2348 1212 2400 autem
1263 2344 1406 2400 illud
1456 2345 1703 2417 intelligi
1757 2345 1932 2401 etiam
1982 2346 2055 2402 de

401 2433 838 2504 Scripturarum
889 2432 1209 2504 apertione,
1241 2434 1430 2504 deque
1477 2433 1736 2491 locorum
1767 2451 2052 2505 quorum-

403 2521 538 2576 dam
561 2521 898 2577 clausorum
923 2529 978 2576 et
1000 2522 1404 2578 obscuriorum
1428 2523 1865 2594 explanatione;
1893 2528 1958 2578 ut
1985 2540 2054 2579 ne

401 2610 535 2681 quis
559 2609 784 2680 judicio
811 2611 1094 2666 adversus
1126 2610 1448 2668 Pharismos
1477 2617 1533 2668 et
1565 2613 1798 2668 Scribas
1830 2612 2052 2684 prolato

402 2699 504 2754 ﬂat
533 2699 822 2755 obnoxius
859 2715 872 2753 :
909 2698 1012 2770 qui
1050 2716 1183 2755 cum
1214 2701 1407 2756 claves
1439 2701 1602 2773 regni
1645 2701 1917 2769 habeant,
1953 2717 2051 2757 ne-

397 2803 510 2859 que
541 2787 656 2858 ipsi
693 2787 1127 2860 ingrediuntur,
1155 2793 1212 2844 et
1249 2805 1348 2844 eos
1379 2789 1479 2861 qui
1521 2791 1747 2862 ingredi
1780 2795 2050 2863 possunt,

399 2877 802 2948 prohibent“.
837 2877 1038 2948 Itaque
1069 2877 1366 2950 principes
1398 2881 1615 2951 quibus
1648 2881 1903 2937 scientia:
1935 2879 2051 2936 cla-

397 2982 496 3021 ves
537 2965 879 3022 concreditas
928 2970 1086 3036 sunt,
1118 2967 1448 3040 compellat.
1483 2968 1699 3025 Paulus
1748 2969 2052 3026 sententias

398 3054 535 3110 huic
564 3055 977 3126 obtemperans
1016 3055 1208 3112 aiebat
1241 3073 1253 3111 :
1289 3057 1355 3114 0s
1384 3066 1626 3114 nostrum
1666 3064 1814 3131 patet
1842 3059 1912 3114 ad
1941 3074 2051 3126 vos,

397 3159 428 3199 0
460 3145 741 3201 Corinthii
759 3147 829 3199 εί.

2083 3218 2126 3286 C

469 3321 594 3376 258.
627 3319 826 3389 (Vens.
848 3322 927 3393 3.)
962 3325 1070 3394 Ego
1097 3324 1318 3392 ordino,
1347 3329 1403 3379 et
1432 3340 1525 3396 ego
1553 3325 1691 3380 duco
1720 3341 1828 3382 eos.
1863 3327 2053 3399 Agen-

401 3408 543 3464 dum
576 3409 744 3465 nobis
777 3414 868 3466 est
918 3427 1021 3482 pro
1055 3412 1229 3467 virili.
1267 3413 1548 3468 Dominus
1602 3419 1801 3470 autem
1831 3419 1923 3470 est
1955 3414 2057 3486 qui

401 3513 520 3564 eos,
537 3497 718 3568 ducit,
738 3503 796 3553 et
815 3499 914 3569 qui
939 3517 1420 3572 unumquemque
1443 3501 1503 3556 in
1525 3501 1790 3559 Ecclesia
1817 3519 2058 3576 corpore

402 3602 506 3658 pro
538 3603 646 3642 sua
676 3586 960 3660 dignitate
1005 3589 1259 3645 ordinat.
1292 3589 1546 3662 Gigantes
1583 3594 1809 3648 veniunt
1837 3593 1910 3648 ad
1939 3594 2059 3648 im-

396 3674 665 3747 plendum
711 3677 962 3746 furorem
1017 3693 1222 3746 meum,
1257 3680 1555 3751 gaudentes
1610 3682 1781 3741 simul
1807 3684 1858 3737 et
1905 3681 2058 3738 516

401 3765 752 3821 contumeliis
798 3765 1130 3835 ofﬁcio-rites.
1168 3768 1292 3824 Haec
1323 3769 1616 3826 sententia
1645 3769 2061 3826 interminatur

401 3854 544 3921 fore,
579 3858 643 3910 ut
673 3853 936 3911 scelerati
971 3857 1210 3928 quidem
1241 3862 1298 3914 et
1325 3857 1428 3914 Dei
1458 3858 1658 3916 hostes
1691 3859 1793 3932 qui
1824 3860 1896 3917 ad
1930 3877 2060 3933 pec-

402 3947 630 4000 catores
663 3943 1035 4001 ulciscendas
1075 3945 1244 4002 missi
1286 3951 1445 4016 sunt,
1478 3948 1806 4004 adveniant.
1839 3951 1924 4006 Ob
1956 3949 2062 4006 hoc

401 4033 750 4090 timentibus
779 4049 841 4090 se
873 4034 1205 4106 providens,
1229 4036 1394 4092 ducit
1416 4051 1515 4092 eos
1548 4037 1607 4092 in
1632 4041 1822 4094 tutam
1845 4037 2063 4094 montis

405 4121 807 4190 altitudinem,
825 4127 999 4196 atque
1021 4139 1121 4180 eos
1139 4129 1368 4198 aequata
1388 4125 1624 4183 verticis
1646 4125 1888 4197 planitie
1911 4142 2066 4182 com-

411 4212 628 4267 munit.
678 4213 802 4268 Imo
856 4212 1032 4268 etiam
1081 4213 1166 4269 eis
1213 4213 1452 4286 signum
1487 4231 1598 4284 quo
1631 4215 2063 4282 custodiantur,

413 4300 595 4355 tradit
627 4319 640 4366 ;
675 4300 894 4371 quippe
927 4300 1027 4371 qui
1057 4318 1156 4358 eos
1196 4303 1549 4359 submoneat
1581 4307 1645 4357 ut
1676 4303 1975 4358 instruant
2004 4320 2067 4360 se

410 4403 512 4457 per
543 4388 699 4441 bona
727 4403 924 4458 opera,
959 4389 1453 4460 consolenturque
1495 4407 1674 4446 manu
1707 4391 1978 4458 afﬂictos,
2011 4397 2069 4448 et

409 4491 474 4530 os
531 4474 797 4546 aperiant
852 4475 1191 4533 erudiendis
1250 4477 1580 4550 discipulis,
1636 4484 1700 4534 ut
1756 4480 2066 4553 gigantum

2162 555 2557 628 διασωζούσης,
2589 557 2712 610 τότε
2745 551 2904 629 etot:
2929 555 3029 623 τὴν
3061 553 3269 622 φωνήν.
3302 555 3613 627 Παρακαλεῖ
3643 547 3702 604 δὶ
3733 552 3816 623 (9)

2158 652 2226 721 τῇ
2255 647 2398 722 χειρὶ
2434 647 2462 700 ὁ
2491 647 2591 714 τὴν
2620 641 2970 720 παράκλησιν
3003 646 3122 705 τοῖς
3152 635 3504 713 θλιϐομὲνοις
3535 637 3607 694 δι’
3632 637 3812 714 ἔργων

2160 738 2370 812 ἀγαθῶν
2410 735 2722 812 προφέρων,
2771 731 2860 787 καὶ
2909 732 2960 786 ἐν
3009 729 3293 807 ἱλαρότητι
3341 730 3440 798 τὴν
3499 727 3816 802 ἐλεημοσύο

2159 846 2254 896 νην
2305 822 2664 900 ἀποπληρῶν.
2719 823 2839 880 Ἐὰν
2895 818 3016 896 ἴδῃς
3067 820 3188 875 τινὰ
3223 817 3311 874 ἐπὶ
3350 817 3503 889 πενίᾳ
3569 838 3815 873 καταπο-

2160 916 2444 988 νούμενον,
2474 917 2544 988 τῇ
2597 909 2922 986 μεταδοτικῇ
2980 910 3127 986 χειρὶ
3182 906 3484 982 παρακάλει
3512 909 3605 962 τὸν
3637 907 3813 976 πίνη-

2157 1025 2243 1062 τα.
2276 1003 2474 1060 Πλεῖυν
2505 1002 2607 1080 γὰρ
2636 1001 2784 1074 παρὰ
2824 1000 3034 1055 ἀσθενεῖ
3059 1001 3171 1073 (10)
3200 999 3270 1070 τῇ
3314 1000 3469 1074 ψυχῇ
3522 998 3556 1066 ἡ
3608 993 3678 1052 δι’
3724 991 3814 1069 ἔρ-

2157 1115 2266 1170 γων
2327 1089 2610 1167 μετάδοσις
2657 1088 2989 1166 παρακαλεῖν
3049 1087 3290 1146 δύναται.
3334 1085 3371 1157 ἢ
3419 1089 3454 1157 ἠ
3488 1083 3580 1141 διὰ
3626 1083 3814 1160 λόγων

2158 1183 2412 1258 προροπὴ
2491 1181 2588 1237 τοῦ
2663 1179 2842 1259 φερειν
2917 1177 3105 1236 πενίαν
3163 1177 3388 1254 εὐγενῶς
3433 1174 3524 1232 καί
3584 1174 3813 1232 ἀταπεί-

2157 1274 2362 1334 νώτως.

2228 1542 2353 1596 257.
2389 1538 2488 1594 Καὶ
2536 1537 2798 1610 ἀνοίξατε,
2844 1535 3030 1616 φησὶν,
3093 1537 3146 1590 οἱ
3204 1532 3491 1611 ἄρχοντες.
3558 1536 3792 1592 Ἔπεται

2156 1633 2234 1701 τῷ
2285 1625 2616 1703 παρακαλεῖν
2668 1630 2737 1700 τῇ
2794 1632 2943 1702 χειρῖ
2971 1626 3032 1680 τὸ
3063 1624 3291 1700 ἀνοίγειν
3319 1625 3417 1693 τήν
3451 1629 3631 1700 χεῖρα·
3666 1621 3804 1697 ὅπερ

2160 1717 2244 1774 ἐπὶ
2294 1725 2396 1788 τῆς
2449 1713 2809 1791 μεταδοτικῆς
2858 1713 3124 1790 ἐνεργείας
3173 1708 3293 1776 ἔθος
3347 1711 3555 1787 ἃστὶτῇ
3616 1711 3808 1788 Γραφῇ

2159 1803 2476 1881 λαμϐάνειν,
2555 1807 2680 1862 ὅταν
2754 1807 2864 1879 (Η)
2952 1802 3106 1879 λέγῃ·
3181 1803 3519 1873 Ἀνοίξαντος
3591 1800 3649 1856 δέ
3710 1822 3808 1856 σου

2159 1898 2257 1966 τήν
2327 1901 2509 1973 χεῖρα,
2584 1895 2652 1950 τὰ
2719 1894 3005 1967 σύμπαντα
3072 1889 3484 1963 πλησθήσονται
3560 1890 3808 1967 χρηστό-

2158 2007 2346 2056 τητος.
2397 1985 2670 2055 Ἀνοίξατε
2735 1984 2826 2038 οὖν
2883 1981 3011 2046 τοὺς
3061 1979 3242 2044 οἷ’κους
3301 1981 3477 2053 ὑμῶν,
3530 1980 3620 2036 καὶ
3677 1978 3811 2042 τοὺς

2163 2073 2466 2151 θησαυροὺς
2521 2080 2624 2143 τῆς
2672 2075 2914 2144 κτήσεως
2971 2069 3213 2142 ἀνοίξατε
3269 2069 3438 2142 ξὲνοις
3467 2069 3559 2124 καί
3590 2068 3810 2136 πένησι.

2163 2166 2257 2232 Μή
2291 2165 2539 2239 ωνᾶχετε
2567 2162 2636 2218 τὸ.
2680 2161 2952 2237 προσόντα
3001 2161 3127 2234 ὑμῖν
3179 2158 3259 2222 εἲς
3307 2158 3650 2236 παραμυθίαν
3698 2163 3810 2214 τῶν

2161 2253 2669 2326 κατυπονουμὲνων.
2721 2251 2821 2308 Καὶ
2854 2255 3015 2307 τοῦτο
3045 2254 3254 2306 ποιεῖτε
3300 2253 3523 2323 πρῶτον
3563 2250 3700 2322 (12),
3759 2249 3815 2302 οἱ

2163 2342 2446 2419 ἄρχοντες,
2470 2339 2563 2396 ἵνα
2594 2337 2683 2396 διὰ
2727 2345 2824 2396 τοῦ
2874 2337 3275 2414 ὑποδείγματος
3322 2337 3412 2392 καὶ
3437 2336 3530 2393 τὸν
3559 2336 3694 2392 λαὸν
3725 2336 3814 2392 ἐν·

2163 2431 2416 2507 αγάγητε.
2449 2429 2673 2486 Δύναται
2706 2427 2764 2484 δὲ
2791 2435 3053 2500 νοηθῆναι
3084 2427 3174 2483 καὶ
3229 2427 3316 2484 ἐπὶ
3362 2425 3458 2482 τοῦ
3518 2425 3811 2502 διανοίγειν

2161 2522 2254 2583 τὰς
2306 2521 2538 2598 Γραφὰς,
2583 2520 2670 2574 καὶ
2739 2518 2809 2574 τὸ.
2863 2517 3220 2592 κεκλεισμένα
3272 2513 3667 2573 ὑποδεικνύναι.
3724 2515 3818 2572 ’ίνα

2166 2613 2239 2683 μή
2290 2630 2374 2672 τις
2439 2611 2662 2684 γένηται
2725 2612 2805 2679 τῷ
2868 2605 3092 2682 κρίματι
3173 2609 3280 2661 τῶν
3355 2605 3668 2683 Φαρισαίων
3718 2607 3812 2661 καὶ

2163 2699 2532 2775 Γραμματέων
2583 2695 2862 2766 ὑπόδικος,
2896 2694 3091 2760 οἵτινες
3119 2692 3339 2772 ἔχοντες
3383 2697 3482 2758 τὰς
3529 2693 3684 2758 κλεῖς
3708 2699 3817 2766 τῆς

2167 2785 2464 2865 βασιλείας,
2525 2784 2648 2842 οὔτε
2709 2785 2862 2841 αὐτοὶ
2933 2785 3310 2861 εἰσέρχονται,
3362 2785 3451 2841 καὶ
3534 2785 3663 2849 τοὺς
3722 2783 3818 2840 δυ-

2162 2879 2426 2951 ναμένους
2457 2874 2718 2941 εἰσελθεῖν
2747 2874 3046 2931 κωλύουσι.
3099 2876 3243 2952 Πρὸς
3291 2873 3380 2930 οὖν
3429 2873 3558 2937 τοὺς
3608 2872 3820 2950 ἄρχον-

2160 2987 2254 3029 τας
2305 2963 2638 3043 διαλέγεται,
2703 2963 2830 3027 τοὺς
2877 2963 3106 3040 ἔχοντας
3159 2963 3256 3026 τὰς
3314 2961 3468 3028 κλεῖς
3511 2970 3614 3032 τῆς
3663 2966 3814 3040 γνώ-

2164 3076 2321 3118 σεως.
2368 3054 2578 3114 Τούτου
2619 3052 2952 3117 κατακούσας
2993 3057 3091 3108 τοῦ
3138 3052 3309 3130 ῥητοῦ
3358 3053 3386 3108 ὁ
3435 3050 3655 3116 Παῦλος
3702 3050 3822 3108 ελε-

2161 3165 2242 3221 γεσ
2295 3146 2366 3200 Τὸ
2440 3143 2616 3218 στόμα
2687 3144 2847 3217 ήμῶν
2925 3142 3124 3218 ἀνέῳγε
3196 3142 3333 3216 πρὸς
3394 3141 3557 3216 ὑμᾶς,
3615 3142 3819 3216 Κορίν-

2165 3245 2296 3299 θιοι.

2231 3327 2359 3380 258.
2446 3321 2590 3398 Ἐγὼ
2679 3323 2958 3378 συντάσσω
2986 3366 3001 3390 ,
3069 3321 3160 3376 καὶ
3246 3319 3352 3396 ἐγὼ
3432 3316 3546 3396 ἔγω
3623 3319 3826 3383 αὐτούς

2163 3414 2337 3487 Ἣμᾶς
2367 3413 2480 3488 χρὴ
2530 3411 2762 3488 ἐνεργεῖν
2791 3411 2854 3466 τὸ
2884 3412 3019 3484 ἡμῖν
3055 3407 3299 3467 δυνατόν.
3331 3409 3389 3467 Ὁ
3420 3406 3479 3464 δὲ
3533 3406 3678 3486 ἄγων
3716 3411 3823 3464 αύ-

2162 3500 2288 3564 τοὺς
2319 3499 2514 3577 Κύριός
2542 3500 2676 3571 ἐστι,
2719 3500 2811 3556 καὶ
2859 3501 2888 3555 ὁ
2938 3497 3282 3554 κατατάσσων
3340 3492 3562 3553 ἕκαστον
3627 3497 3680 3554 ἓν
3739 3502 3822 3570 τῷ

2166 3595 2378 3664 σώματι
2425 3597 2526 3660 τῆς
2589 3588 2916 3662 Ἐκκλησίας
2963 3589 3100 3664 πρὸς
3147 3588 3246 3657 τήν
3307 3583 3444 3642 ἰδίαν
3496 3586 3666 3658 ἀξίαν.
3725 3585 3819 3641 Γί-

2166 3700 2357 3754 γαντες
2433 3676 2693 3754 ἔρχονται
2766 3678 3060 3753 πληρῶσαι
3127 3675 3218 3731 τὸν
3291 3674 3460 3748 θυμόν
3527 3696 3633 3748 μου
3692 3674 3827 3749 χαί-

2170 3789 2352 3843 ροντες
2385 3769 2498 3841 ἅμα
2552 3767 2641 3823 καὶ
2705 3761 3036 3842 ὑϐρίζοντες.
3081 3767 3328 3822 ἈπειΛεῖ
3356 3765 3383 3818 ὁ
3443 3762 3616 3838 λόγος
3645 3784 3828 3833 πονη-

2171 3862 2278 3932 ρῶν
2323 3878 2486 3914 τινων
2553 3856 2644 3912 καὶ
2700 3856 3010 3930 θεωμάχων
3062 3851 3357 3928 ἆπιδημίαν
3417 3852 3496 3917 εἰς
3540 3849 3824 3922 ἐκδίκησιν

2173 3943 2661 4019 ἀποστελλομένων
2721 3944 2857 4000 κατὰ
2908 3941 3017 4000 τῶν
3074 3943 3504 4018 ἡμαρτηκότων.
3536 3942 3637 3996 Διὰ
3662 3945 3831 3996 τοῦτο

2171 4035 2579 4112 προνοούμενος
2611 4038 2717 4089 τῶν
2753 4028 3108 4111 φοϐουμένων
3143 4030 3324 4103 αὐτὸν,
3366 4032 3547 4108 ἀνάγει
3583 4031 3680 4104 μὶν
3735 4029 3834 4085 αύ-

2171 4123 2298 4185 τοὺς
2327 4121 2414 4179 ίπί
2459 4124 2523 4179 τὸ
2570 4123 2829 4198 καρτερὸν
2873 4121 3008 4196 ὕψος
3053 4121 3150 4176 τοῦ
3195 4116 3378 4195 ὅρους,
3413 4118 3835 4194 ἓνασφαλίζεται

2176 4211 2234 4268 δὶ
2263 4211 2456 4275 αὐτοὺς
2485 4215 2555 4286 τῇ
2601 4211 2912 4286 ὁμαλότητι
2957 4217 3056 4280 τῆς
3106 4215 3372 4287 κορυφῆς.
3407 4206 3608 4264 Δίδωσι
3641 4205 3702 4262 δὲ
3737 4207 3838 4262 αὖ·

2172 4307 2288 4364 τοῖς
2318 4299 2688 4378 φυλακτήριον
2723 4302 2786 4356 τὸ
2835 4305 3087 4372 σημεῖον,
3149 4297 3424 4360 ὑποτιθεὶς
3481 4299 3596 4371 (43)
3643 4297 3839 4358 αὐτοῖς

2175 4393 2272 4462 τὴν
2307 4389 2396 4446 διὰ
2439 4395 2547 4446 τῶν
2577 4391 2790 4466 ἀγαθῶν
2837 4384 3009 4466 ἔργων
3069 4387 3436 4464 παρασκευὴν,
3483 4390 3829 4462 παρακαλεῖν

2174 4484 2243 4554 τῇ
2276 4480 2425 4556 χειρί
2453 4479 2578 4542 τοὺς
2613 4474 2994 4553 θλιϐομένους,
3043 4477 3272 4551 ἀνοίγειν
3331 4476 3394 4532 τὸ
3453 4476 3631 4549 στόμα
3687 4475 3836 4551 πρὸς

410 4562 818 4620 excursionem
841 4565 1144 4638 eti‘ugiant.
1166 4566 1444 4639 Gigantes
1466 4569 1623 4624 enim
1653 4573 1718 4625 ut
1747 4571 2057 4642 plurimum

2179 4566 2524 4625 διδασκαλίαν
2599 4573 2709 4624 τῶν
2778 4567 3256 4641 μαθητευομὲνων,
3307 4562 3400 4620 ’ίνα
3459 4563 3675 4640 φύγωσι
3727 4565 3836 4632 τὴν

410 4651 787 4723 accipiuntur
831 4653 888 4709 in
939 4655 1154 4711 malam
1205 4660 1427 4729 partem
1448 4658 1514 4714 ⁸³.
1550 4659 1820 4716 Fortasse
1869 4665 2057 4718 autem

2177 4656 2482 4734 ἐπιδρομὴν
2529 4662 2636 4713 τῶν
2686 4658 2968 4734 γιγάντων.
3015 4655 3265 4731 Γίγαντες
3319 4655 3443 4729 γὰρ,
3497 4655 3572 4716 ὡς
3631 4653 3721 4708 ἐπὶ
3767 4655 3841 4708 τὸ

412 4741 513 4813 qui
546 4741 639 4796 hic
685 4743 953 4815 gigantes
998 4745 1388 4817 appellantur,
1421 4763 1521 4804 eos
1552 4749 1870 4806 dilucidius
1899 4755 2070 4807 vocat

412 4829 685 4887 Psalmus
717 4833 955 4905 angelos
993 4833 1200 4906 malos,
1235 4836 1435 4894 dicens
1469 4855 1481 4893 :
1520 4839 1676 4894 Misit
1707 4841 1766 4895 in
1807 4855 1895 4897 eos
1922 4841 2069 4895 iram

411 4917 824 4991 indignationis
853 4937 990 4992 suae,
1023 4923 1496 4998 indignationem,
1522 4929 1572 4983 et
1601 4929 1768 4997 iram,
1799 4932 1853 4984 et
1881 4928 2068 4985 tribu-

482 5109 528 5146 ⁸ο
558 5109 710 5167 Psal.
743 5127 865 5181 cm,
896 5114 986 5170 28.
1063 5113 1106 5150 ⁸¹
1142 5115 1280 5172 Luc.
1312 5131 1392 5183 χι,
1421 5115 1511 5172 52.
1589 5117 1635 5152 ⁸³
1667 5117 1717 5173 ΙΙ
1747 5117 1876 5176 Cor.
1909 5132 1990 5186 vx,
2025 5119 2109 5174 11.

484 5315 568 5391 (9)
587 5315 824 5391 Codices
853 5321 994 5386 tres,
1027 5316 1419 5391 Παρακαλεῖτε,
1450 5319 1841 5378 eonsolamini.

487 5388 598 5459 (10)
627 5389 720 5466 Sic
751 5390 915 5466 Regii
967 5388 1216 5466 primus,
1251 5391 1566 5466 tertiaeet
1612 5399 1881 5466 quartus.
1916 5393 2070 5450 Editi

415 5475 574 5529 vero,
603 5459 704 5586 γὰρ
732 5460 824 5516 τὸν
840 5459 1074 5532 ’ἀσθενῆ
1112 5459 1345 5520 [tectius
1375 5463 1614 5534 quidem
1630 5459 1654 5521 ἰ
1687 5467 1788 5522 sed
1819 5467 1878 5522 in
1907 5467 2069 5524 nullo

415 5531 596 5587 veteri
627 5531 664 5586 li
712 5551 775 5590 ro
806 5535 887 5592 ita
915 5537 1204 5592 scriptum
1234 5535 1588 5592 invenimus.

983 5555 1030 5592 Pl
1039 5555 1204 5592 Dium
1234 5555 1588 5592 ιηνθῐιιωιιε.

416 5602 596 5744 mgf)
636 5602 894 5679 "tertius
941 5602 1100 5666 Colb.
1151 5611 1208 5664 et
1252 5609 1398 5680 Reg.
1448 5607 1766 5677 secundus,
1817 5609 1942 5665 ὅταν
1991 5611 2072 5680 τῷ

2175 4747 2340 4816 πολὺ,
2375 4746 2460 4802 ἰπὶ
2487 4751 2584 4802 τοῦ
2615 4746 2867 4823 χείρονός
2907 4745 3010 4800 εἰσι
3054 4742 3397 4819 τεταγμένοι.
3431 4743 3595 4817 Τάχα
3624 4739 3682 4798 δὲ
3704 4741 3845 4805 τοὺς

2177 4836 2401 4901 ἐνταῦθα
2467 4837 2724 4913 γίγαντας
2803 4835 3054 4908 ὠνόμασε
3117 4833 3438 4911 σαφὲστερον
3516 4832 3543 4885 ὁ
3606 4828 3846 4904 ψαλμὸς

2176 4925 2448 5003 ἀγγίλους
2506 4924 2810 5002 πονηροὺς,
2872 4921 3066 5000 λίγων·
3120 4919 3524 4994 Ἐξαπὲστειλεν
3581 4921 3695 4994 (44)
3753 4917 3843 4982 εἰς

2185 5117 2231 5154 ⁸³
2262 5116 2404 5174 Gen.
2437 5133 2516 5186 v1,
2550 5117 2610 5186 4;
2641 5119 2778 5188 Bap.
2808 5131 2928 5183 xxv,
2958 5115 3013 5172 6.

2245 5325 2360 5398 (12)
2385 5324 2478 5379 Sic
2513 5339 2670 5398 _mss.
2704 5318 3154 5398 omne_s.___Editi,
3203 5319 3435 5398 πρῶτοι.
3466 5313 3600 5374 Mox
3642 5318 3850 5374 nostri

2177 5387 2278 5454 sei
2308 5387 2478 5462 mss,
2509 5394 2825 5516 ιναγαγῃτε.
2859 5391 3042 5476 Editi,
3065 5387 3384 5516 ἐπανάγητε.

2248 5470 2362 5516 (13)
2389 5467 2626 5516 Veteres
2657 5485 2691 5516 ιι
2715 5469 2882 5516 munt
2911 5463 3069 5516 llbrl.
3104 5460 3240 5516 ὁποτ
3268 5471 3384 5516 θετα

2248 5470 2362 5547 (13)
2389 5460 2882 5547 Yeteres'jliquot
2908 5463 3069 5547 libri,
3104 5460 3436 5547 nupsissem:
3626 5528 3637 5547 '

2248 5530 2360 5624 (ιι)
2389 5530 2972 5624 Εάίιίεᾶβεαπῖετιιλε
3008 5530 3246 5624 aut.
3263 5530 3677 5624 regulam?
3731 5545 3857 5588 θι-

2177 5601 2518 5684 ρυήιίωιιε,
2549 5601 2682 5669 fide'
2695 5609 2966 5670 codicum
2997 5601 3394 5679 quorumdam
3424 5601 3631 5660 innixi.
