4118 6220
327 365 444 426 573

1099 367 1503 431 ΟΟΜΜΕΝΤ.
1552 370 1633 430 ΙΝ
1676 321 2499 431 ISAIAMIPROPHETAM.
2545 369 2716 430 CAP.
2763 369 2925 430 XIII.

3611 371 3730 431 574

323 496 520 559 αὐτοὺς
577 496 746 572 ὀργήν
811 502 985 572 θυμοῦ
1043 499 1228 573 αὐτοῦ,
1290 501 1461 574 θυμὸν
1520 500 1610 556 καὶ
1666 501 1832 576 ὀργὴν
1887 499 1972 556 καὶ

2091 502 2374 568 lationem,
2399 502 2759 559 immisionem
2787 519 2889 574 per
2917 502 3148 572 angelos
3175 503 3348 559 malos
3369 503 3432 557 ⁸⁸.
3466 503 3598 559 Ideo
3631 520 3736 559 au-

324 583 562 658 θλίψιν,
629 584 942 654 ἀποστολὴν
1033 583 1102 641 δι’
1188 587 1438 663 ἀγγέλων
1526 594 1820 665 πονηρῶν.
1881 588 1980 644 Διὰ

324 678 487 728 τοῦτο
521 671 577 729 δὶ
619 679 861 730 τοιοῦτοι
894 673 1131 731 διάκονοι
1179 682 1298 739 τοῖς
1358 678 1480 748 ἄξια
1527 679 1806 740 κολάσεως
1863 681 1977 752 (15)

323 763 687 832 πεποιηκόσιν
724 762 1113 835 ἐπινενόηνται,
1149 764 1366 838 ἐπείπερ
1407 767 1512 821 ἀπὸ
1558 765 1778 836 πολλῆς
1827 766 1978 840 ὠμό-

319 873 492 922 τητος
528 851 798 926 μηδεμίαν
832 850 1050 929 ἔχοντες
1082 855 1215 927 πρὸς
1244 876 1372 916 τους
1401 853 1806 929 κολαζομένους
1837 876 1979 928 συμ-

321 943 574 1009 πάθειαν,
619 939 758 1014 μηδέ
805 941 1095 1015 οίκτιρμοῦ
1145 941 1431 1020 σπλάγχνα
1481 940 1770 1000 ἀναλαϐεῖν
1816 941 1979 998 δυνά-

326 1051 487 1103 μενοι
521 1030 869 1106 ἐπιχαίρουσι
899 1037 1017 1092 τοῖς
1062 1032 1370 1108 ἀνθρώποις
1423 1033 1857 1108 μαστιζομένοις,
1889 1033 1980 1088 καὶ

321 1114 747 1188 καθυϐρίζουσιν
781 1119 1002 1193 αὐτοὺς,
1033 1121 1238 1176 οἲκείαν
1298 1121 1596 1178 ἀπόλαυσιν
1655 1121 1977 1196 ποιούμενοι

318 1208 417 1264 τὸν
446 1208 615 1264 πόνον
641 1209 733 1264 καὶ
763 1211 864 1280 τήν
892 1206 1092 1280 ὀδύνην
1124 1209 1212 1266 καὶ
1242 1212 1340 1281 τὴν
1385 1210 1565 1282 λύπην
1613 1215 1721 1268 τῶν
1785 1231 1980 1286 μαστι-

320 1317 428 1372 γου
437 1299 632 1370 μένων.

393 1389 525 1445 259.
603 1388 768 1458 Φωνὴ
859 1387 1024 1454 ἐθνῶν
1111 1385 1339 1445 πολλῶν
1424 1387 1512 1445 ἐπὶ
1587 1394 1695 1445 τῶν
1784 1389 1976 1463 όρέων,

322 1476 498 1550 ὁμοία
556 1475 718 1532 ἐθνῶν
800 1474 1048 1548 πολλῶν,
1107 1478 1262 1554 γωνή
1343 1476 1611 1554 βασιλέων
1669 1478 1761 1534 καὶ
1817 1478 1980 1532 ἐθνῶν

325 1564 706 1641 ωνηγμένων.
739 1567 895 1641 Τάχα
929 1570 1038 1621 τῶν
1087 1564 1254 1630 ἐθνῶν
1296 1571 1404 1621 τῶν
1452 1563 1679 1621 πολλῶν
1723 1569 1830 1621 τῶν
1889 1562 1978 1620 ἐπὶ

319 1659 436 1710 τῶν
496 1654 664 1729 ὀρέων
725 1656 879 1733 φωνή
939 1654 1080 1710 ἐστιν
1141 1653 1487 1726 Ἐκκλησίας.
1531 1655 1630 1709 Διά
1673 1658 1834 1710 τοῦτο
1887 1655 1974 1708 καὶ

319 1741 545 1800 πεδινὸν
579 1741 706 1819 ὅρος
737 1743 872 1812 αύτὴ
903 1744 1014 1816 (46)
1046 1741 1332 1818 ἐξελέχθη,
1359 1741 1453 1798 ’ἱνα
1483 1742 1822 1820 εὐρυχωρίαν
1870 1739 1974 1818 ἔχῃ

319 1833 461 1910 πρὸς
518 1833 618 1901 τὴν
673 1831 952 1906 συλλογὴν
1001 1837 1098 1887 τοῦ
1145 1830 1395 1903 πλήθους
1443 1838 1548 1888 τῶν
1582 1828 1974 1888 ἀναϐαινόντων

320 1921 416 1978 ἐπὶ
445 1922 510 1976 τὸ
540 1921 674 1996 ὕψος
703 1928 803 1989 τῆς
839 1922 1090 1996 γνώσεως
1121 1925 1220 1976 τοῦ
1251 1925 1406 1980 Θεοῦ.
1441 1919 1593 1978 Εἶδεν
1643 1919 1734 1976 οὖν
1791 1920 1842 1976 ἐν
1895 1925 1974 1992 τῷ

320 2009 442 2085 ὄρει
484 2015 565 2083 τῷ
607 2008 811 2082 πεδινῷ
871 2009 1015 2066 πολὺ
1067 2011 1131 2065 τὸ
1169 2009 1382 2080 πλῆθος
1414 2008 1766 2086 πολλαχόθεν
1798 2030 1971 2065 συνει-

325 2097 632 2175 λεγμένων,
663 2099 750 2154 καὶ
812 2101 998 2175 φωνην
1062 2099 1190 2172 μίαν
1237 2099 1502 2178 ἀφιέντων
1555 2107 1657 2170 τῆς
1714 2100 1969 2161 πίστεως.

321 2187 427 2242 Καί
456 2209 588 2265 φησι
617 2189 678 2242 τὸ
710 2189 932 2262 Πνεῦμα
958 2188 1021 2242 τὸ
1052 2187 1206 2262 ἅγιον
1241 2185 1332 2242 διὰ
1376 2193 1474 2244 τοῦ
1504 2190 1810 2267 προφήτου·
1845 2193 1972 2242 Φω-

317 2278 387 2346 νή
451 2275 616 2331 ἐθνῶν
675 2274 902 2332 πολλῶν
959 2275 1048 2331 ἐπὶ
1101 2281 1211 2331 τῶν
1259 2275 1447 2353 ὀρέων,
1479 2275 1562 2352 ἐφ’
1618 2279 1692 2333 ὧν
1733 2274 1879 2353 ἤρθη
1908 2275 1972 2331 τὸ

316 2371 578 2438 σημεῖον,
629 2365 830 2438 Ὁμοία
887 2365 1053 2430 ἐθνῶν
1113 2363 1365 2424 πολλῶν.
1417 2366 1515 2420 Καὶ
1571 2366 1666 2440 μία
1735 2366 1874 2422 ἐστὶν
1933 2367 1968 2435 ἡ

316 2456 505 2532 φωνὴ,
535 2452 626 2509 καί
657 2453 800 2510 ἔοικε
830 2459 1037 2532 φωναῖς
1064 2453 1307 2518 πολλαῖς
1363 2453 1549 2512 ἐθνῶν.
1583 2455 1694 2513 Μία
1729 2455 1844 2529 μὶν,
1874 2475 1970 2509 κα-

312 2545 385 2600 τὰ
412 2545 516 2613 τὴν
546 2543 862 2622 συμφωνίαν
918 2551 1019 2613 τῆς
1065 2544 1315 2609 πίστεως·
1358 2542 1596 2608 πολλαῖς
1651 2542 1709 2600 δὲ
1766 2550 1972 2622 φωναῖς

316 2631 466 2688 ἔοικε
517 2629 606 2686 διὰ
655 2633 716 2687 τὸ
759 2635 1077 2710 μερισθῆναι
1125 2632 1400 2707 γλώσσαις
1445 2635 1558 2706 (17)
1604 2634 1776 2710 πυρὸς
1827 2634 1973 2708 παρὰ

313 2721 418 2778 τοῦ
448 2720 608 2796 ἁγίου
639 2720 949 2794 Πνεύματος
981 2721 1062 2801 ἐφ’
1091 2719 1314 2778 ἕκαστον
1339 2727 1447 2778 τῶν
1492 2722 1813 2779 ἀποστόλων
1860 2728 1968 2778 τῶν

319 2810 648 2884 μελλόντων
680 2816 798 2874 τοῖς
830 2809 882 2866 ἐν
931 2810 1000 2886 τῇ
1047 2811 1341 2886 οῗκουμένῃ
1387 2806 1584 2877 ἔθνεσιν
1645 2813 1972 2889 ἐπισπείρειν

310 2901 378 2956 τὸ
452 2899 812 2976 Εύαγγέλιον.
872 2901 1039 2970 Φωνή
1099 2901 1388 2977 βασιλέων,
1445 2901 1597 2980 φησὶ,
1653 2902 1744 2956 καὶ
1802 2903 1966 2967 ἐθνῶν

317 2989 702 3065 συνηγμένων.
759 2987 914 3066 Τάχα
971 2986 1054 3044 δεῖ
1105 2989 1172 3044 τὰ
1232 2989 1324 3063 μὶν
1379 2986 1503 3061 ἔθνη
1563 2994 1754 3056 νοῆσαι
1820 2993 1968 3064 ἡμᾶς

311 3077 446 3142 τοὺς
507 3079 844 3155 πανταχόθεν
901 3075 1304 3156 συνδραμόντας
1359 3078 1444 3134 ἐπὶ
1475 3081 1576 3150 τὴν
1611 3079 1830 3150 κλῆσιν·
1871 3081 1966 3154 βα-

313 3169 494 3232 σιλεῖς
541 3167 620 3239 δὲ,
649 3170 776 3235 τοὺς
815 3167 1104 3234 ἐκλεκτοὺς
1164 3171 1215 3226 ἐν
1273 3175 1342 3246 τῇ
1382 3169 1699 3243 Ἐκκλησία,
1732 3170 1826 3235 οὓς
1876 3171 1968 3226 καὶ

2091 600 2204 647 tem
2237 591 2560 664 plectendis
2591 592 2684 660 iis,
2719 607 2967 662 quorum
3000 592 3260 647 actiones
3310 591 3496 662 poenis
3545 593 3734 663 dignae

2089 685 2248 748 sunt,
2282 679 2538 737 ministri
2568 680 2859 751 ejusmodi
2891 680 3169 736 destinati
3201 681 3379 747 fuere,
3415 680 3568 753 quod
3602 697 3732 735 cum

2088 785 2290 825 eorum
2351 771 2454 842 qui
2505 774 2872 840 torquentur,
2925 768 3084 824 nullo
3133 770 3306 825 modo
3360 769 3738 824 commisere-

2089 863 2274 928 scant,
2318 875 2422 914 nec
2481 857 2898 914 misericordiae
2943 859 3164 914 viscera
3221 859 3465 914 induere
3495 862 3735 928 queant,

2088 945 2379 1002 insultant
2412 945 2750 1002 hominibus
2781 947 2881 1018 qui
2914 946 3262 1018 puniuntur,
3294 963 3512 1018 eosque
3541 946 3736 1002 convi-

2089 1035 2605 1106 ciis'insectantur,
2637 1041 2693 1092 et
2723 1036 2782 1091 in
2829 1052 3030 1091 eorum
3074 1036 3175 1107 qui
3226 1035 3563 1108 plectuntur
3591 1052 3738 1106 sup-

2088 1123 2282 1196 plicio,
2316 1125 2516 1181 dolore
2545 1129 2604 1182 et
2640 1125 2912 1182 molestia
2959 1142 3125 1181 suam
3176 1126 3440 1197 ipsorum
3471 1125 3739 1197 volupta-

2088 1217 2206 1269 tem
2238 1218 2550 1286 reponunt.

2157 1391 2284 1449 259.
2318 1392 2514 1464 (Vens.
2547 1395 2620 1461 4.)
2657 1397 2781 1450 Vox
2819 1395 3066 1464 gentium
3104 1393 3410 1448 multarum
3438 1393 3498 1447 in
3526 1391 3734 1446 monti-

2089 1479 2206 1550 bus,
2245 1483 2448 1537 similis
2493 1483 2740 1554 gentium
2785 1482 3116 1550 multarum,
3149 1498 3258 1538 vos:
3300 1497 3490 1550 regum
3520 1489 3572 1536 et
3597 1496 3730 1549 gen-

2089 1571 2229 1625 tium
2256 1575 2734 1642 congregatarum.
2767 1572 2936 1628 Forte
2967 1572 3088 1626 haec
3117 1571 3376 1641 gentium
3411 1568 3732 1624 multarum

2085 1675 2193 1714 vox
2233 1676 2410 1732 super
2459 1666 2681 1716 montes
2733 1661 2938 1728 eﬂ'usa,
2970 1676 3080 1715 vox
3127 1663 3216 1715 est
3262 1657 3548 1713 Ecclesiae.
3581 1657 3734 1720 Qua-

2087 1752 2322 1820 propter
2352 1750 2480 1822 ipsa
2513 1748 2698 1805 electa
2727 1754 2816 1805 est
2846 1766 2950 1805 ceu
2992 1765 3162 1805 mons
3192 1745 3555 1817 campestris,
3589 1749 3653 1798 ut
3682 1743 3736 1799 ei

2088 1838 2160 1892 ad
2192 1836 2576 1909 colligendam
2611 1838 3050 1894 multitudinem
3083 1853 3278 1892 eorum
3313 1835 3412 1907 qui
3443 1835 3516 1890 ad
3547 1832 3736 1889 subli-

2083 1926 2348 1982 mitatem
2372 1928 2723 1999 cognitionis
2745 1927 2844 1982 Dei
2871 1927 3218 1990 ascendunt,
3243 1928 3398 1980 esset
3426 1923 3591 1979 locus
3613 1937 3735 1977 am-

2082 2015 2408 2086 plissimus.
2434 2017 2635 2088 Itaque
2665 2015 3104 2071 multitudinem
3132 2029 3404 2086 magnam
3436 2013 3493 2066 in
3528 2014 3730 2066 monte

2080 2104 2394 2176 campestri
2433 2105 2596 2175 vidit,
2629 2121 2830 2160 eorum
2861 2103 3149 2173 videlicet,
3181 2102 3282 2174 qui
3327 2101 3588 2172 undique
3619 2115 3723 2172 ag-

2078 2196 2416 2265 gregantur,
2452 2210 2748 2265 unamque
2790 2193 2924 2249 ﬁdei
2958 2208 3155 2248 vocem
3204 2191 3501 2247 emittunt.
3535 2194 3724 2259 Atque

2080 2280 2222 2336 dicit
2239 2281 2494 2354 Spiritus
2525 2288 2765 2338 sanctus
2797 2299 2898 2354 per
2926 2281 3306 2354 prOpbetam:
3336 2279 3448 2335 Vox
3473 2279 3726 2348 gentium

2079 2371 2387 2426 multarum
2415 2387 2578 2443 super
2603 2375 2829 2442 montes,
2855 2387 3034 2442 super
3063 2387 3210 2442 quos
3239 2371 3499 2424 erectum
3527 2369 3617 2423 est
3647 2366 3725 2422 si-

2079 2475 2284 2532 gnum.
2319 2460 2532 2516 Similis
2577 2462 2824 2532 gentium
2871 2461 3196 2516 multarum.
3234 2459 3302 2514 Et
3330 2473 3437 2513 vox
3468 2474 3583 2511 una
3613 2461 3721 2525 est,

2080 2551 2136 2604 et
2166 2553 2359 2604 tamen
2391 2548 2604 2605 similis
2641 2554 2732 2604 est
2773 2548 2976 2604 multis
3006 2547 3271 2620 gentium
3303 2545 3564 2602 vocibus.
3596 2543 3724 2599 Una

2079 2637 2318 2709 quidem
2344 2655 2447 2710 per
2466 2638 2599 2694 ﬁdei
2625 2639 3071 2694 consensionem
3097 2655 3109 2692 :
3134 2638 3235 2692 sed
3261 2641 3452 2692 tamen
3475 2634 3720 2689 vocibus

2080 2727 2282 2782 multis
2315 2727 2640 2784 consimilis
2684 2733 2796 2798 est,
2827 2729 2983 2799 quod
3031 2725 3270 2782 cuilibet
3320 2725 3716 2796 apostolorum

2079 2817 2180 2888 qui
2209 2816 2590 2888 Evangelium
2624 2817 2682 2872 in
2713 2821 2916 2888 gentes
2961 2815 3142 2871 totius
3189 2813 3348 2869 orbis
3395 2810 3719 2884 dispersuri

2077 2910 2265 2971 erant,
2297 2922 2332 2961 a
2359 2905 2578 2977 Spiritu
2612 2910 2814 2961 sancto
2840 2903 2899 2959 in
2930 2904 3118 2976 igneis
3157 2901 3376 2974 linguis
3406 2899 3722 2956 distributa

2077 2994 2154 3050 sit
2173 2995 2237 3050 ⁸⁵.
2275 2995 2384 3050 Vox
2410 3011 2618 3066 regum,
2642 2992 2852 3065 inquit,
2885 3001 2936 3049 et
2963 2993 3210 3064 gentium
3237 2995 3718 3061 congregatarum.

2078 3084 2246 3140 Forte
2277 3100 2380 3156 per
2417 3088 2621 3157 gentes
2651 3083 2888 3156 quidem
2921 3097 3022 3138 eos
3051 3081 3151 3152 qui
3194 3078 3494 3135 undelibet
3523 3079 3594 3133 ad
3625 3095 3722 3132 vo-

2079 3173 2367 3229 cationem
2399 3177 2779 3238 concurrunt,
2801 3189 2836 3227 a
2861 3169 3028 3227 nobis
3053 3173 3280 3242 oportet
3307 3166 3552 3239 intelligi
3580 3185 3592 3222 :
3621 3182 3726 3238 per

317 3259 478 3322 υἱοὺς
518 3258 794 3335 βασιλείας
827 3259 1106 3334 ὠνόμασεν
1140 3262 1168 3316 ὁ
1197 3260 1424 3334 Κύριος.
1455 3263 1523 3318 Ἢ
1551 3261 1698 3337 τάχα
1723 3261 1786 3316 τὸ
1817 3258 1968 3330 πλῆ-

2085 3278 2246 3334 reges
2279 3278 2412 3318 vero
2441 3278 2541 3318 eos
2565 3262 2666 3334 qui
2697 3265 2836 3317 sunt
2877 3260 2938 3314 in
2986 3257 3244 3315 Ecclesia
3270 3255 3460 3326 electi,
3493 3271 3642 3326 quos
3667 3258 3726 3310 et

314 3350 411 3410 θος
481 3346 725 3426 ἐμφαίνει
775 3354 886 3406 τῶν
941 3349 1228 3426 γιγάντων,
1288 3348 1371 3404 δτι
1431 3351 1583 3426 φωνή
1645 3348 1754 3405 ἐστι
1830 3348 1973 3406 πολ-

316 3437 435 3494 λῶν
498 3435 666 3501 ἐθνῶν
705 3483 720 3508 ,
777 3440 867 3493 καὶ
945 3440 1099 3516 φωνή
1186 3437 1453 3514 βασιλέων
1488 3483 1502 3496 .
1561 3439 1659 3493 Διὰ
1734 3439 1836 3514 γὰρ
1909 3438 1971 3492 τὸ

317 3527 624 3603 χαίροντας
680 3525 874 3590 αὐτοὺς
932 3525 1023 3582 καί
1084 3522 1403 3603 ὑϐρίζοντος
1456 3527 1669 3603 τρέχειν
1730 3525 1817 3582 ἐπὶ
1871 3529 1972 3596 τήν

317 3614 677 3691 ἐκπλήρωσιν
733 3620 832 3670 τοῦ
887 3618 1063 3690 θυμοῦ
1117 3615 1338 3692 Κυρίου,
1367 3614 1683 3691 τεταγμένοι
1743 3615 1819 3678 εἷς
1867 3617 1967 3685 τὴν

314 3701 623 3776 διακονίαν,
661 3709 954 3777 μιμοῦνται
993 3703 1222 3762 πολλῶν
1267 3704 1429 3761 ἐθνῶν
1462 3705 1628 3781 ἦχον,
1659 3704 1748 3760 καὶ
1811 3705 1970 3780 βασι-

313 3791 460 3848 λέων
515 3796 679 3847 τινῶν
731 3792 1053 3868 ἐπηρμένων
1083 3795 1196 3869 (48)
1223 3798 1305 3867 τῷ
1356 3796 1684 3872 φρννήματι,
1712 3793 1968 3867 ἀγνοοῦν-

308 3901 399 3944 τες
458 3881 546 3936 ὅτι
603 3882 869 3955 ὁπηρέται
923 3881 1208 3948 κολάσεώς
1281 3881 1429 3953 εἲσι,
1490 3881 1802 3958 βασανισταὶ
1857 3887 1964 3938 τῶν

313 3969 742 4046 ἁμαρτανόντων
777 3990 790 4004 ο
852 3970 984 4047 ούχὶ
1044 3968 1101 4028 δὶ
1156 3969 1336 4044 οἰκείᾳ
1393 3970 1652 4044 ἐξουσίᾳ,
1709 3967 1834 4026 οὐδὲ
1885 3975 1966 4043 τῷ

311 4059 584 4136 προσόντι
667 4058 850 4122 αὐτοῖς
943 4060 1209 4135 ἀξιώματι
1286 4065 1454 4116 ταῦτα
1520 4059 1780 4136 ἐπάγουσι
1849 4065 1967 4124 τοῖς

313 4147 511 4219 ἀξίοις.

384 4239 516 4294 260.
579 4237 781 4312 Κύριος
843 4231 1074 4302 Σαϐαὼθ
1132 4235 1440 4294 ἐντέταλται
1497 4233 1634 4302 ἔθνει
1710 4237 1962 4310 ὁπλομά-

314 4346 425 4402 χφ,
489 4323 745 4400 ἔρχεσθαι
805 4325 866 4381 ἐκ
917 4333 1018 4402 γῆς
1077 4325 1380 4402 πόρῥωθεν,
1437 4327 1527 4381 ἀπ’
1577 4324 1744 4401 ἄκρου
1802 4338 1962 4400 θεμε-

2081 3351 2244 3424 regni
2277 3351 2429 3407 ﬁlios
2460 3351 2783 3424 nominavit
2810 3348 3175 3405 Dominus“.
3200 3351 3318 3401 Aut
3347 3343 3500 3401 forte
3520 3343 3725 3416 gigan-

2079 3440 2229 3495 tium
2260 3439 2482 3496 indicat
2505 3439 2964 3507 multitudinem,
2989 3437 3145 3509 quod
3166 3453 3274 3491 vox
3297 3433 3373 3491 sit
3401 3431 3722 3488 multarum

2079 3530 2366 3601 gentium,
2398 3534 2456 3585 et
2489 3546 2598 3586 vox
2639 3544 2862 3599 regum.
2895 3527 3042 3583 Nam
3074 3525 3354 3597 quoniam
3401 3522 3723 3596 gaudentes

2080 3623 2137 3674 et
2155 3619 2549 3674 conviciantes
2569 3622 2812 3674 currunt
2830 3617 2902 3672 ad
2924 3615 3001 3670 im
3010 3615 3288 3687 piendum
3310 3611 3544 3669 Domini
3567 3611 3724 3665 furo-

2079 3723 2223 3777 rem,
2251 3711 2449 3779 utpote
2478 3706 2751 3762 destinati
2783 3707 2854 3760 ad
2887 3703 3304 3768 ministerium,
3335 3700 3553 3756 idcirco
3583 3715 3726 3771 gen-

2076 3795 2225 3850 tium
2259 3795 2651 3867 plurimarum
2674 3800 2730 3849 et
2750 3809 2953 3865 regum
2977 3791 3367 3864 quorumdam
3394 3793 3589 3844 mente
3617 3786 3728 3842 ela-

2076 3886 2268 3939 torum
2291 3899 2504 3939 sonum
2524 3882 2864 3949 imitantur;
2899 3896 3240 3953 quanquam
3261 3892 3391 3933 esse
3413 3891 3475 3931 se
3497 3873 3726 3946 suppli-

2075 3971 2148 4027 cii
2179 3971 2484 4028 ministros
2506 3987 2573 4027 ac
2603 3975 2975 4042 peccatorum
2995 3973 3244 4024 tortores
3273 3965 3570 4037 ignorent;
3605 3978 3723 4017 non

2073 4059 2231 4115 enim
2261 4060 2462 4116 isthaac
2490 4059 2854 4115 merentibus
2891 4057 3151 4129 irrogsnt
3178 4071 3288 4110 sua
3318 4053 3580 4124 ipsorum
3614 4067 3722 4106 au-

2073 4149 2363 4218 otoritate,
2397 4151 2498 4204 aut
2527 4147 2813 4219 dignitate
2842 4145 3119 4218 quapiam
3152 4143 3264 4200 sibi
3299 4144 3664 4212 suppetente.

2140 4239 2267 4293 260.
2295 4237 2490 4310 (Vens.
2533 4237 2616 4308 5.)
2654 4237 2914 4291 Dominus
2963 4233 3211 4290 Sabaoth
3258 4231 3526 4304 praecepit
3573 4229 3726 4298 genti

2073 4328 2362 4398 bellicosa,
2412 4330 2473 4382 ut
2517 4327 2734 4382 veniret
2779 4323 2846 4380 de
2889 4328 3037 4380 terra
3085 4323 3408 4394 longinqua,
3438 4337 3472 4374 a
3511 4331 3723 4374 summo

311 4413 441 4469 λίου
500 4419 601 4469 τοῦ
675 4414 903 4491 ούρανοῦ
974 4415 1172 4491 Κύριος
1225 4415 1315 4470 καὶ
1373 4416 1426 4471 οἱ
1485 4414 1806 4491 ὁπλομάχοι
1863 4414 1961 4470 αύ-

2085 4417 2432 4473 Γιυιάιιηιινηιο
2479 4416 2602 4471 cazli
2648 4415 2911 4470 Dominus
2956 4417 3006 4468 et
3055 4413 3343 4468 bellatores
3396 4410 3535 4478 eius,
3567 4409 3717 4464 577

307 4508 407 4558 τοῦ
441 4545 458 4572 ,
519 4505 868 4582 καταφθεῖραι
933 4509 1105 4560 πᾶσαν
1183 4505 1281 4574 τὴν
1359 4503 1705 4579 οἰκουμένην.
1766 4503 1962 4582 Κύριος

2085 4505 2142 4560 1d
2185 4504 2525 4577 perdendum
2581 4508 2756 4560 totum
2811 4502 3023 4557 orbem.
3057 4501 3321 4556 Dominus
3375 4499 3722 4555 exercituum

313 4587 552 4648 Σαϐαὼθ
612 4589 916 4648 ἐντέταλται
966 4587 1104 4649 ἔθνει
1165 4593 1502 4671 ὁπλομάχῳ.
1561 4595 1651 4663 Μὴ
1711 4588 1963 4673 φοϐηθῇς

2085 4595 2323 4666 ννωεθρὶι
2369 4593 2522 4664 genti
2565 4593 2853 4649 bellicosas.
2891 4591 3296 4647 Percussorem
3328 4603 3400 4643 ne
3428 4585 3720 4656 timueris,

314 4681 405 4736 τὸν
439 4681 736 4755 τύπτοντα,
779 4680 924 4738 ἀλλὰ
977 4679 1280 4756 παρακάλει
1311 4684 1400 4739 τὸν
1460 4682 1833 4740 ἐπιτάσσοντα.
1867 4691 1962 4738 Δι-

2085 4683 2174 4741 sed
2207 4683 2450 4740 obsecra
2491 4681 2942 4754 praecipientem.
2978 4678 3337 4735 Erudiantur
3378 4675 3721 4741 idololatria,

314 4767 695 4836 δασκέσθωσαν
750 4771 803 4825 οὶ
864 4765 1290 4846 είδολωλάτραι,
1349 4773 1401 4828 οἱ
1459 4770 1710 4846 λέγοντες
1777 4772 1961 4834 θυσίας

2085 4772 2176 4845 qui
2209 4773 2508 4828 afﬁrmant
2533 4771 2738 4828 oﬁerre
2767 4785 2829 4826 se
2851 4767 3214 4827 damonibus
3247 4765 3526 4837 malignis
3546 4763 3724 4821 sacri-

311 4860 610 4936 προσάγειν
661 4861 776 4934 (19)
834 4857 1055 4933 δαίμοσι
1113 4865 1380 4935 πονηροῖς
1415 4905 1430 4932 ,
1489 4860 1964 4935 ἐκμειλισσόμενοι

2085 4861 2229 4930 ﬁcia,
2264 4866 2331 4918 ut
2367 4877 2568 4918 eorum
2614 4859 2887 4932 mitigent
2915 4875 2980 4914 ao
3011 4855 3381 4915 demulceant
3411 4853 3722 4910 malitiam.

378 4988 426 5024 “
456 4987 615 5045 Psal.
649 5003 862 5057 Lxxvn,
894 4987 984 5044 49.
1059 4987 1104 5023 ⁸⁸
1133 4991 1264 5044 Act.
1295 5005 1359 5058 ιι,
1389 4989 1445 5045 3.
1519 4990 1564 5026 ⁸⁸
1592 4990 1798 5048 Matth.
1827 5007 1952 5060 xm,
1981 4989 2072 5046 38.

2068 5135 2215 5195 ause.
2271 5121 2495 5180 Ibidem
2552 5138 2695 5180 mss.
2749 5137 2979 5190 omnes,
3034 5115 3181 5196 παρὰ
3233 5119 3353 5176 τοῦ.
3413 5113 3586 5188 Editi,
3626 5107 3716 5168 διὰ

376 5122 498 5267 ξίὸἒ
523 5120 767 5203 Codices
799 5119 1091 5189 nonnulli,
1124 5118 1243 5190 ἄξια
1272 5125 1382 5178 τῶν
1411 5123 1712 5180 κολάσεων.
2068 5138 2160 5195 συί

408 5197 477 5251 16
530 5194 684 5250 Εειίιι
716 5197 774 5249 et
803 5195 1126 5267 tr_es_mss.,
1149 5193 1307 5267 αὐτῇ,
1338 5212 1494 5252 mons
1522 5197 1576 5252 ei
1602 5197 1832 5252 selectae
1859 5200 1960 5252 est.
2065 5196 2160 5267 τοῦ

2065 5214 2185 5248 του.

408 5193 498 5267 16)
530 5194 684 5250 Editi
716 5197 774 5249 et
803 5195 1126 5267 tr_es_mss.,
1149 5193 1307 5267 αὐτῇ,
1338 5212 1494 5252 mons
1522 5197 1576 5252 ei
1602 5197 1832 5252 selectae
1859 5200 1960 5252 est.

308 5261 579 5338 Aliitres
607 5282 775 5336 mss.,
806 5261 963 5334 αὐτή,
984 5280 1050 5320 ea
1070 5261 1378 5338 qeleota'est.
1394 5267 1627 5324 Monere
1648 5268 1836 5338 juvat,
1855 5267 1957 5324 ubi

309 5337 484 5412 paulo
516 5343 650 5412 post
679 5342 949 5412 corrupte
976 5342 1045 5412 et
1065 5336 1124 5392 in
1157 5338 1331 5394 editis
1355 5343 1412 5412 et
1446 5339 1506 5394 in
1539 5336 1683 5412 mss.
1725 5338 1956 5412 legitur,

307 5407 741 5494 συνειλεγμένοις,
791 5407 904 5481 logi
959 5409 1190 5494 debere,
1243 5407 1686 5494 συνειλεγμένων·
1721 5407 1811 5468 αι’
1834 5407 1957 5468 Ι]ωο

304 5499 412 5541 vox
439 5479 572 5540 voci
595 5479 874 5555 ἀφάντων
893 5482 1247 5555 respondere
1276 5479 1505 5555 possit?
1678 5496 1687 5503 '

339 5502 412 5541 0x
439 5502 568 5540 voci
595 5502 629 5536 α
676 5502 860 5535 ιεντων
893 5502 1247 5552 respondere
1276 5502 1481 5555 possit.
1679 5502 1682 5503 ν

338 5627 348 5638 .
371 5556 487 5628 (17)
517 5555 614 5613 Sic
632 5502 809 5638 ἳζερἰ
839 5551 1090 5636 primus,
1103 5556 1317 5638 tertius
1338 5559 1396 5613 et
1423 5557 1670 5638 quartus
1697 5552 1951 5638 statim;

2139 5265 2184 5334 (4
2197 5265 2251 5336 8)
2277 5269 2534 5336 Uterque
2562 5264 2744 5335 Colb.,
2779 5259 3099 5336 ἐπηρμένοι,
3119 5270 3298 5319 mente
3319 5261 3481 5320 elati.
3504 5256 3711 5313 Statim

2067 5335 2636 5412 (δοόίίιξθεᾳιιοιὶιιιιηὶ,Δ
2652 5335 2924 5412 ὑπηρέται
2950 5335 3252 5412 κολάσεων.
3635 5399 3658 5411 _

2136 5409 2250 5482 (19)
2297 5407 2536 5482 Veteres
2587 5405 2812 5482 aliquot
2868 5409 3024 5476 libri,
3053 5405 3264 5482 Duaiav
3322 5405 3707 5482 προσαγαγεῖν.

2062 5478 2176 5536 Nec
2203 5470 2285 5536 ita
2316 5481 2500 5554 multo
2526 5487 2659 5554 post
2674 5470 2833 5554 Colb.
2846 5470 3144 5554 secundus
3166 5491 3343 5533 manu
3364 5470 3705 5554 recentiore,

2061 5535 3020 5628 «ponstavgatvov‘nois‘i;Subinde
3051 5551 3166 5606 duo
3199 5564 3367 5614 mss.,
3396 5544 3474 5613 τῷ
3504 5535 3707 5595 ἐνδιδοὲ

307 5622 506 5700 sicque
535 5625 695 5700 apud
725 5622 1082 5700 Procopium
1102 5624 1340 5700 legitur,
1369 5622 1507 5700 pag.
1531 5626 1658 5700 204.
1688 5623 1805 5681 Alii
1834 5622 1954 5700 tres
2065 5622 2232 5696 μένῳ.

302 5695 472 5771 nisi,
519 5695 800 5772 γλώσσας,
834 5695 982 5769 quod
1021 5695 1329 5771 dispertita
1369 5695 1558 5758 hient
1600 5697 1780 5770 ignee
1837 5695 1954 5753 lin-
