4118 6220
267 390 381 451 581

1037 349 1446 445 COMMENT.
1491 385 1572 445 lN
1613 385 1883 447 ISAIAM
1930 385 2431 448 PROPHE’I‘AM.
2478 387 2649 448 CAP.
2697 389 2866 450 XIII.

3557 397 3676 459 582

263 523 359 579 τὸν
389 518 478 576 ἐπὶ
525 519 740 574 πάντῶν
794 516 923 573 Θεὸν
980 535 1142 586 κεκτη
1155 515 1335 590 μένος.
1413 521 1485 578 Ως
1529 516 1634 591 γὰρ
1683 516 1912 593 εὐγενεῖς

2031 523 2130 589 est,
2165 519 2264 591 qui
2294 536 2363 575 ex
2409 519 2596 576 Patris
2643 521 2895 577 essentia
2945 539 3113 580 suam
3163 523 3341 582 habet
3386 528 3678 585 substan-

267 612 498 686 λέγομεν
529 605 658 669 τοὺς
690 607 794 661 ἀπὸ
825 601 1054 679 α’ίματος
1087 603 1398 680 βασιλικοῦ,
1431 603 1608 666 οὕτως
1636 604 1916 676 ἀληθινῶς

265 699 515 775 εύγενὴς,
559 699 586 752 6
634 695 695 750 ἐκ
738 703 838 764 τῆς
889 693 1072 756 οὐσίας
1127 694 1223 748 τοῦ
1278 694 1489 768 Πατρὸς
1539 694 1639 762 τήν
1693 692 1913 770 ὕπαρξιν

263 787 436 865 ἔχων.
465 784 564 842 Καὶ
598 785 627 840 6
655 785 790 840 κατά
838 784 929 838 τὸν
990 789 1229 858 Σωτῆρπ
1277 784 1389 855 (39)
1438 779 1719 856 ἄνθρῶπος
1769 783 1916 857 εὖγε-

262 878 364 946 νής
393 874 453 930 ἃν
482 873 724 950 λέγοιτο.
757 874 830 927 Οὑ
863 871 1028 946 μόνον
1059 873 1161 947 γὰρ
1204 871 1338 926 κατᾶ
1366 872 1466 940 τὴν
1497 872 1726 942 θεότητα
1753 872 1918 926 νοού-

267 987 433 1039 μενος
481 967 510 1020 ὁ
555 963 752 1039 Κύριος
805 959 1045 1038 εὐγενὴς,
1101 961 1163 1016 τὸ
1219 959 1452 1035 καθαρὸν
1506 959 1596 1015 καὶ
1627 959 1915 1036 εῗλικρινὲς

259 1055 354 1110 καὶ
405 1054 604 1129 ἀμιγὲς
649 1055 718 1126 τῇ
778 1049 927 1126 φύσει
987 1048 1041 1105 ἐν
1097 1051 1272 1122 ἑαυτῷ
1337 1050 1709 1123 κεκτημένος’
1771 1047 1918 1105 ἀλλὰ

260 1145 353 1200 καὶ
391 1143 530 1199 κατὰ
568 1142 631 1197 τὸ
683 1139 1021 1214 ἀνθρώπινον
1079 1140 1320 1209 πάντως,
1366 1139 1518 1214 γένος
1549 1138 1608 1193 ἐκ
1672 1139 1916 1212 σπερμα-

261 1253 358 1296 τος
409 1226 576 1286 Δαϐιδ
629 1229 764 1285 κατᾶ
820 1231 1010 1305 σάρκα.
1085 1227 1376 1303 Πορεύεται
1435 1225 1526 1282 οῦν
1595 1226 1671 1290 είς
1725 1229 1914 1303 χώραν

267 1321 506 1396 μακρὰν,
567 1319 630 1375 οὐ
687 1322 944 1374 τοσοῦτον
999 1321 1079 1391 τῷ
1124 1318 1277 1390 τόπῳ
1335 1314 1648 1388 διεστῶσαν,
1690 1314 1817 1372 ὅσον
1845 1321 1914 1391 τῇ

262 1406 587 1465 καταστάσει
629 1411 737 1462 τῶν
790 1405 1146 1483 πραγμάτων.
1196 1405 1295 1460 Καὶ
1355 1406 1457 1480 γὰρ
1517 1406 1545 1460 6
1596 1404 1755 1467 αύτὸς
1784 1404 1916 1468 Θεὸς

259 1497 355 1553 καί
384 1496 550 1572 ἐγγύς
592 1496 730 1551 ἐστιν
777 1495 982 1568 ἑκάστῳ
1029 1497 1210 1568 ἡμῶν,
1263 1496 1391 1549 ὅταν
1439 1495 1495 1549 αἱ
1539 1493 1734 1569 ἀγαθαὶ
1772 1495 1915 1571 πρά-

259 1589 372 1660 ξεις
402 1586 503 1654 τήν
535 1587 671 1662 πρὸς
715 1585 877 1640 αὐτὸν
939 1583 1214 1638 οἰκείωσιν
1269 1585 1406 1656 ἡμῖν
1460 1583 1780 1659 προξενωσι·
1821 1584 1912 1638 καὶ

263 1674 477 1750 μακρὰν
508 1674 733 1750 γίνεται,
775 1671 899 1728 ὅταν
953 1674 1119 1746 ἡμεῖς
1178 1670 1398 1736 ἑαυτοὺς
1441 1668 1530 1726 διὰ
1574 1672 1636 1726 τὸ
1681 1692 1905 1747 προσεγ-

255 1764 432 1840 γίζειν
475 1767 545 1838 τῇ
591 1760 839 1834 ἀπωλείᾳ
898 1761 1256 1837 μακρύνωμεν
1307 1762 1395 1816 ἀπ’
1443 1760 1627 1817 αὐτοῦ.
1682 1761 1910 1823 Οὗτοςὸ

260 1851 510 1927 εὐγενὴς,
570 1849 897 1924 θεασάμενος
953 1850 1045 1904 τὸν
1090 1846 1295 1923 κόσμον
1348 1849 1451 1904 ὑπὸ
1498 1856 1599 1919 τῆς
1645 1851 1912 1925 ἁμαρτίας

264 1940 718 2016 βασιλευόμενον,
751 1939 840 1995 καὶ
886 1943 955 2013 τῇ
1011 1942 1179 2012 πικρᾷ
1233 1936 1502 2013 τυραννίδι
1557 1943 1652 1992 τοῦ
1709 1937 1912 2014 ἐχθροῦ

260 2030 647 2103 ὑποκείμενον,
700 2028 927 2100 ἐλεήσας
983 2029 1081 2098 τὴν
1127 2027 1410 2103 ἀναρχίαν,
1467 2025 1780 2099 κατεδέξατο
1818 2027 1911 2082 αύ-

255 2124 374 2175 τῶν
435 2121 772 2196 βασιλεῦσαι.
834 2122 925 2172 Δεῖ
972 2117 1074 2193 γὰρ
1133 2115 1292 2171 αύτὸν
1348 2115 1692 2192 βασιλεύειν,
1749 2114 1912 2192 ἄχρις

258 2209 325 2264 οὗ
383 2206 449 2263 ἃν
499 2211 611 2282 (40)
665 2209 732 2281 θῇ
787 2205 914 2268 τοὺς
970 2204 1203 2281 ἐχθροὺς
1257 2205 1421 2261 αὐτοῦ
1483 2207 1584 2261 ὑπὸ
1640 2206 1766 2268 τοὺς
1821 2206 1915 2261 πό-

257 2295 357 2362 δας
385 2296 571 2353 αύτοῦ.
607 2295 755 2352 Ἐπεὶ
806 2293 896 2350 οὖν
938 2292 1108 2364 ἦλθεν
1163 2294 1237 2355 εἰς
1292 2295 1383 2349 τὸν
1426 2294 1698 2370 περίγειον
1747 2282 1914 2350 τόπον

251 2390 478 2455 τοῦτον,
509 2386 608 2454 τήν
641 2383 826 2460 χώραν
857 2385 956 2453 τήν
993 2383 1200 2457 μακρὰν
1243 2381 1403 2438 οὖσαν
1453 2388 1551 2438 τοῦ
1590 2387 1743 2457 Θεοῦ,
1777 2383 1915 2439 ὥστε

255 2470 453 2529 λαϐεῖν
481 2475 583 2544 τὴν
617 2473 705 2528 ἰπὶ
754 2474 822 2528 τὰ
876 2471 995 2544 ἔθνη
1051 2470 1351 2549 βασιλείαν,
1395 2472 1532 2528 κατά
1576 2473 1640 2528 τὸ
1696 2472 1913 2548 εἴρημέ-

252 2585 347 2619 νον
399 2563 455 2618 ἐν
509 2567 742 2638 ψαλμῷ·
791 2560 1020 2633 Λῖτησαι
1068 2564 1193 2637 παρ’
1241 2561 1400 2636 ἐμοῦ,
1452 2561 1541 2617 καὶ
1592 2559 1751 2616 δώσω
1828 2583 1914 2617 σοι

255 2651 388 2719 ιθνη
417 2655 520 2722 τήν
565 2651 940 2727 κληρονομίαν
975 2671 1092 2706 σουο
1157 2653 1208 2706 οἱ
1259 2651 1362 2706 ὑπὸ
1386 2652 1480 2707 τὸν
1532 2647 1771 2728 ἄρχοντα
1800 2654 1914 2725 (41)

255 2747 360 2797 τοῦ
411 2741 610 2804 αἲῶνος
656 2739 851 2796 τούτου
896 2742 1238 2817 τεταγμένοι,
1292 2742 1356 2795 ού
1405 2741 1568 2814 μόνον
1611 2738 1911 2817 ἄνθρωποι,

257 2829 412 2886 ἀλλά
456 2830 549 2884 καὶ
610 2827 863 2904 δυνάμεις
909 2829 963 2883 αἱ
1016 2830 1104 2884 ὑπ’
1162 2829 1330 2884 αὐτοῦ
1381 2827 1819 2905 στρατευόμεναι,
1853 2828 1912 2884 ού

257 2916 615 2990 κατεδέξαντο
659 2918 821 2974 αὐτοῦ
867 2919 966 2988 τὴν
1019 2916 1310 2993 βασιλείαν”
1347 2915 1492 2973 ἀλλὰ
1539 2915 1725 2980 δόντος
1752 2918 1916 2973 αὐτοῦ

256 3008 358 3072 τὰς
388 3005 616 3071 ζντολὰς
660 3008 750 3061 καὶ
796 3007 895 3076 τὴν
941 3005 1190 3082 ἄργασίαν
1246 3005 1444 3075 αὐτῶν,
1476 3006 1565 3061 καὶ
1619 3007 1695 3078 μή
1747 3005 1914 3081 ἀργὰς

255 3096 461 3158 ταύτας
512 3093 862 3157 κελεύσαντος
905 3094 985 3149 ἐπ’
1032 3094 1215 3158 αὐτοῖς
1255 3097 1616 3167 κατακεῖσθαι,
1644 3094 1789 3151 ἀλλὰ
1816 3095 1915 3164 τὴν

258 3185 516 3262 ιργασίαν
616 3183 792 3239 αὐτῶν
869 3183 1272 3255 ἐπιζητοῦντος,
1349 3179 1594 3259 ἔπεμψαν
1666 3179 1918 3260 πρεσϐεις

264 3275 451 3330 ὀπίσω
481 3274 670 3342 αὐτοῦ,
701 3273 1020 3347 ἀρνούμενοι
1051 3272 1215 3328 αὐτοῦ
1242 3274 1341 3343 τὴν
1379 3271 1679 3348 βασιλείαν.

330 3366 465 3421 264.
500 3363 659 3427 Τίνες
684 3362 776 3418 οὖν
806 3358 1080 3439 πρεσϐεις,
1129 3360 1256 3417 ἀλλ’
1305 3364 1415 3436 (42)
1453 3362 1487 3431 ἤ
1541 3364 1592 3417 οἱ
1639 3364 1730 3418 τὸν
1765 3360 1923 3417 θάνα-

257 3476 354 3510 τον
407 3453 788 3528 ἰνεργήσαντες
838 3456 935 3507 τοῦ
993 3457 1295 3528 Σωτῆρος;
1353 3453 1420 3508 Οἱ
1471 3451 1789 3525 νομίσαντες
1838 3450 1937 3507 διὰ

257 3541 361 3599 τοῦ
427 3546 662 3619 σταυροῦ
721 3539 1029 3596 διακόπτειν
1087 3540 1252 3596 αὐτοῦ
1301 3541 1403 3609 τὴν
1460 3540 1548 3595 επὶ
1594 3541 1688 3596 τόν
1719 3541 1922 3615 κόσμον

265 3631 578 3709 βασιλείαν,
639 3631 692 3685 οἳ
744 3630 992 3706 λέγοντες
1041 3635 1122 3702 τῷ
1174 3628 1420 3702 Πιλάτῳο
1474 3631 1560 3700 Μὴ
1619 3630 1814 3707 γράφε,
1842 3630 1924 3686 ὅτι

261 3724 326 3781 Ὀ
363 3724 480 3797 (43)
542 3718 798 3798 βασιλεὺς
853 3723 963 3775 τῶν
1021 3717 1320 3791 Ἰουδαίων,
1378 3716 1504 3774 ἀλλ’
1551 3718 1636 3773 ὅτι
1689 3721 1926 3783 Ἐκεῖνος

266 3813 408 3880 εἶπε,
474 3808 730 3886 βασιλεύς
786 3808 899 3882 εἶμι
956 3813 1064 3863 τῶν
1126 3805 1422 3864 Ἰουδαίων.
1477 3806 1634 3863 Ἀλλ’
1688 3802 1842 3882 ὅμως
1889 3811 1924 3879 ἡ

263 3899 512 3973 πονηρία
555 3903 663 3954 τῶν
721 3897 1050 3954 κωλυόντων
1109 3895 1302 3958 αὐτοὺς
1355 3896 1449 3970 μὶν
1507 3897 1808 3972 κατέκρινε,
1855 3901 1925 3972 τῇ

265 3986 325 4044 δὲ
358 3988 658 4062 οἷκονομίᾳ
705 3989 807 4043 ούκ
847 3983 1142 4042 ἕνεπὸδισε.
1199 3987 1481 4061 Κρστήσας
1533 3986 1636 4062 γὰρ
1692 3993 1793 4056 τῆς
1831 3987 1925 4063 βα-

263 4078 504 4148 σιλείας,
551 4079 642 4132 καὶ
678 4074 960 4150 διανείμας
1017 4080 1132 4138 τοῖς
1183 4072 1405 4138 δούλοις
1452 4076 1590 4130 κατά
1643 4076 1741 4144 τὴν
1779 4076 1923 4149 ἀξίαν

259 4177 366 4239 τῆς
395 4165 625 4223 ἑκάστου
679 4167 857 4222 αὐτῶν
918 4164 1186 4242 ἐργασίας,
1247 4163 1519 4219 ἰκὲλευσεν
1577 4163 1773 4228 αὐτοὺς
1819 4187 1928 4243 φω-

260 4265 526 4329 νηθῆναι,
581 4253 675 4310 ’ἱνα
725 4259 838 4331 γνῷ
889 4253 942 4310 τί
1001 4253 1534 4329 ἐπραγματεύσαντο,
1571 4255 1665 4308 Καὶ
1712 4259 1790 4327 τῷ
1833 4255 1927 4328 μὶν

261 4346 498 4424 πρώτῳ,
548 4341 679 4400 δέκα
739 4348 872 4417 μνᾶς
927 4343 1468 4419 προσεμγασαμὲνῳ,
1528 4338 1724 4398 ἔδωκεν
1785 4343 1928 4414 ἄξου-

263 4436 387 4490 σίαν
417 4434 603 4490 ἐπάνω
634 4430 758 4488 δέκα
787 4431 1024 4488 πόλεων’
1081 4436 1160 4504 τῷ
1208 4429 1264 4486 δὲ
1314 4429 1570 4506 δεοτέρῳ,
1602 4433 1760 4488 πέντε
1794 4438 1924 4505 μνᾶς

261 4523 724 4600 προσπορίσαντι,
785 4519 963 4597 λέγει·
1011 4519 1167 4576 Γίνου
1235 4521 1349 4593 (44)
1403 4519 1578 4575 ἐπάνω
1625 4520 1782 4576 πέντε
1825 4521 1925 4576 πό-

2022 609 2190 664 tiam.
2225 609 2336 664 Sed
2379 613 2436 664 et
2483 608 2746 666 Salvator
2801 611 2976 667 homo
3035 613 3250 670 nobilis
3299 615 3409 671 dici
3462 620 3675 688 potest.

2025 697 2147 754 Non
2179 697 2336 752 enim
2385 697 2577 753 solum
2629 701 2954 755 secundum
2994 702 3352 760 divinitatem
3387 705 3674 763 Dominus

2027 785 2238 841 nobilis
2269 785 2637 857 intelligitur,
2662 789 2880 860 quippe
2906 789 3005 860 qui
3038 790 3096 844 in
3121 792 3438 863 semetipso
3463 798 3675 865 suapte

2027 879 2238 930 natura
2295 875 2630 948 puritatem,
2676 877 3072 933 sinceritatem
3126 884 3182 934 et
3231 880 3672 954 simplicitatem

2026 965 2217 1021 omnis
2249 965 2616 1021 admistionis
2647 972 2938 1038 expertem
2989 970 3287 1040 possideat
3320 987 3332 1024 :
3363 972 3463 1025 sed
3500 971 3670 1027 nobi-

2026 1054 2101 1109 lis
2131 1054 2305 1110 etiam
2328 1060 2417 1110 est
2437 1055 2676 1111 omnino
2708 1058 3034 1112 secundum
3066 1058 3515 1128 humanitatem,
3541 1078 3672 1118 cum

2027 1143 2101 1198 sit
2133 1143 2454 1200 secundum
2487 1161 2721 1200 carnem
2755 1162 2821 1200 ex
2849 1146 3081 1202 Davidis
3113 1148 3337 1204 semine
3363 1151 3670 1206 oriundus.

1980 1265 1985 1271 -
2023 1233 2158 1288 Abit
2181 1233 2362 1305 igitur
2386 1233 2444 1288 in
2471 1233 2852 1307 longinquam
2889 1235 3206 1307 regionem,
3233 1242 3490 1294 nontam
3526 1239 3674 1309 loco,

2026 1337 2200 1392 quam
2242 1338 2431 1377 rerum
2477 1326 2631 1378 statu
2681 1323 2954 1379 dissitam
3003 1329 3060 1379 et
3106 1331 3414 1382 remotam.
3449 1327 3670 1384 Etenim

2024 1411 2179 1466 Deus
2227 1409 2350 1481 ipse
2400 1409 2718 1482 unicuique
2767 1416 3030 1468 nostrum
3085 1430 3262 1485 prope
3315 1416 3502 1484 adest,
3536 1432 3672 1471 cum

2024 1499 2482 1555 familiaritatem
2514 1501 2640 1570 ejus
2692 1501 2861 1556 nobis
2903 1501 3220 1558 conciliant
3269 1503 3528 1560 actiones
3571 1505 3674 1561 bo-

2023 1605 2147 1643 nae:
2181 1591 2235 1643 et
2265 1587 2435 1659 longe
2466 1589 2630 1644 abest
2659 1593 2804 1657 tum,
2831 1606 2962 1645 cum
2997 1590 3322 1661 perditione
3354 1592 3673 1664 appropin-

2023 1681 2294 1748 quantes,
2345 1677 2738 1748 nosmetipsos
2788 1678 2860 1732 ab
2914 1694 2980 1733 eo
3028 1677 3395 1751 elongamus.
3451 1680 3672 1737 Nobilis

2020 1767 2117 1822 ille
2149 1768 2435 1822 mundum
2460 1766 2682 1839 peccati
2712 1767 2956 1840 imperio
2989 1768 3318 1838 subjectum
3353 1772 3409 1824 et
3438 1786 3678 1825 amaru-

2020 1857 2190 1912 lentze
2247 1855 2471 1911 inimici
2501 1856 2797 1928 tyrannidi
2847 1857 3149 1913 subditum
3199 1858 3426 1926 videns,
3459 1862 3516 1914 ct
3555 1864 3673 1915 sta-

2021 1950 2146 2001 tum
2180 1945 2441 2018 principe
2472 1950 2767 2001 carentem
2816 1946 3152 2013 miseratus,
3189 1963 3285 2002 rex
3317 1964 3518 2002 eorum
3553 1947 3676 2003 fieri

2024 2051 2136 2089 non
2189 2034 2497 2090 recusavit.
2548 2033 2763 2106 Oportet
2816 2037 2967 2090 enim
3018 2036 3181 2090 illum
3227 2052 3484 2107 regnare,
3510 2037 3677 2094 donec

2017 2127 2190 2195 ponat
2237 2122 2490 2177 inimicos
2536 2122 2654 2193 ejus
2701 2123 2800 2176 sub
2841 2112 3070 2194 pedibus
3127 2123 3307 2194 ejus’.
3351 2127 3672 2195 Postquam

2021 2211 2203 2284 igitur
2230 2211 2386 2267 venit
2414 2211 2472 2265 in
2505 2209 2697 2267 locum
2742 2210 2898 2266 hunc
2922 2214 3240 2277 terrenum,
3275 2212 3332 2266 in
3376 2211 3672 2283 regionem

2021 2300 2288 2356 videlicet
2308 2299 2509 2372 procul
2541 2316 2574 2354 a
2594 2300 2709 2355 Deo
2739 2303 3024 2355 remotam
3047 2317 3061 2369 ;
3087 2303 3150 2354 ut
3173 2300 3327 2356 580
3360 2301 3670 2372 imperium

2021 2389 2081 2444 in
2139 2393 2343 2461 gentes
2401 2387 2668 2460 accipiat,
2709 2389 2880 2458 juxta
2936 2387 3081 2443 illud
3141 2388 3354 2460 psalmi
3395 2389 3671 2444 dictum:

2024 2477 2253 2534 Postula
2285 2495 2317 2532 a
2350 2493 2454 2544 me,
2478 2481 2530 2532 et
2548 2476 2685 2532 dabo
2714 2477 2819 2531 tibi
2835 2482 3020 2545 gentes
3041 2478 3424 2533 hereditatem
3453 2479 3674 2546 tuam”;

2021 2565 2063 2621 ii
2106 2567 2206 2638 qui
2265 2566 2443 2636 hujus
2491 2565 2690 2621 saeculi
2739 2565 2986 2637 principi
3039 2565 3525 2636 subjiciebantur,
3557 2583 3671 2622 non

2026 2655 2294 2712 homines
2335 2655 2549 2722 solum,
2583 2655 2683 2710 sed
2719 2662 2774 2710 et
2807 2658 3123 2726 potestates
3155 2655 3264 2711 sub
3309 2670 3374 2710 eo
3424 2655 3676 2710 militan-

2022 2748 2131 2809 tes,
2193 2760 2438 2815 regnum
2487 2744 2678 2816 ipsius
2737 2761 2852 2800 non
2897 2743 3290 2798 admiserunt.
3342 2744 3485 2798 Nam
3539 2759 3673 2798 cum

2024 2832 2284 2888 dedisset
2314 2841 2620 2904 praecepta,
2644 2849 2710 2887 ac
2735 2831 3013 2902 jussisset
3036 2836 3100 2887 ut
3129 2848 3197 2888 ea
3226 2831 3666 2903 perﬁcerentur,

2027 2937 2130 2977 nec
2188 2921 2341 2992 apud
2400 2937 2462 2977 se
2518 2922 2702 2976 otiosa
2763 2924 3122 2976 manerent:
3176 2920 3294 2974 imo
3351 2937 3484 2976 vero
3534 2936 3670 2975 cum

2026 3025 2227 3066 eorum
2288 3015 2576 3082 questum
2633 3010 2976 3081 requireret,
3035 3008 3257 3081 legatos
3316 3012 3448 3080 post
3505 3008 3692 3064 illum.

2027 3099 2330 3171 miserunt,
2365 3099 2465 3170 qui
2512 3101 2638 3170 ejus
2685 3103 2966 3170 negarent
2996 3099 3310 3171 imperium
3358 3114 3425 3154 ac
3476 3097 3670 3153 detre-

2027 3192 2270 3245 ctarent.

2102 3368 2227 3422 264.
2261 3366 2507 3434 Quinam
2538 3366 2720 3438 igitur
2746 3365 2946 3439 legati,
2969 3365 3082 3420 nisi
3113 3365 3152 3418 ii
3187 3364 3288 3437 qui
3321 3363 3523 3419 mortis
3553 3367 3682 3420 Ser-

2032 3455 2248 3512 vatoris
2274 3456 2432 3512 fuere
2465 3455 2771 3512 auctores?
2814 3456 2921 3522 Qui
2956 3471 3058 3527 per
3087 3469 3316 3510 crucem
3370 3453 3684 3525 imperium

2035 3547 2190 3618 quod
2257 3544 2316 3600 in
2377 3545 2665 3600 mundum
2734 3545 2929 3616 habet,
2990 3543 3327 3600 exscindere
3385 3559 3447 3598 se
3515 3558 3688 3614 posse

2034 3634 2494 3705 arbitrabantur,
2530 3651 2596 3690 ac
2643 3635 2915 3689 dicebant
2965 3633 3146 3689 Pilato
3179 3648 3193 3687 :
3225 3631 3358 3687 Noli
3404 3632 3642 3687 scribere
3670 3647 3690 3687 :

2033 3725 2150 3779 Rex
2175 3723 2518 3790 Iudaeorum,
2549 3723 2640 3778 sed
2669 3725 2800 3794 quia
2846 3723 2941 3778 ille
2970 3721 3138 3790 dixit,
3172 3725 3288 3776 Rex
3317 3737 3441 3775 sum
3473 3709 3692 3777 Iudaeo-

2034 3829 2158 3868 rum
2181 3814 2220 3866 θ.
2266 3816 2537 3867 Attamen
2585 3828 2785 3866 eorum
2838 3811 2937 3881 qui
2990 3809 3380 3881 prohibebant
3433 3808 3699 3879 nequitia

2035 3903 2196 3974 ipsos
2247 3901 2483 3972 quidem
2541 3899 2968 3968 condemnavit,
3002 3899 3101 3953 scd
3136 3897 3233 3951 Dei
3282 3896 3527 3952 consilio
3577 3913 3694 3950 non

2034 3991 2283 4047 obstitit.
2313 3991 2630 4062 Postquam
2662 3988 2815 4044 enim
2851 3987 3074 4058 potitus
3107 3986 3316 4040 fuisset
3344 4001 3542 4057 regno,
3574 4000 3695 4040 ser-

2033 4081 2238 4151 visque
2294 4095 2400 4152 pro
2457 4079 2744 4150 cujusque
2806 4075 3011 4131 merito
3071 4073 3305 4144 negotia
3364 4089 3429 4127 ac
3487 4072 3690 4129 munia

2035 4170 2304 4226 obeunda
2335 4167 2754 4234 distribuisset,
2790 4164 2978 4221 vocari
3011 4163 3144 4218 illos
3176 4161 3378 4234 jussit,
3415 4164 3480 4215 ut
3510 4176 3686 4232 quem

2036 4263 2325 4325 quaestum
2372 4257 2664 4324 fecissent,
2698 4257 3057 4327 agnosceret.
3093 4253 3161 4306 Et
3207 4250 3391 4322 primo
3423 4249 3680 4321 quidem,

2036 4349 2138 4420 qui
2195 4348 2383 4403 fuerat
2431 4362 2602 4402 mnas
2651 4346 2849 4400 decem
2901 4341 3184 4410 lucratus,
3220 4340 3380 4396 dedit
3428 4343 3686 4411 potesta-

2033 4442 2152 4492 tem
2186 4454 2364 4509 super
2410 4436 2609 4490 decem
2658 4434 2922 4489 civitates
2957 4450 2969 4487 :
3003 4430 3172 4486 alteri
3203 4446 3334 4486 vero
3365 4429 3465 4500 qui
3513 4444 3685 4484 mnas

2037 4525 2299 4596 quinque
2356 4528 2816 4595 comparaverat,
2867 4521 2941 4576 ait
2992 4536 3005 4575 :
3057 4521 3177 4576 Esto
3232 4533 3394 4591 super
3451 4518 3690 4590 quinque

263 4614 434 4670 λεων.
497 4614 599 4669 Τὸν
657 4609 715 4667 δὶ
771 4609 824 4666 ἐν
883 4607 1156 4687 σουδαρίῳ
1202 4607 1473 4696 ἄπρακτον
1527 4609 1693 4680 αὐτὴν
1719 4608 1924 4682 ἀποδή-

2031 4615 2275 4670 civitates
2304 4613 2370 4667 1°.
2401 4616 2477 4668 At
2521 4628 2656 4667 vero
2705 4627 2904 4666 mnam
2957 4609 3140 4680 jussit
3196 4606 3408 4664 auferri
3466 4605 3538 4661 ab
3595 4621 3685 4676 eo,

264 4723 437 4758 σαντα
491 4701 849 4780 ἀφαιρεθῆναι
878 4697 1217 4774 προσέταξεν.
1267 4699 1398 4756 ’Ὀτε
1458 4695 1516 4752 δὲ
1543 4698 1612 4753 τὰ
1639 4699 1762 4776 περὶ
1792 4700 1919 4764 τοὺς

2031 4702 2131 4775 qui
2163 4703 2354 4774 ipsam
2383 4701 2631 4758 otiosam
2674 4701 2733 4756 in
2776 4699 3013 4756 sudario
3047 4697 3329 4768 alligarat.
3363 4699 3682 4766 Postquam

339 4903 360 4937 ⁷
394 4901 418 4958 ι
451 4900 586 4958 Cor.
613 4915 708 4970 xv,
738 4899 828 4954 25.

339 5081 458 5166 (39)
487 5079 677 5166 gods}
704 5077 1089 5166 Henricianus
1109 5082 1166 5166 et
1193 5079 1294 5136 alii
1326 5081 1588 5166 quinque
1620 5098 1763 5140 mss.
1790 5099 1925 5166 cum

235 5149 467 5228 editis,
497 5149 598 5228 Kal
629 5150 659 5205 ὁ
686 5149 828 5228 κατα
868 5149 959 5204 τὸν
1009 5149 1361 5228 Σωτ-ἦραηοξ
1381 5154 1460 5228 ita
1490 5149 1721 5228 quoque
1748 5156 1921 5228 apud

264 5225 623 5298 Procopium
655 5224 766 5281 sub
795 5224 986 5298 ﬁnem
1007 5224 1232 5298 paginas
1259 5225 1367 5281 208
1393 5224 1640 5298 legitur."
1653 5227 1764 5283 Sed
1785 5224 1928 5283 Cur-

258 5294 560 5356 teriuide
589 5313 716 5368 suo,
749 5300 814 5352 ut
843 5294 991 5352 mihi
1017 5294 1265 5367 quidem
1295 5294 1545 5355 videtur.
1571 5299 1925 5365 emendavit,

263 5371 652 5443 scripsitque,
683 5367 819 5424 κατά
851 5369 1038 5443 σάρκα·
1089 5368 1150 5424 id
1193 5371 1349 5441 quod
1381 5369 1463 5426 ita
1489 5369 1926 5442 interpretatur,

262 5439 419 5516 Ipse)
469 5439 747 5514 priterea
791 5439 1093 5516 semiudum
1137 5439 1363 5516 carnem
1413 5442 1594 5516 homo,
1623 5439 1731 5500 etc.
1764 5439 1928 5516 Hanc

264 5512 678 5587 conjecturam
705 5513 986 5598 amplecti.
1007 5512 1221 5584 poterit
1251 5514 1351 5598 qui
1386 5512 1700 5598 volet‘fsed
1732 5515 1929 5572 existi-

270 5585 399 5661 mo:
417 5602 692 5660 magnam
723 5585 1299 5661 diligentiamquzsri
1329 5604 1445 5644 non
1475 5587 1706 5661 debere,
1740 5605 1928 5661 neque

270 5661 335 5718 in
360 5657 728 5743 homineque
757 5657 1124 5743 inProcopii"
1140 5657 1590 5743 Commentario.

353 5732 472 5809 (40)
489 5726 719 5793 Addita
743 5736 834 5792 est
858 5726 1067 5793 vocula
1094 5726 1154 5787 ἄν
1185 5748 1256 5791 ex
1282 5731 1470 5792 tribus
1499 5731 1817 5792 codicibus.

905 4897 926 4932 ³
956 4895 1110 4954 Psal.
1142 4912 1206 4964 ιι,
1236 4897 1290 4952 8.
1369 4895 1391 4931 θ
1418 4895 1588 4952 Joan.
1621 4912 1740 4964 x1x,
1769 4897 1860 4953 2t.
1941 4898 1986 4936 ¹⁰
2015 4899 2153 4956 Luc.
2187 4915 2304 4969 xxx,
2333 4899 2402 4954 15
2432 4915 2563 4971 sqq.

2108 5085 2223 5154 (41)
2251 5083 2490 5154 Antiqui
2523 5085 2641 5137 tres
2673 5080 2829 5152 libri,
2858 5077 3276 5154 1o§ﬁipx0v1‘oc.
3415 5143 3433 5154 ᾳ

2108 5086 2194 5154 (41
2251 5086 2490 5154 Antiqui
2523 5086 2641 5137 tres
2674 5086 2829 5152 libri,
2858 5086 2956 5132 τοῦ
2988 5086 3276 5152 ἄρχοντος.
3651 5141 3684 5154 η

2106 5086 2223 5228 (42)
2252 5156 2490 5228 Editiet
2523 5149 3006 5228 mesanonnulli,
3037 5142 3288 5228 πρέσβεις
3341 5143 3531 5228 ἄλλοι.
3573 5142 3689 5196 Alu

2036 5217 2301 5300 quidam,
2333 5223 2497 5282 ἄλλοι
2545 5218 2818 5300 πρέσϐεις.
2871 5217 3012 5296 Reg.
3064 5217 3271 5280 tertius
3320 5225 3385 5276 ut
3433 5217 3494 5274 in
3545 5231 3687 5271 con-

2037 5306 2222 5444 ῐωίῖἐ)
2253 5371 2490 5426 Veteres
2523 5368 2745 5441 aliquot
2792 5366 2925 5423 libri
2960 5381 3093 5422 cum
3144 5378 3308 5421 sacro
3338 5361 3522 5425 textu,
3552 5351 3685 5428 γρά-

2039 5445 2220 5586 φεέίιό)
2253 5513 2428 5586 Editi,
2477 5511 2655 5586 Γίνου,
2689 5507 2873 5586 φησίν.
2904 5509 3116 5586 Vocem
3165 5504 3433 5586 ultimam
3465 5493 3685 5586 εἰθξεξξξς

2040 5567 2579 5656 ωυὲξ’θ]ἷ(ιυόιιιιω
2634 5567 2918 5656 librorum
2979 5580 3172 5656 fidem
3211 5572 3412 5631 secuti.
3473 5567 3682 5656 Statim

2037 5643 2199 5726 editi,
2233 5643 2355 5726 Tfp'
2384 5653 2508 5712 δὲ...
2561 5652 2914 5726 ἀποδήσαντι.
2967 5653 3030 5708 ,ιι
3075 5649 3335 5722 quinque
3382 5658 3551 5712 mss.,
3583 5643 3684 5693 Τὸν

2040 5676 2199 5726 eam,
2233 5676 2300 5713 'n
2384 5676 2508 5712 οε...

2040 5726 2162 5789 δέ...
2194 5676 2558 5800 ἀποδήσαντα.
