4074 6222
424 351 546 415 583

1362 338 1760 403 APPENDIX
1798 337 2128 401 OPERUM
2171 339 2241 400 S.
2284 338 2572 401 BASILII
2617 338 2900 403 MAGNI.

3714 345 3844 406 584

425 487 623 541 autem
655 495 749 536 res
777 495 905 551 quae
944 478 1017 534 ad
1065 476 1302 533 Judteos
1354 473 1722 546 spectabant,
1752 471 2084 528 ordinasset

2195 467 2491 532 Ἰουδαίους
2547 467 2823 540 διετάξατο
2905 471 3124 546 (Καιρὸς
3177 470 3313 548 γὰρ,
3362 473 3496 550 φησὶ
3555 475 3692 547 (45),
3746 480 3850 530 τοῦ

423 575 665 645 (Tempus
722 576 801 624 est
860 567 1046 634 enim,
1088 565 1300 636 inquit,
1351 567 1413 618 ut
1460 563 1703 634 incipiat
1745 559 2022 633 judicium
2052 577 2088 615 a

422 662 582 718 domo
641 659 856 730 Dei“),
891 661 1034 711 tunc
1093 653 1366 708 inimicos
1417 651 1516 723 qui
1564 651 1694 721 ejus
1743 653 2088 707 recusarent

423 749 739 822 imperium
781 744 964 818 jussit
1002 742 1061 798 in
1094 741 1350 798 medium
1401 741 1685 796 adductos
1727 738 2084 812 jugulari".

425 840 577 895 Sunt
595 840 749 894 certe
773 853 887 892 non
917 831 1112 906 pauci,
1131 831 1228 902 qui
1251 829 1442 886 nolint
1471 829 1532 884 in
1561 828 1672 884 hac
1693 827 1814 883 vita
1841 843 2086 900 regnare

424 945 602 1000 super
632 944 695 982 se
724 924 1046 980 Christum.
1071 921 1180 988 Qui
1229 920 1388 976 enim
1437 918 1855 991 mancipantur
1885 917 2084 989 impu-

423 1016 608 1083 ritati,
638 1019 696 1071 et
746 1014 818 1070 ab
876 1013 964 1068 ira
1009 1011 1346 1076 vincuntur,
1388 1011 1446 1064 et
1495 1007 1757 1063 serviunt
1785 1006 2082 1077 [avaritiam

424 1107 484 1161 hi
517 1121 695 1177 super
722 1119 785 1160 se
825 1100 1142 1157 Dominum
1186 1113 1428 1171 regnare
1460 1095 1690 1164 nolunt,
1721 1101 1898 1168 atque
1928 1095 2083 1167 quod

425 1194 632 1250 attinet
661 1193 732 1247 ad
777 1191 1037 1263 ipsorum
1081 1187 1461 1258 voluntatem,
1494 1188 1820 1242 detrectant
1869 1201 1936 1240 ac
1983 1185 2086 1240 de-

425 1286 744 1356 precantur
773 1280 962 1352 ipsius
1013 1293 1280 1349 regnum.
1309 1276 1461 1331 Dicit
1491 1277 1562 1331 de
1607 1275 1680 1330 iis
1712 1273 1896 1330 Isaias
1927 1274 2084 1346 quod

425 1373 544 1430 sint
573 1369 870 1427 turbandi.
905 1367 1222 1424 Dominum
1255 1365 1414 1420 enim
1445 1364 1504 1419 in
1538 1364 1798 1420 secundo
1830 1363 2084 1418 adventu

427 1479 561 1518 cum
595 1459 849 1515 viderint
881 1457 919 1512 ii
953 1456 1053 1528 qui
1095 1455 1272 1511 vitam
1305 1458 1643 1525 transegere
1695 1452 1752 1506 in
1807 1451 2084 1524 peccatis,

432 1556 491 1608 et
517 1547 883 1620 evangelicos
912 1545 1045 1600 illos
1077 1544 1238 1616 regni
1268 1559 1458 1598 mores
1490 1559 1594 1614 pro
1627 1541 1812 1596 nihilo
1845 1542 2085 1611 duxere,

432 1639 832 1695 Turbabuntur
887 1635 1107 1706 utique,
1164 1637 1213 1688 et
1270 1632 1486 1688 dolores
1544 1633 1686 1702 ipsos
1744 1631 2088 1702 occupabunt

427 1729 584 1800 quasi
610 1725 869 1780 mulieris
917 1723 1307 1794 parturientis.
1340 1720 1702 1792 Significavit
1732 1736 1834 1792 per
1882 1722 2086 1791 partus

429 1815 658 1872 dolores
688 1812 908 1869 doloris
953 1811 1113 1912 illius
1145 1809 1544 1880 acerbitatem,
1578 1809 1679 1908 qui
1729 1825 1832 1880 per
1881 1823 2084 1907 pecca-
2113 1847 2163 1914 Β

423 1909 620 1962 torum
652 1901 1073 1958 conscientiam
1117 1916 1218 1956 cor
1265 1915 1468 1955 eorum
1502 1898 1711 1970 pungit
1737 1914 1803 1954 ac
1833 1896 2080 1954 sauciat.

425 1993 656 2050 Etenim
715 1994 922 2063 partus
979 1989 1167 2058 dolor,
1199 1992 1408 2044 acutus
1465 1987 1708 2059 quidam
1758 1986 1925 2042 dolor
1971 1990 2081 2055 est,

425 2083 525 2155 qui
559 2082 616 2137 in
651 2079 963 2153 praecipuis
994 2078 1264 2150 partibus
1303 2081 1566 2148 tempore
1610 2079 1814 2148 partus
1845 2074 2084 2147 corripit

424 2171 841 2244 parturientes.
877 2173 944 2224 Et
983 2169 1184 2239 faciem
1227 2183 1408 2234 suam,
1439 2165 1600 2238 quasi
1627 2165 1874 2235 ﬂamma,
1904 2169 2084 2219 mula—
2111 2217 2116 2222 .

427 2263 585 2316 bunt.
621 2258 925 2330 PrOprium
975 2261 1065 2312 est
1113 2271 1314 2312 eorum
1346 2255 1448 2327 qui
1480 2254 1699 2327 pudore
1729 2255 2080 2310 suffundun-

426 2354 546 2420 tur,
579 2353 638 2404 et
684 2348 742 2402 in
778 2346 1093 2402 discrimen
1142 2345 1376 2416 aliquod
1426 2337 1767 2416 impingunt
1813 2343 2080 2415 inexspe-

429 2442 675 2508 ctatum,
705 2436 1023 2492 immutare
1064 2433 1262 2490 vultus
1299 2433 1577 2501 colorem,
1609 2433 1823 2504 quippe
1853 2433 1953 2504 qui
1981 2449 2081 2487 su-

427 2526 666 2600 perficie
728 2529 900 2582 tenus
967 2524 1180 2580 rubore
1250 2523 1712 2594 perfundantur,
1779 2521 2082 2592 animique

427 2615 798 2673 affectionem
829 2631 932 2686 per
971 2615 1348 2686 apparentem
1397 2611 1558 2666 illam
1608 2609 2080 2666 immutationem

427 2705 714 2762 indicent.

495 2882 604 2936 265
623 2883 824 2950 (Vsus.
848 2880 927 2951 9.)
949 2881 1082 2935 Ecce
1119 2879 1267 2934 enim
1298 2877 1411 2933 dies
1448 2878 1681 2934 Domini
1709 2878 1853 2933 venit
1882 2877 2082 2932 imme-

431 2971 712 3039 dicabilis,
741 2970 953 3041 furori:
981 2976 1033 3024 et
1061 2969 1192 3035 irae;
1241 2971 1301 3022 nt
1346 2975 1516 3038 ponat
1563 2969 1747 3022 orbem
1791 2970 1960 3024 terra:
1988 2965 2078 3022 de-

423 3066 656 3130 sertum,
717 3067 768 3115 et
818 3066 1136 3130 peccatore:
1191 3056 1478 3129 disperdat
1532 3072 1603 3112 ea:
1654 3072 1734 3114 eo.
1796 3055 2080 3128 Superius

427 3150 665 3222 quidem
707 3148 896 3203 dixit:
933 3149 1111 3218 Prope
1157 3151 1236 3202 est
1284 3146 1399 3201 dies
1448 3145 1671 3201 Domini
1715 3161 1735 3200 :
1782 3143 1876 3198 hic
1922 3160 2077 3208 vero,

2201 558 2458 636 ἄρξασθαι
2511 559 2574 613 τὸ
2632 557 2804 635 κρίμα
2861 559 2966 614 ἀπὸ
3019 563 3118 615 τοῦ
3175 559 3326 615 οἿκοῦ
3382 565 3479 617 τοῦ
3509 565 3685 637 Θεοῦ),
3729 564 3856 620 τότε

2194 648 2283 701 καὶ
2315 647 2444 708 τοὺς
2476 644 2733 722 ἐχθροὺς,
2763 644 2889 708 τοὺς
2919 645 3329 722 ἀρνησαμένους
3390 649 3561 704 αὐτοῖν⁹
3601 651 3701 720 τήν
3753 651 3854 726 βα-

2193 733 2425 806 σιλείαν,
2475 733 2752 791 ἐκέλευσεν
2802 735 3069 812 ἀχθέντας
3119 736 3197 800 εἷς
3248 738 3310 792 τὸ
3363 737 3523 811 μέσον
3578 759 3854 818 κατασφα-

2193 831 2380 900 γῆναι.
2429 823 2641 881 Πολλοὶ
2688 829 2814 902 γοῦν
2865 824 2996 880 εἲσιν
3049 826 3102 880 οἱ
3154 824 3204 882 έν
3268 831 3349 899 τῷ
3403 827 3508 901 βίῳ
3554 830 3734 902 τούτῳ
3767 833 3848 904 μὴ

2191 913 2440 977 θέλοντες
2474 912 2775 990 βασιλεύειν
2808 912 2889 991 ἐφ’
2940 914 3142 970 ἑαυτῶν
3171 915 3263 970 τὸν
3301 912 3560 992 Χριστόν.
3621 919 3686 973 Οἱ
3739 919 3847 996 γὰρ

2194 1003 2296 1058 ὑπὸ
2325 1004 2422 1072 τὴν
2457 1002 2706 1079 πορνείαν
2745 1002 3086 1081 τεταγμένοι,
3136 1004 3225 1060 καὶ
3257 1004 3308 1060 οἱ
3371 1007 3472 1062 ὑπὸ
3519 1011 3617 1063 τοῦ
3666 1009 3848 1083 Θυμοῐὶ

2189 1092 2711 1168 κατακρατούμενοι,
2759 1093 2851 1149 καὶ
2903 1094 3005 1149 ὑπὸ
3051 1099 3152 1164 τῆς
3194 1093 3508 1169 πλεονεξίας
3565 1095 3852 1154 δεδουλω-

2196 1180 2371 1254 μένοι,
2403 1181 2464 1236 ού
2497 1180 2743 1246 θέλουσιν
2795 1182 2880 1260 ἐφ’
2911 1183 3134 1245 ἑαυτοὺς
3165 1181 3474 1259 βασιλεύειν
3499 1185 3589 1241 τὸν
3619 1186 3851 1262 Κύριον,

2191 1272 2280 1325 καὶ
2352 1265 2477 1326 ὅσον
2537 1269 2624 1325 ἐπὶ
2679 1275 2748 1345 τῇ
2809 1273 3011 1327 ἑαυτῶν
3068 1272 3402 1348 προαιρέσει,
3460 1280 3854 1351 παραιτοῦνται

2193 1358 2354 1414 αὐτοῦ
2405 1360 2505 1428 τὴν
2562 1358 2864 1436 βασιλείαν.
2897 1360 3028 1438 Περὶ
3077 1361 3283 1417 τούτων
3317 1363 3345 1417 ὁ
3397 1361 3619 1427 Ἠσαίας
3674 1364 3853 1440 λέγει,

2194 1448 2277 1504 ὅτι
2335 1450 2812 1524 Ταραχθήσονται.
2844 1447 3098 1506 Ἐπειδὰν
3157 1453 3270 1524 (46)
3325 1452 3426 1526 γὰρ
3473 1449 3661 1508 ἴδωσιν
3693 1453 3745 1508 έν
3778 1459 3852 1529 τῇ

2196 1535 2418 1613 δευτέρᾳ
2444 1536 2713 1611 ἐπιδημίᾳ
2741 1539 2833 1593 τὸν
2862 1537 3061 1613 Κύριον
3113 1539 3166 1595 οἱ
3209 1538 3263 1595 έν
3315 1540 3602 1617 ἁμαρτίαις
3658 1545 3854 1614 ζήοαν-

2193 1647 2300 1700 τες,
2329 1628 2416 1681 καὶ
2452 1628 2542 1682 τὸν
2616 1625 2960 1703 εὖαγγελικὸν
3005 1627 3211 1703 τρύπον
3241 1636 3339 1699 τῆς
3388 1630 3664 1704 βασιλείας
3693 1633 3853 1706 έξουο

2195 1712 2542 1786 δενώσαντες,
2617 1717 3068 1791 Ταραχθήσονται
3147 1714 3431 1788 δηλονότι,
3499 1721 3590 1774 καὶ
3650 1719 3850 1786 ὠδῖνες

2196 1803 2387 1866 αὐτοὺς
2444 1800 2647 1877 ἕξουσιν
2725 1806 2801 1867 ὡς
2876 1806 3131 1880 γυναικὸς
3209 1807 3500 1880 τικτούσης
3533 1827 3546 1840 ·
3615 1812 3693 1867 Τὸ
3753 1811 3850 1884 ὀξὺ

2190 1901 2291 1964 τῆς
2343 1891 2648 1969 ἀλγηδόνος
2705 1893 3004 1966 νυσσούσης
3060 1901 3239 1971 αᾳτῶν
3298 1897 3398 1966 τήν
3455 1896 3704 1974 καρδίαν,
3753 1901 3850 1956 καὶ

2190 1983 2733 2058 κατατιτρωσκούσης
2779 1983 2881 2038 ὑπὸ
2921 1987 3017 2040 τοῦ
3075 1982 3380 2048 συνειδότος
3431 1990 3540 2042 τῶν
3596 1990 3850 2065 ἁμαρτη-

2196 2075 2403 2146 μάτων,
2453 2070 2543 2128 διὰ
2589 2079 2687 2142 τῆς
2741 2069 2939 2136 ὠδῖνος
2988 2073 3312 2151 παρέστησε.
3373 2075 3475 2132 Καὶ
3506 2078 3606 2151 γὰρ
3640 2081 3675 2148 ἠ
3709 2077 3848 2142 ὡδίς

2192 2159 2412 2238 δριμεῖά
2465 2161 2548 2225 τίς
2579 2161 2720 2218 ἐστιν
2764 2159 3024 2233 ἀλγηδὼν
3074 2169 3193 2226 τοῖς
3243 2167 3626 2240 καιριωτάτοις
3685 2169 3847 2243 μέρεη

2192 2274 2294 2322 σιν,
2355 2251 2406 2308 ἰν
2436 2257 2515 2324 τῷ
2542 2257 2716 2327 καιρῷ
2738 2259 2839 2322 τῆς
2866 2255 3112 2323 κυήσεως
3157 2258 3279 2316 ταῖς
3334 2257 3645 2321 τικτούσαις
3696 2256 3847 2333 ἐγγι-

2190 2341 2416 2415 νομένη.
2492 2341 2592 2395 Καὶ
2649 2341 2712 2395 τὸ
2785 2339 3079 2416 πρόσωπον
3133 2341 3308 2397 αὐτῶν
3368 2343 3444 2406 ὡς
3489 2343 3626 2422 φλὸξ
3687 2367 3853 2418 μετα-

2190 2426 2472 2485 ϐαλοῦσιν.
2531 2428 2701 2485 ’Ἱδιον
2753 2433 2859 2485 τῶν
2895 2427 3358 2504 διατρεπομένων,
3415 2431 3505 2487 καὶ
3563 2433 3848 2510 ἀπροσδο-

2188 2520 2342 2591 κήτῳ
2401 2517 2560 2591 δεινῳ
2589 2517 3014 2594 περιπεσόντων,
3072 2520 3135 2575 τὸ
3178 2515 3502 2594 μεταϐαλεῖν
3531 2524 3594 2578 τὸ
3635 2529 3850 2599 χρῶμα

2187 2611 2284 2663 τοῦ⁹
2313 2609 2634 2681 προσώπου,
2693 2607 3135 2683 έρυθραινόμενοι
3183 2609 3318 2664 κατὰ
3361 2612 3460 2680 τὴν
3501 2609 3844 2690 ἐπιφάνειαν,

2188 2698 2278 2752 καὶ
2308 2698 2371 2752 τὸ
2397 2704 2498 2777 τῆς
2525 2700 2712 2772 ψυχῆς
2742 2698 2913 2762 πάθος
2941 2694 3031 2752 διὰ
3065 2700 3163 2767 τῆς
3215 2698 3643 2775 έπιφαινομένης
3673 2723 3847 2774 μετα-

2190 2781 2366 2851 ϐολῆς
2393 2784 2552 2856 ἐπιση
2564 2785 2841 2859 μαίνοντες
2871 2788 3006 2860 (47).

2259 2877 2386 2932 265.
2444 2871 2581 2930 Ἰδοὺ
2637 2874 2738 2950 γὰρ
2807 2873 2988 2952 ἡμέρᾳ
3061 2877 3266 2952 Κυρίου
3325 2871 3544 2952 ἔρχεται
3601 2877 3848 2950 ἀνίατος,

2192 2967 2367 3036 θυμοῦ
2413 2963 2501 3018 καὶ
2553 2964 2766 3039 ὀργῆς·
2837 2965 3006 3019 Θεῖναι
3061 2965 3162 3033 τήν
3217 2963 3546 3040 οἷκουμένην
3605 2963 3847 3041 ἔρημον,

2189 3052 2278 3107 καὶ
2336 3051 2463 3115 τοὺς
2537 3051 2902 3129 ἁμαρτωλοὺς
2989 3052 3252 3109 ἀπολέσαι
3323 3053 3374 3125 έξ
3426 3054 3593 3125 αὐτῆς
3629 3078 3642 3091 ο
3694 3060 3853 3115 Ἀνω

2195 3142 2287 3214 μὲν
2349 3140 2512 3196 εἶπενο
2587 3141 2782 3218 Ἐγγὺς
2857 3143 2892 3211 ἡ
2951 3140 3134 3217 ἡμέρα
3190 3142 3411 3219 Κυρίου’
3458 3143 3686 3209 ἐνταῦθα
3765 3144 3848 3202 δέ·

425 3217 548 3293 Dies
578 3238 799 3292 Domini
845 3238 1013 3306 venit,
1042 3217 1109 3290 ut
1136 3240 1305 3306 ponat
1341 3235 1530 3289 orbem
1575 3241 1741 3290 terrae
1781 3231 2071 3288 desertum.

2193 3230 2396 3304 Ἡμέρα
2449 3229 2653 3305 Κυρίου
2685 3229 2926 3308 ἔρχεται,
2986 3237 3156 3296 θεῖναι
3211 3217 3308 3300 τῆν
3366 3229 3696 3307 δίκουμένην
3729 3238 3849 3309 (48)

424 3327 482 3380 Si
514 3325 646 3398 quis
681 3326 808 3395 jam
840 3324 1060 3379 tradita
1105 3323 1415 3394 diligenter
1443 3323 1731 3389 observet,
1761 3320 2080 3393 deprehen-

431 3431 612 3471 surus
645 3417 736 3470 est
787 3430 905 3469 non
954 3413 1025 3468 de
1071 3413 1273 3468 eadem
1325 3411 1420 3466 die
1479 3410 1603 3466 fieri
1659 3427 1988 3466 sermonem
2020 3411 2082 3465 in

431 3508 682 3576 utroque
714 3501 1028 3574 prophetia:
1053 3501 1398 3569 fragmento.
1421 3503 1568 3554 Nam
1599 3499 1656 3554 in
1681 3498 1868 3570 primo
1891 3515 2082 3554 sermo

429 3593 498 3648 ﬁt
529 3594 601 3648 de
632 3591 868 3664 propria
896 3591 1185 3661 cujusque
1214 3587 1742 3658 consummatione,
1768 3587 1916 3644 581
1954 3603 2082 3658 qua)

429 3685 610 3754 prope
644 3681 810 3736 adest
842 3697 854 3734 :
889 3680 947 3734 in
997 3678 1202 3745 altero,
1233 3677 1391 3748 quod
1437 3680 1527 3731 est
1574 3675 1633 3730 in
1685 3675 1979 3744 manibus,
2013 3677 2082 3733 de

429 3770 769 3828 universali.
801 3769 930 3824 Haec
971 3768 1127 3824 enim
1160 3770 1334 3839 ponet
1355 3766 1552 3821 orbem
1574 3770 1738 3820 terrae
1761 3766 2079 3835 desertum,

423 3864 664 3933 propter
693 3859 848 3931 quod
893 3857 1143 3913 infertur
1166 3856 1371 3927 (Vsas.
1399 3856 1486 3928 10)
1521 3873 1534 3910 :
1566 3856 1629 3911 Et
1657 3854 1841 3910 stellae
1881 3857 2003 3911 caeli
2029 3864 2082 3912 et

431 3949 599 4005 Orion
630 3964 739 4003 non
768 3947 974 4002 dabunt
1005 3947 1200 4001 lucem.
1234 3948 1400 4000 Forte
1443 3949 1638 3999 autem
1687 3945 1811 4000 dies
1843 3943 1945 4000 illa
1974 3961 2079 4016 pe-

425 4038 726 4094 culiariter
755 4037 974 4092 dicitur
1004 4035 1150 4100 dies,
1185 4035 1338 4105 quod
1379 4033 1567 4105 ipsius
1598 4037 1789 4089 status
1821 4050 1974 4089 unus
2006 4033 2081 4089 sit

423 4131 480 4183 et
511 4127 689 4183 idem.
714 4126 838 4182 Non
872 4125 1030 4180 enim
1063 4127 1230 4179 nocte
1260 4122 1650 4190 interdicitur,
1677 4137 1783 4178 nec
1813 4137 1942 4177 eam
1973 4123 2080 4178 cir-

427 4216 775 4272 cumscribit
803 4229 1063 4285 vespera.
1095 4213 1160 4268 Et
1191 4213 1330 4284 quia
1360 4229 1428 4267 ea
1458 4228 1585 4282 qum
1619 4211 1677 4264 in
1709 4211 1966 4266 tenebris
1995 4211 2079 4266 la-

421 4306 616 4371 titant,
648 4305 709 4359 in
741 4305 871 4376 ipsa
902 4303 996 4357 die
1023 4303 1387 4373 detegantur,
1411 4301 1537 4356 dies
1568 4300 1668 4356 illa
1698 4300 1820 4356 dies
1848 4301 2080 4373 proprie

421 4393 656 4448 dicitur.
691 4397 763 4446 At
795 4408 928 4447 vero
960 4391 1080 4446 haec
1105 4390 1224 4446 vita
1253 4407 1365 4445 nox
1395 4395 1503 4454 est,
1537 4390 1595 4444 in
1627 4406 1747 4460 qua
1776 4389 2078 4446 occultan-

420 4485 519 4537 tur
548 4479 940 4552 turpitudinis
969 4495 1167 4551 opera.
1202 4477 1364 4534 Unde
1394 4482 1451 4533 et
1481 4476 1564 4532 ait
1594 4493 1608 4533 :
1642 4479 1760 4533 Nox
1801 4494 2081 4550 progressa

418 4578 524 4640 est,
557 4569 672 4626 dies
700 4577 887 4626 autem
924 4567 1388 4640 appropinquavit
1410 4567 1474 4621 ‘3.
1506 4565 1656 4630 Quin
1705 4571 1762 4622 et
1805 4567 1932 4623 dies
1979 4567 2082 4623 illa
2109 4590 2156 4654 D

422 4659 644 4715 dicitur
672 4658 848 4714 etiam
889 4655 1366 4724 immedicabilis,
1401 4655 1558 4726 quod
1589 4654 1716 4712 dies
1761 4657 1972 4712 furoris
2003 4657 2080 4712 sit

421 4753 480 4804 et
506 4749 625 4817 irae,
664 4749 724 4803 in
748 4765 862 4820 qua
892 4747 1054 4801 locus
1087 4761 1203 4800 non
1237 4745 1592 4816 relinquitur
1616 4744 1948 4816 placationi,
1975 4762 2078 4801 nec

428 4837 657 4894 medela
689 4837 812 4892 ulla
836 4836 1019 4907 poenis
1050 4834 1107 4889 in
1137 4851 1206 4891 ea
1235 4834 1475 4890 inﬂictis
1505 4834 1695 4889 afferri
1728 4839 1938 4906 potest.
1971 4837 2080 4891 Ita-

422 4943 538 4999 que
571 4943 643 4982 ne
674 4926 731 4980 in
765 4923 932 4980 illum
966 4923 1122 4979 diem
1153 4922 1493 4980 differamus
1522 4923 1942 4991 confessiones,
1976 4925 2078 4980 sed

499 5098 540 5134 ¹¹
574 5098 596 5154 Ι
627 5101 781 5154 Petr.
815 5112 891 5164 ιν,
927 5095 1014 5151 17.
1093 5095 1138 5130 ¹²
1174 5098 1308 5151 Luc.
1338 5110 1454 5160 xIx,
1485 5094 1576 5150 27.
1655 5095 1698 5131 1'
1730 5095 1894 5151 Rom.
1920 5112 2046 5165 xm,
2081 5096 2168 5153 12.

493 5250 607 5322 (45)
640 5248 740 5306 Ηίο
769 5265 971 5305 vocem
999 5266 1129 5322 φησι
1163 5246 1502 5304 addidimus
1524 5263 1593 5303 ex
1617 5247 1917 5305 codicibus
1948 5248 2076 5321 qui-

421 5323 874 5466 ῢυᾶἓῗῐξῖεῑθιιθε
905 5391 1164 5466 quinque
1193 5385 1652 5466 libriL'Em-iSaiv.
1676 5390 1850 5446 Editi.
1885 5390 2071 5466 Ἐπάν.

419 5457 552 5522 Mox
583 5457 744 5533 editi,
775 5457 979 5536 τρόπον
1025 5457 1126 5531 τῆς
1155 5457 1456 5522 πολιτείας.
1488 5463 1561 5518 At
1600 5467 1720 5518 tres
1750 5479 1910 5530 mss.,
1944 5461 2070 5536 τρό-

419 5481 552 5522 mox
583 5481 744 5533 eum,
775 5484 805 5516 τ
846 5483 979 5515 οπον

417 5557 533 5612 πον,
551 5539 659 5612 τῆς,
677 5481 981 5612 βασιλείας,

488 5602 872 5683 (47)(1ζιάἱοθε
903 5611 1043 5678 tres,
1076 5607 1172 5661 τοῦ
1203 5604 1502 5683 προσώπου
1547 5602 2070 5682 έρυθραινομένου...

421 5678 905 5755 έπὶοημαίνοντος.

2191 3317 2417 3396 ἔρημον.
2476 3320 2539 3376 Ο“
2568 3314 2809 3395 ἀκριϐῶς
2863 3323 3049 3396 τηρῶν
3075 3320 3142 3375 τὰ
3196 3317 3590 3394 ἀποδεδομένα,
3621 3322 3846 3398 εὑρήσει

2191 3409 2274 3464 ὅτι
2333 3409 2396 3464 οὐ
2456 3408 2580 3484 περὶ
2637 3415 2738 3477 τῆς
2798 3407 2964 3479 αὐτῆς
3020 3409 3229 3485 ἡμέρας
3287 3411 3586 3489 ἀμφότεραι
3635 3413 3692 3467 αἱ
3741 3420 3846 3482 τῆς

2189 3497 2523 3574 προφητείας
2580 3497 2873 3574 περικοπαὶ
2931 3495 3264 3574 διηγοῦνται.
3301 3500 3360 3553 Ἡ
3421 3501 3514 3574 μὶν
3572 3501 3674 3577 γὰρ
3706 3521 3849 3575 προ-

2189 3588 2318 3662 τέρα
2371 3589 2496 3662 περί
2543 3593 2644 3657 τῆς
2694 3583 2830 3649 ἰδίας
2877 3586 3101 3642 ἑκάστου
3159 3590 3463 3652 συντελείας
3519 3587 3642 3659 ἥτις
3674 3589 3848 3667 ἐγγὺς

2189 3677 2464 3752 πάρεστιν
2499 3677 2533 3745 ὴ
2568 3673 2626 3730 δὲ
2656 3675 2706 3731 έν
2740 3675 2918 3752 χερσὶ,
2977 3678 3100 3752 περὶ
3155 3684 3254 3747 τῆς
3308 3679 3624 3749 καθολικῆς.
3673 3683 3842 3751 Θήσει

2187 3764 2287 3839 γὰρ
2345 3763 2478 3835 αὕτη
2537 3765 2636 3834 τὴν
2693 3764 3022 3839 οἰκουμένην
3055 3762 3289 3839 ἔρημον,
3321 3764 3410 3822 διὰ
3437 3769 3500 3823 τὸ
3531 3767 3846 3844 έπάγεσθαι,

2191 3852 2275 3907 ὅτι
2333 3854 2436 3911 Καὶ
2493 3854 2546 3908 οἱ
2599 3852 2815 3929 ἀστέρες
2873 3858 2969 3908 τοῦ
3027 3855 3264 3932 οὐρανοῦ
3321 3856 3411 3912 καὶ
3471 3858 3500 3912 ὁ
3536 3858 3730 3934 Ὠρίων
3776 3859 3847 3914 οὗ

2190 3939 2424 3997 δώσουσι
2454 3946 2588 4020 φῶς.
2621 3943 2775 4018 Τάχα
2806 3939 2864 3998 δὲ
2892 3942 3074 4018 ἡμέρα
3133 3943 3345 4019 λέγεται
3393 3945 3593 4019 κυρίως
3638 3945 3848 4020 ἐκείνη,

2189 4029 2278 4085 διὰ
2305 4031 2368 4086 τὸ
2397 4031 2679 4105 ἡνωμένον
2709 4038 2810 4102 τῆς
2843 4035 3236 4096 καταστάσεως·
3298 4035 3378 4091 Ού
3409 4035 3509 4110 γὰρ
3550 4031 3848 4092 διακόπτε-

2186 4141 2273 4175 ται
2323 4120 2496 4188 νυκτὶ,
2557 4117 2682 4176 οὐδὲ
2728 4120 3057 4200 περιγράφει
3105 4121 3272 4192 αὐτὴν
3330 4123 3545 4197 ἑσπέρα.
3596 4126 3695 4178 Καὶ
3753 4122 3849 4179 διὰ

2186 4209 2249 4265 τὸ
2303 4213 2662 4285 φανεροῦσθαι
2739 4211 2792 4264 ἰν
2862 4209 2999 4284 αὐτῇ
3056 4210 3123 4266 τὰ
3177 4211 3390 4284 κρυπτὰ
3445 4216 3541 4268 τοῦ
3591 4212 3846 4285 σκότους,

2187 4297 2368 4374 ἡμέρα
2402 4299 2496 4372 μὶν
2546 4298 2721 4368 ἑκείνή
2771 4298 2971 4372 κυρίως
3025 4301 3502 4377 προσαγορεύεται.
3548 4301 3660 4373 Νὺξ
3694 4301 3754 4358 δέ
3812 4305 3844 4358 ὁ

2193 4388 2308 4463 βίος
2362 4387 2540 4458 οὗτος,
2600 4387 2652 4443 ἐν
2703 4389 2750 4461 ᾧ
2798 4387 3229 4465 συγκεκάλυπται
3285 4392 3351 4446 τὰ
3405 4397 3506 4462 τῆς
3565 4391 3845 4468 αῗσχύνης

2189 4474 2316 4552 ἔργα
2394 4477 2512 4541 ὅθεν
2570 4477 2684 4546 καὶ,
2751 4478 2816 4534 Ἡ
2864 4477 2957 4548 νὺξ
3015 4480 3147 4552 (49),
3207 4479 3361 4558 φησὶ,
3415 4480 3748 4554 προέκοψεν,
3804 4483 3844 4550 ἡ

2189 4563 2247 4620 δὲ
2276 4565 2456 4641 ἡμέρα
2505 4565 2758 4642 ἤγγικεν,
2817 4567 3024 4639 Ἐκείνη
3079 4565 3137 4623 δὲ
3178 4571 3214 4639 ἡ
3265 4570 3447 4646 ἡμέρα
3473 4570 3564 4624 καὶ
3623 4569 3847 4633 ἀνίατος

2188 4654 2428 4730 λέγεται,
2486 4658 2660 4730 Θυμοῦ
2717 4654 2848 4711 οὖσα
2902 4657 2992 4712 καὶ
3024 4657 3210 4733 ὀργῆς,
3270 4657 3322 4713 έν
3379 4657 3415 4732 ᾖ
3463 4659 3566 4714 οὐκ
3591 4657 3737 4714 ἔστιν
3767 4658 3845 4732 ἐξ·

2191 4742 2498 4816 ιλάσασθαι,
2550 4743 2677 4801 οὐδὲ
2729 4749 2844 4801 οἷον
2892 4745 3138 4812 ἰάσασθαι
3195 4746 3323 4810 τοὺς
3380 4749 3840 4824 προσαγομένους

2189 4831 2273 4888 έπ⁹
2328 4834 2463 4908 αὐτῇ
2525 4837 2636 4909 (50)
2667 4834 2887 4899 πόνους.
2922 4837 3014 4906 Μὴ
3049 4837 3138 4892 οὗν
3169 4837 3556 4911 ταμιευώμεθα
3588 4836 3666 4900 εἴς
3699 4839 3841 4894 ὲκεί-

2189 4944 2282 4994 νην
2313 4924 2413 4992 τὴν
2459 4923 2665 4998 ἡμέραν
2714 4927 2809 4990 τὰς
2866 4923 3312 5000 ἐξομολογήσεις,
3352 4925 3500 4983 ἀλλὰ
3543 4929 3838 5001 νοήσωμεν

2258 5248 2349 5320 (48
2407 5247 2648 5304 Codices
2677 5250 2820 5318 tres,
2851 5247 3003 5303 οἶκου
3055 5248 3177 5319 ένην
3209 5246 3369 5321 ὅλην.

2258 5250 2375 5392 (49)
2399 5321 2595 5378 Nostri
2643 5336 2744 5377 sex
2791 5337 2960 5390 mss.,
2993 5269 3170 5392 inde.
3221 5323 3368 5380 Dees

2258 5269 2349 5320 (ιιο
2407 5269 2648 5332 uoalces
2677 5269 2820 5318 tres,
2851 5269 3003 5303 οικου
3055 5269 3177 5319 ενην
3209 5269 3369 5321 οΛην.

2257 5269 2595 5448 (ἓξὶἱξοειιιι
2643 5336 2744 5377 sex
2791 5337 2960 5390 mss.,
2993 5269 3170 5396 ζνύξ.
3221 5323 3396 5380 Deest
3441 5321 3728 5379 articulus
3779 5324 3844 5380 in

2183 5409 2555 5536 Ῠυξξῶῃὲδὶῐί
2585 5467 2642 5520 et
2685 5479 2830 5521 mss.
2865 5465 3155 5536 nonnulli,
3187 5463 3268 5520 ἐπ’
3298 5463 3488 5533 αὐτῆς.
3522 5464 3631 5521 Alii
3664 5481 3843 5535 mss.,

2183 5531 2455 5673 έπέαύτῇ.
2498 5537 2628 5594 Mox
2684 5553 2854 5608 mss.,
2901 5531 3304 5613 ταμιευῶμεθα.
3350 5531 3526 5608 Editi,
3572 5531 3838 5612 ταμιευόλ

2186 5627 2252 5682 με
2289 5627 2341 5666 α.
