  <div class='ocr_page' id='page_1' title='image "/cluster/home/n/w/nwhite01/storage/ocr_20150623/30/hvd.32044073501827/300.png"; bbox 0 0 4118 6220; ppageno 0'>
   <div class='ocr_carea' id='block_1_1' title="bbox 258 380 377 440">
    <p class='ocr_par' dir='ltr' id='par_1_1' title="bbox 258 380 377 440">
     <span class='ocr_line' id='line_1_1' title="bbox 258 380 377 440; baseline 0 0"><span class='ocrx_word' id='word_1_1' title='bbox 258 380 377 440; x_wconf 77' lang='grc'><strong>585</strong></span> 
     </span>
    </p>
   </div>
   <div class='ocr_carea' id='block_1_2' title="bbox 1049 372 2881 439">
    <p class='ocr_par' dir='ltr' id='par_1_2' title="bbox 1049 372 2881 439">
     <span class='ocr_line' id='line_1_2' title="bbox 1049 372 2881 439; baseline -0.002 0"><span class='ocrx_word' id='word_1_2' title='bbox 1049 376 1458 439; x_wconf 76' lang='lat' dir='ltr'><strong>COMMENT.</strong></span> <span class='ocrx_word' id='word_1_3' title='bbox 1505 374 1587 435; x_wconf 81' lang='lat' dir='ltr'><strong>IN</strong></span> <span class='ocrx_word' id='word_1_4' title='bbox 1629 372 1902 436; x_wconf 79' lang='lat' dir='ltr'><strong>ISAIAM</strong></span> <span class='ocrx_word' id='word_1_5' title='bbox 1944 373 2454 436; x_wconf 79' lang='lat' dir='ltr'><strong>PROPHETAM.</strong></span> <span class='ocrx_word' id='word_1_6' title='bbox 2497 372 2668 437; x_wconf 80' lang='lat' dir='ltr'><strong>CAP.</strong></span> <span class='ocrx_word' id='word_1_7' title='bbox 2718 378 2881 439; x_wconf 85' lang='lat' dir='ltr'><strong>XIII.</strong></span> 
     </span>
    </p>
   </div>
   <div class='ocr_carea' id='block_1_3' title="bbox 3550 380 3673 444">
    <p class='ocr_par' dir='ltr' id='par_1_3' title="bbox 3550 380 3673 444">
     <span class='ocr_line' id='line_1_3' title="bbox 3550 380 3673 444; baseline -0.033 0"><span class='ocrx_word' id='word_1_8' title='bbox 3550 380 3673 444; x_wconf 78' lang='lat'><strong>586</strong></span> 
     </span>
    </p>
   </div>
   <div class='ocr_carea' id='block_1_4' title="bbox 251 502 1907 585">
    <p class='ocr_par' dir='ltr' id='par_1_4' title="bbox 251 502 1907 585">
     <span class='ocr_line' id='line_1_4' title="bbox 251 502 1907 585; baseline -0.005 -20"><span class='ocrx_word' id='word_1_9' title='bbox 251 509 319 565; x_wconf 79' lang='grc' dir='ltr'>τὸ</span> <span class='ocrx_word' id='word_1_10' title='bbox 377 507 729 582; x_wconf 75' lang='grc' dir='ltr'>οἰκονομικὸν</span> <span class='ocrx_word' id='word_1_11' title='bbox 785 512 889 577; x_wconf 82' lang='grc' dir='ltr'>τῆς</span> <span class='ocrx_word' id='word_1_12' title='bbox 941 512 1183 585; x_wconf 76' lang='grc' dir='ltr'>Γραφῆς,</span> <span class='ocrx_word' id='word_1_13' title='bbox 1239 502 1407 584; x_wconf 76' lang='grc' dir='ltr'>φόϐον</span> <span class='ocrx_word' id='word_1_14' title='bbox 1466 509 1599 560; x_wconf 80' lang='grc' dir='ltr'>Θεοῦ</span> <span class='ocrx_word' id='word_1_15' title='bbox 1655 505 1907 579; x_wconf 71' lang='grc' dir='ltr'>γεννῆσαι</span> 
     </span>
    </p>
   </div>
   <div class='ocr_carea' id='block_1_5' title="bbox 2024 502 3677 585">
    <p class='ocr_par' dir='ltr' id='par_1_5' title="bbox 2027 506 3677 583">
     <span class='ocr_line' id='line_1_5' title="bbox 2027 506 3677 583; baseline 0.006 -24"><span class='ocrx_word' id='word_1_16' title='bbox 2027 508 2368 576; x_wconf 78' lang='lat' dir='ltr'><strong>reputemus</strong></span> <span class='ocrx_word' id='word_1_17' title='bbox 2399 506 2710 565; x_wconf 89' lang='lat' dir='ltr'><strong>nobiscum</strong></span> <span class='ocrx_word' id='word_1_18' title='bbox 2744 511 3000 580; x_wconf 79' lang='lat' dir='ltr'><strong>prudens</strong></span> <span class='ocrx_word' id='word_1_19' title='bbox 3034 508 3174 565; x_wconf 91' lang='lat' dir='ltr'><strong>illud</strong></span> <span class='ocrx_word' id='word_1_20' title='bbox 3198 511 3516 583; x_wconf 72' lang='lat' dir='ltr'><strong>Scriptum</strong></span> <span class='ocrx_word' id='word_1_21' title='bbox 3543 528 3677 569; x_wconf 88' lang='lat' dir='ltr'><strong>con-</strong></span> 
     </span>
    </p>
   </div>
   <div class='ocr_carea' id='block_1_6' title="bbox 258 592 1913 674">
    <p class='ocr_par' dir='ltr' id='par_1_6' title="bbox 258 592 1913 674">
     <span class='ocr_line' id='line_1_6' title="bbox 258 592 1913 674; baseline -0.004 -21"><span class='ocrx_word' id='word_1_22' title='bbox 258 595 632 674; x_wconf 73' lang='grc' dir='ltr'><strong>βουλομένης,</strong></span> <span class='ocrx_word' id='word_1_23' title='bbox 689 596 779 652; x_wconf 80' lang='grc' dir='ltr'><strong>καὶ</strong></span> <span class='ocrx_word' id='word_1_24' title='bbox 827 593 1244 673; x_wconf 75' lang='grc' dir='ltr'>παιδαγωγῆσαι</span> <span class='ocrx_word' id='word_1_25' title='bbox 1301 593 1429 657; x_wconf 76' lang='grc' dir='ltr'>τοὺς</span> <span class='ocrx_word' id='word_1_26' title='bbox 1484 592 1913 667; x_wconf 74' lang='grc' dir='ltr'><strong>ἐντευξομένους,</strong></span> 
     </span>
    </p>
   </div>
   <div class='ocr_carea' id='block_1_7' title="bbox 254 681 1911 765">
    <p class='ocr_par' dir='ltr' id='par_1_7' title="bbox 254 681 1911 765">
     <span class='ocr_line' id='line_1_7' title="bbox 254 681 1911 765; baseline -0.002 -27"><span class='ocrx_word' id='word_1_27' title='bbox 254 686 581 765; x_wconf 76' lang='grc' dir='ltr'>ἐργάζεσθαι</span> <span class='ocrx_word' id='word_1_28' title='bbox 632 688 771 756; x_wconf 73' lang='grc'>(51),</span> <span class='ocrx_word' id='word_1_29' title='bbox 827 683 934 747; x_wconf 68' lang='grc' dir='ltr'>ἕως</span> <span class='ocrx_word' id='word_1_30' title='bbox 1008 686 1189 761; x_wconf 72' lang='grc' dir='ltr'>ἡμέρα</span> <span class='ocrx_word' id='word_1_31' title='bbox 1266 682 1425 740; x_wconf 71' lang='grc' dir='ltr'>ἐστίν.</span> <span class='ocrx_word' id='word_1_32' title='bbox 1485 685 1742 758; x_wconf 81' lang='grc' dir='ltr'><strong>Ἔρχεται</strong></span> <span class='ocrx_word' id='word_1_33' title='bbox 1798 681 1911 751; x_wconf 78' lang='grc' dir='ltr'>νὺξ,</span> 
     </span>
    </p>
   </div>
   <div class='ocr_carea' id='block_1_8' title="bbox 255 770 1912 849">
    <p class='ocr_par' dir='ltr' id='par_1_8' title="bbox 255 770 1912 849">
     <span class='ocr_line' id='line_1_8' title="bbox 255 770 1912 849; baseline -0.004 -18"><span class='ocrx_word' id='word_1_34' title='bbox 255 776 350 831; x_wconf 72' lang='grc' dir='ltr'>ὅτε</span> <span class='ocrx_word' id='word_1_35' title='bbox 408 774 588 830; x_wconf 80' lang='grc' dir='ltr'>οὐκέτι</span> <span class='ocrx_word' id='word_1_36' title='bbox 664 771 843 836; x_wconf 78' lang='grc' dir='ltr'>οὐδεὶς</span> <span class='ocrx_word' id='word_1_37' title='bbox 904 770 1122 828; x_wconf 79' lang='grc' dir='ltr'>δύναται</span> <span class='ocrx_word' id='word_1_38' title='bbox 1180 772 1518 849; x_wconf 75' lang='grc' dir='ltr'>ἐργάζεσθαι.</span> <span class='ocrx_word' id='word_1_39' title='bbox 1578 773 1639 829; x_wconf 85' lang='grc' dir='ltr'><strong>Ὀ</strong></span> <span class='ocrx_word' id='word_1_40' title='bbox 1707 770 1758 826; x_wconf 81' lang='grc' dir='ltr'><strong>έν</strong></span> <span class='ocrx_word' id='word_1_41' title='bbox 1833 775 1912 841; x_wconf 84' lang='grc' dir='ltr'>τῷ</span> 
     </span>
    </p>
   </div>
   <div class='ocr_carea' id='block_1_9' title="bbox 257 856 1914 939">
    <p class='ocr_par' dir='ltr' id='par_1_9' title="bbox 257 856 1914 939">
     <span class='ocr_line' id='line_1_9' title="bbox 257 856 1914 939; baseline -0.005 -21"><span class='ocrx_word' id='word_1_42' title='bbox 257 863 402 939; x_wconf 77' lang='grc' dir='ltr'>φωτῖ</span> <span class='ocrx_word' id='word_1_43' title='bbox 433 866 540 917; x_wconf 82' lang='grc' dir='ltr'>τῶν</span> <span class='ocrx_word' id='word_1_44' title='bbox 574 860 809 917; x_wconf 75' lang='grc' dir='ltr'><strong>ἐντολῶν</strong></span> <span class='ocrx_word' id='word_1_45' title='bbox 842 864 939 916; x_wconf 76' lang='grc' dir='ltr'><strong>τοῦ</strong></span> <span class='ocrx_word' id='word_1_46' title='bbox 973 864 1211 936; x_wconf 79' lang='grc' dir='ltr'>Χριστοῢ</span> <span class='ocrx_word' id='word_1_47' title='bbox 1257 862 1591 933; x_wconf 81' lang='grc' dir='ltr'>περιπατῶν,</span> <span class='ocrx_word' id='word_1_48' title='bbox 1623 856 1674 912; x_wconf 82' lang='grc' dir='ltr'><strong>έν</strong></span> <span class='ocrx_word' id='word_1_49' title='bbox 1729 858 1914 931; x_wconf 76' lang='grc' dir='ltr'>ἡμέρᾳ</span> 
     </span>
    </p>
   </div>
   <div class='ocr_carea' id='block_1_10' title="bbox 254 944 1909 1027">
    <p class='ocr_par' dir='ltr' id='par_1_10' title="bbox 254 944 1909 1027">
     <span class='ocr_line' id='line_1_10' title="bbox 254 944 1909 1027; baseline -0.006 -18"><span class='ocrx_word' id='word_1_50' title='bbox 254 953 439 1009; x_wconf 67' lang='grc' dir='ltr'>ἑστίν⁶</span> <span class='ocrx_word' id='word_1_51' title='bbox 501 952 530 1007; x_wconf 98' lang='lat'><strong>6</strong></span> <span class='ocrx_word' id='word_1_52' title='bbox 588 947 1028 1027; x_wconf 69' lang='grc' dir='ltr'><strong>παραδεδομένος</strong></span> <span class='ocrx_word' id='word_1_53' title='bbox 1080 953 1160 1021; x_wconf 82' lang='grc' dir='ltr'>τῷ</span> <span class='ocrx_word' id='word_1_54' title='bbox 1215 948 1394 1021; x_wconf 88' lang='grc' dir='ltr'>σκότῳ</span> <span class='ocrx_word' id='word_1_55' title='bbox 1438 951 1520 1020; x_wconf 78' lang='grc' dir='ltr'>τῷ</span> <span class='ocrx_word' id='word_1_56' title='bbox 1571 946 1798 1018; x_wconf 75' lang='grc' dir='ltr'>αἰωνίῳ,</span> <span class='ocrx_word' id='word_1_57' title='bbox 1856 944 1909 1000; x_wconf 84' lang='grc' dir='ltr'><strong>έν</strong></span> 
     </span>
    </p>
   </div>
   <div class='ocr_carea' id='block_1_11' title="bbox 252 1033 1907 1116">
    <p class='ocr_par' dir='ltr' id='par_1_11' title="bbox 252 1033 1907 1116">
     <span class='ocr_line' id='line_1_11' title="bbox 252 1033 1907 1116; baseline -0.005 -19"><span class='ocrx_word' id='word_1_58' title='bbox 252 1043 413 1097; x_wconf 84' lang='grc' dir='ltr'>νυκτὶ</span> <span class='ocrx_word' id='word_1_59' title='bbox 464 1042 766 1116; x_wconf 80' lang='grc' dir='ltr'>γενήσεται.</span> <span class='ocrx_word' id='word_1_60' title='bbox 798 1040 883 1094; x_wconf 85' lang='grc' dir='ltr'>Ἐν</span> <span class='ocrx_word' id='word_1_61' title='bbox 944 1038 1119 1113; x_wconf 71' lang='grc' dir='ltr'>ἑκείνῃ</span> <span class='ocrx_word' id='word_1_62' title='bbox 1177 1041 1246 1112; x_wconf 80' lang='grc' dir='ltr'>τῇ</span> <span class='ocrx_word' id='word_1_63' title='bbox 1302 1037 1451 1092; x_wconf 81' lang='grc' dir='ltr'>νυκτὶ</span> <span class='ocrx_word' id='word_1_64' title='bbox 1503 1036 1679 1091; x_wconf 81' lang='grc' dir='ltr'>οὐκέτι</span> <span class='ocrx_word' id='word_1_65' title='bbox 1729 1033 1907 1111; x_wconf 67' lang='grc' dir='ltr'>ἔργον,</span> 
     </span>
    </p>
   </div>
   <div class='ocr_carea' id='block_1_12' title="bbox 250 1121 1906 1202">
    <p class='ocr_par' dir='ltr' id='par_1_12' title="bbox 250 1121 1906 1202">
     <span class='ocr_line' id='line_1_12' title="bbox 250 1121 1906 1202; baseline -0.005 -16"><span class='ocrx_word' id='word_1_66' title='bbox 250 1130 442 1186; x_wconf 75' lang='grc' dir='ltr'>οὐκέτι</span> <span class='ocrx_word' id='word_1_67' title='bbox 501 1127 922 1202; x_wconf 68' lang='grc' dir='ltr'>ἑξομολόγησιςι</span> <span class='ocrx_word' id='word_1_68' title='bbox 957 1125 1084 1181; x_wconf 81' lang='grc' dir='ltr'>ἀλλ’</span> <span class='ocrx_word' id='word_1_69' title='bbox 1130 1126 1185 1180; x_wconf 72' lang='grc' dir='ltr'>αἱ</span> <span class='ocrx_word' id='word_1_70' title='bbox 1248 1126 1343 1199; x_wconf 77' lang='grc' dir='ltr'>μὲν</span> <span class='ocrx_word' id='word_1_71' title='bbox 1393 1131 1577 1200; x_wconf 83' lang='grc' dir='ltr'>χεῖρες</span> <span class='ocrx_word' id='word_1_72' title='bbox 1627 1121 1906 1197; x_wconf 75' lang='grc' dir='ltr'><strong>δεδεμέναι</strong></span> 
     </span>
    </p>
   </div>
   <div class='ocr_carea' id='block_1_13' title="bbox 245 1215 1905 1291">
    <p class='ocr_par' dir='ltr' id='par_1_13' title="bbox 245 1215 1905 1291">
     <span class='ocr_line' id='line_1_13' title="bbox 245 1215 1905 1291; baseline -0.004 -15"><span class='ocrx_word' id='word_1_73' title='bbox 245 1222 346 1277; x_wconf 78' lang='grc' dir='ltr'><strong>καὶ</strong></span> <span class='ocrx_word' id='word_1_74' title='bbox 380 1222 434 1275; x_wconf 73' lang='grc' dir='ltr'>οἱ</span> <span class='ocrx_word' id='word_1_75' title='bbox 464 1218 626 1281; x_wconf 84' lang='grc' dir='ltr'>πόδες</span> <span class='ocrx_word' id='word_1_76' title='bbox 668 1224 789 1282; x_wconf 83' lang='grc' dir='ltr'>τοῖς</span> <span class='ocrx_word' id='word_1_77' title='bbox 836 1215 1057 1291; x_wconf 75' lang='grc' dir='ltr'>δεσμοῖς</span> <span class='ocrx_word' id='word_1_78' title='bbox 1110 1221 1218 1271; x_wconf 78' lang='grc' dir='ltr'><strong>τῶν</strong></span> <span class='ocrx_word' id='word_1_79' title='bbox 1268 1215 1420 1271; x_wconf 72' lang='grc' dir='ltr'>ΐδίων</span> <span class='ocrx_word' id='word_1_80' title='bbox 1472 1215 1905 1291; x_wconf 73' lang='grc' dir='ltr'><strong>ἁμαρτημάτων.</strong></span> 
     </span>
    </p>
   </div>
   <div class='ocr_carea' id='block_1_14' title="bbox 248 1298 1905 1384">
    <p class='ocr_par' dir='ltr' id='par_1_14' title="bbox 248 1298 1905 1384">
     <span class='ocr_line' id='line_1_14' title="bbox 248 1298 1905 1384; baseline -0.005 -17"><span class='ocrx_word' id='word_1_81' title='bbox 248 1314 527 1381; x_wconf 68' lang='grc' dir='ltr'>Δήσαντες</span> <span class='ocrx_word' id='word_1_82' title='bbox 583 1308 687 1384; x_wconf 79' lang='grc' dir='ltr'><strong>γὰρ</strong></span> <span class='ocrx_word' id='word_1_83' title='bbox 766 1306 926 1362; x_wconf 74' lang='grc' dir='ltr'>αὐτὸν</span> <span class='ocrx_word' id='word_1_84' title='bbox 1000 1310 1201 1382; x_wconf 74' lang='grc' dir='ltr'>χειρῶν</span> <span class='ocrx_word' id='word_1_85' title='bbox 1280 1305 1369 1361; x_wconf 83' lang='grc' dir='ltr'><strong>καὶ</strong></span> <span class='ocrx_word' id='word_1_86' title='bbox 1442 1301 1649 1374; x_wconf 71' lang='grc' dir='ltr'>ποδῶν,</span> <span class='ocrx_word' id='word_1_87' title='bbox 1709 1298 1905 1359; x_wconf 70' lang='grc' dir='ltr'><strong>ἐκϐάλ-</strong></span> 
     </span>
    </p>
   </div>
   <div class='ocr_carea' id='block_1_15' title="bbox 245 1390 1905 1472">
    <p class='ocr_par' dir='ltr' id='par_1_15' title="bbox 245 1390 1905 1472">
     <span class='ocr_line' id='line_1_15' title="bbox 245 1390 1905 1472; baseline -0.007 -15"><span class='ocrx_word' id='word_1_88' title='bbox 245 1401 376 1457; x_wconf 80' lang='grc' dir='ltr'>λετε</span> <span class='ocrx_word' id='word_1_89' title='bbox 406 1400 523 1472; x_wconf 84' lang='grc'><strong>(52)</strong></span> <span class='ocrx_word' id='word_1_90' title='bbox 554 1398 631 1462; x_wconf 75' lang='grc' dir='ltr'>εἰς</span> <span class='ocrx_word' id='word_1_91' title='bbox 659 1398 723 1452; x_wconf 85' lang='grc' dir='ltr'>τὸ</span> <span class='ocrx_word' id='word_1_92' title='bbox 753 1399 946 1460; x_wconf 83' lang='grc' dir='ltr'>σκότος</span> <span class='ocrx_word' id='word_1_93' title='bbox 972 1396 1034 1450; x_wconf 84' lang='grc' dir='ltr'>τὸ</span> <span class='ocrx_word' id='word_1_94' title='bbox 1065 1395 1345 1469; x_wconf 68' lang='grc' dir='ltr'>ἐξώτερον.</span> <span class='ocrx_word' id='word_1_95' title='bbox 1370 1391 1597 1449; x_wconf 80' lang='grc' dir='ltr'>Γλῶσσα</span> <span class='ocrx_word' id='word_1_96' title='bbox 1640 1390 1698 1448; x_wconf 72' lang='grc' dir='ltr'>δὲ</span> <span class='ocrx_word' id='word_1_97' title='bbox 1729 1391 1905 1447; x_wconf 81' lang='grc' dir='ltr'>οὐκέτι</span> 
     </span>
    </p>
   </div>
   <div class='ocr_carea' id='block_1_16' title="bbox 247 1480 1903 1563">
    <p class='ocr_par' dir='ltr' id='par_1_16' title="bbox 247 1480 1903 1563">
     <span class='ocr_line' id='line_1_16' title="bbox 247 1480 1903 1563; baseline -0.006 -18"><span class='ocrx_word' id='word_1_98' title='bbox 247 1486 656 1563; x_wconf 75' lang='grc' dir='ltr'>ἒξομολόγησιν</span> <span class='ocrx_word' id='word_1_99' title='bbox 716 1483 844 1541; x_wconf 73' lang='grc' dir='ltr'>οὐδὲ</span> <span class='ocrx_word' id='word_1_100' title='bbox 900 1482 1096 1540; x_wconf 71' lang='grc' dir='ltr'>αἳνεσιν</span> <span class='ocrx_word' id='word_1_101' title='bbox 1152 1488 1283 1540; x_wconf 81' lang='grc' dir='ltr'>Θεοῦ</span> <span class='ocrx_word' id='word_1_102' title='bbox 1344 1481 1595 1554; x_wconf 75' lang='grc' dir='ltr'>λαλήσει,</span> <span class='ocrx_word' id='word_1_103' title='bbox 1629 1480 1903 1558; x_wconf 86' lang='grc' dir='ltr'>ἀσχολου-</span> 
     </span>
    </p>
   </div>
   <div class='ocr_carea' id='block_1_17' title="bbox 252 1570 1903 1651">
    <p class='ocr_par' dir='ltr' id='par_1_17' title="bbox 252 1570 1903 1651">
     <span class='ocr_line' id='line_1_17' title="bbox 252 1570 1903 1651; baseline -0.003 -20"><span class='ocrx_word' id='word_1_104' title='bbox 252 1577 394 1650; x_wconf 81' lang='grc' dir='ltr'>μένη</span> <span class='ocrx_word' id='word_1_105' title='bbox 452 1575 580 1651; x_wconf 80' lang='grc' dir='ltr'>περὶ</span> <span class='ocrx_word' id='word_1_106' title='bbox 636 1576 729 1630; x_wconf 79' lang='grc' dir='ltr'>τὸν</span> <span class='ocrx_word' id='word_1_107' title='bbox 788 1573 1084 1650; x_wconf 82' lang='grc' dir='ltr'>στεναγμὸν</span> <span class='ocrx_word' id='word_1_108' title='bbox 1135 1573 1225 1627; x_wconf 81' lang='grc' dir='ltr'>τὸν</span> <span class='ocrx_word' id='word_1_109' title='bbox 1278 1573 1339 1627; x_wconf 72' lang='grc' dir='ltr'>ὶκ</span> <span class='ocrx_word' id='word_1_110' title='bbox 1381 1570 1487 1628; x_wconf 85' lang='grc' dir='ltr'>τῶν</span> <span class='ocrx_word' id='word_1_111' title='bbox 1529 1571 1710 1626; x_wconf 83' lang='grc' dir='ltr'>πόνων</span> <span class='ocrx_word' id='word_1_112' title='bbox 1767 1570 1903 1644; x_wconf 82' lang='grc' dir='ltr'>αὐτῇ</span> 
     </span>
    </p>
   </div>
   <div class='ocr_carea' id='block_1_18' title="bbox 244 1656 1901 1742">
    <p class='ocr_par' dir='ltr' id='par_1_18' title="bbox 244 1656 1901 1742">
     <span class='ocr_line' id='line_1_18' title="bbox 244 1656 1901 1742; baseline -0.005 -20"><span class='ocrx_word' id='word_1_113' title='bbox 244 1665 627 1742; x_wconf 70' lang='grc' dir='ltr'>ἓγγινόμενον.</span> <span class='ocrx_word' id='word_1_114' title='bbox 687 1663 786 1718; x_wconf 77' lang='grc' dir='ltr'><strong>Διὰ</strong></span> <span class='ocrx_word' id='word_1_115' title='bbox 865 1666 1028 1719; x_wconf 79' lang='grc' dir='ltr'>τοῦτο</span> <span class='ocrx_word' id='word_1_116' title='bbox 1105 1656 1324 1737; x_wconf 81' lang='grc' dir='ltr'>ἔρχεται</span> <span class='ocrx_word' id='word_1_117' title='bbox 1381 1664 1417 1731; x_wconf 70' lang='grc' dir='ltr'><strong>ἡ</strong></span> <span class='ocrx_word' id='word_1_118' title='bbox 1475 1661 1658 1736; x_wconf 80' lang='grc' dir='ltr'>ἡμέρα</span> <span class='ocrx_word' id='word_1_119' title='bbox 1726 1659 1901 1730; x_wconf 68' lang='grc' dir='ltr'>ἐκείνη</span> 
     </span>
    </p>
   </div>
   <div class='ocr_carea' id='block_1_19' title="bbox 245 1754 633 1826">
    <p class='ocr_par' dir='ltr' id='par_1_19' title="bbox 245 1754 633 1826">
     <span class='ocr_line' id='line_1_19' title="bbox 245 1754 633 1826; baseline -0.005 -15"><span class='ocrx_word' id='word_1_120' title='bbox 245 1754 469 1816; x_wconf 76' lang='grc' dir='ltr'>ἀνίατος</span> <span class='ocrx_word' id='word_1_121' title='bbox 495 1756 633 1826; x_wconf 85' lang='grc'>(53).</span> 
     </span>
    </p>
   </div>
   <div class='ocr_carea' id='block_1_20' title="bbox 321 1835 1898 1915">
    <p class='ocr_par' dir='ltr' id='par_1_20' title="bbox 321 1835 1898 1915">
     <span class='ocr_line' id='line_1_20' title="bbox 321 1835 1898 1915; baseline -0.006 -17"><span class='ocrx_word' id='word_1_122' title='bbox 321 1843 453 1898; x_wconf 83' lang='grc'><strong>266.</strong></span> <span class='ocrx_word' id='word_1_123' title='bbox 485 1840 554 1897; x_wconf 77' lang='grc' dir='ltr'><strong>Οἱ</strong></span> <span class='ocrx_word' id='word_1_124' title='bbox 613 1837 717 1915; x_wconf 77' lang='grc' dir='ltr'><strong>γὰρ</strong></span> <span class='ocrx_word' id='word_1_125' title='bbox 748 1835 989 1915; x_wconf 77' lang='grc' dir='ltr'>’ἀστέρες</span> <span class='ocrx_word' id='word_1_126' title='bbox 1042 1841 1139 1893; x_wconf 77' lang='grc' dir='ltr'>τοῦ</span> <span class='ocrx_word' id='word_1_127' title='bbox 1188 1837 1446 1913; x_wconf 74' lang='grc' dir='ltr'>οὐρανοῦ,</span> <span class='ocrx_word' id='word_1_128' title='bbox 1475 1838 1563 1891; x_wconf 81' lang='grc' dir='ltr'><strong>καὶ</strong></span> <span class='ocrx_word' id='word_1_129' title='bbox 1626 1837 1654 1891; x_wconf 90' lang='lat'><strong>6</strong></span> <span class='ocrx_word' id='word_1_130' title='bbox 1685 1835 1898 1911; x_wconf 88' lang='grc' dir='ltr'>Ὠρίων,</span> 
     </span>
    </p>
   </div>
   <div class='ocr_carea' id='block_1_21' title="bbox 244 1921 1901 2003">
    <p class='ocr_par' dir='ltr' id='par_1_21' title="bbox 244 1921 1901 2003">
     <span class='ocr_line' id='line_1_21' title="bbox 244 1921 1901 2003; baseline -0.004 -19"><span class='ocrx_word' id='word_1_131' title='bbox 244 1930 343 1985; x_wconf 78' lang='grc' dir='ltr'><strong>καὶ</strong></span> <span class='ocrx_word' id='word_1_132' title='bbox 406 1935 513 1991; x_wconf 83' lang='grc' dir='ltr'>πᾶς</span> <span class='ocrx_word' id='word_1_133' title='bbox 571 1928 601 1983; x_wconf 85' lang='lat'><strong>6</strong></span> <span class='ocrx_word' id='word_1_134' title='bbox 651 1928 856 1999; x_wconf 86' lang='grc' dir='ltr'>κόσμος</span> <span class='ocrx_word' id='word_1_135' title='bbox 910 1931 1006 1981; x_wconf 78' lang='grc' dir='ltr'>τοῦ</span> <span class='ocrx_word' id='word_1_136' title='bbox 1063 1927 1295 2003; x_wconf 77' lang='grc' dir='ltr'>οὐρανοῦ</span> <span class='ocrx_word' id='word_1_137' title='bbox 1366 1925 1431 1980; x_wconf 86' lang='grc' dir='ltr'>τὸ</span> <span class='ocrx_word' id='word_1_138' title='bbox 1497 1929 1613 2000; x_wconf 76' lang='grc' dir='ltr'><strong>φῶς</strong></span> <span class='ocrx_word' id='word_1_139' title='bbox 1673 1924 1734 1979; x_wconf 81' lang='grc' dir='ltr'><strong>οὐ</strong></span> <span class='ocrx_word' id='word_1_140' title='bbox 1792 1921 1901 1979; x_wconf 84' lang='grc' dir='ltr'><strong>δώ-</strong></span> 
     </span>
    </p>
   </div>
   <div class='ocr_carea' id='block_1_22' title="bbox 246 2011 1900 2089">
    <p class='ocr_par' dir='ltr' id='par_1_22' title="bbox 246 2011 1900 2089">
     <span class='ocr_line' id='line_1_22' title="bbox 246 2011 1900 2089; baseline -0.004 -16"><span class='ocrx_word' id='word_1_141' title='bbox 246 2039 436 2089; x_wconf 85' lang='grc' dir='ltr'>σουσι,</span> <span class='ocrx_word' id='word_1_142' title='bbox 493 2016 583 2072; x_wconf 79' lang='grc' dir='ltr'><strong>καὶ</strong></span> <span class='ocrx_word' id='word_1_143' title='bbox 660 2017 1067 2085; x_wconf 80' lang='grc' dir='ltr'>σκοτισθήσεται</span> <span class='ocrx_word' id='word_1_144' title='bbox 1150 2018 1247 2070; x_wconf 73' lang='grc' dir='ltr'>τοῦ</span> <span class='ocrx_word' id='word_1_145' title='bbox 1327 2013 1493 2084; x_wconf 73' lang='grc' dir='ltr'>ἡλίου</span> <span class='ocrx_word' id='word_1_146' title='bbox 1575 2011 1900 2070; x_wconf 81' lang='grc' dir='ltr'>ἀνατέλλον-</span> 
     </span>
    </p>
   </div>
   <div class='ocr_carea' id='block_1_23' title="bbox 241 2100 1900 2181">
    <p class='ocr_par' dir='ltr' id='par_1_23' title="bbox 241 2100 1900 2181">
     <span class='ocr_line' id='line_1_23' title="bbox 241 2100 1900 2181; baseline -0.005 -18"><span class='ocrx_word' id='word_1_147' title='bbox 241 2129 371 2176; x_wconf 86' lang='grc' dir='ltr'>τος,</span> <span class='ocrx_word' id='word_1_148' title='bbox 436 2105 527 2162; x_wconf 81' lang='grc' dir='ltr'><strong>καὶ</strong></span> <span class='ocrx_word' id='word_1_149' title='bbox 581 2107 619 2175; x_wconf 76' lang='grc' dir='ltr'><strong>ἡ</strong></span> <span class='ocrx_word' id='word_1_150' title='bbox 673 2102 875 2175; x_wconf 73' lang='grc' dir='ltr'>σελήνη</span> <span class='ocrx_word' id='word_1_151' title='bbox 935 2102 996 2159; x_wconf 77' lang='grc' dir='ltr'>οὐ</span> <span class='ocrx_word' id='word_1_152' title='bbox 1056 2100 1217 2158; x_wconf 86' lang='grc' dir='ltr'>δώσει</span> <span class='ocrx_word' id='word_1_153' title='bbox 1274 2104 1337 2158; x_wconf 89' lang='grc' dir='ltr'>τὸ</span> <span class='ocrx_word' id='word_1_154' title='bbox 1385 2107 1500 2181; x_wconf 79' lang='grc' dir='ltr'><strong>φῶς</strong></span> <span class='ocrx_word' id='word_1_155' title='bbox 1555 2101 1745 2167; x_wconf 74' lang='grc' dir='ltr'>αὐτῆς.</span> <span class='ocrx_word' id='word_1_156' title='bbox 1800 2102 1900 2156; x_wconf 79' lang='grc' dir='ltr'>Καὶ</span> 
     </span>
    </p>
   </div>
   <div class='ocr_carea' id='block_1_24' title="bbox 244 2189 1901 2269">
    <p class='ocr_par' dir='ltr' id='par_1_24' title="bbox 244 2189 1901 2269">
     <span class='ocr_line' id='line_1_24' title="bbox 244 2189 1901 2269; baseline -0.005 -17"><span class='ocrx_word' id='word_1_157' title='bbox 244 2196 583 2269; x_wconf 73' lang='grc' dir='ltr'>ἱντελοῦμαι</span> <span class='ocrx_word' id='word_1_158' title='bbox 638 2198 709 2267; x_wconf 73' lang='grc' dir='ltr'>τῇ</span> <span class='ocrx_word' id='word_1_159' title='bbox 767 2192 1060 2265; x_wconf 74' lang='grc' dir='ltr'>οἰκουμένῃ</span> <span class='ocrx_word' id='word_1_160' title='bbox 1116 2189 1223 2265; x_wconf 72' lang='grc' dir='ltr'><strong>ὅλῃ</strong></span> <span class='ocrx_word' id='word_1_161' title='bbox 1265 2191 1425 2258; x_wconf 75' lang='grc' dir='ltr'>κακὰ,</span> <span class='ocrx_word' id='word_1_162' title='bbox 1456 2190 1545 2246; x_wconf 79' lang='grc' dir='ltr'><strong>καὶ</strong></span> <span class='ocrx_word' id='word_1_163' title='bbox 1599 2196 1717 2253; x_wconf 86' lang='grc' dir='ltr'>τοῖς</span> <span class='ocrx_word' id='word_1_164' title='bbox 1775 2189 1901 2245; x_wconf 81' lang='grc' dir='ltr'>ἀσε-</span> 
     </span>
    </p>
   </div>
   <div class='ocr_carea' id='block_1_25' title="bbox 241 2277 1898 2358">
    <p class='ocr_par' dir='ltr' id='par_1_25' title="bbox 241 2277 1898 2358">
     <span class='ocr_line' id='line_1_25' title="bbox 241 2277 1898 2358; baseline -0.004 -18"><span class='ocrx_word' id='word_1_165' title='bbox 241 2282 370 2341; x_wconf 73' lang='grc' dir='ltr'>ϐέσι</span> <span class='ocrx_word' id='word_1_166' title='bbox 417 2284 514 2344; x_wconf 66' lang='grc' dir='ltr'>τὰς</span> <span class='ocrx_word' id='word_1_167' title='bbox 569 2281 837 2358; x_wconf 80' lang='grc' dir='ltr'>ἁμαρτίας</span> <span class='ocrx_word' id='word_1_168' title='bbox 890 2279 1087 2336; x_wconf 79' lang='grc' dir='ltr'>αὖτῶν.</span> <span class='ocrx_word' id='word_1_169' title='bbox 1121 2284 1376 2351; x_wconf 63' lang='grc' dir='ltr'>Φανερᾶκ</span> <span class='ocrx_word' id='word_1_170' title='bbox 1432 2280 1532 2350; x_wconf 73' lang='grc' dir='ltr'>τὴν</span> <span class='ocrx_word' id='word_1_171' title='bbox 1591 2277 1898 2334; x_wconf 73' lang='grc' dir='ltr'>συντέλειαν</span> 
     </span>
    </p>
   </div>
   <div class='ocr_carea' id='block_1_26' title="bbox 242 2368 1899 2450">
    <p class='ocr_par' dir='ltr' id='par_1_26' title="bbox 242 2368 1899 2450">
     <span class='ocr_line' id='line_1_26' title="bbox 242 2368 1899 2450; baseline -0.002 -22"><span class='ocrx_word' id='word_1_172' title='bbox 242 2371 539 2450; x_wconf 63' lang='grc' dir='ltr'>διαγράφει</span> <span class='ocrx_word' id='word_1_173' title='bbox 571 2371 660 2426; x_wconf 81' lang='grc' dir='ltr'><strong>καὶ</strong></span> <span class='ocrx_word' id='word_1_174' title='bbox 709 2371 810 2439; x_wconf 68' lang='grc' dir='ltr'>τὴν</span> <span class='ocrx_word' id='word_1_175' title='bbox 859 2373 954 2424; x_wconf 80' lang='grc' dir='ltr'><strong>τοῦ</strong></span> <span class='ocrx_word' id='word_1_176' title='bbox 985 2369 1184 2431; x_wconf 82' lang='grc' dir='ltr'>παντὸς</span> <span class='ocrx_word' id='word_1_177' title='bbox 1240 2368 1594 2441; x_wconf 85' lang='grc' dir='ltr'>μεταποίησιν</span> <span class='ocrx_word' id='word_1_178' title='bbox 1624 2370 1652 2423; x_wconf 90' lang='lat'><strong>6</strong></span> <span class='ocrx_word' id='word_1_179' title='bbox 1682 2371 1899 2446; x_wconf 79' lang='grc' dir='ltr'>προφή-</span> 
     </span>
    </p>
   </div>
   <div class='ocr_carea' id='block_1_27' title="bbox 236 2456 1897 2537">
    <p class='ocr_par' dir='ltr' id='par_1_27' title="bbox 236 2456 1897 2537">
     <span class='ocr_line' id='line_1_27' title="bbox 236 2456 1897 2537; baseline -0.004 -18"><span class='ocrx_word' id='word_1_180' title='bbox 236 2484 369 2535; x_wconf 84' lang='grc' dir='ltr'>της.</span> <span class='ocrx_word' id='word_1_181' title='bbox 399 2461 535 2516; x_wconf 84' lang='grc' dir='ltr'>Τότε</span> <span class='ocrx_word' id='word_1_182' title='bbox 560 2461 663 2537; x_wconf 73' lang='grc' dir='ltr'><strong>γὰρ</strong></span> <span class='ocrx_word' id='word_1_183' title='bbox 694 2459 924 2530; x_wconf 68' lang='grc' dir='ltr'>ἡλιακὸν</span> <span class='ocrx_word' id='word_1_184' title='bbox 957 2462 1074 2533; x_wconf 76' lang='grc' dir='ltr'><strong>φῶς</strong></span> <span class='ocrx_word' id='word_1_185' title='bbox 1128 2456 1415 2532; x_wconf 71' lang='grc' dir='ltr'>ἱπιλείψει,</span> <span class='ocrx_word' id='word_1_186' title='bbox 1450 2459 1537 2513; x_wconf 86' lang='grc' dir='ltr'><strong>καὶ</strong></span> <span class='ocrx_word' id='word_1_187' title='bbox 1597 2460 1631 2528; x_wconf 79' lang='grc' dir='ltr'>ἠ</span> <span class='ocrx_word' id='word_1_188' title='bbox 1694 2457 1897 2529; x_wconf 77' lang='grc' dir='ltr'>σελήνη</span> 
     </span>
    </p>
   </div>
   <div class='ocr_carea' id='block_1_28' title="bbox 240 2545 1898 2625">
    <p class='ocr_par' dir='ltr' id='par_1_28' title="bbox 240 2545 1898 2625">
     <span class='ocr_line' id='line_1_28' title="bbox 240 2545 1898 2625; baseline -0.004 -18"><span class='ocrx_word' id='word_1_189' title='bbox 240 2556 414 2625; x_wconf 78' lang='grc' dir='ltr'>σῶμα</span> <span class='ocrx_word' id='word_1_190' title='bbox 441 2545 588 2606; x_wconf 78' lang='grc' dir='ltr'>ἔσται</span> <span class='ocrx_word' id='word_1_191' title='bbox 620 2547 892 2622; x_wconf 71' lang='grc' dir='ltr'>ἀλαμπὲς,</span> <span class='ocrx_word' id='word_1_192' title='bbox 921 2547 1010 2602; x_wconf 74' lang='grc' dir='ltr'>καὶ</span> <span class='ocrx_word' id='word_1_193' title='bbox 1060 2547 1088 2601; x_wconf 85' lang='lat'><strong>6</strong></span> <span class='ocrx_word' id='word_1_194' title='bbox 1120 2547 1338 2619; x_wconf 83' lang='grc' dir='ltr'><strong>Ὠρίων,</strong></span> <span class='ocrx_word' id='word_1_195' title='bbox 1374 2547 1402 2601; x_wconf 92' lang='lat'><strong>6</strong></span> <span class='ocrx_word' id='word_1_196' title='bbox 1449 2548 1745 2624; x_wconf 77' lang='grc' dir='ltr'>φανότατος</span> <span class='ocrx_word' id='word_1_197' title='bbox 1790 2551 1898 2601; x_wconf 80' lang='grc' dir='ltr'><strong>τῶν</strong></span> 
     </span>
    </p>
   </div>
   <div class='ocr_carea' id='block_1_29' title="bbox 239 2634 1901 2715">
    <p class='ocr_par' dir='ltr' id='par_1_29' title="bbox 239 2634 1901 2715">
     <span class='ocr_line' id='line_1_29' title="bbox 239 2634 1901 2715; baseline -0.004 -19"><span class='ocrx_word' id='word_1_198' title='bbox 239 2639 513 2714; x_wconf 70' lang='grc' dir='ltr'>ἀστέρων,</span> <span class='ocrx_word' id='word_1_199' title='bbox 542 2639 606 2694; x_wconf 80' lang='grc' dir='ltr'>τὸ</span> <span class='ocrx_word' id='word_1_200' title='bbox 661 2643 776 2715; x_wconf 73' lang='grc' dir='ltr'><strong>φῶς</strong></span> <span class='ocrx_word' id='word_1_201' title='bbox 823 2635 885 2692; x_wconf 77' lang='grc' dir='ltr'><strong>οὗ</strong></span> <span class='ocrx_word' id='word_1_202' title='bbox 944 2634 1125 2691; x_wconf 85' lang='grc' dir='ltr'>δώσει·</span> <span class='ocrx_word' id='word_1_203' title='bbox 1161 2637 1224 2691; x_wconf 85' lang='lat' dir='ltr'><strong>Ol</strong></span> <span class='ocrx_word' id='word_1_204' title='bbox 1265 2635 1479 2713; x_wconf 80' lang='grc' dir='ltr'>ἀστέρες</span> <span class='ocrx_word' id='word_1_205' title='bbox 1524 2641 1623 2691; x_wconf 78' lang='grc' dir='ltr'><strong>τοῦ</strong></span> <span class='ocrx_word' id='word_1_206' title='bbox 1670 2635 1901 2711; x_wconf 77' lang='grc' dir='ltr'>οὐρανοῦ</span> 
     </span>
    </p>
   </div>
   <div class='ocr_carea' id='block_1_30' title="bbox 237 2721 1900 2804">
    <p class='ocr_par' dir='ltr' id='par_1_30' title="bbox 237 2721 1900 2804">
     <span class='ocr_line' id='line_1_30' title="bbox 237 2721 1900 2804; baseline -0.002 -20"><span class='ocrx_word' id='word_1_207' title='bbox 237 2728 339 2784; x_wconf 81' lang='grc' dir='ltr'><strong>καὶ</strong></span> <span class='ocrx_word' id='word_1_208' title='bbox 368 2729 399 2783; x_wconf 87' lang='lat'><strong>6</strong></span> <span class='ocrx_word' id='word_1_209' title='bbox 429 2726 623 2802; x_wconf 77' lang='grc' dir='ltr'>Ὠρίων</span> <span class='ocrx_word' id='word_1_210' title='bbox 653 2728 716 2781; x_wconf 89' lang='grc' dir='ltr'>τὸ</span> <span class='ocrx_word' id='word_1_211' title='bbox 746 2730 859 2804; x_wconf 75' lang='grc' dir='ltr'><strong>φῶς</strong></span> <span class='ocrx_word' id='word_1_212' title='bbox 908 2725 973 2780; x_wconf 79' lang='grc' dir='ltr'><strong>οὗ</strong></span> <span class='ocrx_word' id='word_1_213' title='bbox 1026 2721 1309 2795; x_wconf 81' lang='grc' dir='ltr'>δώσουσιν,</span> <span class='ocrx_word' id='word_1_214' title='bbox 1343 2724 1471 2799; x_wconf 79' lang='grc' dir='ltr'>οὐχὶ</span> <span class='ocrx_word' id='word_1_215' title='bbox 1524 2725 1900 2797; x_wconf 80' lang='grc' dir='ltr'>σκοτιζόμενοι</span> 
     </span>
    </p>
   </div>
   <div class='ocr_carea' id='block_1_31' title="bbox 240 2813 1899 2893">
    <p class='ocr_par' dir='ltr' id='par_1_31' title="bbox 240 2813 1899 2893">
     <span class='ocr_line' id='line_1_31' title="bbox 240 2813 1899 2893; baseline -0.004 -19"><span class='ocrx_word' id='word_1_216' title='bbox 240 2818 342 2875; x_wconf 77' lang='grc' dir='ltr'>διὰ</span> <span class='ocrx_word' id='word_1_217' title='bbox 371 2818 436 2873; x_wconf 79' lang='grc' dir='ltr'><strong>τὸ</strong></span> <span class='ocrx_word' id='word_1_218' title='bbox 464 2816 885 2893; x_wconf 84' lang='grc' dir='ltr'>καταυγάζεσθαι</span> <span class='ocrx_word' id='word_1_219' title='bbox 921 2814 1025 2869; x_wconf 84' lang='grc' dir='ltr'><strong>ὑπὸ</strong></span> <span class='ocrx_word' id='word_1_220' title='bbox 1071 2819 1180 2869; x_wconf 80' lang='grc' dir='ltr'><strong>τῶν</strong></span> <span class='ocrx_word' id='word_1_221' title='bbox 1222 2818 1320 2869; x_wconf 78' lang='grc' dir='ltr'>τοῦ</span> <span class='ocrx_word' id='word_1_222' title='bbox 1372 2813 1538 2884; x_wconf 82' lang='grc' dir='ltr'>ἡλίου</span> <span class='ocrx_word' id='word_1_223' title='bbox 1596 2813 1899 2870; x_wconf 79' lang='grc' dir='ltr'>ἀνατολῶν·</span> 
     </span>
    </p>
   </div>
   <div class='ocr_carea' id='block_1_32' title="bbox 236 2899 1900 2980">
    <p class='ocr_par' dir='ltr' id='par_1_32' title="bbox 236 2899 1900 2980">
     <span class='ocr_line' id='line_1_32' title="bbox 236 2899 1900 2980; baseline -0.005 -17"><span class='ocrx_word' id='word_1_224' title='bbox 236 2913 415 2963; x_wconf 83' lang='grc' dir='ltr'>τοῦτο</span> <span class='ocrx_word' id='word_1_225' title='bbox 435 2906 541 2980; x_wconf 75' lang='grc' dir='ltr'><strong>γὰρ</strong></span> <span class='ocrx_word' id='word_1_226' title='bbox 562 2905 652 2960; x_wconf 87' lang='grc' dir='ltr'><strong>καὶ</strong></span> <span class='ocrx_word' id='word_1_227' title='bbox 684 2905 738 2959; x_wconf 78' lang='grc' dir='ltr'>ὲν</span> <span class='ocrx_word' id='word_1_228' title='bbox 767 2906 835 2977; x_wconf 78' lang='grc' dir='ltr'>τῇ</span> <span class='ocrx_word' id='word_1_229' title='bbox 865 2906 959 2956; x_wconf 76' lang='grc' dir='ltr'>νῦν</span> <span class='ocrx_word' id='word_1_230' title='bbox 990 2902 1174 2974; x_wconf 76' lang='grc' dir='ltr'>ἡμέρᾳ</span> <span class='ocrx_word' id='word_1_231' title='bbox 1196 2901 1421 2976; x_wconf 80' lang='grc' dir='ltr'>γίνεται,</span> <span class='ocrx_word' id='word_1_232' title='bbox 1454 2899 1542 2954; x_wconf 82' lang='grc' dir='ltr'><strong>καὶ</strong></span> <span class='ocrx_word' id='word_1_233' title='bbox 1573 2901 1718 2977; x_wconf 85' lang='grc' dir='ltr'>παρὰ</span> <span class='ocrx_word' id='word_1_234' title='bbox 1771 2904 1900 2954; x_wconf 83' lang='grc' dir='ltr'>πᾶσι</span> 
     </span>
    </p>
   </div>
   <div class='ocr_carea' id='block_1_33' title="bbox 237 2987 1902 3068">
    <p class='ocr_par' dir='ltr' id='par_1_33' title="bbox 237 2987 1902 3068">
     <span class='ocr_line' id='line_1_33' title="bbox 237 2987 1902 3068; baseline -0.005 -17"><span class='ocrx_word' id='word_1_235' title='bbox 237 3001 365 3058; x_wconf 87' lang='grc' dir='ltr'>τοῖς</span> <span class='ocrx_word' id='word_1_236' title='bbox 401 2994 674 3065; x_wconf 73' lang='grc' dir='ltr'>έξετάσασι</span> <span class='ocrx_word' id='word_1_237' title='bbox 704 2991 772 3047; x_wconf 79' lang='grc' dir='ltr'>τὰ</span> <span class='ocrx_word' id='word_1_238' title='bbox 800 2993 917 3048; x_wconf 83' lang='grc' dir='ltr'>κατ’</span> <span class='ocrx_word' id='word_1_239' title='bbox 968 2990 1192 3067; x_wconf 76' lang='grc' dir='ltr'>οὐρανὸν</span> <span class='ocrx_word' id='word_1_240' title='bbox 1252 2991 1549 3068; x_wconf 79' lang='grc' dir='ltr'>φαινόμενα</span> <span class='ocrx_word' id='word_1_241' title='bbox 1606 2987 1902 3066; x_wconf 82' lang='grc' dir='ltr'>ὁμολογεῖ-</span> 
     </span>
    </p>
   </div>
   <div class='ocr_carea' id='block_1_34' title="bbox 235 3074 1900 3158">
    <p class='ocr_par' dir='ltr' id='par_1_34' title="bbox 235 3074 1900 3158">
     <span class='ocr_line' id='line_1_34' title="bbox 235 3074 1900 3158; baseline -0.005 -17"><span class='ocrx_word' id='word_1_242' title='bbox 235 3108 330 3141; x_wconf 84' lang='grc' dir='ltr'><strong>ται</strong></span> <span class='ocrx_word' id='word_1_243' title='bbox 366 3082 607 3157; x_wconf 62' lang='lat' dir='ltr'><strong>(55),6&#39;1t</strong></span> <span class='ocrx_word' id='word_1_244' title='bbox 639 3081 768 3158; x_wconf 77' lang='grc' dir='ltr'>οὖχῖ</span> <span class='ocrx_word' id='word_1_245' title='bbox 798 3074 1216 3136; x_wconf 74' lang='grc' dir='ltr'>ἀποσϐέννυνται</span> <span class='ocrx_word' id='word_1_246' title='bbox 1248 3079 1301 3134; x_wconf 71' lang='grc' dir='ltr'>οἱ</span> <span class='ocrx_word' id='word_1_247' title='bbox 1327 3077 1545 3156; x_wconf 86' lang='grc' dir='ltr'>ἀστέρες</span> <span class='ocrx_word' id='word_1_248' title='bbox 1577 3079 1630 3133; x_wconf 80' lang='grc' dir='ltr'>ἒν</span> <span class='ocrx_word' id='word_1_249' title='bbox 1660 3083 1739 3150; x_wconf 81' lang='grc' dir='ltr'>τῷ</span> <span class='ocrx_word' id='word_1_250' title='bbox 1769 3079 1900 3151; x_wconf 81' lang='grc' dir='ltr'>ὑπὲρ</span> 
     </span>
    </p>
   </div>
   <div class='ocr_carea' id='block_1_35' title="bbox 233 3167 1900 3252">
    <p class='ocr_par' dir='ltr' id='par_1_35' title="bbox 233 3167 1900 3252">
     <span class='ocr_line' id='line_1_35' title="bbox 233 3167 1900 3252; baseline -0.005 -24"><span class='ocrx_word' id='word_1_251' title='bbox 233 3182 343 3252; x_wconf 80' lang='grc' dir='ltr'><strong>γῆν</strong></span> <span class='ocrx_word' id='word_1_252' title='bbox 407 3170 759 3250; x_wconf 69' lang='grc' dir='ltr'>ἡμισφαιρίῳ</span> <span class='ocrx_word' id='word_1_253' title='bbox 814 3169 1077 3242; x_wconf 80' lang='grc' dir='ltr'>κείμενοι·</span> <span class='ocrx_word' id='word_1_254' title='bbox 1111 3167 1257 3225; x_wconf 80' lang='grc' dir='ltr'>ἀλλὰ</span> <span class='ocrx_word' id='word_1_255' title='bbox 1308 3172 1388 3240; x_wconf 83' lang='grc' dir='ltr'>τῷ</span> <span class='ocrx_word' id='word_1_256' title='bbox 1446 3169 1900 3244; x_wconf 80' lang='grc' dir='ltr'>ὑπεραυγάζεσθαι</span> 
     </span>
    </p>
   </div>
   <div class='ocr_carea' id='block_1_36' title="bbox 234 3234 1976 3332">
    <p class='ocr_par' dir='ltr' id='par_1_36' title="bbox 234 3234 1976 3332">
     <span class='ocr_line' id='line_1_36' title="bbox 234 3234 1976 3332; baseline -0.01 -14"><span class='ocrx_word' id='word_1_257' title='bbox 234 3234 364 3324; x_wconf 58' lang='grc' dir='ltr'>ταῖς</span> <span class='ocrx_word' id='word_1_258' title='bbox 408 3234 674 3332; x_wconf 57' lang='grc' dir='ltr'>ηλιακαῖς</span> <span class='ocrx_word' id='word_1_259' title='bbox 731 3234 942 3313; x_wconf 67' lang='grc' dir='ltr'>ἀκτῖσιν</span> <span class='ocrx_word' id='word_1_260' title='bbox 1000 3234 1446 3331; x_wconf 65' lang='grc' dir='ltr'>ἐξαμαυροῦνται.</span> <span class='ocrx_word' id='word_1_261' title='bbox 1475 3234 1673 3331; x_wconf 44' lang='grc' dir='ltr'>⁶Ὸπερ¹</span> <span class='ocrx_word' id='word_1_262' title='bbox 1703 3234 1794 3311; x_wconf 64' lang='grc' dir='ltr'><strong>καὶ</strong></span> <span class='ocrx_word' id='word_1_263' title='bbox 1848 3256 1900 3311; x_wconf 63' lang='grc' dir='ltr'>ἓν</span> <span class='ocrx_word' id='word_1_264' title='bbox 1932 3234 1976 3301; x_wconf 78' lang='lat' dir='ltr'><strong>C</strong></span> 
     </span>
    </p>
   </div>
   <div class='ocr_carea' id='block_1_37' title="bbox 232 3343 1905 3425">
    <p class='ocr_par' dir='ltr' id='par_1_37' title="bbox 232 3343 1905 3425">
     <span class='ocr_line' id='line_1_37' title="bbox 232 3343 1905 3425; baseline -0.005 -18"><span class='ocrx_word' id='word_1_265' title='bbox 232 3358 364 3414; x_wconf 83' lang='grc' dir='ltr'>ταῖς</span> <span class='ocrx_word' id='word_1_266' title='bbox 426 3350 540 3421; x_wconf 80' lang='grc' dir='ltr'>νυξὶ</span> <span class='ocrx_word' id='word_1_267' title='bbox 600 3348 803 3425; x_wconf 78' lang='grc' dir='ltr'>γίνεται</span> <span class='ocrx_word' id='word_1_268' title='bbox 855 3351 977 3410; x_wconf 82' lang='grc' dir='ltr'>ταῖς</span> <span class='ocrx_word' id='word_1_269' title='bbox 1031 3343 1419 3416; x_wconf 79' lang='grc' dir='ltr'>πανσελήνοις,</span> <span class='ocrx_word' id='word_1_270' title='bbox 1450 3344 1905 3419; x_wconf 74' lang='grc' dir='ltr'>περιλαμποόσης</span> 
     </span>
    </p>
   </div>
   <div class='ocr_carea' id='block_1_38' title="bbox 231 3433 1905 3512">
    <p class='ocr_par' dir='ltr' id='par_1_38' title="bbox 231 3433 1905 3512">
     <span class='ocr_line' id='line_1_38' title="bbox 231 3433 1905 3512; baseline -0.005 -16"><span class='ocrx_word' id='word_1_271' title='bbox 231 3450 341 3511; x_wconf 79' lang='grc' dir='ltr'>τῆς</span> <span class='ocrx_word' id='word_1_272' title='bbox 367 3440 514 3495; x_wconf 81' lang='grc' dir='ltr'><strong>κατᾶ</strong></span> <span class='ocrx_word' id='word_1_273' title='bbox 541 3439 642 3508; x_wconf 81' lang='grc' dir='ltr'>τὴν</span> <span class='ocrx_word' id='word_1_274' title='bbox 675 3433 915 3507; x_wconf 71' lang='grc' dir='ltr'>σελήνην</span> <span class='ocrx_word' id='word_1_275' title='bbox 947 3434 1337 3512; x_wconf 84' lang='grc' dir='ltr'>λαμπρότητος</span> <span class='ocrx_word' id='word_1_276' title='bbox 1365 3433 1493 3498; x_wconf 77' lang='grc' dir='ltr'>τοὺς</span> <span class='ocrx_word' id='word_1_277' title='bbox 1538 3433 1784 3508; x_wconf 75' lang='grc' dir='ltr'>ἀστέρας,</span> <span class='ocrx_word' id='word_1_278' title='bbox 1816 3434 1905 3488; x_wconf 88' lang='grc' dir='ltr'><strong>καὶ</strong></span> 
     </span>
    </p>
   </div>
   <div class='ocr_carea' id='block_1_39' title="bbox 237 3520 1904 3598">
    <p class='ocr_par' dir='ltr' id='par_1_39' title="bbox 237 3520 1904 3598">
     <span class='ocr_line' id='line_1_39' title="bbox 237 3520 1904 3598; baseline -0.007 -12"><span class='ocrx_word' id='word_1_279' title='bbox 237 3532 347 3586; x_wconf 78' lang='grc' dir='ltr'><strong>οὐκ</strong></span> <span class='ocrx_word' id='word_1_280' title='bbox 376 3529 563 3597; x_wconf 64' lang='grc' dir='ltr'>δώσης</span> <span class='ocrx_word' id='word_1_281' title='bbox 592 3525 766 3581; x_wconf 78' lang='grc' dir='ltr'>αὐτῶν</span> <span class='ocrx_word' id='word_1_282' title='bbox 806 3525 903 3587; x_wconf 78' lang='grc' dir='ltr'>τὰς</span> <span class='ocrx_word' id='word_1_283' title='bbox 955 3524 1119 3598; x_wconf 76' lang='grc' dir='ltr'>αὐγὰς</span> <span class='ocrx_word' id='word_1_284' title='bbox 1162 3521 1553 3594; x_wconf 84' lang='grc' dir='ltr'>διαφαίνεσθσι.</span> <span class='ocrx_word' id='word_1_285' title='bbox 1586 3520 1755 3580; x_wconf 73' lang='grc' dir='ltr'>Οὐδὲν</span> <span class='ocrx_word' id='word_1_286' title='bbox 1814 3520 1904 3577; x_wconf 74' lang='grc' dir='ltr'><strong>οὖν</strong></span> 
     </span>
    </p>
   </div>
   <div class='ocr_carea' id='block_1_40' title="bbox 236 3609 1907 3692">
    <p class='ocr_par' dir='ltr' id='par_1_40' title="bbox 236 3609 1907 3692">
     <span class='ocr_line' id='line_1_40' title="bbox 236 3609 1907 3692; baseline -0.006 -18"><span class='ocrx_word' id='word_1_287' title='bbox 236 3618 462 3674; x_wconf 76' lang='grc' dir='ltr'>τούτων</span> <span class='ocrx_word' id='word_1_288' title='bbox 497 3619 606 3670; x_wconf 79' lang='grc' dir='ltr'>τῶν</span> <span class='ocrx_word' id='word_1_289' title='bbox 638 3615 774 3669; x_wconf 81' lang='grc' dir='ltr'>κατᾶ</span> <span class='ocrx_word' id='word_1_290' title='bbox 804 3612 961 3692; x_wconf 77' lang='grc' dir='ltr'>φύσιν</span> <span class='ocrx_word' id='word_1_291' title='bbox 1010 3609 1416 3686; x_wconf 67' lang='grc' dir='ltr'>συμϐαινόντων</span> <span class='ocrx_word' id='word_1_292' title='bbox 1469 3612 1497 3667; x_wconf 87' lang='lat'><strong>6</strong></span> <span class='ocrx_word' id='word_1_293' title='bbox 1548 3610 1714 3688; x_wconf 86' lang='grc' dir='ltr'>λόγος</span> <span class='ocrx_word' id='word_1_294' title='bbox 1769 3632 1907 3686; x_wconf 86' lang='grc' dir='ltr'>παρ-</span> 
     </span>
    </p>
   </div>
   <div class='ocr_carea' id='block_1_41' title="bbox 245 3700 1908 3777">
    <p class='ocr_par' dir='ltr' id='par_1_41' title="bbox 245 3700 1908 3777">
     <span class='ocr_line' id='line_1_41' title="bbox 245 3700 1908 3777; baseline -0.006 -14"><span class='ocrx_word' id='word_1_295' title='bbox 245 3710 490 3777; x_wconf 84' lang='grc' dir='ltr'>ίστησιν,</span> <span class='ocrx_word' id='word_1_296' title='bbox 525 3703 672 3759; x_wconf 76' lang='grc' dir='ltr'>ἀλλὰ</span> <span class='ocrx_word' id='word_1_297' title='bbox 699 3702 938 3770; x_wconf 75' lang='grc' dir='ltr'>παντελῆ</span> <span class='ocrx_word' id='word_1_298' title='bbox 971 3705 1078 3756; x_wconf 78' lang='grc' dir='ltr'>τῶν</span> <span class='ocrx_word' id='word_1_299' title='bbox 1112 3701 1346 3775; x_wconf 70' lang='grc' dir='ltr'>ἀστέρων</span> <span class='ocrx_word' id='word_1_300' title='bbox 1377 3700 1659 3769; x_wconf 88' lang='grc' dir='ltr'>σκότωσιν,</span> <span class='ocrx_word' id='word_1_301' title='bbox 1692 3701 1777 3755; x_wconf 74' lang='grc' dir='ltr'><strong>καὶ</strong></span> <span class='ocrx_word' id='word_1_302' title='bbox 1809 3702 1908 3755; x_wconf 70' lang='grc' dir='ltr'>τοῦ</span> 
     </span>
    </p>
   </div>
   <div class='ocr_carea' id='block_1_42' title="bbox 242 3787 1908 3867">
    <p class='ocr_par' dir='ltr' id='par_1_42' title="bbox 242 3787 1908 3867">
     <span class='ocr_line' id='line_1_42' title="bbox 242 3787 1908 3867; baseline -0.005 -15"><span class='ocrx_word' id='word_1_303' title='bbox 242 3796 451 3857; x_wconf 80' lang='grc' dir='ltr'>παντὸς</span> <span class='ocrx_word' id='word_1_304' title='bbox 489 3792 897 3867; x_wconf 86' lang='grc' dir='ltr'>μετακόσμησιν</span> <span class='ocrx_word' id='word_1_305' title='bbox 940 3793 1067 3863; x_wconf 83' lang='grc'><strong>(55).</strong></span> <span class='ocrx_word' id='word_1_306' title='bbox 1103 3790 1280 3859; x_wconf 80' lang='grc' dir='ltr'>Δῆλον</span> <span class='ocrx_word' id='word_1_307' title='bbox 1330 3787 1388 3845; x_wconf 74' lang='grc' dir='ltr'>δὲ</span> <span class='ocrx_word' id='word_1_308' title='bbox 1435 3788 1517 3845; x_wconf 75' lang='grc' dir='ltr'>ὅτι</span> <span class='ocrx_word' id='word_1_309' title='bbox 1549 3789 1781 3865; x_wconf 86' lang='grc' dir='ltr'>Ὠρίωνα</span> <span class='ocrx_word' id='word_1_310' title='bbox 1819 3787 1908 3844; x_wconf 76' lang='grc' dir='ltr'>λέο</span> 
     </span>
    </p>
   </div>
   <div class='ocr_carea' id='block_1_43' title="bbox 237 3876 1909 3961">
    <p class='ocr_par' dir='ltr' id='par_1_43' title="bbox 237 3876 1909 3961">
     <span class='ocr_line' id='line_1_43' title="bbox 237 3876 1909 3961; baseline -0.004 -22"><span class='ocrx_word' id='word_1_311' title='bbox 237 3906 328 3961; x_wconf 67' lang='grc' dir='ltr'><strong>γει</strong></span> <span class='ocrx_word' id='word_1_312' title='bbox 362 3887 403 3954; x_wconf 75' lang='grc' dir='ltr'>ἠ</span> <span class='ocrx_word' id='word_1_313' title='bbox 432 3883 621 3960; x_wconf 78' lang='grc' dir='ltr'>Γραιρὴ</span> <span class='ocrx_word' id='word_1_314' title='bbox 670 3882 734 3936; x_wconf 85' lang='grc' dir='ltr'>τὸ</span> <span class='ocrx_word' id='word_1_315' title='bbox 788 3878 1039 3952; x_wconf 78' lang='grc' dir='ltr'>σύστημα</span> <span class='ocrx_word' id='word_1_316' title='bbox 1069 3884 1175 3934; x_wconf 85' lang='grc' dir='ltr'><strong>τῶν</strong></span> <span class='ocrx_word' id='word_1_317' title='bbox 1238 3877 1407 3934; x_wconf 68' lang='grc' dir='ltr'>ε’ίκοσι</span> <span class='ocrx_word' id='word_1_318' title='bbox 1455 3878 1545 3933; x_wconf 84' lang='grc' dir='ltr'><strong>καὶ</strong></span> <span class='ocrx_word' id='word_1_319' title='bbox 1599 3876 1695 3932; x_wconf 81' lang='grc' dir='ltr'>δύο</span> <span class='ocrx_word' id='word_1_320' title='bbox 1753 3878 1909 3932; x_wconf 84' lang='grc' dir='ltr'>ἀστέ-</span> 
     </span>
    </p>
   </div>
   <div class='ocr_carea' id='block_1_44' title="bbox 243 3966 1910 4050">
    <p class='ocr_par' dir='ltr' id='par_1_44' title="bbox 243 3966 1910 4050">
     <span class='ocr_line' id='line_1_44' title="bbox 243 3966 1910 4050; baseline -0.006 -21"><span class='ocrx_word' id='word_1_321' title='bbox 243 3996 393 4050; x_wconf 85' lang='grc' dir='ltr'>ρων,</span> <span class='ocrx_word' id='word_1_322' title='bbox 425 3972 489 4027; x_wconf 79' lang='grc' dir='ltr'><strong>δν</strong></span> <span class='ocrx_word' id='word_1_323' title='bbox 519 3991 660 4032; x_wconf 85' lang='grc' dir='ltr'>τινες</span> <span class='ocrx_word' id='word_1_324' title='bbox 710 3973 823 4043; x_wconf 85' lang='grc'>(56)</span> <span class='ocrx_word' id='word_1_325' title='bbox 884 3968 1214 4042; x_wconf 75' lang='grc' dir='ltr'>ὀνομάζουσι</span> <span class='ocrx_word' id='word_1_326' title='bbox 1265 3968 1509 4034; x_wconf 57' lang='grc' dir='ltr'>Βοώτην</span> <span class='ocrx_word' id='word_1_327' title='bbox 1544 3966 1634 4029; x_wconf 75' lang='grc' dir='ltr'><strong>οὓς</strong></span> <span class='ocrx_word' id='word_1_328' title='bbox 1683 3967 1733 4022; x_wconf 80' lang='lat' dir='ltr'><strong>oi</strong></span> <span class='ocrx_word' id='word_1_329' title='bbox 1785 3966 1910 4037; x_wconf 81' lang='grc' dir='ltr'>περὶ</span> 
     </span>
    </p>
   </div>
   <div class='ocr_carea' id='block_1_45' title="bbox 239 4055 1913 4135">
    <p class='ocr_par' dir='ltr' id='par_1_45' title="bbox 239 4055 1913 4135">
     <span class='ocr_line' id='line_1_45' title="bbox 239 4055 1913 4135; baseline -0.005 -17"><span class='ocrx_word' id='word_1_330' title='bbox 239 4067 423 4118; x_wconf 74' lang='grc' dir='ltr'>ταῦτα</span> <span class='ocrx_word' id='word_1_331' title='bbox 455 4058 624 4117; x_wconf 72' lang='grc' dir='ltr'>δεινοὶ</span> <span class='ocrx_word' id='word_1_332' title='bbox 655 4057 1095 4135; x_wconf 79' lang='grc' dir='ltr'>καταμερίζουσι,</span> <span class='ocrx_word' id='word_1_333' title='bbox 1127 4056 1217 4111; x_wconf 84' lang='grc' dir='ltr'><strong>καί</strong></span> <span class='ocrx_word' id='word_1_334' title='bbox 1276 4065 1403 4135; x_wconf 75' lang='grc' dir='ltr'>φασι</span> <span class='ocrx_word' id='word_1_335' title='bbox 1459 4055 1588 4120; x_wconf 77' lang='grc' dir='ltr'>τοὺς</span> <span class='ocrx_word' id='word_1_336' title='bbox 1647 4057 1743 4129; x_wconf 73' lang='grc' dir='ltr'><strong>μὲν</strong></span> <span class='ocrx_word' id='word_1_337' title='bbox 1799 4057 1913 4110; x_wconf 83' lang='grc' dir='ltr'>τέσ-</span> 
     </span>
    </p>
   </div>
   <div class='ocr_carea' id='block_1_46' title="bbox 246 4144 1911 4226">
    <p class='ocr_par' dir='ltr' id='par_1_46' title="bbox 246 4144 1911 4226">
     <span class='ocr_line' id='line_1_46' title="bbox 246 4144 1911 4226; baseline -0.005 -19"><span class='ocrx_word' id='word_1_338' title='bbox 246 4173 429 4226; x_wconf 77' lang='grc' dir='ltr'>σαρας</span> <span class='ocrx_word' id='word_1_339' title='bbox 463 4149 599 4205; x_wconf 76' lang='grc' dir='ltr'>εἶναι</span> <span class='ocrx_word' id='word_1_340' title='bbox 628 4148 816 4224; x_wconf 81' lang='grc' dir='ltr'>τρίτου</span> <span class='ocrx_word' id='word_1_341' title='bbox 850 4147 1128 4224; x_wconf 79' lang='grc' dir='ltr'>μεγέθους,</span> <span class='ocrx_word' id='word_1_342' title='bbox 1152 4146 1302 4201; x_wconf 77' lang='grc' dir='ltr'>ἱννέα</span> <span class='ocrx_word' id='word_1_343' title='bbox 1361 4144 1419 4201; x_wconf 73' lang='grc' dir='ltr'>δὲ</span> <span class='ocrx_word' id='word_1_344' title='bbox 1475 4146 1529 4200; x_wconf 72' lang='grc' dir='ltr'>ἓν</span> <span class='ocrx_word' id='word_1_345' title='bbox 1590 4144 1771 4208; x_wconf 78' lang='grc' dir='ltr'>αὐτοῖς</span> <span class='ocrx_word' id='word_1_346' title='bbox 1826 4166 1911 4200; x_wconf 85' lang='grc' dir='ltr'>τε·</span> 
     </span>
    </p>
   </div>
   <div class='ocr_carea' id='block_1_47' title="bbox 243 4232 1913 4314">
    <p class='ocr_par' dir='ltr' id='par_1_47' title="bbox 243 4232 1913 4314">
     <span class='ocr_line' id='line_1_47' title="bbox 243 4232 1913 4314; baseline -0.005 -20"><span class='ocrx_word' id='word_1_347' title='bbox 243 4239 488 4314; x_wconf 78' lang='grc' dir='ltr'>τάρτου,</span> <span class='ocrx_word' id='word_1_348' title='bbox 518 4234 607 4291; x_wconf 79' lang='grc' dir='ltr'>καί</span> <span class='ocrx_word' id='word_1_349' title='bbox 638 4234 765 4296; x_wconf 77' lang='grc' dir='ltr'>τοὺς</span> <span class='ocrx_word' id='word_1_350' title='bbox 824 4232 1030 4296; x_wconf 76' lang='grc' dir='ltr'>ἄλλους</span> <span class='ocrx_word' id='word_1_351' title='bbox 1078 4232 1227 4289; x_wconf 72' lang='grc' dir='ltr'>ἒννὲα</span> <span class='ocrx_word' id='word_1_352' title='bbox 1278 4237 1374 4288; x_wconf 78' lang='grc' dir='ltr'>τοῦ</span> <span class='ocrx_word' id='word_1_353' title='bbox 1430 4234 1705 4303; x_wconf 74' lang='grc' dir='ltr'>πέμπτου.</span> <span class='ocrx_word' id='word_1_354' title='bbox 1734 4238 1913 4288; x_wconf 85' lang='grc' dir='ltr'>Κεῖται</span> 
     </span>
    </p>
   </div>
   <div class='ocr_carea' id='block_1_48' title="bbox 246 4318 1916 4397">
    <p class='ocr_par' dir='ltr' id='par_1_48' title="bbox 246 4318 1916 4397">
     <span class='ocr_line' id='line_1_48' title="bbox 246 4318 1916 4397; baseline -0.005 -14"><span class='ocrx_word' id='word_1_355' title='bbox 246 4326 313 4383; x_wconf 70' lang='grc' dir='ltr'><strong>δί</strong></span> <span class='ocrx_word' id='word_1_356' title='bbox 342 4331 515 4381; x_wconf 76' lang='grc' dir='ltr'>τοῦτο</span> <span class='ocrx_word' id='word_1_357' title='bbox 544 4326 606 4379; x_wconf 79' lang='grc' dir='ltr'>τὸ</span> <span class='ocrx_word' id='word_1_358' title='bbox 633 4329 742 4379; x_wconf 81' lang='grc' dir='ltr'>τῶν</span> <span class='ocrx_word' id='word_1_359' title='bbox 774 4321 1014 4395; x_wconf 74' lang='grc' dir='ltr'>ἀστέρων</span> <span class='ocrx_word' id='word_1_360' title='bbox 1045 4324 1159 4392; x_wconf 88' lang='grc'>(57)</span> <span class='ocrx_word' id='word_1_361' title='bbox 1190 4318 1464 4396; x_wconf 79' lang='grc' dir='ltr'>ἄθροισμα</span> <span class='ocrx_word' id='word_1_362' title='bbox 1495 4322 1547 4376; x_wconf 81' lang='grc' dir='ltr'><strong>έν</strong></span> <span class='ocrx_word' id='word_1_363' title='bbox 1587 4327 1667 4393; x_wconf 71' lang='grc' dir='ltr'>τῷ</span> <span class='ocrx_word' id='word_1_364' title='bbox 1720 4322 1916 4397; x_wconf 83' lang='grc' dir='ltr'>βορείῳ</span> 
     </span>
    </p>
   </div>
   <div class='ocr_carea' id='block_1_49' title="bbox 250 4409 1915 4491">
    <p class='ocr_par' dir='ltr' id='par_1_49' title="bbox 250 4409 1915 4491">
     <span class='ocr_line' id='line_1_49' title="bbox 250 4409 1915 4491; baseline -0.005 -19"><span class='ocrx_word' id='word_1_365' title='bbox 250 4418 445 4491; x_wconf 74' lang='grc' dir='ltr'>μέρει,</span> <span class='ocrx_word' id='word_1_366' title='bbox 474 4414 608 4490; x_wconf 78' lang='grc' dir='ltr'>ὅπερ</span> <span class='ocrx_word' id='word_1_367' title='bbox 638 4412 729 4469; x_wconf 83' lang='grc' dir='ltr'><strong>καὶ</strong></span> <span class='ocrx_word' id='word_1_368' title='bbox 763 4412 867 4467; x_wconf 80' lang='grc' dir='ltr'>ὑπὸ</span> <span class='ocrx_word' id='word_1_369' title='bbox 895 4418 995 4482; x_wconf 82' lang='grc' dir='ltr'>τῆς</span> <span class='ocrx_word' id='word_1_370' title='bbox 1026 4415 1270 4489; x_wconf 75' lang='grc' dir='ltr'>Γραφῆς,</span> <span class='ocrx_word' id='word_1_371' title='bbox 1298 4411 1372 4473; x_wconf 86' lang='grc' dir='ltr'>ὡς</span> <span class='ocrx_word' id='word_1_372' title='bbox 1407 4409 1463 4465; x_wconf 76' lang='grc' dir='ltr'><strong>’ὲν</strong></span> <span class='ocrx_word' id='word_1_373' title='bbox 1505 4415 1687 4484; x_wconf 81' lang='grc' dir='ltr'>σῶμα,</span> <span class='ocrx_word' id='word_1_374' title='bbox 1719 4410 1915 4487; x_wconf 81' lang='grc' dir='ltr'>Ὠρίων</span> 
     </span>
    </p>
   </div>
   <div class='ocr_carea' id='block_1_50' title="bbox 246 4498 1918 4577">
    <p class='ocr_par' dir='ltr' id='par_1_50' title="bbox 246 4498 1918 4577">
     <span class='ocr_line' id='line_1_50' title="bbox 246 4498 1918 4577; baseline -0.003 -16"><span class='ocrx_word' id='word_1_375' title='bbox 246 4505 605 4577; x_wconf 80' lang='grc' dir='ltr'>ὠνόμασται.</span> <span class='ocrx_word' id='word_1_376' title='bbox 636 4503 841 4574; x_wconf 78' lang='grc' dir='ltr'>Ἄστρα</span> <span class='ocrx_word' id='word_1_377' title='bbox 871 4498 928 4557; x_wconf 68' lang='grc' dir='ltr'>δὲ</span> <span class='ocrx_word' id='word_1_378' title='bbox 954 4503 1121 4555; x_wconf 81' lang='grc' dir='ltr'>ταῦτα</span> <span class='ocrx_word' id='word_1_379' title='bbox 1152 4498 1395 4575; x_wconf 85' lang='grc' dir='ltr'>λέγουσι,</span> <span class='ocrx_word' id='word_1_380' title='bbox 1429 4501 1516 4555; x_wconf 84' lang='grc' dir='ltr'><strong>καὶ</strong></span> <span class='ocrx_word' id='word_1_381' title='bbox 1572 4500 1705 4575; x_wconf 79' lang='grc' dir='ltr'>οὐχὶ</span> <span class='ocrx_word' id='word_1_382' title='bbox 1764 4501 1918 4556; x_wconf 77' lang='grc' dir='ltr'>ἀστέ·</span> 
     </span>
    </p>
   </div>
   <div class='ocr_carea' id='block_1_51' title="bbox 2026 594 3679 669">
    <p class='ocr_par' dir='ltr' id='par_1_51' title="bbox 2026 594 3679 669">
     <span class='ocr_line' id='line_1_51' title="bbox 2026 594 3679 669; baseline 0.005 -20"><span class='ocrx_word' id='word_1_383' title='bbox 2026 594 2248 659; x_wconf 81' lang='lat' dir='ltr'><strong>silium,</strong></span> <span class='ocrx_word' id='word_1_384' title='bbox 2274 613 2398 667; x_wconf 65' lang='lat' dir='ltr'><strong>quin</strong></span> <span class='ocrx_word' id='word_1_385' title='bbox 2420 596 2546 651; x_wconf 84' lang='lat' dir='ltr'><strong>vult</strong></span> <span class='ocrx_word' id='word_1_386' title='bbox 2579 614 2779 669; x_wconf 85' lang='lat' dir='ltr'><strong>parere</strong></span> <span class='ocrx_word' id='word_1_387' title='bbox 2812 600 2979 654; x_wconf 89' lang='lat' dir='ltr'><strong>nobis</strong></span> <span class='ocrx_word' id='word_1_388' title='bbox 3010 604 3064 654; x_wconf 90' lang='lat' dir='ltr'><strong>et</strong></span> <span class='ocrx_word' id='word_1_389' title='bbox 3098 600 3357 656; x_wconf 88' lang='lat' dir='ltr'><strong>incutere</strong></span> <span class='ocrx_word' id='word_1_390' title='bbox 3378 600 3478 656; x_wconf 89' lang='lat' dir='ltr'><strong>Dei</strong></span> <span class='ocrx_word' id='word_1_391' title='bbox 3508 601 3679 657; x_wconf 87' lang='lat' dir='ltr'><strong>timo-</strong></span> 
     </span>
    </p>
   </div>
   <div class='ocr_carea' id='block_1_52' title="bbox 2025 687 3678 758">
    <p class='ocr_par' dir='ltr' id='par_1_52' title="bbox 2025 687 3678 758">
     <span class='ocr_line' id='line_1_52' title="bbox 2025 687 3678 758; baseline 0.004 -20"><span class='ocrx_word' id='word_1_392' title='bbox 2025 700 2172 749; x_wconf 85' lang='lat' dir='ltr'><strong>rem,</strong></span> <span class='ocrx_word' id='word_1_393' title='bbox 2218 701 2453 758; x_wconf 83' lang='lat' dir='ltr'><strong>eosque,</strong></span> <span class='ocrx_word' id='word_1_394' title='bbox 2499 688 2598 758; x_wconf 87' lang='lat' dir='ltr'><strong>qui</strong></span> <span class='ocrx_word' id='word_1_395' title='bbox 2662 688 2781 744; x_wconf 83' lang='lat' dir='ltr'><strong>haec</strong></span> <span class='ocrx_word' id='word_1_396' title='bbox 2834 687 3039 743; x_wconf 87' lang='lat' dir='ltr'><strong>lecturi</strong></span> <span class='ocrx_word' id='word_1_397' title='bbox 3099 694 3285 756; x_wconf 87' lang='lat' dir='ltr'><strong>erant,</strong></span> <span class='ocrx_word' id='word_1_398' title='bbox 3319 690 3505 745; x_wconf 90' lang='lat' dir='ltr'><strong>donec</strong></span> <span class='ocrx_word' id='word_1_399' title='bbox 3552 690 3678 746; x_wconf 89' lang='lat' dir='ltr'><strong>dies</strong></span> 
     </span>
    </p>
   </div>
   <div class='ocr_carea' id='block_1_53' title="bbox 2023 774 3676 848">
    <p class='ocr_par' dir='ltr' id='par_1_53' title="bbox 2023 774 3676 848">
     <span class='ocr_line' id='line_1_53' title="bbox 2023 774 3676 848; baseline 0.004 -20"><span class='ocrx_word' id='word_1_400' title='bbox 2023 778 2131 840; x_wconf 89' lang='lat' dir='ltr'><strong>est,</strong></span> <span class='ocrx_word' id='word_1_401' title='bbox 2164 774 2235 828; x_wconf 87' lang='lat' dir='ltr'><strong>ad</strong></span> <span class='ocrx_word' id='word_1_402' title='bbox 2268 777 2631 846; x_wconf 84' lang='lat' dir='ltr'><strong>operandum</strong></span> <span class='ocrx_word' id='word_1_403' title='bbox 2665 777 2915 832; x_wconf 84' lang='lat' dir='ltr'><strong>erudire.</strong></span> <span class='ocrx_word' id='word_1_404' title='bbox 2956 779 3109 833; x_wconf 64' lang='lat' dir='ltr'><strong>Venit</strong></span> <span class='ocrx_word' id='word_1_405' title='bbox 3139 794 3269 845; x_wconf 75' lang='lat' dir='ltr'><strong>nox,</strong></span> <span class='ocrx_word' id='word_1_406' title='bbox 3301 777 3520 848; x_wconf 84' lang='lat' dir='ltr'><strong>quando</strong></span> <span class='ocrx_word' id='word_1_407' title='bbox 3548 795 3676 835; x_wconf 88' lang='lat' dir='ltr'><strong>am-</strong></span> 
     </span>
    </p>
   </div>
   <div class='ocr_carea' id='block_1_54' title="bbox 2022 859 3678 937">
    <p class='ocr_par' dir='ltr' id='par_1_54' title="bbox 2022 859 3678 937">
     <span class='ocr_line' id='line_1_54' title="bbox 2022 859 3678 937; baseline 0.007 -25"><span class='ocrx_word' id='word_1_408' title='bbox 2022 859 2178 932; x_wconf 88' lang='lat' dir='ltr'><strong>plius</strong></span> <span class='ocrx_word' id='word_1_409' title='bbox 2228 879 2384 917; x_wconf 76' lang='lat' dir='ltr'><strong>nemo</strong></span> <span class='ocrx_word' id='word_1_410' title='bbox 2440 874 2616 934; x_wconf 78' lang='lat' dir='ltr'><strong>potest</strong></span> <span class='ocrx_word' id='word_1_411' title='bbox 2658 868 2880 935; x_wconf 78' lang='lat' dir='ltr'><strong>operari</strong></span> <span class='ocrx_word' id='word_1_412' title='bbox 2905 867 2962 919; x_wconf 69' lang='grc' dir='ltr'><strong>η.</strong></span> <span class='ocrx_word' id='word_1_413' title='bbox 3004 866 3280 937; x_wconf 59' lang='lat' dir='ltr'><strong>Quisquis</strong></span> <span class='ocrx_word' id='word_1_414' title='bbox 3336 867 3397 922; x_wconf 88' lang='lat' dir='ltr'><strong>in</strong></span> <span class='ocrx_word' id='word_1_415' title='bbox 3454 867 3678 923; x_wconf 86' lang='lat' dir='ltr'><strong>lumine</strong></span> 
     </span>
    </p>
   </div>
   <div class='ocr_carea' id='block_1_55' title="bbox 2021 951 3673 1027">
    <p class='ocr_par' dir='ltr' id='par_1_55' title="bbox 2021 951 3673 1027">
     <span class='ocr_line' id='line_1_55' title="bbox 2021 951 3673 1027; baseline 0.005 -24"><span class='ocrx_word' id='word_1_416' title='bbox 2021 951 2433 1007; x_wconf 80' lang='lat' dir='ltr'><strong>mandatorum</strong></span> <span class='ocrx_word' id='word_1_417' title='bbox 2467 952 2678 1009; x_wconf 80' lang='lat' dir='ltr'><strong>Christi</strong></span> <span class='ocrx_word' id='word_1_418' title='bbox 2711 954 2989 1021; x_wconf 74' lang='lat' dir='ltr'><strong>ambulat,</strong></span> <span class='ocrx_word' id='word_1_419' title='bbox 3019 962 3281 1010; x_wconf 78' lang='lat' dir='ltr'><strong>versatur</strong></span> <span class='ocrx_word' id='word_1_420' title='bbox 3307 955 3365 1009; x_wconf 89' lang='lat' dir='ltr'><strong>in</strong></span> <span class='ocrx_word' id='word_1_421' title='bbox 3398 956 3493 1010; x_wconf 90' lang='lat' dir='ltr'><strong>die</strong></span> <span class='ocrx_word' id='word_1_422' title='bbox 3527 974 3540 1011; x_wconf 88' lang='lat'><strong>:</strong></span> <span class='ocrx_word' id='word_1_423' title='bbox 3570 956 3673 1027; x_wconf 88' lang='lat' dir='ltr'><strong>qui</strong></span> 
     </span>
    </p>
   </div>
   <div class='ocr_carea' id='block_1_56' title="bbox 2017 1039 3670 1113">
    <p class='ocr_par' dir='ltr' id='par_1_56' title="bbox 2017 1039 3670 1113">
     <span class='ocr_line' id='line_1_56' title="bbox 2017 1039 3670 1113; baseline 0.004 -20"><span class='ocrx_word' id='word_1_424' title='bbox 2017 1039 2251 1093; x_wconf 68' lang='lat' dir='ltr'><strong>teternis</strong></span> <span class='ocrx_word' id='word_1_425' title='bbox 2310 1041 2563 1096; x_wconf 72' lang='lat' dir='ltr'><strong>tenebris</strong></span> <span class='ocrx_word' id='word_1_426' title='bbox 2621 1042 2895 1097; x_wconf 81' lang='lat' dir='ltr'><strong>addictus</strong></span> <span class='ocrx_word' id='word_1_427' title='bbox 2951 1051 3059 1113; x_wconf 80' lang='lat' dir='ltr'><strong>est,</strong></span> <span class='ocrx_word' id='word_1_428' title='bbox 3099 1042 3156 1097; x_wconf 91' lang='lat' dir='ltr'><strong>in</strong></span> <span class='ocrx_word' id='word_1_429' title='bbox 3216 1050 3386 1099; x_wconf 90' lang='lat' dir='ltr'><strong>nocte</strong></span> <span class='ocrx_word' id='word_1_430' title='bbox 3441 1046 3571 1099; x_wconf 91' lang='lat' dir='ltr'><strong>erit.</strong></span> <span class='ocrx_word' id='word_1_431' title='bbox 3606 1045 3670 1100; x_wconf 91' lang='lat' dir='ltr'><strong>In</strong></span> 
     </span>
    </p>
   </div>
   <div class='ocr_carea' id='block_1_57' title="bbox 2020 1127 3672 1204">
    <p class='ocr_par' dir='ltr' id='par_1_57' title="bbox 2020 1127 3672 1204">
     <span class='ocr_line' id='line_1_57' title="bbox 2020 1127 3672 1204; baseline 0.004 -23"><span class='ocrx_word' id='word_1_432' title='bbox 2020 1133 2185 1183; x_wconf 85' lang='lat' dir='ltr'><strong>nocte</strong></span> <span class='ocrx_word' id='word_1_433' title='bbox 2214 1127 2313 1183; x_wconf 89' lang='lat' dir='ltr'><strong>illa</strong></span> <span class='ocrx_word' id='word_1_434' title='bbox 2345 1146 2456 1184; x_wconf 89' lang='lat' dir='ltr'><strong>non</strong></span> <span class='ocrx_word' id='word_1_435' title='bbox 2506 1131 2756 1202; x_wconf 79' lang='lat' dir='ltr'><strong>amplius</strong></span> <span class='ocrx_word' id='word_1_436' title='bbox 2789 1149 2956 1203; x_wconf 91' lang='lat' dir='ltr'><strong>opus,</strong></span> <span class='ocrx_word' id='word_1_437' title='bbox 2990 1150 3100 1188; x_wconf 91' lang='lat' dir='ltr'><strong>non</strong></span> <span class='ocrx_word' id='word_1_438' title='bbox 3153 1133 3409 1204; x_wconf 81' lang='lat' dir='ltr'><strong>amplius</strong></span> <span class='ocrx_word' id='word_1_439' title='bbox 3438 1132 3672 1189; x_wconf 80' lang='lat' dir='ltr'><strong>confes-</strong></span> 
     </span>
    </p>
   </div>
   <div class='ocr_carea' id='block_1_58' title="bbox 2018 1217 3665 1289">
    <p class='ocr_par' dir='ltr' id='par_1_58' title="bbox 2018 1217 3665 1289">
     <span class='ocr_line' id='line_1_58' title="bbox 2018 1217 3665 1289; baseline 0.004 -19"><span class='ocrx_word' id='word_1_440' title='bbox 2018 1217 2156 1272; x_wconf 89' lang='lat' dir='ltr'><strong>sio:</strong></span> <span class='ocrx_word' id='word_1_441' title='bbox 2200 1220 2297 1272; x_wconf 91' lang='lat' dir='ltr'><strong>sed</strong></span> <span class='ocrx_word' id='word_1_442' title='bbox 2365 1236 2576 1274; x_wconf 88' lang='lat' dir='ltr'><strong>manus</strong></span> <span class='ocrx_word' id='word_1_443' title='bbox 2634 1237 2698 1274; x_wconf 86' lang='lat' dir='ltr'><strong>ac</strong></span> <span class='ocrx_word' id='word_1_444' title='bbox 2760 1222 2933 1289; x_wconf 81' lang='lat' dir='ltr'><strong>pedes</strong></span> <span class='ocrx_word' id='word_1_445' title='bbox 2991 1221 3237 1276; x_wconf 68' lang='lat' dir='ltr'><strong>vinculis</strong></span> <span class='ocrx_word' id='word_1_446' title='bbox 3295 1227 3665 1289; x_wconf 77' lang='lat' dir='ltr'><strong>peccatorum</strong></span> 
     </span>
    </p>
   </div>
   <div class='ocr_carea' id='block_1_59' title="bbox 2018 1307 3668 1381">
    <p class='ocr_par' dir='ltr' id='par_1_59' title="bbox 2018 1307 3668 1381">
     <span class='ocr_line' id='line_1_59' title="bbox 2018 1307 3668 1381; baseline 0.002 -20"><span class='ocrx_word' id='word_1_447' title='bbox 2018 1322 2259 1361; x_wconf 90' lang='lat' dir='ltr'><strong>suorum</strong></span> <span class='ocrx_word' id='word_1_448' title='bbox 2297 1307 2661 1378; x_wconf 86' lang='lat' dir='ltr'><strong>ligabuntur.</strong></span> <span class='ocrx_word' id='word_1_449' title='bbox 2695 1310 2920 1363; x_wconf 69' lang='lat' dir='ltr'><strong>Etenim</strong></span> <span class='ocrx_word' id='word_1_450' title='bbox 2955 1311 3229 1365; x_wconf 87' lang='lat' dir='ltr'><strong>manibus</strong></span> <span class='ocrx_word' id='word_1_451' title='bbox 3259 1312 3387 1380; x_wconf 87' lang='lat' dir='ltr'><strong>ejus</strong></span> <span class='ocrx_word' id='word_1_452' title='bbox 3417 1314 3475 1365; x_wconf 91' lang='lat' dir='ltr'><strong>et</strong></span> <span class='ocrx_word' id='word_1_453' title='bbox 3501 1309 3668 1381; x_wconf 88' lang='lat' dir='ltr'><strong>pedi-</strong></span> 
     </span>
    </p>
   </div>
   <div class='ocr_carea' id='block_1_60' title="bbox 2020 1394 3665 1466">
    <p class='ocr_par' dir='ltr' id='par_1_60' title="bbox 2020 1394 3665 1466">
     <span class='ocr_line' id='line_1_60' title="bbox 2020 1394 3665 1466; baseline 0.003 -18"><span class='ocrx_word' id='word_1_454' title='bbox 2020 1394 2126 1449; x_wconf 89' lang='lat' dir='ltr'><strong>bus</strong></span> <span class='ocrx_word' id='word_1_455' title='bbox 2186 1394 2401 1466; x_wconf 78' lang='lat' dir='ltr'><strong>ligatis,</strong></span> <span class='ocrx_word' id='word_1_456' title='bbox 2445 1397 2636 1465; x_wconf 79' lang='lat' dir='ltr'><strong>ejicite</strong></span> <span class='ocrx_word' id='word_1_457' title='bbox 2691 1400 2746 1451; x_wconf 90' lang='lat' dir='ltr'><strong>in</strong></span> <span class='ocrx_word' id='word_1_458' title='bbox 2800 1399 3070 1453; x_wconf 85' lang='lat' dir='ltr'><strong>tenebras</strong></span> <span class='ocrx_word' id='word_1_459' title='bbox 3120 1398 3433 1453; x_wconf 82' lang='lat' dir='ltr'><strong>exteriores</strong></span> <span class='ocrx_word' id='word_1_460' title='bbox 3457 1399 3519 1452; x_wconf 87' lang='grc'><strong>¹⁸.</strong></span> <span class='ocrx_word' id='word_1_461' title='bbox 3548 1398 3665 1453; x_wconf 79' lang='lat' dir='ltr'><strong>Nec</strong></span> 
     </span>
    </p>
   </div>
   <div class='ocr_carea' id='block_1_61' title="bbox 2015 1483 3662 1558">
    <p class='ocr_par' dir='ltr' id='par_1_61' title="bbox 2015 1483 3662 1558">
     <span class='ocr_line' id='line_1_61' title="bbox 2015 1483 3662 1558; baseline 0.002 -20"><span class='ocrx_word' id='word_1_462' title='bbox 2015 1483 2270 1555; x_wconf 86' lang='lat' dir='ltr'><strong>amplius</strong></span> <span class='ocrx_word' id='word_1_463' title='bbox 2327 1486 2600 1557; x_wconf 89' lang='lat' dir='ltr'><strong>loquetur</strong></span> <span class='ocrx_word' id='word_1_464' title='bbox 2657 1486 2860 1558; x_wconf 82' lang='lat' dir='ltr'><strong>lingua</strong></span> <span class='ocrx_word' id='word_1_465' title='bbox 2906 1487 3355 1558; x_wconf 81' lang='lat' dir='ltr'><strong>confessionem,</strong></span> <span class='ocrx_word' id='word_1_466' title='bbox 3408 1492 3512 1542; x_wconf 88' lang='lat' dir='ltr'><strong>aut</strong></span> <span class='ocrx_word' id='word_1_467' title='bbox 3564 1487 3662 1543; x_wconf 89' lang='lat' dir='ltr'><strong>Dei</strong></span> 
     </span>
    </p>
   </div>
   <div class='ocr_carea' id='block_1_62' title="bbox 2015 1570 3661 1647">
    <p class='ocr_par' dir='ltr' id='par_1_62' title="bbox 2015 1570 3661 1647">
     <span class='ocr_line' id='line_1_62' title="bbox 2015 1570 3661 1647; baseline 0.002 -21"><span class='ocrx_word' id='word_1_468' title='bbox 2015 1570 2247 1628; x_wconf 85' lang='lat' dir='ltr'><strong>laudem</strong></span> <span class='ocrx_word' id='word_1_469' title='bbox 2283 1589 2295 1628; x_wconf 94' lang='lat'>:</span> <span class='ocrx_word' id='word_1_470' title='bbox 2332 1574 2546 1645; x_wconf 77' lang='lat' dir='ltr'><strong>quippe</strong></span> <span class='ocrx_word' id='word_1_471' title='bbox 2587 1573 2645 1629; x_wconf 89' lang='lat' dir='ltr'><strong>in</strong></span> <span class='ocrx_word' id='word_1_472' title='bbox 2679 1573 2838 1629; x_wconf 91' lang='lat' dir='ltr'><strong>luctu</strong></span> <span class='ocrx_word' id='word_1_473' title='bbox 2869 1576 3334 1647; x_wconf 85' lang='lat' dir='ltr'><strong>quem-irrogata</strong></span> <span class='ocrx_word' id='word_1_474' title='bbox 3364 1574 3477 1631; x_wconf 87' lang='lat' dir='ltr'><strong>sibi</strong></span> <span class='ocrx_word' id='word_1_475' title='bbox 3520 1591 3661 1646; x_wconf 87' lang='lat' dir='ltr'><strong>sup-</strong></span> 
     </span>
    </p>
   </div>
   <div class='ocr_carea' id='block_1_63' title="bbox 2013 1660 3662 1734">
    <p class='ocr_par' dir='ltr' id='par_1_63' title="bbox 2013 1660 3662 1734">
     <span class='ocr_line' id='line_1_63' title="bbox 2013 1660 3662 1734; baseline 0.001 -20"><span class='ocrx_word' id='word_1_476' title='bbox 2013 1660 2181 1730; x_wconf 78' lang='lat' dir='ltr'><strong>plicia</strong></span> <span class='ocrx_word' id='word_1_477' title='bbox 2215 1661 2473 1726; x_wconf 81' lang='lat' dir='ltr'><strong>alferent,</strong></span> <span class='ocrx_word' id='word_1_478' title='bbox 2508 1663 2909 1734; x_wconf 79' lang='lat' dir='ltr'><strong>occupabitur.</strong></span> <span class='ocrx_word' id='word_1_479' title='bbox 2942 1664 3083 1717; x_wconf 76' lang='lat' dir='ltr'><strong>Eam</strong></span> <span class='ocrx_word' id='word_1_480' title='bbox 3114 1662 3187 1717; x_wconf 92' lang='lat' dir='ltr'><strong>ob</strong></span> <span class='ocrx_word' id='word_1_481' title='bbox 3228 1678 3348 1718; x_wconf 88' lang='lat' dir='ltr'><strong>rem</strong></span> <span class='ocrx_word' id='word_1_482' title='bbox 3378 1662 3536 1718; x_wconf 83' lang='lat' dir='ltr'><strong>venit</strong></span> <span class='ocrx_word' id='word_1_483' title='bbox 3564 1663 3662 1717; x_wconf 90' lang='lat' dir='ltr'><strong>in-</strong></span> 
     </span>
    </p>
   </div>
   <div class='ocr_carea' id='block_1_64' title="bbox 2013 1749 2599 1807">
    <p class='ocr_par' dir='ltr' id='par_1_64' title="bbox 2013 1749 2599 1807">
     <span class='ocr_line' id='line_1_64' title="bbox 2013 1749 2599 1807; baseline 0.003 -2"><span class='ocrx_word' id='word_1_484' title='bbox 2013 1749 2296 1805; x_wconf 88' lang='lat' dir='ltr'><strong>sanabilis</strong></span> <span class='ocrx_word' id='word_1_485' title='bbox 2326 1749 2427 1805; x_wconf 86' lang='lat' dir='ltr'><strong>illa</strong></span> <span class='ocrx_word' id='word_1_486' title='bbox 2455 1749 2599 1807; x_wconf 91' lang='lat' dir='ltr'><strong>dies.</strong></span> 
     </span>
    </p>
   </div>
   <div class='ocr_carea' id='block_1_65' title="bbox 2080 1841 3662 1912">
    <p class='ocr_par' dir='ltr' id='par_1_65' title="bbox 2080 1841 3662 1912">
     <span class='ocr_line' id='line_1_65' title="bbox 2080 1841 3662 1912; baseline 0.003 -19"><span class='ocrx_word' id='word_1_487' title='bbox 2080 1841 2205 1895; x_wconf 84' lang='lat'><strong>266.</strong></span> <span class='ocrx_word' id='word_1_488' title='bbox 2230 1843 2503 1906; x_wconf 75' lang='lat' dir='ltr'><strong>Vsas.lO,</strong></span> <span class='ocrx_word' id='word_1_489' title='bbox 2521 1843 2605 1897; x_wconf 89' lang='grc'><strong>11.</strong></span> <span class='ocrx_word' id='word_1_490' title='bbox 2626 1843 2764 1898; x_wconf 83' lang='lat' dir='ltr'><strong>Nam</strong></span> <span class='ocrx_word' id='word_1_491' title='bbox 2783 1843 2962 1900; x_wconf 66' lang='lat' dir='ltr'><strong>stellae</strong></span> <span class='ocrx_word' id='word_1_492' title='bbox 2978 1842 3101 1897; x_wconf 64' lang='lat' dir='ltr'><strong>caeli</strong></span> <span class='ocrx_word' id='word_1_493' title='bbox 3120 1844 3169 1897; x_wconf 84' lang='lat' dir='ltr'><strong>el</strong></span> <span class='ocrx_word' id='word_1_494' title='bbox 3194 1842 3387 1912; x_wconf 81' lang='lat' dir='ltr'><strong>Orion,</strong></span> <span class='ocrx_word' id='word_1_495' title='bbox 3407 1849 3459 1899; x_wconf 77' lang='lat' dir='ltr'><strong>et</strong></span> <span class='ocrx_word' id='word_1_496' title='bbox 3482 1844 3662 1898; x_wconf 74' lang='lat' dir='ltr'><strong>omnis</strong></span> 
     </span>
    </p>
   </div>
   <div class='ocr_carea' id='block_1_66' title="bbox 2010 1931 3664 1999">
    <p class='ocr_par' dir='ltr' id='par_1_66' title="bbox 2010 1931 3664 1999">
     <span class='ocr_line' id='line_1_66' title="bbox 2010 1931 3664 1999; baseline 0.001 -14"><span class='ocrx_word' id='word_1_497' title='bbox 2010 1935 2238 1985; x_wconf 78' lang='lat' dir='ltr'><strong>ornatus</strong></span> <span class='ocrx_word' id='word_1_498' title='bbox 2283 1931 2410 1987; x_wconf 63' lang='lat' dir='ltr'><strong>mali</strong></span> <span class='ocrx_word' id='word_1_499' title='bbox 2456 1931 2634 1987; x_wconf 86' lang='lat' dir='ltr'><strong>lucem</strong></span> <span class='ocrx_word' id='word_1_500' title='bbox 2676 1948 2784 1987; x_wconf 79' lang='lat' dir='ltr'><strong>non</strong></span> <span class='ocrx_word' id='word_1_501' title='bbox 2834 1932 3068 1999; x_wconf 76' lang='lat' dir='ltr'><strong>dabunt,</strong></span> <span class='ocrx_word' id='word_1_502' title='bbox 3110 1936 3162 1987; x_wconf 89' lang='lat' dir='ltr'><strong>et</strong></span> <span class='ocrx_word' id='word_1_503' title='bbox 3213 1931 3664 1989; x_wconf 81' lang='lat' dir='ltr'><strong>oblenebrabitur</strong></span> 
     </span>
    </p>
   </div>
   <div class='ocr_carea' id='block_1_67' title="bbox 2007 2019 3774 2101">
    <p class='ocr_par' dir='ltr' id='par_1_67' title="bbox 2007 2019 3774 2101">
     <span class='ocr_line' id='line_1_67' title="bbox 2007 2019 3774 2101; baseline 0.001 -27"><span class='ocrx_word' id='word_1_504' title='bbox 2007 2022 2117 2074; x_wconf 81' lang='lat' dir='ltr'><strong>sole</strong></span> <span class='ocrx_word' id='word_1_505' title='bbox 2148 2020 2377 2089; x_wconf 81' lang='lat' dir='ltr'><strong>oriente,</strong></span> <span class='ocrx_word' id='word_1_506' title='bbox 2408 2025 2462 2074; x_wconf 80' lang='lat' dir='ltr'><strong>et</strong></span> <span class='ocrx_word' id='word_1_507' title='bbox 2504 2021 2635 2075; x_wconf 84' lang='lat' dir='ltr'><strong>luna</strong></span> <span class='ocrx_word' id='word_1_508' title='bbox 2666 2037 2777 2076; x_wconf 78' lang='lat' dir='ltr'><strong>non</strong></span> <span class='ocrx_word' id='word_1_509' title='bbox 2806 2021 2960 2076; x_wconf 81' lang='lat' dir='ltr'><strong>dabit</strong></span> <span class='ocrx_word' id='word_1_510' title='bbox 3007 2019 3351 2092; x_wconf 72' lang='lat' dir='ltr'><strong>splendorem</strong></span> <span class='ocrx_word' id='word_1_511' title='bbox 3379 2037 3560 2075; x_wconf 76' lang='lat' dir='ltr'><strong>suum.</strong></span> <span class='ocrx_word' id='word_1_512' title='bbox 3595 2023 3661 2077; x_wconf 79' lang='lat' dir='ltr'><strong>Et</strong></span> <span class='ocrx_word' id='word_1_513' title='bbox 3770 2086 3774 2101; x_wconf 41' lang='lat'><strong><em>&#39;</em></strong></span> 
     </span>
    </p>
   </div>
   <div class='ocr_carea' id='block_1_68' title="bbox 2008 2108 3657 2179">
    <p class='ocr_par' dir='ltr' id='par_1_68' title="bbox 2008 2108 3657 2179">
     <span class='ocr_line' id='line_1_68' title="bbox 2008 2108 3657 2179; baseline 0.001 -17"><span class='ocrx_word' id='word_1_514' title='bbox 2008 2108 2278 2163; x_wconf 85' lang='lat' dir='ltr'><strong>mandabo</strong></span> <span class='ocrx_word' id='word_1_515' title='bbox 2299 2109 2420 2163; x_wconf 84' lang='lat' dir='ltr'><strong>orbi</strong></span> <span class='ocrx_word' id='word_1_516' title='bbox 2438 2112 2698 2164; x_wconf 76' lang='lat' dir='ltr'><strong>universo</strong></span> <span class='ocrx_word' id='word_1_517' title='bbox 2721 2111 2885 2176; x_wconf 77' lang='lat' dir='ltr'><strong>mala,</strong></span> <span class='ocrx_word' id='word_1_518' title='bbox 2911 2116 2962 2164; x_wconf 77' lang='lat' dir='ltr'><strong>et</strong></span> <span class='ocrx_word' id='word_1_519' title='bbox 2986 2111 3174 2179; x_wconf 79' lang='lat' dir='ltr'><strong>impii:</strong></span> <span class='ocrx_word' id='word_1_520' title='bbox 3200 2117 3417 2179; x_wconf 70' lang='lat' dir='ltr'><strong>peccata</strong></span> <span class='ocrx_word' id='word_1_521' title='bbox 3445 2126 3657 2166; x_wconf 81' lang='lat' dir='ltr'><strong>eorum.</strong></span> 
     </span>
    </p>
   </div>
   <div class='ocr_carea' id='block_1_69' title="bbox 2010 2195 3655 2254">
    <p class='ocr_par' dir='ltr' id='par_1_69' title="bbox 2010 2195 3655 2254">
     <span class='ocr_line' id='line_1_69' title="bbox 2010 2195 3655 2254; baseline 0.001 -3"><span class='ocrx_word' id='word_1_522' title='bbox 2010 2195 2586 2253; x_wconf 84' lang='lat' dir='ltr'><strong>Consummationem</strong></span> <span class='ocrx_word' id='word_1_523' title='bbox 2631 2214 2697 2253; x_wconf 88' lang='lat' dir='ltr'><strong>ac</strong></span> <span class='ocrx_word' id='word_1_524' title='bbox 2744 2199 2928 2254; x_wconf 86' lang='lat' dir='ltr'><strong>totius</strong></span> <span class='ocrx_word' id='word_1_525' title='bbox 2976 2197 3134 2253; x_wconf 88' lang='lat' dir='ltr'><strong>orbis</strong></span> <span class='ocrx_word' id='word_1_526' title='bbox 3189 2196 3655 2253; x_wconf 79' lang='lat' dir='ltr'><strong>immutationem</strong></span> 
     </span>
    </p>
   </div>
   <div class='ocr_carea' id='block_1_70' title="bbox 2010 2285 3657 2357">
    <p class='ocr_par' dir='ltr' id='par_1_70' title="bbox 2010 2285 3657 2357">
     <span class='ocr_line' id='line_1_70' title="bbox 2010 2285 3657 2357; baseline 0.001 -17"><span class='ocrx_word' id='word_1_527' title='bbox 2010 2289 2209 2356; x_wconf 78' lang='lat' dir='ltr'><strong>aperte</strong></span> <span class='ocrx_word' id='word_1_528' title='bbox 2227 2286 2503 2342; x_wconf 84' lang='lat' dir='ltr'><strong>describit</strong></span> <span class='ocrx_word' id='word_1_529' title='bbox 2525 2287 2825 2357; x_wconf 81' lang='lat' dir='ltr'><strong>propheta.</strong></span> <span class='ocrx_word' id='word_1_530' title='bbox 2842 2287 3007 2342; x_wconf 90' lang='lat' dir='ltr'><strong>Tunc</strong></span> <span class='ocrx_word' id='word_1_531' title='bbox 3028 2285 3183 2341; x_wconf 90' lang='lat' dir='ltr'><strong>enim</strong></span> <span class='ocrx_word' id='word_1_532' title='bbox 3206 2286 3435 2342; x_wconf 81' lang='lat' dir='ltr'><strong>deﬁciet</strong></span> <span class='ocrx_word' id='word_1_533' title='bbox 3453 2286 3657 2341; x_wconf 86' lang='lat' dir='ltr'><strong>lumen</strong></span> 
     </span>
    </p>
   </div>
   <div class='ocr_carea' id='block_1_71' title="bbox 2010 2371 3659 2447">
    <p class='ocr_par' dir='ltr' id='par_1_71' title="bbox 2010 2371 3659 2447">
     <span class='ocr_line' id='line_1_71' title="bbox 2010 2371 3659 2447; baseline 0.001 -19"><span class='ocrx_word' id='word_1_534' title='bbox 2010 2373 2221 2435; x_wconf 87' lang='lat' dir='ltr'><strong>solare,</strong></span> <span class='ocrx_word' id='word_1_535' title='bbox 2252 2371 2507 2444; x_wconf 86' lang='lat' dir='ltr'><strong>lunaque</strong></span> <span class='ocrx_word' id='word_1_536' title='bbox 2554 2375 2665 2430; x_wconf 88' lang='lat' dir='ltr'><strong>erit</strong></span> <span class='ocrx_word' id='word_1_537' title='bbox 2703 2392 2917 2446; x_wconf 89' lang='lat' dir='ltr'><strong>corpus</strong></span> <span class='ocrx_word' id='word_1_538' title='bbox 2966 2373 3295 2446; x_wconf 86' lang='lat' dir='ltr'><strong>splendoris</strong></span> <span class='ocrx_word' id='word_1_539' title='bbox 3343 2391 3571 2447; x_wconf 87' lang='lat' dir='ltr'><strong>expers,</strong></span> <span class='ocrx_word' id='word_1_540' title='bbox 3601 2379 3659 2429; x_wconf 87' lang='lat' dir='ltr'><strong>et</strong></span> 
     </span>
    </p>
   </div>
   <div class='ocr_carea' id='block_1_72' title="bbox 2010 2461 3655 2535">
    <p class='ocr_par' dir='ltr' id='par_1_72' title="bbox 2010 2461 3655 2535">
     <span class='ocr_line' id='line_1_72' title="bbox 2010 2461 3655 2535; baseline 0.001 -18"><span class='ocrx_word' id='word_1_541' title='bbox 2010 2462 2184 2517; x_wconf 89' lang='lat' dir='ltr'><strong>Orion</strong></span> <span class='ocrx_word' id='word_1_542' title='bbox 2217 2461 2520 2518; x_wconf 87' lang='lat' dir='ltr'><strong>stellarum</strong></span> <span class='ocrx_word' id='word_1_543' title='bbox 2567 2463 3047 2535; x_wconf 82' lang='lat' dir='ltr'><strong>splendidissima</strong></span> <span class='ocrx_word' id='word_1_544' title='bbox 3080 2465 3264 2519; x_wconf 84' lang='lat' dir='ltr'><strong>lucem</strong></span> <span class='ocrx_word' id='word_1_545' title='bbox 3297 2481 3412 2519; x_wconf 90' lang='lat' dir='ltr'><strong>non</strong></span> <span class='ocrx_word' id='word_1_546' title='bbox 3444 2464 3609 2519; x_wconf 85' lang='lat' dir='ltr'><strong>dabit</strong></span> <span class='ocrx_word' id='word_1_547' title='bbox 3641 2480 3655 2519; x_wconf 89' lang='lat'><strong>:</strong></span> 
     </span>
    </p>
   </div>
   <div class='ocr_carea' id='block_1_73' title="bbox 2009 2551 3658 2610">
    <p class='ocr_par' dir='ltr' id='par_1_73' title="bbox 2009 2551 3658 2610">
     <span class='ocr_line' id='line_1_73' title="bbox 2009 2551 3658 2610; baseline 0.001 -3"><span class='ocrx_word' id='word_1_548' title='bbox 2009 2552 2197 2608; x_wconf 72' lang='lat' dir='ltr'><strong>Stellae</strong></span> <span class='ocrx_word' id='word_1_549' title='bbox 2225 2551 2353 2607; x_wconf 74' lang='lat' dir='ltr'><strong>caeli</strong></span> <span class='ocrx_word' id='word_1_550' title='bbox 2396 2561 2445 2608; x_wconf 86' lang='lat' dir='ltr'><strong>el</strong></span> <span class='ocrx_word' id='word_1_551' title='bbox 2482 2553 2654 2610; x_wconf 84' lang='lat' dir='ltr'><strong>Orion</strong></span> <span class='ocrx_word' id='word_1_552' title='bbox 2699 2569 2809 2607; x_wconf 81' lang='lat' dir='ltr'><strong>non</strong></span> <span class='ocrx_word' id='word_1_553' title='bbox 2857 2552 3065 2608; x_wconf 77' lang='lat' dir='ltr'><strong>dabunt</strong></span> <span class='ocrx_word' id='word_1_554' title='bbox 3113 2553 3318 2608; x_wconf 79' lang='lat' dir='ltr'><strong>lumen.</strong></span> <span class='ocrx_word' id='word_1_555' title='bbox 3352 2553 3479 2609; x_wconf 90' lang='lat' dir='ltr'><strong>Non</strong></span> <span class='ocrx_word' id='word_1_556' title='bbox 3530 2553 3658 2609; x_wconf 85' lang='lat' dir='ltr'><strong>ideo</strong></span> 
     </span>
    </p>
   </div>
   <div class='ocr_carea' id='block_1_74' title="bbox 2008 2641 3659 2714">
    <p class='ocr_par' dir='ltr' id='par_1_74' title="bbox 2008 2641 3659 2714">
     <span class='ocr_line' id='line_1_74' title="bbox 2008 2641 3659 2714; baseline 0.001 -19"><span class='ocrx_word' id='word_1_557' title='bbox 2008 2644 2204 2696; x_wconf 89' lang='lat' dir='ltr'><strong>tamen</strong></span> <span class='ocrx_word' id='word_1_558' title='bbox 2250 2642 2745 2711; x_wconf 88' lang='lat' dir='ltr'><strong>obscurabuntur,</strong></span> <span class='ocrx_word' id='word_1_559' title='bbox 2779 2643 2947 2714; x_wconf 54' lang='lat' dir='ltr'><strong>quod»</strong></span> <span class='ocrx_word' id='word_1_560' title='bbox 2987 2642 3103 2698; x_wconf 84' lang='lat' dir='ltr'><strong>sint</strong></span> <span class='ocrx_word' id='word_1_561' title='bbox 3150 2642 3292 2698; x_wconf 88' lang='lat' dir='ltr'><strong>solis</strong></span> <span class='ocrx_word' id='word_1_562' title='bbox 3341 2646 3472 2698; x_wconf 89' lang='lat' dir='ltr'><strong>ortu</strong></span> <span class='ocrx_word' id='word_1_563' title='bbox 3521 2641 3659 2697; x_wconf 88' lang='lat' dir='ltr'><strong>illu-</strong></span> 
     </span>
    </p>
   </div>
   <div class='ocr_carea' id='block_1_75' title="bbox 2010 2728 3657 2800">
    <p class='ocr_par' dir='ltr' id='par_1_75' title="bbox 2010 2728 3657 2800">
     <span class='ocr_line' id='line_1_75' title="bbox 2010 2728 3657 2800; baseline -0.001 -15"><span class='ocrx_word' id='word_1_564' title='bbox 2010 2728 2257 2785; x_wconf 85' lang='lat' dir='ltr'><strong>strandi.</strong></span> <span class='ocrx_word' id='word_1_565' title='bbox 2292 2729 2409 2784; x_wconf 87' lang='lat' dir='ltr'><strong>Hoc</strong></span> <span class='ocrx_word' id='word_1_566' title='bbox 2440 2732 2593 2784; x_wconf 89' lang='lat' dir='ltr'><strong>enim</strong></span> <span class='ocrx_word' id='word_1_567' title='bbox 2634 2731 2808 2785; x_wconf 88' lang='lat' dir='ltr'><strong>etiam</strong></span> <span class='ocrx_word' id='word_1_568' title='bbox 2861 2732 2918 2786; x_wconf 91' lang='lat' dir='ltr'><strong>iu</strong></span> <span class='ocrx_word' id='word_1_569' title='bbox 2973 2731 3238 2800; x_wconf 72' lang='lat' dir='ltr'><strong>praasenti</strong></span> <span class='ocrx_word' id='word_1_570' title='bbox 3286 2731 3379 2786; x_wconf 91' lang='lat' dir='ltr'><strong>die</strong></span> <span class='ocrx_word' id='word_1_571' title='bbox 3427 2730 3657 2799; x_wconf 89' lang='lat' dir='ltr'><strong>accidit,</strong></span> 
     </span>
    </p>
   </div>
   <div class='ocr_carea' id='block_1_76' title="bbox 2011 2817 3659 2890">
    <p class='ocr_par' dir='ltr' id='par_1_76' title="bbox 2011 2817 3659 2890">
     <span class='ocr_line' id='line_1_76' title="bbox 2011 2817 3659 2890; baseline 0.001 -20"><span class='ocrx_word' id='word_1_572' title='bbox 2011 2822 2186 2886; x_wconf 78' lang='lat' dir='ltr'><strong>atque</strong></span> <span class='ocrx_word' id='word_1_573' title='bbox 2216 2817 2272 2870; x_wconf 90' lang='lat' dir='ltr'><strong>iu</strong></span> <span class='ocrx_word' id='word_1_574' title='bbox 2308 2818 2577 2872; x_wconf 83' lang='lat' dir='ltr'><strong>confesso</strong></span> <span class='ocrx_word' id='word_1_575' title='bbox 2606 2824 2697 2874; x_wconf 89' lang='lat' dir='ltr'><strong>est</strong></span> <span class='ocrx_word' id='word_1_576' title='bbox 2736 2821 2889 2890; x_wconf 87' lang='lat' dir='ltr'><strong>apud</strong></span> <span class='ocrx_word' id='word_1_577' title='bbox 2922 2836 3126 2874; x_wconf 74' lang='lat' dir='ltr'><strong>omnes</strong></span> <span class='ocrx_word' id='word_1_578' title='bbox 3157 2818 3256 2890; x_wconf 88' lang='lat' dir='ltr'><strong>qui</strong></span> <span class='ocrx_word' id='word_1_579' title='bbox 3302 2835 3393 2873; x_wconf 88' lang='lat' dir='ltr'><strong>res</strong></span> <span class='ocrx_word' id='word_1_580' title='bbox 3422 2817 3482 2873; x_wconf 89' lang='lat' dir='ltr'><strong>in</strong></span> <span class='ocrx_word' id='word_1_581' title='bbox 3515 2817 3659 2873; x_wconf 78' lang='lat' dir='ltr'><strong>coelo</strong></span> 
     </span>
    </p>
   </div>
   <div class='ocr_carea' id='block_1_77' title="bbox 2011 2905 3658 2978">
    <p class='ocr_par' dir='ltr' id='par_1_77' title="bbox 2011 2905 3658 2978">
     <span class='ocr_line' id='line_1_77' title="bbox 2011 2905 3658 2978; baseline 0.001 -17"><span class='ocrx_word' id='word_1_582' title='bbox 2011 2911 2359 2977; x_wconf 86' lang='lat' dir='ltr'><strong>apparentes</strong></span> <span class='ocrx_word' id='word_1_583' title='bbox 2390 2907 2792 2976; x_wconf 85' lang='lat' dir='ltr'><strong>observarunt,</strong></span> <span class='ocrx_word' id='word_1_584' title='bbox 2822 2906 3024 2963; x_wconf 88' lang='lat' dir='ltr'><strong>stellas</strong></span> <span class='ocrx_word' id='word_1_585' title='bbox 3053 2906 3113 2962; x_wconf 92' lang='lat' dir='ltr'><strong>in</strong></span> <span class='ocrx_word' id='word_1_586' title='bbox 3144 2923 3211 2963; x_wconf 91' lang='lat' dir='ltr'><strong>eo</strong></span> <span class='ocrx_word' id='word_1_587' title='bbox 3244 2905 3658 2978; x_wconf 65' lang='lat' dir='ltr'><strong>hemisphmrio</strong></span> 
     </span>
    </p>
   </div>
   <div class='ocr_carea' id='block_1_78' title="bbox 2013 2994 3660 3067">
    <p class='ocr_par' dir='ltr' id='par_1_78' title="bbox 2013 2994 3660 3067">
     <span class='ocr_line' id='line_1_78' title="bbox 2013 2994 3660 3067; baseline 0.001 -18"><span class='ocrx_word' id='word_1_588' title='bbox 2013 2995 2167 3066; x_wconf 90' lang='lat' dir='ltr'><strong>quod</strong></span> <span class='ocrx_word' id='word_1_589' title='bbox 2201 3001 2351 3050; x_wconf 83' lang='lat' dir='ltr'><strong>terra</strong></span> <span class='ocrx_word' id='word_1_590' title='bbox 2382 2996 2651 3066; x_wconf 85' lang='lat' dir='ltr'><strong>snperius</strong></span> <span class='ocrx_word' id='word_1_591' title='bbox 2693 3005 2777 3053; x_wconf 88' lang='lat' dir='ltr'><strong>est</strong></span> <span class='ocrx_word' id='word_1_592' title='bbox 2807 2994 3117 3051; x_wconf 89' lang='lat' dir='ltr'><strong>collocatas</strong></span> <span class='ocrx_word' id='word_1_593' title='bbox 3156 3011 3531 3067; x_wconf 84' lang='lat' dir='ltr'><strong>nequaquam</strong></span> <span class='ocrx_word' id='word_1_594' title='bbox 3560 3008 3660 3052; x_wconf 82' lang='lat' dir='ltr'><strong>ex-</strong></span> 
     </span>
    </p>
   </div>
   <div class='ocr_carea' id='block_1_79' title="bbox 2011 3082 3657 3154">
    <p class='ocr_par' dir='ltr' id='par_1_79' title="bbox 2011 3082 3657 3154">
     <span class='ocr_line' id='line_1_79' title="bbox 2011 3082 3657 3154; baseline 0.001 -17"><span class='ocrx_word' id='word_1_595' title='bbox 2011 3082 2262 3154; x_wconf 87' lang='lat' dir='ltr'><strong>stingui;</strong></span> <span class='ocrx_word' id='word_1_596' title='bbox 2286 3085 2385 3139; x_wconf 88' lang='lat' dir='ltr'><strong>sed</strong></span> <span class='ocrx_word' id='word_1_597' title='bbox 2410 3088 2746 3154; x_wconf 88' lang='lat' dir='ltr'><strong>eas,utpote</strong></span> <span class='ocrx_word' id='word_1_598' title='bbox 2766 3101 2798 3138; x_wconf 89' lang='lat' dir='ltr'><strong>a</strong></span> <span class='ocrx_word' id='word_1_599' title='bbox 2821 3084 2999 3139; x_wconf 86' lang='lat' dir='ltr'><strong>radiis</strong></span> <span class='ocrx_word' id='word_1_600' title='bbox 3022 3083 3314 3139; x_wconf 89' lang='lat' dir='ltr'><strong>solaribus</strong></span> <span class='ocrx_word' id='word_1_601' title='bbox 3334 3084 3657 3139; x_wconf 83' lang='lat' dir='ltr'><strong>admodum</strong></span> 
     </span>
    </p>
   </div>
   <div class='ocr_carea' id='block_1_80' title="bbox 2013 3170 3661 3243">
    <p class='ocr_par' dir='ltr' id='par_1_80' title="bbox 2013 3170 3661 3243">
     <span class='ocr_line' id='line_1_80' title="bbox 2013 3170 3661 3243; baseline 0.001 -18"><span class='ocrx_word' id='word_1_602' title='bbox 2013 3171 2400 3236; x_wconf 87' lang='lat' dir='ltr'><strong>illuminatas,</strong></span> <span class='ocrx_word' id='word_1_603' title='bbox 2451 3170 2773 3226; x_wconf 86' lang='lat' dir='ltr'><strong>obscurari.</strong></span> <span class='ocrx_word' id='word_1_604' title='bbox 2807 3172 2965 3236; x_wconf 89' lang='lat' dir='ltr'><strong>Quod</strong></span> <span class='ocrx_word' id='word_1_605' title='bbox 3018 3170 3217 3226; x_wconf 88' lang='lat' dir='ltr'><strong>itidem</strong></span> <span class='ocrx_word' id='word_1_606' title='bbox 3268 3170 3554 3243; x_wconf 86' lang='lat' dir='ltr'><strong>contingit</strong></span> <span class='ocrx_word' id='word_1_607' title='bbox 3599 3172 3661 3226; x_wconf 91' lang='lat' dir='ltr'><strong>in</strong></span> 
     </span>
    </p>
   </div>
   <div class='ocr_carea' id='block_1_81' title="bbox 2016 3258 3666 3332">
    <p class='ocr_par' dir='ltr' id='par_1_81' title="bbox 2016 3258 3666 3332">
     <span class='ocr_line' id='line_1_81' title="bbox 2016 3258 3666 3332; baseline -0.001 -18"><span class='ocrx_word' id='word_1_608' title='bbox 2016 3259 2309 3325; x_wconf 87' lang='lat' dir='ltr'><strong>noctibus,</strong></span> <span class='ocrx_word' id='word_1_609' title='bbox 2328 3275 2461 3315; x_wconf 86' lang='lat' dir='ltr'><strong>cum</strong></span> <span class='ocrx_word' id='word_1_610' title='bbox 2485 3261 2658 3332; x_wconf 87' lang='lat' dir='ltr'><strong>plena</strong></span> <span class='ocrx_word' id='word_1_611' title='bbox 2678 3264 2766 3315; x_wconf 89' lang='lat' dir='ltr'><strong>est</strong></span> <span class='ocrx_word' id='word_1_612' title='bbox 2792 3259 2952 3325; x_wconf 88' lang='lat' dir='ltr'><strong>luna,</strong></span> <span class='ocrx_word' id='word_1_613' title='bbox 2976 3259 3169 3314; x_wconf 89' lang='lat' dir='ltr'><strong>lunari</strong></span> <span class='ocrx_word' id='word_1_614' title='bbox 3194 3259 3416 3314; x_wconf 89' lang='lat' dir='ltr'><strong>lumine</strong></span> <span class='ocrx_word' id='word_1_615' title='bbox 3435 3258 3666 3314; x_wconf 83' lang='lat' dir='ltr'><strong>undeli-</strong></span> 
     </span>
    </p>
   </div>
   <div class='ocr_carea' id='block_1_82' title="bbox 2014 3346 3665 3420">
    <p class='ocr_par' dir='ltr' id='par_1_82' title="bbox 2014 3346 3665 3420">
     <span class='ocr_line' id='line_1_82' title="bbox 2014 3346 3665 3420; baseline -0.001 -16"><span class='ocrx_word' id='word_1_616' title='bbox 2014 3349 2111 3405; x_wconf 90' lang='lat' dir='ltr'><strong>bet</strong></span> <span class='ocrx_word' id='word_1_617' title='bbox 2139 3348 2338 3405; x_wconf 78' lang='lat' dir='ltr'><strong>stellas</strong></span> <span class='ocrx_word' id='word_1_618' title='bbox 2369 3347 2725 3417; x_wconf 87' lang='lat' dir='ltr'><strong>illustrantc,</strong></span> <span class='ocrx_word' id='word_1_619' title='bbox 2758 3365 2862 3405; x_wconf 91' lang='lat' dir='ltr'><strong>nec</strong></span> <span class='ocrx_word' id='word_1_620' title='bbox 2893 3364 3092 3403; x_wconf 89' lang='lat' dir='ltr'><strong>carum</strong></span> <span class='ocrx_word' id='word_1_621' title='bbox 3125 3346 3498 3420; x_wconf 86' lang='lat' dir='ltr'><strong>splendorem</strong></span> <span class='ocrx_word' id='word_1_622' title='bbox 3525 3363 3665 3404; x_wconf 90' lang='lat' dir='ltr'><strong>con-</strong></span> 
     </span>
    </p>
   </div>
   <div class='ocr_carea' id='block_1_83' title="bbox 2015 3435 3673 3510">
    <p class='ocr_par' dir='ltr' id='par_1_83' title="bbox 2015 3435 3673 3510">
     <span class='ocr_line' id='line_1_83' title="bbox 2015 3435 3673 3510; baseline -0.002 -16"><span class='ocrx_word' id='word_1_623' title='bbox 2015 3437 2158 3510; x_wconf 90' lang='lat' dir='ltr'><strong>spici</strong></span> <span class='ocrx_word' id='word_1_624' title='bbox 2193 3438 2442 3494; x_wconf 88' lang='lat' dir='ltr'><strong>sinente.</strong></span> <span class='ocrx_word' id='word_1_625' title='bbox 2475 3438 2678 3509; x_wconf 85' lang='lat' dir='ltr'><strong>Itaque</strong></span> <span class='ocrx_word' id='word_1_626' title='bbox 2727 3436 2873 3493; x_wconf 87' lang='lat' dir='ltr'><strong>nihil</strong></span> <span class='ocrx_word' id='word_1_627' title='bbox 2917 3454 3117 3493; x_wconf 91' lang='lat' dir='ltr'><strong>eorum</strong></span> <span class='ocrx_word' id='word_1_628' title='bbox 3151 3454 3278 3509; x_wconf 62' lang='lat' dir='ltr'><strong>quis</strong></span> <span class='ocrx_word' id='word_1_629' title='bbox 3328 3435 3673 3493; x_wconf 87' lang='lat' dir='ltr'><strong>naturaliter</strong></span> 
     </span>
    </p>
   </div>
   <div class='ocr_carea' id='block_1_84' title="bbox 2016 3524 3672 3598">
    <p class='ocr_par' dir='ltr' id='par_1_84' title="bbox 2016 3524 3672 3598">
     <span class='ocr_line' id='line_1_84' title="bbox 2016 3524 3672 3598; baseline -0.001 -15"><span class='ocrx_word' id='word_1_630' title='bbox 2016 3528 2310 3597; x_wconf 87' lang='lat' dir='ltr'><strong>eveniunt,</strong></span> <span class='ocrx_word' id='word_1_631' title='bbox 2344 3526 2645 3597; x_wconf 88' lang='lat' dir='ltr'><strong>Scriptura</strong></span> <span class='ocrx_word' id='word_1_632' title='bbox 2674 3526 2987 3597; x_wconf 84' lang='lat' dir='ltr'><strong>signiﬁcat,</strong></span> <span class='ocrx_word' id='word_1_633' title='bbox 3012 3527 3112 3581; x_wconf 85' lang='lat' dir='ltr'><strong>sed</strong></span> <span class='ocrx_word' id='word_1_634' title='bbox 3143 3525 3437 3598; x_wconf 83' lang='lat' dir='ltr'><strong>integram</strong></span> <span class='ocrx_word' id='word_1_635' title='bbox 3468 3524 3672 3581; x_wconf 87' lang='lat' dir='ltr'><strong>stella-</strong></span> 
     </span>
    </p>
   </div>
   <div class='ocr_carea' id='block_1_85' title="bbox 2017 3614 3675 3681">
    <p class='ocr_par' dir='ltr' id='par_1_85' title="bbox 2017 3614 3675 3681">
     <span class='ocr_line' id='line_1_85' title="bbox 2017 3614 3675 3681; baseline -0.001 -11"><span class='ocrx_word' id='word_1_636' title='bbox 2017 3633 2148 3670; x_wconf 88' lang='lat' dir='ltr'><strong>rum</strong></span> <span class='ocrx_word' id='word_1_637' title='bbox 2180 3616 2672 3681; x_wconf 83' lang='lat' dir='ltr'><strong>obsecrationem,</strong></span> <span class='ocrx_word' id='word_1_638' title='bbox 2693 3621 2747 3669; x_wconf 89' lang='lat' dir='ltr'><strong>et</strong></span> <span class='ocrx_word' id='word_1_639' title='bbox 2778 3616 2984 3669; x_wconf 91' lang='lat' dir='ltr'><strong>mundi</strong></span> <span class='ocrx_word' id='word_1_640' title='bbox 3010 3615 3263 3670; x_wconf 85' lang='lat' dir='ltr'><strong>universi</strong></span> <span class='ocrx_word' id='word_1_641' title='bbox 3293 3614 3675 3670; x_wconf 80' lang='lat' dir='ltr'><strong>transforma-</strong></span> 
     </span>
    </p>
   </div>
   <div class='ocr_carea' id='block_1_86' title="bbox 2017 3702 3677 3776">
    <p class='ocr_par' dir='ltr' id='par_1_86' title="bbox 2017 3702 3677 3776">
     <span class='ocr_line' id='line_1_86' title="bbox 2017 3702 3677 3776; baseline -0.002 -16"><span class='ocrx_word' id='word_1_642' title='bbox 2017 3707 2257 3761; x_wconf 88' lang='lat' dir='ltr'><strong>tionem.</strong></span> <span class='ocrx_word' id='word_1_643' title='bbox 2284 3705 2489 3776; x_wconf 88' lang='lat' dir='ltr'><strong>Liquet</strong></span> <span class='ocrx_word' id='word_1_644' title='bbox 2523 3707 2719 3759; x_wconf 86' lang='lat' dir='ltr'><strong>autem</strong></span> <span class='ocrx_word' id='word_1_645' title='bbox 2758 3702 2913 3759; x_wconf 89' lang='lat' dir='ltr'><strong>illam</strong></span> <span class='ocrx_word' id='word_1_646' title='bbox 2941 3705 3188 3759; x_wconf 89' lang='lat' dir='ltr'><strong>duarum</strong></span> <span class='ocrx_word' id='word_1_647' title='bbox 3214 3706 3271 3759; x_wconf 90' lang='lat' dir='ltr'><strong>et</strong></span> <span class='ocrx_word' id='word_1_648' title='bbox 3291 3703 3500 3775; x_wconf 81' lang='lat' dir='ltr'><strong>viginti</strong></span> <span class='ocrx_word' id='word_1_649' title='bbox 3532 3702 3677 3759; x_wconf 88' lang='lat' dir='ltr'><strong>stel-</strong></span> 
     </span>
    </p>
   </div>
   <div class='ocr_carea' id='block_1_87' title="bbox 2021 3792 3675 3864">
    <p class='ocr_par' dir='ltr' id='par_1_87' title="bbox 2021 3792 3675 3864">
     <span class='ocr_line' id='line_1_87' title="bbox 2021 3792 3675 3864; baseline 0 -17"><span class='ocrx_word' id='word_1_650' title='bbox 2021 3795 2206 3849; x_wconf 89' lang='lat' dir='ltr'><strong>larum</strong></span> <span class='ocrx_word' id='word_1_651' title='bbox 2242 3792 2640 3848; x_wconf 87' lang='lat' dir='ltr'><strong>collectionem</strong></span> <span class='ocrx_word' id='word_1_652' title='bbox 2674 3792 2787 3847; x_wconf 88' lang='lat' dir='ltr'><strong>dici</strong></span> <span class='ocrx_word' id='word_1_653' title='bbox 2830 3810 2865 3847; x_wconf 91' lang='lat' dir='ltr'><strong>a</strong></span> <span class='ocrx_word' id='word_1_654' title='bbox 2893 3793 3194 3864; x_wconf 86' lang='lat' dir='ltr'><strong>Scriptura</strong></span> <span class='ocrx_word' id='word_1_655' title='bbox 3231 3792 3465 3861; x_wconf 89' lang='lat' dir='ltr'><strong>Oriona,</strong></span> <span class='ocrx_word' id='word_1_656' title='bbox 3498 3808 3675 3862; x_wconf 88' lang='lat' dir='ltr'><strong>quem</strong></span> 
     </span>
    </p>
   </div>
   <div class='ocr_carea' id='block_1_88' title="bbox 2021 3880 3674 3953">
    <p class='ocr_par' dir='ltr' id='par_1_88' title="bbox 2021 3880 3674 3953">
     <span class='ocr_line' id='line_1_88' title="bbox 2021 3880 3674 3953; baseline -0.001 -16"><span class='ocrx_word' id='word_1_657' title='bbox 2021 3880 2285 3937; x_wconf 89' lang='lat' dir='ltr'><strong>nonnulli</strong></span> <span class='ocrx_word' id='word_1_658' title='bbox 2318 3880 2618 3953; x_wconf 88' lang='lat' dir='ltr'><strong>appellant</strong></span> <span class='ocrx_word' id='word_1_659' title='bbox 2643 3885 2890 3943; x_wconf 84' lang='lat' dir='ltr'><strong>Booten;</strong></span> <span class='ocrx_word' id='word_1_660' title='bbox 2926 3898 3072 3951; x_wconf 86' lang='lat' dir='ltr'><strong>quas</strong></span> <span class='ocrx_word' id='word_1_661' title='bbox 3100 3881 3199 3951; x_wconf 90' lang='lat' dir='ltr'><strong>qui</strong></span> <span class='ocrx_word' id='word_1_662' title='bbox 3233 3881 3443 3934; x_wconf 85' lang='lat' dir='ltr'><strong>barum</strong></span> <span class='ocrx_word' id='word_1_663' title='bbox 3476 3895 3674 3935; x_wconf 86' lang='lat' dir='ltr'><strong>rerum</strong></span> 
     </span>
    </p>
   </div>
   <div class='ocr_carea' id='block_1_89' title="bbox 2022 3966 3673 4043">
    <p class='ocr_par' dir='ltr' id='par_1_89' title="bbox 2022 3966 3673 4043">
     <span class='ocr_line' id='line_1_89' title="bbox 2022 3966 3673 4043; baseline -0.002 -18"><span class='ocrx_word' id='word_1_664' title='bbox 2022 3971 2188 4043; x_wconf 89' lang='lat' dir='ltr'><strong>periti</strong></span> <span class='ocrx_word' id='word_1_665' title='bbox 2216 3974 2379 4033; x_wconf 87' lang='lat' dir='ltr'><strong>sunt,</strong></span> <span class='ocrx_word' id='word_1_666' title='bbox 2402 3968 2692 4037; x_wconf 88' lang='lat' dir='ltr'><strong>dividunt,</strong></span> <span class='ocrx_word' id='word_1_667' title='bbox 2713 3969 3035 4038; x_wconf 83' lang='lat' dir='ltr'><strong>dicuntque</strong></span> <span class='ocrx_word' id='word_1_668' title='bbox 3056 3973 3309 4039; x_wconf 87' lang='lat' dir='ltr'><strong>quatuor</strong></span> <span class='ocrx_word' id='word_1_669' title='bbox 3330 3983 3459 4022; x_wconf 82' lang='lat' dir='ltr'><strong>esse</strong></span> <span class='ocrx_word' id='word_1_670' title='bbox 3487 3966 3673 4021; x_wconf 65' lang='lat' dir='ltr'><strong>tertias</strong></span> 
     </span>
    </p>
   </div>
   <div class='ocr_carea' id='block_1_90' title="bbox 2023 4056 3682 4133">
    <p class='ocr_par' dir='ltr' id='par_1_90' title="bbox 2023 4056 3682 4133">
     <span class='ocr_line' id='line_1_90' title="bbox 2023 4056 3682 4133; baseline -0.004 -18"><span class='ocrx_word' id='word_1_671' title='bbox 2023 4058 2473 4133; x_wconf 87' lang='lat' dir='ltr'><strong>magnitudinis,</strong></span> <span class='ocrx_word' id='word_1_672' title='bbox 2497 4057 2651 4115; x_wconf 69' lang='lat'><strong>582</strong></span> <span class='ocrx_word' id='word_1_673' title='bbox 2686 4073 2890 4111; x_wconf 73' lang='lat' dir='ltr'><strong>novom</strong></span> <span class='ocrx_word' id='word_1_674' title='bbox 2916 4074 3048 4111; x_wconf 86' lang='lat' dir='ltr'><strong>vero</strong></span> <span class='ocrx_word' id='word_1_675' title='bbox 3080 4073 3147 4112; x_wconf 76' lang='lat' dir='ltr'><strong>ex</strong></span> <span class='ocrx_word' id='word_1_676' title='bbox 3178 4056 3282 4123; x_wconf 84' lang='lat' dir='ltr'><strong>eis,</strong></span> <span class='ocrx_word' id='word_1_677' title='bbox 3312 4058 3553 4127; x_wconf 65' lang='lat' dir='ltr'><strong>quartas,</strong></span> <span class='ocrx_word' id='word_1_678' title='bbox 3576 4071 3682 4110; x_wconf 88' lang='lat' dir='ltr'><strong>no-</strong></span> 
     </span>
    </p>
   </div>
   <div class='ocr_carea' id='block_1_91' title="bbox 2023 4142 3682 4218">
    <p class='ocr_par' dir='ltr' id='par_1_91' title="bbox 2023 4142 3682 4218">
     <span class='ocr_line' id='line_1_91' title="bbox 2023 4142 3682 4218; baseline -0.003 -14"><span class='ocrx_word' id='word_1_679' title='bbox 2023 4166 2148 4205; x_wconf 87' lang='lat' dir='ltr'><strong>vem</strong></span> <span class='ocrx_word' id='word_1_680' title='bbox 2193 4152 2390 4204; x_wconf 88' lang='lat' dir='ltr'><strong>autem</strong></span> <span class='ocrx_word' id='word_1_681' title='bbox 2423 4146 2702 4218; x_wconf 87' lang='lat' dir='ltr'><strong>reliquas,</strong></span> <span class='ocrx_word' id='word_1_682' title='bbox 2733 4145 2975 4216; x_wconf 65' lang='lat' dir='ltr'><strong>quintae.</strong></span> <span class='ocrx_word' id='word_1_683' title='bbox 3000 4145 3106 4201; x_wconf 84' lang='lat' dir='ltr'><strong>Hic</strong></span> <span class='ocrx_word' id='word_1_684' title='bbox 3136 4151 3331 4201; x_wconf 87' lang='lat' dir='ltr'><strong>autem</strong></span> <span class='ocrx_word' id='word_1_685' title='bbox 3375 4142 3682 4199; x_wconf 88' lang='lat' dir='ltr'><strong>stellarum</strong></span> 
     </span>
    </p>
   </div>
   <div class='ocr_carea' id='block_1_92' title="bbox 2025 4231 3683 4308">
    <p class='ocr_par' dir='ltr' id='par_1_92' title="bbox 2025 4231 3683 4308">
     <span class='ocr_line' id='line_1_92' title="bbox 2025 4231 3683 4308; baseline -0.002 -16"><span class='ocrx_word' id='word_1_686' title='bbox 2025 4237 2234 4308; x_wconf 84' lang='lat' dir='ltr'><strong>globus</strong></span> <span class='ocrx_word' id='word_1_687' title='bbox 2267 4237 2325 4291; x_wconf 91' lang='lat' dir='ltr'><strong>in</strong></span> <span class='ocrx_word' id='word_1_688' title='bbox 2359 4236 2574 4291; x_wconf 88' lang='lat' dir='ltr'><strong>boreali</strong></span> <span class='ocrx_word' id='word_1_689' title='bbox 2612 4242 2772 4307; x_wconf 89' lang='lat' dir='ltr'><strong>parte</strong></span> <span class='ocrx_word' id='word_1_690' title='bbox 2801 4236 3025 4289; x_wconf 87' lang='lat' dir='ltr'><strong>locatus</strong></span> <span class='ocrx_word' id='word_1_691' title='bbox 3057 4244 3158 4299; x_wconf 81' lang='lat' dir='ltr'><strong>est,</strong></span> <span class='ocrx_word' id='word_1_692' title='bbox 3181 4249 3351 4304; x_wconf 90' lang='lat' dir='ltr'><strong>quem</strong></span> <span class='ocrx_word' id='word_1_693' title='bbox 3377 4231 3683 4303; x_wconf 85' lang='lat' dir='ltr'><strong>Scriptura</strong></span> 
     </span>
    </p>
   </div>
   <div class='ocr_carea' id='block_1_93' title="bbox 2024 4322 3680 4399">
    <p class='ocr_par' dir='ltr' id='par_1_93' title="bbox 2024 4322 3680 4399">
     <span class='ocr_line' id='line_1_93' title="bbox 2024 4322 3680 4399; baseline -0.004 -17"><span class='ocrx_word' id='word_1_694' title='bbox 2024 4338 2306 4399; x_wconf 89' lang='lat' dir='ltr'><strong>tanquam</strong></span> <span class='ocrx_word' id='word_1_695' title='bbox 2340 4342 2518 4380; x_wconf 89' lang='lat' dir='ltr'><strong>unum</strong></span> <span class='ocrx_word' id='word_1_696' title='bbox 2545 4340 2756 4395; x_wconf 90' lang='lat' dir='ltr'><strong>corpus</strong></span> <span class='ocrx_word' id='word_1_697' title='bbox 2779 4323 2992 4379; x_wconf 89' lang='lat' dir='ltr'><strong>Oriona</strong></span> <span class='ocrx_word' id='word_1_698' title='bbox 3014 4322 3254 4378; x_wconf 88' lang='lat' dir='ltr'><strong>vocavit.</strong></span> <span class='ocrx_word' id='word_1_699' title='bbox 3283 4324 3461 4376; x_wconf 86' lang='lat' dir='ltr'><strong>Aiunt</strong></span> <span class='ocrx_word' id='word_1_700' title='bbox 3483 4325 3680 4377; x_wconf 84' lang='lat' dir='ltr'><strong>autem</strong></span> 
     </span>
    </p>
   </div>
   <div class='ocr_carea' id='block_1_94' title="bbox 2028 4408 3685 4483">
    <p class='ocr_par' dir='ltr' id='par_1_94' title="bbox 2028 4408 3685 4483">
     <span class='ocr_line' id='line_1_94' title="bbox 2028 4408 3685 4483; baseline -0.002 -14"><span class='ocrx_word' id='word_1_701' title='bbox 2028 4413 2150 4469; x_wconf 67' lang='lat' dir='ltr'><strong>haec</strong></span> <span class='ocrx_word' id='word_1_702' title='bbox 2180 4429 2307 4469; x_wconf 85' lang='lat' dir='ltr'><strong>esse</strong></span> <span class='ocrx_word' id='word_1_703' title='bbox 2363 4418 2541 4478; x_wconf 69' lang='lat' dir='ltr'><strong>astra,</strong></span> <span class='ocrx_word' id='word_1_704' title='bbox 2577 4428 2688 4467; x_wconf 91' lang='lat' dir='ltr'><strong>non</strong></span> <span class='ocrx_word' id='word_1_705' title='bbox 2741 4411 2962 4479; x_wconf 79' lang='lat' dir='ltr'><strong>stellas,</strong></span> <span class='ocrx_word' id='word_1_706' title='bbox 2988 4411 3142 4483; x_wconf 86' lang='lat' dir='ltr'><strong>quod</strong></span> <span class='ocrx_word' id='word_1_707' title='bbox 3204 4416 3363 4465; x_wconf 85' lang='lat' dir='ltr'><strong>astra</strong></span> <span class='ocrx_word' id='word_1_708' title='bbox 3421 4408 3685 4467; x_wconf 87' lang='lat' dir='ltr'><strong>indicent</strong></span> 
     </span>
    </p>
   </div>
   <div class='ocr_carea' id='block_1_95' title="bbox 2031 4500 3686 4571">
    <p class='ocr_par' dir='ltr' id='par_1_95' title="bbox 2031 4500 3686 4571">
     <span class='ocr_line' id='line_1_95' title="bbox 2031 4500 3686 4571; baseline -0.001 -14"><span class='ocrx_word' id='word_1_709' title='bbox 2031 4500 2430 4557; x_wconf 86' lang='lat' dir='ltr'><strong>multitudinis</strong></span> <span class='ocrx_word' id='word_1_710' title='bbox 2457 4501 2768 4571; x_wconf 83' lang='lat' dir='ltr'><strong>cujusdam</strong></span> <span class='ocrx_word' id='word_1_711' title='bbox 2791 4500 3120 4571; x_wconf 86' lang='lat' dir='ltr'><strong>congeriem</strong></span> <span class='ocrx_word' id='word_1_712' title='bbox 3146 4515 3159 4554; x_wconf 89' lang='lat'><strong>:</strong></span> <span class='ocrx_word' id='word_1_713' title='bbox 3186 4502 3387 4555; x_wconf 88' lang='lat' dir='ltr'><strong>contra</strong></span> <span class='ocrx_word' id='word_1_714' title='bbox 3409 4515 3686 4571; x_wconf 69' lang='lat' dir='ltr'><strong>unaquae-</strong></span> 
     </span>
    </p>
   </div>
   <div class='ocr_carea' id='block_1_96' title="bbox 242 4586 1907 4670">
    <p class='ocr_par' dir='ltr' id='par_1_96' title="bbox 242 4586 1907 4670">
     <span class='ocr_line' id='line_1_96' title="bbox 242 4586 1907 4670; baseline -0.002 -22"><span class='ocrx_word' id='word_1_715' title='bbox 242 4613 375 4670; x_wconf 59' lang='grc' dir='ltr'>ρας</span> <span class='ocrx_word' id='word_1_716' title='bbox 412 4592 487 4654; x_wconf 83' lang='grc' dir='ltr'>ὡς</span> <span class='ocrx_word' id='word_1_717' title='bbox 520 4595 626 4646; x_wconf 79' lang='grc' dir='ltr'>τῶν</span> <span class='ocrx_word' id='word_1_718' title='bbox 692 4591 788 4664; x_wconf 71' lang='grc' dir='ltr'>μὲν</span> <span class='ocrx_word' id='word_1_719' title='bbox 835 4587 1043 4664; x_wconf 78' lang='grc' dir='ltr'>ἄστρων</span> <span class='ocrx_word' id='word_1_720' title='bbox 1097 4586 1345 4659; x_wconf 79' lang='grc' dir='ltr'>πλήθους</span> <span class='ocrx_word' id='word_1_721' title='bbox 1402 4588 1652 4643; x_wconf 80' lang='grc' dir='ltr'>σύστασιν</span> <span class='ocrx_word' id='word_1_722' title='bbox 1712 4590 1907 4667; x_wconf 75' lang='grc' dir='ltr'>ἓμφαι-</span> 
     </span>
    </p>
   </div>
   <div class='ocr_carea' id='block_1_97' title="bbox 2024 4586 3682 4670">
    <p class='ocr_par' dir='ltr' id='par_1_97' title="bbox 2024 4587 3682 4663">
     <span class='ocr_line' id='line_1_97' title="bbox 2024 4587 3682 4663; baseline -0.002 -17"><span class='ocrx_word' id='word_1_723' title='bbox 2024 4608 2134 4663; x_wconf 89' lang='lat' dir='ltr'><strong>que</strong></span> <span class='ocrx_word' id='word_1_724' title='bbox 2165 4589 2334 4645; x_wconf 87' lang='lat' dir='ltr'><strong>stella</strong></span> <span class='ocrx_word' id='word_1_725' title='bbox 2383 4589 2675 4661; x_wconf 79' lang='lat' dir='ltr'><strong>privatim,</strong></span> <span class='ocrx_word' id='word_1_726' title='bbox 2696 4588 2928 4643; x_wconf 87' lang='lat' dir='ltr'><strong>dicatur</strong></span> <span class='ocrx_word' id='word_1_727' title='bbox 2976 4587 3162 4644; x_wconf 86' lang='lat' dir='ltr'><strong>stella.</strong></span> <span class='ocrx_word' id='word_1_728' title='bbox 3184 4587 3334 4651; x_wconf 87' lang='lat' dir='ltr'><strong>Quin</strong></span> <span class='ocrx_word' id='word_1_729' title='bbox 3365 4587 3540 4643; x_wconf 89' lang='lat' dir='ltr'><strong>etiam</strong></span> <span class='ocrx_word' id='word_1_730' title='bbox 3570 4588 3682 4642; x_wconf 82' lang='lat' dir='ltr'><strong>Ar-</strong></span> 
     </span>
    </p>
   </div>
   <div class='ocr_carea' id='block_1_98' title="bbox 241 4674 1915 4753">
    <p class='ocr_par' dir='ltr' id='par_1_98' title="bbox 241 4674 1915 4753">
     <span class='ocr_line' id='line_1_98' title="bbox 241 4674 1915 4753; baseline -0.001 -18"><span class='ocrx_word' id='word_1_731' title='bbox 241 4683 488 4751; x_wconf 78' lang='grc' dir='ltr'>νόντων,</span> <span class='ocrx_word' id='word_1_732' title='bbox 520 4679 743 4753; x_wconf 68' lang='grc' dir='ltr'>ἀστέρος</span> <span class='ocrx_word' id='word_1_733' title='bbox 777 4674 835 4732; x_wconf 80' lang='grc' dir='ltr'>δὶ</span> <span class='ocrx_word' id='word_1_734' title='bbox 862 4680 960 4731; x_wconf 78' lang='grc' dir='ltr'>τοῦ</span> <span class='ocrx_word' id='word_1_735' title='bbox 988 4678 1108 4731; x_wconf 78' lang='grc' dir='ltr'>καθ’</span> <span class='ocrx_word' id='word_1_736' title='bbox 1157 4675 1382 4732; x_wconf 70' lang='grc' dir='ltr'>ἕκαστον</span> <span class='ocrx_word' id='word_1_737' title='bbox 1442 4674 1767 4751; x_wconf 82' lang='grc' dir='ltr'>λεγομένου.</span> <span class='ocrx_word' id='word_1_738' title='bbox 1821 4679 1915 4733; x_wconf 78' lang='grc' dir='ltr'>Καὶ</span> 
     </span>
    </p>
   </div>
   <div class='ocr_carea' id='block_1_99' title="bbox 238 4763 1915 4844">
    <p class='ocr_par' dir='ltr' id='par_1_99' title="bbox 238 4763 1915 4844">
     <span class='ocr_line' id='line_1_99' title="bbox 238 4763 1915 4844; baseline -0.002 -18"><span class='ocrx_word' id='word_1_739' title='bbox 238 4774 356 4826; x_wconf 73' lang='grc' dir='ltr'>τοῦ</span> <span class='ocrx_word' id='word_1_740' title='bbox 392 4766 726 4844; x_wconf 72' lang='grc' dir='ltr'>’Δρκτὸύρου</span> <span class='ocrx_word' id='word_1_741' title='bbox 757 4763 816 4821; x_wconf 61' lang='grc' dir='ltr'>δὲ</span> <span class='ocrx_word' id='word_1_742' title='bbox 850 4766 1122 4838; x_wconf 73' lang='grc' dir='ltr'>μέμνητσι</span> <span class='ocrx_word' id='word_1_743' title='bbox 1150 4765 1186 4835; x_wconf 77' lang='grc' dir='ltr'><strong>ἠ</strong></span> <span class='ocrx_word' id='word_1_744' title='bbox 1219 4765 1430 4843; x_wconf 80' lang='grc' dir='ltr'>Γραφὴ,</span> <span class='ocrx_word' id='word_1_745' title='bbox 1473 4763 1533 4820; x_wconf 88' lang='lat' dir='ltr'><strong>6&#39;v</strong></span> <span class='ocrx_word' id='word_1_746' title='bbox 1566 4765 1761 4838; x_wconf 81' lang='grc' dir='ltr'>μεταξὺ</span> <span class='ocrx_word' id='word_1_747' title='bbox 1807 4771 1915 4822; x_wconf 83' lang='grc' dir='ltr'><strong>τῶν</strong></span> 
     </span>
    </p>
   </div>
   <div class='ocr_carea' id='block_1_100' title="bbox 333 4988 1919 5064">
    <p class='ocr_par' dir='ltr' id='par_1_100' title="bbox 333 4988 1919 5064">
     <span class='ocr_line' id='line_1_100' title="bbox 333 4988 1919 5064; baseline -0.002 -14"><span class='ocrx_word' id='word_1_748' title='bbox 333 4994 390 5031; x_wconf 75' lang='grc'>³⁸</span> <span class='ocrx_word' id='word_1_749' title='bbox 413 4992 585 5050; x_wconf 86' lang='lat' dir='ltr'><strong>Joau.</strong></span> <span class='ocrx_word' id='word_1_750' title='bbox 617 5008 699 5059; x_wconf 76' lang='lat' dir='ltr'><strong>ix,</strong></span> <span class='ocrx_word' id='word_1_751' title='bbox 731 4991 821 5048; x_wconf 74' lang='grc'><strong>14.</strong></span> <span class='ocrx_word' id='word_1_752' title='bbox 898 4989 942 5026; x_wconf 81' lang='grc'><strong>¹⁵</strong></span> <span class='ocrx_word' id='word_1_753' title='bbox 970 4988 1176 5046; x_wconf 87' lang='lat' dir='ltr'><strong>Matth.</strong></span> <span class='ocrx_word' id='word_1_754' title='bbox 1206 5005 1347 5060; x_wconf 65' lang='grc' dir='ltr'>χχιι,</span> <span class='ocrx_word' id='word_1_755' title='bbox 1380 4989 1467 5045; x_wconf 91' lang='grc'><strong>13.</strong></span> <span class='ocrx_word' id='word_1_756' title='bbox 1545 4990 1590 5026; x_wconf 84' lang='grc'><strong>¹⁶</strong></span> <span class='ocrx_word' id='word_1_757' title='bbox 1617 4990 1727 5049; x_wconf 87' lang='lat' dir='ltr'><strong>Job</strong></span> <span class='ocrx_word' id='word_1_758' title='bbox 1758 5009 1835 5064; x_wconf 76' lang='grc' dir='ltr'>ιι,</span> <span class='ocrx_word' id='word_1_759' title='bbox 1863 4993 1919 5048; x_wconf 84' lang='grc'><strong>9.</strong></span> 
     </span>
    </p>
   </div>
   <div class='ocr_carea' id='block_1_101' title="bbox 324 5193 1919 5325">
    <p class='ocr_par' dir='ltr' id='par_1_101' title="bbox 324 5193 1919 5325">
     <span class='ocr_line' id='line_1_101' title="bbox 324 5193 1919 5325; baseline -0.004 -69"><span class='ocrx_word' id='word_1_760' title='bbox 324 5200 456 5325; x_wconf 49' lang='lat'><strong>(53</strong></span> <span class='ocrx_word' id='word_1_761' title='bbox 479 5199 714 5271; x_wconf 75' lang='lat' dir='ltr'><strong>Antiqui</strong></span> <span class='ocrx_word' id='word_1_762' title='bbox 757 5199 875 5283; x_wconf 70' lang='lat' dir='ltr'><strong>duo</strong></span> <span class='ocrx_word' id='word_1_763' title='bbox 928 5196 1083 5281; x_wconf 75' lang='lat' dir='ltr'><strong>libri,</strong></span> <span class='ocrx_word' id='word_1_764' title='bbox 1113 5193 1463 5325; x_wconf 42' lang='grc' dir='ltr'>ἰρῖιάσασθαι.</span> <span class='ocrx_word' id='word_1_765' title='bbox 1498 5196 1608 5252; x_wconf 80' lang='lat' dir='ltr'><strong>Alii</strong></span> <span class='ocrx_word' id='word_1_766' title='bbox 1658 5198 1795 5267; x_wconf 82' lang='lat' dir='ltr'><strong>duo,</strong></span> <span class='ocrx_word' id='word_1_767' title='bbox 1829 5196 1919 5271; x_wconf 77' lang='grc' dir='ltr'>έρ-</span> 
     </span>
     <span class='ocr_line' id='line_1_102' title="bbox 324 5266 1919 5325; baseline -0.001 0"><span class='ocrx_word' id='word_1_768' title='bbox 324 5277 390 5325; x_wconf 79' lang='grc' dir='ltr'>ζε</span> <span class='ocrx_word' id='word_1_769' title='bbox 462 5290 509 5325; x_wconf 80' lang='grc' dir='ltr'>ε.</span> <span class='ocrx_word' id='word_1_770' title='bbox 555 5287 888 5325; x_wconf 73' lang='lat' dir='ltr'><strong>operamini.</strong></span> <span class='ocrx_word' id='word_1_771' title='bbox 919 5273 1130 5325; x_wconf 75' lang='lat' dir='ltr'><strong>Statim</strong></span> <span class='ocrx_word' id='word_1_772' title='bbox 1229 5285 1321 5325; x_wconf 73' lang='lat' dir='ltr'><strong>eg.</strong></span> <span class='ocrx_word' id='word_1_773' title='bbox 1350 5269 1670 5325; x_wconf 85' lang='lat' dir='ltr'><strong>secundus.</strong></span> <span class='ocrx_word' id='word_1_774' title='bbox 1703 5266 1919 5324; x_wconf 76' lang='grc' dir='ltr'>δύναται</span> 
     </span>
    </p>
   </div>
   <div class='ocr_carea' id='block_1_102' title="bbox 282 5266 1922 5343">
    <p class='ocr_par' dir='ltr' id='par_1_102' title="bbox 282 5266 1922 5343">
     <span class='ocr_line' id='line_1_103' title="bbox 282 5266 1922 5343; baseline -0.002 -17"><span class='ocrx_word' id='word_1_775' title='bbox 282 5266 509 5341; x_wconf 64' lang='grc' dir='ltr'>(ἕζεσθε,</span> <span class='ocrx_word' id='word_1_776' title='bbox 555 5266 888 5343; x_wconf 73' lang='lat' dir='ltr'><strong>operamini.</strong></span> <span class='ocrx_word' id='word_1_777' title='bbox 919 5266 1151 5343; x_wconf 76' lang='lat' dir='ltr'><strong>Statim</strong></span> <span class='ocrx_word' id='word_1_778' title='bbox 1179 5266 1321 5343; x_wconf 82' lang='lat' dir='ltr'><strong>Reg.</strong></span> <span class='ocrx_word' id='word_1_779' title='bbox 1350 5269 1670 5343; x_wconf 81' lang='lat' dir='ltr'><strong>secundus,</strong></span> <span class='ocrx_word' id='word_1_780' title='bbox 1703 5266 1922 5324; x_wconf 76' lang='grc' dir='ltr'>δύναται</span> 
     </span>
    </p>
   </div>
   <div class='ocr_carea' id='block_1_103' title="bbox 276 5339 1922 5416">
    <p class='ocr_par' dir='ltr' id='par_1_103' title="bbox 276 5339 1922 5416">
     <span class='ocr_line' id='line_1_104' title="bbox 276 5339 1922 5416; baseline -0.001 -19"><span class='ocrx_word' id='word_1_781' title='bbox 276 5339 611 5416; x_wconf 28' lang='grc' dir='ltr'>ρὴάσασθαιν.</span> <span class='ocrx_word' id='word_1_782' title='bbox 656 5341 919 5397; x_wconf 82' lang='lat' dir='ltr'><strong>Subinde</strong></span> <span class='ocrx_word' id='word_1_783' title='bbox 968 5342 1132 5405; x_wconf 84' lang='lat' dir='ltr'><strong>editi,</strong></span> <span class='ocrx_word' id='word_1_784' title='bbox 1180 5339 1492 5411; x_wconf 54' lang='grc' dir='ltr'>τίῖῖσκότει.</span> <span class='ocrx_word' id='word_1_785' title='bbox 1527 5345 1602 5394; x_wconf 82' lang='lat' dir='ltr'><strong>At</strong></span> <span class='ocrx_word' id='word_1_786' title='bbox 1649 5345 1922 5415; x_wconf 61' lang='lat' dir='ltr'><strong>mss.,1§i</strong></span> 
     </span>
    </p>
   </div>
   <div class='ocr_carea' id='block_1_104' title="bbox 462 5270 1130 5343">
    <p class='ocr_par' dir='ltr' id='par_1_104' title="bbox 462 5270 1130 5343">
     <span class='ocr_line' id='line_1_105' title="bbox 462 5270 1130 5343; baseline 0.001 -19"><span class='ocrx_word' id='word_1_787' title='bbox 462 5290 509 5335; x_wconf 80' lang='grc' dir='ltr'><strong>ε,</strong></span> <span class='ocrx_word' id='word_1_788' title='bbox 555 5270 888 5343; x_wconf 79' lang='lat' dir='ltr'><strong>operamini.</strong></span> <span class='ocrx_word' id='word_1_789' title='bbox 919 5270 1130 5343; x_wconf 83' lang='lat' dir='ltr'><strong>Statim</strong></span> 
     </span>
    </p>
   </div>
   <div class='ocr_carea' id='block_1_105' title="bbox 244 5416 466 5487">
    <p class='ocr_par' dir='ltr' id='par_1_105' title="bbox 244 5416 466 5487">
     <span class='ocr_line' id='line_1_106' title="bbox 244 5416 466 5487; baseline -0.014 -15"><span class='ocrx_word' id='word_1_790' title='bbox 244 5416 466 5487; x_wconf 67' lang='grc' dir='ltr'>σκότῳ.</span> 
     </span>
    </p>
   </div>
   <div class='ocr_carea' id='block_1_106' title="bbox 324 5476 1918 5559">
    <p class='ocr_par' dir='ltr' id='par_1_106' title="bbox 324 5476 1918 5559">
     <span class='ocr_line' id='line_1_107' title="bbox 324 5476 1918 5559; baseline -0.002 -17"><span class='ocrx_word' id='word_1_791' title='bbox 324 5476 450 5559; x_wconf 62' lang='grc' dir='ltr'><strong>(ξέ)</strong></span> <span class='ocrx_word' id='word_1_792' title='bbox 485 5482 1090 5559; x_wconf 74' lang='lat' dir='ltr'><strong>Antiqui_duo__l_ibri,</strong></span> <span class='ocrx_word' id='word_1_793' title='bbox 1148 5476 1465 5539; x_wconf 72' lang='grc' dir='ltr'>ἐκϐάλλετε.</span> <span class='ocrx_word' id='word_1_794' title='bbox 1499 5482 1661 5539; x_wconf 81' lang='lat' dir='ltr'><strong>Alius</strong></span> <span class='ocrx_word' id='word_1_795' title='bbox 1720 5485 1918 5552; x_wconf 86' lang='lat' dir='ltr'><strong>codex,</strong></span> 
     </span>
    </p>
   </div>
   <div class='ocr_carea' id='block_1_107' title="bbox 251 5549 1078 5633">
    <p class='ocr_par' dir='ltr' id='par_1_107' title="bbox 251 5549 1078 5633">
     <span class='ocr_line' id='line_1_108' title="bbox 251 5549 1078 5633; baseline -0.012 -17"><span class='ocrx_word' id='word_1_796' title='bbox 251 5549 773 5633; x_wconf 47' lang='lat' dir='ltr'><strong>lpiﬁﬂa;a._Eai_ti,</strong></span> <span class='ocrx_word' id='word_1_797' title='bbox 802 5549 1078 5633; x_wconf 53' lang='grc' dir='ltr'>ἐκϐάλετε,</span> 
     </span>
    </p>
   </div>
   <div class='ocr_carea' id='block_1_108' title="bbox 333 5624 1924 5701">
    <p class='ocr_par' dir='ltr' id='par_1_108' title="bbox 333 5624 1924 5701">
     <span class='ocr_line' id='line_1_109' title="bbox 333 5624 1924 5701; baseline -0.001 -16"><span class='ocrx_word' id='word_1_798' title='bbox 333 5633 444 5701; x_wconf 76' lang='lat'><strong>(53)</strong></span> <span class='ocrx_word' id='word_1_799' title='bbox 480 5630 657 5697; x_wconf 82' lang='lat' dir='ltr'><strong>Editi,</strong></span> <span class='ocrx_word' id='word_1_800' title='bbox 680 5628 717 5696; x_wconf 72' lang='grc' dir='ltr'><strong>ἡ</strong></span> <span class='ocrx_word' id='word_1_801' title='bbox 747 5624 987 5688; x_wconf 83' lang='grc' dir='ltr'>ἀνίατος.</span> <span class='ocrx_word' id='word_1_802' title='bbox 1012 5631 1085 5681; x_wconf 71' lang='lat' dir='ltr'><strong>At</strong></span> <span class='ocrx_word' id='word_1_803' title='bbox 1114 5628 1175 5682; x_wconf 89' lang='lat' dir='ltr'><strong>in</strong></span> <span class='ocrx_word' id='word_1_804' title='bbox 1206 5626 1425 5684; x_wconf 89' lang='lat' dir='ltr'><strong>nostris</strong></span> <span class='ocrx_word' id='word_1_805' title='bbox 1458 5642 1557 5684; x_wconf 79' lang='lat' dir='ltr'><strong>sex</strong></span> <span class='ocrx_word' id='word_1_806' title='bbox 1587 5642 1732 5685; x_wconf 84' lang='lat' dir='ltr'><strong>mss.</strong></span> <span class='ocrx_word' id='word_1_807' title='bbox 1759 5626 1924 5684; x_wconf 90' lang='lat' dir='ltr'><strong>deest</strong></span> 
     </span>
    </p>
   </div>
   <div class='ocr_carea' id='block_1_109' title="bbox 249 5702 576 5765">
    <p class='ocr_par' dir='ltr' id='par_1_109' title="bbox 249 5702 576 5765">
     <span class='ocr_line' id='line_1_110' title="bbox 249 5702 576 5765; baseline -0.018 0"><span class='ocrx_word' id='word_1_808' title='bbox 249 5702 576 5765; x_wconf 64' lang='grc' dir='ltr'>πείσωσι.</span> 
     </span>
    </p>
   </div>
   <div class='ocr_carea' id='block_1_110' title="bbox 543 5824 1208 5891">
    <p class='ocr_par' dir='ltr' id='par_1_110' title="bbox 543 5824 1208 5891">
     <span class='ocr_line' id='line_1_111' title="bbox 543 5824 1208 5891; baseline -0.006 0"><span class='ocrx_word' id='word_1_809' title='bbox 543 5830 819 5891; x_wconf 61' lang='lat' dir='ltr'><strong>Panem.</strong></span> <span class='ocrx_word' id='word_1_810' title='bbox 865 5825 979 5890; x_wconf 76' lang='lat' dir='ltr'><strong>Gn.</strong></span> <span class='ocrx_word' id='word_1_811' title='bbox 1017 5824 1208 5889; x_wconf 82' lang='lat' dir='ltr'><strong>XXX.</strong></span> 
     </span>
    </p>
   </div>
   <div class='ocr_carea' id='block_1_111' title="bbox 2027 4675 3683 4747">
    <p class='ocr_par' dir='ltr' id='par_1_111' title="bbox 2027 4675 3683 4747">
     <span class='ocr_line' id='line_1_112' title="bbox 2027 4675 3683 4747; baseline -0.002 -13"><span class='ocrx_word' id='word_1_812' title='bbox 2027 4678 2178 4734; x_wconf 88' lang='lat' dir='ltr'><strong>cturi</strong></span> <span class='ocrx_word' id='word_1_813' title='bbox 2210 4677 2617 4733; x_wconf 89' lang='lat' dir='ltr'><strong>commeminit</strong></span> <span class='ocrx_word' id='word_1_814' title='bbox 2647 4676 2948 4747; x_wconf 82' lang='lat' dir='ltr'><strong>Scriptura</strong></span> <span class='ocrx_word' id='word_1_815' title='bbox 2971 4677 3035 4745; x_wconf 81' lang='grc'>¹⁶,</span> <span class='ocrx_word' id='word_1_816' title='bbox 3062 4692 3235 4746; x_wconf 90' lang='lat' dir='ltr'><strong>quem</strong></span> <span class='ocrx_word' id='word_1_817' title='bbox 3270 4676 3422 4730; x_wconf 88' lang='lat' dir='ltr'><strong>inter</strong></span> <span class='ocrx_word' id='word_1_818' title='bbox 3450 4675 3683 4731; x_wconf 87' lang='lat' dir='ltr'><strong>Orionis</strong></span> 
     </span>
    </p>
   </div>
   <div class='ocr_carea' id='block_1_112' title="bbox 2029 4764 3680 4842">
    <p class='ocr_par' dir='ltr' id='par_1_112' title="bbox 2029 4764 3680 4842">
     <span class='ocr_line' id='line_1_113' title="bbox 2029 4764 3680 4842; baseline -0.003 -18"><span class='ocrx_word' id='word_1_819' title='bbox 2029 4773 2222 4842; x_wconf 86' lang='lat' dir='ltr'><strong>partes</strong></span> <span class='ocrx_word' id='word_1_820' title='bbox 2247 4766 2505 4839; x_wconf 80' lang='lat' dir='ltr'><strong>positum</strong></span> <span class='ocrx_word' id='word_1_821' title='bbox 2530 4765 2847 4820; x_wconf 88' lang='lat' dir='ltr'><strong>cernimus.</strong></span> <span class='ocrx_word' id='word_1_822' title='bbox 2869 4765 2967 4820; x_wconf 88' lang='lat' dir='ltr'><strong>Est</strong></span> <span class='ocrx_word' id='word_1_823' title='bbox 2997 4769 3192 4820; x_wconf 83' lang='lat' dir='ltr'><strong>autem</strong></span> <span class='ocrx_word' id='word_1_824' title='bbox 3218 4764 3388 4821; x_wconf 89' lang='lat' dir='ltr'><strong>stella</strong></span> <span class='ocrx_word' id='word_1_825' title='bbox 3413 4764 3680 4820; x_wconf 79' lang='lat' dir='ltr'><strong>subrufa.</strong></span> 
     </span>
    </p>
   </div>
   <div class='ocr_carea' id='block_1_113' title="bbox 2100 5193 3218 5271">
    <p class='ocr_par' dir='ltr' id='par_1_113' title="bbox 2100 5193 3218 5271">
     <span class='ocr_line' id='line_1_114' title="bbox 2100 5193 3218 5271; baseline -0.003 -18"><span class='ocrx_word' id='word_1_826' title='bbox 2100 5198 2215 5270; x_wconf 77' lang='grc'>(54)</span> <span class='ocrx_word' id='word_1_827' title='bbox 2247 5194 2486 5252; x_wconf 89' lang='lat' dir='ltr'><strong>Codices</strong></span> <span class='ocrx_word' id='word_1_828' title='bbox 2516 5193 3218 5271; x_wconf 58' lang='lat' dir='ltr'><strong>nonnulli_,__tbpoldvr,1at.</strong></span> 
     </span>
    </p>
   </div>
   <div class='ocr_carea' id='block_1_114' title="bbox 2103 5265 3678 5343">
    <p class='ocr_par' dir='ltr' id='par_1_114' title="bbox 2103 5265 3678 5343">
     <span class='ocr_line' id='line_1_115' title="bbox 2103 5265 3678 5343; baseline -0.003 -18"><span class='ocrx_word' id='word_1_829' title='bbox 2103 5265 2481 5343; x_wconf 64' lang='lat' dir='ltr'><strong>(55iYeteres</strong></span> <span class='ocrx_word' id='word_1_830' title='bbox 2513 5268 2753 5343; x_wconf 78' lang='lat' dir='ltr'><strong>quidam</strong></span> <span class='ocrx_word' id='word_1_831' title='bbox 2783 5265 2919 5324; x_wconf 83' lang='lat' dir='ltr'><strong>libri</strong></span> <span class='ocrx_word' id='word_1_832' title='bbox 2950 5265 3308 5335; x_wconf 22' lang='lat' dir='ltr'><strong>cum‘editis,</strong></span> <span class='ocrx_word' id='word_1_833' title='bbox 3335 5265 3678 5341; x_wconf 84' lang='grc' dir='ltr'>μετακόσμη-</span> 
     </span>
    </p>
   </div>
   <div class='ocr_carea' id='block_1_115' title="bbox 2032 5338 2716 5411">
    <p class='ocr_par' dir='ltr' id='par_1_115' title="bbox 2032 5338 2716 5411">
     <span class='ocr_line' id='line_1_116' title="bbox 2032 5338 2716 5411; baseline 0 -17"><span class='ocrx_word' id='word_1_834' title='bbox 2032 5338 2135 5396; x_wconf 74' lang='grc' dir='ltr'>σιν.</span> <span class='ocrx_word' id='word_1_835' title='bbox 2176 5340 2305 5402; x_wconf 78' lang='lat' dir='ltr'><strong>Alii,</strong></span> <span class='ocrx_word' id='word_1_836' title='bbox 2340 5338 2716 5411; x_wconf 83' lang='grc' dir='ltr'>μεταποίησιν.</span> 
     </span>
    </p>
   </div>
   <div class='ocr_carea' id='block_1_116' title="bbox 2102 5410 3678 5495">
    <p class='ocr_par' dir='ltr' id='par_1_116' title="bbox 2102 5410 3678 5495">
     <span class='ocr_line' id='line_1_117' title="bbox 2102 5410 3678 5495; baseline -0.003 -28"><span class='ocrx_word' id='word_1_837' title='bbox 2102 5414 2214 5495; x_wconf 76' lang='grc'><strong>(56)</strong></span> <span class='ocrx_word' id='word_1_838' title='bbox 2370 5431 2533 5495; x_wconf 60' lang='grc' dir='ltr'>τινες,</span> <span class='ocrx_word' id='word_1_839' title='bbox 2564 5416 2672 5495; x_wconf 73' lang='lat' dir='ltr'><strong>etc.</strong></span> <span class='ocrx_word' id='word_1_840' title='bbox 2702 5411 2820 5495; x_wconf 70' lang='lat' dir='ltr'><strong>Hoc</strong></span> <span class='ocrx_word' id='word_1_841' title='bbox 2866 5410 2996 5495; x_wconf 63' lang='lat' dir='ltr'><strong>loco</strong></span> <span class='ocrx_word' id='word_1_842' title='bbox 3050 5416 3288 5495; x_wconf 50' lang='lat' dir='ltr'><strong>Ducmus</strong></span> <span class='ocrx_word' id='word_1_843' title='bbox 3319 5410 3389 5495; x_wconf 81' lang='lat' dir='ltr'><strong>de</strong></span> <span class='ocrx_word' id='word_1_844' title='bbox 3419 5411 3678 5465; x_wconf 85' lang='lat' dir='ltr'><strong>siderum</strong></span> 
     </span>
    </p>
   </div>
   <div class='ocr_carea' id='block_1_117' title="bbox 2032 5482 3676 5548">
    <p class='ocr_par' dir='ltr' id='par_1_117' title="bbox 2032 5482 3676 5548">
     <span class='ocr_line' id='line_1_118' title="bbox 2032 5482 3676 5548; baseline -0.003 -10"><span class='ocrx_word' id='word_1_845' title='bbox 2032 5482 2372 5538; x_wconf 66' lang='lat' dir='ltr'><strong>diScrimine</strong></span> <span class='ocrx_word' id='word_1_846' title='bbox 2399 5484 2563 5537; x_wconf 85' lang='lat' dir='ltr'><strong>doctc</strong></span> <span class='ocrx_word' id='word_1_847' title='bbox 2592 5483 2848 5537; x_wconf 86' lang='lat' dir='ltr'><strong>disserit.</strong></span> <span class='ocrx_word' id='word_1_848' title='bbox 2876 5482 3092 5537; x_wconf 87' lang='lat' dir='ltr'><strong>Ibidem</strong></span> <span class='ocrx_word' id='word_1_849' title='bbox 3118 5483 3255 5536; x_wconf 84' lang='lat' dir='ltr'><strong>editi</strong></span> <span class='ocrx_word' id='word_1_850' title='bbox 3281 5487 3339 5535; x_wconf 86' lang='lat' dir='ltr'><strong>et</strong></span> <span class='ocrx_word' id='word_1_851' title='bbox 3359 5490 3475 5537; x_wconf 88' lang='lat' dir='ltr'><strong>tres</strong></span> <span class='ocrx_word' id='word_1_852' title='bbox 3509 5497 3676 5548; x_wconf 69' lang='lat' dir='ltr'><strong>mss,</strong></span> 
     </span>
    </p>
   </div>
   <div class='ocr_carea' id='block_1_118' title="bbox 2031 5551 3320 5627">
    <p class='ocr_par' dir='ltr' id='par_1_118' title="bbox 2031 5551 3320 5627">
     <span class='ocr_line' id='line_1_119' title="bbox 2031 5551 3320 5627; baseline -0.003 -18"><span class='ocrx_word' id='word_1_853' title='bbox 2031 5554 2105 5616; x_wconf 81' lang='grc' dir='ltr'>ὡς</span> <span class='ocrx_word' id='word_1_854' title='bbox 2139 5555 2189 5608; x_wconf 74' lang='lat' dir='ltr'><strong>cl</strong></span> <span class='ocrx_word' id='word_1_855' title='bbox 2220 5553 2364 5627; x_wconf 82' lang='grc' dir='ltr'>περί.</span> <span class='ocrx_word' id='word_1_856' title='bbox 2400 5554 2510 5609; x_wconf 80' lang='lat' dir='ltr'><strong>Alii</strong></span> <span class='ocrx_word' id='word_1_857' title='bbox 2542 5559 2662 5627; x_wconf 79' lang='lat' dir='ltr'><strong>tres</strong></span> <span class='ocrx_word' id='word_1_858' title='bbox 2692 5570 2942 5626; x_wconf 82' lang='lat' dir='ltr'><strong>quoque,</strong></span> <span class='ocrx_word' id='word_1_859' title='bbox 2974 5551 3066 5627; x_wconf 62' lang='grc' dir='ltr'>οἱξς</span> <span class='ocrx_word' id='word_1_860' title='bbox 3096 5553 3146 5606; x_wconf 79' lang='lat' dir='ltr'><strong>oi</strong></span> <span class='ocrx_word' id='word_1_861' title='bbox 3179 5551 3320 5627; x_wconf 77' lang='grc' dir='ltr'>περί.</span> 
     </span>
    </p>
   </div>
   <div class='ocr_carea' id='block_1_119' title="bbox 2101 5620 3678 5751">
    <p class='ocr_par' dir='ltr' id='par_1_119' title="bbox 2101 5620 3678 5751">
     <span class='ocr_line' id='line_1_120' title="bbox 2101 5620 3678 5751; baseline -0.004 -69"><span class='ocrx_word' id='word_1_862' title='bbox 2101 5620 2486 5751; x_wconf 51' lang='grc' dir='ltr'><strong>(57ὶ5οὸάὶσοε</strong></span> <span class='ocrx_word' id='word_1_863' title='bbox 2516 5620 2761 5700; x_wconf 74' lang='lat' dir='ltr'><strong>aliquot,</strong></span> <span class='ocrx_word' id='word_1_864' title='bbox 2795 5620 2975 5680; x_wconf 78' lang='grc' dir='ltr'>Κέῖται</span> <span class='ocrx_word' id='word_1_865' title='bbox 3015 5621 3073 5679; x_wconf 68' lang='grc' dir='ltr'>δὲ</span> <span class='ocrx_word' id='word_1_866' title='bbox 3118 5620 3325 5679; x_wconf 77' lang='grc' dir='ltr'>τούτων</span> <span class='ocrx_word' id='word_1_867' title='bbox 3374 5626 3478 5678; x_wconf 79' lang='grc' dir='ltr'>τῶν</span> <span class='ocrx_word' id='word_1_868' title='bbox 3524 5620 3678 5677; x_wconf 85' lang='grc' dir='ltr'>ἀστέ-</span> 
     </span>
     <span class='ocr_line' id='line_1_121' title="bbox 2101 5716 2256 5751; baseline 0 0"><span class='ocrx_word' id='word_1_869' title='bbox 2101 5716 2140 5751; x_wconf 77' lang='grc' dir='ltr'><strong>ιν</strong></span> <span class='ocrx_word' id='word_1_870' title='bbox 2169 5716 2200 5751; x_wconf 86' lang='grc' dir='ltr'><strong>τ</strong></span> <span class='ocrx_word' id='word_1_871' title='bbox 2241 5740 2256 5751; x_wconf 93' lang='grc'><strong>.</strong></span> 
     </span>
    </p>
   </div>
   <div class='ocr_carea' id='block_1_120' title="bbox 2031 5715 2256 5771">
    <p class='ocr_par' dir='ltr' id='par_1_120' title="bbox 2031 5715 2256 5771">
     <span class='ocr_line' id='line_1_122' title="bbox 2031 5715 2256 5771; baseline 0.013 -19"><span class='ocrx_word' id='word_1_872' title='bbox 2031 5715 2140 5771; x_wconf 87' lang='grc' dir='ltr'><strong>ρων</strong></span> <span class='ocrx_word' id='word_1_873' title='bbox 2169 5715 2256 5755; x_wconf 87' lang='grc' dir='ltr'>το.</span> 
     </span>
    </p>
   </div>
   <div class='ocr_carea' id='block_1_121' title="bbox 3320 5829 3398 5893">
    <p class='ocr_par' dir='ltr' id='par_1_121' title="bbox 3320 5829 3398 5893">
     <span class='ocr_line' id='line_1_123' title="bbox 3320 5829 3398 5893; baseline 0.051 -4"><span class='ocrx_word' id='word_1_874' title='bbox 3320 5829 3398 5893; x_wconf 73' lang='grc'>19</span> 
     </span>
    </p>
   </div>
  </div>
