4118 6220
281 369 399 428 589

1075 366 1481 428 COMMENT.
1529 366 1609 426 IN
1655 365 1930 427 ISAIAM
1973 365 2478 428 PROPHETAM.
2524 363 2692 426 CAP.
2742 364 2899 427 XIII.

3576 370 3698 431 590

278 513 434 572 ὅμως
463 499 566 553 οὑκ
595 496 751 569 αύτῷ
778 501 1098 570 καταρᾶται,
1130 495 1276 550 ἀλλὰ
1303 501 1384 568 τῷ
1422 497 1724 571 γεννήματι
1755 496 1940 563 αὐτοῦ,

2066 497 2429 566 molestiam;
2463 514 2578 552 non
2609 501 2806 552 tamen
2847 498 2897 552 si
2944 497 3256 570 maledicit,
3288 501 3388 555 sed
3420 501 3548 571 ejus
3578 518 3708 574 ger-

274 588 378 643 καὶ
435 592 518 659 τῷ
573 583 718 662 ἔργῳ
781 584 968 652 αὑτοῦ,
1027 585 1157 659 ὅπερ
1219 579 1572 657 συμϐολικῶς
1625 584 1946 657 ὀνομάζεται

280 678 522 734 Χανασὶν⁸
578 673 717 731 διότι
769 675 1126 747 ἑρμηνεύεται
1185 674 1420 740 Χαναὰν,
1480 674 1555 737 ὡς
1602 671 1791 734 σάλος.
1853 674 1948 727 Διὰ

279 767 346 821 τὸ
379 767 472 820 οὖν
508 764 559 819 ἐν
606 766 814 834 κινήσει
864 765 972 835 (64)
1029 764 1127 831 τήν
1175 759 1282 832 ἕξιν
1318 761 1618 836 γινομένην
1665 763 1726 815 τὸ
1777 762 1947 824 πάθος

280 853 572 921 ἐπιτελεῖν,
607 851 668 908 ού
707 855 776 925 τῇ
827 849 1056 915 διαθέσει
1104 857 1421 925 καταρᾶται,
1469 850 1616 906 ἀλλά
1667 855 1744 922 τῷ
1794 846 1942 925 ἔργῳ

280 949 360 1015 τῷ
392 943 480 998 ἀπ’
514 941 700 1010 αὑτῆς.
737 939 1008 994 Δύσκολον
1053 940 1153 1015 γὰρ
1204 940 1266 994 τὸ
1298 939 1350 993 ἐν
1397 937 1594 1011 καρδίᾳ
1625 940 1856 1014 καθαρὸν
1891 940 1944 993 ἐν

281 1032 578 1107 ἀνθρώπου
627 1029 778 1107 φύσει
827 1027 1177 1094 διασωθῆναι.
1207 1026 1385 1098 Δῆλον
1434 1026 1512 1093 δὲ,
1546 1027 1630 1082 ὅτι
1672 1028 1942 1105 ἀφανίζων

275 1124 380 1189 τὴν
415 1115 570 1194 ὕϐριν
600 1123 707 1174 τῶν
738 1118 1121 1194 ὑπερηφάνων,
1152 1115 1260 1192 οὑχ
1298 1114 1352 1170 ἓν
1407 1116 1569 1188 μόνον
1618 1121 1723 1170 τῶν
1757 1121 1937 1170 κακῶν

273 1209 645 1282 ἑξαναλίσκει,
705 1205 832 1261 ἀλλ’
891 1207 998 1260 ἀπὸ
1059 1206 1179 1266 ἐνὸς
1238 1206 1634 1279 ἁμαρτήματος
1693 1203 1932 1259 διατατι-

272 1303 390 1360 κῶς
421 1301 537 1370 (65)
560 1298 640 1373 ἐφ’
668 1296 772 1351 ὅλα
801 1295 868 1348 τὰ
903 1293 1023 1365 εἵδη
1066 1301 1166 1362 τῆς
1214 1294 1400 1355 κακίας
1443 1292 1712 1363 ἐξακούειν
1761 1313 1933 1369 προσ-

273 1391 401 1458 ἥκει
433 1394 532 1455 τῆς
563 1381 789 1460 ὕϐρεως.
839 1385 907 1440 Οἱ
955 1384 1058 1458 γὰρ
1109 1381 1305 1453 ἄνομοι
1355 1377 1693 1456 ἐξυϐρίζουσι
1730 1383 1822 1454 μὶν
1857 1382 1932 1443 εἰς

267 1478 364 1531 τὸν
425 1475 551 1529 ναὸν
612 1477 744 1543 (66),
805 1467 1137 1546 ἐξυϐρίζουσι
1190 1468 1248 1525 δὲ
1278 1469 1354 1532 εἰς
1402 1470 1492 1524 τὸν
1538 1469 1798 1539 πλησίον,
1853 1471 1932 1540 ἐξ-

271 1559 562 1637 υϐρίζουσι
586 1561 643 1616 δὲ
674 1562 748 1623 εἰς
779 1560 840 1615 τὸ
879 1562 993 1615 κατ’
1025 1560 1207 1614 εἰκόνα
1233 1563 1329 1613 τοῦ
1359 1558 1662 1629 κτίσαντος,
1699 1559 1790 1612 καὶ
1845 1555 1933 1612 διὰ

269 1661 376 1722 τῆς
429 1652 636 1712 εἰκόνος
692 1653 727 1720 ἡ
788 1645 943 1722 ὕϐρις
997 1643 1269 1703 ἀναϐαίνει
1327 1649 1411 1702 ἐπὶ
1469 1647 1561 1702 τόν
1623 1645 1877 1702 κτίσαντα
1911 1688 1925 1702 .

271 1746 484 1815 Ὠσπερ
529 1742 630 1816 γὰρ
681 1741 708 1794 6
762 1737 1048 1814 βασιλικὴν
1096 1737 1278 1792 εἰκόνα
1324 1731 1675 1809 καθυϐρίσας,
1728 1737 1801 1797 ὡς
1853 1735 1930 1800 εἰς

273 1831 442 1886 αὑτὸν
475 1831 848 1902 ἐξαμαρτήσας
881 1829 994 1900 (67)
1034 1826 1124 1880 τὸν
1177 1823 1401 1900 βασιλέα
1449 1825 1682 1899 κρίνεται
1717 1843 1730 1856 ·
1785 1823 1926 1878 οὕτω

271 1919 541 1991 δηλονότι
573 1914 828 1978 ὑπόδικός
861 1916 972 1970 ἐστι
1000 1919 1068 1989 τῇ
1119 1913 1356 1987 ἁμαρτίᾳ
1386 1914 1413 1967 6
1443 1913 1536 1967 τὸν
1587 1914 1702 1966 κατ’
1748 1912 1931 1967 εἰκόνα

265 2009 640 2084 γεγενημένον
698 1999 1036 2079 καθυϐρίζων
1069 2046 1082 2060 .
1138 1997 1372 2078 Ὑϐρίζει
1431 1999 1487 2056 δὲ
1545 2003 1652 2078 πρὸ
1711 2002 1925 2056 πάντων

263 2099 361 2153 καὶ
391 2097 578 2152 ἐαυτὸν
617 2095 644 2149 6
693 2095 914 2169 πόρνος.
961 2089 1050 2146 διὰ
1096 2098 1199 2159 τῆς
1251 2096 1475 2165 φθορᾶς·
1512 2091 1539 2144 ὁ
1586 2091 1805 2165 μοιχὸς,
1842 2087 1931 2144 διὰ

264 2191 368 2241 τοῖ’)
401 2183 562 2260 ἔργου
591 2189 692 2252 τῆς
738 2180 1021 2257 αἰσχύνης·
1058 2181 1086 2234 6
1134 2177 1402 2248 κλέπτης,
1453 2176 1543 2232 διὰ
1585 2185 1684 2247 τῆς
1741 2199 1927 2233 ταπει-

267 2282 372 2345 νῆς
429 2273 518 2328 καὶ
562 2271 794 2347 αἰσχρὰς
854 2270 940 2323 καὶ
989 2267 1341 2342 ἀνελευθέρου
1400 2265 1662 2341 πράξεως·
1717 2268 1745 2320 6
1797 2267 1928 2340 ψεύ-

269 2385 432 2434 στης,
464 2360 555 2416 δια
583 2364 679 2414 τοῦ
710 2359 1038 2432 ἀρνήσασθαι
1085 2359 1184 2426 τὴν
1234 2354 1517 2426 ἀλήθειαν
1577 2357 1604 2410 ὁ
1653 2357 1927 2432 ἐπίορκος,

271 2451 366 2508 διὰ
393 2458 496 2520 τῆς
527 2450 632 2504 ἀπὸ
662 2452 796 2505 Θεοῦ
843 2444 1290 2521 ἀλλοτριώσεως.
1321 2447 1482 2498 Ὥστε
1524 2449 1667 2499 πᾶσα
1695 2444 1930 2518 ἁμαρτία

272 2537 432 2616 ὕϐρις
466 2539 600 2609 ἐστὶ,
632 2537 722 2592 καὶ
773 2531 979 2610 ὕϐρεώς
1027 2535 1138 2589 ἐστι
1185 2533 1478 2609 βλάστημα
1530 2536 1664 2607 (68),
1710 2535 1929 2607 πρώτου

273 2629 559 2703 ἁπτομένη
592 2631 688 2682 τοῦ
719 2621 996 2701 ὑϐριστοῦ.
1033 2624 1372 2681 Ταπεινώσει
1416 2620 1474 2678 δὲ
1503 2623 1593 2676 γαὶ
1641 2624 1740 2693 τὴν
1776 2618 1927 2698 ὕϐριν

268 2725 386 2776 τῶν
450 2717 833 2793 ὑπερηφάνων,
893 2711 1033 2768 διότι
1092 2713 1181 2767 καὶ
1239 2715 1274 2781 ἡ
1328 2710 1669 2789 ὑπερηφανία
1719 2710 1929 2790 ἀδελφὴ

264 2817 371 2878 τῆς
433 2805 663 2878 ἀνομίας
716 2803 899 2859 ἐστίν.
931 2804 989 2856 Ὀ
1045 2802 1146 2878 γὰρ
1199 2799 1384 2862 ἄδικος
1450 2802 1781 2878 ὑπερηφανεῖ
1830 2803 1928 2868 τὴν

267 2895 651 2964 δικαιοσύνην,
699 2893 788 2947 καὶ
838 2890 1217 2965 κατεπαίρεται
1272 2888 1462 2958 αὐτῆς·
1519 2888 1608 2943 καί
1662 2891 1689 2944 ὁ
1732 2888 1932 2944 ἀκολα-

263 3007 394 3049 στος
422 2984 560 3040 κατὰ
585 2991 685 3053 τῆν
737 2979 1097 3059 σωφροσύνης
1149 2977 1330 3048 λαλεῖ,
1362 2977 1485 3033 ὅταν
1544 2975 1776 3052 διαπτύῃ
1821 2980 1932 3051 (69)

262 3079 358 3132 τὸν
416 3068 619 3149 ἀκριϐῆ
665 3073 718 3128 ἐν
768 3077 906 3125 πᾶσι
954 3068 1497 3144 παρατετηρημὲνον,
1547 3066 1636 3122 καὶ
1679 3067 1778 3134 τὴν
1839 3065 1932 3139 μὲ-

266 3186 405 3242 χρις
467 3161 768 3240 ὀφθαλμῶν
828 3159 1039 3227 κίνησιν
1088 3154 1562 3232 παιδαγωγοῦντα.
1619 3157 1678 3212 Ὁ
1728 3153 1936 3219 ἄσωτος

2064 586 2229 651 mini,
2264 587 2568 658 ipsiusque
2613 587 2792 658 Operi,
2828 588 2981 658 quod
3014 587 3328 660 symbolice
3370 591 3706 648 nominatur

2059 674 2333 730 Chanaan
2372 693 2385 731 :
2420 678 2634 746 quippe
2673 676 2968 743 Chanaan,
3003 677 3050 731 si
3091 679 3513 750 interpreteris,
3546 679 3702 735 idem

2060 763 2210 818 valet
2241 781 2305 819 ac
2334 765 2492 836 quasi
2535 766 2842 821 commotio.
2877 765 3022 828 Quia
3052 767 3233 837 igitur
3276 766 3514 823 habitus
3543 784 3702 824 com-

2058 859 2250 907 motus
2273 858 2328 907 et
2355 855 2742 908 exsuscitatus
2765 852 2969 908 vitium
2993 856 3165 926 parit,
3187 873 3300 911 non
3325 856 3578 928 effectui,
3598 859 3699 914 sed

2055 944 2212 1012 operi
2245 959 2310 997 eo
2341 942 2646 1014 prodeunti
2679 941 2992 998 maledicit.
3033 943 3175 998 Nam
3210 945 3268 999 in
3301 944 3561 1001 humana
3592 964 3701 1002 na-

2053 1034 2184 1084 tura
2215 1030 2452 1085 difﬁcile
2501 1036 2762 1085 servatur
2799 1032 2991 1086 cordis
3041 1033 3286 1103 puritas.
3322 1037 3694 1107 Compertum

2051 1123 2140 1173 est
2169 1125 2385 1186 autem,
2410 1135 2541 1174 eum
2573 1119 2672 1190 qui
2695 1120 3040 1175 exterminat
3071 1123 3460 1192 superborum
3492 1130 3697 1181 contu-

2052 1207 2308 1270 meliam,
2330 1225 2441 1262 non
2469 1226 2649 1262 unum
2679 1210 2958 1262 duntaxat
2982 1211 3174 1264 vitium
3204 1211 3560 1279 rescindere;
3595 1215 3697 1269 sed

2049 1313 2153 1366 par
2173 1302 2258 1350 est
2287 1297 2701 1350 contumeliam
2738 1297 2817 1351 ita
2840 1296 3228 1367 interpretari,
3255 1308 3312 1354 ul
3337 1301 3409 1356 ab
3434 1319 3547 1357 uno
3571 1319 3703 1373 pec-

2046 1391 2174 1438 cato
2208 1386 2276 1438 ad
2309 1384 2504 1439 omnia
2544 1387 2812 1456 nequitiis
2846 1403 3056 1456 genera
3087 1389 3432 1443 extendatur
3461 1407 3696 1446 sensus.

2047 1473 2271 1527 Etenim
2293 1472 3153 1544 iniquicontumeliamjaciunt
3170 1475 3228 1529 in
3248 1477 3698 1548 templum,c0n-

2044 1562 2208 1616 viciis
2232 1569 2643 1616 consectantur
2668 1563 3000 1631 proximum
3026 1565 3254 1634 etquod
3279 1566 3350 1618 ad
3378 1565 3698 1637 imaginem

2043 1650 2372 1706 Conditoris
2405 1651 2619 1704 factum
2653 1656 2763 1718 est,
2789 1651 2842 1704 id
2880 1651 3235 1707 contumelia
3265 1659 3491 1722 vexant,
3517 1659 3694 1726 atque

2042 1740 2397 1794 contumelia
2421 1740 2493 1794 ab
2514 1739 2768 1810 imagine
2791 1740 2861 1794 ad
2882 1739 3147 1810 opificem
3172 1743 3456 1798 ascendit.
3481 1743 3698 1806 Quem-

2039 1828 2355 1882 admodum
2391 1829 2548 1882 enim
2596 1828 2694 1897 qui
2727 1828 3148 1882 contumeliam
3182 1829 3477 1900 intorquet
3508 1832 3568 1886 in
3601 1849 3696 1889 re-

2039 1917 2194 1986 giam
2214 1916 2725 1987 imaginem,perin
2737 1918 2804 1972 de
2824 1919 3344 1987 condemnatur,ac
3363 1921 3409 1975 si
3431 1927 3697 1992 pecasset

2038 2004 2099 2060 in
2129 2005 2320 2075 ipsum
2353 2022 2586 2076 regem:
2624 2008 2704 2060 ita
2734 2023 2874 2060 sane
2907 2007 3180 2077 quisquis
3228 2008 3451 2064 homini
3482 2010 3552 2064 ad
3586 2011 3694 2066 Dei

2040 2093 2355 2166 imaginem
2391 2094 2624 2148 condito
2658 2093 2796 2149 facit
2840 2096 3255 2151 contumeliam
3289 2097 3574 2154 obnoxius
3603 2105 3694 2155 est

2041 2187 2296 2254 peccato.
2318 2187 2440 2238 Prae
2459 2182 2735 2237 omnibus
2757 2199 2888 2237 vero
2907 2199 2968 2238 se
2992 2183 3115 2254 ipse
3134 2185 3489 2241 contumelia
3511 2187 3694 2244 afﬁcit

2041 2271 2352 2326 fornicator
2377 2287 2478 2342 per
2498 2271 2953 2340 corruptionem,
2983 2271 3215 2326 adulter
3237 2289 3337 2343 per
3356 2275 3551 2343 operis
3573 2280 3694 2330 tur-

2043 2359 2393 2432 piludinem,
2429 2361 2520 2413 fur
2553 2375 2654 2429 per
2679 2359 2850 2412 vilem
2905 2360 3234 2428 {cedamque
3264 2370 3319 2415 et
3351 2362 3697 2420 illiberalem

2041 2449 2355 2513 actionem,
2376 2449 2625 2503 mendax
2650 2451 2802 2519 quod
2830 2450 3132 2504 veritatem
3165 2451 3482 2520 inﬁciatur,
3507 2456 3697 2525 perju-

2041 2538 2322 2609 rus,quod
2358 2537 2576 2591 recedit
2607 2555 2636 2591 a
2674 2543 2806 2592 Deo.
2829 2539 3015 2602 Quare
3039 2544 3337 2610 peccatum
3365 2558 3538 2598 omne
3561 2560 3697 2599 cou-

2039 2625 2285 2682 tumelia
2315 2631 2422 2693 est,
2440 2625 2929 2697 contumeliasque
2962 2643 3221 2699 germen,
3245 2633 3304 2684 et
3326 2631 3385 2684 in
3407 2632 3698 2687 convicia-

2040 2719 2225 2769 torem
2262 2715 2515 2785 primum
2551 2715 2778 2770 recidit.
2815 2716 2962 2781 Quin
3018 2721 3075 2770 et
3127 2716 3464 2773 bumiliabit
3493 2735 3698 2790 super-

2044 2805 2250 2858 borum
2279 2804 2719 2870 contumeliam,
2755 2804 2908 2875 quod
2960 2805 3236 2876 superbia
3284 2823 3450 2861 soror
3478 2807 3557 2861 sit
3586 2807 3697 2862 ini-

2043 2891 2309 2963 quitatis.
2339 2891 2586 2962 Iniquus
2628 2892 2782 2946 enim
2829 2892 3123 2961 justitiam
3172 2896 3422 2966 superbe
3453 2899 3512 2951 et
3538 2913 3698 2953 arro-

2042 2985 2250 3052 ganter
2281 2980 2549 3050 despicit,
2576 2985 2633 3034 et
2679 2982 2962 3035 adversus
3002 2997 3126 3036 eam
3161 2981 3479 3038 extollitur.
3509 2986 3701 3055 Atque

2044 3069 2385 3138 impudicus
2409 3068 2690 3122 adversus
2715 3067 3056 3139 pudicitiam
3084 3069 3364 3140 loquitur,
3387 3087 3519 3127 cum
3544 3089 3702 3144 sper-

2046 3166 2148 3212 nat
2177 3173 2310 3211 eum
2347 3159 2444 3228 qui
2479 3172 2541 3211 se
2570 3157 2843 3211 observat
2885 3156 2944 3210 in
2980 3158 3277 3228 omnibus,
3299 3163 3355 3213 et
3382 3160 3472 3214 vel
3503 3160 3698 3232 ipsum

266 3234 364 3310 ἔδει
419 3254 472 3308 ἐν
515 3234 701 3324 διαίτῃ
752 3249 992 3322 μέτριον·
1048 3247 1076 3301 6
1123 3247 1306 3320 ἄφρων
1365 3243 1760 3319 καταχλευάζει
1816 3243 1940 3306 τοὺς

2058 3245 2359 3301 oculorum
2397 3249 2620 3300 motum
2650 3244 3006 3299 moderatur.
3031 3245 3392 3302 Luxuriosus
3413 3265 3547 3304 eum
3573 3265 3704 3305 cono

268 3339 570 3418 περιττοὺς
605 3339 660 3392 ἐν
695 3337 876 3409 σοφίᾳ,
928 3335 1017 3391 καὶ
1072 3331 1387 3412 φιλοπόνως
1439 3336 1550 3407 (70)
1597 3333 1934 3409 πανταχόθεν

273 3434 498 3492 ἑαυτοῖς
555 3424 925 3500 συλλέγοντας
983 3423 1050 3478 τὰ
1111 3424 1426 3495 μαθήματα.
1477 3423 1532 3476 ’0
1581 3421 1670 3476 οὖν
1705 3423 1943 3477 ἀντιτασ-

280 3521 526 3592 σόμενος
561 3514 929 3591 ὑπερηφάνοις
979 3511 1202 3587 Κύριος,
1252 3511 1339 3565 καὶ
1386 3515 1652 3565 ταπεινῶν
1686 3513 1943 3587 ἁμαρτω-

282 3609 426 3668 λοὺς
481 3603 586 3666 ἓως
643 3611 766 3680 γῆς,
826 3602 982 3663 οὗτος
1043 3598 1432 3676 ἐπαγγέλλεται
1489 3601 1586 3668 τὴν
1635 3595 1786 3676 ὕϐριν
1833 3603 1942 3655 τῶν

291 3695 662 3772 ὑπερηφάνων
726 3690 1078 3747 ταπεινώσειν
1115 3733 1128 3746 .

293 3785 704 3860 ὑπερηφάνους,
730 3781 908 3857 ῥύεται
947 3781 1042 3852 μὲν
1073 3777 1269 3840 αὐτοὺς
1311 3779 1370 3833 ἐκ
1397 3785 1497 3848 τῆς
1542 3779 1676 3849 πρὸς
1701 3779 1792 3833 τὸν
1835 3775 1944 3832 διά-

284 3869 465 3928 ϐολον
519 3869 872 3942 ὁμοιότητος,
925 3868 1074 3931 ὅστις
1117 3866 1228 3922 ἐστὶ
1280 3868 1461 3941 πατὴρ
1512 3870 1610 3940 τῇς
1663 3867 1944 3941 ὑπερηφα-

281 3962 426 4028 νίας,
488 3959 665 4033 ὲνάγει
725 3955 784 4012 δὲ
840 3955 1035 4017 αὐτοὺς
1092 3956 1229 4032 πρὸς
1292 3957 1355 4010 τὸ
1417 3954 1810 4028 μαθητεύεσθαι
1864 3959 1944 4026 τῷ

283 4049 523 4106 εἰπόντι·
561 4049 776 4111 Μάθετε
805 4047 899 4101 ἀπ’
929 4047 1086 4119 ἐμοῦ,
1114 4043 1197 4099 ὅτι
1227 4043 1401 4119 πραός
1433 4042 1546 4116 εἰμι
1577 4041 1666 4098 καί
1696 4044 1945 4106 ταπεινὸς

281 4144 356 4214 τῇ
391 4135 608 4214 καρδίᾳ.

1185 3693 1239 3742 Ὁ
1310 3689 1398 3743 οὗν
1474 3693 1739 3743 ταπεινῶν
1815 3687 1941 3750 τοὺς

357 4319 490 4373 268.
553 4314 652 4369 Καὶ
727 4311 936 4367 ἔσονται
975 4286 1066 4367 ‘oi.
1143 4308 1697 4386 ἐγκαταλελειμμένοι
1775 4309 1884 4365 ἔντι
1918 4344 1944 4354 -

364 4445 416 4480 ³³
442 4443 568 4500 Jac.
603 4459 681 4507 IV,
709 4441 763 4496 6.
841 4441 888 4475 “
916 4438 1071 4495 Psal.
1103 4455 1286 4507 ccxvr,
1317 4439 1372 4492 6.
1449 4438 1496 4474 ³³
1521 4439 1727 4495 Matth.
1760 4455 1840 4503 x1,
1869 4439 1959 4493 29.

2050 3335 2283 3402 temnit,
2329 3333 2430 3406 qui
2481 3334 2708 3389 modice
2756 3339 2811 3388 et
2859 3335 3154 3391 moderate
3202 3335 3341 3390 vivit
3371 3354 3386 3393 :
3419 3337 3704 3410 insipiens

2051 3442 2150 3480 eos
2173 3424 2397 3491 irridet,
2421 3423 2522 3493 qui
2547 3422 2842 3478 excellunt
2865 3423 3170 3493 sapientia,
3185 3441 3250 3480 ac
3273 3426 3467 3482 studio
3490 3442 3702 3498 magno

2052 3513 2377 3568 doctrinam
2419 3529 2486 3566 ac
2535 3511 2837 3567 scientiam
2873 3512 3260 3584 undecunque
3307 3515 3419 3569 sibi
3467 3532 3706 3588 compa-

2052 3607 2206 3658 rant.
2240 3601 2520 3657 Deminus
2571 3600 2770 3672 itaque
2814 3600 2912 3671 qui
2976 3601 3248 3672 superbis
3305 3604 3526 3660 resistit
3549 3605 3612 3670 ”,
3647 3609 3705 3661 et

2054 3690 2332 3746 humiliat
2372 3695 2704 3762 peceatores
2760 3706 2946 3760 usque
2993 3691 3064 3745 ad
3113 3695 3327 3746 terram
3353 3693 3420 3760 9‘,
3452 3692 3547 3748 bic
3577 3694 3702 3764 ipse

2054 3781 2444 3850 superborum
2479 3777 2898 3833 contumeliam
2929 3779 3342 3850 depressurum
3375 3797 3437 3836 se
3469 3781 3700 3852 pollice~

2058 3874 2170 3922 tur.
2197 3866 2303 3930 Qui
2335 3867 2514 3937 igitur
2543 3864 2818 3920 bumiliat
2845 3868 3149 3936 superbos,
3181 3868 3333 3921 idem
3366 3868 3496 3924 illos
3528 3869 3600 3923 ab
3631 3885 3699 3924 ea

2059 3955 2450 4010 similitudine
2482 3969 2656 4024 quam
2705 3970 2836 4008 cum
2872 3954 3100 4008 diabolo
3132 3955 3417 4026 superbire
3462 3961 3699 4028 parente

2057 4045 2294 4110 habent,
2336 4043 2565 4112 liberat,
2598 4047 2654 4098 et
2702 4059 2800 4098 eos
2849 4043 3093 4109 inducit,
3124 4048 3188 4097 ut
3228 4044 3373 4098 ﬁant
3421 4044 3699 4116 discipuli

2056 4136 2206 4206 ejus,
2231 4134 2330 4205 qui
2363 4132 2444 4189 ait
2467 4149 2480 4187 :
2505 4133 2706 4188 Discite
2734 4150 2767 4187 a
2797 4149 2884 4188 me
2907 4134 3038 4205 quia
3067 4133 3217 4187 miti:
3235 4149 3357 4188 sum
3386 4142 3438 4189 et
3469 4133 3699 4190 humilis

2054 4223 2218 4280 corde
2235 4223 2301 4278 ³⁸.

2128 4313 2258 4367 268.
2290 4311 2465 4366 Vsus.
2491 4311 2576 4365 12.
2600 4311 2664 4366 Et
2692 4313 2856 4366 erunt
2885 4311 2983 4380 qui
3009 4309 3262 4366 derclicti
3287 4313 3516 4383 fuerint,
3539 4309 3702 4367 hono-

367 4572 481 4643 (64)
515 4567 613 4622 Διά
638 4566 702 4620 τὸ
735 4563 826 4620 οὖν
861 4563 912 4620 ἐν
939 4564 1170 4643 κινήσει,
1199 4569 1311 4643 etc.
1344 4566 1614 4643 Quoniam
1641 4567 1817 4643 igitur
1846 4565 1940 4619 hu-

2058 4580 2226 4643 ιῃεξη
2277 4560 2358 4643 εἰς.
2407 4559 2522 4615 τόν.
2564 4561 2784 4643 ibidem
2838 4578 3046 4643 rursus
3103 4561 3290 4643 editi,_
3321 4561 3536 4643 sic-16v
3559 4565 3703 4643 ἕατ’

291 4636 816 4706 ῡὶιάεέοιηηιοιιιε,
863 4643 974 4694 etc.
1025 4637 1142 4692 Hoc
1197 4636 1485 4707 interpres
1542 4637 1727 4703 dicit;
1763 4637 1946 4691 Deum

290 4713 488 4772 soboli
519 4712 743 4776 Gbami,
778 4727 893 4766 non
939 4709 1159 4766 Cbamo
1190 4708 1582 4773 maledixisse,
1615 4710 1769 4779 quod
1819 4710 1948 4778 ejus

291 4787 538 4843 animus
568 4787 724 4839 esset
749 4787 1098 4850 commotus,
1122 4781 1194 4835 ob
1227 4780 1402 4852 idque
1425 4780 1624 4835 minus
1653 4780 1820 4846 liber,
1845 4797 1951 4836 nec

293 4862 388 4916 ita
415 4856 507 4912 sui
540 4870 798 4927 compos.

375 4930 490 5000 (65)
522 4920 694 5000 Editi,
745 4921 1122 5000 διατακτικως,
1170 4921 1338 5000 male.
1376 4921 1539 5000 Unus
1588 4939 1618 5000 e
1665 4920 1950 4976 Combsii-

296 4993 492 5081 sianis
525 4993 1080 5081 διαπατικῶς,⁸ἰξ8ξξά
1103 4993 1338 5081 melius.
1358 4994 1468 5081 Alii
1501 4994 1761 5081 quinque
1784 5008 1951 5081 mss,

298 5069 653 5136 Scamander,
687 5070 853 5124 bene.
905 5066 1121 5136 Statim,
1161 5065 1324 5131 editi,
1355 5063 1955 5136 {Eaxo'Sewntponvﬁxn

295 5151 400 5213 τῆς
443 5133 672 5225 ὕϐρεώς
705 5140 962 5225 Veteres.
990 5135 1154 5225 libri.
1187 5133 1411 5225 omnes,
1465 5133 1740 5225 ὲξιμούειθ⁸
1779 5153 1948 5225 προσ-

299 5206 426 5284 ήκει
458 5206 562 5280 τῆς
602 5206 828 5284 ὕϐρεως.
860 5209 1005 5284 Quid
1059 5211 1251 5284 autem
1289 5209 1426 5284 -brec
1473 5208 1614 5284 sib_i_
1637 5206 1833 5284 velint.
1866 5207 1956 5284 vix

300 5277 556 5374 intelligi
610 5277 1234 5374 potest.‘Combeﬁsius
1256 5279 1428 5374 Ale‘git
1477 5277 1830 5374 quidemnxe
1858 5283 1956 5374 τῆς

301 5351 537 5417 ὕϐρεωξ
572 5351 671 5413 séd
707 5359 915 5428 praeter
963 5370 1096 5409 uam
1172 5352 1286 5408 uod
1332 5351 1454 5408 haec
1497 5351 1826 5407 emendatio
1859 5353 1960 5405 aut

303 5393 458 5488 nibil
492 5435 594 5485 aut
633 5444 840 5501 parum
891 5370 1096 5480 aiferat
1129 5369 1312 5493 iacis,
1344 5425 1552 5480 vocula
1594 5422 1656 5476 τό
1705 5422 1764 5477 in
1814 5437 1956 5476 mss.

304 5499 684 5575 nequaquam
718 5499 952 5570 legitur.

383 5565 497 5644 (ϐό)
528 5565 626 5630 Sic
679 5565 924 5644 uterque
947 5567 1229 5644 _Comb_ef.
1261 5571 1318 5622 et
1364 5565 1460 5644 alii
1517 5569 1766 5644 quatuor
1815 5579 1957 5644 mss.

305 5635 655 5715 Editi'vero,
688 5643 764 5706 εἰς
811 5635 903 5715 τὸν
947 5636 1104 5707 λαόν,
1133 5640 1193 5696 in
1238 5635 1677 5715 p9putupailoc
1707 5635 1962 5715 lipsoAin

313 5735 422 5778 οοο
478 5705 654 5777 editi'
679 5705 758 5775 et
789 5713 1023 5786 aliquot
1052 5705 1332 5782 magae
1381 5707 1506 5772 τοὺς
1545 5705 1805 5779 πλησίον.
1854 5705 1966 5763 Alii

2057 4633 2258 4690 εἰκόνα.
2292 4638 2367 4688 At
2399 4635 2576 4688 nostri
2631 4651 2732 4688 sex
2780 4650 2944 4699 mss.,
2981 4632 3054 4693 εἷς
3082 4633 3144 4686 τὸ
3173 4634 3290 4686 κατ’
3316 4633 3518 4689 εἰκόνα.
3553 4636 3703 4692 Con-

2054 4707 2418 4778 junctionem
2466 4703 2554 4757 καί
2584 4711 2718 4760 ante
2750 4721 2943 4760 vocem
2978 4700 3068 4757 8ιά
3097 4722 3127 4760 s
3156 4710 3295 4776 Reg.
3326 4710 3497 4763 tertio
3545 4709 3707 4779 adje-

2059 4795 2533 4936 οηῖίίξῖζροᾳίορδε
2591 4843 3500 4936 ali’quot,néEapapubv‘.mStatim
3561 4865 3708 4936 mss.

2061 4912 2353 4985 nonnulli,
2379 4912 2636 4990 ὑπόδικος
2669 4912 2831 4971 ἔσται.
2862 4912 3120 4990 Subinde
3150 4919 3312 4990 editi,
3337 4927 3393 4975 et
3423 4924 3712 4978 recentior

2061 4989 2392 5048 Combeﬁsii
2433 4988 2632 5052 codex,
2674 4987 3084 5061 γεγεννημένον.
3118 4991 3277 5046 Alter
3300 4987 3484 5050 illius
3531 4995 3713 5050 codex

2063 5070 2120 5118 et
2151 5063 2248 5119 alii
2279 5060 2971 5133 ρυιιίυοΐ,γεγενημὲνον,
3009 5064 3246 5118 rectius.

2138 5136 2244 5202 (68)
2276 5130 2671 5207 Antiquilduo'
2689 5130 3274 5207 _libri,_[3)\ao':1’,ua3a.
3309 5133 3532 5191 Ibidem
3566 5153 3712 5207 qua-

2065 5210 2200 5262 tuor
2232 5200 2646 5275 ιιιεεηγπρώτου
2678 5200 2984 5273 ἀπτομένου
3016 5200 3123 5258 τοῦ
3145 5201 3422 5275 ὑϐριστοῦ.
3451 5208 3562 5261 Alii
3585 5200 3711 5260 ἐἰυο

2067 5295 2210 5350 mss.
2247 5271 2490 5350 etediti,
2523 5275 2743 5346 πρώτου
2794 5271 3076 5347 ἁπτομένη
3112 5271 3220 5330 τοῦἿ
3242 5271 3522 5350 ὑϐριστοῦ,
3552 5277 3710 5332 haud

2068 5347 2340 5404 dissimili
2380 5364 2578 5402 sensu.

2138 5419 2432 5489 (69)Editi
2491 5425 2548 5472 et
2605 5433 2747 5489 mss.
2800 5417 3087 5489 nonnulli,
3140 5415 3396 5489 διαπτύῃ.
3428 5420 3499 5472 At
3553 5415 3714 5482 Regii

2068 5485 2297 5564 primus
2331 5498 2386 5544 et
2416 5492 2684 5564 quartus,
2717 5485 2841 5540 ὅταν
2875 5485 3008 5559 εἶ’δῃ,
3040 5489 3255 5564 quando
3288 5485 3451 5564 videt.

2143 5556 2450 5646 'L'i'b’ri
2477 5561 2696 5646 aliquot
2732 5556 2983 5646 veteres,
3023 5559 3109 5641 καί
3160 5556 3475 5646 φιλοπονίᾳ.
3507 5557 3717 5646 Statim

2071 5630 2247 5707 editi,
2269 5633 2296 5687 ὁ
2329 5632 2546 5706 Κύριος.
2584 5635 2751 5689 Deest
2779 5630 3060 5688 articulus
3086 5632 3145 5687 in
3172 5630 3395 5689 nostris
3425 5647 3526 5691 sex
3561 5630 3720 5688 codi-

2071 5708 2260 5766 cibus.
