4134 6224
377 365 493 428 891

1322 363 1722 425 APPENDIX
1762 361 2088 425 OPERUM
2133 362 2198 422 s.
2245 339 2533 422 BAsiLu
2577 361 2861 423 MAGNI.

3686 364 3808 424 892

377 497 493 552 rati
520 496 702 564 magis
727 513 892 570 quam
920 513 1124 552 aurum
1150 512 1260 552 non
1302 499 1510 552 coctum
1543 513 1562 550 :
1590 501 1642 550 et
1675 495 1834 552 homo
1865 493 2028 549 hono-

2154 511 2244 564 μοι
2275 494 2387 563 (71)
2423 488 2635 563 μᾶλλον
2694 490 2729 559 ἢ
2789 491 2852 546 τὸ
2912 491 3139 566 χρυσίον
3199 493 3263 546 τὸ
3321 491 3544 564 ἃπυρον·
3586 491 3677 547 καὶ
3710 493 3810 547 ἄν·

379 589 535 639 ratus
557 587 668 641 erit
691 588 867 657 magis
888 604 1051 657 quam
1082 587 1225 658 lapis
1245 587 1342 656 qui
1371 601 1440 640 ea:
1462 584 1689 656 Suphir.
1715 585 2033 654 Postquam

381 673 633 730 inductae
693 676 909 730 fuerint
966 676 1316 730 tentationes
1372 691 1618 745 magna,
1660 673 2038 742 venerintque

379 761 715 832 bellatores,
741 764 839 834 qui
875 769 1012 817 sunt
1043 768 1228 817 totum
1265 767 1553 817 terrarum
1583 763 1781 817 orbem
1811 761 2036 831 disper-

374 851 583 918 dituri,
604 855 662 906 et
685 852 780 906 ubi
809 851 1087 921 depressa
1111 851 1284 904 fuerit
1311 851 1587 922 superbia
1611 850 1825 915 omnis,
1847 848 2036 904 homi-

382 957 488 996 nes
519 940 620 1011 qui
649 957 680 994 e
713 939 916 994 multis
959 945 1101 994 tunc
1150 939 1543 1005 invenientur,
1581 937 1841 1009 nihilque
1872 937 2035 992 laese-

378 1027 498 1084 rint
519 1028 776 1083 animam
802 1046 902 1099 per
921 1028 1124 1082 initam
1149 1045 1282 1082 cum
1305 1028 1526 1099 iniquis
1551 1028 1912 1095 societatem,
1933 1028 2032 1082 sed

380 1119 480 1189 qui
529 1116 875 1172 discrimina
936 1117 1248 1171 innumera
1300 1134 1363 1170 ac
1415 1116 1741 1171 tentamina
1789 1116 2035 1187 experti,

380 1206 559 1262 animi
595 1205 750 1261 584
784 1205 1080 1276 specimen
1132 1205 1414 1260 eximium
1465 1206 1752 1272 dederint,
1788 1205 1846 1259 hi
1894 1221 2034 1258 auro

379 1293 537 1350 omni
569 1294 725 1367 quod
761 1300 1105 1350 concoctum
1143 1311 1256 1349 non
1289 1295 1417 1360 fuit,
1451 1311 1515 1349 ac
1543 1294 1700 1348 omni
1733 1293 2033 1364 pretiosis-

377 1382 528 1438 simo
561 1382 755 1454 lapide
778 1382 878 1453 qui
908 1383 1280 1438 existimatur
1310 1382 1368 1437 in
1392 1382 1628 1453 Supbir,
1654 1382 1913 1452 reperiri,
1937 1380 2032 1434 ho-

379 1471 702 1528 noratiores
736 1471 913 1525 futuri
947 1476 1106 1525 sunt.
1131 1471 1415 1525 Caeterum
1450 1471 1688 1525 nomine
1707 1469 1922 1540 Suphir
1954 1485 2036 1522 re-

380 1560 612 1632 gionem
647 1560 962 1630 quamdam
996 1559 1051 1613 in
1089 1559 1368 1613 Indorum
1399 1565 1571 1630 gente
1601 1559 1773 1614 sitam
1804 1559 2036 1612 videtur

377 1648 660 1716 indicare,
687 1647 746 1701 in
781 1664 896 1718 qua
926 1647 1118 1702 solent
1148 1647 1372 1718 lapides
1408 1645 1818 1718 pretiosissimi
1849 1645 2031 1718 gigni.

2147 591 2363 652 θρωπος
2421 578 2641 652 ἔντιμος
2693 574 2839 634 ἔσται
2903 577 3116 652 μᾶλλον
3176 582 3210 652 ἢ
3243 582 3271 634 6
3304 579 3457 642 λίθος
3489 579 3609 635 ὁέκ
3667 588 3809 637 Σουο

2147 669 2291 744 φείρ.
2325 668 2476 724 Μετὰ
2503 669 2566 722 τὸ
2598 667 2904 743 ἐπαχθῆναι
2940 669 3068 730 τοὺς
3118 668 3395 742 μεγάλους
3437 669 3805 744 πειρασμοὺς,

2146 756 2233 812 καὶ
2267 756 2440 812 ἐλθεῖν
2471 756 2599 818 τοὺς
2651 757 3018 833 ὁπλομάχους
3066 757 3194 817 τοὺς
3243 757 3659 836 ἐξαφανίζοντας
3701 761 3804 828 τὴν

2147 844 2494 918 οίκουμὲνην,
2548 846 2636 900 καὶ
2691 849 2826 918 μετα
2873 846 2935 901 τὸ
2965 853 3364 916 ταπεινωθῆναι
3417 851 3591 901 πᾶσαν
3637 848 3803 923 ὑπερ-

2145 933 2404 1009 ηφανίαν,
2456 935 2579 989 τότε
2610 935 2665 987 οἱ
2699 934 3075 1007 εὑρισκόμενοι
3109 934 3386 1009 ἄνθρωποι
3439 935 3498 991 ἐκ
3543 933 3802 1004 πολλῶν,

2149 1021 2317 1096 μηδὲν
2355 1019 2642 1098 βλαϐἐντες
2667 1025 2765 1090 τήν
2818 1026 3002 1098 ψυχὴν
3053 1025 3159 1079 ἀπὸ
3200 1028 3300 1088 τῆς
3351 1025 3487 1099 πρὸς
3516 1024 3646 1086 τοὺς
3679 1025 3805 1080 ἀνό·

2150 1134 2284 1185 μους
2315 1113 2621 1179 κοινωνίας,
2653 1111 2799 1168 ἀλλὰ
2832 1111 2920 1168 διὰ
2955 1115 3160 1188 μυρίων
3195 1119 3512 1190 πειρασμῶν
3563 1115 3655 1169 καὶ
3710 1113 3803 1169 δοε

2143 1201 2522 1274 κιμαστηρίων
2610 1202 2970 1271 ἑξετασθεντες
3005 1245 3019 1269 ,
3085 1202 3312 1278 βάσανον
3411 1210 3512 1272 τῆς
3597 1203 3805 1257 ἑαυτῶν

2144 1289 2513 1364 προαιρέσεως
2563 1285 2762 1364 ἀκριϐῆ
2817 1294 2930 1364 (72)
2983 1289 3302 1359 δεδωκότες,
3352 1293 3549 1356 παντὸς
3592 1291 3804 1367 ἀπύρου

2145 1379 2376 1454 χρυσίου
2407 1378 2620 1434 ἔσονται
2651 1382 2992 1452 τιμιώτεροι,
3025 1381 3113 1434 καὶ
3165 1381 3361 1442 παντὸς
3405 1379 3566 1444 λίθου
3592 1402 3802 1454 τιμιω-

2143 1470 2328 1533 τάτου,
2388 1470 2446 1530 ὃς
2501 1467 2651 1524 δοκεῖ
2696 1469 2746 1523 ἐν
2797 1473 2865 1543 τῇ
2923 1471 3161 1544 Σουφεὶρ
3219 1469 3578 1544 εὑρίσκεσθαι.
3611 1473 3801 1527 ’Έοικε

2145 1555 2202 1612 δὲ
2232 1559 2417 1634 χώραν
2478 1558 2599 1612 τινὰ
2657 1556 2831 1632 λέγειν
2893 1555 2947 1611 ἐν
3001 1563 3082 1630 τῷ
3137 1553 3275 1622 ἔθνει
3321 1563 3402 1630 τῷ
3454 1555 3670 1630 Ἰνδικῷ
3698 1559 3801 1627 τὴν

2145 1646 2401 1722 Σουφεὶρ,
2434 1648 2555 1722 περὶ
2589 1648 2651 1715 ἢν
2693 1647 2745 1701 οἱ
2776 1645 3150 1720 πολυτίμητοι
3179 1651 3285 1701 τῶν
3318 1644 3488 1710 λίθων
3531 1647 3804 1724 πεφύκασι

377 1737 599 1791 Aurum
632 1753 767 1790 vero
818 1753 932 1790 non
964 1742 1216 1804 coctum,
1252 1736 1396 1790 illud
1447 1741 1554 1803 est,
1588 1737 1744 1807 quod
1795 1735 1940 1789 nihil
1974 1735 2032 1789 in

2154 1734 2400 1810 γίνεσθαι.
2432 1737 2674 1808 ’Δπυρον
2726 1732 2783 1789 δε
2831 1735 3081 1810 χρυσίον,
3133 1736 3194 1790 τὸ
3247 1733 3518 1808 μηδεμίαν
3552 1731 3798 1812 ἀμφιϐο-

379 1842 444 1881 se
473 1825 730 1880 materias
765 1827 1054 1897 ambigua:
1092 1832 1151 1880 et
1191 1827 1399 1880 alienae
1428 1826 1708 1893 continet,
1741 1825 1840 1879 sed
1877 1824 2030 1896 quod

379 1913 579 1980 simul,
613 1917 677 1968 ut
707 1919 1087 1984 conspectum
1137 1921 1245 1980 est,
1280 1914 1456 1969 ﬁdem
1490 1913 1628 1968 facit
1675 1913 2033 1968 intuentium

379 2001 584 2072 oculis,
610 2001 860 2073 probum
895 2018 957 2058 se
987 2018 1140 2070 esse,
1164 2008 1221 2058 et
1250 2003 1322 2058 ab
1351 2020 1484 2071 iere,
1513 2007 1616 2058 aut
1645 2003 1716 2058 ab
1748 2001 1864 2057 alia
1893 2017 2036 2072 qua-

375 2091 468 2148 vis
497 2089 853 2146 admistione
884 2107 1120 2162 purum.

449 2196 574 2250 269.
607 2195 784 2251 Vrsas.
821 2197 906 2251 13.
938 2197 1076 2252 Nam
1115 2197 1310 2252 calum
1357 2196 1770 2270 indignabitur,
1805 2201 1855 2251 et
1885 2205 2035 2252 terra

381 2286 724 2339 concutietur
750 2301 786 2339 a
809 2284 1196 2354 fundamentis
1236 2287 1374 2351 suis,
1405 2291 1626 2356 propter
1664 2289 1909 2356 furorem
1940 2287 2038 2341 ira:

384 2372 607 2428 Domini
631 2373 881 2428 Sabaoth
911 2375 970 2428 in
1019 2373 1115 2429 a'ie
1163 2374 1282 2442 illa,
1317 2390 1423 2446 qua
1469 2375 1678 2429 venerit
1705 2376 1864 2444 furor
1891 2374 2034 2444 ejus.

387 2463 664 2516 Creatura
701 2461 893 2517 omnis
942 2477 1076 2516 cum
1127 2462 1373 2517 Domino
1423 2468 1691 2516 movetur
1741 2463 1812 2517 ad
1863 2461 2036 2516 ultio-

393 2565 527 2604 nem
558 2550 628 2606 de
659 2549 730 2604 iis
759 2550 858 2621 qui
888 2550 945 2604 in
981 2551 1173 2621 ipsum
1207 2566 1532 2622 peccavere,
1565 2552 1945 2622 expetendam
1969 2552 2034 2604 '°.

393 2638 898 2704 Quemadmodum
932 2639 1088 2692 enim
1119 2639 1328 2694 malum
1361 2639 1724 2709 obstupescit
1750 2644 1807 2694 et
1837 2639 2036 2694 inbor-

392 2732 479 2783 ret
502 2727 573 2782 ob
597 2727 930 2797 inopinatas
953 2727 1295 2800 iniquitates
1323 2729 1544 2799 papuli,
1567 2745 1700 2783 cum
1724 2728 2036 2783 Dominum

391 2814 746 2886 derelinquit
764 2817 837 2883 ’7;
862 2815 944 2870 ita
965 2833 1098 2870 cum
1122 2816 1336 2871 delicta
1355 2833 1554 2871 eorum
1580 2819 1679 2888 qui
1703 2818 2037 2885 defecerint,

391 2905 610 2961 fuerint
639 2905 950 2977 completa,
976 2906 1316 2977 veneritque
1346 2906 1746 2961 retributionis
1785 2911 2038 2978 tempus,

389 2994 682 3066 indignari
714 2995 951 3062 dicitur,
985 3001 1042 3050 et
1083 3012 1200 3050 una
1245 3011 1376 3050 cum
1433 2996 1524 3050 Dei
1579 2995 1665 3049 ira
1715 2997 2039 3066 insurgere.

390 3084 501 3141 Par
529 3088 725 3139 autem
761 3084 930 3138 fuerit
979 3099 1080 3154 per
1110 3083 1236 3138 cceli
1282 3083 1742 3154 indignationem
1795 3082 2040 3153 intelligi

391 3171 678 3227 horrenda
700 3171 799 3225 illa
822 3171 1136 3242 mala.qua3
1161 3173 1232 3226 ali
1253 3188 1318 3226 eo
1345 3172 1655 3239 puniendis
1679 3171 2038 3241 inﬂigentur.

388 3258 682 3313 Nimirum
716 3274 848 3312 cum
882 3260 1259 3314 ofi'undentur
1284 3259 1470 3314 stellis
1491 3259 1756 3325 tenebrae,
1785 3260 2039 3313 deﬁciet-

393 3362 506 3418 que
531 3345 628 3400 lux
652 3345 813 3414 solis,
831 3364 935 3402 nec
956 3347 1096 3402 luna
1119 3347 1374 3418 amplius
1399 3347 1788 3402 illustrabitur
1807 3348 1850 3381 ³⁸
1871 3368 1883 3415 ;
1907 3363 2038 3402 cum

394 3434 746 3491 fulminibus
795 3436 1294 3505 percurrentibus,
1328 3435 1617 3490 horrendo
1647 3452 1781 3490 cum
1815 3437 2043 3506 fragore

395 3526 567 3579 ruent
595 3522 880 3589 tonitrua;
915 3539 1046 3577 cum
1080 3538 1178 3576 aer
1208 3523 1382 3594 capiti
1416 3524 1735 3578 imminens
1765 3525 2042 3579 obscura-

395 3611 578 3679 bitur,
612 3611 693 3665 ita
725 3617 789 3666 ut
821 3612 1120 3666 cruciatus
1151 3628 1351 3665 eorum
1384 3612 1482 3683 qui
1527 3613 1626 3666 irae
1676 3612 1891 3666 fuerint
1919 3617 2043 3668 tra-

396 3699 524 3767 diti,
550 3698 708 3754 nulla
738 3716 808 3755 ex
842 3704 1005 3771 parte
1035 3699 1311 3755 solatium
1343 3700 1725 3756 autlevamen
1749 3701 2039 3756 admittat.

392 3789 673 3844 Creatura
716 3788 872 3843 enim
905 3789 1236 3844 Conditoris
1269 3789 1640 3854 administra,
1676 3791 2046 3846 vehementer

389 3879 461 3933 ad
484 3877 721 3949 iniquos
745 3877 1081 3950 plectendos
1103 3879 1560 3948 exasperatur“,
1587 3879 1892 3950 mitigatur
1909 3895 2044 3933 vero

389 3971 449 4022 et
479 3964 867 4035 demulcetur,
901 3967 970 4020 ad
1005 3983 1103 4021 eos
1134 3966 1233 4038 qui
1281 3984 1450 4022 suam
1484 3968 1541 4021 in
1573 3966 1735 4039 ipsos
1766 3968 2042 4024 fiduciam

390 4055 779 4127 reposuerint,
813 4054 1151 4111 afficiendos
1182 4055 1481 4111 beneficio.
1517 4056 1645 4112 Haec
1677 4061 1870 4112 autem
1904 4074 2042 4113 con-

389 4145 627 4215 tingunt
664 4145 736 4200 ob
789 4145 1042 4199 furorem
1093 4145 1190 4199 iraa
1242 4145 1489 4199 Domini.
1524 4145 1790 4200 Obtinuit
1847 4152 2042 4201 autem

391 4250 520 4289 mos
550 4235 916 4303 Scricplurze,
947 4239 1010 4286 ut
1040 4235 1293 4288 furorem
1319 4233 1414 4287 ira:
1439 4233 1596 4287 dicat
1616 4239 1819 4288 aestum
1845 4250 2044 4303 quem-

389 4322 552 4386 dam,
575 4327 630 4376 et
660 4337 964 4392 pcenarum
1001 4321 1194 4390 pravis
1225 4321 1500 4391 operibus
1531 4320 1886 4376 ulciscendis
1916 4321 2042 4377 ido-

391 4424 636 4463 nearum
667 4407 846 4463 veluti
881 4408 1428 4464 inﬂammationem.

457 4515 583 4568 270.
620 4515 780 4569 Terra
818 4519 1009 4568 autem
1054 4516 1392 4568 concutietur
1420 4532 1454 4569 a
1482 4515 1860 4584 fundamentis
1906 4521 2039 4573 suis.

2145 1823 2264 1879 λίαν
2294 1821 2432 1894 ὕλης
2454 1822 2756 1898 ἀλλοτρίας
2777 1818 2904 1899 ἕχον
2929 1823 2981 1878 ἐν
3005 1825 3204 1896 ἑαυτῷ,
3237 1823 3384 1892 ἀλλ’,
3410 1825 3554 1896 ὁμοῦ
3581 1829 3663 1896 τῷ
3685 1828 3802 1897 (73)

2146 1919 2399 1991 φανῆναι,
2450 1915 2634 1967 πεῖθον
2683 1914 2782 1980 τήν
2829 1910 2952 1986 ὄψιν
3006 1917 3112 1967 τῶν
3164 1913 3532 1987 ὀρώντων,ὅτι
3569 1911 3800 1988 δόκιμόν

2144 2000 2258 2057 ἐστι
2287 2002 2377 2056 καὶ
2407 2001 2597 2077 ἀμιγὲς
2630 1999 2868 2078 χαλκοῦ,
2899 2001 2934 2071 ἢ
2963 2023 3114 2064 τινος
3146 2000 3326 2073 ἄλλης
3356 2001 3685 2073 ἐπιπλοκῆς.

2215 2198 2341 2252 269.
2409 2197 2472 2252 Ὁ
2527 2195 2630 2270 γὰρ
2709 2194 2937 2271 οὐρανὸς
2993 2197 3375 2268 θυμωθήσεται
3411 2239 3424 2264 ,
3483 2197 3572 2250 καὶ
3626 2198 3661 2266 ἡ
3717 2205 3795 2272 γῆ

2147 2289 2485 2354 σεισθῆσεται
2564 2286 2623 2338 ἐκ
2695 2289 2802 2338 τῶν
2880 2281 3151 2356 θεμελίων
3205 2283 3372 2354 αὐτῆς
3410 2330 3424 2356 ,
3481 2282 3570 2339 διὰ
3629 2287 3802 2358 θυμὸν

2147 2373 2315 2448 ὀργῆς
2377 2372 2579 2448 Κυρίου
2634 2367 2864 2426 Σαϐαὼθ
2921 2371 2973 2426 ἐν
3019 2376 3088 2446 τῇ
3149 2373 3348 2447 ἡμέρα,
3479 2371 3539 2426 ἂν
3597 2372 3802 2449 ἐπί).οῃ

2147 2462 2372 2534 ὁθυμὸς
2429 2462 2616 2516 αὐτοῦ.
2680 2466 2827 2515 Πᾶσα
2878 2463 2912 2530 ἡ
2973 2461 3146 2523 κτίσις
3206 2467 3532 2538 συγκινεῖται
3581 2461 3662 2534 τῷ
3705 2471 3806 2517 Δε-

2147 2550 2320 2624 σπότῃ
2354 2549 2439 2604 ἐπὶ
2471 2551 2569 2618 τήν
2604 2547 2880 2619 ἐκδίκησιν
2911 2555 3017 2604 τῶν
3052 2550 3127 2611 εἷς
3165 2549 3324 2604 αὐτὸν
3372 2551 3803 2626 ἡμαρτηκότών,

2148 2644 2349 2712 Ὥσπερ
2408 2638 2510 2714 γὰρ
2570 2637 2837 2709 ἐξίσταται
2894 2639 2922 2692 ὁ
2981 2637 3231 2710 οὐρανὸς,
3288 2639 3378 2692 καὶ
3439 2640 3651 2717 φρίσσει
3713 2639 3805 2694 ἰπὶ

2145 2733 2265 2787 ταῖς
2317 2724 2749 2801 ἀπροσδοκήτοις
2796 2727 3162 2802 παρανομίαις
3206 2732 3306 2781 τοῦ
3359 2725 3516 2796 λαοῦ,
3551 2727 3677 2782 ὅταν
3713 2728 3806 2802 ἰγ-

2148 2815 2516 2871 καταλείπωσι
2575 2817 2665 2869 τὸν
2725 2815 2937 2890 Κύριον·
2997 2816 3170 2877 οὕτως
3228 2814 3441 2870 ἐπειδὰν
3503 2820 3624 2886 (74)
3663 2838 3806 2890 συμ-

2149 2904 2518 2978 πληρωθῶσιν
2569 2905 2623 2958 α¹ι
2670 2903 2925 2976 ἁμαρτίαι
2976 2908 3082 2958 τῶν
3147 2906 3664 2974 ἀποστατησάντων,
3709 2907 3803 2958 καὶ

2150 2991 2284 3066 ἔλθῃ
2318 2994 2346 3047 6
2376 2993 2564 3068 καιρὸς
2611 2999 2710 3062 τῆς
2761 2991 3192 3062 ἀνταποδόσεως,
3227 2995 3527 3067 θυμοῦσθαι
3583 2993 3807 3068 λέγεται

2151 3083 2241 3137 καὶ
2275 3079 2741 3145 συνδιανίστασθαι
2875 3081 3015 3158 ὀργῇ
3063 3087 3162 3137 τοῦ
3193 3086 3347 3137 Θεοῦ.
3381 3084 3560 3155 Θυμὸν
3615 3080 3671 3138 δι
3707 3083 3809 3138 οὖ-

2156 3176 2318 3247 ρανοῦ
2368 3176 2511 3224 νοεῖν
2563 3173 2673 3245 χρῆ
2723 3170 2790 3224 τὰ
2835 3171 2926 3224 ἀπ’
2973 3170 3137 3226 αὐτοῦ⁹
3191 3166 3396 3247 φοϐερὰ
3444 3170 3810 3226 ὶπιπίπτοντα

2152 3265 2269 3320 τοῖς
2301 3258 2716 3332 κολαζομένοις,
2777 3257 2902 3313 ὅταν
2977 3260 3239 3321 σκότωσις
3305 3261 3398 3332 μὶν
3447 3259 3662 3334 γένηται
3694 3265 3806 3314 τῶν

2153 3347 2410 3423 ἀστέρων,
2444 3347 2685 3423 ἀφεγγὴς
2737 3345 2793 3403 δὶ
2845 3349 2873 3403 6
2913 3345 3098 3419 ἥλιος,
3150 3349 3238 3403 καὶ
3285 3351 3320 3418 ἠ
3373 3347 3575 3419 σελήνη
3625 3349 3808 3405 οὐκέτι

2151 3437 2560 3511 πεφωτισμένηο
2606 3436 2728 3491 ὅταν
2784 3437 3018 3506 σκηπτοὶ
3063 3435 3459 3512 διατρέχοντες,
3505 3437 3595 3492 καὶ
3642 3440 3806 3513 βρον-

2150 3526 2237 3580 ταὶ
2269 3520 2513 3602 φοϐερῶς
2560 3525 3086 3601 καταρῥηγνύμεναι·
3141 3526 3269 3580 ὅταν
3302 3528 3329 3581 6
3380 3527 3511 3600 ὑπὶρ
3553 3524 3808 3603 κεφαλῆς

2153 3615 2257 3688 ἀῆρ
2290 3611 2672 3686 ἰσκοτισμένος
2709 3615 2955 3690 ὑπάρχῃ,
3007 3614 3082 3678 ὡς
3132 3615 3469 3691 πανταχόθεν
3512 3615 3806 3692 ἀπαραμῦο

2152 3705 2314 3774 θητον
2343 3703 2477 3757 εἶναι
2523 3709 2640 3765 τοῖς
2683 3707 2750 3777 τῇ
2804 3703 2944 3779 ὀργῇ
2985 3701 3449 3779 παραδεδομένοις
3477 3705 3574 3772 τὴν
3631 3705 3794 3780 βᾶσαι

2151 3814 2263 3848 νον.
2313 3793 2373 3846 Ἡ
2403 3792 2502 3866 γὰρ
2552 3791 2748 3860 κτίσις,
2796 3797 2877 3864 τῷ
2926 3795 3212 3862 ποιήσαντι
3267 3795 3637 3867 ὑπηρετοῦσα,
3698 3793 3817 3848 im-

2151 3881 2378 3935 τείνεται
2437 3881 2530 3952 μὶν
2583 3879 2660 3942 εἷς
2704 3879 2936 3935 κόλασιν
2989 3881 3126 3936 κατὰ
3165 3886 3273 3936 τῶν
3321 3879 3552 3950 ἀδίκων,
3605 3880 3818 3936 ἀνίεται

2155 3967 2212 4024 δὲ
2241 3969 2315 4032 είς
2343 3967 2645 4043 εὐεργεσίαν
2698 3969 2831 4044 ὖπὶρ
2882 3973 2989 4024 τῶν
3042 3968 3126 4024 ἐπ’
3179 3969 3326 4042 αὖτῷ
3385 3972 3499 4044 (75)
3545 3970 3816 4025 πεποιθό-

2152 4079 2280 4115 των.
2313 4060 2492 4114 Ταῦτα
2524 4054 2582 4112 δὲ
2610 4055 2811 4130 γίνεται
2846 4055 2936 4112 διὰ
2979 4058 3150 4131 θυμὸν
3194 4058 3364 4133 ὀργῆς
3411 4059 3645 4132 Κυρίου.
3708 4066 3814 4114 Θυ-

2159 4147 2257 4219 μὸν
2289 4143 2344 4201 δὶ
2385 4146 2554 4219 όργῆς
2608 4144 2782 4221 λέγειν
2832 4149 2901 4220 τῇ
2952 4151 3138 4223 Γραφῇ
3191 4148 3413 4218 σύνηθες
3459 4149 3559 4216 τήν
3610 4147 3814 4202 ἀναθυ-

2157 4233 2362 4308 μίασιν,
2391 4233 2479 4288 καὶ
2509 4234 2672 4288 οἷόνεὶ
2706 4233 2885 4309 ἔξαψιν
2917 4243 3018 4305 τῆς
3053 4235 3137 4290 ἐπὶ
3189 4240 3258 4309 τῇ
3310 4234 3666 4291 ἀνταποδόσει
3697 4242 3813 4292 τῶν

2152 4328 2410 4395 πονηρῶν
2443 4320 2616 4398 ἔργων
2648 4325 2936 4400 γινομὲνης
2965 4323 3264 4387 κολάσεως.

2221 4521 2346 4574 270.
2380 4519 2442 4574 Ἣ
2501 4515 2558 4572 δὲ
2608 4525 2676 4594 γῆ
2740 4521 3074 4589 σεισθήσεται
3125 4518 3184 4574 ἐκ
3228 4525 3336 4574 τῶν
3390 4519 3661 4592 θεμελίων
3719 4521 3816 4576 αὖ·

388 4603 676 4669 Declarat,
703 4608 927 4656 motum
960 4602 1124 4656 illum
1152 4620 1264 4657 non
1296 4605 1556 4658 futurum
1582 4621 1710 4659 esse
1738 4605 1917 4660 levem
1943 4613 2037 4662 aut

2154 4613 2268 4676 τῆς.
2299 4592 2731 4675 Δείκνυσινρὸτι
2783 4607 2881 4662 οὐκ
2929 4607 3274 4681 ἐπιπόλαιος,
3308 4607 3433 4664 οὐδὲ
3485 4611 3730 4680 συνήθης
3781 4611 3814 4665 6

388 4691 712 4764 vulgarem,
738 4691 880 4746 adeo
914 4696 974 4746 ut
1009 4691 1317 4761 superﬁcie
1347 4697 1522 4749 tenus
1553 4694 1654 4749 ﬁat
1683 4696 1991 4752 concussio
2025 4714 2037 4751 :

385 4783 488 4838 sed
514 4787 680 4837 terrai
703 4783 1153 4837 fundamentum
1186 4799 1451 4838 eversum
1487 4783 1577 4848 iri,
1604 4789 1660 4839 et
1687 4801 2040 4841 concussum

381 4868 553 4926 illum
584 4871 655 4926 ad
689 4886 894 4926 omnes
923 4875 1088 4925 terra)
1143 4875 1336 4941 partes
1382 4878 1822 4942 perventurum.
1855 4874 2043 4930 Terra;

2152 4694 2372 4768 σεισμὸς
2403 4691 2570 4768 ἔσται,
2603 4697 2727 4772 περὶ
2776 4697 2874 4765 τὴν
2923 4695 3236 4772 ἐπιφάνειαν
3286 4702 3382 4752 τοῦ
3442 4700 3695 4774 βρασμοῦ
3723 4721 3814 4773 γι-

2151 4784 2408 4857 νομένου,
2471 4783 2596 4840 ἀλλ’
2652 4784 2817 4853 αὐτὴν
2867 4789 2965 4856 τήν
3013 4784 3172 4858 ἕδραν
3225 4786 3394 4856 αὐτῆς
3438 4789 3809 4863 ἀναστρέφει,

2151 4874 2239 4928 καὶ
2275 4874 2303 4928 6
2351 4871 2550 4935 κλόνος
2600 4873 2768 4943 αὐτῆς
2805 4871 2995 4930 διόλου
3045 4873 3254 4949 ἅψεται.
3311 4874 3548 4950 Θεμὲλὶα
3600 4873 3660 4931 δι
3709 4879 3814 4951 γῆς

454 5095 500 5131 ³⁸
528 5094 664 5166 Sap.
699 5110 754 5166 v,
789 5092 876 5148 18.
951 5093 996 5128 ³⁷
1027 5092 1140 5149 Jer.
1175 5109 1239 5162 ιι,
1272 5093 1358 5148 12.
1437 5093 1481 5129 ³⁸
1512 5093 1716 5150 Matth.
1750 5112 1905 5162 xxxv,
1933 5096 2023 5151 29.

2174 5100 2304 5168 Sap.
2340 5114 2396 5166 v,
2431 5097 2621 5153 18-21.

381 5393 419 5451 b
457 5319 568 5404 (71)
592 5320 711 5375 Vox
740 5311 948 5387 ἔντιμοι
983 5315 1185 5372 addita
1222 5324 1307 5373 est
1347 5332 1416 5372 ex
1446 5317 1706 5389 antiquis
1738 5318 1928 5376 tribus
1958 5319 2026 5374 lir

426 5411 526 5448 ris.

426 5411 526 5448 P18.

2143 5326 2322 5404 quat-ti
2330 5339 2413 5404 οξ,
2443 5320 2501 5404 Ely
2533 5320 2660 5376 ἰπὲλ
2668 5331 2751 5404 θη.

2215 5394 2323 5467 (74)
2355 5395 2594 5467 Codices
2644 5391 2889 5467 aliquot,
2937 5391 3150 5448 ἐπειδὰν
3199 5391 3312 5449 οὖν.
3357 5395 3583 5467 Ibidem
3635 5394 3805 5463 editi,

456 5465 567 5538 (72)
588 5461 771 5538 _Editi,
803 5459 876 5520 ὡς
918 5451 1136 5530 ἀκριϐῆ.
1171 5458 1391 5514 Vocula
1437 5457 1512 5520 ὡς
1558 5459 1616 5515 in
1667 5459 1885 5515 nostris
1933 5477 2032 5516 sex

2154 5451 2244 5538 τῶν
2291 5451 2838 5535 ἆποστησάντωνίΑῒ
2875 5451 3030 5522 [mss
3066 5482 3294 5533 omnes,
3323 5469 3432 5519 τῶν
3481 5451 3802 5534 ἀποστατηξ

385 5536 529 5594 mss.
571 5536 752 5592 deest.

459 5605 752 5680 (73)AEditi
780 5606 862 5680 _et
909 5606 1161 5680 quatuor
1209 5601 1490 5680 mssmeé.
1525 5600 1816 5680 _Alii_d_uo_
1861 5619 2031 5680 mss”

2141 5535 2230 5588 σάν
2237 5556 2266 5588 τ
2273 5557 2343 5589 ων
2353 5580 2364 5591 .

2210 5609 2322 5681 (75)
2351 5609 2590 5681 Antiqui
2637 5609 2754 5666 duo
2801 5609 2958 5681 libri,
3012 5607 3100 5663 ὑπ’
3148 5607 3316 5680 αὐτῷ.
3371 5607 3477 5664 Alii
3526 5611 3674 5680 tres,
3722 5606 3807 5672 εἰς

383 5671 483 5751 τῳζ
509 5671 666 5736 Infra
694 5671 942 5734 codices'
965 5675 1080 5731 duo
1130 5691 1262 5730 cum
1294 5675 1487 5746 editis,
1521 5671 1607 5729 ἐὰν
1659 5671 1884 5748 ἐπέλθῃ.
1917 5675 2028 5734 Alii

2154 5671 2318 5736 ιῦτόνί
