4074 6222
275 387 397 450 593

1077 386 1482 448 COMMENT.
1529 387 1605 448 IN
1651 387 1919 448 ISAIAM
1967 388 2471 450 PROPHETAM.
2519 389 2691 451 CAP.
2736 390 2899 451 XIII.

3571 394 3691 454 σοι

274 519 530 593 ἄγνωστα
560 516 851 592 ἀνθρώπου
882 515 1058 595 φύσει,
1088 517 1163 578 ὡς
1199 518 1591 590 μεμαθήκαμεν
1619 516 1670 571 ἰν
1701 521 1778 589 τῷ
1811 519 1922 590 (76)

2041 526 2236 577 autem
2274 521 2651 577 fundamenta
2704 523 2974 578 humanae
3021 526 3244 578 natura
3271 522 3474 595 ignota
3510 529 3681 594 sunt;

274 602 427 677 Ἰὼϐ,
486 611 584 663 τοῦ
639 605 839 683 “ptes
897 605 1170 681 λέγοντος’
1229 611 1341 660 Ηοῦ
1398 607 1465 674 ἧς
1525 605 1576 660 ἐν
1629 605 1708 678 τῷ
1769 617 1927 680 θεμε-

275 694 434 751 λιοῦν
497 719 563 770 με
615 697 718 765 τὴν
784 698 882 771 γῆν
921 715 934 764 ;
969 694 1325 771 Ἀπάγγειλον
1409 691 1464 749 δέ
1536 716 1678 768 μοι,
1738 695 1782 749 εί
1835 694 1928 750 ἑπ-

275 787 486 841 ίστασαι
549 788 754 841 σύνεσιν
793 830 805 842 .
864 787 963 848 Τίς
1022 783 1170 848 ἔθετο
1242 785 1311 839 τὰ
1368 785 1536 857 μέτρα
1608 786 1823 851 αὐτῆς,
1879 786 1929 840 εἷ’

272 874 428 938 οἶδας
483 895 496 945 ;
548 877 617 932 Ἣ
670 874 751 937 τίς
810 875 838 928 ὁ
892 873 1180 950 ἐπαγαγὼν
1243 874 1500 948 σπαρτίον
1563 872 1645 928 ἐπ’
1703 873 1923 942 αύτῆςς

273 963 398 1018 Ἐπὶ
468 964 619 1027 τίνος
702 963 757 1018 οἱ
834 963 1014 1040 κρίκοι
1092 961 1260 1032 αὐτῆς
1336 964 1614 1038 πεπήγασι
1671 983 1685 1032 ;
1749 963 1840 1024 Τίς
1869 960 1927 1017 δὲ

270 1053 419 1107 ἐστιν
478 1054 506 1108 ὁ
570 1052 752 1129 βαλὼν
832 1050 984 1116 λίθον
1041 1056 1293 1128 γωνιαῖον
1362 1050 1443 1106 ἐπ’
1499 1052 1666 1117 αὐτῆς
1701 1079 1716 1120 ;
1746 1053 1926 1107 Ἢπου

272 1144 391 1215 (77)
445 1142 582 1197 κατὰ
626 1144 726 1211 τὴν
774 1147 881 1196 τῶν
928 1138 1121 1212 ἔξωθεν
1172 1139 1448 1214 ὑπόληψιν
1501 1139 1858 1213 ἐθεμελίωσεν
1897 1141 1925 1194 ὁ

271 1231 480 1306 Κύριος
508 1232 607 1299 τήν
639 1237 770 1305 γῆν,
823 1229 876 1285 ἰν
925 1235 1006 1302 τῷ
1053 1229 1260 1304 κὲντρῳ
1304 1236 1405 1298 τῆς
1437 1229 1805 1304 περιεχούσης
1834 1229 1926 1284 τὸν

267 1320 482 1390 κόσμον
531 1318 778 1395 σφαίρας,
831 1319 904 1380 ὡς
958 1317 1047 1372 διὰ
1093 1320 1194 1387 τὴν
1237 1317 1553 1394 ἰσορροπίαν
1594 1317 1762 1382 αὐτῆς
1812 1316 1925 1372 ἴσον

265 1407 590 1482 ἀπεχούσης
641 1407 973 1482 πανταχόθεν
1021 1411 1116 1462 τοῦ
1170 1409 1280 1480 (78)
1333 1406 1586 1482 οὖροινοῦ,
1637 1402 1921 1483 βεϐηκέναι

261 1495 534 1573 ἀσφαλῶς
563 1497 652 1550 καὶ
699 1497 1010 1571 ὲρηρεῐσθαι
1061 1493 1323 1557 ἆκλινῶς.
1351 1495 1416 1552 Εἰ
1466 1493 1523 1550 δὲ
1554 1495 1729 1558 οὕτως
1762 1495 1923 1566 ἐστή-

264 1605 450 1659 ρικται
514 1580 744 1660 βεϐαίως
781 1587 816 1654 ἡ
867 1592 962 1660 γῆ,
1005 1583 1265 1655 δηλονότι
1313 1584 1372 1638 ἐκ
1422 1584 1690 1656 θεμελίων
1739 1605 1920 1638 κινου-

269 1676 436 1748 μὲνη,
467 1674 574 1728 ἀπὸ
602 1681 704 1743 τῆς
756 1673 1108 1748 ὑπαρχούσης
1150 1673 1285 1747 αύτῇ
1340 1676 1451 1746 (79)
1503 1674 1710 1748 βάσεως
1756 1694 1922 1746 μετα-

262 1765 576 1833 τεθήσεται.
612 1760 832 1830 Ἐπειδὴ
884 1759 940 1817 δὶ
984 1763 1048 1817 τὸ
1097 1763 1399 1835 θυμοῦσθαι
1462 1759 1601 1816 ἴδιόν
1651 1760 1762 1816 ἐστι
1812 1765 1917 1816 τῶν

262 1851 513 1927 λογικῶν
563 1851 651 1906 καὶ
703 1850 986 1927 ἐμψύχων,
1029 1848 1137 1921 ἤδη
1186 1852 1327 1906 τινὶς
1380 1850 1782 1928 ἑφαντάσθησαν
1830 1851 1920 1906 καὶ

260 1941 358 1995 τὸν
394 1941 623 2016 οὐρανὸν
657 1937 906 2015 ἔμψυχον
949 1941 1106 2010 εἶναι,
1134 1940 1223 1994 καὶ
1275 1937 1426 2016 λόγῳ
1473 1942 1798 2015 κεχρῆσθαι,
1849 1941 1922 2001 ὡς

266 2027 531 2093 δύνασθαι
580 2028 670 2084 καὶ
723 2029 797 2091 εἷς
848 2029 1208 2105 ἀγανάκτησιν
1236 2033 1316 2101 τῷ
1366 2029 1607 2103 Δεσπότῃ
1643 2026 1920 2083 συνδιανα-

261 2125 482 2188 στῆναι.
542 2125 696 2175 Ἔστι
743 2115 801 2172 δὲ
861 2119 1087 2191 μυθικὸν
1147 2115 1478 2190 ἀνάπλασμα
1525 2118 1586 2173 τὸ
1646 2122 1918 2174 τοιοῦτον.

262 2205 552 2269 Πολλάκις
577 2209 680 2284 γὰρ
711 2209 746 2276 ἡ
781 2208 966 2285 Γραφή
1006 2211 1400 2279 μετωνυμικῶς
1450 2206 1673 2282 οὐρανὸν
1716 2206 1918 2280 ὀνομά-

262 2303 348 2366 ζει
377 2298 448 2351 τὰ
488 2297 784 2371 ἐπουρὰνια
835 2301 945 2365 ζῶα
993 2299 1131 2365 (80),
1185 2297 1259 2358 ὡς
1310 2294 1430 2358 ἔθος
1473 2297 1564 2351 καὶ
1613 2297 1740 2372 παρ’
1782 2298 1918 2368 ἡμῖν

259 2383 471 2461 λέγειν’
505 2387 567 2440 Ἦ
617 2387 731 2459 (81)
762 2384 926 2447 πόλις
973 2380 1236 2456 ἰκϐἑϐηκε
1286 2390 1450 2440 πᾶσα⁶
1483 2384 1596 2454 καὶ,
1641 2388 1699 2442 'll
1758 2385 1922 2447 πόλις

259 2470 443 2548 ᾔτησε
469 2475 617 2549 παρὰ
642 2478 742 2528 τοῦ
790 2475 1060 2550 ἄρχοντος
1106 2472 1252 2529 τόδε·
1307 2474 1423 2529 ἀντὶ
1472 2474 1575 2549 γὰρ
1622 2479 1728 2529 τῶν
1780 2473 1920 2528 ἐνοι-

257 2562 509 2618 κούντων
540 2565 640 2632 τὴν
671 2562 833 2619 πόλιν
868 2563 1123 2637 λέγομεν.
1159 2561 1347 2624 Οὕτως
1379 2561 1470 2617 οὖν
1515 2562 1604 2617 καὶ
1638 2563 1666 2617 ὁ
1697 2562 1920 2638 οὐρανὸς

257 2654 558 2724 θυμοῦται,
603 2653 713 2706 τῶν
766 2651 1032 2726 οὐρανίων
1084 2649 1364 2724 δυνάμεων
1417 2653 1808 2724 συντιθεμένων
1851 2655 1920 2726 τῇ

261 2739 454 2812 δικαίᾳ
486 2740 626 2816 ὀργῇ
653 2745 750 2796 τοῦ
775 2746 930 2797 Θεοῦ.
963 2742 1051 2802 Ὡς
1105 2741 1208 2816 γὰρ
1257 2740 1405 2816 χαρὰ
1431 2741 1634 2817 γίνεται
1675 2739 1728 2795 ἐν
1759 2742 1920 2816 οὑρα-

256 2835 384 2890 νοῖς
435 2828 522 2884 ἐπὶ
555 2827 629 2883 ἐνὶ
681 2831 793 2903 (82)
847 2828 1163 2904 ἀμαρτωλῷ
1218 2833 1585 2902 μετανοοῦντι,
1637 2829 1780 2884 οὕτω
1832 2831 1922 2883 καὶ

263 2918 618 2992 παροξυσμὸς
666 2919 760 2972 καὶ
808 2917 955 2989 λύπη
1007 2918 1095 2973 ἇπὶ
1145 2923 1266 2980 τοῖς
1315 2917 1679 2973 ἀποστατοῦσι
1709 2917 1798 2973 διὰ
1825 2921 1924 2986 τῆς

257 3006 542 3082 ἆμαρτίας
571 3011 670 3062 τοῦ
695 3006 995 3068 κτίσαντος.

381 3099 467 3152 71.
507 3097 604 3150 Καὶ
657 3093 868 3151 ἔσονται
931 3096 982 3151 οἱ
1034 3093 1531 3168 καταλελειμμένοὶ
1589 3096 1665 3158 ὡς
1724 3094 1924 3171 δορκά-

261 3182 390 3239 ὂιον
450 3189 644 3261 φεῦγον
681 3227 695 3252 ,
751 3184 842 3239 καὶ
897 3184 970 3246 ὡς
1041 3178 1314 3260 πρόϐατον
1368 3183 1721 3259 πλανώμενον
1758 3231 1772 3257 ,
1833 3185 1923 3240 καὶ

257 3273 376 3328 olm
450 3269 598 3328 ἔσται
653 3273 682 3327 ὁ
736 3274 980 3348 συνάγων
1017 3320 1031 3345 ,

254 3361 404 3417 λαὸν
464 3361 628 3417 αὐτοῦ
685 3361 1138 3437 ἀποστραφῆναι,
1197 3363 1289 3416 καὶ
1347 3360 1628 3438 ἃνϐρωπον
1689 3362 1764 3424 εἷς
1820 3365 1921 3431 τὴν

255 3452 465 3526 χώραν
518 3451 685 3506 αὐτοῦ
742 3448 927 3522 διῶξαι
987 3453 1122 3524 (83).
1179 3453 1273 3512 Ὃς
1304 3453 1410 3526 γὰρ
1462 3449 1521 3504 ἂν
1582 3451 1722 3524 ἀλῷ,
1755 3454 1922 3521 ἡττη-

253 3544 509 3612 θήσεται,
567 3541 654 3595 καὶ
711 3539 908 3602 οἵτινες
972 3542 1079 3612 (84)
1136 3541 1465 3614 συνηγμένοι
1509 3539 1632 3610 εἶσὶ,
1677 3541 1924 3617 μαχαίρᾳ

258 3635 604 3686 πεσοῦνται.
664 3629 766 3686 Καὶ
823 3629 890 3683 τὰ
940 3627 1100 3683 τέκνα
1157 3627 1332 3682 αὐτῶν
1389 3628 1633 3705 ῥάξουσιν
1693 3629 1924 3685 ἐνώπιον

257 3721 490 3785 αὐτῶν,
568 3717 661 3772 καὶ
742 3717 842 3779 τὰς
917 3715 1090 3778 οἰκίας
1173 3716 1350 3771 αὐτῶν
1435 3717 1870 3792 προνομεύσουσι
1904 3766 1920 3792 ,

257 3808 486 3868 καὶτὰς
535 3812 797 3883 γυναῖκας
843 3805 1018 3860 αὐτῶν
1048 3802 1280 3876 ἕξουσιν.
1339 3806 1426 3859 Ἐν
1484 3809 1552 3880 τῇ
1604 3804 1784 3881 ἐφόδῳ
1812 3812 1921 3862 τῶν

257 3895 555 3970 πολεμίων
617 3897 668 3951 οἱ
731 3897 825 3969 μὲν
860 3895 937 3958 εἰς
985 3901 1178 3970 χεῖρας
1213 3894 1479 3965 ἐλθόντες,
1513 3895 1595 3950 ἐπ’
1625 3896 1791 3962 αὐτῆς
1820 3905 1922 3967 τῆς

259 3985 623 4060 παρατάξεως
652 3980 845 4039 ἶπεσον
1073 3984 1126 4038 οἱ
1175 3981 1232 4038 δὶ
1282 3981 1658 4062 διαφυγόντες,
1689 3986 1763 4050 ὡς
1793 3984 1917 4061 δορ-

256 4073 456 4129 χᾶὂιόν
515 4073 619 4128 εῗσι
665 4074 968 4150 φεύγοντες.
1027 4072 1346 4142 Εὖπυόητον
1391 4071 1449 4128 δὲ
1498 4075 1560 4128 τὸ
1612 4073 1748 4142 ζῶόθ
1806 4074 1917 4130 ἐστι

256 4166 353 4218 καὶ
388 4160 594 4231 δειλὸν,
626 4162 718 4216 καὶ
763 4159 832 4215 δι’
867 4161 1100 4232 ὀξύτητα
1127 4165 1235 4215 τῶν
1285 4158 1469 4216 ποδῶν
1514 4160 1749 4218 ἐπιπολὺ
1799 4169 1920 4241 φεῦ-

255 4274 383 4327 γον,
416 4249 507 4307 καὶ
535 4250 647 4326 οὐχ
694 4251 1008 4324 ἱστάμενον.
1040 4252 1289 4308 Ἔσονται
1340 4248 1431 4305 οὖν
1482 4252 1556 4313 ὡς
1602 4249 1915 4328 δορκάδων,

336 4380 385 4415 ³ο
412 4378 545 4434 Job.
577 4393 818 4445 xxxvm,
851 4377 967 4432 4-6.
1044 4377 1088 4413 ⁸¹
1121 4377 1256 4432 Luc.
1286 4393 1378 4445 xv,
1414 4379 1501 4435 10.

339 4504 448 4573 (76)
481 4507 571 4556 Ita
604 4518 748 4557 mss.
782 4516 1008 4556 omnes.
1042 4499 1216 4571 Editi,
1248 4496 1336 4552 ἐπὶ
1365 4504 1483 4556 τοῦ.

341 4576 453 4645 (T7)
486 4573 642 4628 Editi
673 4578 731 4629 et
759 4577 878 4645 tres
918 4589 1090 4641 mss.,
1120 4574 1346 4645 "31:06,
1374 4583 1472 4628 aut
1513 4574 1626 4629 ubi.
1661 4575 1770 4630 Alii
1805 4580 1922 4632 tres

264 4643 412 4702 mss.
436 4643 786 4715 conjuncta,
815 4644 995 4700 ἸΙπου
1025 4643 1351 4715 ριόΪΌπρυ.

341 4719 454 4786 (78)
486 4711 663 4781 Ed'iti,
693 4713 790 4769 τοῖ’)
823 4715 935 4768 οὖν.
969 4711 1193 4786 Vocula
1223 4711 1313 4767 οὖν
1345 4716 1403 4768 in
1437 4732 1578 4771 mss.
1613 4718 1794 4774 deest.

342 4789 452 4878 (19)
479 4787 1059 4878 Εάίκιξνηὲπᾳρχούσηῑ
1087 4785 1267 4878 βίβτῷνί
1286 4787 1456 4878 stud.
1481 4789 1822 4878 sesed”?-
1861 4793 1926 4845 Αι

259 4856 496 4933 antiqui
518 4866 640 4933 tres
663 4856 822 4933 libri,
843 4856 1207 4933 ,ὗπαρχούσης
1240 4856 1400 4930 αὐτῇ.
1427 4857 1538 4914 Alii
1562 4861 1761 4917 itidem
1783 4867 1921 4932 tres,

258 4929 689 5005 ὶνυπαρχούσης
725 4931 886 5002 αὐτῇ.

345 5000 451 5073 (80)
480 5000 723 5059 Veteres
753 5000 872 5059 tres
910 5000 1045 5056 libri
1091 5003 1150 5073 et
1196 5000 1334 5073 editi
1383 5016 1613 5073 quoque
1661 5006 1792 5070 ζῶα·
1826 5004 1922 5058 ubi

260 5068 467 5130 tamen
510 5076 746 5130 videtur
791 5075 1080 5144 interpres
1126 5071 1360 5142 legisse.
1396 5068 1583 5145 ξώδῖα,
1614 5068 1745 5130 cum
1794 5092 1923 5130 ver-

259 5147 432 5214 terit,
461 5148 753 5218 Scriptura
786 5146 935 5202 enim
983 5145 1532 5218 plerumquenomen
1581 5146 1686 5202 hoc
1730 5148 1925 5202 ctelum

260 5219 506 5287 ﬁgurate
533 5215 740 5288 accipit
779 5233 880 5288 pro
916 5215 1223 5289 caelestibus
1270 5217 1487 5289 signis.
1520 5219 1777 5289 Scriptor
1819 5236 1922 5274 au-

259 5285 392 5344 tem
423 5285 861 5355 Commentarii,
889 5285 1162 5360 quisquis
1191 5291 1300 5360 est,
1334 5288 1570 5360 nomine
1599 5285 1921 5346 caelestium

257 5361 617 5417 animalium
650 5360 798 5416 nihil
830 5357 988 5416 aliud
1022 5358 1134 5414 nisi
1179 5357 1442 5414 cmlestes
1472 5359 1719 5418 virtutes
1749 5363 1922 5419 intel-

255 5434 423 5490 lizit.

485 5503 638 5560 Editi
667 5507 725 5559 et
768 5519 910 5560 mss.
943 5499 1236 5567 nonnulli,
1269 5499 1350 5554 ὅτι
1381 5500 1438 5569 ἡ.
1471 5501 1580 5558 Sed
1612 5520 1720 5560 vox
1748 5504 1830 5558 ὅτι
1861 5506 1922 5562 in

256 5575 406 5631 aliis
435 5592 580 5632 mss.
613 5576 800 5631 deest.

341 5647 457 5723 (82)
494 5646 664 5723 Editi,
695 5645 778 5723 ἐφ’
805 5645 904 5723 tv}.
933 5649 1008 5723 at
1037 5661 1209 5711 mss.,
1237 5641 1324 5696 ἐπὶ
1352 5640 1708 5723 ἑνίκΝοο-ίῑιι
1738 5648 1924 5706 multo

261 5713 450 5774 infra'
477 5713 749 5792 copulam
781 5716 870 5772 καί
915 5721 1050 5775 ante
1078 5730 1281 5773 vocem
1309 5713 1655 5792 παροξυσμός
1701 5737 1772 5777 ex
1818 5738 1923 5778 no.

1953 1901 2000 1966 B

2039 612 2124 666 uti
2153 612 2308 683 apud
2340 612 2452 666 Job
2483 611 2821 682 didicimus,
2857 611 3097 668 Domino
3127 612 3354 667 dicente
3386 629 3401 667 :
3436 613 3534 668 Ubi
3560 629 3681 669 eras

2035 701 2169 756 dum
2193 701 2438 771 jacerem
2479 700 2841 771 fundamenta
2870 705 3067 757 terrm?
3093 702 3282 757 Indica
3310 705 3493 757 autem
3538 702 3682 757 mihi

2035 792 2088 844 si
2142 794 2290 846 nosti
2342 793 2646 846 scientiam
2701 791 2831 858 Quis
2885 793 3064 860 posuit
3120 807 3405 846 mensuras
3459 794 3597 860 ejus,
3629 793 3682 846 si

2035 882 2215 934 nosti?
2245 880 2347 934 Aut
2377 882 2496 950 quis
2527 879 2750 934 induxit
2784 880 3098 950 funiculum
3126 896 3288 950 super
3313 883 3474 936 eam?
3498 884 3681 952 Super

2036 984 2138 1038 quo
2169 970 2368 1025 circuli
2394 969 2516 1040 ejus
2543 972 2806 1040 compacti
2846 972 3011 1024 sunt?
3040 970 3173 1037 Quis
3218 977 3299 1025 est
3347 979 3551 1039 autem,
3580 970 3681 1040 qui

2035 1060 2190 1113 misit
2220 1059 2462 1130 lapidem
2489 1059 2814 1129 angularem
2842 1059 2959 1129 ejus
2984 1058 3067 1112 ³οὲ
3096 1061 3249 1114 Num
3291 1061 3463 1129 juxta
3490 1058 3679 1131 genti-

2034 1145 2179 1201 lium
2210 1147 2567 1219 opinionem,
2603 1148 2985 1202 l'undamenta
3022 1152 3188 1202 terra;
3237 1147 3445 1203 locavit
3483 1147 3677 1202 Domi-

2035 1253 2146 1291 nus
2177 1237 2234 1290 in
2267 1242 2462 1291 centro
2493 1235 2649 1307 globi
2701 1237 2988 1291 mundum
3042 1235 3577 1307 circumcingentis,
3613 1241 3679 1292 ut

2033 1325 2104 1380 ob
2137 1324 2525 1396 esquilibrium
2556 1325 2705 1395 ejus,
2730 1324 3008 1379 distantis
3037 1323 3261 1380 scilicet
3291 1325 3679 1395 undecunque

2033 1429 2066 1467 α
2095 1413 2258 1481 ccelo,
2291 1418 2414 1468 tuto
2461 1418 2662 1480 staret,
2694 1413 3043 1483 stabilisque
3087 1416 3352 1468 maneret
3377 1416 3435 1467 et
3464 1412 3676 1468 immo-

2031 1507 2092 1558 ta
2113 1503 2140 1557 ?
2171 1503 2334 1567 Quod
2365 1502 2412 1556 si
2445 1506 2566 1556 tam
2614 1502 2861 1556 ﬁrmiter
2908 1503 3020 1556 fixa
3066 1507 3220 1556 terra
3266 1506 3376 1569 est,
3408 1501 3610 1571 utique
3642 1517 3674 1556 a

2031 1589 2155 1645 suis
2210 1590 2610 1646 fundamentis
2662 1595 2876 1655 emota,
2909 1592 2981 1645 ab
3031 1590 3160 1661 ipsa
3189 1591 3337 1646 585
3375 1606 3481 1644 sua
3537 1590 3676 1645 sede

2031 1681 2274 1751 basique
2316 1678 2831 1734 transmovebitur.
2882 1679 2990 1734 Sed
3038 1678 3179 1749 quia
3231 1677 3553 1749 indignatio
3599 1677 3675 1732 iis

2032 1769 2132 1840 qui
2164 1769 2390 1824 ratione
2418 1773 2474 1823 et
2503 1768 2698 1824 animo
2730 1769 2956 1838 praediti
2989 1773 3150 1834 sunt,
3182 1765 3494 1837 competit;
3529 1783 3674 1822 non-

2032 1857 2175 1912 nulli
2208 1857 2348 1912 olim
2407 1859 2618 1912 caelum
2667 1863 2724 1911 et
2770 1857 3095 1912 animatum
3153 1872 3303 1922 esse,
3335 1861 3394 1909 et
3449 1857 3677 1910 ratione

2035 1963 2208 2001 usum
2239 1963 2368 2002 esse
2397 1946 2617 2016 opinati
2650 1951 2811 2015 sunt,
2843 1945 2928 2000 sic
2958 1948 3023 2000 ut
3051 1943 3228 2000 simul
3262 1960 3396 1999 cum
3430 1943 3676 2000 Domino

2032 2033 2272 2090 exaltari
2319 2039 2516 2106 posset
2546 2035 2616 2089 ad
2649 2034 3130 2106 indignationem.
3163 2034 3234 2088 At
3277 2036 3678 2088 commentum

2032 2123 2324 2194 ejusmodi
2346 2128 2435 2180 est
2465 2123 2817 2179 fabulosum.
2843 2123 2988 2178 Nam
3022 2121 3366 2194 plerumque
3380 2123 3682 2193 Scriptura

2033 2231 2136 2285 per
2165 2214 2584 2285 metonymiam
2638 2212 2894 2268 coelestia
2923 2210 3200 2266 animalia
3246 2209 3456 2266 caelum
3489 2206 3678 2280 vecat,

2033 2302 2116 2356 uti
2150 2305 2208 2356 et
2240 2318 2345 2356 nos
2377 2301 2568 2356 dicere
2613 2301 2874 2356 solemus
2907 2315 2922 2360 :
2955 2299 3168 2356 Civitas
3209 2298 3403 2355 omnis
3445 2315 3683 2372 egressa

2030 2394 2155 2457 est;
2181 2394 2236 2445 et
2263 2407 2275 2445 :
2300 2389 2512 2445 Civitas
2543 2407 2575 2444 a
2601 2389 2864 2461 principe
2885 2390 3034 2444 hanc
3055 2405 3178 2444 rem
3201 2386 3432 2460 petivit;
3463 2387 3681 2460 quippe

2031 2479 2324 2535 civitatem
2374 2479 2498 2534 loco
2546 2479 2871 2534 incolarum
2919 2477 3316 2534 nominamus.
3351 2477 3558 2548 Itaque
3606 2475 3681 2532 ad

2033 2567 2190 2621 hunc
2217 2566 2455 2622 modum
2503 2565 2844 2639 indignatur
2872 2565 3047 2620 etiam
3079 2564 3314 2631 cmlum,
3347 2580 3482 2620 cum
3504 2565 3680 2636 justm

2033 2656 2130 2711 Dei
2160 2655 2259 2709 iras
2289 2653 2693 2711 assentiuntur
2723 2653 2984 2710 caelestes
3016 2659 3354 2726 potestates.
3389 2654 3682 2718 Quemad-

2032 2745 2273 2799 modum
2305 2744 2459 2799 enim
2484 2744 2770 2815 gaudium
2801 2748 2892 2798 est
2921 2744 2979 2796 in
3009 2742 3172 2798 caelis
3203 2758 3380 2814 super
3409 2757 3526 2797 uno
3556 2757 3682 2811 pec-

2031 2837 2223 2888 catore
2253 2831 2654 2904 pmnitentiam
2687 2835 2894 2904 agente
2917 2832 2960 2867 ³¹
2997 2849 3011 2888 :
3045 2831 3126 2886 ita
3157 2847 3389 2902 quoque
3417 2830 3684 2902 indigna-

2031 2920 2111 2976 tio
2143 2925 2200 2976 et
2229 2921 2472 2977 tristitia
2515 2925 2606 2976 est
2651 2936 2830 2992 super
2879 2919 2972 2986 iis,
3007 2918 3109 2991 qui
3157 2935 3260 2991 per
3311 2922 3614 2991 peccatum
3651 2933 3687 2973 a

2032 3010 2343 3066 Conditore
2375 3010 2672 3064 deficiunt.

2103 3099 2227 3153 271.
2263 3098 2430 3154 Vsus.
2466 3098 2652 3152 14-16.
2687 3097 2752 3152 Et
2799 3105 2965 3152 erunt
2993 3095 3202 3152 residui
3249 3096 3417 3168 quasi
3461 3094 3688 3151 damula

2032 3189 2274 3258 fugiens,
2307 3191 2356 3242 et
2386 3189 2546 3259 quasi
2572 3189 2689 3242 ovis
2718 3203 2932 3254 errans,
2963 3196 3015 3241 et
3043 3203 3155 3241 non
3192 3188 3300 3241 erit
3327 3187 3424 3257 qui
3449 3199 3686 3257 congre-

1095 3271 1233 3328 ὥστε
1311 3270 1596 3349 ἄνθρωπον
1675 3273 1750 3336 εἰς
1832 3274 1921 3328 τὸν

2036 3285 2134 3347 get,
2169 3279 2249 3332 ita
2279 3285 2336 3331 ut
2375 3277 2530 3332 homo
2577 3275 2646 3331 ad
2686 3276 2952 3346 populum
3009 3291 3172 3330 suum
3226 3278 3600 3343 convertatur,
3631 3281 3685 3329 et
3773 3279 3779 3284 “
3879 3335 3894 3352 ς

2033 3365 2191 3421 homo
2240 3368 2299 3420 in
2345 3367 2623 3434 regionem
2678 3381 2834 3420 suam
2882 3372 3096 3419 currat.
3129 3366 3277 3418 Nam
3331 3364 3433 3435 qui
3485 3366 3686 3434 captus

2030 3456 2204 3526 fuerit
2234 3456 2609 3526 opprimetur;
2639 3462 2690 3510 et
2725 3455 2826 3525 qui
2875 3455 3195 3526 congregati
3240 3453 3468 3524 fuerint,
3498 3451 3684 3522 gladio

2029 3544 2242 3599 cadent.
2277 3546 2343 3599 Et
2368 3542 2520 3614 ﬁlios
2566 3559 2760 3598 eorum
2809 3543 3126 3614 discerpent
3172 3543 3232 3597 in
3281 3545 3567 3612 conspectu
3594 3555 3684 3595 eo-

2031 3650 2181 3702 rum,
2213 3638 2262 3688 et
2293 3633 2477 3688 domos
2525 3649 2714 3688 eorum
2759 3632 3056 3704 diripient,
3085 3640 3138 3687 et
3185 3647 3387 3686 uxores
3435 3633 3682 3701 ipsorum

2031 3722 2331 3778 habebunt.
2355 3723 2460 3786 Qui
2494 3723 2551 3775 in
2582 3738 2793 3776 manus
2821 3720 3080 3776 hostium
3105 3719 3559 3789 irrumpentium
3590 3733 3682 3772 ve-

2032 3811 2245 3876 nerint,
2279 3811 2335 3863 in
2370 3811 2499 3879 ipsa
2531 3811 2652 3865 acie
2683 3810 2930 3876 cadunt;
2964 3808 3061 3879 qui
3089 3824 3222 3864 vero
3245 3808 3380 3878 fuga
3405 3807 3518 3862 sibi
3549 3822 3684 3861 con-

2031 3898 2341 3965 suluerint,
2376 3897 2437 3952 hi
2469 3897 2637 3968 quasi
2669 3896 2908 3953 damula
2939 3897 3192 3968 fugiunt.
3219 3895 3451 3950 Animal
3481 3899 3678 3949 autem

2028 3987 2172 4043 illud
2194 3988 2469 4058 pavidum
2488 3991 2578 4042 est
2593 3986 2759 4042 valde
2774 3993 2832 4042 et
2850 3985 3281 4049 meticulosum,
3295 3989 3351 4040 et
3368 3985 3440 4039 ob
3463 3984 3679 4056 pedum

2027 4077 2388 4133 velocitatem
2422 4075 2622 4148 procul
2666 4076 2838 4147 fugit,
2870 4091 2974 4130 nec
3013 4074 3263 4145 gradum
3294 4072 3468 4128 sistit.
3495 4074 3683 4127 Erunt

2025 4166 2206 4238 igitur
2233 4167 2392 4237 quasi
2438 4165 2669 4221 damula
2717 4169 2767 4219 et
2812 4164 2969 4236 quasi
3014 4163 3133 4218 ovis
3183 4161 3511 4218 errabunda.
3545 4160 3681 4219 Ovis

2027 4255 2185 4311 enim
2218 4271 2287 4311 ex
2317 4271 2378 4311 se
2411 4253 2571 4310 nullo
2622 4255 2796 4310 modo
2836 4253 3000 4309 novit
3049 4252 3123 4307 ad
3171 4268 3390 4324 pascua
3436 4250 3682 4324 pinguia

1959 4508 2004 4573 Ι)
2035 4505 2174 4562 stris
2204 4520 2306 4560 sex
2336 4522 2479 4561 mss.
2513 4504 2870 4560 addidimus.

2107 4577 2220 4647 (83)
2252 4577 2486 4647 Antiqui
2519 4582 2638 4632 tres
2667 4577 2824 4640 libri,
2869 4573 2960 4628 καὶ
3011 4570 3291 4647 ἄνθρωπον
3320 4569 3398 4633 εἲς
3425 4571 3526 4640 τήν
3556 4571 3682 4646 χώ-

2035 4666 2129 4721 ραν
2171 4647 2362 4721 ἑαυτοῦ
2413 4647 2622 4721 διῶξαι,
2652 4658 2703 4721 et
2741 4649 2900 4703 homo
2929 4649 2992 4702 in
3019 4648 3302 4721 regionem
3339 4661 3508 4721 suam
3551 4660 3680 4721 cur:

2035 4713 2141 4792 rat.
2173 4719 2282 4773 Alii
2333 4725 2474 4787 tres,
2517 4713 2607 4773 καὶ
2653 4719 2958 4792 ὁὶνθρωπονΔ
2991 4713 3212 4784 εἰς-τήν
3271 4716 3458 4792 χώραν
3517 4713 3681 4769 αὐτοῦ

2034 4787 2388 4858 διασωθῆναι,
2430 4800 2481 4848 et
2530 4794 2686 4846 homo
2733 4787 2794 4846 in.
2841 4789 3116 4860 regionem
3162 4787 3335 4860 suam?
3365 4787 3579 4844 salvum
3626 4802 3684 4860 se

2031 4865 2278 4933 recipiat.
2317 4857 2382 4919 In,
2427 4863 2600 4919 editis
2647 4878 2780 4917 vero
2829 4857 3085 4933 et'apud
3112 4860 3277 4933 ΔΙΑΧΧ
3326 4859 3558 4933 legitur,
3588 4857 3680 4933 uel

2032 4928 2319 5007 ἄνθρωπος
2352 4933 2430 4994 εἷς
2458 4935 2559 5003 τὴν
2589 4933 2776 5007 χώραν
2818 4928 3300 5007 αὐτοξλ-διώξεται,
3333 4928 3411 4987 El—
3424 4932 3580 5007 homo
3609 4930 3681 5007 ad

2034 5003 2311 5075 regionem
2357 5023 2516 5061 suam
2565 5003 2884 5077 el’cpe'llelur.
2929 5005 3068 5059 Mihi
3118 5010 3312 5077 autem
3362 5003 3681 5077 verisimile

2032 5079 2116 5143 ﬁt,
2148 5079 2543 5148 typographos
2572 5075 2644 5133 de
2692 5094 2799 5132 suo
2847 5077 3158 5131 emendare
3185 5075 3443 5131 voluisse
3467 5092 3499 5148 ι
3522 5075 3677 5148 quod

2033 5154 2097 5203 ut
2127 5145 2314 5203 tutius
2347 5152 2618 5217 lacerent,
2653 5151 2734 5205 ita
2772 5149 3105 5214 ediderunt,
3143 5148 3225 5202 uti
3259 5149 3317 5202 in
3363 5145 3563 5203 Bibliis
3593 5145 3678 5200 le-

2072 5222 2298 5275 ebatur.

2031 5238 2495 5362 8é()8%s)ulllterque
2545 5290 2914 5347 Colbertinus
2963 5294 3021 5362 et
3064 5289 3204 5360 Reg.
3239 5281 3673 5362 secundu_s,_xazt

2032 5357 2265 5428 αἵτινες,
2300 5368 2350 5418 et
2385 5357 2434 5417 si
2476 5366 2574 5434 qui
2610 5365 2913 5434 sinttetc.
2965 5357 3271 5434 Aliquanto
3317 5363 3449 5431 post
3494 5357 3674 5411 iidem

2034 5452 2201 5502 mss.,
2233 5433 2444 5495 καὶτὰς
2490 5430 2681 5496 ὀύσίάς
2731 5432 2901 5488 αὐτῶν
2953 5430 3407 5506 προνομεύσουσι,
3453 5437 3505 5484 et
3552 5441 3676 5500 opes

2029 5523 2217 5590 eorum
2246 5507 2539 5590 diripiant.

2101 5577 2214 5703 (85)
2243 5571 2482 5662 Qodices
2513 5582 2784 5650 quatuor,
2809 5571 3022 5630 ἔπεσαν.
3048 5572 3225 5656 {aulo
3247 5571 3398 5628 infra
3426 5573 3676 5641 uterque

2101 5650 2396 5703 .bertmus
2425 5655 2481 5703 et
2519 5651 2658 5703 Rea.
2692 5648 3004 5703 secundus.
3040 5643 3176 5703 ζωόν
3210 5641 3320 5698 ἐστι
3349 5640 3439 5698 καὶ
3471 5637 3672 5698 δειλόν.

2031 5637 2396 5720 Colbertinus
2425 5655 2481 5706 et
2519 5637 2658 5720 Reg.
2692 5637 3004 5720 secundus.
3040 5643 3176 5710 ζῶόν
3210 5641 3320 5698 ἐστι
3349 5640 3439 5698 καὶ
3471 5637 3672 5698 δειλόν.

2030 5719 2156 5777 Vox
2182 5717 2294 5775 ἰστι
2323 5723 2383 5778 in
2414 5721 2587 5779 editis
2606 5717 3078 5776 desiderabatur.
