4074 6222
422 367 537 430 595

425 589 534 645 sibi
570 592 770 659 potum
805 603 1086 658 quaerere,
1123 585 1234 640 nisi
1270 585 1402 656 quis
1446 584 1699 639 adfuerit
1733 589 1954 655 pastor,
1981 582 2077 652 qui

425 693 552 732 eam
588 675 857 730 deducat.
895 676 1095 746 Itaque
1137 674 1236 745 qui
1281 679 1420 727 tunc
1471 677 1662 739 erunt,
1694 673 1921 742 fugient
1951 669 2079 741 qui-

429 767 560 819 dem
596 765 836 836 perinde
867 769 1042 834 atque
1073 765 1254 816 damas
1291 779 1303 816 :
1336 761 1736 816 destituentur
1765 777 1895 814 vero
1927 758 2082 814 auxi'

427 851 505 908 lio
547 853 730 919 omni,
763 855 1047 922 tanquam
1099 867 1232 905 oves
1283 849 1653 915 errabunda};
1705 849 1858 920 quod
1911 864 2080 902 nemo

430 943 510 998 sit
539 944 637 1012 qui
683 958 780 996 eas
830 941 1026 995 ducat.
1059 941 1119 993 Et
1167 955 1275 994 non
1321 941 1425 994 erit
1474 941 1570 1009 qui
1613 940 1922 1007 congreget.
1958 938 2080 991 Imo

429 1031 620 1087 timidi
653 1031 891 1102 quidem
938 1029 1351 1100 dispergentur
1394 1044 1426 1082 a
1471 1027 1959 1098 persequentibus
1993 1044 2006 1082 :
2040 1025 2078 1079 ii

429 1136 563 1174 vero
595 1119 694 1189 qui
745 1117 966 1172 residui
1021 1116 1252 1184 fuerint,
1288 1117 1611 1183 vincentur,
1646 1115 2078 1188 opprimentur-

431 1224 543 1279 que
599 1207 670 1261 ab
729 1205 1047 1261 hostibus:
1092 1205 1358 1274 quamvis
1417 1205 1590 1274 coire,
1625 1207 1681 1258 et
1737 1202 2077 1258 auxiliarem

429 1295 749 1367 quamdam
784 1295 1122 1350 societatem
1165 1295 1311 1348 inire
1360 1293 1607 1364 possint,
1640 1298 1832 1348 tamen
1883 1291 2078 1363 gladio

427 1384 779 1439 interibunt.
856 1383 1076 1438 Deinde
1151 1382 1518 1437 miserandas
1585 1381 1948 1436 calamitates
2023 1386 2081 1434 et

428 1489 724 1528 terumnas
782 1487 982 1526 eorum
1036 1470 1136 1542 qui
1187 1471 1245 1524 in
1307 1469 1642 1524 servitutem
1702 1469 1919 1524 fuerint
1972 1468 2079 1522 ab-

427 1561 650 1630 stracti,
684 1563 743 1615 in
797 1561 1055 1614 medium
1109 1559 1345 1629 profert.
1381 1558 1554 1613 Filios
1602 1574 1804 1614 eorum
1856 1558 2080 1612 discer-

428 1655 566 1722 pent
596 1650 656 1703 in
698 1655 1007 1720 parentum
1057 1647 1267 1714 oculis,
1298 1647 1691 1718 diripientqus
1722 1663 1922 1701 eorum
1973 1645 2079 1700 do-

431 1755 576 1807 mos,
634 1744 692 1792 et
749 1754 955 1793 uxores
1013 1753 1214 1792 eorum
1278 1737 1389 1792 sibi
1447 1735 1594 1808 ipsis
1658 1733 2080 1792 contumeliose

427 1826 828 1882 vindicabunt.

503 2006 628 2060 272.
661 2007 837 2060 Vens.
874 2004 956 2074 17,
994 2005 1080 2058 18.
1110 2005 1242 2058 Ecce
1269 2003 1541 2058 suscitabo
1588 2001 1734 2058 vobis
1783 2001 1954 2057 Medos
1983 2003 2080 2073 qui

430 2098 721 2165 argentum
748 2109 858 2149 non
899 2097 1171 2164 reputant,
1205 2108 1303 2147 nec
1331 2109 1468 2147 auro
1497 2108 1629 2162 opus
1661 2091 1876 2147 habent.
1909 2091 2078 2146 Arcus

417 2182 691 2253 juvenum
730 2185 1026 2248 conterent,
1058 2186 1110 2237 et
1137 2183 1385 2252 ﬁliorum
1412 2185 1713 2236 vestrorum
1756 2196 1871 2235 non
1917 2181 2075 2234 mise-

426 2272 696 2327 rebantur
714 2290 732 2326 :
753 2287 923 2342 neque
951 2288 1115 2339 super
1142 2271 1278 2341 ﬁliis
1300 2272 1412 2325 tuis
1437 2274 1660 2341 parcent
1689 2262 1835 2324 oculi
1865 2286 2073 2325 eorum.

336 2392 350 2403 ο
429 2361 628 2432 Longo
659 2360 941 2432 temporis
971 2359 1276 2415 intervallo
1309 2360 1630 2428 interjecto,
1663 2359 1746 2413 uti
1780 2359 1959 2413 tradit
1991 2358 2079 2412 bi-

424 2451 624 2516 storia,
650 2449 798 2504 Medi
843 2450 902 2503 in
935 2448 1303 2520 Assyriorum
1336 2449 1646 2519 imperium
1673 2449 1951 2513 invasere,
1978 2449 2077 2502 Ba-

426 2538 820 2610 bylonemque
848 2544 1120 2593 evertere.
1145 2537 1394 2592 Proinde
1431 2537 1588 2592 Isaiae
1623 2536 1925 2608 prophetia
1945 2543 2074 2591 aeta-

421 2628 585 2682 tibus
610 2626 814 2682 multis
836 2627 988 2684 586
1015 2627 1311 2697 praecessit
1344 2625 1644 2680 Israelitici
1669 2625 1865 2697 populi
1891 2625 2075 2696 capti-

444 2715 704 2770 vitatem.
749 2715 974 2770 Rursus
1027 2719 1220 2769 autem
1269 2719 1403 2785 post
1449 2715 1766 2769 abductum
1801 2713 2074 2769 lsraelem

427 2803 634 2858 multis
667 2809 798 2875 post
828 2803 999 2858 annis
1025 2803 1469 2874 comperiuntur
1496 2803 1644 2858 Medi
1674 2803 1926 2875 Assyriis
1956 2801 2075 2858 bel-

422 2893 548 2948 lum
579 2893 871 2966 intulisse.
912 2894 1113 2962 Itaque
1142 2893 1504 2962 captivorum
1545 2893 1802 2947 solamen
1835 2907 2076 2963 exspec-

421 2981 567 3038 tatio
592 2985 681 3038 est
700 2981 970 3036 vindicta:
999 2980 1279 3052 populum
1308 2980 1538 3035 lsraelis
1562 2986 1884 3035 vexatorem
1920 2981 2076 3034 brevi

423 3070 896 3142 apprehensurae.
950 3069 1255 3137 Suscitabo,
1308 3068 1522 3141 inquit,
1555 3069 1701 3125 vobis
1747 3069 1940 3138 Medos,
1976 3058 2080 3142 qu!

423 3176 612 3231 neque
641 3165 906 3232 argento,
941 3175 1129 3230 neque
1173 3175 1325 3214 auro
1367 3158 1689 3214 ﬂectentur.
1724 3159 1923 3227 Neque
1953 3176 2074 3228 vos,

1366 363 1757 426 APPENDIX
1800 361 2127 427 OPERUM
2169 361 2234 423 S.
2280 361 2566 424 BASILII
2610 360 2882 422 MAGNI.

423 514 683 572 pergere,
715 513 820 554 nec
874 497 1188 553 tutioribus
1244 495 1303 550 in
1365 493 1506 550 locis
1565 494 1937 560 commorari,
1971 496 2072 549 aut

2193 489 2272 544 καὶ
2331 489 2407 552 ὡς
2461 483 2734 565 πρόϐατον
2793 486 3148 560 πλανώμενον
3187 532 3200 546 .

2108 1860 2156 1926 Β

3720 358 3834 419 596

3261 487 3360 542 Καὶ
3419 487 3521 561 γὰρ
3575 483 3829 558 οὐδεμίαν

2191 578 2388 634 οἰκείαν
2433 577 2638 632 σύνεσιν
2693 575 2809 652 ἔχει
2855 578 2917 632 τὸ
2966 572 3236 645 πρόϐατον
3291 568 3430 651 πριῗς
3480 577 3544 630 τὸ
3594 576 3831 650 ὁρμῆσαι

2195 669 2287 739 μὶν
2317 667 2403 722 ἐπὶ
2449 669 2544 728 τὰς
2599 666 2907 744 τροφίμους
2957 668 3148 738 νομὰς,
3184 663 3509 734 αὐλισθῆναι
3559 662 3617 719 δὶ
3659 664 3711 718 ἰν
3745 664 3831 717 τό-

2189 778 2313 818 ποις
2345 755 2785 833 ἀσφαλεστέροις,
2833 755 2868 823 ἣ
2913 757 3078 809 ποτὸν
3129 755 3341 815 ἑαυτοῖς
3395 754 3717 823 ἐκζητῆσαι,
3751 751 3830 806 ἐὰν

2194 848 2267 916 μή
2303 866 2383 906 τις
2485 847 2513 899 ὁ
2564 845 2890 916 ποιμαίνων,
2940 843 3028 897 καὶ
3070 842 3157 898 ἐπὶ
3186 847 3354 897 ταῦτα
3402 841 3828 916 καθηγούμενος.

2190 940 2439 988 Ἔσονται
2473 931 2563 988 οὖν
2619 934 2671 987 οἱ
2718 932 2862 1001 τότε,
2904 929 3281 1007 διαφεύγοντες
3331 933 3426 1004 μὶν
3460 932 3536 991 ὡς
3719 927 3834 1003 δορ-

2188 1020 2368 1088 κάδες,
2400 1017 2701 1092 ἀϐοήθητοι
2746 1019 2803 1076 δὶ
2855 1021 2929 1082 ὡς
2977 1023 3045 1074 τὰ
3094 1015 3342 1097 πρόϐατα
3385 1021 3454 1074 τὰ
3481 1017 3831 1092 πλανώμενα,

2187 1115 2267 1182 τῷ
2317 1111 2392 1183 μὴ
2435 1112 2561 1164 εἶναι
2611 1110 2789 1164 αὐτῶν
2841 1108 3104 1184 ἄρχοντα.
3148 1109 3251 1165 Καὶ
3302 1108 3399 1163 οὐκ
3445 1106 3600 1162 ἓσταε
3646 1107 3675 1161 ὁ
3723 1127 3833 1161 συν-

2190 1199 2359 1274 άγων,
2392 1197 2518 1255 ἀλλ’
2548 1199 2599 1254 οἱ
2643 1199 2739 1271 μὶν
2790 1195 2964 1253 δειλοὶ
3019 1200 3391 1273 σπαρήσονται
3424 1200 3534 1269 (87)
3590 1196 3696 1250 ὐπὸ
3734 1201 3834 1250 τῶν

2189 1285 2517 1357 διωκόντων,
2564 1287 2616 1342 οἱ
2665 1285 2723 1342 δὲ
2766 1284 3214 1349 καταλειφθέντες
3269 1287 3682 1356 ἡττηθήσονται
3743 1285 3836 1339 ὑπὸ

2187 1379 2292 1430 τῶν
2338 1373 2642 1450 πολεμίων
2693 1373 2789 1430 κᾶν
2835 1372 3111 1446 δυνηθῶσι
3159 1377 3462 1442 συστῆναι,
3513 1373 3606 1428 καὶ
3650 1394 3838 1428 κοινω-

2187 1462 2302 1518 νίαν
2347 1465 2468 1518 τινὰ
2527 1463 2782 1540 βοηθείας
2837 1465 3182 1532 ποιήσασθαι·
3247 1462 3373 1518 ἀλλ’
3432 1463 3527 1516 οὖν
3595 1461 3839 1536 μαχαίρᾳ

2187 1557 2494 1610 πεσοῦνται.
2529 1555 2664 1610 Εἶτα
2707 1551 2852 1628 λέγει
2901 1552 2966 1607 τὰ
3007 1550 3218 1607 ἐλεεινᾶ
3265 1557 3407 1621 πάθη
3437 1556 3547 1605 τῶν
3587 1547 3838 1624 ἐξανδραο

2187 1641 2564 1716 ποδιζομένων
2599 1685 2613 1700 .
2673 1643 2758 1702 Τὰ
2828 1643 2989 1697 τικνα
3049 1640 3224 1696 αὐτῶν
3307 1640 3554 1718 ρἀουσιν
3612 1638 3667 1694 ἐν
3726 1645 3838 1700 τοῖς

2189 1731 2498 1809 ὀφθαλμοῖς
2546 1736 2651 1786 τῶν
2699 1733 2926 1806 γονέων,
2958 1730 3048 1786 καὶ
3093 1730 3190 1792 τὰς
3234 1729 3406 1792 οίκίας
3455 1729 3636 1783 αὐτῶν
3691 1725 3838 1801 διαρο

2189 1821 2475 1890 πείσονται,
2508 1821 2596 1876 καὶ
2653 1820 2746 1882 τὰς
2810 1825 3063 1896 γυναῖκας
3095 1817 3176 1897 ἐφ’
3231 1814 3382 1895 ὕϐρει
3440 1817 3579 1891 πρὸς
3611 1815 3838 1877 ἑαυτοὺς

2190 1912 2634 1984 μεταστήσουσιν.

2256 2002 2380 2056 272.
2435 1996 2574 2056 Ἰδοὺ
2633 1997 2876 2074 ἐπεγερῶ
2926 2000 3039 2071 (88)
3106 1998 3233 2070 ὑμῖν
3291 1995 3420 2058 τοὺς
3476 1993 3724 2066 Μήδους,
3784 1997 3834 2050 οξ

2186 2089 2248 2142 οὐ
2323 2087 2634 2164 λογίζονται
2721 2087 2972 2163 ἀργύριον
3034 2129 3048 2154 ,
3103 2085 3231 2141 οὐδὲ
3323 2085 3554 2161 χρυσίου
3640 2085 3829 2162 χρείαν

2181 2174 2421 2253 ἔχουσι.
2492 2178 2809 2250 Τοξεύματα
2886 2175 3176 2230 νεανίσκων
3268 2176 3618 2250 συντρίψουσι
3663 2217 3680 2241 ,
3738 2178 3826 2229 καὶ

2182 2267 2249 2320 τα
2301 2266 2458 2320 τὲκνα
2519 2266 2669 2338 ὑμῶν
2725 2263 2788 2319 οὐ
2859 2267 2935 2337 μή
2997 2261 3317 2334 ἇλεήσωσιν·
3380 2261 3508 2318 οὐδὲ
3570 2262 3662 2317 ἰπὶ
3718 2269 3834 2326 τοῖς

2180 2355 2390 2416 τὶκνοις
2447 2375 2544 2408 σου
2601 2353 2873 2430 φείσονται
2931 2354 2981 2408 οἱ
3039 2351 3312 2431 ὀφθαλμοὶ
3353 2353 3551 2408 αὐτῶν.
3587 2350 3832 2414 Πολλοῖς

2183 2443 2402 2517 ὕστερον
2429 2443 2673 2518 χρόνοις,
2703 2442 2777 2503 ὡς
2809 2444 2842 2510 ἡ
2875 2442 3087 2514 ἱστορία
3115 2439 3519 2516 παραδέδωκεν,
3555 2441 3609 2496 οἱ
3652 2439 3833 2506 Μῆδοι

2181 2536 2248 2605 τῇ
2277 2533 2424 2606 ἀρχῇ
2455 2535 2522 2605 τῇ
2549 2536 2656 2586 τῶν
2680 2531 2975 2606 ’Δσσυρίων
3001 2529 3272 2599 ἐπέθεντο,
3295 2531 3382 2584 καὶ
3402 2531 3832 2604 κατεστρέψαντο

2183 2616 2500 2678 Βαϐυλῶνα.
2534 2623 2684 2676 Ἔστι
2746 2620 2838 2692 μὲν
2900 2621 2989 2674 οὖν
3051 2622 3085 2689 ἠ
3144 2619 3448 2697 προφητεία
3479 2619 3830 2676 τοῦ⁹Ησαίου

2182 2711 2287 2787 πρὸ
2316 2707 2544 2765 πολλῶν
2573 2714 2765 2783 γενεῶν
2814 2711 2924 2781 (89)
2972 2716 3072 2778 τῆς
3114 2713 3210 2762 τοῦ
3257 2707 3476 2784 Ἰσραήλ
3526 2708 3828 2784 αἰχμαλωο

2184 2800 2321 2861 σίας.
2364 2796 2532 2854 Πάλιν
2595 2795 2652 2852 δὶ
2711 2799 2844 2870 μετᾶ
2899 2799 2990 2851 τὸν
3047 2797 3268 2873 Ἰσραὴλ
3324 2795 3561 2858 πολλοῖς
3607 2797 3826 2873 ὕστερον

2181 2885 2321 2944 ἕτεσι
2355 2887 2630 2962 φαίνονται
2661 2888 2714 2941 οἱ
2765 2884 2944 2953 Μῆδοι
2990 2885 3498 2961 ὶπιστρατεύσαντες
3545 2892 3665 2948 τοῖς
3697 2888 3831 2942 Ἀσ-

2186 2975 2744 3054 συρίοις.ΙΙαραμυθία
2768 2975 2858 3030 οὐν
2875 2979 2982 3029 τῶν
3006 2974 3570 3050 αἷχμαλωτιζομὲνων
3594 2979 3628 3045 ἡ
3655 2996 3828 3051 προσ-

2188 3065 2345 3122 δοκία
2362 3069 2460 3131 τῆς
2484 3061 2811 3136 ἐκδικήσεως
2844 3067 2959 3137 μετ’
2980 3063 3042 3118 οὐ
3058 3063 3202 3120 πολὺ
3222 3066 3334 3138 (90)
3359 3065 3830 3138 καταληψομὲνης

2185 3157 2276 3213 τὸν
2310 3155 2440 3212 λαὸν
2476 3155 2568 3209 τὸν
2598 3155 2917 3208 κακώσαντα
2941 3153 3034 3208 τὸν
3067 3152 3306 3228 Ἰσραήλ.
3336 3154 3832 3228 Ἑττεγερῶ,ιί›ησὶν⁹

422 3247 753 3319 Babylonii,
802 3247 1136 3302 divitiarum
1199 3251 1522 3301 vestrarum
1576 3247 1742 3318 copia
1793 3247 2073 3302 immuni-

2193 3247 2318 3318 ὑμῖν
2369 3244 2497 3306 τοὺς
2536 3240 2760 3313 Μήδους
2793 3285 2807 3311 ,
2841 3240 3030 3303 οἵτινες
3082 3224 3206 3297 οὕτε
3245 3224 3492 3317 ἀργυρίιρ
3531 3224 3780 3318 *παραπει
3809 3274 3833 3285 -

421 3339 602 3392 tatem
637 3336 926 3392 malorum
987 3337 1060 3390 ab
1117 3334 1263 3406 ipsis
1309 3350 1500 3390 emere
1549 3336 1835 3406 poteritis.
1879 3335 2078 3408 Neque

423 3423 581 3480 enim
616 3425 701 3480 eis
750 3424 1009 3496 pecuniae
1045 3428 1186 3479 sunt
1222 3423 1621 3492 admirationi,
1655 3425 1808 3496 quod
1859 3429 1916 3480 et
1961 3412 2077 3498 ipsi

423 3513 544 3569 sint
599 3511 1059 3585 opulentissimi.
1091 3512 1455 3583 Quapropter
1502 3529 1691 3584 neque
1745 3513 1804 3568 in
1863 3513 2078 3585 praeliis

421 3602 846 3658 distrahuntur
867 3607 1236 3656 mortuorum
1261 3600 1501 3670 exuviis,
1526 3617 1713 3672 neque
1746 3602 2080 3658 detinentur

423 3691 482 3746 in
523 3692 718 3764 prada
749 3691 998 3762 agenda,
1025 3689 1144 3745 imo
1176 3689 1247 3744 ab
1277 3689 1349 3743 iis
1375 3690 1473 3760 qui
1508 3690 1658 3761 capti
1691 3695 1828 3746 sunt
1857 3689 2078 3763 aliquid

425 3781 708 3852 accipere,
746 3780 1049 3836 sordidum
1085 3782 1294 3850 putant
1338 3781 1394 3833 et
1439 3777 1730 3848 ignavum.
1761 3780 1868 3834 Sed
1898 3780 2087 3852 sagit.

423 3869 632 3926 teriam
675 3872 860 3926 artem
911 3867 1370 3924 adolescentium
1403 3871 1722 3925 vestrorum
1756 3875 2083 3954 conterent,

423 3975 610 4030 neque
643 3958 761 4013 ullo
807 3958 981 4013 modo
1030 3957 1472 4012 miserebuntur
1518 3958 1859 4026 infantium,
1895 3975 2083 4031 neque

423 4047 508 4102 eis
541 4051 800 4119 parcent.
827 4046 1129 4101 Medorum
1166 4049 1361 4101 autem
1397 4063 1609 4102 nomen
1641 4052 2081 4120 transumptum

420 4136 740 4208 significat,
770 4153 804 4191 a
833 4137 1154 4206 sufﬁcienti.
1191 4135 1298 4199 Qui
1348 4135 1530 4206 igitur
1575 4137 1877 4192 sufﬁciens
1904 4142 1994 4193 est
2024 4138 2082 4192 in

419 4227 721 4291 omnibus,
755 4241 821 4280 ac
854 4241 959 4296 pro
1008 4224 1222 4279 merito
1253 4223 1435 4279 vicem
1475 4225 1715 4280 reddere
1744 4231 1952 4297 potest,
1986 4226 2082 4282 hic

417 4315 531 4369 eiet
559 4319 616 4368 et
649 4313 901 4368 accersit
954 4313 1174 4366 Medos.
1208 4314 1322 4366 Aut
1371 4313 1518 4368 forte
1566 4314 1840 4384 quoniam
1893 4301 2082 4371 Medai

415 4402 618 4456 Medios
649 4401 916 4456 conditor
947 4406 1037 4454 est
1057 4400 1103 4434 ³³
1133 4400 1250 4471 (hic
1304 4406 1497 4455 autem
1555 4401 1601 4455 si
1657 4401 2078 4480 interpreteris,

419 4493 593 4546 sonat
641 4488 1088 4560 dimensionem),
1121 4487 1252 4543 ideo
1285 4488 1398 4544 dici
1432 4490 1661 4561 possint
1711 4491 1861 4547 Medi
1911 4485 2083 4550 accitl

489 4651 536 4687 ⁸³
564 4651 707 4708 Gen.
738 4667 797 4718 ι,
827 4650 882 4706 2.

2187 3337 2491 3406 σθήσονται,
2525 3329 2647 3388 οὕτε
2677 3331 2908 3408 χρυσίῳ.
2941 3329 3082 3389 Οὐδὶ
3131 3329 3420 3402 δυνήσεσθε
3446 3331 3622 3404 ὑμεῖς,
3653 3333 3710 3386 oi
3742 3337 3836 3386 Βα-

2189 3419 2455 3478 ϐυλώνιοι
2487 3468 2502 3496 ,
2562 3425 2630 3495 τῇ
2689 3419 2972 3494 περιουσίᾳ
3025 3425 3122 3475 τοῦ
3167 3419 3409 3475 πλούτου
3465 3418 3833 3490 ἐξωνήσασθαι

2186 3515 2312 3588 παρ’
2372 3511 2545 3567 αὐτῶν
2577 3511 2637 3565 τὸ
2671 3507 2838 3584 μηδὲν
2871 3511 3082 3565 παθεῖν.
3117 3507 3258 3566 Οὐδὶ
3287 3509 3390 3584 γὰρ
3441 3509 3575 3564 εἰσιν
3626 3509 3832 3578 ἐπτοη-

2192 3602 2343 3676 μὲνοι
2397 3599 2520 3674 περὶ
2578 3601 2861 3675 χρήματα,
2918 3602 2998 3671 τῷ
3046 3597 3136 3652 ναὶ
3197 3597 3348 3652 αὐτοὶ
3411 3597 3832 3672 ὑπερπλουτεῖν.

2189 3691 2386 3764 Διόπερ
2417 3685 2542 3743 οὐδὶ
2589 3685 2640 3741 ἐν
2685 3692 2802 3748 τοῖς
2846 3686 3116 3758 πολάμοις
3165 3688 3278 3759 (91)
3325 3690 3694 3761 περισπῶνται
3729 3687 3834 3740 ὑπὸ

2188 3787 2287 3850 τῆς
2333 3774 2710 3852 νεκροσυλίας,
2761 3773 2884 3830 οὐδὲ
2923 3773 3284 3850 ἀσχολοῦνται
3337 3775 3462 3851 περί
3509 3776 3607 3843 τήν
3655 3773 3833 3842 λείαν,

2190 3868 2277 3925 καί
2310 3869 2371 3924 τὸ
2421 3861 2719 3940 λαμϐάνειν
2765 3865 2910 3939 παρὰ
2935 3869 3044 3920 τῶν
3089 3864 3410 3920 ἑαλωκότων
3463 3865 3643 3940 ἆγενὶς
3691 3863 3835 3918 οἴον-

2189 3980 2297 4014 ται.
2359 3953 2533 4013 Ἀλλᾶ
2581 3955 2682 4023 τήν
2735 3952 2938 4022 τοξείαν
3004 3957 3112 4008 τῶν
3169 3954 3295 4027 παρ’
3353 3953 3481 4026 ὑμῖν
3538 3951 3831 4008 νεανίσκων

2192 4044 2558 4122 συντρίψουσι,
2597 4041 2689 4096 καὶ
2734 4038 2925 4096 οὐδένα
2972 4042 3171 4114 οἶκτον,
3217 4039 3341 4096 οὐδὲ
3372 4039 3540 4119 φειδῶ
3569 4044 3835 4112 ποιήσον-

2190 4134 2277 4191 ταὶ
2314 4138 2422 4189 τῶν
2451 4130 2680 4203 νηπίων.
2711 4130 2788 4187 Τὸ
2821 4127 2878 4184 δὲ
2927 4127 3136 4201 Μήδων
3184 4129 3357 4204 ὄνομα
3412 4126 3835 4204 μεταλαμϐανό-

2195 4244 2352 4299 μενον
2379 4220 2630 4294 σημαίνει
2684 4221 2789 4275 ἀπὸ
2824 4218 3006 4274 ἱκανοῦ
3040 4263 3053 4276 .
3085 4217 3292 4277 Οὐκοῦν
3326 4220 3355 4274 ὁ
3386 4221 3564 4282 ἱκανὸς
3619 4219 3671 4275 ἰν
3704 4226 3838 4275 πᾶσι

2191 4313 2277 4369 καῖ
2310 4310 2531 4372 δυνατὸς
2582 4308 2794 4385 ἰπάγειν
2840 4309 2908 4363 τὰ
2936 4309 3071 4383 πρὸς
3102 4308 3271 4378 ἀξίαν,
3328 4308 3486 4370 οὗτος
3535 4314 3678 4364 κινεῖ
3708 4308 3837 4370 τοὺς

2193 4399 2432 4472 Μήδους.
2463 4402 2527 4455 Ἢ
2575 4399 2720 4474 τάχα
2769 4395 2955 4467 ἔπειδὴ
2987 4398 3015 4451 ὁ
3056 4395 3260 4452 Μαδαεὶ
3310 4397 3531 4468 κτίστης
3579 4397 3694 4452 ἐστὶ
3736 4404 3837 4467 τῆς

2194 4488 2462 4563 Μηδείας,
2513 4485 2866 4564 ἑρμηνεύεται
2911 4484 2969 4542 δὶ
3017 4486 3172 4548 οὗτος
3217 4487 3539 4564 ὲκμιτρησις
3571 4489 3711 4562 (92),
3744 4487 3836 4543 λέ-

493 4823 607 4914 (86)
637 4823 734 4879 Sic
787 4840 947 4914 mea,
983 4827 1255 4914 quatuor.
1307 4822 1606 4914 aliudue,
1658 4823 1732 4885 ὡς
1779 4823 1857 4879 ἄν.
1900 4826 2076 4896 Editi,
2105 4828 2154 4894 D
2187 4829 2382 4914 tamen
2415 4822 2625 4914 erratis
2646 4822 2871 4914 discere
2893 4824 3466 4914 poterat-virdoctus,
3491 4824 3651 4883 hunc
3673 4827 3839 4885 Com-

422 4892 820 4972 3tsasé’movses,
853 4892 1139 4972 φεύγόντες
1177 4893 1372 4972 Maiis
1405 4895 1479 4972 si-

491 4914 820 5022 ιὲευγοντες,
853 4915 1139 4972 φευγοντες
1177 4914 1270 4966 μεν
1299 4915 1372 4954 ως
1405 4914 1479 4949 αι.

491 4968 507 5039 (
537 4967 788 5043 7)--Εάἱῆ
811 4978 867 5022 et
893 4973 1011 5043 tres
1041 4983 1206 5043 ms_s.,
1230 4963 1356 5019 ἀλλ’
1381 4965 1433 5018 οἱ
1461 4965 1556 5036 μὲν
1592 4963 2077 5043 διασπαρήσονται.

418 5038 683 5094 AtColb.
719 5039 1018 5094 secundus
1052 5038 1134 5092 uti
1169 5040 1226 5091 in
1261 5043 1556 5092 contextu.

489 5110 699 5181 (88)_ln
735 5128 879 5181 mss.
914 5109 1272 5178 quibusdam
1304 5125 1469 5177 irque
1503 5125 1567 5162 ae
1599 5108 1656 5162 in
1693 5109 1897 5165 Bibliis
1931 5109 2078 5179 legi-

423 5177 538 5246 um
594 5177 721 5254 ἷδοῖ,
764 5179 1043 5254 “Wetzel,
1075 5196 1192 5234 ecce
1239 5183 1464 5254 suscita.
1503 5183 1677 5254 Infra,
1701 5183 1931 5236 codices
1963 5177 2077 5239 duo

421 5271 552 5310 cum
588 5253 776 5317 editis,
815 5247 1149 5320 ἐλέήσουσιν.
1184 5251 1290 5304 Alii
1324 5258 1596 5320 quatuor,
1634 5247 1948 5319 ὲλεήσωσιν.

491 5327 605 5397 (89)
641 5322 1016 5398 [Ιρὸηπολλῶν-
1053 5323 1496 5398 γενεῷνηῃμίιίδ
1526 5323 1803 5398 Δτςιιίιιιῑιὺιιδ
1849 5341 2076 5398 pravces-

419 5394 518 5464 sit,
564 5394 820 5453 etc.'Hic
869 5396 1148 5450 Basiliam
1208 5394 1590 5465 indiligentiae
1640 5394 1875 5450 accusat
1906 5397 2074 5450 Com-

422 5469 687 5524 bellsius.
710 5469 845 5536 Ejus
879 5469 995 5522 hac
1023 5473 1194 5521 sunt:
1225 5467 1340 5520 Non
1367 5470 1502 5521 satis
1532 5466 1830 5520 advertisse
1859 5470 2077 5522 videtur

421 5541 687 5595 Basilius.
721 5541 856 5596 Nam
891 5541 1009 5611 ipsa
1043 5540 1205 5594 Isaia:
1232 5541 1400 5594 aelate
1443 5537 1750 5611 translatus
1776 5547 1854 5611 est
1886 5541 2073 5603 Israel,

422 5612 604 5668 Achaz
634 5627 760 5680 rege
787 5608 962 5673 Iuda;
993 5614 1110 5680 ipse
1138 5608 1556 5682 quoqueuludas
1584 5623 1694 5664 non
1721 5610 1894 5665 multo
1928 5616 2070 5682 post,

423 5685 689 5740 exstincto
719 5683 966 5741 Ezechia.
989 5684 1060 5738 At
1091 5680 1288 5738 sinon
1313 5680 1568 5751 aliunde,
1594 5684 1652 5737 at
1682 5697 1749 5738 ex
1779 5680 2072 5754 ejusmodi

2191 4896 2544 4967 mentarium
2581 4894 2790 4950 Basilio
2820 4894 3026 4967 Magno
3047 4895 3435 4967 tribuendum
3472 4914 3586 4953 non
3620 4915 3775 4954 esse.

2261 4969 2374 5039 (90)
2406 4966 2645 5022 Codices
2693 4964 2975 5039 quinque,
3006 4964 3067 5019 οὐ
3112 4969 3226 5039 μετ’
3276 4967 3342 5022 οὐ
3381 4967 3544 5024 πολύ.
3599 4971 3750 5027 Editi
3786 4977 3844 5027 et

2190 5039 2328 5109 Reg.
2357 5036 2603 5110 primus,
2624 5036 2749 5110 ﬁse
2770 5036 2884 5110 μετέ
2913 5036 2975 5090 οὐ
3004 5036 3171 5093 πολύ.

2259 5109 2371 5181 (91)
2399 5109 2704 5181 Recentior
2726 5109 3058 5181 Combefisii
3085 5111 3264 5181 codex
3295 5115 3353 5166 et
3381 5113 3496 5166 duo
3519 5113 3839 5167 Colbertini

2188 5177 2321 5236 cum
2355 5177 2568 5247 editis,
2613 5178 2666 5234 tv
2713 5184 2832 5242 τοῖς
2888 5177 3199 5252 πολεμίοις,
3251 5185 3395 5237 inter
3439 5182 3632 5238 hostes.
3682 5186 3846 5239 Alter

2187 5255 2314 5323 ejus
2364 5254 2544 5308 codex
2591 5259 2647 5308 et
2697 5253 2835 5321 Reg.
2870 5259 3137 5324 quartus,
3191 5252 3242 5306 tv
3292 5258 3408 5315 τοῖς
3454 5253 3752 5326 πολέμοις,
3781 5258 3839 5310 in

2187 5326 2371 5380 bellis.
2401 5325 2518 5379 sive
2550 5326 2607 5379 in
2635 5325 2870 5380 vra’liis.

2219 5341 2371 5391 etus,
2401 5342 2518 5379 sive
2550 5341 2607 5379 ιη
2635 5341 2870 5391 prmus.

2258 5341 2371 5391 ιιις,
2401 5342 2518 5379 sive
2550 5341 2607 5379 ιη
2635 5341 2870 5393 prmus.

2257 5399 2367 5463 (92)
2402 5396 2639 5450 Veteres
2672 5401 2926 5467 quatuor
2956 5395 3086 5449 libri
3120 5401 3327 5467 preter
3355 5396 3847 5459 Combelisianos.

2185 5465 2528 5539 ἐκμετρησις.
2564 5468 2736 5538 Editi,
2789 5465 3143 5539 ἐμμέτρησιςζ
3189 5468 3398 5539 statim
3444 5470 3627 5539 codex
3657 5469 3753 5523 Fr.
3785 5475 3848 5524 et

2185 5535 2280 5628 ﬂii
2310 5535 3015 5628 sthenesiisﬁeqé'éasés
3045 5535 3489 5628 732,39“.§W3v
3527 5539 3846 5628 μετῆν-μ

2181 5608 2570 5737 ξοηῐίοἰαηυέ
2621 5608 2682 5667 et
2726 5608 2842 5667 duo
2890 5609 3229 5682 Colbertini,
3261 5608 3339 5673 εἴς
3385 5608 3448 5664 τὸ
3502 5608 3842 5679 κολάζεσθαι

2213 5702 2296 5737 μυ.
2324 5699 2487 5737 τοως.

2213 5702 2250 5754 μ
2257 5699 2487 5755 μετρως.
