4074 6222
256 401 374 462 597

1046 396 1450 458 COMMENT.
1497 399 1576 457 ΙΝ
1620 397 1895 458 ISAIAM
1937 395 2444 459 PROPHETAM.
2493 400 2666 460 CAP.
2713 397 2872 458 XIII.

3541 400 3662 460 598

251 550 436 605 γοιντο
469 527 528 583 ἂν
562 529 615 582 οἱ
671 523 854 596 Μῆδοι
917 525 1205 600 ἐπάγεσθαι
1263 525 1339 587 εἷς
1392 527 1455 580 τὸ
1511 525 1761 594 κολάζειν
1802 525 1872 599 έμ

2016 527 2220 596 fuisse,
2251 533 2318 584 ut
2360 545 2562 600 poenas
2593 529 2663 584 de
2699 527 2772 584 iis
2805 528 2904 601 qui
2937 527 3204 599 nequiter
3248 531 3306 583 et
3353 543 3659 601 perperam

254 617 469 693 μέτρως
499 616 628 680 τοὺς
653 620 837 677 κακῶς
873 610 1226 691 βεϐιωκότας.
1263 615 1410 670 Διότι
1442 616 1488 687 ᾧ
1539 615 1718 688 μέτρῳ
1775 612 1876 670 ἔκαε

2013 617 2295 686 vixerant,
2317 618 2610 689 exigerent
2636 635 2768 673 cum
2801 634 3079 673 mensura
3106 635 3118 674 :
3146 617 3426 690 quoniam
3452 635 3568 690 qua
3597 618 3657 675 in

250 728 377 768 στος
405 709 568 779 ἡμῶν
605 706 960 780 μεμέτρηκεν,
994 700 1117 772 ἤτοι
1178 702 1228 758 έν
1286 709 1366 776 τῷ
1407 705 1726 778 κατορθοῦν,
1760 703 1794 772 ἢ
1847 703 1897 758 ἐν

244 801 324 867 τῷ
349 794 709 871 ἁμαρτάνειν,
738 793 789 848 έν
820 793 998 866 τούτῳ
1036 791 1070 860 ἢ
1091 792 1158 847 τὰ
1184 799 1284 861 τῆς
1317 787 1579 865 ἀμοιϐῆς,
1610 794 1645 861 ἢ
1677 793 1743 846 τὰ
1797 799 1897 862 τῆς

2013 722 2290 762 mensura
2329 698 2589 778 quisque)
2629 712 2895 763 nostrum
2945 707 3251 762 dimensus
3303 706 3495 774 fuerit,
3537 707 3656 764 sive

2012 796 2153 851 bene
2185 798 2434 868 agendo,
2467 795 2583 851 sive
2614 797 2925 866 peccando,
2959 796 3015 850 in
3050 796 3159 852 hac
3201 800 3299 851 aut
3347 795 3654 867 praemium

243 884 530 946 κολάσεως
574 881 943 957 ἀπολήψεται.
1000 886 1246 957 Τοιοῦτοι
1307 879 1363 935 δὲ
1420 882 1472 936 οὶ
1529 879 1748 951 Μῆδοι·
1800 881 1876 936 ob:

2009 890 2108 939 aut
2138 886 2496 957 supplicium
2532 885 2849 957 recipiet”.
2875 884 3044 940 Tales
3075 889 3268 940 autem
3303 890 3443 940 sunt
3472 883 3650 953 Medi;

245 972 544 1043 ἐλεήσουσι
580 973 648 1027 τὰ
676 973 833 1026 τέκνα
860 975 969 1026 τῶν
1017 965 1401 1041 Βαϐυλωνίων,
1434 968 1558 1025 οὐδὶ
1603 973 1894 1046 περιποιή-

239 1075 437 1127 σασθαι
487 1059 864 1132 καταδέξονται
896 1063 1027 1134 (93).
1061 1061 1213 1136 Τάχα
1264 1057 1321 1114 δὲ
1372 1060 1532 1114 τέκνα
1579 1059 1706 1122 τοὺς
1762 1081 1892 1136 καρ-

236 1151 374 1214 ποὺς
411 1151 504 1206 καὶ
555 1151 622 1206 τά
665 1152 975 1224 γεννήματα
1010 1152 1109 1214 τῆς
1149 1144 1512 1203 Βαϐυλωνίων
1563 1153 1748 1225 ψυχῆς
1800 1154 1891 1205 νῦν

236 1262 404 1320 φησιν
438 1243 475 1310 ἡ
531 1241 738 1316 Γραφή.
797 1243 1028 1294 Τοιαῦτα
1081 1237 1288 1311 νομίξω
1349 1239 1478 1292 εἶναι
1527 1238 1616 1293 καὶ
1671 1241 1737 1293 τὰ
1793 1243 1889 1294 τοῦ

237 1328 686 1405 μακαριζομένου
734 1328 882 1401 παρὰ
930 1332 1010 1399 τῷ
1067 1326 1272 1400 ψαλμῷ
1318 1327 1497 1398 τέκνα,
1529 1327 1579 1380 έν
1635 1329 1679 1400 ᾧ
1712 1330 1746 1397 ἡ
1792 1329 1887 1401 μὲν

229 1421 363 1494 γυνή
398 1421 436 1489 ἡ
473 1420 585 1492 (94)
643 1416 802 1496 σοφία
854 1416 1019 1488 έστίν,
1067 1415 1258 1483 ἥντινα
1317 1416 1618 1487 ἐκζητήσας
1666 1418 1886 1492 νύμφην

233 1509 474 1584 ἠγάγετο
533 1507 624 1561 καὶ
669 1506 916 1560 σύνοικον
975 1505 1150 1577 ἑαυτῷ
1201 1507 1228 1559 ὁ
1273 1505 1469 1580 Κύριος
1501 1509 1632 1579 (95),
1662 1507 1886 1582 γενόμε-

228 1617 312 1657 νος
346 1596 585 1672 ἐραστὴς
615 1598 712 1649 τοῦ
739 1592 984 1657 κάλλους
1010 1593 1200 1659 αὐτῆςο
1235 1595 1287 1648 οἱ
1333 1592 1389 1649 δὲ
1427 1595 1557 1664 υἱοὶ,
1582 1595 1648 1649 τὰ
1697 1598 1885 1670 γεννή-

237 1706 380 1758 ματα
411 1689 512 1739 τοῦ
543 1687 636 1739 νοῦ
685 1683 775 1738 καὶ
820 1690 921 1752 τῆς
979 1682 1165 1760 σοφίας
1215 1684 1328 1756 ἅμα
1374 1682 1718 1748 συνελθόντα.
1752 1685 1882 1760 Περὶ

226 1774 443 1829 τούτων
480 1775 634 1846 οἶμαι
665 1777 774 1827 τῶν
803 1772 1002 1827 τέκνων
1035 1773 1279 1846 εἰρῆσθαι
1311 1771 1360 1826 ἐν
1395 1778 1473 1845 τῷ
1506 1772 1620 1848 ρλς’
1650 1773 1878 1847 ψαλμῷο

227 1864 483 1938 Θυγάτηρ
571 1857 901 1923 Βαϐυλῶνος
957 1864 992 1930 ἡ
1048 1859 1418 1936 ταλαίπωρος,
1483 1862 1743 1937 μακάριος
1820 1863 1879 1925 ’ὸς

226 1949 608 2007 ἀνταποδώσει
687 1971 770 2005 σοι
851 1950 914 2004 τὸ
999 1947 1346 2022 ἀνταπόδομά
1416 1972 1536 2023 σου,
1591 1952 1619 2006 ὃ
1679 1952 1876 2006 ἀνταπ-

226 2039 442 2105 έδωκας
511 2041 670 2113 ἡμῖν.
729 2037 1008 2115 Μακάριος
1060 2039 1118 2100 ’ὸς
1170 2041 1450 2115 κρατήσει,
1507 2040 1597 2094 καὶ
1673 2039 1881 2120 έδαφιεῖ

223 2133 284 2186 τὰ
337 2131 519 2201 νήπιά
574 2151 671 2184 σου
728 2127 864 2204 πρός
914 2129 1015 2197 τὴν
1070 2129 1291 2204 πέτραν.
1325 2129 1539 2201 Ταύτην
1596 2131 1698 2206 γὰρ
1739 2152 1878 2206 προ-

225 2216 424 2275 ϐλέπει
478 2220 578 2286 τὴν
633 2219 845 2292 ἡμέραν
903 2223 1002 2286 τῆς
1063 2215 1495 2288 ἀνταποδόσεως,
1537 2220 1656 2282 καθ’
1702 2219 1762 2288 ἢν
1826 2221 1878 2274 οἱ

225 2307 410 2377 Μῆδοι
440 2309 809 2383 κρατήσαντες
838 2310 946 2361 τῶν
979 2300 1366 2379 Βαϐυλωνίων,
1400 2308 1499 2362 οὐκ
1537 2306 1876 2378 έΛεήσουσιν,

226 2397 348 2454 οὐδὲ
406 2398 496 2452 ἐπὶ
552 2402 674 2460 τοῖς
728 2398 938 2458 τέκνοις
987 2395 1162 2451 αὐτῶν
1213 2396 1485 2474 φείσονται
1518 2399 1568 2452 οἱ
1601 2399 1878 2477 ὀφθαλμοὶ

228 2489 429 2544 αὐτῶν.
466 2487 666 2542 Σκόπει
701 2483 893 2556 δὶ,ὅτι
955 2488 983 2541 ὁ
1042 2485 1263 2559 ψαλμὸς
1326 2488 1606 2562 μακαρίζει
1665 2489 1726 2544 ού
1784 2489 1876 2544 τὸν

229 2573 597 2646 ὁπωσδήποτε
643 2575 829 2630 τέκνον
888 2569 1240 2630 Βαϐυλώνιον
1297 2574 1554 2631 ἀνελόντα
1585 2580 1718 2650 (96),
1752 2577 1879 2634 ἀλλ’

225 2665 303 2721 ὅτι
362 2670 588 2739 πρῶτον
657 2665 748 2737 μὶν
812 2662 954 2727 θέλει
1008 2662 1075 2718 τά
1103 2665 1272 2734 νήπια
1302 2664 1474 2719 αὐτῶν
1510 2667 1876 2744 ἀφανίζεσθαι,

223 2757 285 2808 τὰ
314 2755 604 2828 ἀρτιγενῆ,
636 2754 712 2826 μὴ
767 2753 1126 2828 έπιτραπέντα
1174 2749 1347 2808 ἐλθεῖν
1389 2753 1466 2818 εἷς
1516 2752 1761 2827 αὔξησιν,
1787 2755 1878 2812 ’ίνα

228 2846 300 2916 μὴ
359 2843 450 2898 έπὶ
512 2842 708 2897 πλεῖον
769 2844 1002 2918 χωρήσῃ
1062 2849 1162 2912 τῆς
1195 2843 1483 2917 πονηρίαςο
1518 2841 1764 2922 δεύτερον
1798 2845 1874 2919 δί,

225 2932 305 2986 δτι
356 2928 470 3006 οὒχ
530 2927 844 3002 οἱῳδήποτε
903 2929 1092 3003 τρόπῳ
1148 2930 1514 3004 ἀναιρεθῆναι.
1575 2935 1873 3009 Μακαρίζει

223 3022 321 3096 γάρ
353 3020 452 3075 τὸν
502 3021 846 3096 κρατήσαντα
875 3021 988 3092 (97)
1031 3018 1122 3073 καὶ
1175 3022 1592 3096 περιγενόμενον
1644 3027 1711 3096 τῇ
1761 3025 1876 3079 lau-

221 3114 313 3164 τοῦ
368 3109 538 3185 σοφίᾳ
593 3115 694 3178 τῆς
751 3107 1093 3182 τεκνογονίας
1150 3113 1251 3162 τοῦ
1300 3110 1706 3184 συγκεχυμένου
1754 3117 1870 3183 νοῦ,

223 3196 365 3259 ὅστις
423 3195 750 3270 ὀνομάζεταί
807 3190 1181 3259 Βαϐυλώνιος·
1214 3191 1397 3252 ἔπειτα
1454 3195 1510 3253 δὶ
1566 3201 1873 3276 προσαράσ-

226 3307 332 3340 σων
396 3284 536 3339 αὐτὰ
588 3289 659 3358 τῇ
716 3286 907 3360 πέτρᾳ.
940 3285 1004 3340 Ἡ
1048 3287 1217 3361 πέτρα
1276 3283 1333 3340 δὶ
1386 3288 1475 3341 καὶ
1534 3287 1585 3342 έν
1642 3289 1875 3363 τούτῳὸ

227 3375 460 3450 Χριστός
492 3373 662 3432 ἐστιν.
702 3375 764 3432 Ὁ
795 3374 897 3450 γὰρ
929 3373 1238 3448 συγκρούων
1294 3376 1363 3430 τὰ
1409 3375 1586 3454 φαῦλα
1629 3375 1878 3453 δόγματα

224 3469 298 3534 τῷ
329 3462 485 3538 λόγῳ
515 3470 614 3532 τῆς
647 3461 933 3533 ἀληθείας,
970 3463 1126 3524 οὗτός
1157 3462 1298 3518 ἐστιν
1354 3465 1381 3518 ὁ
1436 3465 1503 3520 τὰ
1555 3462 1877 3524 Βαϐυλώνια

225 3556 395 3622 νήπια
424 3556 495 3626 τῇ
529 3552 699 3628 πέτρᾳ
728 3548 1136 3630 προσεδαφίζων
1169 3555 1300 3626 (98).
1338 3554 1399 3610 Et
1431 3553 1521 3609 οὖν
1565 3558 1724 3611 τέκνα
1768 3561 1874 3614 Βα-

225 3635 496 3711 ϐυλῶνος,
527 3641 596 3694 τὰ
625 3645 732 3695 τῶν
767 3638 1090 3717 ἑτεροδόξων
1118 3639 1368 3715 δόγματα
1419 3646 1721 3720 συγχέοντα
1776 3649 1874 3716 τήν

225 3731 408 3804 ψυχήν
442 3735 544 3784 τοῦ
573 3727 1045 3805 παραδεχομένου·
1081 3731 1262 3793 καλῶς
1290 3733 1351 3786 τὸ
1385 3728 1735 3789 Βαϐυλώνιον
1787 3736 1871 3790 τέ-

224 3840 342 3873 κνον
369 3820 662 3894 κρατηθὲν,
695 3817 1003 3897 έδαφίζοιτο
1033 3820 1169 3895 πρὸς
1197 3823 1296 3891 τὴν
1337 3824 1558 3897 πέτραν.

288 3911 413 3965 273.
476 3909 576 3962 Καὶ
653 3906 800 3962 ἔσται
881 3903 1163 3978 Βαϐυλὼν,
1214 3909 1250 3979 ἢ
1329 3909 1574 3966 καλεῖται
1655 3909 1869 3987 ἔνδοξος

228 3997 326 4050 ὑπὸ
406 3994 673 4070 βασιλέης
752 3993 1062 4068 Χαλδαίων,
1118 3997 1176 4053 ’όν
1253 3999 1453 4075 τρόπον
1518 4003 1868 4078 κατέστρεψεν

227 4085 252 4139 ὁ
309 4082 435 4146 Θεὸς
519 4082 744 4157 Σόδομα
797 4085 887 4139 καὶ
945 4085 1236 4161 Γόμορρα·
1296 4088 1360 4142 οὐ
1417 4093 1870 4161 κατοικηθήσεται

231 4171 307 4234 εἷς
359 4172 451 4226 τὸν
509 4173 681 4227 αἰῶνα
739 4173 969 4248 χρόνον,
1001 4171 1126 4228 οὐδὲ
1167 4176 1244 4247 μὴ
1293 4174 1604 4241 εἰσέλθωσιν
1641 4179 1716 4241 εἷς
1769 4180 1868 4236 αὐ-

221 4262 316 4329 τὴν
371 4257 463 4315 διὰ
507 4259 740 4316 πολλῶν
795 4267 1015 4337 γενεῶν,
1044 4260 1169 4318 οὐδὶ
1229 4266 1303 4337 μή
1366 4262 1650 4321 διέλθωσιν
1695 4269 1864 4339 αύτήν

223 4343 470 4422 Ἄραϐες,
536 4346 661 4404 οὐδὲ
717 4352 973 4424 ποιμένες
1021 4351 1083 4406 οὗ
1147 4353 1221 4426 μὴ
1280 4353 1686 4411 ἀναπαύσωνται
1753 4345 1868 4430 (99)

225 4435 274 4490 έν
305 4436 458 4511 αὐτῇ.
495 4437 595 4491 Καὶ
653 4437 1050 4494 ἀναπαύσονται
1108 4438 1220 4495 ἐκεῖ
1267 4442 1449 4518 θηρία,
1497 4443 1585 4499 καὶ
1644 4444 1866 4520 ἐμπλη-

2006 990 2120 1028 non
2154 975 2588 1029 miserebuntur
2637 974 2786 1030 ﬁlios
2838 975 3309 1046 Babyloniorum,
3334 990 3521 1045 neque
3550 990 3649 1030 eos

2002 1064 2195 1118 salvos
2219 1073 2271 1118 el
2299 1063 2624 1119 incolumes
2655 1064 2873 1119 servari
2905 1064 3221 1136 patientur.
3253 1067 3420 1119 Forte
3451 1071 3647 1119 autem

2004 1151 2227 1207 fructus
2258 1153 2530 1224 fetusque
2569 1152 2778 1207 animae
2823 1152 3271 1224 Babyloniorum
3305 1169 3461 1207 nunc
3486 1147 3646 1207 Scri-

2000 1245 2174 1312 ptura
2205 1241 2357 1296 filios
2400 1240 2672 1312 appellat.
2707 1240 2855 1306 Quin
2887 1242 3061 1296 etiam
3111 1239 3264 1296 filios
3294 1240 3423 1311 ejus
3453 1240 3550 1310 qui
3579 1239 3642 1295 in

1999 1329 2223 1401 psalmo
2263 1331 2615 1402 praedicatur
2646 1331 2872 1399 beatus,
2905 1330 3050 1386 tales
3080 1345 3210 1385 esse
3250 1327 3502 1385 arbitror
3531 1346 3544 1383 :
3578 1329 3639 1383 in

1999 1436 2112 1490 quo
2156 1419 2366 1475 mulier
2391 1420 2624 1498 quidem
2677 1419 2966 1490 sapientia
3012 1422 3119 1486 est,
3145 1435 3321 1490 quam
3371 1417 3636 1486 ambivit,

1996 1524 2294 1579 quamque
2325 1525 2563 1563 uxorem
2595 1507 2780 1576 duxit,
2804 1513 2860 1562 et
2889 1507 3001 1562 sibi
3022 1507 3498 1562 contubernalem
3529 1506 3639 1562 ele-

1993 1598 2080 1668 git
2113 1597 2413 1663 Dominus,
2447 1596 2904 1669 pulchritudinis
2935 1597 3061 1667 ejus
3091 1612 3290 1651 amore
3320 1600 3528 1666 captus
3549 1597 3635 1653 3‘:

1992 1685 2095 1740 ﬁlii
2128 1703 2257 1741 vero
2291 1691 2429 1741 sunt
2468 1686 2682 1740 mentis
2714 1689 2770 1740 et
2798 1685 3096 1755 sapientiai
3127 1684 3278 1739 fetus
3326 1683 3504 1739 simul
3536 1700 3637 1739 co-

1991 1783 2218 1829 euntes.
2242 1780 2319 1830 De
2351 1773 2461 1843 bis,
2498 1779 2655 1846 puto,
2690 1774 2746 1827 in
2780 1773 3007 1845 psalmo
3039 1789 3239 1828 cxxxvr
3262 1772 3482 1827 dictum
3505 1776 3632 1829 est:

1989 1865 2131 1918 Filia
2162 1864 2457 1935 Babylonis
2485 1865 2705 1930 misera,
2739 1863 2928 1918 beatus
2957 1864 3052 1934 qui
3079 1863 3345 1918 retribuet
3393 1861 3497 1916 tibi
3543 1878 3630 1916 re-

1986 1955 2346 2008 tributionem
2374 1957 2550 2021 tuam,
2573 1968 2736 2022 quam
2767 1951 3069 2006 retribuisti
3093 1952 3268 2007 nobis.
3302 1952 3507 2006 Beatus
3534 1951 3632 2022 qui

1989 2042 2207 2110 tenebit,
2240 2051 2292 2096 et
2329 2041 2531 2096 attidet
2559 2038 2830 2112 parvulos
2861 2047 2980 2095 tuos
3027 2040 3106 2096 ad
3147 2045 3366 2112 petram
3385 2040 3450 2094 ⁸⁵.
3484 2043 3635 2094 Prte-

1988 2131 2143 2186 videt
2166 2130 2456 2202 siquidem
2488 2129 2649 2184 illam
2673 2129 2816 2184 vicis
2845 2129 3227 2201 rependendas
3251 2129 3405 2184 diem
3438 2129 3496 2183 in
3521 2145 3640 2201 qua

1989 2219 2162 2286 Medi,
2183 2218 2516 2291 Babyloniis
2539 2219 2852 2290 superatis,
2879 2217 3281 2273 misericordia
3305 2218 3465 2273 nulla
3487 2235 3642 2274 com-

1991 2309 2401 2374 movebuntur,
2432 2324 2618 2379 neque
2648 2309 2912 2379 ipsorum
2938 2305 3076 2363 filiis
3098 2306 3250 2362 oculi
3281 2323 3481 2362 eorum
3508 2324 3644 2379 par-

1989 2403 2141 2454 cent.
2179 2398 2463 2454 Attendas
2510 2401 2704 2452 autem
2747 2395 2922 2451 velim
2972 2396 3270 2469 psalmum
3326 2397 3642 2468 praedicare

1988 2488 2246 2551 beatum,
2273 2505 2386 2543 non
2413 2503 2546 2542 eum
2575 2486 2674 2556 qui
2697 2502 2933 2557 quoquo
2957 2486 3128 2542 modo
3152 2484 3375 2558 prolem
3401 2486 3649 2559 Babylo-

1989 2577 2220 2631 niorum
2255 2577 2603 2632 interfecerit
2635 2593 2648 2631 :
2683 2575 2781 2631 scd
2818 2577 3076 2646 primum
3107 2575 3345 2646 quidem
3382 2575 3547 2643 velle,
3582 2579 3648 2632 ut

1989 2666 2211 2736 parvuli
2241 2682 2438 2721 eorum
2472 2682 2674 2720 recens
2718 2666 2900 2736 geniti
2932 2664 3323 2732 trucidentur,
3361 2681 3464 2720 nec
3497 2665 3638 2720 ado—

1985 2753 2205 2811 lescere
2255 2756 2689 2826 permittuntur,
2724 2770 2796 2809 ne
2845 2755 2915 2808 ad
2970 2754 3253 2824 majorem
3305 2754 3632 2825 nequitiam

1988 2845 2353 2914 perveniant;
2380 2843 2588 2899 deinde
2612 2858 2765 2908 vero,
2786 2847 2850 2897 ut
2870 2842 3017 2899 587
3053 2858 3165 2897 non
3197 2858 3428 2913 quoquo
3459 2843 3633 2898 modo

1983 2932 2415 2988 interimantur.
2449 2930 2671 2988 Etenim
2706 2947 2840 2986 eum
2873 2931 3015 2986 dicit
3047 2931 3307 2998 beatum,
3332 2930 3431 3002 qui
3463 2931 3637 2987 sobo-

1981 3029 2094 3085 lem
2129 3023 2341 3078 mentis
2373 3022 2650 3086 confusae,
2676 3037 2806 3092 quze
2829 3018 3142 3090 Babylonia
3171 3019 3404 3091 dicitur,
3433 3023 3638 3076 tenue-

1983 3116 2078 3183 rit,
2110 3119 2167 3169 et
2195 3129 2298 3184 pro
2327 3129 2434 3167 sua
2463 3110 2751 3182 sapientia
2779 3108 2839 3163 in
2879 3112 3234 3181 potestatem
3268 3125 3437 3165 suam
3470 3109 3638 3165 rede-

1983 3204 2149 3275 gerit,
2179 3219 2244 3257 ac
2274 3201 2546 3272 deinceps
2572 3217 2672 3255 eos
2693 3200 2764 3253 ad
2797 3203 3022 3270 petram
3056 3197 3320 3254 alliserit.
3344 3198 3476 3254 Jam
3498 3213 3636 3254 vero

1987 3292 2081 3347 hic
2111 3291 2287 3347 etiam
2323 3295 2493 3360 petrae
2518 3286 2756 3344 nomine
2784 3285 3200 3358 intelligendus
3227 3291 3317 3342 est
3345 3286 3637 3342 Christus.

1987 3380 2094 3444 Qui
2127 3379 2278 3434 enim
2313 3379 2585 3447 dogmata
2615 3391 2793 3448 prava
2823 3390 2954 3429 cum
2984 3375 3159 3430 verbo
3188 3373 3450 3429 veritatis
3485 3372 3643 3429 colli-

1987 3469 2092 3535 dit,
2117 3469 2167 3524 is
2191 3466 2503 3537 Babylonis
2536 3465 2790 3520 infantes
2821 3462 3012 3519 allidit
3031 3463 3100 3518 ad
3125 3468 3371 3535 petram.
3391 3463 3641 3520 Proinde

1985 3558 2034 3613 si
2070 3573 2170 3629 per
2208 3554 2518 3627 Babylonis
2569 3554 2721 3609 filios
2769 3552 3178 3624 significentur
3231 3552 3639 3608 haereticorum

1983 3647 2282 3718 dogmata,
2337 3662 2463 3717 quae
2512 3643 2777 3698 animum
2836 3641 3179 3712 excipientis
3238 3642 3633 3713 perturbant:

1975 3737 2109 3806 jure
2140 3734 2360 3807 optimo
2394 3732 2552 3788 filius
2582 3730 2941 3803 Babylonius
2971 3730 3397 3802 apprehensus,
3429 3731 3497 3786 ad
3534 3746 3635 3802 pe-

1982 3829 2131 3879 tram
2166 3823 2457 3878 allidetur.

2049 3913 2176 3967 273.
2208 3911 2385 3966 Vens.
2421 3909 2608 3964 19-22.
2661 3910 2729 3962 Et
2773 3909 2884 3962 erit
2934 3907 3198 3978 Babylon,
3242 3922 3367 3978 qua
3409 3911 3635 3963 vocatur

1980 4001 2186 4072 inclyta
2216 4017 2249 4056 a
2280 4014 2408 4068 rege
2438 3997 2848 4062 Chaldaeorum,
2882 3996 3335 4066 quemadmodum
3366 3997 3635 4053 subvertit

1977 4093 2120 4147 Deus
2166 4089 2452 4144 Sodomam
2494 4095 2548 4142 et
2595 4085 2955 4141 Gomorrham
2987 4102 3006 4139 :
3038 4101 3148 4139 non
3197 4085 3542 4140 habitabitur
3571 4087 3634 4141 in

1978 4190 2245 4237 aeternum
2273 4181 2506 4248 tempus,
2527 4190 2702 4246 neque
2723 4173 3111 4243 ingredientur
3131 4175 3190 4229 in
3225 4189 3346 4229 eam
3370 4190 3473 4245 per
3491 4175 3636 4230 mul-

1975 4276 2059 4327 tas
2089 4270 2488 4344 generationes,
2520 4281 2692 4337 neque
2734 4265 3048 4321 transibunt
3094 4280 3193 4336 per
3241 4281 3363 4320 eam
3410 4265 3634 4338 Arabes,

1974 4375 2155 4430 neque
2182 4369 2431 4427 pastores
2481 4357 2821 4426 requiescant
2852 4357 2912 4409 in
2956 4369 3040 4410 ea.
3073 4355 3137 4409 Et
3185 4354 3525 4411 accubabant
3552 4348 3640 4412 ibi

1979 4450 2198 4509 bestiae;
2249 4457 2303 4504 et
2360 4445 2714 4518 replebantar
2768 4443 2959 4499 domus
3016 4445 3220 4500 sonitu.
3269 4445 3336 4500 Et
3381 4446 3633 4518 requies-

227 4527 515 4597 σθήσονται
574 4527 630 4581 αἱ
677 4526 872 4582 οἶκείαι
930 4525 1100 4604 ἤχου,
1151 4531 1240 4606 καὶ
1298 4531 1693 4590 ἀναπαύσονται
1759 4535 1870 4592 ἐκεῖ

1993 4542 2100 4593 :ent
2132 4537 2214 4594 ibi
2262 4538 2500 4606 sirenes,
2531 4537 2580 4590 et
2627 4533 2906 4591 daemonia
2937 4533 3017 4588 ibi
3039 4532 3356 4600 saltabant;
3402 4538 3453 4590 et
3500 4550 3631 4593 ono-

287 4727 330 4763 ⁸³
356 4731 534 4785 Maro.
566 4745 644 4798 ιν,
675 4730 766 4788 24.
843 4731 890 4767 ³⁸
917 4731 1070 4790 Psal.
1103 4749 1255 4806 xmv,
1289 4736 1374 4791 12.
1451 4737 1496 4772 ⁸⁸
1524 4737 1679 4796 Psal.
1711 4756 1935 4809 cxxxvr,
1969 4741 2024 4813 8,
2051 4740 2108 4796 9.

296 4921 399 5005 (93)
423 4924 669 5005 Antiqui
700 4943 802 4984 sex
849 4929 1006 4998 libri,
1037 4925 1454 5005 καταδέχονται.
1497 4934 1674 5002 Editi,
1709 4953 1870 4989 κατα-

236 4987 480 5066 δέξονται,
515 4987 751 5054 melius.

256 5066 403 5154 Ἆρά)
433 5069 738 5154 Articulus
777 5071 1015 5128 additus
1066 5076 1157 5130 est
1203 5078 1337 5130 ante
1365 5091 1562 5131 vocem
1611 5075 1775 5154 σοφία
1804 5095 1874 5134 ex

233 5134 393 5192 libris
417 5142 735 5198 veteribus.

285 5207 402 5291 ¹(95)
435 5212 586 5291 Editi
619 5221 676 5268 et
705 5219 827 5270 tres
850 5232 1017 5283 mss.,
1051 5215 1079 5291 ό
1112 5211 1338 5284 δίκαιος,
1353 5218 1540 5288 justus
1567 5220 1870 5286 pulchritu-

235 5276 377 5364 dinis
403 5284 522 5364 ejus
550 5301 750 5364 amore
786 5276 1110 5364 captu{.'At_
1135 5276 1380 5364 uterque
1409 5276 1587 5364 ‘Colb'.
1621 5298 1677 5346 et
1725 5293 1865 5364 Reg.

234 5355 537 5422 secundus,
589 5355 617 5409 ὁ
677 5355 898 5435 Κύριος,
954 5360 1217 5435 Dominus
1271 5355 1700 5435 putchrituttinis
1753 5355 1870 5435 ejus

235 5435 406 5506 amore
431 5435 651 5506 captus,
684 5435 753 5506 ut
802 5430 860 5486 in
909 5435 1092 5506 textu.
1126 5430 1441 5506 Procopius
1473 5435 1708 5506 quidem
1750 5430 1868 5491 lec-

235 5494 578 5577 tioniApriori
613 5499 763 5577 favet
792 5518 923 5574 pag.
954 5504 1213 5577 216,_sed
1257 5494 1451 5577 tamen
1486 5494 1868 5577 posteriorem

237 5572 497 5688 grestare
548 5572 910 5638 censuimus,
960 5574 1115 5645 quod
1169 5576 1422 5648 scriptor
1469 5572 1757 5650 respicere
1785 5580 1869 5636 vi-

272 5643 432 5688 estur
467 5640 543 5688 ad
572 5659 806 5688 var-Imm
859 5646 928 5688 49.
975 5644 1183 5688 nnnlmi
1215 5663 1346 5688 νην
1377 5665 1390 5680 ο
1429 5651 1487 5688 ιν
1533 5652 1869 5688 annm-nimo!

272 5643 432 5723 estur
467 5640 543 5695 ad
572 5659 810 5723 versum
859 5646 928 5700 12
975 5640 1185 5723 psalmi
1215 5640 1346 5703 xniv
1377 5665 1390 5704 :
1424 5651 1487 5723 ξι
1531 5640 1872 5723 concupiscet

241 5722 334 5764 rex
358 5709 606 5772 decorem
631 5719 792 5774 tuum
821 5735 841 5775 :
870 5709 1131 5790 quoniam
1158 5719 1273 5790 ipse
1304 5727 1386 5776 est
1421 5721 1690 5780 Dominus
1701 5709 1870 5781 'Deus

1981 4945 2127 5003 tuus,
2158 4944 2212 4991 et
2242 4933 2549 4990 adorabunt
2576 4947 2721 4988 eum.

2052 5000 2290 5079 (96),Si_o
2314 5007 2567 5079 codices
2587 5004 2865 5079 quinque.
2897 5000 3053 5057 Editi
3096 5005 3152 5058 et
3201 5003 3341 5074 Reg.
3375 5003 3628 5076 primus,

1979 5071 2134 5133 τέκνα
2149 5071 2422 5132 ’ἀνελόντα
2453 5071 2798 5131 Βαϐυλώνια.

2053 5152 2164 5222 (97)
2197 5153 2281 5206 Ita
2327 5166 2467 5222 mss.
2503 5164 2707 5222 omnes
2760 5143 2934 5213 Editi,
2965 5141 3056 5222 τὸν
3106 5145 3465 5222 κρατήσαντα.
3499 5147 3631 5222 Mox

1980 5214 2096 5278 tres
2132 5214 2298 5288 mss,
2332 5215 2516 5275 ἔπειτα
2566 5216 2849 5290 BLDeest
2891 5215 3094 5290 vocula
3144 5214 3200 5270 δέ
3248 5214 3305 5272 in
3353 5218 3627 5290 vulgatis.

1981 5294 2200 5350 Ibidem
2235 5284 2397 5357 editi,
2429 5289 2821 5364 προσαράσσων
2853 5284 3036 5364 αὐτόνἒ
3063 5287 3200 5364 Reg.
3230 5284 3633 5361 primusﬁon.

1983 5304 2200 5350 ibidem
2235 5304 2397 5357 eum,
2429 5312 2468 5345 π
2509 5304 2821 5364 οσαρασσων
2853 5304 3035 5341 αυτον.
3064 5304 3205 5414 ηεξῆὶ
3230 5305 3474 5361 primus,
3497 5305 3627 5343 con-

1979 5372 2209 5449 tra_ac_
2237 5365 2394 5449 dixit
2449 5311 2865 5449 gombeﬁsiusg
2901 5357 3137 5449 αὐτιῴνὶ-
3208 5377 3296 5433 eg.
3359 5363 3627 5431 quartus,

1980 5437 2148 5508 αὐτῷ,
2183 5437 2297 5492 Alii
2330 5441 2584 5509 quatuor
2613 5451 2781 5509 mss”
2810 5432 2964 5509 uerat,
2997 5432 3160 5509 bene.

2052 5498 2161 5578 (9'8)
2189 5498 2426 5566 Veteres
2458 5507 2679 5578 aliquot
2710 5498 2865 5578 libri,
2899 5498 3223 5578 έδαφίζεται,

2052 5513 2139 5576 (98
2190 5513 2426 5566 Veteres
2458 5513 2679 5578 aliquot
2710 5513 2865 5572 libri,
2899 5513 3223 5574 εοαφιζεται.
3309 5570 3320 5583 .

2051 5513 2164 5653 (99)
2195 5581 2445 5653 codices
2462 5580 2739 5652 quinque,
2763 5570 3192 5629 ἀναπαύσωνται.
3221 5571 3371 5627 Edlti
3401 5575 3458 5628 et
3479 5576 3622 5647 Reg.

1977 5649 2212 5720 tertius,
2244 5649 2657 5708 ἀναπαύσονται.
