4134 6224
287 353 396 414 601

1115 351 1527 418 COMMENT.
1571 353 1650 415 IN
1695 355 1972 418 ISAIAM
2016 357 2522 421 PROPHETAM.
2573 362 2744 422 CAP.
2791 361 2949 423 XIII.

3591 365 3712 426 603

292 480 345 534 ἕν
375 483 493 540 τοῖς
544 477 721 540 οἷ’κοις
778 477 979 538 αὐτῶν,
1019 485 1279 556 Σειρῆνας
1313 483 1340 536 ὁ
1374 482 1468 555 μὲν
1527 480 1716 552 ἔξωθεν
1777 480 1940 559 λόγος

2056 487 2114 543 in
2157 489 2407 545 domibus
2439 506 2648 546 eorum.
2680 491 2966 547 Externus
2997 492 3234 563 quidem
3289 509 3483 549 sermo
3529 493 3718 556 tradit

295 565 648 642 παραδέδωκε
680 570 757 640 (8)
805 567 1063 643 γυναῖκάς
1113 590 1259 632 τινας
1313 567 1704 643 μελῳδούσας’
1760 570 1944 627 ἐνταῦ-

299 671 363 720 θα
398 657 455 711 δὲ
487 655 762 730 δαιμόνων
805 656 975 712 ἔοικεν
1023 654 1196 731 ὄνομα
1244 659 1400 730 εἶναι,
1432 657 1516 713 διὸ
1567 660 1800 722 Ἀκύλας
1852 662 1946 724 τὰς

296 755 548 818 σειρῆνας
608 746 1132 820 στρουθοκαμήλους
1192 749 1325 804 εἶπε.
1389 747 1708 821 Φιλέρημον
1771 747 1828 804 δὶ
1883 751 1944 805 τὸ

293 841 459 904 ζῶον,
494 835 585 890 καὶ
614 842 731 898 ταῖς
783 836 1152 913 ἆγονωτάταις
1200 837 1470 910 ψάμμοις,
1507 837 1580 899 ὡς
1628 839 1694 892 τὰ
1739 838 1943 908 πολλὰ,

289 922 638 1002 ἐμφωλεῦον.
675 927 789 994 Τήν
823 924 911 979 οὖν
949 920 1258 1000 ὑπερϐολὴν
1302 927 1402 994 τῆς
1453 925 1684 1002 ἐρημίας
1726 928 1754 982 ὁ
1785 925 1946 1002 λόγος

292 1011 388 1067 διὰ
416 1021 516 1083 τῆς
537 1018 643 1068 τῶν
677 1016 1182 1089 στρουθοκαμηλων
1214 1013 1535 1086 σκηνώσεως
1581 1011 1942 1089 παραδίδωσι.

287 1102 428 1164 Τοὺς
480 1100 536 1158 δὶ
587 1101 1031 1179 όνοκινταύρους,
1062 1102 1154 1166 οὓς
1200 1103 1351 1158 εἶπον
1408 1104 1459 1158 οἱ
1511 1098 1944 1176 Έϐδομήκοντα,

287 1196 628 1266 τριχιῶντας
686 1195 761 1264 (9)
821 1191 1097 1264 ὠνόμασεν
1159 1194 1188 1247 ὁ
1246 1191 1497 1254 Ἀκύλας.
1557 1193 1840 1266 Δαιμόνιον
1894 1215 1945 1247 τι

287 1279 451 1352 γένος
510 1274 652 1334 ἔοικε
693 1285 979 1356 παριστᾷν,
1021 1279 1258 1335 κάθυλον
1304 1280 1395 1335 καὶ
1446 1280 1826 1353 έσκοτισμένον
1875 1285 1945 1356 τῇ

290 1367 604 1445 ἐπιφανείᾳ,
639 1370 712 1423 ὧν
745 1367 899 1445 ἔργον
933 1369 1043 1424 ἐστὶ
1089 1369 1156 1424 τὰ
1184 1369 1411 1424 ἄστατον
1446 1371 1580 1444 (10),
1610 1370 1700 1424 καὶ
1729 1370 1791 1424 τὸ
1841 1393 1949 1444 μη-

289 1455 493 1512 δέποτε
523 1458 717 1512 ἑστῶσι
749 1464 863 1520 τοῖς
893 1458 1020 1513 ποσὶ
1055 1460 1194 1531 μήτε
1240 1462 1307 1532 τῇ
1357 1457 1566 1530 διανοίᾳ
1619 1466 1945 1535 κεχρῆσθαι.

290 1547 395 1598 Καὶ
482 1543 865 1622 όνοκένταυροι
941 1545 1052 1601 ἐκεῖ
1123 1549 1532 1619 κατοικήσουσι.
1621 1549 1717 1602 Καὶ
1787 1553 1946 1603 τοῦτο

283 1631 482 1712 ἕτερον
514 1633 656 1700 εἶδος
687 1634 960 1710 δαιμόνων
992 1634 1161 1691 ἔοικεν
1195 1639 1229 1706 ἡ
1263 1637 1449 1712 Γραφὴ
1499 1642 1782 1713 παριστᾷν,
1815 1638 1946 1713 ὅπερ

286 1723 440 1778 Σίειν
488 1724 797 1798 ὠνόμασαν,
835 1725 1000 1795 αὐτὴν
1052 1726 1150 1794 τὴν
1203 1719 1497 1801 Ἐϐραϊκήν
1543 1727 1728 1801 φωνὴν
1783 1748 1947 1800 μετα-

291 1813 473 1874 Θέντες
508 1817 620 1886 (11)
651 1815 703 1868 οἱ
735 1811 944 1868 λοιποί.
979 1815 1119 1869 Ἐκεῖ
1153 1810 1212 1868 δὲ
1241 1813 1331 1868 καὶ
1362 1812 1562 1889 ἐχῖνοι,
1616 1813 1769 1890 φησὶ,
1818 1813 1947 1878 τοὺς

291 1899 482 1962 οἷ’κους
543 1900 717 1956 αὐτῶν
749 1903 860 1975 (12)
919 1904 1230 1972 ποιήσουσι.
1261 1903 1441 1956 Ηάντα
1498 1900 1782 1980 φιλέρημα
1833 1907 1943 1970 ζῶα

291 1987 567 2064 διηγεῖται
600 1991 627 2044 ὁ
657 1991 847 2058 τόπος,
881 1991 956 2054 ὡς
1015 1989 1479 2063 οἷκειωθησόμενα
1529 1995 1598 2064 τῇ
1654 1986 1938 2048 Βαϐυλῶνι

296 2078 431 2150 μετά
457 2080 557 2148 τὴν
593 2077 685 2154 ἐρή
699 2100 898 2153 μωσιν.

363 2170 490 2224 275.
534 2167 692 2243 Ταχὺ
752 2165 994 2244 ἔρχεται,
1026 2168 1116 2222 καὶ
1168 2167 1229 2223 ού
1285 2174 1521 2244 χρονιεῖ,
1563 2169 1651 2223 καὶ
1694 2169 1747 2222 αἱ
1797 2171 1942 2241 ἡμέ-

292 2277 384 2332 ραι
432 2255 600 2326 αὐτῆς
661 2255 721 2310 ού
782 2257 859 2329 μή
919 2256 1338 2334 ἐφελκυσοῶσιν.
1374 2257 1732 2331 Ἠπειγμίνην
1791 2256 1939 2333 λέγει

292 2347 394 2414 τήν
446 2346 824 2422 καταστροφὴν
856 2352 955 2415 τῆς
1007 2340 1358 2414 Βαϐυλῶνος,
1389 2345 1478 2400 καὶ
1519 2343 1779 2418 οὐδεμίαν
1839 2368 1940 2402 πα-

293 2437 515 2509 ράτασιν
588 2438 693 2488 τῶν
763 2434 1176 2508 ἠπειλημένων.
1229 2432 1453 2503 Ἐπειδή
1513 2431 1570 2488 δὲ
1645 2434 1939 2506 ἠπείληται

291 2523 751 2598 καταστρέφεσθαι
811 2519 1073 2580 Βαϐυλὼν
1125 2524 1198 2586 ὡς
1255 2522 1498 2597 Σόδομα,
1548 2521 1744 2578 εἰδέναι
1793 2527 1940 2597 ἡμᾶς

293 2609 395 2681 δεῖ,
429 2611 514 2666 ὅτι
545 2610 753 2667 πολλαὶ
785 2613 840 2666 αἱ
871 2612 1155 2687 ἑρμηνεῖαι
1201 2613 1298 2666 τοῦ
1355 2612 1622 2685 ὀνόματος
1654 2610 1939 2688 Σοδόμων.

288 2699 682 2773 Ἐρμηνεύεται
739 2700 838 2777 γὰρ
894 2701 958 2755 τὸ
1014 2701 1142 2755 αὐτὸ
1177 2698 1350 2774 ὄνομα
1401 2701 1490 2756 καὶ
1521 2701 1818 2779 τύφλωσις,
1851 2702 1940 2756 καὶ

291 2791 606 2864 στείρωσις,
663 2791 752 2846 καὶ
812 2792 1016 2847 έστῶσα
1083 2793 1286 2860 σιωπὴ,
1344 2792 1434 2846 καὶ
1513 2791 1795 2865 ὁμοίωμα,
1851 2792 1941 2846 καὶ

291 2874 558 2949 ἕκκλησις
588 2882 720 2953 (13),
752 2880 840 2935 καὶ
891 2878 1145 2953 θεμέλιος
1194 2881 1394 2935 αὐτῶν.
1428 2880 1681 2956 Γόμοῤῥα
1729 2878 1785 2935 δὲ
1843 2901 1940 2953 με·

292 2963 704 3040 ταλαμϐάνεται
749 2967 824 3030 εἰς
877 2969 1071 3044 μέτρον
1120 2969 1209 3024 καὶ
1256 2969 1331 3032 εἰς
1365 2971 1568 3023 στάσιν.
1601 2970 1822 3025 Πάντων
1883 2966 1941 3024 δὲ

297 3056 410 3132 οὐχ
459 3059 700 3132 ἡγοῦμαι
754 3058 979 3134 χρῄζειν
1035 3061 1127 3114 τὸν
1187 3056 1526 3133 βουλόμενον
1589 3057 1938 3133 έρμηνεῦσαι,

289 3149 414 3205 πῶς
455 3147 489 3214 ἡ
523 3141 783 3202 Βαϐυλὼν
830 3147 1045 3220 ὁμοίως
1091 3144 1360 3220 Σοδόμοις
1419 3149 1936 3224 καταστραφήσεται.

1975 1862 2022 1928 Β

2057 575 2280 632 sirenes
2311 578 2588 634 mulieres
2620 579 2800 634 fuisse
2840 581 3187 636 suavissime
3218 587 3518 638 cantantes
3553 600 3566 638 :
3602 585 3702 640 sed

2059 665 2151 719 hic
2186 667 2297 720 isto
2325 667 2560 722 nomine
2591 667 2836 722 indicari
2869 670 3137 724 videntur
3165 673 3488 737 daemones;
3522 689 3704 742 quare

2056 753 2297 824 Aquilae
2330 756 2552 810 sirenes
2582 757 3073 813 struthocamelos
3101 759 3288 813 dixit:
3323 758 3470 813 Illud
3506 766 3702 816 autem

2056 843 2274 897 animal
2299 861 2505 900 amans
2529 851 2616 900 est
2639 845 3190 918 solitudinis,atque
3213 853 3273 901 ut
3297 846 3616 918 plurimum
3643 849 3703 902 in

2057 933 2246 987 arenis
2277 934 2666 989 sterilissimis
2690 935 2897 988 latitat.
2921 937 3219 1006 Scriptura
3252 936 3432 1007 igitur
3462 938 3706 992 vastita-

2055 1021 2131 1075 tis
2163 1024 2629 1093 magnitudinem
2662 1024 2936 1095 cxprimit
2975 1042 3076 1095 per
3105 1025 3702 1081 struthocamelorum

2056 1108 2502 1166 habitationem.
2535 1113 2646 1167 Eos
2687 1117 2880 1166 autem
2925 1130 3070 1184 quos
3102 1120 3531 1169 onocentauros
3559 1120 3702 1186 Sep-

2055 1203 2325 1270 tuaginta
2348 1201 2774 1270 dixere,pilosos
2814 1202 3140 1257 nominavit
3180 1202 3706 1273 Aquilus.Videtur

2056 1285 2385 1357 signiﬁcare
2413 1290 2704 1358 quoddam
2730 1292 3060 1345 daemonum
3092 1307 3276 1362 genus
3306 1293 3610 1347 sordidum
3643 1297 3704 1348 et

2057 1379 2289 1445 aspectu
2325 1376 2774 1443 tenebricosum,
2809 1394 3056 1448 quorum
3092 1397 3307 1435 munus
3332 1387 3421 1435 est
3450 1380 3701 1436 instabi-

2057 1462 2141 1517 les
2185 1479 2333 1532 esse,
2371 1479 2469 1519 nec
2519 1481 2779 1535 unquam
2822 1467 3010 1520 ﬁrmis
3061 1468 3306 1537 pedibus
3356 1475 3454 1523 aut
3503 1476 3697 1526 mente

2057 1552 2163 1606 uti.
2201 1555 2263 1607 Et
2302 1555 2660 1608 onocentauri
2708 1555 2827 1608 illic
2874 1555 3216 1610 habitabant.
3255 1557 3440 1612 Alium
3493 1574 3702 1616 rursus

2055 1639 2324 1696 exhibere
2382 1643 2611 1697 videtur
2672 1642 2976 1714 Scriptura
3031 1645 3364 1699 dmmonum
3421 1647 3700 1717 speciem,

2054 1746 2230 1800 quam
2273 1729 2480 1801 reliqui
2531 1731 2904 1786 nominavere
2955 1733 3096 1798 Siz’n,
3133 1732 3319 1802 ipsam
3351 1751 3548 1790 vocem
3591 1735 3703 1791 He-

2055 1819 2310 1874 braicam
2372 1821 2486 1874 huc
2540 1821 2978 1876 transferentes.
3027 1822 3175 1886 Quin
3234 1823 3432 1888 etiam,
3482 1823 3702 1894 inquit,

2054 1906 2170 1961 illic
2199 1907 2490 1964 herinacei
2513 1909 2718 1965 domos
2750 1926 2890 1965 suas
2922 1909 3152 1965 facient.
3179 1910 3472 1966 Animalia
3502 1913 3703 1968 omnia

2052 2011 2179 2066 quae
2211 1995 2304 2050 hic
2335 1996 2498 2051 locus
2531 2003 2730 2052 narrat
2759 1998 3092 2054 habitatura
3122 2016 3251 2054 esse
3303 2000 3360 2054 in
3411 1999 3703 2072 Babylone

2051 2091 2183 2156 post
2210 2085 2566 2154 vastitatem,
2599 2085 2976 2142 solitudinem
3018 2093 3236 2142 amant.

2121 2176 2244 2228 275.
2281 2174 2398 2230 Cito
2427 2178 2625 2242 veniet,
2654 2180 2709 2230 et
2746 2192 2856 2230 non
2903 2177 3168 2243 tardabit,
3202 2185 3255 2232 et
3298 2177 3414 2232 (tie:
3441 2179 3558 2249 ejus
3587 2194 3699 2234 non

2051 2263 2474 2332 elongabuntur.
2510 2265 2601 2317 Ait
2671 2264 2980 2336 Babylonis
3039 2267 3396 2321 eversionem
3453 2267 3696 2338 instare,

2051 2351 2392 2424 nullamque
2424 2354 2542 2408 fore
2576 2352 2864 2408 malorum
2887 2355 3306 2410 intentatorum
3331 2355 3699 2412 dilationem.

2050 2441 2193 2504 Quia
2223 2458 2353 2496 vero
2385 2442 2740 2496 comminata
2759 2447 2848 2497 est
2867 2442 3167 2513 Scriptura
3189 2442 3542 2516 Babylonem
3574 2449 3700 2500 tan-

2051 2546 2228 2600 quam
2276 2531 2528 2584 Sodoma
2578 2531 2841 2585 dirutum
2898 2531 2988 2597 iri,
3022 2531 3324 2587 sciendum
3386 2533 3553 2588 nobis
3612 2538 3701 2589 est

2051 2634 2262 2673 nomen
2292 2618 2544 2674 Sodoma
2575 2619 2794 2674 multas
2819 2620 3129 2674 admittere
3162 2621 3699 2692 interpretationes.

2049 2705 2195 2761 Nam
2222 2707 2378 2761 idem
2406 2723 2642 2774 nomen,
2662 2706 2710 2762 si
2742 2707 3170 2778 interpreteris,
3192 2715 3360 2763 sonat
3383 2712 3701 2780 eaecitatem,

2049 2795 2416 2860 sterilitatem,
2463 2800 2715 2851 constans
2763 2797 3072 2865 silentium,
3101 2798 3542 2863 similitudinem,
3575 2813 3700 2853 evo-

2048 2885 2321 2938 cationem
2361 2892 2419 2938 et
2467 2884 2892 2954 fundamentum
2945 2901 3152 2940 eorum.
3187 2885 3510 2940 Gomorrha
3567 2901 3700 2940 vero

2047 2971 2332 3043 accipitur
2361 2989 2462 3043 pro
2495 2989 2753 3028 mensura
2800 2979 2857 3028 et
2884 2973 3177 3028 seditione.
3230 2973 3446 3028 Verum
3479 2977 3527 3028 si
3558 2975 3695 3044 quis

2049 3061 2188 3115 velit
2211 3061 2578 3133 interpretari
2601 3062 2893 3133 quomodo
2914 3061 3166 3134 Babylon
3185 3078 3348 3133 aeque
3366 3079 3432 3117 ac
3448 3063 3702 3118 Sodoma

2053 3149 2315 3206 funditus
2346 3150 2595 3206 delenda
2625 3152 2723 3216 sit,
2750 3150 2895 3205 nihil
2928 3150 3003 3214 ei,
3025 3151 3251 3220 Opinor,
3274 3167 3422 3222 opus
3455 3157 3547 3206 est
3574 3167 3702 3206 om-

289 3235 481 3288 Ἒοικε
509 3235 608 3308 γὰρ
642 3235 669 3288 ὁ
700 3235 849 3301 Θεὸς,
883 3234 1171 3311 εὐεργετῶν
1203 3235 1332 3298 τοὺς
1385 3236 1936 3312 καταστρεψαμένους,

2056 3239 2227 3294 nibus
2250 3238 2342 3294 his
2366 3239 2969 3311 interpretationibus.
2996 3239 3149 3294 Deus
3169 3239 3323 3294 enim
3348 3255 3476 3294 eam
3500 3240 3559 3294 in
3583 3256 3704 3294 mo-

286 3329 705 3399 καταστρέφειν,
757 3325 832 3387 ὡς
881 3324 1064 3401 ἷάτρὸς
1099 3323 1445 3403 τυφλότηταο
1496 3327 1838 3400 καταστροφή
1890 3322 1946 3380 δὲ

286 3410 660 3490 τυφλότητος,
718 3403 955 3488 δράσεως
1015 3413 1186 3489 ἀρχή.
1248 3415 1352 3471 Καὶ
1429 3413 1780 3490 καταστρέφει
1834 3416 1946 3488 (14)

290 3499 724 3574 στείρωσιν,’ίνα
773 3503 872 3571 τήν
923 3501 1141 3577 ἀγονίαν
1194 3501 1466 3573 ἐξελάσας,
1500 3502 1796 3577 χαρίσηται
1852 3501 1947 3557 αύ-

291 3596 414 3652 τοῖς
449 3592 764 3664 γεννήματα
821 3589 990 3668 ἔργων
1040 3588 1408 3661 δικαιοσύνης.
1439 3591 1536 3645 Καὶ
1585 3591 1684 3660 τὴν
1734 3592 1945 3661 σιωπήν

291 3681 395 3748 τὴν
433 3679 670 3733 ἑστῶσαν
702 3681 1073 3758 καταστρέφει,
1117 3678 1206 3734 *ἶνα
1235 3678 1399 3754 λόγον
1442 3675 1657 3753 ἐμϐάλῃ
1706 3677 1948 3756 καρδίαις

293 3768 435 3843 πρὸς
484 3767 550 3821 τὸ
595 3765 833 3838 δοξάζειν
861 3769 954 3823 τὸν
996 3769 1147 3824 Θεόν.
1185 3769 1292 3824 Καὶ
1326 3767 1582 3845 Γόμορρα
1635 3767 1726 3823 οὗν
1785 3789 1944 3824 κατα-

293 3856 542 3933 στρέφων
592 3853 800 3928 (ἐπειδὴ
854 3855 1134 3934 ἀμφότερα
1192 3855 1546 3933 ἑρμηνεύεται
1605 3857 1694 3911 καὶ
1747 3857 1938 3930 μέτρον

291 3945 382 3998 καὶ
418 3946 608 4006 στάσις
634 3944 699 3998 τὰ
731 3944 1027 4020 Γόμορρα),
1057 3947 1158 4014 τὴν
1192 3944 1375 4000 στάσιν
1416 3947 1515 4013 τὴν
1559 3945 1612 4000 ἐν
1661 3945 1799 4020 αύτῇ
1857 3946 1946 4000 καὶ

290 4036 394 4101 τήν
436 4034 688 4109 ταραχὴν
751 4040 1016 4108 καθαιρεῖ,
1048 4031 1140 4088 ἵνα
1189 4035 1240 4089 οἱ
1309 4036 1706 4104 στασιάζοντες,
1752 4033 1840 4089 καὶ
1892 4034 1944 4090 ὲν

292 4125 360 4194 τῇ
409 4121 732 4176 καταπάσαι
781 4125 848 4195 τῇ
904 4122 1131 4194 ἐναντίᾳ,
1165 4126 1263 4193 τῆς
1318 4123 1564 4197 εἰρήνης,
1616 4119 1784 4193 ὄντες,
1819 4121 1944 4198 βελ-

291 4214 560 4274 τιωθῶσι.
594 4215 703 4272 Πᾶς
737 4207 794 4265 δὲ
825 4211 853 4265 ὁ
901 4211 968 4265 τὰ
1012 4219 1114 4280 τῆς
1164 4211 1419 4287 γενέσεως
1473 4214 1764 4287 πράγματα
1813 4212 1948 4266 ἀπο-

293 4298 622 4374 δεχόμενος,
655 4300 744 4354 καὶ
791 4299 1029 4376 ἀνάγκην
1066 4301 1152 4355 καὶ
1207 4301 1541 4376 εἱμαρμένην
1586 4303 1675 4354 καὶ
1733 4320 1949 4372 πεπρω-

297 4389 468 4461 μένην
530 4383 866 4460 πρεσϐεύων,
908 4387 999 4443 καὶ
1055 4389 1118 4443 τὸ
1171 4388 1296 4443 ὅσον
1356 4387 1438 4467 ἐφ’
1493 4388 1666 4460 ἑαυτῷ
1719 4386 1807 4442 διὰ
1849 4395 1950 4459 τῆς

2055 3328 2192 3382 dum
2231 3328 2457 3393 medici,
2483 3329 2580 3400 qui
2611 3329 2929 3384 caecitatem
2964 3332 3148 3396 curat,
3173 3328 3401 3382 videtur
3424 3334 3704 3396 evertere,

2058 3422 2123 3469 ut
2153 3417 2452 3473 beneficiis
2499 3417 2718 3473 alliciat
2755 3433 3006 3472 eversos.
3043 3417 3142 3471 Est
3189 3421 3385 3471 autem
3434 3416 3707 3472 caecitatis

2058 3507 2278 3560 eversio
2318 3506 2549 3562 initium
2581 3506 2838 3561 videndi.
2863 3506 3012 3569 Quin
3059 3505 3233 3559 etiam
3267 3521 3298 3560 e
3329 3506 3523 3561 medio
3555 3505 3710 3562 tollit

2057 3593 2450 3664 sterilitatem,
2478 3599 2543 3649 ut
2570 3594 2840 3666 ablegata
2886 3600 2943 3648 et
2989 3593 3232 3665 expulsa
3263 3593 3706 3665 infecunditate,

2057 3681 2140 3736 eis
2173 3683 2425 3737 fructum
2459 3699 2698 3754 operum
2719 3683 2965 3753 justitiae
2998 3681 3302 3753 largiatur.
3328 3682 3588 3738 Destruit
3617 3684 3710 3738 iti-

2057 3771 2189 3824 dem
2222 3776 2502 3825 constans
2535 3771 2860 3838 silentium,
2896 3776 2955 3825 ut
2989 3787 3317 3825 sermonem
3352 3771 3421 3824 ad
3455 3771 3704 3842 gloriam

2057 3863 2171 3913 Deo
2198 3860 2451 3912 dandam
2500 3858 2559 3912 in
2599 3861 2774 3913 corda
2804 3859 3104 3913 immittat.
3135 3862 3324 3930 Atque
3372 3859 3516 3913 adeo
3569 3875 3705 3914 cum

2057 3945 2438 4002 Gomorrham
2491 3946 2693 4000 evertit
2727 3947 3225 4018 (quandoquidem
3279 3945 3624 4011 Gomorrha,
3656 3947 3706 4002 si

2057 4035 2189 4107 quis
2238 4036 2676 4106 interpretetur,
2711 4041 3026 4106 utrumque
3078 4039 3267 4100 sonat,
3299 4050 3618 4090 mensuram
3647 4039 3708 4090 et

2055 4125 2418 4193 seditionem),
2451 4123 2603 4180 589
2636 4129 2761 4177 tum
2811 4124 3116 4177 excitatam
3155 4123 3211 4176 in
3244 4137 3311 4177 ea
3354 4122 3705 4178 seditionem

2057 4231 2123 4268 ac
2155 4213 2648 4284 perturbationem
2683 4213 3040 4283 comprimit,
3078 4217 3140 4266 ut
3177 4212 3440 4266 seditiosi
3473 4210 3531 4265 in
3564 4228 3702 4267 con-

2057 4302 2234 4357 trario
2265 4306 2420 4356 statu
2452 4301 2776 4368 constituti,
2811 4301 2967 4371 pacis
2997 4299 3281 4366 videlicet,
3304 4300 3554 4355 evadant
3584 4315 3704 4356 me-

2057 4389 2251 4445 liores.
2277 4391 2557 4444 Caaterum
2592 4388 2860 4460 quisquis
2905 4387 3116 4443 sideris
3168 4387 3414 4442 natalitii
3445 4388 3560 4442 vim
3597 4388 3706 4444 ad-

289 4477 504 4532 τούτων
538 4478 843 4540 συστάσεως
874 4477 1098 4556 ἀφιστὰς
1127 4483 1227 4548 τῆς
1261 4477 1336 4540 εἰς
1381 4477 1474 4533 τὸν
1525 4484 1652 4532 Θεον
1706 4478 1940 4540 πίστεῶς

2056 4479 2250 4546 mittit,
2278 4483 2451 4549 atque
2483 4477 2892 4534 necessitatem
2925 4482 2982 4531 et
3013 4478 3197 4532 fatum
3223 4480 3280 4532 et
3307 4478 3525 4532 exitum
3562 4476 3708 4534 fata-

363 4679 440 4748 (8)
470 4677 713 4734 Codices
747 4678 1035 4749 nonnulli,
1066 4674 1398 4750 παρέδωκεν.

364 4751 444 4822 (9)
479 4752 570 4805 lta
601 4748 1028 4823 Qembeﬁsiani
1056 4748 1198 4806 mss.
1233 4750 1474 4823 perinde
1522 4752 1696 4823 atque
1741 4748 1945 4823 nostri.

289 4818 774 4905 νοίιςτριχαξὶντας
811 4818 1688 4905 typographisjexciderat.‘ﬂio
1733 4821 1949 4877 desunt

290 4895 524 4966 paginae
556 4893 777 4966 aliquot
808 4893 1090 4966 inprime
1116 4893 1695 4966 Colbertinocotdice.

323 4966 477 5090 ὀρθ)
511 4964 686 5033 Editi,
725 4965 784 5020 τὸ
833 4964 1096 5020 ἀστατεῖν.
1131 4968 1203 5021 At
1232 4983 1374 5022 mss.
1409 4964 1672 5037 plerique
1716 4969 1943 5028 Omnes,

383 5055 637 5090 αστατον.

288 5055 352 5090 το
383 5055 480 5089 αστ
488 5056 613 5090 ατον
625 5078 637 5090 .

364 5110 474 5178 (ll)
508 5107 713 5180 Codex
738 5125 914 5178 unus,
951 5104 1336 5180 μετατιθέντες,
1371 5105 1584 5162 Vocem
1620 5102 1783 5180 Etet}
1817 5121 1943 5176 quae

289 5182 468 5251 paulo
521 5185 654 5235 ante
703 5177 1208 5251 legitur-{reperiri
1240 5179 1474 5251 quidem
1510 5177 1680 5251 apud
1732 5177 1941 5251 Proco-

290 5248 456 5322 pium
490 5248 963 5308 Montfauconius
993 5248 1052 5307 in
1087 5248 1355 5322 Hexaplls
1397 5248 1580 5322 tradit
1611 5265 1624 5304 ε
1658 5249 1756 5304 sed
1780 5248 1941 5322 litte-

289 5320 417 5379 ram
452 5328 493 5375 Σ
528 5323 702 5378 deleri
731 5325 940 5378 debere
971 5327 1186 5379 censet.
1224 5320 1360 5379 Eius
1400 5321 1522 5376 haac
1552 5325 1690 5376 sunt
1722 5336 1734 5374 :
1770 5320 1941 5375 Litte-

288 5413 414 5449 ram
447 5399 488 5447 Σ
521 5396 667 5450 male
712 5399 994 5466 proposuit
1034 5397 1404 5466 (Procopius),
1435 5402 1496 5447 ut
1540 5394 1802 5466 arguitur
1831 5409 1943 5447 non

285 5467 476 5522 solum
504 5484 578 5544 ea:
601 5464 877 5544 ﬂebraieO
901 5466 1210 5544 laodierno,
1237 5464 1334 5521 sed
1379 5467 1544 5520 etiam
1575 5480 1646 5520 ea:
1674 5464 1940 5544 Hieron-y-

289 5555 397 5605 mo,
433 5541 535 5610 qui
559 5539 640 5610 sic
667 5538 826 5594 habet
853 5557 872 5594 .'
901 5539 1010 5595 Pro
1043 5537 1481 5610 ululisrquoque
1507 5551 1712 5592 omnes
1743 5537 1940 5606 ipsum

288 5609 538 5666 verbum
599 5609 947 5668 Bebraicum
999 5611 1122 5680 iim,
1153 5609 1263 5667 soli
1321 5609 1462 5680 LXX
1516 5613 1941 5680 onocentauros

289 5680 750 5738 transtulerunt.
781 5677 1322 5755 Legendum'itaque
1346 5677 1468 5736 telv.
1499 5681 1661 5754 Nam,
1686 5682 1752 5735 ut
1772 5679 1942 5752 paulo

2055 4686 2187 4734 ante
2213 4676 2551 4746 dicebamus,
2585 4676 2762 4733 Graeci
2802 4692 2942 4732 mem
2983 4676 3303 4731 Hebraicum
3345 4676 3514 4745 ﬁnale
3558 4691 3705 4746 saepe

2055 4750 2356 4805 terminant
2412 4764 2509 4818 per
2562 4768 2613 4803 ν.
2675 4751 2832 4814 Quod
2877 4749 2923 4803 si
2973 4748 3225 4803 litteram
3260 4752 3300 4800 Σ
3335 4750 3390 4802 in
3422 4747 3702 4819 Procopio

2056 4820 2233 4876 deleri
2276 4824 2548 4890 oportet:
2581 4821 2783 4875 eadem
2827 4819 3089 4875 deleatur
3119 4835 3356 4875 necesse
3403 4823 3492 4874 est
3539 4825 3597 4876 et
3641 4819 3702 4875 in

2053 4890 2322 4958 Eusebio,
2358 4891 2415 4944 in
2457 4893 2628 4958 cujus
2677 4892 3102 4948 Commentario
3135 4891 3291 4948 edita
3337 4907 3570 4964 quoque
3613 4895 3704 4948 est

2053 4964 2175 5021 ha-c
2205 4979 2313 5018 vox
2343 4977 2477 5016 cum
2511 4967 2572 5016 Σ.

2123 5035 2236 5108 (12)
2266 5034 2500 5108 Codices
2530 5034 2666 5102 duo,
2699 5033 2924 5108 έαιυτῷνἶ

2260 5104 2505 5190 Ἀηιὶειμξ
2543 5100 2679 5190 μ’θᾴ
2717 5106 2872 5190 libri,
2907 5102 3166 5190 ὁμοίωμα
3214 5100 3628 5190 ttdlneleltﬂ'ts:
3646 5108 3705 5158 et

2050 5175 2139 5234 ita
2164 5175 2375 5248 legisse
2405 5175 2636 5231 videtur
2667 5175 2972 5248 interpres,
3004 5175 3355 5247 quiverterit
3389 5195 3400 5231 :
3433 5176 3632 5248 similit
3663 5193 3702 5225 :-

2050 5245 2257 5319 dineni,
2293 5250 2740 5304 declinationem.
2766 5245 2836 5301 At
2868 5245 3035 5319 Regii
3055 5250 3348 5304 secundus
3386 5253 3442 5302 et
3470 5245 3698 5319 tertius,

2051 5314 2329 5388 suum
2362 5339 2536 5392 quam
2572 5320 2876 5377 lectionem
2909 5314 3102 5375 veram
3135 5337 3261 5374 esse
3293 5319 3437 5374 satis
3479 5314 3697 5371 intelli-

2051 5396 2212 5465 gitur
2241 5410 2304 5448 οι
2336 5410 2402 5448 eo
2435 5393 2581 5457 loco,
2615 5393 2710 5448 ubi
2746 5410 2852 5449 vox
2893 5409 3150 5448 Sirenum
3186 5396 3302 5444 tam
3353 5393 3518 5465 grata
3563 5403 3694 5465 esse

2051 5460 2282 5531 dicitur,
2309 5472 2372 5534 ut
2403 5471 2600 5534 evocet
2628 5471 2684 5520 et
2714 5465 2932 5520 alliciat
2963 5465 3034 5518 ad
3068 5467 3389 5534 peccatum.
3420 5460 3546 5516 Mox
3575 5461 3691 5516 duo

2050 5554 2219 5601 11388.,
2249 5533 2336 5598 καὶ
2373 5532 2640 5606 Θεμέλιοι.

2121 5599 2231 5682 (14)
2261 5608 2358 5665 Sic
2387 5599 2534 5666 11188.
2569 5611 2645 5664 At
2667 5605 2828 5674 editi,
2857 5603 2948 5659 καὶ
2976 5599 3374 5678 καταστρέφειν.
3401 5651 3404 5654 .
