4134 6224
269 390 389 452 605

1078 387 1485 451 COMMENT.
1530 389 1609 452 IN
1653 389 1922 452 ISAIAM
1969 392 2474 458 PBOPHETAM.
2520 398 2690 459 CAP.
2735 398 2896 458 XIV.

3571 400 3691 462 606

266 522 333 576 τὰ
362 519 624 581 ποικίλας
659 517 711 572 έν
742 520 879 591 ἡμῖν
912 517 1233 595 ένεργοῦντα
1264 519 1527 596 ἁμαρτίας
1559 522 1694 595 (21),
1734 521 1925 596 ὀρχεῖ-

2047 526 2392 600 nionemque
2431 529 2877 585 annuntiantem
2911 535 3086 597 amet,
3115 529 3287 586 velim
3331 535 3499 602 putes
3529 531 3686 588 hunc

269 623 391 674 σθαι
424 608 658 684 λέγεταν
698 605 877 662 διὰτὸ
923 608 1024 676 τὴν
1084 606 1314 683 ὄρχησιν
1374 607 1724 680 παντοδαπὴν
1795 612 1928 666 εἶναι

275 698 460 772 μελῶν
481 696 718 767 κίνησιν.
754 697 859 752 Καὶ
893 693 1082 766 ἐπειδὴ
1116 698 1166 752 οἱ
1197 697 1492 773 ὀρχησταὶ,
1526 697 1727 754 ἄλλοτε
1787 697 1931 754 ἄλλα

271 791 544 863 πρόσωπα
577 789 689 858 (22)
717 782 957 860 ἔχοντες,
989 787 1091 853 τὴυ
1124 788 1328 856 σκηνὴν
1379 783 1885 860 καταλαμϐάνουσιν
1914 808 1928 821 ο

271 879 448 939 οὕτως
491 876 545 930 οἱ
577 873 833 948 δαίμονες
861 875 936 936 ὡς
963 877 1332 950 προσωπείοις
1377 879 1513 948 ἡμῖν
1565 879 1928 951 κεχρημένοι,

266 972 360 1021 νῦν
425 966 520 1038 μὲν
573 963 870 1039 ὀρχοῦνται
927 969 1020 1018 τὸν
1090 963 1452 1036 θυμούμενον,
1486 969 1578 1018 νῦν
1613 963 1668 1019 δὲ
1696 966 1785 1020 τὸν
1822 964 1933 1021 ἔπι-

267 1059 572 1128 θυμοῦντα,
603 1053 694 1108 καὶ
751 1052 876 1128 περὶ
935 1053 1034 1121 τὴν
1096 1056 1203 1106 τῶν
1235 1058 1445 1127 σαρκῶν
1481 1055 1594 1125 (23)
1627 1053 1928 1110 ἀπόλαυσιν

265 1144 633 1217 έπτοημένον,
668 1140 871 1197 ἄλλοτε
894 1142 983 1196 τὸν
1034 1138 1390 1214 ψευδόμενονο
1434 1144 1522 1196 καὶ
1581 1142 1723 1198 οὕτω
1780 1144 1930 1218 γινό-

269 1235 410 1306 μεθα
468 1230 698 1288 ποικίλα
756 1229 1100 1305 ἰνεργήματα
1166 1227 1442 1303 δαιμόνωο
1505 1229 1928 1307 ὑποδεχόμενοι,

261 1325 407 1377 κατὰ
458 1323 522 1376 τὸ
580 1319 848 1395 βούλημα
879 1317 1096 1373 ἐκείνων
1129 1320 1223 1374 καὶ
1280 1321 1380 1388 τὴν
1439 1317 1660 1394 καρδίαν
1721 1321 1927 1376 ἑαυτῶν

271 1411 367 1467 καί
424 1411 493 1466 τὰ
547 1413 646 1465 τοῦ
705 1409 958 1481 σώματος
994 1408 1138 1480 μέλη
1193 1408 1584 1480 μετατιθέντες.
1624 1412 1785 1465 Ὅταν
1837 1409 1928 1464 οὖν

263 1499 401 1575 ἴδῃς
433 1503 526 1553 νῦν
564 1499 660 1570 μὶν
691 1497 910 1573 ἀκράτῳ
941 1499 1053 1570 (24)
1100 1495 1306 1572 γέλωτι
1363 1497 1732 1572 κατεχόμενόν
1789 1520 1927 1568 τινα,

272 1593 372 1644 νῦν
407 1586 465 1643 δὲ
499 1588 601 1643 ὑπὸ
631 1585 811 1656 λύπης
855 1586 1342 1658 τεταπεινωμένον,
1377 1586 1816 1662 σπαρασσόμενον
1877 1587 1928 1642 ὲν

275 1682 546 1738 κοπετοῖς
602 1676 689 1730 καὶ
749 1673 1055 1748 κλαυθμοῖς
1105 1674 1194 1729 καὶ
1247 1674 1536 1751 οἷμωγαῖςο
1571 1674 1928 1748 ἐνθυμήθητι,

275 1766 362 1822 δτι
398 1765 453 1821 ἐν
496 1763 644 1837 αὖτῷ
676 1763 924 1839 όρχεῖταί
951 1784 1036 1826 τις
1071 1760 1216 1818 ἄλλα
1257 1763 1346 1818 καὶ
1383 1761 1527 1819 ἄλλα
1577 1759 1931 1837 μεταλαμϐά-

270 1877 381 1910 νων
413 1857 696 1930 σχήματα.
728 1852 834 1908 Καὶ
866 1856 954 1905 νῦν
989 1852 1084 1925 μὲν
1113 1853 1175 1906 τὸ
1199 1859 1298 1922 τῆς
1347 1849 1705 1930 φιλαργυρίας
1753 1852 1930 1930 εἷσέρ-
1962 1896 2008 1961 Β

273 1965 436 2022 χεται
493 1941 694 2018 δρᾶμα,
728 1947 814 1997 νῦν
874 1940 931 1997 δὲ
977 1943 1040 1997 τὸ
1090 1949 1191 2012 τῆς
1222 1940 1550 2015 κενοδοξίας,
1584 1941 1785 1998 ἄλλοτε

267 2036 335 2089 τὸ
363 2036 469 2102 τῆς
500 2031 886 2108 ὑπερηφανίας.
919 2029 1104 2093 ⁹Ὁλως
1136 2027 1194 2085 δὲ
1223 2036 1552 2106 κατασκιρτᾷ
1605 2036 1702 2086 τοῦ
1739 2033 1928 2108 γένους

268 2127 385 2178 τῶν
436 2121 757 2197 ἀνθρώπων,
813 2118 1119 2196 έγχορεύων
1169 2140 1226 2174 τε
1271 2119 1360 2174 καὶ
1414 2119 1752 2196 ὀρχούμενος
1807 2126 1926 2184 ταῖς

277 2208 536 2274 εύκόλοις
563 2212 788 2285 ψυχαῖς,
819 2209 908 2263 καὶ
958 2209 1096 2284 πρὸς
1156 2208 1420 2284 ἁμαρτίαν
1478 2204 1925 2281 εύμεταϐλήτοις.

273 2301 352 2357 Τὸ
385 2297 442 2354 δὶ
471 2303 580 2353 τῶν
614 2296 1010 2370 ὀνοκενταύρων
1041 2293 1216 2370 ὄνομα
1245 2297 1496 2353 σύνθετον
1541 2297 1790 2372 ἐμφαίνει
1842 2321 1929 2353 τι·

276 2390 344 2443 να
369 2388 460 2443 καὶ
493 2387 797 2443 ἀλλόκοτον
833 2387 975 2455 ζώου
1027 2386 1298 2442 σύστασιν·
1331 2385 1478 2454 πλὴν
1536 2385 1616 2440 ὅτι
1666 2388 1752 2442 καὶ
1798 2388 1930 2442 αὐτὸ

279 2475 544 2549 δαίμονός
573 2475 714 2531 ἐστιν
743 2473 906 2547 εἶδος,
941 2480 1030 2530 νῦν
1072 2477 1166 2548 μὲν
1195 2477 1342 2547 ἡμᾶς
1371 2477 1507 2550 πρὸς
1552 2475 1619 2530 τὰ
1666 2475 1932 2551 ἀνθρώπι-

279 2587 345 2621 να
377 2560 710 2620 ἀποϐλέπειν
760 2569 1072 2633 ποιοῦντος,
1103 2567 1193 2618 νῦν
1253 2561 1310 2619 δὶ
1356 2565 1493 2638 πρὸς
1543 2565 1609 2619 τὰ
1673 2563 1928 2636 κτηκώδη

281 2654 685 2729 κατασύροντος
747 2653 913 2724 πάθη.
964 2659 1018 2707 Ὁ
1070 2651 1127 2708 δὶ
1185 2652 1373 2728 ἐχῖνος
1435 2653 1570 2722 ζῶόν
1617 2653 1756 2708 ἐστιν
1814 2655 1928 2709 ἀντὶ

277 2748 494 2819 τριχῶν
523 2742 750 2803 ἀκάνθας
777 2742 1169 2820 ἠμφιεσμένον,
1212 2739 1522 2811 δύσληπτον
1553 2742 1639 2796 καὶ
1695 2747 1932 2818 πανοῦρ-

163 2849 176 2863 '
276 2854 394 2907 γον.
455 2835 634 2886 Ταῦτα
687 2831 860 2886 πάντα
908 2831 1050 2906 ταχὺ
1109 2830 1225 2901 ἥξει
1283 2830 1370 2884 ἐπὶ
1428 2832 1529 2900 τὴν
1589 2833 1931 2906 συγκεχυμέ-

278 2941 379 2990 νην
410 2921 618 2995 ψυχὴν,
652 2921 742 2975 καὶ
798 2917 1027 2993 οὐδεμία
1079 2921 1376 2994 παράτασις
1435 2917 1579 2974 ἔσται
1636 2923 1743 2974 τῶν
1797 2922 1934 2993 ἡμε-

283 3030 393 3086 ρων
405 3053 419 3066 .

2043 631 2145 685 per
2172 616 2737 690 blandiloquentiam
2763 624 2820 672 et
2841 621 3298 674 assentationem
3321 622 3626 690 deceptum
3659 639 3694 675 a

2043 705 2337 761 sirenibus
2369 707 2637 761 detineri.
2668 707 2819 762 590
2847 708 2954 761 Sed
2984 714 3039 762 et
3071 709 3358 763 daemonia
3387 725 3514 780 quas
3533 711 3694 763 varia

2043 791 2099 846 in
2135 795 2300 850 nobis
2336 797 2667 867 producunt
2699 801 2953 866 peccata,
2977 796 3192 851 saltare
3214 798 3512 867 dicuntur,
3537 797 3693 868 quod

2042 883 2274 937 saltatio
2295 885 2521 956 integra
2539 887 2613 940 sit
2634 885 3032 940 membrorum
3053 885 3308 956 agitatio.
3326 887 3394 940 Et
3411 886 3691 957 quoniam

2043 971 2371 1042 saltatores,
2390 975 2522 1028 aliis
2545 981 2718 1046 atque
2742 973 2875 1028 aliis
2896 974 3120 1028 indutis
3145 975 3433 1045 personis,
3453 975 3695 1030 veniunt

2043 1059 2100 1113 in
2148 1077 2382 1116 scenam
2420 1078 2432 1117 :
2467 1062 2550 1117 ita
2601 1064 2895 1117 daamones
2950 1061 3118 1117 nobis
3171 1063 3314 1134 ipsis
3363 1079 3466 1118 ceu
3519 1064 3695 1118 larvis

2042 1154 2293 1217 utentes,
2321 1152 2493 1206 modo
2523 1151 2760 1222 quidem
2798 1152 3170 1217 irascentem,
3197 1153 3368 1206 modo
3395 1168 3528 1207 vero
3551 1168 3694 1207 con-

2041 1238 2541 1308 cupiscentem,ac
2562 1239 2899 1296 carnalibus
2918 1240 3318 1312 voluptatibus
3340 1239 3693 1308 inhiantem,

2040 1327 2214 1381 modo
2245 1328 2421 1382 etiam
2452 1331 2788 1384 mendacem
2823 1328 3090 1384 saltando
3122 1333 3578 1400 repraesentant:
3605 1333 3692 1383 at-

2041 1431 2155 1486 que
2179 1416 2289 1471 hoc
2311 1422 2478 1487 pacto
2500 1418 2690 1472 varias
2718 1417 3034 1488 recipimus
3056 1418 3381 1472 daemonum
3409 1419 3690 1483 actiones,

2041 1504 2141 1575 qui
2187 1505 2410 1560 scilicet
2456 1523 2523 1560 ex
2573 1523 2774 1561 eorum
2807 1505 3105 1560 voluntate
3164 1522 3262 1560 cor
3319 1511 3582 1560 nostrum
3635 1510 3694 1560 et

2041 1594 2301 1665 corporis
2333 1595 2597 1649 membra
2629 1600 3084 1649 commutemus.
3114 1596 3256 1650 Cum
3292 1593 3474 1665 igitur
3507 1609 3691 1649 unum

2040 1682 2294 1754 aliquem
2329 1683 2700 1754 conspexeris
2728 1700 2884 1738 nunc
2915 1684 3036 1738 risu
3069 1683 3387 1737 immodico
3419 1681 3694 1737 difﬂuen-

2039 1775 2182 1840 tem,
2207 1789 2361 1827 nunc
2393 1790 2507 1844 prae
2547 1772 2786 1827 tristitia
2817 1773 3105 1842 dejectum
3139 1776 3197 1826 et
3227 1776 3695 1837 consternatum,

2045 1865 2220 1930 atque
2254 1859 2561 1929 molestiis,
2595 1861 2829 1916 ﬂetibus
2874 1864 2929 1915 et
2971 1860 3288 1926 gemitibus
3319 1859 3695 1925 dilaniatum,

2037 1952 2162 2004 tum
2198 1949 2536 2020 quempiam
2569 1950 2627 2004 in
2661 1951 2789 2021 ipso
2820 1950 3034 2004 saltare
3072 1948 3311 2021 cogites,
3345 1947 3490 2004 alias
3521 1952 3696 2019 atque

2039 2037 2186 2092 alias
2218 2039 2436 2093 formas
2486 2045 2836 2094 sumentem.
2872 2043 2939 2092 Et
2986 2039 3158 2093 modo
3211 2037 3486 2104 avaritiae,
3521 2037 3696 2092 modo

2039 2126 2236 2181 inanis
2252 2126 2469 2197 gloriae,
2487 2128 2660 2181 modo
2681 2127 2969 2197 superbiai
2991 2132 3389 2181 commentum
3409 2142 3476 2180 ac
3496 2123 3696 2180 fabula

2041 2215 2406 2286 exprimitur.
2427 2215 2552 2270 Uno
2577 2217 2770 2280 verbo,
2793 2215 3128 2286 tripudians
3150 2214 3347 2283 generi
3381 2214 3690 2269 hominum

2039 2302 2444 2371 insultat,cum
2472 2304 2527 2358 in
2561 2305 2872 2359 animabus
2901 2302 3270 2375 simplicibus
3301 2309 3354 2358 et
3385 2303 3453 2358 ad
3487 2319 3691 2374 pecca-

2041 2396 2167 2446 tum
2198 2393 2364 2447 valde
2413 2392 2782 2448 versatilibus
2834 2393 3104 2448 cboream
3157 2393 3277 2463 agit
3306 2399 3358 2447 et
3389 2390 3585 2446 saltat.
3618 2395 3694 2450 At

2041 2497 2174 2536 vero
2192 2487 2720 2536 onocentaurorum
2742 2499 2952 2537 nomen
2972 2480 3354 2553 compositam
3372 2480 3692 2551 quamdam

2041 2575 2097 2624 et
2119 2575 2510 2625 monstrosam
2536 2569 2806 2624 animalis
2829 2570 3350 2625 conformationem
3373 2568 3691 2640 signiﬁcat,

2043 2657 2154 2712 nisi
2188 2658 2340 2728 quod
2373 2657 2598 2729 species
2629 2658 2705 2713 sit
2742 2659 2915 2713 etiam
2950 2657 3234 2713 daemonis
3267 2674 3280 2711 :
3317 2675 3426 2725 quo
3458 2663 3693 2711 auctore

2041 2750 2099 2802 et
2126 2745 2447 2816 impulsore
2494 2763 2648 2801 nunc
2681 2746 2918 2818 quidem
2952 2747 3010 2800 in
3043 2763 3136 2801 res
3169 2745 3460 2800 humanas
3491 2743 3691 2798 oculos

2042 2835 2409 2904 conjicimus,
2435 2852 2589 2889 nunc
2620 2851 2752 2889 vero
2784 2835 2852 2889 ad
2888 2835 3191 2889 brutorum
3226 2831 3570 2888 animalium
3605 2848 3691 2887 ra-

2040 2923 2238 2994 pimur
2267 2922 2531 2978 affectus.
2559 2923 2910 2977 Herinaceus
2931 2929 3124 2977 autem
3147 2921 3362 2976 animal
3391 2921 3686 2990 quoddam

2042 3015 2151 3075 est,
2183 3011 2336 3082 quod
2387 3012 2511 3067 vice
2560 3010 2808 3080 pilorum
2859 3011 3134 3066 amicitur
3186 3009 3393 3080 spinis,
3427 3013 3484 3062 et
3529 3008 3685 3079 quod

275 3100 523 3156 difﬁcile
554 3104 729 3171 captu
761 3103 851 3155 est
877 3103 934 3155 et
964 3102 1246 3155 astutum.
1281 3097 1490 3154 Omnia
1519 3098 1639 3155 haec
1671 3099 1784 3155 cito
1812 3103 2062 3157 ventura
2110 3104 2250 3154 sunt
2282 3098 2340 3154 in
2372 3100 2631 3155 animam
2662 3100 2965 3155 confusam
3016 3103 3074 3154 et
3125 3099 3546 3170 perturbatam,
3578 3111 3687 3152 nec

271 3189 399 3246 ulla
428 3191 541 3246 erit
569 3190 797 3246 dierum
831 3189 1065 3245 illorum
1100 3205 1280 3245 mora.

827 3419 1228 3470 ΚΕΦΑΛΑῙΟΝ
1270 3416 1370 3471 ΙΔ’.

346 3525 479 3578 277.
513 3521 614 3578 Καὶ
672 3520 885 3591 ἐλεήσει
944 3520 1146 3596 Κύριος
1201 3521 1290 3576 τὸν
1350 3517 1565 3588 Ἰακὼϐ,
1624 3521 1711 3578 καὶ
1769 3519 1929 3576 ἐκλέ-

285 3613 432 3682 ξεται
498 3610 590 3665 τὸν
650 3609 890 3686 Ἰσραήλ.
949 3610 1178 3682 Νομίζω
1253 3608 1416 3685 λόγον
1468 3607 1638 3686 ἔχειν,
1688 3610 1750 3664 16
1810 3611 1927 3684 μὶν,

278 3700 536 3770 Ἐλεήσει
569 3701 706 3770 (26),
738 3700 996 3774 τετάχθαι
1029 3698 1116 3754 ἐπὶ
1172 3703 1269 3753 τοῦ
1317 3695 1533 3766 Ἰακὼϐ,
1585 3699 1715 3772 ὅπερ
1757 3698 1932 3775 ἔχρη-

283 3790 506 3862 μάτιζεν
562 3783 736 3860 ὄνομα
796 3786 960 3863 μέχρι
1017 3789 1114 3858 τῆς
1176 3787 1359 3856 πάλης
1388 3794 1490 3857 τῆς
1523 3787 1610 3842 liti
1669 3792 1765 3842 τοῦ
1819 3791 1930 3862 (27)

282 3871 508 3934 Ἰακὼ6“
568 3877 632 3931 τὸ
690 3873 769 3943 δὲ,
824 3875 1151 3948 Ἐκλέξεται,
1213 3875 1300 3931 ἰπὶ
1348 3880 1446 3930 τοῦ
1504 3875 1750 3951 Ἰοραήλ,
1800 3875 1931 3952 ὅπερ

282 3964 453 4030 ’ἆθλον
487 3964 576 4020 ἐπὶ
600 3969 670 4038 τῇ
707 3964 855 4039 πάλῃ
889 3962 1099 4020 δέδοται
1155 3970 1236 4037 τῷ
1274 3964 1614 4041 πατριάρχῃ.
1649 3964 1932 4042 Ἐμφαίνει

278 4051 338 4109 δὶ
366 4055 464 4108 τὸν
493 4054 586 4126 μὲν
617 4049 995 4130 ταπεινότερον
1030 4055 1058 4108 ὁ
1084 4053 1425 4126 ἐλεούμενος,
1457 4055 1519 4108 τὸ
1551 4051 1608 4108 δὲ
1659 4051 1932 4131 διαφορώ-

279 4163 440 4215 τερον
509 4143 538 4196 6
587 4139 966 4219 ἐκλεγόμενος.
1029 4142 1250 4219 Διόπερ,
1308 4143 1366 4197 '0
1433 4141 1634 4216 Κύριος
1719 4139 1932 4210 ἐλεήσει

287 4232 382 4305 μὲν
463 4231 558 4285 τὸν
636 4225 851 4298 Ἰακὼϐ,
909 4229 1175 4301 ἐκλέξεται
1238 4234 1348 4302 (28)
1405 4229 1461 4286 δὲ
1537 4230 1628 4285 τὸν
1691 4225 1934 4302 Ἰσραὴλ,

283 4321 482 4394 εμοιὸν
539 4318 648 4374 ἔστι
699 4319 904 4392 τούτῳ·
939 4315 1137 4374 Ἰακὼϐ
1191 4321 1219 4374 ὁ
1272 4326 1400 4384 παῖς
1451 4341 1576 4393 μου,
1635 4315 1934 4390 ἀντιλήψο-

284 4432 382 4484 μαι
441 4409 650 4463 αὐτοῦ’
715 4407 936 4484 Ἰσραὴλ
992 4409 1020 4462 6
1080 4408 1333 4472 ἰκλεκτός
1393 4431 1517 4483 μου,
1576 4404 1934 4483 προσεδέξατο

274 4498 441 4554 αὑτὸν
473 4501 510 4568 ἡ
542 4498 695 4573 ψυχή
733 4517 858 4570 μου.
893 4497 971 4554 T6
1033 4498 1126 4570 μὶν
1188 4497 1290 4575 γὰρ
1321 4493 1514 4555 Ἰακὼϐ
1563 4496 1650 4552 ἐπὶ
1705 4499 1802 4550 τοῦ
1856 4491 1933 4550 ἔτι

279 4584 738 4662 στοιχειουμένου
793 4584 884 4640 καὶ
955 4591 1270 4660 σωματικοῦ
1338 4581 1696 4661 λαμϐάνεται,
1752 4584 1817 4640 τὸ
1878 4580 1936 4638 δὶ

277 4673 506 4752 Ἰσραὴλ
583 4672 674 4729 ἐπὶ
765 4678 863 4730 τοῦ
960 4674 1268 4751 κρείττονος
1363 4674 1453 4731 καὶ
1538 4676 1932 4748 πνευματικοῦ.

352 4804 399 4841 ⁸⁷
431 4803 577 4860 Gen.
609 4818 785 4873 χχχιι,
816 4802 907 4857 28.
985 4803 1029 4838 ³³
1060 4802 1205 4858 ibid.
1281 4801 1328 4838 ³ο
1354 4807 1469 4860 Isa.
1501 4819 1642 4868 xui,
1674 4802 1726 4857 1.

353 4929 466 5002 (21)
490 4928 588 4984 Sic

277 4997 520 5062 λως..’...
563 4998 640 5060 εἷς
671 4997 957 5072 ἆμαρτίας.

357 5075 470 5144 (22)
512 5069 757 5128 Codices
784 5069 1076 5134 nonnulli,
1108 5074 1451 5142 προσωπεῖα.

357 5141 474 5213 (23⁷)
505 5144 653 5217 Edili
687 5149 743 5217 et
774 5160 918 5217 mss.
974 5141 1200 5217 omnes,
1229 5145 1338 5195 τῶν
1391 5144 1625 5217 σαρκῶν.
1657 5141 1829 5217 Quod
1865 5141 1946 5196 ait

1944 3307 2024 3324 ‘-

2561 3481 2565 3484 λ
2652 3415 2884 3471 CAPUT
2922 3415 3062 3470 XIV.

2109 3525 2235 3579 277.
2271 3523 2440 3578 Vens.
2478 3524 2527 3577 1.
2575 3524 2638 3578 Et
2687 3522 3031 3578 miserebitur
3085 3522 3344 3576 Dominus
3395 3519 3583 3589 Iacob,
3635 3525 3690 3573 et

2041 3612 2205 3682 eliget
2235 3611 2421 3667 Israel.
2455 3610 2736 3666 Existimo
2778 3609 2980 3664 rationi
3032 3626 3160 3664 esse
3208 3614 3688 3672 consentaneum,

2041 3706 2106 3755 ut
2136 3701 2400 3768 verbum,
2433 3701 2800 3766 Miserebz’tur,
2834 3700 3119 3754 referatur
3149 3699 3216 3752 ad
3272 3697 3451 3752 Jacob
3485 3714 3498 3750 :
3535 3696 3690 3768 quod

2041 3805 2254 3844 nomen
2287 3788 2545 3843 obtinuit
2576 3790 2646 3843 ad
2688 3804 2816 3842 eam
2862 3804 3048 3858 usque
3095 3787 3474 3842 luctationem
3510 3800 3691 3855 quam

2043 3879 2167 3948 ipse
2217 3875 2500 3930 sustinuit
2520 3876 2563 3910 ³⁷
2599 3892 2612 3928 :
2645 3893 2752 3931 vox
2793 3893 2947 3939 vero,
2993 3875 3190 3942 Eligel,
3225 3874 3592 3943 intelligatur
3621 3873 3694 3926 de

2041 3964 2244 4030 Israel,
2276 3965 2431 4035 quod
2484 3981 2695 4018 nomen
2731 3963 2950 4036 praemii
3004 3964 3126 4018 loco
3176 3961 3520 4033 patriarcha:
3562 3964 3695 4032 post

2040 4052 2335 4108 luctamen
2378 4053 2724 4124 impositum
2759 4058 2849 4107 est
2867 4052 2930 4105 ³⁸.
2956 4052 3102 4116 Quia
3134 4056 3328 4106 autem
3363 4048 3694 4105 misericor-

2043 4143 2200 4197 diam
2246 4142 2645 4212 consequitur,
2696 4139 3065 4211 abjectiorem
3127 4139 3358 4210 praefert
3404 4136 3693 4192 conditio-

2044 4247 2175 4286 nem
2213 4246 2226 4285 :
2270 4231 2368 4301 qui
2418 4247 2550 4284 vero
2594 4229 2844 4298 eligitur,
2878 4227 3369 4282 excellentiorem.
3403 4225 3696 4289 Quamob-

2044 4336 2164 4374 rem
2197 4319 2389 4375 verbis
2437 4319 2589 4386 istis,
2623 4320 2884 4372 Dominus
2914 4317 3268 4373 miserebitur
3315 4314 3503 4383 Jacob,
3532 4313 3696 4382 eliget

2043 4424 2177 4463 vero
2207 4408 2401 4472 Israel,
2435 4406 2628 4462 simile
2658 4412 2747 4461 est
2779 4406 2944 4475 illud,
2976 4406 3139 4462 Jacob
3166 4420 3304 4476 puer
3331 4419 3508 4473 meus,
3534 4418 3695 4458 assu-

2043 4513 2195 4553 mam
2223 4513 2349 4552 eum
2382 4513 2401 4552 :
2432 4497 2604 4552 Israel
2631 4494 2837 4552 electus
2878 4511 3052 4565 meus,
3082 4495 3316 4565 suscepit
3353 4509 3480 4549 eum
3506 4493 3699 4547 anima

2043 4602 2164 4641 mea
2185 4585 2249 4639 ⁸⁸.
2273 4585 2578 4640 Enimvero
2603 4583 2784 4640 Jacob
2816 4600 2920 4655 pro
2952 4600 3018 4639 eo
3051 4582 3353 4656 accipitur,
3378 4581 3479 4653 qui
3509 4580 3702 4653 prima

2045 4673 2237 4730 adhuc
2268 4677 2480 4730 tractat
2508 4673 2822 4744 elementa,
2853 4672 3071 4744 quique
3103 4669 3423 4744 corporalis
3453 4673 3572 4740 est;
3600 4686 3701 4726 su-

697 4932 910 4983 uatuor
965 4928 1100 4985 libri
1150 4933 1397 4985 veteres.
1427 4927 1601 4995 Editi,
1648 4926 1715 4982 τὰ
1766 4923 1931 4980 ποικί-

2052 4941 2306 4997 quoque,
2341 4921 2442 4978 ὅλα
2476 4920 2886 4997 δὲμκατασκιρτᾷ
2913 4925 3009 4976 τοῦ
3037 4924 3228 4996 γένους
3253 4925 3363 4997 τὼν
3391 4919 3696 4997 ᾆνθρώπων

2054 4992 2086 5052 ἶ
2119 4992 2424 5071 χορεύοντα
2470 4992 2561 5049 καί
2609 4992 2922 5070 ὀρχούμενα
2965 4992 3108 5064 ταῖς,
3159 5001 3266 5051 etc.
3317 4992 3506 5050 Velim
3557 5011 3699 5067 sup-

2054 5017 2236 5124 pleas.
2269 5065 2545 5124 δαιμόνια.

2052 5065 2236 5143 pleias,
2267 5065 2545 5143 δαιμόνια,

2125 5133 2235 5212 (26)
2265 5133 2438 5204 Εόἷίὶ,
2496 5137 2558 5192 τὸ
2620 5137 2713 5208 μὲν
2774 5133 3034 5212 ἐλεήσειν.
3063 5143 3163 5212 ΔΑῒ.
3211 5153 3333 5193 mss
3376 5134 3696 5212 nonnulli,

2054 5206 2290 5281 ἐλεήσει,
2325 5218 2499 5267 recte.
2520 5212 2578 5264 In
2612 5206 2913 5264 veteribus
2943 5209 3108 5265 libris
3142 5227 3211 5266 ne
3241 5208 3551 5280 vestigium
3578 5206 3704 5275 qui-

2056 5287 2185 5340 dem
2221 5288 2461 5354 apparet
2496 5281 2743 5351 alicujus
2776 5281 2952 5354 tituli.

2126 5358 2235 5428 (27)
2262 5345 2503 5439 'C‘qdjces
2536 5345 2821 5479 qduiiique,
2856 5351 2939 5405 ἰπὶ
2973 5354 3089 5405 τοῦ.
3125 5351 3295 5414 Editi,
3327 5345 3414 5400 ἐπὶ
3454 5349 3551 5429 τῷ.
3583 5346 3698 5400 Ibi-

2130 5446 2186 5479 m
2245 5433 2410 5479 editi.
2440 5425 2501 5479 16
2586 5424 2612 5478 ὶ
2657 5422 2945 5479 ἰκλέξεται.
2981 5429 3054 5478 At
3102 5439 3240 5478 mss.
3289 5425 3496 5479 nostri,
3548 5413 3698 5469 ἐκλέ-

282 5216 700 5280 Combeﬁsius,
719 5215 1013 5288 lubentem
1044 5230 1106 5270 se
1136 5213 1754 5288 lecturum,eapm§gy,
1777 5213 1832 5266 id
1858 5229 1946 5268 sa-

287 5288 364 5343 tis
397 5288 614 5360 placet:
635 5289 732 5342 sed
757 5287 840 5341 ita
863 5290 1161 5360 tamen2ut
1191 5288 1380 5360 magis
1407 5285 1633 5360 placeat
1661 5285 1942 5360 librorum

283 5354 668 5430 antiquorum
703 5359 1044 5413 auctoritas.
1065 5357 1182 5411 Nec
1200 5354 1371 5430 ita'm
1383 5354 1504 5414 ulto
1524 5361 1655 5430 post
1677 5354 1943 5423 editi,xai

285 5413 446 5504 ουτωῖ
461 5413 750 5504 γενόμεθα.
780 5435 863 5504 _At
894 5445 1062 5493 ωειλ,
1093 5413 1399 5504 γινόμεθα.)
1508 5413 1565 5504 Δ.-
1617 5500 1654 5504 __
1827 5413 1874 5504 ’ῃ
1906 5499 1917 5504 _

2055 5413 2186 5484 dem
2221 5413 2410 5493 Iediti,
2440 5425 2501 5479 16
2554 5413 2612 5479 δὲ
2657 5413 2945 5493 ἰκλὲξεται.
2981 5429 3054 5478 At
3102 5439 3240 5478 mss.
3285 5413 3514 5484 nostri,
3548 5413 3698 5469 ἐκλε-

356 5497 486 5573 (24)⁷
507 5497 718 5558 Vocem
751 5497 907 5577 obtine
933 5497 1229 5577 veteribus
1257 5501 1424 5558 libris
1455 5499 1931 5557 addidimus.1bi-

2054 5520 2230 5577 γιταεε,
2272 5569 2318 5577 --
2360 5574 2368 5577 ,
2635 5567 2646 5577 .
2971 5566 2982 5576 .

285 5553 1225 5646 «amabamus,esse:
1257 5553 1421 5646 ":"f
1459 5553 1745 5557 "mm"
1778 5553 1815 5554 ”
1913 5553 1919 5554 ί

2057 5553 2238 5646 :(28)
2265 5569 2507 5646 Yeteres
2547 5567 2810 5646 quinque
2853 5565 3007 5631 libri,
3061 5560 3364 5631 ιλιησε.....
3398 5553 3696 5632 ικλιγιται.

355 5647 465 5718 (25)
499 5644 674 5718 Editi,
705 5635 1450 5718 igno'rc'ﬂfiloculaﬁiin
1502 5660 1650 5718 mss.
1681 5659 1799 5698 non
1850 5642 1931 5718 _le-

2056 5635 2208 5701 Ed‘iti
2261 5640 2497 5715 ἐλεηρει.
2509 5680 2545 5696 ..
2625 5635 2916 5707 ἐκλ-ίξεται.

287 5713 465 5788 gitur.
479 5713 706 5774 Ibidem
719 5715 861 5789 Reg.
879 5715 1171 5774 secundus
1183 5721 1240 5774 et
1259 5715 1636 5774 Colbertinus
1652 5714 1947 5773 secundus
