4134 6224
427 346 544 407 6οῚ

1415 344 1808 404 APPENDIX
1847 339 2173 404 OPERUM
2217 341 2281 402 S.
2326 341 2607 402 BASILII
2650 338 2928 402 MAGNI.

3716 331 3850 392 608

440 477 620 533 mitur
639 493 770 532 vero
793 475 971 532 Israel
1002 492 1105 547 pro
1129 474 1510 546 praestantiori
1535 478 1591 530 et
1611 473 1924 547 spirituali.
1948 473 2079 529 Om-

2196 470 2378 533 Ὅλως
2445 473 2554 546 (29)
2606 468 2663 526 δὶ
2692 472 2722 528 ὁ
2755 463 2950 528 Ἰακὼὸ
2977 467 3069 522 καὶ
3098 467 3126 522 ὁ
3159 463 3378 540 Ἰσραὴλ
3412 462 3848 522 ’Δναπαύσονται

440 567 576 621 nino
611 571 802 620 autem
825 565 1005 620 Jacob
1033 570 1089 620 et
1121 564 1295 619 lsrael
1321 566 1664 634 Requiescent
1691 567 1749 618 in
1773 569 1926 618 terra
1957 580 2079 625 sua.

433 655 714 710 uimirum
750 655 807 708 in
841 660 995 708 terra
1034 653 1157 719 illa,
1190 656 1260 708 de
1309 670 1424 719 qua
1474 654 1695 708 dictum
1747 660 1836 710 est
1868 671 1880 708 :
1915 653 2084 708 Beati

432 747 590 800 miles
637 762 656 800 :
710 745 965 814 quoniam
1020 745 1129 814 ipsi
1182 743 1528 814 possidebunt
1578 748 1789 796 terram
1810 744 1873 797 ‘0.
1905 743 2082 796 Terra

432 832 554 887 hinc
587 850 701 887 non
751 837 839 887 est
890 849 1022 902 pars
1072 831 1266 898 istius,
1302 849 1428 902 quae
1471 831 1720 886 obnoxia
1767 837 1857 886 est
1905 831 2081 885 male-

434 921 618 988 dicto;
648 937 824 991 quam
856 922 952 989 qui
986 921 1140 985 colit,
1175 922 1231 973 in
1276 920 1576 974 doloribus
1605 921 1858 975 comedit
1886 919 2082 973 omni-

435 1012 544 1065 bus
575 1010 780 1063 diebus
813 1011 937 1062 vitas
971 1026 1090 1062 sum
1110 1010 1174 1063 ⁴¹.
1208 1009 1356 1071 Quin
1391 1009 1561 1063 etiam
1595 1009 1811 1064 Jacobo
1845 1009 1989 1064 591
2028 1015 2082 1062 et

434 1098 628 1155 Israeli
663 1099 717 1152 in
751 1103 904 1152 terra
949 1115 1056 1152 sua
1109 1097 1492 1169 requiescenti
1528 1099 1748 1154 advena
1795 1099 2077 1169 adjunge-

428 1194 544 1242 tur.
597 1187 704 1252 Qui
762 1192 978 1242 terram
1039 1187 1268 1255 excolit,
1301 1187 1393 1242 hic
1451 1187 1548 1243 ille
1605 1192 1696 1242 est
1754 1185 2082 1259 proselytus

431 1277 672 1330 advena.
710 1275 980 1330 Fortasse
1008 1275 1101 1330 hic
1141 1280 1229 1330 est
1275 1275 1511 1345 gentilis
1563 1275 1834 1347 populus,
1864 1275 2082 1331 Jacobo

428 1364 766 1431 adjunctus,
793 1380 965 1433 quem
1001 1369 1278 1434 tanquam
1328 1364 1697 1436 peregrinum
1733 1370 1790 1419 et
1822 1363 2078 1434 prosely-

427 1457 553 1507 tum
604 1452 903 1522 Scriptura
955 1453 1237 1507 advenam
1299 1451 1574 1524 appellat.
1611 1452 1753 1507 Cum
1803 1459 1997 1508 autem
2039 1451 2080 1506 li

431 1543 532 1614 qui
564 1549 703 1598 sunt
737 1542 1026 1597 inferioris
1071 1544 1447 1610 conditionis,
1483 1560 1586 1598 nec
1633 1543 1744 1598 sibi
1796 1543 2082 1612 imperare

433 1637 667 1697 norunt,
701 1631 951 1686 ducibus
991 1630 1318 1702 imperandi
1369 1631 1675 1686 scientiam
1727 1631 2082 1686 habentibus

432 1721 711 1786 serviunt,
743 1720 798 1773 id
835 1720 977 1790 ipsis
1008 1725 1097 1773 est
1128 1737 1229 1791 pro
1261 1721 1563 1775 beneficio.
1598 1721 1784 1783 Quare
1814 1719 1873 1774 in
1907 1721 2079 1774 bene-

432 1808 788 1906 dictionibus
819 1809 1041 1863 dictum
1071 1814 1161 1864 est
1182 1810 1332 1864 Esau
1362 1827 1375 1865 :
1401 1811 1463 1864 Et
1485 1812 1665 1906 fratri
1685 1818 1773 1865 tuo
1793 1809 1992 1864 servies
2015 1810 2076 1864 ".
2109 1842 2156 1906 Β

436 1899 549 1953 [loc
608 1897 780 1969 plane
837 1898 1076 1964 indicat,
1125 1901 1275 1968 quod
1335 1897 1600 1969 sequitur
1655 1899 1846 1970 (Vens.
1875 1899 1931 1968 2)
1965 1915 1978 1952 ε
2013 1899 2077 1952 Et

436 1981 957 2058 multiplicabuntur
983 2002 1148 2056 super
1193 1991 1402 2041 terram
1431 1989 1528 2042 Dci
1553 1989 1614 2042 in
1642 2004 1824 2042 servos
1869 1992 1924 2042 et
1973 2004 2074 2040 an-

432 2077 611 2131 cillas.
649 2077 970 2146 lmponitur
988 2077 1072 2130 eis
1094 2078 1344 2130 servitus
1367 2075 1492 2130 loco
1524 2076 1804 2130 beneficii.
1835 2077 1896 2130 Et
1914 2079 2079 2130 erunt

432 2167 635 2235 captivi
664 2167 760 2236 qui
791 2167 1035 2234 captivos
1064 2173 1322 2235 ceperant
1352 2181 1456 2220 eos.
1492 2164 1578 2219 llli
1611 2165 1847 2236 quidem
1881 2170 2075 2236 tyran-

434 2254 562 2309 nice
611 2271 708 2309 eos
759 2253 1127 2324 abripiebant
1174 2253 1230 2307 in
1282 2253 1702 2323 captivitatem,
1733 2253 1989 2308 devictos
2019 2256 2077 2307 et

432 2359 743 2413 oppressos
775 2342 1037 2396 servituti
1075 2342 1286 2396 diaboli
1312 2341 1674 2407 abdiceutes;
1708 2341 1763 2396 hi
1795 2359 1930 2396 vero
1962 2341 2076 2397 cle-

434 2436 660 2485 menter
689 2436 746 2485 et
774 2431 1030 2485 humans
1073 2432 1414 2486 servitutem
1458 2435 1732 2500 subeunt,
1763 2448 1830 2485 ex
1859 2430 2076 2486 diaboli

432 2519 740 2591 tyrannide
780 2520 848 2574 ad
896 2519 1106 2574 Christi
1168 2521 1503 2575 servitutem
1562 2519 1820 2575 adducti.
1876 2518 2075 2574 Israeli

431 2624 566 2662 vero
609 2607 870 2662 liberatio
922 2609 1080 2662 dune
1131 2609 1290 2664 illius
1339 2608 1635 2664 servitutis
1685 2625 1862 2680 quam
1920 2609 2074 2677 apud

433 2695 782 2765 Babylonios
831 2697 1131 2765 servierat,
1167 2698 1547 2767 promittitur,
1579 2702 1752 2767 atque
1799 2697 2080 2751 invitatur

433 2786 504 2840 ad
538 2785 1022 2853 misericordiam,
1057 2791 1120 2840 ut
1157 2785 1354 2857 lugeat
1385 2785 1698 2858 Babylonis
1728 2802 1945 2856 regem,
1974 2801 2078 2840 nec

431 2872 677 2928 insultet
706 2873 834 2944 ejus
867 2873 1066 2941 ruinaa,
1100 2875 1199 2928 sed
1249 2890 1384 2928 eum
1428 2874 1636 2930 defleat
1669 2881 1943 2944 tanquam
1975 2875 2076 2946 qui

432 2977 635 3032 poenas
683 2962 1190 3018 commiseratione
1228 2967 1284 3018 et
1314 2962 1716 3018 misericordia
1743 2963 1953 3035 dignas
2001 2964 2080 3018 sit

433 3068 740 3122 passurus.

501 3141 627 3194 278.
665 3140 831 3195 Vens.
895 3141 978 3208 19,
1033 3141 1119 3195 20.
1185 3141 1648 3208 Quemadmodum
1703 3142 2077 3196 vestimentum

433 3231 708 3294 sanguine
750 3231 1130 3300 inquinatum,
1161 3246 1270 3284 non
1310 3236 1389 3283 est
1441 3230 1718 3285 mundum
1746 3247 1764 3283 :
1797 3231 1880 3284 ita
1910 3245 2082 3299 neque

432 3317 493 3369 tu
520 3317 628 3370 eris
656 3317 913 3372 mundus.
943 3319 1214 3388 Quoniam
1245 3321 1451 3373 terram
1480 3335 1658 3373 meam
1685 3319 1998 3389 perdidisti,
2030 3323 2083 3374 ei

434 3403 693 3472 populum
717 3421 900 3459 meum
923 3407 1290 3471 inler/ecisli:
1311 3423 1423 3460 non
1454 3407 1697 3461 manebis
1725 3409 1784 3460 in
1806 3412 2082 3463 wiernum

435 3495 666 3562 tempus.
701 3493 794 3547 Hs:
846 3495 1036 3548 adhuc
1069 3500 1207 3549 sunt
1238 3494 1670 3549 lamentationis
1719 3501 1934 3565 partes,
1968 3512 2082 3566 qua

436 3585 560 3634 tum
596 3581 907 3654 Babylonis
958 3582 1249 3654 princeps,
1284 3587 1408 3636 tum
1443 3599 1534 3637 res
1579 3582 1738 3638 illius
1769 3583 2078 3638 deﬂentur.

439 3669 822 3741 Posteaquam
857 3671 1010 3726 enim
1065 3671 1290 3726 Lucifer
1319 3688 1350 3726 ο
1379 3671 1521 3727 ccelo
1569 3671 1773 3744 lapsus
1811 3673 1866 3728 in
1908 3675 2082 3728 corde

439 3773 546 3812 suo
596 3759 740 3813 dixit
773 3777 784 3815 :
819 3759 1115 3815 Ascendam
1148 3762 1206 3815 in
1237 3762 1452 3827 caelum,
1481 3777 1573 3817 ero
1616 3763 1820 3817 similis
1867 3763 2080 3818 Altissi-

438 3847 610 3917 mo”,
645 3853 710 3902 ut
740 3854 1103 3919 compertum
1138 3849 1236 3904 fiat
1277 3855 1333 3904 et
1372 3850 1758 3921 exploratum,
1792 3856 2081 3924 quantum

437 3942 640 3991 sancto
671 3937 971 3992 dissimilis
1002 3938 1079 3994 sit
1111 3938 1182 4003 is,
1213 3937 1315 4010 qui
1345 3939 1502 3994 omni
1537 3941 1818 4010 spurcitia
1847 3945 1904 3996 et
1931 3941 2084 3997 caede

435 4029 526 4080 est
555 4027 1011 4095 contaminatus,
1043 4028 1388 4083 vestimento
1439 4035 1814 4099 comparatur
1858 4046 1870 4084 :
1925 4030 2080 4100 quod

437 4118 721 4184 quantum
755 4117 826 4170 ad
858 4115 1046 4186 ipsius
1091 4121 1361 4171 naturam
1396 4118 1622 4186 attinet,
1655 4118 1723 4172 ad
1777 4117 2080 4172 hominum

437 4208 708 4257 ornatum
743 4204 1073 4269 conficitur,
1107 4205 1206 4258 sed
1242 4204 1380 4274 quia
1409 4205 1782 4274 inquinatum
1814 4209 1904 4259 est
1942 4222 2081 4259 san-

435 4291 757 4360 guine,non
783 4292 1039 4362 amplius
1072 4291 1204 4346 usui
1230 4291 1331 4346 ulli
1360 4292 1619 4346 humano
1651 4293 2083 4348 accommodari

435 4382 644 4448 potest.
669 4379 748 4433 Ex
781 4379 886 4434 hoc
917 4379 1105 4450 palam
1131 4384 1238 4435 est.
1267 4379 1590 4450 malignum
1622 4379 1790 4434 illum
1817 4398 1930 4436 non
1958 4397 2081 4438 esse

435 4465 806 4521 immundum
840 4468 912 4522 ob
944 4467 1367 4539 supellectilem
1391 4473 1446 4522 et
1466 4485 1625 4540 opes,
1651 4469 1751 4523 sed
1777 4471 1929 4540 quod
1954 4488 2085 4526 san-

2190 563 2277 617 ἐπὶ
2334 570 2433 632 τῆς
2491 566 2593 637 γῆς
2641 563 2835 617 αὐτῶν
2868 563 2968 636 γῆς
3015 558 3246 628 ἐκείνης,
3279 557 3400 632 περὶ
3453 559 3519 624 ἧς
3583 553 3796 630 εἴρηται
3830 571 3847 585 ⁸

2193 652 2465 725 Μακάριοι
2547 654 2598 706 οἱ
2683 657 2896 726 πραεῖς,
2955 648 3040 704 ὅτι
3117 647 3270 701 αὐτοὶ
3351 644 3848 718 κληρονομήσουσι

2188 743 2287 810 τήν
2338 749 2460 816 γῆν
2495 741 2616 810 ἥτις
2679 739 2779 795 οὐκ
2834 737 2943 794 ἔστι
3008 737 3171 812 μέρος
3223 733 3422 804 ταύτης
3467 739 3566 802 τῆς
3599 738 3705 807 γῆς
3737 739 3841 801 τῆς

2195 831 2298 884 ὑπὸ
2344 833 2576 906 κατάραν
2626 829 3014 904 γεγενημένης·
3164 824 3216 879 ἐν
3273 822 3472 886 λύπαις
3520 819 3680 876 ἐσθίει
3737 820 3841 874 πά-

2191 941 2283 981 σας
2340 922 2435 982 τὰς
2495 920 2703 994 ἡμέρας
2755 924 2855 987 τῆς
2911 922 3056 986 ζωῆς
3088 915 3255 969 αὑτοῦ
3284 914 3312 968 ὁ
3346 911 3709 988 ἐργαζόμενος
3742 909 3844 963 αὖ⁸

2191 1011 2312 1080 τήν.
2347 1010 2774 1084 ΙῙροστεθήσεται
2833 1005 2890 1061 δὲ
2936 1005 3026 1060 καὶ
3055 1006 3084 1060 ὁ
3114 1004 3348 1080 γειώρας
3394 1006 3474 1073 τῷ
3504 994 3722 1066 Ἰακὼϐ,
3751 999 3844 1053 καὶ

2190 1103 2272 1170 τῷ
2302 1097 2545 1175 Ἰσραὴλ,
2572 1096 2970 1169 ἀναπαυομένῳ
3001 1092 3090 1148 ἰπὶ
3115 1095 3212 1162 τῆς
3257 1098 3358 1167 γῆς
3409 1091 3598 1145 αὐτοῦ.
3632 1089 3693 1146 Ὁ
3741 1108 3846 1142 πε-

2195 1187 2245 1262 ρὶ
2275 1189 2374 1256 τὴν
2407 1195 2507 1262 γῆν
2552 1185 3003 1259 διαπονούμενος,
3035 1185 3063 1238 ὁ
3113 1181 3463 1257 προσήλυτος
3519 1178 3676 1239 οὗτός

2193 1276 2334 1330 ἐστιν
2365 1278 2393 1331 ὁ
2424 1278 2677 1352 γειώρας.
2711 1277 2866 1350 Τάχα
2913 1274 3072 1335 οὗτός
3120 1270 3260 1327 ἐστιν
3293 1271 3321 1324 ὁ
3352 1269 3402 1338 ἐξ
3451 1269 3619 1324 ὶθνῶν
3680 1264 3844 1336 λαὸς,

2192 1365 2220 1418 ὁ
2277 1365 2700 1439 προστιθέμενος
2753 1363 2833 1437 τῷ
2889 1358 3108 1426 Ἰακὼϐ,
3166 1362 3225 1415 ’ὀν
3275 1359 3506 1434 γειώραν
3562 1358 3598 1425 ἡ
3649 1356 3841 1432 Γραφή

2191 1453 2608 1530 προσαγορεύει,
2642 1456 2755 1508 οἷον
2815 1452 3075 1525 πάροικον
3133 1449 3222 1505 καὶ
3279 1445 3628 1522 προσήλυτον
3689 1441 3844 1500 ὄντα.

2192 1543 2484 1620 Εὐεργεσία
2540 1541 2598 1597 δὲ
2652 1549 2769 1604 τοῖς
2828 1539 3234 1614 ὑποδεεστὲροις
3266 1537 3355 1592 καὶ
3388 1533 3573 1611 ἄρχειν
3633 1535 3843 1588 ἑαυτῶν

2195 1634 2268 1705 μὴ
2323 1632 2721 1705 ἐπισταμένοις,
2770 1631 2833 1686 τὸ
2886 1628 3162 1685 δουλεύειν
3218 1632 3336 1687 τοῖς
3386 1630 3504 1680 κατ’
3529 1622 3842 1694 ἐπιστήμην

2191 1719 2440 1796 ἅρχοοσι.
2473 1724 2670 1798 Διόπερ
2729 1721 2781 1776 ἐν
2841 1719 3111 1793 εὐλογίαις
3169 1715 3379 1792 ε’ίρηται
3409 1717 3489 1784 τῷ
3515 1716 3700 1767 Ἠσαῦο
3736 1711 3841 1764 Καὶ

2188 1815 2266 1881 τῷ
2323 1807 2542 1887 ἀδελφῷ
2600 1831 2695 1864 σου
2744 1805 3072 1868 δουλεύσεις.
3103 1810 3270 1860 Τοῦτο
3325 1809 3415 1858 οὖν
3463 1800 3575 1856 ἐστι
3604 1799 3666 1854 τὸ
3699 1801 3837 1871 (31),

2189 1899 2285 1956 Καὶ
2342 1899 2821 1970 πληθυνθησονται
2881 1897 2968 1952 ἐπὶ
3047 1898 3148 1964 τῆς
3220 1901 3324 1968 γῆς
3397 1894 3497 1946 τοῦ
3560 1893 3696 1943 Θεοῦ
3754 1887 3837 1949 εἷς

2187 1986 2420 2052 δούλους
2491 1989 2583 2042 καὶ
2659 1985 2877 2048 δούλας.
2930 1986 3065 2042 ’Λντ’
3124 1981 3430 2059 εὐεργεσίας
3515 1978 3832 2052 πρόσκειται

2187 2078 2372 2142 αὐτοῖς
2398 2079 2461 2132 τὸ
2501 2075 2797 2132 δουλεύειν,
2833 2074 2928 2130 Καὶ
2989 2071 3198 2129 ἔσονται
3259 2072 3312 2126 οἱ
3368 2066 3725 2144 ατ”χμάλωτοι
3779 2067 3834 2120 οἱ

2189 2165 2736 2241 αἰχμαλωτεῦσαντες
2787 2163 2999 2224 αὐτούς.
3033 2163 3096 2216 Οἱ
3152 2161 3246 2234 μὲν
3301 2161 3638 2241 τυραννικῶς
3695 2155 3834 2229 ἦγον

2190 2239 2699 2330 εἶς-αἰχμαλωσίαν,
2720 2258 2788 2328 τῇ
2822 2251 3045 2324 δουλείᾳ
3071 2255 3167 2306 τοῦ
3197 2244 3460 2304 διαϐόλου
3493 2239 3844 2301 ὑποῦάλλον-

2186 2365 2276 2405 τις
2332 2344 2458 2405 τοὺς
2504 2344 2924 2419 κρατουμένουςο
2959 2342 3010 2395 οἱ
3070 2337 3128 2394 δὲ
3176 2337 3574 2417 φιλανθρώπως
3629 2334 3840 2419 ἀνθ-υπ-

2191 2431 2412 2505 άγονται
2441 2432 2511 2500 τῇ
2541 2416 2934 2504 Ἷαῖχμαλωσίᾳ,
2969 2427 3027 2482 ἐκ
3066 2434 3168 2496 τῆς
3191 2416 3522 2498 τυραννίδος
3571 2425 3668 2475 τοῦ
3719 2416 3838 2473 δια-

2191 2515 2364 2575 ϐόλου
2392 2523 2460 2592 τῇ
2493 2516 2716 2590 δουλείᾳ
2742 2522 2839 2572 τοῦ
2890 2513 3124 2592 Χριστοῦ
3169 2514 3595 2590 προσαγόμενοι.
3637 2511 3842 2582 Ἐπαγ-

2187 2607 2344 2683 γελία
2400 2605 2457 2662 δὲ
2511 2612 2589 2680 τῷ
2637 2604 2883 2682 Ἰσραὴλ,
2930 2603 3221 2680 ἀπαλλαγὴ
3268 2605 3370 2671 τῆς
3427 2598 3678 2659 δουλείας
3735 2603 3843 2665 τῆς

2189 2695 2452 2772 σκληρᾶς,
2500 2698 2567 2763 ἧς
2623 2697 2731 2766 (32)
2786 2690 3072 2748 ἐδούλευσε
3125 2691 3238 2753 τοῖς
3296 2683 3696 2751 Βαϐυλωνίοις,
3746 2685 3838 2740 καὶ

2187 2786 2474 2860 προτροπὴ
2508 2783 2583 2846 εἷς
2617 2781 3045 2858 εὐσπλαγχνίαν,
3081 2781 3217 2836 ὥστε
3261 2773 3446 2834 λαϐεῖν
3493 2777 3588 2831 τὸν
3631 2778 3838 2849 Θρῆνον

2189 2873 2274 2928 ἐπὶ
2305 2874 2395 2928 τὸν
2433 2872 2658 2948 βασιλέα
2687 2867 3032 2939 Βαϐυλῶνος,
3060 2870 3149 2924 καὶ
3204 2870 3279 2942 μὴ
3327 2865 3629 2943 ἆπιχαίρειν
3667 2864 3838 2919 αὐτοῦ

2186 2967 2264 3032 τῷ
2293 2962 2570 3034 πτώματι,
2605 2958 2747 3016 ἀλλὰ
2779 2962 2993 3034 θρηνεῖν
3027 2957 3185 3013 αὐτὸν
3218 2957 3292 3019 ὡς
3325 2953 3508 3011 οἹκτου
3538 2954 3628 3009 καὶ
3673 2949 3838 3008 Utica

2189 3047 2308 3123 ἄξια
2329 3050 2649 3115 πεπονθότα.

2260 3141 2386 3195 278.
2429 3141 2530 3195 "Ov
2604 3137 2807 3214 τρόπον
2877 3137 3097 3210 ἱμάτιον
3175 3134 3226 3190 ἑν
3285 3132 3475 3206 αἵματι
3551 3131 3842 3208 πεφυρμὲ-

2192 3249 2284 3282 νον
2345 3227 2444 3282 οὐκ
2495 3223 2604 3282 ἔστι
2659 3226 2893 3302 καθαρόν
2929 3245 2941 3257 ⁸
2993 3223 3164 3286 οὕτως
3225 3220 3351 3277 οὐδὲ
3425 3220 3488 3275 σὺ
3572 3219 3668 3293 ἔσῃ
3738 3239 3843 3272 κα-

2194 3317 2379 3390 θαρός.
2410 3317 2555 3371 Διότι
2613 3316 2713 3384 τὴν
2761 3322 2862 3391 γῆν
2917 3336 3022 3388 μου
3071 3311 3380 3380 ἀπώλεσας,
3411 3308 3502 3365 καί
3555 3309 3647 3364 τὸν
3703 3306 3841 3362 λαόν

2195 3426 2298 3478 μου
2376 3405 2688 3466 ἀπέκτεινας
2724 3422 2740 3440 ο
2788 3403 2849 3459 οὗ
2933 3407 3007 3477 μὴ
3094 3403 3274 3475 μείνῃς
3348 3401 3425 3465 εἰς
3488 3400 3582 3454 τὸν
3665 3396 3846 3452 αἷῶνα

2191 3494 2416 3569 χρόνον·
2451 3496 2569 3548 Ἔτι
2604 3495 2741 3566 μέρη
2785 3495 2986 3566 Θρήνο.)
3046 3494 3160 3566 (33)
3187 3490 3327 3545 ἐστὶν
3379 3488 3456 3551 εἷς
3499 3490 3588 3542 τὸν
3636 3487 3844 3561 ἄρχον-

2188 3604 2254 3637 τα
2284 3577 2633 3650 Βαϐυλῶνος,
2665 3583 2752 3636 καὶ
2800 3583 2868 3635 τὰ
2917 3580 3142 3635 ἐκείνου.
3174 3575 3394 3647 Ἐπειδὴ
3453 3578 3555 3652 γὰρ
3613 3576 3754 3630 εἶπεν
3813 3576 3844 3629 ὁ

2190 3672 2428 3727 ἐκπεσὼν
2482 3672 2589 3726 ἀπὸ
2643 3675 2738 3725 τοῦ
2787 3669 3017 3746 οὐρανοῦ
3049 3667 3460 3747 Ἐωσφόρος,ἒν
3515 3669 3584 3740 τῇ
3639 3661 3844 3738 καρδίᾳ

2192 3761 2383 3816 αὐτοῦ’
2471 3755 2840 3833 Ἀναϐήσομαι
2936 3758 3012 3820 εἰς
3095 3758 3186 3812 τὸν
3272 3755 3500 3832 οὐρανὸν
3537 3798 3552 3825 ,
3638 3750 3841 3825 ἔσομαι

2190 3848 2385 3922 ὅμοιος
2441 3847 2521 3921 τῷ
2570 3847 2824 3922 Ὑψίστῳο
2868 3845 2960 3902 ’ίνα
3017 3844 3212 3922 δειχθῇ
3270 3845 3436 3900 πόσον
3478 3844 3672 3918 ἀπέχει
3723 3844 3841 3914 (34)

2188 3944 2288 4007 τῆς
2326 3938 2464 4013 πρὸς
2490 3938 2581 3991 τὸν
2615 3938 2763 4012 ἅγιον
2797 3936 3116 4009 ὁμοιώσεως
3167 3936 3195 3988 ὁ
3240 3935 3292 3988 ἑν
3345 3933 3489 4007 πάσῃ
3539 3930 3846 4005 ἀκαθαρσίᾳ

2189 4027 2279 4081 καὶ
2343 4025 2625 4103 μιαιφονίᾳ
2680 4024 3190 4102 κατεῤῥυπωμὲνος,
3245 4022 3450 4096 ἱματίῳ
3495 4016 3851 4095 παραϐάλλε-

2189 4135 2299 4184 ται,
2333 4115 2455 4169 ὅσον
2509 4114 2597 4168 ἰπὶ
2645 4117 2714 4188 τῇ
2764 4114 2953 4168 ἑαυτοῦ
3004 4111 3283 4188 φύσει,εἲς
3310 4109 3516 4183 κόσμον
3548 4109 3847 4182 ἀνθρώπου

2191 4204 2566 4275 πεποιημένῳ,
2627 4201 2715 4257 διὰ
2771 4200 2829 4258 δὲ
2881 4203 2943 4257 τὸ
2999 4203 3303 4280 ἑμφυρῆναι
3371 4197 3582 4272 αἵματι,
3644 4197 3849 4269 μηκέτι

2193 4289 2474 4365 δυναμένῳ
2507 4291 2581 4354 εἷς
2611 4299 2810 4368 χρῆσιν
2866 4289 3212 4368 ἀνθρωπίνην
3257 4285 3669 4364 παραδεχθῆναι
3703 4287 3843 4358 (35).

2193 4381 2288 4437 Ἐκ
2313 4380 2508 4436 τούτου
2541 4378 2730 4448 δῆλον,
2763 4380 2845 4434 ὅτι
2878 4382 2977 4435 οὐκ
3031 4380 3082 4434 ἓν
3131 4382 3199 4453 τῇ
3247 4379 3550 4450 κατασκευῇ
3601 4375 3664 4430 τὸ
3706 4374 3847 4430 ἀκά-

2194 4481 2387 4542 θαρτον
2439 4467 2554 4545 ἔχει
2588 4471 2616 4524 ὁ
2649 4470 2913 4545 πονηρὸς,
2943 4466 3072 4525 ἀλλ’
3101 4465 3286 4536 ἐπειδὴ
3333 4465 3562 4542 ἐνεφύρη
3621 4462 3846 4538 αἵματι,

433 4553 611 4624 guine
644 4557 916 4626 perfusus
948 4557 1044 4625 sit,
1078 4558 1295 4627 quippe
1336 4557 1435 4627 qui
1485 4557 1803 4628 perdiderit
1849 4559 2079 4614 Domini

2196 4559 2287 4628 τὴν
2317 4566 2421 4633 γῆν
2451 4557 2724 4621 ἀπολέσας
2752 4563 2849 4614 τοῦ
2886 4559 3111 4635 Κυρίου,
3143 4557 3232 4611 καὶ
3262 4557 3352 4611 τὸν
3386 4555 3516 4611 λαὸν
3701 4553 3846 4608 ἀπο-

431 4647 672 4710 terram,
693 4644 1095 4717 populumque
1111 4661 1214 4716 per
1231 4649 1534 4717 peccatum
1556 4646 1935 4704 interemerit.
1949 4649 2082 4705 Jam

2191 4647 2402 4708 κτείνας
2460 4644 2548 4702 διὰ
2596 4654 2697 4718 τῆς
2744 4647 3030 4723 ἁμαρτίας.
3061 4643 3200 4718 Ἤδη
3232 4646 3320 4700 καὶ
3369 4641 3626 4718 ἀλλαχοῦ
3675 4637 3844 4716 ἔγνω-

504 4827 548 4862 ⁴⁰
577 4827 784 4883 Matth.
816 4845 870 4900 ν,
902 4829 952 4884 li.
1029 4830 1073 4865 ιι
1106 4828 1249 4885 Gen.
1283 4845 1367 4901 ιιι,
1404 4830 1489 4884 17.
1567 4830 1612 4865 ⁴²
1642 4831 1786 4888 Gen.
1816 4848 1994 4902 xxvu,
2027 4834 2079 4888 4(

2196 4834 2236 4870 ⁸³
2267 4834 2379 4890 Isa.
2410 4849 2526 4902 xxv,
2563 4834 2649 4888 14.

503 5010 613 5082 (29)
645 5009 804 5066 Colb.
838 5012 1155 5079 secundus,
1186 5008 1374 5075 Ὅλος.

505 5081 614 5154 (3_0)
637 5081 730 5137 Sic
764 5089 1004 5154 uterque
1037 5083 1291 5138 Combef.
1327 5101 1458 5139 cum
1512 5084 1643 5140 aliis
1677 5086 1883 5141 tribus.
1923 5086 2074 5154 Edti;

433 5149 610 5229 αυτός.
646 5154 761 5209 Nec
800 5156 894 5229 ita
915 5149 1130 5229 multo
1163 5156 1317 5211 infra
1355 5156 1589 5212 codices
1639 5158 1921 5229 quinque,
1963 5149 2079 5211 οἷον

430 5223 714 5290 πάροικον.
749 5227 920 5290 Editi,
965 5225 1152 5282 οἱονεί.

525 5300 614 5366 31)
640 5298 880 5355 Codices
910 5299 1046 5371 duo,
1076 5296 1188 5371 ἐστι
1218 5297 1507 5371 16.7Deest
1549 5297 1611 5350 τό
1660 5298 1720 5352 in
1770 5297 2078 5371 pervulga-

433 5367 529 5426 tisi.
570 5371 788 5426 lbidem
838 5370 1000 5440 editi,
1031 5367 1492 5440 πληθυνθήσεται.
1524 5373 1593 5422 At
1631 5367 1798 5434 mssi,
1831 5367 2077 5436 πληθυν-

432 5438 1001 5514 OwﬁcoveauSubinde
1028 5448 1145 5498 tres
1179 5438 1702 5514 mss.,npdauemai.
1737 5440 1850 5495 Alii
1876 5442 1992 5497 duo
2023 5446 2079 5498 et

434 5514 595 5582 editi,
627 5513 929 5582 πρόκειται.

503 5586 616 5656 (32)
646 5581 738 5642 Sic
767 5603 912 5643 mss.
942 5583 1095 5656 Editi
1135 5597 1289 5639 vero.
1321 5581 1379 5656 ᾖ.

505 5587 595 5656 (32
646 5587 738 5642 Sic
767 5603 912 5643 mss.
942 5587 1095 5641 Editi
1135 5597 1289 5639 vero.
1321 5587 1379 5652 ᾖ.

505 5587 616 5730 (33)
649 5658 822 5731 Editi,
859 5660 956 5712 τοῦ
985 5655 1212 5732 θρήνου.
1246 5653 1550 5714 Artioulus
1579 5654 1640 5712 in
1671 5672 1821 5716 mss.
1844 5672 1961 5714 non
1982 5655 2076 5714 in-

2187 5014 2437 5071 venitur.

2264 5088 2374 5159 (34)
2405 5084 2560 5159 Editi
2590 5089 2660 5159 et,
2683 5085 2817 5158 Reg.
2854 5086 3170 5151 secundus,
3201 5082 3406 5159 ἀπίχῃ.
3443 5085 3555 5159 A_lii
3582 5088 3850 5159 quatuor

2191 5154 2364 5231 mea“.
2390 5157 2605 5230 ἀπέχει.
2638 5154 2846 5212 Statim
2874 5159 2990 5213 duo
3023 5174 3190 5222 mss.,
3223 5154 3521 5231 ἀκαθαρσίᾳ
3547 5154 3640 5210 καὶ
3665 5157 3848 5231 ἁμαρ-

2186 5227 2294 5298 τίᾳ,
2327 5227 2590 5301 spurciiia
2618 5238 2672 5284 et
2697 5235 2916 5299 peccato
2944 5231 3295 5301 inquinatus.

2259 5295 2370 5373 (35)
2399 5300 2593 5373 Nostri
2627 5295 2892 5372 quinque
2939 5295 3074 5356 lib'ri
3121 5308 3366 5367 veteres,
3397 5295 3842 5373 παραδεχθῆναι.

2188 5371 2362 5447 Editi,
2395 5370 2840 5447 παραληφθῆναὶο
2871 5375 3027 5442 quod
3065 5374 3208 5444 quin
3239 5370 3530 5447 optimum
3583 5370 3685 5443 sit,
3731 5389 3847 5426 non

2187 5443 2389 5517 dubito
2413 5443 2561 5517 ;_sed
2594 5443 2749 5500 unde
2779 5443 3330 5517 sumptum’nescio.

2260 5514 2370 5588 (36)
2399 5511 2490 5588 Sic
2521 5522 2765 5588 uterque
2788 5511 3046 5588 (Combef.
3069 5521 3128 5574 et
3150 5515 3248 5573 alii
3269 5521 3392 5572 tres
3411 5531 3557 5572 mss.
3580 5519 3654 5570 At
3673 5515 3843 5583 editi,

2187 5583 2392 5661 Κυρίου
2421 5585 2511 5640 τὸν
2541 5583 2688 5643 λαὸν
2705 5587 2817 5645 καί.
