4134 6224
247 357 366 419 609

1035 351 1448 416 COMMENT.
1489 353 1570 413 IN
1618 351 1887 414 ISAIAM
1929 351 2438 418 PROPHETAM.
2484 357 2658 419 CAP.
2703 358 2864 420 XIV.

3534 363 3654 424 610

252 508 348 561 μεν
401 484 606 559 ἱματίῳ
650 505 750 556 την
808 485 1153 561 ἀνθρωπίνην
1214 505 1370 559 φυσιν
1429 483 1898 560 παρεικαζομὲνην

2035 489 2069 540 ιι
2099 485 2213 541 alio
2244 487 2301 542 in
2337 489 2458 544 loco
2490 490 2809 545 humanam
2843 494 3116 546 naturam
3160 493 3234 547 ab
3278 493 3481 548 eodem
3516 511 3651 565 pro-

252 577 342 631 ὑπ’
365 577 530 630 αὐτοῦ
563 577 678 648 (37)
714 577 812 628 τοῦ
832 576 1141 649 προφήτου,
1171 571 1433 648 ,λέγοντος
1462 573 1598 648 πρὸς
1627 571 1754 634 τοὺς
1807 592 1900 625 πε-

259 664 683 736 παλαιωμένους
741 661 830 717 διὰ
881 669 981 732 τῆς
1037 662 1255 724 κακίας·
1295 659 1412 717 ἰδοὺ
1470 663 1662 723 πάντες
1724 661 1899 733 ὑμεῖς,

257 755 332 816 ὡς
387 754 605 826 ἱμάτιον
666 748 1137 823 παλαιωθήσεσθε,
1206 751 1294 805 καὶ
1362 751 1461 818 σὴς
1541 751 1900 824 καταφάγεται

254 845 420 916 ὑμᾶς.
450 843 606 908 Δεινῆ
641 837 700 896 δὲ
727 842 761 909 ἡ
789 839 1015 910 ἀπειλὴ,
1041 841 1104 895 τὸ
1158 837 1298 912 μηδὲ
1345 839 1423 900 εἰς
1471 838 1688 914 ὕστερον
1738 839 1903 891 καθα-

253 934 344 1010 ρὸν
378 930 614 987 ἔσεσθαι.
640 931 703 986 Ὀ
737 929 830 1001 μὶν
863 930 967 1003 γὰρ
1027 927 1077 982 ἐν
1134 928 1369 1004 ἁμαρτίᾳ
1405 928 1512 982 τινὶ
1563 926 1902 1005 πεφυρμένος

249 1025 349 1087 τήν
389 1021 482 1094 μὲν
513 1019 588 1081 εἷς
615 1020 676 1074 τὸ
725 1020 894 1093 παρὸν
943 1019 1286 1092 καθαρότητα
1332 1012 1660 1084 ἀποϐάλλει,
1692 1019 1788 1085 τῆς
1849 1014 1906 1070 δὶ

252 1111 330 1172 εἷς
357 1111 423 1165 τὸ
458 1108 665 1182 μέλλον
717 1108 775 1162 ἐκ
835 1103 1143 1179 μετανοίας
1174 1105 1541 1178 ἐλπιζομένης
1595 1107 1905 1178 καθάρσεως

252 1200 348 1254 οὐκ
413 1200 812 1271 ἀποστερεῖται.
867 1197 1122 1252 Ἐνταῦθα
1175 1191 1234 1248 δὲ
1280 1194 1545 1271 ἀπόφασις
1603 1191 1905 1264 παντελῶς,

248 1290 313 1344 τὸ
345 1286 493 1362 μηδὲ
523 1286 600 1349 εἲς
633 1286 854 1362 ὕστερον
909 1283 1115 1339 ἔσεσθαι
1175 1284 1431 1358 καθαρὸν,
1465 1281 1650 1352 ἐπειδὴ
1709 1285 1910 1361 πέφυρ-

248 1400 340 1433 ται
399 1376 451 1432 ἐν
509 1381 588 1447 τῷ
643 1373 830 1448 α’ίματι
878 1378 974 1427 τοῦ
1030 1373 1165 1428 λαοῦ
1218 1377 1315 1427 τοῦ
1341 1376 1496 1442 Θεοῦ,
1529 1373 1586 1426 ’ὸν
1646 1371 1910 1449 ἐνέκρωσε

252 1467 346 1523 διὰ
400 1473 507 1536 τῆς
564 1471 870 1541 παρακοῆς,
930 1463 1213 1537 ὑποσύρων
1274 1462 1433 1518 αὐτὸν
1491 1461 1579 1516 ἐπὶ
1644 1463 1744 1530 τήν
1809 1484 1906 1517 κα-

251 1559 376 1612 κίαν
389 1599 403 1612 .

323 1647 457 1702 279.
489 1645 650 1718 Τάχα
681 1643 810 1718 γὰρ,
840 1642 946 1717 πρὸ
993 1645 1092 1696 τοῦ
1121 1644 1404 1707 κτισθῆναι
1449 1643 1540 1696 τὸν
1602 1639 1908 1718 ἄνθρωπον,

251 1735 425 1796 τόπος
459 1753 542 1794 τις
579 1732 863 1804 μετανοίας
895 1730 984 1784 καὶ
1013 1735 1094 1803 τῷ
1143 1725 1388 1804 διαϐόλῳ
1447 1728 1787 1798 ὑπελείπετο,
1818 1729 1909 1797 καὶ

254 1821 487 1878 ἐδύνατο
547 1822 575 1876 6
637 1825 824 1894 τῦφος,
880 1818 929 1874 εἴ
968 1818 1060 1874 καὶ
1116 1819 1478 1895 ἀρχαιότερον
1531 1821 1598 1889 ἧν
1673 1820 1905 1890 νόσημα,
1940 1857 1990 1921 Β

256 1914 416 1984 ὅμως
447 1907 537 1964 διὰ
571 1907 856 1982 μετανοίας
897 1908 1082 1962 ἑαυτὸν
1135 1905 1484 1981 ἐξιασαμένου
1539 1908 1906 1983 θεραπευθεὶς,

257 2002 713 2067 ἀποκαταστῆσαι
745 1996 903 2052 αὐτὸν
930 1996 1004 2058 είς
1031 1997 1093 2051 τὸ
1146 1994 1402 2073 ἐξαρχῆς.
1436 1997 1560 2074 Ἀφ’
1591 1996 1652 2051 οὗ
1705 1993 1761 2050 δὲ
1812 1999 1909 2050 τοῦ

255 2090 474 2162 κόσμου
506 2090 540 2158 ἡ
573 2087 897 2155 κατασκευὴ,
929 2085 1017 2140 καὶ
1048 2083 1374 2161 παραδείσου
1426 2084 1613 2163 φυτεία
1817 2085 1906 2140 καὶ

258 2179 550 2252 ἄνθρωπος
579 2173 631 2229 ἐν
665 2173 833 2244 αὐτῷ,
859 2173 947 2227 καὶ
983 2171 1178 2240 ἄντολή
1230 2177 1384 2244 Θεοῦ,
1417 2172 1504 2226 καὶ
1558 2171 1756 2248 φθόνος
1813 2175 1910 2226 τοῦ

259 2261 554 2332 διαϐόλου,
586 2263 677 2318 καὶ
711 2263 872 2339 φόνος
902 2266 999 2316 τοῦ
1028 2279 1415 2333 τετιμημενου,
1445 2259 1777 2329 ἀπεκλείσθη
1814 2259 1910 2314 αὐ-

257 2361 338 2426 τῷ
378 2354 470 2408 καὶ
522 2356 550 2406 6
599 2351 765 2413 τόπος
810 2357 908 2420 τῆς
956 2349 1262 2423 μετανοίας.
1298 2350 1364 2406 Ei’
1415 2351 1519 2424 γὰρ
1547 2353 1710 2404 Ἡσαῦ
1753 2370 1911 2422 μετα-

259 2444 416 2506 νοίας
444 2443 611 2496 τόπον
637 2439 743 2514 οὐχ
771 2439 909 2514 εὗρε,
942 2440 1006 2493 τὰ
1035 2439 1384 2512 πρωτοτόκια
1439 2435 1798 2510 ἀποδόμενος,
1829 2437 1911 2500 τίς

260 2535 432 2595 τόπος
487 2529 837 2586 ὑπολείπεται
873 2530 1157 2602 μετανοίας
1211 2533 1290 2600 τῷ
1340 2529 1431 2583 τὸν
1483 2528 1910 2605 πρωτόπλαστον

265 2620 642 2678 ἀποκτείναντι
699 2617 1003 2693 ἄνθρωπον,
1035 2616 1124 2672 καί
1181 2615 1249 2672 δι’
1282 2617 1486 2672 ἐκείνου
1540 2620 1630 2673 τὸν
1684 2618 1913 2682 θάνατον

266 2708 623 2786 είσενεγκόντι
658 2710 806 2777 (39);
842 2708 982 2761 Φασὶ
1024 2703 1081 2761 δὶ
1111 2706 1198 2761 καὶ
1229 2707 1320 2761 τὸν
1354 2707 1412 2762 ἐκ
1439 2711 1533 2762 τοῦ
1578 2705 1780 2782 λύθρου
1817 2712 1913 2762 τοῦ

266 2799 614 2875 ἀνθρωπίνου
673 2795 1016 2872 ἐγγινόμενον
1074 2795 1270 2851 σπῖλον
1315 2801 1394 2868 τῷ
1444 2796 1667 2869 ίματίῳ,
1724 2793 1915 2870 μηδενὶ

266 2889 460 2963 τρόπῳ
492 2884 742 2940 δύνασθαι
789 2885 1220 2952 ἀποπλόνασθαι,
1252 2883 1398 2939 ἀλλά
1440 2889 1716 2959 συγγηρᾷν
1765 2885 1915 2954 αὐτῷ

265 2981 368 3046 τὴν
429 2977 567 3044 ἅπαξ
608 2973 966 3050 ἐγγενομένην
1025 2973 1076 3027 ὲν
1135 2980 1233 3042 τῆς
1293 2972 1346 3026 ἐν
1383 2974 1462 3044 τῷ
1495 2972 1682 3046 αἵματι
1736 2974 1912 3051 βαφῆς

267 3065 595 3121 ἀλλοίωσινο
629 3060 754 3117 οὐδὲ
795 3061 883 3116 οῦν
916 3063 1029 3135 (40)
1079 3061 1263 3134 ἐκείνῳ
1317 3059 1562 3133 δυνατὸν,
1596 3062 1916 3135 ἀποθεμὲνῳ

264 3157 358 3210 τὸν
393 3154 452 3209 ἐκ
480 3158 576 3208 τοῦ
610 3150 836 3224 α’ίματος
893 3150 1110 3222 σπῖλον,
1142 3161 1382 3225 γενεσθαι
1442 3151 1698 3224 καθαρόν.
1728 3153 1913 3225 Τήρη-

269 3266 360 3298 σον
399 3241 456 3297 ὂὶ
484 3243 584 3310 τὴν
620 3238 761 3313 λὲξιν
795 3239 1137 3316 ἐμφαντικῶς
1176 3244 1520 3310 παριστῶσαν
1565 3241 1656 3294 τὸν
1718 3239 1778 3294 ἐκ
1812 3247 1912 3309 τῆς

272 3331 593 3407 μιαιφονίας
626 3329 816 3398 ῥύπον.
849 3328 926 3386 Οὐ
974 3328 1074 3403 γὰρ
1134 3329 1300 3396 εἶπεν,
1336 3331 1419 3383 Ἐν
1479 3327 1665 3401 αἵματι
1729 3329 1917 3406 βαφὲν,

269 3417 971 3496 ἀλλᾶ,11εφυρμὲνον,’ίνα
1031 3415 1321 3488 ἐνδείξηται
1382 3419 1542 3472 αὐτὸν
1603 3417 1922 3493 ἑγκυλιόμε-

270 3534 359 3567 νον
388 3513 508 3585 (41)
540 3513 620 3580 τῷ
651 3508 800 3585 φόνῳ
841 3512 946 3561 τῶν
991 3506 1407 3581 ἀναιρουμένων.
1446 3508 1615 3569 Οὗτος
1664 3509 1763 3576 τὴν
1821 3510 1919 3584 γῆν

272 3600 529 3656 ἀπώλεσε
557 3602 652 3652 τοῦ
695 3601 849 3662 Θεοῦ,
880 3596 968 3651 καὶ
1016 3597 1106 3650 τὸν
1153 3593 1283 3650 λαὸν
1332 3595 1495 3650 αὐτοῦ
1538 3597 1829 3671 ἀνῄρηκεν.
1862 3598 1924 3653 Ὀ

278 3692 370 3763 μὲν
405 3688 502 3743 οὗν
537 3681 1022 3761 Ναϐουχοδονόσορ
1054 3687 1324 3758 ἠρήμωσε
1369 3687 1468 3753 τήν
1525 3692 1650 3759 γῆν,
1683 3685 1922 3758 ἐκτεμὼν

276 3779 446 3848 αὗτῆς
486 3777 554 3830 τὰ
582 3775 902 3851 καρποφόρα
950 3774 1107 3850 φυτὰ,
1138 3774 1328 3846 κώμας
1365 3778 1444 3845 τῷ
1488 3775 1776 3848 ἀφανισμῷ
1828 3779 1925 3828 τοῦ

275 3869 616 3942 ἆμπρησμοῦ
647 3859 1002 3938 παραδιδούς.
1037 3861 1210 3923 Αὐτὸς
1244 3864 1354 3936 (42)
1386 3861 1473 3917 καὶ
1520 3863 1613 3917 τὸν
1653 3861 1782 3918 λαὸν
1830 3868 1927 3918 τοῦ

274 3953 531 4032 Ἰσραὴλ,
561 3953 654 4008 τὸν
708 3953 802 4024 μὶν
844 3951 1146 4006 ἀπέκτεινεν
1202 3949 1254 4004 ἐν
1289 3952 1557 4024 μαχαίρᾳ,
1590 3952 1681 4005 τὸν
1729 3949 1787 4006 δὲ
1844 3951 1928 4006 αι-

272 4044 586 4121 χμάλωτον
629 4040 902 4115 ἀπήγαγεν
933 4039 1008 4100 εἷς
1053 4038 1151 4106 τήν
1197 4033 1510 4094 Βαϐυλῶνα.
1540 4036 1682 4108 Ἤδη
1735 4036 1792 4093 δι
1837 4039 1928 4093 καὶ

273 4113 616 4206 Spuma»:
658 4113 1069 4201 ὀνομαζόμενος
1120 4121 1437 4188 Βαϐυϐῶνος
1493 4125 1745 4200 βασιλεὺς
1778 4129 1805 4182 6
1834 4149 1927 4183 κο-

274 4221 610 4297 σμοκρατωρ
666 4221 764 4272 τοῦ
816 4217 1027 4288 κόσμου
1101 4214 1297 4269 τούτου
1347 4213 1506 4273 ἐστίν.
1559 4216 1782 4279 Οίκείως
1828 4218 1930 4292 γὰρ

273 4313 368 4367 καὶ
400 4312 500 4378 τὴν
531 4308 796 4383 σύγχυσιν
852 4310 948 4360 τοῦ
1003 4304 1211 4377 κόσμου
1268 4303 1464 4359 τούτου
1519 4300 1820 4361 Βαϐυλῶνα
1874 4304 1934 4360 ἄν

273 4423 360 4462 τις
388 4397 703 4475 προσείποι.
735 4393 1105 4470 Αἲχμάλωτον
1139 4394 1240 4468 γὰρ
1269 4391 1493 4462 ἐποίησε
1520 4395 1611 4448 τὸν
1649 4392 1780 4448 λαὸν
1836 4399 1933 4449 τοῦ

278 4494 438 4561 Θεοῦ,
463 4488 571 4542 ἀπὸ
626 4487 724 4554 τῆς
773 4490 919 4553 ζωῆς
966 4484 1303 4556 μεταστήσας
1361 4481 1436 4544 εἲς
1483 4483 1746 4546 θάνατον·
1793 4485 1930 4559 ἠρή-

2013 573 2189 646 pheta
2219 593 2350 631 cum
2377 578 2724 633 vestimento
2748 579 3019 635 collatam
3046 582 3228 637 fuisse
3254 582 3650 650 novimus,ubi

2012 663 2278 720 videlicet
2296 666 2576 721 adversus
2593 684 2690 722 eos
2709 667 2807 738 qui
2831 671 2886 722 in
2916 670 3137 724 malitia
3158 670 3457 724 inveterati
3487 677 3648 734 sunt,

2013 752 2096 806 ait
2120 769 2131 806 :
2167 755 2296 808 Ecce
2327 770 2510 810 omnes
2538 772 2648 823 vos,
2672 766 2731 812 ut
2756 760 3136 813 vestimentum
3157 760 3574 825 inveterascelis,
3601 764 3651 814 et

2016 843 2168 896 tinea
2201 843 2433 897 comedet
2457 860 2546 899 vos
2566 846 2629 899 “.
2673 851 2768 898 Est
2797 852 2989 900 autem
3023 847 3217 918 gravis
3251 849 3650 913 comminatio,

2015 930 2228 992 fore.ut
2257 949 2326 986 ne
2348 932 2406 986 in
2433 940 2727 1004 posterum
2753 936 2990 1005 quidem
3020 937 3469 1000 mundetur.0ui
3494 938 3651 991 enim

2015 1019 2360 1090 inquinatur
2381 1027 2615 1093 peccato
2637 1021 3204 1095 aliquo,przesentem
3239 1026 3469 1096 quidem
3490 1025 3657 1080 amit-

2015 1109 2086 1162 tit
2118 1110 2490 1181 munditiam,
2535 1113 2636 1166 sed
2695 1113 3023 1183 expiatione
3071 1131 3194 1184 quas
3253 1114 3526 1184 deinceps
3557 1131 3658 1185 per

2017 1198 2415 1269 pmnitentiam
2441 1205 2727 1271 speratur,
2753 1218 3122 1273 nequaquam
3143 1208 3319 1257 caret.
3342 1203 3441 1257 Ilic
3460 1208 3654 1257 autem

2019 1283 2188 1355 plane
2211 1286 2712 1356 pronuntiat,eum
2739 1305 2806 1343 ne
2829 1289 2885 1342 in
2912 1295 3207 1360 posterum
3233 1291 3466 1362 quidem
3489 1306 3658 1344 mun-

2018 1373 2158 1428 dum
2186 1376 2325 1444 fore,
2351 1391 2482 1429 cum
2516 1376 2591 1431 sit
2614 1377 2955 1448 inquinatus
2986 1378 3273 1449 sanguine
3294 1377 3492 1450 populi
3520 1378 3654 1433 Dei:

2019 1477 2192 1532 quem
2226 1464 2295 1517 ad
2333 1461 2617 1519 malitiam
2657 1465 3000 1530 adductum,
3052 1483 3153 1536 per
3200 1465 3656 1522 inobedientiam

2019 1551 2190 1604 morti
2223 1552 2486 1606 tradidit.

2087 1639 2212 1692 279.
2245 1641 2410 1696 Forte
2467 1642 2647 1707 enim,
2709 1643 3052 1714 priusquam
3112 1648 3408 1700 crearetur
3459 1644 3658 1710 homo,

2020 1733 2325 1798 supererat
2354 1729 2442 1786 vel
2467 1731 2576 1802 ipsi
2599 1731 2830 1787 diabolo
2853 1732 3068 1803 aliquis
3091 1733 3440 1804 pmnitentim
3473 1735 3656 1790 locus.

2019 1819 2202 1886 Atque
2234 1819 2509 1889 superbia
2541 1819 2658 1889 illa,
2693 1821 2922 1876 etiamsi
2950 1823 3096 1876 foret
3117 1823 3358 1877 morbus
3389 1823 3542 1879 592
3565 1838 3662 1878 ve-

2018 1905 2412 1977 tustissimus,
2444 1909 2492 1963 si
2514 1913 2711 1965 tamen
2737 1910 2807 1964 ab
2841 1910 2968 1982 ipso
2991 1911 3098 1965 sibi
3127 1911 3237 1981 ipsi
3261 1927 3362 1983 per
3385 1912 3663 1982 pcsniten-

2018 1996 2262 2051 tentiam
2294 1998 2562 2053 medente
2597 1998 2802 2053 (uisset
2827 2005 3048 2066 curata,
3075 1999 3380 2056 restituere
3409 1999 3576 2055 illum
3601 1999 3661 2055 in

2019 2085 2336 2156 pristinum
2398 2091 2614 2142 statum
2649 2089 2956 2159 potuisset.
3016 2089 3124 2144 Sed
3186 2094 3316 2160 post
3359 2088 3663 2144 conditum

2021 2175 2331 2241 mundum,
2363 2182 2496 2246 post
2524 2178 2820 2233 consitum
2854 2178 3215 2248 paradisum,
3253 2183 3381 2248 post
3413 2177 3659 2234 colloca-

2019 2267 2148 2318 tum
2178 2263 2238 2318 in
2265 2280 2332 2319 eo
2357 2264 2819 2337 hominem,post
2841 2267 2939 2321 Dei
2967 2271 3342 2338 praeceptum,
3375 2274 3504 2338 post
3535 2267 3660 2322 dia-

2020 2351 2140 2407 boli
2171 2353 2476 2420 invidiam,
2508 2359 2641 2425 post
2671 2353 2830 2410 illius
2861 2355 2957 2426 qui
2995 2355 3392 2411 bonorabatur
3419 2357 3660 2422 caedem,

2021 2445 2145 2496 tum
2179 2442 2228 2496 ei
2263 2443 2602 2499 obstructus
2651 2449 2742 2498 est
2795 2443 3146 2515 pmnitentim
3195 2444 3376 2500 locus.
3413 2445 3471 2501 Si
3503 2444 3659 2500 enim

2023 2530 2170 2585 Esau
2195 2531 2332 2600 jure
2359 2531 2568 2602 prioris
2591 2538 2752 2587 ortus
2773 2533 3028 2597 vendito,
3052 2533 3278 2588 nullum
3309 2533 3532 2590 invenit
3548 2552 3663 2606 pm-

2023 2621 2279 2673 nitentite
2302 2619 2490 2674 locum
2519 2637 2531 2674 :
2565 2620 2762 2690 ecquis
2813 2623 3162 2692 pmniteutiae
3211 2622 3374 2678 locus
3403 2623 3452 2677 ei
3485 2621 3660 2678 relin-

2025 2708 2245 2779 quitur,
2278 2709 2377 2779 qui
2410 2708 2835 2780 protoplastum
2859 2710 3155 2765 hominem
3185 2711 3450 2782 peremit,
3482 2715 3539 2766 et
3563 2728 3665 2781 per

2024 2813 2157 2851 eum
2189 2803 2432 2852 mortem
2466 2798 2728 2852 invexit?
2775 2799 2990 2854 Ferunt
3034 2806 3229 2854 autem
3282 2799 3570 2855 maculam
3602 2800 3661 2854 in

2023 2886 2371 2940 vestimento
2403 2889 2474 2942 ab
2505 2887 2765 2942 humano
2797 2889 3083 2958 sanguine
3120 2889 3466 2958 impressam
3501 2888 3661 2944 nullo

2025 2975 2197 3028 modo
2229 2974 2449 3046 detergi
2483 2991 2673 3045 posse,
2698 2976 2796 3029 sed
2823 2976 3224 3031 alterationem
3258 2994 3327 3031 ex
3357 2977 3665 3048 sanguinis

2024 3062 2281 3117 tinctura
2329 3062 2509 3118 semel
2553 3069 2933 3129 contractam,
2989 3081 3104 3118 una
3149 3082 3282 3120 cum
3320 3065 3664 3120 vestimento

2023 3167 2440 3207 consenescere
2467 3169 2480 3205 :
2515 3152 2637 3207 fieri
2672 3153 2850 3224 igitur
2880 3170 2993 3208 non
3045 3159 3256 3224 potest,
3305 3159 3367 3207 ut
3398 3152 3494 3208 ille
3525 3170 3663 3208 sau-

2027 3237 2258 3311 guineis
2289 3241 2530 3295 maculis
2559 3241 2766 3296 deletis
2797 3248 2852 3296 et
2885 3243 3190 3298 abstersis.
3223 3243 3430 3297 evadat
3462 3259 3664 3313 purus.

2030 3329 2284 3383 Observa
2315 3335 2507 3383 autem
2557 3331 2867 3384 dictionem
2922 3333 3124 3386 sordes
3172 3348 3240 3386 ex
3285 3331 3438 3385 caede
3470 3346 3668 3401 prove-

2032 3417 2259 3472 nientes
2288 3417 2586 3473 evidenter
2615 3419 3059 3490 exprimentem.
3113 3420 3235 3474 Non
3285 3419 3441 3474 enim
3483 3419 3629 3473 dixit
3658 3437 3670 3474 :

2032 3505 2462 3560 Vestimentum
2497 3513 2736 3561 unctum
2773 3508 3080 3578 sanguine,
3105 3509 3228 3573 sed,
3281 3509 3673 3578 inquinatum:

2032 3592 2092 3648 id
2128 3601 2189 3647 ut
2217 3595 2486 3648 ostendat
2517 3595 2573 3648 in
2614 3597 2766 3650 caede
2814 3602 3246 3666 peremptorum
3303 3598 3482 3652 fuisse
3514 3595 3677 3652 volu-

2035 3689 2246 3737 tatum.
2280 3682 2382 3736 Hic
2415 3684 2667 3753 perdidit
2707 3685 2804 3739 Dei
2854 3691 3094 3754 terram,
3136 3692 3192 3739 et
3241 3686 3522 3757 populum
3550 3687 3679 3755 ejus

2036 3771 2427 3827 iuteremit.Et
2454 3789 2587 3826 vero
2611 3773 3148 3828 Nabuchodonosor
3171 3780 3384 3829 terram
3408 3774 3677 3840 vastavit,

2037 3860 2246 3917 excisis
2279 3858 2493 3932 plantis
2537 3862 2664 3929 ejus
2716 3862 3055 3927 fructiferis,
3116 3868 3173 3917 et
3218 3862 3360 3917 vicis
3411 3862 3680 3917 incendio

2038 3966 2281 4021 prorsus
2312 3950 2679 4020 consumptis
2699 3951 2762 4003 ⁸⁵.
2789 3952 2934 4015 Quin
2961 3956 3018 4005 et
3042 3951 3166 4021 ipse
3195 3950 3474 4021 pupulum
3503 3948 3681 4004 Israel

2040 4037 2250 4110 partim
2285 4038 2498 4092 occidit
2527 4038 2740 4106 gladio,
2777 4040 2986 4110 partim
3023 4039 3318 4110 captivum
3353 4039 3592 4092 abduxit
3619 4040 3682 4091 in

2041 4126 2415 4199 Babylonem.
2447 4129 2725 4182 Craterum
2760 4132 2952 4181 autem
3001 4128 3173 4182 etiam
3211 4128 3260 4181 is
3310 4125 3407 4197 qui
3444 4125 3686 4194 mystice

2041 4233 2139 4270 rex
2162 4215 2474 4287 Babylonis
2492 4216 3062 4281 nominatur,mundi
3082 4217 3260 4285 hujus
3278 4215 3550 4287 princeps
3572 4217 3681 4270 est.

2041 4307 2185 4362 Nam
2212 4308 2412 4361 mundi
2451 4307 2624 4377 bujus
2647 4306 3049 4361 confusionem
3076 4312 3263 4377 potest
3283 4306 3417 4377 quis
3434 4309 3566 4375 apte
3591 4321 3689 4373 ap-

2043 4397 2260 4468 pellare
2301 4396 2674 4468 Babylonem.
2695 4397 2921 4450 Etenim
2946 4396 3044 4450 Dei
3071 4395 3378 4466 pepulum,
3411 4413 3441 4450 a
3463 4395 3584 4448 vita
3614 4396 3683 4449 ad

2045 4494 2291 4542 mortem
2311 4487 2660 4542 translatum
2687 4489 2973 4542 abstraxit
2993 4489 3050 4541 in
3075 4487 3447 4541 servitutem:
3471 4490 3685 4540 terram

283 4600 436 4653 μωσε
468 4575 525 4632 δὶ
573 4577 670 4644 τήν
709 4580 833 4649 γῆν,
864 4573 960 4641 τὴν
1014 4571 1238 4626 ἑκάστου
1277 4570 1446 4646 σάρκα
1490 4569 1797 4649 διαφθείρας
1845 4570 1917 4628 διᾶ

2040 4594 2173 4634 vero
2205 4577 2548 4643 devastavit,
2578 4578 3046 4647 uniuscujusque
3070 4593 3243 4631 carne
3265 4593 3366 4648 per
3389 4582 3688 4647 peccatum

275 4672 382 4738 τῆς
441 4665 730 4742 ἁμαρτίας,
761 4662 941 4726 καθὼς
992 4662 1314 4736 γέγραπται,
1347 4660 1428 4714 ὅτι
1470 4664 1584 4734 (-i3)
1637 4661 1929 4739 Κατέφθει-

280 4779 344 4835 ρε
374 4763 517 4811 πᾶσα
546 4754 676 4827 σὰρξ
698 4754 796 4821 τήν
827 4747 950 4806 ὁδὸν
980 4749 1170 4818 αὐτῆς.

2043 4677 2338 4738 corrupta,
2374 4668 2521 4722 sicut
2552 4669 2836 4737 scriptum
2881 4674 3008 4722 est:
3044 4667 3305 4738 Corrupit
3354 4667 3532 4722 omnis
3562 4681 3694 4722 caro

2041 4757 2190 4809 viam
2220 4770 2387 4809 suam
2414 4755 2477 4807 ⁸⁸.

358 4885 406 4919 ⁸⁸
436 4882 546 4938 Isa.
581 4898 633 4947 ι,
661 4879 715 4932 9.
790 4877 835 4912 ⁸⁸
864 4875 938 4931 IV
969 4875 1106 4948 Reg.
1138 4891 1269 4941 xxv,
1301 4877 1353 4947 1,
1385 4892 1541 4947 sqq.;
1573 4875 1787 4933 Jerem.
1821 4894 1917 4932 xx:

2048 4879 2072 4933 1
2109 4895 2242 4951 sqq.
2318 4879 2362 4913 ⁸⁸
2392 4882 2530 4932 Gen.
2566 4894 2644 4944 vr,
2676 4878 2763 4931 12.

379 5026 472 5092 37)
528 5021 764 5079 Codices
790 5019 960 5092 duo,
1007 5017 1134 5088 παρ’
1164 5015 1348 5092 αὐτοῦ.
1382 5018 1534 5092 Mox
1586 5018 1750 5089 editi,
1773 5089 1781 5092 _
1807 5016 1932 5082 τοὺς

275 5088 746 5167 παλαιόυμὲνους.
787 5089 941 5146 Libri
985 5106 1119 5146 vero
1169 5089 1417 5162 antiqui,
1448 5088 1576 5151 τοὺς
1619 5088 1936 5144 πεπαλαιω-

357 5190 500 5223 νους.

282 5168 677 5309 I‘lél’Z‘i’fl‘tifuinili,
716 5227 1048 5309 παραδείσου
1084 5228 1290 5309 φυτεία,
1337 5233 1446 5288 Sed
1499 5248 1605 5288 vox
1651 5231 1936 5309 usumin

278 5304 428 5370 mss.
451 5304 581 5365 'uou
624 5304 946 5370 invenitur;
998 5304 1070 5358 ob
1093 5304 1300 5377 :idque
1329 5320 1458 5360 eam
1491 5322 1524 5359 θ.
1556 5304 1937 5377 typographie

275 5386 540 5441 additam
592 5396 722 5434 esse
769 5378 1057 5448 suspicor.
1091 5375 1338 5431 Necesse
1395 5384 1591 5432 tamen
1628 5375 1767 5432 non
1809 5375 1940 5432 ‘fuit

277 5459 610 5528 quidquam
643 5449 911 5528 adjicere,
933 5465 1066 5502 cum
1095 5465 1200 5528 vox
1230 5449 1527 5528 κατασκευή
1559 5448 1817 5528 suppleri
1846 5449 1936 5528 fa-

277 5514 389 5585 éite
422 5514 632 5599 possit.
670 5514 796 5599 Mox
833 5524 965 5599 Reg.
1001 5523 1264 5599 quartus,
1299 5519 1386 5572 καὶ
1433 5514 1722 5599 φόνος-τσῦ
1750 5514 1937 5599 διαϐόξ

277 5599 402 5663 λου,
422 5588 529 5651 ’καὶ
565 5592 774 5669 ,φθόνος
802 5588 938 5669 τοῦ
975 5588 1363 5669 τετιμημένου,
1407 5588 1616 5648 diaboli
1662 5593 1854 5659 uades,
1886 5596 1938 5649 et

278 5673 497 5729 invidia
526 5663 685 5725 illius
715 5665 812 5736 qui
837 5663 1228 5721 honorabatur.

2117 5021 2230 5093 (39)
2276 5021 2451 5086 Editi,
2503 5018 2859 5093 εἷσαγαγόντι.
2909 5023 2982 5077 At
3032 5039 3178 5097 mss,
3211 5024 3470 5096 quinque
3520 5025 3585 5077 ut
3633 5021 3693 5076 in

2049 5097 2317 5149 contextu
2330 5133 2343 5146 .

2120 5165 2232 5234 (40)
2263 5163 2503 5234 Antiqui
2537 5169 2655 5219 tres
2687 5162 2844 5230 libri,
2876 5160 3001 5217 οὐδὲ
3043 5160 3158 5220 οὖν.
3189 5165 3300 5222 Alii
3349 5167 3485 5233 duo,
3519 5158 3694 5234 οὐδὲν.

2258 5232 2398 5311 οὔτε.
2423 5231 2638 5311 ξὶεῐὶω
2671 5235 2936 5306 quinque
2965 5253 3134 5307 m88.,
3168 5240 3410 5311 γενέσθαι
3441 5231 3691 5306 καθαρόν.

2049 5306 2220 5372 Editi,
2247 5308 2484 5377 καθαρῷ.

2119 5380 2233 5446 (41)
2263 5379 2358 5435 Slc
2388 5374 2528 5449 mss.
2560 5395 2786 5432 omnes.
2818 5377 2993 5447 Editi,
3026 5374 3496 5449 ἆγκεκυλισμξνσν.

2119 5451 2228 5518 (42)
2263 5452 2434 5510 Editi.
2467 5448 2656 5510 υῦτος.
2688 5452 2758 5504 Αι
2780 5465 2945 5519 Δῐηξιει.
2980 5445 3495 5519 ’ᾳυ’ἰη(]υθ,ᾉύτός.
3529 5445 3692 5499 Haud

2254 5523 2655 5599 Bagam-tius,
2689 5513 3041 5599 BFQUZJbv'to-C
3077 5513 3378 5599 βασιλεύς...
3526 5591 3534 5599 ι
3626 5585 3663 5599 ὀ

2117 5586 2232 5664 (43)
2265 5586 2438 5662 Editi,
2473 5592 2554 5647 ὅτι
2587 5589 2696 5648 ἴδεν
2722 5592 2749 5645 6
2779 5590 2908 5653 Θεὸς
2936 5590 3041 5647 ὅτι.
3071 5586 3137 5648 Ᾰῑ
3167 5607 3312 5647 mea.
3344 5589 3444 5651 ita,
3479 5591 3544 5641 ut
3574 5586 3696 5642 edi-

2049 5663 2266 5722 dimus.
