4134 6224
405 340 516 400 6H

1349 323 1745 396 APPBNDlX
1785 325 2111 392 OPERUM
2153 324 2220 385 S.
2263 322 2546 385 BASILII
2592 323 2863 386 MAGNI.

3698 333 3830 395 612

479 471 604 526 280.
635 471 804 526 Vens.
835 471 927 536 21,
955 472 1047 525 22.
1097 469 1290 526 Semen
1337 484 1592 538 pravum,
1635 478 1890 538 praepara
1938 463 2059 514 tuos

2241 455 2366 510 280.
2422 454 2649 531 Σπέρμα
2703 457 2968 533 πονηρὸν,
3026 459 3312 532 έτοίμασον
3389 461 3456 516 τὰ
3509 461 3669 519 τέκνα
3723 485 3829 519 σου

409 562 573 631 ﬁlios,
605 569 663 614 ut
692 561 1011 631 iugulentur
1038 561 1274 630 peccatis
1300 559 1482 628 patris
1516 558 1621 619 lui,
1652 571 1720 610 ne
1751 558 2063 622 resurgant,

409 659 463 705 et
493 667 562 703 ne
609 648 884 720 impleant
934 653 1139 702 terram
1189 647 1524 702 civitatibus.
1562 649 1626 704 Et
1668 646 1954 710 insurgam
2002 640 2060 692 in

411 755 520 806 eos,
556 739 694 792 dicit
729 739 987 792 Dominus
1016 735 1271 799 Sabaoth,
1299 740 1347 790 et
1373 734 1604 806 perdam
1625 748 1813 788 eorum
1840 744 2060 794 nomen,

410 835 460 883 el
490 828 782 898 reliquias,
816 835 863 882 et
888 841 1087 880 semen.
1115 825 1229 879 Nec
1258 824 1380 894 ipse
1405 822 1592 878 solum
1617 839 1732 876 non
1759 819 1867 875 erit
1899 834 2064 871 mun-

411 917 540 985 dus,
567 917 664 969 sed
693 930 1041 968 successura
1064 913 1240 966 etiam
1265 909 1722 994 sceleratijllius
1753 906 2063 977 posteritas

415 1022 529 1058 una
553 1020 684 1057 cum
713 1004 838 1072 ipso
865 1003 1120 1055 bonitate
1142 998 1586 1055 clementissimi
1612 997 1708 1052 Dei
1735 995 2061 1051 delebitur:

413 1094 511 1165 qui
539 1093 712 1156 ﬁlios,
736 1091 1006 1145 videlicet
1030 1106 1141 1144 non
1167 1095 1286 1144 tam
1311 1088 1602 1144 carnalem
1627 1085 1870 1160 prolem,
1889 1100 2064 1155 quam

413 1198 651 1252 operum
696 1197 763 1235 ex
814 1177 967 1234 malo
1018 1179 1220 1234 habitu
1275 1176 1769 1250 proficiscentium
1823 1175 2000 1228 fetum
2035 1188 2066 1226 e

417 1270 611 1324 medio
644 1269 766 1323 tolli
803 1269 1112 1340 permittit.
1135 1269 1327 1322 Semen
1356 1283 1607 1338 pra-vum.
1633 1264 1792 1330 Quod
1829 1261 2064 1316 malitia:

417 1375 532 1414 non
566 1363 690 1413 erat
722 1363 903 1429 pater,
938 1358 1036 1411 sed
1073 1357 1221 1426 quod
1259 1356 1330 1411 ab
1354 1355 1467 1410 alio
1499 1353 1735 1409 malitia:
1787 1350 2065 1424 praeeunti

412 1453 602 1502 ortum
637 1449 878 1513 accepit,
912 1453 1084 1516 atque
1129 1444 1452 1516 nequitiam
1487 1443 1634 1514 ejus,
1662 1442 1762 1513 qui
1796 1457 1857 1495 se
1889 1439 2064 1494 semi-

412 1537 593 1603 navit,
636 1535 905 1589 imitatus
955 1540 1064 1600 est,
1097 1535 1227 1589 ideo
1276 1534 1493 1587 dicitur
1545 1548 1744 1586 semen
1796 1545 2060 1601 pravum.

409 1626 689 1694 Prwpara
716 1624 861 1692 ﬁlios
889 1627 1028 1690 tuos,
1081 1630 1140 1676 ut
1161 1623 1470 1692 juguenlur
1495 1619 1727 1690 peccatis
1757 1620 1930 1689 patris
1961 1618 2063 1670 tui.

410 1713 846 1783 Nonnunquam
865 1712 1198 1782 cujuspiam
1219 1726 1416 1765 semen
1433 1709 1647 1764 dicitur
1665 1723 1927 1779 pravum,
1950 1722 2061 1759 non

2173 543 2442 620 σφαγῆναι
2493 550 2610 606 ταῖς
2660 546 2947 620 ἁμαρτίαις
2995 552 3097 601 τοῦ
3154 549 3358 623 πατρός
3416 571 3539 617 σου,
3592 549 3685 606 ’ίνα
3744 555 3827 625 μὴ

2173 633 2440 687 ἀναστῶσι
2500 636 2636 706 (44),
2693 635 2782 688 καὶ
2827 634 3157 708 έμπλήσωσι
3212 640 3311 708 τήν
3392 646 3496 714 γῆν
3578 640 3824 698 πόλεων.

2173 721 2276 777 Καὶ
2367 721 2807 795 έπαναστήσομαι
2897 725 3126 793 αὐτοῖς,
3197 725 3341 803 λέγει
3420 727 3623 804 Κύριος
3719 737 3830 786 Σαο

2173 803 2342 877 ϐαὼθ,
2403 810 2492 864 καὶ
2561 809 2756 865 ἀπολῶ
2812 813 2990 867 αὐτῶν
3050 810 3245 887 ὄνομα,
3300 818 3387 870 καὶ
3447 816 3828 892 κατάλειμμα,

2172 897 2261 952 καὶ
2290 899 2523 974 σπέρμα.
2557 899 2628 954 Οὐ
2682 901 2845 973 μόνον
2891 901 3050 964 αὐτὸς
3093 904 3192 958 οὐκ
3233 899 3379 960 ἔσται
3438 909 3698 981 καθαρὸς,
3725 907 3828 964 ἀλ-

2175 985 2245 1040 λὰ
2272 987 2362 1040 καὶ
2390 990 2424 1057 ἡ
2461 984 2693 1063 διαδοχή
2743 994 2840 1044 τοῦ
2879 996 3125 1066 πονηροῦ
3173 998 3687 1072 συναφανισθήσεται
3739 999 3833 1053 αὖε

2173 1079 2252 1147 τῷ
2281 1073 2350 1129 δι’
2382 1075 2691 1151 ἀγαθότητα
2718 1083 2814 1133 τοῦ
2846 1074 3235 1158 φιλανθρώπου
3288 1088 3420 1138 Θεοῦ
3471 1091 3831 1162 συγχωροῦν-

2172 1186 2264 1226 τος
2287 1165 2377 1220 τὸν
2411 1165 2712 1244 ἀφανισμὸν
2745 1173 2850 1222 τῶν
2883 1170 3105 1238 τέκνων,
3136 1172 3199 1226 οὐ
3249 1178 3507 1228 τοσοῦτον
3555 1175 3660 1244 τῆς
3693 1196 3827 1250 σαρ-

2173 1253 2326 1324 κίνης
2377 1258 2489 1327 (45)
2517 1256 2882 1332 τεκνογονίας,
2916 1258 3041 1312 ὅσον
3095 1263 3195 1325 τῆς
3255 1266 3361 1316 τῶν
3423 1262 3528 1318 ἀπὸ
3576 1272 3832 1339 πονηρᾶς

2172 1339 2332 1413 ἕξεως
2415 1343 2850 1419 ἐπιτελουμένων
2938 1345 3129 1424 ἔργων.
3219 1352 3448 1425 Σπέρμα
3529 1355 3772 1427 πονηρόν
3814 1397 3830 1410 .

2176 1429 2394 1502 Ἐπειδή
2455 1433 2555 1488 οὐκ
2603 1435 2669 1504 ἦν
2721 1436 2901 1511 πατὴρ
2954 1443 3053 1506 τῆς
3106 1439 3316 1510 κακίας,
3349 1438 3480 1496 ἀλλ’
3531 1440 3583 1512 έξ
3637 1444 3830 1518 ἑτέρου

2174 1524 2686 1612 προκαταρξαμένου
2737 1531 2837 1593 τῆς
2895 1524 3106 1594 κακίας,
3166 1529 3264 1597 τήν
3317 1529 3518 1605 γένεσιν
3603 1531 3827 1612 εἴληφε,

2173 1610 2263 1663 καὶ
2293 1612 2559 1680 πεποίηκε
2584 1612 2720 1667 κατᾶ
2746 1615 2844 1682 την
2905 1615 3168 1688 πονηρίαν
3217 1621 3313 1671 τοῦ
3367 1617 3686 1693 σπείραντος
3740 1610 3836 1676 αὖα

2172 1699 2289 1764 τὸν,
2322 1701 2538 1775 σπέρμα
2597 1699 2812 1776 λέγεται
2867 1704 3129 1774 πονηρόν.
3161 1705 3483 1778 Ἑτοίμασον
3552 1709 3614 1764 τὰ
3667 1711 3834 1765 τέκνα

411 1802 566 1872 quod
590 1801 866 1855 continuo
891 1799 1188 1871 proveniat
1215 1816 1281 1854 ex
1303 1798 1527 1854 semine
1551 1797 1938 1869 praecedente:
1961 1795 2060 1849 sed

2177 1809 2271 1844 σου
2325 1796 2590 1867 σφαγῆναι
2663 1796 2783 1853 ταῖς
2868 1792 3156 1868 ἁμαρτίαις
3231 1799 3328 1850 τοῦ
3410 1797 3612 1873 πατρός
3704 1821 3831 1856 σου.

411 1890 566 1962 quod
599 1888 840 1944 alterius
871 1889 1024 1943 ortui
1055 1889 1153 1943 dat
1186 1885 1718 1956 initium,:seminis
1741 1901 1951 1941 nomen
1975 1899 2066 1938 ac-

412 1978 575 2049 cipit.
610 1978 1117 2043 Quemadmodum
1151 1978 1306 2032 enim
1342 1992 1476 2032 cum
1511 1975 1769 2030 mundus
1804 1974 1912 2028 iuit
1933 1989 2066 2028 con-

412 2068 594 2134 ditus,
619 2084 686 2122 ea
719 2083 843 2137 quae
877 2067 1127 2138 primum
1174 2066 1596 2138 germinavere,
1621 2068 1786 2118 erant
1825 2063 2062 2134 quidem

410 2157 637 2212 semina
668 2155 939 2224 aliorum,
966 2171 1070 2210 nec
1102 2159 1297 2209 tamen
1327 2156 1454 2225 ipsa
1485 2170 1552 2209 ex
1574 2153 1705 2208 aliis
1737 2151 2063 2207 seminibus

411 2244 700 2316 prodiere,
726 2259 857 2298 cum
893 2244 1067 2298 rebus
1106 2261 1173 2298 ex
1217 2242 1441 2298 semine
1473 2241 1760 2312 originem
1794 2241 2063 2296 ducenti-

412 2332 523 2388 bus
553 2336 752 2388 essent
788 2333 940 2388 593
983 2331 1314 2403 antiquiora
1349 2347 1360 2386 :
1393 2331 1477 2385 ita
1509 2331 1650 2384 forte
1682 2330 1857 2383 etiam
1907 2345 2064 2383 nunc

413 2437 612 2476 semen
648 2437 889 2491 pravum
935 2420 1232 2492 Scriptura
1260 2426 1427 2474 vocat
1456 2435 1614 2488 eum,
1647 2417 1745 2489 qui
1791 2418 2065 2488 nequitiae

417 2507 749 2580 exemplum
784 2510 1012 2579 primus
1043 2509 1203 2563 dedit
1235 2507 1481 2574 caeteris,
1518 2508 1742 2578 fuitque
1771 2506 1939 2579 quasi
1973 2523 2065 2561 se-

416 2613 573 2664 men,
608 2597 993 2668 semetipsum
1029 2597 1291 2668 praebens
1324 2597 1674 2652 imitandum
1712 2613 1724 2651 :
1759 2613 1873 2650 non
1907 2595 2061 2666 quod

416 2684 568 2741 hanc
598 2685 957 2741 eubsistendi
1012 2686 1294 2740 rationem
1328 2685 1400 2740 ab
1440 2684 1910 2740 antecessoribus
1959 2683 2065 2738 ha-

418 2774 572 2840 beat,
623 2775 718 2830 sed
767 2775 919 2846 quod
970 2775 1219 2845 posteris
1276 2775 1400 2828 suis
1455 2774 1761 2845 praeiverit.
1793 2776 2061 2827 Attamen

417 2868 608 2935 potest
640 2864 930 2936 quispiam
965 2880 1033 2918 ex
1063 2863 1377 2934 semetipso
1410 2880 1513 2918 ceu
1561 2862 1830 2934 nequitia:
1864 2867 2066 2917 auctor

417 2958 475 3008 et
507 2953 880 3021 architectus,
915 2968 1155 3024 pravum
1208 2968 1407 3007 semen
1437 2968 1593 3019 esse;
1628 2957 1683 3007 et
1729 2968 1931 3006 rursus
1965 2950 2064 3020 qui

418 3042 490 3097 ab
540 3041 822 3113 improbis
867 3040 1167 3113 magistris
1215 3041 1455 3096 edoctus
1507 3045 1615 3108 est,
1657 3040 1778 3108 pari
1829 3040 2065 3094 nomine

415 3136 605 3199 potest
654 3129 944 3200 insigniri.
980 3130 1252 3184 Peccator
1300 3128 1395 3183 ille
1447 3133 1687 3183 vocatus
1735 3134 1823 3182 est
1869 3128 2062 3182 Semen

2176 1877 2398 1954 Λέγεται
2431 1875 2487 1932 δέ
2515 1899 2647 1933 ποτε
2677 1881 2891 1956 σπέρμα
2918 1881 3156 1958 πονηρόν
3185 1905 3350 1956 τινος,
3387 1887 3451 1941 οὐ
3493 1889 3712 1950 πάντως
3768 1888 3838 1944 ἐκ

2173 1966 2526 2040 προαγούσης
2555 1974 2761 2042 σπορᾶς
2789 1968 3102 2042 γενόμενον,
3135 1971 3280 2027 ἀλλὰ
3309 1973 3396 2028 καὶ
3422 1975 3484 2029 τὸ
3523 1976 3655 2031 αὐτὸ
3684 1999 3828 2032 κατα

2176 2056 2346 2129 άρχον
2375 2054 2450 2116 εἷς
2498 2057 2596 2125 τὴν
2655 2055 2840 2132 ὲτὲρου
2895 2058 3098 2132 γένεσιν
3159 2060 3373 2137 σπέρμα
3424 2067 3836 2140 προσαγορεύε-

2173 2165 2282 2201 ται.
2314 2144 2402 2206 Ὠς
2432 2144 2534 2220 γὰρ
2565 2144 2616 2199 ἐν
2669 2149 2737 2220 τῇ
2781 2148 3116 2221 κοσμοποιίᾳ
3142 2153 3258 2223 (46)
3289 2151 3354 2206 τὰ
3400 2154 3633 2228 πρώτως
3683 2154 3834 2230 βλα-

2175 2234 2464 2304 στήσαντα,
2499 2232 2786 2310 σπέρματα
2829 2236 2925 2307 μὲν
2957 2237 3023 2305 ἦν
3057 2237 3274 2313 ἑτέρων,
3308 2241 3442 2296 αὐτᾶ
3495 2239 3552 2297 δὲ
3600 2243 3699 2298 οὐκ
3753 2247 3831 2314 ἦν

2175 2321 2224 2393 έξ
2257 2321 2452 2396 ἑτέρων
2486 2318 2842 2399 (πρεσϐύτερα
2870 2325 2971 2400 γὰρ
3015 2327 3080 2395 ἦν
3125 2332 3232 2382 τῶν
3276 2329 3410 2384 κατὰ
3464 2331 3683 2406 σπέρμα
3737 2355 3834 2388 τε-

2173 2409 2551 2483 λειουμένων)·
2586 2410 2728 2466 οὕτω
2759 2415 2901 2489 τάχα
2929 2414 3017 2468 καὶ
3049 2419 3138 2469 νῦν
3172 2417 3200 2471 ὁ
3251 2415 3416 2494 λόγος
3469 2421 3562 2475 τὸν
3623 2419 3828 2486 ἄλλοις

2175 2498 2250 2560 είς
2285 2497 2590 2574 ὑπόδειγμα
2620 2502 2881 2578 πονηρίας
2912 2503 3255 2582 κατάρχοντα
3311 2508 3399 2562 καὶ
3448 2510 3614 2565 οἱονεὶ
3665 2513 3833 2588 σπέρ-

2178 2609 2253 2661 μα
2283 2588 2570 2663 γινόμενον
2604 2592 2717 2663 (47)
2757 2588 2844 2646 διὰ
2883 2599 2984 2662 τῆς
3039 2596 3344 2668 μιμήσεως,
3375 2597 3591 2674 σπέρμα
3646 2622 3830 2672 πονη-

2175 2678 2264 2751 ρὸν
2296 2677 2552 2751 ὀνομάζει
2581 2679 2689 2754 οὐχ
2719 2681 2793 2742 ὡς
2824 2681 2929 2735 ἀπὸ
2973 2683 3323 2760 προαγόντων
3371 2687 3470 2756 τήν
3525 2688 3828 2745 ὑπόστασιν

2173 2766 2388 2844 ἔχοντα,
2423 2766 2645 2830 ἀλλ’ὡς
2677 2775 2794 2831 τοῖς
2851 2769 3249 2846 ἐπιγινομένοις
3293 2777 3392 2844 την
3453 2777 3632 2854 ἀρχὴν
3689 2801 3832 2854 παρ-

2174 2854 2461 2934 εχόμενον.
2497 2857 2723 2912 Δύναται
2757 2856 2815 2914 δὲ
2847 2867 2973 2936 παρ’
3000 2861 3185 2916 ἑαυτόν
3239 2885 3325 2918 τισ
3375 2845 3590 2943 σπέρμα
3638 2845 3828 2940 πονη-

2175 2947 2264 3022 ρὸν
2299 2948 2452 3015 εἶναι,
2486 2947 2736 3022 ἀρχηγὸς
2766 2950 2863 3016 τῆς
2891 2949 3079 3012 κακίας
3112 2951 3398 3028 ὑπάρχων
3431 2955 3520 3010 καὶ
3574 2956 3742 3012 πάλιν
3795 2962 3829 3015 ὁ

2171 3041 2437 3111 πονηροῖς
2470 3033 2818 3098 διδασκάλοις
2866 3040 3244 3110 μαθητευθεὶς,
3277 3041 3485 3114 ὁμοίως
3533 3066 3832 3121 προσαγο-

2174 3124 2438 3201 ρεύεσθαι.
2485 3125 2714 3200 Σπέρμα
2768 3128 2999 3196 Χαναὰν,
3057 3129 3148 3183 καὶ
3203 3129 3301 3185 οὐκ
3354 3131 3550 3202 Ἰούδα,
3583 3133 3829 3202 ἤκουσεν

416 3220 708 3279 Chanaan,
738 3223 792 3273 et
821 3235 932 3274 non
982 3218 1230 3284 Juda";
1262 3233 1377 3272 non
1428 3218 1581 3288 quod
1634 3217 1826 3272 carnis
1875 3233 2060 3288 genus

2177 3215 2198 3268 ὁ
2232 3211 2557 3289 ἁμαρτωλὸς
2591 3212 2816 3275 έκεῖνος·
2851 3214 2911 3268 οὐ
2944 3220 3021 3286 τῷ
3049 3217 3110 3270 τὸ
3147 3219 3298 3292 γένος
3329 3227 3429 3289 τῆς
3480 3188 3678 3295 σαρκὸς
3726 3226 3825 3279 νό-

415 3306 680 3377 spurium
714 3311 771 3360 et
802 3322 870 3361 ex
901 3306 1175 3361 Chanaan
1225 3306 1600 3361 commistum
1650 3305 1922 3370 haberet;
1955 3305 2055 3360 sed

413 3395 542 3450 ideo
592 3411 792 3450 semen
842 3394 1116 3449 Chanaan
1168 3394 1516 3465 appellatur,
1551 3395 1701 3464 quod
1750 3393 2058 3449 aemulatus

409 3485 684 3540 Chanaan
737 3483 832 3538 sit.
875 3482 1293 3553 Unusquisque
1343 3483 1522 3553 igitur
1570 3499 1678 3536 sua
1725 3483 1912 3552 ipsius
1960 3498 2058 3537 vo-

291 3632 310 3648 ,
412 3571 636 3626 luntate
671 3577 859 3643 potest
887 3587 1017 3626 esse
1060 3575 1163 3624 aut
1210 3586 1410 3625 semen
1444 3575 1736 3638 sanctum,
1771 3575 1871 3625 aut
1919 3587 2058 3624 con-

409 3660 677 3715 trarium.
715 3660 857 3715 Audi
916 3659 1070 3715 enim
1133 3658 1375 3714 Paulum
1434 3660 1720 3714 dicentem
1757 3677 1768 3714 :
1803 3665 1944 3717 Nam
1998 3661 2056 3715 in

411 3749 624 3806 Chrislo
645 3752 774 3806 Jesu
792 3766 892 3819 per
913 3749 1274 3817 Evangelium
1292 3765 1391 3816 ego
1412 3765 1501 3804 vos
1524 3753 1692 3816 genui
1703 3749 1774 3813 ης
1799 3755 1854 3803 et
1876 3749 2018 3804 illud
2042 3767 2054 3804 :

415 3841 679 3911 Quotquot
708 3842 1026 3910 ieceperunt
1068 3854 1214 3900 eum,
1244 3839 1391 3893 dedit
1423 3840 1506 3894 eis
1553 3843 1869 3907 potestatem
1917 3839 2059 3909 ﬁlios

407 3929 505 3983 Dei
533 3928 661 3998 ﬁeri
683 3928 754 3991 ης
781 3932 837 3982 et
862 3945 873 3982 :
903 3927 1097 3986 Omnis
1121 3928 1223 3998 qui
1247 3928 1391 3997 facit
1415 3935 1714 3998 peccatum,
1741 3943 1809 3981 ea:
1836 3927 2061 3983 diabolo

405 4025 572 4072 natus
602 4021 677 4072 est
699 4017 762 4070 ⁸ο.

478 4106 603 4160 281.
634 4106 782 4170 Quid
814 4109 1008 4160 autem
1045 4104 1157 4159 sibi
1186 4102 1309 4158 vult
1337 4103 1655 4174 Scriptura,
1689 4119 1822 4158 eum
1866 4103 2062 4175 prisci-

409 4195 494 4268 pit
528 4194 736 4250 semini
795 4209 1071 4264 nequam,
1106 4196 1171 4246 ut
1200 4192 1353 4247 ﬁlios
1385 4209 1525 4246 suos
1575 4192 1644 4245 ad
1692 4193 1903 4247 caedem
1956 4209 2060 4264 pro

409 4283 662 4354 peccatis
695 4283 876 4352 patris
900 4280 1218 4353 praeparet?
1241 4280 1690 4336 Observavimus
1713 4280 1834 4350 jam
1860 4281 2060 4337 multis

409 4370 469 4425 in
501 4371 666 4437 locis,
705 4371 1169 4441 uniuscujusque
1207 4386 1383 4441 opera
1425 4373 1483 4423 et
1532 4369 1741 4423 animae
1774 4369 1925 4425 fetus
1957 4388 2060 4442 ap-

410 4458 615 4530 pellari
665 4457 838 4514 filios.
869 4459 1190 4514 Saluabitur
1225 4458 1394 4523 enim,
1427 4456 1639 4527 inquit,
1671 4473 1768 4528 per
1813 4459 2060 4529 ﬁliorum

2169 3314 2258 3367 00v
2294 3299 2439 3378 ἔχειν
2471 3302 2561 3357 καὶ
2611 3301 2894 3375 ἐπίμικτον
2944 3303 3051 3359 ἀπὸ
3099 3310 3196 3361 τοῦ
3255 3309 3490 3378 Χαναὰν,
3521 3309 3670 3367 ἀλλὰ
3729 3311 3828 3369 διὰ

2164 3393 2263 3460 τὴν
2300 3390 2532 3464 μίμησιν
2564 3395 2661 3446 τοῦ
2690 3393 2923 3463 Χαναὰν,
2959 3392 3174 3468 σπέρμα
3202 3397 3408 3453 Χαναὰν
3464 3399 3822 3473 ὀνομάζεται.

2169 3481 2391 3535 Δύναται
2453 3480 2542 3534 οὗν
2602 3479 2824 3540 ἕκαστος
2872 3481 2932 3536 ἐκ
2977 3490 3077 3552 τῆς
3109 3485 3272 3539 αὐτοῦ
3301 3490 3411 3560 (48)
3444 3490 3824 3564 προαιρέσεως

2167 3570 2202 3638 ἢ
2263 3569 2490 3657 σπέρμα
2535 3568 2686 3645 ’ἅγιον
2743 3569 2966 3640 εἷναι,ἢ
3017 3572 3080 3626 τὸ
3141 3573 3396 3631 ἐναντίον.
3459 3579 3656 3634 Ἀκουε
3713 3583 3821 3657 γὰρ

2167 3656 2386 3714 Παύλου
2438 3656 2716 3732 λέγοντοςο
2773 3660 2854 3714 Ἐν
2905 3661 3006 3736 γὰρ
3065 3663 3281 3738 Χριστῴ
3335 3666 3515 3736 Ἰησοῦ
3573 3665 3662 3723 διὰ
3717 3656 3823 3725 τοῖ’)

2170 3745 2506 3833 Εὐαγγελίου
2564 3747 2672 3822 ἐγὼ
2741 3749 2882 3822 ὑμᾶς
2939 3749 3219 3823 ἐγέννησαθ
3252 3753 3341 3808 καὶ
3390 3756 3475 3822 τὸ,
3507 3759 3667 3813 Ὅσοι
3701 3761 3823 3833 (49)

2167 3832 2362 3892 ἔλαϐον
2447 3835 2604 3890 αὐτὸν
2641 3883 2655 3907 ,
2725 3834 2920 3892 ἔδωκεν
3024 3838 3208 3903 αὐτοῖς
3322 3841 3563 3913 ἐξουσίαν
3657 3832 3824 3902 τέκνα

2166 3929 2300 3982 Θεοῦ
2357 3924 2648 4012 γενέσθαι’
2702 3926 2812 3994 καὶ,
2873 3932 2982 3989 Πᾶς
3041 3929 3069 3982 ὁ
3125 3934 3297 3985 ποιῶν
3374 3934 3473 4001 τὴν
3542 3936 3822 4012 ἁμαρτίαν

2167 4013 2226 4069 ἐκ
2254 4019 2350 4068 τοῦ
2384 4008 2645 4069 διαϐόλου
2674 4014 3010 4090 γεγέννηται.

2236 4106 2361 4161 281.
2385 4103 2451 4160 Τί
2484 4101 2541 4158 δὶ
2575 4101 2908 4179 βουλόμενος
2939 4107 2967 4160 ὁ
3013 4108 3176 4182 Λόγος
3209 4112 3533 4184 προστάσσει
3575 4117 3655 4185 τῷ
3709 4135 3824 4169 πο-

2166 4196 2319 4268 νηρῷ
2359 4193 2648 4268 σπέρματι,
2683 4193 2962 4266 ἑτοιμάσαι
3011 4196 3078 4250 τὰ
3121 4197 3281 4253 τέκνα
3327 4198 3490 4254 αὐτοῦ
3548 4201 3622 4263 είς
3681 4224 3826 4280 σφα-

2166 4283 2267 4357 γὴν
2311 4285 2428 4344 ταῖς
2476 4280 2766 4357 ἁμαρτίαις
2804 4286 2904 4368 τοῦ
2955 4284 3193 4356 πατρός;
3228 4285 3530 4364 Πολλαχοῦ
3586 4295 3830 4368 τετηρή-

2167 4369 2451 4443 καμεν,τὰ
2510 4369 2732 4425 ἑκάστου
2789 4365 2917 4448 ἔργα
2974 4375 3059 4428 καὶ
3106 4373 3235 4437 τοὺς
3284 4376 3525 4452 καρποὺς
3555 4382 3655 4444 τῆς
3713 4365 3827 4454 ita-

2170 4463 2278 4547 χῆς
2326 4459 2485 4514 τέκνα
2524 4460 3044 4535 προσαγορεύεσθαι.
3108 4465 3425 4534 Σωθήσεται
3479 4467 3604 4542 γὰρ,
3658 4471 3828 4547 φησὶ,

407 4549 847 4618 generationem,
869 4549 920 4601 si
946 4548 1254 4601 manserint
1279 4548 1337 4600 in
1359 4545 1463 4615 ﬁde
1483 4551 1535 4600 et
1557 4546 1841 4602 dilectione
1861 4553 1908 4603 et
1931 4565 2061 4604 san-

2177 4545 2262 4602 διὰ
2318 4554 2417 4617 τῆς
2484 4549 2854 4623 τεκνογονίας,
2898 4549 2986 4604 ἐὰν
3062 4551 3314 4624 μείνωσιν
3387 4553 3438 4609 έν
3494 4545 3680 4611 πίστει
3728 4562 3830 4614 καὶ

407 4637 744 4706 ctiﬁcatione
773 4653 893 4691 cum
931 4636 1218 4692 sobrietate
1238 4636 1305 4688 δι.
1338 4635 1482 4690 Nam
1525 4635 1743 4698 anima,
1777 4641 2054 4709 tanquam

408 4742 553 4781 uxor
583 4724 783 4798 sponsi
827 4725 927 4797 qui
960 4724 1238 4796 deceptus
1289 4740 1401 4779 non
1454 4728 1563 4790 est,
1597 4723 1754 4780 salva
1783 4726 2055 4799 efficitur,

2169 4636 2344 4712 ἀγάπῃ
2418 4636 2505 4691 καὶ
2589 4639 2842 4713 ἁγιασμῷ
2931 4641 3067 4712 μετὰ
3137 4642 3514 4719 σωφροσύνης.
3577 4646 3828 4716 Σώζεται

2166 4728 2267 4803 γὰρ
2298 4729 2332 4796 ἡ
2367 4725 2543 4801 ψυχὴ,
2577 4726 2650 4788 ὡς
2680 4729 2814 4802 γυνὴ
2865 4733 2961 4782 τοῦ
3012 4730 3089 4802 μὴ
3140 4730 3507 4801 ἀπατηθέντος
3553 4736 3825 4813 νυμφίου,

481 4867 523 4900 ⁸⁷
555 4865 700 4920 Dan.
733 4881 857 4930 xm,
887 4866 978 4920 56.
1055 4864 1099 4898 ⁸⁸
1132 4865 1153 4918 Ι
1183 4863 1309 4918 Cor.
1345 4879 1421 4929 ιν,
1457 4863 1541 4917 15.
1620 4864 1665 4898 ⁸ο
1692 4867 1859 4920 Joan.
1894 4883 1933 4931 ι,
1970 4869 2055 4923 12.

2209 4868 2428 4924 lJoan.
2463 4883 2547 4937 ιιι,
2579 4868 2631 4922 8.
2707 4868 2750 4904 ⁶¹
2784 4867 2982 4924 ITim.
3017 4887 3080 4941 ιι,
3113 4872 3199 4927 15.

485 5007 594 5080 (ili)
628 5008 720 5062 Sic
771 5011 1014 5080 uterque
1063 5005 1322 5080 Combef.
1368 5005 1829 5080 perinde‘etque
1880 5011 2062 5065 nostri

414 5074 662 5134 codices.
699 5079 848 5132 Editi
903 5074 1092 5150 fusius
1142 5074 1427 5150 ἀναστῶσι,
1460 5076 1546 5150 καὶ
1596 5074 2060 5150 κληρονομήσωσι

414 5151 512 5217 τήν
559 5157 680 5223 γῆν.
721 5151 829 5206 Sed
864 5166 996 5223 cum
1059 5149 1179 5203 hinc
1227 5149 1422 5210 verba,
1453 5148 1541 5201 καὶ
1592 5147 2061 5223 κληρονομήσωσι

412 5224 513 5292 τὴν
543 5222 662 5307 γῆν,
696 5239 810 5278 non
859 5222 1274 5291 interpretetur
1318 5226 1557 5302 auctor,
1575 5222 1888 5278 verisimile
1922 5225 2063 5279 mihi

416 5297 499 5350 fit.
534 5295 803 5350 librarios
848 5309 914 5348 ea
965 5293 1078 5347 huc
1127 5309 1193 5346 ex
1240 5309 1364 5347 81118
1414 5293 1616 5347 Bibliis
1669 5295 2059 5350 transtulisse.

416 5339 633 5423 Ibidem
671 5372 787 5421 tres
818 5382 958 5420 mss.
990 5369 1045 5419 et
1075 5364 1240 5430 editi,
1262 5369 1360 5436 γῆν
1394 5360 1634 5429 πόλεων,
1667 5367 1934 5435 Imqleant
1963 5380 2065 5422 ter-

415 5457 534 5492 ram
578 5439 910 5494 civitalibus.
946 5436 1197 5508 Vulgata
1250 5452 1501 5509 quoque,
1535 5437 1720 5509 Neque
1767 5439 2066 5509 implebunt

415 5511 616 5580 faciem
649 5511 794 5564 orbis
831 5507 1132 5564 civitatum.
1170 5512 1250 5580 At
1284 5509 1348 5580 in
1395 5507 1524 5563 aliis
1573 5508 1803 5580 duobus
1839 5507 1975 5564 mss.
2011 5517 2067 5567 et

417 5577 572 5710 ἲρίῗρ
609 5582 738 5639 LXX
767 5581 1001 5654 legitur,
1025 5585 1126 5655 γῆν
1160 5577 1443 5653 πολέμων,
1471 5580 1536 5634 Et
1562 5579 1830 5650 impleant
1861 5589 2065 5638 terram

453 5669 482 5711 e
531 5669 597 5711 ιε.

2245 5009 2627 5097 (45)_Codioes
2685 5009 2968 5083 quinque,
3016 5018 3116 5081 τῆς
3175 5015 3454 5088 σαρκίνης.
3516 5019 3690 5088 Editi,
3725 5029 3838 5091 τῆς

2177 5100 2454 5153 σαρκικης.

2666 5153 2780 5208 duo
2810 5152 2964 5234 libri,
2999 5152 3048 5209 ἦν
3081 5155 3150 5234 τῇ
3177 5159 3532 5234 κοσμογονίᾳ.

2271 5227 2358 5302 ᾴῖ)
2389 5225 2627 5302 Codices
2662 5226 2949 5302 nonnulli,
2981 5225 3294 5302 γενόμενονζ

2270 5297 2357 5374 άβ)
2390 5297 2451 5351 In
2507 5297 2753 5374 nostris~
2773 5297 3042 5374 quinque
3085 5297 3225 5357 mes.
3260 5301 3492 5374 legitur,
3544 5305 3735 5360 αὐτοῦ·
3777 5312 3837 5366 in

2174 5367 2347 5452 editis
2380 5385 2531 5452 vero,
2567 5367 2977 5452 ὲαυτοῆᾙῌειυὶί
3029 5369 3199 5444 longe
3229 5367 3498 5452 yoculam
3544 5377 3650 5452 γάρ
3703 5391 3844 5452 post

2174 5440 2414 5494 verbum
2444 5437 2604 5493 ἄκουε
2635 5458 2702 5496 ex
2733 5442 2962 5497 duobus
2996 5437 3393 5502 mssfaddidi-

2205 5581 2217 5593 .
2247 5511 2358 5596 (49)
2389 5512 2540 5596 [ἓρξῑί
2572 5529 2734 5584 teque
2766 5531 2832 5568 ac
2861 5519 3270 5596 textus-sacer,
3304 5520 3456 5573 Ὅσοι
3489 5514 3569 5576 δέ.
3603 5523 3680 5578 At
3710 5541 3845 5596 par-

2175 5578 2358 5638 ticula
2389 5578 2446 5636 δέ
2478 5583 2536 5640 in
2568 5578 2713 5642 mes.
2745 5601 2863 5644 non
2893 5586 3203 5661 reperitur.

2245 5155 2263 5377 ἕ
