4134 6224
1371 368 1779 432 APPENDIX.
1806 369 2134 432 OPEBUM
2177 370 2244 431 S.
2288 369 2569 429 BASlLll
2617 367 2889 429 MAGNI.

3700 367 3830 428 616

406 510 674 560 acturum
706 521 770 560 se
802 521 932 561 esse
953 505 1013 559 in
1031 502 1637 560 desertum.Caaterum
1668 518 1853 574 prava
1875 501 2041 556 habi-

2165 499 2269 556 λεῖ.
2298 499 2548 572 Πονηρᾶς
2580 495 2637 552 δὶ
2685 496 2956 568 οἲκήσεως
2983 499 3098 567 (58)
3149 497 3453 573 ἐρήμωσις,
3483 498 3570 552 καὶ
3623 518 3824 573 συγκε-

410 593 648 648 tationis
681 593 946 659 vastatio,
1007 592 1252 661 vitisque
1284 589 1536 644 confusze
1598 594 1655 643 et
1705 589 2050 658 perturbata)

409 682 668 749 abolitio,
705 681 921 735 bonum
958 681 1251 750 quoddam
1286 683 1374 732 est
1403 694 1579 731 sensu
1615 684 1670 731 et
1699 682 1890 730 mente
1915 694 2054 748 prae-

409 771 547 825 ditis
587 770 749 824 valde
782 769 1196 840 exoptandum.
1249 768 1494 822 Tantam
1551 771 1744 821 autem
1794 765 2056 820 minatur

409 858 527 913 fore
559 858 870 929 Babylonis
903 857 1260 920 vastitatem,
1295 861 1357 910 ut
1391 856 1564 911 homo
1607 854 1961 926 Babylonius
1995 855 2050 908 in

408 965 475 1001 ea
506 965 618 1002 non
652 948 729 1001 sit
779 945 1033 1017 amplius
1091 945 1488 1010 habitaturus,
1525 945 1624 1000 sed
1674 944 1794 999 sint
1852 943 2052 999 hericii

407 1037 765 1105 subrogandi
799 1037 856 1089 in
892 1035 1192 1089 hominum
1221 1035 1431 1090 locum.
1472 1039 1568 1087 Est
1599 1039 1795 1088 autem
1829 1032 2049 1088 animal

406 1127 548 1181 illud
585 1127 787 1199 rigidis
818 1132 876 1181 et
907 1125 1266 1180 acutissimis
1317 1125 1504 1197 spinis
1563 1125 2048 1196 circumseptum,

406 1217 559 1286 quod
603 1221 660 1270 et
689 1219 866 1286 caput
897 1220 951 1269 et
985 1216 1179 1285 pedes,
1214 1232 1347 1269 cum
1373 1214 1835 1281 vult,contrahit,
1870 1219 2049 1284 atque

407 1304 723 1374 perfectam
752 1304 988 1374 sphaerae
1021 1304 1268 1375 figuram
1297 1305 1497 1371 sumit,
1523 1305 1666 1359 adeo
1700 1308 1762 1357 ut
1790 1303 1885 1357 vix
1919 1319 2051 1374 pos-

407 1393 482 1447 sit
513 1393 662 1465 capi,
694 1393 880 1464 capite
915 1399 966 1447 et
1002 1393 1248 1465 pedibus
1279 1394 1431 1448 intra
1463 1393 1682 1463 spiram
1735 1409 1862 1446 sese
1895 1391 2051 1446 colli-

403 1482 698 1553 gentibus,
733 1487 910 1553 atque
942 1481 1249 1552 superficie
1281 1481 1468 1553 spinis
1513 1480 1811 1536 undelibet
1857 1480 2051 1535 inhor-

404 1575 684 1625 rescente.
721 1569 837 1625 Hoc
885 1570 1088 1642 utique
1119 1569 1337 1625 animal
1360 1569 1576 1638 solum,
1600 1570 1685 1624 vel
1719 1570 2048 1640 quiescens,

403 1659 513 1713 sibi
533 1658 882 1713 insidiantes
901 1658 1324 1731 ulciscitur-Qui
1343 1659 1497 1714 enim
1513 1675 1562 1713 ei
1580 1659 1767 1730 injicit
1783 1675 2045 1725 manum,

404 1747 657 1817 graviter
686 1748 994 1818 pungilur,
1052 1752 1108 1801 et
1138 1752 1354 1816 quanto
1391 1747 1575 1818 magis
1632 1747 1881 1803 voluerit
1912 1748 2048 1818 quis

402 1835 548 1890 illud
582 1835 1420 1907 constringere,tantogravius
1440 1835 1628 1908 spinis
1656 1836 2044 1907 transfigitur.
2078 1873 2124 1937 B

471 1924 595 1978 283.
632 1924 797 1979 Forte
829 1924 1006 1996 igitur
1032 1924 1340 1980 hominum
1393 1943 1579 1981 mores
1605 1924 1829 1980 occulte
1859 1926 2047 1997 signi-

400 2013 555 2077 ﬁcat,
587 2012 706 2067 vice
738 2012 1186 2083 Babyloniorum
1249 2015 1452 2068 urbem
1506 2014 1859 2079 habitantes,
1894 2014 2050 2068 inso-

401 2101 660 2167 ciabiles,
694 2101 864 2171 longe
896 2104 967 2155 ab
998 2101 1246 2156 aliorum
1281 2102 1488 2173 agendi
1541 2102 1765 2157 ratione
1798 2102 2043 2170 alienos,

399 2195 457 2244 et
487 2191 763 2261 asperiori
798 2190 927 2245 vitea
969 2191 1239 2246 instituto
1271 2192 1615 2263 gaudentes.
1648 2191 1792 2246 Nam
1826 2192 2048 2246 anima-

398 2278 542 2334 lium
567 2282 789 2349 species
821 2280 890 2335 ad
913 2280 1320 2352 exprimendos
1343 2281 1650 2336 hominum
1671 2297 1861 2336 mores
1876 2298 2046 2336 assu-

399 2368 500 2433 mi,
527 2368 678 2422 Petri
709 2369 931 2424 visione
962 2369 1148 2424 edocti
1191 2385 1422 2429 sumus.
1478 2369 1953 2440 quandoquidem
1984 2371 2043 2423 in

398 2473 536 2511 vase
565 2473 595 2511 e
624 2457 786 2512 caelis
817 2459 1200 2512 descendente
1243 2473 1415 2512 omne
1472 2457 1816 2512 animalium
1859 2473 2045 2528 genus

405 2545 614 2614 inerat,
667 2545 987 2618 reptilium,
1037 2546 1332 2602 volucrum
1387 2551 1443 2601 et
1496 2547 1947 2618 quadrupedum
1981 2547 2046 2603 ⁵⁸.

400 2633 701 2690 Indicabat
732 2636 885 2690 enim
906 2635 1210 2706 Scriptura
1230 2651 1328 2690 eos
1352 2635 1507 2706 quia
1523 2635 1768 2691 diversis
1793 2635 2049 2707 peccatis

399 2727 567 2777 erant
586 2724 658 2778 ad
692 2724 866 2778 fidem
898 2724 1855 2794 adducendi,autquadrupedibus
1878 2724 2047 2779 simi-

401 2811 495 2866 les
529 2827 658 2866 esse
688 2812 760 2867 ob
795 2828 988 2867 mores
1011 2811 1431 2878 belluinos,aut
1462 2813 1765 2884 reptilihus
1787 2814 1858 2868 ob
1882 2828 2050 2868 vene-

402 2906 678 2970 num,aut
707 2901 1042 2956 volucribus
1070 2900 1453 2957 oblevitatcm
1479 2906 1534 2955 et
1565 2902 2046 2958 inconstantiam.

401 2992 568 3044 Forte
598 2988 779 3060 igitur
808 2988 1155 3045 herinaceus
1210 2989 1384 3045 etiam
1420 3007 1519 3061 per
1570 2991 1955 3062 tropologiam
1987 2990 2049 3046 in

407 3078 712 3149 Scriptura
734 3078 1005 3149 designat
1036 3079 1304 3135 homines
1335 3079 1593 3148 aliquos;
1630 3081 1712 3135 uti
1747 3087 2050 3150 serpentes

407 3168 686 3222 denotant
713 3169 1058 3222 Sadducaeos
1079 3175 1134 3222 et
1168 3169 1488 3223 Pharisaeos
1509 3170 1551 3204 ⁵⁷
1579 3189 1592 3236 ;
1617 3170 1841 3240 vulpes.
1879 3170 2051 3223 Hero-

2164 587 2415 663 χυμένου
2452 587 2573 662 βίου
2603 587 2929 664 ἀφανισμὸς,
2964 587 3164 662 ἀγαθὸν
3215 584 3680 661 περισπούδαστόν
3709 587 3825 641 ὶστι

2162 682 2282 737 τοῖς
2325 674 2755 748 αίσθανομένοις.
2792 676 2913 732 Ἐπὶ
2970 680 3228 730 τοσοῦτον
3289 673 3347 729 δὶ
3389 678 3488 745 τήν
3539 675 3826 750 έρήμωσιν

2163 763 2383 820 ἀπειλεῖ
2411 771 2512 835 τῆς
2563 759 2938 834 Βαϐυλωνίας,
2975 765 3111 819 ὥστε
3161 763 3442 840 ἄνθρωπον
3495 765 3588 837 μὲν
3640 759 3824 820 Βαϐυ-

2164 852 2362 909 λώνιον
2418 856 2613 927 μηκέτι
2654 859 2948 921 κατοικεῖν,
3011 853 3227 929 ἐχίνους
3284 851 3340 908 δί
3388 852 3818 930 ἀντεισάγεσθαι.

2163 945 2316 998 Ἔστι
2378 941 2435 998 δὲ
2485 944 2546 997 τὸ
2607 948 2744 1012 ζῶον
2775 947 2936 998 τοῦτο
2970 949 3238 1016 σκληραῖς
3267 943 3357 997 xzi
3391 943 3672 1015 ὀξυτάταις
3703 944 3821 1015 (59)

2163 1032 2416 1096 ἀκάνθαις
2460 1031 2995 1109 περιπεφραγμένον,
3045 1031 3136 1085 καὶ
3187 1030 3430 1106 κεφαλήν
3490 1031 3578 1085 καὶ
3640 1027 3818 1091 πόδας

2165 1119 2444 1189 συνέλκον,
2475 1120 2563 1176 ὅτε
2597 1121 2877 1197 βούλεται,
2907 1119 2996 1174 καὶ
3031 1120 3106 1182 είς
3136 1115 3355 1193 ἀκριϐὲς
3403 1127 3596 1196 σχῆμα
3652 1119 3818 1195 σφαί-

2164 1231 2258 1285 ρας
2309 1211 2466 1265 ἑαυτὸ
2519 1213 2886 1285 σχηματίζον,
2949 1209 3088 1264 ὥστε
3144 1206 3460 1279 δύσληπτον
3507 1211 3665 1276 εἶναι,
3715 1216 3819 1279 τῆς

2166 1299 2258 1372 μὲν
2287 1297 2528 1376 κεφαλῆς
2559 1298 2647 1353 καὶ
2677 1304 2784 1353 τῶν
2815 1295 3004 1352 ποδῶν
3053 1298 3580 1373 συνεσπειραμένων,
3606 1305 3708 1367 τῆς
3761 1295 3820 1352 δὲ

2162 1388 2474 1463 ἐπιφανείας
2553 1388 2891 1462 πανταχόθεν
2985 1385 3405 1459 ἠκανθωμένης.
3468 1386 3652 1442 Μόνον
3709 1387 3820 1461 γὰρ

2164 1482 2299 1546 ζῶον
2328 1481 2488 1532 τοῦτο
2521 1474 2800 1552 ἡσυχάζον
2848 1473 3108 1548 ἀμύνεται
3147 1475 3280 1537 τοὺς
3338 1470 3817 1537 έπιϐουλεύοντας.

2159 1567 2220 1623 .0
2252 1567 2354 1640 γὰρ
2389 1560 2667 1621 ἐπιϐαλὼν
2702 1565 2848 1638 αὐτῷ
2877 1566 2971 1625 τὰς
3002 1570 3192 1640 χεῖρας
3241 1563 3536 1638 ἀμύσσεται
3598 1563 3818 1628 δεινῶς,

2159 1659 2249 1710 καί
2324 1655 2538 1730 ὅσῳπερ
2613 1652 2674 1708 ἂν
2742 1652 2910 1708 πλέον
2982 1654 3113 1708 αὐτὸ
3347 1651 3597 1729 βουληθῇ
3657 1674 3824 1708 καταο

2160 1745 2392 1821 σφίγξαι,
2427 1743 2670 1798 τοσούτω
2719 1741 3112 1818 χαλεπώτερον
3171 1747 3292 1805 ταῖς
3348 1741 3601 1803 ἀκάνθαις
3654 1761 3817 1817 περι-

2159 1831 2423 1902 πείρεται.

2229 1923 2354 1976 283.
2389 1924 2547 1998 Ταχα
2579 1919 2670 1976 οὖν
2703 1918 2808 1991 ἤθη
2845 1921 3146 1995 ἀνθρώπων
3178 1919 3469 1974 αἰνίσσεται
3530 1918 3646 1973 ἀντὶ
3707 1924 3817 1974 τῶν

2158 2005 2509 2065 Βαϐυλωνίαν
2558 2008 2912 2080 ένοικήσαντα
2948 2013 3016 2082 τῇ
3064 2008 3246 2076 πόλει,
3299 2009 3664 2078 ἀκοινώνητα,
3706 2009 3818 2062 ἀπ’

2162 2097 2447 2166 ιδιαστικᾶ,
2482 2097 2825 2175 σκληροτέρᾳ
2858 2103 2924 2172 τῇ
2957 2099 3146 2174 ἀγωγῇ
3205 2099 3494 2172 χαίροντα.
3527 2099 3652 2154 ’Ότι
3709 2097 3815 2173 γάρ

2156 2189 2222 2243 τὰ
2254 2186 2372 2259 εἷ’δη
2406 2193 2512 2243 τῶν
2545 2190 2698 2257 ζώων
2729 2188 2864 2264 πρὸς
2894 2187 2960 2242 τὰ
2986 2191 3095 2242 τῶν
3130 2187 3426 2261 ἀνθρώπων
3469 2184 3578 2256 ἤθη
3644 2206 3816 2258 μετα-

2158 2271 2511 2349 λαμϐάνεται,
2545 2273 2912 2352 ἐδιδάχθημεν
2953 2276 3058 2330 ἀπὸ
3116 2278 3214 2344 τῆς
3261 2274 3522 2336 ὀπτασίας
3578 2273 3809 2350 Πέτρου,

2157 2366 2246 2420 ὅτε
2269 2365 2320 2420 ἐν
2351 2371 2432 2438 τῷ
2459 2365 2637 2421 σκεύει
2665 2371 2744 2437 τῷ
2775 2366 3077 2438 καθιεμένῳ
3125 2364 3185 2419 ἐκ
3234 2370 3342 2418 τῶν
3406 2365 3652 2437 οὐρανῶν
3706 2369 3812 2417 πᾶν

2159 2452 2298 2516 εἶδος
2329 2455 2397 2523 ἧς
2447 2457 2624 2523 ζώων,
2658 2456 2893 2530 ἑρπετῶν
2954 2453 3042 2507 καὶ
3097 2457 3356 2508 πετεινῶν
3411 2452 3500 2507 καὶ
3558 2452 3823 2528 τετραπό-

2159 2543 2286 2602 δων,
2348 2542 2624 2613 ’ῌνίσσετο
2682 2544 2782 2620 γὰρ
2841 2545 2867 2598 6
2926 2541 3091 2618 λόγος
3145 2542 3278 2604 τοὺς
3341 2540 3648 2614 μέλλοντας
3705 2541 3816 2595 ἀπὸ

2158 2631 2426 2689 ποικίλων
2456 2633 2863 2708 ἁμαρτημάτων
2895 2635 2964 2706 τῇ
3026 2630 3204 2686 πίστει
3261 2632 3649 2705 προσάγεσθαι,
3679 2629 3780 2683 τού
3801 2663 3813 2672 -

2155 2743 2283 2785 τους
2313 2723 2444 2777 εἶναι
2484 2721 2613 2784 τοὺς
2659 2719 3056 2794 ὡμοιωμένους
3106 2721 3144 2789 ἢ
3190 2717 3546 2796 τετραπόδοις
3606 2716 3697 2772 διὰ
3748 2719 3816 2772 τὸ

2158 2809 2452 2880 κτηνῶδες·
2488 2811 2524 2879 ἢ
2557 2811 2808 2886 ἑρπετοῖς
2842 2807 2930 2864 διὰ
2959 2810 3022 2864 τὸ
3054 2804 3305 2864 ῗοϐόλον·
3339 2809 3373 2879 ἢ
3406 2813 3673 2869 πετεινοῖς
3723 2804 3818 2861 διὰ

2157 2900 2220 2955 τὸ
2275 2905 2477 2978 κοῦφον
2530 2901 2616 2954 καὶ
2676 2898 2924 2957 ἄστατον.
2960 2900 3059 2954 Καὶ
3097 2900 3124 2954 ὁ
3158 2898 3338 2974 ἐχῖνος
3396 2895 3484 2952 οὖν
3527 2895 3636 2951 ἐστι
3662 2896 3819 2973 παρὰ

2158 2993 2226 3062 τῇ
2261 2993 2444 3066 Γραφῇ
2495 2988 2640 3064 τάχα
2691 2987 3210 3063 τροπολογούμενος
3269 2984 3358 3041 ἐπί
3402 3007 3551 3047 τινας
3604 2984 3819 3060 ἀνθρώ-

2159 3099 2317 3142 πους,
2350 3079 2423 3139 ὡς
2456 3079 2508 3132 oi
2536 3074 2684 3155 ὄφεις
2717 3076 2804 3131 ἐπὶ
2856 3076 2982 3138 τοὺς
3037 3073 3437 3135 Σαδδουκαίους
3489 3075 3576 3128 καὶ
3635 3081 3811 3146 Φαρι-

2162 3167 2370 3228 σαίους·
2403 3166 2491 3220 καὶ
2543 3168 2570 3220 ὁ
2628 3165 2858 3236 ἀλώπηξ
2916 3165 3006 3220 ἐπὶ
3062 3165 3153 3220 τὸν
3187 3162 3436 3240 Ἡρώδην
3477 3183 3489 3194 ο
3527 3162 3620 3216 καὶ
3639 3160 3812 3217 ἵπποι

408 3255 540 3308 dem
571 3255 652 3320 ης
686 3255 817 3325 equi
880 3255 1114 3309 feminis
1157 3255 1471 3325 inhiantes,
1534 3255 1932 3328 voluptuarios
1964 3257 2046 3324 ⁶⁹;

2165 3255 2500 3328 θηλυμανεῖς
2558 3254 2643 3309 ἐπὶ
2702 3235 2852 3316 τοῦςγ
2890 3235 3361 3332 φιληδόνουςίτά
3416 3245 3664 3326 πρόϐατα
3723 3251 3812 3305 hri

406 3340 965 3412 oves,simpliciores
995 3345 1072 3410 °°;
1107 3343 1343 3414 hzeduli,
1377 3345 1646 3400 inimicos
1676 3344 1970 3400 societatis
1996 3351 2051 3400 et

401 3437 820 3495 avaros.Quare
859 3439 916 3487 et
947 3434 1165 3489 hericio
1187 3435 1425 3489 animali
1451 3437 1603 3505 quod
1625 3436 2048 3491 incolumitatis

404 3537 522 3575 suae
555 3535 717 3590 spem
753 3522 810 3574 in
843 3522 968 3576 suis
999 3523 1185 3592 ipsius
1245 3523 1430 3592 spinis
1491 3524 1756 3588 collocat,
1825 3543 1930 3598 par
1959 3532 2050 3581 est

405 3611 731 3680 comparari
765 3610 972 3665 divites
1006 3610 1229 3666 scilicet
1255 3612 1431 3682 hujus
1455 3612 1672 3682 saaculi,
1705 3631 1852 3686 quos
1906 3615 2051 3670 dixit

404 3698 687 3753 Dominus
715 3699 902 3770 spinis
934 3700 1058 3755 suis
1093 3700 1376 3756 sulfocare
1408 3702 1664 3768 verbum,
1689 3720 1753 3758 ac
1784 3703 1926 3758 illud
1959 3704 2048 3758 in-

405 3787 770 3841 fructuosum
794 3789 1032 3843 reddere
1060 3789 1452 3860 “.Redigetur
1485 3795 1675 3845 autem
1712 3791 1963 3864 Babylon
1988 3795 2046 3848 in

406 3876 684 3936 nihilum.
733 3881 790 3931 et
822 3878 931 3931 erit
961 3885 1023 3930 ut
1056 3879 1156 3931 luti
1195 3879 1556 3935 barathrum.
1617 3886 1685 3934 At
1716 3898 1834 3935 rem
1861 3884 2047 3937 sensi-

403 3964 578 4019 bilem
606 3967 757 4036 quod
793 3966 1018 4033 attinet,
1056 3966 1273 4022 indicat
1301 3969 1600 4039 Scriptura
1648 3971 1788 4039 lore,
1823 3976 1886 4026 ut
1939 3976 2048 4026 ﬂu-

401 4055 530 4108 vius
566 4053 912 4125 Euphrates,
938 4055 1088 4110 hanc
1145 4056 1399 4111 mediam
1453 4059 1834 4126 intersecans,
1893 4061 2042 4118 595

404 4160 509 4198 nec
527 4143 746 4198 exitum
765 4145 1061 4214 reperiens
1081 4163 1182 4216 per
1204 4145 1708 4217 alveum,eamque
1729 4148 2046 4215 inundans,

403 4231 595 4302 ipsam
627 4231 978 4286 demoliatur
1010 4234 1292 4300 funditus,
1344 4240 1757 4306 convertatque
1788 4237 1846 4290 in
1879 4238 2048 4292 bara-

405 4319 607 4374 thrum
643 4336 755 4375 non
790 4337 936 4390 aqua
967 4321 1334 4392 limpida,srd
1363 4323 1501 4378 limo
1525 4326 1823 4380 refertum.
1858 4327 2051 4382 Enim-

402 4423 536 4461 vero
569 4407 665 4478 qui
699 4410 1044 4465 exacerbant
1065 4411 1376 4465 Dominum
1399 4411 1738 4482 hujusmodi
1757 4415 1871 4470 fine
1892 4433 2050 4472 ever-

404 4498 632 4550 tantur.

471 4673 598 4726 281.
637 4673 807 4728 Vsas.
839 4675 933 4739 24,
967 4674 1056 4727 25.
1089 4675 1214 4731 Haec
1270 4675 1406 4730 dicit
1455 4678 1724 4733 Dominus
1775 4680 2010 4739 Sabaoth
2032 4703 2052 4741 :

411 4761 877 4830 Quemadmodum
934 4763 1076 4828 dixi,
1138 4766 1217 4819 ita
1271 4766 1436 4819 erit:
1487 4775 1540 4821 et
1603 4770 2056 4839 quemadmodum

403 4850 598 4916 statui,
633 4851 714 4905 ita
745 4854 992 4908 manebit
1021 4870 1040 4908 :
1070 4856 1133 4907 ut
1153 4853 1468 4923 disperdam
1498 4855 1746 4927 Assyrios
1804 4861 1860 4912 in
1905 4863 2060 4916 terra

403 4953 549 5006 mea,
581 4941 726 4995 etin
752 4943 1032 4996 montibus
1077 4943 1235 4997 meis.
1270 4941 1332 4997 Et
1378 4947 1540 4998 erunt
1585 4947 1647 5000 in
1703 4949 2061 5004 conculcatio-

2159 3345 2284 3404 τοὺς
2343 3344 2714 3419 ἀκακωτέρους
2771 3347 2880 3397 τῶν
2941 3343 3242 3416 ἀνθρώπων
3275 3359 3287 3374 ·
3352 3341 3420 3396 τὰ
3477 3339 3660 3414 ἐρίφια
3718 3337 3808 3393 ἐπὶ

2157 3434 2285 3495 τοὺς
2337 3433 2740 3503 ἀκοινωνήτονς
2787 3433 2878 3488 καὶ
2916 3431 3306 3506 ἀμεταδότους.
3339 3434 3499 3486 ’Ὡστε
3545 3432 3634 3484 καὶ
3687 3430 3819 3491 τοὺς

2159 3521 2375 3596 ἐχίνους
2427 3519 2652 3596 εὔλογον
2685 3516 3116 3596 παραϐαλέσθαι,
3150 3521 3273 3593 ζώῳ
3318 3521 3417 3586 τὴν
3459 3515 3659 3573 ἐλπίδα
3714 3522 3818 3572 τοῦ

2162 3613 2237 3683 μὴ
2275 3605 2642 3687 βλαϐήσεσθαι
2689 3609 2776 3664 ἐπὶ
2829 3616 2946 3672 ταῖς
2999 3609 3226 3671 οἰκείαις
3286 3609 3538 3670 ἀκάνθαις
3598 3603 3813 3683 ἔχοντι,

2155 3699 2282 3762 τοὺς
2311 3699 2609 3762 πλουσίους
2637 3703 2736 3753 τοῦ
2769 3697 2968 3760 αἰῶνος
2997 3698 3193 3754 τούτου
3227 3699 3361 3770 (61),
3397 3695 3488 3758 οὓς
3544 3697 3649 3751 ὑπὸ
3699 3700 3812 3750 τῶν

2159 3786 2312 3843 ἰδίων
2368 3788 2609 3842 ἀκανθῶν
2682 3788 2999 3862 συμπνίγειν
3073 3787 3162 3840 τὸν
3239 3785 3428 3860 λόγον,
3475 3785 3566 3838 καὶ
3643 3784 3813 3858 ἄκαρ-

2157 3899 2257 3932 πον
2319 3883 2493 3931 ποιεῖν
2541 3878 2569 3931 ὁ
2634 3875 2838 3952 Κύριος
2904 3874 3109 3950 εἴρηκε.
3175 3875 3463 3943 Γενήσεται
3524 3870 3582 3928 δὶ
3622 3875 3657 3941 ἡ
3715 3876 3819 3930 Βα-

2161 3964 2344 4020 ϐυλὼν
2426 3965 2502 4028 εἰς
2578 3963 2755 4033 οὐδὲν,
2813 3964 2902 4018 καὶ
2985 3964 3058 4026 ὡς
3137 3962 3322 4032 πηλοῦ
3385 3961 3678 4038 βάραθρον.
3731 3967 3821 4021 Ὠς

2159 4056 2296 4132 πρὸς
2327 4055 2389 4109 τὸ
2424 4053 2680 4123 αἰσθητὸν
2717 4050 3041 4108 ἐνδείκνυται
3087 4053 3114 4106 ὁ
3147 4049 3340 4125 λόγος,
3373 4051 3454 4104 ὅτι
3487 4051 3515 4104 ὁ
3565 4050 3822 4121 ποταμὸς

2161 4145 2188 4198 6
2221 4144 2510 4221 Εὐφράτης
2569 4143 2737 4214 μέσην
2798 4141 2965 4209 αὐτὴν
3021 4137 3346 4212 διατέμνων,
3395 4141 3469 4211 μὴ
3522 4140 3821 4214 τυγχάνων

2158 4244 2259 4306 τῆς
2309 4235 2442 4290 κατά
2502 4235 2685 4310 ῥεῖθρα
2739 4231 3008 4305 διεξόδου,
3055 4230 3402 4303 ἐλλιμνάζων
3464 4231 3626 4305 αὐτῇ,
3688 4252 3821 4285 παν-

2159 4325 2334 4388 τελῶς
2361 4323 2672 4401 ἀναφανίσει
2724 4323 2914 4390 αὐτὴν,
2951 4321 3040 4376 καὶ
3098 4317 3364 4392 ἀποδείξει
3394 4323 3508 4393 (62)
3545 4321 3820 4397 βάραθρον

2162 4414 2269 4489 οὐχ
2325 4410 2516 4472 ὕδατος
2565 4413 2826 4487 καθαροῦ,
2876 4408 3020 4466 ἀλλᾶ
3077 4404 3370 4484 βορϐόρου.
3402 4412 3665 4464 Τοιοῦτον
3717 4411 3818 4484 γὰρ

2159 4503 2222 4558 τὸ
2271 4500 2430 4563 τέλος
2483 4508 2586 4570 τῆς
2641 4505 3021 4576 καταστροφῆς
3077 4502 3185 4552 τῶν
3256 4495 3672 4572 παροξυνάντων
3727 4497 3820 4551 τὸν

2082 4599 2129 4665 D
2162 4591 2376 4664 Κύριον.

2231 4681 2359 4735 284.
2410 4674 2545 4732 Τάδε
2625 4675 2772 4751 λέγει
2853 4673 3051 4749 Κύριος
3123 4667 3396 4736 Σαϐαὼθ·
3453 4673 3553 4729 "Ov
3611 4672 3818 4747 τρόπον

2169 4766 2382 4844 εἷ’ρηκα,
2439 4765 2611 4828 οὕτως
2693 4764 2841 4820 ἔσται
2876 4784 2886 4795 ·
2947 4762 3038 4818 καὶ
3097 4762 3158 4818 ’ὀν
3232 4761 3434 4837 τρόπον
3520 4755 3818 4837 βεϐούλευ-

2173 4878 2289 4931 μαι,
2352 4855 2524 4918 οὕτως
2587 4860 2769 4929 μενεῖι
2827 4857 2929 4908 τοῦ
2987 4851 3253 4906 ἀπολέσαι
3310 4849 3439 4912 τοὺς
3497 4851 3823 4927 Ἀσσυρίους

2169 4945 2257 5002 ἐπὶ
2313 4953 2412 5015 τῆς
2470 4952 2574 5020 γῆς
2653 4945 2750 5013 τῆς
2808 4941 2968 5016 ἐμῆς,
3026 4939 3115 4995 καὶ
3173 4938 3260 4994 ἰπὶ
3317 4943 3425 4993 τῶν
3482 4939 3656 5014 ὀρέων
3711 4946 3818 4996 τῶν

477 5062 522 5099 ⁵⁸
561 5065 681 5119 Act.
716 5081 771 5130 χ,
806 5066 892 5120 11.
924 5066 967 5100 ⁸⁷
985 5065 1190 5122 Matth.
1225 5083 1311 5134 ιιι,
1350 5067 1405 5121 7.
1465 5068 1508 5103 ⁸⁸
1541 5069 1680 5126 Luc.
1728 5088 1852 5139 xm,
1882 5057 1971 5130 32.
2013 5075 2049 5109 δε

2165 5091 2204 5129 r.
2236 5090 2289 5140 v,
2320 5072 2374 5129 8.
2407 5072 2450 5108 ⁸ο
2481 5071 2686 5126 Matth.
2717 5087 2755 5125 x
2786 5070 2873 5124 16.
2904 5069 2947 5104 ⁶¹
2981 5065 3191 5124 Matth.
3223 5082 3350 5133 xm,
3369 5066 3462 5123 22.

616 5188 707 5266 Sic
738 5206 880 5246 mss.
917 5207 1142 5266 omnes.
1181 5190 1353 5266 Editi,
1389 5187 1446 5266 δέ
1499 5188 1843 5266 διοικήσεως,
1877 5196 2048 5254 male.

498 5259 587 5338 59)
621 5261 716 5338 Sic
749 5260 1557 5338 mss.“nostri.EiLoEucoitacq
1593 5259 1846 5338 in'prius
1879 5269 2054 5325 editis

405 5327 624 5387 factum
661 5334 866 5398 fuerat,
895 5327 1030 5403 ἕξεσι
1062 5337 1197 5394 ταῖς,
1231 5327 1347 5390 ΝΘό
1379 5335 1457 5390 ila
1516 5327 1700 5393 multis
1747 5341 1900 5396 infra
1938 5343 2054 5396 duo

405 5419 586 5479 ωεβει
609 5403 784 5479 ἔτευτῷ
834 5403 1200 5479 σχηιματίζεξνε

477 5476 592 5550 (θο)
617 5473 1109 5550 Υοιθτθεςῇιῖιιυοὶ
1141 5475 1300 5542 libri,
1325 5473 1494 5546 αὐτῷ.

478 5547 588 5632 (61)
622 5548 814 5632 Codex
846 5547 1733 5632 Regi'us,quem_nominavimus
1753 5559 2054 5632 quartum,

404 5616 503 5692 hic
535 5616 1254 5692 desinit,terminaturque
1277 5619 1365 5676 his
1395 5622 1609 5690 verbis,
1633 5616 1928 5686 πλουσίους
1961 5616 2055 5678 τοῦ

405 5685 604 5752 αἰῶνος
658 5685 875 5752 τούτου.
932 5697 1061 5752 Mox
1117 5685 1263 5751 mss.
1336 5685 1608 5765 quatuor,
1667 5695 1755 5751 καὶ
1814 5685 2053 5774 ἄκαρπον

2163 5201 2362 5251 ποιεῖν.
2397 5196 2574 5261 Editi,
2605 5193 2694 5249 καὶ
2725 5191 2931 5265 καρπὸν
2970 5191 3046 5263 μή
3075 5193 3276 5259 ποιεῖν,
3323 5190 3655 5265 quos_d_ixit
3688 5198 3817 5265 fru-

2163 5273 2310 5324 ctum
2341 5285 2446 5323 non
2482 5272 2648 5336 ferre.
2681 5262 2942 5323 Subinde
2973 5262 3234 5336 quatuor
3267 5278 3437 5332 mss,
3461 5262 3496 5330 ἡ
3529 5263 3818 5320 Βαουλών.

2166 5340 2338 5402 Editi,
2372 5341 2407 5407 ἡ
2441 5332 2786 5394 Βαϐυλωνία.

2239 5413 2350 5482 (62)
2385 5403 2614 5468 Veteres
2671 5415 2922 5482 quatuor
2965 5404 3130 5482 libri,
3166 5403 3426 5482 ﬁeavzaai
3479 5403 3816 5482 a6;-i,v,_xai

2166 5475 2462 5554 ἀποδεῖξαι.
2499 5475 2738 5554 Supplé.
2767 5477 2982 5554 μέλλει,
3021 5477 3132 5554 nisi
3165 5475 3353 5554 legere
3411 5478 3624 5554 mavis,
3684 5478 3814 5554 ἀφα-

2165 5545 2383 5611 νίσει...’
2402 5545 2691 5626 ἀποδείξει.
2733 5545 2906 5619 Editi,
2930 5545 3250 5626 ἀφανίσειαῖ
3281 5545 3610 5626 -ἀποὸεῖξαιο
3675 5545 3816 5622 quo-

2165 5643 2294 5684 rum
2329 5628 2387 5685 in
2411 5623 2831 5686 altero—vitium
2853 5623 3100 5689 subesse
3129 5623 3381 5679 constat.
