4134 6224
260 390 378 450 617

1050 382 1458 447 COMMENT.
1503 383 1584 444 ΙΝ
1628 382 1898 444 ISAIAM
1945 379 2455 443 PROPHETAM.
2500 380 2667 441 CAP.
2715 380 2870 442 XIV.

3546 382 3667 444 618

260 517 434 592 ὐμῶν.
484 513 585 571 Καὶ
663 510 871 571 ἔσονται
944 512 1023 578 είς
1089 514 1474 587 καταπάτημα,
1540 513 1630 568 καὶ
1686 510 1911 589 ἀφαιρε-

2040 528 2169 579 2em,
2200 516 2251 569 et
2292 512 2577 583 auferetur
2617 512 2685 568 ab
2732 512 2811 568 eis
2844 512 3049 584 jugum
3097 513 3364 585 ipsorum,
3395 515 3446 568 et
3481 512 3670 586 gloria

259 608 483 679 θήσεται
545 603 636 660 ἀπ’
690 601 869 659 αὐτῶν
920 602 950 658 6
1004 602 1162 677 ζυγὸς
1219 602 1418 671 αὐτῶν,
1477 602 1568 657 καὶ
1620 601 1683 656 :6
1744 597 1908 663 κῦδος

258 693 441 748 αὐτῶν
498 690 606 747 ἀπὸ
657 693 765 746 τῶν
827 686 995 763 ὤμων
1053 688 1252 747 αὐτῶν.
1301 690 1363 747 Ὁ
1424 688 1517 763 μὲν
1575 688 1712 744 κατὰ
1740 688 1911 765 σάρκα

254 778 509 857 Ἰσραὴλ,
540 777 667 856 περὶ
696 781 798 845 τῆς
824 778 1223 855 νενομισμᾶνης
1271 776 1458 841 αὐτοῖς
1505 784 1611 854 γῆς
1649 781 1747 832 τοῦ
1776 782 1910 833 Θεοῦ

258 871 416 939 εἶναι,
445 869 537 925 καὶ
569 868 738 944 ὁρίων
764 866 974 923 τούτων
1003 870 1112 922 τῶν
1140 866 1344 943 γηίνων
1385 870 1456 941 τῇ
1507 865 1738 940 αἴσθητῇ
1770 867 1911 921 Ἰου-

258 957 386 1031 δαίᾳ
409 958 549 1031 (63),
577 957 670 1012 τὸν
703 953 869 1030 λόγον
924 950 1296 1030 ὑπολαμϐάνει
1359 954 1620 1030 ὑπάρχειν
1650 959 1732 1027 τῷ
1773 974 1911 1031 προ-

257 1049 429 1123 φήτῃ·
471 1046 562 1101 καὶ
619 1046 719 1115 τὴν
779 1043 1068 1118 Ἀσσυρίαν
1114 1041 1476 1121 αῗχμάλωτον
1537 1044 1759 1120 ἀπάγειν
1816 1044 1909 1098 τὸν

256 1133 510 1213 Ἰσραὴλ,
545 1134 699 1208 ζυγὸν
749 1129 1002 1195 δουλείας
1047 1132 1234 1196 αὐτοῖς
1278 1132 1549 1197 ἐπιθέντα·
1607 1134 1773 1205 ἡμεῖς
1831 1128 1909 1197 δὲ,

258 1228 315 1282 οἱ
366 1224 769 1300 συνεγερθὲντες
819 1226 1044 1298 Χριστῷ
1093 1224 1227 1297 (64),
1265 1221 1357 1277 καῖ
1387 1221 1676 1298 εὐχόμενοι
1706 1222 1773 1277 τὰ
1800 1219 1910 1276 ἅνω

262 1319 473 1386 ζητεῖν,
522 1318 628 1388 γῆν
680 1311 775 1384 μὲν
804 1308 1150 1385 ὀνομάζομεν
1180 1311 1279 1379 τὴν
1306 1307 1531 1386 καρδίαν
1563 1311 1665 1380 τὴν
1713 1308 1910 1378 καλὴν,

256 1402 401 1458 καθᾶ
436 1401 565 1477 παρ’
591 1399 759 1455 αὐτοῦ
803 1395 1162 1474 δεδιδάγμεθα
1208 1402 1307 1453 τοῦ
1353 1397 1573 1474 Κυρίου,
1635 1396 1909 1474 λὲγοντος·

273 1491 320 1549 Ο
406 1486 466 1545 δὶ
556 1488 645 1543 ἰπὶ
736 1487 837 1556 τὴν
922 1493 1029 1561 γῆν
1121 1484 1299 1555 καλὴν
1395 1485 1641 1559 σπαρεὶς,
1722 1482 1914 1547 οὗντος

259 1580 290 1634 6
387 1577 482 1632 τὸν
585 1573 755 1650 λόγον
838 1570 1053 1629 ἀκούων
1150 1573 1243 1629 κᾶὶ
1336 1574 1533 1637 συνιεὶς
1633 1593 1913 1651 καρποφο-

262 1672 352 1745 ρεῖ
406 1667 521 1741 (65)
573 1666 664 1721 καὶ
718 1668 871 1719 ποιεῖ
926 1664 955 1719 6
1017 1663 1113 1733 μὲν
1165 1663 1392 1730 ἑκατὸν,
1445 1664 1474 1718 6
1526 1660 1585 1718 δὶ
1637 1662 1912 1735 ἐξήκοντα,

264 1758 293 1813 6
356 1752 416 1811 δὶ
469 1754 783 1830 τριάκοντα.
812 1750 911 1807 Καὶ
942 1749 1070 1828 ὄρος
1101 1748 1193 1807 οὖν
1235 1756 1332 1807 τοῦ
1362 1749 1495 1807 Θεοῦ
1526 1748 1747 1806 δύναται
1775 1769 1916 1827 χρη-

2016 616 2209 657 eorum
2236 602 2305 656 ab
2334 601 2580 657 humeris
2626 602 2889 673 ipsorum.
2922 601 3101 658 Israel
3134 600 3371 674 quidem
3416 601 3668 658 carnalis

2019 690 2090 745 de
2119 692 2274 746 terra
2304 706 2482 762 quam
2514 690 2617 746 Dei
2655 705 2784 747 esse
2821 689 3179 761 existimant,
3203 689 3391 762 deque
3419 690 3669 747 terrenis

2017 778 2148 834 istis
2199 779 2496 835 montibus
2527 779 2586 834 in
2615 779 2816 835 Iudaea
2861 778 3129 835 sensibili
3178 778 3328 849 sitis,
3360 778 3516 836 diota
3543 778 3666 836 haec

2020 867 2201 923 fuisse
2223 884 2257 923 a
2277 868 2556 940 propheta
2583 868 2930 936 arbitratur;
2957 884 3023 924 ac
3045 868 3186 936 fore,
3206 871 3272 923 ut
3294 867 3476 924 Israel
3494 870 3668 942 Assy-

2020 955 2167 1011 riam
2234 956 2490 1012 abducat
2545 957 2603 1011 in
2663 956 3106 1030 captivitatem;
3165 957 3311 1030 jugo
3367 956 3664 1015 servitutis

2018 1044 2271 1117 Assyriis
2326 1045 2648 1117 imposito:
2694 1063 2802 1102 nos
2847 1060 3004 1114 vero,
3037 1045 3136 1118 qui
3185 1046 3663 1104 consurreximus

2021 1148 2155 1188 cum
2186 1132 2436 1199 Christo,
2456 1134 2841 1206 vovimusque
2870 1135 3222 1206 quaesituros
3252 1151 3358 1191 nos
3388 1151 3515 1207 quea
3536 1153 3666 1192 sur-

2021 1237 2153 1277 sum
2187 1226 2326 1277 sunt
2345 1222 2418 1290 ‘3;
2452 1239 2550 1278 cor
2577 1224 2796 1280 bonum
2826 1228 3040 1279 terram
3073 1223 3471 1292 nominamus,
3494 1229 3666 1295 prout

2022 1326 2228 1365 sumus
2260 1310 2447 1367 edocti
2483 1311 2556 1366 ab
2586 1310 2710 1382 ipso
2736 1312 2983 1368 Domino
3013 1312 3278 1368 dicente:
3310 1314 3424 1383 Qui
3448 1328 3574 1369 vero
3604 1314 3665 1369 in

2021 1407 2225 1455 terram
2258 1399 2454 1455 bonam
2482 1402 2791 1456 seminatus
2827 1405 2924 1469 est,
2956 1401 3047 1457 hic
3089 1401 3314 1457 verbum
3356 1401 3587 1459 audiens
3613 1404 3668 1458 et

2023 1488 2354 1560 intelligens,
2395 1490 2639 1559 fructum
2694 1488 2877 1563 affert,
2926 1499 2979 1545 et
3028 1490 3190 1560 facit,
3241 1490 3390 1547 alius
3446 1490 3668 1563 quidem

2020 1577 2396 1647 centesimum,
2447 1577 2597 1633 alius
2646 1581 2829 1632 autem
2874 1579 3302 1649 sexagesimum,
3334 1578 3487 1634 alius
3530 1595 3669 1634 vero

2023 1666 2361 1721 tricesimum
2379 1666 2445 1720 ⁸³.
2480 1666 2734 1737 Denique
2759 1665 2854 1722 Dei
2878 1682 3047 1722 mons
3070 1667 3127 1721 in
3149 1682 3265 1737 quo
3287 1666 3671 1723 conculcandi

2020 1754 2241 1827 Assyrii
2272 1760 2431 1824 sunt,
2465 1759 2660 1828 potest
2690 1754 2972 1827 appellari
3003 1755 3075 1823 is,
3109 1755 3211 1827 qui
3240 1755 3301 1811 in
3334 1755 3503 1811 bonis
3536 1771 3672 1828 ope-

268 1843 540 1919 ματίζειν,
571 1841 623 1897 ἕν
656 1842 702 1914 ᾧ
749 1840 827 1905 εἰς
852 1841 1218 1947 ωταῖάτημα
1243 1842 1562 1915 γενήσονται
1614 1841 1666 1894 οἱ
1722 1837 1913 1897 Ἀσσύ-

2040 1842 2185 1898 εἰὺιιε
2215 1859 2594 1916 progressum
2639 1842 2795 1912 facit,
2829 1859 3009 1915 seque
3055 1860 3236 1916 supra
3265 1842 3521 1916 reliquos
3551 1859 3675 1900 ser-

267 1952 406 2008 ριοι,
466 1932 495 1985 6
520 1929 754 2001 αὐξήσας
787 1928 839 1984 ἰν
868 1932 986 1990 τοῖς
1016 1922 1196 2004 ἔργοις
1225 1933 1343 1992 τοῖς
1369 1928 1613 2003 ἀγαθοῖς,
1643 1928 1734 1983 καὶ
1766 1926 1917 2001 λόγῳ

2040 1946 2199 1987 :none
2230 1930 2449 1988 attollit
2489 1937 2547 1988 et
2594 1931 2972 2005 cognitione:
3006 1932 3066 1988 in
3117 1932 3226 1989 hoc
3271 1932 3384 1989 isto
3431 1931 3672 1989 concul-

264 2019 358 2075 καὶ
386 2019 584 2096 γνώσει
631 2018 765 2092 ὑπὲρ
810 2015 939 2082 τοὺς
985 2014 1191 2076 ἄλλους
1228 2017 1555 2088 ἀνεστηκὼς*
1623 2017 1674 2073 ἰν
1732 2016 1916 2089 τούτῳ

261 2107 634 2181 καταπάτημα
677 2102 885 2161 ἔσονται
933 2106 985 2160 οὶ
1035 2104 1255 2180 ἰχθρυί.
1305 2105 1403 2161 Καὶ
1429 2110 1531 2168 πᾶς
1562 2107 1590 2160 6
1617 2106 1779 2181 ζυγὸς
1806 2110 1914 2161 τῶν

262 2198 570 2273 Ἀσσυρίων
619 2196 1037 2274 άιραιρεθήσεται
1089 2195 1193 2250 61:6
1238 2196 1337 2251 τοῦ
1397 2200 1552 2253 Θεοῦ.
1617 2197 1774 2271 Μίγα
1820 2195 1915 2270 μὶν

261 2288 366 2364 γὰρ
416 2286 701 2365 ἐφρόνουν,
751 2284 826 2347 ὡς
874 2288 993 2347 τοῖς
1032 2282 1209 2358 ὤμοις
1238 2289 1345 2341 τῶν
1377 2284 1483 2340 ἀπὸ
1540 2287 1637 2355 τῆς
1695 2282 1918 2362 μερίδος

263 2381 365 2433 τοῦ
394 2380 530 2432 Θεοῦ
558 2380 668 2431 τῶν
721 2373 1024 2451 ἀνθρώπων
1069 2368 1462 2443 ἐπιϐαίνοντες,
1517 2373 1607 2429 καὶ
1668 2374 1770 2428 ὑπὸ
1825 2374 1917 2428 τὸν

265 2464 409 2521 ἴδιον
460 2465 621 2539 ζυγὸν
651 2467 936 2525 ποιοῦντες
965 2462 1092 2525 τοὺς
1119 2470 1219 2534 τῆς
1263 2460 1513 2526 δουλείας
1543 2467 1640 2518 τοῦ
1665 2466 1799 2518 Θεοῦ
1831 2460 1921 2518 διὰ

266 2553 378 2611 τῶν
436 2555 850 2629 ἁμαρτημάτων
883 2551 1349 2617 ἆπυσπασθίντας.
1397 2554 1659 2629 Ἔχοντες
1691 2553 1787 2608 οῦν
1818 2556 1915 2624 τὴν

260 2643 402 2699 κατὰ
444 2643 510 2697 τὸ
555 2641 844 2718 είρημίνον
897 2638 1096 2697 ἆλπίδα
1136 2642 1260 2717 περὶ
1315 2644 1414 2697 τοῦ
1465 2640 1763 2698 ἀπολέσθαι
1823 2644 1919 2715 μὲν

263 2730 394 2788 τοὺς
443 2728 680 2807 ὐχθροὺς
726 2731 891 2802 ἡμῶν
939 2728 1028 2785 ἰπὶ
1085 2736 1188 2800 τῆς
1230 2736 1335 2806 γῆς
1364 2734 1463 2785 τοῦ
1492 2734 1649 2796 Θεοῦ,
1697 2729 1786 2785 καὶ
1832 2730 1919 2785 ἰπὶ

265 2824 373 2875 τῶν
420 2818 593 2895 ὁρίων
639 2816 803 2873 αὐτοῦ
844 2819 1413 2889 κυταπατηθήσεσθαι,
1470 2819 1560 2873 καὶ
1615 2819 1708 2873 τὸν
1760 2820 1919 2893 ζυγὸν

266 2908 447 2965 αὐτῶν
515 2907 1010 2987 ἀφαιρεθήσεσθαι,
1067 2909 1155 2963 καὶ
1214 2908 1276 2963 τὸ
1331 2910 1443 2982 (66)
1498 2906 1681 2981 κῦδος,
1733 2909 1779 2980 ᾦ
1826 2909 1920 2964 ἐπ-

267 2996 562 3074 εγαυρίων,
621 2996 698 3059 ὡς
746 2994 1113 3072 κατάρχοντες
1159 2996 1344 3070 ἡμῶν,
1392 2994 1483 3051 καὶ
1536 2991 1922 3067 ἐπιϐεϐηκότες

266 3088 409 3160 ἡμῖν
432 3130 452 3154 ,
510 3079 956 3161 συντριϐήσεσθαι
1015 3086 1150 3159 (67),
1198 3086 1373 3141 πάντα
1428 3085 1775 3160 πράττωμεν,
1828 3086 1922 3140 ἳνα

264 3172 466 3229 τέλεον
525 3172 702 3230 αὐτῶν
760 3173 860 3242 τὴν
918 3169 1226 3228 δυναστείαν
1291 3172 1725 3246 ἀποσεισώμεθα.
1797 3174 1918 3231 Ἐὰν

2026 2021 2197 2076 candi
2247 2019 2470 2076 inimici
2518 2025 2658 2076 sunt
2711 2022 2780 2076 Et
2827 2036 3001 2077 omne
3052 2020 3420 2093 Assyriorum
3446 2022 3672 2094 'jugum

2026 2109 2326 2165 auferetur
2353 2125 2457 2182 per
2476 2108 2682 2167 Deum.
2704 2109 2936 2165 Etenim
2969 2125 3082 2165 non
3109 2126 3318 2181 parum
3347 2109 3677 2180 gloriaban-

2027 2201 2143 2266 tur,
2164 2198 2401 2270 quodin
2424 2197 2701 2254 humeros
2726 2197 3056 2267 hominum,
3081 2198 3181 2270 qui
3201 2198 3302 2255 Dei
3336 2198 3524 2271 portio
3546 2214 3677 2255 esse

2028 2288 2442 2355 censebantur,
2473 2287 2787 2354 insilirent,
2816 2304 2883 2343 ac
2921 2303 3020 2343 eos
3063 2287 3165 2358 qui
3194 2304 3229 2344 a
3261 2287 3359 2343 Dei
3398 2287 3678 2344 servitute

2029 2392 2131 2450 per
2180 2380 2415 2449 peccata
2444 2376 2792 2439 defecerant,
2827 2376 2938 2431 sub
2977 2377 3189 2449 jugum
3225 2393 3399 2433 suum
3449 2375 3678 2449 redige-

2028 2469 2178 2522 rent.
2212 2465 2410 2537 Itaque
2440 2481 2572 2521 cum
2613 2481 2917 2535 speremus
2940 2465 3113 2536 juxta
3157 2465 3216 2520 id
3266 2465 3421 2538 quod
3453 2465 3679 2522 dictum

2028 2556 2139 2620 est,
2154 2551 2576 2625 disperdendos
2598 2567 2724 2609 esse
2747 2552 3018 2608 inimicos
3041 2557 3275 2609 nostros
3296 2553 3357 2610 in
3378 2557 3535 2609 terra
3555 2552 3679 2623 Dei,

2028 2646 2086 2698 et
2114 2643 2173 2697 in
2207 2641 2509 2697 montibus
2551 2642 2678 2712 ejus
2720 2641 3170 2707 oonculcandos,
3202 2646 3260 2699 et
3280 2644 3490 2714 jugum
3521 2642 3679 2714 ipso-

2028 2747 2161 2787 rum
2210 2747 2338 2787 esse
2388 2731 2794 2797 auferendum,
2846 2731 3381 2803 conterendamque
3428 2729 3679 2803 gloriam

2030 2837 2147 2892 qua
2167 2819 2581 2886 atterebantur,
2600 2823 2662 2874 ut
2679 2819 2778 2891 qui
2800 2819 2859 2874 in
2884 2836 2990 2876 nos
3012 2817 3679 2889 haberent,dominium,

2031 2924 2255 2980 nosque
2285 2907 2668 2975 invasissent;
2701 2906 2849 2962 nihil
2872 2925 2984 2963 non
3009 2907 3343 2973 moliamur,
3360 2912 3425 2964 ut
3445 2908 3681 2964 omnino

2030 2996 2394 3053 excutiamus
2424 3013 2457 3051 a
2488 2996 2658 3052 nobis
2689 3012 2891 3051 eorum
2922 2996 3262 3068 imperium.
3285 2995 3448 3060 Quod
3478 2995 3530 3052 si
3559 2996 3681 3052 fue-

2031 3087 2218 3142 rimus
2248 3088 2479 3140 montes
2508 3084 2629 3155 Dei,
2656 3084 2844 3156 ipsius
2876 3085 3257 3141 t‘undamenta
3283 3088 3459 3141 erunt
3486 3083 3547 3140 in
3579 3100 3684 3140 no-

2031 3174 2122 3230 bis
2146 3174 2228 3229 “:
2255 3172 2471 3245 quippe
2495 3172 2774 3229 cordibus
2797 3173 3015 3230 nostris
3038 3173 3418 3229 mandabitur
3435 3173 3683 3241 verbum

267 3262 372 3339 γὰρ
419 3260 704 3339 γενώμεθα
752 3259 852 3334 ὅρη
902 3264 1059 3330 Θεοῦ,
1104 3262 1157 3314 οἱ
1216 3259 1463 3335 θεμέλιοι
1522 3260 1687 3316 αὐτοῦ
1718 3260 1923 3317 ἔσονται

2040 3263 2318 3328 veritatis,
2365 3278 2431 3318 ac
2486 3262 2642 3318 bona
2696 3277 2874 3335 opera
2926 3262 2985 3317 in
3045 3262 3160 3318 ﬁde
3214 3262 3683 3319 aedificabantur.

272 3353 329 3409 ἰν
381 3352 548 3425 ἡμῖν,
594 3353 693 3405 τοῦ
736 3347 905 3426 λόγου
948 3355 1053 3420 τῆς
1098 3348 1358 3421 ἀληθείας
1407 3345 1841 3422 καταϐληθίντος
1874 3351 1925 3407 ἐν

267 3448 391 3504 ταῖς
441 3436 693 3516 καρδίαις
718 3440 907 3514 ⁴ἡμῶν,
963 3438 1053 3495 καὶ
1108 3444 1217 3496 τῶν
1245 3440 1457 3515 ἀγαθῶν
1489 3438 1657 3518 ἔργων
1709 3440 1926 3497 ἐποικο-

272 3527 638 3605 δομουμὲνων
667 3527 939 3594 τῆπίστει
999 3530 1133 3605 (68).
1193 3534 1284 3584 Δεῖ
1326 3525 1384 3584 δὶ
1427 3532 1678 3606 καθαρῶς
1722 3529 1929 3585 ἀποτά-

276 3620 469 3691 ξασθαι
497 3616 648 3691 ἥμᾶς
692 3619 765 3691 τῇ
815 3616 1077 3694 ἁμαρτίᾳ,
1124 3614 1212 3672 ἵνα
1262 3615 1544 3693 ἐλεύθερον
1597 3617 1687 3673 τὸν
1728 3617 1929 3694 αὐχένα

274 3712 372 3764 τοῦ
405 3710 574 3782 ζυγοῦ
602 3703 821 3782 ἔχωμεν
849 3710 958 3761 τῶν
1005 3706 1330 3779 Ἀσσυρίων,
1359 3705 1449 3761 καὶ
1483 3703 1809 3780 δυνηθῶμεν
1834 3728 1925 3783 γει

274 3794 465 3861 νισθαι
515 3798 749 3870 Χριστοῦ
799 3792 1119 3869 ὑποζύγιον.
1173 3794 1277 3850 Δύο
1322 3796 1422 3871 γὰρ
1474 3794 1666 3872 ζυγοὺς
1717 3795 1779 3851 οὐ
1837 3793 1927 3851 δυ-

2037 3352 2275 3426 Oportet
2304 3356 2499 3407 autem
2547 3351 2885 3407 renuntiare
2914 3368 3023 3407 nos
3061 3352 3286 3407 sincere
3334 3354 3588 3423 peccato,
3621 3352 3687 3405 ut

2036 3441 2319 3498 liberetur
2343 3439 2537 3497 cervix
2565 3444 2769 3498 nostra
2798 3457 2832 3497 a
2856 3441 3000 3513 jugo
3030 3440 3426 3513 Assyriorum,
3449 3439 3687 3495 Christi-

2039 3547 2151 3604 que
2174 3532 2513 3602 jumentum
2553 3530 2852 3602 possimus
2884 3528 3028 3586 ﬁeri.
3060 3529 3206 3585 Nam
3236 3527 3445 3584 cervici
3476 3531 3686 3584 nostra:

2037 3618 2261 3692 imponi
2294 3636 2408 3674 non
2442 3622 2631 3690 potest
2661 3618 2875 3690 duplex
2911 3619 3148 3690 jugum,
3182 3616 3396 3673 Christi
3427 3619 3484 3671 et
3511 3617 3686 3689 Assy-

2037 3709 2130 3764 rii.
2164 3709 2291 3777 Quae
2320 3707 2476 3763 enim
2513 3708 2873 3779 participatio
2911 3707 3145 3778 justitise
3191 3722 3316 3762 eum
3365 3706 3683 3777 iniquitate,

2036 3805 2141 3852 aut
2171 3811 2297 3867 quae
2322 3796 2551 3850 societas
2579 3795 2693 3850 luci
2719 3795 2789 3849 ad
2820 3794 3065 3850 tenebras
3086 3795 3131 3829 ⁸⁸
3150 3792 3178 3847 ‘l

277 3884 441 3939 νατὸν
500 3881 803 3946 ἐπικεῖσθαι
831 3884 994 3955 ἡμῶν
1022 3886 1103 3954 τῷ
1128 3880 1421 3958 τραχήλῳο
1453 3883 1544 3937 τὸν
1569 3886 1669 3938 τοῦ
1699 3882 1925 3960 Κύριου,
1950 3882 2039 3939 καὶ
2070 3884 2160 3938 τὸν
2191 3882 2288 3937 τοῦ
2319 3880 2628 3957 Ἀσσυρίου.
2680 3880 2770 3943 Τίς
2817 3880 2919 3955 γὰρ
2969 3880 3181 3955 μετοχή
3230 3878 3545 3953 δικαιοσύνῃ
3593 3879 3683 3933 καὶ

281 3972 510 4047 ἀνομίᾳ,
539 3970 577 4040 ἢ
605 3970 689 4035 τίς
716 3970 977 4026 κοινωνία
1007 3970 1147 4049 φωτὶ
1174 3971 1312 4044 πρὸς
1341 3970 1565 4043 σκότος;

347 4064 482 4118 285.
544 4057 695 4129 Αὕτη
745 4062 781 4129 ἡ
830 4059 1029 4135 βουλὴ,
1083 4061 1145 4129 ἢν
1209 4055 1567 4136 βεϐούλευται
1596 4059 1799 4137 Κύριος
1847 4060 1936 4116 ἰπὶ

284 4151 386 4220 τὴν
435 4146 771 4221 οἷκουμινην
827 4144 989 4219 ὅλην,
1041 4149 1131 4202 καὶ
1186 4146 1321 4217 αὕτη
1374 4150 1410 4217 ἡ
1442 4148 1567 4224 χεὶρ
1618 4147 1803 4223 ὑψηλὴ
1850 4148 1940 4204 ἐπὶ

287 4237 463 4293 πάντα
510 4234 579 4291 τὰ
617 4233 743 4305 ἔθνη
793 4241 895 4305 τῆς
944 4226 1325 4308 ὀίκουμὲνης.
1383 4237 1453 4292 Ἀ
1517 4235 1621 4312 γᾶρ
1671 4236 1699 4289 6
1743 4237 1871 4299 Θεὸς
1913 4236 1941 4289 6

292 4326 449 4397 ἅγιος
508 4317 882 4399 βεϐούλευται,
937 4322 1021 4384 τίς
1082 4319 1455 4393 διασκεδάσεις
1512 4325 1612 4393 τήν
1679 4320 1737 4378 δὶ
1783 4328 1946 4399 χεῖρα

292 4415 458 4469 αὐτοῦ
531 4412 632 4480 τὴν
706 4409 928 4485 ὑψηλὴν
1001 4410 1085 4472 τίς
1152 4411 1518 4487 ἀποστρίψεις
1580 4416 1775 4491 Σαφῶς
1835 4409 1944 4467 δεί-

2117 4062 2245 4116 285.
2278 4061 2450 4118 Vens.
2478 4059 2571 4129 26,
2600 4059 2691 4115 27.
2744 4061 2853 4115 Hoc
2893 4061 2972 4115 est
3016 4060 3324 4128 consilium,
3373 4057 3511 4128 quod
3556 4058 3697 4129 cepit

2052 4152 2316 4208 Dominus
2344 4165 2510 4222 super
2546 4149 2865 4204 universum
2911 4148 3130 4204 orbem:
3175 4154 3229 4202 et
3276 4149 3360 4202 est
3402 4145 3522 4203 haec
3566 4162 3695 4201 mu-

2051 4257 2157 4296 nus
2185 4241 2400 4296 excelsa
2442 4255 2607 4310 super
2662 4254 2850 4294 omnes
2895 4245 3078 4308 gentes
3123 4237 3288 4291 totius
3335 4244 3520 4293 terrae.
3555 4238 3700 4308 Qua

2053 4331 2203 4385 enim
2234 4330 2375 4384 Deus
2419 4336 2639 4383 sanctus
2668 4325 2924 4393 decrevit,
2955 4327 3080 4398 quis
3123 4326 3462 4397 dissipabit?
3499 4333 3552 4381 et
3580 4340 3700 4380 ma-

2058 4434 2163 4473 nus
2195 4418 2312 4486 eius
2365 4418 2635 4474 excelsam
2690 4417 2813 4488 quis
2867 4415 3113 4472 avertet?
3160 4413 3467 4486 Perspicua
3514 4414 3705 4483 docet,

295 4525 502 4571 κνυσιν,
552 4499 636 4556 ὅτι
664 4504 832 4556 ταῦτα
862 4497 1077 4574 λίγεται
1133 4500 1260 4573 περὶ
1288 4505 1397 4557 τῶν
1453 4502 1504 4556 ὲν
1537 4499 1641 4577 ὅλῃ
1665 4505 1735 4576 τῇ
1764 4502 1928 4556 οἰκου-

2054 4507 2167 4563 dici
2200 4506 2322 4561 haec
2353 4507 2423 4562 de
2454 4506 2527 4562 iis
2552 4506 2650 4578 qui
2684 4509 2820 4561 sunt
2848 4504 2909 4560 in
2943 4504 3214 4560 universo
3237 4504 3396 4573 orbe,
3421 4506 3477 4559 et
3506 4502 3566 4558 in
3587 4518 3710 4559 om.

306 4592 460 4665 μένῃ,
518 4589 611 4644 καὶ
659 4587 713 4643 ἐν
766 4592 897 4643 πᾶσι
925 4594 1042 4650 τοῖς
1094 4586 1320 4644 ἔθνεσιν·
1390 4586 1610 4653 οὐδενὸς
1652 4588 1948 4663 δυναμένου

304 4675 649 4736 διασκεδάσαι
706 4678 839 4753 ὅπερ
890 4679 919 4733 6
955 4678 1085 4741 Θεὸς
1135 4679 1164 4733 6
1222 4679 1372 4756 ἅγιος
1432 4673 1810 4755 βεϐούλευται,
1858 4682 1948 4736 καὶ

2059 4595 2233 4651 nibus
2264 4595 2538 4667 gentibus
2570 4611 2582 4648 :
2618 4594 2702 4649 sic
2734 4597 2797 4649 ut
2827 4610 2998 4648 nemo
3026 4592 3315 4665 dissipare
3343 4590 3534 4649 valeat
3552 4592 3710 4664 quod

2058 4684 2216 4740 Deus
2275 4687 2517 4739 sanctus
2563 4683 2795 4752 statuit,
2825 4681 3139 4754 nullusque
3186 4681 3287 4739 Dei
3333 4698 3576 4746 manum
3608 4697 3713 4754 pro

373 4861 423 4897 ⁸⁸
449 4857 576 4916 Col.
607 4873 696 4930 ιιι,
728 4857 779 4915 1.
855 4857 902 4894 ⁸³
933 4856 1141 4914 Matth.
1173 4875 1297 4927 xm,
1328 4858 1420 4914 23.
1496 4858 1542 4895 “
1570 4858 1724 4915 Psal.
1758 4876 1928 4916 Lxxxv

2052 4904 2066 4917 .
2140 4861 2188 4897 ⁸⁸
2217 4860 2267 4917 ΙΙ
2296 4861 2422 4917 Cor.
2438 4875 2533 4932 ⁸γι,
2567 4858 2653 4915 14.

385 5055 499 5128 (63)
530 5054 776 5128 Codices
806 5058 1083 5128 quatuor,
1111 5058 1181 5128 τῇ
1225 5053 1460 5128 stasne;
1501 5051 1757 5126 Ἰουδαίᾳ.
1800 5058 1970 5127 Editi,

320 5122 413 5195 τῆς
444 5122 681 5195 αἶ’θητῆς
730 5122 1015 5186 Ἰουδαίας.
1050 5122 1186 5193 Quae
1233 5122 1526 5199 scriptura
1574 5122 1727 5199 quin
1770 5122 1973 5185 melior

321 5202 390 5255 sit
420 5204 481 5254 et
507 5199 726 5271 aptior,
755 5214 869 5254 non
901 5199 1241 5257 dubitamus
1266 5218 1279 5255 :
1316 5201 1440 5266 sed,
1478 5205 1541 5255 ut
1570 5201 1851 5269 diximus,
1886 5220 1970 5257 ro-

322 5269 656 5343 clamabant
676 5269 821 5343 libri
852 5271 1102 5343 antiqui,

384 5343 501 5417 (64)
534 5341 711 5417 Editi,
739 5343 822 5417 τῷ
850 5341 1092 5417 Χριστῷ.
1120 5346 1196 5399 At
1223 5343 1283 5398 in
1317 5358 1462 5398 mss.
1496 5342 1712 5397 nostris
1745 5360 1858 5399 non
1890 5361 1972 5401 re-

320 5416 542 5483 peritur
566 5413 870 5469 articulus.

384 5484 628 5558 (65)8ic
673 5500 817 5540 mss.
855 5484 1061 5558 nostri.
1113 5484 1265 5558 Editi
1320 5501 1477 5558 vero,
1528 5483 1696 5558 96:65
1746 5483 1886 5539 ἔστιν
1947 5487 1975 5543 ὁ

314 5552 405 5611 τὸν
461 5552 629 5633 λόγον
694 5577 799 5629 μου
855 5554 1066 5611 ἀκούων
1120 5557 1207 5611 καὶ
1269 5552 1486 5626 σκνιεὶς,
1526 5555 1586 5617 ’ὸς
1642 5552 1710 5624 δὴ
1765 5578 1977 5633 καρπο-

425 5649 497 5685 ει.

570 5698 744 5755 Editi.
812 5700 1353 5771 καταπατηθήσεσθαι
1412 5699 1506 5754 τὸν
1576 5700 1737 5775 ζυγὸν
1805 5721 1979 5756 αυτων

645 5829 916 5891 Panos.
962 5830 1075 5892 Gs.
1119 5828 1310 5891 XXX.

2081 5059 2170 5113 καὶ
2192 5058 2653 5134 άφαέρεθῄσεσθαι
2683 5056 2764 5109 τό.
2901 5074 3044 5134 mss.
3080 5062 3143 5134 ut.
3171 5059 3230 5114 in
3262 5061 3556 5134 contextu.

2151 5123 2263 5198 (67)
2296 5123 2468 5193 Etliti,
2492 5129 2579 5182 καὶ
2611 5123 3076 5202 συντριϐήσεσθαι.
3102 5131 3272 5187 Deest
3295 5129 3384 5184 καί
3413 5130 3473 5202 in
3506 5126 3725 5202 nostris

2081 5202 2401 5273 codicibus.
2446 5197 2760 5271 Aliquanto
2810 5197 2941 5273 pust
2983 5204 3161 5258 codex
3210 5221 3385 5271 unus,
3416 5197 3725 5273 δυναστείαν

2083 5272 2481 5344 ἀποσειώμεθα.
2541 5268 2828 5328 ςιιὴὶῐιίὶθ-
2861 5274 2977 5328 duo
3036 5291 3196 5335 mss.,
3258 5268 3507 5346 ἐὰείγᾶρ
3554 5268 3722 5343 γινώ-
3769 5339 3779 5348 ⁵

2128 5366 2241 5399 ειια.

2087 5356 2266 5488 μεῗὲέ)
2301 5414 2536 5486 Antiqui
2595 5415 2709 5469 duo
2766 5414 2922 5488 libri,
2972 5413 3023 5467 ἐν
3083 5415 3277 5471 πίστει.
3335 5413 3498 5469 Haud
3557 5409 3729 5488 lgnge

2084 5480 2341 5564 quatuor
2389 5480 2556 5554 mss.,
2608 5489 2776 5564 ζυγοῦ
2814 5480 3057 5564 ἔχωμεν,
3084 5489 3275 5564 nam,
3303 5488 3545 5564 σχῶμεν.
3580 5480 3731 5564 sub-

2083 5559 2223 5616 inde
2278 5564 2398 5615 tres
2456 5575 2627 5628 mss.,
2658 5559 2818 5630 ἡμῶν
2847 5559 2968 5632 τῷ.
3023 5560 3173 5616 Editi
3229 5563 3287 5616 et
3332 5559 3473 5632 Reg.
3508 5559 3732 5629 primus

2086 5635 2247 5705 ἡμῖν.

3339 5810 3419 5890 20
