4074 6222
393 359 516 420 619

1341 355 1733 416 APPENDIX
1777 355 2100 418 OPERUM
2147 356 2214 418 S.
2259 357 2544 420 BASILII
2587 359 2864 421 MAGNI.

3683 365 3812 424 620

393 497 549 550 terra
569 495 628 549 et
648 490 950 548 montibus
970 489 1095 546 suis
1115 494 1585 562 propugnantem
1608 490 1762 546 596
1786 495 2042 546 avertere

2161 485 2377 551 οὐδενὸς
2408 488 2527 545 οτίου
2555 511 2614 545 τε
2645 485 2801 554 ὄντος
2834 491 2932 559 τὴν
2971 491 3289 568 ὑπὶρμαχον
3317 499 3481 569 χεῖρα
3527 499 3627 550 τοῦ
3671 500 3812 550 Θεοῦ

392 583 600 657 possit.
633 580 820 636 Simul
851 585 1049 635 autem
1091 579 1332 634 observa
1356 595 1424 633 ea
1451 595 1608 643 voce,
1636 579 1716 632 uti
1749 577 1951 633 multis
1983 578 2038 632 in

391 673 537 728 locis
572 669 961 734 ostendimus,
992 685 1108 724 rem
1147 684 1258 722 non
1292 684 1483 725 raram
1531 667 1721 722 solum
1753 671 1809 722 et
1840 667 2043 722 insoli-

393 765 516 817 tam
549 758 890 831 signiﬁcari,
919 757 1249 827 cujusmodi
1286 761 1374 811 est
1413 755 1557 810 illud
1593 774 1603 810 :
1639 757 1772 824 Quis
1800 757 2042 827 sapiens,

395 858 446 907 et
476 849 742 917 intelligit
772 847 889 904 haec
908 845 995 900 5°?
1027 845 1170 900 Item
1219 844 1360 899 illud
1397 861 1410 899 :
1447 845 1578 912 Quis
1627 844 1804 913 ﬁdelis
1833 848 1884 898 et
1910 861 2045 915 pru-

398 938 529 996 dens
558 935 959 1008 dispensator”
979 934 1008 990 ‘i
1049 934 1193 988 Nam
1227 933 1335 988 hoc
1367 933 1492 989 loco
1523 932 1689 1001 illud,
1720 934 1852 1002 Quis
1881 933 2043 987 dissi-

397 1028 601 1099 pabit?
630 1027 784 1081 idem
807 1024 953 1079 valet
983 1023 1138 1094 quod
1168 1038 1346 1078 nemo.
1370 1023 1568 1094 Neque
1598 1023 1755 1078 enim
1789 1021 2045 1094 cogitare

401 1116 490 1172 fas
535 1118 624 1170 est
669 1112 910 1184 reperiri
955 1128 1338 1184 quemquam,
1370 1110 1473 1184 qui
1527 1111 1814 1182 dissipare
1861 1109 2046 1166 valeat

397 1203 633 1259 Domini
663 1200 1000 1258 consilium.

468 1293 594 1346 286.
631 1291 802 1346 Vens.
833 1290 1024 1345 28-30.
1056 1291 1121 1344 In
1148 1304 1315 1357 anno,
1347 1303 1450 1359 quo
1483 1293 1728 1343 mortuus
1758 1292 1840 1342 est
1868 1287 2048 1342 Achar.

395 1397 514 1450 rem,
545 1381 760 1454 factum
797 1386 876 1434 est
921 1379 1148 1434 verbum
1177 1378 1317 1432 illud
1349 1395 1367 1430 :
1398 1376 1474 1433 Ne
1528 1377 1792 1432 laetemini
1838 1376 2046 1431 alieni-

293 1521 298 1526 .
395 1486 546 1542 genae
575 1484 784 1534 omnes,
840 1469 1134 1522 contritum
1184 1476 1259 1520 est
1291 1466 1440 1520 enim
1485 1466 1689 1536 jugum
1733 1467 2044 1536 percutien-

395 1561 466 1616 tis
494 1574 607 1615 vos.
641 1559 778 1613 Nam
805 1572 875 1610 ex
900 1556 1106 1610 semine
1152 1558 1464 1624 serpentum
1510 1553 1866 1624 egrediantur
1901 1558 2044 1624 [eius

395 1648 670 1719 aspidum,
699 1651 749 1701 et
772 1648 914 1715 fetus
944 1660 1132 1700 eorum
1159 1643 1513 1711 sgredientur
1542 1647 1825 1712 serpentes
1855 1643 2042 1698 volan-

395 1741 495 1792 tes.
525 1738 590 1791 Et
640 1743 930 1805 pascentur
976 1748 1246 1803 pauperes
1281 1748 1380 1802 per
1421 1747 1542 1786 eum
1576 1749 1595 1787 :
1625 1733 1815 1802 inopes
1859 1737 2044 1786 autem

399 1825 646 1880 homines
696 1825 756 1877 in
799 1837 930 1892 pace
975 1822 1310 1891 requiescent
1341 1837 1359 1872 :
1389 1822 1537 1890 fame
1580 1836 1706 1876 vero
1753 1821 2045 1891 interﬁciet

397 1930 581 1970 semen
618 1915 795 1978 tuum,
824 1915 875 1966 et
916 1909 1186 1981 reliquias
1235 1912 1360 1964 tuas
1409 1909 1706 1964 intsrimet.
1739 1908 2040 1980 Siquidem

399 1999 620 2068 omnia,
666 2015 793 2069 quae
842 1997 1128 2069 scripsere
1177 1997 1503 2068 prophetae,
1553 1997 1772 2052 dictata
1821 2003 1962 2052 sunt
2008 2013 2042 2050 a

399 2094 604 2146 sancto
634 2087 875 2159 Spiritu,
905 2085 1106 2158 utique
1136 2085 1265 2156 ipsa
1293 2086 1588 2141 adnotatio
1621 2086 1903 2157 temporis
1925 2102 2040 2156 quo

397 2179 553 2236 edita
583 2177 890 2250 prophetia
931 2181 1041 2241 est,
1075 2175 1292 2230 frustra
1319 2175 1539 2229 inserta
1589 2191 1703 2229 non
1749 2180 1857 2230 est.
1892 2174 2040 2240 Quid

398 2267 554 2321 enim
586 2263 860 2319 didicisse
905 2263 1161 2334 prodest,
1198 2262 1302 2317 hoc
1354 2263 1593 2316 verbum
1625 2279 1691 2317 eo
1739 2279 1893 2318 anno
1925 2280 2040 2334 quo

396 2359 667 2410 mortuus
696 2356 784 2408 est
811 2351 1002 2406 Achaz
1037 2351 1250 2406 Judaeaa
1281 2367 1402 2419 rex,
1435 2351 1718 2406 adversus
1765 2351 2042 2423 alienige-

394 2459 503 2498 nas
533 2444 747 2496 factum
781 2457 911 2496 esse
931 2440 958 2494 ?
995 2443 1199 2510 Itaque
1227 2439 1349 2495 haec
1381 2445 1471 2495 est
1500 2440 1789 2494 sententia
1819 2446 2040 2496 nostra.

397 2530 903 2598 Quemadmodum
943 2529 1228 2600 scriptum
1276 2533 1366 2584 est
1413 2529 1472 2583 in
1525 2529 1761 2584 Exodo:
1797 2529 2042 2585 Marinus

396 2624 471 2679 est
501 2636 601 2676 rex
627 2619 868 2690 Egypti,
893 2623 943 2674 et
966 2620 1353 2688 ingemuerunt
1370 2618 1481 2688 ﬁlii
1502 2619 1671 2674 Israel
1697 2618 1768 2673 ab
1789 2620 2042 2689 operibus

397 2711 532 2780 suis,
563 2718 614 2764 et
641 2709 890 2764 ascendit
935 2708 1164 2775 ciamor,
1195 2710 1244 2761 et
1285 2705 1570 2764 exaudivit
1618 2707 1757 2763 Deus
1807 2710 2043 2777 gemitus

399 2815 592 2856 eorum
615 2799 678 2852 ⁸³.
711 2797 857 2852 Nam
907 2796 1165 2867 pessimo
1222 2811 1354 2866 rege
1407 2795 1634 2850 vivente
1689 2797 1945 2868 gemitus
1987 2803 2045 2852 et

400 2888 670 2960 querelas
699 2903 840 2942 suas
861 2885 919 2940 in
943 2885 1125 2940 Deum
1149 2884 1446 2939 effundere
1468 2900 1582 2939 non
1616 2889 1910 2956 poterant;
1944 2902 2043 2941 eos

401 2977 689 3049 siquidem
711 2976 954 3046 cogebat
983 2973 1322 3028 incumbere
1353 2973 1412 3028 in
1443 2989 1619 3044 opera
1641 2975 1825 3029 ardua
1848 2975 1913 3044 ⁸9,
1938 2991 2043 3030 nec

400 3067 472 3123 ad
503 3065 690 3120 Deum
721 3062 985 3119 attollere
1009 3063 1208 3118 oculos
1238 3062 1485 3117 sinebat.
1506 3066 1822 3134 Postquam
1846 3070 2041 3120 autem

397 3170 648 3222 nequam
695 3151 794 3206 ille
841 3152 1110 3206 sublatus
1140 3155 1284 3206 este
1317 3150 1529 3216 medio,
1579 3156 1718 3206 tunc
1765 3169 1872 3222 par
1915 3157 2043 3208 erat

2149 583 2248 645 τῆς
2273 584 2378 652 γῆς
2426 579 2594 633 αὐτοῦ
2646 579 2736 633 καὶ
2779 583 2886 633 τῶν
2936 579 3103 654 ὀρέων
3149 579 3504 657 ἀποστρέψαι.
3564 585 3719 656 ’Ἀμα
3753 581 3813 637 δὲ

2153 669 2454 742 παρατήρει
2484 669 2582 737 τήν
2609 671 2792 746 φωνὴν
2815 668 2874 722 ού
2899 672 3011 741 (69)
3047 669 3206 742 μόνον
3239 671 3312 734 ὡς
3345 669 3643 747 πολλαχοῦ
3674 693 3814 747 παρ-

2153 758 2452 829 αστήσαιμεν
2493 756 2579 810 ἐπὶ
2629 762 2724 811 τοῦ
2773 758 2998 812 σπανίου
3057 761 3488 837 σημαινομίνην,
3542 764 3659 816 οἷον
3718 764 3810 827 τὸ,

2152 843 2243 905 Τίς
2303 846 2488 922 σοφὸς,
2535 847 2623 900 καὶ
2670 848 2886 916 συνήσει
2943 851 3150 917 causa;
3208 849 3298 903 καὶ
3349 850 3433 920 τὸ,
3473 851 3563 911 Τίς
3611 852 3807 912 πιστὸς

2152 933 2241 988 καὶ
2275 932 2542 1010 φρόνιμος
2591 935 2926 1007 οἶκονόμοςς
2976 937 3084 992 Νὖν
3142 938 3242 1013 γάρ
3289 938 3382 1008 τὸ,
3441 938 3529 1000 Τίς
3588 937 3809 994 διασκευ

2155 1018 2338 1090 δασει;
2373 1020 2487 1076 ἴσον
2518 1020 2628 1076 ἐστὶ
2660 1025 2737 1095 τῷ
2768 1021 2964 1085 οὐδείς.
2999 1021 3142 1081 Ούδὶ
3169 1026 3269 1101 γάρ
3321 1026 3560 1099 θεμιτὸν,
3609 1028 3806 1096 ἂννοῆ-

2155 1129 2244 1164 σαι
2271 1111 2334 1165 τὸ
2365 1109 2496 1165 εἷναί
2540 1131 2660 1166 τινα
2713 1109 3007 1184 δυνάμενον
3060 1111 3398 1169 διασκεδάσαι
3449 1116 3551 1184 τήν
3588 1115 3807 1191 βουλήν

2151 1203 2248 1252 τοῦ
2279 1199 2478 1274 Κυρίου
2512 1202 2648 1272 (70).

2221 1289 2348 1344 286.
2399 1290 2511 1344 Τοῦ
2571 1287 2743 1357 ἔτους,
2803 1288 2865 1343 οὗ
2914 1289 3170 1345 ἀπέθανεν
3226 1291 3399 1366 ’Λχὰζ
3456 1293 3484 1347 6
3519 1292 3807 1367 βασιλεὺς,

2155 1374 2386 1449 ἕγενήθη
2444 1377 2507 1431 τὸ
2557 1376 2710 1452 ῥῆμα
2764 1382 2952 1433 τοῦτο·
3013 1380 3100 1448 Mi)
3157 1380 3544 1456 εὐφρανθείητε
3600 1383 3809 1445 πάντες

2155 1465 2204 1518 οἱ
2252 1461 2584 1542 ἀλλόφυλον
2648 1462 2932 1542 συνετρίϐη
2989 1467 3088 1540 γὰρ
3148 1469 3176 1522 6
3246 1470 3400 1544 ζυγὸς
3456 1474 3554 1524 τοῦ
3609 1470 3811 1524 παίον-

2151 1572 2242 1613 τος
2301 1552 2461 1625 ὑμᾶς.
2534 1555 2628 1611 Ἐκ
2699 1555 2801 1628 γὰρ
2871 1554 3178 1628 σπέρματος
3258 1556 3434 1634 ὂφεων
3494 1557 3809 1629 ἐξελεύσον-

2150 1661 2237 1694 ται
2315 1637 2512 1716 ἔγγονα
2576 1641 2839 1707 ἀσπίδων,
2910 1643 2998 1698 καὶ
3077 1644 3144 1699 τά
3215 1640 3410 1720 ἔγγονα
3482 1647 3659 1701 αὐτων
3721 1648 3808 1719 ἐξ·

2153 1729 2461 1784 ελεύσονται
2537 1726 2685 1808 ὄφεις
2761 1734 2873 1804 (71)
2957 1733 3268 1805 πετόμενοι.
3342 1735 3443 1790 Καὶ
3525 1736 3806 1810 βοσκηθῆ-

2156 1837 2339 1872 σονται
2409 1819 2626 1893 πτωχοὶ
2702 1816 2771 1872 δι’
2859 1818 3044 1874 αὐτοῦ’
3119 1823 3336 1895 πτωχοὶ
3403 1819 3461 1876 δὲ
3519 1824 3802 1898 ἄνθρωποι

2151 1906 2239 1963 ἐπὶ
2311 1907 2531 1983 εἷ’ρήνης
2605 1908 3024 1964 ἀναπαύσονται·
3108 1910 3288 1965 ἀνελεῖ
3367 1909 3423 1966 δὲ
3499 1911 3650 1984 λιμῷ
3739 1915 3801 1967 τὸ

2150 1997 2367 2072 σπέρμα
2425 2018 2542 2066 σου,
2593 1999 2683 2052 καὶ
2737 1997 2798 2052 τὸ
2847 1997 3196 2071 κατάλειμμά
3245 2021 3342 2054 σου
3393 1999 3592 2063 ἀνελεῖ,
3628 1998 3802 2070 Εἴπερ

2149 2089 2323 2141 πάντα
2383 2086 2652 2159 Πνεύματι
2709 2088 2850 2161 ἁγίῳ
2906 2085 3114 2160 εἷ’ρηται
3174 2087 3237 2142 τά
3265 2091 3621 2165 γεγραμμένα
3651 2094 3804 2157 παρά

2149 2180 2257 2229 τῶν
2310 2180 2628 2253 προφητῶν,
2664 2173 2917 2245 δηλονότι
2965 2176 3054 2230 καὶ
3087 2179 3120 2244 ἡ
3155 2176 3433 2254 ἀναγραφή
3464 2183 3560 2232 τοῦ
3588 2182 3801 2254 χρόνου

2150 2271 2250 2332 τῆς
2297 2263 2630 2338 προφητείας
2683 2263 2745 2318 οὐ
2806 2266 2978 2336 μάτην
3039 2261 3512 2340 παρεμϐἑϐληται.
3570 2267 3637 2323 Τί
3692 2270 3803 2344 γὰρ

2150 2346 2348 2425 ὄφελος
2395 2350 2454 2406 ἐκ
2504 2356 2600 2406 τοῦ
2662 2358 2871 2424 μαθεῖν,
2927 2352 3007 2407 ὅτι
3066 2358 3227 2407 τοῦτο
3285 2351 3493 2430 ἐγένετο
3522 2357 3582 2410 τὸ
3644 2356 3803 2429 ῥῆμα

2150 2441 2286 2513 πρὸς
2313 2438 2440 2502 τοὺς
2473 2439 2823 2518 ἀλλοφύλους
2853 2445 2932 2514 τῷ
2961 2442 3074 2515 (72)
3125 2439 3228 2496 ἔτει
3262 2442 3307 2515 ᾧ
3339 2443 3593 2506 ἀπέθανεν
3622 2446 3804 2520 Ἀχάζ

2151 2530 2178 2583 ὁ
2215 2526 2467 2604 βασιλεὺς
2495 2536 2596 2598 τῆς
2643 2527 2946 2600 Ἰουδαίαςς
3000 2530 3336 2604 Αογιζόμεθα
3388 2531 3504 2598 οὖν,
3552 2532 3635 2587 ὅτι
3686 2535 3800 2588 ὥσ·

2149 2636 2249 2691 περ
2310 2618 2422 2691 (73)
2474 2616 2526 2672 ἐν
2553 2621 2622 2691 τῇ
2675 2616 2881 2690 Ἐξύδῳ
2911 2617 3232 2693 γέγραπται,
3291 2621 3373 2674 δτι
3417 2621 3803 2691 Ἐτελεύτησεν

2153 2707 2180 2762 6
2251 2703 2504 2781 βασιλεὺς
2582 2705 2885 2780 Αἰγύπτου,
2963 2708 3054 2761 καὶ
3137 2708 3511 2777 κατεστέναξαν
3571 2711 3625 2763 oi
3681 2712 3800 2766 υἱοὶ

2155 2793 2375 2867 Ἰσραήλ
2407 2794 2513 2848 ἀπὸ
2570 2798 2676 2849 τῶν
2733 2790 2902 2869 ἔργων
2958 2794 3154 2862 αὐτῶν,
3211 2797 3299 2850 καὶ
3362 2791 3524 2866 ἀνέϐη
3581 2800 3616 2866 ἡ
3665 2799 3800 2872 βοὴ,

2151 2883 2241 2938 καὶ
2328 2882 2638 2954 εἰσήκουσεν
2715 2884 2743 2936 6
2815 2883 2946 2945 Θεὸς
3017 2888 3124 2938 τῶν
3204 2889 3513 2959 στεναγμῶν
3585 2887 3798 2942 αὐτῶν.

2153 2975 2364 3034 Ζῶντος
2421 2971 2513 3045 μὲν
2545 2972 2645 3048 γὰρ
2677 2975 2786 3044 (74)
2815 2971 2911 3026 τοῦ
2942 2970 3209 3046 βασιλέως
3239 2977 3334 3027 τοῦ
3364 2978 3628 3048 πονηροῦ,
3683 2996 3803 3030 στε-

2150 3057 2325 3127 νάζειν
2383 3058 2519 3133 πρὸς
2568 3059 2658 3112 τὸν
2719 3059 2845 3113 Θεὸν
2902 3059 3001 3113 οὐκ
3057 3056 3360 3128 ἠδύναντο·
3428 3060 3804 3136 κατηνάγκαζε

2153 3147 2255 3222 γὰρ
2296 3145 2490 3208 αὐτοὺς
2539 3145 2592 3202 ἐν
2641 3143 2822 3221 ἔργοις
2881 3146 3167 3221 σκληροῖς,
3220 3149 3295 3220 μὴ
3338 3147 3637 3224 ἐπιτρέπων
3667 3151 3806 3205 ἀνα-

396 3209 695 3313 plaudere,
727 3240 932 3309 suique
963 3239 1150 3294 hostis
1194 3240 1374 3293 ruina
1405 3209 1711 3294 insultare.
1743 3209 1812 3294 lii
1845 3244 2042 3296 autem

2155 3209 2319 3290 νεύειν
2352 3234 2487 3309 πρὸς
2516 3234 2608 3289 τὸν
2641 3209 2790 3291 έεδν.
2825 3209 3045 3303 Ἐπειδίι
3106 3233 3164 3290 δὲ
3220 3209 3469 3291 ἐκποδὼν⁸
3523 3235 3741 3311 ἐγένετο
3777 3241 3806 3293 6

395 3328 782 3400 ingemiscere
813 3327 1145 3382 referuntur
1176 3332 1381 3397 preter
1409 3328 1921 3398 exspectationem.
1945 3329 2044 3384 Ni-

397 3419 616 3474 mirum
647 3415 904 3471 ostendit
943 3415 1262 3486 Scriptura,
1294 3417 1450 3485 quod
1484 3416 1594 3486 ipsi
1628 3433 1743 3487 praa
1783 3421 2042 3488 stupore,

400 3505 664 3578 quandiu
695 3520 862 3558 mens
887 3503 1147 3573 corporis
1167 3518 1374 3557 amans
1395 3502 1762 3558 dominatum
1795 3504 2046 3561 habebat

399 3611 473 3651 ne
501 3594 701 3665 lugere
729 3591 963 3663 quidem
999 3608 1228 3662 pcenam
1261 3591 1334 3646 ob
1361 3595 1660 3662 peccatum
1683 3593 1792 3648 sibi
1823 3594 2044 3666 irroga-

401 3688 523 3738 tam
573 3682 900 3747 novissent;
953 3680 1053 3735 sed
1106 3685 1417 3751 postquam
1466 3687 1773 3737 cessarunt
1819 3681 1978 3753 vitia,
2012 3701 2046 3738 a

400 3773 622 3847 gemitu
664 3770 902 3825 initium
932 3768 1252 3824 curationis
1283 3768 1544 3839 capiunt,
1575 3771 1790 3826 crassis
1821 3789 1886 3827 ac
1916 3790 2045 3829 cor-

402 3860 703 3932 poralibus
724 3858 1000 3930 cperibus
1020 3857 1331 3927 degravati.
1349 3858 1488 3912 Eam
1513 3857 1586 3913 ob
1610 3875 1730 3914 rem
1753 3862 2048 3918 exaudivit

401 3966 499 4006 eos
551 3951 699 4004 Deus
752 3946 1053 4001 hominum
1102 3945 1633 4002 amantissimus”.
1663 3949 1802 4004 Huic
1843 3950 2044 4020 utique

397 4034 778 4099 enarrationi,
808 4032 1000 4088 simile
1030 4032 1312 4102 quiddam
1339 4032 1667 4088 declaratur
1695 4039 1753 4089 et
1783 4035 1842 4090 in
1871 4052 2044 4107 supe-

397 4125 652 4188 rioribus
675 4122 838 4178 Isaias
859 4121 1070 4177 verbis.
1095 4123 1324 4175 factum
1353 4127 1431 4175 est
1455 4121 1632 4188 enim,
1664 4121 1876 4193 inquit,
1899 4140 2045 4181 anno

2153 3325 2420 3397 πονηρὸς,
2449 3323 2573 3378 τότε
2603 3320 2718 3377 δὲον
2763 3329 2973 3397 κροτεῖν
3018 3325 3108 3378 καὶ
3163 3323 3460 3399 ἐπιχαίρειν
3491 3328 3559 3397 τῇ
3591 3329 3803 3381 πτώσει

2151 3417 2248 3468 τοῦ
2278 3411 2502 3487 ἐχθροῦ.
2535 3413 2602 3469 Oi
2663 3409 2718 3466 δὲ
2767 3411 2824 3466 ἐκ
2878 3416 2974 3467 τοῦ
3039 3411 3345 3486 παραδόξου
3403 3414 3802 3490 ἀναγράφονται

2154 3505 2371 3556 στένειν·
2430 3498 2837 3574 ἐνδεικνυμένου
2877 3505 2973 3555 τοῦ
3025 3500 3213 3574 λόγου,
3245 3501 3327 3556 ὅτι
3353 3499 3456 3563 ἓως
3491 3503 3518 3556 ὁ
3550 3502 3801 3579 φιλοσὼο

2157 3611 2324 3664 ματος
2379 3593 2506 3651 νοῦς
2562 3589 2880 3664 ἐπεκράτει,
2942 3590 3043 3644 ὑπὸ
3108 3597 3209 3658 τῆς
3263 3589 3609 3660 ἀναισθησίας
3668 3590 3804 3646 οὐδὲ

2116 3675 2348 3753 ’ᾔδεσαν
2397 3675 2680 3753 ὀδύρεσθαι
2710 3678 2774 3732 τὸ
2831 3677 2890 3732 ἐκ
2915 3684 3016 3746 τῆς
3074 3679 3339 3754 ἁμαρτίας
3387 3679 3571 3733 κακόν·
3606 3677 3799 3748 ἐπειδὴ

2153 3766 2210 3823 δὲ
2240 3761 2433 3822 ἔλαϐον
2460 3763 2673 3840 σχολὴν
2702 3765 2807 3820 ἀπὸ
2836 3769 2943 3819 τῶν
2979 3771 3189 3836 παθῶν,
3247 3765 3508 3841 ἄρχονται
3559 3774 3660 3836 τῆς
3709 3780 3799 3831 ae-

2152 3857 2374 3930 ραπείας
2405 3854 2512 3909 ἀπὸ
2539 3858 2636 3908 τοῦ
2667 3854 2887 3921 στὲνειν,
2943 3853 2994 3908 ἓν
3045 3859 3163 3918 τοῖς
3223 3853 3434 3916 ὑλικοῖς
3491 3855 3578 3910 καὶ
3609 3877 3802 3927 σωμα·

2150 3950 2327 4006 τικοῖς
2366 3942 2541 4019 ἔργοις
2589 3942 2965 4018 βαρυνόμενοι.
3017 3943 3110 3997 Διὸ
3153 3944 3242 3998 καὶ
3277 3943 3571 4013 ἐπήκουσεν
3618 3944 3800 3999 αὐτῶν

2154 4035 2182 4087 6
2213 4032 2600 4111 φιλάνθρωπος
2657 4032 2785 4093 Θεός
2853 4034 2982 4102 (75).
3013 4034 3248 4104 ’Ὁμοιον
3292 4033 3380 4086 οὗν
3411 4037 3480 4106 τῇ
3540 4031 3801 4106 διηγήσει

2150 4121 2318 4195 ταύτῃ
2378 4118 2643 4192 δηλοῦται
2694 4120 2783 4175 καὶ
2839 4120 2888 4175 ἒν
2946 4126 3062 4183 τοῖς
3123 4121 3349 4175 κατόπιν
3398 4125 3492 4176 τοῦ
3548 4121 3799 4180 Ἡσαΐου,

396 4230 500 4285 quo
531 4221 799 4277 mortuus,
831 4219 910 4265 est
951 4209 1113 4265 Ozias
1144 4225 1261 4278 rex,
1298 4209 1413 4263 vidi
1441 4210 1736 4265 Dominum
1771 4212 2042 4268 sedentem

2155 4213 2400 4285 Ἐγένετο
2481 4210 2606 4285 γὰρ,
2683 4208 2861 4284 φησὶ,
2937 4214 3032 4262 τοῦ
3090 4208 3337 4264 ἐνιαυτοῦ
3411 4209 3473 4264 οὗ
3545 4209 3807 4266 ἀπίθανεν

393 4318 557 4371 super
582 4301 782 4356 solium
811 4299 1088 4353 excelsum
1129 4300 1178 4352 et
1207 4298 1484 4352 eleuatum
1504 4299 1570 4352 7‘.
1604 4299 1815 4371 Regem
1850 4300 2042 4357 Oziam

2155 4299 2341 4369 Ὀζίας
2401 4299 2428 4352 6
2491 4296 2784 4372 βασιλεὺς,
2844 4295 2987 4352 εἶδον
3061 4299 3150 4352 τὸν
3228 4297 3427 4373 Κύριον
3493 4301 3805 4372 καθήμενον

394 4391 575 4445 fuisse
599 4388 932 4459 improbum
959 4387 1203 4441 historia
1228 4385 1511 4456 prodidit:
1539 4388 2042 4460 quandoquidem.

2155 4388 2242 4444 ἐπὶ
2301 4387 2498 4463 θρόνου
2557 4385 2772 4459 ὑψηλοῦ
2827 4386 2914 4440 καὶ
2975 4385 3304 4461 ἐπηρμένου.
3363 4387 3612 4462 Πονηρὸς
3645 4388 3807 4453 βασι-

392 4479 710 4534 Exaltatum
739 4481 819 4530 est
847 4491 938 4530 cor
975 4476 1090 4545 ejus
1136 4475 1207 4528 ad
1253 4474 1730 4544 corrumpendum,
1762 4483 1814 4532 et
1843 4480 2042 4546 iniuste

2156 4476 2279 4538 λεὺς
2311 4476 2494 4544 Ὀζίας
2551 4477 2665 4548 (76)
2699 4475 2799 4529 ὑπὸ
2829 4481 2929 4543 τῆς
2963 4475 3202 4550 ἱστορίας
3240 4472 3625 4549 παραδέδοται,
3660 4472 3806 4530 διότι

391 4568 525 4641 fecit
568 4569 626 4622 in
661 4566 950 4621 Dominum
978 4565 1150 4618 Deum
1177 4579 1340 4617 suum
1369 4580 1389 4618 :
1421 4566 1473 4617 et
1523 4567 1756 4620 intravit
1805 4568 1865 4621 in
1917 4577 2042 4623 tem-

2155 4566 2371 4639 ’Υψώθη
2412 4565 2447 4632 ἡ
2503 4560 2696 4637 καρδία
2744 4562 2908 4618 αὐτοῦ
2962 4568 3060 4617 τοῦ
3117 4565 3488 4641 καταφθεῖραι,
3547 4563 3637 4617 καὶ
3679 4562 3805 4633 ἠδί-

387 4657 545 4728 plum
575 4655 798 4712 Domini
844 4653 917 4708 ad
968 4650 1302 4707 adolendum
1345 4668 1508 4723 super
1553 4653 1752 4724 altare,
1785 4659 1838 4712 et
1887 4655 2042 4728 lepra

2155 4675 2316 4724 κησεν
2371 4653 2423 4708 ἐν
2476 4653 2658 4726 Κυρίῳ
2717 4656 2836 4724 Θεῷ
2889 4651 3076 4722 αὐτοῦ,
3132 4651 3224 4707 καὶ
3279 4649 3525 4721 εἰσῆλθεν
3585 4651 3662 4714 εἷς
3710 4653 3807 4707 τὸν

461 4836 506 4872 ⁶⁶
537 4835 668 4892 Ose.
703 4851 816 4902 XIV,
853 4834 938 4888 10.
1015 4833 1059 4868 ⁸⁷
1091 4832 1226 4887 Luc.
1258 4849 1359 4903 xu,
1387 4831 1474 4887 42.
1551 4833 1594 4868 ⁸⁸
1630 4835 1804 4890 Exod.
1842 4853 1903 4904 II,
1932 4837 2022 4892 23.

2173 4837 2349 4892 Exod.
2382 4851 2421 4904 ι,
2458 4835 2542 4889 14.
2619 4834 2665 4869 ⁷ο
2688 4833 2866 4890 Exod.
2900 4851 2987 4901 ιιι,
3016 4836 3072 4890 7.
3150 4836 3192 4871 τί
3226 4837 3337 4891 Isa.
3369 4850 3448 4902 v1,
3484 4834 3535 4889 1.

457 5034 570 5103 (69)
601 5034 778 5096 Editi,
807 5032 906 5100 τὴν
940 5031 1147 5105 φωνὴν,
1169 5028 1273 5095 τίς,
1302 5027 1386 5084 οὗ.
1420 5032 1587 5105 Deest
1613 5029 1698 5094 τίς
1726 5033 1783 5088 in
1818 5035 2036 5092 nostris

388 5105 708 5160 codicibus.
742 5107 849 5160 Sed
903 5102 1096 5159 tamen
1131 5102 1251 5175 hinc
1281 5102 1484 5158 vocula
1514 5109 1614 5158 aut
1645 5107 1889 5175 exprimi
1937 5110 2032 5162 de-

388 5177 506 5247 bet,
540 5186 641 5231 aut
671 5177 1054 5246 subintelligi.
1087 5174 1293 5247 Statim
1328 5175 1442 5229 duo
1476 5192 1620 5231 mss.
1653 5174 1900 5246 etediti,
1935 5198 2036 5247 ση-

392 5245 615 5321 μαίνειν,
653 5249 761 5301 Alii
794 5251 930 5315 duo,
959 5245 1410 5321 σημαινομένην..

458 5320 570 5390 (70)
602 5321 840 5392 Codices
872 5326 1012 5392 tres,
1039 5315 1377 5392 βουλὴν-τοῦ
1409 5319 1564 5392 εξεοῤ.

458 5385 598 5466 (71)Δ
634 5391 810 5461 Editi,
865 5385 1058 5466 6pm;
1105 5385 1356 5466 ἀσπίδες.
1395 5389 1531 5466 Sed
1591 5405 1819 5466 vocem,
1871 5388 2035 5444 ἀσπί-

389 5456 473 5520 δες
507 5462 640 5517 inde
689 5456 1060 5524 sustulimus,
1094 5462 1265 5515 ﬁdem
1318 5464 1575 5515 veterum
1627 5459 1907 5517 librorum
1940 5479 2034 5518 se-

2216 5034 2330 5105 (73)
2359 5031 2634 5105 Scriptor
2657 5049 2790 5088 cum
2825 5033 3104 5090 scriberet
3149 5033 3270 5099 illa,
3304 5027 3643 5105 λογιζόμεθα
3684 5030 3809 5097 οὖν,

2145 5103 2279 5174 etc.,
2313 5103 2416 5159 aut
2447 5103 2794 5159 somniavit:
2829 5111 2931 5160 aut
2961 5123 2993 5160 a
3027 5105 3283 5160 librariis
3314 5103 3534 5175 aliquid
3569 5112 3810 5175 preter-

2147 5171 2393 5232 missum
2426 5183 2534 5250 est.
2568 5176 2724 5250 Nibil
2749 5179 2908 5231 enim
2940 5178 3258 5250 respondet
3282 5171 3641 5250 voci'ciicnip,

2219 5247 2675 5322 (7/1)Editi,__'r6v
2713 5241 3054 5322 Δστεναγμόνξ
3101 5248 3386 5322 Περιόντος
3437 5245 3544 5320 γὰρ
3585 5241 3811 5322 "itast

2145 5317 2605 5442 $33.20?in
2641 5319 2724 5374 uti
2757 5320 2814 5373 in
2848 5317 3142 5376 contextu.
3167 5317 3485 5393 Aliquanto
3516 5317 3652 5388 post
3680 5319 3805 5374 duo

2279 5430 2316 5442 ..
2377 5409 2415 5440 π
2451 5409 2464 5441 ι
2531 5420 2571 5442 ι.

2146 5408 2316 5452 mss.,
2350 5408 2464 5441 επει
2497 5408 2571 5442 οε.

2213 5462 2323 5534 (75)
2353 5460 2593 5534 Codices
2619 5461 2756 5534 duo,
2791 5460 3010 5534 Κύριος,

387 5533 528 5586 cuti.
1364 5601 1371 5602 ί

2217 5529 2329 5602 (76⁷)
2358 5533 2532 5595 Editi,
2574 5531 2602 5583 ὁ
2649 5532 2841 5599 Ὀζίας.
2871 5529 2944 5589 At
2990 5537 3047 5590 in
3101 5551 3243 5589 mss.
3278 5533 3455 5602 deest,
3485 5529 3808 5587 articulus.

456 5604 569 5673 (72)
599 5605 771 5672 Editi,
803 5603 854 5658 ἐν
887 5608 984 5675 τῷ.
1020 5602 1236 5658 Vocula
1266 5601 1316 5652 ἐν
1361 5601 1416 5654 in
1462 5617 1602 5656 mss.
1641 5618 1752 5656 non
1809 5602 2035 5658 inveni-

2155 5604 2274 5658 Mox
2326 5605 2476 5678 duo‘
2503 5619 2672 5678 mss.,
2715 5603 3092 5678 παραδίδοται.
3122 5605 3382 5661 Subinde
3429 5601 3548 5658 duo
3595 5602 3811 5660 itidem

385 5668 507 5730 tur.
549 5668 556 5671 ⁷
758 5668 766 5672 ⁷
939 5668 948 5675 ’

2155 5691 2292 5732 mss.
2322 5677 2418 5728 τοῦ
2452 5668 2750 5750 διαφθεῖραι
2766 5717 2778 5734 .
