4134 6224
252 430 365 490 621

1053 431 1457 492 COMMENT.
1502 431 1584 492 IN
1628 429 1898 492 ISAIAM
1940 431 2442 493 PROPHETAM.
2490 433 2663 493 CAP.
2711 431 2866 493 XIV.

3539 436 3662 497 622

247 562 375 615 ναὸν
459 558 658 635 Κυρίου
738 560 998 632 θυμιάσαι
1079 559 1166 615 ἐπὶ
1224 561 1287 616 τὸ
1346 563 1752 637 θυσιαστήριον,
1811 560 1902 615 καὶ

2023 562 2239 634 a/feclus
2257 569 2335 620 est
2355 567 2418 620 τ’.
2435 566 2584 619 Tum
2608 565 2844 619 demum
2869 564 3134 635 improbo
3157 566 3419 636 principe
3439 583 3662 638 everso,

248 649 559 724 ἐλεπρώθη.
598 647 694 703 Καὶ
723 648 848 703 τότε
888 649 1067 705 τοίνυν
1119 649 1518 724 ἀνατραπέντος
1573 655 1670 706 τοῦ
1726 671 1902 720 πονη-

246 743 368 815 ροῦ,
421 739 713 814 ἄρχοντος,
755 739 843 792 καὶ
900 743 1010 792 τῶν
1069 737 1388 812 μιασμάτων
1448 739 1904 816 ἐλευθερωθείσης

245 834 348 897 τῆς
379 827 516 882 κατᾶ
540 827 630 880 τὸν
660 826 829 900 νόμον
873 825 1145 903 λατρείας,
1178 827 1244 883 τὰ
1297 831 1397 897 τῆς
1452 829 1740 904 θεολογίας
1802 850 1900 900 μυ·-

247 921 450 989 στήρια
507 919 828 992 φανεροῦται
879 919 993 990 (77)
1047 921 1127 988 τῷ
1185 919 1460 996 προφήτῃ.
1521 918 1618 972 Καὶ
1678 917 1903 973 ἐνταῦθα

245 1005 433 1060 τοίνυν
468 1005 560 1059 τὸν
593 1005 772 1080 Ἀχὰζ
803 1004 864 1059 οὗ
897 1003 1190 1060 σπουδαῖον
1221 1007 1456 1082 ἄρχοντα
1482 1008 1510 1060 6
1561 1006 1722 1082 λόγος
1775 1007 1899 1060 ἀνα-

244 1097 444 1171 γράφει
475 1093 907 1163 ἀποθνήσκοντα.
936 1091 1025 1148 ’ίνα
1056 1091 1275 1170 δειχθῇ,
1309 1097 1390 1150 ὅτι
1440 1095 1491 1148 έν
1539 1099 1608 1169 τῇ
1644 1100 1742 1150 τοῦ
1788 1097 1901 1171 χεί-

249 1204 412 1260 ρονος
448 1183 826 1257 ὑποχωρήσει,
853 1183 916 1236 τὸ
949 1182 1100 1257 ῥῆμα
1126 1184 1331 1259 γίνεται
1363 1183 1500 1260 πρὸς
1547 1185 1674 1246 τοὺς
1724 1182 1898 1239 ἀλλο-

244 1270 460 1351 φύλους
491 1271 638 1342 παρὰ
664 1275 763 1326 τοῦ
795 1269 1078 1346 εὐεργέτου
1110 1276 1264 1328 Θεοῦ.
1303 1272 1548 1348 Εὕραμεν
1587 1275 1686 1348 γὰρ
1739 1272 1789 1327 έν
1828 1278 1896 1348 τῇ

240 1359 477 1435 τετάρτῃ
504 1364 610 1414 τῶν
644 1359 968 1431 Βασιλειῶν,
996 1359 1078 1415 ὅτι
1111 1361 1270 1423 οὗτος
1305 1363 1333 1416 6
1372 1361 1549 1436 Ἀχὰζ
1579 1362 1677 1417 οὐκ
1707 1361 1896 1433 έποίη-

243 1471 303 1504 σε
334 1451 398 1504 τὸ
431 1449 580 1513 εύθὶς
613 1447 666 1502 ἰν
719 1447 1026 1523 ὀφθαλμοῖς
1073 1449 1300 1523 Κυρίου“
1330 1451 1419 1505 καί
1466 1472 1526 1526 γε
1574 1452 1690 1505 υἱὸν
1735 1450 1899 1506 αὐτοῦ

244 1537 439 1614 διῆγεν
466 1540 576 1612 (78)
605 1536 656 1592 έν
688 1537 819 1612 πυρῖ
850 1539 986 1592 κατὰ
1031 1538 1098 1592 τὰ
1130 1535 1481 1614 βδελύγματα
1521 1544 1628 1594 τῶν
1688 1539 1855 1594 ἐθνῶν
1881 1560 1894 1574 ·

239 1629 331 1683 καὶ
389 1626 634 1696 έθυσίαζε
690 1627 779 1680 καὶ
840 1625 1036 1700 έθυμία
1091 1626 1142 1681 έν
1173 1633 1289 1690 τοῖς
1326 1627 1582 1702 ὑψηλοῖς.
1613 1629 1787 1693 Οὗτος
1842 1626 1899 1683 δὲ

240 1717 334 1772 καὶ
368 1715 477 1771 ἀπὸ
505 1719 616 1770 τῶν
646 1717 930 1791 θησαυρῶν
961 1719 1062 1770 τοῦ
1095 1712 1246 1771 οἷϐιου
1279 1717 1478 1792 Κυρίου
1529 1717 1754 1792 χρυσίον
1807 1719 1897 1772 καὶ

240 1805 505 1882 ἀργύριον
560 1801 844 1859 ἀπέστειλε
899 1809 979 1876 τῶ
1041 1803 1259 1880 βασιλεῖ
1313 1810 1420 1860 τῶν
1480 1805 1797 1881 Ἀσσυρίων,
1842 1805 1894 1861 ἐν

238 1896 326 1957 οἷς
361 1893 423 1948 ού
461 1893 629 1967 μικρὰ
660 1889 826 1950 αύτοῦ
876 1899 1257 1968 κατηγορεῖται
1312 1897 1347 1964 ἡ
1394 1890 1610 1950 ἀσέϐεια
1651 1896 1774 1972 περῖ
1831 1896 1898 1950 τὰ
1927 1929 1974 1994 Β

237 1984 364 2059 ἱερὰ
394 1984 679 2058 χρήματα.
713 1981 990 2053 Πεσούσης
1023 1979 1113 2035 οῦν
1144 1989 1245 2052 τῆς
1276 1989 1518 2056 πονηρᾶς
1559 1980 1892 2052 δυναστείας,

237 2072 447 2147 γίνεται
477 2071 540 2125 τὸ
569 2071 838 2138 κατάίτῶν
871 2068 1203 2148 ἀλλοφύλων
1258 2071 1427 2146 ῥῆμα.
1461 2069 1806 2150 Ἀλλόφυλοι
1838 2071 1896 2128 δὲ

241 2159 402 2222 ἰδίως
435 2161 488 2215 οἱ
520 2158 868 2215 Φυλιστιαῖοι
901 2158 1170 2234 λέγονται,
1205 2159 1297 2223 οὓς
1339 2158 1732 2224 Παλαιστινοὺς
1763 2160 1895 2218 Ἓλ-

241 2249 412 2319 ληνες
445 2250 558 2324 (79)
594 2248 978 2321 ὀνομάζουσιν.

313 2341 449 2396 287.
488 2337 690 2392 Ἰστέον
723 2334 800 2409 δὶ,
834 2339 917 2393 ὅτι
949 2339 1038 2392 καὶ
1070 2337 1122 2392 έν
1154 2341 1223 2412 τῇ
1271 2338 1496 2393 ἒκάστου
1547 2341 1707 2412 ἡμῶν
1759 2345 1896 2415 ζωῇ,

242 2425 467 2482 ἐπειδὰν
527 2429 563 2495 ἠ
627 2426 990 2501 βασιλεύουσα
1044 2425 1096 2480 ἐν
1155 2431 1236 2498 τῷ
1286 2432 1468 2500 θνητῷ
1494 2429 1655 2500 ἡμῶν
1685 2430 1898 2502 σώματι

244 2513 490 2590 ἁμαρτία
520 2512 789 2587 ἀποθάνῃ,
821 2514 944 2567 τότε
973 2512 1178 2586 γίνεται
1237 2514 1265 2567 6
1319 2512 1488 2588 λόγος
1541 2519 1636 2569 τοῦ
1696 2515 1899 2591 Κυρίου

238 2603 293 2658 ἐν
360 2606 520 2674 ἡμῖν.
556 2601 718 2676 Τάχα
771 2601 873 2676 γὰρ
932 2602 1130 2673 ἑκάστη
1186 2602 1423 2676 ἁμαρτία
1478 2603 1616 2678 πρὸς
1675 2601 1897 2660 ἕκαστον
1946 2659 1950 2664 ,

237 2696 353 2745 τῶν
384 2690 438 2744 ἐν
472 2695 592 2751 ταῖς
639 2695 876 2767 Γραφαῖς
921 2691 1415 2766 κατηγορουμένων
1461 2693 1550 2746 καὶ
1603 2691 1747 2754 ὅλως
1805 2698 1900 2766 ψε-

239 2785 390 2834 κτῶν
450 2777 720 2855 βασιλέων
779 2775 1075 2852 ἀναλογίαν
1125 2779 1247 2833 τινὰ
1304 2775 1442 2854 ἔχει,
1478 2779 1550 2834 ὧν
1603 2779 1900 2857 πολλαχοῦ

240 2870 310 2922 τὰ
344 2870 462 2941 (80)
501 2867 741 2940 ὀνόματα
772 2864 840 2921 δι’
871 2866 1008 2938 ὅλης
1039 2873 1136 2936 τῆς
1164 2873 1383 2946 Γραφῆς
1412 2866 1789 2938 δηλοῦται-ὡς
1810 2871 1895 2926 καὶ

242 2962 338 3010 νῦν
390 2954 751 3031 ἑρμηνεύεται
801 2957 827 3010 6
879 2955 1055 3030 Ἀχὰζ
1097 2956 1440 3031 κατάσχεσιςο
1491 2953 1769 3030 σύμϐολον
1829 2959 1902 3014 ὢν

243 3039 772 3119 προκαταλαϐόντος
816 3045 902 3098 καὶ
956 3045 1290 3119 κατέχοντος
1342 3046 1441 3113 τὴν
1495 3047 1679 3120 ψυχὴν
1738 3049 1898 3120 ἡμῶν

241 3135 524 3211 δόγματος
581 3139 855 3210 πονηροῦ*
910 3134 970 3189 οὗ
1030 3134 1415 3202 ἀποθανόντος,
1447 3137 1481 3203 ἡ
1535 3136 1687 3210 ψυχὴ
1737 3138 1897 3209 ἡμῶν

241 3223 678 3298 ἐλευθερωθεῖσα
736 3222 840 3277 ἀπὸ
893 3226 988 3277 τοῦ
1044 3222 1391 3298 κατέχοντος,
1435 3225 1707 3278 ἱκανοῦται
1759 3227 1895 3299 πρὸς

2017 656 2073 706 et
2106 652 2249 724 legis
2289 654 2447 708 cultu
2497 655 2570 707 ab
2618 653 3081 722 inquinamentis
3115 661 3359 727 purgato
3405 673 3472 710 ac
3520 655 3666 712 libe-

2014 744 2160 806 rato,
2193 743 2482 813 prophetas
2519 743 2830 797 manifesta
2857 743 3003 796 fiunt
3035 744 3216 809 divini
3253 744 3481 800 consilii
3513 760 3664 814 mys-

2011 830 2177 884 teria.
2213 831 2314 886 Hic
2347 833 2525 902 igitur
2557 832 2729 885 refert
2773 831 2946 886 etiam
2979 833 3299 903 Scriptura,
3338 834 3662 905 principem

2012 933 2124 971 non
2161 920 2404 988 probum
2439 920 2752 987 interiisse,
2788 923 2851 973 ut
2879 927 3244 990 compertum
3278 923 3356 976 sit
3384 927 3442 976 et
3469 921 3662 992 explo-

2011 1011 2226 1076 ratum,
2261 1008 2443 1062 Deum
2503 1009 2849 1070 beneficum,
2881 1008 3021 1061 vitio
3079 1009 3442 1064 subducente
3489 1026 3552 1064 se
3600 1015 3659 1064 et

2009 1097 2332 1160 recedente,
2384 1098 2453 1150 ad
2503 1097 2864 1168 alienigenas
2915 1095 3096 1166 loqui.
3133 1099 3192 1151 In
3243 1104 3447 1166 quarto
3495 1098 3654 1152 enim

2008 1183 2342 1253 Regnorum
2402 1185 2548 1240 libro
2605 1185 3002 1240 invenimus73
3055 1185 3207 1240 hunc
3259 1186 3449 1241 Achaz
3495 1186 3651 1256 quod

2010 1277 2230 1326 rectum
2267 1280 2419 1326 esset
2450 1273 2506 1327 in
2541 1275 2725 1328 oculis
2771 1273 3023 1344 Domini,
3055 1273 3111 1327 id
3145 1290 3516 1345 nequaquam
3550 1291 3652 1346 pe-

2008 1363 2229 1433 regisse
2261 1379 2274 1415 :
2308 1363 2522 1438 quippe
2555 1364 2700 1418 597
2739 1363 2924 1417 {ilium
2963 1380 3136 1417 suum
3169 1379 3272 1434 per
3300 1365 3494 1436 ignem
3530 1370 3651 1419 tra—

2009 1451 2257 1506 ducebat
2298 1452 2470 1521 juxta
2517 1452 2780 1521 gentium
2831 1453 3315 1517 abominationes,
3347 1455 3651 1508 otl'erebat-

2009 1556 2121 1610 que
2153 1540 2454 1605 sacrificia,
2487 1546 2543 1594 et
2592 1541 2648 1594 in
2683 1539 2926 1595 excelsis
2969 1541 3256 1595 adolebat.
3295 1541 3393 1595 Hic
3423 1558 3655 1612 quoque

2007 1643 2210 1682 aurum
2257 1633 2313 1682 et
2360 1634 2668 1700 argentum
2719 1645 2747 1682 e
2802 1630 3097 1683 thesauris
3153 1629 3364 1684 domus
3425 1630 3654 1684 Domini

2009 1717 2169 1770 misit
2218 1718 2287 1770 ad
2337 1718 2710 1786 Assyriorum
2752 1733 2945 1787 regem
2980 1733 2993 1771 :
3027 1719 3183 1773 unde
3230 1735 3299 1772 ea
3346 1735 3472 1789 qua:
3503 1719 3656 1773 circa

2008 1821 2207 1859 sacras
2267 1805 2541 1876 pecunias
2593 1805 2852 1860 admissa
2901 1807 3092 1860 fuerat
3148 1807 3442 1878 impietas,
3478 1824 3656 1878 parva

2007 1910 2119 1948 non
2154 1894 2336 1949 fuisse
2367 1897 2822 1950 demonstratur.
2862 1895 3059 1950 Diruto
3089 1895 3288 1965 itaque
3321 1895 3654 1966 principatu

2005 1983 2292 2053 improbo,
2324 1983 2565 2039 verbum
2595 1984 2662 2037 ﬁt
2709 1985 2990 2038 adversus
3022 1983 3396 2054 alienigenas.
3431 1984 3651 2039 Alieni-

2005 2087 2163 2143 genm
2196 2077 2392 2126 autem
2426 2073 2656 2144 proprie
2685 2073 2965 2128 dicuntur
2992 2072 3334 2142 Philisthasi,
3367 2090 3514 2145 quos
3546 2090 3652 2129 no-

2007 2160 2235 2215 minant
2266 2159 2446 2215 Graeci
2476 2161 2839 2217 Palaestinos.

2076 2339 2200 2391 287.
2237 2338 2550 2394 Sciendum
2584 2344 2778 2394 autem
2819 2343 2909 2395 est
2953 2343 3079 2394 tum
3113 2339 3236 2394 ﬁeri
3266 2339 3510 2395 verbum
3544 2341 3654 2395 Do—

2009 2426 2154 2481 mini
2179 2427 2235 2481 in
2266 2429 2455 2496 nobis,
2485 2445 2616 2483 cum
2643 2433 2943 2500 peccatum
2968 2428 3122 2499 quod
3147 2428 3203 2481 in
3227 2432 3431 2484 nostra
3452 2429 3656 2483 unius-

2009 2517 2297 2588 cujusque
2323 2518 2439 2572 vita
2468 2518 2828 2581 dominatur,
2855 2517 2912 2571 in
2936 2517 3167 2572 mortali
3191 2524 3393 2572 nostro
3419 2534 3660 2588 corpore

2011 2610 2310 2660 mortuum
2363 2605 2557 2660 fuerit.
2591 2610 2758 2660 Forte
2805 2606 2961 2660 enim
3010 2609 3315 2676 peccatum
3356 2606 3660 2676 quodlibet

2011 2693 2459 2750 similitudinem
2519 2695 2836 2764 quamdam
2891 2699 2948 2749 et
2994 2694 3434 2764 congruentiam
3485 2694 3660 2749 habet

2010 2799 2142 2837 cum
2178 2799 2532 2854 unoquoque
2562 2799 2763 2839 eorum
2815 2799 3042 2855 regum,
3075 2784 3175 2853 qui
3217 2783 3656 2855 reprehendun-

1979 2877 2108 2926 .tur
2136 2873 2193 2925 in
2229 2872 2566 2942 Scripturis,
2601 2872 2820 2943 quique
2849 2872 3275 2942 vituperatione
3305 2871 3468 2943 digni
3517 2875 3658 2927 sunt

2012 2960 2250 3015 omnino
2285 2976 2297 3013 :
2331 2977 2580 3031 quorum
2633 2960 2872 3014 nomina
2918 2959 3074 3014 haud
3127 2977 3256 3014 raro
3303 2961 3658 3031 deteguntur

2010 3066 2114 3120 per
2158 3053 2335 3103 totam
2380 3048 2764 3119 Scripturam.
2798 3048 3058 3119 Exempli
3103 3064 3298 3115 causa,
3331 3048 3654 3104 etiamnum

2010 3138 2200 3192 Achaz
2221 3137 2678 3208 interpretantur
2699 3137 2935 3191 nomine
2955 3137 3308 3204 detentzonis,
3325 3137 3478 3206 quod
3503 3154 3657 3209 sym-

2009 3226 2206 3281 bolum
2239 3225 2316 3278 sit
2346 3225 2504 3296 pravi
2528 3225 2840 3296 dogmatis,
2861 3225 3014 3295 quod
3040 3230 3407 3295 praeoccupat
3428 3225 3658 3279 animas

236 3315 302 3369 16
337 3291 617 3388 θεωρῆσαι
659 3309 722 3367 τι)
752 3313 888 3366 κατὰ
927 3316 1032 3366 τῶν
1079 3291 1410 3391 ἀλλοφύλων
1456 3313 1626 3390 ῥῆμα.
1677 3315 1738 3371 Ὀ
1801 3291 1894 3388 μὶν

2023 3320 2240 3370 iustras
2289 3318 2346 3368 et
2393 3313 2660 3368 detinet:
2695 3331 2812 3384 quo
2862 3318 3115 3382 mortuo,
3148 3312 3347 3368 anima
3393 3318 3595 3367 nostra
3627 3329 3661 3366 a

241 3402 337 3456 οῦν
399 3400 706 3475 πρόχειρος
764 3404 890 3462 νοῦς
963 3400 1119 3462 οὗτός
1177 3400 1326 3456 ἐστι·
1387 3404 1476 3472 Μὴ
1537 3403 1901 3481 εὐφραίνεσθε,

239 3494 444 3551 πάντες
517 3487 877 3566 ἀλλόφυλοι·
937 3484 1220 3564 συνετρίϐη
1297 3493 1398 3566 γὰρ
1485 3493 1512 3547 6
1568 3495 1723 3569 ζυγὸς
1789 3497 1902 3546 -τοῦ

239 3580 506 3639 παίοντος
567 3577 728 3651 ὑμᾶς.
781 3579 868 3647 Μὴ
927 3577 1210 3650 νομίσητε,
1265 3577 1309 3632 ὦ
1371 3579 1736 3652 Φυλιστιαῖοι,
1798 3583 1904 3650 ὅτι,

245 3664 628 3731 ἀποθανόντος
658 3669 756 3720 τοῦ
789 3665 983 3740 Ἀχᾶζ,
1017 3664 1288 3741 ἐλεύθεροι
1332 3670 1624 3742 γενήσεσθε
1660 3674 1756 3724 τοῦ
1789 3670 1905 3724 ἔπι-

244 3756 514 3828 κειμένου
554 3755 681 3826 ὑμῖν
725 3749 896 3828 φόϐου
927 3755 1031 3808 ἀπὸ
1061 3757 1171 3827 (81)
1218 3759 1316 3808 τοῦ
1369 3755 1608 3831 Ἰσραήλ·
1641 3757 1777 3812 ὥστε
1830 3761 1905 3829 μή

247 3842 611 3922 εὐφραίνεσθε
641 3842 728 3896 ἐπὶ
758 3847 838 3914 τῷ
894 3845 1147 3915 πτώματι
1204 3848 1301 3898 τοῦ
1361 3844 1652 3919 βασιλέως.
1687 3845 1750 3902 El
1807 3846 1907 3922 γὰρ

246 3933 344 3989 καὶ
405 3925 701 4006 συνετρίϐη
737 3932 765 3984 6
799 3931 975 4007 ζυγὸς,
1006 3931 1278 3986 τουτέστιν
1340 3935 1374 4001 ἡ
1435 3930 1677 4002 δουλεία,
1712 3937 1746 4002 ἡ
1799 3935 1911 3988 έπι-

247 4020 487 4095 κειμένη
547 4019 674 4091 ὑμῖν
737 4021 879 4093 παρά
934 4024 1041 4074 τῶν
1090 4021 1540 4076 καταπατούντων
1609 4024 1748 4095 ὑμᾶς
1821 4023 1910 4078 καὶ

255 4107 678 4184 μαστιγούντων
713 4105 801 4162 διὸ.
830 4115 928 4177 τῆς
961 4106 1290 4180 δυναστείας,
1323 4109 1452 4165 ἀλλ’
1479 4109 1631 4183 ὅμως
1662 4110 1722 4166 ἐκ
1751 4112 1915 4187 σπέρ-

251 4219 433 4272 ματος
471 4193 649 4274 ὄφεων
697 4195 1023 4266 ἱξελεύσεται
1082 4193 1271 4274 ἔκγονα
1327 4196 1586 4257 ἀσπίδων.
1628 4201 1740 4268 Τήν
1798 4199 1914 4255 δια-

252 4287 442 4362 δοχὴν
477 4289 577 4339 τοῦ
611 4285 786 4359 ’Δχάζ
842 4285 1115 4358 σημαίνει·
1151 4288 1232 4341 ὅτι
1287 4287 1335 4341 εἴ
1383 4284 1556 4365 ὄφεως
1593 4289 1750 4350 οὗτος
1804 4291 1920 4364 εἶχε

247 4374 512 4450 πικρίαν,
549 4372 639 4427 καὶ
675 4369 762 4426 διά
789 4378 950 4428 τοῦτο
979 4374 1292 4450 έπιχαίρετε
1332 4375 1494 4430 αὐτοῦ
1551 4381 1630 4449 τῷ
1685 4379 1918 4451 θανάτῳο

251 4465 621 4532 ἀναστήσεται
683 4460 763 4538 ἐφ’
798 4463 936 4534 ὑμὰς
993 4463 1050 4518 ἰκ
1095 4467 1191 4518 τοῦ
1234 4464 1540 4540 σπίρματος
1594 4471 1691 4520 τοῦ
1749 4462 1922 4545 ὄφεως

248 4552 465 4607 τούτου
498 4546 695 4624 ἔκγονα
725 4548 984 4621 ἀσπίδων,
1017 4554 1104 4606 καὶ
1140 4552 1302 4608 πάλιν
1349 4554 1413 4608 τὰ
1464 4552 1675 4608 ἐκείνων
1731 4552 1928 4630 ἔκγονα

2011 3403 2309 3456 detinente
2339 3418 2400 3456 se
2435 3402 2698 3469 liberata,
2730 3401 2982 3456 efﬁeitur
3021 3402 3232 3456 idonea
3261 3418 3388 3473 quis
3417 3402 3660 3456 verbum

2012 3491 2154 3545 illud
2194 3492 2346 3562 quod
2389 3491 2670 3544 adversus
2701 3491 3062 3561 alienigenas
3094 3492 3177 3550 ﬁt.
3211 3490 3659 3562 contempletur.

2014 3580 2216 3650 Itaque
2247 3580 2339 3634 hic
2387 3584 2478 3632 est
2510 3595 2720 3633 sensus
2763 3578 2967 3631 obvius
2999 3594 3012 3632 :
3048 3578 3122 3632 Ne
3165 3578 3453 3648 laetemini,
3481 3593 3666 3633 omnes

2015 3668 2376 3735 alienigenas;
2405 3669 2707 3722 contritum
2737 3675 2812 3721 est
2862 3667 3012 3720 enim
3049 3667 3249 3736 jugum
3295 3669 3664 3737 percutientis

2014 3773 2124 3812 vos.
2160 3757 2240 3811 Ne
2271 3757 2636 3820 existimetis,
2670 3772 2701 3809 ο
2745 3754 3045 3817 Philistaei,
3079 3771 3197 3819 vos,
3231 3754 3455 3812 Achazo
3505 3770 3661 3808 mor-

2017 3850 2138 3914 tuo,
2169 3861 2199 3898 a
2231 3843 2440 3898 timore
2473 3843 2572 3913 qui
2615 3843 2778 3897 vobis
2827 3843 2898 3897 ab
2947 3841 3156 3895 Israele
3206 3842 3509 3910 incutitur,
3544 3843 3662 3895 fore

2019 3933 2354 3987 immunes:
2385 3931 2766 4001 quamobrem
2800 3947 2870 3984 ne
2898 3929 3170 3984 laetemini
3202 3929 3272 3984 de
3305 3930 3454 3997 regis
3483 3929 3662 3983 inter-

2021 4026 2126 4078 itu.
2162 4019 2283 4075 Etsi
2313 4019 2470 4074 enim
2503 4018 2818 4074 contritum
2853 4020 3190 4088 estjugum,
3222 4017 3331 4072 hoc
3362 4022 3451 4072 est
3480 4017 3658 4072 servi-

2022 4117 2141 4177 tus,
2171 4127 2298 4180 qua:
2328 4108 2491 4162 vobis
2523 4107 2630 4161 fuit
2659 4106 2936 4177 imposita
2968 4124 2998 4160 a
3030 4105 3511 4161 conculcantibus
3541 4121 3674 4188 vos,

2025 4206 2082 4255 et
2113 4215 2214 4270 pro
2263 4214 2370 4251 sua
2419 4195 2762 4251 auctoritate
2809 4195 3008 4265 ﬂagris
3056 4195 3434 4260 caedentibus,
3468 4198 3668 4248 tamen

2029 4306 2097 4342 ex
2127 4287 2349 4342 semine
2389 4288 2727 4354 serpentum
2758 4283 3132 4354 egredientur
3154 4284 3305 4338 fetus
3336 4282 3669 4354 aspeidum.

2032 4375 2241 4432 Achazi
2275 4374 2669 4447 posteritatem
2703 4372 3013 4442 significat.
3047 4372 3209 4436 Quod
3255 4372 3303 4426 si
3348 4372 3441 4426 hic
3468 4369 3676 4426 habuit

2033 4465 2322 4536 serpentis
2353 4462 2831 4527 amaritudinem,
2855 4461 2926 4515 ob
2958 4461 3132 4532 idque
3162 4460 3458 4516 insultalis
3487 4459 3678 4530 ipsius

2039 4556 2233 4620 morti,
2266 4555 2529 4623 insurget
2577 4551 2633 4604 in
2666 4567 2767 4604 vos
2798 4567 2864 4605 ex
2895 4550 3073 4620 hujus
3122 4551 3411 4619 serpentis
3459 4547 3683 4604 semine

251 4639 605 4712 ἐξελεύσεται
637 4641 771 4713 (82).
802 4641 872 4694 Τὸ
902 4642 1092 4714 πικρὸν
1125 4648 1224 4712 τῆς
1258 4639 1526 4718 διαδοχῆς
1574 4649 1680 4698 τῶν
1732 4644 1908 4723 ἐφεξῆς

2033 4643 2260 4700 soboles
2285 4640 2554 4712 aspidum
2582 4656 2594 4693 :
2620 4645 2676 4694 et
2699 4656 2905 4693 rursus
2931 4639 3185 4709 prodibit
3205 4639 3439 4694 illarum
3467 4636 3682 4710 proles.

258 4727 674 4804 βασιλευόντων
709 4728 736 4781 6
777 4727 940 4804 λόγος
997 4730 1056 4783 ὲκ
1109 4729 1304 4784 τούτου
1353 4731 1690 4807 παρίστησιν.
1735 4734 1925 4789 Ἀσπί-

255 4816 355 4881 δες
387 4817 496 4891 γὰρ
528 4811 762 4888 ἔσονται,
795 4817 950 4892 φησὶ,
980 4818 1300 4891 πετόμεναι,
1333 4820 1422 4874 καὶ
1459 4821 1522 4874 τὸ
1565 4816 1784 4877 ἰοϐόλον
1816 4829 1924 4878 τῶν

255 4909 513 4982 ἑρπετῶν
572 4901 796 4980 ἔχουσαι
858 4908 943 4961 καὶ
1003 4908 1068 4962 τὸ
1121 4907 1262 4982 ταχῦ
1331 4914 1438 4962 τῶν
1497 4915 1738 4978 πτηνῶν.
1798 4914 1927 4968 Εἶτα

255 4991 467 5062 ἒπειδὴ
500 4995 534 5063 ἡ
565 4991 866 5058 ἀκολουθία
891 4998 991 5064 τῆς
1041 4995 1389 5071 γενεαλογίας
1435 4997 1522 5052 ἐπὶ
1579 5000 1672 5053 τὸν
1724 4999 1928 5076 Κύριον

257 5083 453 5162 φέρει,
489 5079 754 5154 διακόψας
811 5084 838 5138 6
885 5083 1051 5160 λόγος
1097 5087 1160 5140 τὸ
1203 5085 1446 5160 συνεχὶς,
1485 5083 1793 5159 μεταϐαίνει
1851 5091 1935 5145 ἐπ’

337 5201 391 5235 ⁷³
423 5200 473 5254 II
503 5197 694 5254 Paral.
729 5217 882 5270 nvx,
918 5203 984 5256 16
1015 5219 1145 5274 sqq.
1221 5203 1266 5237 ⁷⁸
1295 5203 1367 5257 IV
1402 5203 1541 5274 Reg.
1576 5221 1692 5275 xvr,
1721 5206 1756 5258 2
1785 5223 1916 5278 sqq.

502 5313 744 5394 filiiﬁlii
777 5321 895 5394 tres
926 5317 1082 5394 libri,
1117 5315 1485 5394 φανεροῦνται.

705 5381 979 5464 διήγαγεν.
1013 5381 1084 5444 At
1113 5381 1363 5464 quatuor
1395 5406 1561 5449 mss..
1592 5384 1801 5464 διῆγεν.

343 5456 467 5528 (79)
498 5456 676 5525 Editi,
709 5457 760 5510 οἱ
787 5460 810 5478 υ

268 5527 532 5584 ticulus.

343 5601 466 5672 (80)
498 5598 681 5674 Efiiti,
734 5601 808 5674 ὧν
855 5600 1041 5658 πολλᾶ
1086 5603 1171 5659 τά.
1199 5606 1283 5674 At
1317 5608 1563 5674 quatuor
1603 5603 1943 5674 mss_.,r1:0)\-

265 5669 468 5745 λαχοῦ
495 5669 586 5728 τά.
614 5673 822 5730 Statim
849 5681 968 5732 tres
1001 5695 1166 5744 mss.,
1201 5669 1488 5746 δηλοῦται.
1518 5675 1691 5743 Editi,
1714 5672 1946 5744 δηλοῦν·

264 5763 390 5798 ται.

860 5457 1076 5529 mm.
1113 5457 1282 5518 Deest
1320 5463 1376 5516 in
1419 5461 1638 5516 nostris
1672 5457 1813 5518 mss.
1847 5480 1940 5520 ar-

2037 4735 2141 4789 Per
2169 4733 2327 4787 hunc
2368 4730 2667 4800 Scriptura
2697 4728 2950 4782 ostendit
2997 4743 3260 4782 amaram
3313 4729 3433 4782 fore
3482 4739 3688 4796 regum

2039 4820 2407 4894 sequentiam
2441 4817 2896 4872 successionem.
2933 4815 3221 4871 Volabunt
3259 4819 3442 4886 enim,
3471 4814 3689 4886 inquit,

2040 4911 2298 4982 aspidas,
2317 4906 2735 4978 reptiliumque
2753 4921 3060 4970 venenum,
3081 4911 3138 4960 et
3153 4904 3478 4961 volatilium
3501 4901 3692 4975 perni-

2042 5001 2276 5056 citatem
2327 4995 2647 5050 habebunt.
2673 4992 2891 5048 Deinde
2925 4993 3201 5063 quoniam
3252 4995 3324 5048 ad
3375 4991 3691 5049 Dominum

2044 5089 2295 5162 pertinet
2325 5081 2674 5157 genealogiaa
2703 5081 3695 5154 series,b‘criptura,continuatione

2120 5318 2229 5391 (81)
2260 5314 2496 5391 Codices
2521 5313 2667 5391 duo,
2698 5311 2821 5391 ὑπὸ.
2849 5313 2918 5391 In
2942 5313 3098 5367 Colb.
3133 5311 3423 5391 primo_,_in
3456 5325 3576 5391 quo
3600 5323 3696 5376 pa-

2049 5383 2222 5460 ginas
2248 5389 2472 5460 aliquot
2503 5385 2705 5460 deesse
2733 5383 3173 5460 notavimuset
3200 5386 3255 5460 in
3284 5383 3696 5460 aliis'quat‘u'or

2050 5449 2248 5518 statim
2306 5449 2534 5528 legitur,
2569 5453 2995 5530 ﬁ_é_1t'.}t€tpévq.
3027 5456 3198 5530 Editi,
3231 5449 3536 5530 έκκειμένη.
3579 5449 3698 5530 Nec

2052 5536 2128 5588 ita
2162 5523 2520 5601 multovpnst
2550 5528 2711 5601 editi,
2745 5523 2916 5601 ίξφεως
2957 5525 3388 5595 ἐξελεύσονται...
3421 5527 3492 5576 At
3524 5523 3696 5590 quin-

2053 5621 2165 5677 que
2197 5597 2977 5677 mss.,’o'cpswvéfe)\sées_1oit..
3077 5669 3088 5677 ι
3150 5665 3163 5677 ,
3242 5664 3253 5677 ,
3396 5659 3421 5677 ,ι

2127 5677 2239 5750 (es)
2269 5659 2364 5728 sic'
2396 5659 2538 5728 mss.
2570 5659 2792 5726 omnes.
2828 5669 3099 5735 Editi,1a‘z
3146 5664 3350 5721 ἐκείνου
3395 5659 3593 5738 ἔκγονα
3621 5659 3702 5733 ιε-

2059 5745 2389 5802 ελεύσονται.
