4134 6224
342 359 466 417 625
560 311 569 320 ι

1135 356 1548 418 COMMENT.
1591 356 1668 416 IN
1715 354 1987 417 lSAlAM
2032 357 2535 421 PROPHETAM.
2583 357 2754 418 CAP.
2800 358 2958 420 XIV.

3633 358 3753 450 σεδ

336 492 683 561 σωθήσονται
742 491 793 544 οἱ
847 488 1097 544 ταπεινοὶ
1153 492 1250 543 τοῦ
1320 485 1474 544 λαοῦ.
1532 489 1600 543 Al.
1655 487 1825 544 πύλαι
1881 509 1978 544 των

2104 491 2232 556 late,
2266 492 2480 564 inquit,
2513 497 2691 565 portw
2717 494 3027 550 civitatum.
3078 492 3208 547 Haec
3239 491 3613 548 comminatio
3648 493 3748 547 ad-

336 578 584 648 πόλεων,
644 578 832 654 φησὶν,
893 576 1212 649 ὀλολύξατε.
1270 579 1390 632 Ἔτι
1444 577 1580 651 πρὸς
1637 575 1765 642 τοὺς
1825 575 1994 632 ἁλλο-

336 667 551 746 φύλους
594 670 630 737 ἡ
679 667 904 738 ἀπειλή.
957 669 1058 724 Καὶ
1131 667 1534 743 κεκραγέτωσοὶν
1598 664 1791 729 πόλεις
1841 687 1993 722 τετα-

336 759 633 834 ραγμέναι.
685 764 832 826 Βοῆς
919 754 1422 832 ἐμπλησθήτωσαν,
1473 755 1657 833 φησὶν,
1719 757 1823 811 ἀπὸ
1895 762 1994 825 τῆς

333 853 594 922 ταραχῆς
623 854 724 917 τῆς
758 847 818 902 ix
843 851 942 902 τοῦ
975 841 1148 922 φόϐου
1177 850 1293 907 τοῖς
1317 845 1556 900 οἰκοῦσιν
1616 844 1989 921 ἐγγινομένης.

331 935 517 992 Πύλαι
555 937 651 1008 μὶν
684 933 1120 1008 όλολυζέτωσαν,
1155 932 1245 990 διὰ
1269 935 1368 1004 τήν
1422 933 1836 1010 προσαγομένην
1896 955 1993 988 πο-

334 1022 612 1102 λιορκίαν.
646 1025 716 1081 Al
764 1023 954 1087 πόλεις
1007 1021 1066 1080 δὲ
1119 1023 1548 1099 κεκραγέτωσαν,
1603 1027 1878 1078 τουτέστιν
1938 1023 1990 1077 οἱ

332 1112 390 1169 ἐν
421 1119 543 1177 ταῖς
575 1112 769 1170 πόλεσι
795 1118 1193 1178 κατοικοῦντες.
1226 1115 1320 1182 Μὴ
1358 1113 1542 1186 μέντοι
1594 1109 1734 1185 μηδὲ
1773 1112 1825 1166 οἱ
1855 1111 1990 1166 κατὰ

330 1205 438 1272 τήν
494 1204 685 1279 χώραν
724 1203 1038 1280 ἀλλόφυλοι
1104 1201 1548 1279 ἡσυχαζέτωσαν.
1603 1203 1662 1259 Ὁ
1719 1203 1822 1278 γὰρ
1881 1201 1986 1256 ἀπὸ

335 1293 512 1370 βορῥᾶ
539 1296 745 1357 καπνὸς
775 1293 987 1350 πάντων
1027 1295 1235 1370 ὁμοίως
1269 1295 1458 1368 ἅψεται
1512 1293 1726 1349 πόλεών
1784 1313 1841 1348 τε
1895 1293 1984 1346 καὶ

331 1382 620 1458 ἰγχωρίων
675 1386 812 1458 (89).
847 1384 1056 1447 Καπνὸς
1114 1385 1216 1459 γὰρ
1275 1381 1492 1460 ἔρχεται
1537 1381 1642 1437 ἀπὸ
1692 1381 1879 1458 βοῤῥᾶ.
1913 1383 1984 1436 Τὸ

333 1467 565 1546 ἀδρανὲς
597 1476 702 1527 τῶν
736 1469 1070 1550 ἀλλοφύλων
1101 1471 1444 1547 παρίστησιν,
1471 1469 1554 1526 ὅτι
1580 1474 1784 1526 καπνοῦ
1821 1489 1984 1546 προσ-

332 1555 516 1630 ϐολὴν
552 1560 619 1616 ού
647 1562 888 1639 φέρουσι·
921 1565 1178 1616 τοσοῦτον
1211 1561 1476 1636 ἀπέχουσι
1505 1564 1602 1615 τοῦ
1637 1560 1702 1615 τὸ
1873 1563 1980 1634 πῦρ

329 1650 396 1704 τὸ
430 1648 536 1706 ἂπὸ
567 1655 673 1705 τῶν
724 1648 1057 1728 ἀλλοφύλων
1110 1648 1457 1723 ἐκκαιόμενον
1510 1650 1817 1722 ὑπομεῖναι.
1875 1655 1980 1704 Κα-

328 1741 466 1801 πνὸς
527 1739 632 1794 ἀπὸ
691 1739 864 1816 βορῥᾶ
919 1737 1164 1816 ἔρχεται·
1225 1737 1312 1794 καὶ
1372 1740 1470 1793 οὐκ
1516 1736 1625 1794 ἔστι
1671 1743 1768 1793 τοῦ
1825 1737 1976 1796 εἶναι.

326 1828 447 1886 Ούκ
503 1825 637 1901 ἔστι,
671 1828 942 1906 φησὶα,ἰν
1001 1828 1288 1883 ὑποστάσει
1339 1826 1472 1900 ἰδίᾳ,
1522 1825 1650 1882 οὐδὲ
1706 1824 1976 1898 ούσιώδης
2007 1869 2055 1933 Β

324 1917 495 1973 αὐτοῦ
549 1919 638 1973 καὶ
701 1918 1144 1991 σεσωματωμένη
1207 1920 1241 1987 ἡ
1297 1916 1451 1996 φύσις
1508 1919 1543 1986 ἡ
1592 1921 1689 1971 τοῦ
1749 1921 1974 1974 καπνοῦ,

326 2006 537 2079 ’Δτμὸς
567 2009 668 2082 γάρ
701 2005 811 2061 ἐστι
869 2003 1088 2082 δριμὺς,
1123 2005 1225 2061 ὑπὸ
1271 2008 1370 2075 τῆς
1415 2010 1513 2061 τοῦ
1559 2003 1727 2079 πυρὸς
1777 2005 1973 2084 ἀναφο-

325 2100 426 2168 ρᾶς
480 2094 538 2150 tu
583 2099 691 2150 τῶν
741 2096 1166 2174 ὑποτυφομὲνων
1212 2095 1684 2169 ἀναπεμπόμενος.
1714 2099 1829 2150 Τῶν
1880 2094 1976 2150 ἀλ-

326 2181 588 2261 λοφύλων
650 2183 754 2239 ὑπὸ
809 2181 907 2239 τοῦ
964 2188 1173 2238 καπνοῦ
1217 2183 1656 2257 ταρασσομένων,
1687 2183 1810 2253 ἥτις
1861 2186 1972 2258 (91)

323 2271 470 2327 ἐστὶν
526 2273 892 2335 ἀνυπόστατος
941 2272 1119 2351 φύσις,
1151 2273 1202 2327 τί
1256 2273 1306 2326 οἱ
1358 2270 1602 2347 βασιλεῖς
1648 2275 1754 2326 τῶν
1806 2271 1972 2337 ἐθνῶν

323 2359 564 2435 ἐροῦσιν,
625 2361 676 2416 ἐν
729 2361 918 2436 εἰρήνῃ
971 2362 1062 2416 τὸν
1112 2361 1279 2417 τόπον
1329 2358 1551 2437 Ἰσραὴλ
1603 2361 1974 2438 ὁρῶντες;Τί

324 2446 470 2505 ἄλλο
529 2471 609 2525 γε,
643 2449 678 2520 ἢ
739 2451 821 2505 ὅτι
880 2449 1084 2525 Κύριος
1138 2447 1467 2522 ἐθεμελίωσε
1515 2450 1614 2519 τὴν
1670 2451 1837 2520 Σιὼν,
1886 2450 1975 2506 καὶ

328 2535 399 2592 δι’
458 2540 626 2595 αὐτοῦ
681 2541 1022 2610 σωθήσονται
1088 2540 1140 2594 οἱ
1195 2538 1439 2594 ταπεινοὶ
1491 2543 1587 2593 τοῦ
1641 2538 1808 2609 λαοῦ,
1867 2539 1973 2596 Αύ-

323 2628 417 2690 τὸς
447 2627 576 2690 τοὺς
605 2628 882 2691 ἀσείστους
917 2627 1204 2702 θεμελίους
1245 2635 1347 2699 τῆς
1395 2626 1538 2683 Σιὼν
1587 2626 1840 2700 ἐπήξατο·
1874 2629 1974 2683 αῦ-

321 2716 418 2779 τός
445 2715 550 2793 γάρ
583 2715 694 2772 ἐστι
722 2717 972 2794 τεγνίτης
1000 2718 1089 2772 καὶ
1140 2715 1480 2792 δημιουργὸς
1511 2717 1538 2771 ὁ
1578 2717 1708 2781 Θεδς
1733 2724 1834 2788 τῆς
1862 2716 1972 2774 ἄνω

317 2805 559 2870 πόλεως.
589 2807 938 2877 Σωθήσονται
973 2804 1030 2861 δὲ
1061 2805 1114 2862 ἐν
1146 2805 1281 2880 αὐτῇ
1313 2805 1420 2882 οὐχ
1461 2807 1513 2860 οἱ
1563 2803 1776 2861 δυνατοί
1831 2809 1972 2883 χρή-

321 2917 510 2970 μασιν,
545 2893 669 2951 οῦδὲ
701 2897 754 2950 ol.
781 2895 1000 2973 ἰσχυροὶ
1041 2900 1121 2968 τῷ
1152 2896 1388 2970 σώματι,
1421 2892 1545 2950 οὐδὲ
1589 2896 1640 2950 οἱ
1687 2896 1754 2950 τὰ
1805 2894 1973 2950 πολε-

319 2985 459 3059 μικᾶ
519 2983 978 3058 μεμελετηκότες,
1034 2983 1158 3041 ἀλλ’
1217 2985 1284 3042 Οἱ
1341 2984 1587 3040 ταπεινοὶ
1645 2989 1743 3039 τοῦ
1812 2984 1970 3053 λαοῦ,

2105 580 2218 635 huc
2250 580 2556 653 allophylis
2587 582 2933 638 intenditur.
2982 583 3043 636 Et
3087 581 3327 636 clament
3354 583 3598 638 civitates
3631 589 3749 636 tur-

2105 669 2266 726 batae.
2298 669 2582 740 Clamore,
2615 671 2830 743 inquit,
2864 671 3271 743 compleantur
3319 688 3434 743 praa
3468 669 3744 738 tumultu,

2103 759 2202 829 qui
2234 775 2303 814 ex
2333 760 2538 815 timore
2561 761 2714 815 inter
2741 759 2966 816 incolas
2989 759 3330 816 suscitatur.
3361 759 3599 815 Ululent
3620 759 3748 830 qui-

2101 848 2233 903 dem
2266 855 2437 920 portae
2469 853 2707 921 propter
2737 850 3104 905 obsidionem
3136 853 3513 921 susceptam;
3546 848 3746 903 civita-

2099 939 2188 992 tes
2210 954 2344 992 vero
2375 937 2647 1006 clament,
2671 937 2780 994 hoc
2813 945 2923 1006 est,
2944 938 3144 994 incolas
3169 938 3494 994 civitatum.
3529 941 3654 994 Imo
3677 953 3747 994 ne

2099 1025 2374 1100 allophyli
2405 1028 2641 1099 quidem
2674 1027 2793 1083 ruri
2825 1032 2881 1082 et
2911 1027 2969 1082 in
3003 1028 3159 1101 agris
3189 1027 3542 1094 habitantes,
3577 1027 3745 1099 quie-

2097 1121 2284 1172 scant.
2316 1116 2422 1181 Qui
2453 1117 2607 1172 enim
2635 1119 2706 1173 ab
2757 1116 3032 1188 aquilone
3079 1117 3239 1173 venit
3287 1118 3508 1185 fumus,
3541 1132 3742 1174 omnes

2096 1203 2369 1260 similiter
2395 1210 2524 1261 tum
2544 1207 2805 1262 civitates
2825 1211 2951 1262 tum
2971 1207 3300 1263 rusticanos
3322 1205 3739 1278 apprehendat.

2093 1294 2177 1350 Ab
2207 1294 2482 1366 aquilone
2528 1295 2685 1351 enim
2735 1296 2890 1352 venit
2936 1297 3153 1351 fumus.
3205 1297 3375 1352 Ponit
3417 1296 3491 1351 ob
3539 1295 3741 1352 oculos

2092 1383 2550 1441 imbecillitatem
2571 1384 2996 1456 allophylorum
3025 1402 3038 1440 :
3064 1384 3278 1456 quippe
3301 1384 3447 1439 fumi
3479 1384 3738 1457 eruptio-

2091 1488 2227 1528 nem
2255 1490 2367 1529 non
2399 1475 2715 1546 perferunt,
2750 1474 2966 1529 nedum
2999 1490 3348 1529 succensum
3371 1473 3442 1529 ab
3473 1472 3738 1545 allophy-

2090 1561 2164 1618 lis
2193 1561 2390 1634 ignem
2435 1563 2785 1619 sustineant.
2834 1565 3035 1618 Fumus
3083 1563 3152 1618 ab
3181 1564 3437 1634 aquilone
3482 1565 3647 1630 venit,
3681 1567 3737 1617 el

2088 1668 2198 1708 non
2228 1657 2326 1723 est,
2358 1656 2418 1708 ut
2446 1654 2537 1708 sit.
2569 1657 2717 1722 Non,
2749 1652 2956 1724 inquit,
2989 1653 3046 1706 in
3079 1655 3396 1723 semetipso
3426 1650 3733 1720 subsistit;

2088 1758 2195 1798 nec
2225 1743 2572 1798 substantias
2606 1759 2710 1798 nec
2740 1742 2998 1815 corporis
3030 1741 3312 1797 rationem
3345 1744 3555 1795 natura
3587 1739 3733 1794 fumi

2090 1832 2367 1887 admittit.
2417 1836 2519 1888 Est
2568 1833 2724 1887 enim
2774 1849 2905 1888 acer
2954 1847 3152 1903 vapor,
3201 1846 3376 1901 quem
3423 1845 3454 1884 ο
3487 1828 3734 1884 materia

2087 1920 2505 1992 suﬂ'umigante
2535 1921 2821 1977 emissum
2853 1921 2964 1976 fert
3008 1919 3165 1992 ignis
3195 1934 3455 1975 sursum.
3489 1917 3652 1982 Quod
3683 1919 3730 1974 si

2081 2011 2400 2066 turbantur
2426 2009 2704 2082 allophyli
2737 2011 2916 2078 fumo,
2942 2027 3068 2081 quae
3090 2012 3299 2064 natura
3328 2012 3418 2064 est
3447 2023 3561 2063 non
3592 2007 3729 2063 sub-

2082 2097 2322 2169 sistens,
2355 2099 2494 2172 quid
2535 2115 2700 2171 reges
2731 2100 2995 2171 gentium
3045 2097 3257 2154 dicturi
3306 2101 3465 2164 sunt,
3499 2095 3730 2152 Israelis

2084 2187 2379 2260 regionem
2429 2187 2694 2244 videntes
2741 2189 2800 2243 in
2835 2190 3019 2259 pace?
3065 2187 3284 2258 Ecquid
3335 2185 3514 2254 aliud,
3550 2202 3728 2257 quam

2085 2279 2240 2350 quod
2265 2278 2525 2332 Dominus
2544 2277 2800 2348 [undavit
2825 2276 2959 2333 Sion
2978 2279 3004 2330 .9
3030 2279 3081 2332 el
3109 2292 3204 2348 per
3221 2292 3347 2332 eum
3367 2274 3732 2331 salvabunlur

2083 2366 2321 2422 humiles
2347 2366 2582 2438 populi?
2635 2367 2762 2438 Ipse
2796 2365 3181 2421 fundamenta
3231 2365 3368 2420 Sion
3399 2364 3646 2420 immota
3675 2367 3734 2420 et

2083 2454 2436 2511 inconcussa
2466 2455 2794 2511 substruxit
2827 2473 2844 2508 :
2877 2471 3012 2509 nam
3048 2454 3201 2509 Deus
3251 2453 3375 2525 ipse
3407 2453 3615 2509 artifex
3643 2457 3734 2508 est

2083 2550 2140 2601 et
2167 2545 2319 2602 599
2362 2544 2630 2600 conditor
2671 2560 2937 2615 supernaa
2981 2542 3316 2598 civitatis".
3352 2541 3505 2598 Salvi
3537 2545 3732 2598 autem

2081 2633 2142 2688 in
2175 2651 2241 2689 ea
2273 2634 2414 2689 ﬁent
2447 2650 2558 2689 non
2593 2633 2692 2705 qui
2723 2634 2916 2688 valent
2949 2631 3236 2705 pecuniis,
3269 2647 3382 2687 non
3416 2631 3518 2702 qui
3548 2631 3730 2686 fortes

2083 2727 2222 2779 sunt
2253 2740 2511 2794 corpore,
2547 2739 2662 2777 non
2707 2722 2804 2793 qui
2836 2728 2976 2777 sunt
3009 2721 3069 2776 in
3101 2722 3274 2776 rebus
3319 2720 3545 2776 bellicis
3570 2736 3732 2775 exer-

2082 2810 2243 2866 citati
2277 2827 2291 2866 :
2324 2811 2446 2875 sed,
2481 2810 2694 2882 inquit,
2729 2810 2974 2866 Humiles
2999 2810 3218 2881 plebis;
3251 2807 3728 2881 quandoquidem

2082 2900 2316 2955 infirma
2358 2899 2564 2955 mundi
2616 2898 2792 2972 elegit
2837 2900 3016 2965 Deus,
3071 2902 3133 2953 ut
3180 2914 3282 2969 per
3309 2913 3377 2953 ea
3424 2895 3728 2968 potestatis

2081 3005 2199 3044 sua:
2230 2988 2628 3061 praestantiam
2661 2988 3115 3044 commendet”.

321 3072 480 3148 φησί·
518 3070 660 3129 διότι
696 3073 766 3129 τὰ
795 3073 986 3144 ἀσθενῆ
1016 3077 1113 3130 τοῦ
1142 3067 1354 3148 κόσμου
1386 3072 1658 3146 ἐξελέξατο
1690 3074 1717 3128 ὁ
1745 3073 1898 3142 Θεὸς,
1923 3071 2015 3129 ’ίνα
2044 3074 2096 3130 ἐν
2148 3073 2330 3138 αὐτοῖς
2379 3077 2489 3149 (92)
2546 3076 2610 3130 τὸ
2661 3070 3007 3152 ὑπερϐάλλον
3046 3080 3148 3144 τῆς
3205 3071 3481 3148 δυνάμεως
3536 3072 3727 3129 ἑαυτοῦ

318 3163 584 3237 συστήσῃ.

378 3254 513 3310 290.
549 3249 700 3322 Πλὴν
735 3250 861 3308 ἀλλ’
888 3250 980 3306 ’ίνα
1015 3254 1152 3326 μήτε
1180 3258 1278 3322 τῆς
1315 3253 1451 3307 κατὰ
1501 3251 1727 3326 θεωρίαν
1792 3250 1965 3322 ἐξετά-

2146 3255 2273 3313 290.
2305 3255 2590 3312 Co'sterum
2624 3272 2696 3312 ne
2727 3255 2967 3312 omnino
2999 3254 3351 3311 sententiam
3380 3252 3530 3309 hanc
3562 3251 3730 3309 inex-

309 3361 454 3403 σεως
511 3345 610 3396 τοῦ
668 3339 837 3418 ῥητοῦ
896 3343 1071 3413 πάντη
1131 3339 1664 3416 ἀπολιμπανώμεθα,
1725 3341 1870 3420 φέρε,
1927 3338 1980 3396 εἷ’

308 3451 430 3484 τινα
464 3427 696 3484 δυνατὸν
733 3429 792 3485 ἐκ
826 3437 928 3500 τῆς
955 3435 1062 3485 τῶν
1111 3429 1393 3504 ὀνομάτων
1443 3430 1736 3504 ἑρμηνείας
1783 3425 1970 3486 λαϐεῖν

314 3515 548 3592 ὁδηγίαν
582 3518 658 3580 εἲς
686 3520 786 3588 τὴν
817 3523 924 3573 τῶν
954 3517 1269 3594 λεγομένων
1299 3518 1600 3594 περίνοιαν,
1631 3520 1974 3592 πειραθῶμεν

325 3610 460 3681 (93).
486 3609 560 3662 Τὸ
590 3606 945 3664 Φυλιπιαῖον
1000 3603 1177 3681 ὄνομα
1215 3605 1767 3682 μεταλαμϐανόμενον
1817 3608 1973 3682 εὕρο-

327 3717 422 3770 μεν
488 3695 566 3758 εῗς
621 3698 722 3767 τὴν
771 3693 1013 3754 Ἑλλάδα
1058 3696 1330 3773 γλῶσσαν,
1380 3695 1666 3761 πίπτοντες
1717 3699 1971 3770 ποτήμα-

321 3805 375 3839 τι
416 3786 552 3859 (94).
583 3787 722 3858 Ὅρα
751 3783 842 3840 οῦν
873 3785 924 3839 εἴ
966 3782 1182 3840 δύνασαι
1233 3783 1615 3862 τροπολογῶν,
1642 3784 1768 3848 τοὺς
1817 3785 1975 3860 μεθύ-

325 3893 452 3936 σους
489 3874 582 3929 καὶ
622 3873 1020 3951 πορνοκόπους,
1049 3873 1178 3937 τοὺς
1227 3873 1305 3937 είς
1361 3875 1457 3938 τὰς
1513 3875 1708 3952 φιάλας
1763 3875 1853 3929 καὶ
1906 3875 1975 3930 τὰ

324 3964 567 4038 ποτήρια
627 3960 872 4026 διδόντας
927 3964 1028 4033 τήν
1087 3963 1289 4018 ἑαυτῶν
1345 3964 1554 4038 ψυχὴν,
1607 3962 1697 4018 καὶ
1753 3961 1970 4038 ὕστερον

326 4052 696 4129 γυμνοτέρους
731 4053 930 4130 ὑπέρου
979 4057 1431 4129 περιπατοῦντας,
1456 4054 1592 4107 κατὰ
1636 4054 1735 4122 τήν
1786 4073 1976 4130 παροι-

330 4140 483 4214 μίαν,
538 4142 764 4205 τούτους
849 4143 1114 4216 ὀνομάσαι
1173 4145 1285 4217 (95)
1339 4141 1466 4206 τοὺς
1551 4141 1843 4204 πίπτοντας
1896 4146 1976 4215 τῷ

326 4233 630 4305 ποτήματι,
687 4231 932 4286 τουτέστι
991 4229 1061 4305 τῇ
1121 4229 1351 4307 ἀμετρίᾳ
1403 4231 1499 4286 τοῦ
1555 4231 1825 4305 πόματος.
1877 4229 1975 4288 Ηί-

325 4337 519 4376 πτουσι
579 4317 640 4376 δὶ
696 4321 846 4376 οὗτοι
901 4323 982 4392 τῷ
1036 4322 1339 4393 ποτήματι,
1371 4317 1460 4375 διὰ
1503 4320 1566 4374 τὸ
1616 4317 1974 4394 μὴδύνασθαι

392 4470 437 4505 ’³⁸
467 4467 644 4525 Hebr.
674 4483 754 4537 ιι,
789 4467 877 4522 10.
951 4467 998 4504 ⁷⁸
1024 4465 1048 4523 I
1078 4469 1206 4524 Cor.
1239 4483 1282 4536 ι,
1311 4467 1403 4522 27.

2082 3343 2366 3417 ploratam
2380 3345 2594 3401 etcitra
2616 3343 3169 3417 contemplationem
3189 3342 3730 3416 praetermittamus,

2083 3434 2357 3506 agedum,
2391 3434 2439 3490 si
2480 3434 2604 3491 ﬁeri
2653 3438 2866 3506 potest,
2916 3434 3281 3490 occasionem
3325 3432 3644 3505 quamdam
3677 3437 3733 3488 et
3772 3472 3774 3474 τ

2081 3522 2412 3578 subsidium
2435 3540 2502 3578 ex
2525 3525 2832 3579 nominum
2859 3521 3337 3594 interpretatione
3354 3522 3425 3578 ad
3445 3521 3730 3593 majorem

2081 3626 2282 3666 eorum
2315 3627 2440 3682 quae
2458 3611 2614 3667 dicta
2630 3615 2771 3668 sunt
2787 3610 3256 3682 explanationem
3284 3611 3542 3683 arripere
3565 3627 3733 3666 cone-

2082 3716 2235 3755 mur.
2295 3700 2633 3756 Invenimus
2693 3715 2906 3756 nomen
2954 3700 3312 3757 Philistaeum
3359 3700 3418 3755 in
3463 3699 3729 3772 linguam

2081 3788 2338 3843 Graecam
2399 3805 2766 3857 conversum,
2827 3805 3036 3845 sonare
3087 3789 3339 3845 cadentes
3383 3798 3538 3861 potu.
3588 3787 3730 3843 Vide

2082 3875 2261 3949 igitur
2288 3893 2431 3932 num
2461 3877 2818 3933 temulentos
2847 3882 2903 3932 et
2932 3877 3282 3948 impudicos,
3315 3877 3416 3949 qui
3446 3893 3615 3932 suam
3646 3876 3731 3948 ip-
3779 3935 3782 3938 ,

2082 3982 2283 4021 eorum
2301 3965 2562 4022 animam
2575 3966 2856 4021 addicunt
2875 3964 3090 4037 phialis
3112 3969 3169 4020 et
3188 3963 3507 4037 poculis,ac
3527 3967 3731 4036 postea

2075 4056 2244 4126 juxta
2273 4055 2641 4128 proverbium
2666 4054 2882 4128 pistillo
2905 4054 3514 4127 nudiores,appellare
3538 4053 3730 4127 possis

2083 4161 2188 4217 per
2241 4145 2648 4218 tropologiam,
2706 4144 2956 4200 cadentes
3008 4148 3161 4214 potu,
3221 4142 3330 4200 hoc
3386 4147 3498 4212 est,
3557 4147 3732 4215 potus

2084 4232 2593 4290 immoderatione.
2623 4233 2694 4289 Hi
2739 4237 2934 4290 autem
2969 4233 3188 4289 cadunt
3235 4235 3395 4305 potu,
3429 4232 3585 4304 quod
3616 4249 3732 4287 non

2086 4327 2305 4394 queant
2334 4323 2647 4381 ascendere
2679 4324 2751 4380 ad
2794 4322 3167 4380 altitudinem
3211 4321 3371 4393 regni
3401 4320 3528 4394 Dei,
3557 4319 3734 4377 Paulo

395 4611 510 4695 (.89)
541 4608 719 4695 Editi,
748 4607 839 4695 καὶ
879 4606 1214 4695 έπιχωρίων.
1247 4613 1321 4666 At
1360 4613 1605 4681 uterque
1634 4609 1889 4666 Combef.
1923 4613 1978 4666 et

2087 4627 2159 4679 τι,
2191 4609 2574 4695 haud_rectre.
2623 4611 3039 4695 Regnprimu's,
3088 4606 3378 4695 πίπτοντες
3427 4611 3729 4695 πτοήιματι,

328 4678 426 4740 alii
455 4678 600 4755 tres,
630 4679 722 4735 καὶ
746 4678 1060 4755 έγχωρίῷν.

397 4755 513 4824 (90)
545 4751 642 4810 Sic
673 4751 919 4825 uterque
951 4751 1210 4825 Combel.
1244 4768 1379 4810 cum
1408 4751 1628 4809 nostris
1658 4753 1848 4810 tribus
1878 4769 1978 4809 co—

328 4822 586 4883 dicibus.
617 4825 795 4891 Editi,
822 4822 988 4879 τοῦτο
1017 4822 1078 4878 τὸ
1108 4826 1237 4898 πῦρ.

393 4898 516 4967 (91)
544 4898 742 4968 Nostri
773 4902 892 4953 tres
918 4913 1063 4952 mss.
1087 4894 1220 4968 cum
1255 4898 1502 4968 utroque
1522 4894 1806 4968 Q0m_bet'.,
1830 4894 1975 4963 ἥτις.

327 4965 508 5037 Bditi,
543 4969 590 5023 εί
617 4967 720 5039 τίς,
752 4969 909 5025 haud
943 4974 1117 5039 recte.
1145 4967 1266 5039 Nec
1310 4965 1626 5039 ita'multo
1645 4966 1810 5039 infra
1837 4968 1979 5024 editi

328 5046 387 5097 et
414 5034 564 5098 mss.
593 5034 882 5111 nonnulli,
930 5039 1020 5093 καὶ
1076 5034 1166 5092 διὰ
1211 5039 1393 5112 τοῦτο.
1431 5036 1592 5112 Unde
1639 5038 1928 5112 interpres
1961 5057 1974 5097 :

331 5113 697 5182 Quamobrem
725 5112 796 5168 ad
822 5109 1056 5183 salutem
1080 5109 1451 5183 prove/tentur
1490 5111 1724 5167 humile:
1767 5109 1977 5183 p’opuli.

331 5127 697 5182 quamoorem
725 5127 796 5168 aa
822 5127 1056 5168 salutem
1119 5127 1451 5167 rovenentur
1490 5127 1724 5167 numne:
1767 5127 1977 5183 populi.

329 5189 404 5239 At
433 5185 574 5257 Reg.
609 5186 926 5249 secundus,
955 5182 1044 5238 καὶ
1079 5127 1147 5237 ϐυ
1174 5179 1357 5257 αὐτοῦ,
1384 5183 1446 5257 [ξι
1470 5199 1570 5257 per
1597 5184 1982 5257 eum‘calulem

330 5253 734 5329 consequentur
760 5257 996 5313 humile:
1021 5254 1250 5330 populi:
1272 5255 1427 5327 quod
1461 5253 1607 5326 quin
1637 5253 1851 5313 melius
1881 5256 1979 5323 sit,

332 5329 592 5384 dubitari
627 5346 742 5385 non
777 5333 990 5385 potest.

374 5345 592 5384 υοιῑετι
627 5346 742 5386 non
777 5345 990 5386 υοιθσι.

423 5346 592 5384 uitari
627 5346 742 5386 non
777 5346 990 5402 petent.

423 5401 519 5472 92)
548 5401 726 5472 Editi,
757 5399 807 5456 ἰν
840 5399 1028 5466 αὐτῆς.
1061 5400 1129 5455 At
1153 5413 1330 5472 mem,
1345 5393 1406 5472 tv
1438 5393 1642 5458 αὐτοις.

424 5469 794 5547 93)_Legitnr
839 5469 1218 5547 corrupte_in
1267 5469 1470 5547 editis_,_
1500 5469 1847 5547 παραϐῶμεν
1880 5471 1982 5526 sed

333 5541 734 5618 emendate'in
775 5544 995 5603 nostris
1017 5541 1302 5618 'quinque
1346 5541 1647 5599 codicibus
1694 5543 1982 5616 scriptum

338 5617 658 5691 reperitur,
679 5621 1048 5691 πειραθῶμεν.

403 5681 520 5761 ζει)
548 5681 740 5748 Codex
773 5681 941 5748 H.7et'
963 5685 1126 5749 Golb.
1158 5683 1408 5758 primus,
1437 5681 1725 5748 πίπτοντες
1751 5681 1986 5757 πτώμα-

2089 4698 2205 4755 non
2229 4683 2472 4755 rectius.
2506 4683 2648 4754 Reg.
2672 4680 2900 4753 tertius,
2923 4680 3210 4755 πίπτοντες
3237 4683 3535 4755 ποτήματι,
3555 4680 3726 4742 bene.

2089 4753 2542 4829 Editidenique,
2573 4753 2870 4829 πίπτοντας
2903 4754 3201 4829 ποτήματι.
3227 4753 3593 4829 Typographi
3627 4775 3731 4812 au-

2087 4828 2204 4898 tem
2237 4826 2371 4897 ipsi,
2405 4826 2630 4898 opinor,
2663 4828 2733 4883 de
2775 4827 3089 4896 industria,
3123 4842 3226 4898 pro
3273 4826 3555 4889 πίπτοντες
3603 4829 3731 4885 edi-

2086 4895 2323 4972 derunt
2362 4895 2676 4970 πίπτοντας,
2739 4898 2895 4972 quod
2962 4895 3328 4972 accusativus
3385 4916 3557 4957 casus
3614 4901 3733 4959 illis

2085 4969 2248 5044 visus
2278 4968 2356 5026 sit
2386 4968 2775 5044 necessarius
2792 4986 2921 5026 esse
2968 4971 3040 5044 ad
3091 4972 3406 5044 servandas
3435 4989 3733 5044 grammao

2086 5041 2212 5113 ticte
2271 5042 2503 5113 regulas
2549 5059 2562 5097 :
2607 5043 2707 5098 sed
2765 5059 2882 5097 non
2941 5041 3478 5101 animadverterunt
3532 5059 3736 5102 vocem

2086 5110 2388 5188 πίπτοντες
2423 5114 2530 5188 hoc
2578 5113 2725 5188 loco,
2758 5114 2911 5185 quod
2946 5114 3112 5168 aiunt
3141 5118 3409 5188 usurpari
3460 5121 3738 5173 materia-

2089 5187 2214 5240 liter
2294 5184 2942 5260 indeclinabiliterque;
3013 5184 3431 5260 proptereaque
3499 5204 3738 5244 necesse

2090 5273 2376 5331 nonesse
2425 5257 2750 5330 quidquam
2800 5257 3047 5331 mutare.
3081 5257 3228 5331 Lege
3276 5257 3738 5331 Ducaaum.iMox

2089 5327 2230 5402 editi
2259 5333 2320 5402 et
2347 5327 2491 5386 mss.
2525 5327 2752 5397 omnes,
2779 5327 3188 5402 πορνοκόπουςῖ
3204 5331 3324 5402 ubi,
3351 5335 3414 5402 ut
3445 5329 3588 5402 mihi
3609 5332 3736 5401 qui-

2091 5401 2224 5484 dem
2271 5400 2521 5484 videtur,
2554 5402 2667 5476 legi
2718 5394 2977 5484 prastat,
3021 5394 3446 5484 πορνοϐοσκούς,
3495 5394 3735 5484 lenones.

2090 5472 2396 5549 P_ro_v_erbii
2414 5475 2562 5549 ejus,
2599 5471 2753 5549 quod
2789 5491 2918 5531 mox
2947 5471 3232 5546 sequitur,
3267 5471 3621 5530 mentionem
3656 5474 3739 5531 fa-

2092 5543 2171 5600 cit
2197 5543 2540 5604 Hesychius.

2093 5614 2273 5742 be(95)
2305 5612 2478 5690 Editi,
2523 5615 2790 5692 ὠνόμασε.
2823 5619 2898 5673 At
2945 5616 3197 5687 quatuor
3246 5632 3415 5686 mss.,
3447 5612 3731 5689 ὀνομάσαι,

2169 5703 2261 5742 ne.

2135 5701 2261 5744 ene.
