4134 6224
405 295 524 354 627

1349 292 1746 354 APPENDlX
1791 292 2116 355 OPERUM
2161 291 2225 351 S.
2274 289 2560 351 BASILll
2604 289 2875 352 MAGNI.

3708 289 3846 348 628

409 424 739 480 luculenter
767 423 998 479 dicente
1029 440 1042 478 :
1075 424 1294 479 ΕΙ)νίοεί
1323 428 1504 494 ενερηί
1554 428 1654 481 Dei
1691 425 2061 480 haereditatem

2179 415 2438 490 ἀναϐῆναι
2489 421 2565 483 είς
2602 420 2665 475 τὸ
2709 418 2843 494 ὕψος
2889 420 2988 487 τῆς
3027 422 3126 472 τοῦ
3173 422 3307 474 Θιοῦ
3341 415 3639 491 βασιλείας,
3671 415 3843 494 διαρ-

408 530 520 570 non
552 512 906 583 accipient“.
941 513 1090 567 Sunt
1120 514 1275 567 enim
1326 531 1500 568 casus
1529 513 1725 578 multi,
1777 514 2064 583 variaeque

413 619 624 669 causae,
657 618 761 656 cur
790 617 895 656 nos
944 604 1015 654 ab
1061 602 1160 655 illa
1207 601 1518 658 altitudine
1566 603 1928 668 excidemus,
1962 617 2066 656 nec

416 691 819 762 pertingamus
869 691 936 742 ad
993 690 1259 745 brevium
1309 705 1577 761 supernas
1622 691 1943 746 vocationis
1969 693 2011 727 εί
2051 707 2063 745 :

415 795 595 834 causa
639 782 832 833 autem
883 795 1000 831 una
1049 778 1167 832 haac
1214 783 1323 844 est,
1357 796 1461 834 nec
1511 780 1776 848 minima,
1830 779 2068 834 bibendi

417 867 640 923 scilicet
668 865 959 938 cupiditas
1002 872 1058 921 et
1087 867 1371 921 studium.
1423 868 1642 922 Horum
1675 868 1857 939 igitur
1884 873 2072 922 temu-

418 957 711 1012 lentorum
743 961 921 1026 portis
945 957 1126 1024 jussis
1153 962 1293 1012 sunt
1315 961 1484 1012 edere
1506 956 1796 1012 ululatum
1824 973 1836 1011 :
1873 961 2070 1024 portae,

421 1045 686 1115 inquam,
717 1060 819 1114 per
848 1060 994 1114 quas
1028 1060 1252 1098 merum
1275 1046 1580 1100 advectum
1610 1045 1856 1100 accersit
1888 1046 2069 1099 malo-

421 1148 553 1185 rum
587 1138 864 1186 turmam.
903 1131 1036 1185 Vias
1069 1131 1266 1202 igitur,
1301 1133 1516 1203 quibus
1561 1139 1861 1204 peccatum
1913 1147 2070 1187 com-

423 1219 696 1286 mittitur,
725 1219 893 1288 jubet
943 1220 1243 1291 Scriptura
1288 1223 1358 1275 ad
1392 1220 1686 1276 ululatum
1737 1221 2068 1292 confugere,

421 1309 562 1362 adeo
595 1313 659 1361 ut
689 1324 786 1362 ore
833 1307 1206 1379 ingemiscat,
1238 1310 1339 1379 qui
1395 1326 1495 1380 per
1525 1326 1590 1364 os
1622 1313 1922 1380 peccatum
1970 1310 2071 1364 ad-

421 1396 585 1450 misit
612 1395 936 1451 ebrietatis.
970 1398 1242 1452 Civitates
1293 1403 1491 1452 autem
1524 1399 1734 1452 barum
1771 1404 2071 1468 portarum

421 1484 536 1554 ipsi
570 1491 709 1540 sunt
738 1485 946 1538 animae
979 1502 1212 1551 sensus,
1241 1488 1297 1539 in
1328 1487 1538 1555 quibus
1571 1502 1883 1557 pravarum
1915 1486 2070 1556 cogi-

421 1573 715 1626 tationum
759 1578 1099 1639 conventus,
1133 1573 1522 1644 cupiditatum
1578 1574 1913 1644 multitudo,
1946 1591 2072 1628 cra-

426 1659 576 1730 pulae
608 1665 665 1714 ct
687 1661 994 1716 ebrietates
1018 1661 1422 1717 diversantur:
1448 1680 1573 1734 quae
1596 1665 1666 1719 ob
1700 1663 2071 1734 phantasiam

428 1765 462 1802 a
492 1749 624 1804 vino
657 1749 713 1803 in
746 1749 830 1804 eis
861 1751 1169 1805 excitatam
1202 1753 1514 1807 exturbatae
1543 1758 1600 1807 et
1629 1753 1904 1820 confusae,
1937 1768 2067 1808 eam

429 1855 555 1907 quas
587 1838 949 1893 intellectum
981 1855 1216 1895 omnem
1257 1850 1494 1912 superat
1511 1843 1556 1876 ⁸³
1586 1858 1787 1912 pacem
1821 1859 1934 1896 non
1968 1842 2066 1896 ha-

419 1927 560 1984 bent
585 1945 599 1995 ;
631 1928 748 1982 imo
779 1943 1012 1998 semper
1037 1929 1336 1999 agitantur
1363 1935 1420 1986 et
1444 1936 1899 1986 commoventur.
1929 1931 2064 1986 Eam

421 2017 493 2070 ob
524 2031 757 2070 causam
810 2017 1229 2072 clamaverunt.
1279 2018 1376 2073 His
1424 2019 1599 2073 infert
1648 2036 1802 2074 nunc
1833 2020 2062 2074 fumum

419 2104 632 2174 aquilo,
665 2105 736 2160 de
766 2121 881 2175 quo
933 2105 1078 2160 dixit
1130 2091 1404 2162 Salomon
1439 2124 1451 2161 :
1483 2108 1682 2178 Aquilo
1729 2107 1899 2162 durus
1931 2124 2062 2163 ven-

413 2198 537 2254 tus;
568 2196 790 2249 nomine
817 2199 1000 2250 autem
1039 2196 1228 2252 dexter
1257 2198 1574 2267 vocatur”;
1613 2198 1719 2252 hoc
1748 2202 1856 2263 est,
1889 2198 2058 2270 spiri-

413 2288 510 2337 tus
542 2283 748 2353 durus,
781 2283 882 2354 qui
927 2286 1299 2340 refractarius
1341 2303 1404 2341 ac
1461 2292 1778 2342 contumax
1829 2287 1937 2341 fuit
1965 2304 2060 2341 co-

413 2389 537 2427 ram
595 2374 1025 2444 Umnipotente,
1081 2392 1374 2446 suumque
1426 2393 1526 2430 cor
1581 2379 1903 2432 obduravit.
1962 2379 2060 2431 Hic

414 2478 588 2531 quem
622 2461 886 2518 nonnulli
921 2464 1186 2520 dextrum
1208 2465 1381 2520 etiam
1405 2471 1631 2529 vocant,
1661 2467 1809 2536 ipsis
1843 2468 2060 2520 fumum

413 2550 601 2616 alrert,
635 2551 998 2606 occasionem
1049 2553 1272 2608 scilicet
1322 2555 1743 2625 materiamque
1783 2554 2062 2626 lacryma-

415 2655 568 2692 rum.
602 2638 850 2700 Quinam
903 2644 1097 2696 autem
1152 2646 1312 2707 sunt,
1368 2642 1481 2696 nisi
1534 2643 1593 2696 hi
1626 2645 1724 2714 qui
1766 2643 2058 2712 judicium

415 2726 629 2781 mentis
677 2734 1022 2798 corruptum
1070 2729 1304 2795 habent,
1359 2737 1416 2785 et
1463 2731 1666 2786 ordine
1712 2731 1941 2787 inverso
1990 2733 2061 2787 de

415 2815 589 2869 rebus
647 2814 842 2869 ferunt
901 2817 1248 2872 sententiam
1293 2833 1306 2873 :
1353 2818 1452 2887 qui
1509 2819 1713 2874 dicunt
1767 2836 2058 2888 amarum,

413 2903 622 2971 dulce;
656 2909 712 2958 et
740 2903 930 2972 dulce,
962 2921 1227 2960 amarum
1263 2923 1276 2962 :
1313 2907 1412 2977 qui
1464 2913 1690 2978 ponunt
1718 2908 1942 2974 lucem,
1975 2914 2058 2963 te-

413 2993 624 3046 nebras
659 3008 670 3047 :
707 2997 764 3047 et
797 2995 1090 3062 tenebras,
1123 2995 1313 3049 lucem
1337 2997 1380 3033 ⁸⁴
1403 2996 1429 3050 ?
1479 2997 1548 3050 lli
1579 2997 1650 3051 ab
1677 3015 1743 3052 eo
1775 2998 1876 3068 qui
1907 3014 1968 3052 se
2000 2998 2059 3052 in

411 3079 687 3151 angelum
739 3081 900 3152 pacis
947 3084 1352 3153 transﬁgurat,
1403 3085 1626 3155 decepti
1657 3090 1714 3139 et
1760 3085 2055 3151 subducti,

2177 507 2352 585 ῥῆδην
2415 509 2662 571 εἰπόντος
2721 507 2977 563 Παύλουο
3039 507 3276 564 Μέθυσοι
3339 506 3618 583 βασιλείαν
3697 512 3846 562 Θεοῦ

2179 600 2240 652 οὐ
2300 601 2808 672 κληρονομήσουσι.
2869 595 3064 653 Ηολλὰ
3118 598 3218 670 γὰρ
3278 596 3346 650 τὰ
3402 597 3692 669 πτώματα,
3743 597 3844 650 καὶ

2178 685 2428 764 διάφοροι
2461 689 2514 742 αἱ
2566 687 2734 741 αἰτίαι
2791 691 2888 741 τοῦ
2928 686 3032 740 ἀπὸ
3083 691 3180 740 τοῦ
3237 686 3406 759 ὕψους
3462 689 3611 758 ἡμᾶς
3667 707 3841 740 κατα-

2178 777 2415 846 πίπτειν,
2447 776 2536 830 καὶ
2599 777 2676 849 μή
2737 776 2953 852 φθάνειν
3013 774 3101 828 ἐπὶ
3149 775 3212 829 τὸ
3247 769 3500 851 βραϐεῖον
3557 766 3661 844 τῆς
3724 773 3841 828 ἄνω

2179 865 2448 935 κλήσεως’
2495 864 2589 937 μία
2621 862 2795 918 δὲκαὶ
2827 864 2926 918 οὐκ
2966 862 3257 939 ἐλαχίστη,
3289 865 3324 932 ἡ
3372 863 3495 933 περὶ
3538 864 3601 916 τὸ
3654 863 3836 917 πίνειν

2180 955 2442 1026 ἐπιθυμία
2471 974 2530 1008 τε
2559 954 2647 1008 καὶ
2681 951 2916 1023 σπουδή.
2948 952 3162 1007 Τούτων
3220 951 3311 1007 οὖν
3352 957 3460 1007 τῶν
3519 953 3838 1024 μεθυόντων

2183 1042 2235 1096 αἱ
2285 1040 2452 1096 πύλαι
2504 1040 2790 1110 ὀλολύζειν
2844 1041 3314 1116 προσετάχθησαν·
3357 1039 3527 1096 πύλαι
3580 1038 3649 1094 δι’
3678 1037 3753 1094 ὦν
3809 1041 3841 1094 ὁ

2182 1130 2414 1203 ἄκρατος
2445 1129 2833 1204 εἰσερχόμενος
2862 1131 2996 1201 (96),
3029 1134 3136 1182 τῶν
3169 1134 3348 1183 κακῶν
3377 1128 3472 1182 τὸν
3515 1126 3682 1200 ἐσμὸν
3717 1126 3842 1180 ἐπι-

2181 1219 2417 1293 σύρεται.
2449 1219 2557 1280 Τὰς
2611 1218 2701 1274 οὗν
2755 1216 2938 1286 ὁδοὺς,
2973 1214 3043 1272 δι’
3074 1218 3147 1271 ὧν
3190 1220 3226 1286 ἡ
3273 1215 3512 1290 ἁμαρτία
3563 1215 3846 1270 ἐπιτελεῖ-

2179 1329 2290 1373 ται,
2321 1309 2516 1369 ταύτας
2544 1309 2830 1382 τρέπεσθαι
2861 1307 2936 1369 είς
2976 1305 3253 1382 ὀλολυγὴν
3283 1307 3311 1360 ὁ
3344 1304 3514 1381 λόγος
3562 1307 3845 1381 προστάσ-

2182 1417 2282 1467 σει,
2334 1396 2470 1451 ὥστε
2529 1394 2617 1451 διὰ
2676 1397 2946 1469 στόματος
3003 1395 3269 1464 στενάζειν
3327 1395 3420 1450 τὸν
3479 1399 3557 1466 τῷ
3605 1394 3846 1467 στόματι

2182 1484 2562 1540 ἐπιτελέσαντα
2585 1487 2684 1554 τὴν
2719 1483 2982 1557 ἁμαρτίαν
3014 1490 3115 1552 τῆς
3149 1484 3337 1556 μέθης.
3374 1482 3570 1544 Πόλεις
3617 1479 3676 1537 δὲ
3707 1481 3846 1536 τού-

2179 1593 2285 1626 των
2318 1578 2422 1628 τῶν
2457 1571 2684 1627 πολλῶν
2720 1572 2852 1627 αὐτὰ
2881 1573 2945 1627 τὰ
2973 1580 3072 1642 τῆς
3132 1575 3319 1648 ψυχῆς
3371 1572 3510 1626 ἐστιν
3570 1571 3847 1640 αἲσθητή-

2183 1664 2438 1736 ριαῗ(97),
2469 1661 2523 1716 ἐν
2557 1665 2639 1724 οἷς
2673 1664 2990 1735 συστήματα
3020 1666 3276 1735 πονηρῶν
3311 1658 3689 1733 διαλογισμῶν
3741 1661 3841 1714 καὶ

2181 1735 2396 1816 πλῆθος
2429 1750 2730 1824 ἐπιθυμιῶν
2763 1752 2850 1805 καὶ
2881 1755 3063 1824 κῶμοι
3095 1750 3185 1804 καὶ
3221 1751 3376 1822 μέθαι
3415 1749 3510 1810 τὰς
3551 1745 3847 1825 διατριϐὰς

2175 1837 2418 1915 ἔχουσιν,
2451 1837 2649 1901 αίίτινες
2699 1839 3093 1914 τεταραγμέναι
3151 1839 3241 1894 καὶ
3288 1833 3720 1912 τεθορυϐημένω
3774 1839 3844 1893 ἐκ

2170 1937 2271 1998 τῆς
2301 1929 2403 1982 ὑπὸ
2431 1933 2526 1982 τοῦ
2557 1926 2706 1983 οἷ’νου
2739 1926 3094 2004 ἐγγινομένης
3136 1926 3318 1989 αὐτοῖς
3376 1926 3691 2002 φαντασίας,
3721 1929 3832 1996 τήν

2175 2018 2269 2090 μὶν
2299 2018 2520 2094 εἴρήνην
2556 2017 2658 2075 οὐκ
2686 2012 2874 2092 ἔχουσι
2905 2019 3004 2086 τὴν
3036 2015 3401 2092 ὑπερέχουσαν
3449 2015 3622 2070 πάντα
3664 2020 3830 2071 νοῦν·

2171 2108 2252 2161 ἀεὶ
2285 2105 2342 2161 δὲ
2371 2105 2422 2160 ἐν
2461 2104 2614 2179 σάλῳ
2645 2107 2735 2160 καὶ
2784 2105 2968 2178 κλόνῳ
2999 2108 3112 2179 )98)
3139 2106 3496 2180 τυγχάνουσι.
3529 2105 3626 2158 Διὰ
3655 2109 3830 2159 τοῦτο

2170 2194 2480 2270 κεκράγασι.
2535 2193 2774 2257 Ταύταις
2827 2198 2918 2248 νῦν
2976 2192 3124 2268 φέρει
3175 2194 3377 2248 καπνὸν
3431 2194 3660 2269 βορέας·
3695 2197 3833 2268 περὶ

2171 2284 2233 2337 οὗ
2291 2284 2432 2338 εἶπεν
2494 2283 2522 2336 ὁ
2582 2280 2877 2354 Σολομὼν,
2911 2281 2993 2336 ὅτι
3054 2281 3255 2358 Βορέας
3315 2279 3554 2356 σκληρὸς
3602 2278 3840 2355 ἄνεμοςο

2172 2371 2394 2444 ὀνόματι
2437 2369 2493 2426 δὲ
2546 2369 2811 2441 ἐπιδέξιος
2871 2371 3117 2426 καλεῖται
3155 2391 3166 2403 ·
3207 2369 3474 2441 τουτέστι,
3531 2371 3592 2425 τὸ
3650 2370 3840 2441 σκλη-

2173 2462 2262 2536 ρὸν
2296 2465 2522 2533 πνεῦμα
2555 2462 2615 2518 Ὀ
2666 2458 3048 2535 τραχηλιάσας
3083 2459 3312 2515 ἐνώπιον
3357 2464 3456 2515 τοῦ
3509 2464 3839 2535 Παντοκρά-

2169 2570 2351 2625 τορος,
2384 2549 2472 2603 καὶ
2505 2548 2812 2621 σκληρύνας
2846 2550 3037 2603 ἑαυτοῦ
3085 2551 3182 2618 τὴν
3234 2546 3480 2624 καρδίαν,
3515 2549 3675 2610 οὗτος
3730 2550 3839 2626 (ρέ-

2171 2658 2251 2714 ρει
2297 2637 2480 2700 αὐτοῖς
2532 2640 2757 2706 καπνὸν,
2785 2635 3029 2711 δκκρύων
3091 2638 3362 2709 ὑπόθεσιν,
3392 2638 3450 2692 ὃν
3496 2637 3586 2692 καὶ
3633 2635 3832 2693 ἐπιδέ-

2169 2727 2279 2799 ξιόν
2332 2747 2474 2789 τινες
2529 2728 2880 2798 ὀνομάζουσι.
2909 2725 3052 2788 Τίνες
3101 2723 3178 2794 δὲ,
3209 2727 3244 2794 ἢ
3301 2727 3351 2780 οἱ
3577 2723 3840 2802 διεφθαρ.

2175 2817 2334 2888 μένον
2364 2819 2461 2870 τοῦ
2490 2819 2582 2869 νοῦ
2610 2815 2672 2869 τὸ
2698 2816 2980 2890 κριτήριον
3015 2813 3254 2890 ἔχοντες,
3277 2814 3366 2868 καὶ
3399 2812 3839 2888 ἐνηλλαγμένως

2169 2905 2262 2966 τὰς
2314 2903 2436 2979 περὶ
2492 2909 2600 2958 τῶν
2660 2903 2990 2978 πραγμάτων
3052 2901 3207 2974 δόξας
3262 2902 3736 2979 ἀποφαινόμενοις
3774 2905 3835 2957 οἱ

2171 2993 2461 3070 φάσκοντες
2490 2993 2552 3046 τὸ
2582 2994 2772 3067 πικρὸν
2799 2991 2996 3068 γλυκὺ,
3026 2993 3114 3046 καὶ
3169 2993 3232 3047 τὸ
3287 2991 3460 3068 γλυκὺ
3500 2991 3696 3063 πικρόν
3727 3011 3740 3061 ;
3774 2995 3836 3047 οἱ

2169 3083 2403 3144 τιθέντες
2431 3083 2494 3136 τὸ
2526 3086 2639 3158 φῶς
2687 3081 2901 3149 σκότος,
2925 3080 3014 3135 καὶ
3070 3081 3132 3135 τὸ
3193 3080 3384 3142 σκότος
3437 3085 3592 3157 φῶςς
3627 3081 3832 3149 Οὗτοι,

411 3168 568 3222 hunc
599 3151 794 3238 ipsum
825 3168 959 3222 licet
990 3151 1294 3224 sinistrum
1337 3177 1392 3226 et
1421 3151 1576 3227 ϐοά
1608 3175 1936 3237 vitandum,
1967 3190 2056 3228 vo-

2178 3171 2518 3243 ἀπατώμενοι
2555 3171 2657 3225 ὑπὸ
2705 3173 2801 3224 τοῦ
2853 3170 3474 3244 μετασχηματιζομένου
3533 3168 3608 3230 εἷς
3665 3167 3836 3244 ἅγγε-

411 3260 548 3308 cant
587 3257 874 3310 dextrum.
921 3258 1264 3326 Aquilonem
1314 3267 1512 3315 autem
1565 3278 1668 3331 pro
1724 3262 2058 3316 adversaria

411 3348 697 3413 potestate
729 3345 999 3414 usurpari
1047 3348 1287 3415 planum
1319 3355 1409 3402 est
1454 3366 1523 3404 ex
1554 3350 1647 3404 his
1675 3351 1868 3405 verbis
1900 3355 1934 3405 A
1969 3355 2057 3418 [a-

410 3433 493 3486 cie
543 3432 825 3501 aquiloni:
881 3433 1233 3490 cxardescent
1278 3435 1431 3491 mala
1451 3437 1495 3471 ⁸⁵
1557 3453 1570 3490 :
1631 3439 1784 3508 quod
1835 3439 2056 3493 dictum

415 3525 504 3575 est
558 3519 616 3573 in
675 3520 896 3576 visione
952 3521 1077 3576 ollas
1138 3539 1450 3579 succensae.
1505 3525 1612 3587 Qui
1673 3531 1867 3581 autem
1923 3537 2062 3581 sunt

415 3608 779 3678 hujusmodi,
849 3627 976 3664 esse
1043 3610 1363 3668 desierunt.
1432 3613 1578 3669 Nam
1646 3615 1706 3669 in
1772 3617 1857 3670 eis
1924 3633 2056 3671 cum

415 3714 530 3752 non
562 3698 640 3753 sit
666 3698 767 3769 qui
796 3715 925 3754 vere
951 3705 1039 3754 est
1072 3718 1084 3755 :
1118 3700 1246 3757 ideo
1293 3701 1517 3759 dictum
1557 3711 1646 3759 est
1676 3719 1690 3760 :
1726 3708 1788 3761 Et
1816 3721 1926 3762 non
1956 3713 2057 3773 est,

413 3790 476 3841 ut
504 3787 596 3841 sit.

483 3965 610 4021 291.
652 3966 719 4020 Et
766 3965 898 4037 quid
943 3967 1341 4038 respondebunt
1386 3987 1541 4040 rege:
1583 3975 1876 4044 gentium?
1925 3979 2060 4048 quia

412 4057 680 4110 Dominus
707 4057 966 4124 [undavit
1003 4057 1154 4122 Sion,
1187 4060 1236 4112 et
1265 4075 1361 4120 per
1389 4076 1514 4114 eum
1543 4063 1904 4119 solvebantur
1949 4067 2058 4120 hu-

410 4145 568 4198 miles
596 4144 788 4215 plebis.
821 4145 963 4210 Quia
993 4145 1172 4207 igitur
1203 4164 1371 4202 nemo
1395 4154 1483 4202 est
1506 4150 1930 4223 allophylorum
1956 4155 2052 4225 qui

410 4238 554 4288 sunt
584 4233 844 4305 quidem,
869 4236 965 4288 sed
1001 4234 1136 4288 facti
1170 4242 1304 4289 sunt
1325 4242 1605 4307 tanquam
1639 4256 1753 4294 non
1785 4241 1903 4295 sint
1923 4259 2054 4313 pro-

411 4327 540 4391 pter
569 4337 738 4376 suam
783 4321 1043 4391 ipsorum
1097 4322 1375 4377 malitiam
1416 4341 1428 4378 :
1465 4326 1727 4395 Deﬁciunt
1756 4327 1935 4396 enim,
1966 4330 2053 4385 in-

409 4410 559 4480 quit,
587 4413 896 4480 peccatores
934 4425 969 4463 a
1011 4418 1161 4464 terra
1187 4419 1239 4466 et
1267 4413 1468 4482 iniqui,
1500 4415 1580 4468 ita
1611 4420 1670 4469 ui
1700 4431 1808 4472 non
1840 4421 1952 4473 sint
1971 4420 2014 4454 ⁸⁸
2039 4439 2052 4488 ς

480 4541 524 4615 8_°
555 4540 739 4615 I_Cor.
772 4541 967 4615 v1,10.
1061 4541 1105 4577 ⁸¹
1138 4542 1348 4615 Philip.
1385 4561 1470 4614 IIl,
1505 4547 1591 4602 14.

407 4612 452 4648 ⁸⁸
483 4611 636 4668 Psal.
668 4629 782 4681 cm,
815 4613 904 4669 35.

481 4747 597 4831 (96)
627 4748 864 4806 Veteres
906 4751 1161 4820 quatuor
1199 4747 1335 4831 libri
1383 4755 1440 4808 et
1484 4753 1649 4821 editi,
1681 4754 2050 4831 εἷσχεόμενος.
2085 4765 2131 4829 D

407 4823 611 4898 feriae,
639 4837 738 4898 per
768 4837 907 4898 qua!
942 4837 1152 4877 merum
1201 4824 1450 4898 infusum
1495 4831 1742 4898 accersit,
1766 4823 1900 4898 ἐισί,
1934 4849 2049 4888 non

406 4891 492 4947 ita
533 4891 706 4948 recte.
754 4891 827 4949 At
874 4894 1020 4971 Reg.
1043 4891 1360 4971 secundus,
1394 4891 1797 4971 εἰσερχόμενος.
1845 4891 2049 4970 Ρονιάε,

404 4979 503 5039 per
533 4980 667 5034 quas
694 4981 910 5021 merum
953 4965 1231 5039 advectum
1279 4965 1695 5039 aceersz't','étc.,
1727 4974 1890 5029 bene.
1924 4965 2051 5032 Moi

408 5036 668 5118 quinque
699 5053 866 5118 mss.,
888 5036 1402 5118 Ta‘é‘ta‘c‘TEéﬂEO’F-lat
1435 5036 1521 5102 εἶς’
1545 5039 1842 5118 ὀλολυγήν.
1877 5047 2050 5113 Editi,

405 5104 603 5183 ταύτας
625 5107 908 5183 τρέφεσθαι
943 5108 1018 5170 εἰς
1045 5104 1390 5183 Αόλολυγμόν.

481 5180 593 5256 (9ἶ)
623 5179 863 5256 Antiqui
897 5185 1011 5236 duo
1044 5179 1176 5256 libri
1207 5179 1337 5256 cum
1370 5184 1563 5251 editis,
1595 5183 1908 5256 οἷκητήρια,
1943 5189 2050 5244 do-

404 5251 648 5307 micilia.
681 5250 815 5331 Alii,
841 5250 1354 5331 tres,“aicemwﬁpua,
1399 5250 1607 5331 sensus.
1643 5250 1715 5313 In'
1758 5250 2050 5331 illis,quaa

408 5330 916 5399 gnoa‘sequuntur,
951 5321 1148 5399 α’ίτινες
1170 5321 1831 5399 τεταραγμέναι,·νὶίὶθῐυιν
1858 5321 2051 5386 inesse

406 5389 703 5472 ἐναλλαγή,
737 5414 838 5472 seu
873 5389 1120 5472 mutatio
1154 5389 1733 5472 numeri'.'8iquidem
1779 5403 2051 5472 superius

407 5463 711 5543 ἒὲεῖιυιίέζη
745 5469 1050 5540 Βίηὲυιθΐί.
1072 5473 1172 5543 τῆς
1221 5469 1424 5543 ψυχῆς,
1449 5463 1528 5527 δι’
1553 5480 1747 5530 tamen
1779 5463 1872 5530 hic
1904 5474 2050 5530 seri-

408 5536 592 5613 bitur,
621 5536 995 5613 α’ίτινεςξᾳιιᾶ
1023 5536 1254 5613 (enimat.

479 5609 591 5684 (98)
622 5607 1017 5680 ΟοάθΧύὶιαε,
1046 5611 1096 5666 ἐν
1126 5607 1310 5683 κλόνῳ
1337 5611 1427 5668 καὶ
1457 5611 1510 5669 ἐν
1543 5612 1713 5688 σάλῳ.

1685 4547 1730 4582 υ
1760 4548 1968 4624 Philip.
2002 4571 2080 4626 iv,
2108 4555 2165 4610 7.

2171 3259 2264 3315 λον
2301 3259 2502 3334 φωτὸς,
2535 3255 2799 3330 ἐπιδέξιον
2849 3257 3008 3312 αὐτὸν
3063 3256 3277 3333 λέγουσι
3334 3257 3426 3312 τὸν
3481 3256 3666 3311 σκαιὸν
3729 3259 3836 3311 καὶ

2167 3347 2547 3419 ἀπόπεμπτον.
2578 3347 2701 3403 ’Ότι
2733 3343 2790 3400 δὲ
2821 3348 2848 3400 ὁ
2885 3345 3084 3421 βορῥᾰς
3134 3344 3220 3400 ἐπὶ
3278 3353 3379 3416 τῆς
3439 3345 3832 3418 ἀντικειμένης

2167 3435 2432 3512 ἐνεργείας
2489 3436 2759 3506 τέτακται,
2811 3432 2982 3503 δῆλον
3032 3434 3092 3488 ἐκ
3143 3439 3260 3489 τοῦ*
3324 3435 3461 3492 Ἀπὸ
3518 3435 3834 3509 προσώπου

2172 3525 2343 3601 βοῤῥᾶ
2399 3524 2784 3595 ἐκκαυθήσεται
2835 3524 2902 3578 τὰ
2960 3524 3172 3578 κακά”ὃ
3233 3521 3442 3598 εἴρηται
3500 3522 3552 3577 ἐν
3613 3527 3692 3596 (1)
3750 3527 3831 3598 τῇ

2169 3615 2352 3689 ὁράσει
2380 3617 2481 3668 τοῦ
2513 3607 2746 3682 λέϐητος
2773 3615 2871 3666 τοῦ
2907 3611 3330 3684 ὑποκαιομένου.
3363 3611 3430 3669 Οἳ
3476 3608 3533 3666 δὲ
3574 3615 3831 3666 τοιοῦτοι

2167 3702 2412 3772 ἐξέπεσαν
2469 3707 2567 3757 τοῦ
2628 3701 2787 3757 εἶναι.
2823 3697 3047 3768 Ἐπειδὴ
3103 3699 3205 3754 οὐκ
3263 3694 3402 3755 ἔστιν
3435 3701 3463 3754 ὁ
3512 3695 3684 3761 ὅντως
3743 3700 3830 3754 ὣν

2168 3792 2219 3848 ἐν
2253 3791 2458 3864 αὐτοῖς,
2490 3789 2578 3846 διὰ
2628 3793 2794 3844 τοῦτο
2848 3791 2924 3862 (2)
2968 3787 3202 3864 εἷ’ρηται“
3241 3790 3334 3844 Καὶ
3397 3789 3497 3844 οὐκ
3553 3788 3665 3844 ἔστι
3720 3795 3831 3845 τοῦ

2167 3881 2323 3938 εἶναι.
3107 3874 3114 3879 θ

2235 3974 2362 4028 291.
2424 3969 2526 4025 Καὶ
2594 3967 2646 4022 τί
2720 3967 3182 4042 ἀποκριθήσονται
3273 3965 3522 4042 βασιλεῖς
3607 3965 3827 4038 ἐθνῶν;

2165 4066 2286 4119 ’Ότι
2339 4059 2536 4133 Κύριος
2594 4055 2920 4128 ἐθεμελίωσε
2975 4056 3142 4123 Σιὼν,
3203 4057 3290 4110 καὶ
3353 4054 3423 4110 δι’
3482 4055 3646 4110 αὐτοῦ
3707 4077 3830 4111 σω-

2167 4151 2418 4220 θήσονται
2483 4147 2535 4199 ol
2590 4144 2837 4200 ταπεινοὶ
2892 4149 2989 4199 τοῦ
3054 4144 3213 4202 λαοῦ.
3273 4145 3420 4202 Ἐπεὶ
3487 4143 3579 4198 οὖν
3639 4143 3832 4210 οὐδείς

2165 4239 2276 4293 ἐστι
2298 4243 2404 4291 τῶν
2435 4232 2767 4311 ἀλλοφύλων
2800 4235 2925 4303 παρ’
2958 4236 3040 4297 οἷς
3090 4234 3152 4288 τὸ
3204 4235 3362 4300 εἶναι,
3395 4231 3541 4288 ἀλλά
3587 4233 3828 4307 γεγόνα-

2166 4349 2246 4382 σιν
2281 4328 2354 4388 ὡς
2389 4327 2464 4398 μή
2507 4320 2655 4384 ὄντες
2713 4319 2802 4376 διὰ
2848 4323 2947 4390 τήν
3004 4323 3204 4377 ἑαυτῶν
3261 4322 3473 4377 κακίαν
3503 4323 3827 4378 Ἐκλείποι-

2167 4437 2258 4471 σαν
2320 4419 2394 4488 (3)
2451 4411 2578 4488 γὰρ,
2631 4411 2816 4488 φησὶν,
2875 4411 3197 4485 ἁμαρτωλοὶ
3258 4411 3364 4466 ἀπὸ
3415 4417 3516 4480 τῆς
3566 4417 3692 4486 γῆς,
3725 4414 3826 4466 καὶ

2257 4553 2302 4588 ⁸³
2339 4553 2497 4607 Prov.
2532 4565 2709 4618 xxvn,
2742 4547 2826 4602 16.
2906 4547 2978 4618 ,⁸⁸
3003 4547 3116 4604 Isa.
3142 4565 3198 4617 ν,
3229 4549 3319 4605 20.
3423 4546 3469 4582 ⁸³
3494 4546 3614 4603 Jer.
3648 4563 3691 4613 ι,
3733 4549 3826 4604 14.

2233 4759 2345 4832 (99)
2377 4758 2472 4832 Sic
2500 4753 2640 4832 editi
2672 4760 2730 4810 et
2758 4753 2987 4832 codices
3014 4757 3155 4832 tres.
3187 4755 3344 4832 Colb.
3363 4757 3631 4832 primus,
3664 4755 3823 4821 Τίνες

2163 4821 2382 4885 δέίἱσίν
2417 4829 2488 4884 οἱ.
2523 4829 2670 4896 Reg.
2697 4827 3014 4894 secundus,
3045 4825 3194 4889 Τίνες
3235 4821 3305 4896 δὲ,
3331 4821 3503 4896 οὗτοι,
3536 4821 3821 4888 οἱξΗαῠά

2161 4903 2334 4976 longe
2363 4901 2502 4957 editi
2533 4904 2590 4957 et
2613 4895 2760 4970 Reg.
2793 4898 3045 4976 primus,
3071 4898 3160 4951 καὶ
3194 4895 3627 4976 ἐνηλλαγμένας,
3660 4903 3819 4959 Beli-

2161 4966 2548 5047 qui‘huatuor
2573 4966 2740 5035 ωεεᾶ
2772 4966 2873 5047 οἷαὶ.
2891 4966 3344 5047 imitamentis

2232 5038 2578 5114 (1)'Codices
2611 5048 2751 5106 tres,
2785 5038 3154 5114 tul,lbidem
3198 5045 3312 5099 duo
3362 5061 3530 5113 mss.,
3562 5063 3660 5097 του
3691 5039 3816 5096 ἑπι-

2158 5113 2733 5190 gcazoptvournursus
2764 5114 2867 5168 hoc
2897 5113 3020 5184 ipso
3062 5114 3119 5168 in
3169 5114 3293 5172 loco
3344 5117 3607 5190 quinque
3641 5133 3814 5182 mss.,

2161 5182 2426 5258 ἐξέπεσαν.
2460 5189 2629 5253 Editi,
2662 5182 2925 5258 ἐξέπεσον.

2231 5262 2308 5334 (2)
2338 5262 2525 5318 Codex
2558 5252 2748 5334 unus,
2803 5252 2892 5309 διὰ
2925 5257 3095 5334 Δτοῦτο
3145 5255 3259 5334 οβν.
3309 5258 3514 5334 Statim
3567 5261 3816 5334 uterque

2160 5327 2417 5390 Com'bef.
2442 5338 2498 5387 et
2518 5333 2616 5387 alii
2645 5347 2788 5385 mss.
2811 5327 2992 5384 nostri
3019 5328 3189 5382 simul
3210 5346 3346 5384 cum
3367 5330 3542 5385 editis
3569 5330 3813 5393 habent,

2157 5401 2248 5455 καὶ
2281 5400 2348 5457 δι’
2380 5403 2543 5482 αὐτού
2573 5403 2932 5482 σωθήσονται,
2963 5407 3015 5454 ει
3181 5403 3589 5482 ρυῃ.ραιαι-ξω
3617 5416 3811 5482 comic:

2159 5481 2416 5544 quenlur.
2450 5466 2764 5547 Aliquanto
2805 5476 2936 5544 post
2982 5466 3124 5525 editi
3154 5475 3211 5526 et
3240 5471 3400 5529 Colb.
3435 5474 3692 5545 primus,
3723 5466 3815 5526 διὰ

2157 5545 2257 5614 τήν
2289 5545 2510 5602 ἒαύτῶν.
2541 5547 2652 5602 Alii
2683 5549 2936 5614 quatuor
2962 5557 3134 5614 mss.,
3167 5539 3380 5614 Statii»;
3413 5549 3614 5600 αυτῶν.
3718 5613 3725 5614 ί

2231 5566 2257 5598 ν
2289 5564 2510 5602 εαυτων.
2541 5564 2652 5602 Alll
2683 5564 2936 5619 quatuor
2965 5564 3134 5606 ωδε..
3167 5564 3254 5597 om
3280 5564 3380 5612 την
3413 5565 3614 5600 αυτων.

2228 5619 2302 5689 (3)
2334 5618 2482 5677 Editi
2511 5624 2569 5678 et
2595 5620 2728 5692 Reg.
2756 5613 3075 5683 secundus,
3097 5612 3455 5675 Ἐκλείποιεν.
3478 5623 3557 5675 At
3583 5619 3644 5674 in
3677 5613 3812 5672 aliis
