4134 6224
319 379 439 438 629

1140 377 1546 440 COMMENT.
1592 378 1672 440 IN
1717 377 1991 440 ISAIAM
2034 378 2540 440 PROPHETAM.
2588 379 2759 439 CAP.
2806 378 2938 440 XV.

3617 379 3736 441 630

317 509 540 580 ἄνομοι,
617 507 755 564 ὥστε
835 509 911 580 μὴ
988 507 1252 584 ὑπάρχειν
1330 508 1546 572 αὐτούς’
1607 507 1715 585 οὐχ
1770 509 1843 572 ὡς
1892 509 1947 564 εἴ.

2085 529 2197 566 non
2231 512 2384 583 quod
2419 513 2629 567 abeant
2656 511 2714 565 in
2751 508 3025 579 nihilum,
3060 509 3158 564 sed
3203 509 3358 580 quod
3392 525 3733 566 semovean-

315 596 622 672 ἀφανισμὸν
656 603 934 672 χωρῆσαι,
970 596 1095 653 ἀλλ’
1125 599 1199 661 ὡς
1225 604 1328 668 τῆς
1379 597 1680 669 ἐπισκοπῆς
1711 603 1806 654 τοῦ
1838 602 1970 654 Θεοῦ

315 688 684 762 χωρισθῆναι,
733 685 880 750 ὅστις
929 684 1068 740 ἐστὶν
1122 688 1150 741 ὁ
1198 687 1475 758 ἀληθινῶς
1518 685 1615 742 ὣνο
1673 687 1725 742 τί
1756 687 1965 765 ἐροῦσιν

313 776 371 830 οἱ
406 775 651 852 βασιλεῖς
680 775 878 848 αὐτῶν,
936 775 1202 846 τοσαύτην
1237 775 1497 855 διαφορὰν
1534 775 1827 852 βλέποντες
1856 782 1964 832 τῶν

307 883 371 918 τε
394 863 560 918 ἐθνῶν
592 864 683 919 καὶ
714 872 813 934 τῆς
866 866 1007 919 Σιών
1036 883 1049 934 ;
1109 867 1178 922 ’Ἢ
1207 862 1466 936 δηλονότι
1494 865 1572 929 εἰς
1620 865 1964 936 συναίσθησιν

307 951 555 1026 ἥξουσιν.
590 951 672 1008 ὅτι
706 954 759 1007 οἳ
814 954 909 1026 μὶν
959 953 1094 1009 κατὰ
1122 955 1188 1008 τὰ
1216 950 1340 1025 ἔθνη
1407 959 1850 1031 περιπατοῦντες,
1910 954 1961 1010 ὲν

304 1041 465 1115 σάλῳ
505 1042 606 1097 εἶσὶ
660 1039 749 1098 διὰ
795 1044 896 1114 τήν
945 1044 1147 1101 ἑαυτῶν
1205 1043 1417 1098 κακίαν·
1473 1046 1525 1098 οἱ
1579 1041 1636 1098 δὲ
1691 1045 1781 1099 τὸν
1841 1047 1965 1098 νοῦν

307 1131 518 1186 ἑαυτῶν
584 1132 982 1208 κεκαθαρμινον
1054 1127 1298 1208 ἔχοντες,
1370 1133 1429 1196 ὃς
1495 1133 1818 1205 ὀνομάζεται
1886 1135 1962 1207 (4)

308 1220 483 1274 Σιώνο
516 1217 704 1290 ἐπειδὴ
763 1218 964 1285 ἐκεῖθέν
999 1219 1110 1276 ἔστι
1141 1222 1204 1276 τὸ
1236 1222 1630 1297 σκοπευτήριον
1653 1223 1832 1293 πάσης
1862 1221 1960 1297 φῦ-

307 1329 472 1370 σεως.
531 1310 660 1366 Οἷον
700 1309 803 1384 γὰρ
863 1309 968 1364 ἀπό
1025 1331 1168 1372 τινος
1228 1309 1530 1385 ἀκρωρείας
1579 1317 1680 1380 τῆς
1722 1315 1820 1365 τοῦ
1867 1315 1962 1365 νοῦ

310 1395 666 1471 ὑψηλότητος
699 1403 978 1475 θεωρεῖται
1037 1399 1130 1472 μὶν
1162 1399 1190 1453 ὁ
1238 1400 1471 1472 κόσμος,
1512 1397 1602 1454 καί
1651 1402 1685 1470 ἡ
1717 1399 1841 1476 περὶ
1873 1400 1957 1455 τὸν

303 1485 469 1541 αὐτὸν
525 1489 600 1560 (5)
660 1487 894 1560 εὐταξία,
927 1487 1016 1542 καὶ
1073 1485 1162 1542 διὰ
1185 1486 1394 1543 τούτων
1427 1489 1454 1542 ὁ
1487 1489 1636 1552 Θεός·
1673 1494 1958 1564 θεωρεῖται

305 1571 369 1630 Si
398 1576 465 1630 τὰ
491 1580 586 1630 τοῦ
620 1576 741 1652 βίου
771 1576 1084 1652 πράγματα,
1135 1577 1223 1632 καὶ
1256 1579 1290 1647 ἡ
1325 1577 1375 1631 ἐν
1423 1578 1640 1640 τούτοις
1690 1575 1954 1634 εὐτέλεια.

297 1668 390 1726 Ὠς
448 1663 544 1718 οῦν
604 1665 783 1727 ὁνοῦς
816 1666 843 1720 ὁ
880 1661 1311 1740 βεϐαπτισμένος
1361 1671 1441 1738 τῷ
1499 1664 1650 1740 οἷ’νῳ,
1699 1666 1790 1721 καὶ
1837 1672 1955 1729 τοῖς

300 1751 526 1816 λοιποῖς
558 1755 768 1823 πάθεσι,
798 1755 982 1809 πίπτει
1017 1756 1258 1825 ὑπὸτῆς
1313 1755 1500 1828 μέθης·
1561 1754 1736 1818 οὕτως
1780 1757 1808 1810 ὁ
1857 1777 1953 1810 κα·-

296 1843 463 1918 θαρὸς
510 1841 626 1919 ἔχει
683 1841 1021 1916 θεμελιωτὴν
1055 1844 1247 1898 ἑαυτοῦ
1274 1845 1366 1899 τὸν
1414 1843 1562 1899 Θεόν.
1624 1843 1721 1900 Καὶ
1779 1847 1850 1918 (6)
1882 1842 1952 1899 δι’

294 1929 466 1986 αὐτοῦ
541 1933 593 1986 οἱ
661 1931 899 1987 ταπεινεὶ
973 1937 1070 1987 τοῦ
1145 1930 1282 1987 λαοῦ
1337 1935 1699 2004 σωθήσονται.
1759 1933 1951 1989 Μακά-

2081 605 2176 654 tur
2205 617 2232 654 a
2268 605 2586 672 conspectu
2620 600 2740 670 Dei,
2773 599 2874 670 qui
2901 598 2999 653 ille
3029 597 3155 669 ipse
3186 602 3293 665 est,
3321 598 3418 669 qui
3453 614 3582 654 vere
3605 605 3731 656 est:

2079 688 2217 760 quid
2234 689 2598 744 dicturisunt
2621 705 2785 760 reges
2807 691 3264 755 eorum,tantam
3289 686 3449 742 illam
3470 688 3733 759 gentium

2077 781 2135 832 et
2154 779 2290 833 Sion
2315 778 2710 834 diversitatem
2735 776 3029 832 videntes?
3050 781 3248 830 Nonne
3277 775 3611 847 intelligent
3635 793 3734 832 eos

2076 867 2174 938 qui
2208 868 2474 938 gentium
2507 884 2669 922 more
2701 865 3028 935 ambulant,
3063 865 3272 938 agitari
3303 869 3357 919 et
3389 864 3730 920 conturbari

2074 956 2147 1012 ob
2202 973 2367 1012 suam
2421 956 2684 1030 ipsorum
2738 955 3085 1027 nequitiam,
3149 970 3248 1009 eos
3298 970 3433 1009 vero
3480 969 3732 1025 quorum

2077 1062 2245 1102 mens
2307 1051 2554 1119 purgata
2608 1048 2719 1115 est,
2763 1042 3121 1114 tranquillos
3168 1059 3295 1099 esse
3345 1048 3402 1098 et
3448 1047 3685 1116 pacatos
3717 1059 3737 1100 :

2074 1150 2200 1205 quae
2235 1151 2398 1191 mens
2431 1134 2760 1207 appellatur
2789 1133 3109 1204 Sion,quod
3137 1130 3270 1186 inde
3293 1135 3503 1187 natura
3535 1131 3728 1187 omnis

2072 1221 2590 1294 inspiciatur.Nam
2619 1241 2652 1279 a
2682 1223 2892 1278 mentis
2930 1221 3290 1276 sublimitate
3319 1220 3480 1276 velut
3509 1238 3541 1276 a
3563 1237 3728 1276 sum-

2073 1325 2167 1364 me
2197 1312 2412 1366 vertice
2443 1315 2500 1367 et
2531 1311 2790 1367 mundus
2821 1315 2878 1366 et
2907 1312 3099 1365 rectus
3128 1308 3286 1363 illius
3339 1309 3478 1364 ordo
3530 1308 3727 1365 consi-

2071 1399 2324 1466 deratur,
2359 1403 2414 1454 et
2446 1417 2548 1471 per
2576 1399 2698 1455 hac
2730 1401 2904 1455 Deus.
2947 1397 3278 1464 Quinetiam
3313 1414 3404 1452 res
3440 1398 3643 1452 mundi
3671 1400 3729 1452 et

2069 1505 2268 1544 earum
2320 1489 2512 1544 vilitas
2564 1494 2921 1560 spectantur.
2986 1487 3490 1552 Quemadmodum
3546 1487 3729 1558 igitur

2069 1579 2304 1633 animus
2335 1579 2467 1633 vino
2499 1578 2746 1650 aliisque
2771 1578 2928 1633 vitiis
2959 1576 3423 1646 immersus,prm
3443 1575 3724 1632 ebrietate

2068 1668 2222 1723 cadit
2256 1685 2269 1723 :
2303 1668 2387 1722 ita
2405 1667 2639 1723 animus
2666 1685 2850 1740 purus
2881 1668 3061 1722 Deum
3090 1665 3265 1719 habet
3286 1664 3568 1734 euiipsius
3588 1666 3720 1719 fun-

2067 1757 2348 1811 datorem.
2401 1757 2464 1811 Et
2509 1773 2612 1827 per
2661 1773 2787 1812 eum
2835 1755 3070 1810 humiles
3112 1753 3290 1825 plebis
3335 1752 3719 1808 solvebantur.

2064 1846 2224 1901 Beati
2257 1846 2548 1917 siquidem
2579 1863 2864 1918 pauperes
2892 1846 2935 1880 ⁸⁷
2962 1860 2974 1898 :
3007 1848 3065 1899 et
3114 1859 3194 1897 vae
3245 1840 3545 1912 divitibus,
3578 1858 3720 1913 quo-

2063 1935 2219 1990 niam
2251 1935 2546 2006 recipiunt
2579 1935 3038 1991 consolationem
3073 1946 3244 1988 suam
3275 1930 3338 1985 ⁸⁸.

295 2040 407 2096 ριοι
440 2020 544 2097 γὰρ
577 2021 630 2075 οἱ
659 2021 902 2097 πτωχοίο
936 2022 1025 2077 καὶ
1056 2021 1175 2077 οὐαὶ
1207 2027 1324 2085 τοῖς
1353 2021 1705 2092 πλουτοῦσιν,
1740 2024 1822 2078 ὅτι
1847 2022 2112 2098 ἀπέχουσι
2142 2023 2242 2092 τὴν
2273 2021 2616 2098 παράκλησιν
2649 2024 2849 2079 αὐτῶν.

785 2220 1186 2278 ΚΕΦΑΔΑΙΟΝ
1229 2223 1313 2278 IE'
1343 2223 1441 2295 (7).

363 2308 492 2364 292.
526 2308 603 2364 Τὸ
635 2306 786 2384 ῥῆμα
840 2315 940 2378 τῆς
997 2305 1371 2374 Μωαϐίτιδος.
1406 2308 1686 2385 Συνάγαγε
1727 2310 1796 2364 τὰ
1824 2307 1948 2384 περὶ

289 2400 388 2451 τοῦ
413 2391 612 2465 Melie,
650 2394 742 2451 'iva
773 2394 1010 2472 δυνηθῇς
1067 2399 1247 2469 πάσης
1300 2404 1402 2468 τῆς
1443 2399 1559 2453 κατ’
1607 2397 1764 2452 αὐτὸν
1815 2411 1950 2473 προ-

292 2483 519 2558 φητείας
551 2485 645 2540 τὸν
670 2490 792 2540 νοῦν
845 2480 1119 2542 ἐκλαϐεῖν.
1173 2487 1309 2543 Ἀπὸ
1371 2487 1464 2559 μὶν
1524 2490 1624 2551 τῆς
1660 2487 1945 2556 Γενὲσεως,

289 2574 358 2627 τὰ
389 2573 514 2648 περὶ
549 2574 697 2646 Λὼτ,
725 2574 783 2629 ἐκ
837 2578 938 2640 τῆς
971 2576 1238 2651 θυγατρὸς
1294 2583 1395 2645 τῆς
1427 2569 1792 2651 πρεσϐυτέρας
1822 2596 1950 2650 γεν-

291 2667 498 2724 νῶντος
551 2663 642 2718 τὸν
701 2658 878 2720 Μωᾶῦ
931 2665 1134 2740 πατέρα
1182 2659 1518 2720 Μωαϐιτῶν·
1567 2664 1672 2719 ἀπὸ
1731 2661 1790 2719 δὲ
1838 2669 1945 2719 τῶν

295 2752 603 2824 Ἀριθμῶν,
636 2752 701 2806 τὰ
735 2753 868 2826 μετὰ
895 2757 1001 2808 τῶν
1054 2751 1296 2828 χαλκοῦν
1349 2752 1494 2832 ὄφιν.
1555 2756 1798 2823 Ἀπῆραν
1846 2753 1947 2828 γὰρ

300 2839 350 2894 οἳ
403 2839 516 2894 υἱοῖ
579 2841 841 2917 Ἰσραὴλ,
918 2842 1007 2896 καὶ
1063 2837 1431 2918 παρενέϐαλον
1492 2841 1542 2898 ἐν
1597 2837 1807 2896 Ὠϐώθο
1858 2842 1948 2896 καὶ

300 2928 583 3006 ἐξάραντες
640 2929 691 3000 ἐξ
771 2925 970 3003 Ὠϐὼθ,
1045 2926 1411 3006 παρενέϐαλον
1487 2931 1539 2986 ἐν
1605 2935 1673 3005 τῇ
1730 2929 1946 3006 ἐρήμῳ,

2691 2221 2924 2279 CAPUT
2961 2222 3073 2278 XV.

2126 2310 2251 2364 292.
2289 2311 2514 2367 Verbum
2547 2311 2874 2367 Moabitidis.
2907 2311 3125 2386 Collige
3155 2313 3335 2370 simul
3363 2330 3432 2370 ea
3481 2330 3611 2386 quas
3640 2313 3714 2368 de

2058 2399 2225 2455 Moab
2254 2401 2687 2472 scribuntur,ut
2717 2402 2898 2457 totius
2929 2403 3242 2474 prspbetiae
3273 2421 3400 2477 quae
3431 2405 3713 2460 adversus

2058 2505 2192 2543 eum
2226 2489 2518 2560 profertur
2559 2490 3006 2560 intelligentiam
3060 2493 3251 2564 possis
3299 2493 3602 2564 consequi.
3638 2496 3717 2547 Ex

2059 2577 2266 2632 Genesi
2301 2579 2540 2649 quidem
2570 2595 2695 2650 quae
2720 2586 2986 2650 spectant
3007 2582 3078 2636 ad
3108 2582 3343 2653 Lot,qui
3367 2599 3435 2638 ex
3464 2581 3585 2637 ﬁlia
3607 2598 3716 2638 sua

2058 2671 2202 2721 natu
2236 2668 2456 2737 majore
2487 2667 2691 2739 genuit
2715 2669 2877 2722 Moab
2925 2669 3314 2726 Moabitarum
3365 2676 3588 2742 patrem
3621 2670 3666 2704 ⁸9
3693 2685 3707 2737 ;

2057 2771 2127 2810 ex
2153 2755 2302 2810 libro
2333 2773 2466 2810 vero
2495 2755 2906 2825 Numerorum,
2937 2774 3059 2827 qua:
3093 2763 3225 2829 post
3281 2763 3540 2814 erectum
3590 2774 3710 2814 ser-

2060 2848 2292 2915 pentem
2322 2859 2547 2898 aeneum
2589 2844 2946 2900 acciderunt.
2981 2845 3126 2900 Nam
3174 2847 3412 2916 Profecti
3438 2850 3567 2901 sunt
3597 2846 3710 2916 ﬁlii

2057 2931 2259 2998 Israel,
2289 2943 2338 2988 αι
2368 2936 2746 2988 εαδιναιησιιιιί
2770 2942 2896 2988 sunt
2925 2937 2983 2988 in
3018 2933 3228 2996 Oboth;
3259 2939 3312 2990 et
3353 2936 3612 2990 abeuntes
3637 2950 3708 2990 ea:

397 3017 509 3073 ἔστι
565 3019 700 3073 κατὰ
755 3018 1047 3095 πρόσωπον
1105 3015 1299 3078 Μωάϐ.
1333 3023 1455 3077 Ἔτι
1507 3021 1584 3094 (8)
1609 3021 1699 3074 καὶ
1729 3021 1795 3073 τὰ
1823 3019 1947 3094 περῖ

2066 3020 2253 3086 Oboth,
2285 3023 2655 3076 castramelali
2699 3030 2828 3076 sunt
2871 3024 2930 3076 in
2960 3037 3162 3090 eremo,
3209 3037 3336 3093 qua:
3382 3026 3459 3078 est
3511 3028 3709 3079 contra

297 3110 395 3161 τοῦ
428 3106 637 3177 Βαλὰκ,
663 3108 722 3169 ’ὀς
851 3109 966 3171 υἱὸς
1002 3110 1256 3188 Σεπφὼρ,
1295 3086 1774 3184 βασιλεῦ-(Μωαϐ.
1811 3086 1947 3165 Βου-

2066 3110 2257 3176 faciem
2286 3108 2439 3164 Moab
2472 3110 2535 3164 ⁸ο.
2581 3108 2922 3180 Adjicienda
2967 3115 3106 3164 sunt
3149 3086 3329 3166 etiam
3380 3127 3510 3193 qua;
3559 3111 3707 3167 refe-

299 3193 538 3268 λόμενος
568 3193 658 3250 διὰ
701 3202 802 3266 τῆς
849 3199 1084 3273 κατάρας
1128 3196 1511 3274 ἐξολοθρεῦσαι
1555 3198 1648 3252 τὸν
1701 3196 1944 3267 Ἰσραὴλ,

295 3281 640 3354 ἰξαπὲστειλε
689 3287 826 3361 πρὸς
877 3286 1113 3360 Βαλαὰμ
1160 3287 1273 3342 υἱὸν
1325 3287 1477 3361 Βεὼρ
1536 3288 1804 3362 Παθουρᾶ,
1851 3288 1942 3341 τὸν

292 3371 692 3441 οἰωνοσκόπον,
748 3380 850 3444 τῆς
907 3374 1160 3447 πορνείας
1206 3374 1296 3430 καὶ
1329 3372 1783 3450 εἰδωλολατρείας
1816 3374 1948 3446 σύμ-

289 3455 495 3516 ϐουλον
527 3465 625 3536 (9),
686 3459 754 3517 δι’
781 3463 838 3517 ’ὀν
901 3458 1283 3534 Ἐϐεόηλώθη,
1317 3463 1502 3539 φησὶν,
1536 3464 1564 3519 ὁ
1591 3462 1720 3526 λαὸς
1751 3463 1825 3525 εἶς
1848 3464 1943 3526 τὰς

289 3549 588 3624 θυγατέρας
665 3545 862 3624 Μωᾶὄ,
928 3551 1019 3605 καὶ
1097 3549 1355 3607 ἰκάλεσαν
1424 3551 1618 3615 αὐτοὺς
1694 3550 1782 3606 ἰπὶ
1853 3553 1942 3606 θυ-

286 3638 433 3700 σίαις
485 3641 592 3693 τῶν
646 3635 893 3694 εἰδώλων
955 3639 1132 3695 αὐτῶν
1193 3643 1344 3714 (10).
1403 3641 1678 3713 Ἐξὲτασον
1731 3639 1820 3695 καὶ
1877 3641 1946 3695 τὰ

287 3725 415 3802 περὶ
465 3733 566 3797 τῆς
620 3727 775 3792 Ῥοὺθ
823 3735 924 3798 τῆς
977 3727 1037 3784 ἐκ
1100 3733 1196 3783 τοῦ
1241 3724 1591 3785 Μωαϐιτικοῦ
1637 3728 1945 3802 σπέρματος

289 3817 728 3891 προστιθεμένης
758 3821 836 3888 τῷ
868 3817 1112 3895 Ἰσραὴλ,
1143 3818 1233 3872 καὶ
1293 3817 1382 3872 ἐπὶ
1429 3821 1686 3872 τεσοῦτον
1739 3817 1940 3892 ἐξευγε-

289 3905 613 3977 νιζομὲνης,
646 3907 719 3968 ὡς
753 3908 864 3980 (11)
897 3906 958 3961 οὗ
1017 3906 1182 3980 μόνον
1213 3907 1303 3961 τὸν
1340 3901 1526 3976 Δαϐὶὸ,
1562 3905 1708 3960 ἀλλὰ
1736 3905 1938 3961 καὶτὸν

291 3992 491 4064 Κύριον
537 3994 699 4066 ἡμῶν
761 3993 852 4048 ἀπ’
919 3994 1085 4061 αὐτῆς
1136 3992 1435 4050 ἀνατεῖλαι.
1497 3996 1591 4048 Καὶ
1657 3993 1941 4068 πειράθητι

289 4079 636 4156 πανταχόθεν
691 4083 866 4158 εὑρεῖν
905 4085 968 4138 τὸ
1003 4083 1156 4159 ῥῆμα
1184 4090 1284 4153 τῆς
1324 4077 1687 4152 Μωαϐίτιδος,
1720 4081 1772 4136 ἐν
1802 4084 1847 4154 ᾦ
1874 4085 1943 4138 τὰ

294 4170 389 4242 μὶν
419 4169 817 4241 ἇπειλητικῶς,
844 4172 910 4226 τὰ
942 4171 999 4226 δὲ
1027 4173 1143 4227 κατ’
1200 4170 1521 4248 ἐπαγγελίαν
1574 4171 1940 4246 ἐσχημάτισεν

288 4260 316 4312 ὁ
347 4258 534 4333 λόγος.
562 4260 692 4314 Μετ’
723 4258 1102 4335 ἱπικαλύψεως
1132 4259 1190 4316 δὶ
1234 4259 1446 4333 εἷ’ρηται
1499 4261 1691 4332 πάντα,
1735 4258 1824 4314 ’ἱνα
1879 4259 1940 4314 τὸ

284 4346 558 4421 κάλυμμα
584 4348 649 4404 τὸ
679 4347 767 4403 ἐπὶ
796 4352 863 4422 τῇ
897 4349 1194 4426 ἀναγνώσει
1226 4356 1325 4418 τῆς
1375 4348 1616 4410 Παλαιᾶς
1664 4350 1939 4419 Διαθήκης

2056 3198 2342 3252 runturde
2373 3197 2544 3252 Baiae
2573 3198 2641 3264 9’,
2673 3197 2772 3269 qui
2800 3202 2923 3253 erat
2943 3198 3166 3270 Sépbor
3193 3198 3484 3267 ﬁlius,rex
3512 3200 3705 3255 Moab.

2054 3286 2158 3341 Hic
2189 3287 2630 3342 cum'lsraelem
2651 3286 2819 3343 vellet
2839 3289 3078 3358 perdere
3091 3303 3192 3360 per
3213 3288 3708 3357 maledictionem,

2056 3375 2218 3431 misit
2239 3378 2310 3431 ad
2334 3377 2569 3431 Balaam
2597 3375 2783 3430 lilium
2806 3375 2952 3432 Beor
2969 3377 3028 3432 in
3049 3377 3707 3451 Pathura,bariolum°’,

2053 3465 2182 3534 ejus
2193 3464 2424 3520 consilii
2438 3465 2593 3536 quod
2610 3465 2681 3520 de
2697 3464 3077 3520 fornicatione
3090 3471 3147 3520 et
3160 3466 3491 3525 idololatria
3503 3467 3707 3524 datum

2052 3559 2196 3621 erat,
2228 3559 2548 3623 auctorem,
2581 3571 2682 3625 per
2714 3553 3122 3625 quem,inquit,
3153 3556 3395 3627 Populus
3409 3571 3538 3612 cum
3557 3557 3707 3626 ﬁlia-

2051 3642 2148 3696 bus
2180 3642 2330 3698 Moab
2355 3643 2600 3714 pollutus
2649 3647 2748 3709 est,
2801 3659 2865 3697 ac
2903 3660 3028 3698 eum
3077 3653 3402 3701 vocaverunt
3451 3647 3597 3702 θοι
3634 3645 3706 3702 ad

2049 3732 2330 3801 sacriﬁcia
2376 3731 2652 3787 idolorum
2701 3748 2926 3788 suorum
2973 3731 3035 3787 93.
3097 3732 3467 3789 Perscrutare
3523 3735 3702 3790 etiam

2050 3837 2177 3890 quae
2218 3819 2561 3875 scribuntur
2608 3821 2678 3875 de
2709 3820 2863 3875 Ruth
2916 3821 2978 3887 οι,
3027 3837 3098 3875 ex
3146 3822 3371 3876 semine
3417 3830 3703 3893 prognata

2051 3908 2460 3975 Moabitarum,
2494 3924 2621 3979 quae
2654 3908 2853 3964 Israeli
2880 3908 3098 3964 sociata
3125 3914 3297 3976 est,et
3317 3910 3388 3966 ad
3419 3926 3545 3966 eam
3569 3926 3699 3980 per-

2047 3995 2207 4050 venit
2234 3996 2466 4068 generis
2498 3995 2848 4063 claritatem,
2881 4002 2946 4050 ut
2979 4013 3094 4050 non
3134 3996 3313 4051 David
3348 3995 3565 4064 solum,
3595 3998 3700 4052 sed

2047 4084 2224 4139 etiam
2255 4083 2540 4140 Dominus
2587 4088 2786 4139 noster
2837 4100 2904 4139 ex
2937 4100 3005 4138 ea
3052 4084 3339 4155 originem
3373 4086 3608 4140 traxerit
3633 4086 3698 4141 ’5.

2049 4178 2239 4244 Atque
2269 4189 2508 4244 operam
2540 4174 2632 4242 da,
2686 4177 2768 4228 ut'
2804 4172 3105 4228 undelibet
3147 4189 3317 4228 eruas
3365 4173 3703 4230 Moabitidis

2050 4278 2286 4331 nomen,
2321 4278 2435 4332 quo
2463 4261 2708 4334 ﬁgurate
2732 4261 2791 4315 in
2816 4261 3118 4332 Scriptura
3147 4261 3559 4333 exprimuntur
3587 4263 3703 4319 alia

2049 4349 2287 4422 quidem
2339 4350 2398 4405 in
2452 4350 2932 4413 comminationis
2981 4350 3246 4421 modum,
3299 4349 3412 4408 alia
3455 4368 3589 4408 vero
3639 4353 3700 4409 in

284 4437 565 4509 κείμενον,
625 4435 712 4491 ἐὰν
774 4435 1107 4511 λυπηθῶμεν
1167 4435 1444 4509 ἀληθινῶς
1492 4435 1940 4513 ἐπιστρεφόμενοι

2066 4439 2294 4494 :nodum
2329 4437 2790 4511 pollicitationis.
2824 4438 2986 4494 Dicta
3015 4439 3172 4495 enim
3203 4443 3343 4495 sunt
3371 4440 3570 4497 omnia
3598 4441 3702 4498 ob-

285 4525 426 4600 πρὸς
457 4525 689 4602 Κύριον,
718 4528 1037 4602 περιαιρεθῇ
1069 4528 1254 4599 ἡμῶν.

2053 4544 2244 4598 scure,
2276 4532 2342 4582 ut
2369 4526 2629 4583 velamen
2662 4526 2895 4584 lectioni
2934 4526 3161 4584 Veteris
3208 4529 3570 4587 Testamenti
3600 4547 3700 4587 su-

283 4615 660 4688 Perpositum
687 4633 722 4674 a
753 4617 922 4674 nobis
952 4617 1280 4686 auferatur,
1315 4617 1366 4674 si
1401 4619 1576 4675 modo
1607 4619 1679 4675 ad
1722 4617 2032 4675 Dominum
2061 4632 2192 4674 vere
2222 4616 2784 4684 conversi,molestia
2814 4617 3161 4674 efﬁciamur.

357 4721 404 4756 ⁸⁷
436 4721 603 4777 Matt.
631 4739 687 4790 ν,
719 4723 773 4780 3.
848 4723 893 4760 ⁸⁸
925 4724 1063 4779 Luc.
1095 4738 1174 4791 v1,
1203 4723 1292 4780 24.
1369 4725 1415 4760 ⁸⁸
1443 4723 1586 4781 Gen.
1615 4742 1730 4792 xxx,
1762 4725 1854 4781 37.
1929 4725 1947 4760 '

2066 4739 2178 4780 um.
2212 4741 2329 4795 xxx,
2379 4724 2470 4795 10,
2503 4725 2589 4779 11.
2667 4725 2712 4762 οι
2745 4728 2919 4780 Num.
2969 4741 3110 4795 χχιι,
3157 4726 3212 4781 2.
3289 4726 3334 4762 ⁹²
3377 4727 3520 4784 ibid.
3552 4729 3608 4795 5,
3639 4730 3696 4784 6.

287 4792 332 4829 ”
361 4796 682 4863 Num.nv,
717 4795 768 4864 1,
801 4797 856 4850 2.
930 4796 977 4831 “
1005 4795 1181 4852 Ruth.
1212 4813 1253 4865 ι,
1283 4796 1338 4852 3.
1413 4796 1458 4834 ³⁸
1487 4797 1691 4854 Matth.
1724 4814 1764 4866 ι,
1794 4798 1850 4853 5.

287 4921 548 4990 quatuor
589 4934 734 4974 mss.
767 4921 824 4974 et
875 4917 1030 4989 apud
1079 4917 1218 4974 LXX
1270 4918 1506 4990 legitur,
1536 4918 1940 4990 Ἐκλείποισαν.

284 4985 606 5062 Aliquanto
656 4985 996 5062 infra_editi
1025 4994 1082 5045 et
1111 4991 1226 5045 duo
1254 4985 1443 5062 mea,
1474 4990 1502 5045 ὁ
1542 4989 1802 5061 ἀληθινὸς
1847 4985 1940 5047 ὥν.

285 5059 558 5133 Διὶἷιι-οε
588 5077 760 5133 mss.,
791 5059 1091 5130 ἀληθινῶς,
1126 5060 1364 5133 rectius.

463 5132 560 5206 S_ic
593 5129 995 5206 metromnes.
1027 5133 1202 5206 Editi,
1235 5129 1286 5185 οἳ
1320 5131 1701 5206 ὀνομάζονται.

287 5276 311 5328 t
358 5203 437 5328 (fta)
471 5204 648 5269 Editi,
682 5206 717 5273 ἡ
745 5203 866 5278 περὶ
906 5207 1003 5258 τοῦ
1055 5203 1286 5276 κόσμου.
1320 5210 1394 5260 At
1424 5203 1584 5262 'mss.
1619 5212 1683 5262 ut
1712 5205 1772 5260 in
1803 5221 1946 5261 con-

316 5289 383 5328 ex
418 5291 474 5328 u.

316 5280 474 5330 extu.

361 5347 437 5416 (6)
467 5345 751 5403 Voculam
793 5343 884 5401 καί
914 5363 982 5402 ex
1012 5345 1316 5402 codicibus
1364 5347 1668 5404 nonnullis
1716 5346 1943 5403 addidi-

292 5431 448 5494 mus.
474 5418 686 5494 Statim
711 5419 849 5492 Reg.
869 5419 1164 5494 secundus
1193 5418 1296 5494 γάρ
1328 5439 1510 5492 φησιν.
1533 5420 1754 5476 Ibidem
1789 5419 1946 5475 idem

295 5490 499 5557 codex,
533 5487 652 5543 υῦαὶ
683 5487 1138 5553 τοῖξπλουσίοις.

363 5562 442 5634 (7)
474 5559 581 5616 Hic
610 5561 826 5634 legitur
869 5562 928 5617 in
977 5560 1283 5634 vetustiori
1312 5561 1737 5634 Combefisiano
1785 5567 1843 5617 et
1889 5561 1947 5616 in

300 5628 452 5706 aliia
491 5628 698 5706 tribue
713 5635 1031 5706 codicibus
1065 5649 1078 5688 :
1120 5632 1341 5706 Ὅρασις
1374 5628 1651 5706 Δδξμνὶεἰο
1702 5641 1898 5706 quarta
1924 5650 1947 5706 _:

301 5651 431 5687 auls
491 5651 686 5690 U'lDUS
731 5651 1078 5690 coaicinus:
1123 5651 1341 5706 ’Upucte
1394 5651 1458 5700 ο,
1510 5651 1651 5690 γυιο
1737 5651 1898 5689 uaria
1928 5651 1947 5687 .-

301 5703 458 5776 apud
509 5702 832 5762 Eusebium
879 5721 1014 5763 vero
1063 5707 1121 5761 et
1165 5705 1323 5778 apud
1371 5703 1510 5762 LXX
1544 5721 1557 5761 :
1587 5704 1658 5758 Τὸ
1702 5651 1860 5780 Ξῆμα
1885 5703 1949 5757 τὸ

2051 4916 2188 4972 κατὰ
2214 4921 2314 4987 τῆς
2343 4911 2707 4980 Μωαϐίτιδος
2746 4918 2975 4976 Verbum
3002 4924 3193 4977 contra
3222 4921 3589 4980 Moabitidem.

2125 4991 2200 5130 (8)
2229 4991 2420 5046 Codex
2449 5007 2624 5046 unus.
2658 4991 2831 5047 Ἔστι.

2125 5063 2179 5128 (9
2233 5062 2543 5118 Recentior
2573 5062 2825 5130 CAombeti

2122 5061 2200 5128 (9)
2233 5062 2543 5118 Recentior
2573 5061 2905 5128 Crombeﬁsii
2948 5063 3127 5118 codex
3156 5067 3214 5118 et
3241 5063 3358 5119 duo
3407 5064 3506 5120 alii
3555 5082 3701 5123 mss.

2054 5127 2192 5188 cum
2237 5134 2429 5198 editis,
2482 5127 2780 5202 σύμϐολον.
2816 5133 2978 5189 Unde
3024 5135 3334 5204 interpres,
3369 5137 3704 5194 idololatriae

2052 5204 2383 5276 symbolum.
2417 5205 2579 5276 Alter
2627 5205 2958 5262 Combeﬁsii
3010 5208 3190 5262 codex
3218 5214 3274 5261 et
3303 5208 3462 5264 Colb.
3494 5226 3704 5264 secun-

2054 5269 2189 5350 d'us,
2221 5269 2558 5347 σύμϐουλον,
2590 5277 2929 5333 idololatria
2958 5294 3258 5348 suasorem,
3279 5288 3574 5349 auctorem,
3607 5297 3707 5350 op-

2053 5349 2218 5403 time.

2129 5420 2234 5491 (10)
2293 5419 2494 5491 Codex_
2543 5435 2695 5491 unus
2753 5435 2885 5491 cum
2960 5424 3206 5491 utroque
3245 5418 3556 5491 pombef.,
3609 5418 3698 5471 καὶ

2058 5485 2305 5543 ἐκάλεσεν
2348 5489 2544 5552 αὑτοὺς
2583 5489 2670 5544 ἰπὶ
2713 5489 2919 5552 θυσίαις
2967 5493 3075 5543 τῶν
3112 5485 3378 5545 ἐἰδώλων
3436 5488 3620 5559 αὐτοῦ,
3652 5497 3706 5547 ιι

2057 5565 2264 5619 vocavit
2293 5579 2381 5618 eos
2412 5563 2482 5618 ad
2507 5562 2787 5632 sacriﬁcia
2814 5559 3090 5618 idolorum
3117 5578 3369 5619 suorum.

2129 5635 2370 5706 (11λ8ὶοΔ
2394 5639 2637 5706 uterque
2659 5635 2914 5688 Combef.
2940 5649 3073 5706 cum
3105 5633 3236 5690 aliis
3266 5633 3458 5689 tribus
3488 5632 3702 5690 codici-

2059 5697 2189 5763 bu‘s.
2221 5697 2398 5778 Editi,
2429 5697 2892 5781 ἰξευγενιζομένης
2921 5697 3077 5779 πρός.
