4074 6222
441 313 553 375 631
1383 310 1775 374 APPENDIX
1823 312 2146 374 OPERUM
2192 314 2260 375 S.
2304 313 2585 376 BASILII
2631 312 2905 375 MAGNI.
3702 315 3806 377 632

512 444 640 501 293.
697 443 873 501 Vsus.
931 443 984 500 4.
1041 444 1215 502 Noctu
1274 445 1480 517 peribit
1549 446 1796 501 Moabitis
1851 462 1870 501 :
1927 449 2144 513 noctu;

2279 444 2406 501 293.
2485 444 2692 506 Νυκτὸς
2778 443 3064 499 ἀπολεῖται
3147 445 3182 512 ἠ
3263 436 3562 504 Μωαϐῖτις·
3640 445 3808 509 νυκτὸς

445 535 596 593 enim
623 534 827 606 peribit
854 549 1048 588 murus
1074 533 1571 598 Moabitidis.0uod
1605 538 1781 590 noctu
1816 535 2111 607 irrogatur

2259 532 2321 609 ἄρ
2381 532 2666 589 ἀπολεῖται
2720 533 2783 588 τὸ
2837 537 3024 608 τεῖχος
3068 537 3169 600 τῆς
3229 525 3586 594 Μωαϐίτιδος.
3639 537 3817 609 Πεκρο-

456 622 1004 695 supplicium,solet
1030 639 1157 679 esse
1189 622 1479 679 acerbius.
1522 623 1665 679 Nam
1697 639 1828 679 cum
1862 624 2113 696 cuipiam

2253 619 2346 697 ἔρα
2393 625 2427 691 ἡ
2487 621 2712 685 κόλασις
2767 624 2801 690 ἡ
2833 619 2885 676 έν
2913 621 3064 676 νυκτὶ
3094 621 3504 696 προσαγομένη.
3534 622 3591 678 Ὁ
3618 622 3703 694 μὲν
3729 625 3815 698 γὰρ

452 711 676 784 aliquid
699 711 913 768 accidit
938 712 1165 768 adversi
1189 711 1574 780 interdiu,lux
1597 713 1725 785 ipsa
1755 729 1957 769 eorum
1983 730 2110 785 quas

2252 732 2272 764 ν
2305 710 2485 786 ἡμέρᾳ
2541 713 2770 787 πάσχων
2802 732 2854 766 τι
2880 715 2989 766 τῶο
3021 715 3436 784 περιστατικῶν,
3491 711 3614 765 αὐτὸ
3638 713 3695 765 τὸ
3722 717 3816 785 φῶς

454 800 606 856 ﬁunt
635 799 911 856 solatium
944 805 1035 856 est
1063 805 1121 856 et
1152 801 1416 856 lavamen
1451 818 1463 856 :
1499 817 1616 856 nux
1669 819 1802 858 vero
1832 801 1918 858 vel
1952 819 2019 857 ex
2051 817 2114 858 se

2252 819 2340 874 χει
2370 799 2712 875 παραμυθίαν
2744 803 2850 854 τῶν
2900 799 3220 872 γινομένων⁶
3268 800 3302 866 ἡ
3355 794 3411 852 δὲ
3457 797 3544 869 νὺξ
3594 797 3676 852 καὶ
3725 801 3818 852 καθ’

454 889 588 962 ipsa
618 893 707 944 est
737 889 1018 960 quiddam
1052 889 1222 944 triste
1253 895 1309 944 et
1340 890 1803 957 tetricum.0uod
1838 891 1885 946 si
1907 907 2116 946 aerum-

2255 889 2416 956 αυτὴν
2484 891 2597 962 (12)
2667 887 2982 963 σκυθρωπόν
3059 908 3108 941 τι
3185 892 3430 961 πρᾶγμα·
3505 883 3587 939 έὰν
3652 883 3704 940 δὶ
3749 887 3820 941 καὶ

457 995 564 1034 nas
599 983 655 1032 et
706 977 1073 1038 calamitates
1123 979 1434 1049 aidjunctas
1485 980 1717 1048 habeat,
1767 981 2025 1036 dolorem
2059 985 2116 1036 et

2252 977 2364 1048 ιάΘη
2419 971 2702 1054 προσλάϐῃ
2731 976 2820 1030 καὶ
2855 976 3156 1054 συμφορὰς,
3202 973 3420 1043 πολλὴν
3450 980 3593 1028 ποιεῖ
3618 979 3713 1028 τῶν
3745 973 3822 1030 ἀλ-

457 1067 790 1122 molestiam
823 1082 936 1122 non
967 1082 1173 1138 parum
1213 1068 1540 1140 auget.Tibi
1573 1068 1757 1140 igitur
1785 1068 1958 1126 velim
1984 1068 2113 1124 ani-

2252 1070 2414 1121 ἐινῶν
2445 1067 2543 1135 τήν
2579 1062 2840 1121 ἐπίδοσιν.
2896 1063 3114 1135 Νόησον
3167 1060 3258 1118 οῦν
3291 1083 3383 1136 μοι
3415 1063 3710 1138 νυκτερινὴν
3752 1059 3824 1139 ἔφ-

457 1173 551 1212 mo
575 1155 763 1226 fingas
787 1163 1134 1211 nocturnam
1156 1155 1412 1212 hostium
1438 1157 1912 1229 irruptionem,et
1934 1156 2116 1230 inopi-

2252 1153 2348 1210 Bov
2380 1153 2688 1228 πολεμίων,
2716 1150 3126 1229 ἀπροσδόκητον
3176 1149 3546 1226 καταδρομὴν,
3593 1155 3823 1225 γυναικῶν

458 1261 594 1301 nam
626 1244 1049 1313 incursionem,
1083 1245 1397 1302 mulierum
1432 1263 1497 1302 ac
1525 1246 1846 1303 liberorum
1873 1247 2117 1303 servitu-

2252 1244 2315 1300 Lai
2357 1241 2564 1299 παίδων
2609 1240 3128 1319 έξανδραποδισμὸν,
3188 1239 3493 1316 χρημάτων
3538 1237 3827 1316 διαρπαγὴν,

461 1337 790 1404 tem,0pum
811 1332 1446 1404 direptionem,csedem
1470 1335 1801 1407 eorum,qui
1821 1335 1878 1390 in
1903 1351 2116 1391 manus

2252 1333 2387 1388 ›όνον
2433 1337 2542 1388 τῶν
2593 1332 2669 1394 είς
2717 1337 2909 1408 χεῖρας
2951 1330 3381 1408 ἀφικνουμένων,
3433 1327 3642 1404 τείχους
3691 1349 3828 1383 κατα.

459 1421 721 1476 hostium
753 1422 1038 1493 venerint,
1074 1423 1353 1478 mcenium
1387 1424 2116 1494 eversionem,incendium

2252 1423 2491 1501 ττροφὴν,
2546 1420 2871 1500 ἐμπρησμὸν
2913 1419 3146 1481 πόλεως.
3200 1419 3407 1481 Νυκτὸς
3462 1417 3549 1473 οὖν
3581 1416 3826 1474 ἀπολεῖται

462 1509 735 1566 civitatis.
766 1515 929 1566 noctu
960 1511 1140 1582 igitur
1165 1513 1366 1584 peribit
1394 1529 1587 1569 murus
1615 1514 1940 1570 Moabitidis.
1971 1513 2116 1569 Nam

2252 1513 2288 1567 τὸ
2333 1517 2522 1587 τεῖχος
2549 1517 2650 1580 τῆς
2677 1505 3045 1571 Μωαϐίτιδος.
3075 1514 3184 1578 Τῆς
3215 1509 3319 1584 γὰρ
3349 1511 3460 1562 τῶν
3488 1511 3675 1582 τειχῶν
3704 1525 3821 1579 περι.

467 1599 752 1654 mcenium
785 1599 1009 1655 ambitu
1054 1605 1302 1668 vastato,
1355 1602 1685 1658 necessario
1733 1603 1908 1659 etiam
1941 1601 2121 1658 simul

2252 1596 2408 1671 ἲολῆς
2439 1600 2830 1678 ἐρημωθέντες,
2864 1596 3166 1673 ἀναγκαίως
3211 1598 3302 1652 καὶ
3335 1597 3387 1651 οἱ
3416 1596 3513 1664 τὴν
3543 1595 3628 1650 ἀπ’
3679 1593 3823 1650 αὐτῶν

467 1688 842 1760 disperibunt
871 1692 970 1760 qui
1005 1688 1118 1744 sibi
1151 1689 1209 1744 in
1244 1689 1388 1762 ipsis
1410 1693 1816 1762 proponebant
1847 1691 2123 1748 securita-

2252 1689 2520 1767 ισφάλειαν
2572 1683 3022 1767 προϐαλλόμενοί
3087 1685 3542 1742 συναπολοῦθται.
3593 1685 3820 1739 Amisiae:

468 1782 609 1832 tem.
641 1782 818 1835 Vens.
850 1779 904 1834 2.
939 1779 1121 1834 Dolete
1151 1779 1352 1851 igitur,
1384 1780 1664 1852 inquit,in
1691 1783 2119 1854 vobismetipsis:

2252 1780 2323 1834 νῦν
2372 1781 2483 1852 (13)
2541 1777 2621 1846 ἐφ’
2653 1779 2884 1846 ἑαυτοῖς,
2917 1776 3102 1855 φησίν·
3137 1773 3424 1830 ἀπολεῖται
3476 1774 3577 1850 γὰρ
3613 1772 3696 1826 καὶ
3722 1778 3831 1842 Δεη-

465 1866 673 1940 peribit
701 1868 849 1922 enim
890 1876 944 1923 et
971 1868 1202 1937 Deebon,
1233 1870 1334 1924 ubi
1387 1874 1468 1925 est
1497 1887 1597 1926 ara
1656 1881 1837 1926 vestra
1867 1890 1885 1925 :
1917 1872 2014 1926 illo
2043 1886 2126 1925 as-

472 1956 719 2012 cendetis
773 1957 844 2012 ad
895 1957 1244 2029 plorandum.
1318 1959 1494 2015 Dolete
1567 1963 1632 2016 in
1709 1961 2136 2032 vobismotipsis.

477 2045 692 2101 Beatus
722 2050 810 2101 est
840 2045 1076 2115 quidem
1101 2047 1373 2120 quisquis
1405 2048 1662 2104 animam
1686 2067 1892 2121 puram
1927 2066 2128 2106 conse-

480 2138 676 2206 cutus,
707 2132 930 2191 nullam
963 2152 1090 2207 qua;
1121 2135 1234 2192 sibi
1266 2137 1503 2209 propria
1533 2137 1816 2205 sit,habet
1847 2137 2130 2194 mmrendi

482 2223 790 2279 materiam
823 2239 835 2278 :
870 2225 971 2280 sed
1004 2224 1281 2295 quoniam
1311 2225 1566 2282 cbaritas
1599 2243 1713 2282 non
1771 2228 1976 2299 quaerit
2005 2243 2133 2299 quas

484 2330 593 2371 sua
623 2313 864 2382 sunt”;
898 2312 1130 2370 dolente
1161 2315 1445 2383 membro,
1479 2315 1638 2371 dolet
1667 2315 1848 2371 simul
1893 2320 1948 2372 et
1988 2317 2133 2387 ipse,

489 2400 786 2473 simulque
836 2402 1139 2474 afﬂigitur,
1173 2407 1230 2458 et
1286 2403 1385 2459 ﬂet
1436 2420 1567 2459 cum
1625 2405 1921 2471 ﬂentibus,
1965 2406 2138 2476 juxta

487 2490 832 2562 Apostolum
890 2492 953 2562 9‘,
988 2493 1174 2547 multo
1232 2491 1333 2564 qui
1381 2498 1514 2548 ante
1583 2498 1982 2564 peccaverant,
2033 2509 2139 2548 nec

493 2583 734 2652 egerant
781 2579 1180 2649 paenitentiam
1233 2579 1550 2653 lugentem.
1602 2581 1708 2647 Qui
1760 2599 1966 2638 rursus
2013 2581 2135 2637 ait:

495 2669 743 2723 Tristitia
771 2667 916 2722 mihi
943 2685 1150 2740 magna
1179 2673 1340 2736 est,et
1359 2673 1655 2726 continuus
1673 2670 1834 2726 dolor
1847 2671 2003 2726 cordi
2022 2685 2139 2726 meo

483 2771 586 2828 pro
612 2757 882 2827 fratribus
905 2757 1062 2825 meis,
1122 2759 1219 2829 qui
1245 2763 1376 2813 sunt
1403 2761 1626 2828 cognati
1679 2760 1789 2814 mei
1841 2759 2140 2815 secundum

483 2861 708 2901 carnem
737 2845 800 2901 9‘.
835 2846 997 2912 Quod
1029 2846 1077 2902 si
1111 2846 1406 2918 quispiam
1438 2865 1554 2903 non
1587 2851 1675 2904 est
1705 2847 2137 2919 ejusmodi,sed

482 2933 543 2990 in
573 2935 699 2991 suis
739 2933 1042 2992 volutatur
1071 2935 1345 3008 peccatis,
1405 2936 1501 2992 hic
1557 2938 1775 2993 suimet
1831 2953 2008 2992 causa
2065 2936 2142 2992 sit

482 3028 750 3092 mmstus,
775 3030 841 3080 ut
858 3024 960 3096 qui
979 3025 1051 3080 ab
1075 3026 1242 3082 hoste
1264 3026 1331 3081 ad
1343 3042 1543 3082 versus
1566 3043 1739 3098 quem
1765 3032 1856 3083 est
1876 3026 2136 3094 luctatio,

479 3113 670 3169 victus
701 3114 877 3186 fuerit
907 3117 965 3169 et
996 3120 1332 3186 sUperatus.
1364 3115 1553 3186 Hujus
1606 3115 1846 3171 tristilia
1876 3114 2137 3169 laetitiam

2237 1863 2372 1937 6ὼν,
2409 1869 2491 1922 ὀύ
2544 1869 2572 1922 ὁ
2621 1867 2810 1944 βωμὸς
2873 1867 3048 1938 ὑμῶν·
3097 1863 3208 1919 ἐκεῖ
3265 1857 3589 1932 ἀναϐήσεσθε
3638 1859 3835 1916 κλαίειν.

2238 1962 2503 2020 Λυπεῖσθε
2584 1955 2664 2030 ἐφ’
2732 1955 2961 2017 ἑαυτοῖς.
3015 1953 3296 2027 Μακάριος
3379 1951 3476 2024 μὲν
3531 1951 3666 2011 ὅστις
3711 1959 3839 2012 καθα-

2241 2047 2337 2122 ρὰν
2393 2043 2536 2122 ἔχων
2587 2046 2684 2113 τὴν
2744 2044 2929 2119 ψυχὴν
2959 2042 3172 2111 ἑαυτοῦ,
3235 2041 3310 2114 μὴ
3373 2038 3488 2115 ἔχει
3545 2037 3839 2112 (44)οἷκείαν

2243 2135 2490 2199 ὑπόθεσιν
2525 2132 2724 2204 λύπηςο
2760 2129 2850 2186 διὰ
2879 2128 2936 2186 δὲ
2966 2131 3028 2186 τὸ
3058 2131 3157 2200 τὴν
3208 2128 3426 2204 ἀγάπην
3482 2128 3558 2201 μὴ
3597 2132 3751 2196 ζητεῖν
3791 2126 3840 2178 τὸ

2243 2225 2463 2294 ἑαυτῆς,
2512 2223 2824 2297 πάσχοντος
2879 2217 3098 2293 μέλους,
3161 2219 3506 2292 συμπάσχων
3562 2217 3646 2270 καὶ
3691 2211 3840 2281 αὒτὸς,

2243 2313 2332 2368 καὶ
2364 2311 2837 2384 συλλυπούμενος,
2864 2309 2953 2363 καὶ
2984 2305 3188 2362 κλαίων
3226 2306 3360 2380 μετὰ
3386 2304 3696 2374 κλαιόντων,
3736 2303 3845 2358 κατὰ

2244 2403 2337 2457 τὸν
2384 2397 2742 2456 Ἀπόστολον.
2795 2399 2884 2453 τὸν
2943 2400 3236 2461 πενθοῦντα
3290 2393 3540 2456 πολλοὺς
3587 2398 3682 2448 τῶν
3735 2411 3846 2467 προ-

2247 2491 2673 2567 ημαρτηκότων,
2729 2486 2820 2542 καὶ
2857 2487 2933 2560 μὴ
2968 2483 3441 2559 μετανοησάντων.
3485 2484 3582 2546 "Oc
3607 2479 3751 2535 πάλιν
3777 2477 3845 2534 λέο

2245 2599 2347 2657 γειο
2407 2581 2529 2637 ’Ότι
2594 2575 2742 2648 λύπη
2803 2575 2895 2650 μοί
2952 2573 3061 2630 έστι
3119 2570 3357 2648 μεγάλη,
3403 2571 3493 2627 καὶ
3547 2567 3847 2627 ἀδιάλειπτος

2248 2666 2413 2738 ὀδύνη
2444 2670 2513 2734 τῇ
2555 2663 2752 2741 καρδίᾳ
2802 2686 2907 2738 μου
2958 2662 3090 2737 ὑπὶρ
3137 2666 3245 2717 τῶν
3292 2658 3544 2736 ἀδελφῶν
3599 2681 3714 2732 μου,
3759 2661 3842 2710 τῶν

2248 2761 2512 2832 συγγενῶν
2575 2776 2701 2828 μου,
2733 2756 2844 2827 (45)
2895 2753 3032 2808 κατᾶ
3083 2752 3273 2827 σάρκα.
3328 2750 3391 2807 Et
3451 2747 3506 2804 δέ
3556 2768 3633 2809 τις
3663 2747 3728 2820 μὴ
3754 2765 3844 2798 τοι·

2248 2848 2404 2908 οῦτός
2432 2845 2593 2916 ἔστιν,
2625 2843 2772 2899 ἀλλὰ
2797 2847 2916 2904 ταῖς
2950 2837 3109 2902 ίδίαις
3137 2838 3428 2913 ἁμαρτίαις
3476 2832 3844 2914 έγκαλινδεῖται.

2249 2937 2406 2999 οὗτος
2465 2933 2546 3011 ἐφ’
2618 2931 2791 3005 ἑαυτῷ
2857 2927 3173 2997 λυπείσθω,
3253 2926 3546 3002 νικωμένῳ
3621 2924 3713 3011 ὑπὸ
3770 2924 3847 3011 τοῦ

2250 3024 2474 3101 έχθροῦ,
2501 3008 2636 3099 πρὸς
2666 3017 2722 3075 ὅν
2757 3020 2896 3075 ἐστιν
2926 3020 2962 3089 ἡ
2997 3017 3239 3088 πάλη.Ή
3266 3015 3467 3072 τούτου
3497 3008 3849 3101 λύπηγεύφραί-

2357 3095 2447 3167 τὸν
2478 3095 2595 3172 τοῗς
2629 3107 3036 3169 διδασκαλικῶς
3062 3104 3254 3181 λόγοις
3303 3103 3561 3181 ένάγοντα
3606 3100 3748 3156 αὐτὸν
3792 3095 3852 3155 εἷς

486 3201 641 3272 parit
669 3201 721 3255 ci
753 3202 853 3273 qui
877 3185 1382 3274 ipsumidoctrinae
1408 3185 1599 3259 verbis
1621 3205 1688 3259 ad
1715 3203 2136 3274 conscientiam

2252 3201 2620 3271 συναίσθησιν.
2650 3205 2738 3262 Ὡς
2765 3197 2867 3272 γὰρ
2899 3195 2966 3251 τὰ
3012 3194 3234 3250 καίοντα
3271 3193 3363 3248 καὶ
3414 3189 3705 3260 κολάζοντα
3744 3185 3853 3274 φάρ·

487 3291 1248 3353 rsvooat.0uemadmodum
1281 3292 1436 3347 enim
1468 3293 1786 3364 pharmace.
1809 3309 1936 3364 qua:
1961 3297 2142 3348 urunt

488 3382 547 3434 et
576 3377 860 3446 cruciant,
893 3377 1498 3451 ulcera,fmtoremque
1529 3399 1597 3437 ex
1631 3397 1772 3454 pure
1803 3383 2141 3453 eti‘usum,et

485 3463 732 3521 vulnera
759 3471 1036 3537 corrupta
1059 3471 1420 3539 exstergunt,
1475 3483 1837 3541 corporaque
1887 3470 2142 3525 reddunt

490 3553 681 3625 magis
710 3553 921 3610 idonea
941 3555 1011 3610 ad
1026 3571 1154 3611 eam
1173 3572 1298 3628 quae
1319 3572 1423 3611 suo
1441 3555 1566 3612 loco
1600 3557 1663 3612 fit
1684 3557 2098 3614 obductionem
2125 3577 2137 3614 :

489 3645 646 3700 haud
671 3643 1020 3700 dissimilem
1039 3663 1279 3702 sensum
1303 3645 1518 3702 habere
1543 3647 1688 3703 mihi
1727 3649 2138 3717 videturillud,

490 3734 672 3788 Dolete
692 3733 1173 3806 invobismetipsis
1191 3753 1202 3790 :
1220 3753 1253 3807 q
1265 3737 1375 3791 uod
1391 3736 1603 3792 dicitur
1627 3739 1905 3794 adversus
1918 3739 2142 3810 eos,qui

490 3821 790 3894 sapientis:
846 3822 1102 3895 alicujus
1139 3825 1375 3881 nomine
1409 3825 1755 3898 gloriantur,
1811 3827 2142 3901 cujusmodi

489 3916 629 3967 sunt
659 3910 980 3968 haereseum
1015 3913 1311 3985 presides,
1335 3920 1510 3971 noctu
1544 3921 1854 3989 pereuntes
1888 3917 2145 3990 :quippe

487 4000 681 4059 Omnis
721 4001 822 4073 qui
865 4000 1018 4056 mala
1065 4003 1205 4072 agit,
1257 4005 1372 4059 odit
1421 4003 1618 4060 lucem.
1669 4015 1720 4062 et
1763 4022 1870 4061 non
1899 4008 2047 4061 venit
2075 4004 2145 4060 ad

489 4088 666 4145 lucem
694 4089 758 4145 ’9.
791 4089 862 4148 Et
887 4089 1166 4161 quoniam
1199 4091 1300 4163 qui
1331 4092 1390 4146 in
1418 4098 1585 4148 nocte
1614 4100 1940 4163 versantur,
1975 4097 2145 4149 nocte

489 4177 790 4249 peribunt,
822 4182 998 4234 noctu
1032 4179 1210 4235 etiam
1243 4180 1456 4236 excidit
1485 4183 1638 4239 802
1671 4199 1874 4239 eorum
1907 4199 2144 4252 murus;

489 4265 600 4323 hoc
630 4270 738 4333 est,
771 4265 1094 4337 scpbistica
1127 4268 1739 4340 munimenta,quibus
1768 4271 2146 4326 subsidentes

492 4370 770 4426 magnam
801 4356 1113 4426 quamdam
1149 4359 1524 4414 securitatem
1575 4376 1644 4414 ex
1691 4359 1786 4416 his
1834 4360 2147 4416 obtendere

490 4443 857 4501 videbantur.
891 4442 1204 4501 Dialectica
1233 4447 1388 4502 enim
1417 4447 1597 4502 veluti
1629 4465 1834 4504 murus
1865 4453 2061 4504 tuetur
2081 4465 2147 4505 ac

2252 3312 2395 3366 μακα
2441 3285 2881 3363 ἀνακαθαίρειτὰ
2925 3283 3088 3355 ἓλκη,
3125 3282 3215 3338 καὶ
3271 3283 3373 3352 τὴν
3437 3281 3540 3335 ἀπὸ
3584 3283 3681 3332 τῶν
3729 3273 3851 3330 πύων

2251 3365 2537 3448 δυσωδίαν,
2587 3377 2678 3432 καὶ
2727 3375 2793 3430 τὰ
2824 3371 3184 3451 διεφθαρμένα
3232 3369 3540 3446 τραύματα,
3586 3367 3670 3423 καὶ
3698 3365 3854 3436 σώμα-

2247 3491 2315 3526 τα
2345 3462 2752 3540 ἐπιτηδειότερα
2781 3469 2930 3518 ποιεῖ
2959 3463 3094 3538 πρὸς
3121 3461 3222 3530 τήν
3270 3459 3409 3514 κατᾶ
3431 3457 3595 3514 τόπον
3633 3457 3734 3529 (16)
3761 3471 3855 3504 suv-

2251 3556 2508 3614 ούλωσιν·
2536 3559 2784 3612 τοιοῦτον
2818 3548 2963 3629 ἔχειν
3003 3571 3095 3624 μοι
3145 3547 3294 3604 δοκεῖ
3333 3551 3458 3603 νοῦν
3502 3547 3584 3619 τὸ,
3629 3546 3854 3602 Λυπεῑσθε

2253 3648 2331 3722 ἔφ’
2388 3647 2623 3716 ἑαυτοῖς,
2673 3641 2966 3718 λεγόμενον
3015 3639 3150 3713 πρὸς
3194 3636 3322 3700 τοὺς
3365 3635 3506 3711 μέγα
3562 3635 3854 3709 φρονοῦντας

2253 3737 2339 3792 έπί
2381 3757 2485 3791 τινι
2538 3733 2718 3812 σοφίᾳ,
2765 3729 2947 3786 ὁποῖοί
3003 3726 3138 3783 εἷ’σιν
3195 3727 3245 3781 οἱ
3302 3730 3411 3812 τῶν
3471 3724 3715 3812 αἱρέσεων
3740 3737 3852 3812 προ·

2253 3830 2497 3892 εστῶτες,
2549 3809 2625 3878 οἷ’
2657 3819 2848 3883 νυκτὸς
2878 3813 3276 3889 ἀπολλύμενοι,
3308 3811 3450 3868 διότι
3486 3815 3595 3875 Πᾶς
3622 3812 3648 3865 ὁ
3667 3809 3725 3864 τά
3751 3809 3855 3883 φαῦο

2253 3914 2324 3972 λα
2369 3914 2646 3989 πράσσων,
2711 3913 2858 3982 μισεῖ
2906 3906 2969 3961 τὸ
3011 3908 3147 3983 φῶς,
3194 3902 3284 3957 καὶ
3333 3902 3440 3957 οὖκ
3486 3898 3694 3975 ἔρχεται
3724 3893 3854 3989 ⁸πρὸς

2249 4006 2312 4060 τὸ
2341 3982 2474 4079 φῶς.
2517 3999 2620 4058 Καὶ
2653 3995 2840 4066 ἐπειδὴ
2875 3997 2926 4051 έν
2957 3982 3109 4049 νυκτὶ
3160 3988 3330 4079 ὅντες,
3380 3990 3572 4051 νυκτὸς
3625 3982 3856 4079 ἀπολοῦνῖ

2251 4067 2364 4162 ται,
2420 4089 2613 4152 νυκτὸς
2641 4088 2818 4143 αὐτῶν
2850 4084 2940 4140 καὶ
2969 4083 3032 4138 τὸ
3055 4087 3242 4157 τεῖχος
3271 4077 3482 4136 πίπτει·
3511 4074 3757 4162 τουτέστι,
3805 4067 3858 4122 τὲ

2255 4159 2543 4261 σοφιστικᾶ
2624 4175 2980 4253 ὀχυρώματα,
3057 4173 3142 4233 οἷς
3213 4171 3622 4241 ὑποκαθήμενοι
3673 4159 3857 4261 ἐδόκουν

2254 4247 2441 4340 ἱκανὴν
2480 4269 2578 4338 τὴν
2626 4247 2743 4320 ἀπ’-
2774 4247 2950 4318 αδτῶν
3005 4255 3296 4338 ἀσφάλειαν
3351 4251 3767 4332 προϐεϐλῆσθαι.
3810 4247 3859 4340 ’.Η

2255 4360 2358 4436 γὰρ
2391 4334 2707 4422 διαλεκτική
2764 4352 2860 4415 τὰς
2912 4334 3142 4425 αἱρέσεις
3196 4353 3296 4415 τῆς
3346 4342 3702 4436 ψευδωνύμου
3740 4334 3860 4436 γνώ-

2257 4421 2415 4515 ἀεως,
2449 4443 2629 4519 ὥσπερ
2659 4447 2868 4516 τεῖχος,
2910 4421 3180 4512 συντηρεϊ
3230 4437 3295 4504 ἧς
3345 4430 3717 4519 διαπεσούσης,
3761 4421 3860 4519 ὅλος

493 4535 685 4590 servat
701 4531 952 4593 hereses
970 4531 1116 4589 falsa
1131 4535 1377 4590 scientia
1397 4535 1651 4607 innixae;
1670 4554 1786 4610 qua
1801 4537 2144 4606 oollabente,

2257 4509 2438 4604 λύζειν
2492 4509 2690 4607 ἀνάγκη
2909 4509 3239 4587 ἑαλωκότας.
3316 4521 3604 4589 Λυπεὶσθε,
3660 4513 3741 4572 οῦν
3796 4509 3859 4585 ἐφ’

494 4619 724 4680 ululent
751 4635 990 4679 necesse
1019 4622 1236 4694 est,qui
1266 4625 1421 4696 capti
1452 4626 1688 4682 fuerunt
1715 4643 1780 4682 ac
1810 4627 2144 4700 expugnati.

493 4710 684 4770 Dolet:
711 4709 890 4783 igitur
919 4711 977 4767 in
1005 4712 1420 4786 nobismetipsis,
1455 4731 1588 4771 cum
1616 4715 1912 4788 perierint.

565 4902 608 4940 9°
637 4902 664 4959 Ῑ
693 4904 819 4958 Cor.
845 4915 974 4972 xm,
1001 4900 1057 4956 5.
1136 4898 1180 4935 ³⁷
1211 4900 1379 4954 Rom.
1411 4913 1514 4967 xu,
1549 4897 1639 4968 15,
1715 4898 1760 4934 θ’
1789 4898 1957 4955 Rom.
1993 4916 2071 4971 ιι,
2100 4898 2156 4967 2,
2187 4897 2244 4954 3.

569 5081 678 5156 (12)
709 5082 902 5156 godex
952 5097 1129 5156 unus,
1158 5077 1537 5156 καθξλέαυτήν-
1563 5077 1681 5156 μέν.
1710 5078 1838 5156 Mox
1889 5079 2150 5156 quinque

493 5146 672 5231 φέρε,
701 5153 966 5231 ἀλγεινῶν
1025 5146 1125 5219 τὴν
1183 5146 1446 5231 έπίδοσιν.
1499 5146 1852 5231 Ειξὶιί,“τὴν“
1885 5146 2150 5231 ἐπίτασιν.

495 5220 758 5300 Subinde
787 5220 1052 5300 'quatuor
1103 5240 1267 5289 mss.,
1299 5220 1495 5291 νόησον
1533 5221 1644 5277 οὖν.
1681 5223 1896 5281 Vocula
1947 5222 2037 5277 οὖν
2088 5223 2151 5279 in

497 5298 752 5370 vulgatis
783 5298 1167 5356 desideratur.

572 5363 688 5444 (I3)
719 5370 981 5444 Illorum,
1015 5365 1278 5422 Λυπεῖσθε
1307 5363 1426 5444 οὖν,
1459 5380 1527 5420 ea
1561 5369 1652 5422 est
1683 5365 1972 5444 sententia
1989 5365 2152 5444 λιιι-

503 5435 636 5522 gate
666 5435 783 5522 iam
811 5443 884 5522 ob
912 5435 1109 5522 vestra
1151 5441 1408 5522 peccata,
1441 5452 1619 5522 quam
1651 5438 1723 5522 ob
1756 5437 1966 5522 aliena,
1989 5435 2152 5520 Unde

506 5505 808 5585 aliquanto
856 5515 1011 5572 inira
1057 5505 1272 5585 dicitur
1304 5527 1318 5567 :
1345 5505 1616 5585 ᾼυτξεζσβε
1655 5508 1743 5585 οὖν
1789 5505 1870 5585 έφ⁹
1903 5505 2149 5585 ἑαυτοῖς,

507 5579 728 5660 ἐπείπερ
760 5585 1071 5642 ἀπώλοντο.
1103 5584 1291 5641 Dolete
1331 5581 1392 5636 in
1440 5579 1840 5654 vobismetipsis'
1862 5580 1926 5637 ob
1956 5581 2152 5636 interi-

511 5663 631 5712 tum
657 5673 866 5716 eorum.

2257 4624 2488 4693 έαυτοῖς,
2545 4617 2766 4695 έπείπερ
2797 4614 3106 4672 ἀπώλοντο.

2346 4895 2391 4933 ⁹⁰
2419 4894 2590 4952 Joau.
2624 4907 2709 4959 ιιι,
2739 4889 2832 4942 20.

2357 5075 2444 5146 14)
2475 5069 2718 5146 Antiqui
2747 5073 2868 5146 tres
2897 5061 3167 5146 Ιὶὺιεὶημὴ
3201 5081 3325 5138 εχῃ.
3514 5133 3543 5145 -

2357 5075 2422 5129 14
2475 5075 2718 5144 Antiqui
2747 5075 2868 5125 tres
2900 5075 3057 5131 libri,
3093 5075 3167 5134 μὴ
3201 5081 3325 5138 εχῃ.
3514 5133 3543 5145 -

2330 5075 2444 5273 ζ15ί
2474 5144 2625 5201 Editi
2680 5147 2742 5228 et
2799 5140 2938 5209 Reg.
3001 5135 3252 5262 primus,
3311 5151 3605 5207 συγγενῶν.
3651 5130 3872 5242 Uterqgg

2330 5240 2336 5271 ι
2367 5221 2444 5273 b..
2478 5234 2750 5273 συγγενων
2797 5230 2922 5273 μου.
2953 5212 3002 5263 Α
3029 5223 3070 5262 ιι
3123 5208 3239 5263 duo
3289 5223 3457 5272 mss.,
3493 5217 3753 5273 συγγενῶν
3783 5212 3818 5265 μ

2259 5207 2444 5290 Οοὶι).;
2478 5217 2750 5291 συγγενῶν
2797 5207 2922 5283 μουῖ
2953 5207 3070 5263 Alii
3123 5208 3239 5263 duo
3289 5223 3457 5272 mss.,
3493 5207 3753 5276 συγγενῶν
3783 5209 3870 5265 μου

2257 5309 2650 5444 τωᾶοῳβάὶιὶ,
2679 5355 2779 5424 τήν
2820 5349 2956 5444 κατά
2991 5345 3212 5433 τρόπον.
3243 5348 3316 5444 μ
3337 5350 3621 5444 luteam-1e:
3630 5328 3874 5444 ἒοιὲιὲγοξ.

2260 5406 2650 5489 θικῖιῖίὶἾιῙέἕ
2693 5406 2852 5483 mss.
2889 5428 2953 5479 ut
3010 5406 3071 5476 i'n
3129 5424 3421 5478 contextu.
3480 5406 3681 5489 Slatim
3728 5406 3871 5489 editi.

2352 5475 2646 5566 X55239;
2672 5475 3390 5578 t§"iiw3igtnt.'1i'ihsa.
3423 5493 3548 5547 tres
3576 5487 3658 5544 ita
3689 5484 3747 5538 ut
3770 5475 3872 5535 edi-

2259 5577 2478 5632 dimus.
