4074 6222
292 344 412 403 633

1099 347 1506 409 COMMENT.
1552 349 1629 408 IN
1677 347 1950 409 ISAIAM
1989 347 2502 409 PROPHETAM.
2547 347 2720 408 CAP.
2769 349 2898 409 XV.

3586 353 3707 415 634

359 473 490 530 294.
524 472 828 538 Ἀπωλείας
881 471 938 529 δὶ
989 472 1136 546 ἄξιον
1180 475 1272 531 καὶ
1299 477 1363 532 τὸ
1395 471 1614 548 Δεηῦὼν
1645 479 1781 550 (17),
1814 474 1940 540 ἔνθα

2122 479 2250 535 294.
2285 479 2516 535 Deebon
2548 495 2782 551 quoque
2833 484 2924 536 est
2974 479 3151 553 digna
3181 496 3308 553 qua;
3339 487 3570 554 pereat;
3605 486 3707 541 ubi

292 562 473 624 ὁναὸς
505 562 654 635 ὑμῶν
702 560 1058 637 ᾠκοδόμητο.
1105 567 1354 638 Νοοῦμεν
1401 567 1503 635 τήν
1555 560 1775 636 Δεηϐὼν
1809 612 1824 639 ,
1874 569 1942 639 τῇ

292 651 561 724 ἑρμηνείᾳ
591 652 979 728 προσέχοντες.
1004 653 1389 728 Ἑρμηνεύεται
1414 651 1471 708 δὲ
1501 656 1535 724 ἡ
1569 649 1787 725 Δεηϐὼν
1809 655 1944 728 (18),

291 738 445 814 ῥύσις
498 737 695 797 αὐτῶν.
729 743 930 816 Ὥσπερ
983 739 1074 796 οὖν
1107 743 1134 797 6
1181 750 1281 812 τῆς
1326 742 1585 814 ἀληθείας
1635 742 1799 819 λόγος
1847 744 1946 798 πά·

289 828 414 902 γιός
442 827 555 883 ἐστι
588 830 678 884 καὶ
711 827 944 906 ἑδραῖος,
992 831 1460 905 τεθεμελιωμένος
1505 833 1594 887 καὶ
1653 835 1726 906 μή
1787 853 1946 906 μετα-

290 916 638 990 κινούμενος·
700 919 849 974 καὶὸ
891 923 960 994 τῇ
1017 920 1193 975 πίστει
1252 920 1612 997 έρῥιζωμένΟς
1669 916 1948 996 παραϐάλ-

295 1004 450 1062 λεται
514 1006 786 1082 ἀνθρώπῳ
838 1006 1182 1082 θεμελιοῦντι
1232 1009 1319 1065 ἐπὶ
1354 1013 1454 1080 τὴν
1500 1012 1719 1084 πέτραν.
1759 1011 1853 1066 Καὶ
1885 1011 1947 1065 τὸ

297 1096 470 1168 μάννα
505 1093 563 1150 δὲ
591 1095 806 1171 λέγεται
839 1098 968 1153 εἶναι
1002 1100 1131 1154 ὡσεὶ
1177 1101 1348 1175 πάγος
1389 1107 1488 1170 τῆς
1538 1107 1642 1176 γῆς
1689 1103 1820 1174 (19),
1851 1104 1948 1154 τοῦ

296 1185 440 1249 θείου
474 1184 648 1261 λόγου
678 1187 740 1241 τὸ
773 1188 1019 1250 συνεστὸς
1049 1187 1136 1242 καὶ
1189 1186 1404 1244 εὔτονον
1466 1186 1556 1244 διὰ
1598 1196 1697 1258 τῆς
1738 1191 1949 1262 πήξεως

294 1271 776 1348 παραδηλοῦντος.
829 1275 988 1333 Οὕτω
1034 1277 1102 1332 τὰ
1157 1277 1368 1334 έναντία
1425 1276 1688 1353 δόγματα,
1747 1278 1836 1332 καὶ
1896 1279 1951 1331 αἱ

295 1365 598 1439 συνήγοροι
659 1365 836 1419 αὐτῶν
891 1367 1271 1438 πιθανότητες,
1332 1367 1524 1444 ῥευστὰ
1577 1369 1669 1422 καὶ
1725 1361 1952 1422 ἀϐέϐαια

294 1451 460 1520 ἔστιν,
517 1451 728 1508 ἱστάναι
773 1457 886 1529 (20)
945 1456 1020 1529 μὴ
1073 1452 1362 1529 δυνάμενα⁹
1414 1457 1503 1512 καὶ
1555 1458 1582 1512 6
1630 1458 1810 1532 πατὴρ
1854 1460 1952 1510 τοῦ

293 1538 529 1614 ψεύδους
561 1540 613 1595 ὲν
664 1546 733 1616 τῇ
782 1542 1014 1615 ἀληθείᾳ
1045 1543 1150 1620 οὔχ
1191 1541 1406 1615 ἕστηκε.
1454 1547 1532 1603 Τὸ
1585 1544 1675 1600 οὖν
1725 1547 1949 1600 ἄστατον

293 1633 392 1683 τοῦ
423 1627 677 1704 ψεύδους,
713 1630 865 1706 ῥύσις
893 1633 1206 1705 ὠνομάσθη.
1241 1635 1623 1689 Λυπείσθωσαν
1656 1633 1750 1688 οὖν
1784 1635 1834 1688 οἱ
1887 1634 1954 1688 τὰ

293 1722 522 1773 τοιαῦτα
581 1717 1042 1794 οίκοδομοῦντεςο
1096 1723 1147 1776 οἱ
1203 1723 1333 1784 τοὺς
1388 1723 1511 1799 περὶ
1572 1727 1706 1779 Θεοῦ
1758 1721 1954 1799 λόγους

297 1806 563 1870 ἆστάτους
611 1805 848 1885 ἔχοντες,
890 1811 980 1865 καὶ
1028 1810 1419 1887 ἀστηρίκτους.
1470 1817 1642 1867 Τοῦτο
1690 1814 1789 1888 γὰρ
1841 1810 1953 1866 ἐστι

297 1896 358 1950 τὸ
391 1900 800 1976 θυσιαστήριον,
848 1900 877 1954 ’ὁ
925 1897 1365 1956 καταδεδίκασται
1419 1901 1495 1963 είς
1546 1899 1820 1956 ἀπώλειαν
1859 1905 1957 1956 τοῦ

310 1982 561 2056 Δεηϐὼν,
594 1987 655 2042 οὗ
687 1988 714 2042 6
745 1989 932 2062 βωμὸς
965 1986 1318 2062 ᾠκοδόμητο.
1354 1985 1610 2046 ’Δναϐἆτε
1659 1989 1750 2045 οὖν
1799 1989 1956 2046 κλαί-

309 2095 484 2138 οντεςο
520 2075 650 2151 οὖχῖ
682 2077 921 2146 θύοντες,
957 2077 1102 2133 ἀλλὰ
1134 2077 1564 2152 μεταμελόμενοι
1605 2079 1686 2158 ἐφ’
1717 2080 1796 2141 οἷς
1826 2099 1958 2134 ποτε

304 2165 487 2227 κακῶς
545 2165 935 2241 προσηύξασθε,
992 2166 1074 2222 ὅτι
1132 2167 1340 2242 ἐγένετο
1401 2169 1527 2242 ὑμῖν
1585 2171 1620 2238 ἡ
1670 2171 1952 2245 προσευχὴ

301 2253 377 2315 είς
429 2254 722 2330 ἁμαρτίαν.
755 2256 815 2312 Ὁ
864 2255 966 2331 γὰρ
1014 2259 1083 2330 τῇ
1133 2257 1302 2312 κτίσει
1358 2255 1634 2332 λατρεύων
1682 2257 1829 2334 παρὰ
1866 2258 1956 2312 τὸν

295 2342 578 2413 κτίσαντα,
613 2343 702 2399 καὶ
756 2345 832 2417 μή
880 2349 1200 2419 προσκυνῶν
1254 2346 1347 2419 μὶν
1380 2348 1525 2416 Υίὸν,
1561 2343 1701 2420 μηδὲ
1743 2345 1832 2401 διὰ
1858 2350 1955 2402 τοῦ

296 2433 427 2486 Υίοῦ
450 2432 550 2486 τὸν
601 2432 834 2506 Πατέρα⁹
887 2431 998 2488 ἴδια
1046 2432 1103 2489 δὲ
1150 2434 1360 2511 πηγνὺς
1413 2434 1684 2511 δόγματα,
1731 2437 1820 2490 καὶ
1871 2435 1954 2491 ἐπ’

297 2518 611 2596 ἀλλοτρίων
651 2523 1050 2598 θυσιαστηρίων
1099 2523 1422 2602 προσφέρων
1473 2525 1660 2579 ἑαυτοῦ
1706 2526 1806 2594 τήν
1858 2527 1954 2579 Θυ-

298 2609 414 2662 σίαν
444 2615 551 2678 τῆς
600 2609 873 2683 αἰνέσεως,
905 2611 933 2665 6
981 2615 1233 2674 τοιοῦτος
1264 2612 1522 2682 κλαιέτω,
1550 2620 1650 2683 τῆς
1666 2613 1803 2668 κατὰ
1823 2613 1952 2669 Θεὸν

298 2695 483 2769 λύπης
542 2699 817 2774 σωτηρίαν
869 2699 1016 2770 αὖτῷ
1083 2700 1502 2774 ἀμεταμέλητον
1568 2703 1951 2778 προξενούσης.

298 2785 376 2843 Οὔ
411 2786 579 2859 μόνον
613 2784 672 2843 δὲ
704 2794 821 2852 τοῖς
867 2789 974 2844 ἀπὸ
1026 2789 1308 2863 αἱρετικῶν
1361 2787 1644 2866 δογμάτων
1689 2793 1788 2862 τήν
1829 2794 1954 2868 περὶ

303 2879 438 2929 Θεοῦ
471 2871 629 2946 δόξαν
663 2877 1023 2953 συνειληχόσι
1052 2883 1219 2933 ταῦτα
1249 2877 1481 2955 εἴρηταιο
1515 2877 1661 2936 ἀλλὰ
1701 2882 1790 2936 καὶ
1835 2880 1952 2936 ὅσοι

299 2964 367 3018 τὰ
427 2963 622 3039 ῥευστὰ
678 2967 970 3041 πράγματα
1019 2964 1420 3043 ἀποδεχόμενοι
1477 2970 1623 3043 (21),
1681 2968 1769 3024 ἐπὶ
1827 2970 1954 3025 τού-

300 3073 421 3116 τοις
473 3052 666 3129 ἔχουσι
734 3056 835 3124 τήν
914 3053 1133 3127 ἐλπίδα,
1209 3057 1608 3132 παρακούοντες
1676 3060 1769 3133 μὲν
1853 3064 1952 3114 τοῦ

299 3140 578 3218 λέγοντος
639 3141 883 3206 Πλοῦτος
936 3143 1023 3199 ἐὰν
1094 3143 1208 3221 ῥέῃ,
1269 3146 1346 3219 μή
1417 3146 1765 3223 προστίθεσθε
1817 3169 1952 3222 καρ-

297 3215 416 3284 δίαν
637 3229 967 3306 ἐπτοημένοι
1026 3215 1104 3288 δὶ.
1133 3215 1281 3308 τέφί
1314 3235 1412 3304 τὴν
1461 3215 1618 3307 δόξαν
1674 3244 1777 3308 τῆς
1821 3215 1950 3312 σαρ-
1983 3215 2026 3284 C

291 3319 418 3389 κὸς,
472 3320 597 3389 ἥτις
641 3320 749 3375 ἐστὶ
796 3323 1000 3398 χόρτος
1045 3323 1135 3378 καὶ
1184 3325 1220 3392 ἡ
1268 3321 1392 3394 δόξα
1449 3324 1624 3380 αὐτῶν
1675 3326 1750 3391 ὡς
1794 3325 1952 3392 ἄνθος

291 3408 527 3483 χόρτου.
558 3411 816 3466 Τοιοῦτον
848 3407 906 3466 δέ
954 3410 1068 3466 ἰστι
1119 3413 1206 3466 καὶ
1257 3413 1322 3467 τὸ
1352 3412 1402 3468 έν
1452 3415 1608 3490 σαρκὶ
1638 3415 1729 3470 καὶ
1763 3414 1952 3490 α’ίματι

291 3496 528 3566 κάλλος,
563 3496 645 3576 ἐφ’
675 3500 720 3570 ᾧ
754 3497 893 3574 μέγα
942 3506 1128 3578 φρονεῖ
1178 3503 1212 3572 ἡ
1268 3501 1558 3580 κακόφρων
1582 3505 1742 3579 γυνὴ,
1775 3526 1953 3579 παρα-

296 3581 627 3659 ϐαλλομένη
670 3585 874 3661 ένωτίῳ
905 3587 957 3643 έν
1010 3588 1118 3666 ῥινὶ
1167 3589 1277 3651 ὑός.
1311 3593 1410 3645 Καὶ
1455 3589 1603 3654 ὅλως
1651 3599 1780 3649 πᾶσι
1834 3600 1951 3657 τοῖς

296 3672 668 3752 ἐσφαλμένοις
712 3675 1012 3754 ἐφαρμόσει
1057 3678 1121 3733 τὸ
1170 3673 1391 3750 Δεηϐὼν
1443 3676 1639 3755 ὄνομα,
1698 3684 1772 3745 ὡς
1823 3683 1952 3747 τοὺς

296 3763 679 3842 ἐσφαλμένους
709 3765 744 3834 ἢ
779 3766 882 3842 βίῳ
911 3769 944 3836 ἢ
973 3765 1126 3842 λόγῳ
1158 3767 1300 3823 ε’ίποι
1340 3791 1424 3833 τις
1466 3771 1525 3825 ἂν
1555 3771 1833 3848 εὐστόχως
1863 3773 1951 3828 ἐπὶ

293 3857 401 3907 τοῦ
456 3849 680 3924 Δεηϐὼν
738 3851 886 3931 ’ἐχειν
933 3857 996 3910 τὸ
1053 3858 1456 3934 θυσιαστήριον.
1513 3859 1804 3924 Κλαίοντες
1863 3863 1953 3917 οὖν

296 3937 732 3999 ἀναϐαινέτωσαν
784 3945 836 3999 οἱ
892 3944 977 3999 ἐπ’
1027 3943 1174 4018 αὖτῷ
1225 3967 1358 4003 ποτε
1413 3947 1551 4025 μέγα
1601 3954 1950 4028 φρονοῦντες.

367 4210 498 4264 295.
557 4209 680 4264 Ἐπὶ
745 4204 934 4267 Ναϐαὖ
1008 4213 1120 4286 (23)
1174 4219 1276 4284 τῆς
1331 4210 1680 4279 Μωαϐίτιδος
1753 4218 1952 4295 όΑογό-

295 4301 417 4365 ζετε
452 4340 466 4354 .
555 4297 678 4355 Ἐπὶ
753 4300 932 4370 πάσης
1010 4300 1253 4378 κεφαλῆς
1331 4302 1693 4380 φαλάκρωμα·
1761 4308 1954 4372 πάντες

300 4385 596 4462 βραχίονες
682 4391 1158 4462 κατατετμημένοι
1217 4435 1230 4448 .

298 4474 472 4545 αὐτῆς
549 4477 922 4552 περιζώσασθε
985 4477 1214 4544 σάκκους
1267 4524 1281 4550 ,

1301 4393 1386 4449 Ἐν
1471 4399 1590 4458 ταῖς
1670 4396 1953 4460 πλατείαις

1353 4482 1442 4536 καὶ
1519 4483 1778 4550 κόπτεσθε
1861 4485 1949 4541 ἐπὶ

2054 568 2406 624 ludiﬁcatum
2425 573 2515 624 est
2542 573 2803 624 vestrum
2825 569 3134 641 templum.
3165 571 3248 625 Ad
3274 571 3708 642 interpretatio-

2056 673 2189 712 nem
2211 674 2346 712 cum
2370 657 2731 712 attendimus
2751 657 3172 727 animam,suid
3192 658 3270 713 sit
3289 660 3521 715 Deebon
3544 660 3711 717 intel-

2054 745 2316 819 ligimus.
2342 746 2570 802 Etenim
2593 746 2642 801 si
2662 746 3084 818 interpreteris,
3107 747 3337 803 Deebon
3360 747 3514 804 idem
3539 755 3714 807 sonat

2057 837 2212 908 quod
2246 837 2421 906 ﬂuxio
2451 853 2659 904 eorum,
2701 837 3208 899 Quemadmodum
3241 837 3422 908 igitur
3450 838 3712 896 veritatis

2057 941 2248 980 sermo
2279 926 2484 980 ﬁrmus
2515 929 2603 979 est
2634 930 2689 980 et
2719 924 2970 992 stabilis,
2998 926 3279 982 fundatus
3311 931 3368 982 et
3398 927 3708 1000 immotus,

2058 1014 2139 1069 ita
2168 1019 2224 1069 et
2255 1015 2354 1086 qui
2386 1014 2685 1069 radicatus
2707 1018 2797 1068 est
2827 1013 2885 1068 in
2919 1013 3051 1082 ﬁde,
3077 1019 3450 1086 comparatur
3480 1015 3708 1072 homini

2061 1103 2510 1158 fundamentum
2554 1119 2734 1174 supra
2764 1107 2991 1175 petram
3042 1101 3350 1159 collocanti
3379 1105 3420 1160 ί.
3453 1105 3604 1172 Quin
3658 1110 3717 1163 et

2061 1208 2276 1247 manna
2300 1192 2482 1247 fuisse
2504 1191 2716 1248 dicitur
2731 1191 2906 1247 veluti
2930 1197 3093 1248 terra
3117 1192 3334 1264 glacies
3353 1195 3396 1262 ³,
3410 1195 3716 1267 Scriptura

2061 1279 2258 1335 divina
2279 1280 2616 1335 ﬁrmitatem
2642 1280 2967 1351 quamdam
2990 1285 3046 1335 et
3077 1281 3426 1338 soliditatem
3460 1299 3563 1354 per
3583 1298 3719 1340 con-

2061 1367 2409 1442 gelationem
2433 1370 2805 1437 ostendente;
2831 1369 2915 1424 sic
2939 1369 3215 1441 dogmata
3237 1371 3548 1440 contraria,
3572 1389 3714 1428 sua-

2061 1458 2372 1530 sionesque
2403 1473 2605 1513 eorum
2639 1462 2913 1529 patronus,
2938 1458 3095 1513 ﬂuxa
3137 1465 3275 1514 sunt
3305 1464 3360 1515 et
3391 1460 3712 1528 instabilis,

2062 1565 2166 1603 nec
2191 1548 2509 1603 consistere
2533 1550 2786 1618 queunt;
2814 1550 2872 1601 et
2892 1546 3017 1618 ipse
3042 1547 3330 1603 mendacii
3355 1553 3521 1620 pater
3541 1549 3601 1604 in
3623 1566 3715 1604 ve-

2063 1635 2232 1692 ritate
2251 1653 2365 1692 non
2389 1635 2603 1691 stetit3.
2629 1636 2829 1706 Itaque
2851 1635 3138 1690 mendacii
3163 1636 3517 1692 instabilitas
3540 1637 3716 1692 ﬂuxio

2063 1726 2368 1780 nominata
2397 1729 2505 1780 est.
2545 1723 2781 1779 Doleant
2810 1722 2992 1795 igitur
3023 1723 3121 1794 qui
3152 1723 3289 1779 talia
3325 1724 3638 1793 aediﬁcant,
3664 1729 3720 1779 et

1986 1851 2034 1914 Β
2065 1831 2097 1868 a
2127 1813 2339 1884 quibus
2373 1814 2442 1868 de
2475 1813 2591 1868 Deo
2634 1828 2935 1868 sermones
2983 1811 3280 1914 hab‘entur
3327 1812 3633 1914 instabiles
3663 1817 3721 1869 et

2069 1903 2310 1958 inﬁrmi.
2346 1902 2476 1957 Haec
2532 1905 2620 1956 est
2675 1901 2828 1956 enim
2887 1918 3006 1969 ara,
3041 1901 3321 1958 adversus
3369 1919 3547 1974 quam
3604 1901 3720 1957 lata

2066 1991 2360 2046 sententia
2392 1994 2481 2045 est
2509 1989 2568 2044 in
2604 1989 2832 2044 ruinam
2889 1990 3138 2056 Deebon,
3170 1990 3270 2045 ubi
3317 1991 3604 2046 aediﬁcata
3633 1995 3721 2046 est

2067 2097 2186 2134 ara.
2219 2079 2529 2134 Ascendite
2561 2078 2739 2150 igitur
2769 2079 2974 2134 ﬂentes
3017 2095 3390 2150 nequaquam
3431 2079 3720 2135 sacriﬁcia

2067 2169 2395 2236 offerentes,
2420 2168 2520 2223 sed
2545 2166 2948 2239 paenitentiam
2971 2172 3208 2240 agentes
3228 2169 3301 2223 ob
3323 2185 3542 2240 preces,
3569 2185 3717 2241 quas

2066 2256 2207 2313 olim
2241 2255 2393 2311 male
2423 2255 2776 2311 adhibuistis
2809 2271 2823 2312 :
2857 2255 3073 2327 quippe
3127 2256 3381 2327 precatio
3429 2256 3582 2312 facta
3629 2261 3719 2313 est

2064 2346 2230 2401 vobis
2261 2345 2316 2400 in
2353 2353 2676 2418 peccatum.
2705 2344 2980 2415 Quisquis
3011 2345 3169 2400 enim
3217 2348 3546 2402 creaturam
3579 2345 3719 2402 colit

2065 2434 2192 2490 loco
2224 2433 2510 2490 Creatoris
2533 2434 2574 2501 ‘,
2599 2450 2705 2489 nec
2737 2433 2941 2488 adorat
2998 2433 3229 2501 Filium,
3254 2450 3443 2506 neque
3485 2434 3717 2490 Patrem

2065 2539 2169 2596 per
2199 2522 2431 2591 Filium,
2457 2522 2558 2578 sed
2591 2521 2826 2594 propria
2873 2521 2986 2577 sibi
3017 2522 3196 2578 struit
3239 2522 3539 2594 dogmata,
3572 2528 3628 2578 et
3657 2524 3717 2579 in

2064 2613 2183 2670 aris
2199 2612 2488 2668 extraneis
2511 2610 2867 2666 laudationis
2885 2627 3003 2666 suae
3023 2611 3281 2667 hostiam
3299 2611 3542 2679 oﬁ‘ert,is
3559 2612 3718 2680 ﬂeat,

2064 2719 2199 2758 cum
2219 2700 2459 2757 tristitia
2475 2717 2603 2772 quas
2623 2701 2946 2756 secundum
2967 2701 3150 2756 Deum
3169 2700 3537 2768 est,salutem
3561 2701 3718 2756 haud

2064 2791 2459 2864 pmnitendam
2510 2788 2890 2860 conciliatura
2918 2788 3030 2844 sibi
3061 2789 3160 2844 sit.
3195 2789 3326 2844 Haec
3373 2793 3568 2844 autem
3602 2805 3720 2844 non

2064 2881 2135 2936 de
2166 2879 2236 2935 iis
2259 2878 2451 2935 solum
2480 2878 2638 2932 dicta
2659 2882 2798 2932 sunt
2820 2879 2920 2948 qui
2942 2894 3110 2933 suam
3133 2878 3205 2932 de
3227 2877 3345 2934 Deo
3379 2876 3718 2949 opinionem

2065 2969 2318 3024 mutuati
2339 2971 2478 3024 sunt
2499 2983 2566 3022 ex
2589 2965 2997 3021 haereticorum
3023 2965 3289 3038 placitis:
3312 2982 3513 3022 verum
3539 2967 3716 3022 etiam
3759 2990 3761 2993 ·

2063 3061 2135 3114 de
2167 3057 2640 3130 quibuscunque,
2672 3055 2771 3127 qui
2819 3072 2911 3112 res
2955 3055 3143 3111 ﬂuxas
3177 3055 3512 3127 probantes,
3545 3072 3717 3112 suam

2063 3164 2228 3220 spem
2251 3147 2310 3202 in
2333 3146 2428 3202 his
2449 3149 2762 3217 reponunt,
2777 3161 3149 3217 nequaquam
3169 3145 3218 3200 ei
3242 3145 3718 3216 obtemperantes

2063 3238 2166 3310 qui
2195 3238 2336 3292 dicit
2370 3253 2382 3292 :
2417 3237 2640 3292 Divitiae
2666 3237 2719 3290 si
2758 3237 3018 3305 afﬂuant,
3048 3234 3218 3290 nolite
3247 3250 3340 3290 cor
3362 3250 3634 3306 apponere
3662 3234 3717 3302 3;

2063 3326 2136 3382 iis
2169 3341 2426 3398 quoque,
2451 3324 2551 3395 qui
2585 3323 2959 3395 splendorem
2982 3323 3176 3378 carnis
3206 3327 3263 3378 et
3285 3321 3532 3393 gloriam
3565 3321 3721 3379 ultra

2064 3416 2306 3471 modum
2330 3412 2716 3480 admirantur,
2736 3429 2862 3484 quae
2881 3412 3082 3468 fenum
3103 3415 3215 3477 est,
3235 3416 3290 3467 et
3307 3411 3496 3482 gloria
3518 3428 3721 3468 eorum

2063 3510 2127 3560 ut
2157 3504 2263 3560 ﬂos
2296 3503 2413 3558 feni
2433 3503 2474 3557 ⁶.
2508 3500 2668 3557 Talis
2722 3505 2811 3556 est
2853 3501 3030 3556 etiam
3063 3500 3257 3556 carnis
3309 3503 3366 3556 et
3415 3500 3723 3572 sanguinis

2062 3592 2462 3666 pulchritudo,
2485 3591 2545 3645 in
2570 3606 2686 3661 qua
2709 3589 2921 3646 mulier
2942 3589 3250 3661 insipiens,
3271 3605 3401 3660 qua
3425 3605 3723 3662 compara-

2062 3686 2160 3736 tur
2190 3681 2378 3736 inauri
2411 3680 2469 3734 in
2503 3679 2746 3734 naribus
2777 3679 2902 3733 suis
2921 3679 2962 3748 ⁷,
2994 3694 3123 3733 sese
3155 3677 3336 3732 effert.
3364 3681 3434 3732 Et
3473 3677 3532 3732 in
3565 3693 3722 3732 sum-

2065 3787 2182 3834 ma,
2215 3768 2490 3824 omnibus
2521 3766 2620 3838 qui
2654 3768 2710 3820 in
2753 3782 3008 3822 errorem
3059 3765 3353 3838 incidunt,
3385 3782 3718 3822 accommo-

2063 3859 2190 3916 dari
2223 3857 2434 3929 poterit
2478 3871 2689 3910 nomen
2722 3854 2984 3922 Deebon;
3019 3855 3162 3910 adeo
3218 3858 3283 3908 ut
3329 3853 3540 3909 dixerit
3585 3853 3719 3925 quis

2064 3966 2179 4005 non
2203 3947 2418 4017 inepte,
2435 3943 2672 4014 eos,qui
2701 3942 2820 3998 sive
2841 3942 2956 3998 vita
2983 3942 3104 3998 sive
3125 3957 3395 3998 sermone
3417 3941 3718 4011 aberrant,

2059 4038 2120 4094 in
2152 4036 2384 4094 Deebon
2415 4049 2577 4089 aram
2620 4032 2854 4087 habere.
2887 4031 3116 4088 Flentes
3166 4031 3346 4101 igitur
3396 4031 3719 4088 ascendant

2061 4128 2160 4199 qui
2195 4126 2266 4182 ob
2297 4123 2355 4179 id
2385 4123 2582 4195 ipsum
2609 4122 2906 4193 quondam
2937 4119 3354 4176 efferebantur.

2130 4216 2255 4270 295.
2287 4213 2464 4268 γεω.
2495 4210 2614 4265 3-9.
2646 4209 2820 4280 Super
2864 4209 3054 4280 Nabay
3097 4208 3424 4264 Moabitidis
3469 4208 3712 4266 ululata.

2061 4306 2240 4377 Super
2265 4318 2428 4360 omne
2455 4309 2618 4372 caput
2648 4299 2937 4354 calvitium
2967 4317 2985 4353 :
3015 4299 3202 4354 omnia
3246 4295 3480 4354 brachia
3508 4299 3713 4354 excisa.

2058 4397 2122 4454 In
2162 4394 2358 4466 plateis
2403 4391 2520 4462 ejus
2565 4389 3074 4459 circumcingimini
3116 4388 3310 4458 saccis,
3356 4389 3409 4443 et
3451 4385 3716 4458 plangite

2058 4500 2223 4556 super
2251 4488 2392 4538 tecta
2418 4480 2556 4552 ejus,
2587 4482 2638 4534 et
2680 4479 2737 4533 in
2769 4478 2905 4532 vicis
2951 4480 3070 4545 eius
3099 4492 3292 4532 omnes
3341 4474 3561 4532 ululata
3588 4493 3716 4533 cum

294 4569 405 4620 τῶν
470 4562 740 4638 δωμάτων
799 4565 987 4637 αὐτῆς,
1044 4569 1131 4623 καὶ
1193 4568 1244 4623 ἐν
1321 4576 1440 4634 ταῖς
1515 4571 1712 4649 ρυμαῖς
1786 4574 1951 4646 αὐτῆς

2067 4576 2301 4647 ploratu.
2336 4569 2478 4640 Quid
2502 4569 2766 4624 clamavit
2803 4566 3030 4632 Esebon,
3084 4569 3135 4621 et
3182 4565 3372 4621 Eleale
3398 4582 3419 4622 :
3447 4581 3618 4637 usque
3644 4563 3719 4620 ad

295 4655 496 4717 πάντες
555 4651 849 4724 όλοΛόζετε
907 4657 1042 4730 μετά
1111 4654 1397 4733 κλαυθμοῦ
1430 4702 1442 4716 .
1502 4663 1622 4719 ’Ότι
1689 4662 1942 4740 κέκραγεν

2053 4669 2208 4724 lassa
2237 4661 2432 4718 audita
2461 4659 2537 4714 est
2565 4671 2671 4712 vox
2709 4655 2846 4724 eius.
2881 4660 3113 4725 Propter
3157 4654 3254 4709 hoc
3303 4652 3526 4710 lumbus
3551 4654 3707 4710 Moa-

376 4771 761 4856 fllatthqij,
809 4772 900 4830 24.
977 4774 1202 4832 'Exod.
1257 4793 1373 4846 xvx,
1428 4779 1515 4835 14.
1590 4780 1810 4838 'Joan.
1862 4799 1951 4839 vn:

2067 4784 2125 4840 .4.
2203 4783 2223 4817 ⁸
2252 4779 2418 4836 Rom.
2467 4791 2507 4841 ι,
2549 4773 2642 4829 25.
2717 4770 2923 4828 'Psal.
2977 4788 3090 4840 ui,
3140 4770 3228 4828 11.
3302 4769 3324 4806 ⁸
3353 4770 3470 4828 Isa.
3533 4785 3628 4841 ιι,
3659 4771 3714 4826 6.

298 4844 324 4879 ⁷
351 4848 522 4901 Prov.
555 4861 635 4916 xi,
663 4844 754 4899 22.

372 4961 487 5033 (l7)
513 4959 667 5036 Voci_
684 4953 904 5030 Δεηϐών
927 4961 1101 5018 modo
1131 4963 1451 5036 praeﬁgitur
1471 4966 1754 5024 articulus
1785 4969 1952 5026 femi-

295 5032 506 5099 ninus,
538 5032 708 5105 modo
737 5037 964 5105 neuter,
995 5032 1212 5090 nonin
1243 5032 1491 5094 di'versis
1534 5041 1708 5096 modo
1738 5043 1953 5098 codici-

287 5105 433 5171 bus,
464 5105 568 5187 sed
609 5104 874 5187 etiamin
905 5104 1024 5187 apo
1060 5109 1134 5187 ‘et
1177 5108 1382 5187 eodem
1429 5108 1601 5168 libro.
1630 5112 1761 5170 Mox
1809 5113 1950 5187 Reg.

293 5177 626 5242 secundus,
659 5179 906 5246 Νοοῦμεν
937 5171 995 5230 δὶ
1021 5175 1083 5230 τὸ
1114 5171 1356 5246 Δεηϐών.

369 5248 486 5320 (18)
517 5247 759 5320 Antiqui
789 5245 907 5304 duo
935 5247 1091 5316 libri,
1118 5249 1152 5317 ἡ
1186 5245 1430 5320 Δεηϐών.
1459 5253 1641 5310 Abest
1669 5255 1954 5313 articulus

295 5319 644 5396 avulgatis.
677 5319 900 5396 Ibidem
946 5324 1066 5396 tr_e_s
1097 5319 1507 5396 mss.,6'paatc,
1539 5326 1745 5384 Deebon
1795 5330 1952 5386 visio.

295 5391 420 5467 Alii
441 5388 959 5467 Aci—uocumeditis,
991 5388 1164 5467 ῥύσις,
1196 5388 1406 5452 Deebon
1433 5388 1634 5466 ﬂuxio.

375 5463 675 5541 (19)_Editi
713 5462 892 5541 simul
939 5462 1002 5541 et
1044 5481 1211 5541 mss.,
1239 5467 1341 5536 τῆς
1378 5462 1500 5541 γῆς.
1531 5469 1638 5526 Sed
1668 5469 1958 5527 Combeﬁ-

300 5534 459 5618 pius,
489 5535 667 5618 homo
715 5536 786 5618 ad
841 5536 1193 5618 mutandum
1241 5534 1483 5618 semper
1522 5541 1956 5618 paratissimus,

300 5608 471 5682 hunc
492 5607 688 5664 locum
718 5607 802 5682 ita
820 5623 890 5664 ex
914 5623 1080 5682 sacro
1098 5613 1258 5666 textu
1278 5607 1713 5670 emendandum
1734 5607 1954 5682 censet;

303 5676 397 5733 ἰπὶ
430 5683 540 5753 γῆς
565 5683 684 5749 τῆς,
709 5680 852 5736 sicut
876 5679 1079 5752 glacies
1106 5697 1274 5754 super
1306 5688 1532 5744 terram.
1553 5686 1663 5744 Sed
1692 5686 1832 5760 quid
1865 5676 1960 5743 ne;

2061 4983 2224 5032 cessa
2254 4966 2332 5023 sit
2368 4959 2700 5028 emendare,
2732 4974 2848 5015 non
2878 4957 3043 5014 video
3076 4976 3090 5015 :
3125 4973 3261 5032 cum
3293 4957 3581 5032 sententia
3611 4973 3715 5030 per

2061 5031 2127 5101 se
2170 5041 2298 5098 sine
2345 5034 2470 5092 ullo
2510 5032 2916 5103 additamenta
2964 5035 3169 5103 aperta
3204 5031 3302 5088 sit.
3336 5031 3548 5088 Statim
3596 5035 3714 5088 tres

2062 5130 2236 5175 ωδε..
2261 5107 2475 5180 πήξεως
2505 5101 2817 5180 δηλοῦντες,

2133 5173 2245 5258 (20)
2277 5173 2434 5258 Libri
2463 5173 2972 5258 veteres,_ta‘t_&vat.
3004 5173 3181 5242 Editi,
3215 5173 3445 5228 ἱστάναι.

2135 5243 2245 5327 lzil
2275 5255 2463 5312 Codex
2493 5267 2666 5327 ιξοιξει
2691 5243 3126 5327 immissiu-
3262 5317 3304 5327 -.
3443 5314 3476 5327 ..
3649 5315 3689 5327 ..

2136 5314 2250 5401 (22')
2291 5323 2532 5396 Antiqui
2580 5314 2696 5378 duo
2745 5314 2915 5391 libri;
2950 5314 3198 5394 καρδίᾳᾳ.
3253 5317 3331 5374 Ne
3384 5314 3714 5372 adhaereatis

2063 5400 2241 5458 corde.
2368 5467 2426 5470 ,_
2574 5458 2631 5470 η,
2997 5463 3008 5470 _
3184 5457 3220 5470 η
3315 5457 3326 5468 ,

2139 5454 3711 5556 (ἓδῖὶβάίιξηκαβᾷὲ9⁸98Ῡῖ,ἷίὲιὲηέίξίὲξὲτῗξθὲῗὲῖ

2067 5524 2186 5600 ἢεῖί
2200 5524 2527 5598 vlibﬁroret'in
2557 5524 2749 5593 tribus
2775 5524 2907 5591 aliis
2934 5534 3149 5607 legitur
3176 5524 3378 5586 Ναϐαὖο
3405 5543 3510 5584 nec
3540 5542 3712 5584 secus

2067 5617 2292 5674 editum
2323 5611 2611 5686 reperitur
2638 5608 2793 5681 apud
2825 5607 2981 5663 LXX.
