4134 6224
455 361 572 422 635

1395 359 1790 421 APPENDIX
1835 360 2158 423 OPERUM
2201 361 2268 422 s.
2312 343 2596 422 BASILII
2642 358 2914 421 MAG-NI.

3740 349 3868 412 636

463 491 648 547 bitidis
680 489 834 544 803
854 489 1097 544 clamat:
1127 491 1322 544 anima
1352 489 1470 558 ejus
1498 499 1778 560 cognoscet
1799 509 1816 544 :
1835 507 1934 547 cor
1965 492 2100 547 Moa-

2222 485 2451 548 Ἐσεεὼν
2486 533 2502 562 ,
2556 487 2646 544 καὶ
2706 484 2940 556 Ἐλεαλή
2973 503 2986 517 ⁸
3043 481 3151 547 ῐως
3235 483 3414 539 Ἰασσᾶ
3496 479 3742 550 ἠκούσθη
3827 482 3864 548 ἡ

463 580 653 635 bitidis
683 581 889 635 clamat
921 580 978 632 in
1002 595 1056 633 se
1078 594 1246 650 usque
1267 578 1336 631 ad
1355 579 1538 646 Segor.
1573 579 1752 634 Vilula
1771 583 1919 636 enim
1937 585 2106 637 trima

460 675 538 724 est
569 670 629 724 in
657 686 883 724 ascensu
913 668 1099 725 Luith.
1126 667 1206 723 Ad
1237 671 1290 723 te
1313 669 1502 736 ﬂentes
1532 669 1822 725 ascendent
1853 673 1940 725 via
1968 673 2106 726 Aru-

462 761 605 814 niim
635 775 653 812 :
693 757 900 812 clamat
947 759 1224 823 contritio,
1259 762 1308 812 et
1349 760 1650 812 concussio.
1687 763 1838 830 Aqua
1882 761 2106 815 Nebrim

461 849 672 903 deserta
702 850 805 903 erit
826 865 844 901 :
871 847 1036 902 herba
1060 847 1329 918 siquidm
1351 847 1548 902 viridis
1567 863 1681 903 non
1700 851 1822 903 erit.
1849 849 2109 921 Nunquid

463 940 511 993 et
542 953 623 992 sic
649 936 913 992 salvanda
937 936 1059 991 est?
1088 935 1350 992 [reducam
1380 942 1529 991 enim
1549 954 1713 1009 super
1733 939 1936 994 vallem
1970 939 2106 993 Ara-

466 1027 572 1094 bes,
606 1031 655 1080 et
686 1028 901 1096 capient
930 1041 1072 1079 eam.
1118 1026 1313 1096 Attigit
1355 1028 1504 1081 enim
1551 1028 1757 1083 clamor
1805 1029 2108 1084 terminum

465 1114 775 1170 Moabitidis
829 1114 1056 1179 Gallim,
1110 1124 1160 1169 et
1216 1115 1457 1169 ululatus
1517 1117 1654 1183 eius.
1713 1117 1867 1188 Aqua
1921 1128 2108 1173 autem

466 1204 678 1258 Deebon
708 1204 1007 1274 replebitur
1050 1207 1348 1275 sanguine.
1379 1206 1639 1259 lndncam
1683 1223 1919 1277 namque
1947 1223 2110 1277 super

470 1293 682 1347 Deebon
728 1291 954 1358 Arabes,
1004 1296 1058 1346 et
1103 1293 1295 1348 tollam
1341 1310 1523 1348 semen
1561 1293 1729 1361 Moab,
1762 1304 1815 1349 et
1857 1296 2110 1366 Ariel,§et

465 1382 753 1436 residuum
778 1382 989 1435 Adama
1013 1382 1229 1435 mittam
1252 1385 1412 1451 quasi
1434 1382 1660 1454 reptilia
1685 1386 1742 1438 in
1765 1391 1999 1439 terram.
2026 1387 2108 1438 In-

463 1470 607 1525 vitat
635 1471 706 1523 ad
755 1470 1053 1524 tristitiam
1087 1487 1212 1539 quae
1258 1473 1581 1526 secundum
1615 1472 1796 1527 Deum
1827 1479 1918 1528 est
1945 1490 2044 1528 eos
2065 1475 2107 1539 ⁸,

466 1560 566 1630 qui
598 1576 702 1629 per
721 1558 963 1612 humani
989 1558 1316 1613 intellectus
1339 1567 1670 1616 commenta
1692 1562 1944 1634 prolapsi
1972 1568 2112 1616 sunt

469 1648 528 1701 in
561 1663 813 1711 errores;
845 1663 950 1701 nec
971 1663 1032 1700 se
1055 1647 1447 1717 premiserunt
1466 1650 1716 1721 Spiritus
1740 1653 2113 1721 praesidio,ut

469 1734 694 1790 ululatu
728 1741 1180 1806 prosequeretur
1226 1743 1440 1792 terram
1491 1739 1888 1809 pestilentium
1923 1740 2111 1810 magi-

468 1827 744 1880 atrorum.
770 1823 994 1878 Etenim
1017 1842 1118 1896 per
1137 1826 1336 1898 Nabay
1355 1826 1497 1882 tales
1519 1828 1778 1884 indicare
1800 1828 1944 1883 mibi
1962 1828 2113 1884 vide-

467 1918 563 1967 tur
590 1912 907 1982 Scriptura,
933 1913 1087 1984 quod
1139 1913 1336 1986 Nabay
1368 1915 1602 1971 nomine
1631 1920 1884 1973 sessionis
1931 1919 2107 1972 inter-

467 2004 788 2072 pretentur.
806 2000 956 2055 Sunt
975 2001 1128 2056 enim
1154 2003 1440 2071 nonnulli,
1465 2005 1716 2076 quicum
1742 2005 2112 2076 sophismati-

468 2093 578 2145 bus
596 2088 815 2144 dolosis
832 2094 888 2144 et
905 2091 1100 2144 fucum
1121 2090 1470 2147 facientibus
1483 2093 1686 2148 sedent
1701 2099 1757 2148 et
1773 2094 1968 2165 pravis
1986 2093 2112 2149 suis

473 2177 780 2248 colloquiis
804 2195 1227 2250 nonnunquam
1247 2189 1634 2252 corrumpunt
1655 2182 1839 2238 bonos
1863 2198 2054 2237 mores
2069 2183 2110 2250 θ,

472 2267 711 2338 Oportet
741 2267 938 2337 itaque
967 2272 1028 2321 ut
1057 2267 1095 2320 ii
1118 2269 1217 2338 qui
1251 2271 1537 2339 perversis
1567 2269 1798 2325 illorum
1829 2270 2116 2341 dogmati-

478 2357 588 2410 bus
634 2355 844 2411 imbuti
889 2362 1046 2422 sunt,
1079 2365 1255 2429 agant
1301 2360 1728 2429 paenitentiam,
1775 2361 2115 2431 ululantque

473 2445 545 2498 ob
567 2460 694 2499 eam
719 2443 1067 2513 doctrinam,
1091 2445 1162 2499 de
1187 2463 1303 2516 qua
1321 2447 1487 2503 valde
1509 2449 1947 2520 superbiebant.
1968 2449 2114 2504 Nam

470 2533 777 2587 verborum
801 2531 1031 2598 borum,
1054 2538 1233 2604 Super
1253 2551 1414 2590 omne
1431 2547 1593 2608 caput
1618 2537 1924 2601 calvitium.
1949 2539 1999 2594 is
2029 2543 2118 2593 est

471 2637 702 2689 sensus,
733 2625 795 2674 ut
845 2621 1093 2675 debeant
1150 2624 1464 2694 magistros
1523 2643 1661 2681 suos
1711 2629 1996 2692 deserere,
2021 2644 2114 2682 ac-

473 2715 640 2781 cepto
664 2710 736 2763 ab
758 2709 841 2764 eis
867 2716 1211 2764 ornamento
1233 2729 1295 2767 se
1315 2713 1586 2784 spoliare,
1612 2717 1830 2771 monita
1852 2717 2118 2786 ipsorum

471 2799 542 2853 ad
559 2799 876 2854 doclrinam
893 2798 1202 2870 practicam
1216 2805 1537 2874 spectantia
1553 2804 1697 2864 bano
1715 2806 1840 2860 vitas
1853 2807 2119 2861 instituto

473 2887 720 2954 elevare,
745 2895 800 2943 et
829 2906 1096 2946 sermone
1127 2908 1270 2947 sano
1302 2896 1467 2964 quasi
1488 2911 1766 2964 resecare,
1786 2901 1852 2950 ut
1881 2895 2119 2950 brachia

469 2982 668 3035 omnia
699 2979 817 3035 sint
846 2982 1058 3050 excisa,
1092 2982 1200 3038 hoc
1231 2991 1339 3050 est,
1370 2993 1655 3060 praecepta
1687 2989 1943 3060 practice
1971 3004 2114 3043 sano

466 3084 737 3122 sermone
768 3071 1144 3124 confutentur
1171 3073 1363 3142 pravis
1393 3075 1768 3131 documentis
1800 3075 2022 3140 divisis,
2057 3077 2115 3129 et

465 3155 859 3225 particulatim
909 3161 1200 3228 expensis.
1235 3163 1342 3215 Sed
1394 3163 1533 3232 quia
1564 3181 1596 3218 a
1640 3165 1831 3234 pravis
1878 3162 2110 3217 deducti

464 3243 703 3298 fuerunt
732 3261 834 3315 per
858 3245 1006 3300 viam
1031 3246 1229 3318 latam,
1254 3250 1382 3306 ideo
1404 3231 1501 3306 eos
1526 3231 1958 3323 qui—probatum
1982 3252 2110 3306 vite
2143 3231 2185 3299 Ο

463 3347 650 3402 genus
681 3340 820 3387 sunt
862 3334 1135 3405 amplexi,
1170 3337 1441 3407 plangere
1473 3342 1528 3394 in
1563 3340 1770 3410 plateis
1811 3341 2000 3410 jubet,
2034 3342 2106 3398 ob

465 3421 812 3476 suavitatem
861 3439 1055 3479 rerum
1088 3426 1301 3495 quibus
1353 3430 1421 3482 ad
1472 3427 1826 3500 voluptatem
1879 3430 2108 3501 pellecti

463 3513 621 3574 sunt,
678 3509 1076 3578 pcenitentiam
1129 3520 1390 3583 agentes,
1437 3516 1704 3586 lugentes
1753 3519 1992 3590 quidem
2047 3519 2107 3574 in

463 3595 656 3668 platea
687 3597 1049 3670 inquirentes
1069 3617 1201 3657 vero
1222 3603 1374 3658 viam
1405 3612 1714 3676 angustam
1739 3612 1795 3661 et
1820 3607 2108 3678 strictam,

462 3691 528 3740 ut
558 3687 901 3757 pcenitentia
931 3689 1038 3744 rite
1066 3697 1320 3762 peracta,
1345 3693 1882 3768 circumcingentur
1901 3698 2106 3765 saccis,

467 3781 821 3846 sumptoque
879 3776 1114 3849 lugubri
1175 3779 1399 3847 habitu,
1433 3783 1692 3839 efficiant
1747 3791 1810 3840 ut
1864 3803 1966 3858 per
2016 3803 2110 3842 res

465 3863 628 3934 ipsas
659 3864 917 3920 visibiles
957 3869 1168 3923 clamet
1198 3869 1457 3935 lumbus,
1490 3871 1548 3926 in
1580 3873 1652 3928 iis
1683 3872 1826 3930 locis
1873 3875 1932 3930 in
1980 3876 2114 3946 qui-

467 3951 578 4008 bus
609 3953 966 4020 aberravere,
991 3957 1346 4028 pcenitentiae
1367 3977 1486 4016 sua:
1508 3963 1756 4035 vestigia
1777 3963 2111 4036 relinquen-

465 4045 574 4098 tes.
609 4041 855 4115 Insuper
879 4047 1071 4117 ,‘super
1113 4048 1270 4104 omni
1304 4053 1456 4105 tecto
1487 4054 1544 4105 et
1575 4051 1630 4106 in
1666 4053 1942 4108 omnibus
1970 4053 2114 4109 vicis

468 4147 602 4186 cum
637 4131 772 4187 ﬂetu
806 4132 1031 4189 ululare
1056 4135 1209 4205 jussi
1243 4143 1402 4194 sunt.
1434 4143 1578 4194 Nam
1615 4140 1873 4196 excelsas
1903 4147 1959 4196 et
1988 4141 2114 4196 ina-

469 4236 576 4276 nes
600 4221 946 4294 disciplinas
967 4226 1189 4279 vocavit
1213 4231 1365 4282 tecta
1391 4243 1404 4282 :
1426 4233 1483 4282 at
1503 4229 1920 4300 cogitationum
1945 4231 2115 4302 quasi

469 4311 785 4366 divisiones
816 4311 974 4368 vicos
1007 4313 1340 4369 Moabitidis
1366 4315 1530 4370 dixit.

2215 583 2369 660 φωνή
2430 581 2618 650 αὐτῆς.
2662 579 2757 634 Διά
2813 583 2973 634 τοῦτο
3033 579 3067 646 ἡ
3131 573 3296 650 ὀσφὺς
3351 575 3450 641 τῆς
3509 566 3868 631 Μωαϐίτιδος

2219 671 2341 746 βοᾷ,
2371 673 2406 740 ἡ
2461 671 2615 745 ψυχή
2667 668 2836 738 αὐτῆς
2886 667 3169 743 γνώσεται·
3203 666 3238 733 ἡ
3297 659 3490 738 καρδία
3538 669 3636 730 τῆς
3696 667 3865 714 Μωα-

2216 755 2423 820 ϐίτιδος
2479 761 2581 834 βοᾷ
2636 757 2686 812 έν
2749 759 2911 829 έαυτῇ
2993 752 3096 816 ἕως
3167 753 3392 827 Σηγώρ.
3442 749 3689 823 Δάμαλις
3761 749 3865 823 γὰρ

2213 850 2434 922 τριετής
2495 847 2634 902 ἐστιν
2691 845 2778 900 ἐπὶ
2835 848 2933 910 τῆς
2991 837 3294 903 ἀναϐάσεως
3343 847 3443 910 τῆς
3495 836 3662 894 Aoch

2219 938 2359 1013 Πρὸς
2437 939 2495 992 σὲ
2567 935 2848 998 κλαίοντες
2919 928 3277 1003 ἀναϐήσονται
3350 931 3420 1001 τῇ
3494 925 3606 1000 6δῷ
3664 928 3868 1013 ’Δρου-

2215 1011 2401 1100 νιείμ⁹
2467 1027 2568 1100 βοᾷ
2643 1025 2956 1099 σύντριμμα
3027 1023 3114 1078 καὶ
3177 1018 3520 1091 συσσεισμός.
3578 1016 3658 1073 Τὸ
3718 1011 3867 1088 ὕδωρ

2215 1124 2318 1186 τῆς
2353 1110 2570 1191 Νεϐρὶμ
2600 1112 2806 1189 ἔρημον
2854 1112 3023 1168 ἔσται.
3072 1111 3278 1185 Χόρτος
3333 1107 3434 1184 γὰρ
3484 1103 3712 1180 χλωρὸς
3772 1103 3872 1156 οὐκ

2217 1201 2386 1261 ἔσται.
2433 1207 2521 1274 Μὴ
2581 1204 2673 1258 καὶ
2723 1203 2867 1258 οὕτω
2930 1198 3123 1274 μέλλει
3181 1199 3455 1266 σωθῆναι;
3489 1194 3705 1263 Ἐπάξω
3765 1192 3868 1267 γὰρ

2217 1293 2305 1348 ἐπὶ
2362 1294 2459 1362 τήν
2522 1291 2771 1370 φάραγγα
2827 1285 3096 1366 Ἄραϐας,
3153 1285 3243 1341 καὶ
3290 1283 3713 1370 καταλήψονται
3771 1280 3869 1370 αύ-

2215 1386 2338 1454 τήν.
2375 1365 2606 1454 Συνῆᾡεή
2643 1365 2743 1456 γάρ
2799 1383 2835 1450 ἡ
2901 1379 3002 1455 βοή
3060 1377 3122 1431 τὸ
3172 1376 3323 1450 δριον
3381 1379 3479 1442 τῆς
3514 1365 3870 1456 Μωαϐίτιδος

2217 1478 2316 1540 τῆς
2378 1469 2618 1542 Γαλλὶμ,
2660 1455 2764 1524 καὶ
2849 1465 3164 1541 ὀλολυγμὸς
3236 1462 3429 1542 miriﬁci
3482 1461 3551 1515 Τὸ
3611 1455 3668 1512 δὲ
3724 1455 3871 1530 ὕδωρ

2217 1525 2568 1630 τδνΔεηϐὼν.
2607 1525 2980 1628 πλησθήσεται
3040 1525 3292 1628 αἵματος.
3354 1525 3563 1622 ίιῖπάξω
3621 1549 3730 1622 γάρ
3785 1545 3870 1600 ἐπὶ

2221 1643 2439 1718 Δεηϐὼν
2500 1641 2763 1723 Ἀραϐας,
2810 1646 2900 1700 xui
2958 1644 3073 1720 ἀρῶ
3139 1643 3200 1697 τὸ
3253 1638 3466 1715 σπέρμα
3521 1631 3723 1707 Μωὰϐ,
3785 1634 3870 1688 καὶ

2222 1734 2454 1809 Ἀραήλ,
2534 1735 2623 1790 καὶ
2696 1735 2758 1789 τὸ
2831 1731 3182 1804 κατάλειμμα
3264 1726 3475 1801 Ἀδαμᾶ
3557 1723 3871 1791 ἀποστελῶ,

2221 1826 2295 1887 ὡς
2355 1825 2550 1901 ἑρπετὰ
2605 1823 2693 1879 ἐπὶ
2753 1823 2853 1891 τὴν
2909 1829 3034 1897 γῆν.
3069 1819 3192 1877 Ἐπὶ
3246 1820 3345 1887 τὴν
3392 1815 3529 1872 κατᾶ
3578 1814 3709 1870 Θεὸν
3773 1811 3872 1867 λύ-

2218 1935 2327 1984 πην
2385 1913 2678 1988 προτρέπει
2736 1910 2864 1973 τοὺς
2925 1909 3040 1964 άπὸ⁴
3082 1913 3190 1963 τῶν
3237 1907 3487 1962 έπινοιῶν
3529 1902 3875 1988 τοῦάνθρω-

2217 2003 2378 2057 πίνου
2610 2005 2705 2056 νοῦ
2765 1998 3154 2078 έσφαλμένους,
3185 1995 3275 2052 καὶ
3333 1994 3409 2068 μὴ
3468 1987 3873 2052 έπιδεδωκότας

2220 2093 2442 2156 ἑαυτοὺς
2474 2092 2544 2168 τῇ
2577 2090 2816 2170 ὠφελείᾳ
2860 2095 2957 2146 τοῦ
3017 2087 3350 2160 Πνεύματος,
3375 2081 3468 2137 ἵνα
3527 2078 3875 2170 ὀλολύξωσιν

2221 2185 2306 2239 ini
2337 2184 2436 2252 τήν
2465 2163 2566 2259 γῆν
2598 2163 2707 2238 τῶν
2740 2177 2954 2254 λοιμῶν
2987 2175 3350 2234 διδασκάλων.
3385 2173 3492 2259 Τὴν
3535 2171 3640 2246 γὰρ
3681 2163 3874 2226 Ναϐαῦ

2222 2271 2448 2334 τούτους
2482 2257 2581 2345 μοι
2613 2267 2763 2326 δοκεῖ
2792 2271 2820 2324 ὀ
2852 2266 3026 2344 λογος
3079 2263 3428 2331 αἲνίσσεσθαι,
3463 2257 3552 2315 διὰ
3585 2259 3648 2312 τὸ
3697 2258 3875 2332 ἑρμη-

2226 2359 2469 2424 νεύεσθαι
2501 2361 2600 2428 τὴν
2662 2353 2852 2416 Ναϐαυ
2902 2354 3228 2432 έγκαθισμόν
3425 2347 3543 2405 Εἰσὶ
3587 2347 3692 2422 γάρ
3740 2366 3879 2406 τινες

2225 2450 2276 2504 οἱ
2312 2450 2445 2522 μετᾶ
2487 2446 2686 2504 δολίων
2742 2445 3091 2521 σοφισμάτων
3143 2438 3581 2516 ἐγκαθεζόμενοι,
3615 2435 3710 2489 καὶ
3759 2440 3878 2494 ταῖς

2224 2545 2415 2600 κακαῖς
2448 2535 2698 2611 ὁμιλίαις
2728 2536 2903 2590 αὐτῶν
2933 2531 3037 2589 ἔσθ’
3069 2532 3159 2586 ὅτε
3215 2529 3519 2608 φθείροντες
3570 2524 3682 2595 ἤθη
3733 2544 3876 2598 χρη-

2226 2629 2344 2686 στά.
2378 2632 2468 2682 Δεῖ
2497 2625 2588 2681 οῦν
2625 2622 3046 2699 μεταμελεῖσθαι
3077 2622 3204 2682 τοὺς
3247 2624 3366 2679 τοῖς
3413 2620 3682 2690 πονηροῖς
3741 2613 3875 2668 έκει-

2224 2737 2331 2770 νων
2387 2717 2815 2790 μαθητευθέντας
2874 2711 3129 2788 δόγμασι,
3177 2707 3266 2764 καὶ
3325 2704 3610 2774 ὀλολύζειν
3659 2702 3752 2757 ἐπὶ
3806 2705 3872 2774 τῇ

2226 2803 2548 2876 διδασκαλίᾳ
2573 2803 2652 2881 ἔφ’
2761 2803 2896 2878 μέγα
2942 2795 3224 2888 έφρὸνουν.
3255 2799 3429 2888 Τοῦτο
3467 2795 3569 2888 γάρ
3621 2791 3736 2888 ἔστι
3788 2791 3870 2888 το,

2226 2895 2346 2950 Ἐπὶ
2406 2896 2583 2964 πάσης
2615 2879 2884 2970 κεφαλῆς
2935 2887 3301 2968 φαλάκρωμα,
3329 2886 3392 2940 τὸ
3432 2885 3558 2944 τοὺς
3621 2879 3871 2970 διδασκάο

2225 2983 2354 3045 λους
2385 2969 2759 3060 ἀπορρίπτειν,
2791 2981 2879 3036 καὶ
2911 2977 3150 3055 γυμνοὺς
3183 2981 3280 3032 τοῦ
3311 2975 3402 3030 ἀπ’
3430 2973 3606 3027 αὐτῶν
3655 2969 3870 3041 κόσμου

2223 3074 2444 3135 ἑαυτοὺς
2473 3058 2670 3140 ποιεῖν,
2699 3069 2788 3126 καὶ
2848 3067 2937 3124 διὰ
2990 3075 3090 3136 τῆς
3141 3067 3344 3140 ἀγαθῆς
3394 3061 3678 3120 πολιτείας
3729 3058 3869 3128 ἐξευ-

2220 3162 2451 3231 τελίζειν
2478 3161 2571 3224 τὰς
2606 3159 2822 3215 έκείνων
2859 3159 3136 3227 ὑποθήκας
3192 3159 3300 3210 τῶν
3354 3154 3664 3227 πρακτικῶν
3721 3146 3868 3202 διδαη

2221 3251 2466 3327 γμάτων,
2496 3249 2584 3305 καὶ
2615 3248 2780 3304 οἱονεὶ
2837 3245 3186 3320 κατατέμνειν
3245 3248 3324 3315 τῷ
3379 3243 3518 3315 ὑγιεῖ
3576 3238 3755 3327 λόγῳ,
3779 3236 3871 3327 ἵνα

2219 3325 2321 3394 ὦσι
2373 3339 2568 3400 πάντες
2623 3338 2910 3414 βραχίονες
2957 3333 3449 3407 κατατετμημένοι,
3481 3326 3787 3393 τουτέστιν,
3819 3325 3871 3377 αἱ

2218 3428 2509 3504 πρακτικαὶ
2553 3413 2823 3495 ὑποθῆκαι
2852 3429 2931 3497 τῷ
2964 3423 3255 3499 ὑγιαίνοντι
3299 3418 3454 3492 λόγῳ
3505 3416 3581 3479 εἲς
3638 3413 3868 3488 ἔλεγχον

2219 3517 2484 3592 ἀγομεναι
2537 3514 2626 3571 διὰ
2666 3519 2767 3584 τῆς
2813 3511 3148 3589 διαιρέσεως,
3199 3510 3285 3566 καὶ
3335 3515 3434 3577 τῆς
3479 3506 3622 3592 κατὰ
3670 3504 3866 3592 μικρὸν

2219 3588 2502 3676 ἐξετάσεως
2558 3610 2664 3659 τῶν
2726 3607 2903 3658 κακῶν
2933 3588 3330 3674 ῖδιδαγμάτων.
3377 3591 3602 3661 Ἐπειδὴ
3664 3589 3724 3646 δὲ
3782 3588 3873 3645 διὰ

2219 3702 2319 3764 τῆς
2368 3693 2630 3757 πλατείας
2679 3690 2808 3748 ὁδοῦ
2855 3690 3056 3766 ἤγοντο
3103 3689 3252 3763 παρὰ
3282 3691 3391 3740 τῶν
3422 3687 3708 3758 πονηρῶν,
3739 3679 3870 3734 τού-

2219 3803 2346 3845 τους
2377 3785 2490 3857 (27)
2518 3782 2611 3837 τὸν
2658 3775 3112 3857 βεϐασανισμένον
3155 3776 3274 3852 βίον
3318 3773 3734 3849 προῃρημένους
3781 3789 3868 3823 κε-

2221 3871 2366 3928 λεύει
2415 3871 2705 3927 κόπτεσθαι
2751 3870 2802 3924 έν
2849 3873 2966 3929 ταῖς
3013 3865 3318 3932 πλατείαις,
3351 3862 3439 3918 ἐπὶ
3487 3865 3555 3935 τῇ
3604 3864 3870 3935 ψυχαγω-

2219 3962 2312 4038 γίᾳ
2340 3965 2444 4015 τῶν
2477 3962 2614 4036 πρὸς
2662 3957 2866 4029 ἡδονὴν
2917 3956 3190 4032 φερόντων
3237 3951 3745 4038 μεταμελομένους,
3778 3946 3868 4001 καὶ

2222 4035 2594 4123 κοπτομένους
2632 4049 2726 4121 μὶν
2761 4047 2849 4102 έπὶ
2875 4049 2944 4120 τῇ
2981 4044 3230 4116 πλατείᾳ,
3263 4042 3618 4112 ἐπιζητοῦντας
3665 4035 3724 4092 δέ
3767 4038 3870 4105 τὴν

2225 4143 2413 4208 στενὴν
2445 4137 2535 4192 καὶ
2559 4131 3072 4210 τεθλιμμένην,ἵνα
3110 4135 3286 4207 ὀρθῶς
3341 4132 3723 4203 μετανοοῦντες
3776 4146 3874 4179 πεο

2228 4228 2561 4303 ριζώσωνται
2615 4227 2864 4293 σάκκους,
2905 4222 2994 4278 καὶ
3045 4222 3295 4285 πενθικὸν
3350 4212 3710 4277 ἀναλαϐόντες
3761 4218 3879 4284 (28)

2229 4319 2441 4393 σχῆμα,
2474 4315 2641 4370 οἱονεὶ
2669 4313 2758 4369 διὰ
2807 4313 2980 4368 αὐτῶν
3026 4315 3133 4367 τῶν
3186 4309 3478 4386 ὁρωμένων
3531 4307 3660 4380 βοᾷν
3706 4306 3878 4393 ποιή-

472 4418 607 4452 σωσι
661 4400 761 4468 τὴν
817 4399 1005 4476 ὀσφῦν,
1041 4398 1093 4454 δν
1149 4402 1230 4463 οἷς
1285 4400 1663 4473 ἐπλανήθησαν
1718 4403 1906 4467 τόποις
1963 4412 2062 4475 τῆς
2123 4391 2412 4480 μετανοίας
2471 4405 2669 4459 ἑαυτῶν
2725 4402 2794 4458 τὰ
2842 4399 2979 4477 ἵχνη
3038 4397 3566 4473 καταλιμπάκοντες.
3622 4393 3726 4450 Καὶ
3787 4391 3880 4447 έπὶ

471 4487 671 4551 παντὸς
727 4485 980 4560 δώματος
1033 4487 1420 4560 ἐκελεύσθησαν
1480 4490 1569 4545 καὶ
1609 4490 1663 4546 ἐν
1720 4494 1917 4556 πάσαις
1971 4500 2091 4558 ταῖς
2149 4494 2345 4571 ῥύμαις
2405 4491 2690 4562 ὀλολύζειν
2753 4493 2886 4565 μετὰ
2935 4488 3350 4563 κλαυθμοῦ.Τᾶ
3384 4486 3487 4561 γὰρ
3538 4482 3728 4557 ὑψηλᾶ
3785 4484 3878 4571 καὶ

470 4571 690 4631 διάκενα
743 4580 852 4630 τῶν
915 4576 1249 4650 μαθημάτων
1311 4576 1536 4651 δώματα
1593 4579 1875 4655 ὠνόμασε*
1909 4583 2004 4646 τὰς
2066 4565 2351 4638 δὶόῖονεὶ
2407 4580 2693 4659 διαιρέσεις
2749 4585 2859 4636 τῶν
2917 4578 3207 4653 νοημάτων
3270 4575 3444 4653 ῥύμας
3499 4580 3600 4643 τῆς
3651 4565 3883 4627 Μωαϐί-

465 4663 640 4728 τιδος.

535 4755 663 4812 296.
680 4755 808 4813 Sive
834 4756 1016 4830 igitur
1037 4758 1172 4832 quis
1192 4760 1523 4818 ascenderit
1541 4761 1600 4819 in
1621 4762 1965 4822 altitudines
1989 4781 2111 4838 quae

2295 4764 2422 4821 296.
2455 4759 2582 4821 E‘in
2629 4759 2722 4817 οῦν
2768 4781 2853 4823 τις
2896 4758 2985 4816 ἰπὶ
3033 4755 3344 4833 ὑψωμάτων
3393 4752 3605 4830 έγένετο
3650 4749 3879 4825 έπαιρο-

534 4924 556 4960 ⁸
587 4924 637 4982 ΙΙ
666 4925 794 4985 Cor.
824 4944 927 4999 vu,
962 4928 1046 4986 10.
1123 4930 1146 4966 θ
1173 4929 1198 4987 Ι
1221 4933 1347 4988 Cor.
1380 4948 1471 5002 xv,
1502 4933 1594 4989 33.

539 5097 992 5175 (214)119ccntior
1047 5105 1376 5160 Combcﬁsii
1436 5108 1613 5163 codex
1670 5111 1726 5163 et
1785 5108 1960 5175 editi,
2019 5108 2116 5161 τοῦ

467 5171 655 5253 nolite.
688 5172 797 5253 Alii
829 5180 948 5231 tres
981 5193 1148 5253 mss,
1177 5181 1276 5253 τῇς
1308 5175 1874 5253 Acu'l‘o.Voces_illas,
1898 5171 2115 5253 quibus

468 5244 851 5322 _h_ic_nomina
901 5249 1136 5322 propria
1187 5244 1613 5322 signiﬁcantur,
1663 5249 1831 5309 aliter
1858 5244 1934 5308 'iri
1983 5252 2114 5308 aliis

464 5315 633 5372 libris
664 5315 917 5388 scriptas
942 5315 1298 5378 invenimus.

538 5388 648 5460 (25)
685 5391 857 5467 Editi,
887 5391 1325 5467 toﬁﬁvﬂpibuou.
1359 5393 1613 5465 Uterque
1641 5393 1898 5450 Combef.
1923 5399 1980 5451 et
2013 5395 2112 5450 alii

466 5463 734 5536 ινθξὶτοῦ
764 5460 1126 5536 ἀνθρωπίνουξ

537 5533 649 5609 ςὲὃ)
679 5533 891 5590 Vocem
929 5533 1250 5609 έγκαθισμόν
1289 5533 1655 5609 reddidimus
1684 5537 1997 5594 sessionem.
2031 5539 2112 5595 Ea

463 5601 860 5681 enim'voxad
894 5601 1342 5681 exprimendum
1381 5607 1510 5677 ejus
1550 5605 1659 5663 loci
1692 5624 1931 5666 sensum
1964 5612 2110 5667 satis

464 5673 676 5732 idonea
701 5677 934 5736 videtur
947 5673 1130 5750 {cum
1160 5673 1476 5737 obscurum
1515 5694 1632 5736 non
1660 5681 1739 5738 sit
1766 5682 2110 5756 scriptorem

2226 5106 2552 5191 respexisse
2583 5105 2655 5191 ad
2686 5105 3022 5191 magistros,
3053 5102 3154 5176 qui
3183 5113 3633 5172 nonnunquam,
3667 5097 3886 5154 stanti-

2226 5177 2338 5234 bus
2369 5177 2700 5250 discipulis,
2733 5177 2956 5234 sedent.
3437 5244 3448 5253 .
3482 5241 3495 5254 ο
3816 5243 3843 5254 _

2295 5251 2407 5321 (27)
2442 5251 2524 5305 Ita
2574 5266 2717 5321 mss.
2763 5249 3028 5321 plerique
3076 5261 3298 5321 omnes.
3350 5244 3519 5309 Editi,
3573 5238 3720 5314 παρὰ
3771 5260 3885 5294 των

2295 5264 2407 5321 (ΖΙ)
2443 5264 2524 5305 ηε
2574 5266 2717 5306 mss.
2763 5264 3028 5374 plerique
3076 5264 3298 5302 omnes.
3350 5264 3519 5309 nam,
3573 5264 3720 5314 παρα
3771 5264 3857 5294 τω

2222 5324 2477 5397 πονηρῶν
2509 5320 2733 5383 τούτους
2773 5322 2919 5397 ἡγεμ
2953 5337 3094 5397 νων,-
3115 5317 3274 5397 haud
3307 5322 3480 5397 recte.
3701 5383 3740 5397 ῃ

2315 5342 2361 5390 ιη
2405 5342 2476 5374 ων
2509 5341 2733 5383 τουτους
2773 5341 3081 5395 ηγεμονων,
3116 5341 3272 5372 nauu
3309 5341 3480 5370 reue.
3793 5384 3806 5394 .
3845 5384 3859 5397 .

2315 5341 2668 5465 23p)__Veteres
2724 5394 2984 5465 quinque
3038 5384 3650 5465 libri,_&vu)tuowveui.
3701 5383 3883 5454 Edltt,

2220 5457 2599 5542 ἀναλαβόντες.
2655 5457 2906 5542 ibidem-
2939 5459 3298 5542 conjunction
3330 5457 3420 5542 aut
3470 5460 3616 5542 ειπερ
3669 5471 3883 5542 vocem

2221 5534 2387 5613 oiovsl
2415 5536 2630 5613 legitur
2665 5538 2726 5613 in
2776 5538 2929 5613 Reg._
2951 5527 3231 5613 secundo.
3263 5530 3525 5613 Subinde
3567 5527 3882 5613 Bagam}:

2219 5599 2540 5682 tius_,__Bo'q‘zv
2590 5599 2895 5682 ποιήσωσι,
2918 5611 3086 5678 bene,
3117 5610 3183 5661 ut
3229 5603 3399 5660 nobis
3428 5601 3681 5656 videtur.
3714 5599 3881 5656 Editi

2219 5685 2279 5738 et
2305 5679 2604 5754 alii'mss.,
2631 5679 2948 5753 ποιήσουσι.
