4134 6224
279 344 409 407 637

1003 367 1008 370 '
1107 347 1511 411 COMMENT.
1558 349 1638 410 IN
1682 349 1954 414 ISAIAM
1997 351 2504 417 PROPHETAM.
2550 356 2722 418 CAP.
2767 358 2898 420 XV.

3585 361 3702 421 638

298 495 476 548 μενων
507 475 642 530 κατᾶ
669 483 770 546 τῆς
803 476 1058 552 γνώσεως
1085 481 1182 533 106
1213 482 1368 547 Θεοῦ,
1403 477 1508 534 εἶτε
1562 477 1617 534 ἐν
1675 477 1944 536 διαλεκτι-

2061 501 2120 540 se
2153 485 2440 542 extollunt
2469 489 2748 544 adversus
2765 489 2866 544 Dei
2895 489 3200 545 scientiam
3235 491 3425 560 “,sive
3444 507 3695 564 occupa-

295 563 368 637 κῇ
400 586 512 619 τινι
547 565 724 640 Λόγων
776 562 1033 640 διαιρέσει
1086 567 1175 621 καὶ
1215 562 1628 639 προϐλημάτων
1690 569 1948 643 εὐκρινῶς

295 649 607 708 δοκούντων
657 650 1046 727 διαλαμϐάνειν
1103 657 1226 729 περὶ
1281 657 1506 710 ἑκάστου
1560 662 1668 712 τῶν
1726 679 1948 734 προκει-

295 741 498 815 μένων,
530 742 590 797 ἐκ
623 744 909 815 μετανοίας
953 743 1284 814 ὀλολυζᾶτω,
1313 743 1405 800 θίνα
1433 743 1704 822 πληρώσῃ
1736 747 1799 802 τὸ
1855 768 1947 822 γε·

291 831 641 907 γραμμένυν·
677 831 728 887 ἂν
761 839 878 894 ταῖς
911 831 1193 902 πλατείας,
1225 835 1314 888 καὶ
1347 832 1434 889 ἐπὶ
1487 840 1592 890 τῶν
1655 834 1944 910 δωμάτων,

291 923 386 976 καὶ
416 919 469 976 έν
503 924 618 995 (29)
649 924 848 983 πάσαις
878 927 996 984 ταῖς
1044 921 1241 998 ῥύμαις
1291 928 1388 978 106
1445 922 1616 998 λόγου
1673 926 1948 1000 προστάσ-

287 1031 487 1072 σοντος
517 1009 856 1086 κεκραγέναι.
885 1010 982 1065 Διὰ
1008 1016 1170 1066 τοῦτο
1224 1009 1282 1066 δὶ
1330 1010 1412 1067 δεῖ
1464 1017 1631 1068 ταῦτα
1682 1015 1945 1090 γίνεσθαι,

291 1098 486 1171 ἐπειδὴ
575 1100 832 1177 κέκραγεν
888 1098 1120 1158 Ἐσεϐών
1182 1106 1294 1177 (30)
1327 1122 1340 1136 ⁸
1403 1100 1634 1160 Ἐσεϐὼν
1698 1106 1792 1179 μὶν
1844 1107 1946 1183 γὰρ

291 1190 657 1266 ἑρμηνεύεται
715 1191 1009 1265 λογισμός
1064 1192 1299 1263 Ἐλεαλή
1357 1191 1433 1266 δὲ,
1484 1194 1617 1250 Θεοῦ
1668 1192 1944 1258 ἀνάϐασιςο

280 1281 465 1334 Ἰασσὰ
533 1278 613 1350 δὶ,
665 1285 917 1356 γεγονυῖα
965 1279 1182 1352 ἐντολή.
1225 1281 1489 1358 Κέκραγεν
1542 1283 1631 1338 06v
1690 1279 1947 1354 Ἐσεϐὼν,

294 1367 569 1438 τουτέστι,
628 1373 874 1445 φανερῶς
956 1367 1396 1445 διαμαρτύρεται,
1451 1371 1536 1426 ὅτι
1619 1373 1950 1449 ἀνθρώπινοί

295 1455 402 1511 εἶσι
437 1454 721 1531 λογισμοὶ,
753 1458 842 1512 καὶ
874 1458 940 1512 οὐ
999 1458 1156 1522 θείων
1213 1459 1525 1532 μυστηρίων
1581 1461 1951 1536 ἀποκαλύψεις

292 1547 366 1600 τὰ
429 1543 738 1621 διδάγματα
806 1548 912 1602 τῶν
990 1542 1319 1605 Μωαϐιτῶν.
1379 1549 1477 1606 Καὶ
1536 1549 1792 1621 Ἐλεαλή.
1855 1553 1950 1606 Καὶ

297 1633 438 1702 αὕτη
473 1631 563 1688 διὰ
589 1635 696 1688 τῶν
729 1637 1060 1710 πραγμάτων
1119 1638 1395 1713 κέκραγεν,
1429 1638 1511 1692 ὅτι
1571 1640 1704 1694 Θεοῦ
1759 1661 1950 1695 καταν-

297 1727 659 1798 αισχυντοῦσι
688 1723 778 1777 καὶ
827 1724 1241 1801 κατεπαίρονται
1296 1727 1349 1781 οἱ
1397 1726 1624 1790 ἐκείνοις
1672 1734 1786 1790 τοῖς
1847 1750 1950 1801 μα-

2057 577 2152 629 tus
2182 576 2356 630 fuerit
2379 576 2437 630 in
2461 575 2760 632 dialectica
2783 580 3035 650 quadam
3061 579 3370 650 partitione
3393 581 3700 636 verborum

2057 668 2114 717 et
2144 663 2591 734 problematum,
2625 683 2755 737 quas
2785 668 2855 722 de
2883 667 3133 738 singulis
3165 669 3340 723 rebus
3387 669 3704 740 pr0positis

2059 752 2332 809 distincte
2356 760 2606 810 tractare
2631 756 2922 826 videntur,
2957 756 3144 812 ululet
3172 758 3427 828 poenitus
3448 758 3662 813 ductus
3686 783 3700 826 ;

2059 846 2124 896 ut
2155 843 2308 912 quod
2342 844 2629 914 scriptum
2660 851 2748 899 est
2778 845 3036 916 impleat;
3071 846 3290 916 quippe
3320 847 3378 900 in
3413 847 3706 917 plateis,et

2057 945 2234 1000 super
2262 936 2436 999 tecta,
2468 939 2525 986 et
2548 932 2607 986 in
2629 933 2906 988 omnibus
2928 934 3066 988 vicis
3089 933 3403 990 clamorem
3427 936 3706 1005 edijubet

2059 1017 2375 1088 Scriptura.
2410 1020 2628 1076 Idcirco
2661 1028 2856 1076 autem
2918 1023 3036 1077 haec
3086 1022 3209 1076 fieri
3261 1029 3508 1094 oportet,
3565 1025 3705 1095 quia

2058 1106 2361 1176 clamavit;
2390 1109 2613 1164 Esebon
2647 1111 2891 1177 enim,si
2915 1110 3048 1181 quis
3078 1111 3510 1182 interpretetur,
3532 1117 3704 1168 sonat

2056 1197 2556 1266 ratiocinationem,
2587 1197 2777 1254 Eleale
2808 1207 3024 1265 autem,
3057 1201 3157 1254 Dei
3184 1216 3504 1269 ascensura;
3531 1201 3704 1256 Jassa

2059 1301 2214 1350 vero,
2265 1289 2472 1355 factum
2517 1293 2869 1357 praeceptum.
2920 1286 3202 1342 Clamavit
3247 1287 3423 1358 igitur
3450 1289 3700 1358 Esebon,

2059 1373 2168 1428 hoc
2199 1375 2355 1429 604
2397 1381 2505 1442 est,
2556 1375 2944 1430 Moabitarum
2994 1377 3345 1431 documonta
3392 1376 3703 1432 ratiocina-

2058 1463 2249 1518 tiones
2281 1464 2572 1518 humanas
2598 1479 2728 1519 esse
2761 1466 3068 1519 manifesto
3100 1465 3375 1534 declarat,
3408 1483 3522 1521 non
3554 1467 3705 1521 divi-

2063 1567 2272 1606 norum
2305 1553 2719 1622 mysteriorum
2753 1552 3152 1608 revelationes.
3185 1556 3246 1607 Et
3281 1554 3481 1608 Eleale.
3518 1559 3705 1625 Atque

2062 1639 2185 1695 hinc
2217 1641 2408 1712 reipsa
2439 1640 2730 1708 clamavit,
2765 1658 2862 1696 eos
2914 1643 3012 1712 qui
3063 1643 3136 1696 ad
3183 1641 3313 1696 illas
3363 1642 3706 1714 disciplinas

2063 1733 2318 1784 mentem
2379 1728 2704 1800 appellunt,
2761 1731 3040 1785 adversus
3096 1735 3278 1785 Deum
3337 1730 3710 1803 impudenter

301 1814 544 1884 θήμασιν
600 1813 828 1876 ἑαυτοὺς
878 1812 1234 1879 ἐπιδιδόντες.
1269 1817 1446 1874 Τοῦτο
1495 1817 1598 1891 γάρ
1654 1817 1787 1891 ἰστι,
1820 1824 1944 1875 Θεοῦ

2063 1833 2439 1888 agere,seque
2465 1823 2665 1873 contra
2695 1835 2830 1874 eum
2863 1819 3258 1874 eﬂ'erre.Hunc
3274 1819 3430 1874 enim
3463 1835 3707 1875 sensum

303 1897 587 1971 ἀνάϐασις,
738 1901 823 1957 ἐπὶ
909 1906 976 1959 τὰ
1054 1904 1163 1978 ὕψη
1227 1907 1341 1980 (31)
1415 1911 1516 1975 τῆς
1588 1907 1944 1984 ὑπερηφανίας

2061 1905 2284 1962 indicat
2314 1908 2411 1962 Dei
2438 1923 2714 1974 ascensus,
2747 1923 2848 1962 ceu
2886 1908 3121 1962 animus
3165 1909 3237 1962 ad
3282 1907 3568 1977 superbiae
3620 1911 3707 1976 fa-

299 1987 551 2064 ἔπαρσις.
614 1991 713 2046 Καὶ
781 1992 984 2050 Ἰασσά.
1037 1993 1101 2050 El
1168 1997 1256 2048 καὶ
1339 1991 1489 2048 δοκεῖ
1560 2001 1813 2070 γεγονυῖα
1876 1995 1956 2050 ἐν·

295 2078 445 2148 τολὴ
509 2079 664 2148 εἶναι,
698 2077 846 2135 ἀλλὰ
893 2081 1030 2137 κατὰ
1085 2081 1340 2153 ἀλήθειαν
1397 2082 1498 2138 οὐκ
1538 2082 1761 2155 ἐντολή·
1818 2104 1954 2159 σχη-

305 2169 582 2242 ματισμὸς
632 2166 689 2224 δέ
734 2190 818 2231 τις
863 2171 988 2244 περὶ
1049 2170 1164 2247 βίον
1196 2167 1494 2247 ἀκριϐείας,
1527 2173 1663 2247 πρὸς
1722 2173 1952 2228 πιθανό-

295 2277 444 2327 τητα
471 2258 562 2312 καὶ
592 2254 916 2334 παραδοχὴν
946 2263 1055 2314 τῶν
1085 2265 1341 2335 πονηρῶν
1393 2264 1504 2334 (32)
1551 2262 1656 2316 ἀπὸ
1705 2263 1802 2316 τοῦ
1855 2283 1952 2317 πο-

295 2349 475 2420 νηροῦ
533 2347 884 2420 φρονήματος
931 2343 1399 2421 ὑποϐαλλομένων
1452 2346 1819 2426 διδαγμάτων.
1854 2352 1951 2405 Διά

293 2437 467 2488 τοῦτο
527 2433 580 2488 έν
635 2440 752 2496 τοῖς
801 2434 1026 2490 κατόπιν
1088 2434 1342 2511 εἷ’ρηται⁶
1394 2439 1597 2499 Πάντες
1660 2440 1948 2514 βραχίονες

293 2522 770 2596 κατατετμημένοι
809 2541 820 2553 ⁶
849 2521 938 2578 ⁴’ίνα
991 2522 1046 2578 εἷ’
1092 2545 1177 2587 τις
1228 2526 1468 2602 πονηρὸς
1514 2523 1838 2589 διδάσκαλος
1896 2526 1948 2582 ἂν

294 2608 673 2683 ψευδοδοξίαις
704 2611 976 2682 ἐξαπατῶν
1006 2613 1100 2675 τὰς
1125 2615 1306 2689 ψυχὰς
1351 2620 1459 2668 τῶν
1510 2614 1810 2688 ἑπομένων,
1849 2616 1951 2691 βίῳ

295 2697 358 2754 δὲ
413 2697 589 2754 δοκῶν
639 2701 931 2776 προσέχειν
981 2703 1093 2776 (33)
1126 2700 1508 2778 ἀκριδεστέρῳ,
1542 2705 1594 2759 οἱ
1647 2703 1952 2778 μεταμεληο

293 2788 479 2851 θέντες
512 2788 600 2844 ὀπὶ
649 2794 730 2861 τῷ
775 2790 1011 2864 τοιούτῳ
1061 2788 1372 2864 διδασκάλῳ
1416 2792 1639 2856 ἑαυτοὺς
1687 2791 1948 2849 ἐπιδεδω-

290 2880 472 2946 κέναι,
506 2879 885 2952 κατακόψωσιν
919 2880 1120 2935 ἑαυτῶν
1165 2881 1258 2954 μὲν
1290 2880 1420 2945 τοὺς
1446 2883 1762 2957 βραχίονας,
1793 2903 1948 2937 τουτ-

296 2967 438 3038 έστι,
469 2966 531 3021 τὸ
587 2969 881 3041 πρακτικὸν
931 2967 1072 3032 εἶδος
1121 2977 1219 3039 τῆς
1265 2968 1567 3032 πολιτείας.
1600 2971 1947 3047 Ἀποκείρον-

290 3077 386 3110 ται
421 3053 480 3110 δὲ
509 3055 673 3111 αὐτοῦ
702 3057 865 3112 οἱονεὶ
894 3057 1098 3131 κόμην,
1121 3059 1209 3113 καὶ
1242 3056 1679 3134 ἀλλοτριώσουσι
1713 3061 1825 3133 (34)
1851 3065 1949 3115 106

293 3145 508 3199 ἑαυτῶν
565 3147 840 3218 σώματος·
877 3143 1015 3201 διότι
1067 3147 1184 3201 ἀντὶ
1237 3146 1480 3224 κεφαλῆς
1539 3147 1670 3203 εἰσιν
1704 3149 1756 3203 οἱ
1813 3169 1946 3224 προ-

2058 1996 2235 2066 sligia
2289 1996 2483 2051 elatus.
2533 1997 2595 2049 Et
2648 1998 2822 2052 lassa.
2881 1996 3000 2051 Etsi
3047 1997 3277 2052 videtur
3322 2011 3453 2051 esse
3498 1998 3709 2067 factum

2058 2089 2412 2155 praeceptum,
2437 2089 2630 2139 tamen
2657 2098 2854 2138 revera
2876 2090 3226 2154 praeceptum
3252 2083 3553 2154 impletum
3590 2102 3706 2141 non

2060 2178 2180 2227 est:
2202 2173 2302 2228 sed
2330 2177 2419 2228 est
2445 2171 2744 2228 simulatio
2775 2174 3040 2244 quaedam
3063 2173 3376 2246 diligentia
3402 2174 3557 2229 circa
3577 2175 3704 2229 vitae

2059 2261 2382 2329 rationem;
2416 2278 2532 2332 qua
2563 2277 2739 2332 prava
2771 2262 3122 2318 documenta
3153 2262 3224 2316 ab
3279 2262 3476 2317 animo
3529 2279 3704 2333 pravo

2059 2351 2609 2422 suggesta,suaderi
2634 2359 2692 2405 et
2720 2351 2905 2422 excipi
2935 2356 3169 2421 queant.
3190 2351 3328 2406 Eam
3361 2352 3434 2406 ob
3463 2367 3705 2408 causam

2060 2439 2283 2493 dictum
2316 2444 2404 2494 est
2433 2456 2613 2511 supra
2647 2443 2818 2495 Vens.
2838 2441 2874 2493 2
2898 2457 2911 2495 :
2933 2439 3132 2494 Omnia
3162 2439 3385 2495 brachia
3413 2442 3619 2506 excisa,
3639 2443 3704 2496 ut

2060 2527 2110 2582 si
2133 2528 2265 2599 quis
2299 2528 2489 2583 malus
2520 2529 2801 2601 magister
2823 2528 3201 2600 opinionibus
3228 2528 3390 2585 falsis
3409 2529 3703 2602 deceperit

2059 2621 2414 2672 sectatorum
2449 2617 2804 2684 animas,sed
2839 2617 3168 2672 accuratius
3198 2618 3329 2672 vitae
3360 2618 3700 2673 institutum

2058 2705 2332 2776 amplecti
2355 2705 2839 2774 videatur,tamen
2862 2704 2901 2758 ii
2923 2721 3072 2774 quos
3096 2705 3363 2777 paenituit
3384 2705 3702 2761 adhaesisse

2057 2793 2352 2862 ejusmodi
2379 2795 2686 2866 magistro,
2720 2798 2984 2849 resecent
3011 2810 3120 2848 sua
3145 2794 3406 2865 ipsorum
3438 2793 3699 2864 brachia,

2058 2881 2168 2937 hoc
2181 2882 2521 2951 est,vivendi
2539 2898 2724 2954 genus
2739 2885 3368 2953 practicum.Cesterum
3383 2882 3704 2937 detondent

2056 2973 2185 3041 ejus
2215 2971 2381 3042 quasi
2413 2987 2664 3034 comam,
2695 2987 2943 3041 eamque
2967 2987 3001 3025 a
3029 2986 3135 3024 suo
3182 2985 3421 3041 corpore
3468 2986 3701 3040 separa-

2056 3059 2206 3115 bunt
2229 3076 2243 3115 ε
2269 3060 2743 3131 quandoquidem
2767 3059 2866 3130 qui
2888 3057 3113 3129 corpori
3137 3057 3522 3113 Ecclesiarum
3555 3074 3700 3129 prai-

2061 3148 2359 3214 ﬂciuntur,
2388 3147 2566 3202 iidem
2618 3146 2741 3202 loco
2789 3146 2998 3218 capitis
3044 3150 3202 3201 sunt.
3251 3145 3451 3217 Itaque
3487 3147 3703 3201 clamat

292 3237 526 3294 εστῶτες
567 3238 665 3288 106
708 3235 964 3307 σώματος
1007 3239 1116 3290 τῶν
1160 3233 1527 3307 Ἐκκλησιῶν.
1554 3237 1661 3293 Καὶ
1704 3241 1791 3292 νῦν
1837 3237 1944 3293 τοί·

2061 3209 2379 3292 etiamnum
2409 3237 2600 3306 Jassa,
2632 3237 2788 3306 quod
2819 3209 3026 3305 ingens
3065 3234 3327 3290 studium
3353 3209 3528 3289 ὀἰκ-οε
3572 3233 3698 3290 vita!

293 3343 389 3375 νυν
459 3322 634 3377 Ἰασσὰ
678 3322 956 3399 κέκραγενο
990 3324 1072 3378 ὅτι
1131 3321 1322 3401 δέλεάρ
1355 3324 1464 3380 ἐστι
1513 3327 1650 3402 πρὸς
1693 3327 1794 3395 τήν
1845 3335 1944 3397 τῆς

287 3409 566 3480 ἀληθείας
595 3413 931 3483 πιθανότητα
961 3415 995 3482 ἡ
1027 3415 1163 3468 κατὰ
1187 3416 1288 3482 τὴν
1319 3412 1600 3470 πολιτείαν
1641 3412 1946 3470 ἐπιδεικνυ-

291 3499 435 3570 μένη
489 3502 602 3572 (35)
661 3496 928 3576 ἀκρίϐεια.
980 3506 1149 3557 Τοῦτο
1209 3500 1300 3556 οὗν
1354 3503 1462 3558 ἐστι
1520 3504 1581 3559 τὸ
1629 3502 1800 3559 αἴτιον
1849 3509 1946 3560 106

289 3586 589 3656 ὀλολύζειν
641 3589 776 3662 μετὰ
815 3588 1124 3664 κλαυθμοῦ,
1158 3591 1241 3646 ὅτι
1287 3590 1541 3669 κέκραγεν
1573 3587 1808 3649 Ἐσεϐὼν
1853 3592 1941 3648 καὶ

287 3673 533 3744 Ἐλεαλὴ
563 3673 667 3739 ἕως
698 3678 898 3734 Ἰασσά.

360 3767 496 3823 297.
551 3766 650 3821 Διὰ
704 3771 864 3822 τοῦτο
920 3769 956 3837 ἡ
1020 3767 1188 3843 ὀσφὺς
1244 3775 1346 3839 τῆς
1411 3765 1763 3834 Μωαϐίτιδος
1821 3773 1941 3846 βοᾷ.

283 3855 353 3911 Ἠ
417 3854 590 3932 ὀσφὺς
645 3855 941 3931 πολλαχοῦ
996 3857 1115 3912 ἀντὶ
1160 3861 1268 3914 τῶν
1319 3864 1640 3933 γεννητικῶν
1674 3855 1945 3933 λαμϐανε-

283 3961 422 3998 ται·
477 3946 599 4000 Ἔτι
652 3945 756 4020 γάρ
805 3944 858 4000 έν
903 3947 975 4018 τῇ
1021 3945 1185 4022 ὀσφύϊ
1230 3951 1331 4001 106
1393 3947 1596 4022 πατρὸς
1652 3947 1818 4004 αὐτοῦ
1871 3950 1939 4018 ἦν

284 4027 583 4106 (δηλονότι
661 4033 689 4088 6
763 4035 896 4089 Λευῒ
968 4039 1063 4090 τοῦ
1119 4030 1409 4112 Ἀϐραὰμ),
1471 4036 1560 4092 ὅτε
1616 4039 1942 4110 συνήντησεν

282 4121 462 4193 αὐτῷ.
520 4119 884 4196 Μελχισεδέκ.
945 4124 1043 4178 Καὶ
1101 4126 1374 4179 Ἔστωσαν
1432 4126 1487 4180 αἱ
1545 4125 1738 4204 ὀσφύες
1787 4127 1937 4200 ὑμῶν

281 4211 747 4286 περιεζωσμέναι.
826 4215 1098 4285 Νοοῦμεν,
1154 4211 1238 4267 ὅτι
1313 4211 1605 4269 αἰνίσσεται
1664 4213 1938 4270 συστεῖλαι

280 4299 384 4360 τὰς
416 4297 496 4360 είς
553 4298 806 4374 γέννησιν
856 4299 1224 4376 ὑπουργούσας
1289 4301 1507 4375 ὀρέξεις.
1539 4303 1614 4360 Τὸ
1663 4300 1753 4358 οὖν
1813 4304 1936 4358 πέν-

281 4399 381 4453 θος
424 4388 490 4443 τὸ
544 4387 882 4462 ἐπικείμενον
930 4393 1000 4463 τῇ
1047 4385 1378 4460 Μωαϐίτιδι,
1423 4388 1594 4446 αἴτιον
1650 4391 1934 4466 γινόμενον

276 4481 382 4531 106
415 4477 700 4553 σώφρονος
735 4477 876 4553 βίου,
915 4479 1014 4552 βοᾷ
1042 4477 1126 4532 ἐπὶ
1156 4481 1224 4553 τῇ
1259 4481 1372 4552 (36)
1401 4484 1611 4556 κραυγῇ
1653 4487 1754 4550 τῆς
1793 4481 1934 4538 Ἐσε-

2056 3327 2339 3381 rationem
2371 3325 2726 3391 adhibitum,
2758 3323 3003 3379 illicium
3037 3323 3334 3394 quoddam
3366 3323 3443 3378 sit
3471 3324 3542 3377 ad
3578 3339 3704 3393 per-

2054 3415 2418 3469 suadendum
2445 3413 2904 3468 veritatemﬂaec
2934 3417 3024 3467 est
3053 3412 3230 3482 igitur
3247 3428 3424 3467 causa
3443 3410 3704 3481 ejulandi

2055 3519 2190 3558 cum
2224 3502 2644 3574 planotu,quod
2676 3501 2946 3556 clamavit
2968 3500 3192 3556 Esebon
3214 3504 3271 3556 et
3298 3498 3488 3556 Eleale
3520 3515 3701 3571 usque

2053 3593 2246 3650 Jassa.

2121 3771 2248 3825 297.
2307 3774 2542 3842 Propter
2595 3768 2693 3825 hoc
2742 3769 2959 3824 lumbus
3007 3767 3321 3824 Moabitidis
3365 3767 3587 3823 clamat.
3629 3771 3694 3823 In

2052 3859 2348 3932 plerisque
2393 3857 2536 3914 locis
2582 3857 2820 3912 lumbus
2859 3857 3118 3912 sumitur
3177 3871 3280 3926 pro
3337 3855 3694 3926 genitalibus

2051 3947 2334 4004 membris
2367 3962 2380 4002 :
2412 3946 2599 4001 Adhuc
2643 3947 2794 4001 enim
2839 3948 2900 4000 in
2947 3945 3148 3999 lumbis
3196 3945 3370 4015 patri:
3415 3944 3506 3997 sui
3551 3952 3694 4010 crat,

2051 4037 2332 4093 nimirum
2391 4036 2522 4092 Levi
2571 4035 2727 4089 ﬁlius
2777 4034 3038 4100 Abrahae,
3087 4032 3310 4104 quando
3359 4031 3596 4087 obuiauit
3641 4033 3696 4088 ei

2047 4125 2443 4182 Melchisedech
2474 4125 2537 4180 “.
2571 4124 2662 4188 Et,
2691 4125 2802 4178 sint
2847 4123 3024 4176 lumbi
3065 4123 3239 4177 vestri
3284 4120 3571 4190 praecincti
3620 4119 3688 4176 ¹².

2049 4215 2445 4287 lntelligimus
2499 4212 2770 4282 indicari,
2829 4211 3124 4283 appetitus
3177 4210 3277 4280 qui
3330 4207 3692 4280 generationi

2046 4305 2448 4368 subserviunt,
2477 4303 2878 4374 reprimendos
2905 4300 3281 4355 esse.Luctus
3309 4298 3490 4370 igitur
3532 4297 3692 4353 Moa-

2046 4393 2219 4450 bitidi
2251 4390 2693 4461 imminens,qui
2724 4405 2901 4444 causa
2933 4393 3023 4443 est
3051 4392 3109 4443 et
3137 4387 3304 4459 origu
3335 4385 3692 4442 continentis

2047 4489 2104 4538 et
2124 4482 2351 4555 pudicae
2371 4481 2520 4545 vitae,
2545 4479 2762 4535 clamat
2783 4478 2856 4534 ob
2879 4477 3346 4532 vociferationem
3381 4475 3602 4531 Esebon
3634 4479 3693 4531 et

282 4561 398 4621 ϐῶν
453 4566 546 4622 καὶ
578 4563 816 4637 Ἑλεαλὴ
867 4567 956 4622 καὶ
1010 4566 1208 4625 Ἰασσά.
1242 4568 1308 4624 Ἠ
1354 4570 1506 4644 ψυγή
1539 4569 1732 4642 αὐτῆς,
1783 4569 1938 4647 φησὶ,

2061 4570 2241 4626 Eleale
2270 4575 2327 4625 et
2351 4569 2541 4625 Jassa.
2574 4568 2778 4623 Anima
2805 4567 2940 4638 ejus,
2971 4563 3182 4636 inquit,
3213 4567 3509 4635 cognoscet.
3559 4563 3693 4619 Jam

280 4655 578 4729 γνώσεται.
627 4652 771 4726 Ἤδη
821 4657 1105 4730 προκοπήν
1154 4660 1261 4711 τῶν
1303 4657 1373 4712 τὰ
1418 4659 1795 4733 προειρημένα
1851 4659 1939 4714 ἰπὶ

277 4747 351 4818 τῇ
412 4743 704 4817 μετανοίᾳ,
743 4742 1126 4816 πεποιηκότων
1185 4745 1214 4800 6
1267 4742 1429 4821 λόγος
1487 4744 1756 4823 ἐμφαίνει.
1815 4746 1936 4822 Καῖ,

289 4961 294 4964 ·
354 4955 403 4990 ιο
430 4953 480 5010 II
509 4951 637 5009 Cor.
668 4970 724 5024 ι,
754 4954 808 5010 5.
885 4954 928 4992 ¹¹
962 4954 1135 5012 Hebr.
1161 4973 1264 5027 vn,
1297 4957 1383 5012 10.
1460 4957 1506 4993 ³³
1537 4958 1672 5014 Luc.
1703 4973 1808 5026 xu,
1839 4958 1932 5016 35.

351 5181 468 5247 (29)
497 5178 736 5237 Codices
761 5183 903 5247 tres,
930 5178 1020 5234 καὶ
1051 5178 1160 5240 ἐπί.

347 5244 468 5322 (30)
501 5251 673 5322 Editi,
725 5244 961 5322 Ἐσεϐῶν
1003 5254 1092 5308 καὶ
1141 5250 1379 5322 Ἐλεαλὴ
1422 5252 1526 5316 ἕως
1572 5253 1768 5309 Ἰασσά.
1821 5255 1932 5310 Sed

272 5318 403 5387 illa,
438 5318 794 5399 καίᾞλεαλῂ
825 5318 954 5399 ἕως-
979 5323 1176 5395 Ἰασσά,
1211 5327 1269 5382 in
1304 5318 1449 5385 mss.
1483 5343 1600 5382 non
1632 5327 1934 5399 reperiun-

271 5400 408 5468 tur;
443 5398 517 5451 ob
541 5395 718 5466 idque
749 5394 1442 5468 delendajudiCavimus.

352 5467 475 5543 (31)
503 5465 693 5543 Codex
722 5482 895 5543 unus,
927 5465 1109 5543 latnt
1143 5467 1346 5543 ὑψηλά,

371 5539 468 5617 32)
499 5540 740 5617 antiqui
761 5543 902 5617 ‘tres
933 5539 1109 5617 _libri,_
1141 5539 1478 5617 πειρασμῶν.
1512 5541 1732 5598 Ibidem
1756 5541 1928 5617 editi,

270 5606 385 5664 ἀπὸ
446 5606 860 5686 1es_tv&vtlou,
890 5610 984 5686 ab,
1007 5606 1196 5671 animo
1237 5606 1498 5672 'adocrso.
1540 5617 1614 5670 At
1670 5606 1931 5686 quinque

272 5697 460 5752 mss"
486 5679 594 5738 ἀπὸ
623 5684 720 5737 106
743 5685 1011 5759 πονηροῦ.

2035 5702 2104 5757 τῖε

2048 4659 2349 4730 Scriptura
2377 4672 2754 4730 progressum
2784 4654 3038 4711 ostendit
3065 4653 3398 4724 eorum,qui
3421 4652 3698 4724 praedicta

2050 4764 2154 4822 per
2182 4746 2586 4821 paenitentiam
2616 4744 2872 4802 exsecuti
2903 4747 3061 4815 sunt,
3112 4742 3183 4799 Et
3230 4742 3335 4800 Cor
3379 4741 3698 4799 Moabitidis

2466 5182 2744 5258 προέχειν.
2775 5180 3202 5258 Libri‘veteres,
3232 5176 3546 5258 πρ-οσέχπειντ

2117 5249 2432 5329 (3§)_Editi,_
2465 5249 2855 5329 ἀποκείρωνται
2908 5250 2964 5329 δζ
2995 5249 3214 5329 ἑαυτοὺς
3273 5249 3445 5304 οἱονεί
3486 5249 3685 5329 κόμην,

2042 5321 2601 5454 καῖῗλὶὶοτριώσωσι.
2650 5321 2727 5382 ,λι
2779 5327 2964 5383 nostri
3009 5326 3270 5397 quinque
3318 5338 3461 5378 mss.
3514 5325 3578 5376 ut
3625 5321 3686 5375 in

2043 5416 2150 5454 con
2182 5417 2249 5454 ex
2282 5416 2339 5454 u.

2043 5416 2339 5455 conteXtu.

2113 5472 2229 5542 (35)
2261 5472 2499 5542 Codices
2547 5469 2789 5542 aliquot,
2813 5462 3208 5542 ἐνδεικνυμένῃ.
3241 5465 3354 5520 Nec
3385 5462 3469 5518 ita
3498 5459 3685 5517 multo

2041 5537 2427 5622 posted‘itité
2459 5537 2742 5622 δισφύςίᾼ).
2766 5557 2936 5622 φ88.,
2967 5541 3001 5608 ἡ
3030 5537 3218 5622 ὀσφύς.

2131 5616 2220 5686 36)
2252 5603 2494 5687 Antiqui
2523 5603 2638 5669 duo
2683 5612 2838 5681 libri,
2869 5603 3001 5681 τῆς(
3020 5603 3130 5666 Alii
3169 5612 3287 5664 tres
3318 5620 3453 5660 cum
3484 5603 3684 5675 editis,
