4074 6222
423 329 542 392 639

1374 331 1772 394 APPENDIX
1811 328 2139 392 OPERUM
2182 329 2248 390 S.
2290 329 2575 392 BASILII
2619 329 2895 391 MAGNI.

3722 335 3846 395 640

435 463 638 519 clamat
669 466 726 519 in
758 479 814 520 se
842 479 1011 534 usque
1060 464 1130 520 ad
1174 463 1362 535 Segor.
1415 467 1512 519 Est
1544 469 1736 521 autem
1783 465 1960 535 Segor
2015 461 2064 516 is

2198 465 2246 515 Ἠ
2297 460 2490 536 καρδία
2540 467 2640 530 τῆς
2693 455 3045 523 Μωαϐίτιδος
3104 463 3209 535 βοᾷ
3267 461 3320 516 ἐν
3381 463 3543 536 ἑαυτῇ
3739 461 3846 527 ἓως

433 553 560 624 ipse
591 551 754 608 locus
787 552 858 608 ad
891 570 1064 624 quem
1096 554 1202 609 Lot
1233 569 1263 610 e
1295 553 1564 610 Sodomis
1603 570 1898 626 egressus,
1948 568 2077 624 per-

424 641 622 697 venire
651 641 863 713 potuit.
896 641 1186 698 Volabant
1214 643 1370 699 enim
1406 643 1598 714 angeli
1632 644 1689 697 in
1725 647 1980 698 montem
2014 645 2079 696 ut

425 731 864 799 conscenderet,
895 731 1066 802 eique
1097 732 1369 788 dicebant
1431 749 1444 787 :
1504 731 1732 787 Salvam
1783 733 1872 803 fac
1926 734 2079 784 tuam

424 823 596 893 ipsius
653 824 925 878 animam.
987 825 1068 878 Ne
1122 823 1397 894 respicias
1450 826 1596 877 retro
1654 838 1672 875 :
1722 837 1821 875 nec
1867 828 1973 875 ste:
2020 820 2080 874 in

427 912 582 966 omni
608 911 1026 982 circumjacente
1056 913 1300 980 regione.
1336 913 1396 966 In
1428 914 1671 966 montem
1697 914 1750 965 te
1783 909 1980 979 recipe,
2012 923 2080 962 ne

425 1001 564 1070 forte
591 1000 758 1054 simul
786 999 1290 1072 comprehendaris.
1318 1000 1420 1055 Ille
1449 1007 1632 1055 autem
1659 999 1805 1054 dixit
1822 1015 1841 1051 :
1858 1001 2076 1067 Quaeso,

430 1090 678 1153 nomine,
706 1104 777 1144 ne
803 1089 1218 1160 apprehendant
1245 1105 1333 1144 me
1362 1089 1480 1146 hac
1508 1089 1692 1154 mala,
1741 1091 1793 1143 et
1839 1087 2077 1143 moriar.

431 1179 560 1232 Ecce
587 1179 780 1232 civitas
809 1179 927 1235 haec
955 1194 1123 1250 prope
1169 1180 1266 1245 est,
1317 1184 1379 1233 ut
1437 1179 1762 1248 confugiam
1810 1193 1906 1246 ego
1953 1176 2077 1231 huc.

428 1267 616 1322 Nonne
641 1282 817 1335 parvo
847 1271 955 1323 est?
977 1269 1037 1323 Et
1065 1269 1206 1323 vivet
1235 1269 1426 1324 animo
1452 1282 1576 1323 mea
1608 1267 1817 1322 “Eam
1849 1265 1921 1322 ob
1954 1280 2078 1321 rem

427 1358 698 1411 vocatum
729 1359 820 1412 est
847 1372 1060 1411 nomen
1088 1356 1274 1423 urbis,
1308 1356 1485 1427 Segor
1519 1373 1534 1411 :
1571 1356 1678 1411 hoc
1723 1359 1834 1425 est,
1879 1370 2076 1426 parva.

450 1443 674 1500 Clamat
703 1443 885 1516 igitur
911 1462 1010 1500 cor
1036 1444 1376 1500 Moabitidis
1410 1461 1595 1516 usque
1623 1445 1694 1500 ad
1724 1449 1920 1516 Segor,
1955 1459 2080 1514 quae

440 1549 599 1588 nunc
619 1532 676 1587 in
701 1533 1007 1588 Palestina:
1032 1533 1247 1589 ﬁnibus
1272 1534 1766 1603 jacet.Strenuam
1791 1533 1987 1603 itaque
2016 1548 2082 1587 ac

436 1620 732 1677 efficacem
788 1621 1212 1692 paenitentiam,
1272 1623 1390 1678 sive
1445 1638 1680 1694 gravem
1737 1621 1959 1676 luctum
2009 1619 2082 1676 ob

434 1726 680 1766 suorum
713 1709 1153 1766 malefactorum
1187 1711 1420 1784 plagam
1481 1712 1703 1767 editum
1755 1711 1826 1766 ob
1885 1708 2083 1765 oculos

436 1814 659 1870 ponens
689 1799 1011 1871 Scriptura,
1045 1799 1216 1855 nobis
1249 1800 1521 1872 patefacit
1562 1799 1958 1868 intervallum,
2011 1798 2082 1853 ad

434 1888 590 1960 quod
625 1905 812 1960 usque
840 1889 1146 1944 exauditus
1175 1895 1264 1944 est
1295 1889 1626 1945 Moabitidis
1659 1887 1895 1945 clamor.
1930 1889 2077 1944 605

433 1977 646 2033 Invitat
674 1981 873 2033 autem
907 1977 1270 2049 paenitentia,
1305 1982 1372 2034 ut
1405 1978 1537 2049 quis
1571 1977 1734 2050 prius
1764 1976 1822 2032 in
1855 1993 1918 2032 se
1953 1977 2084 2048 ipso

435 2064 667 2134 clamet,
695 2081 905 2137 corque
952 2083 1129 2122 suum
1182 2071 1484 2135 conterat;
1533 2065 1741 2122 deinde
1795 2066 1971 2120 etiam
2023 2068 2088 2120 ut

439 2153 791 2226 poenitentiae
825 2172 944 2211 sum
972 2155 1217 2211 modum
1247 2155 1608 2211 audiendum
1645 2160 2086 2225 curet,eumque

438 2246 644 2298 notum
673 2242 908 2313 efﬁciat,
928 2244 1000 2324 ad
1029 2244 1251 2300 bonum
1282 2243 1614 2316 exemplum
1647 2243 1778 2299 aliis
1811 2247 2087 2314 praestan-

441 2331 604 2387 dum.
644 2332 826 2387 Vitula
857 2334 1007 2388 enim
1032 2335 1197 2388 trima
1224 2337 1322 2399 est,
1358 2333 1463 2388 hoc
1511 2335 1619 2402 est,
1669 2332 1925 2403 perfecta
1973 2335 2084 2402 est,

441 2421 598 2492 quod
630 2421 702 2475 ad
748 2425 977 2476 aetatem
1028 2423 1257 2477 attinet.
1306 2421 1452 2477 Nam
1498 2421 1675 2476 trima
1729 2419 1913 2475 vitula
1961 2421 2085 2490 jam

441 2510 1015 2581 generare,jugoque
1046 2510 1260 2566 collum
1291 2509 1637 2566 submittere
1668 2510 2087 2580 potest.ltaque

443 2601 507 2651 ut
536 2597 739 2652 doceat
768 2599 824 2652 id
852 2599 1184 2670 eorum,qui
1218 2599 1472 2654 converti
1508 2598 2084 2670 possunt,proprium

437 2702 588 2752 esse,
622 2691 687 2740 ut
717 2685 979 2742 humana
1007 2693 1175 2743 aetate
1207 2688 1446 2759 perfecti
1483 2687 1600 2743 sint
1630 2691 1688 2742 et
1717 2686 1926 2752 adulti,
1959 2686 2089 2758 pol-,

436 2772 715 2846 leantque
747 2775 993 2842 ratione,
1028 2793 1144 2847 qua
1193 2793 1254 2832 se
1300 2775 1557 2832 veritatis
1597 2776 1744 2848 jugo
1797 2775 2086 2846 subjicere

438 2864 841 2933 possint,dixit
868 2864 1113 2920 vitulam
1143 2865 1516 2932 trimam.Qui
1542 2866 1700 2921 enim
1733 2881 1836 2937 per
1855 2869 2084 2920 aetatem

439 2953 701 3008 nondum
762 2957 1063 3010 assecutus
1120 2958 1210 3010 est
1266 2954 1590 3010 humanam
1647 2953 2082 3026 perfectionem,

439 3041 958 3114 necdumpossidet
977 3047 1230 3099 mentem
1249 3044 1691 3115 perfectam,sed
1713 3043 2088 3114 imperfectus

2189 549 2412 625 Σηγώρ.
2443 551 2591 604 ’Ἐστι
2624 546 2682 604 δὶ
2710 551 2745 618 ἡ
2799 551 2995 625 Σηγὼρ
3036 549 3194 620 αὕτη,
3232 549 3356 615 ἔνθα
3407 551 3528 608 Λὼτ
3570 552 3677 608 ἀπὸ
3740 560 3842 607 Σο-

2189 636 2375 712 δόμων
2409 637 2663 709 ἐξελθὼν,
2697 639 2892 713 φθάσαι
2925 636 3230 708 δεδύνηται.
3263 641 3332 697 Οἱ
3382 639 3476 712 μὶν
3521 643 3622 716 γὰρ
3684 639 3848 716 ἄγγε-

2189 726 2277 783 λοι
2305 723 2598 783 ἐϐούλοντο
2631 727 2710 790 εἷς
2739 730 2803 783 τὸ
2835 724 2962 802 ὅρος
2993 723 3322 799 ἀναϐαίνειν,
3353 729 3443 784 καὶ
3477 731 3628 784 εἷπον
3670 731 3840 802 αὐτῷ’

2191 821 2342 886 Σῶζε
2387 817 2485 886 τὴν
2565 818 2760 872 ἑαυτοῦ
2836 820 3046 893 ψυχήν.
3096 819 3187 887 Μὴ
3251 813 3585 895 περιϐλὲψῃς
3645 819 3722 883 εἷς
3781 821 3846 875 τὰ

2190 906 2390 974 ὀπίσω,
2443 904 2584 980 μηδὲ
2639 905 2764 980 στῇς
2821 905 2872 960 ἐν
2929 905 3072 981 πάσῃ
3128 910 3196 981 τῇ
3255 909 3578 984 περιχώρῳ.
3632 909 3727 970 Εἷς
3782 910 3846 964 τὸ

2190 991 2316 1072 ὅρος
2374 996 2573 1065 σώζου,
2633 997 2848 1070 μήποτε
2905 994 3407 1074 συμπαραληφθῇς.
3468 998 3530 1055 Ὁ
3584 995 3643 1052 δὲ
3700 999 3840 1052 εἶπε·

2190 1083 2415 1159 Διομαι,
2448 1084 2629 1160 Κύριε,
2667 1085 2742 1158 μὴ
2792 1079 3074 1160 καταλάϐῃ
3135 1106 3202 1158 με
3255 1088 3323 1140 τὰ
3375 1087 3533 1159 κακὰ,
3564 1086 3654 1141 καὶ
3709 1087 3848 1142 ἀπο-

2189 1175 2349 1233 θάνω.
2405 1171 2547 1232 Ἰδοὺ
2631 1176 2666 1243 ἡ
2755 1171 2921 1239 πόλις
2985 1172 3120 1246 αὕτη
3197 1173 3368 1250 ἐγγὺς,
3441 1179 3539 1231 τοῦ
3610 1197 3847 1255 καταφυο

2188 1269 2299 1340 γεῖν
2355 1284 2420 1338 με
2469 1265 2584 1338 (38)
2636 1261 2766 1320 ἐκεῖ.
2828 1263 2901 1320 Οὐ
2963 1263 3132 1338 μικρά
3187 1263 3296 1320 ἐστι
3323 1283 3336 1334 ;
3368 1263 3472 1322 Καὶ
3532 1267 3753 1336 ζήσεται
3809 1268 3846 1334 ἡ

2190 1353 2343 1428 ψυχή
2376 1373 2500 1425 μου.
2537 1351 2636 1407 Διᾶ
2662 1355 2826 1408 τοῦτο
2873 1349 3083 1423 ἐκλήθη
3113 1352 3178 1407 τὸ
3225 1347 3399 1426 ὄνομα
3447 1359 3548 1424 τῆς
3599 1351 3849 1422 πόλεως,

2194 1442 2414 1517 Σηγώρ’
2445 1439 2711 1514 τουτέστι,
2747 1439 2932 1514 μικρά.
2961 1443 3075 1512 Βοᾷ
3107 1439 3198 1496 οὗν
3229 1444 3263 1511 ἠ
3294 1439 3487 1517 καρδία
3532 1449 3632 1510 τῆς
3684 1449 3851 1498 Μωα-

2192 1525 2398 1594 ϐίτιδος
2442 1527 2547 1592 ’έως
2583 1530 2812 1606 Σηγὼρ,
2845 1529 2966 1598 ἥτις
3017 1529 3108 1584 ἐπὶ
3323 1536 3442 1593 τοῖς
3500 1531 3672 1606 ὁριοις
3731 1530 3845 1603 ἤδη

2190 1625 2362 1675 κεῖται
2410 1626 2512 1689 τῆς
2568 1617 2962 1688 Παλαιστίνης.
2994 1619 3102 1687 Τὴν
3154 1617 3248 1674 οὗν
3299 1619 3524 1695 ἰσχυρὰν
3569 1622 3655 1675 καὶ
3691 1619 3850 1676 εὔτο-

2191 1729 2282 1763 νον
2350 1708 2656 1781 μετάνοιαν,
2690 1707 2726 1776 ἢ
2779 1708 2872 1762 τὸν
2927 1707 3094 1783 βαρὺν
3152 1709 3372 1782 Θρῆνον,
3415 1710 3508 1762 τὸν
3581 1709 3686 1763 ἀπὸ
3742 1717 3850 1779 τῆς

2192 1797 2415 1874 πληγῆς
2473 1801 2579 1852 τῶν
2639 1801 2820 1858 κακῶς
2877 1795 3011 1868 αὑτῇ
3063 1795 3474 1874 πεπραγμένων,
3506 1795 3853 1871 ἐνδεικνύμε-

2193 1908 2285 1948 νος
2317 1887 2345 1941 ὁ
2373 1885 2563 1961 λόγος,
2595 1886 2657 1940 τὸ
2691 1883 2966 1958 διάστημα
2994 1887 3131 1958 ἡμῖν
3193 1886 3495 1963 ὑποφαίνει,
3539 1886 3703 1962 μέχρι
3757 1889 3849 1942 τί-

2193 1996 2284 2039 νος
2313 1975 2548 2044 ἀκουστή
2579 1974 2779 2051 γίνεται
2811 1976 2845 2043 ἡ
2881 1974 2982 2049 βοὴ
3022 1977 3122 2040 τῆς
3174 1970 3352 2031 Μωάϐ
3400 1977 3535 2049 (40).
3571 1974 3739 2030 Καλεῖ
3785 1974 3847 2031 δὶ

2194 2067 2229 2134 ἡ
2295 2065 2569 2135 μετάνοια,
2625 2064 2688 2118 τὸ
2740 2063 3006 2139 πρότερον
3065 2061 3116 2118 ἐν
3177 2063 3351 2135 ἑαυτῷ
3419 2085 3540 2119 τινα
3615 2065 3842 2140 βοῆσαι,

2193 2153 2284 2208 καὶ
2316 2153 2506 2208 ἑαυτοῦ
2533 2155 2817 2228 συντρῖψαι
2875 2153 2974 2220 τὴν
3031 2149 3278 2228 καρδίαν·
3313 2147 3497 2210 ἔπειτα
3551 2155 3641 2208 καὶ
3702 2155 3848 2230 ὑπὲρ

2192 2245 2290 2298 τοῦ
2347 2239 2543 2304 ἄλλοις
2600 2241 2794 2315 ἀγαθὸν
2852 2240 3095 2314 γενέσθαι
3150 2239 3478 2317 ὑπόδειγμα,
3521 2243 3848 2315 ἐξάκουστον

2195 2331 2385 2385 ἑαυτοῦ
2442 2328 2853 2398 κατασκευάσαι,
2908 2330 2999 2385 καὶ
3058 2328 3416 2404 δημοσιεῦσαι
3480 2331 3571 2386 τὸν
3635 2332 3850 2407 τρόπον

2193 2426 2293 2489 τῆς
2342 2418 2643 2492 μετανοίας.
2679 2417 2925 2492 Δάμαλις
2979 2419 3080 2495 γὰρ
3138 2422 3356 2494 τριετής
3411 2421 3852 2493 ἓστι,τουτέστι,

2192 2507 2378 2563 τελεία
2434 2507 2545 2563 ἐστὶ
2601 2509 2718 2563 καθ’
2777 2506 3022 2577 ἡλικίαν.
3058 2509 3119 2564 Ἡ
3175 2509 3280 2584 γάρ
3335 2510 3554 2584 τριετής
3605 2507 3854 2584 δάμαλις

2193 2595 2303 2667 ἤδη
2336 2601 2434 2651 τοῦ
2486 2601 2672 2673 γεννᾷν
2725 2594 2951 2671 δύναμιν
2997 2593 3137 2672 ἔχει,
3185 2599 3276 2653 καὶ
3319 2603 3414 2653 τοῦ
3471 2599 3692 2675 ὑπέχειν
3752 2600 3852 2654 τὸν

2193 2685 2477 2762 τράχηλον
2509 2687 2587 2757 τῷ
2620 2690 2782 2762 ζυγῷ.
2813 2689 2928 2742 Ἵνα
2959 2685 3049 2741 οὖν
3084 2683 3228 2762 δείξῃ
3262 2683 3398 2741 ἴδιον
3437 2691 3546 2760 (41)
3591 2692 3702 2743 τῶν
3753 2686 3853 2743 δυ-

2193 2775 2433 2848 ναμένων
2483 2775 2822 2854 ἐπιστρέφειν
2863 2776 2927 2830 τὸ
2972 2775 3352 2840 τετελειῶσθαι
3406 2778 3502 2850 μὶν
3549 2778 3685 2832 κατὰ
3742 2779 3851 2847 τήν

2193 2867 2289 2918 τοῦ
2320 2863 2609 2937 ἀνθρώπου
2641 2861 2891 2933 ἡλικίαν,
2922 2861 3068 2939 ἐχειν
3102 2861 3159 2920 δὶ
3185 2865 3277 2920 τὸν
3324 2863 3512 2941 λόγον,
3545 2863 3853 2939 δυνάμενον

2196 2946 2507 3007 ὑποϐαίνειν
2561 2957 2642 3026 τῷ
2701 2957 2848 3028 ζυγῷ
2891 2959 2992 3023 τῆς
3045 2952 3325 3026 ἀληθείας,
3359 2951 3544 3030 εἷ’ρηκε
3602 2953 3852 3029 δάμαλιν

2190 3047 2401 3117 τριετῆ.
2434 3042 2494 3099 Ὁ
2529 3041 2630 3118 γὰρ
2664 3043 2834 3115 μήπω
2866 3039 2956 3097 διὰ
2981 3048 3081 3112 τῆς
3107 3041 3327 3114 ἡλικίας
3353 3045 3416 3100 τὸ
3447 3045 3500 3100 ὲν
3532 3045 3856 3120 ἀνθρώποις

437 3135 528 3185 est
556 3131 629 3186 ob
662 3131 951 3186 minorem
983 3135 1235 3200 aetatem,
1285 3149 1476 3204 neque
1531 3133 1603 3188 ab
1653 3149 1720 3188 eo
1771 3133 2085 3204 exiguntur

2198 3129 2402 3186 τέλειον
2435 3130 2712 3206 ἐσχηκὼς,
2749 3128 2890 3204 μηδὲ
2917 3132 3007 3187 τὸν
3038 3136 3164 3187 νοῦν
3211 3133 3612 3208 ἀπηρτισμένον
3671 3128 3855 3209 ἔχων,

436 3217 793 3288 pcenitentia:
808 3235 1003 3290 opera.
1039 3203 1402 3292 Quapropter
1418 3225 1475 3277 et
1489 3221 1546 3276 in
1564 3220 1774 3277 Genesi
1792 3203 2085 3276 Abraham

2198 3218 2324 3276 ἀλλ’
2355 3203 2554 3292 ἀτελής
2588 3219 2698 3276 ἐστι
2733 3203 2822 3275 διὰ
2851 3222 3214 3296 σμικρότητα,
3246 3203 3372 3277 οὐδὲ
3418 3203 3746 3279 ἀπαιτεῖταϊ
3787 3203 3861 3279 τά

437 3321 472 3360 a
518 3304 634 3360 Deo
683 3305 918 3376 signum
969 3308 1322 3379 requirente,
1373 3314 1432 3364 et
1457 3309 1682 3365 dicente
1715 3325 1728 3364 :
1763 3311 2090 3366 Dominator

435 3395 682 3464 Domine,
714 3396 980 3465 quomodo
1009 3399 1182 3453 sciam
1211 3415 1297 3454 me
1347 3399 1717 3456 hareditatem
1766 3410 1930 3457 terrae
1973 3416 2091 3456 esse

437 3487 836 3554 accepturum?
890 3484 1043 3540 Deus
1101 3486 1247 3542 dixit
1295 3504 1308 3542 :
1354 3488 1554 3556 Accipe
1606 3488 1753 3544 mihi
1794 3490 2090 3560 juvencam

440 3574 667 3629 trimam
721 3581 772 3628 et
830 3575 1055 3631 arietem
1115 3580 1344 3631 trimum
1395 3578 1440 3613 ι⁴
1496 3593 1510 3632 :
1557 3578 1776 3649 quippe
1805 3577 1864 3632 in
1897 3578 2089 3634 tribus

437 3661 610 3718 annis
671 3662 1080 3733 perfectionem
1131 3664 1528 3721 constituebat
1581 3665 1974 3738 animalium,
2034 3670 2091 3723 et

438 3750 711 3807 idoneam
744 3753 1061 3823 generandi
1090 3753 1425 3810 facultatem
1458 3754 1843 3828 eligebat.Sed
1877 3755 2090 3813 turturi

438 3843 496 3895 et
521 3839 807 3898 columbae
829 3840 1056 3898 nullum
1074 3843 1432 3916 praescripsit
1453 3845 1734 3917 temporis
1755 3846 2086 3917 spatium“,

438 3929 596 4000 quod
628 3929 753 3986 haec
784 3931 1063 3988 animalia
1090 3948 1368 4005 generare
1399 3934 1600 3990 statim
1633 3933 1936 4007 incipiant.

510 4109 637 4164 298.
669 4111 733 4166 In
782 4126 1013 4166 ascensu
1072 4119 1261 4168 autem
1315 4112 1486 4168 [ιιιίιή
1537 4114 1726 4187 ﬂentes
1780 4113 2087 4170 accendent.

443 4196 642 4254 Fletus
672 4199 864 4255 bonus
893 4199 1129 4256 initium
1161 4205 1252 4257 est
1282 4200 1528 4270 laetitiae;
1563 4207 1619 4258 et
1647 4202 1908 4271 tristitia,
1961 4219 2090 4275 quas

441 4287 772 4343 secundum
808 4289 989 4344 Deum
1023 4293 1134 4357 est;
1166 4289 1403 4345 initium
1434 4295 1524 4345 est
1552 4307 1855 4363 ascensus,
1879 4297 1936 4348 et
1963 4295 2091 4364 ejus

441 4374 544 4444 qui
576 4375 648 4430 ad
681 4392 937 4447 superna
966 4376 1032 4432 ﬁt
1064 4379 1827 4449 progressus.0uamobrem
1857 4385 1915 4436 et
1943 4386 2093 4452 Apo-

440 4461 629 4518 stolus
654 4462 888 4519 laetatur
919 4481 1099 4522 causa
1124 4467 1454 4538 eorum,qui
1478 4467 1710 4524 fuerant
1739 4470 2087 4538 contristati,

2197 3306 2327 3384 ἔργα
2376 3316 2476 3380 τῆς
2560 3308 2860 3382 μετανοίας.
2913 3309 3007 3366 Διὸ
3080 3309 3172 3366 καὶ
3252 3310 3304 3366 ἰν
3356 3315 3426 3385 τῇ
3492 3313 3695 3367 Γενέσει
3754 3317 3864 3369 τοῦ

2199 3393 2450 3474 ’Λϐραὰμ
2482 3401 2771 3468 ζητοῦντος
2805 3404 3034 3472 σημεῖον
3077 3400 3224 3476 παρὰ
3267 3405 3366 3456 τοῦ
3413 3405 3566 3467 Θεοῦ,
3614 3402 3701 3456 καὶ
3762 3400 3865 3458 λε-

2195 3506 2424 3564 γοντος·
2486 3486 2728 3542 Δέσποτα
2811 3487 2994 3563 Κύριε,
3062 3488 3199 3544 κατὰ
3270 3490 3324 3544 τί
3395 3491 3700 3566 γνώσομαι,
3769 3490 3863 3547 ὅτι

2195 3573 2610 3651 κληρονομήσω
2665 3578 2766 3647 τὴν
2822 3583 2963 3651 γῆν;
3019 3578 3162 3634 εἶπεν
3227 3579 3340 3652 (42)
3397 3580 3425 3633 ὁ
3481 3578 3646 3640 Θεός”
3705 3574 3864 3636 Λάϐε

2201 3686 2294 3739 μοι
2351 3662 2586 3738 δάμαλιν
2659 3664 3025 3741 τριετίζουσαν
3096 3667 3185 3722 καὶ
3251 3668 3402 3742 κριὸν
3460 3667 3807 3740 τριετίζοντα
3842 3686 3862 3703 ο

2197 3753 2248 3810 ἐν
2271 3758 2389 3818 τοῖς
2416 3753 2589 3829 τρισὶν
2617 3753 2752 3809 ἔτεσι
2783 3755 2846 3810 τὸ
2873 3753 3085 3811 τέλειον
3121 3759 3227 3810 τῶν
3263 3756 3414 3824 ζώων
3445 3756 3532 3809 καὶ
3587 3755 3650 3810 τὸ
3703 3758 3864 3832 πρὸς

2197 3842 2444 3918 γέννησιν
2515 3840 2821 3914 ἰπιτήδειον
2903 3841 3286 3919 ἱκλεγόμενος.
3345 3846 3591 3920 Τρυγόνα
3648 3842 3705 3899 δὲ
3759 3847 3862 3901 καὶ

2198 3931 2514 4009 περιστεράν
2571 3932 2760 4008 χρόνῳ
2817 3933 2881 3988 οὗ
2912 3933 3276 4009 περιέγραψε,
3310 3930 3399 3987 διὰ
3447 3933 3511 3988 τὸ
3563 3932 3726 3998 εὐθὺς
3787 3935 3864 3990 τὰ

2201 4026 2314 4092 ζῶα
2341 4025 2508 4076 ταῦτα
2531 4028 2632 4092 τῆς
2659 4023 2964 4097 γεννήσεως
2993 4019 3274 4097 ἄρχεσθαι.

2267 4113 2394 4168 298.
2441 4109 2564 4166 Ἐπὶ
2623 4107 2680 4166 δὶ
2731 4117 2834 4182 τῆς
2889 4108 3196 4174 ἀναϐάσεως
3249 4117 3350 4181 τῆς
3404 4112 3571 4176 Λουῖθ
3628 4111 3870 4169 κλαίον-

2197 4220 2286 4265 τες
2335 4194 2724 4271 ἀναϐήσονται.
2759 4201 2939 4276 Ἀρχὴ
2993 4200 3329 4279 εὐφροσύνης
3373 4199 3482 4255 ἐστὶ
3523 4201 3584 4256 τὸ
3637 4202 3866 4258 κλαίειν

2197 4289 2406 4359 καλῶς,
2460 4288 2553 4344 καὶ
2608 4283 2920 4352 ἀναϐάσεως
2983 4289 3074 4344 καὶ
3135 4295 3423 4363 προκοπῆς
3494 4297 3591 4360 τῆς
3642 4289 3729 4345 ἐπὶ
3795 4294 3872 4347 τὰ

2201 4381 2396 4450 ἅνω,ή
2427 4379 2563 4434 κατὰ
2620 4379 2748 4435 Θεὸν
2804 4378 3062 4452 γινομένη
3123 4375 3295 4449 λύπη.
3329 4378 3422 4432 Διὸ
3477 4378 3566 4434 καὶ
3620 4380 3648 4435 ὁ
3681 4380 3864 4436 Ἀπό-

2201 4467 2396 4530 στολος
2450 4467 2788 4546 εὐφραίνεται
2820 4468 2933 4542 (43)
2964 4466 3071 4521 ἀπὸ
3125 4471 3234 4523 τῶν
3291 4464 3676 4541 λυπουμᾶνων,
3705 4469 3864 4540 ὁρῶν

439 4567 576 4607 cum
607 4551 826 4608 videret
855 4569 954 4610 eos
983 4554 1108 4610 suis
1139 4555 1326 4626 ipsius
1357 4556 1732 4614 sermonibus
1751 4559 1824 4614 ad
1848 4575 2085 4616 suorum

2203 4556 2279 4620 εἰς
2325 4554 2666 4627 συναίσθησιν
2741 4553 2970 4624 ἄγοντας
3035 4554 3166 4618 τοὺς
3229 4555 3422 4611 ἑαυτοῦ
3481 4555 3700 4630 λόγους,
3764 4557 3866 4612 καὶ

437 4638 786 4696 delictorum
818 4642 1239 4699 conscientiam
1272 4644 1456 4702 fuisse
1485 4646 1858 4717 adductos,et
1873 4649 1945 4703 ad
1962 4665 2092 4705 eam

439 4744 566 4803 quas
582 4730 908 4788 secundum
925 4732 1104 4789 Deum
1121 4737 1210 4790 est
1225 4733 1527 4791 tristitiam
1545 4733 1815 4792 inductos
1830 4736 2096 4804 “,videli-

2203 4645 2656 4721 ἑνεργαζομὲνους
2689 4643 2873 4708 αὐτοῖς
2924 4646 3023 4714 τὴν
3082 4645 3220 4700 κατὰ
3249 4646 3379 4701 Θεὸν
3437 4643 3618 4716 λύπην
3681 4648 3870 4719 μετά-

2202 4755 2354 4791 νοιαν
2388 4733 2465 4797 εὶς
2523 4735 2795 4808 σωτηρίαν
2839 4732 3283 4809 ἀμεταμέλητον.
3315 4735 3378 4788 Ol
3427 4735 3532 4812 γὰρ
3571 4733 3869 4798 κλαίοντες

512 4945 557 4982 ¹³
588 4945 728 5003 Gen.
758 4961 874 5060 χέε,
903 4947 1096 5005 47-20.
1176 4950 1223 4986 ¹⁴
1255 4948 1398 5006 Gen.
1427 4965 1521 5019 xv,
1552 4950 1608 5018 8,
1633 4949 1688 5006 9.
1766 4950 1809 4987 ¹⁵
1838 4949 1983 5008 ibid.
2014 4950 2069 5008 9.

2223 4951 2272 5008 ΙΙ
2302 4949 2433 5008 Cor.
2466 4964 2564 5020 vn,
2594 4949 2649 5005 9.

508 5143 1042 5221 (37)_quex¥un_us
1085 5164 1227 5221 cum
1277 5148 1472 5217 editis,
1504 5144 1555 5221 ἐν
1609 5145 1765 5221 αὐτῇ.
1797 5149 1914 5221 Alii
1945 5165 2090 5221 qua-

436 5213 1104 5294 tuor,'t_v_tautﬁ._liaud
1148 5220 1320 5294 longe
1369 5213 1554 5276 nostri
1602 5213 1773 5287 mss.,
1804 5219 1893 5275 καὶ
1944 5213 2092 5274 εἷπον

437 5284 604 5356 αὐτῷ.
633 5288 808 5356 Editi,
832 5284 923 5342 καὶ
956 5289 1131 5349 εἶπαν.

511 5359 625 5432 (38)
656 5360 741 5415 Ita
771 5366 1016 5432 uterque
1045 5362 1299 5419 Combef.
1333 5366 1390 5418 et
1418 5361 1515 5417 alii
1545 5365 1667 5418 tres
1698 5363 1946 5419 codices.
1967 5361 2091 5419 Vox

443 5431 526 5503 με
574 5431 660 5506 in_
683 5432 867 5506 _e_d_itis
926 5431 1310 5492 desideratur.
1380 5433 1529 5490 Nota
1594 5435 2086 5506 interrogationis,

441 5502 597 5579 apud
637 5502 776 5559 LXX
826 5506 1083 5576 ponitur,
1133 5507 1242 5562 hoc
1295 5506 1468 5579 modo
1520 5521 1534 5560 :
1590 5503 1667 5579 Οὐ
1725 5502 1892 5579 μικρά
1942 5502 2086 5579 tam

437 5578 828 5656 Narine‘parva
855 5579 1114 5656 esl?Sed
1162 5593 1268 5634 nec
1314 5578 1560 5656 Dacicus
1608 5577 1668 5633 in
1715 5577 2087 5656 Regiissuis

440 5645 764 5716 codicibus,
796 5664 903 5705 nec
934 5666 1040 5706 nos
1089 5650 1150 5706 in
1198 5649 1417 5706 nostris
1447 5646 1630 5704 talem
1677 5645 1875 5706 nota'm
1923 5650 2088 5706 inve-

2201 5163 2420 5203 nimus.

2271 5218 2383 5291 (39)
2413 5216 2653 5291 Codices
2683 5216 2922 5291 aliquot,
2954 5214 3029 5291 ἐν.

2295 5283 2384 5360 40)
2415 5289 2604 5346 Codex
2634 5283 2812 5360 unus,
2838 5283 2938 5360 τῆς
2970 5283 3340 5360 Μωαϐίτιδος.

2233 5357 2383 5444 ..(41)
2411 5362 2586 5434 Editi,
2619 5360 2702 5417 ὅτι
2732 5357 3052 5420 ἴδιονζνοι
3097 5357 3181 5417 ὅτι
3233 5363 3291 5419 in
3339 5377 3482 5420 mss.
3515 5379 3631 5420 non
3682 5380 3872 5437 repe-

2198 5437 2368 5558 m‘ig
2411 5502 2650 5564 Veteres
2681 5511 2932 5579 quatuor
2958 5503 3117 5573 libri,
3145 5499 3288 5558 εἶπεν
3322 5496 3400 5557 δι.

2269 5503 2382 5647 i433
2414 5575 2588 5647 Editi,
2634 5577 2981 5647 ηὐφραίνετο.
3011 5580 3088 5633 At
3135 5591 3278 5633 mss.
3312 5575 3400 5647 qui

2197 5664 2255 5700 νε
2257 5575 2382 5700 1(43)
2414 5575 2588 5648 Editi,
2634 5575 2981 5656 ηὗῖρραίνετο.
3011 5580 3088 5633 At
3135 5591 3278 5633 mss.
3312 5575 3597 5649 quinque,
3628 5575 3876 5656 εὐφραί-

2289 5666 2362 5700 αι.

2289 5666 2362 5702 αι.
3969 5679 3976 5683 ·

2271 5221 2288 5433 ἒ

2365 5219 2384 5433 ἒ
