4134 6224
287 408 398 468 641

1092 398 1498 462 GOMMENT.
1544 398 1626 459 IN
1668 398 1938 461 lSAIAM
1983 401 2491 463 PROPHETAM.
2539 402 2712 464 CAP.
2753 404 2886 464 XV.

3578 408 3694 468 642

283 538 375 593 ίπὶ
404 541 525 599 τοῖς
555 540 745 597 κακοῖς
795 528 1000 610 ἔργοις,
1054 532 1144 587 καὶ
1204 534 1322 593 ταῖς
1382 532 1573 594 κακαῖς
1602 528 1776 586 αὐτῶν
1834 532 1944 604 (44)

2073 537 2148 589 :et
2178 534 2248 589 ad
2283 533 2684 606 pcsnitentiam
2716 537 2786 591 ad
2820 534 3068 592 salutem
3093 537 3246 592 haud
3280 536 3693 608 pmnitendam.

284 625 575 694 διανοίαις,
625 623 805 680 οὐκέτι
839 623 936 696 μ’ὲν
982 615 1408 692 καταϐήσονται,
1447 616 1573 674 οὗδὶ
1603 617 1942 675 εἰσελεύσον-

2073 624 2196 678 iam
2230 623 2330 696 qui
2378 624 2580 696 lugent
2610 626 2683 680 ob
2732 643 2908 696 prava
2955 643 3149 698 opera,
3183 630 3239 682 et
3281 627 3354 682 ob
3399 642 3699 698 perversas

283 737 374 772 ται
403 716 478 777 είς
517 715 594 769 ’τὶ
638 714 924 768 κατώτατα
967 718 1069 782 τῆς
1107 717 1226 786 γῆς·
1274 702 1639 779 ἀναϐήσονται
1688 706 1745 764 δὶ
1775 707 1942 764 οἱονεὶ

287 803 628 881 χειραγωγίᾳ
677 805 746 876 τῇ
799 801 936 876 πρὸς
990 800 1051 856 τὸ
1109 801 1223 873 (45)
1280 795 1393 853 ἄνω
1448 798 1649 871 ὑψώσει
1691 801 1761 873 τῇ
1809 798 1946 855 κατὰ

289 895 422 950 Θεὸν
480 893 632 967 λύπῃ
683 891 1044 966 κεχρημένοι.
1101 891 1212 959 Boi
1269 885 1327 943 δὲ
1358 887 1669 963 σύντριμμα
1697 888 1787 942 καὶ
1819 909 1946 943 συσ-

290 982 538 1056 σεισμός.
593 983 653 1040 'O
711 982 812 1057 γὰρ
878 976 1152 1055 διελέγξας
1210 976 1299 1032 καὶ
1356 975 1732 1051 καθαψάμενος
1783 975 1946 1052 λόγος

289 1067 567 1146 συντρίϐει
623 1071 686 1126 τὸ
744 1070 984 1144 πονηρὸν
1045 1066 1322 1144 φρόνημα,
1352 1066 1441 1122 καὶ
1497 1067 1611 1121 οἷον
1637 1063 1802 1122 σάλον
1830 1069 1948 1123 τινὰ

287 1168 410 1224 τοῖς
440 1159 733 1236 λογισμοῖς
764 1165 880 1221 τοῖς
912 1161 1089 1220 κακῶς
1119 1156 1485 1233 έμπεφυκόσιν
1539 1156 1778 1228 έμποιεῖ,
1811 1157 1946 1232 πρὸς

288 1251 356 1308 τὸ
386 1251 513 1313 τοὺς
543 1251 636 1323 μὲν
663 1249 1049 1325 ἑκριζωθῆναι,
1097 1245 1223 1308 τοὺς
1256 1243 1313 1300 δὲ
1373 1245 1538 1320 ὑγιεῖς
1589 1247 1704 1318 (46)
1753 1244 1950 1322 λόγους

289 1341 734 1415 ἀντεισαχθῆναι.
817 1338 914 1392 Διά
976 1339 1137 1391 τοῦτο
1191 1332 1428 1410 Καρδίαν
1489 1335 1948 1409 συντετριμμένην

289 1430 386 1486 καὶ
470 1427 940 1500 τεταπεινωμένην
1025 1427 1052 1481 ὁ
1159 1426 1289 1488 Θεὸς
1383 1424 1484 1480 οὐκ
1583 1421 1950 1494 ὲξουδεοώσνι.

297 1516 701 1588 Συνεστηκυίας
753 1519 847 1590 μὲν
901 1517 1000 1590 γὰρ
1060 1515 1150 1570 καὶ
1206 1512 1435 1587 μηδέπω
1492 1511 1952 1586 διασαλευομένης

295 1616 402 1679 τῆς
429 1610 484 1664 ὲν
515 1612 593 1680 τῷ
622 1607 945 1682 ἁμαρτάνειν
977 1602 1162 1675 ἕξεως,
1222 1600 1344 1658 οὔτε
1401 1601 1727 1658 κλαύσονται
1776 1604 1958 1680 ἀμαρ-

297 1699 577 1765 τάνοντες,
638 1694 761 1750 οὔτε
790 1688 1156 1764 ἀναϐήσονται
1210 1693 1347 1767 πρὸς
1375 1693 1437 1747 τὸ
1466 1689 1598 1746 ἅνωο
1638 1712 1957 1768 συντετριμ-

305 1787 478 1859 μένης
534 1783 590 1840 δὲ
620 1791 721 1855 τῆς
758 1784 1046 1859 μοχθηρᾶς
1084 1779 1391 1850 διαθέσεως,
1419 1781 1507 1836 καὶ
1538 1780 1703 1836 οἱονεὶ
1737 1778 1957 1854 σεισμόν

302 1897 428 1931 τινα
457 1874 550 1930 καὶ
579 1872 775 1929 κλόνον
829 1872 915 1927 ἐπὶ
963 1875 1083 1934 τοῖς
1112 1875 1372 1946 πονηροῖς
1423 1867 1659 1944 δόγμασι
1706 1877 1805 1940 τῆς
1858 1874 1960 1945 ψυ-
1992 1898 2037 1962 Β

305 1972 418 2040 χῆς
469 1962 770 2030 παθούσης,
818 1961 1054 2030 ἀκουστή
1103 1959 1304 2035 γίνεται
1351 1961 1386 2028 ἡ
1443 1959 1570 2034 βοὴ,
1608 1959 1690 2014 ἔπ’
1721 1958 1962 2034 ὠφελείᾳ

304 2057 416 2107 τῶν
451 2050 800 2122 ἀκουομένων
812 2093 825 2105 .

380 2142 509 2196 299.
569 2140 639 2194 Τὸ
670 2136 816 2212 ὕδωρ
855 2144 955 2206 τῆς
1011 2131 1227 2212 Νεϐρὶμ
1282 2134 1487 2211 ἔρημον
1521 2133 1689 2193 ἔσται.
1739 2137 1817 2193 Τὸ
1857 2141 1959 2202 τῆς

307 2227 665 2304 ψευδοδοξίας
697 2225 866 2302 ὕδωρ,
924 2224 1188 2302 πρότερον
1221 2224 1466 2303 ἀφθόνως
1509 2225 1598 2279 καὶ
1644 2223 1789 2280 πολὺ
1841 2223 1957 2301 ῥέον

305 2319 396 2374 ἐπὶ
459 2312 639 2391 βλάϐῃ
690 2320 799 2371 τῶν
834 2313 1172 2388 δεχομένων,
1211 2313 1653 2393 ἀφανισθήσεται,
1683 2314 1840 2392 φησὶ,
1869 2316 1960 2370 καὶ

306 2403 516 2480 ἔρημον
567 2400 733 2460 ἔσται.
767 2404 828 2460 Εἰ
862 2401 919 2458 δὲ
966 2406 1030 2472 ἦν
1092 2400 1290 2458 εἰδέναι
1319 2403 1418 2471 τὴν
1454 2399 1678 2476 δύναμιν
1710 2409 1806 2457 τοῦ
1839 2404 1960 2458 ὄνο-

309 2516 506 2570 ματος,
567 2493 777 2570 ἱλήφθη
838 2491 898 2546 ἃν
929 2513 1011 2554 τις
1043 2492 1265 2570 ἀφορμή
1292 2492 1428 2567 πρὸς
1457 2493 1518 2546 τὸ
1570 2489 1784 2564 μᾶλΛον
1837 2504 1963 2556 καθ-

311 2583 520 2647 ικέσθαι
565 2588 664 2651 τῆς
697 2578 940 2644 διανοίας
965 2584 1064 2634 τοῦ
1114 2583 1460 2657 προφητικοῦ
1510 2583 1627 2648 νοῦ,
1659 2578 1748 2635 καί
1793 2581 1961 2656 ἒφαρ-

313 2673 578 2746 μόζεσθαι
630 2675 748 2732 τοῖς
807 2668 1084 2744 πράγμασι
1114 2668 1182 2723 τὰ
1218 2669 1271 2722 ὲν
1302 2673 1422 2731 τοῖς
1479 2667 1704 2741 ὀνόμασι
1754 2690 1961 2742 σημαι-

308 2760 539 2833 νόμενα.
600 2757 752 2826 Πλὴν
811 2756 895 2812 ὅτι
955 2755 1193 2812 ἐναντίον
1226 2756 1339 2811 ἐστὶ
1394 2757 1457 2810 τὸ
1501 2753 1647 2830 ὕδωρ
1677 2760 1837 2811 τοῦτο
1864 2761 1962 2813 τοῦ

310 2846 511 2910 ὕδατος
551 2853 650 2916 τῆς
710 2844 1084 2913 ἀναπαύσεως,
1143 2842 1224 2922 ἐφ’
1281 2843 1344 2899 οὗ
1404 2845 1646 2921 ἐκτρέφει
1694 2846 1722 2898 ὁ
1769 2845 1964 2919 Κύριος

310 2937 450 2999 τοὺς
481 2937 570 2991 ὑπ’
627 2934 790 2990 αὐτοῦ
822 2932 1308 3006 ποιμαινομένους*
1358 2934 1446 2988 καὶ
1489 2937 1586 2988 τοῦ
1638 2930 1848 3001 ὕδατος,
1900 2936 1963 2988 οὗ

314 3023 544 3081 δίδωσιν
594 3026 622 3079 ὁ
664 3023 859 3100 Κύριος
916 3027 1035 3084 τοῖς
1085 3021 1428 3077 πιστεύουσιν
1487 3022 1564 3083 εἰς
1615 3022 1800 3093 αὐτὸν,
1846 3022 1964 3078 οὗὸ

310 3112 666 3183 κπαξιωθείς
717 3116 884 3179 πιεῖν,
915 3108 1034 3186 ἔχει
1079 3111 1130 3165 ἓν
1159 3111 1332 3181 ἑαυτῷ
1358 3111 1540 3185 πηγὴν
1569 3107 1762 3173 ὕδατος
1793 3109 1964 3166 ἀλλο-

317 3203 490 3276 μένου
542 3200 618 3262 είς
649 3201 792 3270 ζωὴν
825 3199 1064 3256 αἰώνιον.
1101 3197 1254 3254 Οὕτω
1283 3196 1340 3254 δὲ
1387 3197 1592 3276 φαῦλον
1623 3199 1713 3253 καὶ
1745 3197 1963 3262 ούδενὸς

314 3289 467 3361 ἄξιον
524 3289 587 3344 τὸ
618 3286 761 3363 ὕδωρ
791 3292 976 3356 τοῦτο,
1009 3286 1092 3343 ὅτι
1124 3285 1276 3343 οὐδὲν
1310 3286 1451 3342 ἄλλο
1482 3289 1516 3358 ἢ
1549 3287 1748 3362 χόρτον
1783 3289 1963 3362 ἕκτρέ-

317 3400 410 3459 φει
460 3381 595 3452 (47),
655 3376 716 3440 ὅς
745 3378 835 3432 καὶ
886 3376 1050 3438 αὐτὸς
1098 3375 1196 3431 οὐκ
1245 3372 1410 3432 ἔσται.
1441 3376 1747 3444 Τουτέστιν,
1778 3378 1833 3431 αἱ
1863 3379 1970 3451 ψυ-

318 3469 447 3543 χαὶ,
479 3468 534 3521 αἱ
585 3466 685 3535 τὴν
733 3464 1064 3541 πρόσκαιρον
1092 3464 1295 3535 ταύτην
1325 3463 1413 3519 καὶ
1457 3463 1600 3539 ταχὺ
1636 3467 1969 3540 μαραινομέ-

317 3577 428 3628 νμν
487 3559 584 3610 τοῦ
633 3553 841 3628 κόσμου
890 3551 1044 3624 δόξαν
1076 3551 1521 3625 πεπαιδευμέναι,
1550 3552 1693 3626 ταχὺ
1725 3555 1969 3625 ἀπανθή-

323 3665 504 3712 σουσι,
534 3647 632 3698 τοῦ
662 3643 824 3698 οἱονεὶ
882 3639 1141 3718 ἄρδοντος
1171 3640 1331 3704 αὺτὰς
1361 3639 1526 3717 λόγου
1567 3642 1661 3717 ἑρη
1674 3642 1966 3715 μωθέντος.

321 3734 416 3801 Μὴ
465 3731 588 3786 καὶ.
618 3730 761 3787 οὕτω
823 3728 1016 3804 μέλλει
1072 3737 1341 3798 σωθῆναι,
1393 3730 1665 3784 Δείκνυσιν
1703 3731 1731 3784 ὁ
1783 3730 1967 3806 λόγος,

325 3818 412 3874 ὅτι
449 3815 729 3891 μέλλουσα
758 3820 1018 3888 σώζεσθαι
1073 3820 1108 3887 ἡ
1164 3813 1464 3886 Μωαϐῖτις,
1525 3815 1675 3880 ὁδοῖς
1723 3840 1830 3874 τισι
1877 3822 1967 3875 καὶ

314 3907 567 3982 ἀγωγαῖς
623 3909 734 3980 (48)
793 3908 1144 3976 σωθήσεται,
1227 3904 1316 3962 καί
1370 3912 1490 3970 τοῖς
1543 3905 1968 3984 έπιπονωτέροις

319 3993 683 4068 παιδεύμασιν
770 3997 1124 4070 έναχθήσεται
1181 3993 1257 4057 εἷς
1301 3993 1617 4068 σωτηρίαν.
1705 3997 1774 4050 Τὸ
1839 3997 1966 4072 γὰρ,

313 4084 644 4140 Ἀπολεῖται
729 4086 764 4154 ἡ
850 4079 1141 4156 Μοαϐῖτις,
1225 4084 1337 4152 καὶ,
1395 4084 1599 4146 Νυκτὸς
1658 4083 1965 4156 ἀπολεῖται,

311 4174 407 4228 καὶ
469 4171 568 4228 ὅσα
598 4171 744 4228 ἄλλά
773 4169 1005 4249 εἴρηται,
1035 4173 1170 4248 πρὸς
1197 4176 1363 4228 τοῦτκ
1394 4169 1509 4247 ἔχει
1539 4174 1638 4242 τὴν
1671 4174 1963 4253 ἀναφορὰν,

314 4263 399 4318 δτι
459 4266 628 4316 ταῦτα
680 4259 880 4336 γίνεται
938 4262 1076 4337 πρὸς
1130 4261 1192 4316 τὸ
1250 4267 1492 4331 σωθῆναι
1533 4261 1964 4334 αὐτήν.Ἐπάξω

314 4353 422 4426 γὰρ
478 4350 566 4405 ini
619 4351 718 4419 τὴν
779 4351 1028 4426 φάραγγη
1088 4344 1353 4425 ¹Ἄραϐας.
1409 4350 1476 4407 Οἱ
1538 4351 1633 4423 μὲν
1689 4353 1791 4427 γὰρ
1852 4354 1964 4426 (49)

311 4439 576 4516 πρότεροι
635 4435 724 4493 διὰ
782 4443 877 4493 τοῦ
928 4436 1217 4512 κλαυθμοῦ
1274 4439 1630 4509 σωθήσονται·
1695 4441 1746 4493 οἱ
1780 4438 1837 4494 δὲ
1865 4441 1965 4508 τὴν

311 4527 683 4603 ἀμετανόητον
742 4525 966 4603 καρδίαν
1010 4525 1251 4603 ἔχοντες,
1304 4525 1394 4582 διὰ
1436 4531 1532 4597 τῆς
1584 4528 1636 4583 έν
1667 4532 1775 4583 τῶν
1808 4528 1963 4604 Ἀρά-

2053 727 2191 768 suas
2223 713 2626 785 cogitationes,
2660 731 2774 770 non
2820 714 3074 786 amplius
3103 716 3476 783 descendent,
3511 734 3700 791 neque

2051 801 2460 872 ingredientur
2475 802 2534 856 in
2557 802 2794 858 infimas
2815 807 2981 859 terra
3007 808 3221 875 partes:
3239 805 3337 860 sed
3358 808 3695 878 ascendent,

2055 905 2122 946 ea
2135 907 2258 962 quas
2281 892 2603 947 secundum
2627 891 2810 947 Deum
2835 897 2924 948 est
2945 893 3186 949 tristitia
3204 898 3487 965 tanquam
3515 895 3698 950 admi-

2056 979 2249 1035 niculo
2281 981 2536 1052 quodam
2568 981 2680 1048 usi,
2715 998 2827 1053 quo
2879 980 3125 1037 evehant
3154 1000 3215 1038 se
3253 1000 3490 1039 sursum
3522 990 3580 1040 et
3609 989 3695 1041 at-

2055 1068 2283 1124 tollant.
2320 1071 2534 1126 Clamat
2563 1075 2755 1125 autem
2791 1071 3046 1126 contritio
3089 1075 3137 1126 et
3167 1075 3473 1129 concussio.
3505 1074 3707 1130 Sermo

2059 1156 2215 1212 enim
2260 1159 2357 1228 qui
2409 1158 2709 1230 redarguit
2737 1163 2795 1214 et
2846 1159 3141 1231 objurgat,
3172 1161 3418 1216 conterit
3466 1180 3704 1234 pravam

2063 1251 2404 1316 mentem,et
2422 1248 2853 1317 quodammodo
2875 1248 3260 1320 cogitationes
3274 1249 3476 1305 vitiose
3499 1251 3710 1307 insitas

2062 1335 2316 1407 exagitat
2340 1341 2397 1391 et
2424 1337 2772 1404 concutit,ut
2804 1337 2946 1409 ipsas
2975 1337 3213 1408 quidem
3246 1337 3528 1396 tollantur
3557 1341 3712 1396 radi-

2065 1424 2241 1492 citus,
2269 1425 2557 1481 sententia
2599 1441 2734 1482 vero
2785 1442 2916 1498 quas
2963 1443 3107 1482 sana
3157 1428 3235 1482 sit
3284 1427 3710 1486 introducatur.

2066 1515 2254 1581 Quare
2287 1513 2392 1569 Cor
2413 1516 2710 1570 contritum
2727 1522 2778 1570 et
2795 1515 3177 1582 humiliatum,
3211 1517 3368 1582 Deus,
3397 1533 3507 1572 non
3530 1517 3712 1589 despi-

2065 1605 2177 1659 cies
2233 1603 2296 1658 ¹”¹.
2356 1607 2501 1658 Nam
2561 1605 2837 1674 peccandi
2913 1603 3115 1659 habitu
3193 1609 3404 1675 stante,
3462 1607 3715 1662 necdum

2069 1707 2572 1762 concusso,neque
2593 1691 2814 1748 ﬂebunt
2835 1698 3380 1764 peccatores,neque
3402 1696 3720 1750 ascendant

2070 1782 2142 1836 ad
2176 1780 2514 1852 superiora;
2549 1782 2649 1836 sed
2681 1797 2857 1851 pravo
2890 1782 3097 1837 affectu
3128 1783 3399 1848 contrito,
3431 1787 3490 1838 et
3522 1781 3722 1839 anima

2069 1869 2250 1926 veluti
2291 1870 2737 1925 conoussionem
2782 1871 3103 1943 quamdam
3141 1875 3200 1927 et
3220 1872 3718 1943 perturbationem

2069 1959 2142 2014 ob
2174 1975 2444 2030 perversa
2472 1959 2750 2030 dogmata
2779 1959 3058 2031 patiente,
3095 1959 3332 2016 auditur
3378 1959 3616 2031 clamor,
3649 1961 3723 2015 ad

2069 2064 2272 2105 eorum
2293 2048 2401 2118 qui
2435 2048 2686 2104 audiunt
2713 2048 3052 2104 utilitatem.

2138 2137 2266 2192 299.
2299 2138 2458 2208 Aqua
2515 2137 2739 2192 Nebrim
2794 2137 3006 2192 deserta
3062 2139 3185 2194 erit.
3219 2137 3508 2193 Nimirum
3568 2154 3722 2209 aqua

2070 2225 2234 2282 falsaa
2266 2225 2718 2297 opinionis,quaa
2751 2225 2916 2297 prius
2951 2227 3170 2281 affatim
3201 2231 3257 2282 et
3287 2227 3520 2283 abunde
3549 2227 3726 2282 ﬂebat

2072 2315 2143 2370 ad
2176 2330 2376 2369 eorum
2413 2314 2728 2386 perniciem
2760 2315 2860 2386 qui
2893 2331 3020 2371 eam
3055 2315 3476 2387 excipiebant,e
3509 2316 3724 2385 medio,

2034 2388 2617 2474 'inquit,tolletur,et
2646 2403 2876 2458 deserta
2905 2405 3035 2459 erit.
3059 2404 3220 2467 Quod
3257 2405 3305 2459 si
3339 2407 3578 2460 daretur
3603 2404 3723 2460 vim

2071 2491 2251 2562 hujus
2301 2490 2560 2546 nominis
2608 2507 2801 2561 nosse,
2838 2498 3035 2564 posset
3083 2493 3218 2548 inde
3268 2493 3447 2565 arripi
3492 2493 3720 2550 occasio

2073 2579 2269 2650 aliqua
2285 2579 2732 2651 intelligentiam
2754 2597 2966 2636 sensus
2991 2581 3315 2653 prophetici
3338 2581 3548 2638 melius
3565 2597 3726 2638 asse-

2073 2669 2313 2739 quendi,
2343 2674 2401 2723 et
2449 2669 2757 2724 nominum
2806 2669 3292 2742 significationem
3345 2671 3492 2743 ipsis
3542 2673 3720 2727 rebus

2073 2757 2573 2812 accommodandi.
2598 2758 2882 2813 Caeterum
2908 2776 3060 2830 aqua
3081 2759 3182 2814 illa
3204 2777 3366 2832 aqua:
3385 2760 3720 2816 refectionis

2075 2847 2240 2916 “qua
2259 2862 2407 2916 quos
2430 2845 2710 2901 Dominus
2730 2864 2761 2900 a
2783 2862 2846 2902 se
2869 2853 3066 2918 pastos
3079 2848 3721 2916 enutrit,contrariaest

2075 2939 2130 2989 et
2151 2935 2627 3005 adversa,estque
2649 2934 2839 2990 aliena
2861 2937 2931 2990 ab
2955 2935 3720 3008 illaaqua,quamDominus

2073 3023 2169 3090 iis,
2201 3023 2301 3094 qui
2332 3023 2390 3078 in
2424 3041 2486 3079 se
2532 3024 2799 3091 credunt,
2851 3024 3114 3096 impertit
3146 3042 3158 3079 :
3197 3029 3333 3093 potu
3366 3026 3535 3095 cujus
3567 3027 3722 3081 606

2076 3110 2343 3183 quisquis
2373 3111 2547 3167 fuerit
2575 3112 2870 3182 dignatus,
2906 3112 3081 3168 habet
3110 3113 3168 3167 in
3202 3129 3264 3169 se
3299 3113 3514 3168 fontem
3555 3131 3725 3185 aqua)

2078 3199 2345 3256 salientis
2374 3201 2434 3254 in
2466 3202 2640 3256 vitam
2677 3205 2954 3256 aeternam
2989 3203 3051 3254 ‘9.
3089 3203 3172 3257 Ita
3204 3206 3396 3256 autem
3429 3201 3530 3256 illa
3570 3219 3727 3275 aqua

2081 3288 2231 3344 mala
2262 3293 2349 3345 est
2378 3294 2434 3344 et
2464 3289 2628 3344 nihili
2667 3290 2950 3359 facienda,
2986 3295 3050 3346 ut
3082 3290 3200 3346 alat
3241 3289 3387 3345 nihil
3420 3289 3577 3346 aliud
3610 3291 3726 3346 nisi

2081 3377 2298 3444 fenum,
2331 3378 2483 3448 quod
2529 3383 2587 3432 et
2635 3378 2830 3448 ipsum
2885 3395 2999 3433 non
3050 3379 3181 3434 erit.
3220 3381 3330 3434 Hoc
3379 3383 3468 3434 est
3517 3379 3725 3435 animai

2079 3467 2496 3538 temporariam
2519 3466 2670 3522 hanc
2687 3467 3026 3523 etocissime
3043 3472 3495 3524 marcescentem
3521 3469 3727 3524 mundi

2078 3554 2321 3626 gloriam
2333 3555 2499 3626 sequi
2511 3557 3013 3622 edoctae,sermone
3027 3557 3126 3629 qui
3141 3573 3237 3612 eas
3253 3557 3415 3629 quasi
3428 3556 3728 3628 irrigabat.

2078 3648 2302 3700 vastato
2324 3660 2391 3700 ac
2413 3645 2623 3711 deleto,
2649 3646 2955 3700 confestim
2974 3647 3446 3703 immarcescent.
3469 3646 3730 3720 Nunquid

2078 3736 2230 3790 etsic
2257 3734 2520 3789 salvanda
2537 3737 2660 3789 est?
2685 3735 2986 3806 Scriptura
3007 3737 3263 3790 ostendit
3288 3738 3550 3791 futurum
3575 3753 3724 3803 esse,

2079 3828 2146 3878 ut
2177 3822 2448 3877 Moabitis
2478 3823 2588 3877 viis
2619 3824 2972 3893 quibusdam
3006 3841 3072 3877 ac
3104 3825 3228 3878 vitae
3261 3824 3542 3880 institutis
3567 3825 3730 3880 salva

2079 3911 2200 3980 fiat,
2216 3915 2390 3982 atque
2421 3910 2733 3980 disciplina
2764 3912 3057 3979 asperiore
3088 3913 3442 3982 perducatur
3471 3913 3541 3966 ad
3566 3911 3725 3967 salu-

2075 4003 2214 4056 tem.
2248 3999 2394 4054 Nam
2425 3997 2593 4064 illud,
2645 4000 2853 4055 Peribit
2894 4000 3158 4068 Moabitzs,
3192 4004 3269 4067 et,
3298 4000 3458 4056 Nocte
3498 3999 3727 4070 peribit,

2077 4088 2192 4144 alia
2223 4103 2587 4160 quacunque
2617 4087 2769 4142 dicta
2799 4091 2935 4142 sunt
2964 4088 3078 4143 huc
3104 4104 3169 4143 eo
3200 4088 3720 4165 referuntur,quod

2076 4175 2278 4231 isthaec
2312 4192 2412 4246 pro
2445 4173 2606 4230 illius
2657 4174 2846 4229 salute
2876 4175 3036 4230 flant.
3097 4175 3359 4230 Inducam
3388 4177 3537 4229 enim
3564 4190 3728 4246 super

2072 4266 2272 4320 vallem
2295 4264 2934 4334 Arabas.Consequentu
2947 4263 3232 4319 rsalutem
3248 4263 3471 4336 priores
3482 4263 3722 4336 quidem

2076 4353 2212 4408 ﬂetu
2248 4369 2354 4407 suo
2387 4367 2400 4407 :
2433 4351 2528 4407 alii
2563 4369 2696 4408 vero
2729 4368 2974 4423 quorum
3010 4369 3107 4407 cor
3135 4353 3422 4424 paenitens
3463 4369 3579 4407 non
3612 4358 3721 4423 est,

2075 4442 2249 4513 plaga
2271 4458 2371 4511 per
2393 4441 2612 4496 Arabas
2635 4441 3276 4496 inducenda.(‘.zeterum
3303 4442 3542 4510 Arabes,
3571 4441 3724 4496 occi-

2075 4530 2356 4584 dentales.
2397 4533 2511 4584 Aut
2532 4531 2675 4584 forte
2695 4529 2936 4584 virtutes
2955 4531 3211 4586 tenebris
3229 4530 3457 4586 similas
3475 4531 3583 4586 hoc
3602 4531 3726 4587 loco

310 4613 428 4672 ϐων
461 4615 803 4693 ὶπαγομένης
833 4615 1078 4692 πληγῆς.
1111 4611 1347 4692 ’Ἄραϐες
1408 4613 1486 4683 δὲ,
1519 4617 1570 4671 oi
1603 4617 1863 4692 ἑσπέριοι.
1895 4619 1960 4674 ’Ἡ

2075 4619 2353 4673 dicuntur
2382 4619 2635 4673 Arabes:
2671 4636 2920 4689 quarum
2954 4636 3129 4690 opera
3161 4619 3584 4675 emendatrices
3608 4620 3728 4675 vin-

307 4708 463 4781 τάχα
514 4706 569 4760 αἱ
629 4706 855 4761 ἕοικυῖαι
1073 4707 1152 4778 τῷ
1192 4705 1370 4778 σκότῳ
1430 4703 1682 4778 δυνάμεις
1735 4701 1964 4780 ’Ἄραϐες

311 4796 541 4858 ἐνταῦθα
595 4793 1130 4871 προσαγορεύονται·
1193 4792 1263 4850 δι’
1317 4796 1390 4849 ὧν
1451 4793 1965 4850 ἀποστέλλονταιαὶ

307 4880 657 4938 παιδευτικαὶ
714 4881 924 4958 πληγαὶ
980 4889 1098 4945 τοῖς
1156 4884 1256 4951 τήν
1311 4881 1681 4956 ἀμετανόητον
1742 4881 1963 4956 καρδίαν

312 4967 529 5048 ἔχουσι.
575 4975 791 5046 Συνῆψε
844 4972 946 5048 γὰρ
1005 4973 1040 5042 ἡ
1105 4973 1208 5049 βοὴ
1264 4972 1329 5026 τὸ
1386 4969 1534 5048 ὅριον
1591 4977 1690 5041 τῆς
1746 4967 1968 5027 Μωαϐί-

385 5172 429 5207 ¹“¹
462 5170 612 5226 Psal.
646 5188 698 5242 ι,
731 5171 816 5225 19.
898 5172 941 5210 ⁸⁸
970 5170 1123 5227 Psal.
1155 5188 1298 5240 χχιι,
1327 5171 1382 5226 2.
1463 5171 1507 5205 ¹⁹
1535 5171 1700 5226 Joan.
1734 5187 1808 5236 ιν,
1845 5172 1931 5226 1-4.

404 5356 491 5424 44)
525 5354 762 5412 Codices
792 5373 1017 5427 omnes,
1051 5357 1249 5414 αὐτῶν.
1281 5355 1456 5426 Editi,
1488 5355 1713 5412 ἑαυτῶν.

527 5427 700 5503 Editi,
731 5428 868 5501 πρὸς
899 5428 984 5483 τά.
1016 5433 1088 5486 At
1121 5427 1457 5503 m_ss.,_upo¢
1485 5427 1568 5481 τό.

380 5500 496 5574 (liti)
526 5498 794 5574 8_io-ms_s'.
826 5518 1051 5574 omnes.
1084 5501 1256 5569 Editi,
1290 5498 1647 5574 ὑγιαίνοντας.

532 5569 710 5648 Editi,
742 5570 1009 5647 έκθρέψει.
1044 5568 1787 5648 ΙιίὶλιισξΑιιῐλΐξὶριᾳίιέκτρέιρειΣ

408 5642 506 5714 48)
533 5643 629 5698 Sic
675 5641 1096 5704 mss.'omnes.
1129 5645 1303 5714 Editi,
1354 5641 1444 5699 xit
1491 5641 1709 5768 ἀγωγῷζ
1759 5644 1968 5701 Statim

408 5732 462 5768 is.
514 5718 654 5768 tres.
686 5712 1063 5768 ἐνανθτίσεται-
1115 5719 1300 5768 Alius-
1358 5737 1524 5768 συναγ
1568 5717 1774 5768 τίσεται.
1817 5717 1968 5768 Editi

313 5712 654 5783 mss/tres,
686 5712 1063 5790 ἐναχθήσεται.
1113 5712 1300 5787 Alius,
1358 5712 1774 5790 συναχθήσεται.
1817 5717 1970 5773 Editi

1517 5781 1532 5791 «ρ

2075 4707 2351 4778 dicesque
2403 4705 2582 4778 plaga:
2634 4707 2689 4761 in
2741 4724 2837 4762 eos
2880 4725 3129 4780 quorum
3179 4702 3729 4780 cor'pcenitentiam

2075 4795 2736 4868 refugit,immittuntur.
2772 4798 3176 4866 Pertigilenim
3194 4799 3402 4852 clamor
3429 4798 3508 4852 ad
3536 4800 3724 4853 termi-

2074 4902 2211 4940 num
2243 4884 2557 4940 Moabitidis
2589 4883 2816 4952 Gallim,
2848 4895 2898 4941 et
2949 4887 3198 4941 ululatus
3227 4889 3364 4958 ejus.
3396 4885 3727 4942 Conti'nium

2076 4973 2412 5030 Moabitidis
2440 4977 2706 5029 vocatum
2747 4979 2836 5029 est
2863 4974 3098 5031 Gallim.
3130 4976 3242 5031 Sed
3266 4977 3438 5048 juxta
3471 4975 3728 5033 nominis

2077 5376 2210 5415 cum
2243 5363 2381 5428 Reg.
2415 5355 2625 5428 primo,
2656 5352 3041 5428 ἀναχθήσεται.

2175 5376 2210 5413 n
2243 5373 2321 5414 ne
2369 5399 2381 5412 .
2415 5373 2625 5428 primo,
2656 5373 3041 5428 σιναχυησεται.

2175 5432 2259 5508 fit);
2292 5373 2814 5508 lateresquatuor
2845 5427 2999 5493 libri,
3027 5427 3150 5508 γάρ..
3189 5428 3356 5508 Editi,
3391 5423 3504 5508 05:5.
3643 5495 3652 5503 ν

2172 5503 2264 5572 50)
2297 5500 2451 5556 Editi
2499 5497 2859 5570 et’quatuor
2899 5497 3064 5565 mssI,
3095 5497 3148 5552 αἱ
3193 5499 3406 5552 οἰκεῖαι.
3441 5497 3585 5572 ῌίιιο
3639 5497 3728 5549 in-

2079 5569 2324 5646 terpres,
2355 5569 2730 5646 [familiariter
2774 5576 3007 5628 assueta?
3052 5573 3309 5646 tenebris.
3342 5572 3412 5646 At
3461 5569 3599 5646 Reg.
3635 5582 3729 5621 se-

2081 5639 2333 5714 cundus,
2355 5639 2434 5697 "H
2465 5643 2596 5696 τάνα
2626 5641 2681 5696 αἱ
2712 5639 2965 5712 ἐοικυῖαι,
2992 5647 3090 5698 aut
3117 5645 3261 5713 forte
3306 5642 3531 5697 virtutes
3580 5642 3730 5695 tene-

2083 5717 2195 5774 bris
2223 5718 2456 5773 similes.
