  <div class='ocr_page' id='page_1' title='image "/cluster/home/n/w/nwhite01/storage/ocr_20150623/30/hvd.32044073501827/331.png"; bbox 0 0 4074 6222; ppageno 0'>
   <div class='ocr_carea' id='block_1_1' title="bbox 411 367 528 428">
    <p class='ocr_par' dir='ltr' id='par_1_1' title="bbox 411 367 528 428">
     <span class='ocr_line' id='line_1_1' title="bbox 411 367 528 428; baseline 0.017 -2"><span class='ocrx_word' id='word_1_1' title='bbox 411 367 528 428; x_wconf 69' lang='grc'><strong>64⁵7</strong></span> 
     </span>
    </p>
   </div>
   <div class='ocr_carea' id='block_1_2' title="bbox 1349 365 2869 431">
    <p class='ocr_par' dir='ltr' id='par_1_2' title="bbox 1349 365 2869 431">
     <span class='ocr_line' id='line_1_2' title="bbox 1349 365 2869 431; baseline 0.005 -7"><span class='ocrx_word' id='word_1_2' title='bbox 1349 365 1745 427; x_wconf 79' lang='lat' dir='ltr'><strong>APPENDIX</strong></span> <span class='ocrx_word' id='word_1_3' title='bbox 1787 368 2115 430; x_wconf 81' lang='lat' dir='ltr'><strong>OPERUM</strong></span> <span class='ocrx_word' id='word_1_4' title='bbox 2156 371 2221 430; x_wconf 90' lang='lat' dir='ltr'><strong>S.</strong></span> <span class='ocrx_word' id='word_1_5' title='bbox 2269 369 2551 430; x_wconf 83' lang='lat' dir='ltr'><strong>BASILll</strong></span> <span class='ocrx_word' id='word_1_6' title='bbox 2598 370 2869 431; x_wconf 78' lang='lat' dir='ltr'><strong>MAGNI.</strong></span> 
     </span>
    </p>
   </div>
   <div class='ocr_carea' id='block_1_3' title="bbox 3676 382 3779 443">
    <p class='ocr_par' dir='ltr' id='par_1_3' title="bbox 3676 382 3779 443">
     <span class='ocr_line' id='line_1_3' title="bbox 3676 382 3779 443; baseline 0.039 -4"><span class='ocrx_word' id='word_1_7' title='bbox 3676 382 3779 443; x_wconf 66' lang='grc'><strong>648</strong></span> 
     </span>
    </p>
   </div>
   <div class='ocr_carea' id='block_1_4' title="bbox 399 483 2055 584">
    <p class='ocr_par' dir='ltr' id='par_1_4' title="bbox 399 483 2055 573">
     <span class='ocr_line' id='line_1_4' title="bbox 399 483 2055 573; baseline -0.001 -16"><span class='ocrx_word' id='word_1_8' title='bbox 399 515 550 569; x_wconf 86' lang='lat' dir='ltr'><strong>esse,</strong></span> <span class='ocrx_word' id='word_1_9' title='bbox 581 502 684 555; x_wconf 91' lang='lat' dir='ltr'><strong>tua</strong></span> <span class='ocrx_word' id='word_1_10' title='bbox 716 501 903 554; x_wconf 89' lang='lat' dir='ltr'><strong>matre</strong></span> <span class='ocrx_word' id='word_1_11' title='bbox 927 498 1000 554; x_wconf 92' lang='lat' dir='ltr'><strong>ob</strong></span> <span class='ocrx_word' id='word_1_12' title='bbox 1032 501 1264 554; x_wconf 89' lang='lat' dir='ltr'><strong>noctem</strong></span> <span class='ocrx_word' id='word_1_13' title='bbox 1298 501 1356 553; x_wconf 90' lang='lat' dir='ltr'><strong>et</strong></span> <span class='ocrx_word' id='word_1_14' title='bbox 1383 498 1586 555; x_wconf 89' lang='lat' dir='ltr'><strong>vinum</strong></span> <span class='ocrx_word' id='word_1_15' title='bbox 1635 483 1834 556; x_wconf 80' lang='lat' dir='ltr'><strong>semen</strong></span> <span class='ocrx_word' id='word_1_16' title='bbox 1863 503 2055 573; x_wconf 89' lang='lat' dir='ltr'><strong>pater-</strong></span> 
     </span>
    </p>
   </div>
   <div class='ocr_carea' id='block_1_5' title="bbox 2172 483 3779 584">
    <p class='ocr_par' dir='ltr' id='par_1_5' title="bbox 2172 499 3779 584">
     <span class='ocr_line' id='line_1_5' title="bbox 2172 499 3779 584; baseline 0.04 -64"><span class='ocrx_word' id='word_1_17' title='bbox 2172 500 2340 575; x_wconf 71' lang='grc' dir='ltr'><strong>Ὅπερ</strong></span> <span class='ocrx_word' id='word_1_18' title='bbox 2370 499 2461 570; x_wconf 71' lang='grc' dir='ltr'><strong>ἧς,</strong></span> <span class='ocrx_word' id='word_1_19' title='bbox 2490 503 2655 556; x_wconf 87' lang='grc' dir='ltr'>τοῦτο</span> <span class='ocrx_word' id='word_1_20' title='bbox 2705 503 3159 579; x_wconf 79' lang='grc' dir='ltr'>φανερωθήσεται.</span> <span class='ocrx_word' id='word_1_21' title='bbox 3194 506 3495 570; x_wconf 74' lang='grc' dir='ltr'>Ἐπελάθου</span> <span class='ocrx_word' id='word_1_22' title='bbox 3543 509 3643 584; x_wconf 82' lang='grc' dir='ltr'><strong>γὰρ</strong></span> <span class='ocrx_word' id='word_1_23' title='bbox 3694 519 3779 582; x_wconf 69' lang='grc' dir='ltr'>τῆς</span> 
     </span>
    </p>
   </div>
   <div class='ocr_carea' id='block_1_6' title="bbox 400 588 999 646">
    <p class='ocr_par' dir='ltr' id='par_1_6' title="bbox 400 588 999 646">
     <span class='ocr_line' id='line_1_6' title="bbox 400 588 999 646; baseline -0.007 0"><span class='ocrx_word' id='word_1_24' title='bbox 400 606 545 646; x_wconf 88' lang='lat' dir='ltr'><strong>num</strong></span> <span class='ocrx_word' id='word_1_25' title='bbox 576 588 903 645; x_wconf 77' lang='lat' dir='ltr'><strong>sun‘urante</strong></span> <span class='ocrx_word' id='word_1_26' title='bbox 932 588 999 642; x_wconf 80' lang='grc'><strong>³³.</strong></span> 
     </span>
    </p>
   </div>
   <div class='ocr_carea' id='block_1_7' title="bbox 2158 585 3782 673">
    <p class='ocr_par' dir='ltr' id='par_1_7' title="bbox 2158 585 3782 673">
     <span class='ocr_line' id='line_1_7' title="bbox 2158 585 3782 673; baseline 0.008 -31"><span class='ocrx_word' id='word_1_27' title='bbox 2158 585 2467 663; x_wconf 72' lang='grc' dir='ltr'><strong>δυσγενείας</strong></span> <span class='ocrx_word' id='word_1_28' title='bbox 2524 590 2743 660; x_wconf 60' lang='grc' dir='ltr'>ἑαυτῆς,</span> <span class='ocrx_word' id='word_1_29' title='bbox 2799 589 2880 646; x_wconf 76' lang='grc' dir='ltr'><strong>ὅτι</strong></span> <span class='ocrx_word' id='word_1_30' title='bbox 2938 591 3140 667; x_wconf 87' lang='grc' dir='ltr'>πατρὸς</span> <span class='ocrx_word' id='word_1_31' title='bbox 3213 591 3394 669; x_wconf 68' lang='grc' dir='ltr'>ἐγὲνου</span> <span class='ocrx_word' id='word_1_32' title='bbox 3451 595 3557 651; x_wconf 82' lang='grc' dir='ltr'><strong>ἀπὸ</strong></span> <span class='ocrx_word' id='word_1_33' title='bbox 3613 598 3782 673; x_wconf 85' lang='grc' dir='ltr'>γάμων</span> 
     </span>
    </p>
   </div>
   <div class='ocr_carea' id='block_1_8' title="bbox 398 673 3782 764">
    <p class='ocr_par' dir='ltr' id='par_1_8' title="bbox 398 673 3782 764">
     <span class='ocr_line' id='line_1_8' title="bbox 398 673 3782 764; baseline -0.001 -30"><span class='ocrx_word' id='word_1_34' title='bbox 398 676 749 752; x_wconf 86' lang='grc' dir='ltr'>κλοπιμαίων</span> <span class='ocrx_word' id='word_1_35' title='bbox 809 673 1231 752; x_wconf 89' lang='grc' dir='ltr'>προσελθόντος,</span> <span class='ocrx_word' id='word_1_36' title='bbox 1272 675 1424 732; x_wconf 81' lang='grc' dir='ltr'>νυκτὶ</span> <span class='ocrx_word' id='word_1_37' title='bbox 1480 676 1570 731; x_wconf 86' lang='grc' dir='ltr'><strong>καὶ</strong></span> <span class='ocrx_word' id='word_1_38' title='bbox 1628 674 1759 750; x_wconf 74' lang='grc' dir='ltr'>ο⁹ίνῳ</span> <span class='ocrx_word' id='word_1_39' title='bbox 1812 679 1950 753; x_wconf 83' lang='grc' dir='ltr'>πρὸς</span> <span class='ocrx_word' id='word_1_40' title='bbox 2007 678 2107 748; x_wconf 76' lang='grc' dir='ltr'>τὴν</span> <span class='ocrx_word' id='word_1_41' title='bbox 2155 681 2253 733; x_wconf 90' lang='grc' dir='ltr'><strong>τοῦ</strong></span> <span class='ocrx_word' id='word_1_42' title='bbox 2282 682 2548 755; x_wconf 82' lang='grc' dir='ltr'><strong>πατρικοῦ</strong></span> <span class='ocrx_word' id='word_1_43' title='bbox 2581 677 2889 754; x_wconf 70' lang='grc' dir='ltr'>σπέρματος</span> <span class='ocrx_word' id='word_1_44' title='bbox 2916 679 3130 752; x_wconf 69' lang='grc' dir='ltr'>κλοπὴν</span> <span class='ocrx_word' id='word_1_45' title='bbox 3160 689 3261 753; x_wconf 75' lang='grc' dir='ltr'>τῆς</span> <span class='ocrx_word' id='word_1_46' title='bbox 3311 685 3521 756; x_wconf 87' lang='grc' dir='ltr'>μητρός</span> <span class='ocrx_word' id='word_1_47' title='bbox 3551 707 3641 740; x_wconf 89' lang='grc' dir='ltr'><strong>σου</strong></span> <span class='ocrx_word' id='word_1_48' title='bbox 3675 710 3782 764; x_wconf 77' lang='grc' dir='ltr'>συγ.</span> 
     </span>
    </p>
   </div>
   <div class='ocr_carea' id='block_1_9' title="bbox 404 769 784 845">
    <p class='ocr_par' dir='ltr' id='par_1_9' title="bbox 404 769 784 845">
     <span class='ocr_line' id='line_1_9' title="bbox 404 769 784 845; baseline 0.003 -21"><span class='ocrx_word' id='word_1_49' title='bbox 404 769 784 845; x_wconf 75' lang='grc' dir='ltr'><strong>χρησαμένης.</strong></span> 
     </span>
    </p>
   </div>
   <div class='ocr_carea' id='block_1_10' title="bbox 472 857 2053 929">
    <p class='ocr_par' dir='ltr' id='par_1_10' title="bbox 472 857 2053 929">
     <span class='ocr_line' id='line_1_10' title="bbox 472 857 2053 929; baseline -0.003 -14"><span class='ocrx_word' id='word_1_50' title='bbox 472 861 595 916; x_wconf 82' lang='grc'><strong>302.</strong></span> <span class='ocrx_word' id='word_1_51' title='bbox 630 859 832 915; x_wconf 75' lang='lat' dir='ltr'><strong>Deinde</strong></span> <span class='ocrx_word' id='word_1_52' title='bbox 885 872 1026 928; x_wconf 88' lang='lat' dir='ltr'><strong>vero,</strong></span> <span class='ocrx_word' id='word_1_53' title='bbox 1071 858 1279 928; x_wconf 81' lang='lat' dir='ltr'><strong>Aman,</strong></span> <span class='ocrx_word' id='word_1_54' title='bbox 1329 857 1492 929; x_wconf 80' lang='lat' dir='ltr'><strong>plura</strong></span> <span class='ocrx_word' id='word_1_55' title='bbox 1538 857 1808 914; x_wconf 79' lang='lat' dir='ltr'><strong>delibera.</strong></span> <span class='ocrx_word' id='word_1_56' title='bbox 1858 859 2053 923; x_wconf 87' lang='lat' dir='ltr'><strong>Quan-</strong></span> 
     </span>
    </p>
   </div>
   <div class='ocr_carea' id='block_1_11' title="bbox 401 947 2052 1022">
    <p class='ocr_par' dir='ltr' id='par_1_11' title="bbox 401 947 2052 1022">
     <span class='ocr_line' id='line_1_11' title="bbox 401 947 2052 1022; baseline -0.002 -16"><span class='ocrx_word' id='word_1_57' title='bbox 401 951 718 1022; x_wconf 89' lang='lat' dir='ltr'><strong>doquidem</strong></span> <span class='ocrx_word' id='word_1_58' title='bbox 749 948 896 1005; x_wconf 84' lang='lat' dir='ltr'><strong>nihil</strong></span> <span class='ocrx_word' id='word_1_59' title='bbox 926 948 1054 1014; x_wconf 85' lang='lat' dir='ltr'><strong>tibi,</strong></span> <span class='ocrx_word' id='word_1_60' title='bbox 1087 964 1120 1003; x_wconf 92' lang='grc' dir='ltr'><strong>ο</strong></span> <span class='ocrx_word' id='word_1_61' title='bbox 1150 949 1369 1007; x_wconf 91' lang='lat' dir='ltr'><strong>Arnon.</strong></span> <span class='ocrx_word' id='word_1_62' title='bbox 1397 947 1642 1004; x_wconf 85' lang='lat' dir='ltr'><strong>attulere</strong></span> <span class='ocrx_word' id='word_1_63' title='bbox 1673 947 2052 1004; x_wconf 85' lang='lat' dir='ltr'><strong>emolumenti</strong></span> 
     </span>
    </p>
   </div>
   <div class='ocr_carea' id='block_1_12' title="bbox 401 1036 2049 1110">
    <p class='ocr_par' dir='ltr' id='par_1_12' title="bbox 401 1036 2049 1110">
     <span class='ocr_line' id='line_1_12' title="bbox 401 1036 2049 1110; baseline -0.003 -15"><span class='ocrx_word' id='word_1_64' title='bbox 401 1038 647 1096; x_wconf 89' lang='lat' dir='ltr'><strong>consilia</strong></span> <span class='ocrx_word' id='word_1_65' title='bbox 676 1037 890 1110; x_wconf 81' lang='lat' dir='ltr'><strong>priora,</strong></span> <span class='ocrx_word' id='word_1_66' title='bbox 923 1053 1112 1108; x_wconf 88' lang='lat' dir='ltr'><strong>neque</strong></span> <span class='ocrx_word' id='word_1_67' title='bbox 1142 1036 1364 1107; x_wconf 78' lang='lat' dir='ltr'><strong>profuit</strong></span> <span class='ocrx_word' id='word_1_68' title='bbox 1391 1037 1462 1092; x_wconf 90' lang='lat' dir='ltr'><strong>de</strong></span> <span class='ocrx_word' id='word_1_69' title='bbox 1510 1037 1886 1108; x_wconf 84' lang='lat' dir='ltr'><strong>dogmatibus</strong></span> <span class='ocrx_word' id='word_1_70' title='bbox 1915 1052 2049 1091; x_wconf 90' lang='lat' dir='ltr'><strong>cum</strong></span> 
     </span>
    </p>
   </div>
   <div class='ocr_carea' id='block_1_13' title="bbox 400 1125 2052 1199">
    <p class='ocr_par' dir='ltr' id='par_1_13' title="bbox 400 1125 2052 1199">
     <span class='ocr_line' id='line_1_13' title="bbox 400 1125 2052 1199; baseline -0.003 -15"><span class='ocrx_word' id='word_1_71' title='bbox 400 1128 562 1184; x_wconf 90' lang='lat' dir='ltr'><strong>omni</strong></span> <span class='ocrx_word' id='word_1_72' title='bbox 592 1126 963 1199; x_wconf 84' lang='lat' dir='ltr'><strong>philosOphia</strong></span> <span class='ocrx_word' id='word_1_73' title='bbox 993 1126 1268 1182; x_wconf 86' lang='lat' dir='ltr'><strong>connexis</strong></span> <span class='ocrx_word' id='word_1_74' title='bbox 1298 1125 1512 1181; x_wconf 86' lang='lat' dir='ltr'><strong>multas</strong></span> <span class='ocrx_word' id='word_1_75' title='bbox 1545 1125 1895 1198; x_wconf 60' lang='lat' dir='ltr'><strong>quaestiones</strong></span> <span class='ocrx_word' id='word_1_76' title='bbox 1926 1125 2052 1196; x_wconf 90' lang='lat' dir='ltr'><strong>phi-</strong></span> 
     </span>
    </p>
   </div>
   <div class='ocr_carea' id='block_1_14' title="bbox 398 1214 2051 1288">
    <p class='ocr_par' dir='ltr' id='par_1_14' title="bbox 398 1214 2051 1288">
     <span class='ocr_line' id='line_1_14' title="bbox 398 1214 2051 1288; baseline -0.001 -16"><span class='ocrx_word' id='word_1_77' title='bbox 398 1216 730 1288; x_wconf 87' lang='lat' dir='ltr'><strong>losophicas</strong></span> <span class='ocrx_word' id='word_1_78' title='bbox 761 1216 1045 1271; x_wconf 81' lang='lat' dir='ltr'><strong>habuisse</strong></span> <span class='ocrx_word' id='word_1_79' title='bbox 1073 1233 1086 1283; x_wconf 88' lang='lat'><strong>;</strong></span> <span class='ocrx_word' id='word_1_80' title='bbox 1123 1214 1470 1286; x_wconf 90' lang='lat' dir='ltr'><strong>multiplica,</strong></span> <span class='ocrx_word' id='word_1_81' title='bbox 1506 1214 1554 1270; x_wconf 89' lang='lat' dir='ltr'><strong>si</strong></span> <span class='ocrx_word' id='word_1_82' title='bbox 1587 1214 1896 1279; x_wconf 83' lang='lat' dir='ltr'><strong>videbitur,</strong></span> <span class='ocrx_word' id='word_1_83' title='bbox 1919 1231 2051 1270; x_wconf 90' lang='lat' dir='ltr'><strong>con-</strong></span> 
     </span>
    </p>
   </div>
   <div class='ocr_carea' id='block_1_15' title="bbox 399 1301 2049 1377">
    <p class='ocr_par' dir='ltr' id='par_1_15' title="bbox 399 1301 2049 1377">
     <span class='ocr_line' id='line_1_15' title="bbox 399 1301 2049 1377; baseline -0.004 -15"><span class='ocrx_word' id='word_1_84' title='bbox 399 1305 549 1362; x_wconf 86' lang='lat' dir='ltr'><strong>silia.</strong></span> <span class='ocrx_word' id='word_1_85' title='bbox 582 1304 823 1360; x_wconf 77' lang='lat' dir='ltr'><strong>Videtur</strong></span> <span class='ocrx_word' id='word_1_86' title='bbox 854 1321 958 1377; x_wconf 91' lang='lat' dir='ltr'><strong>per</strong></span> <span class='ocrx_word' id='word_1_87' title='bbox 1004 1304 1326 1359; x_wconf 87' lang='lat' dir='ltr'><strong>ludibrium</strong></span> <span class='ocrx_word' id='word_1_88' title='bbox 1359 1309 1417 1358; x_wconf 91' lang='lat' dir='ltr'><strong>et</strong></span> <span class='ocrx_word' id='word_1_89' title='bbox 1462 1303 1711 1358; x_wconf 83' lang='lat' dir='ltr'><strong>ironiam</strong></span> <span class='ocrx_word' id='word_1_90' title='bbox 1755 1301 2049 1358; x_wconf 82' lang='lat' dir='ltr'><strong>exhortari</strong></span> 
     </span>
    </p>
   </div>
   <div class='ocr_carea' id='block_1_16' title="bbox 395 1391 2051 1464">
    <p class='ocr_par' dir='ltr' id='par_1_16' title="bbox 395 1391 2051 1464">
     <span class='ocr_line' id='line_1_16' title="bbox 395 1391 2051 1464; baseline -0.002 -14"><span class='ocrx_word' id='word_1_91' title='bbox 395 1397 590 1451; x_wconf 85' lang='lat' dir='ltr'><strong>Arnon</strong></span> <span class='ocrx_word' id='word_1_92' title='bbox 632 1395 700 1450; x_wconf 87' lang='lat' dir='ltr'><strong>ad</strong></span> <span class='ocrx_word' id='word_1_93' title='bbox 737 1393 918 1450; x_wconf 86' lang='lat' dir='ltr'><strong>stulta</strong></span> <span class='ocrx_word' id='word_1_94' title='bbox 947 1392 1194 1450; x_wconf 87' lang='lat' dir='ltr'><strong>consilia</strong></span> <span class='ocrx_word' id='word_1_95' title='bbox 1243 1392 1547 1464; x_wconf 88' lang='lat' dir='ltr'><strong>capienda,</strong></span> <span class='ocrx_word' id='word_1_96' title='bbox 1600 1395 1665 1446; x_wconf 90' lang='lat' dir='ltr'><strong>ut</strong></span> <span class='ocrx_word' id='word_1_97' title='bbox 1716 1391 1880 1446; x_wconf 83' lang='lat' dir='ltr'><strong>vanis</strong></span> <span class='ocrx_word' id='word_1_98' title='bbox 1929 1392 2051 1447; x_wconf 86' lang='lat' dir='ltr'><strong>suis</strong></span> 
     </span>
    </p>
   </div>
   <div class='ocr_carea' id='block_1_17' title="bbox 398 1479 2048 1549">
    <p class='ocr_par' dir='ltr' id='par_1_17' title="bbox 398 1479 2048 1549">
     <span class='ocr_line' id='line_1_17' title="bbox 398 1479 2048 1549; baseline -0.003 -11"><span class='ocrx_word' id='word_1_99' title='bbox 398 1484 682 1541; x_wconf 82' lang='lat' dir='ltr'><strong>exsatiata</strong></span> <span class='ocrx_word' id='word_1_100' title='bbox 712 1482 996 1549; x_wconf 85' lang='lat' dir='ltr'><strong>consiliis,</strong></span> <span class='ocrx_word' id='word_1_101' title='bbox 1047 1485 1104 1537; x_wconf 91' lang='lat' dir='ltr'><strong>et</strong></span> <span class='ocrx_word' id='word_1_102' title='bbox 1147 1498 1347 1537; x_wconf 89' lang='lat' dir='ltr'><strong>eorum</strong></span> <span class='ocrx_word' id='word_1_103' title='bbox 1400 1481 1604 1536; x_wconf 86' lang='lat' dir='ltr'><strong>edocta</strong></span> <span class='ocrx_word' id='word_1_104' title='bbox 1645 1479 2048 1548; x_wconf 83' lang='lat' dir='ltr'><strong>inutilitatem,</strong></span> 
     </span>
    </p>
   </div>
   <div class='ocr_carea' id='block_1_18' title="bbox 399 1569 2048 1644">
    <p class='ocr_par' dir='ltr' id='par_1_18' title="bbox 399 1569 2048 1644">
     <span class='ocr_line' id='line_1_18' title="bbox 399 1569 2048 1644; baseline -0.002 -17"><span class='ocrx_word' id='word_1_105' title='bbox 399 1573 508 1628; x_wconf 89' lang='lat' dir='ltr'><strong>hoc</strong></span> <span class='ocrx_word' id='word_1_106' title='bbox 539 1578 707 1644; x_wconf 89' lang='lat' dir='ltr'><strong>pacto</strong></span> <span class='ocrx_word' id='word_1_107' title='bbox 739 1573 976 1628; x_wconf 84' lang='lat' dir='ltr'><strong>accedat</strong></span> <span class='ocrx_word' id='word_1_108' title='bbox 1005 1571 1075 1626; x_wconf 88' lang='lat' dir='ltr'><strong>ad</strong></span> <span class='ocrx_word' id='word_1_109' title='bbox 1110 1587 1315 1625; x_wconf 88' lang='lat' dir='ltr'><strong>sanam</strong></span> <span class='ocrx_word' id='word_1_110' title='bbox 1343 1569 1691 1624; x_wconf 83' lang='lat' dir='ltr'><strong>doctrinam.</strong></span> <span class='ocrx_word' id='word_1_111' title='bbox 1726 1573 1826 1624; x_wconf 87' lang='lat' dir='ltr'><strong>Est</strong></span> <span class='ocrx_word' id='word_1_112' title='bbox 1853 1574 2048 1624; x_wconf 88' lang='lat' dir='ltr'><strong>autem</strong></span> 
     </span>
    </p>
   </div>
   <div class='ocr_carea' id='block_1_19' title="bbox 396 1658 2051 1732">
    <p class='ocr_par' dir='ltr' id='par_1_19' title="bbox 396 1658 2051 1732">
     <span class='ocr_line' id='line_1_19' title="bbox 396 1658 2051 1732; baseline -0.002 -15"><span class='ocrx_word' id='word_1_113' title='bbox 396 1665 616 1728; x_wconf 84' lang='lat' dir='ltr'><strong>Arnen,</strong></span> <span class='ocrx_word' id='word_1_114' title='bbox 648 1661 930 1732; x_wconf 89' lang='lat' dir='ltr'><strong>oppidum</strong></span> <span class='ocrx_word' id='word_1_115' title='bbox 965 1659 1364 1726; x_wconf 88' lang='lat' dir='ltr'><strong>Moabiticum,</strong></span> <span class='ocrx_word' id='word_1_116' title='bbox 1417 1663 1474 1714; x_wconf 89' lang='lat' dir='ltr'><strong>et</strong></span> <span class='ocrx_word' id='word_1_117' title='bbox 1512 1658 1621 1714; x_wconf 92' lang='lat' dir='ltr'><strong>hoc</strong></span> <span class='ocrx_word' id='word_1_118' title='bbox 1671 1675 1787 1714; x_wconf 90' lang='lat' dir='ltr'><strong>uno</strong></span> <span class='ocrx_word' id='word_1_119' title='bbox 1836 1658 2051 1731; x_wconf 90' lang='lat' dir='ltr'><strong>oppido</strong></span> 
     </span>
    </p>
   </div>
   <div class='ocr_carea' id='block_1_20' title="bbox 2233 855 3781 938">
    <p class='ocr_par' dir='ltr' id='par_1_20' title="bbox 2233 855 3781 938">
     <span class='ocr_line' id='line_1_20' title="bbox 2233 855 3781 938; baseline 0.007 -25"><span class='ocrx_word' id='word_1_120' title='bbox 2233 858 2358 913; x_wconf 86' lang='lat'>302.</span> <span class='ocrx_word' id='word_1_121' title='bbox 2419 858 2646 913; x_wconf 81' lang='grc' dir='ltr'><strong>Ἔπειτα</strong></span> <span class='ocrx_word' id='word_1_122' title='bbox 2730 855 2786 913; x_wconf 78' lang='grc' dir='ltr'>δὶ</span> <span class='ocrx_word' id='word_1_123' title='bbox 2820 900 2834 926; x_wconf 91' lang='grc'><strong>,</strong></span> <span class='ocrx_word' id='word_1_124' title='bbox 2893 859 3096 932; x_wconf 84' lang='grc' dir='ltr'>Ἀρνῶν</span> <span class='ocrx_word' id='word_1_125' title='bbox 3133 901 3146 927; x_wconf 91' lang='grc'><strong>,</strong></span> <span class='ocrx_word' id='word_1_126' title='bbox 3199 859 3429 916; x_wconf 77' lang='grc' dir='ltr'>πλείονα</span> <span class='ocrx_word' id='word_1_127' title='bbox 3494 864 3781 938; x_wconf 76' lang='grc' dir='ltr'>βουλεύου.</span> 
     </span>
    </p>
   </div>
   <div class='ocr_carea' id='block_1_21' title="bbox 2162 941 3782 1026">
    <p class='ocr_par' dir='ltr' id='par_1_21' title="bbox 2162 941 3782 1026">
     <span class='ocr_line' id='line_1_21' title="bbox 2162 941 3782 1026; baseline 0.006 -26"><span class='ocrx_word' id='word_1_128' title='bbox 2162 942 2382 1014; x_wconf 81' lang='grc' dir='ltr'>Ἐπειδή</span> <span class='ocrx_word' id='word_1_129' title='bbox 2434 943 2588 1000; x_wconf 76' lang='grc' dir='ltr'>οὐδὲν</span> <span class='ocrx_word' id='word_1_130' title='bbox 2636 967 2693 1001; x_wconf 90' lang='grc' dir='ltr'><strong>σε</strong></span> <span class='ocrx_word' id='word_1_131' title='bbox 2741 941 2918 1017; x_wconf 79' lang='grc' dir='ltr'>ὤνησε</span> <span class='ocrx_word' id='word_1_132' title='bbox 2961 947 3026 1002; x_wconf 83' lang='grc' dir='ltr'>τὰ</span> <span class='ocrx_word' id='word_1_133' title='bbox 3070 947 3306 1025; x_wconf 85' lang='grc' dir='ltr'>πρότερα</span> <span class='ocrx_word' id='word_1_134' title='bbox 3362 949 3782 1026; x_wconf 69' lang='grc' dir='ltr'>βουλεῦματα,ὧ</span> 
     </span>
    </p>
   </div>
   <div class='ocr_carea' id='block_1_22' title="bbox 2161 1032 3782 1112">
    <p class='ocr_par' dir='ltr' id='par_1_22' title="bbox 2161 1032 3782 1112">
     <span class='ocr_line' id='line_1_22' title="bbox 2161 1032 3782 1112; baseline 0.005 -22"><span class='ocrx_word' id='word_1_135' title='bbox 2161 1034 2386 1107; x_wconf 83' lang='grc' dir='ltr'>Ἀρνῶν,</span> <span class='ocrx_word' id='word_1_136' title='bbox 2419 1032 2546 1089; x_wconf 72' lang='grc' dir='ltr'>οὐδὲ</span> <span class='ocrx_word' id='word_1_137' title='bbox 2575 1035 2636 1090; x_wconf 86' lang='grc' dir='ltr'>τὸ</span> <span class='ocrx_word' id='word_1_138' title='bbox 2665 1033 2853 1092; x_wconf 80' lang='grc' dir='ltr'>πολλὰ</span> <span class='ocrx_word' id='word_1_139' title='bbox 2881 1037 3004 1111; x_wconf 83' lang='grc' dir='ltr'>περὶ</span> <span class='ocrx_word' id='word_1_140' title='bbox 3036 1034 3327 1112; x_wconf 80' lang='grc' dir='ltr'><strong>δογμάτων</strong></span> <span class='ocrx_word' id='word_1_141' title='bbox 3362 1044 3468 1094; x_wconf 80' lang='grc' dir='ltr'><strong>τῶν</strong></span> <span class='ocrx_word' id='word_1_142' title='bbox 3517 1043 3651 1097; x_wconf 78' lang='grc' dir='ltr'>κατὰ</span> <span class='ocrx_word' id='word_1_143' title='bbox 3701 1051 3782 1098; x_wconf 77' lang='grc' dir='ltr'><strong>πᾶ-</strong></span> 
     </span>
    </p>
   </div>
   <div class='ocr_carea' id='block_1_23' title="bbox 2161 1122 3777 1208">
    <p class='ocr_par' dir='ltr' id='par_1_23' title="bbox 2161 1122 3777 1208">
     <span class='ocr_line' id='line_1_23' title="bbox 2161 1122 3777 1208; baseline 0.006 -31"><span class='ocrx_word' id='word_1_144' title='bbox 2161 1144 2256 1178; x_wconf 90' lang='grc' dir='ltr'><strong>σαν</strong></span> <span class='ocrx_word' id='word_1_145' title='bbox 2306 1122 2631 1198; x_wconf 77' lang='grc' dir='ltr'>φιλοσοφίαν</span> <span class='ocrx_word' id='word_1_146' title='bbox 2683 1123 3178 1200; x_wconf 77' lang='grc' dir='ltr'><strong>συμπεπλεγμένων</strong></span> <span class='ocrx_word' id='word_1_147' title='bbox 3233 1129 3343 1201; x_wconf 86' lang='grc'><strong>(68)</strong></span> <span class='ocrx_word' id='word_1_148' title='bbox 3394 1127 3777 1208; x_wconf 77' lang='grc' dir='ltr'>φιλοσοφῆσαι·</span> 
     </span>
    </p>
   </div>
   <div class='ocr_carea' id='block_1_24' title="bbox 2159 1210 3781 1289">
    <p class='ocr_par' dir='ltr' id='par_1_24' title="bbox 2159 1210 3781 1289">
     <span class='ocr_line' id='line_1_24' title="bbox 2159 1210 3781 1289; baseline 0.006 -23"><span class='ocrx_word' id='word_1_149' title='bbox 2159 1211 2412 1288; x_wconf 82' lang='grc' dir='ltr'><strong>πρόσθες,</strong></span> <span class='ocrx_word' id='word_1_150' title='bbox 2439 1211 2489 1268; x_wconf 80' lang='grc' dir='ltr'>εἲ</span> <span class='ocrx_word' id='word_1_151' title='bbox 2519 1210 2688 1285; x_wconf 84' lang='grc' dir='ltr'>δοκεῖ,</span> <span class='ocrx_word' id='word_1_152' title='bbox 2718 1218 2835 1277; x_wconf 85' lang='grc' dir='ltr'>τοῖς</span> <span class='ocrx_word' id='word_1_153' title='bbox 2895 1213 3253 1289; x_wconf 74' lang='grc' dir='ltr'>βουλεύμασι.</span> <span class='ocrx_word' id='word_1_154' title='bbox 3289 1222 3448 1272; x_wconf 83' lang='grc' dir='ltr'>Δοκεῖ</span> <span class='ocrx_word' id='word_1_155' title='bbox 3499 1220 3633 1275; x_wconf 83' lang='grc' dir='ltr'>κατά</span> <span class='ocrx_word' id='word_1_156' title='bbox 3682 1243 3781 1275; x_wconf 81' lang='grc' dir='ltr'>τινα</span> 
     </span>
    </p>
   </div>
   <div class='ocr_carea' id='block_1_25' title="bbox 2161 1299 3783 1381">
    <p class='ocr_par' dir='ltr' id='par_1_25' title="bbox 2161 1299 3783 1381">
     <span class='ocr_line' id='line_1_25' title="bbox 2161 1299 3783 1381; baseline 0.007 -27"><span class='ocrx_word' id='word_1_157' title='bbox 2161 1299 2369 1376; x_wconf 77' lang='grc' dir='ltr'>χλεύην</span> <span class='ocrx_word' id='word_1_158' title='bbox 2430 1300 2519 1355; x_wconf 86' lang='grc' dir='ltr'><strong>καὶ</strong></span> <span class='ocrx_word' id='word_1_159' title='bbox 2573 1301 2844 1377; x_wconf 78' lang='grc' dir='ltr'>εἰρωνείαν</span> <span class='ocrx_word' id='word_1_160' title='bbox 2896 1301 3292 1376; x_wconf 89' lang='grc' dir='ltr'>προκαλεῖσθαι</span> <span class='ocrx_word' id='word_1_161' title='bbox 3342 1304 3428 1360; x_wconf 76' lang='grc' dir='ltr'><strong>ἐπὶ</strong></span> <span class='ocrx_word' id='word_1_162' title='bbox 3476 1309 3544 1361; x_wconf 75' lang='grc' dir='ltr'>τὰ</span> <span class='ocrx_word' id='word_1_163' title='bbox 3576 1309 3783 1381; x_wconf 77' lang='grc' dir='ltr'>ἀνόνητα</span> 
     </span>
    </p>
   </div>
   <div class='ocr_carea' id='block_1_26' title="bbox 2164 1389 3784 1471">
    <p class='ocr_par' dir='ltr' id='par_1_26' title="bbox 2164 1389 3784 1471">
     <span class='ocr_line' id='line_1_26' title="bbox 2164 1389 3784 1471; baseline 0.005 -27"><span class='ocrx_word' id='word_1_164' title='bbox 2164 1389 2511 1465; x_wconf 82' lang='grc' dir='ltr'>βουλεύμανα</span> <span class='ocrx_word' id='word_1_165' title='bbox 2541 1391 2640 1460; x_wconf 75' lang='grc' dir='ltr'><strong>τὴν</strong></span> <span class='ocrx_word' id='word_1_166' title='bbox 2676 1391 2904 1465; x_wconf 78' lang='grc' dir='ltr'>’Δρνῶν,</span> <span class='ocrx_word' id='word_1_167' title='bbox 2931 1389 3023 1446; x_wconf 74' lang='grc' dir='ltr'>ἵνα</span> <span class='ocrx_word' id='word_1_168' title='bbox 3050 1393 3213 1468; x_wconf 87' lang='grc' dir='ltr'>κόρον</span> <span class='ocrx_word' id='word_1_169' title='bbox 3263 1389 3506 1450; x_wconf 78' lang='grc' dir='ltr'>λαϐοῦσα</span> <span class='ocrx_word' id='word_1_170' title='bbox 3549 1403 3654 1452; x_wconf 80' lang='grc' dir='ltr'><strong>τῶν</strong></span> <span class='ocrx_word' id='word_1_171' title='bbox 3697 1421 3784 1471; x_wconf 81' lang='grc' dir='ltr'>μα-</span> 
     </span>
    </p>
   </div>
   <div class='ocr_carea' id='block_1_27' title="bbox 2158 1475 3785 1554">
    <p class='ocr_par' dir='ltr' id='par_1_27' title="bbox 2158 1475 3785 1554">
     <span class='ocr_line' id='line_1_27' title="bbox 2158 1475 3785 1554; baseline 0.006 -21"><span class='ocrx_word' id='word_1_172' title='bbox 2158 1477 2325 1533; x_wconf 87' lang='grc' dir='ltr'>ταίων</span> <span class='ocrx_word' id='word_1_173' title='bbox 2378 1479 2570 1548; x_wconf 70' lang='grc' dir='ltr'>ἑαυτῆς</span> <span class='ocrx_word' id='word_1_174' title='bbox 2605 1475 3019 1553; x_wconf 78' lang='grc' dir='ltr'><strong>βουλευμάτων,</strong></span> <span class='ocrx_word' id='word_1_175' title='bbox 3053 1482 3139 1535; x_wconf 84' lang='grc' dir='ltr'><strong>καὶ</strong></span> <span class='ocrx_word' id='word_1_176' title='bbox 3192 1487 3436 1554; x_wconf 85' lang='grc' dir='ltr'>μαθοῦσα</span> <span class='ocrx_word' id='word_1_177' title='bbox 3481 1486 3544 1539; x_wconf 86' lang='grc' dir='ltr'>τὸ</span> <span class='ocrx_word' id='word_1_178' title='bbox 3597 1486 3681 1541; x_wconf 85' lang='grc' dir='ltr'><strong>ἀπ’</strong></span> <span class='ocrx_word' id='word_1_179' title='bbox 3709 1487 3785 1542; x_wconf 71' lang='grc' dir='ltr'><strong>αὖ·</strong></span> 
     </span>
    </p>
   </div>
   <div class='ocr_carea' id='block_1_28' title="bbox 2157 1565 3786 1648">
    <p class='ocr_par' dir='ltr' id='par_1_28' title="bbox 2157 1565 3786 1648">
     <span class='ocr_line' id='line_1_28' title="bbox 2157 1565 3786 1648; baseline 0.005 -27"><span class='ocrx_word' id='word_1_180' title='bbox 2157 1571 2266 1622; x_wconf 82' lang='grc' dir='ltr'><strong>τῶν</strong></span> <span class='ocrx_word' id='word_1_181' title='bbox 2310 1565 2606 1645; x_wconf 78' lang='grc' dir='ltr'>ἀνωφελὲς,</span> <span class='ocrx_word' id='word_1_182' title='bbox 2641 1566 2784 1622; x_wconf 72' lang='grc' dir='ltr'>οὕτω</span> <span class='ocrx_word' id='word_1_183' title='bbox 2825 1567 3103 1644; x_wconf 68' lang='grc' dir='ltr'>προσέλθῃ</span> <span class='ocrx_word' id='word_1_184' title='bbox 3157 1573 3226 1644; x_wconf 81' lang='grc' dir='ltr'><strong>τῇ</strong></span> <span class='ocrx_word' id='word_1_185' title='bbox 3290 1572 3607 1648; x_wconf 79' lang='grc' dir='ltr'>ὑγιαινούσῃ</span> <span class='ocrx_word' id='word_1_186' title='bbox 3659 1573 3786 1630; x_wconf 61' lang='lat'><strong>8:81-</strong></span> 
     </span>
    </p>
   </div>
   <div class='ocr_carea' id='block_1_29' title="bbox 2161 1651 3788 1735">
    <p class='ocr_par' dir='ltr' id='par_1_29' title="bbox 2161 1651 3788 1735">
     <span class='ocr_line' id='line_1_29' title="bbox 2161 1651 3788 1735; baseline 0.006 -26"><span class='ocrx_word' id='word_1_187' title='bbox 2161 1653 2375 1726; x_wconf 75' lang='grc' dir='ltr'>σκαλίᾳ.</span> <span class='ocrx_word' id='word_1_188' title='bbox 2409 1655 2560 1709; x_wconf 83' lang='grc' dir='ltr'>Ἔστι</span> <span class='ocrx_word' id='word_1_189' title='bbox 2609 1652 2666 1710; x_wconf 68' lang='grc' dir='ltr'>δὲ</span> <span class='ocrx_word' id='word_1_190' title='bbox 2723 1651 3066 1712; x_wconf 77' lang='grc' dir='ltr'>Μωαϐιτικὸν</span> <span class='ocrx_word' id='word_1_191' title='bbox 3130 1657 3337 1734; x_wconf 84' lang='grc' dir='ltr'>χωρίον</span> <span class='ocrx_word' id='word_1_192' title='bbox 3390 1662 3424 1730; x_wconf 78' lang='grc' dir='ltr'>ἡ</span> <span class='ocrx_word' id='word_1_193' title='bbox 3459 1661 3788 1735; x_wconf 80' lang='grc' dir='ltr'>’Δρνῶν,γ.αὶ</span> 
     </span>
    </p>
   </div>
   <div class='ocr_carea' id='block_1_30' title="bbox 395 1740 2055 1824">
    <p class='ocr_par' dir='ltr' id='par_1_30' title="bbox 395 1749 2055 1824">
     <span class='ocr_line' id='line_1_30' title="bbox 395 1749 2055 1824; baseline -0.002 -17"><span class='ocrx_word' id='word_1_194' title='bbox 395 1753 691 1824; x_wconf 84' lang='lat' dir='ltr'><strong>Scriptura</strong></span> <span class='ocrx_word' id='word_1_195' title='bbox 721 1751 890 1807; x_wconf 89' lang='lat' dir='ltr'><strong>nobis</strong></span> <span class='ocrx_word' id='word_1_196' title='bbox 923 1751 1146 1805; x_wconf 88' lang='lat' dir='ltr'><strong>indicat</strong></span> <span class='ocrx_word' id='word_1_197' title='bbox 1175 1766 1411 1805; x_wconf 88' lang='lat' dir='ltr'><strong>omnem</strong></span> <span class='ocrx_word' id='word_1_198' title='bbox 1449 1749 1672 1806; x_wconf 62' lang='lat' dir='ltr'><strong>Arabiae</strong></span> <span class='ocrx_word' id='word_1_199' title='bbox 1703 1749 2055 1805; x_wconf 86' lang='lat' dir='ltr'><strong>locum.Fuit</strong></span> 
     </span>
    </p>
   </div>
   <div class='ocr_carea' id='block_1_31' title="bbox 2172 1740 3786 1824">
    <p class='ocr_par' dir='ltr' id='par_1_31' title="bbox 2172 1743 3786 1822">
     <span class='ocr_line' id='line_1_31' title="bbox 2172 1743 3786 1822; baseline 0.006 -23"><span class='ocrx_word' id='word_1_200' title='bbox 2172 1744 2266 1799; x_wconf 72' lang='grc' dir='ltr'><strong>ὶπὸ</strong></span> <span class='ocrx_word' id='word_1_201' title='bbox 2299 1744 2417 1808; x_wconf 76' lang='grc' dir='ltr'>ἑνὸς</span> <span class='ocrx_word' id='word_1_202' title='bbox 2445 1743 2574 1799; x_wconf 73' lang='grc' dir='ltr'>ὅλον</span> <span class='ocrx_word' id='word_1_203' title='bbox 2608 1746 2743 1817; x_wconf 83' lang='grc' dir='ltr'>ἡμῖν</span> <span class='ocrx_word' id='word_1_204' title='bbox 2796 1743 3122 1801; x_wconf 76' lang='grc' dir='ltr'>ἐνδείκνυται</span> <span class='ocrx_word' id='word_1_205' title='bbox 3161 1747 3252 1802; x_wconf 81' lang='grc' dir='ltr'><strong>τὸν</strong></span> <span class='ocrx_word' id='word_1_206' title='bbox 3300 1747 3466 1804; x_wconf 82' lang='grc' dir='ltr'>τόπον</span> <span class='ocrx_word' id='word_1_207' title='bbox 3513 1754 3614 1820; x_wconf 74' lang='grc' dir='ltr'><strong>τῆς</strong></span> <span class='ocrx_word' id='word_1_208' title='bbox 3643 1753 3786 1822; x_wconf 80' lang='grc' dir='ltr'>Ἀρα-</span> 
     </span>
    </p>
   </div>
   <div class='ocr_carea' id='block_1_32' title="bbox 397 1838 2052 1910">
    <p class='ocr_par' dir='ltr' id='par_1_32' title="bbox 397 1838 2052 1910">
     <span class='ocr_line' id='line_1_32' title="bbox 397 1838 2052 1910; baseline -0.003 -13"><span class='ocrx_word' id='word_1_209' title='bbox 397 1846 595 1897; x_wconf 85' lang='lat' dir='ltr'><strong>autem</strong></span> <span class='ocrx_word' id='word_1_210' title='bbox 628 1857 840 1898; x_wconf 87' lang='lat' dir='ltr'><strong>nomen</strong></span> <span class='ocrx_word' id='word_1_211' title='bbox 869 1843 1066 1896; x_wconf 88' lang='lat' dir='ltr'><strong>Arnon</strong></span> <span class='ocrx_word' id='word_1_212' title='bbox 1099 1841 1528 1910; x_wconf 81' lang='lat' dir='ltr'><strong>antepositam,</strong></span> <span class='ocrx_word' id='word_1_213' title='bbox 1564 1838 1638 1893; x_wconf 91' lang='lat' dir='ltr'><strong>ob</strong></span> <span class='ocrx_word' id='word_1_214' title='bbox 1669 1839 1797 1910; x_wconf 90' lang='lat' dir='ltr'><strong>ejus</strong></span> <span class='ocrx_word' id='word_1_215' title='bbox 1827 1838 2052 1909; x_wconf 83' lang='lat' dir='ltr'><strong>signiﬁ-</strong></span> 
     </span>
    </p>
   </div>
   <div class='ocr_carea' id='block_1_33' title="bbox 399 1925 2054 2000">
    <p class='ocr_par' dir='ltr' id='par_1_33' title="bbox 399 1925 2054 2000">
     <span class='ocr_line' id='line_1_33' title="bbox 399 1925 2054 2000; baseline -0.003 -15"><span class='ocrx_word' id='word_1_216' title='bbox 399 1932 686 1986; x_wconf 87' lang='lat' dir='ltr'><strong>cationem</strong></span> <span class='ocrx_word' id='word_1_217' title='bbox 729 1930 800 1985; x_wconf 90' lang='lat' dir='ltr'><strong>ab</strong></span> <span class='ocrx_word' id='word_1_218' title='bbox 847 1928 1270 2000; x_wconf 88' lang='lat' dir='ltr'><strong>interpretibus</strong></span> <span class='ocrx_word' id='word_1_219' title='bbox 1320 1926 1560 1983; x_wconf 78' lang='lat' dir='ltr'><strong>allatam</strong></span> <span class='ocrx_word' id='word_1_220' title='bbox 1596 1945 1609 1983; x_wconf 90' lang='lat'>:</span> <span class='ocrx_word' id='word_1_221' title='bbox 1640 1929 1837 1982; x_wconf 83' lang='lat' dir='ltr'><strong>Arnen</strong></span> <span class='ocrx_word' id='word_1_222' title='bbox 1870 1925 2054 1998; x_wconf 87' lang='lat' dir='ltr'><strong>siqui-</strong></span> 
     </span>
    </p>
   </div>
   <div class='ocr_carea' id='block_1_34' title="bbox 400 2017 2051 2090">
    <p class='ocr_par' dir='ltr' id='par_1_34' title="bbox 400 2017 2051 2090">
     <span class='ocr_line' id='line_1_34' title="bbox 400 2017 2051 2090; baseline -0.003 -15"><span class='ocrx_word' id='word_1_223' title='bbox 400 2021 554 2089; x_wconf 86' lang='lat' dir='ltr'><strong>dem,</strong></span> <span class='ocrx_word' id='word_1_224' title='bbox 605 2020 654 2075; x_wconf 89' lang='lat' dir='ltr'><strong>si</strong></span> <span class='ocrx_word' id='word_1_225' title='bbox 704 2017 1129 2090; x_wconf 83' lang='lat' dir='ltr'><strong>interpreteris,</strong></span> <span class='ocrx_word' id='word_1_226' title='bbox 1159 2021 1331 2072; x_wconf 88' lang='lat' dir='ltr'><strong>sonat</strong></span> <span class='ocrx_word' id='word_1_227' title='bbox 1368 2017 1802 2072; x_wconf 74' lang='lat' dir='ltr'><strong>illustrationem</strong></span> <span class='ocrx_word' id='word_1_228' title='bbox 1841 2031 2051 2073; x_wconf 82' lang='lat' dir='ltr'><strong>eorum.</strong></span> 
     </span>
    </p>
   </div>
   <div class='ocr_carea' id='block_1_35' title="bbox 400 2103 2054 2178">
    <p class='ocr_par' dir='ltr' id='par_1_35' title="bbox 400 2103 2054 2178">
     <span class='ocr_line' id='line_1_35' title="bbox 400 2103 2054 2178; baseline -0.002 -15"><span class='ocrx_word' id='word_1_229' title='bbox 400 2109 686 2174; x_wconf 84' lang='lat' dir='ltr'><strong>Quoniam</strong></span> <span class='ocrx_word' id='word_1_230' title='bbox 722 2107 904 2178; x_wconf 83' lang='lat' dir='ltr'><strong>igitur</strong></span> <span class='ocrx_word' id='word_1_231' title='bbox 933 2107 973 2160; x_wconf 91' lang='lat' dir='ltr'><strong>ii</strong></span> <span class='ocrx_word' id='word_1_232' title='bbox 1006 2105 1262 2160; x_wconf 87' lang='lat' dir='ltr'><strong>maxime</strong></span> <span class='ocrx_word' id='word_1_233' title='bbox 1299 2105 1399 2176; x_wconf 94' lang='lat' dir='ltr'><strong>qui</strong></span> <span class='ocrx_word' id='word_1_234' title='bbox 1433 2103 1688 2160; x_wconf 90' lang='lat' dir='ltr'><strong>multum</strong></span> <span class='ocrx_word' id='word_1_235' title='bbox 1732 2105 2054 2160; x_wconf 76' lang='lat' dir='ltr'><strong>eﬂ‘eruntur</strong></span> 
     </span>
    </p>
   </div>
   <div class='ocr_carea' id='block_1_36' title="bbox 399 2193 2056 2268">
    <p class='ocr_par' dir='ltr' id='par_1_36' title="bbox 399 2193 2056 2268">
     <span class='ocr_line' id='line_1_36' title="bbox 399 2193 2056 2268; baseline -0.003 -16"><span class='ocrx_word' id='word_1_236' title='bbox 399 2197 473 2252; x_wconf 91' lang='lat' dir='ltr'><strong>ob</strong></span> <span class='ocrx_word' id='word_1_237' title='bbox 505 2195 802 2268; x_wconf 79' lang='lat' dir='ltr'><strong>sapientiae</strong></span> <span class='ocrx_word' id='word_1_238' title='bbox 831 2211 948 2251; x_wconf 65' lang='lat' dir='ltr'><strong>suis</strong></span> <span class='ocrx_word' id='word_1_239' title='bbox 1002 2193 1508 2262; x_wconf 85' lang='lat' dir='ltr'><strong>existimationem,</strong></span> <span class='ocrx_word' id='word_1_240' title='bbox 1555 2194 1778 2250; x_wconf 89' lang='lat' dir='ltr'><strong>versari</strong></span> <span class='ocrx_word' id='word_1_241' title='bbox 1821 2194 1878 2248; x_wconf 89' lang='lat' dir='ltr'><strong>in</strong></span> <span class='ocrx_word' id='word_1_242' title='bbox 1925 2193 2056 2248; x_wconf 89' lang='lat' dir='ltr'><strong>luce</strong></span> 
     </span>
    </p>
   </div>
   <div class='ocr_carea' id='block_1_37' title="bbox 395 2282 2054 2357">
    <p class='ocr_par' dir='ltr' id='par_1_37' title="bbox 395 2282 2054 2357">
     <span class='ocr_line' id='line_1_37' title="bbox 395 2282 2054 2357; baseline -0.001 -17"><span class='ocrx_word' id='word_1_243' title='bbox 395 2301 571 2340; x_wconf 86' lang='lat' dir='ltr'><strong>suum</strong></span> <span class='ocrx_word' id='word_1_244' title='bbox 604 2285 870 2340; x_wconf 88' lang='lat' dir='ltr'><strong>animum</strong></span> <span class='ocrx_word' id='word_1_245' title='bbox 903 2288 1134 2357; x_wconf 88' lang='lat' dir='ltr'><strong>putant,</strong></span> <span class='ocrx_word' id='word_1_246' title='bbox 1167 2283 1401 2339; x_wconf 88' lang='lat' dir='ltr'><strong>etiamsi</strong></span> <span class='ocrx_word' id='word_1_247' title='bbox 1451 2283 1647 2356; x_wconf 85' lang='lat' dir='ltr'><strong>reipsa</strong></span> <span class='ocrx_word' id='word_1_248' title='bbox 1689 2282 1809 2339; x_wconf 91' lang='lat' dir='ltr'><strong>sint</strong></span> <span class='ocrx_word' id='word_1_249' title='bbox 1859 2286 2054 2338; x_wconf 89' lang='lat' dir='ltr'><strong>mente</strong></span> 
     </span>
    </p>
   </div>
   <div class='ocr_carea' id='block_1_38' title="bbox 397 2371 2055 2444">
    <p class='ocr_par' dir='ltr' id='par_1_38' title="bbox 397 2371 2055 2444">
     <span class='ocr_line' id='line_1_38' title="bbox 397 2371 2055 2444; baseline -0.001 -16"><span class='ocrx_word' id='word_1_250' title='bbox 397 2374 688 2443; x_wconf 64' lang='lat' dir='ltr'><strong>excaecati,</strong></span> <span class='ocrx_word' id='word_1_251' title='bbox 722 2378 780 2430; x_wconf 92' lang='lat' dir='ltr'><strong>et</strong></span> <span class='ocrx_word' id='word_1_252' title='bbox 808 2373 1042 2430; x_wconf 89' lang='lat' dir='ltr'><strong>alienati</strong></span> <span class='ocrx_word' id='word_1_253' title='bbox 1076 2391 1110 2429; x_wconf 87' lang='lat' dir='ltr'><strong>a</strong></span> <span class='ocrx_word' id='word_1_254' title='bbox 1140 2377 1275 2438; x_wconf 89' lang='lat' dir='ltr'><strong>Deo,</strong></span> <span class='ocrx_word' id='word_1_255' title='bbox 1307 2373 1436 2428; x_wconf 91' lang='lat' dir='ltr'><strong>ideo</strong></span> <span class='ocrx_word' id='word_1_256' title='bbox 1460 2371 1744 2444; x_wconf 87' lang='lat' dir='ltr'><strong>propheta</strong></span> <span class='ocrx_word' id='word_1_257' title='bbox 1773 2372 2055 2427; x_wconf 85' lang='lat' dir='ltr'><strong>adversus</strong></span> 
     </span>
    </p>
   </div>
   <div class='ocr_carea' id='block_1_39' title="bbox 397 2460 2055 2535">
    <p class='ocr_par' dir='ltr' id='par_1_39' title="bbox 397 2460 2055 2535">
     <span class='ocr_line' id='line_1_39' title="bbox 397 2460 2055 2535; baseline -0.002 -16"><span class='ocrx_word' id='word_1_258' title='bbox 397 2479 496 2520; x_wconf 89' lang='lat' dir='ltr'><strong>eos</strong></span> <span class='ocrx_word' id='word_1_259' title='bbox 525 2463 808 2535; x_wconf 82' lang='lat' dir='ltr'><strong>loquitur,</strong></span> <span class='ocrx_word' id='word_1_260' title='bbox 842 2463 940 2534; x_wconf 90' lang='lat' dir='ltr'><strong>qui</strong></span> <span class='ocrx_word' id='word_1_261' title='bbox 975 2479 1036 2519; x_wconf 90' lang='lat' dir='ltr'><strong>se</strong></span> <span class='ocrx_word' id='word_1_262' title='bbox 1066 2463 1432 2518; x_wconf 84' lang='lat' dir='ltr'><strong>arbitrantur</strong></span> <span class='ocrx_word' id='word_1_263' title='bbox 1452 2478 1688 2517; x_wconf 88' lang='lat' dir='ltr'><strong>manere</strong></span> <span class='ocrx_word' id='word_1_264' title='bbox 1713 2461 1773 2516; x_wconf 90' lang='lat' dir='ltr'><strong>in</strong></span> <span class='ocrx_word' id='word_1_265' title='bbox 1805 2460 1935 2516; x_wconf 88' lang='lat' dir='ltr'><strong>luce</strong></span> <span class='ocrx_word' id='word_1_266' title='bbox 1955 2477 2055 2516; x_wconf 92' lang='lat' dir='ltr'><strong>co-</strong></span> 
     </span>
    </p>
   </div>
   <div class='ocr_carea' id='block_1_40' title="bbox 399 2551 1084 2624">
    <p class='ocr_par' dir='ltr' id='par_1_40' title="bbox 399 2551 1084 2624">
     <span class='ocr_line' id='line_1_40' title="bbox 399 2551 1084 2624; baseline 0.003 -18"><span class='ocrx_word' id='word_1_267' title='bbox 399 2551 681 2624; x_wconf 83' lang='lat' dir='ltr'><strong>gnitionis</strong></span> <span class='ocrx_word' id='word_1_268' title='bbox 711 2557 768 2608; x_wconf 91' lang='lat' dir='ltr'><strong>et</strong></span> <span class='ocrx_word' id='word_1_269' title='bbox 798 2552 1084 2608; x_wconf 65' lang='lat' dir='ltr'><strong>scientiis.</strong></span> 
     </span>
    </p>
   </div>
   <div class='ocr_carea' id='block_1_41' title="bbox 467 2639 2056 2709">
    <p class='ocr_par' dir='ltr' id='par_1_41' title="bbox 467 2639 2056 2709">
     <span class='ocr_line' id='line_1_41' title="bbox 467 2639 2056 2709; baseline -0.001 -14"><span class='ocrx_word' id='word_1_270' title='bbox 467 2642 593 2696; x_wconf 88' lang='lat'><strong>303.</strong></span> <span class='ocrx_word' id='word_1_271' title='bbox 628 2640 767 2696; x_wconf 89' lang='lat' dir='ltr'><strong>Dein</strong></span> <span class='ocrx_word' id='word_1_272' title='bbox 817 2641 1089 2696; x_wconf 86' lang='lat' dir='ltr'><strong>hortatur</strong></span> <span class='ocrx_word' id='word_1_273' title='bbox 1137 2649 1190 2696; x_wconf 86' lang='lat' dir='ltr'><strong>el</strong></span> <span class='ocrx_word' id='word_1_274' title='bbox 1244 2641 1565 2694; x_wconf 89' lang='lat' dir='ltr'><strong>admonet:</strong></span> <span class='ocrx_word' id='word_1_275' title='bbox 1603 2639 1786 2693; x_wconf 80' lang='lat' dir='ltr'><strong>Facile</strong></span> <span class='ocrx_word' id='word_1_276' title='bbox 1840 2642 2056 2709; x_wconf 81' lang='lat' dir='ltr'><strong>tegmen</strong></span> 
     </span>
    </p>
   </div>
   <div class='ocr_carea' id='block_1_42' title="bbox 399 2727 2053 2801">
    <p class='ocr_par' dir='ltr' id='par_1_42' title="bbox 399 2727 2053 2801">
     <span class='ocr_line' id='line_1_42' title="bbox 399 2727 2053 2801; baseline -0.003 -15"><span class='ocrx_word' id='word_1_277' title='bbox 399 2732 575 2786; x_wconf 75' lang='lat' dir='ltr'><strong>luctus</strong></span> <span class='ocrx_word' id='word_1_278' title='bbox 607 2731 658 2786; x_wconf 83' lang='lat' dir='ltr'><strong>ei</strong></span> <span class='ocrx_word' id='word_1_279' title='bbox 687 2745 899 2801; x_wconf 74' lang='lat' dir='ltr'><strong>semper</strong></span> <span class='ocrx_word' id='word_1_280' title='bbox 937 2730 1002 2781; x_wconf 65' lang='grc' dir='ltr'>ἰ.</span> <span class='ocrx_word' id='word_1_281' title='bbox 1051 2729 1250 2784; x_wconf 89' lang='lat' dir='ltr'><strong>Deusti</strong></span> <span class='ocrx_word' id='word_1_282' title='bbox 1309 2733 1448 2782; x_wconf 90' lang='lat' dir='ltr'><strong>sunt</strong></span> <span class='ocrx_word' id='word_1_283' title='bbox 1477 2727 1678 2782; x_wconf 84' lang='lat' dir='ltr'><strong>Nadab</strong></span> <span class='ocrx_word' id='word_1_284' title='bbox 1733 2732 1790 2782; x_wconf 91' lang='lat' dir='ltr'><strong>et</strong></span> <span class='ocrx_word' id='word_1_285' title='bbox 1841 2727 2053 2798; x_wconf 89' lang='lat' dir='ltr'><strong>Abiud,</strong></span> 
     </span>
    </p>
   </div>
   <div class='ocr_carea' id='block_1_43' title="bbox 399 2816 2054 2888">
    <p class='ocr_par' dir='ltr' id='par_1_43' title="bbox 399 2816 2054 2888">
     <span class='ocr_line' id='line_1_43' title="bbox 399 2816 2054 2888; baseline -0.001 -16"><span class='ocrx_word' id='word_1_286' title='bbox 399 2819 591 2874; x_wconf 90' lang='lat' dir='ltr'><strong>oblato</strong></span> <span class='ocrx_word' id='word_1_287' title='bbox 623 2819 682 2873; x_wconf 90' lang='lat' dir='ltr'><strong>in</strong></span> <span class='ocrx_word' id='word_1_288' title='bbox 715 2835 817 2873; x_wconf 88' lang='lat' dir='ltr'><strong>ara</strong></span> <span class='ocrx_word' id='word_1_289' title='bbox 847 2818 980 2888; x_wconf 80' lang='lat' dir='ltr'><strong>igne</strong></span> <span class='ocrx_word' id='word_1_290' title='bbox 1012 2817 1220 2872; x_wconf 90' lang='lat' dir='ltr'><strong>alieno.</strong></span> <span class='ocrx_word' id='word_1_291' title='bbox 1258 2816 1324 2870; x_wconf 93' lang='lat' dir='ltr'><strong>Et</strong></span> <span class='ocrx_word' id='word_1_292' title='bbox 1367 2816 1467 2886; x_wconf 88' lang='lat' dir='ltr'><strong>qui</strong></span> <span class='ocrx_word' id='word_1_293' title='bbox 1517 2832 1632 2870; x_wconf 89' lang='lat' dir='ltr'><strong>non</strong></span> <span class='ocrx_word' id='word_1_294' title='bbox 1665 2830 1931 2886; x_wconf 89' lang='lat' dir='ltr'><strong>recepere</strong></span> <span class='ocrx_word' id='word_1_295' title='bbox 1961 2831 2054 2870; x_wconf 88' lang='lat' dir='ltr'><strong>ve-</strong></span> 
     </span>
    </p>
   </div>
   <div class='ocr_carea' id='block_1_44' title="bbox 401 2903 2054 2979">
    <p class='ocr_par' dir='ltr' id='par_1_44' title="bbox 401 2903 2054 2979">
     <span class='ocr_line' id='line_1_44' title="bbox 401 2903 2054 2979; baseline -0.003 -16"><span class='ocrx_word' id='word_1_296' title='bbox 401 2925 526 2964; x_wconf 86' lang='lat' dir='ltr'><strong>ram</strong></span> <span class='ocrx_word' id='word_1_297' title='bbox 559 2908 772 2974; x_wconf 88' lang='lat' dir='ltr'><strong>lucem,</strong></span> <span class='ocrx_word' id='word_1_298' title='bbox 804 2908 922 2962; x_wconf 90' lang='lat' dir='ltr'><strong>imo</strong></span> <span class='ocrx_word' id='word_1_299' title='bbox 957 2906 1055 2979; x_wconf 87' lang='lat' dir='ltr'><strong>qui</strong></span> <span class='ocrx_word' id='word_1_300' title='bbox 1087 2922 1221 2960; x_wconf 89' lang='lat' dir='ltr'><strong>eum</strong></span> <span class='ocrx_word' id='word_1_301' title='bbox 1255 2905 1352 2977; x_wconf 90' lang='lat' dir='ltr'><strong>qui</strong></span> <span class='ocrx_word' id='word_1_302' title='bbox 1386 2922 1447 2960; x_wconf 87' lang='lat' dir='ltr'><strong>se</strong></span> <span class='ocrx_word' id='word_1_303' title='bbox 1472 2904 1854 2976; x_wconf 86' lang='lat' dir='ltr'><strong>transﬁgurat</strong></span> <span class='ocrx_word' id='word_1_304' title='bbox 1875 2905 1933 2959; x_wconf 88' lang='lat' dir='ltr'><strong>in</strong></span> <span class='ocrx_word' id='word_1_305' title='bbox 1965 2903 2054 2958; x_wconf 84' lang='lat' dir='ltr'><strong>lu-</strong></span> 
     </span>
    </p>
   </div>
   <div class='ocr_carea' id='block_1_45' title="bbox 401 2991 2057 3067">
    <p class='ocr_par' dir='ltr' id='par_1_45' title="bbox 401 2991 2057 3067">
     <span class='ocr_line' id='line_1_45' title="bbox 401 2991 2057 3067; baseline -0.003 -16"><span class='ocrx_word' id='word_1_306' title='bbox 401 2997 486 3051; x_wconf 90' lang='lat' dir='ltr'><strong>cis</strong></span> <span class='ocrx_word' id='word_1_307' title='bbox 517 2995 792 3067; x_wconf 86' lang='lat' dir='ltr'><strong>angelum</strong></span> <span class='ocrx_word' id='word_1_308' title='bbox 825 2995 892 3059; x_wconf 80' lang='grc'><strong>³⁸.</strong></span> <span class='ocrx_word' id='word_1_309' title='bbox 929 2994 1334 3066; x_wconf 84' lang='lat' dir='ltr'><strong>suscipiunt,si</strong></span> <span class='ocrx_word' id='word_1_310' title='bbox 1370 2991 1702 3061; x_wconf 82' lang='lat' dir='ltr'><strong>intelligant</strong></span> <span class='ocrx_word' id='word_1_311' title='bbox 1732 3009 1794 3048; x_wconf 90' lang='lat' dir='ltr'><strong>se</strong></span> <span class='ocrx_word' id='word_1_312' title='bbox 1826 2993 1884 3047; x_wconf 90' lang='lat' dir='ltr'><strong>in</strong></span> <span class='ocrx_word' id='word_1_313' title='bbox 1909 2992 2057 3048; x_wconf 80' lang='lat' dir='ltr'><strong>falsa</strong></span> 
     </span>
    </p>
   </div>
   <div class='ocr_carea' id='block_1_46' title="bbox 2163 1828 3785 1912">
    <p class='ocr_par' dir='ltr' id='par_1_46' title="bbox 2163 1828 3785 1912">
     <span class='ocr_line' id='line_1_46' title="bbox 2163 1828 3785 1912; baseline 0.005 -25"><span class='ocrx_word' id='word_1_314' title='bbox 2163 1828 2283 1894; x_wconf 77' lang='grc' dir='ltr'>ϐίας</span> <span class='ocrx_word' id='word_1_315' title='bbox 2310 1834 2338 1887; x_wconf 83' lang='grc' dir='ltr'>ὁ</span> <span class='ocrx_word' id='word_1_316' title='bbox 2370 1832 2557 1896; x_wconf 90' lang='grc' dir='ltr'>λόγος.</span> <span class='ocrx_word' id='word_1_317' title='bbox 2591 1834 2943 1906; x_wconf 85' lang='grc' dir='ltr'>Προετιμήθη</span> <span class='ocrx_word' id='word_1_318' title='bbox 2978 1830 3035 1888; x_wconf 74' lang='grc' dir='ltr'>δὲ</span> <span class='ocrx_word' id='word_1_319' title='bbox 3071 1835 3134 1889; x_wconf 87' lang='grc' dir='ltr'>τὸ</span> <span class='ocrx_word' id='word_1_320' title='bbox 3192 1831 3370 1910; x_wconf 72' lang='grc' dir='ltr'>ὄνομα</span> <span class='ocrx_word' id='word_1_321' title='bbox 3410 1844 3515 1908; x_wconf 82' lang='grc' dir='ltr'><strong>τῆς</strong></span> <span class='ocrx_word' id='word_1_322' title='bbox 3582 1842 3785 1912; x_wconf 82' lang='grc' dir='ltr'>Ἀρνῶν,</span> 
     </span>
    </p>
   </div>
   <div class='ocr_carea' id='block_1_47' title="bbox 2164 1920 3784 2005">
    <p class='ocr_par' dir='ltr' id='par_1_47' title="bbox 2164 1920 3784 2005">
     <span class='ocr_line' id='line_1_47' title="bbox 2164 1920 3784 2005; baseline 0.005 -29"><span class='ocrx_word' id='word_1_323' title='bbox 2164 1920 2254 1977; x_wconf 80' lang='grc' dir='ltr'><strong>διὰ</strong></span> <span class='ocrx_word' id='word_1_324' title='bbox 2296 1922 2396 1990; x_wconf 79' lang='grc' dir='ltr'><strong>τήν</strong></span> <span class='ocrx_word' id='word_1_325' title='bbox 2422 1921 2888 2003; x_wconf 30' lang='grc' dir='ltr'>,ἰρμηνευομὲνην</span> <span class='ocrx_word' id='word_1_326' title='bbox 2954 1923 3042 1977; x_wconf 81' lang='grc' dir='ltr'><strong>ἀπ’</strong></span> <span class='ocrx_word' id='word_1_327' title='bbox 3078 1923 3240 1978; x_wconf 83' lang='grc' dir='ltr'>αὐτοῦ</span> <span class='ocrx_word' id='word_1_328' title='bbox 3300 1923 3538 1981; x_wconf 85' lang='grc' dir='ltr'>διάνοιαν</span> <span class='ocrx_word' id='word_1_329' title='bbox 3567 1947 3579 1959; x_wconf 84' lang='lat'><strong><em>°</em></strong></span> <span class='ocrx_word' id='word_1_330' title='bbox 3632 1930 3784 2005; x_wconf 72' lang='grc' dir='ltr'>ἑρμη-</span> 
     </span>
    </p>
   </div>
   <div class='ocr_carea' id='block_1_48' title="bbox 2161 2009 3785 2090">
    <p class='ocr_par' dir='ltr' id='par_1_48' title="bbox 2161 2009 3785 2090">
     <span class='ocr_line' id='line_1_48' title="bbox 2161 2009 3785 2090; baseline 0.005 -26"><span class='ocrx_word' id='word_1_331' title='bbox 2161 2009 2369 2066; x_wconf 82' lang='grc' dir='ltr'>νεύεται</span> <span class='ocrx_word' id='word_1_332' title='bbox 2428 2009 2528 2085; x_wconf 82' lang='grc' dir='ltr'>γὰρ</span> <span class='ocrx_word' id='word_1_333' title='bbox 2580 2016 2614 2080; x_wconf 80' lang='grc' dir='ltr'><strong>ἡ</strong></span> <span class='ocrx_word' id='word_1_334' title='bbox 2663 2011 2890 2086; x_wconf 83' lang='grc' dir='ltr'>Ἀρνῶν,</span> <span class='ocrx_word' id='word_1_335' title='bbox 2923 2012 3203 2088; x_wconf 77' lang='grc' dir='ltr'>φωτισμὸς</span> <span class='ocrx_word' id='word_1_336' title='bbox 3253 2013 3426 2070; x_wconf 79' lang='grc' dir='ltr'>αὐτῶν</span> <span class='ocrx_word' id='word_1_337' title='bbox 3487 2019 3622 2090; x_wconf 83' lang='grc'>(69).</span> <span class='ocrx_word' id='word_1_338' title='bbox 3656 2018 3785 2073; x_wconf 82' lang='grc' dir='ltr'>Ἐπεὶ</span> 
     </span>
    </p>
   </div>
   <div class='ocr_carea' id='block_1_49' title="bbox 2163 2097 3786 2172">
    <p class='ocr_par' dir='ltr' id='par_1_49' title="bbox 2163 2097 3786 2172">
     <span class='ocr_line' id='line_1_49' title="bbox 2163 2097 3786 2172; baseline 0.005 -19"><span class='ocrx_word' id='word_1_339' title='bbox 2163 2097 2254 2154; x_wconf 83' lang='grc' dir='ltr'><strong>οῦν</strong></span> <span class='ocrx_word' id='word_1_340' title='bbox 2292 2098 2530 2172; x_wconf 86' lang='grc' dir='ltr'>μάλιστα</span> <span class='ocrx_word' id='word_1_341' title='bbox 2560 2100 2611 2154; x_wconf 75' lang='grc' dir='ltr'>οἱ</span> <span class='ocrx_word' id='word_1_342' title='bbox 2642 2097 2860 2169; x_wconf 76' lang='grc' dir='ltr'>πολλὴν</span> <span class='ocrx_word' id='word_1_343' title='bbox 2896 2099 2954 2155; x_wconf 71' lang='grc' dir='ltr'>ἐκ</span> <span class='ocrx_word' id='word_1_344' title='bbox 2985 2107 3084 2170; x_wconf 85' lang='grc' dir='ltr'><strong>τῆς</strong></span> <span class='ocrx_word' id='word_1_345' title='bbox 3115 2100 3345 2172; x_wconf 70' lang='grc' dir='ltr'>οἲήσεως</span> <span class='ocrx_word' id='word_1_346' title='bbox 3385 2106 3484 2172; x_wconf 76' lang='grc' dir='ltr'><strong>τῆς</strong></span> <span class='ocrx_word' id='word_1_347' title='bbox 3530 2106 3667 2161; x_wconf 81' lang='grc' dir='ltr'>κατὰ</span> <span class='ocrx_word' id='word_1_348' title='bbox 3711 2128 3786 2160; x_wconf 64' lang='grc' dir='ltr'>σοι</span> 
     </span>
    </p>
   </div>
   <div class='ocr_carea' id='block_1_50' title="bbox 2163 2187 3786 2270">
    <p class='ocr_par' dir='ltr' id='par_1_50' title="bbox 2163 2187 3786 2270">
     <span class='ocr_line' id='line_1_50' title="bbox 2163 2187 3786 2270; baseline 0.004 -29"><span class='ocrx_word' id='word_1_349' title='bbox 2163 2187 2287 2266; x_wconf 72' lang='grc' dir='ltr'>φίαν</span> <span class='ocrx_word' id='word_1_350' title='bbox 2321 2187 2542 2264; x_wconf 63' lang='grc' dir='ltr'>ἔπαρσιν</span> <span class='ocrx_word' id='word_1_351' title='bbox 2583 2187 2908 2264; x_wconf 85' lang='grc' dir='ltr'>πάσχοντες,</span> <span class='ocrx_word' id='word_1_352' title='bbox 2939 2187 2991 2243; x_wconf 82' lang='grc' dir='ltr'>ἐν</span> <span class='ocrx_word' id='word_1_353' title='bbox 3043 2189 3182 2268; x_wconf 76' lang='grc' dir='ltr'>φωτὶ</span> <span class='ocrx_word' id='word_1_354' title='bbox 3221 2187 3428 2246; x_wconf 83' lang='grc' dir='ltr'>οἷόνται</span> <span class='ocrx_word' id='word_1_355' title='bbox 3479 2191 3678 2270; x_wconf 82' lang='grc' dir='ltr'>διάγειν</span> <span class='ocrx_word' id='word_1_356' title='bbox 3709 2197 3786 2250; x_wconf 84' lang='grc' dir='ltr'>τὸν</span> 
     </span>
    </p>
   </div>
   <div class='ocr_carea' id='block_1_51' title="bbox 2163 2277 3792 2357">
    <p class='ocr_par' dir='ltr' id='par_1_51' title="bbox 2163 2277 3792 2357">
     <span class='ocr_line' id='line_1_51' title="bbox 2163 2277 3792 2357; baseline 0.003 -25"><span class='ocrx_word' id='word_1_357' title='bbox 2163 2278 2365 2332; x_wconf 71' lang='grc' dir='ltr'>ἑαυτῶν</span> <span class='ocrx_word' id='word_1_358' title='bbox 2405 2281 2552 2346; x_wconf 89' lang='grc' dir='ltr'>νοῦν,</span> <span class='ocrx_word' id='word_1_359' title='bbox 2581 2277 2716 2331; x_wconf 83' lang='grc' dir='ltr'><strong>κατά</strong></span> <span class='ocrx_word' id='word_1_360' title='bbox 2755 2277 3014 2348; x_wconf 80' lang='grc' dir='ltr'>ἀλήθειαν</span> <span class='ocrx_word' id='word_1_361' title='bbox 3065 2278 3436 2353; x_wconf 68' lang='grc' dir='ltr'>ἕσκοτισμὲνοι</span> <span class='ocrx_word' id='word_1_362' title='bbox 3486 2287 3557 2357; x_wconf 79' lang='grc' dir='ltr'><strong>τῇ</strong></span> <span class='ocrx_word' id='word_1_363' title='bbox 3601 2282 3792 2356; x_wconf 72' lang='grc' dir='ltr'>διανοίᾳ</span> 
     </span>
    </p>
   </div>
   <div class='ocr_carea' id='block_1_52' title="bbox 2165 2361 3790 2449">
    <p class='ocr_par' dir='ltr' id='par_1_52' title="bbox 2165 2361 3790 2449">
     <span class='ocr_line' id='line_1_52' title="bbox 2165 2361 3790 2449; baseline 0.006 -29"><span class='ocrx_word' id='word_1_364' title='bbox 2165 2361 2333 2434; x_wconf 79' lang='grc' dir='ltr'>ὅντες,</span> <span class='ocrx_word' id='word_1_365' title='bbox 2359 2364 2448 2420; x_wconf 83' lang='grc' dir='ltr'><strong>καὶ</strong></span> <span class='ocrx_word' id='word_1_366' title='bbox 2479 2364 3002 2441; x_wconf 72' lang='grc' dir='ltr'>ἀπηλλοτριωμένοι</span> <span class='ocrx_word' id='word_1_367' title='bbox 3051 2372 3147 2422; x_wconf 91' lang='grc' dir='ltr'><strong>τοῦ</strong></span> <span class='ocrx_word' id='word_1_368' title='bbox 3187 2373 3340 2438; x_wconf 91' lang='grc' dir='ltr'>Θεοῦ,</span> <span class='ocrx_word' id='word_1_369' title='bbox 3373 2371 3519 2449; x_wconf 71' lang='grc' dir='ltr'>πφὸς</span> <span class='ocrx_word' id='word_1_370' title='bbox 3575 2373 3696 2436; x_wconf 81' lang='grc' dir='ltr'>τοὺς</span> <span class='ocrx_word' id='word_1_371' title='bbox 3746 2372 3790 2428; x_wconf 75' lang='grc' dir='ltr'>ἐν</span> 
     </span>
    </p>
   </div>
   <div class='ocr_carea' id='block_1_53' title="bbox 2164 2453 3794 2533">
    <p class='ocr_par' dir='ltr' id='par_1_53' title="bbox 2164 2453 3794 2533">
     <span class='ocr_line' id='line_1_53' title="bbox 2164 2453 3794 2533; baseline 0.006 -24"><span class='ocrx_word' id='word_1_372' title='bbox 2164 2455 2303 2532; x_wconf 81' lang='grc' dir='ltr'>φωτὶ</span> <span class='ocrx_word' id='word_1_373' title='bbox 2341 2459 2421 2526; x_wconf 82' lang='grc' dir='ltr'><strong>τῷ</strong></span> <span class='ocrx_word' id='word_1_374' title='bbox 2467 2456 2579 2528; x_wconf 91' lang='grc'><strong>(70)</strong></span> <span class='ocrx_word' id='word_1_375' title='bbox 2629 2453 2687 2508; x_wconf 68' lang='grc' dir='ltr'>ἐκ</span> <span class='ocrx_word' id='word_1_376' title='bbox 2734 2460 2832 2524; x_wconf 77' lang='grc' dir='ltr'>τῆς</span> <span class='ocrx_word' id='word_1_377' title='bbox 2877 2455 3128 2531; x_wconf 87' lang='grc' dir='ltr'>γνώσεως</span> <span class='ocrx_word' id='word_1_378' title='bbox 3162 2456 3293 2512; x_wconf 80' lang='grc' dir='ltr'>ὕπο)</span> <span class='ocrx_word' id='word_1_379' title='bbox 3310 2455 3649 2533; x_wconf 79' lang='grc' dir='ltr'>αμϐάνοντας</span> <span class='ocrx_word' id='word_1_380' title='bbox 3678 2463 3794 2518; x_wconf 72' lang='grc' dir='ltr'>εἶναι</span> 
     </span>
    </p>
   </div>
   <div class='ocr_carea' id='block_1_54' title="bbox 2162 2541 2744 2620">
    <p class='ocr_par' dir='ltr' id='par_1_54' title="bbox 2162 2541 2744 2620">
     <span class='ocr_line' id='line_1_54' title="bbox 2162 2541 2744 2620; baseline 0.002 -21"><span class='ocrx_word' id='word_1_381' title='bbox 2162 2544 2251 2599; x_wconf 86' lang='grc' dir='ltr'>τὸν</span> <span class='ocrx_word' id='word_1_382' title='bbox 2288 2541 2451 2620; x_wconf 91' lang='grc' dir='ltr'>λόγον</span> <span class='ocrx_word' id='word_1_383' title='bbox 2483 2547 2720 2598; x_wconf 85' lang='grc' dir='ltr'>ποιεῖται</span> <span class='ocrx_word' id='word_1_384' title='bbox 2732 2585 2744 2600; x_wconf 91' lang='grc'><strong>.</strong></span> 
     </span>
    </p>
   </div>
   <div class='ocr_carea' id='block_1_55' title="bbox 2233 2633 3794 2708">
    <p class='ocr_par' dir='ltr' id='par_1_55' title="bbox 2233 2633 3794 2708">
     <span class='ocr_line' id='line_1_55' title="bbox 2233 2633 3794 2708; baseline 0.004 -20"><span class='ocrx_word' id='word_1_385' title='bbox 2233 2635 2359 2689; x_wconf 88' lang='grc'><strong>303.</strong></span> <span class='ocrx_word' id='word_1_386' title='bbox 2445 2633 2574 2688; x_wconf 76' lang='grc' dir='ltr'>Εἶτα</span> <span class='ocrx_word' id='word_1_387' title='bbox 2648 2638 2898 2707; x_wconf 87' lang='grc' dir='ltr'>παραινεῖ</span> <span class='ocrx_word' id='word_1_388' title='bbox 2929 2651 2943 2666; x_wconf 88' lang='grc'><strong>·</strong></span> <span class='ocrx_word' id='word_1_389' title='bbox 3003 2639 3220 2689; x_wconf 80' lang='grc' dir='ltr'>Ιίοιεῖτε</span> <span class='ocrx_word' id='word_1_390' title='bbox 3305 2634 3510 2708; x_wconf 73' lang='grc' dir='ltr'>σκέπην</span> <span class='ocrx_word' id='word_1_391' title='bbox 3586 2641 3794 2702; x_wconf 68' lang='grc' dir='ltr'>πένθους</span> 
     </span>
    </p>
   </div>
   <div class='ocr_carea' id='block_1_56' title="bbox 2165 2715 3796 2803">
    <p class='ocr_par' dir='ltr' id='par_1_56' title="bbox 2165 2715 3796 2803">
     <span class='ocr_line' id='line_1_56' title="bbox 2165 2715 3796 2803; baseline 0.003 -28"><span class='ocrx_word' id='word_1_392' title='bbox 2165 2721 2299 2794; x_wconf 80' lang='grc' dir='ltr'>αὐτῇ</span> <span class='ocrx_word' id='word_1_393' title='bbox 2353 2717 2444 2774; x_wconf 79' lang='grc' dir='ltr'>διὰ</span> <span class='ocrx_word' id='word_1_394' title='bbox 2514 2721 2733 2782; x_wconf 87' lang='grc' dir='ltr'>παντός.</span> <span class='ocrx_word' id='word_1_395' title='bbox 2792 2715 2977 2776; x_wconf 77' lang='grc' dir='ltr'>Ναδάϐ</span> <span class='ocrx_word' id='word_1_396' title='bbox 3060 2721 3149 2776; x_wconf 85' lang='grc' dir='ltr'><strong>καὶ</strong></span> <span class='ocrx_word' id='word_1_397' title='bbox 3209 2718 3458 2795; x_wconf 80' lang='grc' dir='ltr'>Ἀϐιοὺδ,</span> <span class='ocrx_word' id='word_1_398' title='bbox 3523 2725 3796 2803; x_wconf 80' lang='grc' dir='ltr'>ἀλλότριον</span> 
     </span>
    </p>
   </div>
   <div class='ocr_carea' id='block_1_57' title="bbox 2164 2813 3795 2894">
    <p class='ocr_par' dir='ltr' id='par_1_57' title="bbox 2164 2813 3795 2894">
     <span class='ocr_line' id='line_1_57' title="bbox 2164 2813 3795 2894; baseline 0.006 -31"><span class='ocrx_word' id='word_1_399' title='bbox 2164 2814 2270 2884; x_wconf 89' lang='grc' dir='ltr'><strong>πῦρ</strong></span> <span class='ocrx_word' id='word_1_400' title='bbox 2350 2813 2800 2884; x_wconf 65' lang='grc' dir='ltr'>προσενᾶγκαντες</span> <span class='ocrx_word' id='word_1_401' title='bbox 2869 2813 2948 2882; x_wconf 82' lang='grc' dir='ltr'>τῷ</span> <span class='ocrx_word' id='word_1_402' title='bbox 3017 2813 3405 2887; x_wconf 86' lang='grc' dir='ltr'>θυσιαστηρίῳ,</span> <span class='ocrx_word' id='word_1_403' title='bbox 3467 2817 3795 2894; x_wconf 68' lang='grc' dir='ltr'>κατεφλίγη-</span> 
     </span>
    </p>
   </div>
   <div class='ocr_carea' id='block_1_58' title="bbox 2165 2898 3799 2977">
    <p class='ocr_par' dir='ltr' id='par_1_58' title="bbox 2165 2898 3799 2977">
     <span class='ocr_line' id='line_1_58' title="bbox 2165 2898 3799 2977; baseline 0.005 -24"><span class='ocrx_word' id='word_1_404' title='bbox 2165 2920 2278 2955; x_wconf 88' lang='grc' dir='ltr'>σαν.</span> <span class='ocrx_word' id='word_1_405' title='bbox 2311 2899 2408 2952; x_wconf 84' lang='grc' dir='ltr'><strong>Καὶ</strong></span> <span class='ocrx_word' id='word_1_406' title='bbox 2455 2898 2506 2952; x_wconf 73' lang='lat' dir='ltr'><strong>oi</strong></span> <span class='ocrx_word' id='word_1_407' title='bbox 2555 2898 2616 2952; x_wconf 84' lang='grc' dir='ltr'>τὸ</span> <span class='ocrx_word' id='word_1_408' title='bbox 2665 2903 2778 2975; x_wconf 78' lang='grc' dir='ltr'>φῶς</span> <span class='ocrx_word' id='word_1_409' title='bbox 2822 2899 2884 2953; x_wconf 86' lang='grc' dir='ltr'>τὸ</span> <span class='ocrx_word' id='word_1_410' title='bbox 2927 2898 3187 2970; x_wconf 84' lang='grc' dir='ltr'>ἀληθινὸν</span> <span class='ocrx_word' id='word_1_411' title='bbox 3226 2903 3300 2974; x_wconf 76' lang='grc' dir='ltr'>μὴ</span> <span class='ocrx_word' id='word_1_412' title='bbox 3331 2901 3636 2977; x_wconf 75' lang='grc' dir='ltr'>δεξάμενοι,</span> <span class='ocrx_word' id='word_1_413' title='bbox 3668 2905 3799 2961; x_wconf 84' lang='grc' dir='ltr'>ἀλλά</span> 
     </span>
    </p>
   </div>
   <div class='ocr_carea' id='block_1_59' title="bbox 2162 2985 3798 3069">
    <p class='ocr_par' dir='ltr' id='par_1_59' title="bbox 2162 2985 3798 3069">
     <span class='ocr_line' id='line_1_59' title="bbox 2162 2985 3798 3069; baseline 0.004 -27"><span class='ocrx_word' id='word_1_414' title='bbox 2162 2989 2254 3042; x_wconf 88' lang='grc' dir='ltr'>τὸν</span> <span class='ocrx_word' id='word_1_415' title='bbox 2311 2985 2927 3062; x_wconf 81' lang='grc' dir='ltr'>μετασχηματιζόμενον</span> <span class='ocrx_word' id='word_1_416' title='bbox 2987 2987 3062 3051; x_wconf 74' lang='grc' dir='ltr'>εἲς</span> <span class='ocrx_word' id='word_1_417' title='bbox 3121 2988 3353 3065; x_wconf 82' lang='grc' dir='ltr'>ἄγγελον</span> <span class='ocrx_word' id='word_1_418' title='bbox 3411 2994 3596 3069; x_wconf 75' lang='grc' dir='ltr'>φωτὸς</span> <span class='ocrx_word' id='word_1_419' title='bbox 3624 2999 3798 3048; x_wconf 88' lang='grc' dir='ltr'>τοῦτον</span> 
     </span>
    </p>
   </div>
   <div class='ocr_carea' id='block_1_60' title="bbox 400 3073 2055 3168">
    <p class='ocr_par' dir='ltr' id='par_1_60' title="bbox 400 3082 2052 3156">
     <span class='ocr_line' id='line_1_60' title="bbox 400 3082 2052 3156; baseline -0.003 -15"><span class='ocrx_word' id='word_1_420' title='bbox 400 3085 656 3141; x_wconf 58' lang='lat' dir='ltr'><strong>scientias</strong></span> <span class='ocrx_word' id='word_1_421' title='bbox 689 3084 960 3156; x_wconf 88' lang='lat' dir='ltr'><strong>opinione</strong></span> <span class='ocrx_word' id='word_1_422' title='bbox 1007 3087 1266 3139; x_wconf 89' lang='lat' dir='ltr'><strong>versatos</strong></span> <span class='ocrx_word' id='word_1_423' title='bbox 1298 3082 1500 3151; x_wconf 81' lang='lat' dir='ltr'><strong>fuisse,</strong></span> <span class='ocrx_word' id='word_1_424' title='bbox 1550 3087 1608 3136; x_wconf 89' lang='lat' dir='ltr'><strong>et</strong></span> <span class='ocrx_word' id='word_1_425' title='bbox 1658 3082 1959 3136; x_wconf 88' lang='lat' dir='ltr'><strong>oberrasse</strong></span> <span class='ocrx_word' id='word_1_426' title='bbox 1991 3095 2052 3136; x_wconf 86' lang='lat' dir='ltr'><strong>se</strong></span> 
     </span>
    </p>
   </div>
   <div class='ocr_carea' id='block_1_61' title="bbox 2172 3073 3797 3168">
    <p class='ocr_par' dir='ltr' id='par_1_61' title="bbox 2172 3073 3797 3157">
     <span class='ocr_line' id='line_1_61' title="bbox 2172 3073 3797 3157; baseline 0.005 -27"><span class='ocrx_word' id='word_1_427' title='bbox 2172 3073 2588 3150; x_wconf 71' lang='grc' dir='ltr'>ὑποδεχόμενοι,</span> <span class='ocrx_word' id='word_1_428' title='bbox 2639 3073 2725 3130; x_wconf 78' lang='grc' dir='ltr'>ἐὰν</span> <span class='ocrx_word' id='word_1_429' title='bbox 2784 3074 3094 3146; x_wconf 67' lang='grc' dir='ltr'>αἴσθωνται,</span> <span class='ocrx_word' id='word_1_430' title='bbox 3151 3076 3234 3132; x_wconf 78' lang='grc' dir='ltr'><strong>ὅτι</strong></span> <span class='ocrx_word' id='word_1_431' title='bbox 3293 3077 3344 3133; x_wconf 77' lang='grc' dir='ltr'>ἐν</span> <span class='ocrx_word' id='word_1_432' title='bbox 3401 3082 3664 3157; x_wconf 75' lang='grc' dir='ltr'>φαντασίᾳ</span> <span class='ocrx_word' id='word_1_433' title='bbox 3713 3085 3797 3156; x_wconf 78' lang='grc' dir='ltr'>μὶν</span> 
     </span>
    </p>
   </div>
   <div class='ocr_carea' id='block_1_62' title="bbox 402 3167 2051 3242">
    <p class='ocr_par' dir='ltr' id='par_1_62' title="bbox 402 3167 2051 3242">
     <span class='ocr_line' id='line_1_62' title="bbox 402 3167 2051 3242; baseline -0.002 -15"><span class='ocrx_word' id='word_1_434' title='bbox 402 3191 434 3227; x_wconf 88' lang='lat' dir='ltr'><strong>a</strong></span> <span class='ocrx_word' id='word_1_435' title='bbox 466 3173 728 3242; x_wconf 88' lang='lat' dir='ltr'><strong>veritate,</strong></span> <span class='ocrx_word' id='word_1_436' title='bbox 775 3171 1103 3228; x_wconf 87' lang='lat' dir='ltr'><strong>necessario</strong></span> <span class='ocrx_word' id='word_1_437' title='bbox 1164 3170 1513 3241; x_wconf 89' lang='lat' dir='ltr'><strong>semetipsos</strong></span> <span class='ocrx_word' id='word_1_438' title='bbox 1561 3167 1866 3240; x_wconf 88' lang='lat' dir='ltr'><strong>lugebunt.</strong></span> <span class='ocrx_word' id='word_1_439' title='bbox 1909 3169 2051 3223; x_wconf 90' lang='lat' dir='ltr'><strong>Eam</strong></span> 
     </span>
    </p>
   </div>
   <div class='ocr_carea' id='block_1_63' title="bbox 403 3255 2060 3330">
    <p class='ocr_par' dir='ltr' id='par_1_63' title="bbox 403 3255 2060 3330">
     <span class='ocr_line' id='line_1_63' title="bbox 403 3255 2060 3330; baseline -0.002 -16"><span class='ocrx_word' id='word_1_440' title='bbox 403 3261 475 3314; x_wconf 93' lang='lat' dir='ltr'><strong>ob</strong></span> <span class='ocrx_word' id='word_1_441' title='bbox 505 3275 625 3314; x_wconf 90' lang='lat' dir='ltr'><strong>rem</strong></span> <span class='ocrx_word' id='word_1_442' title='bbox 674 3259 974 3330; x_wconf 86' lang='lat' dir='ltr'><strong>Scriptura</strong></span> <span class='ocrx_word' id='word_1_443' title='bbox 1017 3257 1320 3313; x_wconf 87' lang='lat' dir='ltr'><strong>transtulit</strong></span> <span class='ocrx_word' id='word_1_444' title='bbox 1366 3257 1676 3312; x_wconf 89' lang='lat' dir='ltr'><strong>consilium</strong></span> <span class='ocrx_word' id='word_1_445' title='bbox 1726 3256 1798 3311; x_wconf 90' lang='lat' dir='ltr'><strong>ad</strong></span> <span class='ocrx_word' id='word_1_446' title='bbox 1829 3272 1927 3311; x_wconf 89' lang='lat' dir='ltr'><strong>eos</strong></span> <span class='ocrx_word' id='word_1_447' title='bbox 1959 3255 2060 3328; x_wconf 91' lang='lat' dir='ltr'><strong>qui</strong></span> 
     </span>
    </p>
   </div>
   <div class='ocr_carea' id='block_1_64' title="bbox 411 3344 2058 3415">
    <p class='ocr_par' dir='ltr' id='par_1_64' title="bbox 411 3344 2058 3415">
     <span class='ocr_line' id='line_1_64' title="bbox 411 3344 2058 3415; baseline -0.001 -14"><span class='ocrx_word' id='word_1_448' title='bbox 411 3363 612 3402; x_wconf 89' lang='lat' dir='ltr'><strong>eorum</strong></span> <span class='ocrx_word' id='word_1_449' title='bbox 645 3363 846 3402; x_wconf 92' lang='lat' dir='ltr'><strong>curam</strong></span> <span class='ocrx_word' id='word_1_450' title='bbox 908 3347 1224 3415; x_wconf 84' lang='lat' dir='ltr'><strong>habebant,</strong></span> <span class='ocrx_word' id='word_1_451' title='bbox 1281 3349 1338 3400; x_wconf 92' lang='lat' dir='ltr'><strong>et</strong></span> <span class='ocrx_word' id='word_1_452' title='bbox 1395 3344 1580 3400; x_wconf 91' lang='lat' dir='ltr'><strong>dicit:</strong></span> <span class='ocrx_word' id='word_1_453' title='bbox 1616 3345 1796 3400; x_wconf 78' lang='lat' dir='ltr'><strong>Facile</strong></span> <span class='ocrx_word' id='word_1_454' title='bbox 1842 3349 2058 3415; x_wconf 78' lang='lat' dir='ltr'><strong>tegmen</strong></span> 
     </span>
    </p>
   </div>
   <div class='ocr_carea' id='block_1_65' title="bbox 410 3433 2059 3506">
    <p class='ocr_par' dir='ltr' id='par_1_65' title="bbox 410 3433 2059 3506">
     <span class='ocr_line' id='line_1_65' title="bbox 410 3433 2059 3506; baseline -0.001 -17"><span class='ocrx_word' id='word_1_455' title='bbox 410 3435 593 3489; x_wconf 76' lang='lat' dir='ltr'><strong>luctu:</strong></span> <span class='ocrx_word' id='word_1_456' title='bbox 625 3436 680 3489; x_wconf 77' lang='lat' dir='ltr'><strong>ei</strong></span> <span class='ocrx_word' id='word_1_457' title='bbox 707 3449 936 3506; x_wconf 71' lang='lat' dir='ltr'><strong>semper.</strong></span> <span class='ocrx_word' id='word_1_458' title='bbox 957 3433 1065 3497; x_wconf 88' lang='lat' dir='ltr'><strong>Qui</strong></span> <span class='ocrx_word' id='word_1_459' title='bbox 1089 3433 1247 3487; x_wconf 90' lang='lat' dir='ltr'><strong>enim</strong></span> <span class='ocrx_word' id='word_1_460' title='bbox 1278 3449 1586 3488; x_wconf 84' lang='lat' dir='ltr'><strong>mcerorem</strong></span> <span class='ocrx_word' id='word_1_461' title='bbox 1616 3436 1817 3488; x_wconf 85' lang='lat' dir='ltr'><strong>creant</strong></span> <span class='ocrx_word' id='word_1_462' title='bbox 1845 3437 1900 3487; x_wconf 91' lang='lat' dir='ltr'><strong>et</strong></span> <span class='ocrx_word' id='word_1_463' title='bbox 1931 3449 2059 3488; x_wconf 82' lang='lat' dir='ltr'><strong>mo-</strong></span> 
     </span>
    </p>
   </div>
   <div class='ocr_carea' id='block_1_66' title="bbox 403 3520 2057 3594">
    <p class='ocr_par' dir='ltr' id='par_1_66' title="bbox 403 3520 2057 3594">
     <span class='ocr_line' id='line_1_66' title="bbox 403 3520 2057 3594; baseline -0.001 -16"><span class='ocrx_word' id='word_1_464' title='bbox 403 3523 636 3579; x_wconf 88' lang='lat' dir='ltr'><strong>lestiam</strong></span> <span class='ocrx_word' id='word_1_465' title='bbox 658 3523 729 3578; x_wconf 94' lang='lat' dir='ltr'><strong>ob</strong></span> <span class='ocrx_word' id='word_1_466' title='bbox 754 3526 1141 3594; x_wconf 72' lang='lat' dir='ltr'><strong>peccata,qum</strong></span> <span class='ocrx_word' id='word_1_467' title='bbox 1175 3520 1569 3576; x_wconf 86' lang='lat' dir='ltr'><strong>admittuntur</strong></span> <span class='ocrx_word' id='word_1_468' title='bbox 1595 3525 1720 3576; x_wconf 90' lang='lat' dir='ltr'><strong>tum</strong></span> <span class='ocrx_word' id='word_1_469' title='bbox 1751 3521 1811 3576; x_wconf 93' lang='lat' dir='ltr'><strong>in</strong></span> <span class='ocrx_word' id='word_1_470' title='bbox 1834 3521 1906 3576; x_wconf 91' lang='lat' dir='ltr'><strong>iis</strong></span> <span class='ocrx_word' id='word_1_471' title='bbox 1929 3538 2057 3593; x_wconf 71' lang='lat' dir='ltr'><strong>quas</strong></span> 
     </span>
    </p>
   </div>
   <div class='ocr_carea' id='block_1_67' title="bbox 408 3608 2054 3680">
    <p class='ocr_par' dir='ltr' id='par_1_67' title="bbox 408 3608 2054 3680">
     <span class='ocr_line' id='line_1_67' title="bbox 408 3608 2054 3680; baseline -0.001 -14"><span class='ocrx_word' id='word_1_472' title='bbox 408 3611 658 3667; x_wconf 85' lang='lat' dir='ltr'><strong>attinent</strong></span> <span class='ocrx_word' id='word_1_473' title='bbox 689 3612 762 3666; x_wconf 90' lang='lat' dir='ltr'><strong>ad</strong></span> <span class='ocrx_word' id='word_1_474' title='bbox 791 3609 995 3678; x_wconf 86' lang='lat' dir='ltr'><strong>vitam,</strong></span> <span class='ocrx_word' id='word_1_475' title='bbox 1044 3614 1168 3665; x_wconf 90' lang='lat' dir='ltr'><strong>tum</strong></span> <span class='ocrx_word' id='word_1_476' title='bbox 1201 3608 1260 3664; x_wconf 90' lang='lat' dir='ltr'><strong>in</strong></span> <span class='ocrx_word' id='word_1_477' title='bbox 1293 3610 1366 3664; x_wconf 90' lang='lat' dir='ltr'><strong>iis</strong></span> <span class='ocrx_word' id='word_1_478' title='bbox 1414 3626 1537 3680; x_wconf 61' lang='lat' dir='ltr'><strong>qua</strong></span> <span class='ocrx_word' id='word_1_479' title='bbox 1590 3609 1661 3665; x_wconf 91' lang='lat' dir='ltr'><strong>ad</strong></span> <span class='ocrx_word' id='word_1_480' title='bbox 1713 3609 2054 3680; x_wconf 88' lang='lat' dir='ltr'><strong>doctrinam,</strong></span> 
     </span>
    </p>
   </div>
   <div class='ocr_carea' id='block_1_68' title="bbox 409 3697 2057 3771">
    <p class='ocr_par' dir='ltr' id='par_1_68' title="bbox 409 3697 2057 3771">
     <span class='ocr_line' id='line_1_68' title="bbox 409 3697 2057 3771; baseline -0.001 -16"><span class='ocrx_word' id='word_1_481' title='bbox 409 3700 493 3755; x_wconf 88' lang='lat' dir='ltr'><strong>sic</strong></span> <span class='ocrx_word' id='word_1_482' title='bbox 523 3703 588 3755; x_wconf 92' lang='lat' dir='ltr'><strong>ut</strong></span> <span class='ocrx_word' id='word_1_483' title='bbox 621 3699 886 3756; x_wconf 88' lang='lat' dir='ltr'><strong>nonnulli</strong></span> <span class='ocrx_word' id='word_1_484' title='bbox 921 3700 991 3755; x_wconf 89' lang='lat' dir='ltr'><strong>ad</strong></span> <span class='ocrx_word' id='word_1_485' title='bbox 1024 3699 1258 3755; x_wconf 91' lang='lat' dir='ltr'><strong>beatum</strong></span> <span class='ocrx_word' id='word_1_486' title='bbox 1290 3698 1516 3754; x_wconf 90' lang='lat' dir='ltr'><strong>luctum</strong></span> <span class='ocrx_word' id='word_1_487' title='bbox 1536 3697 1939 3771; x_wconf 87' lang='lat' dir='ltr'><strong>pertingant,ii</strong></span> <span class='ocrx_word' id='word_1_488' title='bbox 1973 3698 2057 3754; x_wconf 86' lang='lat' dir='ltr'><strong>fa-</strong></span> 
     </span>
    </p>
   </div>
   <div class='ocr_carea' id='block_1_69' title="bbox 411 3787 2056 3861">
    <p class='ocr_par' dir='ltr' id='par_1_69' title="bbox 411 3787 2056 3861">
     <span class='ocr_line' id='line_1_69' title="bbox 411 3787 2056 3861; baseline 0.001 -18"><span class='ocrx_word' id='word_1_489' title='bbox 411 3789 577 3844; x_wconf 91' lang='lat' dir='ltr'><strong>ciunt</strong></span> <span class='ocrx_word' id='word_1_490' title='bbox 605 3792 841 3861; x_wconf 89' lang='lat' dir='ltr'><strong>tegmen</strong></span> <span class='ocrx_word' id='word_1_491' title='bbox 872 3788 1088 3844; x_wconf 87' lang='lat' dir='ltr'><strong>luctus.</strong></span> <span class='ocrx_word' id='word_1_492' title='bbox 1112 3787 1244 3842; x_wconf 88' lang='lat' dir='ltr'><strong>Vidi</strong></span> <span class='ocrx_word' id='word_1_493' title='bbox 1277 3804 1378 3857; x_wconf 85' lang='lat' dir='ltr'><strong>ego</strong></span> <span class='ocrx_word' id='word_1_494' title='bbox 1401 3789 1818 3859; x_wconf 90' lang='lat' dir='ltr'><strong>quosdam,qui</strong></span> <span class='ocrx_word' id='word_1_495' title='bbox 1847 3788 2056 3844; x_wconf 88' lang='lat' dir='ltr'><strong>immo-</strong></span> 
     </span>
    </p>
   </div>
   <div class='ocr_carea' id='block_1_70' title="bbox 409 3875 2060 3950">
    <p class='ocr_par' dir='ltr' id='par_1_70' title="bbox 409 3875 2060 3950">
     <span class='ocr_line' id='line_1_70' title="bbox 409 3875 2060 3950; baseline -0.001 -17"><span class='ocrx_word' id='word_1_496' title='bbox 409 3877 537 3934; x_wconf 89' lang='lat' dir='ltr'><strong>dico</strong></span> <span class='ocrx_word' id='word_1_497' title='bbox 568 3877 766 3933; x_wconf 88' lang='lat' dir='ltr'><strong>dolore</strong></span> <span class='ocrx_word' id='word_1_498' title='bbox 797 3877 1068 3950; x_wconf 90' lang='lat' dir='ltr'><strong>correpti,</strong></span> <span class='ocrx_word' id='word_1_499' title='bbox 1102 3877 1447 3932; x_wconf 88' lang='lat' dir='ltr'><strong>incuderent</strong></span> <span class='ocrx_word' id='word_1_500' title='bbox 1477 3893 1538 3932; x_wconf 89' lang='lat' dir='ltr'><strong>se</strong></span> <span class='ocrx_word' id='word_1_501' title='bbox 1569 3878 1628 3932; x_wconf 91' lang='lat' dir='ltr'><strong>in</strong></span> <span class='ocrx_word' id='word_1_502' title='bbox 1676 3875 1970 3946; x_wconf 88' lang='lat' dir='ltr'><strong>cubiculo,</strong></span> <span class='ocrx_word' id='word_1_503' title='bbox 2002 3880 2060 3932; x_wconf 92' lang='lat' dir='ltr'><strong>et</strong></span> 
     </span>
    </p>
   </div>
   <div class='ocr_carea' id='block_1_71' title="bbox 406 3964 2057 4038">
    <p class='ocr_par' dir='ltr' id='par_1_71' title="bbox 406 3964 2057 4038">
     <span class='ocr_line' id='line_1_71' title="bbox 406 3964 2057 4038; baseline -0.001 -16"><span class='ocrx_word' id='word_1_504' title='bbox 406 3966 556 4024; x_wconf 88' lang='lat' dir='ltr'><strong>lucis</strong></span> <span class='ocrx_word' id='word_1_505' title='bbox 586 3967 748 4024; x_wconf 80' lang='lat' dir='ltr'><strong>aditu</strong></span> <span class='ocrx_word' id='word_1_506' title='bbox 781 3965 941 4023; x_wconf 91' lang='lat' dir='ltr'><strong>omni</strong></span> <span class='ocrx_word' id='word_1_507' title='bbox 972 3967 1262 4031; x_wconf 87' lang='lat' dir='ltr'><strong>obturato,</strong></span> <span class='ocrx_word' id='word_1_508' title='bbox 1295 3964 1474 4021; x_wconf 90' lang='lat' dir='ltr'><strong>veluti</strong></span> <span class='ocrx_word' id='word_1_509' title='bbox 1506 3982 1567 4021; x_wconf 91' lang='lat' dir='ltr'><strong>se</strong></span> <span class='ocrx_word' id='word_1_510' title='bbox 1596 3965 1707 4037; x_wconf 90' lang='lat' dir='ltr'><strong>ipsi</strong></span> <span class='ocrx_word' id='word_1_511' title='bbox 1767 3981 1868 4038; x_wconf 91' lang='lat' dir='ltr'><strong>per</strong></span> <span class='ocrx_word' id='word_1_512' title='bbox 1899 3966 2057 4036; x_wconf 90' lang='lat' dir='ltr'><strong>ejus-</strong></span> 
     </span>
    </p>
   </div>
   <div class='ocr_carea' id='block_1_72' title="bbox 407 4054 2054 4114">
    <p class='ocr_par' dir='ltr' id='par_1_72' title="bbox 407 4054 2054 4114">
     <span class='ocr_line' id='line_1_72' title="bbox 407 4054 2054 4114; baseline -0.002 0"><span class='ocrx_word' id='word_1_513' title='bbox 407 4056 563 4114; x_wconf 89' lang='lat' dir='ltr'><strong>modi</strong></span> <span class='ocrx_word' id='word_1_514' title='bbox 596 4056 772 4112; x_wconf 87' lang='lat' dir='ltr'><strong>vitam</strong></span> <span class='ocrx_word' id='word_1_515' title='bbox 806 4055 867 4111; x_wconf 90' lang='lat' dir='ltr'><strong>in</strong></span> <span class='ocrx_word' id='word_1_516' title='bbox 892 4056 1150 4113; x_wconf 88' lang='lat' dir='ltr'><strong>tenebris</strong></span> <span class='ocrx_word' id='word_1_517' title='bbox 1202 4058 1560 4111; x_wconf 86' lang='lat' dir='ltr'><strong>transactam</strong></span> <span class='ocrx_word' id='word_1_518' title='bbox 1615 4054 2054 4110; x_wconf 87' lang='lat' dir='ltr'><strong>ulciscerentur.</strong></span> 
     </span>
    </p>
   </div>
   <div class='ocr_carea' id='block_1_73' title="bbox 405 4143 2057 4220">
    <p class='ocr_par' dir='ltr' id='par_1_73' title="bbox 405 4143 2057 4220">
     <span class='ocr_line' id='line_1_73' title="bbox 405 4143 2057 4220; baseline -0.003 -17"><span class='ocrx_word' id='word_1_519' title='bbox 405 4148 607 4220; x_wconf 85' lang='lat' dir='ltr'><strong>Itaque</strong></span> <span class='ocrx_word' id='word_1_520' title='bbox 638 4163 710 4203; x_wconf 90' lang='lat' dir='ltr'><strong>ne</strong></span> <span class='ocrx_word' id='word_1_521' title='bbox 739 4150 1020 4202; x_wconf 88' lang='lat' dir='ltr'><strong>consueta</strong></span> <span class='ocrx_word' id='word_1_522' title='bbox 1050 4144 1149 4200; x_wconf 90' lang='lat' dir='ltr'><strong>illa</strong></span> <span class='ocrx_word' id='word_1_523' title='bbox 1177 4161 1356 4217; x_wconf 91' lang='lat' dir='ltr'><strong>quam</strong></span> <span class='ocrx_word' id='word_1_524' title='bbox 1388 4145 1458 4199; x_wconf 90' lang='lat' dir='ltr'><strong>de</strong></span> <span class='ocrx_word' id='word_1_525' title='bbox 1487 4161 1596 4199; x_wconf 88' lang='lat' dir='ltr'><strong>sua</strong></span> <span class='ocrx_word' id='word_1_526' title='bbox 1633 4143 1924 4215; x_wconf 87' lang='lat' dir='ltr'><strong>sapientia</strong></span> <span class='ocrx_word' id='word_1_527' title='bbox 1952 4144 2057 4198; x_wconf 89' lang='lat' dir='ltr'><strong>ba-</strong></span> 
     </span>
    </p>
   </div>
   <div class='ocr_carea' id='block_1_74' title="bbox 408 4233 2055 4304">
    <p class='ocr_par' dir='ltr' id='par_1_74' title="bbox 408 4233 2055 4304">
     <span class='ocr_line' id='line_1_74' title="bbox 408 4233 2055 4304; baseline -0.001 -14"><span class='ocrx_word' id='word_1_528' title='bbox 408 4235 548 4291; x_wconf 90' lang='lat' dir='ltr'><strong>bent</strong></span> <span class='ocrx_word' id='word_1_529' title='bbox 577 4234 929 4291; x_wconf 80' lang='lat' dir='ltr'><strong>existimatio</strong></span> <span class='ocrx_word' id='word_1_530' title='bbox 961 4251 1172 4290; x_wconf 88' lang='lat' dir='ltr'><strong>sensus</strong></span> <span class='ocrx_word' id='word_1_531' title='bbox 1203 4233 1674 4304; x_wconf 88' lang='lat' dir='ltr'><strong>eorum,decepta</strong></span> <span class='ocrx_word' id='word_1_532' title='bbox 1704 4236 1921 4297; x_wconf 89' lang='lat' dir='ltr'><strong>mente,</strong></span> <span class='ocrx_word' id='word_1_533' title='bbox 1953 4233 2055 4288; x_wconf 80' lang='lat' dir='ltr'><strong>ob-</strong></span> 
     </span>
    </p>
   </div>
   <div class='ocr_carea' id='block_1_75' title="bbox 406 4321 2058 4394">
    <p class='ocr_par' dir='ltr' id='par_1_75' title="bbox 406 4321 2058 4394">
     <span class='ocr_line' id='line_1_75' title="bbox 406 4321 2058 4394; baseline -0.001 -16"><span class='ocrx_word' id='word_1_534' title='bbox 406 4323 623 4391; x_wconf 89' lang='lat' dir='ltr'><strong>turbet,</strong></span> <span class='ocrx_word' id='word_1_535' title='bbox 659 4339 790 4378; x_wconf 91' lang='lat' dir='ltr'><strong>cum</strong></span> <span class='ocrx_word' id='word_1_536' title='bbox 824 4322 954 4394; x_wconf 88' lang='lat' dir='ltr'><strong>ipsa</strong></span> <span class='ocrx_word' id='word_1_537' title='bbox 991 4338 1122 4378; x_wconf 88' lang='lat' dir='ltr'><strong>vere</strong></span> <span class='ocrx_word' id='word_1_538' title='bbox 1181 4322 1257 4378; x_wconf 90' lang='lat' dir='ltr'><strong>sit</strong></span> <span class='ocrx_word' id='word_1_539' title='bbox 1305 4322 1579 4385; x_wconf 71' lang='lat' dir='ltr'><strong>tenebrae,</strong></span> <span class='ocrx_word' id='word_1_540' title='bbox 1632 4326 1687 4376; x_wconf 89' lang='lat' dir='ltr'><strong>et</strong></span> <span class='ocrx_word' id='word_1_541' title='bbox 1731 4326 1927 4376; x_wconf 90' lang='lat' dir='ltr'><strong>tamen</strong></span> <span class='ocrx_word' id='word_1_542' title='bbox 1957 4321 2058 4376; x_wconf 86' lang='lat' dir='ltr'><strong>lux</strong></span> 
     </span>
    </p>
   </div>
   <div class='ocr_carea' id='block_1_76' title="bbox 407 4410 2053 4481">
    <p class='ocr_par' dir='ltr' id='par_1_76' title="bbox 407 4410 2053 4481">
     <span class='ocr_line' id='line_1_76' title="bbox 407 4410 2053 4481; baseline 0 -15"><span class='ocrx_word' id='word_1_543' title='bbox 407 4427 537 4466; x_wconf 84' lang='lat' dir='ltr'><strong>esse</strong></span> <span class='ocrx_word' id='word_1_544' title='bbox 590 4414 848 4481; x_wconf 84' lang='lat' dir='ltr'><strong>putetur,</strong></span> <span class='ocrx_word' id='word_1_545' title='bbox 909 4412 990 4466; x_wconf 89' lang='lat' dir='ltr'><strong>ait</strong></span> <span class='ocrx_word' id='word_1_546' title='bbox 1025 4429 1038 4466; x_wconf 87' lang='lat'><strong>:</strong></span> <span class='ocrx_word' id='word_1_547' title='bbox 1073 4413 1254 4466; x_wconf 76' lang='lat' dir='ltr'><strong>Facite</strong></span> <span class='ocrx_word' id='word_1_548' title='bbox 1313 4414 1692 4478; x_wconf 78' lang='lat' dir='ltr'><strong>legumentum</strong></span> <span class='ocrx_word' id='word_1_549' title='bbox 1745 4410 1920 4465; x_wconf 76' lang='lat' dir='ltr'><strong>luctus</strong></span> <span class='ocrx_word' id='word_1_550' title='bbox 1957 4411 2053 4466; x_wconf 72' lang='lat' dir='ltr'><strong>eis.</strong></span> 
     </span>
    </p>
   </div>
   <div class='ocr_carea' id='block_1_77' title="bbox 2167 3161 3798 3247">
    <p class='ocr_par' dir='ltr' id='par_1_77' title="bbox 2167 3161 3798 3247">
     <span class='ocr_line' id='line_1_77' title="bbox 2167 3161 3798 3247; baseline 0.005 -28"><span class='ocrx_word' id='word_1_551' title='bbox 2167 3165 2422 3240; x_wconf 86' lang='grc' dir='ltr'>γνώσεως</span> <span class='ocrx_word' id='word_1_552' title='bbox 2445 3164 2603 3233; x_wconf 79' lang='grc' dir='ltr'>ἦσαν,</span> <span class='ocrx_word' id='word_1_553' title='bbox 2637 3161 2964 3242; x_wconf 72' lang='grc' dir='ltr'>ἰσφαλμὲνοι</span> <span class='ocrx_word' id='word_1_554' title='bbox 2995 3161 3053 3220; x_wconf 73' lang='grc' dir='ltr'>δὲ</span> <span class='ocrx_word' id='word_1_555' title='bbox 3080 3172 3179 3235; x_wconf 83' lang='grc' dir='ltr'><strong>τῆς</strong></span> <span class='ocrx_word' id='word_1_556' title='bbox 3227 3164 3489 3238; x_wconf 78' lang='grc' dir='ltr'>ὰληθείας</span> <span class='ocrx_word' id='word_1_557' title='bbox 3538 3172 3798 3247; x_wconf 76' lang='grc' dir='ltr'>ὑπῆρχον,</span> 
     </span>
    </p>
   </div>
   <div class='ocr_carea' id='block_1_78' title="bbox 2168 3252 3805 3334">
    <p class='ocr_par' dir='ltr' id='par_1_78' title="bbox 2168 3252 3805 3334">
     <span class='ocr_line' id='line_1_78' title="bbox 2168 3252 3805 3334; baseline 0.004 -25"><span class='ocrx_word' id='word_1_558' title='bbox 2168 3252 2476 3329; x_wconf 79' lang='grc' dir='ltr'>ἀναγκαίως</span> <span class='ocrx_word' id='word_1_559' title='bbox 2558 3252 2781 3315; x_wconf 74' lang='grc' dir='ltr'>ἑαυτοὺς</span> <span class='ocrx_word' id='word_1_560' title='bbox 2861 3255 3340 3325; x_wconf 77' lang='grc' dir='ltr'>κσταπενθήσουσι.</span> <span class='ocrx_word' id='word_1_561' title='bbox 3395 3259 3490 3313; x_wconf 84' lang='grc' dir='ltr'><strong>Διὸ</strong></span> <span class='ocrx_word' id='word_1_562' title='bbox 3585 3264 3805 3334; x_wconf 82' lang='grc' dir='ltr'>μετήγα-</span> 
     </span>
    </p>
   </div>
   <div class='ocr_carea' id='block_1_79' title="bbox 2167 3339 3805 3421">
    <p class='ocr_par' dir='ltr' id='par_1_79' title="bbox 2167 3339 3805 3421">
     <span class='ocr_line' id='line_1_79' title="bbox 2167 3339 3805 3421; baseline 0.004 -26"><span class='ocrx_word' id='word_1_563' title='bbox 2167 3362 2254 3417; x_wconf 90' lang='grc' dir='ltr'><strong>γεν</strong></span> <span class='ocrx_word' id='word_1_564' title='bbox 2289 3344 2316 3398; x_wconf 89' lang='grc' dir='ltr'>ὁ</span> <span class='ocrx_word' id='word_1_565' title='bbox 2348 3339 2510 3417; x_wconf 89' lang='grc' dir='ltr'>λόγος</span> <span class='ocrx_word' id='word_1_566' title='bbox 2541 3343 2638 3411; x_wconf 78' lang='grc' dir='ltr'>τὴν</span> <span class='ocrx_word' id='word_1_567' title='bbox 2667 3341 2977 3417; x_wconf 88' lang='grc' dir='ltr'>παραίνεσιν</span> <span class='ocrx_word' id='word_1_568' title='bbox 3013 3341 3100 3397; x_wconf 65' lang='grc' dir='ltr'><strong>επὶ</strong></span> <span class='ocrx_word' id='word_1_569' title='bbox 3157 3343 3287 3408; x_wconf 83' lang='grc' dir='ltr'>τοὺς</span> <span class='ocrx_word' id='word_1_570' title='bbox 3345 3344 3805 3421; x_wconf 68' lang='grc' dir='ltr'>ἰπιμελουμὲνους</span> 
     </span>
    </p>
   </div>
   <div class='ocr_carea' id='block_1_80' title="bbox 2169 3429 3807 3512">
    <p class='ocr_par' dir='ltr' id='par_1_80' title="bbox 2169 3429 3807 3512">
     <span class='ocr_line' id='line_1_80' title="bbox 2169 3429 3807 3512; baseline 0.004 -27"><span class='ocrx_word' id='word_1_571' title='bbox 2169 3431 2369 3498; x_wconf 79' lang='grc' dir='ltr'>αὑτῶν,</span> <span class='ocrx_word' id='word_1_572' title='bbox 2399 3429 2490 3485; x_wconf 89' lang='grc' dir='ltr'><strong>καί</strong></span> <span class='ocrx_word' id='word_1_573' title='bbox 2540 3451 2700 3508; x_wconf 76' lang='grc' dir='ltr'>φησι’</span> <span class='ocrx_word' id='word_1_574' title='bbox 2764 3436 2955 3486; x_wconf 84' lang='grc' dir='ltr'>Ποεῖτε</span> <span class='ocrx_word' id='word_1_575' title='bbox 3002 3432 3203 3503; x_wconf 71' lang='grc' dir='ltr'>σκέπην</span> <span class='ocrx_word' id='word_1_576' title='bbox 3260 3434 3489 3498; x_wconf 70' lang='grc' dir='ltr'>πενθους</span> <span class='ocrx_word' id='word_1_577' title='bbox 3541 3437 3677 3512; x_wconf 75' lang='grc' dir='ltr'>αὐτῇ</span> <span class='ocrx_word' id='word_1_578' title='bbox 3729 3435 3807 3492; x_wconf 69' lang='grc' dir='ltr'><strong>διὰ</strong></span> 
     </span>
    </p>
   </div>
   <div class='ocr_carea' id='block_1_81' title="bbox 2167 3518 3807 3597">
    <p class='ocr_par' dir='ltr' id='par_1_81' title="bbox 2167 3518 3807 3597">
     <span class='ocr_line' id='line_1_81' title="bbox 2167 3518 3807 3597; baseline 0.005 -27"><span class='ocrx_word' id='word_1_579' title='bbox 2167 3529 2391 3581; x_wconf 83' lang='grc' dir='ltr'>παντός,</span> <span class='ocrx_word' id='word_1_580' title='bbox 2423 3520 2491 3577; x_wconf 76' lang='grc' dir='ltr'><strong>Οἱ</strong></span> <span class='ocrx_word' id='word_1_581' title='bbox 2537 3519 2638 3594; x_wconf 78' lang='grc' dir='ltr'><strong>γὰρ</strong></span> <span class='ocrx_word' id='word_1_582' title='bbox 2698 3518 2784 3573; x_wconf 72' lang='grc' dir='ltr'>ἐπὶ</span> <span class='ocrx_word' id='word_1_583' title='bbox 2849 3525 2967 3585; x_wconf 86' lang='grc' dir='ltr'>τοῖς</span> <span class='ocrx_word' id='word_1_584' title='bbox 3021 3522 3462 3597; x_wconf 79' lang='grc' dir='ltr'>ἡμαρτημίνοις,</span> <span class='ocrx_word' id='word_1_585' title='bbox 3526 3525 3636 3581; x_wconf 77' lang='grc' dir='ltr'>εἶ’τε</span> <span class='ocrx_word' id='word_1_586' title='bbox 3685 3525 3807 3580; x_wconf 79' lang='grc' dir='ltr'>κατᾶ</span> 
     </span>
    </p>
   </div>
   <div class='ocr_carea' id='block_1_82' title="bbox 2165 3605 3806 3688">
    <p class='ocr_par' dir='ltr' id='par_1_82' title="bbox 2165 3605 3806 3688">
     <span class='ocr_line' id='line_1_82' title="bbox 2165 3605 3806 3688; baseline 0.003 -24"><span class='ocrx_word' id='word_1_587' title='bbox 2165 3608 2258 3664; x_wconf 83' lang='grc' dir='ltr'><strong>τὸν</strong></span> <span class='ocrx_word' id='word_1_588' title='bbox 2293 3607 2438 3683; x_wconf 84' lang='grc' dir='ltr'>βίον,</span> <span class='ocrx_word' id='word_1_589' title='bbox 2471 3605 2577 3663; x_wconf 71' lang='grc' dir='ltr'>ε’ίτέ</span> <span class='ocrx_word' id='word_1_590' title='bbox 2606 3607 2742 3662; x_wconf 80' lang='grc' dir='ltr'>κατὰ</span> <span class='ocrx_word' id='word_1_591' title='bbox 2769 3610 2869 3678; x_wconf 70' lang='grc' dir='ltr'>τὴν</span> <span class='ocrx_word' id='word_1_592' title='bbox 2911 3613 3128 3686; x_wconf 80' lang='grc' dir='ltr'>γνῶσιν,</span> <span class='ocrx_word' id='word_1_593' title='bbox 3159 3609 3576 3688; x_wconf 69' lang='grc' dir='ltr'>ὶνεργαζόμενοι</span> <span class='ocrx_word' id='word_1_594' title='bbox 3617 3613 3806 3685; x_wconf 66' lang='grc' dir='ltr'>λύπην,</span> 
     </span>
    </p>
   </div>
   <div class='ocr_carea' id='block_1_83' title="bbox 2169 3695 3806 3776">
    <p class='ocr_par' dir='ltr' id='par_1_83' title="bbox 2169 3695 3806 3776">
     <span class='ocr_line' id='line_1_83' title="bbox 2169 3695 3806 3776; baseline 0.002 -24"><span class='ocrx_word' id='word_1_595' title='bbox 2169 3697 2308 3752; x_wconf 83' lang='grc' dir='ltr'>ὥστε</span> <span class='ocrx_word' id='word_1_596' title='bbox 2361 3697 2508 3758; x_wconf 77' lang='grc' dir='ltr'>τινὰς</span> <span class='ocrx_word' id='word_1_597' title='bbox 2564 3695 2741 3760; x_wconf 79' lang='grc' dir='ltr'>ἐλθεῖν</span> <span class='ocrx_word' id='word_1_598' title='bbox 2797 3695 2886 3751; x_wconf 80' lang='grc' dir='ltr'><strong>ἐπὶ</strong></span> <span class='ocrx_word' id='word_1_599' title='bbox 2942 3699 3004 3753; x_wconf 89' lang='grc' dir='ltr'>τὸ</span> <span class='ocrx_word' id='word_1_600' title='bbox 3062 3699 3339 3776; x_wconf 82' lang='grc' dir='ltr'>μακαρίως</span> <span class='ocrx_word' id='word_1_601' title='bbox 3394 3704 3637 3773; x_wconf 79' lang='grc' dir='ltr'>πενθεῖν,</span> <span class='ocrx_word' id='word_1_602' title='bbox 3670 3704 3806 3757; x_wconf 83' lang='grc' dir='ltr'>οῦτοι</span> 
     </span>
    </p>
   </div>
   <div class='ocr_carea' id='block_1_84' title="bbox 2165 3784 3806 3865">
    <p class='ocr_par' dir='ltr' id='par_1_84' title="bbox 2165 3784 3806 3865">
     <span class='ocr_line' id='line_1_84' title="bbox 2165 3784 3806 3865; baseline 0.003 -25"><span class='ocrx_word' id='word_1_603' title='bbox 2165 3790 2382 3841; x_wconf 90' lang='grc' dir='ltr'>ποιοῦσι</span> <span class='ocrx_word' id='word_1_604' title='bbox 2433 3784 2634 3856; x_wconf 75' lang='grc' dir='ltr'>σκέπην</span> <span class='ocrx_word' id='word_1_605' title='bbox 2683 3785 2927 3848; x_wconf 72' lang='grc' dir='ltr'>πένθους.</span> <span class='ocrx_word' id='word_1_606' title='bbox 2981 3785 3136 3844; x_wconf 77' lang='grc' dir='ltr'>Εῖδόν</span> <span class='ocrx_word' id='word_1_607' title='bbox 3183 3809 3332 3850; x_wconf 88' lang='grc' dir='ltr'>τινας</span> <span class='ocrx_word' id='word_1_608' title='bbox 3384 3788 3495 3865; x_wconf 66' lang='grc' dir='ltr'><strong>ἐγὼ</strong></span> <span class='ocrx_word' id='word_1_609' title='bbox 3549 3797 3658 3847; x_wconf 81' lang='grc' dir='ltr'><strong>τῶν</strong></span> <span class='ocrx_word' id='word_1_610' title='bbox 3712 3792 3806 3846; x_wconf 80' lang='grc' dir='ltr'>ὑπὸ</span> 
     </span>
    </p>
   </div>
   <div class='ocr_carea' id='block_1_85' title="bbox 2168 3873 3804 3952">
    <p class='ocr_par' dir='ltr' id='par_1_85' title="bbox 2168 3873 3804 3952">
     <span class='ocr_line' id='line_1_85' title="bbox 2168 3873 3804 3952; baseline 0.002 -22"><span class='ocrx_word' id='word_1_611' title='bbox 2168 3875 2348 3946; x_wconf 80' lang='grc' dir='ltr'>λύπης</span> <span class='ocrx_word' id='word_1_612' title='bbox 2409 3873 2642 3950; x_wconf 80' lang='grc' dir='ltr'>ἀκράτου</span> <span class='ocrx_word' id='word_1_613' title='bbox 2701 3874 3084 3952; x_wconf 69' lang='grc' dir='ltr'>κατεχομένων</span> <span class='ocrx_word' id='word_1_614' title='bbox 3144 3876 3539 3942; x_wconf 79' lang='grc' dir='ltr'>ἀποκλείοντας</span> <span class='ocrx_word' id='word_1_615' title='bbox 3597 3882 3804 3942; x_wconf 72' lang='grc' dir='ltr'>ἑαυτοὺς</span> 
     </span>
    </p>
   </div>
   <div class='ocr_carea' id='block_1_86' title="bbox 2167 3962 3800 4046">
    <p class='ocr_par' dir='ltr' id='par_1_86' title="bbox 2167 3962 3800 4046">
     <span class='ocr_line' id='line_1_86' title="bbox 2167 3962 3800 4046; baseline 0.002 -27"><span class='ocrx_word' id='word_1_616' title='bbox 2167 3963 2245 4026; x_wconf 83' lang='grc' dir='ltr'>εἷς</span> <span class='ocrx_word' id='word_1_617' title='bbox 2276 3962 2540 4034; x_wconf 75' lang='grc' dir='ltr'>οἰκίσκον,</span> <span class='ocrx_word' id='word_1_618' title='bbox 2571 3964 2660 4018; x_wconf 82' lang='grc' dir='ltr'><strong>καὶ</strong></span> <span class='ocrx_word' id='word_1_619' title='bbox 2691 3969 2861 4019; x_wconf 77' lang='grc' dir='ltr'>πᾶσαν</span> <span class='ocrx_word' id='word_1_620' title='bbox 2905 3966 3086 4042; x_wconf 77' lang='grc' dir='ltr'>φωτὸς</span> <span class='ocrx_word' id='word_1_621' title='bbox 3139 3965 3376 4038; x_wconf 84' lang='grc' dir='ltr'>πάροδον</span> <span class='ocrx_word' id='word_1_622' title='bbox 3427 3968 3800 4046; x_wconf 73' lang='grc' dir='ltr'>ἀποφράσσον-</span> 
     </span>
    </p>
   </div>
   <div class='ocr_carea' id='block_1_87' title="bbox 2163 4051 3803 4130">
    <p class='ocr_par' dir='ltr' id='par_1_87' title="bbox 2163 4051 3803 4130">
     <span class='ocr_line' id='line_1_87' title="bbox 2163 4051 3803 4130; baseline 0.003 -21"><span class='ocrx_word' id='word_1_623' title='bbox 2163 4074 2280 4126; x_wconf 89' lang='grc' dir='ltr'>τας,</span> <span class='ocrx_word' id='word_1_624' title='bbox 2309 4053 2398 4107; x_wconf 78' lang='grc' dir='ltr'><strong>καὶ</strong></span> <span class='ocrx_word' id='word_1_625' title='bbox 2432 4051 2599 4109; x_wconf 74' lang='grc' dir='ltr'>οἷονεὶ</span> <span class='ocrx_word' id='word_1_626' title='bbox 2629 4056 3075 4128; x_wconf 75' lang='grc' dir='ltr'>τιμωρουμένους</span> <span class='ocrx_word' id='word_1_627' title='bbox 3108 4055 3328 4120; x_wconf 73' lang='grc' dir='ltr'>ἑαυτοὺς</span> <span class='ocrx_word' id='word_1_628' title='bbox 3362 4053 3452 4112; x_wconf 80' lang='grc' dir='ltr'><strong>διὰ</strong></span> <span class='ocrx_word' id='word_1_629' title='bbox 3488 4067 3596 4128; x_wconf 85' lang='grc' dir='ltr'><strong>τῆς</strong></span> <span class='ocrx_word' id='word_1_630' title='bbox 3653 4059 3704 4114; x_wconf 71' lang='grc' dir='ltr'><strong>ἐν</strong></span> <span class='ocrx_word' id='word_1_631' title='bbox 3731 4063 3803 4130; x_wconf 80' lang='grc' dir='ltr'>τῷ</span> 
     </span>
    </p>
   </div>
   <div class='ocr_carea' id='block_1_88' title="bbox 2167 4139 3801 4217">
    <p class='ocr_par' dir='ltr' id='par_1_88' title="bbox 2167 4139 3801 4217">
     <span class='ocr_line' id='line_1_88' title="bbox 2167 4139 3801 4217; baseline 0.001 -20"><span class='ocrx_word' id='word_1_632' title='bbox 2167 4141 2344 4197; x_wconf 86' lang='grc' dir='ltr'>σκότει</span> <span class='ocrx_word' id='word_1_633' title='bbox 2378 4139 2676 4217; x_wconf 81' lang='grc' dir='ltr'>διαγωγῆς.</span> <span class='ocrx_word' id='word_1_634' title='bbox 2709 4143 2824 4198; x_wconf 87' lang='grc' dir='ltr'>Ἵνα</span> <span class='ocrx_word' id='word_1_635' title='bbox 2855 4141 2945 4198; x_wconf 81' lang='grc' dir='ltr'><strong>οῦν</strong></span> <span class='ocrx_word' id='word_1_636' title='bbox 2982 4145 3058 4217; x_wconf 82' lang='grc' dir='ltr'>μὴ</span> <span class='ocrx_word' id='word_1_637' title='bbox 3088 4143 3152 4199; x_wconf 86' lang='grc' dir='ltr'>τὸ</span> <span class='ocrx_word' id='word_1_638' title='bbox 3205 4143 3450 4215; x_wconf 79' lang='grc' dir='ltr'>σύνηθες.</span> <span class='ocrx_word' id='word_1_639' title='bbox 3502 4146 3682 4202; x_wconf 67' lang='grc' dir='ltr'>αὐτῶν</span> <span class='ocrx_word' id='word_1_640' title='bbox 3731 4147 3801 4215; x_wconf 76' lang='grc' dir='ltr'><strong>ιξ-</strong></span> 
     </span>
    </p>
   </div>
   <div class='ocr_carea' id='block_1_89' title="bbox 2166 4227 3800 4309">
    <p class='ocr_par' dir='ltr' id='par_1_89' title="bbox 2166 4227 3800 4309">
     <span class='ocr_line' id='line_1_89' title="bbox 2166 4227 3800 4309; baseline 0.003 -22"><span class='ocrx_word' id='word_1_641' title='bbox 2166 4235 2382 4287; x_wconf 82' lang='grc' dir='ltr'>απατῶν</span> <span class='ocrx_word' id='word_1_642' title='bbox 2414 4231 2512 4299; x_wconf 78' lang='grc' dir='ltr'>τὴν</span> <span class='ocrx_word' id='word_1_643' title='bbox 2548 4227 2813 4299; x_wconf 86' lang='grc' dir='ltr'>διάνοιαν,</span> <span class='ocrx_word' id='word_1_644' title='bbox 2845 4235 2944 4301; x_wconf 72' lang='grc' dir='ltr'><strong>τῆς</strong></span> <span class='ocrx_word' id='word_1_645' title='bbox 3004 4233 3195 4309; x_wconf 74' lang='grc' dir='ltr'>σοφίας</span> <span class='ocrx_word' id='word_1_646' title='bbox 3251 4233 3449 4306; x_wconf 64' lang='grc' dir='ltr'>οἵημα,</span> <span class='ocrx_word' id='word_1_647' title='bbox 3474 4236 3617 4291; x_wconf 75' lang='grc' dir='ltr'>κατὰ</span> <span class='ocrx_word' id='word_1_648' title='bbox 3674 4236 3800 4305; x_wconf 68' lang='grc' dir='ltr'><strong>ἀλήι</strong></span> 
     </span>
    </p>
   </div>
   <div class='ocr_carea' id='block_1_90' title="bbox 2167 4319 3805 4399">
    <p class='ocr_par' dir='ltr' id='par_1_90' title="bbox 2167 4319 3805 4399">
     <span class='ocr_line' id='line_1_90' title="bbox 2167 4319 3805 4399; baseline 0.001 -24"><span class='ocrx_word' id='word_1_649' title='bbox 2167 4323 2312 4376; x_wconf 85' lang='grc' dir='ltr'>θειαν</span> <span class='ocrx_word' id='word_1_650' title='bbox 2369 4319 2562 4382; x_wconf 90' lang='grc' dir='ltr'>σκότος</span> <span class='ocrx_word' id='word_1_651' title='bbox 2625 4321 2890 4396; x_wconf 80' lang='grc' dir='ltr'>ὑπάρχον,</span> <span class='ocrx_word' id='word_1_652' title='bbox 2921 4325 3033 4399; x_wconf 79' lang='grc' dir='ltr'><strong>φῶς</strong></span> <span class='ocrx_word' id='word_1_653' title='bbox 3095 4319 3152 4376; x_wconf 78' lang='grc' dir='ltr'>δὲ</span> <span class='ocrx_word' id='word_1_654' title='bbox 3206 4322 3334 4377; x_wconf 72' lang='grc' dir='ltr'>εἶναι</span> <span class='ocrx_word' id='word_1_655' title='bbox 3386 4324 3805 4399; x_wconf 77' lang='grc' dir='ltr'>φανταζόμενον,</span> 
     </span>
    </p>
   </div>
   <div class='ocr_carea' id='block_1_91' title="bbox 2167 4406 3810 4491">
    <p class='ocr_par' dir='ltr' id='par_1_91' title="bbox 2167 4406 3810 4491">
     <span class='ocr_line' id='line_1_91' title="bbox 2167 4406 3810 4491; baseline 0.001 -28"><span class='ocrx_word' id='word_1_656' title='bbox 2167 4406 2374 4484; x_wconf 80' lang='grc' dir='ltr'>διοχλῇ</span> <span class='ocrx_word' id='word_1_657' title='bbox 2425 4408 2600 4462; x_wconf 77' lang='grc' dir='ltr'>αὐτῶν</span> <span class='ocrx_word' id='word_1_658' title='bbox 2645 4415 2764 4470; x_wconf 80' lang='grc' dir='ltr'>ταῖς</span> <span class='ocrx_word' id='word_1_659' title='bbox 2814 4409 3090 4480; x_wconf 66' lang='grc' dir='ltr'>αἰσθήσεσι</span> <span class='ocrx_word' id='word_1_660' title='bbox 3136 4413 3275 4485; x_wconf 73' lang='lat' dir='ltr'><strong>(7l)°</strong></span> <span class='ocrx_word' id='word_1_661' title='bbox 3311 4414 3614 4483; x_wconf 76' lang='grc' dir='ltr'>Ποιήσατε,</span> <span class='ocrx_word' id='word_1_662' title='bbox 3666 4414 3810 4491; x_wconf 66' lang='grc' dir='ltr'>φησὶ,</span> 
     </span>
    </p>
   </div>
   <div class='ocr_carea' id='block_1_92' title="bbox 407 4470 2055 4571">
    <p class='ocr_par' dir='ltr' id='par_1_92' title="bbox 407 4498 2055 4566">
     <span class='ocr_line' id='line_1_92' title="bbox 407 4498 2055 4566; baseline 0.001 -12"><span class='ocrx_word' id='word_1_663' title='bbox 407 4498 722 4566; x_wconf 82' lang='lat' dir='ltr'><strong>Nimirum,</strong></span> <span class='ocrx_word' id='word_1_664' title='bbox 756 4503 821 4554; x_wconf 93' lang='lat' dir='ltr'><strong>ut</strong></span> <span class='ocrx_word' id='word_1_665' title='bbox 859 4498 1110 4555; x_wconf 86' lang='lat' dir='ltr'><strong>exclusis</strong></span> <span class='ocrx_word' id='word_1_666' title='bbox 1162 4500 1568 4554; x_wconf 64' lang='lat' dir='ltr'><strong>hereticorum</strong></span> <span class='ocrx_word' id='word_1_667' title='bbox 1619 4499 1934 4566; x_wconf 85' lang='lat' dir='ltr'><strong>erroribus,</strong></span> <span class='ocrx_word' id='word_1_668' title='bbox 1968 4499 2055 4555; x_wconf 94' lang='lat' dir='ltr'><strong>lu-</strong></span> 
     </span>
    </p>
   </div>
   <div class='ocr_carea' id='block_1_93' title="bbox 2172 4470 3808 4571">
    <p class='ocr_par' dir='ltr' id='par_1_93' title="bbox 2172 4470 3808 4571">
     <span class='ocr_line' id='line_1_93' title="bbox 2261 4470 3808 4491; baseline 0.002 -12"><span class='ocrx_word' id='word_1_669' title='bbox 2261 4470 2298 4484; x_wconf 64' lang='grc' dir='ltr'><strong><em>η</em></strong></span> <span class='ocrx_word' id='word_1_670' title='bbox 2351 4470 2374 4483; x_wconf 83' lang='grc'><strong>,-</strong></span> <span class='ocrx_word' id='word_1_671' title='bbox 2959 4470 2969 4480; x_wconf 93' lang='grc'><strong>.</strong></span> <span class='ocrx_word' id='word_1_672' title='bbox 3140 4470 3152 4484; x_wconf 78' lang='grc'><strong>.</strong></span> <span class='ocrx_word' id='word_1_673' title='bbox 3232 4470 3243 4485; x_wconf 82' lang='grc'><strong><em>,</em></strong></span> <span class='ocrx_word' id='word_1_674' title='bbox 3440 4470 3452 4483; x_wconf 96' lang='grc'><strong>.</strong></span> <span class='ocrx_word' id='word_1_675' title='bbox 3600 4470 3612 4481; x_wconf 95' lang='grc'><strong><em>,</em></strong></span> <span class='ocrx_word' id='word_1_676' title='bbox 3677 4470 3736 4491; x_wconf 77' lang='lat'><strong>,.</strong></span> <span class='ocrx_word' id='word_1_677' title='bbox 3797 4470 3808 4482; x_wconf 84' lang='lat'>.</span> 
     </span>
     <span class='ocr_line' id='line_1_94' title="bbox 2172 4497 3808 4571; baseline 0 -19"><span class='ocrx_word' id='word_1_678' title='bbox 2172 4499 2369 4568; x_wconf 67' lang='grc' dir='ltr'>σκέπην</span> <span class='ocrx_word' id='word_1_679' title='bbox 2428 4498 2656 4561; x_wconf 66' lang='grc' dir='ltr'>πάνθους</span> <span class='ocrx_word' id='word_1_680' title='bbox 2702 4497 3027 4569; x_wconf 76' lang='grc' dir='ltr'>αὐτοῖς,’ίνα</span> <span class='ocrx_word' id='word_1_681' title='bbox 3079 4499 3129 4554; x_wconf 71' lang='grc' dir='ltr'>ἔν</span> <span class='ocrx_word' id='word_1_682' title='bbox 3187 4504 3265 4571; x_wconf 84' lang='grc' dir='ltr'><strong>τῷ</strong></span> <span class='ocrx_word' id='word_1_683' title='bbox 3331 4500 3662 4557; x_wconf 85' lang='grc' dir='ltr'>ἀποκλεῖσαι</span> <span class='ocrx_word' id='word_1_684' title='bbox 3719 4503 3808 4569; x_wconf 77' lang='grc' dir='ltr'><strong>τήν</strong></span> 
     </span>
    </p>
   </div>
   <div class='ocr_carea' id='block_1_94' title="bbox 410 4586 2057 4658">
    <p class='ocr_par' dir='ltr' id='par_1_94' title="bbox 410 4586 2057 4658">
     <span class='ocr_line' id='line_1_95' title="bbox 410 4586 2057 4658; baseline 0.001 -15"><span class='ocrx_word' id='word_1_685' title='bbox 410 4587 554 4643; x_wconf 86' lang='lat' dir='ltr'><strong>mini</strong></span> <span class='ocrx_word' id='word_1_686' title='bbox 589 4603 723 4642; x_wconf 89' lang='lat' dir='ltr'><strong>vero</strong></span> <span class='ocrx_word' id='word_1_687' title='bbox 746 4586 938 4642; x_wconf 88' lang='lat' dir='ltr'><strong>locum</strong></span> <span class='ocrx_word' id='word_1_688' title='bbox 972 4588 1147 4655; x_wconf 88' lang='lat' dir='ltr'><strong>detis,</strong></span> <span class='ocrx_word' id='word_1_689' title='bbox 1185 4603 1299 4658; x_wconf 94' lang='lat' dir='ltr'><strong>quo</strong></span> <span class='ocrx_word' id='word_1_690' title='bbox 1331 4587 1507 4643; x_wconf 86' lang='lat' dir='ltr'><strong>corda</strong></span> <span class='ocrx_word' id='word_1_691' title='bbox 1537 4603 1738 4642; x_wconf 90' lang='lat' dir='ltr'><strong>eorum</strong></span> <span class='ocrx_word' id='word_1_692' title='bbox 1771 4588 1873 4658; x_wconf 89' lang='lat' dir='ltr'><strong>qui</strong></span> <span class='ocrx_word' id='word_1_693' title='bbox 1904 4589 1960 4642; x_wconf 92' lang='lat' dir='ltr'><strong>in</strong></span> <span class='ocrx_word' id='word_1_694' title='bbox 1994 4605 2057 4644; x_wconf 90' lang='lat' dir='ltr'><strong>se</strong></span> 
     </span>
    </p>
   </div>
   <div class='ocr_carea' id='block_1_95' title="bbox 411 4675 2058 4747">
    <p class='ocr_par' dir='ltr' id='par_1_95' title="bbox 411 4675 2058 4747">
     <span class='ocr_line' id='line_1_96' title="bbox 411 4675 2058 4747; baseline 0.001 -16"><span class='ocrx_word' id='word_1_695' title='bbox 411 4676 678 4746; x_wconf 90' lang='lat' dir='ltr'><strong>credunt,</strong></span> <span class='ocrx_word' id='word_1_696' title='bbox 711 4675 969 4732; x_wconf 88' lang='lat' dir='ltr'><strong>illustret</strong></span> <span class='ocrx_word' id='word_1_697' title='bbox 999 4677 1174 4732; x_wconf 74' lang='lat'><strong>609.</strong></span> <span class='ocrx_word' id='word_1_698' title='bbox 1212 4675 1378 4732; x_wconf 87' lang='lat' dir='ltr'><strong>Prius</strong></span> <span class='ocrx_word' id='word_1_699' title='bbox 1422 4675 1603 4746; x_wconf 86' lang='lat' dir='ltr'><strong>igitur</strong></span> <span class='ocrx_word' id='word_1_700' title='bbox 1655 4692 1832 4747; x_wconf 91' lang='lat' dir='ltr'><strong>quam</strong></span> <span class='ocrx_word' id='word_1_701' title='bbox 1864 4678 2058 4733; x_wconf 88' lang='lat' dir='ltr'><strong>veniat</strong></span> 
     </span>
    </p>
   </div>
   <div class='ocr_carea' id='block_1_96' title="bbox 482 4828 1061 4898">
    <p class='ocr_par' dir='ltr' id='par_1_96' title="bbox 482 4828 1061 4898">
     <span class='ocr_line' id='line_1_97' title="bbox 482 4828 1061 4898; baseline 0 -14"><span class='ocrx_word' id='word_1_702' title='bbox 482 4829 528 4863; x_wconf 83' lang='grc'>³³</span> <span class='ocrx_word' id='word_1_703' title='bbox 553 4828 695 4884; x_wconf 85' lang='lat' dir='ltr'><strong>Gen.</strong></span> <span class='ocrx_word' id='word_1_704' title='bbox 727 4845 846 4898; x_wconf 80' lang='lat' dir='ltr'><strong>XIX,</strong></span> <span class='ocrx_word' id='word_1_705' title='bbox 879 4829 1061 4884; x_wconf 88' lang='lat'>33-37.</span> 
     </span>
    </p>
   </div>
   <div class='ocr_carea' id='block_1_97' title="bbox 415 4969 2065 5053">
    <p class='ocr_par' dir='ltr' id='par_1_97' title="bbox 415 4969 2065 5053">
     <span class='ocr_line' id='line_1_98' title="bbox 415 4969 2065 5053; baseline 0 -23"><span class='ocrx_word' id='word_1_706' title='bbox 415 4974 683 5053; x_wconf 39' lang='lat' dir='ltr'><strong>(invexerat</strong></span> <span class='ocrx_word' id='word_1_707' title='bbox 732 4979 896 5053; x_wconf 80' lang='lat' dir='ltr'><strong>bene.</strong></span> <span class='ocrx_word' id='word_1_708' title='bbox 968 4978 1196 5053; x_wconf 80' lang='lat' dir='ltr'><strong>Ibidem</strong></span> <span class='ocrx_word' id='word_1_709' title='bbox 1257 4976 1433 5053; x_wconf 52' lang='lat' dir='ltr'><strong>editi,</strong></span> <span class='ocrx_word' id='word_1_710' title='bbox 1499 4969 1724 5053; x_wconf 44' lang='lat' dir='ltr'><strong>Munia;</strong></span> <span class='ocrx_word' id='word_1_711' title='bbox 1791 4975 2065 5053; x_wconf 72' lang='grc' dir='ltr'>τουτέστιν</span> 
     </span>
    </p>
   </div>
   <div class='ocr_carea' id='block_1_98' title="bbox 415 5041 2062 5124">
    <p class='ocr_par' dir='ltr' id='par_1_98' title="bbox 415 5041 2062 5124">
     <span class='ocr_line' id='line_1_99' title="bbox 415 5041 2062 5124; baseline 0.001 -22"><span class='ocrx_word' id='word_1_712' title='bbox 415 5041 702 5124; x_wconf 53' lang='grc' dir='ltr'>ὥσπερᾙ.</span> <span class='ocrx_word' id='word_1_713' title='bbox 759 5050 1324 5124; x_wconf 50' lang='lat' dir='ltr'><strong>Qtegueﬂomhel},</strong></span> <span class='ocrx_word' id='word_1_714' title='bbox 1372 5041 1589 5114; x_wconf 75' lang='grc' dir='ltr'>Μωάϐς</span> <span class='ocrx_word' id='word_1_715' title='bbox 1649 5041 1780 5120; x_wconf 80' lang='grc' dir='ltr'>ὅπερ</span> <span class='ocrx_word' id='word_1_716' title='bbox 1833 5048 1896 5103; x_wconf 68' lang='grc' dir='ltr'>εἴ.</span> <span class='ocrx_word' id='word_1_717' title='bbox 1950 5048 2062 5103; x_wconf 81' lang='lat' dir='ltr'><strong>Alii</strong></span> 
     </span>
    </p>
   </div>
   <div class='ocr_carea' id='block_1_99' title="bbox 413 5121 2063 5195">
    <p class='ocr_par' dir='ltr' id='par_1_99' title="bbox 413 5121 2063 5195">
     <span class='ocr_line' id='line_1_100' title="bbox 413 5121 2063 5195; baseline -0.002 -18"><span class='ocrx_word' id='word_1_718' title='bbox 413 5123 528 5178; x_wconf 90' lang='lat' dir='ltr'><strong>duo</strong></span> <span class='ocrx_word' id='word_1_719' title='bbox 562 5121 729 5185; x_wconf 79' lang='lat' dir='ltr'><strong>mss.,</strong></span> <span class='ocrx_word' id='word_1_720' title='bbox 761 5121 843 5194; x_wconf 72' lang='grc' dir='ltr'>ᾖς.</span> <span class='ocrx_word' id='word_1_721' title='bbox 877 5123 992 5177; x_wconf 84' lang='grc' dir='ltr'>Ηοο</span> <span class='ocrx_word' id='word_1_722' title='bbox 1023 5123 1150 5195; x_wconf 88' lang='lat' dir='ltr'><strong>ipso</strong></span> <span class='ocrx_word' id='word_1_723' title='bbox 1182 5122 1239 5195; x_wconf 81' lang='lat' dir='ltr'><strong>in</strong></span> <span class='ocrx_word' id='word_1_724' title='bbox 1273 5123 1395 5195; x_wconf 84' lang='lat' dir='ltr'><strong>loco</strong></span> <span class='ocrx_word' id='word_1_725' title='bbox 1428 5125 1879 5195; x_wconf 72' lang='lat' dir='ltr'><strong>quatuor_mss.,</strong></span> <span class='ocrx_word' id='word_1_726' title='bbox 1914 5141 2063 5195; x_wconf 66' lang='grc' dir='ltr'>φανε-</span> 
     </span>
    </p>
   </div>
   <div class='ocr_carea' id='block_1_100' title="bbox 414 5189 2061 5278">
    <p class='ocr_par' dir='ltr' id='par_1_100' title="bbox 414 5189 2061 5278">
     <span class='ocr_line' id='line_1_101' title="bbox 414 5189 2061 5278; baseline 0.001 -30"><span class='ocrx_word' id='word_1_727' title='bbox 414 5195 661 5278; x_wconf 61' lang='grc' dir='ltr'>ρωφήση.</span> <span class='ocrx_word' id='word_1_728' title='bbox 695 5189 827 5278; x_wconf 67' lang='grc' dir='ltr'>ΜόΧ</span> <span class='ocrx_word' id='word_1_729' title='bbox 856 5195 1018 5278; x_wconf 74' lang='lat' dir='ltr'><strong>editi,</strong></span> <span class='ocrx_word' id='word_1_730' title='bbox 1047 5189 1495 5278; x_wconf 48' lang='lat' dir='ltr'><strong>itztp‘c‘iqnlyévoi).</strong></span> <span class='ocrx_word' id='word_1_731' title='bbox 1526 5193 1639 5278; x_wconf 43' lang='grc' dir='ltr'><strong>γ’οΧ</strong></span> <span class='ocrx_word' id='word_1_732' title='bbox 1682 5189 1872 5264; x_wconf 22' lang='grc' dir='ltr'>ἰγὲνουν</span> <span class='ocrx_word' id='word_1_733' title='bbox 1899 5189 2061 5274; x_wconf 81' lang='lat' dir='ltr'><strong>deest</strong></span> 
     </span>
    </p>
   </div>
   <div class='ocr_carea' id='block_1_101' title="bbox 413 5264 2058 5338">
    <p class='ocr_par' dir='ltr' id='par_1_101' title="bbox 413 5264 2058 5338">
     <span class='ocr_line' id='line_1_102' title="bbox 413 5264 2058 5338; baseline -0.002 -16"><span class='ocrx_word' id='word_1_734' title='bbox 413 5264 474 5322; x_wconf 89' lang='lat' dir='ltr'><strong>in</strong></span> <span class='ocrx_word' id='word_1_735' title='bbox 510 5264 742 5322; x_wconf 72' lang='lat' dir='ltr'><strong>nostris</strong></span> <span class='ocrx_word' id='word_1_736' title='bbox 792 5266 1055 5338; x_wconf 88' lang='lat' dir='ltr'><strong>quinque</strong></span> <span class='ocrx_word' id='word_1_737' title='bbox 1096 5264 1399 5322; x_wconf 87' lang='lat' dir='ltr'><strong>codicibus</strong></span> <span class='ocrx_word' id='word_1_738' title='bbox 1432 5282 1444 5319; x_wconf 90' lang='lat'><strong>:</strong></span> <span class='ocrx_word' id='word_1_739' title='bbox 1480 5264 1784 5338; x_wconf 60' lang='lat' dir='ltr'><strong>sedeam,</strong></span> <span class='ocrx_word' id='word_1_740' title='bbox 1833 5265 2058 5336; x_wconf 91' lang='lat' dir='ltr'><strong>opinor,</strong></span> 
     </span>
    </p>
   </div>
   <div class='ocr_carea' id='block_1_102' title="bbox 413 5334 2060 5417">
    <p class='ocr_par' dir='ltr' id='par_1_102' title="bbox 413 5334 2060 5417">
     <span class='ocr_line' id='line_1_103' title="bbox 413 5334 2060 5417; baseline -0.001 -23"><span class='ocrx_word' id='word_1_741' title='bbox 413 5339 742 5417; x_wconf 78' lang='lat' dir='ltr'><strong>addendam</strong></span> <span class='ocrx_word' id='word_1_742' title='bbox 774 5334 903 5417; x_wconf 73' lang='lat' dir='ltr'><strong>esse</strong></span> <span class='ocrx_word' id='word_1_743' title='bbox 927 5334 1693 5417; x_wconf 77' lang='lat' dir='ltr'><strong>judicarunt_typograph_i;</strong></span> <span class='ocrx_word' id='word_1_744' title='bbox 1727 5334 1785 5390; x_wconf 89' lang='lat' dir='ltr'><strong>iu</strong></span> <span class='ocrx_word' id='word_1_745' title='bbox 1819 5334 1937 5417; x_wconf 78' lang='lat' dir='ltr'><strong>quo</strong></span> <span class='ocrx_word' id='word_1_746' title='bbox 1963 5334 2060 5393; x_wconf 85' lang='lat' dir='ltr'><strong>eos</strong></span> 
     </span>
    </p>
   </div>
   <div class='ocr_carea' id='block_1_103' title="bbox 411 5406 2061 5484">
    <p class='ocr_par' dir='ltr' id='par_1_103' title="bbox 411 5406 2061 5484">
     <span class='ocr_line' id='line_1_104' title="bbox 411 5406 2061 5484; baseline -0.001 -19"><span class='ocrx_word' id='word_1_747' title='bbox 411 5427 528 5465; x_wconf 88' lang='lat' dir='ltr'><strong>non</strong></span> <span class='ocrx_word' id='word_1_748' title='bbox 560 5411 641 5466; x_wconf 87' lang='lat' dir='ltr'><strong>ita</strong></span> <span class='ocrx_word' id='word_1_749' title='bbox 674 5406 947 5484; x_wconf 57' lang='lat' dir='ltr'><strong>multum&#39;</strong></span> <span class='ocrx_word' id='word_1_750' title='bbox 979 5406 1488 5484; x_wconf 71' lang='lat' dir='ltr'><strong>reprehendendos</strong></span> <span class='ocrx_word' id='word_1_751' title='bbox 1529 5406 1846 5462; x_wconf 88' lang='lat' dir='ltr'><strong>arbitrarer</strong></span> <span class='ocrx_word' id='word_1_752' title='bbox 1890 5409 1940 5463; x_wconf 92' lang='lat' dir='ltr'><strong>si</strong></span> <span class='ocrx_word' id='word_1_753' title='bbox 1993 5425 2061 5464; x_wconf 83' lang='lat' dir='ltr'><strong>ea</strong></span> 
     </span>
    </p>
   </div>
   <div class='ocr_carea' id='block_1_104' title="bbox 412 5483 1825 5538">
    <p class='ocr_par' dir='ltr' id='par_1_104' title="bbox 412 5483 1825 5538">
     <span class='ocr_line' id='line_1_105' title="bbox 412 5483 1825 5538; baseline -0.001 0"><span class='ocrx_word' id='word_1_754' title='bbox 412 5484 483 5538; x_wconf 91' lang='lat' dir='ltr'><strong>de</strong></span> <span class='ocrx_word' id='word_1_755' title='bbox 516 5497 577 5536; x_wconf 90' lang='lat' dir='ltr'><strong>re</strong></span> <span class='ocrx_word' id='word_1_756' title='bbox 607 5483 1000 5538; x_wconf 83' lang='lat' dir='ltr'><strong>monuissent.</strong></span> <span class='ocrx_word' id='word_1_757' title='bbox 1820 5497 1825 5502; x_wconf 74' lang='lat'><strong>‘</strong></span> 
     </span>
    </p>
   </div>
   <div class='ocr_carea' id='block_1_105' title="bbox 482 5543 2064 5626">
    <p class='ocr_par' dir='ltr' id='par_1_105' title="bbox 482 5543 2064 5626">
     <span class='ocr_line' id='line_1_106' title="bbox 482 5543 2064 5626; baseline -0.005 -19"><span class='ocrx_word' id='word_1_758' title='bbox 482 5553 595 5623; x_wconf 87' lang='lat'><strong>(68)</strong></span> <span class='ocrx_word' id='word_1_759' title='bbox 625 5553 777 5609; x_wconf 83' lang='lat' dir='ltr'><strong>Editi</strong></span> <span class='ocrx_word' id='word_1_760' title='bbox 827 5558 884 5608; x_wconf 90' lang='lat' dir='ltr'><strong>et</strong></span> <span class='ocrx_word' id='word_1_761' title='bbox 938 5559 1075 5626; x_wconf 81' lang='lat' dir='ltr'><strong>Reg.</strong></span> <span class='ocrx_word' id='word_1_762' title='bbox 1132 5552 1378 5624; x_wconf 88' lang='lat' dir='ltr'><strong>primus,</strong></span> <span class='ocrx_word' id='word_1_763' title='bbox 1431 5543 2064 5626; x_wconf 53' lang='lat' dir='ltr'><strong>ansnlaeutvmv,_de</strong></span> 
     </span>
    </p>
   </div>
   <div class='ocr_carea' id='block_1_106' title="bbox 413 5619 2064 5697">
    <p class='ocr_par' dir='ltr' id='par_1_106' title="bbox 413 5619 2064 5697">
     <span class='ocr_line' id='line_1_107' title="bbox 413 5619 2064 5697; baseline -0.001 -19"><span class='ocrx_word' id='word_1_764' title='bbox 413 5619 773 5695; x_wconf 66' lang='lat' dir='ltr'><strong>dogmatibus,</strong></span> <span class='ocrx_word' id='word_1_765' title='bbox 803 5640 929 5697; x_wconf 72' lang='lat' dir='ltr'><strong>qua:</strong></span> <span class='ocrx_word' id='word_1_766' title='bbox 975 5619 1199 5695; x_wconf 56' lang='lat' dir='ltr'><strong>co&#39;nﬁéta</strong></span> <span class='ocrx_word' id='word_1_767' title='bbox 1227 5627 1353 5680; x_wconf 80' lang='lat' dir='ltr'><strong>sunt</strong></span> <span class='ocrx_word' id='word_1_768' title='bbox 1393 5619 1658 5697; x_wconf 55' lang='lat' dir='ltr'><strong>aetolia:</strong></span> <span class='ocrx_word' id='word_1_769' title='bbox 1700 5619 2064 5697; x_wconf 65' lang='lat' dir='ltr'><strong>philosophiae</strong></span> 
     </span>
    </p>
   </div>
   <div class='ocr_carea' id='block_1_107' title="bbox 409 5692 2061 5807">
    <p class='ocr_par' dir='ltr' id='par_1_107' title="bbox 409 5692 2061 5807">
     <span class='ocr_line' id='line_1_108' title="bbox 409 5692 2061 5807; baseline -0.002 -56"><span class='ocrx_word' id='word_1_770' title='bbox 409 5692 718 5807; x_wconf 35' lang='lat' dir='ltr'><strong>primqﬁis.</strong></span> <span class='ocrx_word' id='word_1_771' title='bbox 754 5692 946 5752; x_wconf 79' lang='lat' dir='ltr'><strong>Lectio</strong></span> <span class='ocrx_word' id='word_1_772' title='bbox 996 5692 1235 5767; x_wconf 78' lang='lat' dir='ltr'><strong>optima.</strong></span> <span class='ocrx_word' id='word_1_773' title='bbox 1270 5700 1346 5750; x_wconf 80' lang='lat' dir='ltr'><strong>At</strong></span> <span class='ocrx_word' id='word_1_774' title='bbox 1392 5693 1488 5750; x_wconf 83' lang='lat' dir='ltr'><strong>alii</strong></span> <span class='ocrx_word' id='word_1_775' title='bbox 1535 5697 1788 5764; x_wconf 87' lang='lat' dir='ltr'><strong>quatuor</strong></span> <span class='ocrx_word' id='word_1_776' title='bbox 1833 5692 2061 5749; x_wconf 90' lang='lat' dir='ltr'><strong>codices</strong></span> 
     </span>
    </p>
   </div>
   <div class='ocr_carea' id='block_1_108' title="bbox 2169 4583 3814 4664">
    <p class='ocr_par' dir='ltr' id='par_1_108' title="bbox 2169 4583 3814 4664">
     <span class='ocr_line' id='line_1_109' title="bbox 2169 4583 3814 4664; baseline 0.002 -24"><span class='ocrx_word' id='word_1_777' title='bbox 2169 4585 2228 4641; x_wconf 79' lang='grc' dir='ltr'>ἐκ</span> <span class='ocrx_word' id='word_1_778' title='bbox 2254 4591 2360 4640; x_wconf 78' lang='grc' dir='ltr'><strong>τῶν</strong></span> <span class='ocrx_word' id='word_1_779' title='bbox 2395 4583 2714 4661; x_wconf 71' lang='grc' dir='ltr'>ἑτεροδόξων</span> <span class='ocrx_word' id='word_1_780' title='bbox 2751 4589 2865 4661; x_wconf 87' lang='grc'><strong>(72)</strong></span> <span class='ocrx_word' id='word_1_781' title='bbox 2895 4588 3128 4660; x_wconf 70' lang='grc' dir='ltr'>ἀπάτην,</span> <span class='ocrx_word' id='word_1_782' title='bbox 3162 4588 3348 4664; x_wconf 87' lang='grc' dir='ltr'>χώραν</span> <span class='ocrx_word' id='word_1_783' title='bbox 3383 4588 3527 4645; x_wconf 81' lang='grc' dir='ltr'>δῶτε</span> <span class='ocrx_word' id='word_1_784' title='bbox 3569 4597 3652 4664; x_wconf 75' lang='grc' dir='ltr'>τῷ</span> <span class='ocrx_word' id='word_1_785' title='bbox 3680 4589 3814 4660; x_wconf 78' lang='grc' dir='ltr'>ἀλη-</span> 
     </span>
    </p>
   </div>
   <div class='ocr_carea' id='block_1_109' title="bbox 2173 4673 3813 4754">
    <p class='ocr_par' dir='ltr' id='par_1_109' title="bbox 2173 4673 3813 4754">
     <span class='ocr_line' id='line_1_110' title="bbox 2173 4673 3813 4754; baseline 0.003 -26"><span class='ocrx_word' id='word_1_786' title='bbox 2173 4679 2307 4747; x_wconf 86' lang='grc' dir='ltr'><strong>θινῷ</strong></span> <span class='ocrx_word' id='word_1_787' title='bbox 2339 4675 2478 4753; x_wconf 76' lang='grc' dir='ltr'>φωτὶ</span> <span class='ocrx_word' id='word_1_788' title='bbox 2509 4673 2792 4750; x_wconf 71' lang='grc' dir='ltr'>ἐλλάμψαι</span> <span class='ocrx_word' id='word_1_789' title='bbox 2819 4681 2938 4741; x_wconf 83' lang='grc' dir='ltr'>ταῖς</span> <span class='ocrx_word' id='word_1_790' title='bbox 2970 4675 3218 4754; x_wconf 91' lang='grc' dir='ltr'>καρδίαις</span> <span class='ocrx_word' id='word_1_791' title='bbox 3264 4683 3372 4734; x_wconf 79' lang='grc' dir='ltr'>τῶν</span> <span class='ocrx_word' id='word_1_792' title='bbox 3414 4678 3491 4742; x_wconf 74' lang='grc' dir='ltr'>εἷς</span> <span class='ocrx_word' id='word_1_793' title='bbox 3553 4680 3687 4736; x_wconf 71' lang='grc' dir='ltr'>αὐτὸ</span> <span class='ocrx_word' id='word_1_794' title='bbox 3729 4700 3813 4734; x_wconf 81' lang='grc' dir='ltr'>πε-</span> 
     </span>
    </p>
   </div>
   <div class='ocr_carea' id='block_1_110' title="bbox 1140 4828 2177 4897">
    <p class='ocr_par' dir='ltr' id='par_1_110' title="bbox 1140 4828 2177 4897">
     <span class='ocr_line' id='line_1_111' title="bbox 1140 4828 2177 4897; baseline 0 -13"><span class='ocrx_word' id='word_1_795' title='bbox 1140 4829 1186 4864; x_wconf 72' lang='grc'><strong>⁸⁸</strong></span> <span class='ocrx_word' id='word_1_796' title='bbox 1218 4828 1398 4884; x_wconf 90' lang='lat' dir='ltr'><strong>Levit.</strong></span> <span class='ocrx_word' id='word_1_797' title='bbox 1431 4845 1486 4894; x_wconf 86' lang='lat' dir='ltr'><strong>x,</strong></span> <span class='ocrx_word' id='word_1_798' title='bbox 1523 4829 1574 4883; x_wconf 91' lang='grc'><strong>1.</strong></span> <span class='ocrx_word' id='word_1_799' title='bbox 1651 4829 1696 4862; x_wconf 71' lang='grc'><strong>’⁸</strong></span> <span class='ocrx_word' id='word_1_800' title='bbox 1726 4829 1776 4883; x_wconf 91' lang='grc' dir='ltr'>ΙΙ</span> <span class='ocrx_word' id='word_1_801' title='bbox 1809 4828 1936 4884; x_wconf 86' lang='lat' dir='ltr'><strong>Cor.</strong></span> <span class='ocrx_word' id='word_1_802' title='bbox 1976 4846 2054 4897; x_wconf 70' lang='lat' dir='ltr'><strong>xx,</strong></span> <span class='ocrx_word' id='word_1_803' title='bbox 2090 4829 2177 4884; x_wconf 79' lang='grc'>14.</span> 
     </span>
    </p>
   </div>
   <div class='ocr_carea' id='block_1_111' title="bbox 2172 4975 3211 5052">
    <p class='ocr_par' dir='ltr' id='par_1_111' title="bbox 2172 4975 3211 5052">
     <span class='ocr_line' id='line_1_112' title="bbox 2172 4975 3211 5052; baseline 0.003 -19"><span class='ocrx_word' id='word_1_804' title='bbox 2172 4977 2444 5052; x_wconf 76' lang='lat' dir='ltr'><strong>meliores</strong></span> <span class='ocrx_word' id='word_1_805' title='bbox 2479 4980 2650 5052; x_wconf 58' lang='lat' dir='ltr'><strong>notae,</strong></span> <span class='ocrx_word' id='word_1_806' title='bbox 2683 4975 3211 5052; x_wconf 72' lang='grc' dir='ltr'>συμπεπλεγμᾶνων.</span> 
     </span>
    </p>
   </div>
   <div class='ocr_carea' id='block_1_112' title="bbox 2241 5049 3817 5122">
    <p class='ocr_par' dir='ltr' id='par_1_112' title="bbox 2241 5049 3817 5122">
     <span class='ocr_line' id='line_1_113' title="bbox 2241 5049 3817 5122; baseline 0.003 -20"><span class='ocrx_word' id='word_1_807' title='bbox 2241 5049 2622 5122; x_wconf 16' lang='lat' dir='ltr'><strong>(69)AAnti_q‘ui</strong></span> <span class='ocrx_word' id='word_1_808' title='bbox 2663 5054 2782 5104; x_wconf 87' lang='lat' dir='ltr'><strong>tres</strong></span> <span class='ocrx_word' id='word_1_809' title='bbox 2831 5049 3074 5107; x_wconf 48' lang='lat' dir='ltr'><strong>libri&#39;et</strong></span> <span class='ocrx_word' id='word_1_810' title='bbox 3119 5052 3282 5122; x_wconf 83' lang='lat' dir='ltr'><strong>editi,</strong></span> <span class='ocrx_word' id='word_1_811' title='bbox 3312 5049 3513 5109; x_wconf 75' lang='grc' dir='ltr'>αὐτῶν.</span> <span class='ocrx_word' id='word_1_812' title='bbox 3551 5053 3662 5110; x_wconf 81' lang='lat' dir='ltr'><strong>Alii</strong></span> <span class='ocrx_word' id='word_1_813' title='bbox 3711 5053 3817 5108; x_wconf 85' lang='lat' dir='ltr'><strong>duo</strong></span> 
     </span>
    </p>
   </div>
   <div class='ocr_carea' id='block_1_113' title="bbox 2171 5119 2664 5176">
    <p class='ocr_par' dir='ltr' id='par_1_113' title="bbox 2171 5119 2664 5176">
     <span class='ocr_line' id='line_1_114' title="bbox 2171 5119 2664 5176; baseline -0.004 0"><span class='ocrx_word' id='word_1_814' title='bbox 2171 5119 2315 5176; x_wconf 67' lang='lat' dir='ltr'><strong>mss.</strong></span> <span class='ocrx_word' id='word_1_815' title='bbox 2338 5119 2440 5172; x_wconf 74' lang='grc' dir='ltr'><strong>ἀπ’</strong></span> <span class='ocrx_word' id='word_1_816' title='bbox 2472 5119 2664 5174; x_wconf 76' lang='grc' dir='ltr'>αὐτῶν.</span> 
     </span>
    </p>
   </div>
   <div class='ocr_carea' id='block_1_114' title="bbox 2241 5191 3822 5268">
    <p class='ocr_par' dir='ltr' id='par_1_114' title="bbox 2241 5191 3822 5268">
     <span class='ocr_line' id='line_1_115' title="bbox 2241 5191 3822 5268; baseline 0.003 -24"><span class='ocrx_word' id='word_1_817' title='bbox 2241 5194 2355 5264; x_wconf 82' lang='lat'><strong>(70)</strong></span> <span class='ocrx_word' id='word_1_818' title='bbox 2387 5191 2736 5268; x_wconf 39' lang='lat' dir='ltr'><strong>Editigcqéq.</strong></span> <span class='ocrx_word' id='word_1_819' title='bbox 2768 5195 2839 5248; x_wconf 85' lang='lat' dir='ltr'><strong>At</strong></span> <span class='ocrx_word' id='word_1_820' title='bbox 2880 5210 3050 5268; x_wconf 85' lang='lat' dir='ltr'><strong>m_ss,,</strong></span> <span class='ocrx_word' id='word_1_821' title='bbox 3080 5199 3180 5266; x_wconf 79' lang='grc' dir='ltr'>τῷ.</span> <span class='ocrx_word' id='word_1_822' title='bbox 3214 5195 3331 5268; x_wconf 73' lang='lat' dir='ltr'><strong>Nec</strong></span> <span class='ocrx_word' id='word_1_823' title='bbox 3361 5197 3439 5253; x_wconf 88' lang='lat' dir='ltr'><strong>ita</strong></span> <span class='ocrx_word' id='word_1_824' title='bbox 3467 5197 3667 5254; x_wconf 88' lang='lat' dir='ltr'><strong>multo</strong></span> <span class='ocrx_word' id='word_1_825' title='bbox 3696 5197 3822 5268; x_wconf 87' lang='lat' dir='ltr'><strong>post</strong></span> 
     </span>
    </p>
   </div>
   <div class='ocr_carea' id='block_1_115' title="bbox 2171 5263 3521 5342">
    <p class='ocr_par' dir='ltr' id='par_1_115' title="bbox 2171 5263 3521 5342">
     <span class='ocr_line' id='line_1_116' title="bbox 2171 5263 3521 5342; baseline 0.002 -23"><span class='ocrx_word' id='word_1_826' title='bbox 2171 5268 2292 5342; x_wconf 71' lang='lat' dir='ltr'><strong>tres</strong></span> <span class='ocrx_word' id='word_1_827' title='bbox 2310 5281 2490 5342; x_wconf 40' lang='lat' dir='ltr'><strong>mss”</strong></span> <span class='ocrx_word' id='word_1_828' title='bbox 2508 5267 2601 5342; x_wconf 47' lang='lat' dir='ltr'><strong>frti)</strong></span> <span class='ocrx_word' id='word_1_829' title='bbox 2631 5263 3020 5342; x_wconf 63' lang='grc' dir='ltr'>θυσιαστηᾷίῳ,</span> <span class='ocrx_word' id='word_1_830' title='bbox 3037 5263 3521 5342; x_wconf 73' lang='grc' dir='ltr'>κατεφλέχθησαν.</span> 
     </span>
    </p>
   </div>
   <div class='ocr_carea' id='block_1_116' title="bbox 2239 5335 3819 5410">
    <p class='ocr_par' dir='ltr' id='par_1_116' title="bbox 2239 5335 3819 5410">
     <span class='ocr_line' id='line_1_117' title="bbox 2239 5335 3819 5410; baseline 0.003 -23"><span class='ocrx_word' id='word_1_831' title='bbox 2239 5337 2352 5407; x_wconf 88' lang='grc'>(71)</span> <span class='ocrx_word' id='word_1_832' title='bbox 2392 5337 2563 5404; x_wconf 81' lang='lat' dir='ltr'><strong>Editi,</strong></span> <span class='ocrx_word' id='word_1_833' title='bbox 2618 5335 2713 5396; x_wconf 82' lang='grc' dir='ltr'><strong>τὰς</strong></span> <span class='ocrx_word' id='word_1_834' title='bbox 2787 5335 3085 5406; x_wconf 79' lang='grc' dir='ltr'>αἰθήσεσις.</span> <span class='ocrx_word' id='word_1_835' title='bbox 3129 5335 3204 5394; x_wconf 75' lang='lat' dir='ltr'><strong>At</strong></span> <span class='ocrx_word' id='word_1_836' title='bbox 3253 5335 3407 5410; x_wconf 67' lang='lat' dir='ltr'><strong>mss,</strong></span> <span class='ocrx_word' id='word_1_837' title='bbox 3454 5343 3583 5399; x_wconf 83' lang='grc' dir='ltr'>ταῖς</span> <span class='ocrx_word' id='word_1_838' title='bbox 3633 5338 3819 5406; x_wconf 68' lang='grc' dir='ltr'>αἴσθη-</span> 
     </span>
    </p>
   </div>
   <div class='ocr_carea' id='block_1_117' title="bbox 2171 5426 3825 5605">
    <p class='ocr_par' dir='ltr' id='par_1_117' title="bbox 2171 5426 3825 5605">
     <span class='ocr_line' id='line_1_118' title="bbox 2171 5426 3822 5602; baseline 0 -70"><span class='ocrx_word' id='word_1_839' title='bbox 2171 5426 2356 5602; x_wconf 43' lang='grc' dir='ltr'><strong>σεέζὲ)</strong></span> <span class='ocrx_word' id='word_1_840' title='bbox 2387 5479 2584 5534; x_wconf 88' lang='lat' dir='ltr'><strong>Nostri</strong></span> <span class='ocrx_word' id='word_1_841' title='bbox 2617 5479 2877 5550; x_wconf 89' lang='lat' dir='ltr'><strong>quinque</strong></span> <span class='ocrx_word' id='word_1_842' title='bbox 2923 5497 3069 5537; x_wconf 91' lang='lat' dir='ltr'><strong>mss.</strong></span> <span class='ocrx_word' id='word_1_843' title='bbox 3121 5477 3462 5554; x_wconf 72' lang='grc' dir='ltr'>ἑτεροδόξων.</span> <span class='ocrx_word' id='word_1_844' title='bbox 3499 5482 3680 5548; x_wconf 86' lang='lat' dir='ltr'><strong>Editi,</strong></span> <span class='ocrx_word' id='word_1_845' title='bbox 3714 5481 3822 5534; x_wconf 77' lang='grc' dir='ltr'>ἑτε-</span> 
     </span>
     <span class='ocr_line' id='line_1_119' title="bbox 2173 5548 3825 5605; baseline 0 0"><span class='ocrx_word' id='word_1_846' title='bbox 2173 5568 2236 5605; x_wconf 77' lang='lat' dir='ltr'><strong>eo</strong></span> <span class='ocrx_word' id='word_1_847' title='bbox 2276 5548 2563 5605; x_wconf 77' lang='grc' dir='ltr'>οξούντων.</span> <span class='ocrx_word' id='word_1_848' title='bbox 2616 5549 2932 5605; x_wconf 83' lang='lat' dir='ltr'><strong>Aliauanto</strong></span> <span class='ocrx_word' id='word_1_849' title='bbox 2993 5559 3123 5605; x_wconf 78' lang='lat' dir='ltr'><strong>post</strong></span> <span class='ocrx_word' id='word_1_850' title='bbox 3171 5555 3305 5605; x_wconf 68' lang='lat' dir='ltr'><strong>Rea.</strong></span> <span class='ocrx_word' id='word_1_851' title='bbox 3356 5555 3693 5605; x_wconf 79' lang='lat' dir='ltr'><strong>secundus.</strong></span> <span class='ocrx_word' id='word_1_852' title='bbox 3754 5550 3825 5605; x_wconf 77' lang='lat' dir='ltr'><strong>ei:</strong></span> 
     </span>
    </p>
   </div>
   <div class='ocr_carea' id='block_1_118' title="bbox 2173 5552 3826 5697">
    <p class='ocr_par' dir='ltr' id='par_1_118' title="bbox 2173 5552 3826 5697">
     <span class='ocr_line' id='line_1_120' title="bbox 2173 5552 3826 5626; baseline 0.002 -24"><span class='ocrx_word' id='word_1_853' title='bbox 2173 5552 2563 5622; x_wconf 82' lang='grc' dir='ltr'>ροδοξούντων.</span> <span class='ocrx_word' id='word_1_854' title='bbox 2616 5552 2932 5624; x_wconf 70' lang='lat' dir='ltr'><strong>Aliquanto</strong></span> <span class='ocrx_word' id='word_1_855' title='bbox 2992 5559 3123 5626; x_wconf 90' lang='lat' dir='ltr'><strong>post</strong></span> <span class='ocrx_word' id='word_1_856' title='bbox 3170 5552 3305 5626; x_wconf 75' lang='lat' dir='ltr'><strong>Heg.</strong></span> <span class='ocrx_word' id='word_1_857' title='bbox 3356 5555 3693 5619; x_wconf 87' lang='lat' dir='ltr'><strong>secundus,</strong></span> <span class='ocrx_word' id='word_1_858' title='bbox 3754 5552 3826 5614; x_wconf 76' lang='grc' dir='ltr'>εἷς</span> 
     </span>
     <span class='ocr_line' id='line_1_121' title="bbox 2173 5619 3722 5697; baseline 0.008 -21"><span class='ocrx_word' id='word_1_859' title='bbox 2173 5620 2304 5676; x_wconf 66' lang='grc' dir='ltr'>αὑτὸ</span> <span class='ocrx_word' id='word_1_860' title='bbox 2334 5619 2793 5680; x_wconf 80' lang='grc' dir='ltr'>πεπιστευκότων.</span> <span class='ocrx_word' id='word_1_861' title='bbox 2822 5623 2973 5682; x_wconf 82' lang='lat' dir='ltr'><strong>Edili</strong></span> <span class='ocrx_word' id='word_1_862' title='bbox 3000 5629 3058 5683; x_wconf 88' lang='lat' dir='ltr'><strong>et</strong></span> <span class='ocrx_word' id='word_1_863' title='bbox 3093 5625 3193 5684; x_wconf 88' lang='lat' dir='ltr'><strong>alii</strong></span> <span class='ocrx_word' id='word_1_864' title='bbox 3225 5645 3390 5697; x_wconf 84' lang='lat' dir='ltr'><strong>mss.,</strong></span> <span class='ocrx_word' id='word_1_865' title='bbox 3422 5625 3499 5688; x_wconf 78' lang='grc' dir='ltr'><strong>εὶς</strong></span> <span class='ocrx_word' id='word_1_866' title='bbox 3532 5623 3722 5682; x_wconf 62' lang='grc' dir='ltr'>αὐτόν.</span> 
     </span>
    </p>
   </div>
  </div>
