4074 6222
210 374 321 435 649

1000 370 1412 435 COMMENT.
1450 371 1529 433 IN
1577 369 1850 431 ISAIAM
1890 362 2402 434 PROPHETAM.
2448 371 2620 434 CAP.
2666 374 2825 435 XVI.

3504 373 3625 435 650

209 506 607 562 πιστευκότων.
664 504 800 580 Πρὶν
832 505 927 560 οῦν
980 501 1155 567 ἐλθεῖν
1187 503 1286 571 τὴν
1317 504 1525 576 ἡμεραν
1560 499 1778 577 Κυρίου,
1810 500 1860 556 ὲν

1980 502 2105 559 dies
2134 503 2385 572 Domini,
2416 505 2473 560 in
2507 521 2620 578 qua
2652 504 2932 578 plangtnt
2977 520 3185 561 omnes
3235 504 3425 562 tribus
3460 508 3630 562 terra

208 597 242 666 ᾗ
271 594 544 669 κόψονται
604 598 769 648 πᾶσαι
827 594 882 648 αἱ
947 591 1115 670 φυλαὶ
1167 593 1266 660 τῆς
1295 593 1416 667 γῆς,
1449 590 1584 645 κατὰ
1610 590 1674 645 τὸ
1704 588 1757 643 ἐν
1785 594 1863 662 τῷ

210 682 459 759 Ζαχαρίᾳ
514 681 828 757 εἰρημένον,
896 680 1001 751 ὅτι,
1081 679 1562 756 Μεγαλυνθήσεται
1614 680 1643 733 ὁ
1697 698 1861 733 κοπε-

207 774 301 835 τὸς
356 774 474 845 (73)
532 771 584 827 ἐν
643 768 1034 847 Ἰερουσαλὴμ,
1096 770 1172 831 ὡς
1226 768 1457 832 κοπετὸς
1512 767 1718 844 ῥοῶνος
1769 766 1859 822 καὶ

208 862 432 934 διόψεται
479 863 516 930 ἡ
576 866 650 935 γῆ
707 859 847 915 κατὰ
898 858 1096 937 φυλὰς,
1153 856 1299 936 φυλή
1354 854 1507 912 οἷ’κου
1548 851 1714 912 Δαϐὶδ
1742 858 1861 912 καθ’

209 950 428 1018 ὲαυτήι,
505 948 596 1004 καὶ
677 949 734 1003 αἱ
788 953 1036 1023 γυναῖκες
1104 947 1282 1001 αὑτῶν
1331 947 1451 1010 καθ’
1502 945 1710 1007 ἑαυτάς·
1770 967 1866 1023 φυ-

209 1037 274 1107 λὴ
362 1035 520 1093 οἴκου
606 1036 790 1101 Νάθαν
872 1037 995 1091 καθ’
1063 1034 1278 1103 ἑαυτὴν,
1354 1034 1444 1089 καὶ
1502 1036 1557 1089 αἱ
1613 1041 1864 1111 γυναῖκες

207 1127 384 1181 αὑτῶν
460 1129 578 1183 καθ’
673 1125 880 1187 ἑαυτάς·
950 1130 1116 1180 πᾶσαι
1176 1126 1287 1198 (74)
1341 1126 1397 1179 αἱ
1456 1121 1861 1197 ὅπολελειμμέο

207 1237 286 1270 ναι
369 1215 563 1294 φυλαὶ,
642 1212 790 1293 φυλή
869 1214 990 1278 καθ’
1064 1213 1278 1282 ἑαυτὴν,
1358 1213 1448 1267 καὶ
1504 1213 1558 1267 αἱ
1612 1219 1865 1288 γυναῖκες

209 1307 389 1361 αὐτῶν
449 1306 566 1360 καθ’
624 1303 835 1366 ἑαυτάς·
897 1304 1050 1376 ὑμεῖς
1107 1303 1159 1357 οἱ
1220 1299 1559 1364 διδάσκοντες
1604 1302 1695 1356 τὸν
1732 1301 1862 1357 λαὸν

205 1395 288 1450 καὶ
357 1394 781 1472 ἐπιστρέφοντες
832 1394 960 1454 τοὺς
1019 1390 1409 1466 ἡμαρτηκότας
1460 1391 1510 1445 ἐν
1568 1391 1727 1445 παντὶ
1784 1396 1864 1463 τῷ

206 1488 295 1539 τοῦ
367 1483 490 1558 βίου
546 1487 768 1558 καιρῷ,
843 1485 1056 1536 Ποιεῖτε
1133 1482 1335 1550 σκὲπην
1404 1480 1629 1541 πένθους
1706 1478 1863 1554 αὐτῇ,

1964 592 2135 662 juxta
2162 592 2221 648 id
2254 595 2408 666 quod
2440 594 2498 649 in
2529 594 2808 650 Zacharia
2839 594 3062 651 dictum
3085 598 3176 650 est
3209 610 3222 650 :
3256 596 3495 665 Magnus
3524 596 3631 650 erit

1969 681 2230 751 planctus
2284 684 2344 737 in
2398 684 2708 739 Jerusalem
2764 700 2778 738 :
2838 685 2979 739 sicut
3046 683 3302 754 planctu:
3357 683 3630 755 malogra-

1972 772 2117 825 muti
2139 789 2154 841 ;
2185 779 2237 827 et
2262 772 2499 843 ptanget
2529 777 2691 829 terra
2723 789 2823 843 per
2852 773 3059 840 tribus;
3086 773 3262 828 tribus
3293 771 3485 828 domus
3516 776 3630 828 Da-

1970 860 2071 915 vid
2098 876 2359 928 seorsum,
2385 869 2437 917 et
2464 863 2726 917 mulieres
2753 878 2952 917 eorum
3002 877 3248 917 seorsum
3282 878 3297 930 ;
3328 862 3512 918 tribus
3534 861 3631 919 do-

1974 965 2096 1004 mus
2126 950 2345 1005 Nat/mn
2382 962 2645 1019 searsum,
2693 959 2746 1006 et
2792 951 3055 1007 muliere:
3101 966 3293 1006 eorum
3336 966 3627 1020 seorsum;

1972 1053 2154 1093 omnes
2194 1040 2420 1111 reliqua
2473 1038 2668 1107 tribus,
2732 1040 2908 1095 tribus
2949 1055 3213 1107 seorsum,
3265 1047 3317 1095 et
3369 1041 3633 1096 mulieres

1972 1142 2161 1183 eorum
2190 1144 2432 1183 seorsum
2461 1130 2505 1164 ²⁶
2530 1148 2542 1195 ;
2572 1145 2673 1184 vos
2707 1128 2805 1200 qui
2836 1130 3092 1185 edocetis
3124 1128 3428 1200 populum,
3452 1133 3630 1201 atque

1974 1220 2305 1288 peccatores
2340 1217 2399 1272 in
2430 1218 2592 1272 omni
2630 1217 2761 1271 vitae
2818 1216 3066 1272 articulo
3119 1217 3472 1284 convertilis,
3521 1219 3627 1273 Fa-

1973 1307 2078 1361 cite
2108 1310 2319 1375 tegmen
2350 1307 2529 1361 tactus
2556 1307 2609 1361 ei
2644 1331 2658 1373 ;
2692 1309 2753 1360 ut
2778 1306 2876 1377 qui
2911 1307 3075 1377 prius
3104 1305 3242 1361 vitio
3292 1304 3445 1362 male
3474 1306 3628 1362 afﬂi-

1974 1395 2305 1460 ctabantur,
2332 1395 2458 1465 jam
2492 1394 2564 1450 ad
2598 1396 2831 1450 beatum
2861 1393 3080 1450 luctum
3124 1409 3391 1451 sermone
3437 1398 3629 1451 vestro

1976 1483 2357 1538 inducantur.

208 1571 273 1627 ῖν¹
310 1573 377 1627 ἐκ
405 1576 506 1627 τοῦ
542 1572 804 1647 ὑμετέρου
831 1565 1001 1645 λόγου
1032 1569 1086 1624 οἱ
1119 1568 1222 1624 ὑπὸ
1251 1574 1353 1639 τῆς
1383 1568 1571 1632 κακίας
1598 1568 1861 1645 πρότερον
1892 1573 2283 1645 κεκακωμένοι,
2312 1570 2390 1632 είς
2417 1570 2482 1625 τὸ
2516 1569 2798 1647 μακαρίως
2825 1572 3032 1626 πενθεῖν
3065 1568 3384 1646 ἐναχθῶσιν.

268 1684 403 1738 304.
485 1681 571 1735 Ἐν
662 1674 1011 1755 μεσημϐρινῇ
1088 1678 1277 1750 σκοτίᾳ
1347 1677 1646 1755 φεύξονται.
1704 1681 1863 1732 Δοκεῖ

206 1771 261 1825 τὸ
326 1763 708 1844 μεσημϐρινὸν
765 1774 864 1837 τῆς
892 1767 1104 1840 ἡμέρας
1128 1767 1449 1837 κατάστημα
1479 1764 1859 1842 λαμπρότερον

208 1854 352 1933 ἔχειν
387 1859 477 1913 καὶ
511 1855 806 1935 φανότερον
833 1856 897 1912 τὸ
954 1860 1091 1933 φῶς.
1144 1861 1253 1924 Τῆς
1311 1854 1405 1909 οὖν
1437 1853 1698 1925 ἀληθείας
1752 1854 1857 1911 ἀπὸ

209 1947 431 2009 κτίσεως
500 1945 711 2019 κόσροο
779 1946 1013 2000 νοεῖσθαι
1089 1941 1390 2017 δυναμένης
1455 1950 1572 2007 τοῖς
1625 1948 1855 1998 συνετῶς

205 2042 313 2096 τοῖς
352 2033 552 2111 λόγοις
597 2041 698 2103 τῆς
746 2033 974 2097 κτίσεως
1019 2027 1438 2098 ἐπιϐάλλουσιν,
1491 2033 1544 2087 o't
1575 2030 1627 2087 ἐν
1655 2037 1735 2105 τῷ
1762 2031 1857 2087 κό-

206 2147 322 2198 σμῳ
355 2129 556 2194 ζῶντες
585 2123 675 2178 καὶ
700 2121 1038 2198 πανταχόθεν
1092 2121 1194 2176 ὑπὸ
1223 2127 1325 2191 τῆς
1352 2125 1450 2176 τοῦ
1477 2125 1611 2176 Θεοῦ
1664 2121 1855 2200 σοφίας

208 2212 710 2290 περιλαμπόμενοι,
766 2215 1049 2273 νοσοῦντες
1083 2207 1140 2265 δὲ
1165 2211 1265 2279 τὴν
1296 2214 1393 2265 τοῦ
1419 2214 1553 2265 Θεοῦ
1610 2208 1857 2285 ἄγνοιαν,

205 2301 352 2358 οὗτοί
408 2301 542 2357 εἶσιν
578 2303 630 2356 οἱ
662 2300 717 2356 ἰν
748 2295 1094 2375 μεσημϐρινῇ
1128 2299 1317 2370 σκοτίᾳ
1365 2298 1719 2375 ὑπάρχοντες·
1751 2303 1858 2353 τῶν

209 2392 296 2464 μὶν
356 2388 697 2466 πραγμάτων
749 2388 847 2456 τὴν
886 2383 1232 2463 μεσημϐρίαν
1264 2387 1528 2464 ἐχόντων,
1563 2386 1615 2443 ἐν
1650 2385 1707 2443 δὲ
1732 2393 1857 2451 ταῖς

207 2484 409 2557 ψυχαῖς
456 2483 571 2534 τῶν
597 2475 931 2553 ἀγνοούντων
991 2483 1093 2545 τῆς
1147 2475 1363 2537 σκοτίας
1420 2475 1853 2553 ἐνυπαρχούσης.

204 2571 262 2623 Oi.
313 2572 568 2624 τοιοῦτοι
615 2567 708 2621 οὗν
772 2566 823 2621 ἐν
884 2559 1235 2641 μεσημϐρινῇ
1296 2563 1486 2636 σκοτίᾳ
1546 2564 1854 2643 φεύγουσιν,

202 2657 517 2729 ἐξέστησαν·
581 2653 719 2710 διότι
780 2660 880 2724 τῆς
939 2653 1252 2726 φαντασίας,
1321 2655 1384 2723 ἣν
1439 2655 1490 2708 οἱ
1553 2653 1856 2726 μεμηνότες

204 2750 647 2823 φκντασιοῦνται,
680 2741 834 2799 οὐδὲν
890 2740 1128 2821 διαφέρει
1182 2744 1250 2797 τὰ
1302 2746 1411 2798 τῶν
1466 2742 1729 2797 τοιούτων
1763 2740 1851 2797 δό·

201 2857 398 2912 γματα.
456 2835 554 2889 Καὶ
616 2831 878 2910 ἑρμηνεία
932 2831 1041 2887 ἐστὶ
1071 2835 1168 2886 τοῦ
1219 2826 1596 2906 μεσημϐρινοῦ
1629 2832 1855 2896 σκότους

200 2928 234 2995 ἡ
283 2922 561 2992 ἔκστασις,
619 2921 737 2977 ἐπεὶ
793 2921 885 2975 καὶ
942 2921 994 2975 οἱ
1033 2919 1191 2975 πάθει
1243 2920 1350 2975 τινὶ
1410 2919 1692 2997 λογισμῶν
1721 2940 1857 2995 παρ-

199 3014 529 3089 ενεχθὲντες,
582 3007 707 3066 οὕτε
732 3009 825 3065 τὸν
857 3006 1019 3079 ἥλιον
1052 3006 1287 3081 λάμπειν
1321 3006 1550 3080 οἶόνται,
1583 3006 1706 3064 οὕτε
1736 3014 1850 3088 φῶς

198 3103 326 3157 εἶναι
381 3102 514 3177 περί
568 3100 660 3155 τὸν
719 3099 870 3175 ἆὲρά.
902 3100 1191 3160 ’Έκστασις
1222 3095 1313 3153 οὖν
1343 3094 1537 3165 ὄντως,
1566 3098 1653 3153 καὶ
1688 3097 1853 3171 μανία

2042 1680 2170 1735 304.
2212 1682 2274 1736 1η
2318 1680 2650 1736 meridianis
2698 1680 2932 1737 tenebris
2976 1682 3212 1751 fugient.
3264 1680 3386 1735 Lux
3412 1680 3472 1735 in
3505 1695 3625 1736 me-

1971 1768 2198 1824 ridiano
2233 1770 2345 1825 diei
2376 1774 2532 1826 statu
2566 1769 2795 1826 videtur
2833 1769 3050 1826 clarior
3073 1786 3203 1826 esse
3252 1773 3310 1824 et
3364 1768 3624 1841 splendi-

1890 1842 1936 1907 B
1969 1858 2114 1913 dior.
2149 1860 2513 1932 QuaprOpter
2543 1875 2676 1915 cum
2708 1859 2923 1915 veritas
2957 1876 3057 1931 per
3084 1858 3289 1914 mundi
3323 1861 3622 1915 creaturas

1971 1947 2043 2002 ab
2075 1947 2146 2003 iis
2172 1949 2266 2019 qui
2301 1949 2566 2004 animum
2600 1965 2774 2005 suum
2807 1949 2878 2004 ad
2912 1947 3170 2004 rationes
3217 1953 3619 2004 creaturarum

1969 2036 2372 2108 percipiendas
2404 2036 2649 2093 solerter
2679 2038 3035 2109 adjungunt,
3055 2036 3412 2109 deprehendi
3444 2042 3621 2110 queat

1967 2129 2024 2181 et
2055 2125 2340 2198 intelligi;
2375 2126 2476 2198 qui
2506 2126 2564 2180 in
2600 2128 2819 2182 mundo
2843 2126 3308 2198 degunt,Delque
3331 2126 3621 2199 sapientia

1970 2214 2228 2286 undique
2260 2214 2698 2283 collustrantur,
2730 2218 2789 2271 et
2817 2219 3011 2271 tamen
3042 2214 3139 2271 Dei
3172 2215 3504 2287 ignorantia
3534 2216 3620 2272 la-

1966 2302 2263 2370 borant,hi
2294 2309 2604 2359 versantur
2625 2304 2681 2359 in
2715 2303 3059 2359 meridianis
3093 2304 3344 2360 tenebris
3367 2321 3381 2360 :
3406 2304 3622 2377 quippe

1963 2406 2060 2448 res
2091 2384 2322 2463 quidem
2377 2392 2686 2448 meridiem
2736 2409 2853 2465 prae
2886 2409 2948 2448 se
2999 2393 3215 2460 ferunt,
3264 2393 3365 2448 sed
3399 2393 3621 2449 nihilo-

1965 2481 2165 2537 minus
2194 2481 2446 2537 tenebras
2476 2481 2536 2536 in
2567 2481 2776 2537 horum
2810 2481 3151 2554 ignarorum
3192 2480 3408 2538 animis
3463 2482 3616 2538 exsi-

1965 2573 2149 2625 stunt.
2198 2570 2370 2625 Tales
2418 2570 2619 2642 itaque
2673 2570 2811 2643 fuga
2857 2569 2917 2625 in
2972 2569 3314 2627 meridianis
3355 2571 3615 2628 tenebris

1962 2663 2153 2729 capta,
2187 2663 2382 2714 mente
2420 2656 2653 2714 alienati
2689 2662 2847 2728 sunt,
2880 2659 3033 2729 quod
3082 2674 3285 2714 eorum
3334 2659 3613 2731 dogmata

1963 2761 1998 2801 ιι
2030 2744 2341 2817 phantasia
2371 2763 2549 2818 quam
2604 2745 2717 2802 sibi
2766 2746 3127 2803 insanientes
3180 2747 3427 2819 ﬁngunt,
3461 2746 3609 2802 nihil

1962 2834 2252 2890 differant.
2289 2839 2475 2908 Atque
2507 2837 2776 2892 tenebras
2828 2836 3182 2891 meridianas
3234 2835 3602 2909 interpretari

1960 2922 2096 2979 licet
2124 2924 2537 2980 alienationem
2569 2925 2782 2981 mentis
2816 2940 2829 2980 :
2865 2924 3338 2997 quandoquidem
3390 2929 3448 2980 et
3502 2924 3605 2996 qui

1962 3013 2165 3068 morbo
2193 3012 2388 3085 aliquo
2421 3031 2454 3069 a
2486 3029 2631 3068 sana
2663 3022 2853 3069 mente
2883 3013 3093 3084 dejecti
3124 3017 3285 3083 sunt,
3318 3028 3507 3085 neque
3537 3012 3608 3068 il-

1960 3100 2255 3158 lucescere
2303 3101 2513 3170 solem,
2560 3118 2749 3174 neque
2797 3118 2987 3157 aerem
3037 3100 3166 3158 luce
3214 3101 3609 3158 circumfundi

199 3193 398 3265 σαφής,
448 3189 626 3251 οὕτως
656 3189 774 3262 (75)
805 3187 1039 3263 ἐναργῶν
1058 3186 1419 3278 Δπραγμάτων
1439 3187 1848 3278 Δκηρυσσόντων

1974 3190 2505 3262 3pinantur.ltaque
2536 3190 2712 3246 rebus
2739 3190 2882 3245 adeo
2914 3189 3087 3246 claris
3119 3190 3437 3262 potentiam
3460 3191 3614 3247 Con-

193 3286 286 3336 τοῦ
316 3282 660 3351 ποιήσαντος
706 3280 855 3351 ἡμᾶς
900 3277 1002 3345 τὴν
1054 3273 1282 3349 δύναμιν
1310 3318 1325 3343 ,
1383 3273 1638 3338 εἰδώλοις
1689 3296 1854 3351 προσο

204 3371 346 3446 ἐχειν
377 3368 477 3424 καὶ
532 3367 840 3439 πλάσμασι,
893 3365 983 3420 καὶ
1046 3369 1312 3429 θεοποιεῖν
1356 3366 1424 3420 τὰ
1474 3366 1549 3438 μὴ
1585 3361 1734 3438 ὄντα,
1768 3365 1856 3420 καὶ

198 3457 475 3522 πολλάκις
507 3453 599 3511 διὰ
628 3452 911 3530 δογμάτων
946 3454 1227 3529 αἱρετικῶν
1287 3450 1388 3524 ἔξω
1442 3454 1692 3532 φέρεσθαι
1756 3460 1855 3524 τῆς

204 3547 493 3618 ἀληθείας,
551 3544 642 3601 καὶ
688 3543 851 3599 οἷονεῖ
906 3537 1165 3604 ἐκϐάντας
1219 3544 1282 3598 τὸ
1341 3548 1456 3621 φῶς
1486 3543 1539 3598 ἐν
1567 3547 1647 3615 τῷ
1679 3542 1858 3598 σκότει

205 3635 435 3713 διάγειν,
500 3636 592 3706 Μή
647 3634 847 3710 ἆχθῆς.
907 3634 1276 3709 Προτρὲπεται
1319 3636 1469 3707 ἡμᾶς
1498 3634 1526 3687 ὁ
1557 3632 1746 3711 λόγος,
1781 3634 1857 3707 μὴ

201 3725 420 3802 ἔγεσθαι
486 3725 593 3780 ὑπὸ
647 3729 746 3793 τῆς
776 3722 1137 3793 πιθανότητος
1163 3726 1273 3777 τῶν
1309 3719 1651 3797 ἑτεροδόξων·
1697 3723 1861 3794 μανία

195 3815 291 3889 γὰρ
340 3816 551 3889 σαφὴς,
599 3811 939 3885 ἐξεστηκόσιν
1010 3809 1332 3866 ἀκολουθεῖν
1392 3813 1527 3884 (76).
1588 3812 1857 3888 Γνώρισον

196 3903 412 3971 αὑτοὺς,
474 3903 562 3957 ὅτι
622 3900 927 3972 ἰξέστησαν.
982 3900 1122 3971 Ἒξω
1155 3898 1257 3954 εἶσὶ
1305 3906 1407 3969 τῆς
1434 3897 1564 3955 ὁδοῦ
1593 3907 1691 3970 τῆς
1721 3901 1856 3972 πρὸς

199 3992 320 4048 Θεὸν
352 3990 623 4069 ἀγούσης·
682 3990 758 4062 μὴ
817 3990 1005 4065 χρήσῃ
1064 3987 1248 4051 αὐτοῖς
1307 3986 1556 4064 ὁδηγοῖς,
1606 3991 1682 4062 μή
1726 4010 1859 4044 ποτε

196 4081 371 4157 ἂχθῇς
439 4080 536 4136 ὑπ’
566 4078 745 4134 αὑτῶν
778 4076 855 4141 είς
881 4076 1128 4153 κρημνὸν
1168 4076 1257 4131 καὶ
1295 4077 1589 4152 βάραθρον.
1639 4076 1859 4155 Τυφλὸς

198 4172 297 4246 γὰρ
373 4170 471 4225 ἰὰν
550 4168 758 4246 τυφλὸν
837 4163 1037 4242 ὁδηγῇ,
1113 4164 1416 4243 ἀμφότεροι
1486 4165 1562 4228 εἷς
1637 4165 1857 4241 βόθυνον

199 4264 496 4316 πεσοῦνται
529 4258 666 4331 (77).

264 4438 398 4494 ωδ.
491 4432 903 4508 Παροικήσουσι
981 4451 1065 4485 σοι
1143 4429 1375 4510 φυγάδες
1443 4427 1636 4488 Μωάϐ·
1710 4432 1862 4490 Μετὰ

199 4528 365 4578 ταῦτα
427 4520 491 4577 δὲ
539 4521 609 4591 τῇ
665 4519 889 4595 θυγατρὶ
952 4518 1094 4572 Σιὼν
1156 4517 1367 4594 λέγεται
1431 4521 1534 4575 ὑπὸ
1587 4524 1683 4575 τοῦ
1717 4540 1859 4597 χρη-

1965 3279 2173 3335 ditoris
2223 3279 2404 3335 nostri
2475 3279 2951 3351 praedicantibus,
3004 3279 3176 3335 fuerit
3220 3297 3352 3336 vere
3399 3281 3617 3336 mentis

1966 3367 2238 3423 alienatio
2269 3372 2327 3423 et
2358 3367 2607 3423 stultitia
2630 3368 2961 3440 manifesta,
2993 3367 3165 3424 idolis
3215 3371 3273 3424 et
3318 3368 3617 3442 ﬁgmentis

1966 3457 2230 3512 studium
2263 3458 2585 3529 impertire,
2621 3457 2694 3512 iis
2726 3473 2853 3529 qua:
2884 3474 2995 3512 non
3030 3463 3170 3512 sunt
3216 3462 3486 3514 naturam
3518 3459 3619 3515 Dei
3672 3482 3679 3487 ·

1967 3547 2308 3612 attribuere,
2344 3545 2692 3617 plerumque
2723 3563 2755 3600 a
2780 3545 3021 3601 veritate
3051 3546 3263 3601 abduci
3307 3563 3410 3617 per
3440 3547 3616 3603 haere-

1968 3635 2083 3690 tica
2112 3635 2407 3706 dogmata,
2439 3640 2497 3690 et
2522 3634 2650 3690 luce
2679 3634 2855 3690 veluti
2888 3636 3119 3689 deserta
3150 3634 3209 3690 in
3239 3635 3498 3692 tenebris
3527 3636 3588 3691 di

1967 3722 2310 3778 versari.Ne
2339 3723 2654 3778 abducaris.
2714 3722 3075 3777 Adhortatur
3132 3739 3239 3778 nos
3293 3723 3623 3799 Scriptura,

1968 3814 2033 3867 ut
2065 3826 2139 3866 ne
2167 3827 2200 3865 a
2247 3809 2533 3866 suasoriis
2577 3810 2984 3865 hmreticorum
3033 3811 3227 3866 verbis
3269 3810 3616 3882 alliciamur,

1968 3916 2102 3955 cum
2136 3904 2331 3954 mente
2362 3897 2645 3953 alienatos
2685 3898 2851 3969 sequi
2885 3898 3192 3970 perspicua
3239 3899 3316 3955 sit
3347 3902 3615 3957 stultitia.

1968 3988 2124 4044 Scito
2149 3987 2280 4042 illos
2312 3986 2526 4043 mentis
2554 4003 2669 4042 non
2700 4002 2830 4041 esse
2874 3992 3193 4058 compotes.
3245 3987 3622 4044 Declinarunt

1968 4078 2040 4132 de
2071 4076 2161 4132 via
2186 4092 2313 4148 qua:
2346 4076 2415 4131 ad
2449 4075 2634 4130 Deum
2670 4075 2937 4146 perducit
2967 4091 2980 4129 :
3017 4075 3090 4131 iis
3122 4092 3194 4131 ne
3244 4076 3429 4132 utaris
3460 4076 3619 4134 duci-

1968 4164 2421 4236 bus,nequando
2451 4164 2523 4218 ab
2551 4162 2695 4234 ipsis
2727 4163 2785 4217 in
2822 4163 3215 4235 paaacipitium
3247 4163 3609 4222 barathrum-

1970 4270 2082 4326 que
2112 4253 2637 4310 deducarisﬂaecus
2666 4253 2816 4307 enim
2838 4254 2891 4306 si
2918 4267 3057 4307 meo
3088 4252 3350 4309 ducatum
3376 4258 3622 4328 praestet,

1967 4344 2129 4401 ambo
2158 4343 2219 4397 in
2244 4344 2463 4412 foveam
2491 4341 2692 4397 cadent
2720 4340 2784 4393 π.

2040 4432 2164 4487 305.
2197 4431 2539 4487 Habitabant
2559 4430 2727 4501 juxta
2772 4438 2820 4484 le
2868 4431 3097 4501 profugi
3125 4431 3308 4488 Moab.
3343 4432 3480 4489 Post
3507 4433 3626 4490 haec

1972 4526 2165 4577 autem
2200 4537 2233 4575 a
2266 4518 2694 4591 benignissimo
2744 4524 2801 4573 et
2852 4518 3160 4574 hominum
3219 4522 3629 4580 amantissimo

202 4634 327 4668 στου
512 4609 603 4664 καὶ
636 4606 1023 4687 φιλανθρώπου
1083 4611 1217 4662 Θεοῦ
1262 4607 1383 4683 περί
1414 4610 1521 4664 τῶν
1555 4604 1860 4666 Μωαϐιτῶν

1978 4615 2091 4665 Deo
2123 4608 2339 4664 dicitur
2369 4580 2497 4662 ﬁlia:
2530 4608 2665 4663 Sion
2698 4607 2769 4662 de
2803 4607 3077 4663 Moabitis
3108 4625 3237 4665 sese
3287 4611 3358 4666 ad
3412 4611 3627 4669 bonam

204 4699 648 4777 ἐπιστρεφόντων
679 4695 770 4751 καὶ
798 4700 1077 4771 παροικεῖν
1131 4693 1446 4769 μελλόντων
1478 4697 1636 4772 αὐτῇ,
1668 4697 1862 4760 οἵτινες

203 4787 376 4845 πάλαι
433 4784 771 4863 πεφευγότες
827 4784 920 4839 τὸν
978 4784 1148 4857 Θεὸν,
1216 4782 1539 4857 ἐπανήξουσι
1589 4787 1726 4861 πρὸς
1770 4788 1860 4842 τὸν

273 4989 320 5026 ³⁸
351 4986 538 5045 Zach.
568 5002 672 5054 ιιι,
707 4984 894 5041 11-14.
972 4973 1024 5019 ’τ
1049 4984 1254 5040 Matth.
1287 5002 1382 5056 xv,
1417 4986 1505 5041 14.

278 5186 398 5256 (73)
434 5183 631 5256 Codex
666 5196 843 5256 unus,
876 5177 907 5231 ὁ
934 5198 1169 5256 uene-ro;
1191 5181 1743 5256 Δ(τρὶ).-ΗίιιιὍιιδωιυνε
1776 5184 1878 5237 do-

1975 4700 2201 4770 frugem
2234 4697 2569 4768 recepturis,
2605 4701 2661 4751 et
2685 4696 2858 4765 juxta
2891 4694 3078 4766 ipsam
3121 4695 3496 4771 habitatoris,
3529 4697 3632 4771 qui

1973 4787 2209 4859 quidem
2231 4785 2416 4841 Deum
2446 4784 2586 4840 olim
2623 4785 2992 4856 refugerunt,
3024 4786 3124 4841 sed
3172 4789 3464 4845 reversuri
3491 4794 3636 4847 sunt

1994 5182 2362 5263 lbidtimtre's
2395 5196 2564 5263 mss:
2623 5178 2675 5263 gi
2740 5176 3233 5263 ἀπολελειμμέναι,
3265 5185 3540 5263 IIoc_ips_o
3572 5184 3631 5240 in

212 5249 327 5325 cet,
363 5249 457 5312 uti
495 5253 752 5330 legimus
783 5251 1031 5330 in_notis
1059 5249 1299 5323 Nobilii‘,’
1326 5253 1407 5309 ita
1455 5249 1737 5330 appellari
1767 5271 1880 5330 non
1992 5250 2471 5330 locg_edi_t_i36paj<
2503 5250 2847 5330 oBv.Yocu_la
2875 5252 2966 5306 οὖν
2995 5249 3068 5310 in
3088 5273 3232 5330 mss.
3260 5273 3375 5314 non
3397 5249 3631 5330 legitur.

215 5322 401 5385 unam
435 5322 717 5383 arborem
751 5322 1043 5396 malorum
1075 5322 1565 5396 granatorumﬁd
1599 5331 1711 5393 est,
1742 5325 1883 5382 mali

215 5398 452 5468 Punici,
474 5397 591 5470 Ased
624 5397 819 5470 locum
850 5394 944 5451 his
977 5394 1284 5452 arboribus
1332 5397 1626 5453 consitum
1659 5398 1880 5470 Compl.

215 5475 420 5537 habet,
439 5466 445 5468 ⁷
448 5466 631 5597 1ξοῶν,
662 5468 937 5523 malorum
964 5477 1349 5536 grana/orum.

288 5544 411 5617 (74)
474 5541 694 5617 ιρἰἰ-ει
722 5540 851 5617 duo
879 5536 1201 5617 mss.,5pe)t+,
1236 5536 1349 5617 οῗκο

573 5813 834 5883 Purser...
884 5811 995 5874 Gn.
1041 5811 1231 5873 XXX.

506 5532 694 5597 diti‘et
722 5540 837 5595 duo
879 5532 1201 5611 ωεέηφυλή
1236 5536 1388 5594 οἴκου
1419 5532 1584 5611 Δαϐἰδ
1613 5539 1732 5602 καθ’
1759 5538 1884 5593 εαυ-

216 5609 341 5685 cfp},
391 5609 521 5668 ’καὶ
575 5611 631 5666 αἱ
691 5615 971 5685 γυναῖκες,
1002 5609 1177 5666 αὐτῶν
1236 5612 1355 5666 καθ’
1421 5610 1631 5674 ἑαυτάς.
1686 5615 1882 5669 Πᾶσαι.

221 5683 293 5746 Δὶ
325 5685 515 5761 Regii
541 5686 659 5743 duo
690 5683 824 5741 eum
855 5683 1017 5742 Colb.
1052 5686 1312 5742 secundo
1353 5689 1417 5741 ut
1473 5689 1533 5741 in
1589 5689 1884 5744 contextu.

2066 5326 2173 5393 (75)
2207 5318 2378 5393 Εᾶὶιῖ,
2412 5318 2601 5384 ὄντως.
2634 5323 2788 5379 Libri
2818 5330 3063 5398 veteres,
3099 5325 3291 5389 οὕτως.

2063 5398 2176 5467 (76)
2206 5398 2392 5450 Codex
2424 5413 2600 5462 unus,
2631 5394 3075 5467 κατακολουθεῖν.

2065 5466 2179 5539 (77)
2215 5472 2444 5523 Veteres
2475 5474 2728 5539 quatuor
2758 5466 3330 5540 liliri,_é:mecoﬁvraz.

2066 5538 2178 5615 (78)
2208 5540 2361 5595 Editi
2392 5538 2644 5615 et_mss.
2691 5538 2987 5615 nonnulli.
3030 5541 3289 5615 Χριστοῦ,
3319 5544 3639 5615 corrupte.

1996 5582 2650 5689 Αιᾜέεῗξὲὁιῖιῖἀῦῗὲἱ
2678 5582 3642 5689 deﬁ'iiiiiiiefﬁ'ée'cb'édﬁ,‘Y9";

1995 5686 2143 5757 στοῦ,
2175 5684 2416 5757 optime.

3246 5812 3319 5871 21
