  <div class='ocr_page' id='page_1' title='image "/cluster/home/n/w/nwhite01/storage/ocr_20150623/30/hvd.32044073501827/333.png"; bbox 0 0 4074 6222; ppageno 0'>
   <div class='ocr_carea' id='block_1_1' title="bbox 145 5755 215 5791">
    <p class='ocr_par' dir='ltr' id='par_1_1' title="bbox 145 5755 215 5791">
     <span class='ocr_line' id='line_1_1' title="bbox 145 5755 215 5791; baseline 0 -16"><span class='ocrx_word' id='word_1_1' title='bbox 145 5755 215 5791; x_wconf 43' lang='lat'>:5&quot;</span> 
     </span>
    </p>
   </div>
   <div class='ocr_carea' id='block_1_2' title="bbox 421 351 3832 425">
    <p class='ocr_par' dir='ltr' id='par_1_2' title="bbox 421 351 3832 425">
     <span class='ocr_line' id='line_1_2' title="bbox 421 351 3832 425; baseline 0 -11"><span class='ocrx_word' id='word_1_2' title='bbox 421 364 535 425; x_wconf 68' lang='lat'>551</span> <span class='ocrx_word' id='word_1_3' title='bbox 1367 353 1759 416; x_wconf 79' lang='lat' dir='ltr'>APPENDIX</span> <span class='ocrx_word' id='word_1_4' title='bbox 1802 352 2130 416; x_wconf 78' lang='lat' dir='ltr'>OPERUM</span> <span class='ocrx_word' id='word_1_5' title='bbox 2174 352 2244 415; x_wconf 77' lang='grc' dir='ltr'><strong>Β.</strong></span> <span class='ocrx_word' id='word_1_6' title='bbox 2288 351 2570 413; x_wconf 81' lang='lat' dir='ltr'>BASILH</span> <span class='ocrx_word' id='word_1_7' title='bbox 2615 351 2894 413; x_wconf 77' lang='lat' dir='ltr'>MAGNI.</span> <span class='ocrx_word' id='word_1_8' title='bbox 3717 355 3832 414; x_wconf 68' lang='lat'>652</span> 
     </span>
    </p>
   </div>
   <div class='ocr_carea' id='block_1_3' title="bbox 422 480 2077 566">
    <p class='ocr_par' dir='ltr' id='par_1_3' title="bbox 422 485 2072 566">
     <span class='ocr_line' id='line_1_3' title="bbox 422 485 2072 566; baseline -0.008 -13"><span class='ocrx_word' id='word_1_9' title='bbox 422 498 494 553; x_wconf 86' lang='lat' dir='ltr'>ad</span> <span class='ocrx_word' id='word_1_10' title='bbox 544 509 720 552; x_wconf 87' lang='lat' dir='ltr'>suum</span> <span class='ocrx_word' id='word_1_11' title='bbox 768 493 1032 566; x_wconf 86' lang='lat' dir='ltr'>ipsorum</span> <span class='ocrx_word' id='word_1_12' title='bbox 1085 487 1432 553; x_wconf 87' lang='lat' dir='ltr'>Dominum;</span> <span class='ocrx_word' id='word_1_13' title='bbox 1485 485 1722 556; x_wconf 88' lang='lat' dir='ltr'>dicitur,</span> <span class='ocrx_word' id='word_1_14' title='bbox 1775 487 2014 558; x_wconf 82' lang='lat' dir='ltr'>inquam</span> <span class='ocrx_word' id='word_1_15' title='bbox 2058 501 2072 540; x_wconf 91' lang='lat'><strong>:</strong></span> 
     </span>
    </p>
   </div>
   <div class='ocr_carea' id='block_1_4' title="bbox 2194 480 2808 566">
    <p class='ocr_par' dir='ltr' id='par_1_4' title="bbox 2194 480 2808 551">
     <span class='ocr_line' id='line_1_4' title="bbox 2194 480 2808 551; baseline -0.005 -14"><span class='ocrx_word' id='word_1_16' title='bbox 2194 483 2393 537; x_wconf 76' lang='grc' dir='ltr'>ἑαυτῶν</span> <span class='ocrx_word' id='word_1_17' title='bbox 2482 480 2757 551; x_wconf 87' lang='grc' dir='ltr'>Δεσπότην</span> <span class='ocrx_word' id='word_1_18' title='bbox 2793 497 2808 513; x_wconf 89' lang='grc'>⁶</span> 
     </span>
    </p>
   </div>
   <div class='ocr_carea' id='block_1_5' title="bbox 428 576 2082 653">
    <p class='ocr_par' dir='ltr' id='par_1_5' title="bbox 428 576 2082 653">
     <span class='ocr_line' id='line_1_5' title="bbox 428 576 2082 653; baseline -0.007 -12"><span class='ocrx_word' id='word_1_19' title='bbox 428 585 766 641; x_wconf 85' lang='lat' dir='ltr'>Habitabunt</span> <span class='ocrx_word' id='word_1_20' title='bbox 785 582 952 653; x_wconf 77' lang='lat' dir='ltr'>jua&#39;ta</span> <span class='ocrx_word' id='word_1_21' title='bbox 1004 585 1055 633; x_wconf 73' lang='lat' dir='ltr'>to</span> <span class='ocrx_word' id='word_1_22' title='bbox 1081 576 1302 648; x_wconf 82' lang='lat' dir='ltr'>profugi</span> <span class='ocrx_word' id='word_1_23' title='bbox 1330 576 1498 631; x_wconf 81' lang='lat' dir='ltr'>Moab.</span> <span class='ocrx_word' id='word_1_24' title='bbox 1553 576 1621 630; x_wconf 88' lang='lat' dir='ltr'>Et</span> <span class='ocrx_word' id='word_1_25' title='bbox 1682 578 2082 648; x_wconf 88' lang='lat' dir='ltr'>protegentur,</span> 
     </span>
    </p>
   </div>
   <div class='ocr_carea' id='block_1_6' title="bbox 429 663 2083 746">
    <p class='ocr_par' dir='ltr' id='par_1_6' title="bbox 429 663 2083 746">
     <span class='ocr_line' id='line_1_6' title="bbox 429 663 2083 746; baseline -0.007 -16"><span class='ocrx_word' id='word_1_26' title='bbox 429 673 641 746; x_wconf 82' lang='lat' dir='ltr'>inquit,</span> <span class='ocrx_word' id='word_1_27' title='bbox 679 672 736 726; x_wconf 92' lang='lat' dir='ltr'>hi</span> <span class='ocrx_word' id='word_1_28' title='bbox 768 672 922 741; x_wconf 88' lang='lat' dir='ltr'>apud</span> <span class='ocrx_word' id='word_1_29' title='bbox 955 684 1078 734; x_wconf 87' lang='lat' dir='ltr'>vos,</span> <span class='ocrx_word' id='word_1_30' title='bbox 1113 665 1258 720; x_wconf 80' lang='lat' dir='ltr'>nihil</span> <span class='ocrx_word' id='word_1_31' title='bbox 1291 683 1320 720; x_wconf 90' lang='lat' dir='ltr'>a</span> <span class='ocrx_word' id='word_1_32' title='bbox 1355 665 1501 719; x_wconf 87' lang='lat' dir='ltr'>facie</span> <span class='ocrx_word' id='word_1_33' title='bbox 1523 663 1934 736; x_wconf 86' lang='lat' dir='ltr'>pcrsequentis</span> <span class='ocrx_word' id='word_1_34' title='bbox 1956 680 2083 735; x_wconf 87' lang='lat' dir='ltr'>per-</span> 
     </span>
    </p>
   </div>
   <div class='ocr_carea' id='block_1_7' title="bbox 433 752 2085 835">
    <p class='ocr_par' dir='ltr' id='par_1_7' title="bbox 433 752 2085 835">
     <span class='ocr_line' id='line_1_7' title="bbox 433 752 2085 835; baseline -0.008 -16"><span class='ocrx_word' id='word_1_35' title='bbox 433 762 686 835; x_wconf 88' lang='lat' dir='ltr'>pessuri.</span> <span class='ocrx_word' id='word_1_36' title='bbox 718 759 824 822; x_wconf 88' lang='lat' dir='ltr'>Qui</span> <span class='ocrx_word' id='word_1_37' title='bbox 851 758 1007 814; x_wconf 90' lang='lat' dir='ltr'>enim</span> <span class='ocrx_word' id='word_1_38' title='bbox 1052 759 1219 810; x_wconf 87' lang='lat' dir='ltr'>erant</span> <span class='ocrx_word' id='word_1_39' title='bbox 1263 753 1580 824; x_wconf 82' lang='lat' dir='ltr'>aliquando</span> <span class='ocrx_word' id='word_1_40' title='bbox 1631 752 2085 821; x_wconf 82' lang='lat' dir='ltr'>commilitones,</span> 
     </span>
    </p>
   </div>
   <div class='ocr_carea' id='block_1_8' title="bbox 434 841 2086 922">
    <p class='ocr_par' dir='ltr' id='par_1_8' title="bbox 434 841 2086 922">
     <span class='ocr_line' id='line_1_8' title="bbox 434 841 2086 922; baseline -0.008 -14"><span class='ocrx_word' id='word_1_41' title='bbox 434 853 491 908; x_wconf 90' lang='lat' dir='ltr'>hi</span> <span class='ocrx_word' id='word_1_42' title='bbox 527 853 927 922; x_wconf 85' lang='lat' dir='ltr'>persecutores</span> <span class='ocrx_word' id='word_1_43' title='bbox 959 847 1120 909; x_wconf 77' lang='lat' dir='ltr'>fient,</span> <span class='ocrx_word' id='word_1_44' title='bbox 1152 859 1286 898; x_wconf 89' lang='lat' dir='ltr'>cum</span> <span class='ocrx_word' id='word_1_45' title='bbox 1315 857 1382 898; x_wconf 85' lang='lat' dir='ltr'>eo</span> <span class='ocrx_word' id='word_1_46' title='bbox 1415 841 1911 913; x_wconf 73' lang='lat' dir='ltr'>przeliaturi,quod</span> <span class='ocrx_word' id='word_1_47' title='bbox 1949 857 2086 896; x_wconf 91' lang='lat' dir='ltr'>con-</span> 
     </span>
    </p>
   </div>
   <div class='ocr_carea' id='block_1_9' title="bbox 437 929 2088 1002">
    <p class='ocr_par' dir='ltr' id='par_1_9' title="bbox 437 929 2088 1002">
     <span class='ocr_line' id='line_1_9' title="bbox 437 929 2088 1002; baseline -0.009 -5"><span class='ocrx_word' id='word_1_48' title='bbox 437 944 740 997; x_wconf 82' lang='lat' dir='ltr'>vertentur</span> <span class='ocrx_word' id='word_1_49' title='bbox 788 937 859 993; x_wconf 90' lang='lat' dir='ltr'>ad</span> <span class='ocrx_word' id='word_1_50' title='bbox 911 936 1092 991; x_wconf 89' lang='lat' dir='ltr'>Deum</span> <span class='ocrx_word' id='word_1_51' title='bbox 1145 948 1367 988; x_wconf 89' lang='lat' dir='ltr'>verum.</span> <span class='ocrx_word' id='word_1_52' title='bbox 1417 931 1704 997; x_wconf 82' lang='lat' dir='ltr'>Quoniam</span> <span class='ocrx_word' id='word_1_53' title='bbox 1742 930 1923 1002; x_wconf 91' lang='lat' dir='ltr'>igitur</span> <span class='ocrx_word' id='word_1_54' title='bbox 1953 929 2088 984; x_wconf 83' lang='lat' dir='ltr'>facti</span> 
     </span>
    </p>
   </div>
   <div class='ocr_carea' id='block_1_10' title="bbox 435 1017 2090 1093">
    <p class='ocr_par' dir='ltr' id='par_1_10' title="bbox 435 1017 2090 1093">
     <span class='ocr_line' id='line_1_10' title="bbox 435 1017 2090 1093; baseline -0.007 -8"><span class='ocrx_word' id='word_1_55' title='bbox 435 1033 572 1086; x_wconf 91' lang='lat' dir='ltr'>sunt</span> <span class='ocrx_word' id='word_1_56' title='bbox 596 1033 663 1083; x_wconf 89' lang='lat' dir='ltr'>ut</span> <span class='ocrx_word' id='word_1_57' title='bbox 693 1026 812 1082; x_wconf 87' lang='lat' dir='ltr'>avis</span> <span class='ocrx_word' id='word_1_58' title='bbox 833 1022 1119 1080; x_wconf 87' lang='lat' dir='ltr'>avolantis</span> <span class='ocrx_word' id='word_1_59' title='bbox 1143 1020 1340 1093; x_wconf 87' lang='lat' dir='ltr'>pullus</span> <span class='ocrx_word' id='word_1_60' title='bbox 1363 1020 1828 1091; x_wconf 86' lang='lat' dir='ltr'>ablatus,utique</span> <span class='ocrx_word' id='word_1_61' title='bbox 1858 1017 2090 1074; x_wconf 85' lang='lat' dir='ltr'>solutus</span> 
     </span>
    </p>
   </div>
   <div class='ocr_carea' id='block_1_11' title="bbox 433 1107 2093 1182">
    <p class='ocr_par' dir='ltr' id='par_1_11' title="bbox 433 1107 2093 1182">
     <span class='ocr_line' id='line_1_11' title="bbox 433 1107 2093 1182; baseline -0.007 -8"><span class='ocrx_word' id='word_1_62' title='bbox 433 1123 522 1175; x_wconf 90' lang='lat' dir='ltr'>est</span> <span class='ocrx_word' id='word_1_63' title='bbox 578 1116 733 1172; x_wconf 89' lang='lat' dir='ltr'>malo</span> <span class='ocrx_word' id='word_1_64' title='bbox 801 1115 958 1169; x_wconf 78' lang='lat'>610</span> <span class='ocrx_word' id='word_1_65' title='bbox 1025 1110 1296 1182; x_wconf 89' lang='lat' dir='ltr'>imperio,</span> <span class='ocrx_word' id='word_1_66' title='bbox 1362 1109 1767 1180; x_wconf 84' lang='lat' dir='ltr'>liberatusque</span> <span class='ocrx_word' id='word_1_67' title='bbox 1833 1107 2093 1179; x_wconf 86' lang='lat' dir='ltr'>principe</span> 
     </span>
    </p>
   </div>
   <div class='ocr_carea' id='block_1_12' title="bbox 432 1195 2089 1278">
    <p class='ocr_par' dir='ltr' id='par_1_12' title="bbox 432 1195 2089 1278">
     <span class='ocr_line' id='line_1_12' title="bbox 432 1195 2089 1278; baseline -0.007 -18"><span class='ocrx_word' id='word_1_68' title='bbox 432 1223 629 1278; x_wconf 88' lang='lat' dir='ltr'>pravo,</span> <span class='ocrx_word' id='word_1_69' title='bbox 662 1204 761 1276; x_wconf 87' lang='lat' dir='ltr'>qui</span> <span class='ocrx_word' id='word_1_70' title='bbox 790 1201 1070 1258; x_wconf 89' lang='lat' dir='ltr'>omnibus</span> <span class='ocrx_word' id='word_1_71' title='bbox 1101 1215 1204 1270; x_wconf 88' lang='lat' dir='ltr'>per</span> <span class='ocrx_word' id='word_1_72' title='bbox 1242 1197 1580 1269; x_wconf 89' lang='lat' dir='ltr'>superbiam</span> <span class='ocrx_word' id='word_1_73' title='bbox 1633 1203 1689 1251; x_wconf 90' lang='lat' dir='ltr'>et</span> <span class='ocrx_word' id='word_1_74' title='bbox 1718 1195 2089 1268; x_wconf 83' lang='lat' dir='ltr'>tyrannidem</span> 
     </span>
    </p>
   </div>
   <div class='ocr_carea' id='block_1_13' title="bbox 429 1282 2090 1358">
    <p class='ocr_par' dir='ltr' id='par_1_13' title="bbox 429 1282 2090 1358">
     <span class='ocr_line' id='line_1_13' title="bbox 429 1282 2090 1358; baseline -0.008 -8"><span class='ocrx_word' id='word_1_75' title='bbox 429 1292 790 1350; x_wconf 84' lang='lat' dir='ltr'>conculcatis</span> <span class='ocrx_word' id='word_1_76' title='bbox 819 1289 1046 1345; x_wconf 84' lang='lat' dir='ltr'>interiit</span> <span class='ocrx_word' id='word_1_77' title='bbox 1079 1304 1091 1342; x_wconf 88' lang='lat'><strong>:</strong></span> <span class='ocrx_word' id='word_1_78' title='bbox 1123 1303 1238 1358; x_wconf 91' lang='lat' dir='ltr'>quo</span> <span class='ocrx_word' id='word_1_79' title='bbox 1269 1286 1502 1340; x_wconf 88' lang='lat' dir='ltr'>sublato</span> <span class='ocrx_word' id='word_1_80' title='bbox 1534 1302 1564 1340; x_wconf 81' lang='grc' dir='ltr'>θ</span> <span class='ocrx_word' id='word_1_81' title='bbox 1611 1285 1827 1348; x_wconf 90' lang='lat' dir='ltr'>medio,</span> <span class='ocrx_word' id='word_1_82' title='bbox 1881 1282 2090 1337; x_wconf 88' lang='lat' dir='ltr'>vatici-</span> 
     </span>
    </p>
   </div>
   <div class='ocr_carea' id='block_1_14' title="bbox 430 1372 2090 1449">
    <p class='ocr_par' dir='ltr' id='par_1_14' title="bbox 430 1372 2090 1449">
     <span class='ocr_line' id='line_1_14' title="bbox 430 1372 2090 1449; baseline -0.008 -11"><span class='ocrx_word' id='word_1_83' title='bbox 430 1383 597 1438; x_wconf 88' lang='lat' dir='ltr'>nium</span> <span class='ocrx_word' id='word_1_84' title='bbox 631 1379 858 1436; x_wconf 88' lang='lat' dir='ltr'>inducit</span> <span class='ocrx_word' id='word_1_85' title='bbox 888 1395 1014 1449; x_wconf 71' lang='lat' dir='ltr'>quae</span> <span class='ocrx_word' id='word_1_86' title='bbox 1045 1381 1325 1431; x_wconf 85' lang='lat' dir='ltr'>eventura</span> <span class='ocrx_word' id='word_1_87' title='bbox 1363 1378 1560 1429; x_wconf 87' lang='lat' dir='ltr'>essent</span> <span class='ocrx_word' id='word_1_88' title='bbox 1607 1373 1763 1428; x_wconf 89' lang='lat' dir='ltr'>bona</span> <span class='ocrx_word' id='word_1_89' title='bbox 1798 1390 1810 1428; x_wconf 91' lang='lat'>:</span> <span class='ocrx_word' id='word_1_90' title='bbox 1847 1372 2090 1426; x_wconf 85' lang='lat' dir='ltr'>Thronus</span> 
     </span>
    </p>
   </div>
   <div class='ocr_carea' id='block_1_15' title="bbox 427 1460 2089 1541">
    <p class='ocr_par' dir='ltr' id='par_1_15' title="bbox 427 1460 2089 1541">
     <span class='ocr_line' id='line_1_15' title="bbox 427 1460 2089 1541; baseline -0.008 -14"><span class='ocrx_word' id='word_1_91' title='bbox 427 1474 595 1537; x_wconf 87' lang='lat' dir='ltr'>enim,</span> <span class='ocrx_word' id='word_1_92' title='bbox 631 1470 839 1541; x_wconf 86' lang='lat' dir='ltr'>inquit,</span> <span class='ocrx_word' id='word_1_93' title='bbox 872 1469 926 1522; x_wconf 85' lang='lat' dir='ltr'>et</span> <span class='ocrx_word' id='word_1_94' title='bbox 979 1480 1208 1533; x_wconf 83' lang='lat' dir='ltr'>regnum</span> <span class='ocrx_word' id='word_1_95' title='bbox 1239 1464 1422 1518; x_wconf 78' lang='lat' dir='ltr'>David</span> <span class='ocrx_word' id='word_1_96' title='bbox 1455 1460 2089 1529; x_wconf 84' lang='lat' dir='ltr'>restaurabitur.ltaque</span> 
     </span>
    </p>
   </div>
   <div class='ocr_carea' id='block_1_16' title="bbox 431 1550 2089 1628">
    <p class='ocr_par' dir='ltr' id='par_1_16' title="bbox 431 1550 2089 1628">
     <span class='ocr_line' id='line_1_16' title="bbox 431 1550 2089 1628; baseline -0.008 -12"><span class='ocrx_word' id='word_1_97' title='bbox 431 1577 566 1616; x_wconf 91' lang='lat' dir='ltr'>cum</span> <span class='ocrx_word' id='word_1_98' title='bbox 597 1556 947 1628; x_wconf 90' lang='lat' dir='ltr'>subjiciendi</span> <span class='ocrx_word' id='word_1_99' title='bbox 983 1554 1102 1610; x_wconf 89' lang='lat' dir='ltr'>sint</span> <span class='ocrx_word' id='word_1_100' title='bbox 1153 1568 1358 1607; x_wconf 79' lang='lat' dir='ltr'>omnes</span> <span class='ocrx_word' id='word_1_101' title='bbox 1397 1550 1612 1606; x_wconf 88' lang='lat' dir='ltr'>Christi</span> <span class='ocrx_word' id='word_1_102' title='bbox 1646 1551 1890 1622; x_wconf 89' lang='lat' dir='ltr'>imperio</span> <span class='ocrx_word' id='word_1_103' title='bbox 1913 1550 2089 1619; x_wconf 82' lang='lat' dir='ltr'>juxta</span> 
     </span>
    </p>
   </div>
   <div class='ocr_carea' id='block_1_17' title="bbox 432 1639 2090 1714">
    <p class='ocr_par' dir='ltr' id='par_1_17' title="bbox 432 1639 2090 1714">
     <span class='ocr_line' id='line_1_17' title="bbox 432 1639 2090 1714; baseline -0.006 -12"><span class='ocrx_word' id='word_1_104' title='bbox 432 1649 542 1704; x_wconf 91' lang='lat' dir='ltr'>hoc</span> <span class='ocrx_word' id='word_1_105' title='bbox 597 1647 817 1702; x_wconf 90' lang='lat' dir='ltr'>dictum</span> <span class='ocrx_word' id='word_1_106' title='bbox 871 1661 889 1698; x_wconf 86' lang='lat'><em>:</em></span> <span class='ocrx_word' id='word_1_107' title='bbox 941 1644 1158 1714; x_wconf 78' lang='lat' dir='ltr'>Oportet</span> <span class='ocrx_word' id='word_1_108' title='bbox 1187 1643 1348 1696; x_wconf 84' lang='lat' dir='ltr'>illum</span> <span class='ocrx_word' id='word_1_109' title='bbox 1396 1656 1650 1711; x_wconf 86' lang='lat' dir='ltr'>regnare,</span> <span class='ocrx_word' id='word_1_110' title='bbox 1709 1639 1878 1694; x_wconf 87' lang='lat' dir='ltr'>donec</span> <span class='ocrx_word' id='word_1_111' title='bbox 1924 1645 2090 1707; x_wconf 86' lang='lat' dir='ltr'>ponat</span> 
     </span>
    </p>
   </div>
   <div class='ocr_carea' id='block_1_18' title="bbox 429 1728 2086 1803">
    <p class='ocr_par' dir='ltr' id='par_1_18' title="bbox 429 1728 2086 1803">
     <span class='ocr_line' id='line_1_18' title="bbox 429 1728 2086 1803; baseline -0.007 -12"><span class='ocrx_word' id='word_1_112' title='bbox 429 1737 682 1791; x_wconf 85' lang='lat' dir='ltr'>inimicos</span> <span class='ocrx_word' id='word_1_113' title='bbox 710 1735 806 1789; x_wconf 85' lang='lat' dir='ltr'>sub</span> <span class='ocrx_word' id='word_1_114' title='bbox 832 1732 1059 1803; x_wconf 77' lang='lat' dir='ltr'>pedibus</span> <span class='ocrx_word' id='word_1_115' title='bbox 1089 1731 1208 1800; x_wconf 90' lang='lat' dir='ltr'>ejus</span> <span class='ocrx_word' id='word_1_116' title='bbox 1240 1731 1284 1764; x_wconf 66' lang='grc'>³⁸</span> <span class='ocrx_word' id='word_1_117' title='bbox 1311 1747 1324 1796; x_wconf 91' lang='grc'>;</span> <span class='ocrx_word' id='word_1_118' title='bbox 1358 1729 1633 1784; x_wconf 87' lang='lat' dir='ltr'>thronum</span> <span class='ocrx_word' id='word_1_119' title='bbox 1668 1728 1816 1782; x_wconf 87' lang='lat' dir='ltr'>dixit</span> <span class='ocrx_word' id='word_1_120' title='bbox 1859 1731 2086 1782; x_wconf 90' lang='lat' dir='ltr'>restau-</span> 
     </span>
    </p>
   </div>
   <div class='ocr_carea' id='block_1_19' title="bbox 428 1816 2083 1893">
    <p class='ocr_par' dir='ltr' id='par_1_19' title="bbox 428 1816 2083 1893">
     <span class='ocr_line' id='line_1_19' title="bbox 428 1816 2083 1893; baseline -0.006 -14"><span class='ocrx_word' id='word_1_121' title='bbox 428 1830 619 1880; x_wconf 82' lang='lat' dir='ltr'>ratum</span> <span class='ocrx_word' id='word_1_122' title='bbox 651 1823 745 1888; x_wconf 88' lang='lat' dir='ltr'>iri,</span> <span class='ocrx_word' id='word_1_123' title='bbox 777 1823 930 1893; x_wconf 90' lang='lat' dir='ltr'>quod</span> <span class='ocrx_word' id='word_1_124' title='bbox 967 1835 1331 1892; x_wconf 68' lang='lat' dir='ltr'>quaecunque</span> <span class='ocrx_word' id='word_1_125' title='bbox 1363 1818 1419 1872; x_wconf 93' lang='lat' dir='ltr'>in</span> <span class='ocrx_word' id='word_1_126' title='bbox 1455 1819 1582 1887; x_wconf 77' lang='lat' dir='ltr'>ejus</span> <span class='ocrx_word' id='word_1_127' title='bbox 1613 1817 1897 1873; x_wconf 87' lang='lat' dir='ltr'>ditionem</span> <span class='ocrx_word' id='word_1_128' title='bbox 1933 1816 2083 1870; x_wconf 90' lang='lat' dir='ltr'>redi-</span> 
     </span>
    </p>
   </div>
   <div class='ocr_carea' id='block_1_20' title="bbox 429 1905 2079 1986">
    <p class='ocr_par' dir='ltr' id='par_1_20' title="bbox 429 1905 2079 1986">
     <span class='ocr_line' id='line_1_20' title="bbox 429 1905 2079 1986; baseline -0.006 -18"><span class='ocrx_word' id='word_1_129' title='bbox 429 1918 661 1986; x_wconf 86' lang='lat' dir='ltr'>gentur,</span> <span class='ocrx_word' id='word_1_130' title='bbox 696 1911 1025 1983; x_wconf 89' lang='lat' dir='ltr'>reparanda</span> <span class='ocrx_word' id='word_1_131' title='bbox 1057 1910 1177 1964; x_wconf 88' lang='lat' dir='ltr'>sint</span> <span class='ocrx_word' id='word_1_132' title='bbox 1201 1912 1257 1962; x_wconf 91' lang='lat' dir='ltr'>et</span> <span class='ocrx_word' id='word_1_133' title='bbox 1286 1906 1670 1962; x_wconf 80' lang='lat' dir='ltr'>instauranda</span> <span class='ocrx_word' id='word_1_134' title='bbox 1703 1924 1716 1961; x_wconf 90' lang='lat'><strong>:</strong></span> <span class='ocrx_word' id='word_1_135' title='bbox 1749 1906 1903 1977; x_wconf 92' lang='lat' dir='ltr'>quod</span> <span class='ocrx_word' id='word_1_136' title='bbox 1965 1905 2079 1960; x_wconf 88' lang='lat' dir='ltr'>mi-</span> 
     </span>
    </p>
   </div>
   <div class='ocr_carea' id='block_1_21' title="bbox 428 1994 2081 2067">
    <p class='ocr_par' dir='ltr' id='par_1_21' title="bbox 428 1994 2081 2067">
     <span class='ocr_line' id='line_1_21' title="bbox 428 1994 2081 2067; baseline -0.005 -10"><span class='ocrx_word' id='word_1_137' title='bbox 428 2004 584 2058; x_wconf 89' lang='lat' dir='ltr'>nime</span> <span class='ocrx_word' id='word_1_138' title='bbox 619 2002 682 2055; x_wconf 85' lang='lat' dir='ltr'>ﬁt</span> <span class='ocrx_word' id='word_1_139' title='bbox 711 2001 782 2056; x_wconf 93' lang='lat' dir='ltr'>ob</span> <span class='ocrx_word' id='word_1_140' title='bbox 817 1999 1093 2055; x_wconf 89' lang='lat' dir='ltr'>meritum</span> <span class='ocrx_word' id='word_1_141' title='bbox 1127 2013 1324 2052; x_wconf 91' lang='lat' dir='ltr'>eorum</span> <span class='ocrx_word' id='word_1_142' title='bbox 1369 1994 1468 2067; x_wconf 89' lang='lat' dir='ltr'>qui</span> <span class='ocrx_word' id='word_1_143' title='bbox 1503 1995 1776 2066; x_wconf 85' lang='lat' dir='ltr'>potestati</span> <span class='ocrx_word' id='word_1_144' title='bbox 1830 1995 1960 2064; x_wconf 86' lang='lat' dir='ltr'>ejus</span> <span class='ocrx_word' id='word_1_145' title='bbox 2015 2011 2081 2049; x_wconf 91' lang='lat' dir='ltr'>ac</span> 
     </span>
    </p>
   </div>
   <div class='ocr_carea' id='block_1_22' title="bbox 424 2082 2078 2162">
    <p class='ocr_par' dir='ltr' id='par_1_22' title="bbox 424 2082 2078 2162">
     <span class='ocr_line' id='line_1_22' title="bbox 424 2082 2078 2162; baseline -0.005 -17"><span class='ocrx_word' id='word_1_146' title='bbox 424 2090 672 2162; x_wconf 90' lang='lat' dir='ltr'>imperio</span> <span class='ocrx_word' id='word_1_147' title='bbox 705 2093 846 2144; x_wconf 90' lang='lat' dir='ltr'>sunt</span> <span class='ocrx_word' id='word_1_148' title='bbox 877 2086 1286 2150; x_wconf 86' lang='lat' dir='ltr'>submittendi,</span> <span class='ocrx_word' id='word_1_149' title='bbox 1320 2085 1418 2138; x_wconf 87' lang='lat' dir='ltr'>sed</span> <span class='ocrx_word' id='word_1_150' title='bbox 1470 2101 1570 2155; x_wconf 92' lang='lat' dir='ltr'>per</span> <span class='ocrx_word' id='word_1_151' title='bbox 1616 2082 2078 2139; x_wconf 86' lang='lat' dir='ltr'>misericordiam</span> 
     </span>
    </p>
   </div>
   <div class='ocr_carea' id='block_1_23' title="bbox 424 2171 2076 2250">
    <p class='ocr_par' dir='ltr' id='par_1_23' title="bbox 424 2171 2076 2250">
     <span class='ocr_line' id='line_1_23' title="bbox 424 2171 2076 2250; baseline -0.005 -16"><span class='ocrx_word' id='word_1_152' title='bbox 424 2197 490 2235; x_wconf 90' lang='lat' dir='ltr'>ac</span> <span class='ocrx_word' id='word_1_153' title='bbox 524 2178 942 2250; x_wconf 85' lang='lat' dir='ltr'>benignitatem</span> <span class='ocrx_word' id='word_1_154' title='bbox 974 2175 1098 2231; x_wconf 91' lang='lat' dir='ltr'>Dei.</span> <span class='ocrx_word' id='word_1_155' title='bbox 1149 2175 1242 2229; x_wconf 87' lang='lat' dir='ltr'>Ait</span> <span class='ocrx_word' id='word_1_156' title='bbox 1281 2174 1478 2244; x_wconf 88' lang='lat' dir='ltr'>itaque</span> <span class='ocrx_word' id='word_1_157' title='bbox 1530 2191 1547 2226; x_wconf 94' lang='lat'><strong><em>:</em></strong></span> <span class='ocrx_word' id='word_1_158' title='bbox 1597 2172 1834 2227; x_wconf 90' lang='lat' dir='ltr'>Sedebit</span> <span class='ocrx_word' id='word_1_159' title='bbox 1878 2171 2076 2240; x_wconf 90' lang='lat' dir='ltr'>David,</span> 
     </span>
    </p>
   </div>
   <div class='ocr_carea' id='block_1_24' title="bbox 423 2260 2076 2337">
    <p class='ocr_par' dir='ltr' id='par_1_24' title="bbox 423 2260 2076 2337">
     <span class='ocr_line' id='line_1_24' title="bbox 423 2260 2076 2337; baseline -0.005 -14"><span class='ocrx_word' id='word_1_160' title='bbox 423 2268 532 2323; x_wconf 91' lang='lat' dir='ltr'>hoc</span> <span class='ocrx_word' id='word_1_161' title='bbox 560 2271 668 2337; x_wconf 87' lang='lat' dir='ltr'>est,</span> <span class='ocrx_word' id='word_1_162' title='bbox 702 2266 972 2321; x_wconf 88' lang='lat' dir='ltr'>Christus</span> <span class='ocrx_word' id='word_1_163' title='bbox 1001 2264 1126 2335; x_wconf 88' lang='lat' dir='ltr'>ipse</span> <span class='ocrx_word' id='word_1_164' title='bbox 1175 2278 1350 2317; x_wconf 88' lang='lat' dir='ltr'>manu</span> <span class='ocrx_word' id='word_1_165' title='bbox 1387 2278 1452 2316; x_wconf 88' lang='lat' dir='ltr'>ac</span> <span class='ocrx_word' id='word_1_166' title='bbox 1501 2261 1762 2332; x_wconf 89' lang='lat' dir='ltr'>potentia</span> <span class='ocrx_word' id='word_1_167' title='bbox 1809 2260 2076 2330; x_wconf 73' lang='lat' dir='ltr'>idoneus,</span> 
     </span>
    </p>
   </div>
   <div class='ocr_carea' id='block_1_25' title="bbox 424 2349 2078 2423">
    <p class='ocr_par' dir='ltr' id='par_1_25' title="bbox 424 2349 2078 2423">
     <span class='ocr_line' id='line_1_25' title="bbox 424 2349 2078 2423; baseline -0.005 -11"><span class='ocrx_word' id='word_1_168' title='bbox 424 2372 558 2412; x_wconf 86' lang='lat' dir='ltr'>eum</span> <span class='ocrx_word' id='word_1_169' title='bbox 589 2356 850 2410; x_wconf 86' lang='lat' dir='ltr'>veritate.</span> <span class='ocrx_word' id='word_1_170' title='bbox 901 2354 971 2408; x_wconf 89' lang='lat' dir='ltr'>Et</span> <span class='ocrx_word' id='word_1_171' title='bbox 1016 2350 1286 2423; x_wconf 85' lang='lat' dir='ltr'>regnabit</span> <span class='ocrx_word' id='word_1_172' title='bbox 1335 2350 1392 2404; x_wconf 92' lang='lat' dir='ltr'>in</span> <span class='ocrx_word' id='word_1_173' title='bbox 1446 2349 1842 2419; x_wconf 78' lang='lat' dir='ltr'>tabernaculo,</span> <span class='ocrx_word' id='word_1_174' title='bbox 1895 2350 2078 2404; x_wconf 90' lang='lat' dir='ltr'>donec</span> 
     </span>
    </p>
   </div>
   <div class='ocr_carea' id='block_1_26' title="bbox 421 2438 2077 2515">
    <p class='ocr_par' dir='ltr' id='par_1_26' title="bbox 421 2438 2077 2515">
     <span class='ocr_line' id='line_1_26' title="bbox 421 2438 2077 2515; baseline -0.005 -16"><span class='ocrx_word' id='word_1_175' title='bbox 421 2445 699 2515; x_wconf 88' lang='lat' dir='ltr'>judicans</span> <span class='ocrx_word' id='word_1_176' title='bbox 725 2442 1014 2512; x_wconf 84' lang='lat' dir='ltr'>judicium</span> <span class='ocrx_word' id='word_1_177' title='bbox 1045 2441 1189 2494; x_wconf 84' lang='lat' dir='ltr'>ferat</span> <span class='ocrx_word' id='word_1_178' title='bbox 1215 2440 1286 2494; x_wconf 92' lang='lat' dir='ltr'>de</span> <span class='ocrx_word' id='word_1_179' title='bbox 1314 2438 1699 2494; x_wconf 88' lang='lat' dir='ltr'>omnibus.Ea</span> <span class='ocrx_word' id='word_1_180' title='bbox 1730 2441 1925 2492; x_wconf 88' lang='lat' dir='ltr'>autem</span> <span class='ocrx_word' id='word_1_181' title='bbox 1953 2453 2077 2508; x_wconf 75' lang='lat' dir='ltr'>quae</span> 
     </span>
    </p>
   </div>
   <div class='ocr_carea' id='block_1_27' title="bbox 422 2526 2080 2589">
    <p class='ocr_par' dir='ltr' id='par_1_27' title="bbox 422 2526 2080 2589">
     <span class='ocr_line' id='line_1_27' title="bbox 422 2526 2080 2589; baseline -0.006 0"><span class='ocrx_word' id='word_1_182' title='bbox 422 2549 559 2589; x_wconf 89' lang='lat' dir='ltr'>eum</span> <span class='ocrx_word' id='word_1_183' title='bbox 586 2531 825 2587; x_wconf 85' lang='lat' dir='ltr'>veritate</span> <span class='ocrx_word' id='word_1_184' title='bbox 854 2529 920 2584; x_wconf 85' lang='lat' dir='ltr'>fit</span> <span class='ocrx_word' id='word_1_185' title='bbox 950 2529 1135 2584; x_wconf 89' lang='lat' dir='ltr'>sessio</span> <span class='ocrx_word' id='word_1_186' title='bbox 1166 2527 1542 2582; x_wconf 87' lang='lat' dir='ltr'>abolitionem</span> <span class='ocrx_word' id='word_1_187' title='bbox 1591 2526 1811 2580; x_wconf 89' lang='lat' dir='ltr'>indicat</span> <span class='ocrx_word' id='word_1_188' title='bbox 1842 2526 2080 2580; x_wconf 89' lang='lat' dir='ltr'>menda-</span> 
     </span>
    </p>
   </div>
   <div class='ocr_carea' id='block_1_28' title="bbox 423 2614 2078 2688">
    <p class='ocr_par' dir='ltr' id='par_1_28' title="bbox 423 2614 2078 2688">
     <span class='ocr_line' id='line_1_28' title="bbox 423 2614 2078 2688; baseline -0.003 -13"><span class='ocrx_word' id='word_1_189' title='bbox 423 2621 522 2676; x_wconf 88' lang='lat' dir='ltr'>oii.</span> <span class='ocrx_word' id='word_1_190' title='bbox 556 2619 837 2688; x_wconf 77' lang='lat' dir='ltr'>Regnabit</span> <span class='ocrx_word' id='word_1_191' title='bbox 867 2634 1002 2672; x_wconf 91' lang='lat' dir='ltr'>vero</span> <span class='ocrx_word' id='word_1_192' title='bbox 1033 2617 1215 2672; x_wconf 89' lang='lat' dir='ltr'>donec</span> <span class='ocrx_word' id='word_1_193' title='bbox 1249 2615 1778 2686; x_wconf 79' lang='lat' dir='ltr'>feceritjudicium.</span> <span class='ocrx_word' id='word_1_194' title='bbox 1810 2614 2078 2670; x_wconf 87' lang='lat' dir='ltr'>Ostendit</span> 
     </span>
    </p>
   </div>
   <div class='ocr_carea' id='block_1_29' title="bbox 424 2703 2075 2782">
    <p class='ocr_par' dir='ltr' id='par_1_29' title="bbox 424 2703 2075 2782">
     <span class='ocr_line' id='line_1_29' title="bbox 424 2703 2075 2782; baseline -0.004 -18"><span class='ocrx_word' id='word_1_195' title='bbox 424 2711 554 2782; x_wconf 89' lang='lat' dir='ltr'>ejus</span> <span class='ocrx_word' id='word_1_196' title='bbox 587 2709 644 2763; x_wconf 88' lang='lat' dir='ltr'>in</span> <span class='ocrx_word' id='word_1_197' title='bbox 677 2707 953 2764; x_wconf 89' lang='lat' dir='ltr'>omnibus</span> <span class='ocrx_word' id='word_1_198' title='bbox 973 2707 1204 2776; x_wconf 89' lang='lat' dir='ltr'>justum</span> <span class='ocrx_word' id='word_1_199' title='bbox 1229 2703 1546 2776; x_wconf 89' lang='lat' dir='ltr'>judicium,</span> <span class='ocrx_word' id='word_1_200' title='bbox 1572 2703 1895 2758; x_wconf 87' lang='lat' dir='ltr'>secundum</span> <span class='ocrx_word' id='word_1_201' title='bbox 1920 2703 2075 2774; x_wconf 90' lang='lat' dir='ltr'>quod</span> 
     </span>
    </p>
   </div>
   <div class='ocr_carea' id='block_1_30' title="bbox 425 2791 2075 2866">
    <p class='ocr_par' dir='ltr' id='par_1_30' title="bbox 425 2791 2075 2866">
     <span class='ocr_line' id='line_1_30' title="bbox 425 2791 2075 2866; baseline -0.005 -12"><span class='ocrx_word' id='word_1_202' title='bbox 425 2815 543 2854; x_wconf 89' lang='lat' dir='ltr'>non</span> <span class='ocrx_word' id='word_1_203' title='bbox 577 2801 794 2853; x_wconf 87' lang='lat' dir='ltr'>temere</span> <span class='ocrx_word' id='word_1_204' title='bbox 825 2796 896 2850; x_wconf 90' lang='lat' dir='ltr'>de</span> <span class='ocrx_word' id='word_1_205' title='bbox 927 2793 1180 2866; x_wconf 82' lang='lat' dir='ltr'>singulis</span> <span class='ocrx_word' id='word_1_206' title='bbox 1203 2793 1422 2863; x_wconf 85' lang='lat' dir='ltr'>profert</span> <span class='ocrx_word' id='word_1_207' title='bbox 1449 2794 1796 2847; x_wconf 88' lang='lat' dir='ltr'>sententiam</span> <span class='ocrx_word' id='word_1_208' title='bbox 1826 2809 1839 2858; x_wconf 92' lang='lat'><strong>;</strong></span> <span class='ocrx_word' id='word_1_209' title='bbox 1873 2791 1971 2846; x_wconf 90' lang='lat' dir='ltr'>sed</span> <span class='ocrx_word' id='word_1_210' title='bbox 2017 2791 2075 2845; x_wconf 91' lang='lat' dir='ltr'>id</span> 
     </span>
    </p>
   </div>
   <div class='ocr_carea' id='block_1_31' title="bbox 426 2878 2079 2958">
    <p class='ocr_par' dir='ltr' id='par_1_31' title="bbox 426 2878 2079 2958">
     <span class='ocr_line' id='line_1_31' title="bbox 426 2878 2079 2958; baseline -0.004 -17"><span class='ocrx_word' id='word_1_211' title='bbox 426 2887 581 2958; x_wconf 90' lang='lat' dir='ltr'>quod</span> <span class='ocrx_word' id='word_1_212' title='bbox 614 2900 846 2956; x_wconf 63' lang='lat' dir='ltr'>aequum</span> <span class='ocrx_word' id='word_1_213' title='bbox 879 2883 957 2938; x_wconf 88' lang='lat' dir='ltr'>sit</span> <span class='ocrx_word' id='word_1_214' title='bbox 986 2899 1051 2937; x_wconf 87' lang='lat' dir='ltr'>ac</span> <span class='ocrx_word' id='word_1_215' title='bbox 1100 2897 1449 2953; x_wconf 86' lang='lat' dir='ltr'>congruum,</span> <span class='ocrx_word' id='word_1_216' title='bbox 1503 2878 1767 2950; x_wconf 89' lang='lat' dir='ltr'>inquirit,</span> <span class='ocrx_word' id='word_1_217' title='bbox 1821 2879 1964 2933; x_wconf 91' lang='lat' dir='ltr'>adeo</span> <span class='ocrx_word' id='word_1_218' title='bbox 2014 2883 2079 2934; x_wconf 90' lang='lat' dir='ltr'>ut</span> 
     </span>
    </p>
   </div>
   <div class='ocr_carea' id='block_1_32' title="bbox 417 2967 2076 3047">
    <p class='ocr_par' dir='ltr' id='par_1_32' title="bbox 417 2967 2076 3047">
     <span class='ocr_line' id='line_1_32' title="bbox 417 2967 2076 3047; baseline -0.005 -18"><span class='ocrx_word' id='word_1_219' title='bbox 417 2974 712 3047; x_wconf 78' lang='lat' dir='ltr'>judicium</span> <span class='ocrx_word' id='word_1_220' title='bbox 743 2974 815 3029; x_wconf 88' lang='lat' dir='ltr'>de</span> <span class='ocrx_word' id='word_1_221' title='bbox 845 2987 1192 3043; x_wconf 84' lang='lat' dir='ltr'>unoquoque</span> <span class='ocrx_word' id='word_1_222' title='bbox 1225 2969 1407 3025; x_wconf 87' lang='lat' dir='ltr'>latum</span> <span class='ocrx_word' id='word_1_223' title='bbox 1441 2969 1722 3040; x_wconf 89' lang='lat' dir='ltr'>perducot</span> <span class='ocrx_word' id='word_1_224' title='bbox 1752 2967 1823 3022; x_wconf 90' lang='lat' dir='ltr'>ad</span> <span class='ocrx_word' id='word_1_225' title='bbox 1858 2968 2076 3023; x_wconf 90' lang='lat' dir='ltr'>bonum</span> 
     </span>
    </p>
   </div>
   <div class='ocr_carea' id='block_1_33' title="bbox 425 3055 2077 3134">
    <p class='ocr_par' dir='ltr' id='par_1_33' title="bbox 425 3055 2077 3134">
     <span class='ocr_line' id='line_1_33' title="bbox 425 3055 2077 3134; baseline -0.004 -17"><span class='ocrx_word' id='word_1_226' title='bbox 425 3063 644 3117; x_wconf 87' lang='lat' dir='ltr'>exitum</span> <span class='ocrx_word' id='word_1_227' title='bbox 671 3079 684 3117; x_wconf 92' lang='lat'>:</span> <span class='ocrx_word' id='word_1_228' title='bbox 719 3062 936 3134; x_wconf 87' lang='lat' dir='ltr'>quippe</span> <span class='ocrx_word' id='word_1_229' title='bbox 957 3060 1055 3132; x_wconf 90' lang='lat' dir='ltr'>qui</span> <span class='ocrx_word' id='word_1_230' title='bbox 1081 3059 1424 3114; x_wconf 80' lang='lat' dir='ltr'>festinanter</span> <span class='ocrx_word' id='word_1_231' title='bbox 1441 3055 1723 3112; x_wconf 86' lang='lat' dir='ltr'>acceleret</span> <span class='ocrx_word' id='word_1_232' title='bbox 1756 3061 2077 3127; x_wconf 84' lang='lat' dir='ltr'>urgeatque</span> 
     </span>
    </p>
   </div>
   <div class='ocr_carea' id='block_1_34' title="bbox 418 3145 2075 3221">
    <p class='ocr_par' dir='ltr' id='par_1_34' title="bbox 418 3145 2075 3221">
     <span class='ocr_line' id='line_1_34' title="bbox 418 3145 2075 3221; baseline -0.003 -17"><span class='ocrx_word' id='word_1_233' title='bbox 418 3151 736 3221; x_wconf 86' lang='lat' dir='ltr'>justitiam,</span> <span class='ocrx_word' id='word_1_234' title='bbox 765 3165 872 3205; x_wconf 88' lang='lat' dir='ltr'>nec</span> <span class='ocrx_word' id='word_1_235' title='bbox 898 3149 1138 3205; x_wconf 87' lang='lat' dir='ltr'>remisse</span> <span class='ocrx_word' id='word_1_236' title='bbox 1187 3151 1288 3201; x_wconf 89' lang='lat' dir='ltr'>aut</span> <span class='ocrx_word' id='word_1_237' title='bbox 1337 3147 1494 3202; x_wconf 87' lang='lat' dir='ltr'>lento</span> <span class='ocrx_word' id='word_1_238' title='bbox 1543 3145 1749 3218; x_wconf 88' lang='lat' dir='ltr'>gradu,</span> <span class='ocrx_word' id='word_1_239' title='bbox 1803 3146 1904 3200; x_wconf 88' lang='lat' dir='ltr'>sed</span> <span class='ocrx_word' id='word_1_240' title='bbox 1946 3161 2075 3199; x_wconf 82' lang='lat' dir='ltr'>cam</span> 
     </span>
    </p>
   </div>
   <div class='ocr_carea' id='block_1_35' title="bbox 427 3235 1372 3295">
    <p class='ocr_par' dir='ltr' id='par_1_35' title="bbox 427 3235 1372 3295">
     <span class='ocr_line' id='line_1_35' title="bbox 427 3235 1372 3295; baseline -0.005 0"><span class='ocrx_word' id='word_1_241' title='bbox 427 3239 584 3295; x_wconf 89' lang='lat' dir='ltr'>omni</span> <span class='ocrx_word' id='word_1_242' title='bbox 620 3237 990 3293; x_wconf 82' lang='lat' dir='ltr'>festinatione</span> <span class='ocrx_word' id='word_1_243' title='bbox 1021 3253 1151 3292; x_wconf 89' lang='lat' dir='ltr'>eam</span> <span class='ocrx_word' id='word_1_244' title='bbox 1179 3235 1372 3290; x_wconf 85' lang='lat' dir='ltr'>faciat.</span> 
     </span>
    </p>
   </div>
   <div class='ocr_carea' id='block_1_36' title="bbox 501 3321 2077 3393">
    <p class='ocr_par' dir='ltr' id='par_1_36' title="bbox 501 3321 2077 3393">
     <span class='ocr_line' id='line_1_36' title="bbox 501 3321 2077 3393; baseline -0.003 -13"><span class='ocrx_word' id='word_1_245' title='bbox 501 3327 631 3380; x_wconf 90' lang='lat'>306.</span> <span class='ocrx_word' id='word_1_246' title='bbox 671 3326 841 3382; x_wconf 74' lang='lat' dir='ltr'>Vens.</span> <span class='ocrx_word' id='word_1_247' title='bbox 900 3325 1023 3379; x_wconf 86' lang='lat'>6-8.</span> <span class='ocrx_word' id='word_1_248' title='bbox 1085 3323 1393 3378; x_wconf 82' lang='lat' dir='ltr'>Audivimcs</span> <span class='ocrx_word' id='word_1_249' title='bbox 1451 3322 1836 3378; x_wconf 83' lang='lat' dir='ltr'>contumeliam</span> <span class='ocrx_word' id='word_1_250' title='bbox 1888 3321 2077 3393; x_wconf 82' lang='lat' dir='ltr'>Moab;</span> 
     </span>
    </p>
   </div>
   <div class='ocr_carea' id='block_1_37' title="bbox 399 3411 2081 3484">
    <p class='ocr_par' dir='ltr' id='par_1_37' title="bbox 399 3411 2081 3484">
     <span class='ocr_line' id='line_1_37' title="bbox 399 3411 2081 3484; baseline -0.004 -11"><span class='ocrx_word' id='word_1_251' title='bbox 399 3476 406 3481; x_wconf 69' lang='grc'>,</span> <span class='ocrx_word' id='word_1_252' title='bbox 430 3414 864 3472; x_wconf 70' lang='lat' dir='ltr'>contumeliosus</span> <span class='ocrx_word' id='word_1_253' title='bbox 889 3413 1044 3468; x_wconf 86' lang='lat' dir='ltr'>valde</span> <span class='ocrx_word' id='word_1_254' title='bbox 1068 3431 1082 3481; x_wconf 90' lang='lat'><strong>;</strong></span> <span class='ocrx_word' id='word_1_255' title='bbox 1111 3413 1432 3484; x_wconf 78' lang='lat' dir='ltr'>superbiam</span> <span class='ocrx_word' id='word_1_256' title='bbox 1457 3415 1581 3474; x_wconf 76' lang='lat' dir='ltr'>eius</span> <span class='ocrx_word' id='word_1_257' title='bbox 1599 3411 1802 3466; x_wconf 76' lang='lat' dir='ltr'>sustuli</span> <span class='ocrx_word' id='word_1_258' title='bbox 1823 3430 1846 3477; x_wconf 85' lang='lat'><strong><em>;</em></strong></span> <span class='ocrx_word' id='word_1_259' title='bbox 1875 3421 1928 3466; x_wconf 85' lang='lat' dir='ltr'>et</span> <span class='ocrx_word' id='word_1_260' title='bbox 1956 3427 2081 3467; x_wconf 85' lang='lat' dir='ltr'>con-</span> 
     </span>
    </p>
   </div>
   <div class='ocr_carea' id='block_1_38' title="bbox 432 3500 2074 3574">
    <p class='ocr_par' dir='ltr' id='par_1_38' title="bbox 432 3500 2074 3574">
     <span class='ocr_line' id='line_1_38' title="bbox 432 3500 2074 3574; baseline -0.003 -15"><span class='ocrx_word' id='word_1_261' title='bbox 432 3505 674 3560; x_wconf 80' lang='lat' dir='ltr'>tumelia.</span> <span class='ocrx_word' id='word_1_262' title='bbox 701 3504 842 3574; x_wconf 85' lang='lat' dir='ltr'>ejus,</span> <span class='ocrx_word' id='word_1_263' title='bbox 875 3510 924 3558; x_wconf 87' lang='lat' dir='ltr'>et</span> <span class='ocrx_word' id='word_1_264' title='bbox 955 3503 1039 3556; x_wconf 89' lang='lat' dir='ltr'>ira</span> <span class='ocrx_word' id='word_1_265' title='bbox 1071 3520 1092 3556; x_wconf 75' lang='grc' dir='ltr'>,ο</span> <span class='ocrx_word' id='word_1_266' title='bbox 1118 3517 1231 3556; x_wconf 87' lang='lat' dir='ltr'>non</span> <span class='ocrx_word' id='word_1_267' title='bbox 1259 3501 1338 3555; x_wconf 88' lang='lat' dir='ltr'>sic</span> <span class='ocrx_word' id='word_1_268' title='bbox 1365 3500 1636 3555; x_wconf 81' lang='lat' dir='ltr'>divinatio</span> <span class='ocrx_word' id='word_1_269' title='bbox 1685 3506 1779 3554; x_wconf 87' lang='lat' dir='ltr'>tua</span> <span class='ocrx_word' id='word_1_270' title='bbox 1807 3516 1917 3555; x_wconf 87' lang='lat' dir='ltr'>non</span> <span class='ocrx_word' id='word_1_271' title='bbox 1973 3502 2074 3556; x_wconf 85' lang='lat' dir='ltr'>sic.</span> 
     </span>
    </p>
   </div>
   <div class='ocr_carea' id='block_1_39' title="bbox 435 3589 2077 3658">
    <p class='ocr_par' dir='ltr' id='par_1_39' title="bbox 435 3589 2077 3658">
     <span class='ocr_line' id='line_1_39' title="bbox 435 3589 2077 3658; baseline -0.001 -11"><span class='ocrx_word' id='word_1_272' title='bbox 435 3592 677 3648; x_wconf 85' lang='lat' dir='ltr'>ululabit</span> <span class='ocrx_word' id='word_1_273' title='bbox 707 3593 860 3646; x_wconf 79' lang='lat' dir='ltr'>Moab</span> <span class='ocrx_word' id='word_1_274' title='bbox 888 3608 900 3658; x_wconf 92' lang='lat'><strong>;</strong></span> <span class='ocrx_word' id='word_1_275' title='bbox 935 3608 1063 3646; x_wconf 89' lang='lat' dir='ltr'>nam</span> <span class='ocrx_word' id='word_1_276' title='bbox 1095 3591 1155 3643; x_wconf 87' lang='lat' dir='ltr'>in</span> <span class='ocrx_word' id='word_1_277' title='bbox 1208 3590 1504 3645; x_wconf 80' lang='lat' dir='ltr'>Moabitide</span> <span class='ocrx_word' id='word_1_278' title='bbox 1533 3605 1722 3644; x_wconf 84' lang='lat' dir='ltr'>omnes</span> <span class='ocrx_word' id='word_1_279' title='bbox 1760 3589 2077 3648; x_wconf 78' lang='lat' dir='ltr'>ululabunt.</span> 
     </span>
    </p>
   </div>
   <div class='ocr_carea' id='block_1_40' title="bbox 429 3677 2078 3750">
    <p class='ocr_par' dir='ltr' id='par_1_40' title="bbox 429 3677 2078 3750">
     <span class='ocr_line' id='line_1_40' title="bbox 429 3677 2078 3750; baseline -0.001 -15"><span class='ocrx_word' id='word_1_280' title='bbox 429 3681 820 3736; x_wconf 77' lang='lat' dir='ltr'>Habitantibus</span> <span class='ocrx_word' id='word_1_281' title='bbox 848 3680 1018 3734; x_wconf 72' lang='lat' dir='ltr'>Sedet:</span> <span class='ocrx_word' id='word_1_282' title='bbox 1047 3678 1348 3734; x_wconf 84' lang='lat' dir='ltr'>meditatio.</span> <span class='ocrx_word' id='word_1_283' title='bbox 1382 3681 1434 3734; x_wconf 83' lang='lat' dir='ltr'>et</span> <span class='ocrx_word' id='word_1_284' title='bbox 1480 3677 1683 3749; x_wconf 81' lang='lat' dir='ltr'>pudore</span> <span class='ocrx_word' id='word_1_285' title='bbox 1721 3693 1830 3733; x_wconf 85' lang='lat' dir='ltr'>non</span> <span class='ocrx_word' id='word_1_286' title='bbox 1859 3679 2078 3750; x_wconf 81' lang='lat' dir='ltr'>suﬂun-</span> 
     </span>
    </p>
   </div>
   <div class='ocr_carea' id='block_1_41' title="bbox 423 3765 2078 3842">
    <p class='ocr_par' dir='ltr' id='par_1_41' title="bbox 423 3765 2078 3842">
     <span class='ocr_line' id='line_1_41' title="bbox 423 3765 2078 3842; baseline -0.001 -18"><span class='ocrx_word' id='word_1_287' title='bbox 423 3770 590 3825; x_wconf 82' lang='lat' dir='ltr'>deris.</span> <span class='ocrx_word' id='word_1_288' title='bbox 628 3768 823 3842; x_wconf 84' lang='lat' dir='ltr'>Campi</span> <span class='ocrx_word' id='word_1_289' title='bbox 852 3768 1067 3824; x_wconf 82' lang='lat' dir='ltr'>Esebon</span> <span class='ocrx_word' id='word_1_290' title='bbox 1106 3769 1389 3839; x_wconf 78' lang='lat' dir='ltr'>lugebant.</span> <span class='ocrx_word' id='word_1_291' title='bbox 1425 3766 1554 3822; x_wconf 67' lang='lat' dir='ltr'>Haec</span> <span class='ocrx_word' id='word_1_292' title='bbox 1602 3766 1673 3822; x_wconf 91' lang='lat' dir='ltr'>ab</span> <span class='ocrx_word' id='word_1_293' title='bbox 1704 3765 1884 3822; x_wconf 86' lang='lat' dir='ltr'>altero</span> <span class='ocrx_word' id='word_1_294' title='bbox 1917 3767 2078 3839; x_wconf 91' lang='lat' dir='ltr'>prin-</span> 
     </span>
    </p>
   </div>
   <div class='ocr_carea' id='block_1_42' title="bbox 422 3850 2076 3930">
    <p class='ocr_par' dir='ltr' id='par_1_42' title="bbox 422 3850 2076 3930">
     <span class='ocr_line' id='line_1_42' title="bbox 422 3850 2076 3930; baseline -0.002 -16"><span class='ocrx_word' id='word_1_295' title='bbox 422 3858 575 3930; x_wconf 91' lang='lat' dir='ltr'>cipio</span> <span class='ocrx_word' id='word_1_296' title='bbox 601 3875 734 3914; x_wconf 91' lang='lat' dir='ltr'>cum</span> <span class='ocrx_word' id='word_1_297' title='bbox 771 3862 1065 3928; x_wconf 87' lang='lat' dir='ltr'>petantur,</span> <span class='ocrx_word' id='word_1_298' title='bbox 1100 3850 1180 3911; x_wconf 87' lang='lat' dir='ltr'>ita</span> <span class='ocrx_word' id='word_1_299' title='bbox 1211 3855 1457 3928; x_wconf 83' lang='lat' dir='ltr'>legenda</span> <span class='ocrx_word' id='word_1_300' title='bbox 1489 3859 1631 3911; x_wconf 89' lang='lat' dir='ltr'>sunt</span> <span class='ocrx_word' id='word_1_301' title='bbox 1665 3855 1830 3924; x_wconf 83' lang='lat' dir='ltr'>quasi</span> <span class='ocrx_word' id='word_1_302' title='bbox 1862 3872 1893 3908; x_wconf 76' lang='grc' dir='ltr'>ιι</span> <span class='ocrx_word' id='word_1_303' title='bbox 1923 3854 2076 3928; x_wconf 88' lang='lat' dir='ltr'>prio-</span> 
     </span>
    </p>
   </div>
   <div class='ocr_carea' id='block_1_43' title="bbox 420 3944 2077 4019">
    <p class='ocr_par' dir='ltr' id='par_1_43' title="bbox 420 3944 2077 4019">
     <span class='ocr_line' id='line_1_43' title="bbox 420 3944 2077 4019; baseline -0.002 -16"><span class='ocrx_word' id='word_1_304' title='bbox 420 3948 587 4004; x_wconf 89' lang='lat' dir='ltr'>ribus</span> <span class='ocrx_word' id='word_1_305' title='bbox 616 3963 987 4019; x_wconf 88' lang='lat' dir='ltr'>nequaquam</span> <span class='ocrx_word' id='word_1_306' title='bbox 1035 3947 1348 4018; x_wconf 87' lang='lat' dir='ltr'>pendeant.</span> <span class='ocrx_word' id='word_1_307' title='bbox 1399 3944 1698 4016; x_wconf 89' lang='lat' dir='ltr'>Scriptura</span> <span class='ocrx_word' id='word_1_308' title='bbox 1741 3944 1897 3998; x_wconf 90' lang='lat' dir='ltr'>enim</span> <span class='ocrx_word' id='word_1_309' title='bbox 1950 3959 2077 4015; x_wconf 78' lang='lat' dir='ltr'>quas</span> 
     </span>
    </p>
   </div>
   <div class='ocr_carea' id='block_1_44' title="bbox 418 4033 2075 4093">
    <p class='ocr_par' dir='ltr' id='par_1_44' title="bbox 418 4033 2075 4093">
     <span class='ocr_line' id='line_1_44' title="bbox 418 4033 2075 4093; baseline -0.004 0"><span class='ocrx_word' id='word_1_310' title='bbox 418 4054 533 4093; x_wconf 89' lang='lat' dir='ltr'>non</span> <span class='ocrx_word' id='word_1_311' title='bbox 568 4054 695 4092; x_wconf 89' lang='lat' dir='ltr'>raro</span> <span class='ocrx_word' id='word_1_312' title='bbox 727 4037 907 4092; x_wconf 82' lang='lat' dir='ltr'>elﬁcit</span> <span class='ocrx_word' id='word_1_313' title='bbox 940 4042 1003 4091; x_wconf 90' lang='lat' dir='ltr'>ut</span> <span class='ocrx_word' id='word_1_314' title='bbox 1033 4037 1270 4090; x_wconf 88' lang='lat' dir='ltr'>auditor</span> <span class='ocrx_word' id='word_1_315' title='bbox 1295 4033 1599 4088; x_wconf 90' lang='lat' dir='ltr'>meliorum</span> <span class='ocrx_word' id='word_1_316' title='bbox 1621 4033 1956 4088; x_wconf 87' lang='lat' dir='ltr'>narratione</span> <span class='ocrx_word' id='word_1_317' title='bbox 1988 4048 2075 4087; x_wconf 88' lang='lat' dir='ltr'>re-</span> 
     </span>
    </p>
   </div>
   <div class='ocr_carea' id='block_1_45' title="bbox 415 4124 2077 4196">
    <p class='ocr_par' dir='ltr' id='par_1_45' title="bbox 415 4124 2077 4196">
     <span class='ocr_line' id='line_1_45' title="bbox 415 4124 2077 4196; baseline -0.004 -14"><span class='ocrx_word' id='word_1_318' title='bbox 415 4133 663 4192; x_wconf 86' lang='lat' dir='ltr'>creetur,</span> <span class='ocrx_word' id='word_1_319' title='bbox 700 4127 912 4196; x_wconf 91' lang='lat' dir='ltr'>Deique</span> <span class='ocrx_word' id='word_1_320' title='bbox 962 4125 1282 4180; x_wconf 85' lang='lat' dir='ltr'>bonitatem</span> <span class='ocrx_word' id='word_1_321' title='bbox 1339 4128 1394 4177; x_wconf 92' lang='lat' dir='ltr'>et</span> <span class='ocrx_word' id='word_1_322' title='bbox 1447 4124 1706 4177; x_wconf 80' lang='lat' dir='ltr'>futurum</span> <span class='ocrx_word' id='word_1_323' title='bbox 1755 4124 1925 4176; x_wconf 85' lang='lat' dir='ltr'>tinem</span> <span class='ocrx_word' id='word_1_324' title='bbox 1974 4138 2077 4192; x_wconf 91' lang='lat' dir='ltr'>per</span> 
     </span>
    </p>
   </div>
   <div class='ocr_carea' id='block_1_46' title="bbox 414 4210 2072 4284">
    <p class='ocr_par' dir='ltr' id='par_1_46' title="bbox 414 4210 2072 4284">
     <span class='ocr_line' id='line_1_46' title="bbox 414 4210 2072 4284; baseline -0.004 -14"><span class='ocrx_word' id='word_1_325' title='bbox 414 4231 542 4270; x_wconf 88' lang='lat' dir='ltr'>eam</span> <span class='ocrx_word' id='word_1_326' title='bbox 578 4215 891 4270; x_wconf 83' lang='lat' dir='ltr'>fruendum</span> <span class='ocrx_word' id='word_1_327' title='bbox 923 4213 1222 4284; x_wconf 87' lang='lat' dir='ltr'>inspiciat,</span> <span class='ocrx_word' id='word_1_328' title='bbox 1255 4212 1324 4266; x_wconf 90' lang='lat' dir='ltr'>ad</span> <span class='ocrx_word' id='word_1_329' title='bbox 1370 4211 1792 4266; x_wconf 87' lang='lat' dir='ltr'>convertendos</span> <span class='ocrx_word' id='word_1_330' title='bbox 1826 4226 1932 4264; x_wconf 89' lang='lat' dir='ltr'>nos</span> <span class='ocrx_word' id='word_1_331' title='bbox 1966 4210 2072 4264; x_wconf 85' lang='lat' dir='ltr'>mi-</span> 
     </span>
    </p>
   </div>
   <div class='ocr_carea' id='block_1_47' title="bbox 415 4297 2073 4372">
    <p class='ocr_par' dir='ltr' id='par_1_47' title="bbox 415 4297 2073 4372">
     <span class='ocr_line' id='line_1_47' title="bbox 415 4297 2073 4372; baseline -0.001 -16"><span class='ocrx_word' id='word_1_332' title='bbox 415 4319 520 4357; x_wconf 87' lang='lat' dir='ltr'>nas</span> <span class='ocrx_word' id='word_1_333' title='bbox 551 4304 799 4356; x_wconf 89' lang='lat' dir='ltr'>resumit</span> <span class='ocrx_word' id='word_1_334' title='bbox 830 4307 886 4356; x_wconf 90' lang='lat' dir='ltr'>ct</span> <span class='ocrx_word' id='word_1_335' title='bbox 917 4300 1226 4372; x_wconf 88' lang='lat' dir='ltr'>supplicia.</span> <span class='ocrx_word' id='word_1_336' title='bbox 1258 4299 1595 4370; x_wconf 89' lang='lat' dir='ltr'>lndigemus</span> <span class='ocrx_word' id='word_1_337' title='bbox 1619 4298 1776 4352; x_wconf 89' lang='lat' dir='ltr'>enim</span> <span class='ocrx_word' id='word_1_338' title='bbox 1809 4297 2073 4370; x_wconf 89' lang='lat' dir='ltr'>pleriquo</span> 
     </span>
    </p>
   </div>
   <div class='ocr_carea' id='block_1_48' title="bbox 417 4386 2073 4459">
    <p class='ocr_par' dir='ltr' id='par_1_48' title="bbox 417 4386 2073 4459">
     <span class='ocr_line' id='line_1_48' title="bbox 417 4386 2073 4459; baseline -0.001 -15"><span class='ocrx_word' id='word_1_339' title='bbox 417 4390 758 4459; x_wconf 87' lang='lat' dir='ltr'>hujusmodi</span> <span class='ocrx_word' id='word_1_340' title='bbox 793 4389 1110 4456; x_wconf 85' lang='lat' dir='ltr'>terriculis,</span> <span class='ocrx_word' id='word_1_341' title='bbox 1145 4393 1210 4441; x_wconf 89' lang='lat' dir='ltr'>ut</span> <span class='ocrx_word' id='word_1_342' title='bbox 1241 4404 1311 4442; x_wconf 90' lang='lat' dir='ltr'>ne</span> <span class='ocrx_word' id='word_1_343' title='bbox 1341 4386 1559 4440; x_wconf 87' lang='lat' dir='ltr'>divitiis</span> <span class='ocrx_word' id='word_1_344' title='bbox 1593 4387 1870 4442; x_wconf 82' lang='lat' dir='ltr'>bonitatis</span> <span class='ocrx_word' id='word_1_345' title='bbox 1903 4391 1958 4441; x_wconf 92' lang='lat' dir='ltr'>et</span> <span class='ocrx_word' id='word_1_346' title='bbox 1987 4393 2073 4442; x_wconf 91' lang='lat' dir='ltr'>to-</span> 
     </span>
    </p>
   </div>
   <div class='ocr_carea' id='block_1_49' title="bbox 417 4473 2071 4547">
    <p class='ocr_par' dir='ltr' id='par_1_49' title="bbox 417 4473 2071 4547">
     <span class='ocr_line' id='line_1_49' title="bbox 417 4473 2071 4547; baseline -0.002 -14"><span class='ocrx_word' id='word_1_347' title='bbox 417 4478 672 4533; x_wconf 73' lang='lat' dir='ltr'>lerantiaa</span> <span class='ocrx_word' id='word_1_348' title='bbox 704 4477 1077 4547; x_wconf 87' lang='lat' dir='ltr'>contemptis,</span> <span class='ocrx_word' id='word_1_349' title='bbox 1103 4477 1276 4546; x_wconf 82' lang='lat' dir='ltr'>juxta</span> <span class='ocrx_word' id='word_1_350' title='bbox 1308 4480 1568 4529; x_wconf 88' lang='lat' dir='ltr'>nostram</span> <span class='ocrx_word' id='word_1_351' title='bbox 1618 4473 1881 4545; x_wconf 90' lang='lat' dir='ltr'>ipsorum</span> <span class='ocrx_word' id='word_1_352' title='bbox 1912 4477 2071 4530; x_wconf 89' lang='lat' dir='ltr'>duri-</span> 
     </span>
    </p>
   </div>
   <div class='ocr_carea' id='block_1_50' title="bbox 415 4563 2072 4635">
    <p class='ocr_par' dir='ltr' id='par_1_50' title="bbox 415 4563 2072 4635">
     <span class='ocr_line' id='line_1_50' title="bbox 415 4563 2072 4635; baseline -0.001 -15"><span class='ocrx_word' id='word_1_353' title='bbox 415 4567 560 4621; x_wconf 89' lang='lat' dir='ltr'>tiam</span> <span class='ocrx_word' id='word_1_354' title='bbox 590 4570 647 4620; x_wconf 93' lang='lat' dir='ltr'>et</span> <span class='ocrx_word' id='word_1_355' title='bbox 677 4582 776 4620; x_wconf 91' lang='lat' dir='ltr'>cor</span> <span class='ocrx_word' id='word_1_356' title='bbox 806 4566 1084 4635; x_wconf 75' lang='lat' dir='ltr'>pmnitere</span> <span class='ocrx_word' id='word_1_357' title='bbox 1137 4564 1422 4629; x_wconf 87' lang='lat' dir='ltr'>nescium,</span> <span class='ocrx_word' id='word_1_358' title='bbox 1474 4563 1820 4634; x_wconf 87' lang='lat' dir='ltr'>colligamus</span> <span class='ocrx_word' id='word_1_359' title='bbox 1870 4565 2072 4620; x_wconf 77' lang='lat' dir='ltr'>nobis—</span> 
     </span>
    </p>
   </div>
   <div class='ocr_carea' id='block_1_51' title="bbox 418 4652 2071 4726">
    <p class='ocr_par' dir='ltr' id='par_1_51' title="bbox 418 4652 2071 4726">
     <span class='ocr_line' id='line_1_51' title="bbox 418 4652 2071 4726; baseline -0.001 -16"><span class='ocrx_word' id='word_1_360' title='bbox 418 4655 682 4726; x_wconf 85' lang='lat' dir='ltr'>metipsis</span> <span class='ocrx_word' id='word_1_361' title='bbox 715 4655 884 4716; x_wconf 86' lang='lat' dir='ltr'>iram,</span> <span class='ocrx_word' id='word_1_362' title='bbox 919 4655 974 4708; x_wconf 92' lang='lat' dir='ltr'>in</span> <span class='ocrx_word' id='word_1_363' title='bbox 1011 4654 1104 4708; x_wconf 86' lang='lat' dir='ltr'>die</span> <span class='ocrx_word' id='word_1_364' title='bbox 1134 4653 1232 4706; x_wconf 62' lang='lat' dir='ltr'>irae</span> <span class='ocrx_word' id='word_1_365' title='bbox 1277 4657 1333 4708; x_wconf 87' lang='lat' dir='ltr'>et</span> <span class='ocrx_word' id='word_1_366' title='bbox 1380 4652 1771 4719; x_wconf 88' lang='lat' dir='ltr'>revelationis,</span> <span class='ocrx_word' id='word_1_367' title='bbox 1827 4659 1883 4709; x_wconf 89' lang='lat' dir='ltr'>et</span> <span class='ocrx_word' id='word_1_368' title='bbox 1929 4654 2071 4724; x_wconf 83' lang='lat' dir='ltr'>justi</span> 
     </span>
    </p>
   </div>
   <div class='ocr_carea' id='block_1_52' title="bbox 406 4741 2069 4813">
    <p class='ocr_par' dir='ltr' id='par_1_52' title="bbox 406 4741 2069 4813">
     <span class='ocr_line' id='line_1_52' title="bbox 406 4741 2069 4813; baseline 0.001 -15"><span class='ocrx_word' id='word_1_369' title='bbox 406 4742 619 4813; x_wconf 88' lang='lat' dir='ltr'>judicii</span> <span class='ocrx_word' id='word_1_370' title='bbox 649 4743 749 4798; x_wconf 89' lang='lat' dir='ltr'>Dei</span> <span class='ocrx_word' id='word_1_371' title='bbox 791 4743 855 4797; x_wconf 64' lang='lat'>9°.</span> <span class='ocrx_word' id='word_1_372' title='bbox 889 4743 1034 4797; x_wconf 81' lang='lat' dir='ltr'>Nam</span> <span class='ocrx_word' id='word_1_373' title='bbox 1081 4742 1302 4812; x_wconf 88' lang='lat' dir='ltr'>aliquid</span> <span class='ocrx_word' id='word_1_374' title='bbox 1346 4741 1463 4797; x_wconf 91' lang='lat' dir='ltr'>tale</span> <span class='ocrx_word' id='word_1_375' title='bbox 1512 4741 1846 4797; x_wconf 86' lang='lat' dir='ltr'>invenimus</span> <span class='ocrx_word' id='word_1_376' title='bbox 1893 4743 2069 4799; x_wconf 87' lang='lat' dir='ltr'>etiam</span> 
     </span>
    </p>
   </div>
   <div class='ocr_carea' id='block_1_53' title="bbox 484 4883 1490 4957">
    <p class='ocr_par' dir='ltr' id='par_1_53' title="bbox 484 4883 1490 4957">
     <span class='ocr_line' id='line_1_53' title="bbox 484 4883 1490 4957; baseline -0.003 -15"><span class='ocrx_word' id='word_1_377' title='bbox 484 4885 576 4942; x_wconf 85' lang='grc' dir='ltr'>²⁸Ι</span> <span class='ocrx_word' id='word_1_378' title='bbox 607 4883 734 4941; x_wconf 86' lang='lat' dir='ltr'>Cor.</span> <span class='ocrx_word' id='word_1_379' title='bbox 767 4902 858 4957; x_wconf 87' lang='lat' dir='ltr'>xv,</span> <span class='ocrx_word' id='word_1_380' title='bbox 890 4885 980 4941; x_wconf 86' lang='lat'>25.</span> <span class='ocrx_word' id='word_1_381' title='bbox 1059 4885 1103 4920; x_wconf 70' lang='lat'>&#39;9</span> <span class='ocrx_word' id='word_1_382' title='bbox 1137 4884 1304 4941; x_wconf 87' lang='lat' dir='ltr'>Rom.</span> <span class='ocrx_word' id='word_1_383' title='bbox 1340 4901 1402 4953; x_wconf 80' lang='grc' dir='ltr'>ιι,</span> <span class='ocrx_word' id='word_1_384' title='bbox 1439 4886 1490 4939; x_wconf 84' lang='grc'><strong>4.</strong></span> 
     </span>
    </p>
   </div>
   <div class='ocr_carea' id='block_1_54' title="bbox 483 5022 2060 5118">
    <p class='ocr_par' dir='ltr' id='par_1_54' title="bbox 483 5022 2060 5118">
     <span class='ocr_line' id='line_1_54' title="bbox 483 5022 2060 5118; baseline 0.001 -35"><span class='ocrx_word' id='word_1_385' title='bbox 483 5027 1208 5118; x_wconf 10' lang='lat' dir='ltr'>(7797),,Alntiq&#39;uirtreslibri,</span> <span class='ocrx_word' id='word_1_386' title='bbox 1237 5022 1334 5118; x_wconf 66' lang='grc' dir='ltr'>τοῦ</span> <span class='ocrx_word' id='word_1_387' title='bbox 1363 5030 1630 5118; x_wconf 54' lang='grc' dir='ltr'>πονηροῦζ</span> <span class='ocrx_word' id='word_1_388' title='bbox 1684 5027 1905 5118; x_wconf 64' lang='lat' dir='ltr'>Ibidem</span> <span class='ocrx_word' id='word_1_389' title='bbox 1966 5044 2060 5112; x_wconf 41' lang='lat' dir='ltr'>ref</span> 
     </span>
    </p>
   </div>
   <div class='ocr_carea' id='block_1_55' title="bbox 413 5096 2068 5173">
    <p class='ocr_par' dir='ltr' id='par_1_55' title="bbox 413 5096 2068 5173">
     <span class='ocr_line' id='line_1_55' title="bbox 413 5096 2068 5173; baseline 0.001 -18"><span class='ocrx_word' id='word_1_390' title='bbox 413 5096 634 5155; x_wconf 71' lang='lat' dir='ltr'>cehtibr</span> <span class='ocrx_word' id='word_1_391' title='bbox 656 5096 983 5157; x_wconf 69' lang='lat' dir='ltr'>Corﬁbeﬁsii</span> <span class='ocrx_word' id='word_1_392' title='bbox 1019 5096 1200 5156; x_wconf 62' lang='lat' dir='ltr'>codex</span> <span class='ocrx_word' id='word_1_393' title='bbox 1228 5106 1284 5155; x_wconf 90' lang='lat' dir='ltr'>et</span> <span class='ocrx_word' id='word_1_394' title='bbox 1313 5096 1563 5161; x_wconf 54' lang='lat' dir='ltr'>edilifbc:</span> <span class='ocrx_word' id='word_1_395' title='bbox 1607 5096 1915 5173; x_wconf 78' lang='grc' dir='ltr'>ἀπολεῖται,</span> <span class='ocrx_word' id='word_1_396' title='bbox 1973 5103 2068 5173; x_wconf 79' lang='lat' dir='ltr'>qui</span> 
     </span>
    </p>
   </div>
   <div class='ocr_carea' id='block_1_56' title="bbox 409 5171 2062 5295">
    <p class='ocr_par' dir='ltr' id='par_1_56' title="bbox 409 5171 2062 5295">
     <span class='ocr_line' id='line_1_56' title="bbox 409 5171 2062 5295; baseline -0.001 -68"><span class='ocrx_word' id='word_1_397' title='bbox 409 5173 630 5295; x_wconf 42' lang='lat' dir='ltr'>periti”.</span> <span class='ocrx_word' id='word_1_398' title='bbox 665 5173 822 5228; x_wconf 87' lang='lat' dir='ltr'>Alter</span> <span class='ocrx_word' id='word_1_399' title='bbox 851 5173 1180 5229; x_wconf 84' lang='lat' dir='ltr'>Combetisii</span> <span class='ocrx_word' id='word_1_400' title='bbox 1215 5173 1394 5228; x_wconf 82' lang='lat' dir='ltr'>codex</span> <span class='ocrx_word' id='word_1_401' title='bbox 1427 5189 1556 5226; x_wconf 88' lang='lat' dir='ltr'>cum</span> <span class='ocrx_word' id='word_1_402' title='bbox 1592 5171 1720 5227; x_wconf 84' lang='lat' dir='ltr'>aliis</span> <span class='ocrx_word' id='word_1_403' title='bbox 1755 5171 2062 5243; x_wconf 44' lang='lat' dir='ltr'>tribum—&#39;6;</span> 
     </span>
     <span class='ocr_line' id='line_1_57' title="bbox 417 5259 695 5295; baseline 0 0"><span class='ocrx_word' id='word_1_404' title='bbox 417 5259 540 5295; x_wconf 86' lang='grc' dir='ltr'>απω</span> <span class='ocrx_word' id='word_1_405' title='bbox 586 5263 695 5295; x_wconf 87' lang='grc' dir='ltr'>ετο.</span> 
     </span>
    </p>
   </div>
   <div class='ocr_carea' id='block_1_57' title="bbox 417 5263 695 5299">
    <p class='ocr_par' dir='ltr' id='par_1_57' title="bbox 417 5263 695 5299">
     <span class='ocr_line' id='line_1_58' title="bbox 417 5263 695 5299; baseline 0.011 -3"><span class='ocrx_word' id='word_1_406' title='bbox 417 5263 695 5299; x_wconf 82' lang='grc' dir='ltr'>απωΑετο.</span> 
     </span>
    </p>
   </div>
   <div class='ocr_carea' id='block_1_58' title="bbox 487 5313 2064 5387">
    <p class='ocr_par' dir='ltr' id='par_1_58' title="bbox 487 5313 2064 5387">
     <span class='ocr_line' id='line_1_59' title="bbox 487 5313 2064 5387; baseline -0.001 -18"><span class='ocrx_word' id='word_1_407' title='bbox 487 5316 598 5386; x_wconf 76' lang='lat'>(80)</span> <span class='ocrx_word' id='word_1_408' title='bbox 620 5317 722 5387; x_wconf 80' lang='lat' dir='ltr'>Sic</span> <span class='ocrx_word' id='word_1_409' title='bbox 755 5332 895 5371; x_wconf 86' lang='lat' dir='ltr'>mss.</span> <span class='ocrx_word' id='word_1_410' title='bbox 933 5315 1195 5387; x_wconf 66' lang='lat' dir='ltr'>plerique</span> <span class='ocrx_word' id='word_1_411' title='bbox 1243 5331 1448 5371; x_wconf 90' lang='lat' dir='ltr'>omnes</span> <span class='ocrx_word' id='word_1_412' title='bbox 1518 5315 1692 5382; x_wconf 89' lang='lat' dir='ltr'>Editi,</span> <span class='ocrx_word' id='word_1_413' title='bbox 1736 5313 2064 5387; x_wconf 63' lang='grc' dir='ltr'>Δὀρθωθήσε-</span> 
     </span>
    </p>
   </div>
   <div class='ocr_carea' id='block_1_59' title="bbox 417 5382 2058 5459">
    <p class='ocr_par' dir='ltr' id='par_1_59' title="bbox 417 5382 2058 5459">
     <span class='ocr_line' id='line_1_60' title="bbox 417 5382 2058 5459; baseline 0.003 -21"><span class='ocrx_word' id='word_1_414' title='bbox 417 5382 535 5448; x_wconf 73' lang='grc' dir='ltr'>σθαι</span> <span class='ocrx_word' id='word_1_415' title='bbox 567 5382 650 5441; x_wconf 68' lang='grc' dir='ltr'>τό.</span> <span class='ocrx_word' id='word_1_416' title='bbox 685 5389 848 5443; x_wconf 88' lang='lat' dir='ltr'>Haud</span> <span class='ocrx_word' id='word_1_417' title='bbox 886 5382 1054 5459; x_wconf 72' lang='lat' dir='ltr'>longe</span> <span class='ocrx_word' id='word_1_418' title='bbox 1083 5382 1220 5458; x_wconf 77' lang='lat' dir='ltr'>Reg.</span> <span class='ocrx_word' id='word_1_419' title='bbox 1255 5387 1571 5450; x_wconf 84' lang='lat' dir='ltr'>secundus,</span> <span class='ocrx_word' id='word_1_420' title='bbox 1626 5385 1758 5439; x_wconf 79' lang='grc' dir='ltr'>κατᾶ</span> <span class='ocrx_word' id='word_1_421' title='bbox 1784 5382 1846 5440; x_wconf 65' lang='grc' dir='ltr'>τὸ</span> <span class='ocrx_word' id='word_1_422' title='bbox 1880 5382 2058 5448; x_wconf 74' lang='grc' dir='ltr'>ἕλεος.</span> 
     </span>
    </p>
   </div>
   <div class='ocr_carea' id='block_1_60' title="bbox 414 5459 1633 5523">
    <p class='ocr_par' dir='ltr' id='par_1_60' title="bbox 414 5459 1633 5523">
     <span class='ocr_line' id='line_1_61' title="bbox 414 5459 1633 5523; baseline 0 -10"><span class='ocrx_word' id='word_1_423' title='bbox 414 5459 675 5513; x_wconf 88' lang='lat' dir='ltr'>Subinde</span> <span class='ocrx_word' id='word_1_424' title='bbox 709 5477 852 5515; x_wconf 81' lang='lat' dir='ltr'>mss.</span> <span class='ocrx_word' id='word_1_425' title='bbox 889 5459 1178 5523; x_wconf 87' lang='lat' dir='ltr'>nonnulli,</span> <span class='ocrx_word' id='word_1_426' title='bbox 1211 5462 1479 5521; x_wconf 85' lang='grc' dir='ltr'>καθιεῐται</span> <span class='ocrx_word' id='word_1_427' title='bbox 1520 5459 1633 5513; x_wconf 77' lang='grc' dir='ltr'>οὖν.</span> 
     </span>
    </p>
   </div>
   <div class='ocr_carea' id='block_1_61' title="bbox 486 5529 2062 5604">
    <p class='ocr_par' dir='ltr' id='par_1_61' title="bbox 486 5529 2062 5604">
     <span class='ocr_line' id='line_1_62' title="bbox 486 5529 2062 5604; baseline 0 -18"><span class='ocrx_word' id='word_1_428' title='bbox 486 5531 872 5604; x_wconf 60' lang='lat' dir='ltr'>(dl)_Antiqui</span> <span class='ocrx_word' id='word_1_429' title='bbox 905 5536 1022 5588; x_wconf 91' lang='lat' dir='ltr'>tres</span> <span class='ocrx_word' id='word_1_430' title='bbox 1064 5531 1218 5604; x_wconf 79' lang='lat' dir='ltr'>libri,</span> <span class='ocrx_word' id='word_1_431' title='bbox 1255 5529 1555 5588; x_wconf 80' lang='grc' dir='ltr'>Βασιλεύει.</span> <span class='ocrx_word' id='word_1_432' title='bbox 1580 5530 1895 5604; x_wconf 85' lang='lat' dir='ltr'>Aliquanto</span> <span class='ocrx_word' id='word_1_433' title='bbox 1931 5535 2062 5604; x_wconf 83' lang='lat' dir='ltr'>post</span> 
     </span>
    </p>
   </div>
   <div class='ocr_carea' id='block_1_62' title="bbox 411 5600 2061 5678">
    <p class='ocr_par' dir='ltr' id='par_1_62' title="bbox 411 5600 2061 5678">
     <span class='ocr_line' id='line_1_63' title="bbox 411 5600 2061 5678; baseline -0.002 -22"><span class='ocrx_word' id='word_1_434' title='bbox 411 5600 957 5677; x_wconf 26' lang='lat' dir='ltr'>editi,&#39;&amp;1tocpavsitat</span> <span class='ocrx_word' id='word_1_435' title='bbox 993 5601 1134 5677; x_wconf 80' lang='grc' dir='ltr'>περί.</span> <span class='ocrx_word' id='word_1_436' title='bbox 1168 5606 1240 5659; x_wconf 82' lang='lat' dir='ltr'>At</span> <span class='ocrx_word' id='word_1_437' title='bbox 1288 5605 1546 5676; x_wconf 88' lang='lat' dir='ltr'>quinque</span> <span class='ocrx_word' id='word_1_438' title='bbox 1597 5600 1764 5672; x_wconf 60' lang='lat' dir='ltr'>mss,</span> <span class='ocrx_word' id='word_1_439' title='bbox 1826 5600 2061 5678; x_wconf 79' lang='grc' dir='ltr'>ἀποφαί-</span> 
     </span>
    </p>
   </div>
   <div class='ocr_carea' id='block_1_63' title="bbox 408 5691 579 5728">
    <p class='ocr_par' dir='ltr' id='par_1_63' title="bbox 408 5691 579 5728">
     <span class='ocr_line' id='line_1_64' title="bbox 408 5691 579 5728; baseline 0.012 -3"><span class='ocrx_word' id='word_1_440' title='bbox 408 5691 579 5728; x_wconf 85' lang='grc' dir='ltr'>νεται.</span> 
     </span>
    </p>
   </div>
   <div class='ocr_carea' id='block_1_64' title="bbox 536 5901 772 6112">
    <p class='ocr_par' dir='ltr' id='par_1_64' title="bbox 536 5901 772 6112">
     <span class='ocr_line' id='line_1_65' title="bbox 536 5901 772 6112; baseline 0 0"><span class='ocrx_word' id='word_1_441' title='bbox 536 5901 772 6112; x_wconf 51' lang='grc' dir='ltr'>ι</span> 
     </span>
    </p>
   </div>
   <div class='ocr_carea' id='block_1_65' title="bbox 352 5745 434 5791">
    <p class='ocr_par' dir='ltr' id='par_1_65' title="bbox 352 5745 434 5791">
     <span class='ocr_line' id='line_1_66' title="bbox 352 5745 434 5791; baseline 0 0"><span class='ocrx_word' id='word_1_442' title='bbox 352 5745 434 5791; x_wconf 56' lang='grc' dir='ltr'>Ἧι</span> 
     </span>
    </p>
   </div>
   <div class='ocr_carea' id='block_1_66' title="bbox 2895 481 3833 562">
    <p class='ocr_par' dir='ltr' id='par_1_66' title="bbox 2895 481 3833 562">
     <span class='ocr_line' id='line_1_67' title="bbox 2895 481 3833 562; baseline 0.003 -26"><span class='ocrx_word' id='word_1_443' title='bbox 2895 481 3303 557; x_wconf 77' lang='grc' dir='ltr'>Παροικήσουσί</span> <span class='ocrx_word' id='word_1_444' title='bbox 3413 503 3496 538; x_wconf 82' lang='grc' dir='ltr'>σοι</span> <span class='ocrx_word' id='word_1_445' title='bbox 3609 482 3833 562; x_wconf 65' lang='grc' dir='ltr'>φυγάδες</span> 
     </span>
    </p>
   </div>
   <div class='ocr_carea' id='block_1_67' title="bbox 2198 565 3832 646">
    <p class='ocr_par' dir='ltr' id='par_1_67' title="bbox 2198 565 3832 646">
     <span class='ocr_line' id='line_1_68' title="bbox 2198 565 3832 646; baseline 0 -20"><span class='ocrx_word' id='word_1_446' title='bbox 2198 565 2388 626; x_wconf 78' lang='grc' dir='ltr'>Μωάϐ.</span> <span class='ocrx_word' id='word_1_447' title='bbox 2448 569 2547 624; x_wconf 84' lang='grc' dir='ltr'>Καὶ</span> <span class='ocrx_word' id='word_1_448' title='bbox 2599 571 3058 640; x_wconf 75' lang='grc' dir='ltr'>σκεπασθήσονται</span> <span class='ocrx_word' id='word_1_449' title='bbox 3109 571 3287 640; x_wconf 80' lang='grc' dir='ltr'>οὗτοι,</span> <span class='ocrx_word' id='word_1_450' title='bbox 3347 571 3502 646; x_wconf 83' lang='grc' dir='ltr'>φησὶ,</span> <span class='ocrx_word' id='word_1_451' title='bbox 3534 573 3661 646; x_wconf 87' lang='grc' dir='ltr'>παρ’</span> <span class='ocrx_word' id='word_1_452' title='bbox 3692 574 3832 645; x_wconf 83' lang='grc' dir='ltr'>ὑμῖν,</span> 
     </span>
    </p>
   </div>
   <div class='ocr_carea' id='block_1_68' title="bbox 2200 657 3832 738">
    <p class='ocr_par' dir='ltr' id='par_1_68' title="bbox 2200 657 3832 738">
     <span class='ocr_line' id='line_1_69' title="bbox 2200 657 3832 738; baseline 0.001 -24"><span class='ocrx_word' id='word_1_453' title='bbox 2200 657 2368 732; x_wconf 67' lang='grc' dir='ltr'>μηδὲν</span> <span class='ocrx_word' id='word_1_454' title='bbox 2399 659 2715 732; x_wconf 71' lang='grc' dir='ltr'>πεισόμενοι</span> <span class='ocrx_word' id='word_1_455' title='bbox 2747 659 2854 714; x_wconf 84' lang='grc' dir='ltr'>ἀπὸ</span> <span class='ocrx_word' id='word_1_456' title='bbox 2897 661 3196 735; x_wconf 82' lang='grc' dir='ltr'>προσώπου</span> <span class='ocrx_word' id='word_1_457' title='bbox 3252 657 3566 724; x_wconf 87' lang='grc' dir='ltr'>διώκοντος.</span> <span class='ocrx_word' id='word_1_458' title='bbox 3619 663 3686 718; x_wconf 75' lang='grc' dir='ltr'><strong>Οἱ</strong></span> <span class='ocrx_word' id='word_1_459' title='bbox 3742 661 3832 738; x_wconf 84' lang='grc' dir='ltr'>γάρ</span> 
     </span>
    </p>
   </div>
   <div class='ocr_carea' id='block_1_69' title="bbox 2195 745 3834 825">
    <p class='ocr_par' dir='ltr' id='par_1_69' title="bbox 2195 745 3834 825">
     <span class='ocr_line' id='line_1_70' title="bbox 2195 745 3834 825; baseline 0.002 -23"><span class='ocrx_word' id='word_1_460' title='bbox 2195 769 2326 802; x_wconf 89' lang='grc' dir='ltr'>ποτε</span> <span class='ocrx_word' id='word_1_461' title='bbox 2356 753 2795 823; x_wconf 77' lang='grc' dir='ltr'>συμμαχοῦντες,</span> <span class='ocrx_word' id='word_1_462' title='bbox 2829 749 2978 802; x_wconf 72' lang='grc' dir='ltr'>οὗτοι</span> <span class='ocrx_word' id='word_1_463' title='bbox 3007 745 3232 803; x_wconf 87' lang='grc' dir='ltr'>διῶκται</span> <span class='ocrx_word' id='word_1_464' title='bbox 3278 752 3617 825; x_wconf 75' lang='grc' dir='ltr'>γενήσονται,</span> <span class='ocrx_word' id='word_1_465' title='bbox 3672 750 3834 806; x_wconf 84' lang='grc' dir='ltr'>πολε-</span> 
     </span>
    </p>
   </div>
   <div class='ocr_carea' id='block_1_70' title="bbox 2201 835 3833 910">
    <p class='ocr_par' dir='ltr' id='par_1_70' title="bbox 2201 835 3833 910">
     <span class='ocr_line' id='line_1_71' title="bbox 2201 835 3833 910; baseline 0.002 -21"><span class='ocrx_word' id='word_1_466' title='bbox 2201 841 2423 910; x_wconf 83' lang='grc' dir='ltr'>μοῦντες</span> <span class='ocrx_word' id='word_1_467' title='bbox 2454 837 2622 908; x_wconf 75' lang='grc' dir='ltr'>αὐτῷ,</span> <span class='ocrx_word' id='word_1_468' title='bbox 2656 835 2746 890; x_wconf 80' lang='grc' dir='ltr'>διὰ</span> <span class='ocrx_word' id='word_1_469' title='bbox 2773 839 2873 905; x_wconf 78' lang='grc' dir='ltr'>τὴν</span> <span class='ocrx_word' id='word_1_470' title='bbox 2910 838 3047 909; x_wconf 86' lang='grc' dir='ltr'>πρὸς</span> <span class='ocrx_word' id='word_1_471' title='bbox 3095 837 3185 891; x_wconf 86' lang='grc' dir='ltr'>τὸν</span> <span class='ocrx_word' id='word_1_472' title='bbox 3239 836 3498 908; x_wconf 85' lang='grc' dir='ltr'>ἀληθινὸν</span> <span class='ocrx_word' id='word_1_473' title='bbox 3548 840 3673 894; x_wconf 83' lang='grc' dir='ltr'>Θεὸν</span> <span class='ocrx_word' id='word_1_474' title='bbox 3725 839 3833 893; x_wconf 69' lang='grc' dir='ltr'>ἐπι-</span> 
     </span>
    </p>
   </div>
   <div class='ocr_carea' id='block_1_71' title="bbox 2197 925 3835 1003">
    <p class='ocr_par' dir='ltr' id='par_1_71' title="bbox 2197 925 3835 1003">
     <span class='ocr_line' id='line_1_72' title="bbox 2197 925 3835 1003; baseline 0.002 -23"><span class='ocrx_word' id='word_1_475' title='bbox 2197 927 2458 1003; x_wconf 69' lang='grc' dir='ltr'>στροφήν.</span> <span class='ocrx_word' id='word_1_476' title='bbox 2514 926 2662 982; x_wconf 84' lang='grc' dir='ltr'>Ἐπεὶ</span> <span class='ocrx_word' id='word_1_477' title='bbox 2712 927 2802 980; x_wconf 79' lang='grc' dir='ltr'>οὖν</span> <span class='ocrx_word' id='word_1_478' title='bbox 2855 925 3099 1002; x_wconf 67' lang='grc' dir='ltr'>ἐγένοντο</span> <span class='ocrx_word' id='word_1_479' title='bbox 3154 928 3229 989; x_wconf 84' lang='grc' dir='ltr'>ὡς</span> <span class='ocrx_word' id='word_1_480' title='bbox 3273 931 3515 982; x_wconf 78' lang='grc' dir='ltr'>πετεινοῦ</span> <span class='ocrx_word' id='word_1_481' title='bbox 3543 929 3835 1001; x_wconf 83' lang='grc' dir='ltr'>ἀνιπταμέ-</span> 
     </span>
    </p>
   </div>
   <div class='ocr_carea' id='block_1_72' title="bbox 2196 1014 3837 1091">
    <p class='ocr_par' dir='ltr' id='par_1_72' title="bbox 2196 1014 3837 1091">
     <span class='ocr_line' id='line_1_73' title="bbox 2196 1014 3837 1091; baseline 0.001 -22"><span class='ocrx_word' id='word_1_482' title='bbox 2196 1035 2288 1069; x_wconf 91' lang='grc' dir='ltr'>νου</span> <span class='ocrx_word' id='word_1_483' title='bbox 2344 1015 2560 1076; x_wconf 88' lang='grc' dir='ltr'>νεοσσὸς</span> <span class='ocrx_word' id='word_1_484' title='bbox 2631 1014 3005 1091; x_wconf 72' lang='grc' dir='ltr'>ἀφῃρημένος,</span> <span class='ocrx_word' id='word_1_485' title='bbox 3077 1015 3221 1087; x_wconf 74' lang='grc' dir='ltr'>ἤρθη</span> <span class='ocrx_word' id='word_1_486' title='bbox 3299 1016 3394 1089; x_wconf 79' lang='grc' dir='ltr'>μὶν</span> <span class='ocrx_word' id='word_1_487' title='bbox 3445 1022 3547 1086; x_wconf 83' lang='grc' dir='ltr'>τῆς</span> <span class='ocrx_word' id='word_1_488' title='bbox 3600 1022 3837 1091; x_wconf 75' lang='grc' dir='ltr'>πονηρᾶς</span> 
     </span>
    </p>
   </div>
   <div class='ocr_carea' id='block_1_73' title="bbox 2197 1102 3840 1180">
    <p class='ocr_par' dir='ltr' id='par_1_73' title="bbox 2197 1102 3840 1180">
     <span class='ocr_line' id='line_1_74' title="bbox 2197 1102 3840 1180; baseline 0.002 -23"><span class='ocrx_word' id='word_1_489' title='bbox 2197 1102 2548 1176; x_wconf 76' lang='grc' dir='ltr'>προστασίας,</span> <span class='ocrx_word' id='word_1_490' title='bbox 2571 1102 2659 1157; x_wconf 79' lang='grc' dir='ltr'>καί</span> <span class='ocrx_word' id='word_1_491' title='bbox 2717 1108 2813 1158; x_wconf 90' lang='grc' dir='ltr'>τοῦ</span> <span class='ocrx_word' id='word_1_492' title='bbox 2849 1106 3140 1180; x_wconf 75' lang='grc' dir='ltr'>μοχθηροῦ</span> <span class='ocrx_word' id='word_1_493' title='bbox 3167 1107 3275 1178; x_wconf 85' lang='grc'>(79)</span> <span class='ocrx_word' id='word_1_494' title='bbox 3309 1102 3575 1180; x_wconf 77' lang='grc' dir='ltr'>ἄρχοντος</span> <span class='ocrx_word' id='word_1_495' title='bbox 3623 1104 3840 1174; x_wconf 76' lang='grc' dir='ltr'>ἠλευθε-</span> 
     </span>
    </p>
   </div>
   <div class='ocr_carea' id='block_1_74' title="bbox 2199 1191 3838 1271">
    <p class='ocr_par' dir='ltr' id='par_1_74' title="bbox 2199 1191 3838 1271">
     <span class='ocr_line' id='line_1_75' title="bbox 2199 1191 3838 1271; baseline 0.002 -25"><span class='ocrx_word' id='word_1_496' title='bbox 2199 1194 2372 1266; x_wconf 83' lang='grc' dir='ltr'>ρώθη,</span> <span class='ocrx_word' id='word_1_497' title='bbox 2433 1194 2491 1254; x_wconf 79' lang='grc' dir='ltr'>ὃς</span> <span class='ocrx_word' id='word_1_498' title='bbox 2549 1191 2802 1248; x_wconf 77' lang='grc' dir='ltr'>ἀπώλετο</span> <span class='ocrx_word' id='word_1_499' title='bbox 2864 1191 2934 1247; x_wconf 86' lang='grc' dir='ltr'>δι’</span> <span class='ocrx_word' id='word_1_500' title='bbox 2997 1193 3365 1271; x_wconf 74' lang='grc' dir='ltr'>ὑπερηφανίαν</span> <span class='ocrx_word' id='word_1_501' title='bbox 3412 1194 3502 1248; x_wconf 75' lang='grc' dir='ltr'>καὶ</span> <span class='ocrx_word' id='word_1_502' title='bbox 3558 1193 3838 1268; x_wconf 80' lang='grc' dir='ltr'>τυραννίδα</span> 
     </span>
    </p>
   </div>
   <div class='ocr_carea' id='block_1_75' title="bbox 2197 1280 3840 1361">
    <p class='ocr_par' dir='ltr' id='par_1_75' title="bbox 2197 1280 3840 1361">
     <span class='ocr_line' id='line_1_76' title="bbox 2197 1280 3840 1361; baseline 0.002 -25"><span class='ocrx_word' id='word_1_503' title='bbox 2197 1286 2379 1336; x_wconf 89' lang='grc' dir='ltr'>πατῶν</span> <span class='ocrx_word' id='word_1_504' title='bbox 2439 1280 2658 1343; x_wconf 85' lang='grc' dir='ltr'>πάντας’</span> <span class='ocrx_word' id='word_1_505' title='bbox 2718 1281 2799 1359; x_wconf 71' lang='grc' dir='ltr'>ἐφ’</span> <span class='ocrx_word' id='word_1_506' title='bbox 2854 1283 2899 1353; x_wconf 84' lang='grc' dir='ltr'>ᾧ</span> <span class='ocrx_word' id='word_1_507' title='bbox 2956 1282 3167 1358; x_wconf 76' lang='grc' dir='ltr'>ἀρθὲντι</span> <span class='ocrx_word' id='word_1_508' title='bbox 3227 1282 3410 1359; x_wconf 75' lang='grc' dir='ltr'>ἐπάγει</span> <span class='ocrx_word' id='word_1_509' title='bbox 3449 1285 3484 1353; x_wconf 83' lang='grc' dir='ltr'>ἠ</span> <span class='ocrx_word' id='word_1_510' title='bbox 3541 1284 3840 1361; x_wconf 76' lang='grc' dir='ltr'>προφητεία</span> 
     </span>
    </p>
   </div>
   <div class='ocr_carea' id='block_1_76' title="bbox 2196 1369 3836 1449">
    <p class='ocr_par' dir='ltr' id='par_1_76' title="bbox 2196 1369 3836 1449">
     <span class='ocr_line' id='line_1_77' title="bbox 2196 1369 3836 1449; baseline 0.002 -25"><span class='ocrx_word' id='word_1_511' title='bbox 2196 1371 2262 1424; x_wconf 78' lang='grc' dir='ltr'>τὰ</span> <span class='ocrx_word' id='word_1_512' title='bbox 2318 1369 2546 1442; x_wconf 86' lang='grc' dir='ltr'>ἐσόμενα</span> <span class='ocrx_word' id='word_1_513' title='bbox 2601 1370 2817 1445; x_wconf 86' lang='grc' dir='ltr'>ἀγαθά.</span> <span class='ocrx_word' id='word_1_514' title='bbox 2878 1371 2939 1428; x_wconf 90' lang='grc' dir='ltr'>Ὁ</span> <span class='ocrx_word' id='word_1_515' title='bbox 2997 1371 3188 1443; x_wconf 81' lang='grc' dir='ltr'>θρόνος</span> <span class='ocrx_word' id='word_1_516' title='bbox 3242 1373 3386 1446; x_wconf 78' lang='grc' dir='ltr'>γὰρ,</span> <span class='ocrx_word' id='word_1_517' title='bbox 3447 1371 3598 1449; x_wconf 76' lang='grc' dir='ltr'>φησὶ,</span> <span class='ocrx_word' id='word_1_518' title='bbox 3655 1372 3752 1427; x_wconf 85' lang='grc' dir='ltr'>καὶ</span> <span class='ocrx_word' id='word_1_519' title='bbox 3806 1375 3836 1442; x_wconf 75' lang='grc' dir='ltr'>ἡ</span> 
     </span>
    </p>
   </div>
   <div class='ocr_carea' id='block_1_77' title="bbox 2202 1454 3837 1534">
    <p class='ocr_par' dir='ltr' id='par_1_77' title="bbox 2202 1454 3837 1534">
     <span class='ocr_line' id='line_1_78' title="bbox 2202 1454 3837 1534; baseline 0.002 -22"><span class='ocrx_word' id='word_1_520' title='bbox 2202 1458 2449 1533; x_wconf 88' lang='grc' dir='ltr'>βασιλεία</span> <span class='ocrx_word' id='word_1_521' title='bbox 2506 1454 2672 1513; x_wconf 79' lang='grc' dir='ltr'>Δαϐὶδ</span> <span class='ocrx_word' id='word_1_522' title='bbox 2727 1461 3238 1534; x_wconf 79' lang='grc' dir='ltr'>κατορθωθήσεται.</span> <span class='ocrx_word' id='word_1_523' title='bbox 3295 1461 3439 1516; x_wconf 81' lang='grc' dir='ltr'>Ἐπεὶ</span> <span class='ocrx_word' id='word_1_524' title='bbox 3499 1459 3589 1514; x_wconf 82' lang='grc' dir='ltr'>οῦν</span> <span class='ocrx_word' id='word_1_525' title='bbox 3647 1461 3837 1523; x_wconf 82' lang='grc' dir='ltr'>πάντες</span> 
     </span>
    </p>
   </div>
   <div class='ocr_carea' id='block_1_78' title="bbox 2200 1546 3835 1624">
    <p class='ocr_par' dir='ltr' id='par_1_78' title="bbox 2200 1546 3835 1624">
     <span class='ocr_line' id='line_1_79' title="bbox 2200 1546 3835 1624; baseline 0.001 -24"><span class='ocrx_word' id='word_1_526' title='bbox 2200 1546 2686 1621; x_wconf 79' lang='grc' dir='ltr'>βασιλευθήσονται</span> <span class='ocrx_word' id='word_1_527' title='bbox 2722 1548 2822 1602; x_wconf 81' lang='grc' dir='ltr'>ὑπὸ</span> <span class='ocrx_word' id='word_1_528' title='bbox 2854 1553 2950 1602; x_wconf 87' lang='grc' dir='ltr'>τοῦ</span> <span class='ocrx_word' id='word_1_529' title='bbox 2991 1549 3226 1619; x_wconf 86' lang='grc' dir='ltr'>Χριστοῦ</span> <span class='ocrx_word' id='word_1_530' title='bbox 3255 1550 3390 1603; x_wconf 75' lang='grc' dir='ltr'>κατὰ</span> <span class='ocrx_word' id='word_1_531' title='bbox 3417 1549 3479 1603; x_wconf 86' lang='grc' dir='ltr'>τὸ</span> <span class='ocrx_word' id='word_1_532' title='bbox 3531 1549 3835 1624; x_wconf 67' lang='grc' dir='ltr'>εἰρημένον,</span> 
     </span>
    </p>
   </div>
   <div class='ocr_carea' id='block_1_79' title="bbox 2197 1633 3839 1714">
    <p class='ocr_par' dir='ltr' id='par_1_79' title="bbox 2197 1633 3839 1714">
     <span class='ocr_line' id='line_1_80' title="bbox 2197 1633 3839 1714; baseline 0.001 -24"><span class='ocrx_word' id='word_1_533' title='bbox 2197 1634 2279 1690; x_wconf 79' lang='grc' dir='ltr'>ὅτι</span> <span class='ocrx_word' id='word_1_534' title='bbox 2341 1641 2431 1690; x_wconf 86' lang='grc' dir='ltr'>Δεῖ</span> <span class='ocrx_word' id='word_1_535' title='bbox 2487 1637 2647 1691; x_wconf 83' lang='grc' dir='ltr'>αὑτὸν</span> <span class='ocrx_word' id='word_1_536' title='bbox 2713 1635 3015 1710; x_wconf 73' lang='grc' dir='ltr'>βασιλεύειν</span> <span class='ocrx_word' id='word_1_537' title='bbox 3077 1633 3180 1698; x_wconf 76' lang='grc' dir='ltr'>ἔως</span> <span class='ocrx_word' id='word_1_538' title='bbox 3239 1636 3297 1691; x_wconf 69' lang='grc' dir='ltr'>ἂν</span> <span class='ocrx_word' id='word_1_539' title='bbox 3358 1641 3426 1711; x_wconf 82' lang='grc' dir='ltr'>θῇ</span> <span class='ocrx_word' id='word_1_540' title='bbox 3455 1636 3582 1700; x_wconf 78' lang='grc' dir='ltr'>τοὺς</span> <span class='ocrx_word' id='word_1_541' title='bbox 3614 1637 3839 1714; x_wconf 75' lang='grc' dir='ltr'>ἐχθροὺς</span> 
     </span>
    </p>
   </div>
   <div class='ocr_carea' id='block_1_80' title="bbox 2201 1721 3839 1802">
    <p class='ocr_par' dir='ltr' id='par_1_80' title="bbox 2201 1721 3839 1802">
     <span class='ocr_line' id='line_1_81' title="bbox 2201 1721 3839 1802; baseline 0.001 -24"><span class='ocrx_word' id='word_1_542' title='bbox 2201 1724 2302 1778; x_wconf 84' lang='grc' dir='ltr'>ὑπὸ</span> <span class='ocrx_word' id='word_1_543' title='bbox 2331 1723 2460 1787; x_wconf 62' lang='grc' dir='ltr'>τούς</span> <span class='ocrx_word' id='word_1_544' title='bbox 2514 1721 2684 1786; x_wconf 80' lang='grc' dir='ltr'>πόδας</span> <span class='ocrx_word' id='word_1_545' title='bbox 2740 1724 2929 1793; x_wconf 76' lang='grc' dir='ltr'>αὐτοῦ,</span> <span class='ocrx_word' id='word_1_546' title='bbox 2987 1727 3080 1780; x_wconf 88' lang='grc' dir='ltr'>τὸν</span> <span class='ocrx_word' id='word_1_547' title='bbox 3137 1726 3325 1802; x_wconf 87' lang='grc' dir='ltr'>θρόνον</span> <span class='ocrx_word' id='word_1_548' title='bbox 3385 1725 3502 1781; x_wconf 85' lang='grc' dir='ltr'>εἶπε</span> <span class='ocrx_word' id='word_1_549' title='bbox 3531 1723 3839 1802; x_wconf 74' lang='grc' dir='ltr'>διορθωθή·</span> 
     </span>
    </p>
   </div>
   <div class='ocr_carea' id='block_1_81' title="bbox 2195 1811 3836 1891">
    <p class='ocr_par' dir='ltr' id='par_1_81' title="bbox 2195 1811 3836 1891">
     <span class='ocr_line' id='line_1_82' title="bbox 2195 1811 3836 1891; baseline 0.003 -25"><span class='ocrx_word' id='word_1_550' title='bbox 2195 1824 2400 1883; x_wconf 86' lang='grc' dir='ltr'>σεσθαι,</span> <span class='ocrx_word' id='word_1_551' title='bbox 2453 1817 2530 1885; x_wconf 83' lang='grc' dir='ltr'>τῷ</span> <span class='ocrx_word' id='word_1_552' title='bbox 2558 1816 2670 1887; x_wconf 87' lang='grc'>(80)</span> <span class='ocrx_word' id='word_1_553' title='bbox 2720 1811 3061 1889; x_wconf 76' lang='grc' dir='ltr'>διορθώσεως</span> <span class='ocrx_word' id='word_1_554' title='bbox 3100 1816 3387 1890; x_wconf 73' lang='grc' dir='ltr'>τυγχάνειν</span> <span class='ocrx_word' id='word_1_555' title='bbox 3431 1817 3501 1870; x_wconf 71' lang='grc' dir='ltr'>τὰ</span> <span class='ocrx_word' id='word_1_556' title='bbox 3553 1814 3836 1891; x_wconf 85' lang='grc' dir='ltr'>βασιλευό-</span> 
     </span>
    </p>
   </div>
   <div class='ocr_carea' id='block_1_82' title="bbox 2197 1903 3840 1978">
    <p class='ocr_par' dir='ltr' id='par_1_82' title="bbox 2197 1903 3840 1978">
     <span class='ocr_line' id='line_1_83' title="bbox 2197 1903 3840 1978; baseline 0.001 -21"><span class='ocrx_word' id='word_1_557' title='bbox 2197 1923 2350 1975; x_wconf 85' lang='grc' dir='ltr'>μενα,</span> <span class='ocrx_word' id='word_1_558' title='bbox 2404 1903 2536 1978; x_wconf 72' lang='grc' dir='ltr'>ὅπερ</span> <span class='ocrx_word' id='word_1_559' title='bbox 2595 1903 2800 1978; x_wconf 88' lang='grc' dir='ltr'>γίνεται</span> <span class='ocrx_word' id='word_1_560' title='bbox 2861 1903 2925 1958; x_wconf 81' lang='grc' dir='ltr'>οὐ</span> <span class='ocrx_word' id='word_1_561' title='bbox 2957 1904 3094 1958; x_wconf 83' lang='grc' dir='ltr'>κατά</span> <span class='ocrx_word' id='word_1_562' title='bbox 3137 1904 3236 1972; x_wconf 78' lang='grc' dir='ltr'>τὴν</span> <span class='ocrx_word' id='word_1_563' title='bbox 3289 1903 3433 1974; x_wconf 80' lang='grc' dir='ltr'>ἀξίαν</span> <span class='ocrx_word' id='word_1_564' title='bbox 3461 1909 3567 1959; x_wconf 86' lang='grc' dir='ltr'>τῶν</span> <span class='ocrx_word' id='word_1_565' title='bbox 3605 1903 3840 1977; x_wconf 81' lang='grc' dir='ltr'>μελλόν-</span> 
     </span>
    </p>
   </div>
   <div class='ocr_carea' id='block_1_83' title="bbox 2190 1989 3836 2070">
    <p class='ocr_par' dir='ltr' id='par_1_83' title="bbox 2190 1989 3836 2070">
     <span class='ocr_line' id='line_1_84' title="bbox 2190 1989 3836 2070; baseline 0.001 -26"><span class='ocrx_word' id='word_1_566' title='bbox 2190 2013 2296 2045; x_wconf 87' lang='grc' dir='ltr'>των</span> <span class='ocrx_word' id='word_1_567' title='bbox 2330 1989 2728 2067; x_wconf 80' lang='grc' dir='ltr'>βασιλεύεσθαι,</span> <span class='ocrx_word' id='word_1_568' title='bbox 2758 1991 2904 2048; x_wconf 75' lang='grc' dir='ltr'>ἀλλὰ</span> <span class='ocrx_word' id='word_1_569' title='bbox 2937 1994 3070 2047; x_wconf 82' lang='grc' dir='ltr'>κατὰ</span> <span class='ocrx_word' id='word_1_570' title='bbox 3099 1993 3186 2047; x_wconf 73' lang='grc' dir='ltr'>τὸν</span> <span class='ocrx_word' id='word_1_571' title='bbox 3223 1992 3374 2048; x_wconf 81' lang='grc' dir='ltr'>ἔλεον</span> <span class='ocrx_word' id='word_1_572' title='bbox 3404 1995 3494 2048; x_wconf 78' lang='grc' dir='ltr'>καὶ</span> <span class='ocrx_word' id='word_1_573' title='bbox 3541 1997 3638 2063; x_wconf 72' lang='grc' dir='ltr'>τήν</span> <span class='ocrx_word' id='word_1_574' title='bbox 3697 2015 3836 2070; x_wconf 64' lang='grc' dir='ltr'>χρη.</span> 
     </span>
    </p>
   </div>
   <div class='ocr_carea' id='block_1_84' title="bbox 2191 2079 3836 2160">
    <p class='ocr_par' dir='ltr' id='par_1_84' title="bbox 2191 2079 3836 2160">
     <span class='ocr_line' id='line_1_85' title="bbox 2191 2079 3836 2160; baseline 0.001 -25"><span class='ocrx_word' id='word_1_575' title='bbox 2191 2082 2426 2149; x_wconf 87' lang='grc' dir='ltr'>στότητα</span> <span class='ocrx_word' id='word_1_576' title='bbox 2453 2085 2550 2136; x_wconf 91' lang='grc' dir='ltr'>τοῦ</span> <span class='ocrx_word' id='word_1_577' title='bbox 2596 2087 2749 2138; x_wconf 86' lang='grc' dir='ltr'>Θεοῦ.</span> <span class='ocrx_word' id='word_1_578' title='bbox 2804 2079 3116 2145; x_wconf 82' lang='grc' dir='ltr'>Καθεδεῖται</span> <span class='ocrx_word' id='word_1_579' title='bbox 3175 2083 3288 2148; x_wconf 76' lang='grc' dir='ltr'>οὖν,</span> <span class='ocrx_word' id='word_1_580' title='bbox 3350 2084 3535 2160; x_wconf 79' lang='grc' dir='ltr'>φησὶν,</span> <span class='ocrx_word' id='word_1_581' title='bbox 3568 2085 3596 2138; x_wconf 85' lang='grc' dir='ltr'>ὁ</span> <span class='ocrx_word' id='word_1_582' title='bbox 3649 2079 3836 2137; x_wconf 75' lang='grc' dir='ltr'>Δαϐίδ³</span> 
     </span>
    </p>
   </div>
   <div class='ocr_carea' id='block_1_85' title="bbox 2188 2166 3840 2247">
    <p class='ocr_par' dir='ltr' id='par_1_85' title="bbox 2188 2166 3840 2247">
     <span class='ocr_line' id='line_1_86' title="bbox 2188 2166 3840 2247; baseline 0.003 -27"><span class='ocrx_word' id='word_1_583' title='bbox 2188 2166 2486 2235; x_wconf 73' lang='grc' dir='ltr'>τουτέστιν,</span> <span class='ocrx_word' id='word_1_584' title='bbox 2529 2169 2557 2222; x_wconf 83' lang='grc' dir='ltr'>ὁ</span> <span class='ocrx_word' id='word_1_585' title='bbox 2583 2169 2767 2231; x_wconf 73' lang='grc' dir='ltr'>ἱκανὸς</span> <span class='ocrx_word' id='word_1_586' title='bbox 2799 2170 2944 2244; x_wconf 77' lang='grc' dir='ltr'>χειρὶ</span> <span class='ocrx_word' id='word_1_587' title='bbox 2978 2170 3069 2224; x_wconf 84' lang='grc' dir='ltr'>καὶ</span> <span class='ocrx_word' id='word_1_588' title='bbox 3103 2166 3326 2242; x_wconf 83' lang='grc' dir='ltr'>δυνάμει</span> <span class='ocrx_word' id='word_1_589' title='bbox 3361 2171 3390 2224; x_wconf 79' lang='grc' dir='ltr'>ὁ</span> <span class='ocrx_word' id='word_1_590' title='bbox 3421 2172 3668 2247; x_wconf 79' lang='grc' dir='ltr'>Χριστὸς,</span> <span class='ocrx_word' id='word_1_591' title='bbox 3713 2171 3840 2244; x_wconf 83' lang='grc' dir='ltr'>μετᾶ</span> 
     </span>
    </p>
   </div>
   <div class='ocr_carea' id='block_1_86' title="bbox 2192 2254 3843 2336">
    <p class='ocr_par' dir='ltr' id='par_1_86' title="bbox 2192 2254 3843 2336">
     <span class='ocr_line' id='line_1_87' title="bbox 2192 2254 3843 2336; baseline 0.003 -26"><span class='ocrx_word' id='word_1_592' title='bbox 2192 2254 2470 2326; x_wconf 81' lang='grc' dir='ltr'>ἀληθείας.</span> <span class='ocrx_word' id='word_1_593' title='bbox 2519 2258 2618 2312; x_wconf 77' lang='grc' dir='ltr'>Καὶ</span> <span class='ocrx_word' id='word_1_594' title='bbox 2669 2257 2975 2333; x_wconf 66' lang='grc' dir='ltr'>βασιλεύσει</span> <span class='ocrx_word' id='word_1_595' title='bbox 3026 2259 3076 2311; x_wconf 68' lang='grc' dir='ltr'>ἐν</span> <span class='ocrx_word' id='word_1_596' title='bbox 3129 2263 3324 2332; x_wconf 82' lang='grc' dir='ltr'>σκηνῇ,</span> <span class='ocrx_word' id='word_1_597' title='bbox 3356 2257 3462 2322; x_wconf 62' lang='grc' dir='ltr'>ἕως</span> <span class='ocrx_word' id='word_1_598' title='bbox 3492 2263 3699 2332; x_wconf 72' lang='grc' dir='ltr'>ποιήση</span> <span class='ocrx_word' id='word_1_599' title='bbox 3735 2261 3843 2336; x_wconf 78' lang='grc' dir='ltr'>κρίο</span> 
     </span>
    </p>
   </div>
   <div class='ocr_carea' id='block_1_87' title="bbox 2187 2344 3840 2422">
    <p class='ocr_par' dir='ltr' id='par_1_87' title="bbox 2187 2344 3840 2422">
     <span class='ocr_line' id='line_1_88' title="bbox 2187 2344 3840 2422; baseline 0.004 -24"><span class='ocrx_word' id='word_1_600' title='bbox 2187 2367 2292 2399; x_wconf 87' lang='grc' dir='ltr'>νων</span> <span class='ocrx_word' id='word_1_601' title='bbox 2325 2346 2423 2414; x_wconf 79' lang='grc' dir='ltr'>ἰἠν</span> <span class='ocrx_word' id='word_1_602' title='bbox 2449 2344 2535 2400; x_wconf 69' lang='grc' dir='ltr'>ἰπὶ</span> <span class='ocrx_word' id='word_1_603' title='bbox 2569 2351 2697 2400; x_wconf 83' lang='grc' dir='ltr'>πᾶσι</span> <span class='ocrx_word' id='word_1_604' title='bbox 2749 2346 2949 2422; x_wconf 87' lang='grc' dir='ltr'>κρίσιν.</span> <span class='ocrx_word' id='word_1_605' title='bbox 3008 2348 3071 2403; x_wconf 87' lang='grc' dir='ltr'><em>Ἡ</em></span> <span class='ocrx_word' id='word_1_606' title='bbox 3121 2345 3180 2401; x_wconf 61' lang='grc' dir='ltr'>δὲ</span> <span class='ocrx_word' id='word_1_607' title='bbox 3229 2348 3361 2420; x_wconf 70' lang='grc' dir='ltr'>μετὰ</span> <span class='ocrx_word' id='word_1_608' title='bbox 3405 2346 3664 2417; x_wconf 78' lang='grc' dir='ltr'>ἀληθείας</span> <span class='ocrx_word' id='word_1_609' title='bbox 3718 2360 3840 2413; x_wconf 82' lang='grc' dir='ltr'>καθ-</span> 
     </span>
    </p>
   </div>
   <div class='ocr_carea' id='block_1_88' title="bbox 2187 2432 3829 2515">
    <p class='ocr_par' dir='ltr' id='par_1_88' title="bbox 2187 2432 3829 2515">
     <span class='ocr_line' id='line_1_89' title="bbox 2187 2432 3829 2515; baseline 0.003 -26"><span class='ocrx_word' id='word_1_610' title='bbox 2187 2432 2316 2510; x_wconf 78' lang='grc' dir='ltr'>έδρα</span> <span class='ocrx_word' id='word_1_611' title='bbox 2345 2433 2575 2491; x_wconf 88' lang='grc' dir='ltr'>δείκνυσι</span> <span class='ocrx_word' id='word_1_612' title='bbox 2630 2438 2721 2491; x_wconf 83' lang='grc' dir='ltr'>τὸν</span> <span class='ocrx_word' id='word_1_613' title='bbox 2781 2441 2877 2491; x_wconf 90' lang='grc' dir='ltr'>τοῦ</span> <span class='ocrx_word' id='word_1_614' title='bbox 2935 2434 3168 2510; x_wconf 73' lang='grc' dir='ltr'>ψεύδους</span> <span class='ocrx_word' id='word_1_615' title='bbox 3193 2438 3524 2515; x_wconf 77' lang='grc' dir='ltr'>ἀφανισμόν.</span> <span class='ocrx_word' id='word_1_616' title='bbox 3566 2437 3829 2496; x_wconf 78' lang='grc' dir='ltr'>Βασιλεύ-</span> 
     </span>
    </p>
   </div>
   <div class='ocr_carea' id='block_1_89' title="bbox 2187 2523 3836 2601">
    <p class='ocr_par' dir='ltr' id='par_1_89' title="bbox 2187 2523 3836 2601">
     <span class='ocr_line' id='line_1_90' title="bbox 2187 2523 3836 2601; baseline 0.003 -23"><span class='ocrx_word' id='word_1_617' title='bbox 2187 2545 2264 2579; x_wconf 87' lang='grc' dir='ltr'>σει</span> <span class='ocrx_word' id='word_1_618' title='bbox 2297 2526 2412 2595; x_wconf 86' lang='grc'>(81)</span> <span class='ocrx_word' id='word_1_619' title='bbox 2469 2523 2526 2580; x_wconf 75' lang='grc' dir='ltr'>δὲ</span> <span class='ocrx_word' id='word_1_620' title='bbox 2575 2523 2681 2590; x_wconf 75' lang='grc' dir='ltr'>ἕως</span> <span class='ocrx_word' id='word_1_621' title='bbox 2737 2527 2941 2599; x_wconf 75' lang='grc' dir='ltr'>ποιήσῃ</span> <span class='ocrx_word' id='word_1_622' title='bbox 2997 2527 3195 2601; x_wconf 88' lang='grc' dir='ltr'>κρίσιν.</span> <span class='ocrx_word' id='word_1_623' title='bbox 3248 2529 3322 2596; x_wconf 82' lang='grc' dir='ltr'>Τὴ</span> <span class='ocrx_word' id='word_1_624' title='bbox 3358 2527 3444 2581; x_wconf 72' lang='grc' dir='ltr'>ἐπὶ</span> <span class='ocrx_word' id='word_1_625' title='bbox 3481 2534 3642 2582; x_wconf 81' lang='grc' dir='ltr'>πᾶσιν</span> <span class='ocrx_word' id='word_1_626' title='bbox 3670 2527 3836 2583; x_wconf 77' lang='grc' dir='ltr'>αὐτοῦ</span> 
     </span>
    </p>
   </div>
   <div class='ocr_carea' id='block_1_90' title="bbox 2188 2609 3832 2691">
    <p class='ocr_par' dir='ltr' id='par_1_90' title="bbox 2188 2609 3832 2691">
     <span class='ocr_line' id='line_1_91' title="bbox 2188 2609 3832 2691; baseline 0.002 -25"><span class='ocrx_word' id='word_1_627' title='bbox 2188 2609 2582 2687; x_wconf 84' lang='grc' dir='ltr'>δικαιοκρισίαν</span> <span class='ocrx_word' id='word_1_628' title='bbox 2637 2613 2950 2685; x_wconf 77' lang='grc' dir='ltr'>παρίστησι,</span> <span class='ocrx_word' id='word_1_629' title='bbox 3005 2615 3124 2678; x_wconf 88' lang='grc' dir='ltr'>καθ’</span> <span class='ocrx_word' id='word_1_630' title='bbox 3177 2615 3261 2683; x_wconf 82' lang='grc' dir='ltr'>ἣν,</span> <span class='ocrx_word' id='word_1_631' title='bbox 3324 2615 3432 2690; x_wconf 80' lang='grc' dir='ltr'>οὐχ</span> <span class='ocrx_word' id='word_1_632' title='bbox 3485 2616 3559 2677; x_wconf 83' lang='grc' dir='ltr'>ὡς</span> <span class='ocrx_word' id='word_1_633' title='bbox 3618 2609 3832 2691; x_wconf 79' lang='grc' dir='ltr'>ἔτυχεν,</span> 
     </span>
    </p>
   </div>
   <div class='ocr_carea' id='block_1_91' title="bbox 2187 2699 3834 2779">
    <p class='ocr_par' dir='ltr' id='par_1_91' title="bbox 2187 2699 3834 2779">
     <span class='ocr_line' id='line_1_92' title="bbox 2187 2699 3834 2779; baseline 0.003 -25"><span class='ocrx_word' id='word_1_634' title='bbox 2187 2699 2538 2779; x_wconf 74' lang='grc' dir='ltr'>ἀποφαίνεται</span> <span class='ocrx_word' id='word_1_635' title='bbox 2600 2703 2720 2776; x_wconf 77' lang='grc' dir='ltr'>περὶ</span> <span class='ocrx_word' id='word_1_636' title='bbox 2785 2703 3031 2766; x_wconf 73' lang='grc' dir='ltr'>ἑκάστου,</span> <span class='ocrx_word' id='word_1_637' title='bbox 3064 2701 3191 2757; x_wconf 84' lang='grc' dir='ltr'>ἀλλ’</span> <span class='ocrx_word' id='word_1_638' title='bbox 3249 2702 3486 2774; x_wconf 77' lang='grc' dir='ltr'>ἐκζητῶν</span> <span class='ocrx_word' id='word_1_639' title='bbox 3517 2705 3579 2758; x_wconf 86' lang='grc' dir='ltr'>τὸ</span> <span class='ocrx_word' id='word_1_640' title='bbox 3629 2705 3834 2778; x_wconf 69' lang='grc' dir='ltr'>πρέπον</span> 
     </span>
    </p>
   </div>
   <div class='ocr_carea' id='block_1_92' title="bbox 2186 2791 3837 2869">
    <p class='ocr_par' dir='ltr' id='par_1_92' title="bbox 2186 2791 3837 2869">
     <span class='ocr_line' id='line_1_93' title="bbox 2186 2791 3837 2869; baseline 0.002 -25"><span class='ocrx_word' id='word_1_641' title='bbox 2186 2791 2273 2844; x_wconf 83' lang='grc' dir='ltr'>καὶ</span> <span class='ocrx_word' id='word_1_642' title='bbox 2304 2791 2366 2844; x_wconf 82' lang='grc' dir='ltr'>τὸ</span> <span class='ocrx_word' id='word_1_643' title='bbox 2399 2791 2660 2863; x_wconf 81' lang='grc' dir='ltr'>ἁρμόζον,</span> <span class='ocrx_word' id='word_1_644' title='bbox 2695 2791 2768 2852; x_wconf 87' lang='grc' dir='ltr'>ὡς</span> <span class='ocrx_word' id='word_1_645' title='bbox 2795 2791 2930 2867; x_wconf 88' lang='grc' dir='ltr'>πρὸς</span> <span class='ocrx_word' id='word_1_646' title='bbox 2957 2791 3118 2854; x_wconf 81' lang='grc' dir='ltr'>τὲΛος</span> <span class='ocrx_word' id='word_1_647' title='bbox 3150 2791 3346 2865; x_wconf 82' lang='grc' dir='ltr'>ἀγαθὸν</span> <span class='ocrx_word' id='word_1_648' title='bbox 3397 2793 3573 2869; x_wconf 68' lang='grc' dir='ltr'>φερειν</span> <span class='ocrx_word' id='word_1_649' title='bbox 3625 2793 3837 2865; x_wconf 63' lang='grc' dir='ltr'>ἑκάστῳ</span> 
     </span>
    </p>
   </div>
   <div class='ocr_carea' id='block_1_93' title="bbox 2185 2878 3840 2958">
    <p class='ocr_par' dir='ltr' id='par_1_93' title="bbox 2185 2878 3840 2958">
     <span class='ocr_line' id='line_1_94' title="bbox 2185 2878 3840 2958; baseline 0.001 -26"><span class='ocrx_word' id='word_1_650' title='bbox 2185 2878 2247 2932; x_wconf 88' lang='grc' dir='ltr'>τὸ</span> <span class='ocrx_word' id='word_1_651' title='bbox 2293 2884 2486 2954; x_wconf 86' lang='grc' dir='ltr'>κρῖμα,</span> <span class='ocrx_word' id='word_1_652' title='bbox 2542 2880 2897 2954; x_wconf 80' lang='grc' dir='ltr'>ἠπειγμὲνως</span> <span class='ocrx_word' id='word_1_653' title='bbox 2938 2878 3321 2935; x_wconf 81' lang='grc' dir='ltr'>κατασπεύδων</span> <span class='ocrx_word' id='word_1_654' title='bbox 3367 2881 3456 2935; x_wconf 89' lang='grc' dir='ltr'>καὶ</span> <span class='ocrx_word' id='word_1_655' title='bbox 3503 2882 3840 2958; x_wconf 80' lang='grc' dir='ltr'>κατεπείγων</span> 
     </span>
    </p>
   </div>
   <div class='ocr_carea' id='block_1_94' title="bbox 2184 2963 3841 3045">
    <p class='ocr_par' dir='ltr' id='par_1_94' title="bbox 2184 2963 3841 3045">
     <span class='ocr_line' id='line_1_95' title="bbox 2184 2963 3841 3045; baseline 0.002 -25"><span class='ocrx_word' id='word_1_656' title='bbox 2184 2966 2283 3034; x_wconf 79' lang='grc' dir='ltr'>τὴν</span> <span class='ocrx_word' id='word_1_657' title='bbox 2317 2963 2680 3036; x_wconf 81' lang='grc' dir='ltr'>δικαιοσύνην·</span> <span class='ocrx_word' id='word_1_658' title='bbox 2717 2968 2843 3043; x_wconf 78' lang='grc' dir='ltr'>οὐχὶ</span> <span class='ocrx_word' id='word_1_659' title='bbox 2877 2965 2932 3022; x_wconf 78' lang='grc' dir='ltr'>δὲ</span> <span class='ocrx_word' id='word_1_660' title='bbox 2963 2967 3253 3040; x_wconf 74' lang='grc' dir='ltr'>ἀνειμένως</span> <span class='ocrx_word' id='word_1_661' title='bbox 3284 2967 3415 3024; x_wconf 71' lang='grc' dir='ltr'>οὐδὲ</span> <span class='ocrx_word' id='word_1_662' title='bbox 3462 2967 3658 3045; x_wconf 81' lang='grc' dir='ltr'>βάδην,</span> <span class='ocrx_word' id='word_1_663' title='bbox 3693 2970 3841 3026; x_wconf 76' lang='grc' dir='ltr'>ἀλλὰ</span> 
     </span>
    </p>
   </div>
   <div class='ocr_carea' id='block_1_95' title="bbox 2185 3053 3186 3132">
    <p class='ocr_par' dir='ltr' id='par_1_95' title="bbox 2185 3053 3186 3132">
     <span class='ocr_line' id='line_1_96' title="bbox 2185 3053 3186 3132; baseline 0.006 -24"><span class='ocrx_word' id='word_1_664' title='bbox 2185 3054 2329 3130; x_wconf 80' lang='grc' dir='ltr'>πάσῃ</span> <span class='ocrx_word' id='word_1_665' title='bbox 2363 3053 2572 3130; x_wconf 76' lang='grc' dir='ltr'>σπουδῇ</span> <span class='ocrx_word' id='word_1_666' title='bbox 2605 3053 2965 3132; x_wconf 72' lang='grc' dir='ltr'>ἐργαζόμενος</span> <span class='ocrx_word' id='word_1_667' title='bbox 2997 3056 3186 3129; x_wconf 73' lang='grc' dir='ltr'>αὐτήν.</span> 
     </span>
    </p>
   </div>
   <div class='ocr_carea' id='block_1_96' title="bbox 2257 3317 3843 3398">
    <p class='ocr_par' dir='ltr' id='par_1_96' title="bbox 2257 3317 3843 3398">
     <span class='ocr_line' id='line_1_97' title="bbox 2257 3317 3843 3398; baseline 0.001 -23"><span class='ocrx_word' id='word_1_668' title='bbox 2257 3322 2381 3376; x_wconf 88' lang='grc'><strong>306.</strong></span> <span class='ocrx_word' id='word_1_669' title='bbox 2472 3320 2802 3395; x_wconf 74' lang='grc' dir='ltr'>Ἠκούσαμεν</span> <span class='ocrx_word' id='word_1_670' title='bbox 2885 3323 2985 3392; x_wconf 82' lang='grc' dir='ltr'>τήν</span> <span class='ocrx_word' id='word_1_671' title='bbox 3056 3317 3209 3398; x_wconf 74' lang='grc' dir='ltr'>ὓϐριν</span> <span class='ocrx_word' id='word_1_672' title='bbox 3297 3318 3494 3380; x_wconf 72' lang='grc' dir='ltr'>Μωάϐο</span> <span class='ocrx_word' id='word_1_673' title='bbox 3574 3323 3843 3398; x_wconf 76' lang='grc' dir='ltr'>ὗοριστῆς</span> 
     </span>
    </p>
   </div>
   <div class='ocr_carea' id='block_1_97' title="bbox 2189 3406 3844 3488">
    <p class='ocr_par' dir='ltr' id='par_1_97' title="bbox 2189 3406 3844 3488">
     <span class='ocr_line' id='line_1_98' title="bbox 2189 3406 3844 3488; baseline 0.002 -25"><span class='ocrx_word' id='word_1_674' title='bbox 2189 3406 2414 3486; x_wconf 79' lang='grc' dir='ltr'>σφόδρα·</span> <span class='ocrx_word' id='word_1_675' title='bbox 2498 3410 2596 3478; x_wconf 76' lang='grc' dir='ltr'>τὴν</span> <span class='ocrx_word' id='word_1_676' title='bbox 2678 3411 3044 3488; x_wconf 71' lang='grc' dir='ltr'>ὑπερηφανίαν</span> <span class='ocrx_word' id='word_1_677' title='bbox 3133 3411 3298 3467; x_wconf 77' lang='grc' dir='ltr'>αὐτοῦ</span> <span class='ocrx_word' id='word_1_678' title='bbox 3378 3411 3562 3485; x_wconf 75' lang='grc' dir='ltr'>ὲξῆρα,</span> <span class='ocrx_word' id='word_1_679' title='bbox 3620 3413 3717 3466; x_wconf 82' lang='grc' dir='ltr'>καὶ</span> <span class='ocrx_word' id='word_1_680' title='bbox 3808 3415 3844 3483; x_wconf 69' lang='grc' dir='ltr'>ἡ</span> 
     </span>
    </p>
   </div>
   <div class='ocr_carea' id='block_1_98' title="bbox 2190 3493 3844 3576">
    <p class='ocr_par' dir='ltr' id='par_1_98' title="bbox 2190 3493 3844 3576">
     <span class='ocr_line' id='line_1_99' title="bbox 2190 3493 3844 3576; baseline 0.004 -26"><span class='ocrx_word' id='word_1_681' title='bbox 2190 3493 2344 3572; x_wconf 75' lang='grc' dir='ltr'>ὕϐρις</span> <span class='ocrx_word' id='word_1_682' title='bbox 2403 3496 2566 3552; x_wconf 77' lang='grc' dir='ltr'>αὐτοῦ</span> <span class='ocrx_word' id='word_1_683' title='bbox 2618 3499 2705 3553; x_wconf 82' lang='grc' dir='ltr'>καὶ</span> <span class='ocrx_word' id='word_1_684' title='bbox 2766 3502 2800 3568; x_wconf 84' lang='grc' dir='ltr'>ἡ</span> <span class='ocrx_word' id='word_1_685' title='bbox 2859 3507 3021 3573; x_wconf 82' lang='grc' dir='ltr'>μῆνις</span> <span class='ocrx_word' id='word_1_686' title='bbox 3075 3504 3209 3569; x_wconf 85' lang='grc'>(82)·</span> <span class='ocrx_word' id='word_1_687' title='bbox 3268 3501 3379 3576; x_wconf 77' lang='grc' dir='ltr'>οὐχ</span> <span class='ocrx_word' id='word_1_688' title='bbox 3432 3499 3668 3570; x_wconf 74' lang='grc' dir='ltr'>οὕτωςὴ</span> <span class='ocrx_word' id='word_1_689' title='bbox 3713 3524 3844 3574; x_wconf 79' lang='grc' dir='ltr'>μαν-</span> 
     </span>
    </p>
   </div>
   <div class='ocr_carea' id='block_1_99' title="bbox 2187 3584 3843 3666">
    <p class='ocr_par' dir='ltr' id='par_1_99' title="bbox 2187 3584 3843 3666">
     <span class='ocr_line' id='line_1_100' title="bbox 2187 3584 3843 3666; baseline 0.002 -26"><span class='ocrx_word' id='word_1_690' title='bbox 2187 3586 2302 3640; x_wconf 84' lang='grc' dir='ltr'>τεία</span> <span class='ocrx_word' id='word_1_691' title='bbox 2354 3607 2470 3654; x_wconf 90' lang='grc' dir='ltr'>σου,</span> <span class='ocrx_word' id='word_1_692' title='bbox 2531 3587 2638 3663; x_wconf 82' lang='grc' dir='ltr'>οὐχ</span> <span class='ocrx_word' id='word_1_693' title='bbox 2696 3588 2889 3650; x_wconf 77' lang='grc' dir='ltr'>οὕτως.</span> <span class='ocrx_word' id='word_1_694' title='bbox 2952 3587 3238 3662; x_wconf 75' lang='grc' dir='ltr'>Ὀλολύεει</span> <span class='ocrx_word' id='word_1_695' title='bbox 3299 3584 3497 3646; x_wconf 77' lang='grc' dir='ltr'>Μωάϐ·</span> <span class='ocrx_word' id='word_1_696' title='bbox 3549 3588 3603 3643; x_wconf 81' lang='grc' dir='ltr'>ἐν</span> <span class='ocrx_word' id='word_1_697' title='bbox 3632 3591 3744 3666; x_wconf 68' lang='grc' dir='ltr'>γὰρ</span> <span class='ocrx_word' id='word_1_698' title='bbox 3776 3594 3843 3665; x_wconf 82' lang='grc' dir='ltr'>τῇ</span> 
     </span>
    </p>
   </div>
   <div class='ocr_carea' id='block_1_100' title="bbox 2190 3669 3849 3748">
    <p class='ocr_par' dir='ltr' id='par_1_100' title="bbox 2190 3669 3849 3748">
     <span class='ocr_line' id='line_1_101' title="bbox 2190 3669 3849 3748; baseline 0.002 -18"><span class='ocrx_word' id='word_1_699' title='bbox 2190 3669 2496 3730; x_wconf 72' lang='grc' dir='ltr'>Μωαϐίτιδι</span> <span class='ocrx_word' id='word_1_700' title='bbox 2581 3677 2774 3739; x_wconf 85' lang='grc' dir='ltr'>πάντες</span> <span class='ocrx_word' id='word_1_701' title='bbox 2851 3676 3227 3748; x_wconf 79' lang='grc' dir='ltr'>ὀλολύξουσι.</span> <span class='ocrx_word' id='word_1_702' title='bbox 3313 3680 3442 3740; x_wconf 82' lang='grc' dir='ltr'>Τοῖς</span> <span class='ocrx_word' id='word_1_703' title='bbox 3525 3685 3849 3734; x_wconf 80' lang='grc' dir='ltr'>κατοικοῦσι</span> 
     </span>
    </p>
   </div>
   <div class='ocr_carea' id='block_1_101' title="bbox 2191 3761 3849 3842">
    <p class='ocr_par' dir='ltr' id='par_1_101' title="bbox 2191 3761 3849 3842">
     <span class='ocr_line' id='line_1_102' title="bbox 2191 3761 3849 3842; baseline 0.002 -23"><span class='ocrx_word' id='word_1_704' title='bbox 2191 3761 2358 3819; x_wconf 74' lang='grc' dir='ltr'>Σεδὲκ</span> <span class='ocrx_word' id='word_1_705' title='bbox 2429 3761 2719 3838; x_wconf 72' lang='grc' dir='ltr'>μελέτησις</span> <span class='ocrx_word' id='word_1_706' title='bbox 2793 3766 2882 3820; x_wconf 82' lang='grc' dir='ltr'>καὶ</span> <span class='ocrx_word' id='word_1_707' title='bbox 2955 3765 3056 3822; x_wconf 80' lang='grc' dir='ltr'>οὐκ</span> <span class='ocrx_word' id='word_1_708' title='bbox 3138 3766 3467 3842; x_wconf 77' lang='grc' dir='ltr'>ἐντραπήσῃ.</span> <span class='ocrx_word' id='word_1_709' title='bbox 3532 3767 3606 3821; x_wconf 71' lang='grc' dir='ltr'>Τὰ</span> <span class='ocrx_word' id='word_1_710' title='bbox 3679 3767 3849 3823; x_wconf 79' lang='grc' dir='ltr'>πεδία</span> 
     </span>
    </p>
   </div>
   <div class='ocr_carea' id='block_1_102' title="bbox 2185 3850 3848 3932">
    <p class='ocr_par' dir='ltr' id='par_1_102' title="bbox 2185 3850 3848 3932">
     <span class='ocr_line' id='line_1_103' title="bbox 2185 3850 3848 3932; baseline 0.002 -23"><span class='ocrx_word' id='word_1_711' title='bbox 2185 3850 2418 3910; x_wconf 75' lang='grc' dir='ltr'>Ἐσεϐὼν</span> <span class='ocrx_word' id='word_1_712' title='bbox 2475 3855 2726 3924; x_wconf 80' lang='grc' dir='ltr'>πενθήσει</span> <span class='ocrx_word' id='word_1_713' title='bbox 2781 3857 2929 3926; x_wconf 90' lang='grc'>(83).</span> <span class='ocrx_word' id='word_1_714' title='bbox 2985 3857 3166 3911; x_wconf 88' lang='grc' dir='ltr'>Ταῦτα</span> <span class='ocrx_word' id='word_1_715' title='bbox 3231 3856 3336 3910; x_wconf 88' lang='grc' dir='ltr'>ἀπὸ</span> <span class='ocrx_word' id='word_1_716' title='bbox 3395 3857 3577 3932; x_wconf 69' lang='grc' dir='ltr'>ἒτᾶρας</span> <span class='ocrx_word' id='word_1_717' title='bbox 3635 3858 3848 3932; x_wconf 81' lang='grc' dir='ltr'>ἀρχῆς,</span> 
     </span>
    </p>
   </div>
   <div class='ocr_carea' id='block_1_103' title="bbox 2186 3942 3852 4022">
    <p class='ocr_par' dir='ltr' id='par_1_103' title="bbox 2186 3942 3852 4022">
     <span class='ocr_line' id='line_1_104' title="bbox 2186 3942 3852 4022; baseline 0.002 -26"><span class='ocrx_word' id='word_1_718' title='bbox 2186 3943 2261 4004; x_wconf 82' lang='grc' dir='ltr'>ὡς</span> <span class='ocrx_word' id='word_1_719' title='bbox 2328 3943 2403 4015; x_wconf 84' lang='grc' dir='ltr'>μὴ</span> <span class='ocrx_word' id='word_1_720' title='bbox 2457 3942 2740 4017; x_wconf 67' lang='grc' dir='ltr'>ἠρτημένα</span> <span class='ocrx_word' id='word_1_721' title='bbox 2767 3947 2873 3998; x_wconf 90' lang='grc' dir='ltr'>τῶν</span> <span class='ocrx_word' id='word_1_722' title='bbox 2902 3944 3204 4020; x_wconf 68' lang='grc' dir='ltr'>προτέρων,</span> <span class='ocrx_word' id='word_1_723' title='bbox 3264 3945 3650 4022; x_wconf 67' lang='grc' dir='ltr'>ἀναγνωστέον.</span> <span class='ocrx_word' id='word_1_724' title='bbox 3696 3945 3852 4002; x_wconf 65' lang='lat' dir='ltr'>llo).-</span> 
     </span>
    </p>
   </div>
   <div class='ocr_carea' id='block_1_104' title="bbox 2187 4029 3849 4110">
    <p class='ocr_par' dir='ltr' id='par_1_104' title="bbox 2187 4029 3849 4110">
     <span class='ocr_line' id='line_1_105' title="bbox 2187 4029 3849 4110; baseline 0.001 -24"><span class='ocrx_word' id='word_1_725' title='bbox 2187 4030 2366 4106; x_wconf 84' lang='grc' dir='ltr'>λαχοῦ</span> <span class='ocrx_word' id='word_1_726' title='bbox 2397 4029 2453 4085; x_wconf 77' lang='grc' dir='ltr'>δὶ</span> <span class='ocrx_word' id='word_1_727' title='bbox 2478 4033 2512 4100; x_wconf 78' lang='grc' dir='ltr'>ἡ</span> <span class='ocrx_word' id='word_1_728' title='bbox 2548 4033 2730 4108; x_wconf 73' lang='grc' dir='ltr'>Γραφὴ</span> <span class='ocrx_word' id='word_1_729' title='bbox 2765 4029 2852 4086; x_wconf 76' lang='grc' dir='ltr'>διὰ</span> <span class='ocrx_word' id='word_1_730' title='bbox 2900 4037 3006 4087; x_wconf 89' lang='grc' dir='ltr'>τῶν</span> <span class='ocrx_word' id='word_1_731' title='bbox 3060 4035 3447 4110; x_wconf 72' lang='grc' dir='ltr'>χρηστοτάρων</span> <span class='ocrx_word' id='word_1_732' title='bbox 3507 4035 3849 4090; x_wconf 78' lang='grc' dir='ltr'>ἀναπνεῦσαι</span> 
     </span>
    </p>
   </div>
   <div class='ocr_carea' id='block_1_105' title="bbox 2183 4120 3841 4198">
    <p class='ocr_par' dir='ltr' id='par_1_105' title="bbox 2183 4120 3841 4198">
     <span class='ocr_line' id='line_1_106' title="bbox 2183 4120 3841 4198; baseline 0.002 -23"><span class='ocrx_word' id='word_1_733' title='bbox 2183 4124 2414 4175; x_wconf 91' lang='grc' dir='ltr'>ποιοῦσα</span> <span class='ocrx_word' id='word_1_734' title='bbox 2441 4121 2530 4175; x_wconf 90' lang='grc' dir='ltr'>τὸν</span> <span class='ocrx_word' id='word_1_735' title='bbox 2565 4120 2857 4194; x_wconf 59' lang='grc' dir='ltr'>ἀκρδατην,</span> <span class='ocrx_word' id='word_1_736' title='bbox 2891 4123 2979 4176; x_wconf 86' lang='grc' dir='ltr'>καὶ</span> <span class='ocrx_word' id='word_1_737' title='bbox 3034 4120 3221 4177; x_wconf 86' lang='grc' dir='ltr'>ἐνιδεῖν</span> <span class='ocrx_word' id='word_1_738' title='bbox 3256 4127 3324 4196; x_wconf 82' lang='grc' dir='ltr'>τῇ</span> <span class='ocrx_word' id='word_1_739' title='bbox 3358 4124 3705 4198; x_wconf 82' lang='grc' dir='ltr'>χρηστότητι</span> <span class='ocrx_word' id='word_1_740' title='bbox 3741 4129 3841 4178; x_wconf 79' lang='grc' dir='ltr'>τοῦ</span> 
     </span>
    </p>
   </div>
   <div class='ocr_carea' id='block_1_106' title="bbox 2184 4209 3844 4286">
    <p class='ocr_par' dir='ltr' id='par_1_106' title="bbox 2184 4209 3844 4286">
     <span class='ocr_line' id='line_1_107' title="bbox 2184 4209 3844 4286; baseline 0.002 -22"><span class='ocrx_word' id='word_1_741' title='bbox 2184 4213 2316 4264; x_wconf 87' lang='grc' dir='ltr'>Θεοῦ</span> <span class='ocrx_word' id='word_1_742' title='bbox 2372 4209 2461 4264; x_wconf 82' lang='grc' dir='ltr'>καὶ</span> <span class='ocrx_word' id='word_1_743' title='bbox 2517 4214 2595 4280; x_wconf 83' lang='grc' dir='ltr'>τῷ</span> <span class='ocrx_word' id='word_1_744' title='bbox 2651 4211 2765 4266; x_wconf 91' lang='grc' dir='ltr'>κατ’</span> <span class='ocrx_word' id='word_1_745' title='bbox 2819 4210 2984 4279; x_wconf 78' lang='grc' dir='ltr'>αὐτὴν</span> <span class='ocrx_word' id='word_1_746' title='bbox 3047 4210 3291 4285; x_wconf 67' lang='grc' dir='ltr'>ἐσομένῳ</span> <span class='ocrx_word' id='word_1_747' title='bbox 3320 4211 3486 4284; x_wconf 74' lang='grc' dir='ltr'>τέλει⁹</span> <span class='ocrx_word' id='word_1_748' title='bbox 3520 4212 3844 4286; x_wconf 77' lang='grc' dir='ltr'>ἐπαναλαμ-</span> 
     </span>
    </p>
   </div>
   <div class='ocr_carea' id='block_1_107' title="bbox 2183 4292 3850 4377">
    <p class='ocr_par' dir='ltr' id='par_1_107' title="bbox 2183 4292 3850 4377">
     <span class='ocr_line' id='line_1_108' title="bbox 2183 4292 3850 4377; baseline 0.003 -26"><span class='ocrx_word' id='word_1_749' title='bbox 2183 4292 2332 4352; x_wconf 73' lang='grc' dir='ltr'>ϐάνει</span> <span class='ocrx_word' id='word_1_750' title='bbox 2363 4300 2475 4369; x_wconf 79' lang='grc'>(84)</span> <span class='ocrx_word' id='word_1_751' title='bbox 2530 4297 2604 4359; x_wconf 83' lang='grc' dir='ltr'>εἷς</span> <span class='ocrx_word' id='word_1_752' title='bbox 2635 4297 2966 4377; x_wconf 74' lang='grc' dir='ltr'>ἐπιστροφὴν</span> <span class='ocrx_word' id='word_1_753' title='bbox 3000 4302 3161 4372; x_wconf 79' lang='grc' dir='ltr'>ἡμῶν</span> <span class='ocrx_word' id='word_1_754' title='bbox 3189 4300 3284 4364; x_wconf 77' lang='grc' dir='ltr'>τὰς</span> <span class='ocrx_word' id='word_1_755' title='bbox 3344 4299 3592 4369; x_wconf 70' lang='grc' dir='ltr'>ἀπειλὰς,</span> <span class='ocrx_word' id='word_1_756' title='bbox 3644 4305 3746 4356; x_wconf 82' lang='grc' dir='ltr'>καὶ</span> <span class='ocrx_word' id='word_1_757' title='bbox 3783 4305 3850 4356; x_wconf 73' lang='grc' dir='ltr'>τὰ</span> 
     </span>
    </p>
   </div>
   <div class='ocr_carea' id='block_1_108' title="bbox 2182 4384 3849 4464">
    <p class='ocr_par' dir='ltr' id='par_1_108' title="bbox 2182 4384 3849 4464">
     <span class='ocr_line' id='line_1_109' title="bbox 2182 4384 3849 4464; baseline 0.004 -25"><span class='ocrx_word' id='word_1_758' title='bbox 2182 4386 2436 4456; x_wconf 80' lang='grc' dir='ltr'>περὶτῶν</span> <span class='ocrx_word' id='word_1_759' title='bbox 2469 4384 2770 4454; x_wconf 85' lang='grc' dir='ltr'>κολάσεων,</span> <span class='ocrx_word' id='word_1_760' title='bbox 2831 4389 2898 4444; x_wconf 78' lang='grc' dir='ltr'>Οἱ</span> <span class='ocrx_word' id='word_1_761' title='bbox 2956 4388 3059 4464; x_wconf 81' lang='grc' dir='ltr'>γὰρ</span> <span class='ocrx_word' id='word_1_762' title='bbox 3117 4387 3366 4451; x_wconf 90' lang='grc' dir='ltr'>πλείονες</span> <span class='ocrx_word' id='word_1_763' title='bbox 3412 4390 3681 4444; x_wconf 74' lang='grc' dir='ltr'>τοιούτων</span> <span class='ocrx_word' id='word_1_764' title='bbox 3718 4389 3849 4446; x_wconf 83' lang='grc' dir='ltr'>δεό-</span> 
     </span>
    </p>
   </div>
   <div class='ocr_carea' id='block_1_109' title="bbox 2185 4473 3846 4552">
    <p class='ocr_par' dir='ltr' id='par_1_109' title="bbox 2185 4473 3846 4552">
     <span class='ocr_line' id='line_1_110' title="bbox 2185 4473 3846 4552; baseline 0.002 -23"><span class='ocrx_word' id='word_1_765' title='bbox 2185 4486 2342 4546; x_wconf 87' lang='grc' dir='ltr'>μεθα,</span> <span class='ocrx_word' id='word_1_766' title='bbox 2394 4473 2486 4529; x_wconf 66' lang='grc' dir='ltr'>’ίνα</span> <span class='ocrx_word' id='word_1_767' title='bbox 2521 4478 2596 4547; x_wconf 81' lang='grc' dir='ltr'>μή</span> <span class='ocrx_word' id='word_1_768' title='bbox 2632 4480 2727 4531; x_wconf 89' lang='grc' dir='ltr'>τοῦ</span> <span class='ocrx_word' id='word_1_769' title='bbox 2757 4475 3001 4532; x_wconf 77' lang='grc' dir='ltr'>πλούτου</span> <span class='ocrx_word' id='word_1_770' title='bbox 3030 4484 3130 4546; x_wconf 79' lang='grc' dir='ltr'>τῆς</span> <span class='ocrx_word' id='word_1_771' title='bbox 3163 4477 3543 4552; x_wconf 81' lang='grc' dir='ltr'>χρηστότητος</span> <span class='ocrx_word' id='word_1_772' title='bbox 3594 4481 3688 4533; x_wconf 78' lang='grc' dir='ltr'>καὶ</span> <span class='ocrx_word' id='word_1_773' title='bbox 3741 4488 3846 4549; x_wconf 77' lang='grc' dir='ltr'>τῆς</span> 
     </span>
    </p>
   </div>
   <div class='ocr_carea' id='block_1_110' title="bbox 2185 4565 3846 4644">
    <p class='ocr_par' dir='ltr' id='par_1_110' title="bbox 2185 4565 3846 4644">
     <span class='ocr_line' id='line_1_111' title="bbox 2185 4565 3846 4644; baseline 0.003 -27"><span class='ocrx_word' id='word_1_774' title='bbox 2185 4565 2563 4638; x_wconf 82' lang='grc' dir='ltr'>μακροθυμίας</span> <span class='ocrx_word' id='word_1_775' title='bbox 2607 4571 3086 4640; x_wconf 79' lang='grc' dir='ltr'>καταφρονοῦντες,</span> <span class='ocrx_word' id='word_1_776' title='bbox 3141 4566 3277 4622; x_wconf 85' lang='grc' dir='ltr'>κατά</span> <span class='ocrx_word' id='word_1_777' title='bbox 3328 4568 3428 4636; x_wconf 74' lang='grc' dir='ltr'>τήν</span> <span class='ocrx_word' id='word_1_778' title='bbox 3481 4566 3846 4644; x_wconf 80' lang='grc' dir='ltr'>σκληρότητα</span> 
     </span>
    </p>
   </div>
   <div class='ocr_carea' id='block_1_111' title="bbox 2184 4653 3848 4732">
    <p class='ocr_par' dir='ltr' id='par_1_111' title="bbox 2184 4653 3848 4732">
     <span class='ocr_line' id='line_1_112' title="bbox 2184 4653 3848 4732; baseline 0.002 -24"><span class='ocrx_word' id='word_1_779' title='bbox 2184 4653 2385 4708; x_wconf 70' lang='grc' dir='ltr'>ἑαυτῶν</span> <span class='ocrx_word' id='word_1_780' title='bbox 2415 4655 2502 4708; x_wconf 86' lang='grc' dir='ltr'>καὶ</span> <span class='ocrx_word' id='word_1_781' title='bbox 2537 4654 2905 4727; x_wconf 83' lang='grc' dir='ltr'>ἀμετανόητον</span> <span class='ocrx_word' id='word_1_782' title='bbox 2964 4653 3210 4729; x_wconf 81' lang='grc' dir='ltr'>καρδίαν,</span> <span class='ocrx_word' id='word_1_783' title='bbox 3261 4655 3682 4732; x_wconf 80' lang='grc' dir='ltr'>θησαυρίσωμεν</span> <span class='ocrx_word' id='word_1_784' title='bbox 3716 4661 3848 4714; x_wconf 75' lang='grc' dir='ltr'>ἑαυ-</span> 
     </span>
    </p>
   </div>
   <div class='ocr_carea' id='block_1_112' title="bbox 2180 4742 3845 4821">
    <p class='ocr_par' dir='ltr' id='par_1_112' title="bbox 2180 4742 3845 4821">
     <span class='ocr_line' id='line_1_113' title="bbox 2180 4742 3845 4821; baseline 0.004 -26"><span class='ocrx_word' id='word_1_785' title='bbox 2180 4747 2295 4804; x_wconf 83' lang='grc' dir='ltr'>τοῖς</span> <span class='ocrx_word' id='word_1_786' title='bbox 2357 4742 2549 4818; x_wconf 76' lang='grc' dir='ltr'>ὀργήν,</span> <span class='ocrx_word' id='word_1_787' title='bbox 2611 4742 2662 4798; x_wconf 80' lang='grc' dir='ltr'>ἐν</span> <span class='ocrx_word' id='word_1_788' title='bbox 2694 4744 2876 4818; x_wconf 75' lang='grc' dir='ltr'>ἡμέρα</span> <span class='ocrx_word' id='word_1_789' title='bbox 2934 4746 3045 4818; x_wconf 86' lang='grc'>(85)</span> <span class='ocrx_word' id='word_1_790' title='bbox 3098 4746 3269 4821; x_wconf 80' lang='grc' dir='ltr'>ὀργῆς</span> <span class='ocrx_word' id='word_1_791' title='bbox 3311 4745 3399 4800; x_wconf 84' lang='grc' dir='ltr'>καὶ</span> <span class='ocrx_word' id='word_1_792' title='bbox 3431 4745 3845 4820; x_wconf 77' lang='grc' dir='ltr'>ἀποκαλύψεως</span> 
     </span>
    </p>
   </div>
   <div class='ocr_carea' id='block_1_113' title="bbox 2243 5027 3843 5102">
    <p class='ocr_par' dir='ltr' id='par_1_113' title="bbox 2243 5027 3843 5102">
     <span class='ocr_line' id='line_1_114' title="bbox 2243 5027 3843 5102; baseline 0.006 -18"><span class='ocrx_word' id='word_1_793' title='bbox 2243 5030 2356 5102; x_wconf 84' lang='grc'>(82)</span> <span class='ocrx_word' id='word_1_794' title='bbox 2417 5030 2590 5101; x_wconf 86' lang='lat' dir='ltr'>Editi,</span> <span class='ocrx_word' id='word_1_795' title='bbox 2645 5031 2806 5102; x_wconf 78' lang='grc' dir='ltr'>μῆνις</span> <span class='ocrx_word' id='word_1_796' title='bbox 2871 5029 3054 5087; x_wconf 79' lang='grc' dir='ltr'>αὐτοῦ.</span> <span class='ocrx_word' id='word_1_797' title='bbox 3111 5035 3234 5088; x_wconf 84' lang='lat' dir='ltr'>Vox</span> <span class='ocrx_word' id='word_1_798' title='bbox 3290 5027 3452 5087; x_wconf 78' lang='grc' dir='ltr'>αὸτοῦ</span> <span class='ocrx_word' id='word_1_799' title='bbox 3512 5051 3546 5090; x_wconf 86' lang='lat' dir='ltr'>a</span> <span class='ocrx_word' id='word_1_800' title='bbox 3606 5037 3843 5094; x_wconf 86' lang='lat' dir='ltr'>nostris</span> 
     </span>
    </p>
   </div>
   <div class='ocr_carea' id='block_1_114' title="bbox 2179 5101 3845 5176">
    <p class='ocr_par' dir='ltr' id='par_1_114' title="bbox 2179 5101 3845 5176">
     <span class='ocr_line' id='line_1_115' title="bbox 2179 5101 3845 5176; baseline 0.004 -20"><span class='ocrx_word' id='word_1_801' title='bbox 2179 5101 2437 5173; x_wconf 86' lang='lat' dir='ltr'>quinque</span> <span class='ocrx_word' id='word_1_802' title='bbox 2464 5119 2607 5176; x_wconf 76' lang='lat' dir='ltr'>mss.</span> <span class='ocrx_word' id='word_1_803' title='bbox 2641 5101 2823 5176; x_wconf 78' lang='lat' dir='ltr'>abest.</span> <span class='ocrx_word' id='word_1_804' title='bbox 2861 5103 3071 5160; x_wconf 89' lang='lat' dir='ltr'>Statim</span> <span class='ocrx_word' id='word_1_805' title='bbox 3104 5102 3522 5176; x_wconf 67' lang='lat' dir='ltr'>editi,6).oM$n</span> <span class='ocrx_word' id='word_1_806' title='bbox 3548 5112 3668 5169; x_wconf 80' lang='grc' dir='ltr'>τοῖς</span> <span class='ocrx_word' id='word_1_807' title='bbox 3699 5128 3845 5162; x_wconf 78' lang='grc' dir='ltr'>κατ-</span> 
     </span>
    </p>
   </div>
   <div class='ocr_carea' id='block_1_115' title="bbox 2177 5170 3571 5233">
    <p class='ocr_par' dir='ltr' id='par_1_115' title="bbox 2177 5170 3571 5233">
     <span class='ocr_line' id='line_1_116' title="bbox 2177 5170 3571 5233; baseline 0.004 -8"><span class='ocrx_word' id='word_1_808' title='bbox 2177 5170 2387 5228; x_wconf 79' lang='grc' dir='ltr'>οικοῦσι</span> <span class='ocrx_word' id='word_1_809' title='bbox 2420 5170 2605 5228; x_wconf 70' lang='grc' dir='ltr'>Σεδέκ.</span> <span class='ocrx_word' id='word_1_810' title='bbox 2645 5175 2807 5230; x_wconf 84' lang='lat' dir='ltr'>Librt</span> <span class='ocrx_word' id='word_1_811' title='bbox 2839 5179 3059 5231; x_wconf 79' lang='lat' dir='ltr'>veteres</span> <span class='ocrx_word' id='word_1_812' title='bbox 3091 5182 3155 5230; x_wconf 81' lang='lat' dir='ltr'>ut</span> <span class='ocrx_word' id='word_1_813' title='bbox 3185 5170 3571 5233; x_wconf 47' lang='lat' dir='ltr'>in&#39;contcxtu.</span> 
     </span>
    </p>
   </div>
   <div class='ocr_carea' id='block_1_116' title="bbox 2248 5241 3842 5320">
    <p class='ocr_par' dir='ltr' id='par_1_116' title="bbox 2248 5241 3842 5320">
     <span class='ocr_line' id='line_1_117' title="bbox 2248 5241 3842 5320; baseline 0.004 -21"><span class='ocrx_word' id='word_1_814' title='bbox 2248 5246 2360 5320; x_wconf 23' lang='lat'>(8‘3)</span> <span class='ocrx_word' id='word_1_815' title='bbox 2408 5247 2627 5320; x_wconf 11' lang='lat' dir='ltr'>,Eiditi,‘</span> <span class='ocrx_word' id='word_1_816' title='bbox 2655 5251 2728 5300; x_wconf 91' lang='grc' dir='ltr'>Τα</span> <span class='ocrx_word' id='word_1_817' title='bbox 2792 5242 2951 5300; x_wconf 83' lang='grc' dir='ltr'>πεδία</span> <span class='ocrx_word' id='word_1_818' title='bbox 2986 5241 3256 5320; x_wconf 18' lang='grc' dir='ltr'>,Ἐσεϐὼν</span> <span class='ocrx_word' id='word_1_819' title='bbox 3303 5251 3561 5320; x_wconf 72' lang='grc' dir='ltr'>πενθήσῃ,</span> <span class='ocrx_word' id='word_1_820' title='bbox 3596 5249 3842 5308; x_wconf 84' lang='lat' dir='ltr'>vitiose.</span> 
     </span>
    </p>
   </div>
   <div class='ocr_carea' id='block_1_117' title="bbox 2175 5314 3845 5394">
    <p class='ocr_par' dir='ltr' id='par_1_117' title="bbox 2175 5314 3845 5394">
     <span class='ocr_line' id='line_1_118' title="bbox 2175 5314 3845 5394; baseline 0.005 -24"><span class='ocrx_word' id='word_1_821' title='bbox 2175 5314 2416 5394; x_wconf 40' lang='lat' dir='ltr'>antiqui</span> <span class='ocrx_word' id='word_1_822' title='bbox 2446 5319 2562 5394; x_wconf 73' lang='lat' dir='ltr'>duo</span> <span class='ocrx_word' id='word_1_823' title='bbox 2594 5318 2748 5394; x_wconf 77' lang='lat' dir='ltr'>libri,</span> <span class='ocrx_word' id='word_1_824' title='bbox 2780 5320 2854 5372; x_wconf 83' lang='grc' dir='ltr'>Τὰ</span> <span class='ocrx_word' id='word_1_825' title='bbox 2881 5314 3358 5394; x_wconf 30' lang='grc' dir='ltr'>παιδίαΑἘσεϐών,</span> <span class='ocrx_word' id='word_1_826' title='bbox 3406 5314 3573 5394; x_wconf 55' lang='lat' dir='ltr'>pueri</span> <span class='ocrx_word' id='word_1_827' title='bbox 3619 5322 3845 5379; x_wconf 70' lang='lat' dir='ltr'>Esebon</span> 
     </span>
    </p>
   </div>
   <div class='ocr_carea' id='block_1_118' title="bbox 2171 5389 3274 5462">
    <p class='ocr_par' dir='ltr' id='par_1_118' title="bbox 2171 5389 3274 5462">
     <span class='ocr_line' id='line_1_119' title="bbox 2171 5389 3274 5462; baseline 0.006 -20"><span class='ocrx_word' id='word_1_828' title='bbox 2171 5389 2548 5462; x_wconf 30' lang='lat' dir='ltr'>ﬂebuntrAlii</span> <span class='ocrx_word' id='word_1_829' title='bbox 2582 5395 2701 5448; x_wconf 86' lang='lat' dir='ltr'>tres</span> <span class='ocrx_word' id='word_1_830' title='bbox 2732 5391 2814 5462; x_wconf 84' lang='lat' dir='ltr'>ita</span> <span class='ocrx_word' id='word_1_831' title='bbox 2855 5399 2927 5462; x_wconf 87' lang='lat' dir='ltr'>ut_</span> <span class='ocrx_word' id='word_1_832' title='bbox 2953 5391 3274 5450; x_wconf 88' lang='lat' dir='ltr'>edidimus.</span> 
     </span>
    </p>
   </div>
   <div class='ocr_carea' id='block_1_119' title="bbox 2245 5457 3845 5545">
    <p class='ocr_par' dir='ltr' id='par_1_119' title="bbox 2245 5457 3845 5545">
     <span class='ocr_line' id='line_1_120' title="bbox 2245 5457 3845 5545; baseline 0.007 -33"><span class='ocrx_word' id='word_1_833' title='bbox 2245 5461 2555 5545; x_wconf 66' lang='lat' dir='ltr'>(84)Editi,</span> <span class='ocrx_word' id='word_1_834' title='bbox 2603 5457 3046 5545; x_wconf 73' lang='grc' dir='ltr'>ἐπαναλαμϐάνει</span> <span class='ocrx_word' id='word_1_835' title='bbox 3093 5465 3283 5520; x_wconf 73' lang='grc' dir='ltr'>πάλιν.</span> <span class='ocrx_word' id='word_1_836' title='bbox 3334 5468 3455 5520; x_wconf 81' lang='lat' dir='ltr'>Vox</span> <span class='ocrx_word' id='word_1_837' title='bbox 3507 5463 3726 5522; x_wconf 90' lang='lat' dir='ltr'>ultima</span> <span class='ocrx_word' id='word_1_838' title='bbox 3777 5467 3845 5523; x_wconf 88' lang='lat' dir='ltr'>in</span> 
     </span>
    </p>
   </div>
   <div class='ocr_carea' id='block_1_120' title="bbox 2176 5537 2820 5590">
    <p class='ocr_par' dir='ltr' id='par_1_120' title="bbox 2176 5537 2820 5590">
     <span class='ocr_line' id='line_1_121' title="bbox 2176 5537 2820 5590; baseline 0.006 -5"><span class='ocrx_word' id='word_1_839' title='bbox 2176 5547 2317 5586; x_wconf 88' lang='lat' dir='ltr'>mss.</span> <span class='ocrx_word' id='word_1_840' title='bbox 2355 5549 2466 5587; x_wconf 91' lang='lat' dir='ltr'>non</span> <span class='ocrx_word' id='word_1_841' title='bbox 2503 5537 2820 5590; x_wconf 87' lang='lat' dir='ltr'>invenitur.</span> 
     </span>
    </p>
   </div>
   <div class='ocr_carea' id='block_1_121' title="bbox 2172 5603 3845 5750">
    <p class='ocr_par' dir='ltr' id='par_1_121' title="bbox 2172 5603 3845 5750">
     <span class='ocr_line' id='line_1_122' title="bbox 2172 5603 3845 5750; baseline 0.004 -93"><span class='ocrx_word' id='word_1_842' title='bbox 2172 5603 2565 5750; x_wconf 41' lang='lat' dir='ltr'>mgpsqzbditi,</span> <span class='ocrx_word' id='word_1_843' title='bbox 2599 5606 2675 5670; x_wconf 71' lang='grc' dir='ltr'>εἷς</span> <span class='ocrx_word' id='word_1_844' title='bbox 2709 5607 2940 5679; x_wconf 73' lang='grc' dir='ltr'>ἡμὲραν.</span> <span class='ocrx_word' id='word_1_845' title='bbox 3002 5608 3234 5666; x_wconf 83' lang='lat' dir='ltr'>Veteres</span> <span class='ocrx_word' id='word_1_846' title='bbox 3282 5606 3544 5680; x_wconf 90' lang='lat' dir='ltr'>quinque</span> <span class='ocrx_word' id='word_1_847' title='bbox 3579 5607 3746 5681; x_wconf 85' lang='lat' dir='ltr'>libri,</span> <span class='ocrx_word' id='word_1_848' title='bbox 3785 5607 3845 5664; x_wconf 71' lang='grc' dir='ltr'>ὲν</span> 
     </span>
    </p>
   </div>
  </div>
