4134 6224
231 391 354 450 653

229 630 325 682 μεν
359 609 448 664 καὶ
479 606 626 681 παρᾶ
657 605 982 680 Ψαλμῳδῷ·
1018 606 1268 681 Χρηστὸς
1317 605 1518 681 Κύριος
1564 612 1682 669 τοῖς
1741 607 1876 680 σύμ-

223 719 380 755 πασι.
417 697 513 752 Καὶ
544 695 734 752 πολλὰ
781 695 944 750 εἰπὼν
994 695 1119 770 περὶ
1176 691 1574 771 χρηστότητος,
1607 695 1688 751 ὅτι
1740 696 1876 751 ὑπο-

223 787 479 860 πηρίζᾶι
510 785 638 847 τοὺς
667 784 1118 853 καταπίπτοντας,
1153 783 1236 839 ὅτι
1268 782 1458 839 δίδωσι
1509 785 1610 854 τήν
1666 787 1873 860 τροφῆν

221 877 274 931 ἐν
315 874 588 950 εὐκαιρίᾳο
623 875 724 929 οὐκ
753 873 808 929 ἐν
840 873 1056 935 τούτοις
1115 872 1429 946 κατέληξεν,
1461 872 1586 928 ἀλλ’
1613 874 1873 953 ἐπιφέρει·

222 965 504 1020 Φυλάσσει
569 963 764 1038 Κύριος
822 960 1024 1025 πάντας
1088 965 1215 1026 τοὺς
1300 963 1618 1038 ἀγαπῶντας
1693 963 1877 1034 αὐτὸν,

218 1056 309 1109 καὶ
374 1052 581 1114 πάντας
662 1051 789 1114 τοὺς
878 1049 1241 1124 ἁμαρτωλοὺς
1328 1050 1718 1128 ἰξολοθρεύσει.
1780 1052 1877 1106 Καὶ

224 1144 458 1199 ίνταῦθα
499 1140 682 1196 τοίνυν
717 1138 936 1208 πολλὴν
990 1146 1106 1202 τοῖς
1157 1139 1500 1215 ἐπιστρέψασι
1537 1144 1650 1214 (86)
1699 1140 1878 1216 ἐμφή-

220 1253 389 1287 ναντα
419 1229 778 1307 χρηστότητα
804 1229 871 1284 τὰ
919 1229 1199 1304 εἰρημένα,
1231 1230 1322 1284 ἀπ’
1353 1226 1531 1298 ἄλλης
1590 1230 1767 1305 ἀρχῆς
1814 1230 1881 1285 τὰ

221 1321 526 1396 πικρότεροι
611 1318 776 1374 πάλιν
863 1317 1305 1374 ἐπανατείνεται.
1365 1318 1701 1392 Ἠκοόσαμεν
1777 1321 1876 1388 τὴν

222 1407 383 1484 ὕϐριν
419 1404 619 1466 Μωάὸ.
651 1408 772 1463 Ἐπὶ
818 1409 910 1462 τὸν
959 1405 1200 1482 ἄρχοντα
1242 1411 1341 1461 τοῦ
1399 1407 1609 1480 κόσμου
1660 1407 1876 1476 τούτου,

219 1503 315 1555 τὸν
374 1502 594 1575 πρῶτον
671 1499 770 1566 τήν
847 1496 1174 1551 ἀποστασίαν
1239 1499 1728 1570 καινοτομήσαντα,
1786 1497 1876 1551 τὸν

223 1583 586 1661 ἐξυϐρίσαντα
643 1585 718 1646 είς
776 1585 868 1639 τὸν
923 1585 1167 1654 κτίστην,
1211 1585 1303 1639 τὸν
1364 1581 1710 1660 ἔνυὸρίζοντα
1763 1592 1880 1647 τοῖς

224 1677 568 1751 ἀνθρώποις,
619 1675 710 1730 καὶ
767 1676 1218 1744 καταπατήσαντα
1275 1674 1470 1736 αὐτοὺς
1552 1669 1702 1750 ὕϐρει
1791 1675 1880 1729 καὶ

226 1764 596 1843 ὑπερηφανίᾳ,
627 1763 834 1838 ε’ίρηται
891 1768 1078 1820 ταῦτα.
1129 1763 1302 1824 Οὗτος
1350 1763 1449 1838 γάρ
1503 1763 1641 1818 ἐστιν
1689 1765 1716 1818 6
1759 1766 1882 1818 καθ-

223 1851 468 1929 υϐρίζων
501 1853 629 1914 τοὺς
660 1852 712 1907 ἐν
844 1849 1158 1924 Ἐκκλησίᾳ,
1191 1851 1318 1913 τοὺς
1366 1853 1458 1924 μὲν
1519 1853 1594 1912 ὡς
1648 1855 1760 1923 (87)
1793 1855 1881 1906 ἁν-

222 1939 604 2018 δραποδώδεις
641 1942 732 1996 καί
759 1938 848 1995 διὰ
875 1941 969 2008 νήν
1001 1941 1214 2016 ἄγνοιαν
1248 1936 1400 1994 οὐδὲν
1445 1941 1623 1994 αὐτῶν
1687 1937 1878 2014 διαφε-

225 2053 450 2106 ροντας.
486 2031 659 2092 Οὗτος
693 2032 721 2085 6
766 2029 997 2103 ἐνεργῶν
1051 2029 1256 2102 ἑκάστῳ
1308 2031 1409 2098 τὴν
1456 2026 1760 2103 λοιδορίαν·
1796 2030 1882 2083 οὗ·

218 2141 316 2181 τος
367 2120 396 2173 ὁ
443 2118 744 2173 ἀναπείθων
799 2116 928 2178 τοὺς
984 2115 1238 2191 αἱρέσεών
1315 2137 1474 2170 τινων
1531 2122 1877 2192 προεστῶτας

220 2206 439 2262 ἀδικίαν
472 2207 568 2280 μὶν
597 2206 673 2268 εἷς
700 2207 760 2261 νὸ
792 2206 928 2279 ὕψος
960 2204 1170 2271 λαλεῖν,
1202 2205 1247 2260 εἰ
1281 2202 1338 2260 δὲ
1397 2226 1529 2260 ποτε
1583 2205 1658 2267 εἷς
1708 2208 1876 2276 ζήτη-

221 2319 304 2352 σιν
547 2290 1041 2372 συγκαταϐαίνοιεν,
1092 2291 1360 2349 διδάσκων
1409 2295 1501 2349 τὸν
1565 2296 1658 2367 μὲν
1716 2295 1875 2370 λόγον

225 2389 301 2457 μή
357 2385 685 2460 βασανίζειν,
722 2380 956 2454 ὑϐρίζειν
1017 2382 1074 2438 δὲ
1123 2384 1213 2438 τὸν
1279 2381 1570 2457 δυνάμενον
1626 2383 1877 2459 ὶλὲγχειν

219 2477 323 2544 τὴν
383 2474 614 2529 ἀτοπίαν
669 2477 779 2527 τῶν
835 2470 1121 2547 δογμάτων
1179 2472 1365 2529 αὐτοῦ.
1411 2474 1725 2544 Θεραπεύων
1785 2471 1877 2527 οὖν

219 2563 390 2618 αὐτὸν
451 2567 565 2636 (89)
616 2561 870 2636 ὁΚύριός
932 2579 1085 2639 tenor
1121 2562 1236 2629 Τὴν
1297 2561 1655 2639 ὑπερηφανίαν
1716 2561 1879 2616 αὐτοῦ

217 2652 411 2727 ἕξῆρα.
477 2653 566 2713 Ὦς
624 2652 725 2726 γὰρ
784 2651 946 2705 νόσου
1004 2649 1286 2724 ἀφαίρεσίς
1344 2650 1455 2704 ἐστι
1511 2653 1574 2705 τὸ
1638 2653 1875 2726 πονηρὸν

212 2749 318 2811 τῆς
379 2739 704 2809 ἀλαζονείας
761 2739 951 2800 πάθος.
984 2735 1168 2794 Ἀλλὰ
1226 2738 1328 2794 Καὶ
1384 2741 1419 2808 ἡ
1479 2735 1634 2807 ὕϐρις
1691 2739 1886 2810 αὐτοῦ,

213 2832 378 2906 φησὶ,
415 2830 506 2884 καὶ
557 2832 592 2898 ἡ
645 2835 811 2900 μῆνις
861 2831 1044 2886 αὐτοῦ.
1098 2825 1400 2897 Ἱδιόκτητα
1446 2833 1544 2882 τοῦ
1591 2823 1760 2883 Maiis
1812 2829 1881 2883 τὰ

216 2922 372 2990 πάθη
439 2922 636 2973 ταῦτα·
671 2922 930 2992 πονηρῶν
989 2919 1282 2988 κτημάτων
1334 2914 1598 2987 δεσπότης
1623 2919 1651 2972 6
1683 2913 1876 2985 Μωάϐ,

218 3004 443 3082 ὕϐρεως
478 3007 574 3080 μὲν
609 3013 709 3076 τῆς
742 3005 824 3061 ist’
850 3006 1043 3078 ἀτιμίᾳ
1072 3011 1167 3060 τοῦ
1193 3005 1428 3076 πλησίον
1463 3006 1876 3079 ὶπινοουμὲνης.

225 3094 469 3170 μήνιδος
497 3093 554 3150 δὲ
581 3103 682 3164 τῆς
718 3095 961 3169 ἔμμόνου
991 3097 1079 3149 καὶ
1114 3096 1558 3171 παρατεταμένης
1587 3096 1777 3170 ὀργῆς.

293 3189 427 3242 307.
463 3185 595 3242 Εἶτα
649 3184 928 3263 ἐπιφέρει’
992 3183 1114 3260 Οὐχ
1167 3184 1340 3248 οὕτως
1394 3187 1428 3254 ἠ
1498 3185 1718 3257 μαντεία
1768 3187 1881 3258 (90)

1046 386 1453 448 ΟΟΜΜΕΝΤ.
1500 386 1579 446 ΙΝ
1621 338 1898 449 18ΑῙΑΜ¹
1942 387 2442 450 PROPHETAM.
2490 388 2659 449 CAP.
2703 388 2860 450 XVI.

224 520 314 576 καὶ
351 517 747 595 δικαιοκρισίας
774 521 870 572 τοῦ
900 521 1056 573 Θεοῦ.
1089 521 1346 572 Τοιοῦτον
1377 518 1480 592 γάρ
1527 538 1580 572 τι
1629 516 1884 594 εὖρίσκο-
1917 522 1970 588 Α
1993 521 2148 591 apud
2196 521 2447 578 Psaltem

3520 387 3641 448 6M

2506 539 2518 578 :
2579 522 2774 578 Suavis
2829 523 3095 577 Dominus
3149 521 3418 577 universis
3472 521 3536 573 ³ο.
3570 521 3640 577 Et

1989 613 2368 681 posteaquam
2404 611 2588 665 multa
2627 613 2697 666 de
2729 610 2988 666 bonitate
3016 610 3197 680 dixit;
3235 610 3388 682 quod
3419 624 3516 664 eos
3537 609 3640 680 qui

1984 705 2286 764 corruunt,
2321 700 2636 766 suffulciat,
2669 701 2881 771 detque
2923 716 3115 755 escam
3146 699 3204 753 in
3239 705 3501 770 tempore
3531 715 3641 769 op-

1989 793 2236 858 portuno
2273 789 2338 857 3‘,
2385 805 2759 860 nequaquam
2811 790 2867 843 in
2921 806 2983 843 se
3031 790 3314 854 continet,
3363 789 3466 843 sed
3498 787 3639 842 sub-

1979 876 2225 949 jungit:
2263 879 2507 933 Custodit
2563 880 2821 932 Dominus
2877 895 3063 934 omnes
3118 879 3404 949 diligentes
3451 892 3527 948 se,
3585 884 3641 932 et

1987 981 2168 1021 omnes
2191 970 2499 1038 peccatores
2551 968 2828 1038 disperdat
2876 968 2939 1021 39.
2995 973 3194 1038 Itaque
3244 972 3302 1023 et
3359 967 3454 1022 hie
3501 983 3635 1022 cum

1989 1053 2213 1125 prolata
2243 1058 2417 1110 verba
2449 1055 2697 1111 multum
2752 1058 3119 1111 ostenderint
3168 1056 3426 1112 lenitatis
3460 1059 3637 1125 atque

1987 1141 2306 1198 elemenlias
2339 1144 2410 1198 iis
2463 1145 2560 1214 qui
2621 1162 2682 1200 se
2714 1149 3080 1211 convertunt,
3143 1162 3350 1198 rursus
3385 1145 3456 1198 ab
3514 1143 3630 1198 alio

1988 1231 2274 1302 principio
2331 1231 2698 1288 intentantur
2727 1234 3036 1288 amariora.
3072 1233 3396 1288 Audiuimus
3441 1235 3636 1288 contu-

1987 1321 2212 1376 meliam
2236 1322 2407 1376 Moab.
2441 1321 2604 1376 Dicta
2634 1327 2774 1376 sunt
2804 1323 2923 1377 hac
2955 1323 3236 1377 adversus
3289 1321 3495 1376 mundi
3528 1321 3637 1375 bu-

1981 1410 2083 1480 jus
2115 1410 2459 1481 principem,
2490 1411 2588 1481 qui
2624 1411 2850 1482 primus
2883 1411 3111 1480 defecit,
3136 1410 3234 1482 qui
3267 1411 3376 1464 fuit
3407 1410 3466 1464 in
3499 1426 3636 1465 con-

1987 1497 2234 1552 ditorem
2268 1515 2442 1553 suum
2474 1499 2956 1568 contumeliosus,
2989 1499 3378 1568 hominesque
3415 1499 3637 1570 injuria

1990 1587 2170 1641 afﬁcit
2208 1592 2265 1642 et
2311 1604 2410 1642 eos
2459 1605 2559 1659 per
2597 1589 3010 1644 contumeliam
3043 1606 3109 1643 ac
3141 1589 3479 1660 superbiam
3511 1604 3644 1660 pro-

1990 1677 2257 1730 culcavit.
2292 1677 2394 1731 Hic
2423 1683 2512 1731 est
2541 1678 2696 1732 enim
2749 1678 2846 1748 qui
2880 1678 3151 1733 Ecclesiae
3183 1677 3457 1732 alumnos
3503 1680 3640 1732 tan-

1989 1781 2162 1835 quam
2197 1765 2244 1820 si
2279 1767 2751 1836 manciparentur
2778 1767 3063 1838 servituti,
3097 1767 3362 1838 nihilque
3394 1783 3428 1821 a
3459 1766 3643 1820 servis

1992 1870 2093 1924 per
2122 1853 2514 1925 ignorantiam
2546 1854 2865 1920 differrent,
2901 1856 2992 1909 6|
3012 1858 3046 1910 Ι
3087 1855 3372 1925 injuriose
3402 1858 3638 1926 tractat.

1990 1942 2092 1997 Hie
2122 1942 2479 1998 conviciator
2535 1942 2826 2014 singulis;
2859 1943 2952 1998 hic
3009 1943 3240 1998 inducit
3294 1943 3643 2014 quarumvis

1989 2031 2275 2085 hmresum
2301 2033 2480 2087 duces
2508 2049 2573 2087 ae
2603 2033 2905 2102 prefectos
2935 2031 3076 2086 utin
3095 2032 3389 2086 excelsum
3425 2031 3640 2103 iniqui-

1987 2127 2168 2178 tatem
2201 2123 2521 2192 loquantur
2550 2122 2596 2155 ³³
2629 2137 2641 2174 :
2676 2120 2774 2191 qui
2808 2121 2854 2176 si
2890 2124 3119 2192 quando
3149 2123 3217 2175 ad
3252 2121 3638 2193 quaestionem

1987 2212 2426 2283 expendendam
2454 2211 2819 2273 conveniant,
2851 2211 3052 2264 edocet
3084 2210 3366 2265 rationem
3399 2208 3638 2280 quidem

1989 2317 2103 2354 non
2135 2307 2420 2368 excutere,
2451 2301 2552 2355 sed
2584 2316 2719 2354 eum
2747 2299 2848 2370 qui
2879 2314 3118 2354 suorum
3151 2301 3491 2371 dogmatum
3515 2297 3637 2352 ine-

1989 2391 2140 2462 ptias
2167 2390 2466 2444 confutare
2488 2387 3639 2460 posset,contumeliisinsequi.Domiuus

1987 2479 2170 2550 igitur
2197 2476 2249 2532 ei
2291 2477 2576 2532 medelam
2638 2477 2923 2533 adhibens
2981 2478 3064 2533 ait
3098 2495 3110 2532 :
3143 2477 3470 2547 Superbiam
3520 2477 3642 2548 ejus

1987 2567 2212 2621 sustuli.
2246 2566 2389 2621 Nam
2422 2582 2556 2620 cum
2591 2567 2912 2637 pessimum
2956 2565 3247 2636 superbiae
3296 2565 3502 2621 vitium
3536 2580 3640 2618 au-

1990 2658 2193 2718 fertur,
2235 2654 2412 2710 veluti
2460 2656 2700 2710 morbus
2749 2656 2990 2725 quidam
3042 2654 3308 2708 aufertur
3359 2668 3372 2707 :
3426 2651 3526 2707 sed
3582 2652 3645 2705 Et

1985 2745 2325 2799 contumelia
2354 2745 2492 2814 ejus,
2528 2743 2740 2814 inquit,
2772 2749 2828 2799 et
2855 2745 2943 2798 ira
2971 2745 3111 2812 ejus.
3155 2741 3310 2795 Vitia
3339 2739 3439 2795 illa
3469 2755 3643 2811 pecu-

1991 2829 2212 2887 liariter
2241 2833 2351 2903 ipsi
2387 2833 2546 2886 Moab
2567 2831 3382 2902 competunt.Possessionum
3407 2827 3639 2896 iniqua-

1991 2937 2116 2975 rum
2151 2921 2426 2975 dominus
2457 2927 2544 2975 est
2576 2921 2987 2990 Moab,nempe
3018 2925 3143 2973 tum
3178 2915 3545 2972 contumeliis
3569 2915 3643 2970 ad

1990 3011 2240 3065 dedecus
2274 3009 2519 3080 proximi
2550 3009 2910 3078 excogitata»,
2940 3013 3070 3062 tum
3121 3007 3240 3071 iraa,
3275 3021 3378 3061 ceu
3411 3019 3641 3076 perma-

1991 3098 2186 3154 nentia
2217 3104 2272 3153 et
2303 3098 2404 3153 diu
2437 3099 2648 3153 stantis
2681 3097 3018 3152 iracundias.

2061 3189 2185 3243 307.
2225 3189 2436 3244 Deinde
2469 3189 2631 3243 addit
2682 3206 2694 3244 :
2757 3192 2880 3244 Non
2931 3189 3012 3242 sic
3066 3185 3334 3241 divinatio
3385 3188 3500 3249 tua,
3533 3198 3646 3239 non

221 3297 346 3343 σου,
411 3275 526 3348 οὐχ
585 3262 781 3333 οὕτως.
841 3270 1119 3341 Ὀνειδίζει
1174 3275 1274 3341 τὴν
1355 3272 1590 3328 παλαιὰν
1643 3273 1876 3329 ἐπίνοιαν

2006 3278 2088 3332 :ic.
2116 3277 2434 3348 Exprobrat
2464 3282 2626 3331 vetus
2661 3276 2976 3331 consilium
3011 3276 3177 3330 Moab
3220 3273 3375 3344 quod
3408 3271 3648 3328 Balaam

221 3370 320 3419 τοῦ
349 3357 554 3428 Minus,
591 3359 762 3434 μηδὲν
819 3367 920 3430 τῆς
980 3365 1076 3416 τοῦ
1135 3359 1361 3434 Βαλαὰμ
1421 3362 1672 3434 μαντείας
1729 3361 1886 3433 δυνη-

223 3453 420 3522 θείσης
480 3457 709 3520 ποιῆσαι
758 3455 837 3522 τῶ
868 3448 1109 3526 Ἰσραὴλ,
1143 3449 1360 3524 ἐπείπερ
1418 3450 1612 3526 Κύριος
1673 3453 1700 3506 6
1759 3454 1886 3514 Θεὸς

227 3541 460 3615 ἔστρεψε
513 3541 577 3594 τὸ
637 3538 810 3611 στόμα
868 3537 1030 3593 αὐτοῦ
1081 3539 1185 3593 ἀπὸ
1239 3538 1468 3613 κατάρας
1501 3539 1578 3602 εἷς
1610 3541 1886 3616 εὐλογίαν,

233 3632 364 3706 Οὐχ
438 3627 633 3697 οὕτως,
693 3629 894 3705 φησὶν,
948 3630 983 3697 ἡ
1049 3627 1267 3700 μαντεία
1351 3649 1470 3696 σου,
1515 3629 1623 3703 οὐχ
1693 3630 1887 3690 οὕτως,

235 3719 644 3792 Μετεπὲμψατο
675 3717 779 3792 γὰρ
814 3714 995 3771 Βαλὰκ
1023 3718 1139 3778 υἱὸς
1173 3715 1406 3793 Σεπφὼρ
1445 3717 1697 3791 βασιλεὺς
1715 3714 1889 3774 Μωὰὅ

235 3813 331 3863 τὸν
372 3806 607 3879 Βαλαὰμ
634 3806 724 3860 τὸν
763 3806 974 3878 μάντιν,
1020 3805 1083 3858 οὗ
1124 3806 1191 3859 τὰ
1238 3810 1458 3876 μαντεῖα
1502 3809 1615 3878 (91)
1668 3805 1718 3860 ἐν
1777 3812 1893 3866 ταῖς

237 3897 439 3972 χερσὶν
519 3895 625 3964 ἧν,
687 3894 778 3949 καὶ
833 3895 1024 3949 εἶπεὲν·
1079 3892 1375 3969 Ἐπάρασαί
1432 3915 1525 3966 μοι
1586 3896 1676 3948 τὸν
1762 3895 1893 3950 λαὸν

238 3991 462 4040 τοῦτον.
497 3984 622 4060 Οὐχ
651 3984 824 4047 οὕτως
871 3981 961 4037 οὖν
1010 3983 1286 4053 ἀπήντησε
1330 3985 1398 4038 τὰ
1449 3989 1691 4055 μαντεῖα,
1731 3983 1896 4038 αὐτοῧ

239 4073 689 4148 ἀποκριναμένου
749 4077 846 4127 τοῦ
911 4071 1174 4145 Βαλαάμ’
1232 4072 1296 4126 Τί
1365 4073 1635 4145 ἀράσομαι
1703 4073 1760 4127 ὃν
1821 4074 1896 4145 μὴ

243 4163 447 4237 ἀρᾶται
529 4164 771 4236 Κύριος;
822 4162 908 4216 καὶ

986 4160 1040 4215 τί
1110 4161 1486 4236 καταράσομαι
1534 4162 1592 4215 ὃν
1647 4163 1722 4233 μὴ
1781 4183 1902 4216 κατ-

240 4259 444 4327 αρᾶται
477 4253 506 4306 6
540 4250 670 4312 Θεός
697 4270 710 4320 ;
743 4249 874 4305 Εἶτα
905 4248 1239 4327 προφητεύει
1269 4247 1584 4325 ὀλολυγμὸν
1622 4249 1690 4324 τῇ
1739 4257 1902 4306 Μωα-

240 4336 450 4396 ϐίτιδι·
505 4338 793 4409 Ὀλολύξει
841 4340 954 4411 (92)
1011 4338 1135 4413 γὰρ,
1201 4338 1389 4414 φησὶν,
1444 4333 1655 4393 Μωάϐο
1690 4338 1743 4392 ἐν
1801 4341 1904 4414 γὰρ

1996 3367 2273 3422 divinatio
2304 3366 2448 3420 nihil
2482 3367 2768 3436 potuisset
2797 3364 3130 3420 detrimenti
3167 3361 3382 3434 populo
3414 3360 3650 3417 Israeli-

1998 3457 2112 3510 tico
2145 3455 2872 3526 inferre;quandoquidem
2906 3452 3192 3508 Dominus
3224 3451 3378 3506 Deus
3404 3467 3438 3506 ο.
3469 3448 3650 3505 male-

1999 3545 2251 3599 dictione
2282 3545 2353 3599 ad
2388 3544 2852 3599 benedictionem
2887 3559 2951 3597 os
2981 3541 3141 3596 illius
3171 3541 3508 3596 deﬂexerat.
3537 3539 3655 3593 Non

1998 3635 2098 3701 sic,
2133 3633 2344 3702 inquit,
2377 3633 2646 3687 divinatio
2676 3636 2796 3698 tua,
2827 3647 2939 3686 non
2976 3633 3072 3685 sic.
3129 3627 3445 3684 Accersivit
3497 3627 3654 3682 enim

2005 3722 2175 3777 Baiae
2207 3721 2361 3776 ﬁlius
2391 3722 2614 3792 Sephor
2641 3720 3024 3774 Moabitarum
3058 3734 3155 3772 rex
3185 3724 3373 3772 vatem
3394 3716 3654 3783 Balaam,

2004 3813 2172 3878 cujus
2204 3810 2476 3863 vaticinia
2511 3810 2570 3863 in
2608 3809 2880 3862 manibus
2910 3811 3095 3875 erant,
3129 3812 3185 3860 et
3208 3807 3354 3859 dixit
3387 3822 3400 3859 :
3433 3804 3659 3858 Maledic

2004 3900 2143 3952 mihi
2169 3898 2372 3968 populo
2402 3898 2536 3952 huic
2566 3897 2630 3948 ³⁸.
2666 3901 2790 3949 Non
2825 3896 2909 3950 sie
2935 3899 3089 3948 certe
3145 3898 3466 3948 evenerunt
3513 3890 3657 3944 vati-

2007 3987 2180 4052 cinia,
2211 3986 2339 4054 ipso
2400 3985 2630 4039 Balaam
2693 3983 3125 4053 respondente:
3165 3981 3358 4052 thutd
3414 3978 3660 4034 maledi-

2007 4092 2127 4131 cam
2156 4076 2248 4129 cui
2276 4089 2384 4128 non
2414 4073 2691 4127 maledicit
2729 4072 2992 4127 Dominus
3014 4074 3038 4123 .9
3065 4075 3118 4124 et
3147 4069 3278 4140 quid
3332 4068 3476 4123 male
3529 4082 3658 4136 pre-

2010 4165 2191 4231 cabor,
2214 4164 2306 4218 cui
2335 4163 2480 4216 male
2508 4177 2617 4216 non
2647 4168 2908 4227 precatur
2939 4164 3084 4214 Deus
3106 4159 3150 4192 ³⁵
3171 4157 3198 4212 ?
3234 4157 3446 4211 Deinde
3468 4155 3660 4210 ulula-

2013 4258 2140 4308 tum
2202 4252 2554 4322 prasnuntiat
2612 4249 2940 4304 Moabitidi.
3001 4249 3095 4302 Ait
3151 4247 3305 4301 enim
3349 4263 3362 4301 :
3414 4244 3664 4302 Ululabit

2015 4342 2166 4397 Moab
2194 4359 2212 4395 :
2243 4357 2381 4395 nam
2410 4341 2470 4394 in
2501 4339 2786 4395 Moabitids
2823 4353 3004 4395 omnes
3053 4336 3368 4392 utulabunt.
3415 4333 3664 4390 Proinde

312 4497 362 4531 '°
392 4493 549 4551 Psal.
587 4509 768 4561 CXLlV,
798 4493 853 4549 9.
927 4492 970 4527 ⁸¹
1007 4492 1149 4548 ibid.
1182 4492 1273 4548 M.
1351 4493 1398 4527 “
1431 4493 1576 4548 ibid.
1609 4494 1699 4551 29.
1778 4494 1822 4529 ³³
1854 4494 1888 4550 Ρ

2043 4511 2216 4564 Lxxn,
2248 4495 2302 4548 8.
2379 4494 2425 4529 ³⁴
2454 4494 2628 4550 Num.
2662 4509 2825 4564 mn,
2855 4493 2908 4546 7.
2991 4491 3036 4526 ³⁵
3060 4490 3204 4546 ibid.
3235 4490 3289 4544 8.

319 4647 439 4718 (86)
495 4644 734 4718 Codices
813 4645 951 4718 duo,
1010 4648 1127 4703 τοῖς
1197 4641 1631 4718 ἐπιστρεφουσιν.
1690 4647 1888 4702 Ibiden

2023 4648 2176 4718 riﬁce
2207 4647 2449 4702 Psrllum
2480 4645 2687 4700 laudat.
2721 4647 2880 4702 Nilus
2901 4660 3046 4718 vero,
3071 4660 3229 4718 quem
3259 4644 3675 4718 Macrimianti-

241 4699 746 4794 mib.'secundus
776 4721 833 4771 et
863 4699 1006 4787 Reg.
1039 4699 1366 4787 secundus;
1393 4699 1743 4793 summa"

242 4789 510 4856 στὸτητα.

319 4854 439 4932 (87)
475 4859 650 4928 Editi,
679 4854 808 4918 τοὺς
868 4855 964 4932 μὶν
1015 4854 1112 4932 ὡς.
1163 4857 1384 4913 Vocula
1443 4855 1518 4917 ὡς
1581 4860 1638 4912 in
1699 4857 1916 4915 nostris

244 4923 520 5004 quinque
540 4923 696 5004 mss.
727 4945 850 5004 non
869 4923 1198 5004 invenitur.

318 4998 438 5073 (885
472 5002 648 5068 Editi,
700 4999 775 5060 sic
840 5000 1112 5073 ζητήσεις.
1174 5005 1244 5053 At
1302 4999 1564 5073 quinque
1623 5017 1794 5066 mss.,
1839 4998 1914 5060 είς

248 5070 510 5145 ζήτησιν.
542 5073 934 5145 Combeﬁsius
965 5071 1025 5127 in
1056 5087 1166 5145 suo
1196 5073 1452 5145 Aeodice_
1473 5070 1824 5145 Henriciano
1883 5089 1916 5126 a

246 5142 445 5202 fronte
478 5163 514 5217 p
597 5146 706 5200 ina:
735 5144 844 5198 hoc
877 5143 1100 5198 invenit
1130 5142 1375 5198 sebolii:
1409 5143 1587 5196 Τοῦτο
1617 5143 1912 5197 πεπόνθασι

246 5217 338 5270 καὶ
405 5217 434 5270 6
460 5160 670 5270 1:36:
727 5213 816 5267 καὶ
877 5215 906 5268 6
963 5212 1182 5270 Νεῖλος.
1217 5210 1608 5270 Ἐλεγγόμενοι
1669 5214 1771 5270 γὰρ
1832 5213 1914 5267 ἐπ’

242 5217 338 5271 καὶ
363 5217 435 5288 Αὸ
460 5210 816 5288 ’Ῑταλὸςηκαὶ
877 5215 906 5268 6
963 5212 1182 5288 Νεῖλος.
1217 5210 1608 5288 Ἐλεγχόμενοι
1669 5214 1771 5288 γὰρ
1832 5213 1897 5267 ἐπ

248 5282 497 5369 ἆσεξείᾳ,
528 5286 654 5369 τοὺς
685 5279 1290 5369 ἐλέγχονταςιῦβριζον,
1325 5279 1640 5369 ιίῖὶὸηιξςίι
1683 5279 1751 5342 ἐτ’
1784 5289 1918 5369 Italo

247 5369 298 5417 et
331 5361 485 5418 Nilo.
519 5360 658 5415 Nam
685 5359 812 5413 cum
843 5359 1149 5429 impietatis
1194 5364 1645 5427 coarguerentur,
1679 5375 1768 5414 eos
1826 5360 1922 5429 qui

248 5431 667 5504 coarguebant,
703 5430 1139 5504 insequebantur
1163 5430 1545 5504 contumelia.
1597 5431 1922 5485 Audiamus

245 5501 600 5574 jam'virum
633 5501 1051 5558 doctissimum
1085 5502 1253 5570 cujus
1281 5501 1401 5574 haec
1433 5506 1522 5556 est
1548 5504 1919 5574 conjectura:

255 5576 528 5641 Videtur,
562 5574 774 5645 inquit,
808 5575 901 5645 hic
931 5574 1124 5642 Italus,
1155 5573 1435 5629 Michaelis
1456 5573 1629 5629 Pselli
1655 5572 1923 5640 xmulus,

255 5653 309 5722 et
341 5640 818 5722 ipseeiloédegbv
853 5643 1074 5722 tinam;-
1109 5640 1266 5722 cujus
1296 5649 1514 5722 exstant
1564 5649 1826 5714 opuscula
1867 5648 1927 5722 in

255 5719 435 5788 δέοι,
471 5717 631 5789 329.,
660 5717 754 5774 cui
792 5717 947 5776 valde
971 5718 1192 5789 infensa
1219 5718 1376 5774 Anna
1405 5717 1715 5788 Commena,
1739 5726 1798 5774 ut
1825 5719 1930 5774 mi-

2024 4713 2261 4791 qnarius
2305 4720 2363 4771 in.
2419 4719 2548 4787 Reg.
2577 4732 2779 4791 magno
2816 4717 3014 4791 codice,
3036 4713 3146 4786 qui
3199 4717 3311 4791 [uit
3365 4713 3677 4791 Replicatis

2028 4785 2290 4860 Dufreur,
2341 4785 2543 4860 sepius
2584 4789 2849 4860 sugillat._
2882 4789 3003 4860 Huc
3024 4785 3234 4860 iusque
3272 4785 3674 4860 Combefisius.

2095 4855 2207 4929 ('89)
2242 4855 2754 4931 Editi,0:pam*3wv
2805 4857 2986 4912 αὺτόν.
3022 4855 3196 4931 Deest
3241 4855 3402 4931 αὐτόν
3451 4857 3510 4912 in
3571 4874 3673 4931 no—

2025 4935 2166 4988 stris
2200 4929 2522 4988 eodicibus.
2557 4931 2661 4985 Hic
2694 4931 2912 4986 desinit
2959 4929 3114 4984 Colb.
3151 4929 3448 4984 secundus
3496 4929 3676 4983 codex

2027 5005 2262 5076 optimae
2296 5009 2442 5076 nota:
2475 5008 2531 5076 et
2561 5002 3237 5076 antiquissimus.Locu_s
3253 5000 3348 5056 hic
3370 5007 3435 5076 ut
3458 4999 3676 5056 intelli-

2027 5070 2216 5149 gatur,
2253 5074 2464 5146 supple
2490 5073 2653 5149 apeév
2701 5070 2833 5146 post
2864 5089 3082 5149 _voccm
3139 5070 3328 5149 πάθος,
3361 5073 3668 5149 Postquam

2026 5143 2303 5204 sublatum
2331 5143 2412 5202 est
2443 5143 2641 5202 vitium
2688 5143 2978 5218 superbia,
3014 5148 3130 5200 ium
3185 5145 3244 5214 fit
3293 5145 3472 5199 morbi
3507 5143 3678 5216 iquasi

2028 5222 2246 5276 amotio.

2101 5292 2221 5362 (90)_
2247 5287 2642 5362 Typographi,
2679 5304 2804 5357 quae
2829 5291 2954 5362 erat
2981 5303 3176 5342 eorum
3212 5283 3540 5362 oscitantis,
3574 5299 3677 5362 pro

2035 5353 2257 5432 μαντεία
2299 5353 2629 5432 Ὲάἰδϐΐέοί,
2693 5353 2953 5428 πονηρία.
2986 5362 3113 5413 Mox
3156 5356 3324 5432 gditi,
3355 5353 3523 5432 μηδὲν
3573 5353 3677 5432 τοῦ

2034 5425 2268 5503 Βαλαὰμ
2295 5439 2394 5500 τῆς
2433 5431 2705 5503 μαντείας.
2741 5425 3032 5500 ΛΓωξΒἿ
3071 5425 3239 5500 μηδὲν
3289 5425 3389 5494 τῆς
3427 5427 3525 5480 τοῦ
3572 5427 3682 5476 Βα-

2032 5505 2186 5576 λαὰμ
2215 5505 2484 5577 μαντείας.
2753 5572 2765 5577 Α
2849 5576 2869 5577 Π
2931 5574 2956 5577 _
3080 5574 3088 5577 _
3192 5565 3206 5577 .
3281 5569 3307 5577 _
3363 5566 3374 5577 .
3581 5563 3647 5577 Η

2105 5565 2425 5648 (91)Ἐόίιὶ,
2464 5577 2683 5648 μαντεῖα
2709 5572 2896 5628 αὐτοῦ.
2931 5574 3096 5627 Deest
3150 5565 3312 5621 αὐτοῦ
3360 5566 3418 5622 in
3467 5565 3685 5621 nostris

2038 5654 2290 5721 quatuor
2321 5648 2642 5706 codicibus.

2109 5723 2219 5793 (92,
2252 5705 2441 5780 Codex
2472 5735 2649 5790 unus,
2681 5713 2956 5784 ὀλολύξαι.
2989 5711 3158 5782 nam,
3191 5705 3467 5779 ὀλολύζει.
