4134 6224
483 356 605 417 655

1437 341 1833 406 APPENDIX
1878 335 2213 401 OPERUM
2257 339 2325 399 S.
2373 341 2661 406 BASILII
2706 346 2986 409 MAGNI.

3787 349 3915 411 656

481 504 617 549 cum
648 483 909 543 ululatus
940 499 1048 540 vox
1078 481 1155 538 sit
1180 478 1378 537 dolore
1410 476 1604 550 plena,
1636 492 1670 531 a
1700 470 2048 530 mulieribus
2077 472 2133 525 ut

2254 471 2323 543 τῇ
2373 468 2712 549 ,Μωαϐίτιδι
2777 478 2972 541 πάντες
3046 475 3430 550 ὀλολόξουσιν.
3490 478 3644 535 Ἐπεὶ
3716 478 3811 535 οὖν
3885 481 3913 535 ὃ

479 576 805 653 plurimum
845 570 1197 646 gravissimo
1228 568 1389 624 luctu
1440 564 1726 638 correptis
1774 561 1994 619 emissa
2029 578 2045 628 ;
2076 562 2141 653 ut

481 646 668 741 plagae
698 662 929 719 inﬂicta:
956 659 1357 723 acerbitatem,
1391 655 1474 711 ita
1510 669 1712 710 eorum
1744 650 1845 741 qui
1879 648 2031 741 male
2054 646 2140 741 af-

485 738 763 814 liciuntur
791 748 1197 807 inﬁrmitatem
1230 744 1508 815 ostendit,
1540 758 1675 799 cum
1719 740 1863 797 dicit
1893 756 1907 795 :
1945 738 2140 796 Ulala-

494 847 575 903 bit
598 843 769 902 Moab.

556 1113 682 1168 308.
732 1107 1130 1167 Habitantibus
1159 1106 1319 1163 Sedec
1362 1102 1668 1160 meditatio.
1716 1103 1880 1154 Hanc
1936 1112 2138 1153 vocem

485 1219 610 1275 quae
643 1200 893 1257 obscura
922 1199 1031 1263 est,
1064 1196 1383 1268 explanant
1413 1189 1623 1262 reliqui
1655 1184 2143 1259 interpretes.Ait

483 1291 641 1348 enim
667 1285 1054 1362 Symmachus
1090 1302 1103 1339 :
1136 1284 1214 1340 Ad
1244 1282 1584 1339 exsultantes
1618 1281 1677 1333 in
1715 1292 1875 1332 muro
1906 1279 2137 1331 testaceo

483 1377 797 1452 loquimini.
830 1375 958 1430 Non
981 1374 1196 1429 desunt
1222 1372 1324 1444 qui
1358 1368 1666 1442 magniﬁce
1710 1366 1782 1421 de
1813 1381 1877 1419 se
1907 1364 1979 1419 ob
2013 1363 2137 1418 dia-

481 1468 749 1526 lecticam
783 1462 1125 1528 sentiant,et
1155 1459 1426 1532 praesidio
1448 1458 1519 1512 ab
1553 1473 1620 1512 ea
1640 1454 1821 1527 petito
1852 1457 2135 1523 tanquam

486 1572 658 1614 muro
687 1549 1126 1624 inexpugnabili
1172 1550 1450 1620 dogmata
1496 1561 1605 1600 sua
1652 1541 2134 1613 circumcingunt.

487 1646 558 1705 Hi
584 1645 763 1717 igitur
792 1641 892 1714 qui
923 1640 1214 1709 laetantur,
1260 1636 1639 1692 inveniuntur
1665 1632 1727 1687 in
1758 1647 1927 1687 muro
1956 1634 2136 1686 testa-

489 1750 610 1792 ceo.
644 1737 714 1788 Et
738 1736 802 1787 ut
831 1729 1072 1804 planum
1106 1727 1289 1793 fieret,
1308 1724 1449 1797 quid
1481 1724 1561 1779 sit
1589 1738 1794 1778 murus
1822 1724 2135 1787 testaceus,

2250 554 2570 637 ὅλολυγμὸς
2592 566 2747 643 φωνή
2779 564 3022 644 ὀδυνηρά
3050 567 3191 624 ἐστιν
3229 568 3335 624 ὑπὸ
3390 572 3688 644 γυναικῶν,
3724 567 3801 631 ὡς
3847 567 3911 623 τὰ

2251 646 2457 735 πολλὰ,
2490 650 2541 706 ἐν
2594 653 2771 719 πένθει
2818 656 3106 732 βαρυτάτῳ
3151 656 3572 733 κεκρατημένων
3615 658 3909 735 ἀφιεμένην

2253 734 2487 793 δείκνυσι
2532 742 2624 796 καὶ
2670 750 2769 814 τῆς
2812 743 3034 821 πληγῆς
3084 747 3145 801 τὸ
3190 743 3460 822 ἀλγεινὸν,
3492 745 3585 802 καὶ
3632 734 3747 803 τῶν
3806 766 3906 803 πα-

2250 826 2500 972 ἷι-χόέἓων
2552 831 2615 886 τὸ
2673 833 2891 897 ἀσθενὲς
2947 833 3007 889 ἐκ
3054 839 3152 890 τοῦ
3218 833 3415 912 λέγειν,
3477 833 3559 891 ὅτι
3613 833 3905 907 Ὁλολόξει

2308 938 2352 971 ω
2426 958 2442 972 .

2308 938 2442 977 ωαο.

2320 1098 2445 1154 308.
2505 1100 2640 1161 Τοῖς
2696 1102 3008 1156 κατοικοῦσι
3076 1097 3245 1156 Σεδὶκ
3317 1099 3631 1175 μελετησις.
3690 1100 3907 1172 Ταότην

2247 1184 2347 1251 τήν
2389 1185 2574 1261 φωνὴν
2606 1185 2825 1263 ἀσαφῶς
2859 1185 3089 1263 ἔχουσαν
3143 1189 3197 1243 οἱ
3242 1186 3434 1243 λοιποὶ
3485 1190 3906 1264 σαφηνίζουσιν.

2248 1271 2310 1327 Ὁ
2369 1272 2472 1348 γὰρ
2520 1272 2830 1351 Σύμμαχός
2910 1295 3082 1350 φησι⁸
3136 1279 3271 1339 Τοῖς
3340 1275 3798 1356 εὐφραινομένοις
3855 1277 3905 1334 ἓν

2245 1365 2325 1432 τῷ
2380 1361 2551 1437 τείχει
2608 1364 2905 1441 ὀστρακίνῳ
2962 1365 3257 1441 φθέγξασθε
3312 1368 3447 1440 (93).
3478 1366 3601 1423 Εἰσί
3655 1388 3807 1433 τινες
3856 1370 3906 1423 ol

2251 1450 2386 1525 μέγα
2443 1456 2768 1529 φρονοῦντες
2817 1452 2906 1508 ἐπὶ
2966 1452 3309 1530 διαλεκτικῇ,
3349 1456 3437 1510 καὶ
3499 1456 3664 1512 οῗονεὶ
3716 1463 3906 1534 τεῖχος

2248 1538 2593 1613 ἀκαθαίρετον
2653 1543 2754 1611 τήν
2811 1541 2904 1597 ἀπ’
2951 1543 3119 1609 αὐτῆς
3180 1544 3431 1619 βοήθειαν
3486 1547 3607 1607 τοῖς
3670 1543 3906 1623 δόγμασι

2245 1623 2700 1701 περιϐάλλοντες.
2734 1632 2896 1686 Οὗτοι
2924 1632 3104 1687 τοίνυν
3150 1631 3587 1713 εὐφραινόμενοι,
3624 1636 3903 1711 εὑρίσκονο

2244 1737 2333 1772 ται
2365 1717 2417 1772 ἐν
2449 1723 2529 1791 τῷ
2558 1720 2731 1795 τείχει
2760 1725 2837 1793 τῷ
2867 1720 3186 1798 ὀστρακίνῳ.
3219 1723 3317 1779 Καὶ
3341 1720 3430 1778 ’ίνα
3479 1721 3706 1801 δειχθῇ,
3736 1724 3792 1781 τί
3840 1726 3903 1782 τὸ

492 1822 707 1895 adjecit
733 1820 880 1875 illud
916 1836 929 1874 :
962 1813 1529 1888 Loquimini.Ecqutd
1555 1815 1752 1868 autem
1782 1813 1934 1865 testa
1963 1808 2133 1905 luerit

2249 1804 2569 1905 ἐστράκινον
2619 1814 2831 1905 τεῖχος,
2875 1811 3180 1886 προσέθηκε
3224 1812 3309 1880 τὸ,
3359 1813 3693 1887 Φθὲγξασθε.
3738 1814 3811 1871 Τί
3856 1812 3904 1869 δ’

490 1916 665 1987 captu
699 1906 973 1966 facilius?
1002 1906 1109 1973 Qui
1141 1904 1203 1961 in
1234 1903 1449 1960 fabulis
1481 1900 1695 1958 vilibus
1732 1903 1789 1955 et
1812 1914 1923 1987 pro
1954 1896 2133 1953 nihilo

2248 1894 2305 1987 δν
2340 1894 2607 1987 ὀστρακου
2655 1897 2870 1987 γένοιτο
2919 1898 3319 1977 εὐαλωτότερον
3346 1921 3360 1971 ;
3390 1902 3458 1959 Ol.
3502 1900 3555 1957 ἐν
3607 1904 3723 1976 (94)
3756 1903 3901 1959 εὖτε·-

490 1998 775 2057 ducendis
807 1992 1201 2069 gloriantur,ii
1230 1993 1291 2047 in
1322 2007 1491 2046 muro
1521 1993 1778 2045 testaceo
1808 1986 2135 2058 loquentes,

491 2088 1004 2147 oblectantur.Hoc
1036 2081 1150 2139 sibi
1171 2079 1299 2135 vult
1326 2078 1473 2134 illud
1509 2095 1521 2132 :
1555 2076 1937 2134 Habitantibae
1968 2073 2140 2130 Sedec

483 2176 791 2235 meditatio.
810 2175 878 2229 Et
909 2172 1145 2246 quidem
1176 2170 1331 2225 bona
1361 2173 1453 2223 est
1491 2165 1813 2231 meditatio,
1866 2162 2136 2219 meditari

481 2267 669 2341 legem
706 2261 935 2320 Domini
961 2261 1055 2317 die
1092 2275 1160 2315 ac
1188 2262 1357 2314 nocte
1389 2273 1404 2312 :
1435 2256 1537 2312 sed
1579 2253 1884 2310 meditatio
1914 2251 2137 2308 Moabi-

481 2361 679 2413 tarum
710 2351 865 2410 mala
911 2354 1001 2407 est
1029 2353 1086 2406 et
1133 2363 1332 2420 prava,
1383 2344 1525 2417 quia
1566 2344 1679 2400 erit
1734 2341 2138 2399 habitantibus

484 2446 662 2502 Sedec
684 2438 1355 2508 meditatio.Quicunque
1384 2450 1521 2506 ergo
1554 2431 1783 2489 fabulas
1813 2430 2140 2503 ignominia

490 2535 702 2606 dignas
736 2531 1499 2598 meditantur,nequaquam
1534 2523 1757 2595 pudore
1786 2520 2135 2576 afficientur.

493 2626 684 2692 Quare
713 2620 898 2692 campi
924 2618 1141 2675 Esebon
1188 2615 1467 2687 lugebant.
1499 2612 1760 2684 lrrogata
1815 2626 1919 2682 pro
1950 2610 2139 2681 impu-

492 2712 692 2769 dentia
723 2725 914 2783 poena,
940 2704 1334 2763 infecunditas
1380 2705 1471 2758 est
1514 2715 1855 2772 camporum
1886 2698 2137 2754 Esebon.

496 2804 599 2856 Est
626 2802 821 2856 autem
842 2796 1068 2853 Esebon
1101 2793 1255 2849 θη
1279 2806 1493 2847 nomen
1515 2786 1774 2845 civitatis
1792 2786 2135 2855 Moabiticae,

494 2906 619 2964 quae
653 2889 711 2944 in
761 2884 1062 2944 suburbiis
1112 2881 1224 2939 sibi
1268 2877 1824 2950 circumjacentibus
1870 2875 2136 2948 amplum

494 2992 702 3051 agrum
727 2977 939 3032 habet:
972 2990 1100 3046 qua
1126 2971 1201 3027 ob
1222 2969 1577 3042 ﬂagitiosam
1595 2965 1921 3022 incolarum
1946 2965 2136 3020 medi-

488 3068 772 3123 tationem
808 3062 1123 3119 infecunda
1152 3063 1326 3115 erunt
1370 3062 1428 3113 et
1473 3057 1859 3122 infructuosa,
1912 3052 2135 3109 emolu-

488 3159 756 3212 mentum
789 3151 1017 3208 nullum
1040 3149 1264 3205 colonis
1293 3147 1419 3205 suis
1446 3145 1765 3202 atl‘erentia.
1796 3142 1957 3209 Quod
1990 3143 2039 3198 si
2067 3159 2135 3198 ex

485 3242 616 3314 ipsa
644 3243 820 3297 etiam
874 3239 1034 3295 verbi
1093 3238 1329 3293 notione
1360 3252 1426 3292 ac
1480 3231 1867 3305 intelligentia
1921 3248 2027 3303 par
2056 3231 2135 3287 sit

388 3356 391 3363 ·
486 3330 747 3403 aliquam
777 3328 1033 3400 arripere
1059 3324 1421 3382 occasionem
1456 3342 1468 3381 :
1503 3323 1751 3390 Esebon,
1798 3320 1847 3376 si
1882 3318 2015 3393 quis
2044 3320 2136 3375 in-

483 3421 854 3492 terpretetur,
885 3416 1041 3476 idem
1072 3414 1224 3470 valet
1254 3413 1408 3485 quod
1436 3413 1717 3481 cogitatio.
1743 3412 1941 3480 Itaque
1962 3426 2138 3465 vana-

485 3525 619 3566 rum
651 3524 718 3564 ac
749 3504 1007 3562 futilium
1041 3502 1472 3574 cogitationum
1507 3500 1826 3556 multitudo
1870 3515 2000 3571 quae
2032 3515 2137 3555 no-

485 3598 647 3655 mine
702 3610 1042 3667 camporum
1095 3591 1459 3665 designatur,
1510 3590 1639 3646 ideo
1684 3588 1930 3661 lugebit,
1980 3589 2134 3660 quod

485 3686 804 3759 impiorum
836 3685 1177 3757 dogmatum
1228 3680 1486 3754 pravitas
1536 3678 1681 3735 nlhil
1733 3677 1812 3735 sit
1857 3677 1972 3734 sibi
2001 3694 2134 3750 pro-

486 3777 730 3834 factura.

554 3866 680 3921 309.
718 3865 884 3922 Vinea
914 3862 1179 3929 Sebama,
1213 3858 1308 3931 qui
1353 3857 1632 3929 deglutitie
1675 3860 1877 3930 gentes,
1908 3858 2133 3914 concul—

481 3959 600 4013 cate
626 3956 820 4011 vineas
849 3954 968 4025 ejus
997 3967 1170 4025 usque
1196 3951 1358 4007 ,ἴαχεν
1399 3964 1411 4004 :
1435 3964 1505 4004 ne
1555 3948 1962 4020 conjunxeriti:
1991 3964 2010 4002 :
2040 3964 2136 4003 er-

480 4054 606 4103 rate
628 4060 733 4118 per
759 4044 1038 4101 desertum
1067 4056 1081 4098 :
1114 4041 1273 4096 missi
1295 4036 1554 4094 derelicti
1590 4039 1736 4106 sunt,
1793 4038 2135 4094 transierunt

479 4137 628 4194 enim
659 4150 832 4190 mare.
867 4133 1040 4187 Vsus.
1098 4130 1273 4201 9,10.
1331 4129 1396 4183 Et
1442 4127 1561 4183 ideo
1618 4126 1915 4197 plorabant
1973 4130 2135 4199 quasi

472 4225 758 4298 ploratum
786 4223 964 4289 laser,
996 4222 1214 4276 vineam
1246 4216 1498 4273 Sebama.
1549 4214 1781 4270 Arbores
1828 4222 1952 4271 tua:
1975 4215 2127 4287 deje-

473 4317 547 4369 cit
578 4314 784 4368 Esebon
812 4319 865 4367 et
889 4310 1096 4376 Eleale,
1115 4308 1245 4379 quia
1264 4321 1493 4361 messem
1522 4313 1679 4359 tuam
1708 4308 1757 4359 et
1787 4304 2130 4360 vindemiam

473 4406 637 4458 tuam
682 4398 1029 4469 conculcabo,
1097 4405 1150 4452 et
1194 4395 1383 4451 omnia
1437 4392 1740 4449 concident.
1790 4395 1857 4448 Et
1906 4393 2129 4450 tollitur

477 4489 678 4548 latitia
706 4497 761 4544 et
788 4486 1093 4543 exsultatio
1118 4485 1182 4541 de
1212 4484 1387 4539 vinei:
1421 4498 1433 4537 :
1468 4486 1519 4537 et
1549 4483 1607 4536 in
1636 4483 1813 4538 vineis
1864 4485 1973 4538 tuis
2016 4500 2123 4541 non

2245 1982 2364 2040 λὲσι
2395 1985 2485 2040 καὶ
2516 1984 2736 2050 οὐδενὸς
2767 1985 2935 2065 λόγου
2978 1989 3149 2060 ἀξίοις
3209 1988 3403 2063 μύθοις
3451 1986 3900 2067 ἐναϐρυνόμενοο⁹

2245 2073 2396 2129 οὗτοι
2423 2074 2795 2154 εὐφραίνονται
2829 2076 2881 2132 ἐν
2912 2083 2995 2151 τῷ
3040 2078 3213 2154 τείχει
3262 2082 3341 2151 τῷ
3381 2078 3689 2155 ὀστρακίνῳ
3741 2092 3902 2160 φθεγ-

2243 2162 2493 2237 γόμενοι.
2523 2165 2701 2221 Τοῦτό
2733 2166 2847 2221 ἐστι
2902 2167 2988 2236 τὸ,
3018 2172 3148 2230 Τοῖς
3204 2171 3519 2224 κατοικοῦσι
3578 2166 3753 2226 Σεδὶκ
3809 2192 3904 2245 με-

2246 2251 2487 2323 λὲτησις.
2524 2254 2723 2330 Ἀγαθή
2790 2255 2883 2328 μὲν
2946 2254 3037 2310 οὖν
3103 2255 3415 2330 μελέτησις,
3444 2259 3509 2313 τὸ
3543 2256 3778 2331 μελετᾷν
3810 2261 3899 2316 τὸν

2243 2340 2412 2415 νόμον
2447 2342 2645 2416 Κυρίου
2671 2344 2882 2419 ἡμέρας
2931 2344 3021 2400 καὶ
3065 2342 3281 2408 νυκτός’
3332 2347 3549 2421 πονηρὰ
3599 2345 3659 2403 δὶ
3709 2352 3745 2419 ἡ
3795 2354 3901 2405 τῶν

2247 2425 2579 2500 Μωαϐιτῶν,
2610 2430 2694 2487 ὅτι
2731 2429 2879 2488 ἔσται
2935 2440 3053 2497 τοῖς
3093 2439 3410 2490 κατοικοῦσι
3441 2433 3611 2491 Σεδὲκ
3663 2436 3901 2510 μελέτη-

2247 2540 2348 2581 σις.
2383 2521 2451 2577 Οἱ
2480 2520 2663 2575 τοίνυν
2702 2520 3037 2595 μελετῶντες
3071 2522 3155 2578 ἐπ’
3184 2522 3451 2599 αἴσχύνης
3481 2524 3659 2595 ἀξίοις
3714 2525 3905 2602 λόγοις

2248 2607 2346 2663 οὐκ
2426 2608 2867 2685 ἐντραπήσονται.
2928 2612 3027 2666 Διὰ
3105 2616 3267 2667 τοῦτο
3321 2612 3397 2667 Τὰ
3445 2610 3609 2668 πεδία
3666 2610 3905 2672 Ἐσεϐὼν

2246 2699 2520 2768 πενθήσει.
2580 2701 2837 2774 Τιμωρέα
2891 2704 2989 2756 τοῦ
3052 2701 3127 2774 μὴ
3185 2700 3555 2779 ἐντρέπεσθαι,
3607 2705 3644 2772 ἡ
3700 2704 3902 2781 ἀφορία

2243 2799 2351 2850 τῶν
2417 2793 2617 2851 πεδίων
2652 2792 2908 2855 Ἐσεϐών.
2938 2800 3091 2855 ’Ἐστι
3151 2796 3209 2854 δέ
3263 2798 3478 2861 πόλεως
3526 2796 3705 2873 ὄνομα
3735 2803 3900 2858 Μωα-

2244 2877 2479 2958 ϐιτικῆς,
2530 2884 2874 2963 εὐρυχωρίαν
2927 2884 3167 2962 ἐχούσης
3207 2886 3258 2942 ἐν
3320 2892 3435 2950 τοῖς
3489 2890 3899 2963 περικειμὲνοις

2242 2974 2383 3048 αὐτῇ
2415 2976 2777 3051 προαστείοις·
2811 2974 2845 3029 ’ἁ
2874 2973 2964 3030 διὰ
2991 2976 3090 3045 τήν
3134 2976 3379 3050 πονηρὰν
3409 2981 3517 3031 τῶν
3573 2979 3897 3034 κατοικούν-

2243 3082 2350 3117 των
2413 3062 2703 3135 μελέτησιν
2764 3060 2929 3140 ἄγονα
2974 3062 3122 3120 ἔσται
3179 3065 3270 3120 καὶ
3337 3064 3572 3141 ἄκαρπα,
3630 3065 3896 3141 οὐδεμίαν

2247 3149 2513 3228 ὦφέλειαν
2544 3157 2663 3215 τοῖς
2690 3157 3005 3208 κατοικοῦσι
3036 3155 3367 3231 παρεχοντα.
3396 3154 3461 3211 Εἰ
3512 3153 3571 3209 δὲ
3600 3152 3688 3210 δεῖ
3715 3158 3809 3211 καὶ
3842 3156 3901 3212 ἐκ

2243 3246 2346 3310 τῆς
2392 3244 2490 3296 τοῦ
2549 3240 2795 3318 ῥήματος
2849 3240 3092 3305 διανοίας
3166 3239 3351 3299 λαϐεῖν
3407 3264 3529 3299 τινα
3592 3244 3899 3321 ἀφορμήν·

2245 3324 2484 3386 Ἐσεϐὼν
2543 3331 2570 3384 ὁ
2626 3327 2985 3407 διαλογισμὸς
3053 3332 3166 3404 (95)
3224 3331 3604 3409 ἑρμηνεύεται.
3663 3334 3743 3389 Τὰ
3812 3333 3905 3390 οὖν

2244 3414 2434 3487 πλήθη
2467 3421 2575 3472 τῶν
2611 3418 2851 3491 ματαίων
2885 3416 3264 3495 διαλογισμῶν
3296 3419 3329 3475 ἃ
3358 3418 3517 3476 πεδία
3560 3421 3905 3497 ὠνόμασται,

2244 3505 2525 3576 πενθήσει,
2559 3505 2634 3569 ὡς
2669 3507 2744 3569 εἰς
2777 3504 2928 3562 οὐδὲν
2962 3508 3369 3585 προχωρούσης
3420 3515 3521 3580 τῆς
3576 3508 3750 3567 οἶονεὶ
3811 3533 3910 3567 πο-

2244 3592 2436 3670 νηρίας
2464 3598 2572 3650 τῶν
2606 3590 2815 3651 ἀσεϐῶν
2844 3593 3155 3673 δογμάτων.

2313 3863 2438 3919 309⁸
2498 3860 2790 3936 νΑμπελος
2848 3857 3092 3936 Σεϐαμᾶ,
3146 3865 3536 3928 καταπίνοντες
3604 3865 3678 3922 τὰ
3754 3865 3907 3941 ἔθνη,

2239 3952 2653 4022 καταπατήσατε
2729 3952 2824 4013 τὰς
2894 3950 3178 4026 ἀμπέλους
3264 3953 3434 4024 αὐτῆς
3513 3951 3624 4018 ἕως
3693 3957 3904 4034 Ἰαζήρ.

2240 4038 2313 4095 Οὔ
2396 4040 2472 4113 μὴ
2551 4038 2824 4115 συνάψητε
2856 4059 2869 4074 ·
2924 4039 3245 4114 πλανήθητε
3320 4045 3418 4114 τήν
3495 4038 3711 4121 ἔρημον
3748 4066 3765 4079 ·
3852 4047 3903 4100 ol.

2240 4125 2641 4202 ἀπεπαλμὲνοι
2767 4127 3256 4207 ἐγκατελείφθησαν
3364 4134 3511 4206 (96)
3543 4150 3558 4164 ⁶
3638 4129 3904 4204 διέϐησαν

2238 4218 2343 4294 γὰρ
2383 4217 2480 4287 τὴν
2529 4215 2821 4275 θάλασσαν.
2854 4217 2955 4273 Καὶ
3013 4216 3104 4274 διὰ
3153 4223 3319 4275 τοῦτο
3366 4220 3701 4277 κλαύσονται
3763 4225 3905 4298 (97),

2238 4308 2313 4370 ὡς
2389 4307 2482 4362 τὸν
2552 4304 2832 4380 κλαυθμὸν
2910 4308 3114 4383 ⁹Ιαζήρ,
3194 4306 3443 4382 ἄμπελον
3519 4305 3777 4384 Σεϐαμᾶ.
3837 4314 3909 4367 Τᾶ

2238 4393 2427 4473 δένδρα
2507 4416 2604 4451 σου
2677 4391 2969 4452 κατέϐαλεν
3018 4392 3252 4454 Ἐσεϐὼν
3331 4398 3424 4453 καὶ
3484 4398 3756 4471 Ἐλεαλὴ,
3817 4401 3905 4456 δτι

2235 4484 2322 4540 ἐπὶ
2375 4488 2453 4557 τῷ
2513 4490 2756 4562 θερισμῷ
2830 4506 2927 4540 σου
2982 4485 3072 4541 καὶ
3126 4491 3207 4560 τῷ
3260 4492 3523 4563 τρυγητῷ
3571 4508 3670 4543 σου
3731 4511 3903 4546 καταο

476 4579 839 4644 ιέειαὸιιηιιιν,
871 4592 1045 4647 neque
1075 4573 1363 4630 calcabanl
1393 4573 1587 4628 vinum
1617 4573 1675 4627 in
1706 4573 2073 4629 torcularibus
2103 4590 2117 4630 :

2248 4576 2504 4644 τατήσω,
2564 4572 2653 4628 καὶ
2739 4574 2913 4629 πάντα
2998 4574 3431 4631 καταπεσοῦνται
3468 4620 3481 4634 .
3543 4577 3644 4632 Καὶ
3737 4578 3903 4655 ἀρθή-

473 4670 678 4727 etenim
704 4668 952 4724 cessavit.
976 4664 1260 4736 Superius
1282 4661 1504 4718 dictum
1535 4665 1624 4717 est
1651 4678 1664 4717 :
1702 4660 1893 4733 Campi
1919 4664 2127 4720 Esebon

2248 4683 2382 4718 τεται
2465 4661 2770 4740 εὐφροσύνη
2824 4662 2915 4719 καὶ
2973 4662 3297 4739 ἀγαλλίαμα
3359 4664 3419 4721 lx
3471 4670 3580 4721 τῶν
3639 4665 3903 4740 ἀμπελώ-

475 4757 763 4832 lagebunl.
813 4760 980 4811 Nunc
1030 4753 1268 4811 additur
1301 4769 1312 4808 :
1348 4753 1409 4807 Et
1455 4752 1619 4807 vinea
1660 4751 1893 4807 Sebama
1920 4769 1939 4808 .'
1981 4754 2124 4808 sub-

2248 4774 2365 4824 nov,
2397 4752 2488 4807 καὶ
2545 4752 2597 4807 ἐν
2656 4757 2771 4815 τοῖς
2831 4752 3124 4827 ἀμπελῶσι
3183 4775 3279 4810 σου
3337 4754 3398 4810 οὐ
3457 4757 3533 4829 μή
3594 4754 3897 4835 εὐφρανθή-

456 4838 733 4917 auditur,
763 4846 993 4918 lugebit.
1046 4845 1248 4916 Itaque
1293 4855 1664 4913 unaquaeque
1713 4856 1857 4912 gens
1895 4840 2123 4899 vineam

2248 4864 2441 4916 τονται,
2501 4841 2593 4897 καὶ
2680 4842 2740 4897 οὐ
2832 4845 2908 4913 μή
2989 4844 3303 4914 πατήσωσιν
3363 4842 3442 4908 εἱς
3494 4843 3562 4900 τὰ
3620 4845 3899 4917 ὑπολήνια

475 4936 736 5009 aliquam
766 4935 981 4991 habere
1010 4932 1247 5002 dicitur,
1281 4929 1458 4987 sicuti
1506 4933 1598 4986 est
1645 4930 2033 4987 Sodomorum
2066 4937 2125 4989 et

2248 4933 2378 4989 >ίνον
2407 4951 2421 4966 ·
2477 4932 2747 4987 πέπαυται
2805 4930 2932 5007 γάρ.
2996 4932 3236 4988 Κατόπιν
3292 4929 3505 5010 εἷ’ρηται
3532 4951 3545 4966 ·
3597 4933 3676 4989 Τὰ
3734 4932 3898 4990 πεδία

2228 5097 2328 5167 tri,
2363 5094 2396 5149 ἃ
2424 5090 2605 5150 πεδια.
2638 5094 2859 5151 Vocula
2886 5092 2919 5149 ἃ
2948 5095 3006 5167 in
3049 5094 3225 5167 editis
3250 5095 3635 5153 desideratur.

2302 5164 2416 5241 (96)
2466 5169 2656 5223 Codex
2713 5183 2890 5237 unus,
2968 5164 3474 5245 ἐγκατελήφθησαν,
3526 5171 3899 5228 circumventi

2444 5309 2620 5387 Editig
2654 5309 2952 5387 etinostri
2999 5314 3265 5387 quatuor
3320 5326 3487 5387 mss.,
3532 5306 3895 5387 κλαύσονται,

2219 5382 2539 5453 plorabant.
2559 5383 2630 5436 At
2652 5385 2823 5453 LXX,
2848 5382 3251 5509 Eusebiusqiue
3278 5387 3337 5439 et
3363 5382 3897 5454 Procopius,xla6L

2224 5474 2412 5509 σομαι.
2444 5454 2685 5509 nlorabo.
2718 5457 2847 5509 Mox
2887 5454 3027 5509 editi
3059 5459 3115 5509 et
3188 5472 3260 5509 uo
3294 5472 3462 5509 mea.
3490 5450 3743 5509 ἄμπελον
3780 5462 3888 5509 Σε.

542 5452 654 5531 (94)
688 5458 858 5514 Editi.
888 5456 956 5512 Ol
989 5453 1102 5511 οὗν.
1128 5458 1236 5510 Pro
1268 5452 1360 5506 οὖν
1384 5452 1665 5508 ίοιιπὶῠυε
1697 5468 1838 5507 mss.
1873 5452 2113 5525 legitur,
2222 5454 2685 5582 ἕομοξι,Ᾰ)ἶρνὲί)0.
2718 5452 2847 5509 Mox
2887 5454 3027 5543 editi
3059 5459 3115 5581 ext
3142 5452 3764 5586 duoymsséfbanelovs
3780 5462 3888 5587 ΣΞ.

532 5573 544 5587 ,
2260 5546 2391 5588 αμα.
2501 5544 2537 5581 ιι
2612 5543 2686 5581 uo
2718 5543 2887 5588 mss.,
2923 5540 3069 5588 αμπε
3113 5546 3197 5588 ος.
3283 5544 3410 5585 mea
3544 5544 3698 5585 ama.
3771 5547 3805 5586 u
3862 5563 3887 5574 -

497 5552 961 5681 ν(95)]Ες1ἰρίίὶκοὶ
1010 5591 1379 5681 διαλογισμοίἒ
1435 5599 1506 5650 At
1558 5594 1723 5681 ﬁegii
1772 5593 1998 5681 primus
2054 5601 2112 5655 et

2248 5546 2391 5655 ιαᾶια.
2426 5546 2537 5609 λίψ]
2571 5546 2686 5581 ouo
2718 5546 2887 5592 mss.,
2923 5546 3197 5597 αμπεΛος.
3247 5546 3410 5585 rmca
3442 5546 3698 5585 aeoama.
3722 5546 3887 5587 aun-

2248 5616 2279 5655 n
2302 5616 2357 5681 _e
2385 5599 2550 5667 editi,
2572 5598 2826 5681 pagich
2871 5598 2961 5653 καὶ
2994 5595 3081 5652 ἐπὶ
3111 5603 3213 5671 τῷ.
3250 5598 3403 5656 Libri
3449 5602 3697 5668 veteres,
3732 5612 3888 5679 θερι-

465 5667 697 5743 tertius,
729 5672 757 5727 ὁ
786 5667 1315 5747 διαλογισμός.’Νεο
1343 5668 1425 5726 ita
1454 5667 1640 5727 multo
1671 5672 1803 5741 post
1830 5683 1975 5745 mss.
2005 5687 2109 5728 no-

2248 5675 2343 5745 ’μῷ
2374 5690 2469 5726 σου
2498 5668 2588 5725 καὶ
2615 5667 2715 5741 τῷ.

543 5097 1017 5180 (93)“Οοάίοθε,1³.
1052 5099 1140 5180 Η..
1169 5095 1222 5151 J.
1255 5110 1407 5180 cum
1462 5091 1622 5180 golyb.
1654 5092 1870 5180 primo,
1903 5094 2119 5180 φθέγξαι.

472 5162 614 5235 σθαι.
640 5162 790 5242 'Reg.
825 5168 1033 5242 tertius
1091 5172 1149 5242 et
1204 5165 1364 5231 editi,
1405 5162 1725 5242 ⁸(ει-(ξὲγξ-οισϐε,
1753 5162 2120 5242 _ncc'aliter

468 5244 687 5317 legitur
701 5236 854 5315 apud
869 5239 1239 5317 Procopium,
1254 5254 1382 5317 pag:
1397 5236 1876 5317 236(Not‘audum
1895 5241 2113 5317 tamen,

470 5306 623 5398 quod
643 5306 779 5398 Reg“.
799 5312 1006 5369 tertius
1038 5306 1503 5398 Eab'eat'et'ipsc‘
1516 5306 1691 5398 paulo
1716 5318 1845 5378 post
1874 5306 2115 5381 perinde

469 5377 639 5458 atque
671 5377 770 5443 alii
802 5402 971 5458 mss.,
997 5377 1409 5458 προσέθηκεθτίί
1438 5377 1769 5458 φθὲγξαςθαι.

470 5528 495 5583 ἔ
542 5449 654 5531 (94)
688 5458 858 5514 Editi.
888 5449 963 5512 Oti
989 5449 1102 5511 οὗν.
1128 5449 1236 5510 Pro
1268 5449 1360 5506 οὖν
1384 5449 1665 5508 ἱιίίνὶὺυε
1697 5468 1838 5507 mss.
1873 5450 2113 5525 legitur,

497 5552 544 5583 ν.
