4134 6224
521 367 640 431 659

1465 367 1862 430 APPENDIX
1906 365 2231 430 OPERUM
2279 367 2344 428 S.
2390 367 2673 428 BASlLll
2720 367 2992 430 MAGNI.

3816 365 3940 426 660

521 501 747 573 optimo
794 501 1114 558 dixerimus
1167 516 1371 556 eorum
1421 499 1713 556 culturam
1764 501 1892 556 esea
1945 501 2173 556 vineam

2300 497 2548 552 τοιούτων
2615 498 2677 553 τὸ
2736 499 3000 574 γεώργιόν
3060 499 3138 571 (6)
3194 496 3332 553 ἐστιν
3383 496 3630 570 ἄμπελος
3685 490 3932 566 Σεόαμά·

520 591 771 646 Schema
805 607 818 646 :
852 591 961 647 hoc
989 596 1098 662 est,
1131 589 1563 661 doctrinam,ex
1594 590 1808 661 pietate
1839 594 1896 644 et
1929 607 1997 645 ex
2027 605 2171 644 sana

2300 588 2573 655 τουτέστιν,
2626 587 2689 641 ού
2740 587 2863 662 περὶ
2922 582 3222 650 θεοσεϐείας
3283 587 3416 659 μὲν,
3476 583 3601 640 οὐδὲ
3656 586 3784 661 περὶ
3837 592 3933 650 τῆς

523 679 816 751 theologia
847 696 1217 752 nequaquam
1251 679 1646 750 desumptam,
1681 679 1782 734 sed
1833 694 1961 734 esse
2003 680 2174 733 docu-

525 773 723 824 menta
751 770 1015 839 quaedam
1047 785 1112 824 ac
1144 771 1449 840 praecepta,
1483 767 1700 840 quibus
1733 784 1961 823 morum
1991 768 2173 822 hone-

526 861 670 924 stas,
705 856 1072 928 societasque
1102 865 1156 911 et
1189 855 1506 912 liberalitas
1529 858 1958 912 contineantur.
1994 857 2054 910 Id
2088 856 2172 926 ip-

529 964 660 1002 sum
694 951 782 1002 est
826 947 988 1001 vinea
1037 948 1304 1015 Sebama,
1341 964 1373 1001 a
1422 947 1691 1000 Moabitls
1739 946 2008 1001 exculta:
2045 962 2176 1015 quae

527 1052 663 1091 cum
695 1051 762 1090 ex
792 1051 854 1089 se
881 1035 1088 1090 uberes
1118 1033 1342 1089 fructus
1376 1035 1610 1106 profert,
1644 1041 1848 1105 gentes
1887 1033 2176 1104 deglutire

524 1123 762 1177 dicitur.
793 1122 862 1176 Hi
895 1123 1051 1177 enim
1103 1122 1426 1178 alienorum
1477 1125 1816 1192 dogmatum
1857 1123 2174 1185 antistites.

523 1226 630 1282 per
658 1209 1020 1266 dialecticam
1053 1210 1112 1266 in
1147 1227 1264 1282 qua
1293 1216 1432 1266 sunt
1479 1211 1794 1280 exercitati,
1825 1215 1882 1266 et
1914 1228 2014 1282 per
2043 1227 2172 1265 om-

522 1315 658 1354 nem
690 1301 1002 1354 verborum
1039 1299 1307 1366 peritiam
1340 1300 1636 1370 quoslibet
1666 1299 2048 1372 philosophus
2084 1317 2174 1354 ru-

521 1387 626 1443 des
661 1394 837 1458 atque
888 1388 1195 1444 hominum
1228 1388 1440 1460 vulgus
1488 1388 1846 1459 subigentes,
1879 1406 1978 1444 eos
2027 1405 2174 1459 quos

528 1477 788 1548 capiunt,
823 1476 991 1548 quasi
1035 1477 1386 1548 deglutiunt.
1421 1477 1670 1532 Proinde
1713 1478 1785 1532 ad
1818 1477 1924 1532 bos
1955 1483 2179 1548 spectat

529 1567 821 1620 sententia
874 1565 1076 1620 istbeec
1113 1582 1125 1619 :
1164 1567 1257 1620 Vos
1305 1568 1404 1636 qui
1433 1564 1713 1636 deglutitis
1763 1572 1978 1637 gentes.
2012 1567 2177 1620 Post-

531 1671 711 1727 quam
743 1671 1044 1710 sermones
1075 1655 1367 1724 ejusmodi
1397 1656 1887 1726 contempseritis,
1911 1673 2008 1710 eos
2040 1671 2177 1710 con-

531 1744 775 1799 culcate.
808 1747 933 1799 Non
966 1743 1120 1799 enim
1154 1744 1644 1816 poteritis,utpote
1675 1745 1732 1799 in
1764 1743 1856 1798 his
1887 1745 2175 1816 occupati,

531 1834 888 1906 conjungere
940 1849 1040 1888 vos
1069 1849 1136 1888 ac
1185 1839 1526 1889 connectere
1574 1850 1708 1888 cum
1751 1834 1940 1900 Jazer,
1971 1850 2098 1902 quae
2128 1832 2176 1888 si

533 1921 963 1994 interpreteris,
1024 1921 1241 1977 dicitur
1295 1923 1588 1993 fortitudo.
1625 1923 1772 1978 Fieri
1836 1923 2015 1994 igitur
2067 1938 2184 1976 non

544 2018 737 2085 potest
785 2017 849 2067 ut
894 2011 1196 2083 excipiatis
1245 2011 1670 2081 fortitudinem,
1703 2029 1880 2083 quam
1931 2011 2186 2083 Spiritus

545 2101 770 2155 confert
819 2105 973 2154 recte
1012 2100 1480 2167 ambulantibus,
1527 2100 1640 2155 nisi
1692 2100 1891 2156 vineas
1937 2099 2188 2155 Sebama

543 2189 918 2245 conculcetis.
958 2187 1394 2244 Obliviscamini
1445 2192 1646 2244 vestras
1693 2189 2048 2258 solitudinis,
2083 2204 2189 2243 nec

541 2278 799 2350 amplius
821 2277 879 2332 in
901 2293 967 2332 ea
987 2277 1376 2348 permaneatis
1405 2278 1582 2349 :quin
1607 2277 1799 2349 potius
1831 2278 1901 2332 ab
1926 2294 1993 2332 ea
2023 2277 2187 2332 aber-

541 2366 1163 2437 rantes,eamdemque
1196 2364 1612 2435 relinquentes,
1645 2366 1703 2420 in
1733 2365 1876 2422 locis
1907 2373 2188 2436 praestan-

542 2453 792 2510 tioribus
823 2453 1236 2508 immoremini.

615 2543 739 2597 3H.
771 2543 925 2598 Missi
969 2542 1217 2598 derelicti
1245 2547 1391 2597 sunt.
1434 2547 1581 2598 Sunt
1628 2543 1896 2598 nonnulli
1947 2545 2190 2616 pseuda-

547 2630 780 2704 postoli,
813 2631 1063 2704 operarii
1095 2630 1305 2702 dolosi,
1335 2632 1392 2686 in
1425 2633 1720 2703 apostolos
1751 2632 1963 2690 Christi
1995 2638 2190 2689 trans-

545 2721 806 2793 figurati,
854 2720 954 2792 qui
1009 2725 1149 2776 sunt
1194 2720 1454 2776 derelicti
1487 2739 1520 2776 a
1565 2721 1702 2778 Deo.
1746 2725 1948 2778 Cavete
1992 2721 2192 2794 itaque

547 2810 846 2883 decipiant
876 2827 997 2876 vos,
1021 2809 1188 2881 quasi
1221 2810 1410 2881 reipsa
1440 2811 1662 2866 viribus
1693 2811 1952 2882 polleant
1983 2828 1996 2867 :
2032 2829 2192 2883 omni

549 2901 768 2973 quippe
820 2899 1034 2955 auxilio
1099 2897 1520 2965 destituuntur,
1577 2905 1833 2970 suntque
1909 2900 2190 2956 derelicti.

547 2990 660 3047 Sed
701 2988 759 3044 hi
790 2987 903 3061 ipsi
944 2988 1120 3043 etiam
1168 2989 1531 3043 transierunt
1585 3004 1762 3043 mare.
1798 2989 1943 3052 Quid
1996 2995 2188 3045 autem

547 3078 658 3134 hoc
689 3077 801 3135 sibi
828 3076 1074 3144 velit,ita
1104 3075 1551 3147 intelligendum
1583 3081 1692 3144 est,
1717 3077 1996 3133 nimirum
2030 3079 2102 3132 ob
2133 3077 2190 3132 id

2285 675 2467 748 ὑγιοῦς
2528 675 2814 749 θεολογίας
2845 673 3187 742 διδασκαλία,
3216 675 3337 747 περὶ
3387 674 3725 747 σεμνότητος
3759 671 3818 728 δί
3847 673 3932 728 καὶ

2282 765 2402 837 περὶ
2436 769 2536 818 τοῦ
2567 769 2890 819 κοινωνικοῦ
2915 766 3003 818 καὶ
3065 763 3419 838 μεταδοτικοῦ
3470 763 3748 832 ὑποθῆκαί
3772 785 3932 826 τινες.

2284 854 2458 910 Τοῦτό
2492 853 2632 909 ἐστιν
2662 853 2908 926 ἄμπελος
2940 848 3181 925 Σεϐαμά,
3209 857 3242 922 ἡ
3282 853 3382 908 ὑπὸ
3415 848 3729 910 Μωαϐιτῶν
3763 872 3933 926 γεωρ-

2281 942 2542 1016 γουμᾶνη,
2597 942 2738 1010 ἥτις,
2770 942 2951 997 πελλά
3006 947 3237 997 ποιοῦτα
3265 942 3332 996 τό.
3359 943 3555 1010 ἑαυτῆς
3597 944 3933 1017 γεννήματα,

2281 1030 2588 1085 καταπίνειν
2620 1033 2686 1085 τὰ
2727 1029 2853 1097 ἔθνη
2887 1030 3120 1105 Λέγεται.
3154 1032 3221 1088 Οἱ
3250 1032 3350 1106 γὰρ
3378 1028 3696 1101 ἀλλοτρίων
3739 1027 3938 1103 δογμά-

2281 1140 2389 1174 των
2420 1121 2836 1194 προεστηκότες,
2871 1117 2959 1174 διά
2994 1127 3096 1188 τῆς
3145 1117 3493 1189 διαλεκτικῆς
3544 1119 3612 1188 ἧς
3661 1140 3938 1195 γεγυμνα-

2284 1209 2472 1282 σμὲνοι
2504 1211 2856 1284 τυγχάνουσι,
2889 1209 2978 1264 καὶ
3009 1209 3187 1278 πάσης
3230 1216 3329 1278 τῆς
3359 1208 3413 1263 ἐν
3459 1206 3647 1283 λόγοις
3679 1209 3938 1276 ἱκανότηο

2281 1318 2400 1365 τος,
2432 1301 2702 1367 ἡττῶντες
2725 1297 2854 1360 τοὺς
2897 1295 3267 1376 ἀφιλοσόφους
3298 1298 3387 1352 καὶ
3420 1295 3667 1359 πολλοὺς
3701 1302 3816 1351 τῶν
3846 1297 3939 1351 άν-

2285 1389 2560 1460 θρώπων,
2637 1387 2802 1443 οἱονεὶ
2873 1388 3227 1442 καταπίνουσι
3311 1386 3441 1449 τοὺς
3519 1385 3939 1459 ἁλισκομένους.

2288 1477 2430 1552 1195,-
2489 1475 2580 1531 οὖν
2637 1478 2861 1540 τούτους
2910 1477 2938 1531 ὁ
2993 1475 3182 1551 λόγος,
3225 1475 3310 1531 ὅτι
3367 1476 3551 1548 Ὑμεῖς
3600 1475 3651 1530 οἱ
3712 1475 3942 1530 καταπί-

2285 1587 2462 1628 νοντες
2519 1566 2587 1620 τὰ
2643 1563 2788 1636 ἔθνη.
2849 1567 3365 1642 Καταφρονήσαντες
3397 1569 3505 1619 τῶν
3536 1563 3807 1618 τοιούτων
3843 1561 3942 1617 λό-

2286 1677 2422 1729 γων,
2470 1657 2880 1724 καταπατήσατε
2945 1653 3163 1716 αύτούς.
3229 1654 3308 1711 Ού
3364 1654 3468 1728 γὰρ
3524 1650 3839 1723 δυνήσεσθε,
3884 1652 3941 1706 ὲκ

2287 1749 2384 1797 τοῦ
2435 1748 2558 1817 περὶ
2612 1748 2781 1798 ταῦτα
2833 1742 3214 1819 ἀσχολεῖσθαι,
3272 1742 3501 1815 συνάψαι
3555 1741 3807 1808 ἑαυτοὺς,
3852 1742 3939 1794 καὶ

2293 1833 2485 1887 ἕνῶσαι
2542 1837 2610 1906 τῇ
2667 1834 2868 1906 Ἰαζὴρ,
2925 1833 3045 1902 ἠτις
3105 1831 3453 1905 ἑρμηνεύεται
3489 1830 3674 1905 ἰσχύς.
3724 1827 3938 1884 ’Δδύνα-

2290 1943 2382 1976 τον
2438 1923 2528 1976 οῦν
2562 1920 2701 1976 ἐστιν
2762 1922 2901 1994 ὑμᾶς
2957 1923 3056 1988 τὴν
3111 1919 3266 1996 ἰσχὺν
3290 1921 3387 1989 τὴν
3417 1919 3474 1974 ἐκ
3497 1924 3595 1974 τοῦ
3623 1920 3938 1991 Πνεύματος

2293 2010 2638 2086 ἐγγινομένην
2692 2016 2807 2072 τοῖς
2865 2010 3042 2085 ὀρθῶς
3108 2010 3500 2084 πορευομένοις
3557 2007 3939 2078 ὑποδὲξασθαι,

2295 2099 2382 2154 ἐὰν
2434 2106 2510 2172 μὴ
2553 2099 2647 2161 τὰς
2703 2098 2983 2172 ἀμπέλους
3061 2099 3157 2160 τὰς
3224 2093 3446 2171 Σεῦαμὶ
3501 2100 3938 2167 καταπατήσητε.

2295 2187 2649 2244 Ἑπιλάθεσθε
2693 2192 2766 2260 (7)
2812 2195 2912 2257 τῆς
2969 2188 3228 2260 ὑμετέρας
3289 2184 3542 2259 ἐρημίας,
3595 2186 3687 2241 καὶ
3750 2187 3940 2258 μηκέτι

2297 2279 2432 2352 αύτῇ
2483 2273 2876 2352 ἐνδιατρίϐητε,
2921 2276 3050 2332 ἀΛλ⁹
3099 2275 3576 2346 ἀποπλανηθέντες
3611 2276 3804 2348 αὐτῆς,
3857 2276 3942 2329 καὶ

2294 2365 2704 2435 καταλιπόντες,
2737 2366 3005 2442 κρείττοσι
3038 2367 3271 2443 χωρίοις
3300 2363 3698 2442 ἐνδιατρίψατε.

2367 2545 2462 2601 3H
2506 2587 2518 2601 .
2607 2546 2674 2600 Oi
2753 2541 3151 2616 ἀπεπαλμὲνοι
3232 2539 3744 2620 ἐγκατελείφθησαν.
3829 2539 3945 2598 Εἰσί

2297 2653 2434 2694 τινες
2494 2630 2950 2706 ψευδαπόστολοι,
3009 2632 3224 2708 ἐργάται
3257 2629 3460 2703 δόλιοι,
3525 2650 3947 2705 μετασχηματι-

2303 2721 2518 2795 ζόμενοι
2545 2721 2621 2783 εἲς
2652 2719 2992 2783 ἀποστόλους
3025 2722 3281 2793 Χριστοῦ,
3312 2720 3506 2784 οἷ’τινες
3526 2717 3950 2795 ἐγκαταλελειμ-

2304 2812 2455 2884 μὲνοι
2489 2811 2620 2865 εἰσὶν
2669 2810 2772 2865 ἀπὸ
2803 2815 2956 2866 Θεοῦ·
2989 2809 3082 2878 Μὴ
3114 2809 3292 2864 τοίνυν
3326 2808 3740 2880 ἐξαπατάτωσαν
3787 2809 3946 2880 ὑμᾶς,

2300 2899 2374 2962 ὡς
2417 2898 2636 2975 ἔχοντες
2670 2898 2828 2974 ἲσχῦν
2859 2903 2978 2962 τοῖς
3006 2898 3338 2974 πράγμασιν·
3375 2892 3684 2968 ἀϐοήθητοι
3712 2897 3817 2972 γάρ
3849 2895 3947 2951 εἱσι

2298 2988 2388 3042 καὶ
2419 2987 3164 3064 ἐγκαταλελειμμένοιθῦτω
3193 2985 3250 3042 δὲ
3274 2985 3533 3042 αὖτοὶκαὶ
3567 2981 3828 3057 διέϐησαν
3859 2987 3952 3054 τήν

2299 3076 2589 3133 θάλασσαν.
2644 3078 2710 3133 Τί
2763 3074 2820 3131 δὲ
2861 3076 2949 3131 καὶ
2997 3080 3158 3132 τοῦτο
3199 3076 3513 3147 αἱνίσσεται,
3560 3073 3950 3144 κατανοητέον,

547 3183 665 3221 non
687 3163 976 3220 immerito
999 3163 1188 3218 deseri
1213 3163 1626 3235 aliquos,quod
1651 3163 1870 3234 aliquid
1896 3165 2186 3235 vitupera-

2301 3167 2463 3237 ἀξίως
2497 3169 2574 3237 (8)
2600 3163 2690 3220 διὰ
2716 3169 2882 3222 τοῦτο
2914 3165 3398 3242 ἐγκατάλελεῖφθαί
3425 3164 3724 3232 τινας,ἆπεὶ
3758 3167 3949 3239 ψεκτὸν

544 3253 707 3308 tione
737 3253 978 3324 dignum
1010 3251 1254 3322 egerint,
1279 3251 1543 3307 videlicet
1571 3254 1727 3323 quod
1761 3270 1917 3308 mare
1949 3254 2186 3322 trajece-

2301 3255 2722 3326 πεποιήκασι,τὸ
2753 3251 3007 3324 διαϐῆναι
3037 3256 3136 3324 τὴν
3171 3254 3628 3311 θάλασσαν.Δοκεῖ
3646 3254 3836 3310 τοίνυν
3867 3276 3950 3328 μοι

547 3341 688 3397 rint.
718 3343 842 3395 Meo
868 3340 1104 3411 quidem
1129 3339 1355 3410 judicio
1401 3357 1562 3396 mare
1593 3341 1803 3412 accipit
1842 3358 1944 3412 pro
1974 3343 2193 3397 amaris

546 3428 999 3499 tentationibus,
1032 3444 1159 3498 quas
1181 3428 1420 3483 tentatis
1442 3428 1736 3486 accidunt.
1768 3430 1904 3486 Tale
1927 3436 2014 3485 est
2035 3431 2190 3485 enim

549 3516 697 3572 illud
723 3533 736 3574 :
769 3517 898 3574 Veni
917 3518 977 3571 in
995 3515 1347 3571 altitudinem
1366 3517 1536 3571 maris
1556 3517 1619 3573 ‘3.
1639 3519 2196 3588 Enimveroethleta

550 3607 824 3662 adversos
875 3622 1047 3660 casus
1082 3622 1195 3660 non
1228 3605 1461 3676 refugit,
1513 3622 1701 3677 neque
1733 3607 1950 3678 trajicit
1987 3626 2146 3665 mare
2179 3626 2192 3664 :

551 3694 670 3750 imo
704 3695 776 3750 iis
808 3695 1080 3757 occurrit,
1117 3693 1456 3765 nullamque
1489 3712 1599 3749 non
1635 3697 1896 3753 adoritur
1925 3699 2197 3754 tentatio-

551 3799 706 3839 nem.
742 3783 848 3850 Qui
905 3789 1122 3848 autem,
1158 3799 1227 3838 ne
1276 3785 1709 3854 persecutiones
1754 3786 2070 3856 patiantur,
2104 3804 2194 3844 se-

550 3871 834 3943 metipsos
856 3871 1124 3943 gentium
1149 3870 1319 3943 genio
1342 3875 1808 3945 accommodant,
1833 3893 1972 3932 neve
1994 3877 2051 3932 in
2071 3894 2192 3933 cer-

547 3965 747 4017 tamen
795 3962 1154 4017 descendant
1183 3977 1249 4016 ac
1302 3961 1530 4019 labores
1571 3967 1868 4020 exautient
1915 3967 2196 4022 adversus

548 4050 840 4106 desideria
869 4053 926 4105 et
954 4050 1249 4122 appetitus
1281 4051 1563 4123 corporis,
1588 4053 1802 4108 cedunt
1830 4055 2194 4126 voluptatum

546 4138 858 4209 illecebris,
891 4139 952 4194 hi
1006 4156 1163 4194 mare
1222 4141 1596 4210 trajecerunt.
1628 4141 1782 4197 614
1830 4142 2032 4198 Postea
2062 4145 2198 4199 sub-

539 4227 859 4300 jungitur:
904 4228 1032 4284 Ideo
1077 4229 1305 4299 plorabo
1354 4232 1515 4300 quasi
1560 4231 1834 4299 ploratum
1882 4233 2064 4299 Jazer,
2115 4235 2196 4286 υἰ-

544 4333 708 4372 neam
737 4317 997 4372 Sebama.
1033 4317 1197 4371 Haud
1248 4317 1516 4386 equidem
1574 4319 1691 4372 scio
1724 4337 1796 4373 an
1829 4319 1999 4376 fletus
2027 4321 2198 4377 Jazer

547 4404 720 4460 ﬂetus
751 4405 828 4460 sit
856 4405 1418 4476 fortitudinis,quem
1452 4406 1821 4462 laudabiliter
1855 4408 1990 4464 flent
2020 4411 2196 4468 fortes

547 4493 678 4560 viri,
711 4493 809 4564 qui
843 4510 1012 4548 suam
1047 4493 1104 4548 in
1139 4493 1246 4548 hac
1277 4496 1392 4548 vita
1437 4500 1956 4552 commorationem
1992 4498 2196 4572 lugen-

2300 3347 2398 3414 τὴν
2432 3343 2698 3408 θάλασσαν
2733 3339 3029 3416 λαμϐάνειν
3062 3343 3137 3408 εἷς
3164 3343 3290 3405 τοὺς
3319 3344 3682 3420 πειρασμοὺς,
3721 3344 3953 3420 πικροὺς

2299 3437 2669 3509 τυγχάνοντας
2710 3438 2828 3494 τοῖς
2874 3431 3326 3508 πειραζομίνοις.
3374 3437 3632 3488 Τοιοῦτον
3686 3433 3797 3508 γάρ
3853 3433 3952 3488 ἔστι

2299 3523 2363 3577 τὸ
2417 3526 2517 3596 (9),
2565 3520 2768 3579 Ἦλθον
2829 3520 2904 3584 εἷς
2935 3521 3003 3576 τὰ
3057 3523 3191 3596 βάθη
3249 3527 3350 3590 τῆς
3409 3519 3708 3592 Θαλάσσης.
3743 3521 3950 3578 Οὐκοῦν

2303 3611 2331 3666 ὁ
2367 3613 2460 3685 μὶν
2514 3610 2757 3681 ἀθλητὴς
2812 3609 2878 3664 ού
2937 3609 3120 3687 φεύγει
3151 3612 3248 3672 τὰς
3278 3611 3636 3686 περιστάσεις,
3673 3609 3805 3667 ούδδ
3835 3608 3952 3666 δια-

2303 3695 2476 3755 ϐαίνει
2501 3702 2601 3770 τήν
2637 3699 2925 3765 Θάλασσαν,
2985 3697 3112 3753 ἀλλ’
3170 3698 3338 3772 ὁμόσε
3377 3705 3556 3774 χωρεῖ
3590 3697 3836 3766 τούτοις,
3867 3701 3947 3753 καὶ

2305 3791 2597 3865 ὑπᾶρχεται
2659 3789 2811 3843 παντὶ
2890 3792 3198 3864 πειρασμῷ.
3276 3788 3338 3842 Oi
3407 3784 3464 3842 δὶ
3522 3787 3656 3862 ὑπὲρ
3714 3792 3816 3842 τοῦ
3878 3788 3946 3861 μὴ

2304 3875 2592 3942 διώκεσθαι
2646 3883 2762 3939 τοῖς
2811 3872 2996 3931 ἔθνεσι.
3037 3876 3608 3954 συμπεριφερόμενοι,
3665 3877 3759 3930 καὶ
3824 3877 3948 3951 ὑπὶρ

2300 3971 2397 4022 τοῦ
2454 3968 2527 4039 μὴ
2584 3965 2936 4040 ἀγωνίζεσθαι
2965 3965 3054 4020 καὶ
3079 3970 3258 4020 πονεῖν
3289 3965 3425 4020 κατὰ
3464 3969 3572 4020 τῶν
3618 3972 3946 4038 σωματικῶν

2304 4055 2550 4130 όρᾶξεων,
2610 4053 2907 4117 ἐνδιδόντες
2963 4055 3102 4130 πρὸς
3131 4054 3225 4117 τὰς
3252 4051 3476 4124 ἡδονὰς,
3509 4054 3660 4110 οὗτοι
3695 4050 3945 4123 meum

2305 4146 2405 4212 τὴν
2474 4143 2768 4202 θάλασσαν.
2851 4143 2997 4200 Μετᾶ
3067 4148 3228 4199 τοῦτο
3301 4142 3531 4219 λεγεται.
3614 4143 3713 4199 Διά
3793 4149 3945 4199 τοῦτο

2303 4232 2634 4308 κλαύσομαι,
2712 4235 2786 4296 ὡς
2861 4234 2951 4288 τὸν
3024 4231 3304 4306 κλαυθμὸν
3392 4233 3609 4308 ἰαζὴρ,
3703 4233 3944 4306 ἄμπελον

2307 4319 2548 4397 Σεϐαμά.
2598 4325 2825 4394 Μήποτε
2880 4323 2969 4377 οῦν
3029 4322 3309 4394 κλαυθμὸς
3367 4323 3548 4397 Ἰαζήρ
3598 4329 3702 4392 τῆς
3767 4322 3950 4398 ἰσχύος

2307 4412 2416 4468 ἐστὶ
2471 4411 2774 4485 κλαυθμὸς,
2825 4413 2883 4466 ὃν
2936 4409 3188 4466 κλαίουσι
3240 4415 3589 4484 μακαριστῶς
3619 4413 3673 4465 οἱ
3706 4410 3945 4488 ἰσχυροὶ,

2306 4500 2644 4569 στενάζοντες
2704 4501 2797 4573 μὶν
2846 4503 2916 4574 τῇ
2979 4499 3054 4561 εἷς
3080 4500 3170 4553 τὸν
3204 4499 3323 4574 βίοο
3355 4498 3628 4574 περοικίᾳ,
3660 4499 3751 4553 καὶ
3792 4501 3945 4575 βαρυ-

547 4584 659 4646 tes,
690 4582 843 4636 etde
875 4598 943 4638 ea
972 4581 1481 4648 dolentes,auima3
1514 4584 1802 4638 desiderio
1837 4590 2102 4642 feruntur
2130 4605 2186 4644 ac

2305 4584 2522 4662 νόμενοι
2578 4589 2657 4643 ἔπ’
2712 4588 2872 4662 αὐτῇ,
2922 4589 3214 4649 ποθοῦντες
3246 4585 3302 4641 δὶ
3355 4587 3423 4662 τῇ
3470 4590 3625 4664 ψυχῇ
3648 4589 3737 4642 καὶ
3775 4587 3944 4643 ἐκλεί-

550 4669 832 4725 deﬁciunt
856 4669 915 4725 in
948 4671 1097 4726 atria
1131 4671 1353 4726 Domini
1385 4672 1446 4725 “.
1484 4671 1586 4726 Vel
1618 4673 1761 4728 forte
1813 4680 2193 4746 quemadmo-

550 4759 693 4813 dum
725 4759 972 4815 deﬂetur
1002 4760 1280 4815 fortitudo
1315 4761 1514 4816 morbo
1540 4768 2072 4836 consumpta,quod
2096 4783 2196 4823 oa-

549 4853 675 4904 reat
705 4848 806 4920 qui
837 4865 904 4905 ea
933 4847 1071 4904 olim
1108 4849 1446 4906 fruebatur:
1475 4851 1556 4906 ita
1604 4856 1660 4906 et
1693 4852 1860 4909 ﬂetus
1892 4854 2069 4911 vineis
2103 4857 2197 4912 Se-

621 5009 665 5044 ⁴⁸
697 5009 842 5066 Pssl.
877 5025 1070 5079 uvm,
1103 5011 1158 5066 3.
1235 5012 1282 5047 “
1312 5010 1465 5068 Psal.
1500 5016 1730 5084 Lxxxui,
1761 5015 1815 5071 3.

619 5171 698 5256 (6)
722 5170 1011 5256 Ediii,n8'rt
1041 5175 1285 5256 τοιοῦτον
1318 5171 1379 5224 τὸ
1410 5173 1728 5256 γεωργικόν.
1779 5181 1849 5256 At
1909 5181 2049 5256 Reg,
2077 5195 2194 5256 _se-

547 5243 777 5298 cundus
807 5248 863 5299 et
891 5243 1385 5314 Colbert.primus
1416 5243 1591 5314 ita,ut
1613 5247 1669 5300 in
1703 5253 1974 5304 contextu
1991 5243 2193 5306 Videre

547 5315 700 5392 licet.
737 5315 1340 5392 Neqitaqmultopost
1371 5317 1554 5392 nostri
1586 5325 1841 5392 quatuor
1880 5337 2049 5392 mss.,
2081 5330 2194 5383 θεο-

547 5383 766 5462 λογίας·
802 5386 928 5440 οἶίτε
960 5382 1403 5469 διδασκαλίαπερὶ
1433 5382 1787 5458 σεμνότητος,
1819 5391 1926 5444 καί.
2035 5382 2046 5392 ’
2090 5382 2100 5383 ί

559 5521 583 5530 _
616 5462 695 5530 (7)
729 5465 813 5515 lta
845 5477 986 5515 mss.
1024 5459 1230 5515 nostri.
1265 5459 1414 5513 Editi
1442 5476 1602 5530 vero,
1634 5459 1914 5530 ἀμπέλους
1954 5467 2053 5529 τῆς
2099 5467 2138 5515 Σ

616 5482 695 5530 μ)
729 5482 813 5515 ita
845 5482 986 5515 mss.
1025 5482 1230 5515 DOSU‘I.
1265 5482 1414 5513 num
1451 5482 1602 5525 vero,
1634 5482 1914 5530 αμπεΑους
1954 5482 2053 5529 της
2099 5482 2192 5516 2.:-

551 5521 706 5600 ϐοιμά
778 5531 1206 5600 καταπατήσατε.
1259 5529 1630 5600 ἘπιΛάΟησθη
1676 5530 1752 5586 δέ.
1784 5537 1911 5590 Mox
1965 5535 2106 5591 editi
2138 5539 2196 5591 et

548 5575 706 5682 133E."
722 5575 1660 5679 ιθῖᾖὶἷέξὶῖἑῖἆέῥὶψαέἓζΧῦἳἱὶίέε
1678 5575 2189 5682 ’ἓὶιὲὲῖῖιῖδῖὲιξρῖὶ

547 5672 693 5744 ψετε.

2307 4698 2496 4738 ποντες
2555 4677 2630 4740 εἷς
2686 4677 2781 4741 τὰς
2835 4674 3004 4739 αὺλάς
3058 4679 3154 4731 τοῦ
3210 4674 3432 4750 Κυρίου.
3479 4678 3547 4734 ’Ἡ
3605 4679 3828 4750 μήποτε
3878 4675 3942 4738 ὡς

2307 4765 2547 4821 κλαίεται
2581 4765 2739 4841 ἰσχὺς
2800 4765 2902 4820 ὑπὸ
2950 4766 3108 4819 νόσου
3169 4770 3518 4840 μαρανθεῖσα,
3577 4765 3726 4842 παρὰ
3757 4768 3820 4821 τὸ
3875 4766 3942 4839 μή

2305 4860 2553 4930 παρεῖναι
2617 4858 2697 4926 τῷ
2772 4873 2903 4908 ποτε
2959 4853 3127 4922 αὐτὴν
3186 4853 3528 4926 κεκτημένῳ,
3582 4854 3728 4910 οὕτω
3785 4856 3871 4909 καὶ
3917 4852 3943 4907 ὅ

2369 5181 2452 5264 έὸ)
2487 5181 2658 5264 Editi,
2690 5178 3422 5264 astwco‘toﬁ.‘(;0.l‘nb6fi8il18
3471 5185 3635 5263 notat
3687 5179 3949 5264 voculam

2301 5251 2398 5305 τοῦ
2431 5251 2489 5308 in
2523 5251 2754 5309 duobus
2785 5252 2910 5309 suis
2934 5251 3235 5307 codicibus
3259 5252 3499 5308 deesse:
3535 5254 3591 5306 in
3619 5252 3841 5323 quibus
3869 5262 3950 5307 ta-

2303 5341 2436 5381 men
2465 5327 2704 5396 perinde
2736 5333 2800 5380 ut
2829 5326 2886 5379 in
2921 5323 3162 5396 reliquis
3191 5323 3437 5396 reperiri
3462 5325 3832 5380 constat.Sed
3866 5329 3952 5378 ta-

2303 5393 2595 5468 mencum
2628 5397 2889 5453 voculam
2932 5393 3123 5451 delere
3149 5393 3272 5468 non
3305 5394 3729 5462 dubitavi,cum
3768 5397 3952 5468 ipsam

2300 5465 2588 5539 παρέλκειν
2641 5470 2956 5525 obscurum
3009 5483 3123 5522 non
3174 5466 3270 5521 sit.
3320 5468 3513 5524 Facile
3566 5465 3834 5524 adducor
3891 5473 3953 5523 ut

2299 5539 2529 5620 credam
2562 5557 2664 5620 pro
2693 5544 2793 5620 τοῦ
2823 5540 3234 5620 legioportqre
3254 5556 3389 5620 που,

2366 5557 2529 5595 suam
2562 5557 2664 5611 pro
2693 5561 2793 5594 του
2823 5557 2934 5667 1qu
2965 5557 3234 5620 oportere
3262 5557 3406 5621 που..
3917 5610 3926 5620 ⁸

2366 5612 2443 5684 (9)
2471 5612 2714 5684 Antiqui
2749 5615 2864 5668 duo
2921 5611 3053 5676 ibri,
3085 5607 3288 5684 καὶ-τό,
3319 5609 3636 5684 Aliquanto
3669 5614 3807 5683 post
3834 5611 3953 5666 edi-

2295 5678 2700 5758 ιὶ,’ἐπέρχετᾶι.
2733 5689 2810 5741 At
2840 5700 2984 5741 mss.
3019 5681 3230 5752 nostri,
3267 5678 3581 5757 incipiant.
