4134 6224
300 363 415 426 661

1105 375 1512 439 COMMENT.
1558 380 1638 440 IN
1687 381 1956 444 ISAIAM
2001 384 2512 450 PROPHETAM.
2558 389 2727 452 CAP.
2777 392 2938 454 XVI.

3594 395 3714 456 662

285 497 583 603 κλαυθμὸς
610 499 1259 603 τῆς“ἀμπὲλου“ξεϐαμᾶ
1299 511 1576 582 γενήσεται
1629 512 1702 574 ὡς
1748 514 1934 586 ἀπομα

2068 517 2241 574 hama
2269 521 2398 589 erit,
2448 526 2648 595 utpote
2700 541 2827 603 quas
2878 525 3302 592 immarcuerit,
3357 525 3546 597 sitque
3593 527 3717 600 igni

289 586 609 661 ρανθείσης,
643 589 736 643 καὶ
766 592 897 666 πυρὶ
933 591 1250 666 μελλούσης
1287 596 1704 672 παραδίδοσθαι.

363 678 491 764 312.
527 678 680 733 Μετὰ
708 682 869 764 τοῦτο
918 681 1052 755 πρὸς
1108 683 1210 752 τήν
1257 681 1542 742 Μωαϐῖτιν
1590 687 1842 764 λέγεται·
1876 693 1953 746 Τὰ

288 761 490 839 δένδρα
550 786 646 820 σου
706 762 998 824 κατέϐαλεν
1061 767 1294 827 Ἐσεϐὼν
1353 775 1444 829 καὶ
1495 761 1755 848 Ἐλεαλή.
1800 779 1949 836 Οὐκ-

288 857 386 907 οῦν
467 855 533 909 τὰ
620 853 810 931 δένδρα
887 865 987 926 τῆς
1071 857 1420 926 Μωαϐίτιδος
1487 867 1521 935 ἡ
1572 863 1806 922 Ἐσεόὼν
1859 869 1947 923 καὶ

291 941 539 1011 Ἐλεαλή
573 940 859 1002 κατέϐαλε.
886 947 945 1000 Τί
979 944 1038 1001 δὲ
1083 948 1172 1003 καὶ
1231 950 1338 1006 ἀπὸ
1394 953 1599 1009 τούτων
1661 954 1945 1030 δηλοῦται,

287 1033 424 1107 φέρε
480 1035 616 1086 κατὰ
672 1033 735 1088 τὸ
791 1031 1012 1090 δυνατὸν
1066 1042 1944 1119 παραστήσωμεν.⁶Ερμηνεῦεται

283 1120 324 1203 ᾖ
367 1121 464 1192 μὶν
516 1115 777 1191 Ἐσεϐὼν,
831 1119 1110 1198 λογισμοί·
1146 1129 1180 1196 ἡ
1232 1125 1290 1182 δὲ
1329 1128 1588 1203 Ἐλεαλή,
1620 1115 1772 1188 ⁷Θεοῦ
1819 1135 1944 1191 ἀνά-

284 1201 467 1272 ϐασις.
527 1204 938 1266 Καταϐἀλλεται
1014 1211 1104 1268 οῦν
1175 1215 1424 1288 ἄμπελος
1490 1201 1796 1297 ἀλλοτρία,
1853 1227 1940 1280 καὶ

284 1295 483 1371 δένδρα
543 1297 641 1368 ὅσα
698 1299 803 1354 οὐκ
854 1299 1132 1376 ἐφύτευσεν
1170 1305 1197 1358 ὁ
1230 1310 1415 1383 Πατὴρ
1476 1311 1504 1364 ὁ
1546 1295 1821 1387 οὐράνιος,
1853 1315 1942 1368 καὶ

282 1385 642 1461 ἀνατρέπεται
677 1389 712 1458 ἡ
741 1387 927 1466 φυτεία
967 1393 1076 1445 τῶν
1127 1392 1448 1466 ἱτεροδοξων
1507 1385 1623 1454 ὑπὸή
1664 1399 1942 1477 λογισμῶν

289 1472 474 1563 δρθῷν
504 1475 594 1529 καὶ
624 1482 722 1546 τῆς
755 1475 950 1532 ἀνόδου
979 1485 1078 1548 τῆς
1108 1481 1244 1556 πρὸς
1303 1486 1429 1540 Θεὸν
1493 1472 1755 1561 ὑψούσης
1790 1472 1938 1563 ἡμᾶς

279 1561 356 1617 δι’
416 1561 590 1639 ἔργων
649 1564 891 1640 ἀγαθῶν.
950 1567 1229 1645 Μακάριος
1315 1571 1405 1628 οὗν
1487 1575 1622 1650 ἀνὴρ
1682 1579 1744 1632 οὗ
1798 1561 1938 1635 ἐστιν

281 1652 584 1727 ἀντίληψις
664 1655 831 1710 αὐτοῦ
909 1658 1022 1730 (10)
1077 1662 1222 1736 παρὰ
1301 1667 1416 1734 σοῦ,
1478 1661 1758 1730 ἀναϐάσεις
1842 1690 1938 1723 σου

276 1739 333 1796 ἐν
365 1745 436 1815 τῇ
467 1739 665 1818 καρδίᾳ
724 1743 908 1802 αὐτοῦ.
941 1747 1000 1801 '0
1057 1747 1148 1804 οῦν
1208 1748 1351 1826 ἔχων
1410 1751 1497 1808 ἐπὶ
1553 1756 1650 1823 τὴν
1711 1755 1935 1831 καρδίαν

283 1829 456 1886 αὑτοῦ
483 1833 582 1896 τὰς
607 1837 704 1887 τοῦ
764 1839 897 1889 Θεοῦ
956 1833 1263 1910 ἀναϐάσεις,
1294 1842 1382 1895 καὶ
1431 1847 1538 1897 τῶν
1589 1845 1778 1900 ἑαυτοῦ
1837 1845 1932 1900 λο-

278 1924 500 1994 γισμῶν
535 1918 850 1995 ἐπιμέλειαν
879 1925 1227 1999 ποιούμενος,
1263 1926 1486 1994 δυνατὸς
1519 1928 1663 1988 ἔσται
1715 1935 1781 1990 τὰ
1826 1941 1932 1992 τῶν

278 2006 615 2102 ἑτεροδόξων
671 2013 1132 2102 ,καταστρέφεσθαι
1207 2014 1471 2092 δόγματα,
1529 2027 1707 2085 κακῶς
1764 2045 1934 2102 πεφυο

276 2098 540 2172 τευμᾶνα,
595 2100 687 2154 καὶ
769 2099 855 2156 ἐπ’
905 2102 1117 2179 ὀλέθρῳ
1181 2115 1653 2186 καρποφοροῦντα.
1711 2098 1935 2169 Ἔπειτα

281 2208 474 2264 φησιν,
510 2187 593 2243 ὅτι
647 2190 772 2244 Ἐπὶ
831 2196 912 2264 τῷ
968 2195 1212 2270 θερισμῷ
1264 2217 1360 2251 σου
1416 2199 1504 2253 καὶ
1564 2199 1759 2274 ἐπιτῷ
1806 2223 1933 2278 τρυ-

278 2281 440 2349 γητῷ
525 2298 623 2332 σου
707 2283 1092 2352 καταπατήσω,
1151 2285 1238 2338 καὶ
1317 2286 1491 2342 πάντα
1573 2296 1935 2347 καταπεσοῦν-

279 2384 392 2455 ⁴ται.
429 2363 652 2455 Ἐπειδὴ
683 2368 784 2443 γὰρ
815 2369 872 2423 ὃν
907 2377 1102 2442 θερίζει
1135 2378 1303 2442 σῖτον,
1333 2376 1422 2430 καὶ
1453 2376 1510 2431 ’ὀν
1540 2385 1709 2455 τρυγᾷ
1766 2380 1934 2452 οἶνον,

286 2452 550 2544 ἐναντίως
579 2453 768 2544 ἔχουσι
797 2459 876 2530 τῷ
906 2457 1053 2532 ἄρτῳ
1090 2465 1169 2533 τῷ
1218 2465 1530 2539 στηρίζοντι
1577 2452 1796 2544 καρδίαν
1843 2470 1936 2524 ἀν-

285 2543 540 2634 θρώπους,
573 2543 663 2598 καὶ
696 2541 828 2618 οἷ’νῳ
856 2551 934 2618 τῷ
959 2548 1298 2625 εὐφραίνοντι
1330 2551 1554 2628 καρδίαν
1599 2541 1886 2634 ἀνθρώπου
1919 2577 1932 2590 ’

285 2629 366 2694 ὡς
397 2631 605 2725 ἀγαθὸς
634 2634 665 2725 δ
694 2635 821 2725 θε-δς
851 2641 1028 2705 πατεῖ,
1061 2637 1160 2693 οὐκ
1217 2639 1317 2695 ἐῶν
1370 2643 1608 2718 γενέσθαι
1662 2629 1868 2725 τροφὴν
1901 2650 1935 2719 ἢ

281 2721 457 2775 ποτὸν
493 2726 611 2783 τοῖς
643 2718 713 2775 δι’
746 2720 962 2798 ἄγνοιαν
1007 2732 1108 2794 τῆς
1139 2731 1266 2804 παρ’
1295 2729 1468 2786 αὐτῶν
1523 2718 1736 2809 βλάϐης
1775 2718 1936 2790 ’ἀδιαέ

280 2807 490 2897 κρίτως
526 2811 1009 2889 προσφερομένοις.
1075 2815 1198 2871 Ἐπὶ
1257 2816 1347 2873 οῦν
1405 2825 1484 2892 τῷ
1525 2807 1784 2897 θερισμῷ
1839 2846 1934 2879 σου

277 2898 370 2950 καὶ
425 2896 506 2969 τῷ
561 2904 822 2974 τρυγητῷ
878 2921 973 2956 σου
1026 2909 1410 2978 καταπατήσω,
1469 2912 1558 2966 καὶ
1614 2914 1787 2968 πάντα
1840 2935 1933 2969 πε-

283 2990 531 3043 σοῦνται.
565 2987 796 3043 Δύναται
824 2994 986 3046 τοῦτο
1016 2991 1105 3046 καὶ
1137 2996 1273 3071 πρὸς
1314 2997 1378 3052 τὸ
1427 3003 1734 3072 σωματικὸν
1787 3001 1933 3058 οἷ’κο-

281 3072 475 3148 δομεῖν
513 3079 624 3149 (11)
658 3080 827 3150 ἡμᾶς,
861 3077 943 3134 ὅτι
973 3079 1181 3137 πολλοὶ
1213 3083 1264 3139 ἐν
1321 3093 1440 3149 ταῖς
1486 3090 1672 3164 χερσὶν
1713 3088 1931 3166 ἔχοντες

417 3166 698 3258 συλλογὴν
722 3174 837 3258 ,τῶν
866 3177 1109 3245 καρπῶν,
1143 3175 1314 3252 ἀθρόᾳ
1340 3180 1446 3234 τινὶ
1477 3180 1665 3256 πληγῇ
1711 3181 1769 3237 ἐκ
1827 3204 1930 3258 χα-

277 3255 459 3348 λάζης
491 3257 526 3326 ἢ
560 3257 611 3328 ἐξ
636 3255 820 3348 ἀλλης
848 3261 993 3324 τινὸς
1030 3246 1702 3339 μάστιγος-ἀπώλεσαν·τᾶ
1758 3246 1926 3348 πρδσ-
1961 3246 2004 3314 C

278 3343 596 3419 δοκώμενα,
631 3345 722 3403 διὰ
775 3349 837 3403 τὸ
894 3350 1193 3426 ἀχάριστον
1250 3356 1339 3409 καὶ
1397 3356 1772 3415 πλεονεκτικὸν
1804 3343 1926 3416 ⁷τῶν

279 3435 618 3509 ἀνθρώπων,
652 3436 751 3492 οὐκ
779 3437 1021 3495 ἰάσαντο·
1054 3445 1151 3496 τοῦ
1177 3447 1310 3498 Θεοῦ
1354 3445 1430 3508 εἷς
1483 3446 1778 3504 ἀπόλαυσιν
1833 3450 1932 3506 αὖ·

276 3529 399 3584 τοῖς
431 3523 715 3601 ἀφικέσθαι
750 3529 882 3600 (12).

354 3614 486 3670 313.
549 3615 652 3703 Καὶ
711 3615 1005 3703 ἀρθήσεται
1065 3619 1364 3698 ευφροσύνη
1440 3625 1530 3678 καὶ
1610 3626 1933 3703 ἀγαλλίαμα

282 3699 365 3792 ικ,
401 3705 514 3792 τῶν
581 3702 967 3792 ἀμπελώνωνο
1027 3709 1117 3763 καὶ
1169 3709 1230 3764 οὐ
1291 3713 1366 3783 μή
1446 3699 1933 3792 εὐφρανθήσονται,

279 3791 373 3842 καὶ
435 3790 504 3844 οὐ
565 3791 642 3863 μή
699 3795 1029 3864 πατήσουσιν
1103 3798 1242 3852 οἶνον
1321 3800 1397 3862 είς
1468 3790 1534 3857 τᾶ
1610 3803 1928 3876 ὑπολήναι·

281 3879 564 3969 πέπαυται
591 3883 716 3954 γάρ.
748 3884 921 3955 Ἤρθη
979 3886 1074 3957 μὲν
1123 3887 1218 3941 οὗν
1264 3889 1572 3966 εὐφροσύνη
1621 3894 1710 3947 καὶ
1763 3894 1933 3969 ἀγαλ-

280 3964 464 4040 λίαμα
551 3967 610 4023 ἐκ
690 3975 798 4024 τῶν
878 3972 1244 4045 ἀμπελώνων.
1305 3964 1570 4055 ’Ᾰφῃρὲθη
1634 3983 1738 4038 ἀπὸ
1811 3964 1932 4040 ποῦ

281 4055 512 4132 Ἰσραήλ
563 4059 599 4126 ἠ
664 4058 914 4134 βασιλεία
994 4067 1091 4118 τοῦ
1175 4069 1333 4134 Θεοῦ,
1383 4070 1473 4122 καὶ
1557 4068 1717 4142 ἐδόθη
1795 4069 1932 4138 ἔθνει

277 4149 532 4200 ποιοῦντι
587 4145 714 4209 τοὺς
773 4150 1014 4224 καρποὺς
1068 4151 1252 4209 αὐτοῦ.
1286 4154 1514 4212 Δύναται
1547 4156 1604 4214 δὲ
1659 4162 1747 4216 καὶ
1798 4165 1934 4218 κατᾶ

278 4233 345 4287 τὸ
406 4235 724 4307 σωματικὸν
772 4243 1010 4302 νοεῖσθαι
1069 4243 1104 4310 ἡ
1166 4240 1328 4315 λέξις,
1389 4247 1471 4300 ὅτι
1530 4245 1733 4321 αἶ’ρεται
1791 4257 1933 4306 πᾶσα

282 4321 592 4414 εὐφροσύνη
645 4329 754 4380 τῶν
807 4325 1018 4402 ἀθρόως
1082 4330 1498 4408 ἀφαιρουμένων
1549 4338 1647 4399 τὰς
1722 4338 1810 4393 ἰπὶ
1863 4343 1932 4414 τῇ

285 4409 601 4498 συγκομιδῇ
651 4418 758 4469 τῶν
821 4420 1246 4494 γεωργουμένων
1307 4421 1561 4487 ἐλπίδας.
1627 4428 1695 4482 Ἢ
1747 4409 1930 4498 ἐπειδῆ

287 4497 539 4574 ἄμπελον
575 4500 798 4576 εἴπαμεν
827 4506 918 4560 τὸν
949 4505 1120 4580 ψευδῆ
1156 4510 1340 4587 λόγον,
1375 4510 1596 4569 δύναται
1629 4512 1684 4570 δὲ
1731 4497 1933 4588 νοηθῆέ

2063 607 2367 664 tradenda.

2132 697 2256 751 312.
2302 698 2520 755 Deinde
2568 703 2847 758 adversus
2899 703 3274 758 Moabitidem
3325 702 3583 758 dicitur:
3616 704 3718 758 Ar-

2062 784 2219 840 bores
2248 792 2374 843 tuas
2426 789 2618 860 dejecit
2665 792 2871 848 Esebon
2916 801 2967 847 et
3011 793 3210 847 Eleale.
3260 793 3484 847 Esebon
3534 792 3714 864 igitur

2059 878 2115 928 et
2149 875 2336 931 Eleale
2368 878 2602 934 arbores
2635 881 2968 936 Moabitidis
2997 887 3349 937 everterunt.
3401 880 3547 946 Quid
3601 899 3706 937 au-

2057 966 2173 1017 tem
2211 965 2369 1022 hisce
2399 969 2590 1023 verbis
2624 969 3198 1040 indicetur,agedum
3231 987 3334 1042 pro
3365 970 3516 1024 virili
3540 985 3713 1042 expo-
3811 1033 3826 1042 ,

2056 1067 2286 1109 namus.
2310 1055 2534 1111 Esebon
2569 1058 2826 1128 quidem,
2847 1061 3001 1131 quod
3034 1062 3105 1114 ad
3138 1059 3390 1115 nominis
3421 1060 3708 1131 interpre-

2054 1141 2334 1198 totianem
2369 1146 2594 1212 attinet,
2627 1152 2794 1203 sonat
2850 1149 3231 1219 cogitationem
3261 1165 3279 1202 :
3311 1147 3501 1204 Eleale
3549 1164 3705 1213 vero,

2053 1232 2149 1286 Dei
2180 1247 2480 1288 ascensum.
2516 1235 2719 1306 Itaque
2747 1237 2885 1292 vitis
2911 1237 3119 1308 aliena,
3151 1243 3206 1293 et
3240 1237 3471 1293 arbores
3522 1254 3706 1308 quas-

2053 1335 2285 1391 cunque
2318 1323 2484 1378 Pater
2513 1323 2768 1380 cmlestis
2802 1343 2916 1380 non
2945 1325 3614 1397 plantavit,dejiciuntur
3635 1326 3697 1380 “:

2051 1412 2110 1462 at
2139 1416 2304 1464 rectae
2331 1411 2768 1469 raticinationes
2816 1421 2873 1469 et
2919 1431 3199 1470 ascensus
3247 1415 3345 1485 qui
3396 1431 3498 1486 per
3545 1413 3700 1469 bona

2050 1513 2227 1566 opera
2255 1500 2326 1553 ad
2361 1503 2543 1555 Deum
2576 1518 2684 1556 nos
2714 1502 2925 1571 evehit,
2959 1503 3379 1574 plantationem
3429 1507 3698 1558 evertunt

2049 1585 2555 1646 heterodoxorum.
2609 1591 2859 1646 Proinde
2888 1593 3094 1647 Beatus
3122 1594 3208 1647 vir
3236 1593 3392 1662 cujus
3420 1601 3498 1647 est
3528 1593 3694 1646 auxi-

2049 1675 2185 1730 lium
2216 1678 2335 1748 ejus
2365 1679 2462 1733 abs
2495 1688 2548 1734 te
2581 1696 2595 1734 :
2627 1696 2972 1736 assensiones
3000 1690 3108 1738 tuae
3155 1683 3218 1735 in
3258 1680 3415 1735 corde
3460 1681 3579 1750 ejus
3625 1681 3691 1735 ‘5.

2047 1764 2324 1837 Quisquis
2355 1767 2536 1839 igitur
2568 1769 2623 1823 in
2657 1786 2760 1824 suo
2783 1772 2954 1825 corde
2977 1771 3154 1826 habet
3173 1768 3274 1824 Dei
3295 1769 3688 1839 escensiones,

2045 1857 2102 1907 et
2131 1853 2440 1926 diligenter
2471 1873 2610 1912 suas
2642 1858 2910 1913 observat
2958 1859 3364 1930 cogitationes,
3414 1860 3691 1929 dogmata

2043 1942 2450 1999 haereticorum
2505 1945 2653 2001 male
2683 1946 2960 2018 plantata,
2993 1954 3049 2004 et
3078 1947 3436 2019 perniciosos
3463 1948 3688 2002 fructus

2043 2032 2345 2087 afferentia
2392 2038 2650 2089 evertere
2682 2035 2892 2106 poterit
2921 2041 2978 2091 et
3007 2052 3364 2108 expugnare.
3397 2036 3684 2108 Deinceps

2044 2120 2126 2174 ait
2159 2138 2172 2176 :
2203 2122 2423 2177 Messen;
2452 2131 2605 2178 tuam
2650 2128 2704 2178 et
2751 2124 3084 2180 vindemiam
3128 2129 3290 2181 tuam
3335 2125 3682 2192 conculcabo,

2044 2222 2095 2264 et
2123 2212 2311 2265 omnia
2339 2211 2635 2267 concident.
2668 2212 2813 2268 Nam
2845 2215 3078 2284 quando
3109 2215 3267 2285 quod
3300 2214 3545 2269 demetit
3563 2215 3686 2268 fru-

2047 2302 2333 2367 mentum,
2367 2301 2609 2372 etquod
2658 2301 2980 2358 vindemiat
3025 2302 3250 2372 vinum,
3301 2302 3691 2358 adversantur

2045 2389 2170 2440 tum
2194 2387 2328 2457 pani
2352 2388 2450 2458 qui
2469 2390 2780 2445 confirmat
2805 2406 2902 2446 cor
2924 2390 3195 2458 hominis,
3217 2395 3340 2446 tum
3373 2391 3506 2446 vino
3536 2391 3690 2460 quod

2046 2473 2300 2530 lastiﬁcat
2319 2492 2418 2531 cor
2438 2477 2696 2534 hominis
2717 2479 2760 2513 ‘7
2785 2494 2799 2533 :
2832 2483 2982 2534 Deus
3012 2483 3213 2551 utpote
3243 2479 3433 2535 bonus
3461 2495 3529 2534 ea
3559 2496 3692 2551 pro-

2047 2563 2372 2629 culcat,nec
2400 2566 2460 2621 in
2493 2567 2690 2622 cibum
2721 2573 2823 2624 aut
2853 2573 3052 2639 potum
3084 2570 3286 2624 cedere
3316 2569 3462 2624 sinit
3491 2568 3563 2624 iis
3589 2569 3693 2640 qui

2046 2654 2328 2709 damnum
2356 2656 2508 2726 quod
2535 2655 2786 2712 ali'erunt
2807 2656 3385 2728 ignorantes,temere
3405 2662 3458 2712 et
3482 2657 3690 2712 incon-

2045 2742 2197 2798 sulte
2227 2749 2425 2799 essent
2452 2761 2520 2800 ea
2551 2746 2868 2818 sumpturi.
2917 2746 3120 2818 Itaque
3165 2748 3388 2802 Messem
3432 2751 3586 2801 tuam
3633 2751 3686 2802 et

2042 2832 2378 2887 vindemiam
2435 2836 2592 2888 tuum
2639 2835 2995 2902 conculcabo,
3045 2843 3097 2890 et
3142 2836 3326 2891 omnia
3376 2835 3683 2890 concident.

2043 2924 2163 2976 Hoc
2190 2921 2366 2977 etiam
2399 2924 2465 2978 ad
2493 2925 2734 2978 verbum
2767 2926 2958 2994 potest
2987 2924 3155 2979 nobis
3183 2929 3460 2995 praestare
3497 2923 3683 2980 aediﬁ-

2043 3010 2514 3082 cationem,quod
2544 3027 2658 3066 non
2691 3013 2859 3082 pauci
2887 3013 3012 3082 jam
3045 3012 3341 3068 fructuum
3389 3011 3683 3068 collectio-

2042 3114 2175 3155 nem
2231 3099 2289 3153 in
2324 3099 2598 3154 manibus
2628 3099 2931 3167 habentes,
2962 3100 3203 3172 inopina
3230 3101 3481 3171 quadam
3513 3100 3687 3172 plaga

2043 3204 2146 3258 per
2175 3188 2524 3258 grandinem
2551 3187 2638 3243 vel
2670 3189 2825 3244 aliud
2863 3190 3111 3260 quodvis
3141 3189 3439 3262 ﬂagellum
3483 3206 3686 3261 exspe-

2041 3276 2292 3331 ctatione
2322 3293 2430 3332 sua
2461 3278 2710 3332 fraudati
2741 3279 2860 3333 sint
2883 3294 2896 3333 :
2921 3280 3138 3350 quippe
3168 3281 3240 3334 ob
3271 3279 3575 3334 hominum
3605 3278 3690 3333 in-

2039 3371 2270 3436 gratum
2305 3367 2567 3421 animum
2593 3372 2769 3438 atque
2795 3367 3122 3438 avaritiam,
3155 3368 3390 3424 eosdem
3443 3367 3514 3422 iis
3565 3383 3691 3439 per-

2040 3455 2153 3510 frui
2188 3459 2338 3510 Deus
2372 3471 2487 3510 non
2519 3455 2679 3511 sinit.

2111 3633 2237 3689 313.
2284 3635 2350 3689 Et
2396 3634 2616 3690 tolletur
2648 3635 2845 3692 laetitia
2874 3639 2927 3690 et
2955 3636 3256 3692 exsultatio
3287 3636 3359 3690 de
3389 3637 3568 3692 vineis
3594 3653 3606 3690 :
3639 3643 3692 3692 et

2039 3739 2150 3779 non
2180 3723 2542 3790 laetabuntur,
2576 3740 2746 3794 neque
2769 3725 3055 3779 calcabunt
3082 3727 3273 3780 vinum
3303 3728 3358 3779 in
3392 3726 3690 3781 torculari-

2043 3813 2142 3866 bus
2177 3829 2188 3866 :
2221 3815 2426 3868 etenim
2452 3817 2708 3869 cessavit.
2743 3814 2808 3868 Et
2838 3831 2971 3869 vero
3003 3815 3236 3869 sublata
3265 3819 3354 3869 est
3384 3815 3581 3870 laetitia
3628 3818 3686 3869 et

2041 3900 2350 3956 exsultatio
2376 3918 2406 3956 e
2434 3901 2639 3956 vineis.
2674 3904 2758 3955 Ab
2791 3902 3108 3958 Israelitico
3153 3903 3366 3974 populo
3419 3903 3681 3958 ablatum

2041 3995 2130 4044 est
2160 4005 2402 4061 regnum
2436 3990 2624 4057 Dei,et
2653 3991 2857 4045 datum
2890 3997 2979 4045 est
3007 3991 3164 4063 genti
3195 3991 3429 4046 facienti
3461 3993 3684 4046 fructus

2041 4079 2169 4146 ejus
2200 4077 2262 4130 ⁸⁸.
2298 4077 2493 4132 Potest
2524 4078 2703 4133 etiam
2737 4077 2858 4133 hinc
2887 4079 3178 4134 sententia
3207 4079 3394 4150 accipi
3437 4079 3507 4133 ad
3555 4095 3688 4134 ver-

2042 4168 2205 4233 bum,
2238 4181 2304 4221 eo
2334 4167 2489 4236 quod
2517 4167 2782 4223 aufertur
2811 4167 3012 4222 laetitia
3037 4167 3230 4223 omnis
3263 4168 3334 4224 ab
3361 4167 3454 4233 iis,
3488 4167 3588 4240 qui
3618 4168 3690 4224 de

2042 4273 2144 4327 spe
2175 4256 2389 4327 segetis
2420 4255 2755 4328 colligendas
2795 4256 2986 4312 subito
3036 4257 3335 4312 decidunt.
3387 4260 3503 4312 Aut
3552 4256 3692 4329 quia

2041 4345 2270 4401 vineam
2303 4345 2562 4400 diximus
2593 4361 2720 4400 esse
2749 4362 3080 4400 sermonem
3113 4346 3473 4412 mendacem,
3502 4350 3694 4416 potest

2042 4433 2292 4505 intelligi
2328 4434 2590 4490 laetitiam
2624 4450 2692 4489 ex
2717 4436 2865 4490 falsa
2893 4434 3054 4489 omni
3086 4435 3335 4490 scientia
3363 4435 3578 4490 animis
3601 4435 3694 4490 de-

2045 4527 2341 4593 ceptorum
2377 4524 2624 4578 inditam
2657 4522 2782 4579 tolli
2814 4527 2871 4578 et
2899 4523 3135 4592 auferri,
3169 4524 3324 4594 quod
3357 4540 3391 4579 a
3419 4523 3534 4579 vite
3564 4540 3698 4595 pro-

283 4610 372 4643 ναι
406 4593 541 4684 (i3),
574 4590 657 4647 ὅτι
687 4594 722 4663 ἡ
746 4593 858 4684 ,ἀπὸ
899 4597 1078 4684 πάσης
1123 4597 1482 4677 ψευδωνύμου
1538 4605 1787 4680 γνώσεως
1843 4607 1930 4682 ἐγ-

2050 4590 2193 4669 facta
2223 4613 2322 4679 sit,
2355 4628 2482 4683 quas
2512 4611 2722 4668 laetitiis
2755 4615 3059 4684 ingenerat
3087 4590 3362 4684 speciem,
3397 4629 3510 4668 non
3541 4590 3698 4668 veri-

283 4679 551 4769 γινομὲνη
580 4686 698 4744 τοῖς
729 4683 1102 4757 ἠπατημένοις
1131 4688 1458 4767 εὐφροσύνη,
1491 4679 1566 4756 ὡς
1597 4694 1702 4749 ἀπὸ
1759 4679 1933 4769 ἀμπί-

287 4765 392 4859 λου
422 4770 778 4859 γεωργούσης
801 4774 1092 4851 φαντασίαν
1123 4765 1475 4856 εὐφροσύνης,
1508 4783 1637 4859 οὐχὶ
1687 4782 1744 4840 δὲ
1793 4765 1931 4857 ἀλή-

283 4856 429 4911 θειαν
483 4858 818 4948 ἀφαιρεῖται,
879 4863 954 4926 ὡς
1018 4865 1213 4938 μηκέτι
1271 4871 1404 4925 εἶναι
1463 4856 1932 4948 τοῦς-ἀπατωμέ-

282 4966 444 5039 νουςῖ
467 4945 662 5039 Οὐκέτι
691 4948 795 5025 γὰρ
847 4951 1303 5030 εὐφρανθήσονται
1357 4958 1444 5014 ἰπὶ
1487 4967 1602 5023 τοῖς
1654 4945 1934 5039 ἐλεγχθεῖ-

281 5055 368 5089 σιν
399 5036 452 5090 oi.
482 5036 748 5116 πρότερον
779 5039 913 5097 αὐτὰ
963 5045 1343 5119 θαυμάζοντες,
1377 5046 1502 5105 οὗδὶ
1556 5036 1934 5130 γεωργήσουσι

2043 4703 2244 4765 tatem,
2280 4704 2344 4754 ut
2376 4717 2447 4756 ne
2478 4700 2754 4772 deinceps
2784 4701 3140 4758 inducantur
3170 4702 3228 4756 in
3265 4718 3541 4758 errorem.
3565 4701 3691 4756 Non

2042 4789 2197 4845 enim
2229 4788 2269 4843 ii
2299 4787 2657 4848 laetabuntur
2685 4789 2943 4862 amplius
2965 4791 3036 4846 ob
3060 4807 3128 4846 ea
3149 4807 3396 4862 quorum
3429 4790 3695 4862 coarguti

2043 4877 2318 4951 sunt,qui
2350 4879 2553 4935 eadem
2586 4880 2749 4952 prius
2782 4881 3224 4937 admirabantur
3256 4897 3269 4936 :
3306 4898 3492 4952 neque
3522 4896 3695 4935 uvam

2042 4967 2375 5024 Mabiticam
2405 4967 2689 5036 excolent,
2735 4969 2834 5042 qui
2886 4970 3039 5042 quod
3089 4971 3373 5026 damnum
3424 4971 3572 5027 615
3627 4985 3698 5025 ex

2044 5070 2110 5111 ea
2159 5057 2382 5112 accedit
2428 5057 2787 5125 bibentibus,
2835 5059 3166 5116 didicerint.
3201 5064 3465 5117 Fortasse
3496 5061 3693 5115 autem

353 5213 398 5250 ⁸⁸
428 5213 636 5271 Matth.
669 5233 762 5286 xv,
799 5219 884 5276 13.
961 5222 1006 5258 ⁸ο
1030 5221 1184 5280 Psal.
1216 5242 1448 5296 Lxxxm,
1479 5229 1533 5286 6.
1610 5231 1654 5265 ⁴¹¹
1683 5231 1840 5288 Psal.
1875 5248 1935 5288 cn

2070 5233 2156 5288 15.
2235 5233 2278 5268 ⁴⁸
2311 5233 2516 5291 Matth.
2551 5251 2668 5305 XXI,
2701 5235 2788 5289 43.

352 5394 497 5483 (10).
513 5401 756 5483 Antiqui
769 5407 906 5483 _tr_es
923 5403 1092 5483 libri,
1109 5402 1273 5483 αρτᾦ.
1289 5406 1600 5477 Aliquanto
1620 5416 1760 5483 post
1768 5412 1933 5481 editi,

285 5462 314 5550 δ
341 5462 440 5550 ,οὖν
474 5462 736 5550 ἔχων-τὶς
765 5472 852 5530 ἰπὶ
877 5476 978 5544 τήν
1022 5462 1242 5550 καρδίαν
1292 5462 1413 5532 τοῦ¹

284 5540 538 5632 ἔρεξε
565 5548 632 5600 ut
660 5547 720 5632 in
753 5540 1026 5632 contentu
1059 5540 1209 5632 {ubi
1241 5550 1526 5632 libentius
1557 5540 1936 5632 legerem,én‘i

284 5608 590 5690 τῇξσξρδίᾳ,
625 5617 676 5690 si
706 5635 808 5690 per
834 5626 1056 5678 veteres
1085 5620 1266 5679 libros
1299 5608 1516 5682 liceret.

361 5683 473 5758 (11)
511 5683 808 5764 Scriptum
839 5692 1172 5751 invenimus
1214 5693 1275 5751 in
1328 5696 1559 5757 duobus
1615 5701 1939 5778 codicibus,

2047 5410 2374 5484 οἰκονομεῖν,
2407 5415 2692 5484 ordinare,
2725 5417 2964 5486 referre.

2123 5480 2242 5562 (12)
2273 5480 2510 5559 Antiqui
2561 5480 2692 5562 tres:
2720 5480 2878 5554 libri,
2930 5485 3230 5562 ἀφικέσθαι.
3274 5482 3436 5539 Alius
3488 5480 3691 5554 codex,

2047 5557 2318 5636 ἀφίεσθαι,
2352 5557 2597 5636 τεῐὶηᾳαί
2624 5559 2693 5615 ad
2727 5575 2910 5636 usum.

2121 5633 2228 5706 (13)
2262 5633 2450 5689 Codex
2482 5648 2660 5698 unus,
2690 5634 2952 5692 νοεῖσθαι.
