4134 6224
486 339 606 400 663

1435 341 1819 404 APPENDIX
1867 341 2192 404 οι)ΕῆοΜ
2237 340 2302 402 s.
2349 342 2630 404 BASILII
2675 313 2949 404 MAGNI.

3779 346 3900 408 664

489 478 546 528 et
578 470 955 528 torcularium
988 473 1224 528 nomine
1254 473 1459 529 anima:
1494 492 1671 546 prava
1700 477 1968 531 doctrina
2015 476 2130 529 im-

2253 467 2600 542 Μωαὸιτικήν
2628 471 2906 550 σταφυλὴν
2939 475 2990 528 οἱ
3041 471 3387 550 διδαχθέντες
3443 478 3540 546 τὴν
3591 477 3682 532 ἀπ’
3732 476 3900 544 αὐτῆς

488 561 647 616 butm
679 560 1112 632 significantur.

569 829 693 883 314.
727 831 902 883 Vnus.
940 830 1133 886 11-11.
1173 829 1307 885 Ideo
1355 836 1540 886 venter
1587 847 1740 888 meus
1785 848 1947 904 super
1994 831 2142 887 Moab

497 919 657 990 quasi
703 919 917 974 cithara
946 920 1179 983 sonabit,
1227 928 1274 974 et
1307 922 1578 976 interiora
1607 938 1729 976 mea
1761 923 1918 988 quasi
1946 938 2143 976 murus

499 1023 656 1078 quem
687 1008 1041 1075 instaurasti,
1076 1015 1126 1063 et
1153 1011 1258 1063 erit
1288 1009 1358 1064 ad
1386 1012 1757 1081 confusionem
1785 1013 1888 1065 lui.
1940 1012 2002 1064 Et
2047 1018 2141 1064 ae-

500 1099 773 1170 fatigatus
803 1100 877 1152 est
925 1098 1082 1154 Moab
1131 1098 1190 1152 in
1237 1099 1542 1167 altaribus,
1593 1104 1642 1154 et
1689 1101 2036 1169 ingredietur
2083 1104 2143 1157 in

500 1189 827 1256 manufacla
857 1202 980 1256 sua,
1007 1191 1067 1242 ut
1097 1193 1211 1243 oret
1242 1191 1290 1242 et
1320 1205 1433 1243 non
1456 1193 1707 1260 poterunt
1735 1206 1930 1246 eruere
1958 1191 2139 1246 illum.

498 1275 607 1330 Hoc
635 1276 859 1331 verbum
889 1277 1036 1346 quod
1083 1277 1290 1333 locutus
1335 1288 1412 1334 est
1460 1281 1723 1335 Dominus
1768 1297 1930 1352 super
1970 1281 2142 1353 llloab,

501 1364 716 1436 quando
746 1369 797 1419 et
829 1365 1032 1420 locutus
1060 1375 1158 1422 est.
1203 1368 1399 1438 ltaque
1449 1367 1742 1444 propheta:
1789 1373 1993 1425 venter
2041 1387 2143 1426 su-

503 1469 608 1525 per
636 1453 804 1509 Moab
837 1455 1004 1526 quasi
1038 1454 1261 1510 cithara
1291 1457 1554 1525 sonabit;
1587 1457 1697 1513 hoc
1726 1463 1832 1530 est,
1865 1459 2146 1515 concinne

502 1547 559 1598 et
591 1542 886 1598 modulate
915 1543 1047 1599 edet
1075 1561 1285 1600 sonum
1319 1563 1733 1614 numerosum;
1777 1549 2146 1620 quandoqui-

507 1633 640 1688 dem
670 1633 814 1688 scite
844 1639 903 1688 et
928 1649 995 1688 ex
1025 1634 1166 1689 artis
1193 1636 1494 1706 praeceptis
1524 1653 1651 1691 eam
1684 1635 1964 1708 pulsabit.
2015 1641 2145 1694 Ven-

509 1726 649 1776 trem
699 1727 891 1777 autem
929 1723 1182 1794 appellat
1215 1725 1268 1779 id
1303 1725 1456 1796 quod
1490 1725 1716 1781 Psaltes
1746 1725 1885 1781 alibi
1917 1729 2145 1782 interio-

2253 559 2656 625 ἀκολουθοῦσαν
2687 567 2805 623 τοῖς
2836 562 3051 616 πίνουσι
3088 559 3322 637 βλάϐην.
3358 566 3518 641 Τάχα
3559 563 3615 620 δὲ
3645 566 3738 620 καὶ
3773 567 3900 620 ὑπο-

2254 648 2419 720 λήνισί
2450 651 2580 706 εἶσιν
2615 653 2669 706 αἱ
2697 649 2989 727 δεχόμεναι
3037 655 3138 722 τήν
3205 657 3492 729 μοχθηρὰν
3549 653 3905 710 διδασκαλίαν

2251 741 2448 814 ψυχαμ

2321 832 2446 884 314.
2483 832 2578 883 Διά
2606 834 2766 884 τοῦτο
2819 833 2853 900 ἡ
2913 829 3100 886 κοιλία
3143 853 3248 904 μου
3307 831 3396 887 ἐπὶ
3463 830 3634 888 Minois
3691 835 3765 896 ὡς
3819 857 3905 890 κι-

2254 919 2390 991 θάρα
2419 920 2644 994 ἡχτίσει,
2678 919 2766 973 καὶ
2818 919 2885 973 τὰ
2935 919 3084 982 ἐντός
3138 942 3243 993 μου
3301 921 3427 977 ὡσεὶ
3485 929 3674 997 τεῖχος
3733 925 3762 978 ὃ
3819 925 3905 978 ἐν·

2253 1006 2518 1068 εκαίνισας
2593 1007 2680 1060 καὶ
2765 1003 2912 1061 ἔσται
2989 1007 3067 1069 εἰς
3145 1009 3208 1062 τὸ
3293 1007 3612 1083 ἐντραπῆναί
3673 1031 3748 1066 σε.
3808 1013 3910 1064 Καὶ

2254 1093 2510 1150 ἐκοπίασε
2564 1089 2738 1152 Μωὰϐ
2806 1094 2891 1150 ἐπὶ
2948 1102 3068 1158 τοῖς
3129 1097 3366 1172 βωμοῖς,
3429 1099 3518 1152 καὶ
3607 1097 3910 1155 εἰσελεύσε-

2251 1205 2339 1238 ται
2419 1183 2494 1246 εἷς
2574 1185 2639 1239 τὰ
2716 1184 3083 1259 χειροποίητα
3150 1185 3336 1253 αὐτῆς,
3401 1186 3540 1241 ὥστε
3615 1188 3915 1263 προσεύξα-

2255 1283 2372 1336 σθαι
2411 1291 2424 1305 °
2479 1274 2568 1327 καὶ
2628 1273 2690 1327 οὐ
2778 1275 2854 1346 μή
2944 1271 3167 1345 δύνηται
3227 1278 3340 1348 (14)
3398 1274 3672 1345 ἐξελέσθαι
3718 1276 3910 1348 αὐτόν,

2252 1366 2421 1416 Τοῦτο
2469 1362 2531 1417 τὸ
2583 1361 2786 1438 ῥῆμαὸ
2819 1361 3058 1432 ἰλάλησε
3117 1364 3311 1439 Κύριος
3368 1362 3454 1419 ἰπὶ
3494 1360 3712 1435 ⁸Μωᾶ6,
3749 1367 3915 1420 ὑπότε

2254 1452 2344 1506 καὶ
2399 1448 2690 1522 ἐλάλησεν.
2725 1453 2785 1506 Ἱ]
2845 1451 3029 1506 κοιλία
3085 1452 3266 1507 τοίνυν
3324 1457 3421 1508 τοῦ
3475 1456 3766 1530 προφήτου
3828 1455 3915 1509 ἐπὶ

2256 1535 2428 1596 Μωαϐ
2470 1540 2543 1602 ὠς
2593 1540 2786 1614 κιθάρα
2834 1542 3059 1616 ἠχήσει·
3089 1541 3390 1610 τουτέστιν,
3423 1541 3783 1616 εὐαρμόστως
3829 1544 3916 1598 καὶ

2265 1635 2537 1703 μουσικῶς
2568 1630 2710 1705 ἦχον
2744 1629 3058 1685 ἀποτελέσει
3092 1627 3380 1706 εὔρυθμον,
3416 1632 3521 1686 ἀπὸ
3550 1639 3651 1701 τῆς
3693 1632 3917 1703 ἐπιστή-

2264 1739 2371 1790 μης
2402 1723 2498 1772 τοῦ
2528 1719 2822 1790 κρούοντος
2855 1718 3022 1786 αὐτὴν
3053 1724 3343 1793 τεχνικῶς.
3376 1719 3600 1775 Κοιλίαν
3655 1717 3713 1775 δὲ
3772 1719 3916 1796 λέγει

504 1828 630 1866 rum
661 1811 896 1867 nomine
926 1812 1254 1884 designavit
1287 1830 1299 1868 :
1333 1813 1415 1869 ait
1443 1813 1599 1869 enim
1634 1831 1646 1870 :
1676 1816 1932 1886 Benedic,
1961 1819 2142 1872 animo

2261 1809 2288 1862 ὃ
2321 1807 2576 1882 ἀλλαχοῦ
2608 1809 2635 1862 6
2667 1805 2984 1880 Ψαλμῳδὸς
3035 1807 3182 1870 ἐντὸς
3235 1807 3468 1883 εἴρηκεν·
3503 1808 3735 1885 Εὐλόγει
3789 1811 3913 1885 γὰρ,

504 1916 655 1968 mea,
687 1901 936 1964 Domino,
963 1909 1013 1956 et
1037 1903 1222 1957 omnia
1253 1903 1526 1959 interiora
1572 1920 1714 1975 mea,
1756 1907 1972 1960 nomini
2017 1922 2144 1959 san-

509 1999 593 2046 olo
621 1991 739 2061 eius
762 1991 824 2044 ιθ.
859 1991 1000 2058 Quis
1030 2008 1284 2063 namque
1312 1992 1689 2049 interioribus
1720 1993 1844 2049 suis
1878 1994 2150 2065 praecepit

507 2084 574 2137 ut
603 2080 948 2136 benedicant
978 2081 1201 2138 nomini
1229 2080 1482 2150 Domini,
1516 2082 1631 2137 nisi
1679 2083 1730 2137 is
1781 2083 1880 2154 qui
1930 2089 2148 2139 natura;

504 2170 922 2244 cogitationum
953 2170 1026 2226 ab
1046 2170 1274 2228 intimis
1293 2171 1630 2242 praecordiis
1647 2172 1982 2228 exeuntium
2006 2189 2149 2244 prae-

503 2260 674 2332 cipit?
704 2276 954 2332 quarum
984 2260 1202 2331 duplex
1231 2265 1319 2316 est
1346 2260 1573 2317 classis.
1608 2259 1745 2315 Alias
1776 2261 1930 2316 enim
1963 2279 2148 2333 pravae

502 2354 664 2420 sunt,
697 2349 1034 2417 homicidia,
1067 2349 1372 2416 adulteria,
1407 2351 1578 2420 furta,
1614 2351 1757 2405 falsa
1786 2351 2146 2416 testimonia,

500 2442 558 2493 et
586 2436 791 2492 oculus
822 2453 1096 2507 nequam;
1129 2435 1253 2491 alia
1283 2454 1415 2492 vero
1447 2443 1584 2491 sunt
1619 2438 1808 2507 proba:
1841 2443 1898 2492 et
1928 2438 2148 2492 saluta-

502 2541 616 2592 res,
633 2525 987 2597 benignitas,
1003 2524 1408 2596 temperantia,
1431 2525 1770 2590 liberalitas,
1792 2526 1983 2581 fausta
2014 2543 2148 2598 pre-

503 2615 672 2684 catio,
703 2613 1034 2669 testimonia
1063 2614 1387 2668 secundum
1421 2613 1602 2668 Deum
1637 2615 1884 2683 reddita,
1939 2615 2147 2671 oculus

502 2720 709 2774 purus,
741 2707 797 2758 et
829 2702 922 2758 his
951 2702 1188 2758 similia.
1220 2708 1270 2756 ls
1302 2703 1480 2773 igitur
1512 2703 1682 2772 cujus
1715 2702 1991 2758 interiora
2021 2721 2146 2759 om-

504 2792 601 2847 nia
633 2796 838 2864 parata
867 2797 1006 2847 sunt
1037 2792 1107 2847 ad
1159 2791 1623 2846 benedicendum
1676 2792 1900 2846 nomini
1945 2800 2145 2849 sancto

507 2881 749 2949 Dei,non
782 2881 886 2936 abs
915 2897 974 2936 re
1005 2881 1276 2935 intimum
1305 2897 1479 2942 suum
1513 2880 1780 2935 affectum
1804 2883 2055 2937 assumit
2074 2884 2145 2938 ad

501 2971 724 3043 gratias
754 2975 864 3026 Deo
887 2969 1318 3042 persolvendas.
1353 2971 1551 3039 Itaque
1583 2974 1638 3023 et
1668 2968 1849 3024 Isaias
1895 2968 2148 3026 habebat

502 3076 608 3114 sua
655 3059 933 3115 interiora
981 3074 1086 3114 ceu
1123 3052 1424 3112 murum'a
1460 3059 1569 3113 Deo
1600 3057 2016 3113 instauratum.
2052 3060 2146 3115 Sic

501 3149 659 3203 enim
691 3164 794 3220 per
815 3147 987 3202 Verbi
1019 3146 1266 3217 gratiam
1299 3146 1407 3199 sibi
1443 3146 1782 3216 datam,qua
1807 3146 1978 3201 homo
2002 3147 2143 3205 inte-

501 3237 620 3290 rior
666 3237 998 3302 innovatur,
1049 3235 1368 3289 instructus
1420 3235 1605 3290 fuerat
1652 3241 1708 3288 et
1756 3243 2135 3305 preparatus.
2171 3207 2214 3274 (ἶ

499 3323 647 3386 Quin
673 3328 728 3378 et
758 3324 946 3394 ipsius
976 3323 1360 3393 cogitationes
1390 3327 1557 3376 erant
1603 3328 1882 3393 tanquam
1936 3341 2139 3380 murus

499 3411 994 3483 inexpugnabilis,
1044 3413 1188 3465 adeo
1223 3415 1285 3464 ut
1314 3409 1769 3480 cogitationibus
1801 3412 2012 3482 pravis,
2044 3421 2144 3469 aut

496 3499 753 3555 inimicis
783 3501 854 3555 ad
887 3500 1169 3554 damnum
1202 3498 1570 3552 inferendum
1622 3499 2143 3558 circumstantibus

499 3588 694 3645 aditus
726 3587 927 3643 nullus
957 3586 1511 3642 daretur.Profuerit
1542 3587 1722 3659 igitur
1751 3588 1916 3643 nobis
1940 3591 2142 3648 isthasc

498 3679 933 3751 reputantibus,
967 3676 1547 3748 imitari,pariterque
1576 3693 1706 3731 cum
1742 3680 2020 3749 propheta
2050 3683 2141 3736 di-

499 3785 673 3824 cere:
713 3768 902 3824 Venlcr
931 3783 1080 3821 meus
1130 3770 1187 3820 ut
1237 3765 1454 3821 cithara
1503 3767 1737 3837 sonabit,
1778 3778 1829 3823 et
1876 3771 2143 3826 interiora

498 3874 622 3914 mea
650 3857 811 3928 quasi
851 3871 1041 3911 murus
1088 3871 1250 3926 quem
1292 3856 1585 3911 innovasti.
1643 3857 1706 3910 Et
1753 3859 1878 3921 erit,
1928 3858 2139 3931 inquit,

495 3946 566 4003 ad
611 3946 986 4006 confusionem
1029 3945 1129 4009 tui,
1161 3945 1294 4014 quia
1321 3943 1656 4015 defatigatus
1683 3950 1762 4000 est
1790 3947 1940 4003 Moab
1971 3951 2031 4004 in
2059 3951 2143 4006 al-

499 4035 728 4092 taribus.
760 4033 1047 4090 Eumdem
1093 4032 1429 4104 alloquitur.
1475 4033 1622 4096 Quid
1675 4049 1810 4106 ergo
1858 4035 1971 4092 sibi
2023 4038 2146 4094 vult

568 4143 614 4179 ⁴⁹
643 4141 795 4198 Psal.
827 4157 924 4208 cn,
959 4141 1009 4194 1.

571 4248 682 4320 (14)
714 4247 1151 4320 Monerejuvat,
1187 4245 1558 4320 legiAdebere,
1591 4245 1681 4320 xui
1715 4247 1778 4299 οὐ
1824 4247 1898 4317 μή
1933 4245 2135 4303 δύνων-

494 4313 604 4385 ται,
639 4313 738 4374 ubi
771 4313 1004 4389 legitur,
1037 4315 1126 4368 καὶ
1157 4316 1221 4368 οὐ
1244 4313 1332 4386 ’μή
1368 4313 1606 4383 δύνηται·
1635 4319 1687 4371 id
1723 4313 2025 4389 quod-non
2045 4324 2142 4377 Ob-

499 4407 670 4447 scure
701 4394 860 4460 patet
879 4405 947 4443 ex
977 4389 1381 4462 sequentibus,
1410 4394 1508 4462 aut
1534 4396 1699 4462 certe
1717 4391 1958 4462 verbum
1985 4389 2143 4462 δύνη-

497 4482 608 4530 ται,
634 4459 875 4515 numero
904 4459 1304 4514 multitudinis
1337 4459 1581 4529 οη)Γὶῐηί
1614 4460 1801 4526 debet,
1836 4461 1909 4516 sit
1943 4470 2006 4518 ut
2037 4459 2138 4520 no-

502 4549 632 4589 men
665 4530 1029 4586 collectivum
1057 4531 1640 4602 subaudiaturﬂtita
1665 4549 2005 4602 expressum
2033 4538 2143 4592 fuit

501 4605 561 4660 id
592 4603 834 4657 verbum
867 4602 924 4655 in
957 4601 1231 4672 editiome
1273 4603 1547 4664 ﬂuuiana,
1580 4601 1853 4672 poterunt.

718 4673 888 4759 illud,
921 4671 1106 4759 ξρησίν,
1135 4674 1416 4759 additum.
1434 4679 1522 4759 est
1551 4671 1586 4727 e
1612 4678 1753 4759 lieg.
1788 4677 2064 4759 secundo.

573 4743 684 4816 (16)
718 4745 886 4814 Editi,
920 4743 1095 4817 ὄνομα
1133 4743 1354 4819 Κυρίου.
1388 4748 1459 4800 At
1499 4743 1750 4817 quatuor
1783 4764 1924 4803 mss.
1960 4754 2024 4803 ut
2078 4748 2137 4804 in

501 4821 688 4875 textu.

571 4886 882 4961 (17)Editi,
915 4886 1018 4942 Καὶ
1071 4885 1310 4961 Ἠσαίαν,
1345 4893 1614 4961 corrupte
1649 4905 1660 4942 :
1698 4888 1793 4961 ubi
1839 4891 2138 4946 emendate

500 4958 588 5014 in'
617 4958 865 5032 utroque
913 4961 1179 5032 Cambef.
1204 4958 1832 5032 legiturLKai'iicaiae.
1866 4961 1973 5015 Alii
2022 4964 2136 5018 duo

499 5049 648 5088 mss.
689 5027 926 5096 habent,
961 5032 1060 5086 Καὶ
1092 5027 1288 5083 τοίνυν’
1303 5029 1391 5082 καὶ
1423 5027 1662 5090 Ἠσαίας.
1697 5031 1811 5086 Nec
1850 5032 1928 5086 ita
1984 5034 2135 5087 mul-

496 5110 555 5160 to
600 5103 751 5178 infra
799 5103 936 5178 editi
984 5112 1039 5158 (et
1083 5104 1236 5178 (foll).
1276 5106 1521 5174 primus,
1557 5102 1711 5161 οὗτος
1744 5103 1861 5178 γάρ.
1893 5108 1963 5158 At
1994 5109 2131 5177 Reg.

496 5176 811 5249 secundus,
841 5173 1022 5249 circa);
1041 5173 1161 5249 γᾴρ.

568 5249 676 5318 (18)
713 5245 882 5311 lllud,
941 5241 1252 5318 καῖ’ἕσται,
1313 5242 1494 5318 φησῖν,
1549 5241 1624 5304 εἷς
1681 5243 1740 5295 τὸ
1800 5243 2128 5317 ἐκτραπῆναι

495 5317 787 5383 ae,Latine
816 5318 978 5374 reddi
1005 5317 1099 5372 vix
1129 5317 1498 5387 potest.Nam
1524 5321 1586 5369 ut
1616 5317 1906 5371 sententia
1939 5323 2132 5372 aucto-

494 5392 575 5446 ris
606 5390 986 5462 exprimatur,
1021 5390 1078 5444 in
1113 5387 1588 5462 interpretatione
1631 5392 2128 5462 appareat_0por-

494 5467 579 5518 tet
605 5459 771 5534 quasi
804 5462 1163 5532 paradoxum
1213 5459 1530 5534 quoddam,
1571 5459 1751 5534 quod,
1784 5459 2130 5534 admirabile

494 5534 570 5589 sit
595 5529 652 5590 et
681 5529 890 5606 praeter
916 5529 1714 5606 exspectatione‘m‘omnium.
1733 5531 1941 5606 statim,
1971 5533 2127 5606 enim

496 5598 803 5677 subjungit
831 5598 1039 5677 auctori
1065 5622 1078 5660 :
1110 5600 1292 5677 Tlob’v
1330 5599 1582 5677 βοόλεται
1611 5599 1673 5677 τξ)
1700 5598 2000 5677 τολμηρῷ(
2033 5599 2126 5657 δο-

491 5671 624 5734 κοῦν
669 5671 939 5753 εἲρῆσθαι,
993 5676 1075 5746 τὸ,
1133 5671 1339 5732 Ἔσται’
1378 5672 1454 5737 είς
1495 5673 1589 5732 ,τὸ
1647 5671 1970 5750 ἐντραπῆναί
2025 5693 2120 5746 ac;

2261 1895 2423 1972 φησὶν
2487 1897 2618 1967 (15),
2670 1897 2704 1964 ἡ
2759 1896 2910 1970 ψυχή
2975 1915 3102 1968 μου,
3157 1896 3248 1950 τὸν
3309 1897 3532 1968 Κύριον,
3593 1898 3684 1952 καὶ
3739 1899 3916 1953 πάντα

2257 1984 2322 2038 τὰ
2378 1981 2527 2045 ἐντός
2598 2003 2722 2055 μου,
2772 1983 2834 2037 τὸ
2883 1978 3057 2056 ὄνομα
3103 1985 3166 2038 τὸ
3212 1985 3360 2059 ἅγιον
3406 1984 3593 2040 αὐτοῦ.
3647 1987 3747 2048 Τίς
3809 1987 3910 2061 γὰρ

2255 2078 2371 2134 τοῖς
2418 2071 2565 2134 ἐντὸς
2592 2073 2784 2127 ἑαυτοῦ
2812 2072 3134 2148 προστάσσει
3187 2071 3433 2148 εὐλογεῖν
3474 2075 3536 2129 τὸ
3585 2071 3764 2148 ὄνομα
3811 2083 3911 2130 Κυ-

2259 2165 2397 2235 ρίου,
2430 2163 2464 2230 ἢ
2497 2165 2564 2234 τῇ
2598 2163 2750 2236 φύσει
2779 2165 2886 2216 τῶν
2921 2157 3115 2225 ἔσωθεν
3165 2167 3273 2216 τῶν
3327 2159 3708 2238 διαλογισμῶν
3763 2162 3908 2235 ἐξερ-

2257 2251 2550 2327 χομένωνς
2584 2251 2655 2304 ὧν
2708 2247 2936 2304 διπλοῦν
2997 2249 3106 2304 ἐστι
3164 2251 3226 2305 τὸ
3279 2250 3481 2325 τάγμα.
3516 2253 3583 2309 Οἱ
3647 2253 3744 2324 μὲν
3803 2253 3908 2329 γὰρ

2260 2339 2538 2415 μοχθηροὶ
2589 2340 2946 2414 τυγχάνουσι,
2989 2339 3164 2415 φόνοι,
3205 2346 3472 2416 μοιχεῖαι,
3522 2340 3752 2420 κλοπαὶ,
3783 2346 3912 2415 ψευ-

2259 2427 2634 2504 δομαρτυρίαι,
2667 2428 2755 2484 καί
2815 2428 3099 2507 ὀφθαλμὸς
3157 2426 3416 2503 πονηρός
3473 2431 3528 2484 οἱ
3590 2428 3649 2505 δξ
3705 2432 3912 2486 ἀστεῖοι

2254 2517 2344 2572 καὶ
2405 2519 2692 2592 σωτήριοι,
2744 2515 3150 2595 φιλανθρωπία,
3207 2518 3558 2594 σωφροσύνη,
3590 2519 3653 2573 τὸ
3705 2541 3914 2575 κοινωο

2253 2607 2400 2660 νικὸν
2433 2607 2523 2660 καὶ
2575 2603 2844 2682 εὔφημον,
2877 2605 2965 2660 καὶ
3005 2608 3059 2660 αἱ
3107 2606 3242 2660 κατὰ
3288 2608 3414 2662 Θεὸν
3469 2609 3790 2684 μαρτυρίαι,
3825 2609 3912 2664 καὶ

2257 2697 2284 2750 6
2316 2694 2602 2773 ὀφθαλμὸς
2633 2695 2888 2770 καθαρὸς,
2921 2695 3010 2749 καὶ
3038 2695 3104 2749 τὰ
3152 2695 3319 2767 ὅμοια
3347 2696 3576 2754 τούτων,
3607 2700 3674 2774 ⁷ῼ
3729 2699 3911 2753 τοίνυν

2253 2785 2427 2839 πάντα
2454 2785 2521 2838 τὰ
2561 2783 2707 2845 ἐντὸς
2750 2784 3103 2858 κατώρθωται
3161 2784 3236 2846 εἰς
3288 2784 3621 2857 ἑτοιμότητα
3667 2791 3767 2841 τοῦ
3827 2787 3910 2842 εὖ-

2257 2872 2437 2949 λογεῖν
2475 2874 2538 2928 τὸ
2570 2869 2742 2945 ὄνομα
2771 2877 2868 2927 τοῦ
2898 2877 3032 2928 Θεοῦ
3056 2875 3167 2945 (16)
3196 2873 3260 2928 τὸ
3292 2875 3466 2949 ἅγιον,
3503 2875 3662 2936 οὗτος
3721 2879 3911 2937 καλῶς

2255 2957 2784 3038 συμπαραλαμϐάνει
2843 2964 2941 3031 τήν
3013 2959 3166 3016 ἔνδον
3237 2959 3472 3026 διάθεσιν
3525 2963 3601 3024 εἰς
3656 2967 3758 3032 τὴν
3814 2969 3912 3020 τοῦ

2253 3056 2387 3108 Θεοῦ
2445 3050 2813 3126 εὐχαριστίαν.
2849 3050 2946 3105 Καὶ
3006 3050 3226 3114 Ἡσαΐας
3286 3055 3400 3126 (47)
3428 3053 3610 3108 τοίνυν
3669 3055 3791 3128 εἶχε
3847 3056 3913 3108 τὲ

2255 3140 2400 3202 ἐντὸς
2455 3141 2644 3194 ἑαυτοῦ
2704 3139 2778 3202 ὡς
2835 3145 3023 3215 τεῖχος
3079 3140 3107 3194 ὃ
3140 3139 3462 3197 ἐνεκαίνισεν
3499 3144 3526 3197 6
3559 3143 3715 3205 Θεός.
3749 3142 3912 3201 Οὕτω

2251 3231 2348 3306 γὰρ
2373 3229 2759 3284 κατεσκεύαστο
2792 3227 2850 3283 ἐκ
2877 3231 2974 3297 τῆς
3009 3229 3083 3292 εἷς
3129 3230 3288 3285 αὐτὸν
3346 3235 3444 3285 τοῦ
3501 3231 3684 3304 Λόγου
3743 3232 3912 3307 χάριο

2249 3340 2342 3380 τος
2376 3317 2823 3388 ανακαινιζούσης
2853 3318 2943 3372 τὸν
2983 3315 3088 3372 ἔσω
3144 3318 3453 3395 ἄνθρωπον,
3497 3319 3588 3374 καὶ
3635 3323 3775 3389 ἦσαν
3824 3322 3912 3376 αὖε

2249 3413 2346 3462 τοῦ
2378 3409 2428 3461 οἱ
2463 3405 2812 3480 διαλογισμοὶ
2844 3407 3012 3462 οἱονεὶ
3041 3414 3229 3483 τεῖχος
3276 3407 3655 3482 ἀκαθαίρετον,
3689 3410 3765 3471 ὡς
3805 3431 3909 3482 μη-

2253 3495 2437 3569 δεμίαν
2473 3492 2677 3551 διδόναι
2727 3493 3071 3571 παρείσδυσιν
3130 3503 3246 3558 τοῖς
3303 3499 3518 3574 χείρῦσι
3581 3497 3906 3573 λογισμοῖς,

2254 3583 2394 3658 μηδὲ
2449 3588 2564 3646 τοῖς
2623 3585 3137 3659 περικαθεζομένοις
3192 3585 3422 3661 ἑχΘροῖς
3480 3586 3559 3648 εἰς
3618 3585 3905 3662 ἐπήρειαν.

2253 3673 2434 3731 Καλὸν
2509 3673 2598 3729 οὖν
2677 3674 2789 3728 ἐστι
2863 3678 3029 3728 ταῦτα
3086 3673 3442 3745 ἐννοήσαντας
3505 3673 3761 3745 ζηλῶσαι
3817 3676 3906 3730 καὶ

2251 3764 2462 3835 ὁμοίως
2514 3762 2683 3817 εἰπεῖν
2732 3766 2810 3834 τῷ
2865 3765 3126 3839 προφήτῃ
3173 3765 3256 3832 τὸ,
3289 3765 3351 3818 Ἡ
3410 3761 3597 3818 κοιλία
3664 3786 3774 3837 μου
3833 3767 3904 3825 ὡς

2250 3852 2446 3925 κιθάρα
2499 3853 2703 3928 ἠχήσει
2756 3852 2845 3905 καὶ
2915 3851 2982 3906 τὰ
3054 3851 3203 3914 ἐντός
3267 3873 3370 3924 μου
3434 3853 3562 3907 ὡσεὶ
3623 3860 3821 3929 τεῖχος
3873 3855 3900 3907 ’ὀ

2253 3942 2596 4003 ἰνεκαίνισας.
2650 3940 2746 3994 Καὶ
2821 3935 2994 4008 ἔσται,
3052 3942 3241 4014 φησῖν,
3302 3940 3378 4006 εἰς
3449 3943 3512 3996 τὸ
3574 3942 3905 4016 ἰντραπῆναι

2251 4055 2310 4090 σε
2359 4034 2493 4107 (18),
2522 4029 2604 4085 ὅτι
2663 4029 2914 4084 ἐκοπίασε
2969 4025 3142 4084 Μωὰϐ
3195 4029 3281 4085 ἐπὶ
3341 4033 3456 4104 (19)
3483 4037 3602 4092 τοῖς
3667 4033 3905 4107 βωμοῖς,

2253 4248 2400 4316 Quid
2426 4261 2553 4319 ergo
2582 4244 2697 4300 sibi
2737 4242 2860 4319 vult
2909 4243 3083 4319 illud,
3106 4245 3292 4300 Ἔσται
3342 4241 3420 4304 εἰς
3463 4242 3527 4298 τὸ
3575 4243 3906 4319 ἐντραπῆναί

2252 4315 2330 4383 σε,
2366 4317 2506 4389 quod
2533 4326 2732 4389 temere
2760 4315 2966 4389 dictum
2993 4317 3208 4389 videtur
3226 4319 3252 4368 .9
3275 4320 3483 4389 itaque
3501 4333 3570 4373 ex
3600 4315 3908 4389 scriptoris

2253 4380 2542 4446 sententia
2571 4387 2746 4443 verba
2777 4386 2898 4454 illa,
2928 4380 3076 4440 ἔσται
3108 4385 3182 4447 εἷς
3224 4385 3310 4456 τό,
3342 4380 3477 4456 σία,
3503 4380 3770 4445 audacia:
3804 4391 3905 4445 ali-

2253 4462 2393 4534 quid
2421 4467 2594 4535 atque
2625 4457 2970 4535 temeritatis
3028 4461 3368 4535 praeferunt.
3404 4461 3678 4535 onrtuit
3728 4463 3906 4535 igitur

2256 4531 2410 4588 iiunc
2442 4531 2634 4586 locum
2676 4531 2756 4585 ita
2787 4546 3154 4602 conversum,
3191 4538 3255 4586 ut
3306 4531 3364 4585 in
3418 4531 3902 4602 interpretatione

2173 4578 2216 4641 Ῑ)
2252 4604 2511 4685 perspici.
2537 4607 2735 4674 posset
2759 4600 3008 4685 audacia
3040 4578 3439 4685 aliqua‘atgue
3471 4578 3903 4685 temfe_rita_s.Sic

2249 4673 2444 4732 autem
2497 4673 2865 4745 interpretari
2909 4689 3092 4745 posse
3140 4673 3538 4730 credidimus:
3572 4676 3636 4730 Et
3661 4679 3781 4731 erit
3831 4679 3900 4731 ad

2249 4748 2624 4819 confusionem
2637 4744 2891 4819 tui.Nam
2905 4744 3014 4819 hoc
3026 4750 3192 4819 pacto
3208 4751 3516 4818 appareret
3528 4747 3721 4818 primo
3735 4765 3898 4819 aspe-

2248 4817 2357 4873 ctu
2380 4818 2508 4873 miri
2543 4818 2784 4888 aliquid,
2817 4817 2984 4889 quasi
3017 4817 3299 4873 videlicet
3326 4823 3476 4872 Deus
3510 4817 3710 4889 posset
3760 4817 3897 4875 con-

2248 4890 2434 4959 fundi,
2467 4896 2641 4960 atque
2673 4889 2890 4960 pudore
2919 4888 3094 4942 affici.
3127 4890 3236 4944 Sed
3266 4891 3476 4944 voxtui
3504 4888 3571 4944 ex
3603 4892 3899 4946 sententia

2247 4963 2551 5034 scriptoris
2585 4977 2699 5034 non
2723 4960 3087 5034 _debet_sumi
3114 4964 3346 5034 passive,
3361 4960 3630 5016 videlicet
3662 4979 3770 5028 pro
3803 4979 3899 5034 pu-

2245 5030 2405 5097 dore,
2437 5051 2553 5101 quo
2586 5031 2874 5086 afﬁciatur
2905 5030 3082 5095 Deus,
3113 5030 3211 5088 sed
3265 5035 3461 5097 active,
3493 5049 3599 5102 pro
3649 5030 3894 5104 pudore,

2245 5122 2415 5174 quem
2449 5106 2602 5160 Deus
2633 5104 2758 5158 suis
2788 5103 3136 5158 adversariis
3170 5104 3437 5159 incutiat.
3471 5105 3580 5158 Alii
3624 5103 3895 5172 meliora,

2243 5178 2292 5230 si
2323 5183 2515 5232 tamen
2549 5191 2670 5230 rem
2711 5174 2860 5230 tanti
2893 5174 3132 5245 faciant,
3167 5181 3228 5230 ut
3257 5192 3387 5230 eam
3418 5177 3544 5230 suis
3583 5177 3750 5232 curis
3782 5193 3894 5232 non

2243 5247 2541 5319 indignam
2568 5246 2855 5317 judicent.
2889 5249 3184 5318 Interpres
3213 5251 3379 5302 vetus
3411 5246 3496 5302 sic
3529 5252 3806 5311 verterat,
3837 5250 3899 5302 Et

2241 5323 2345 5374 erit
2376 5326 2435 5375 ut
2465 5329 2516 5374 te
2545 5326 2920 5374 revereantur.
2947 5323 3188 5373 Ducesus
3217 5335 3371 5386 vero,
3396 5322 3462 5374 Et
3491 5320 3599 5374 erit
3619 5326 3684 5373 ut
3717 5324 3779 5375 tu
3808 5337 3893 5375 re-

2239 5395 2484 5446 verearis
2509 5394 2652 5460 ipsos
2679 5407 2698 5444 :
2730 5391 2787 5446 id
2816 5390 2969 5460 quod
3001 5389 3128 5460 ipse
3157 5389 3244 5463 sic
3273 5388 3542 5463 explicat.
3575 5391 3805 5447 Eveniet
3835 5400 3895 5446 ut

2239 5463 2330 5517 illi
2373 5464 2482 5516 tibi
2517 5463 2780 5534 pudorem
2806 5462 3246 5534 ίησιιιὶαηιηρει
3296 5462 3770 5534 ιηιιιοηαηιειωο
3829 5480 3896 5517 ex

2238 5531 2528 5590 sententia
2557 5533 2882 5604 scriptoris,
2912 5533 3066 5589 Deus
3114 5531 3232 5604 illis
3289 5531 3575 5604 pudorem
3616 5533 3891 5591 incutiet.

2306 5605 2418 5677 (19)
2449 5607 2641 5662 Nostri
2673 5601 2925 5677 quatuor
2974 5621 3141 5676 mss,
3173 5601 3246 5660 ἐν.
3279 5601 3452 5676 Editi,
3485 5602 3592 5660 ἐπί.
