4134 6224
309 346 430 407 665

1109 349 1509 412 COMMENT.
1557 349 1637 411 IN
1680 348 1952 412 ISAIAM
1995 347 2500 410 PROPHETAM.
2547 349 2720 410 CAP.
2766 351 2924 412 XVI.

3603 349 3721 412 666

310 480 455 554 Πρὸς
479 480 571 534 τὸν
603 478 762 534 αὐτὸν
797 482 825 535 ὁ
854 478 1126 555 λόγος.Τί
1164 479 1253 536 οὗν
1288 481 1540 557 βούλεται
1569 482 1631 536 τὸ
1661 480 1953 556 τολμηρῶς

2078 480 2244 548 illud,
2280 484 2431 553 quod
2460 487 2656 538 tenere
2686 484 2907 538 dictum
2939 484 3189 550 videtur,
3236 485 3299 538 Et
3323 485 3428 538 erit
3477 485 3547 538 ad
3591 499 3720 539 con-

310 564 505 622 δοκοῦν
540 567 811 638 εἰρῆσθαι,
866 571 950 641 τὸ,
1009 572 1197 626 Ἔσται
1261 571 1339 632 εἰς
1395 571 1456 624 τὸ
1504 570 1830 646 ἐντραπῆναί
1865 589 1957 639 σε;

307 657 409 711 Διά
432 658 594 712 τοῦτό
629 680 746 731 μοι,
780 660 963 735 φησὶν,
1001 658 1260 735 ἰσχυροὺς
1298 659 1540 736 ἐχαρίσω
1587 656 1795 714 ἔνδοθεν
1837 659 1961 719 τοὺς

305 743 730 822 διαλογισμοὺς,
784 747 920 802 ὥστε
966 748 1093 810 τοὺς
1140 754 1230 802 νῦν
1283 751 1358 821 μή
1413 749 1829 826 ἐπιστρέφοντας
1872 749 1960 803 ἐπὶ

306 835 367 890 σε
396 834 729 910 ἐντραπῆναί
776 857 832 891 σε
880 835 969 891 διὰ
1015 842 1121 892 τῶν
1171 837 1414 913 ἐλέγχων
1464 844 1572 892 τῶν
1618 839 1961 914 προσαγομέ-

306 944 414 977 νων
460 922 682 994 αὐτοῖς,
746 923 805 978 ἐκ
861 931 961 993 τῆς
1007 930 1116 979 τῶν
1155 923 1469 997 ,δεδομένων
1533 948 1625 999 μοι
1679 927 1958 1002 λογισμῶν

307 1011 572 1074 εὐτονίας.
626 1013 810 1067 Αείπει
860 1011 951 1068 οῦν
1000 1015 1084 1084 τὸ,
1140 1013 1352 1077 αὐτούς·
1401 1012 1486 1069 ξ’να
1530 1016 1694 1089 ὑγιῶς
1721 1020 1828 1070 τῶν
1864 1015 1961 1090 ῥη-

312 1100 498 1172 μάτων
550 1103 578 1156 6
626 1105 752 1164 νοῦς
799 1100 1068 1176 ἀποδοθῇ·
1130 1104 1228 1158 Καὶ
1275 1101 1422 1158 ἔσται
1471 1103 1546 1166 εἷς
1591 1105 1653 1159 τὸ
1694 1102 1961 1178 ἐντραπῇ-

307 1210 397 1244 ναι
445 1189 640 1252 αὐτούς
691 1212 749 1246 σε
799 1195 933 1264 (20).
985 1193 1186 1266 Ὥσπερ
1236 1192 1339 1267 γὰρ
1379 1193 1429 1247 οἱ
1462 1191 1514 1247 ἐν
1543 1198 1660 1255 τοῖς
1694 1191 1965 1264 πολέμοις

309 1278 719 1354 ἀντιπρόσωποι
780 1279 1028 1347 ἑστῶτες,
1087 1277 1191 1343 ἕως
1256 1283 1348 1354 μὲν
1385 1281 1666 1343 ίσοπαλεῖς
1715 1279 1963 1336 δοκοῦσιν

307 1367 469 1436 εἶναι,
528 1368 589 1423 οὗ
631 1368 939 1443 τρέπονται,
991 1367 1116 1424 οὐδὲ
1185 1369 1545 1426 ἐκκλίνουσιν·
1618 1368 1832 1425 ἐπειδὰν
1907 1367 1964 1426 δὲ

311 1456 558 1530 ὁπερὲχῃ
610 1456 785 1512 αὐτῶν
816 1459 878 1512 τὸ
924 1453 1107 1532 ἕτερον
1155 1458 1341 1534 μέρος,
1399 1458 1687 1533 τραπέντες
1737 1458 1963 1535 φεύγου-

311 1564 418 1598 σινο
472 1544 616 1600 οὕτω
671 1545 760 1599 καὶ
811 1547 966 1621 ψυχὴ
1020 1547 1124 1600 ὑπὸ
1185 1545 1454 1610 ἀναιδείας
1510 1549 1961 1624 παρατεταγμένη

310 1627 559 1703 ἕστηκεν,
593 1633 692 1688 οὐκ
722 1633 1116 1710 ἐντρεπομὲνη,
1174 1635 1495 1712 ἐλεγχθεῖσα
1531 1634 1588 1691 δὲ
1641 1638 1743 1692 ὑπὸ
1797 1636 1964 1712 λόγου

309 1723 728 1795 καθαπτομένου
780 1723 967 1795 αὐτῆς,
1007 1726 1259 1800 τρέπεται
1319 1727 1455 1800 πρὸς
1514 1727 1799 1802 αἰσχύνην.
1857 1727 1964 1782 Καὶ

312 1808 506 1880 ἐπειδή
539 1811 590 1866 ἐν
620 1817 702 1884 τῷ
725 1818 949 1886 κρυπτῷ
973 1818 1072 1868 τοῦ
1101 1815 1387 1889 ἀνθρώπου
1439 1815 1637 1892 γίνεται
1687 1818 1722 1885 ἡ
1761 1817 1962 1890 τροπὴ,
1995 1851 2043 1915 Β

311 1898 552 1976 ἐντροπὴ
583 1901 1041 1977 προσηγόρευται.
1077 1903 1175 1958 Διὰ
1201 1908 1364 1958 τοῦτο
1395 1903 1485 1958 οῦν
1521 1907 1554 1973 ἠ
1587 1902 1770 1958 κοιλία
1813 1906 1963 1978 ἠχή-

316 2010 422 2057 σει,
453 1989 544 2044 καὶ
590 1990 656 2044 τὰ
702 1989 846 2052 ἐντὸς
888 1991 1014 2045 ὡσεὶ
1071 1997 1258 2068 τεῖχος
1313 1992 1342 2047 ὅ
1391 1991 1707 2047 ἐνεκαίνισεν
1760 1993 1788 2047 ὁ
1835 1993 1967 2055 Θεὸς

311 2083 413 2132 τοῦ
469 2080 779 2156 προφήτου,
829 2077 916 2133 ἵνα
967 2075 1315 2153 μεταϐάλωσι
1365 2080 1455 2135 καὶ
1485 2080 1810 2157 ἐντραπῶσι,
1868 2085 1965 2136 τοῦ

314 2165 581 2222 αἰδεῖσθαι
629 2171 744 2241 (21)
803 2169 954 2239 Θεὸν,
1001 2169 1268 2246 πρότερον
1320 2169 1419 2225 οὐκ
1466 2168 1815 2242 ἐπιστάμενοι
1863 2171 1962 2239 τήν

313 2254 598 2330 ὠφέλιμον
631 2255 921 2332 αἰσχύνην.

377 2346 506 2400 315.
563 2347 685 2403 ’Ὁτι
736 2344 987 2401 ἐκοπίασε
1057 2341 1230 2403 Μωᾶϐ
1281 2346 1369 2402 ἐπὶ
1414 2353 1533 2412 τοῖς
1586 2348 1821 2424 βωμοῖς,
1869 2347 1960 2402 καὶ

308 2430 670 2488 εἶσελεύσεται
747 2434 823 2496 είς
889 2435 957 2490 τὰ
1019 2437 1422 2510 χειροποίητα,
1513 2437 1650 2492 ὥστε
1724 2435 1959 2512 προσεύ-

306 2521 514 2590 ξασθαιο
565 2522 655 2576 καὶ
716 2521 777 2576 οὐ
835 2524 910 2595 μὴ
972 2520 1232 2578 δύνωνται
1292 2523 1561 2595 ἐξελέσθαι
1622 2524 1805 2581 αὐτόν.
1858 2527 1956 2579 Τὸν

308 2608 398 2664 ἐπὶ
445 2608 591 2665 τὲλει
643 2609 946 2686 ἀφανισμὸν
1015 2613 1194 2683 πάσης
1244 2611 1699 2688 εἷ’δωλολατρείας
1749 2615 1808 2670 ἑκ
1857 2621 1959 2683 τῆς

301 2703 402 2754 τοῦ
433 2699 610 2773 Λόγου
637 2703 746 2771 (22)
777 2700 1085 2779 ἐπιφανείας
1125 2702 1455 2779 προφητεύει
1501 2708 1591 2757 νῦν
1645 2706 1672 2758 ὁ
1715 2701 1955 2773 Ἠσαίας,

308 2789 392 2842 ὅτι
429 2789 649 2860 μάταιοι
680 2791 873 2852 πάντες
905 2791 956 2845 οἱ
987 2790 1074 2846 ἐπὶ
1099 2796 1218 2853 ταῖς
1260 2798 1612 2855 κατασκευαῖς
1661 2797 1766 2847 τῶν
1815 2797 1956 2847 ναῶν

312 2877 540 2952 μόχθοι,
598 2877 687 2932 καὶ
713 2879 767 2934 αἱ
940 2879 1240 2957 ἀνωφελεῖς
1271 2881 1347 2946 εἰς
1373 2883 1440 2936 τὰ
1469 2882 1835 2957 χειροποίητα
1864 2881 1955 2937 ἐλ-

307 2962 485 3026 πίδες.
518 2967 908 3042 Προσεύξονται
965 2969 1090 3044 γὰρ,
1142 2969 1296 3046 φησὶ,
1347 2970 1446 3024 Καὶ
1503 2969 1565 3024 οὐ
1627 2972 1702 3042 μὴ
1763 2968 1959 3025 δύνων-

306 3073 395 3108 ται
455 3053 728 3127 ἐξελάσθαι
786 3057 964 3116 αὐτόν.
1025 3061 1198 3116 Τοῦτο
1251 3063 1342 3113 νῦν
1411 3058 1496 3114 ἐπὶ
1558 3066 1656 3130 τῆς
1721 3065 1955 3135 Χριστοῦ

308 3140 607 3216 ἐπιδημίας
679 3145 1060 3222 πεπλήρωται.
1139 3148 1284 3216 Ἀντὶ
1358 3149 1640 3203 σκοπέΛων
1700 3149 1794 3220 μὲν
1849 3151 1951 3224 γὰρ

2069 572 2342 639 fusionem
2374 575 2497 626 tui?
2527 573 2682 638 Ideo,
2717 573 2932 643 inquit,
2966 573 3165 627 firmas
3197 572 3340 627 mihi
3370 571 3531 627 intus
3561 573 3721 641 cogi-

2072 658 2324 714 tationes
2347 659 2630 730 elargitus
2662 678 2744 726 es,
2783 667 2848 714 ut
2879 662 2978 732 qui
3011 678 3073 716 se
3106 677 3262 716 nunc
3293 659 3534 714 minime
3581 677 3723 715 con-

2071 752 2303 801 vertunt
2335 749 2403 802 ad
2439 754 2515 815 te,
2567 750 2892 804 confundas
2942 755 3004 804 tu
3055 750 3127 804 ob
3176 753 3544 821 argumenta,
3593 766 3720 821 qua:

2071 835 2185 890 sibi
2216 853 2285 890 ex
2318 837 2516 892 inditis
2550 838 2692 892 mihi
2721 839 3042 909 prazvalidis
3064 837 3515 909 cogitationibus
3536 838 3722 892 addu-

2073 930 2308 979 cuntur.
2345 931 2513 981 Deest
2545 927 2725 996 igitur
2755 926 3186 998 illud,ipsos,sic
3220 931 3284 981 nt
3313 943 3455 982 sana
3485 931 3723 982 senten-

2072 1012 2153 1068 tia
2181 1014 2480 1083 reddatur,
2518 1021 2581 1070 Et
2607 1019 2714 1070 erit
2762 1019 2821 1069 ut
2874 1016 3027 1070 616
3078 1025 3138 1070 tu
3186 1015 3345 1085 ipsos
3393 1015 3722 1084 confundas.

2072 1103 2576 1165 Quemadmodum
2624 1104 2782 1159 enim
2834 1105 2932 1175 qui
2981 1105 3040 1159 in
3091 1103 3261 1160 hellis
3311 1105 3552 1160 adversa
3579 1105 3726 1160 facie

2074 1189 2692 1262 consistunt,quandiu
2727 1209 2894 1262 sequo
2927 1201 3108 1247 marte
3141 1209 3400 1263 pugnare
3428 1192 3721 1260 videntur,

2078 1296 2198 1334 non
2227 1284 2386 1350 terga
2416 1280 2576 1348 dant,
2610 1298 2798 1352 neque
2849 1282 3056 1353 pedem
3112 1282 3389 1352 referunt,
3434 1283 3534 1337 sed
3584 1298 3718 1336 cum

2075 1383 2210 1438 pars
2243 1368 2424 1423 altera
2454 1369 2742 1440 praevalet,
2794 1375 2934 1425 tunc
2987 1371 3259 1425 cedentes
3306 1387 3368 1426 se
3413 1370 3472 1424 in
3517 1371 3718 1442 fugam

2075 1457 2217 1510 dant
2247 1473 2260 1511 :
2296 1457 2372 1511 ita
2403 1463 2460 1512 et
2489 1459 2687 1514 anima
2718 1460 3090 1530 impudenter
3120 1460 3178 1513 in
3212 1459 3333 1514 acie
3363 1459 3578 1529 stabat,
3612 1475 3717 1514 nec

2074 1546 2463 1617 reverebatur,
2515 1548 2614 1602 sed
2662 1549 2836 1603 verbo
2886 1548 3281 1619 objurgatorio
3329 1549 3609 1615 convicta,
3659 1549 3720 1603 in

2077 1634 2360 1703 pudorem
2410 1641 2466 1690 et
2517 1638 2902 1692 reverentiam
2951 1637 3212 1692 vertitur.
3248 1638 3316 1691 Et
3347 1637 3624 1707 quoniam
3657 1637 3719 1690 in

2075 1723 2304 1778 occulta
2351 1724 2611 1781 hominis
2661 1733 2824 1797 parte
2855 1726 2976 1782 hac
3008 1725 3308 1780 conversio
3339 1726 3610 1791 efficitur,
3643 1724 3723 1777 ἒν-

2073 1813 2273 1882 τροπή,
2306 1814 2426 1868 sive
2458 1816 2805 1870 verecundia
2835 1821 3090 1870 vocatur.
3151 1816 3283 1869 Ideo
3336 1829 3471 1885 ergo
3524 1819 3724 1870 venter

2075 1903 2327 1968 sonabit,
2372 1908 2429 1957 et
2454 1903 2734 1959 interiora
2764 1905 2929 1976 quasi
2961 1921 3186 1968 murus,
3221 1920 3395 1974 quem
3427 1901 3723 1958 innovavit

2074 1990 2227 2045 Deus
2256 1990 2576 2061 prophetas,
2610 1996 2674 2046 ut
2705 1998 3009 2048 mutentur
3039 1997 3096 2047 et
3143 1992 3599 2060 confundantur,
3647 1991 3720 2047 ad

2075 2079 2462 2151 praestandam
2515 2084 2626 2134 Deo
2659 2081 3064 2149 reverentiam,
3095 2081 3158 2148 ii,
3191 2081 3290 2152 qui
3323 2085 3495 2136 antea
3554 2079 3720 2136 utilis

2074 2167 2316 2239 pudoris
2343 2173 2509 2223 erant
2537 2168 2746 2240 ignari.

2141 2345 2265 2400 3l5.
2312 2346 2454 2414 Quia
2501 2345 2840 2418 defatigatus
2885 2351 2964 2402 est
3010 2348 3159 2403 Moab
3210 2348 3268 2402 in
3315 2347 3608 2414 altaribus,
3662 2353 3717 2404 et

2070 2435 2422 2508 ingredietur
2453 2437 2510 2490 in
2539 2440 2852 2507 manu/acta
2887 2437 2965 2492 ad
2994 2438 3265 2492 orandum
3281 2454 3301 2499 ;
3330 2445 3381 2492 et
3415 2455 3526 2493 non
3567 2441 3718 2509 pote-

2067 2527 2200 2579 runt
2248 2540 2443 2579 eruere
2490 2526 2675 2580 illum.
2727 2529 2894 2580 Nunc
2927 2526 3109 2582 Isaias
3145 2526 3337 2582 omnis
3369 2525 3715 2582 idololatrian
3744 2519 3751 2526 ’

2067 2614 2528 2670 destructionem
2560 2614 2619 2669 in
2652 2615 2767 2671 ﬁne
2815 2631 2884 2669 ex
2931 2615 3181 2670 adventu
3230 2615 3403 2670 Verbi
3453 2617 3714 2670 futuram

2066 2703 2598 2774 vaticinatur,quod
2624 2720 2829 2759 omnes
2851 2703 2910 2759 in
2933 2705 3344 2759 construendis
3367 2703 3601 2774 templis
3631 2703 3714 2757 in-

2066 2792 2288 2857 sumpti
2320 2792 2547 2846 labores
2570 2793 2699 2846 vani
2733 2793 2876 2859 sint,
2927 2792 3412 2864 infructuosaque
3465 2809 3600 2863 spes
3649 2792 3709 2847 in

2067 2880 2422 2934 manufactis
2453 2880 2645 2951 posita
2675 2881 2769 2935 sit.
2790 2881 3191 2952 Nam,inquit,
3213 2882 3481 2936 orabunt.
3502 2882 3565 2935 Et
3596 2896 3709 2935 non

2061 2973 2318 3042 poterunt
2347 2985 2538 3026 eruere
2568 2970 2751 3024 illum.
2777 2970 2895 3024 Hoc
2926 2971 3044 3040 iam
3077 2971 3136 3024 in
3187 2971 3440 3024 adventu
3491 2968 3708 3024 Christi

2063 3057 2420 3130 completum
2469 3063 2576 3114 est.
2610 3057 2717 3113 Illa
2745 3059 2901 3113 enim
2931 3059 3149 3130 templa
3178 3058 3315 3114 olim
3350 3059 3574 3113 famosa
3604 3073 3706 3127 pro

2063 3147 2322 3218 scopulis
2353 3146 2646 3202 habentur
2676 3163 2688 3201 :
2723 3163 2828 3202 nec
2858 3146 3012 3202 ultra
3041 3147 3152 3202 illae
3183 3149 3509 3202 daemonum
3541 3145 3707 3202 falla-

227 3243 236 3247 ’
305 3230 594 3302 ἑστήκασιν
649 3235 702 3288 οἱ
754 3235 873 3290 ναοὶ
921 3236 972 3290 οἱ
1019 3232 1360 3313 περιϐόητον
1413 3237 1590 3292 οὐκέτι
1639 3236 1697 3292 δὲ
1742 3240 1797 3292 αἱ
1848 3239 1952 3294 ἀπὸ

2067 3237 2163 3292 cia)
2194 3235 2544 3305 consistunt,
2577 3235 2909 3291 adversaria
2956 3235 3056 3291 illa
3103 3240 3390 3307 potestate
3437 3251 3540 3306 per
3583 3252 3708 3307 my-

300 3325 412 3376 τῶν
465 3318 740 3394 δαιμόνων
804 3324 1022 3397 ἀπάται,
1086 3323 1506 3401 φυγαδευθείσης
1571 3334 1670 3397 τῆς
1719 3327 1952 3383 ἀντικει-

306 3411 476 3483 μένης
507 3408 788 3485 δυνάμεως
821 3411 910 3469 διὰ
965 3415 1026 3469 τὸ
1089 3417 1385 3490 μυστήριον
1434 3421 1531 3470 τοῦ
1577 3417 1808 3492 σταυροῦ
1856 3423 1952 3473 τοῦ

300 3500 438 3554 κατὰ
499 3505 672 3555 πᾶσαν
722 3503 824 3570 τήν
893 3503 1218 3576 οἰκουμένην
1280 3507 1707 3580 κεκηρυγμένου,
1783 3512 1951 3563 Τοῦτο

297 3588 402 3664 γὰρ
452 3589 514 3643 τὸ
558 3589 733 3666 ῥῆμα,
772 3591 802 3645 '6
860 3591 1098 3662 ἐλάλησα
1155 3592 1349 3666 Κύριος
1409 3593 1496 3648 ἐπὶ
1552 3591 1744 3669 Μωὰϐ,
1787 3598 1951 3653 ὁπότε

301 3677 393 3731 καὶ
442 3675 733 3749 ἐλάλησεν.
801 3681 928 3738 Οῑον
977 3679 1232 3756 ἐπίλογός
1288 3681 1396 3736 ἐστι
1448 3684 1648 3747 παντὸς
1704 3690 1800 3740 τοῦ
1859 3686 1954 3762 ῥή-

305 3787 477 3839 ματος
551 3771 648 3822 τοῦ
721 3769 856 3824 κατὰ
927 3776 1026 3838 τῆς
1097 3765 1443 3834 Μωαϐίτιδος
1516 3775 1946 3848 κεκηρυγμένου.

302 3860 474 3910 Τοῦτο
519 3855 585 3910 τὸ
611 3855 764 3931 ῥῆμα
819 3858 848 3913 6
898 3855 1136 3929 ἐλάλησε
1194 3858 1416 3932 Κύριος.
1476 3861 1816 3934 Προτὲτακτο
1851 3865 1946 3935 μὲν

301 3946 474 4019 γὰρὴ
537 3945 679 4016 λέξις
740 3946 912 4008 οὕτως
968 3940 1190 4023 ἔχουσα,
1249 3950 1320 4004 Τὸ
1375 3948 1526 4024 ῥῆμα
1579 3949 1642 4004 τὸ
1685 3950 1821 4006 κατά
1847 3959 1948 4022 τῆς

302 4029 678 4097 Μωαϐίτιδοςο
739 4034 1047 4110 ἐπιλέγεται
1081 4034 1138 4091 δὲ
1185 4037 1344 4093 παντὶ
1393 4042 1472 4110 τῷ
1529 4038 1681 4113 μέρει
1722 4047 1822 4110 τῆς
1850 4062 1946 4096 πε-

301 4129 557 4197 ρικοπῆς.
637 4127 810 4179 Τοῦτο
863 4124 926 4178 τὸ
979 4124 1152 4200 ῥῆμα,
1209 4125 1237 4180 6
1311 4124 1548 4197 ἐλάλησε
1602 4124 1802 4203 Κύριος
1856 4125 1945 4183 ἐπὶ

298 4207 496 4281 Μωὰϐ,
545 4213 710 4267 ὁπότε
750 4214 840 4267 καὶ
905 4212 1158 4280 ἐλάλησε.
1239 4216 1302 4270 Τί
1365 4214 1529 4285 ἐστιν,
1607 4215 1803 4274 Ὁπότε
1855 4217 1945 4272 καὶ

297 4300 574 4372 ἐλάλησε;
619 4301 862 4357 Δείκνυσι
917 4303 980 4357 τὸ
1036 4304 1257 4358 σπάνιον
1309 4306 1408 4372 τῆς
1464 4308 1562 4359 τοῦ
1623 4309 1756 4360 Θεοῦ
1808 4308 1944 4379 πρὸς

295 4390 422 4452 τοὺς
495 4385 775 4454 Μοαϐίτας
843 4393 1132 4466 γινομένης
1205 4396 1410 4471 φωνῆς,
1489 4396 1586 4465 Τῷ
1673 4393 1767 4465 μὲν
1841 4395 1943 4470 γὰρ

294 4478 523 4554 Ἰσραὴλ
583 4485 823 4555 συνεχῶς
873 4478 1197 4556 διαλέγεται,
1245 4487 1361 4543 τοῖς
1423 4479 1480 4536 δὲ
1511 4476 1706 4536 ἔθνεσιν
1759 4483 1834 4547 ὡς
1879 4486 1946 4538 τὰ

2064 3325 2310 3381 sterium
2359 3325 2550 3380 crucis
2601 3323 2660 3378 in
2692 3329 2812 3380 toto
2844 3326 2982 3380 orbe
3007 3327 3387 3397 praedicatum
3419 3324 3479 3379 in
3508 3324 3707 3396 fugam

2060 3431 2246 3471 versa.
2282 3417 2459 3468 Vens.
2497 3413 2578 3467 13.
2612 3415 2720 3468 Hoc
2747 3415 2893 3469 enim
2923 3415 3147 3470 verbum
3176 3415 3321 3485 quod
3369 3414 3581 3468 locutus
3629 3416 3708 3468 est

2061 3506 2328 3560 Dominus
2369 3519 2535 3573 super
2583 3503 2753 3570 Moab,
2809 3509 3025 3573 quando
3072 3513 3123 3558 et
3168 3504 3374 3558 locutus
3401 3507 3496 3558 est.
3529 3502 3708 3566 Quasi

2060 3593 2326 3666 epilogus
2357 3596 2446 3647 est
2474 3591 2653 3647 totius
2682 3591 2838 3647 verbi
2867 3593 3146 3648 adversus
3177 3591 3548 3646 Moabitidem
3574 3605 3705 3661 pro-

2061 3682 2336 3749 nuntiati,
2387 3680 2691 3736 nimirum.
2742 3683 2851 3737 Hoc
2896 3681 3124 3736 verbum
3172 3680 3313 3751 quod
3360 3680 3575 3736 locutus
3623 3685 3706 3733 est

2057 3774 2334 3827 Dominus.
2368 3770 2675 3825 Praemissa
2703 3769 2859 3824 enim
2893 3770 3079 3824 fuerat
3110 3768 3422 3836 sententia,
3456 3766 3549 3822 his
3579 3783 3705 3822 ver-

2056 3862 2149 3917 bis
2198 3875 2474 3931 expressa
2525 3874 2538 3914 :
2595 3859 2823 3913 Verbum
2872 3863 3066 3914 contra
3096 3857 3446 3915 Moabitidem
3474 3857 3518 3890 5°
3550 3872 3563 3910 :
3596 3855 3701 3910 toti

2054 3965 2188 4005 vero
2219 3947 2519 4004 sententia:
2551 3946 2700 4016 parti
2745 3946 2804 4002 in
2858 3947 3100 4002 modum
3149 3945 3357 4018 epilogi
3405 3943 3700 4012 subditur,

2062 4037 2285 4095 Verbum
2338 4035 2457 4104 hoc,
2503 4033 2642 4107 quod
2681 4035 2889 4090 locutus
2931 4039 3009 4090 est
3043 4035 3310 4090 Dominus
3337 4047 3500 4103 super
3526 4031 3696 4098 Moab,

2055 4126 2274 4198 quando
2298 4129 2352 4180 et
2382 4125 2589 4179 locutus
2619 4127 2716 4178 est.
2748 4123 2894 4186 Quid
2925 4127 3016 4179 est
3044 4123 3172 4189 hoc,
3200 4121 3426 4190 Quando
3455 4124 3510 4176 et
3551 4120 3700 4175 locu-

2055 4227 2145 4271 tus
2174 4219 2291 4271 est?
2320 4213 2586 4269 Ostendit
2618 4211 2800 4266 Deum
2831 4211 3116 4267 Moabitae
3147 4227 3277 4267 raro
3326 4209 3509 4266 fuisse
3556 4207 3698 4264 allo-

2056 4311 2280 4362 outum.
2313 4301 2538 4375 Etenim
2562 4318 2696 4356 cum
2728 4301 3048 4357 Israelitico
3074 4299 3286 4372 populo
3317 4297 3553 4356 assidue
3583 4297 3699 4353 col-

2054 4394 2376 4465 loquitur,a
2405 4408 2513 4446 sua
2545 4390 2805 4461 portione
2838 4389 3044 4445 alienis
3075 4395 3139 4444 ut
3167 4389 3491 4462 plurimum
3522 4391 3696 4443 tacet.

2052 4484 2178 4538 Non
2211 4482 2446 4553 quidem
2475 4479 2714 4534 omnino
2746 4477 2960 4534 occulit
2998 4494 3326 4534 sermonem
3359 4494 3560 4545 suum,
3593 4477 3696 4531 sed

296 4566 485 4623 πολλά
529 4573 727 4638 σιωπᾷ,
761 4569 834 4630 ὡς
884 4567 1203 4644 ἀλλοτρίοις
1238 4577 1340 4639 τῆς
1371 4570 1562 4625 ἑαυτοῦ
1598 4568 1834 4645 μερίδος.
1869 4572 1946 4630 Οὐ

2067 4569 2426 4628 :lementiam
2458 4584 2524 4623 ac
2557 4567 2986 4639 benegnitatem
3021 4584 3186 4623 suam
3217 4568 3303 4623 eis
3333 4583 3567 4638 quoque
3597 4566 3695 4622 de-

302 4659 408 4731 μήν
443 4655 728 4718 παντελῶς
758 4657 1090 4734 ἀποκρύπτει
1120 4659 1210 4713 τὸν
1245 4657 1436 4734 λόγον,
1495 4659 1641 4716 ἀλλᾶ
1679 4661 1768 4714 καὶ
1817 4661 1941 4716 τού-

294 4768 422 4809 τους
473 4749 586 4820 (24)
643 4746 786 4820 γεόει
834 4753 934 4817 τῆς
996 4747 1187 4802 ἑαυτοῦ
1237 4745 1670 4825 φιλανθρωπίας,
1716 4751 1811 4804 ἳνα
1858 4747 1947 4805 διὰ

296 4842 395 4905 τῆς
426 4836 478 4889 ἐν
531 4834 741 4910 ὀλίγοις
793 4835 982 4910 πείρας
1032 4837 1168 4910 πρὸς
1211 4837 1310 4904 τήν
1353 4841 1459 4892 τῶν
1508 4835 1735 4892 τελείων
1767 4837 1946 4901 ἐπιθυ-

297 4924 420 4994 μίαν
454 4925 722 4999 ὂρμῶσιν·
758 4923 906 4978 Ἐπεὶ
967 4922 1058 4978 οὖν
1089 4923 1369 4996 σπανιάκις
1401 4922 1562 4980 λαλεῖ
1613 4931 1729 4988 τοῖς
1778 4930 1943 4982 Μωα-

293 5007 489 5078 ϐίταις,
524 5009 614 5066 διὰ
639 5016 800 5066 τοῦτο
847 5011 1080 5088 εἴρηται,
1130 5013 1212 5069 ὅτι
1261 5018 1429 5069 Τοῦτο
1477 5013 1541 5069 τὸ
1573 5014 1723 5090 ῥῆμα
1753 5012 1780 5070 ὂ
1813 5012 1945 5071 ἐλά-

293 5098 427 5171 )ιησε
458 5099 676 5173 Κύριος,
712 5101 876 5156 ὁπότε
893 5100 982 5156 καὶ
1011 5100 1301 5172 ἐλάλησεν.

359 5247 403 5282 ⁸ο
435 5251 550 5302 Isa.
584 5263 676 5317 xv,
708 5245 758 5300 l.

357 5388 471 5459 (20)
503 5386 658 5477 Editi
706 5390 763 5442 et
809 5391 948 5477 Reg.
999 5389 1248 5477 primus,
1283 5411 1357 5477 ,σε
1406 5389 1632 5477 αὐτούς.,
1677 5393 1790 5451 Alii
1821 5393 1936 5451 duo

292 5475 458 5536 mss.
488 5463 688 5536 αὐτούς
718 5477 834 5516 σου.
868 5466 956 5536 At
999 5463 1138 5536 Reg.
1188 5465 1420 5536 tertius,
1471 5463 1666 5528 αὐτούς
1695 5485 1772 5532 σε,
1832 5483 1938 5524 nec

291 5530 458 5616 aliter
488 5532 704 5616 legitur
731 5532 886 5616 apud
918 5530 1474 5616 Eusebium,_quem,
1505 5543 1572 5595 ut
1586 5537 1733 5616 alias
1758 5530 1936 5612 saepe,

290 5601 372 5660 ita
407 5610 464 5660 et
494 5601 588 5661 hic
617 5621 652 5678 ᾳ
682 5601 978 5678 scriptore
999 5601 1382 5678 compilatum
1412 5601 1544 5668 esse
1573 5615 1826 5668 constat.

361 5678 474 5749 (21)
507 5672 753 5748 Antiqui
781 5672 898 5733 duo
923 5675 1079 5748 libri,
1107 5672 1440 5749 αἰδεσθῆναι.

2053 4659 2406 4733 gustandam
2441 4657 2675 4728 praebet,
2709 4663 2772 4710 ut
2801 4673 2985 4727 pauca
3013 4655 3255 4728 experti,
3288 4673 3416 4728 quae
3445 4655 3700 4729 perfecta

2056 4753 2197 4805 sunt
2245 4762 2382 4802 cum
2431 4744 2591 4800 omni
2651 4746 2846 4800 studio
2897 4762 2961 4800 ac
3010 4745 3236 4816 impetu
3277 4745 3701 4817 concupiscant

2056 4837 2341 4904 Quoniam
2373 4834 2552 4906 igitur
2601 4832 2790 4889 rarius
2840 4833 3100 4904 loquitur
3145 4835 3435 4904 Moabitis,
3483 4833 3699 4889 idcirco

2057 4927 2282 4983 dictum
2332 4929 2421 4980 est
2473 4938 2487 4978 :
2535 4923 2641 4977 Hoc
2673 4923 2896 4977 verbum
2924 4923 3064 4994 quod
3094 4923 3300 4980 locutus
3327 4926 3406 4979 est
3432 4924 3698 4979 Dominus

2055 5015 2277 5088 quando
2307 5017 2360 5069 et
2389 5011 2598 5068 locutus
2625 5012 2724 5067 est.

2119 5394 2230 5469 (22)
2265 5389 2492 5469 Rursus
2524 5389 2639 5446 duo
2679 5385 3092 5469 libri_antiqui,
3126 5388 3462 5469 X9t6105._m
3548 5458 3562 5469 _
3643 5457 3652 5468 .

2262 5459 2752 5537 Codexiunusmai
2786 5458 3087 5537 ai.Copula
3115 5458 3204 5515 καί
3236 5463 3294 5515 in
3327 5458 3498 5537 editis
3530 5458 3689 5537 desi-

2047 5529 2306 5595 deratur.
2342 5536 2520 5594 Paulo
2552 5541 2686 5606 post
2714 5550 2915 5591 vocem
2946 5529 3080 5608 ᾧησί
3110 5550 3178 5589 ex
3208 5548 3324 5588 uno
3361 5529 3560 5587 codice
3586 5530 3687 5585 ad-

2039 5611 2316 5682 jecimus.

2118 5684 2230 5756 (24)
2263 5681 2450 5739 Codex
2479 5693 2657 5747 unus,
2688 5673 2917 5736 τούτοις.
