4074 6222
412 315 529 376 667

411 551 610 592 norum
638 540 992 608 mercenarii,
1024 538 1436 597 dedecorabitur
1462 543 1643 612 gloria
1667 543 1817 599 Moab
1845 544 1903 598 in
1943 559 2060 599 om-

411 627 579 681 nibus
607 625 821 682 divitiis
850 628 1038 683 multis
1067 649 1085 683 .-
1115 633 1168 684 et
1195 631 1547 703 relinquetur
1572 633 1926 702 minimus,lel
1953 648 2061 687 non

413 718 734 770 honoratus.
769 715 1011 772 Videtur
1042 717 1183 772 mihi
1218 719 1377 775 hisce
1406 722 1596 777 verbis
1627 721 1927 777 Moabitidi
1958 721 2063 776 cir-

413 804 808 861 cumscribere
840 806 1113 878 supplicii
1148 813 1200 862 et
1251 826 1554 880 poenarum
1603 816 1859 882 tempus,
1907 811 2060 882 quod

414 892 738 948 nominavit
768 899 884 949 tres
918 911 1102 950 annos
1136 899 1498 955 mercenarii.
1532 899 1679 964 Quia
1711 899 1887 972 igitur
1917 898 2062 954 divi-

410 981 571 1036 ditur
601 982 658 1036 in
690 987 809 1038 tres
839 987 1033 1054 partes
1063 989 1184 1040 tota
1218 987 1500 1058 temporis
1545 995 1773 1059 natura,
1824 987 2060 1062 plenum

409 1075 585 1142 atque
630 1072 952 1142 perfectum
1013 1078 1246 1144 tempus
1276 1076 1598 1148 exprimere
1627 1077 1890 1148 cupiens,
1921 1076 2066 1132 dixit

407 1175 596 1214 annos
644 1165 783 1215 tres.
820 1161 1022 1232 Itaque
1053 1167 1116 1218 In
1151 1165 1329 1220 tribus
1359 1167 1522 1222 annis
1549 1182 1823 1221 annorum
1853 1181 2064 1222 merce-

405 1249 582 1317 narii,
616 1247 1032 1306 dedecorabitur
1053 1253 1238 1322 gloria
1261 1255 1436 1311 Moab.
1469 1255 1618 1321 Quin
1663 1260 1719 1311 et
1770 1255 1828 1310 in
1873 1259 2064 1310 Evan-

405 1335 556 1407 gelio
605 1336 848 1393 infamia
891 1343 1249 1398 mereenario
1279 1342 1538 1399 inuritur
1567 1361 1600 1400 a
1626 1345 1944 1415 Servatore,
1975 1344 2062 1399 di-

405 1431 572 1481 cente
606 1442 618 1480 :
653 1425 1023 1484 Mercenarius
1071 1434 1278 1503 autem,
1325 1441 1376 1487 et
1421 1435 1516 1504 qui
1565 1449 1674 1489 non
1725 1441 1803 1489 est
1845 1441 2060 1504 pauor,

405 1516 560 1586 cujus
592 1531 698 1570 non
731 1527 860 1572 sunt
882 1535 1000 1574 oves
1023 1523 1287 1591 propriae,
1319 1523 1463 1578 videt
1495 1523 1686 1595 lupum
1735 1525 2058 1589 venientem,

405 1608 458 1659 et
488 1606 657 1674 fugit,
691 1608 824 1676 quia
852 1611 1228 1664 mercenarius
1257 1614 1357 1680 est,
1389 1615 1441 1666 et
1470 1627 1591 1667 oves
1636 1628 1747 1666 non
1795 1616 1923 1667 sunt
1974 1611 2064 1666 illi

407 1709 553 1748 cura:
601 1693 668 1746 ⁶¹.
720 1695 1054 1766 Inquilinus
1086 1697 1330 1770 insuper
1357 1705 1412 1755 et
1443 1702 1838 1756 mercenarius
1870 1717 2060 1756 sacer-

411 1781 565 1837 dotis
597 1799 711 1838 non
743 1786 1009 1841 comedet
1037 1793 1244 1843 sancta
1272 1789 1597 1844 secundum
1621 1789 1805 1862 legem
1825 1789 2060 1846 ".Moab

413 1866 597 1940 igitur
621 1886 684 1924 se
713 1870 858 1925 617
897 1872 1024 1943 ipse
1072 1878 1227 1929 stata
1273 1877 1542 1932 mercede
1591 1875 1820 1943 locavit,
1874 1881 1932 1933 et
1981 1877 2062 1931 fa-

411 1962 542 2012 ctus
566 1962 656 2013 est
682 1960 1229 2018 mercenarius.Non
1251 1965 1408 2020 enim
1435 1964 1637 2021 dilexit
1658 1965 1971 2021 Deumzsed
1989 1965 2064 2021 ob

411 2047 699 2103 mercedis
729 2049 1064 2121 Opinionem
1093 2056 1149 2108 et
1176 2053 1265 2108 sui
1299 2054 1590 2110 commodi
1625 2071 1810 2126 spem,
1834 2072 1946 2110 non
1981 2056 2061 2110 rei

411 2133 687 2191 faciendis
712 2138 906 2195 studio
928 2141 1138 2212 agebat
1163 2143 1317 2213 quod
1339 2144 1792 2215 agebat.Tribus
1812 2160 1949 2216 ergo
1965 2161 2065 2198 an-

409 2222 502 2278 nis
525 2241 812 2282 annorum
833 2230 1177 2284 mercenarii
1200 2231 1490 2287 afﬁcietur
1508 2232 2064 2304 ignominia.0uem-

409 2312 726 2370 admodum
743 2333 880 2388 ergo
898 2322 1099 2388 pastor
1111 2321 1375 2376 mercede
1387 2323 1936 2394 conductus,pastor
1948 2338 2060 2377 non

350 2478 355 2482 ι
415 2405 508 2456 est
541 2417 552 2456 :
589 2402 668 2458 lta
689 2405 864 2459 etiam
889 2407 1158 2478 quisquis
1183 2409 1321 2465 facit
1341 2409 1772 2484 eleemosynam
1807 2412 1876 2466 ad
1911 2411 2060 2467 acci-

417 2489 694 2561 piendam
726 2493 798 2548 ab
829 2493 1170 2553 hominibus
1201 2497 1690 2573 gloriam,recepit
1711 2517 1879 2556 suam
1910 2517 2060 2556 mer-

416 2579 618 2635 cedem
648 2581 716 2648 ⁸³,
749 2598 855 2638 nec
887 2583 1220 2641 misericors
1251 2591 1340 2644 est
1371 2605 1474 2645 nec
1527 2590 1864 2646 muniﬁcus.
1917 2592 2061 2646 Item

419 2668 760 2742 quicunque
781 2676 1118 2745 temperans
1145 2678 1325 2732 estad
1351 2679 1670 2734 ineundam
1702 2680 1775 2734 ab
1805 2678 2062 2735 homini-

415 2758 531 2814 bus
561 2759 831 2830 gratiam,
861 2766 1200 2835 temperans
1226 2783 1338 2822 non
1362 2771 1471 2837 est,
1495 2784 1626 2824 cum
1648 2768 1922 2824 virtutem
1945 2784 2062 2824 non

415 2852 657 2920 quaerat,
689 2851 791 2906 sed
831 2851 1077 2924 gloriam
1129 2872 1197 2911 ex
1245 2872 1314 2912 ea
1341 2863 1754 2928 proventuram
1802 2865 2061 2914 venatur.

416 2939 623 3008 Itaque
674 2939 712 2994 ii
761 2947 902 2997 sunt
926 2944 1080 3014 apud
1110 2943 1292 3000 Deum
1321 2945 1676 3013 inhonorati,
1709 2948 1808 3020 qui
1839 2947 2060 3020 aliquid

416 3027 830 3085 ostentationis
861 3047 1039 3088 causa
1071 3033 1506 3101 faciunt.Quare
1535 3041 1593 3092 et
1621 3037 1786 3093 Moab
1818 3037 2064 3092 dedeco-

417 3115 645 3171 rabitur
673 3117 845 3174 annis
874 3120 1100 3190 tribus;
1148 3123 1255 3178 hoc
1301 3129 1411 3194 est,
1461 3126 1520 3180 in
1568 3125 1728 3181 omni
1783 3125 2064 3197 temporis

1354 319 1748 382 APPENDIX
1793 319 2119 382 OPERUM
2165 319 2230 381 S.
2277 317 2564 381 BASILII
2611 317 2886 380 MAGNI.

483 447 608 503 316.
641 446 814 504 Vsas.
839 445 936 504 14.
970 451 1034 504 Et
1062 465 1211 506 nunc
1236 451 1358 508 dico
1388 469 1407 508 :
1435 457 1500 510 In
1533 454 1711 509 tribus
1735 455 1902 510 annis
1949 469 2054 508 an-

2237 452 2360 508 3l6.
2447 447 2548 507 Καὶ
2627 451 2720 505 νῦν
2791 447 2959 526 λέγω

3701 315 3820 379 668

3041 449 3128 504 Ἐν
3192 447 3370 523 τρισὶν
3441 445 3609 504 ἔτεσιν
3687 447 3814 503 ἐτῶν

2173 541 2446 614 μισθωτοῦ
2523 541 2658 612 (25),
2739 537 3168 612 ἀτιμασθήσεται
3244 540 3280 608 ἡ
3350 536 3478 608 δόξα
3532 533 3709 596 Maias
3767 538 3815 592 έν

2169 629 2326 685 παντὶ
2386 634 2461 701 χῷ
2516 627 2743 702 πλούτῳ
2799 629 2876 700 τῷ
2933 625 3171 700 πολλῷ’
3231 628 3318 682 καὶ
3387 625 3816 705 καταλειφθήσε-

2168 739 2255 772 ται
2315 716 2620 792 ὀλιγοστὸς,
2663 718 2750 772 καὶ
2811 715 2908 771 οὐκ
2955 713 3191 788 ἔντιμος.
3253 717 3351 770 Διὰ
3407 716 3611 770 τούτων
3665 712 3819 769 δοκεῖ

2176 828 2268 879 μοι
2301 805 2495 882 ὁρίζειν
2545 805 2739 881 χρόνον
2793 803 3072 868 κολάσεως
3119 809 3187 879 τῇ
3237 800 3436 874 Μωάϐ,
3479 805 3537 860 ὅν
3568 804 3819 878 ὠνόμασε

2168 894 2294 970 τρία
2323 890 2414 966 ἔτη
2479 897 2770 969 μισθωτοῦ.
2823 895 2978 953 Ἐπεὶ
3004 896 3094 950 οὗν
3127 895 3204 960 εἷς
3230 893 3356 971 τρία
3391 894 3528 971 μέρη
3579 898 3612 965 ἡ
3675 899 3817 949 πᾶσα

2169 989 2266 1040 τοῦ
2299 986 2503 1060 χρόνου
2549 981 2833 1061 διαιρεῖται
2888 983 3068 1060 φύσις,
3118 985 3180 1039 τὸ
3225 985 3438 1040 τέλειον
3483 987 3581 1038 τοῦ
3613 979 3820 1058 χρόνου

2171 1081 2513 1151 παραστῆσαι
2583 1073 2942 1149 βουλόμενος,
3016 1074 3143 1150 τρία
3198 1074 3343 1130 εἶπεν
3401 1070 3515 1143 ἔτη.
3577 1073 3670 1130 Ἐν
3729 1074 3817 1128 οὖν

2168 1163 2344 1232 τρισὶν
2418 1161 2584 1218 ἔτεσιν
2667 1161 2798 1218 ἑτῶν
2877 1163 3191 1236 μισθῶτοῦ,
3284 1160 3714 1235 ἀτιμασθήσεταί
3788 1164 3820 1229 ἡ

2173 1249 2299 1323 δόξα
2354 1247 2547 1311 Μωάϐ.
2598 1253 2659 1309 Ὀ
2712 1251 2982 1325 μισθωτὸς
3022 1249 3112 1305 καὶ
3160 1248 3224 1332 ἐν
3246 1254 3324 1323 τῷ
3352 1248 3672 1326 Εὐαγγελίῳ
3705 1247 3821 1304 δια-

2171 1336 2436 1412 ϐέϐληται
2468 1340 2570 1398 ὑπὸ
2598 1345 2696 1395 τοῦ
2729 1346 3010 1414 Σωτῆρος,
3044 1339 3318 1414 λέγοντος-⁸
3351 1340 3407 1394 ’0
3438 1335 3496 1393 δὲ
3527 1339 3821 1411 μισθωτὸς,

2169 1430 2258 1486 καὶ
2317 1430 2417 1486 οὐκ
2473 1428 2545 1485 ὢν
2605 1431 2838 1503 ποιμὴν,
2896 1429 2959 1484 ὗῦ
3017 1449 3116 1484 οοκ
3144 1426 3254 1483 ἔστι
3311 1426 3378 1484 τά
3404 1422 3656 1504 πρόϐατα
3689 1425 3818 1500 ἴδια,

2171 1522 2365 1596 θεωρεῖ
2413 1519 2503 1575 τὸν
2566 1517 2730 1574 λύκον
2802 1517 3128 1595 ἐρχόμενον,
3192 1516 3282 1572 καὶ
3342 1516 3548 1594 φεύγει,
3603 1517 3691 1571 ὅτι
3743 1540 3825 1589 μι-

2172 1609 2376 1674 σθωτός
2436 1609 2569 1680 ἐστι,
2626 1608 2714 1663 καὶ
2774 1608 2834 1663 οὗ
2895 1605 3048 1680 μέλει
3109 1607 3258 1680 αὐτῷ
3287 1607 3410 1682 περὶ
3466 1611 3574 1661 τῶν
3605 1602 3817 1681 πρόϐα·

2168 1720 2299 1756 των.
2361 1699 2462 1755 Καὶ
2521 1699 2783 1773 πάροικος
2811 1695 2984 1753 δὲκαὶ
3020 1697 3293 1771 μισθωτὸς
3340 1700 3436 1752 τοῦ
3489 1695 3681 1772 ἱερέως
3729 1695 3827 1749 οὐκ

2171 1785 2344 1843 ἔδεται
2394 1789 2522 1863 ἅγια
2568 1787 2706 1842 κατὰ
2747 1787 2837 1842 τὸν
2887 1787 3079 1860 νόμον.
3131 1783 3520 1858 Ἐξεμίσθωσεν
3575 1785 3667 1838 οὗν
3705 1785 3824 1838 tau-

2169 1878 2262 1932 τὸν
2289 1878 2316 1932 6
2371 1871 2569 1945 Μωάϐ,
2625 1875 2716 1931 καὶ
2749 1877 2936 1951 γέγονε
2970 1873 3262 1948 μισθωτός.
3299 1874 3378 1931 Οὐ
3435 1874 3537 1949 γὰρ
3568 1874 3826 1947 ἠγάπησε

2169 1968 2262 2022 τὸν
2294 1967 2445 2034 Θεὸν,
2496 1963 2642 2021 ἀλλὰ
2685 1965 2941 2043 φαντασία
2993 1965 3194 2037 μισθῶν
3239 1963 3328 2018 καὶ
3381 1959 3564 2017 ἐλπίδι
3617 1961 3826 2024 οἷκειας

2173 2054 2461 2134 ὠφελείας,
2521 2054 2650 2130 οὐχὶ
2711 2051 2767 2108 δὲ
2816 2058 2885 2128 τῇ
2943 2055 3079 2129 πρὸς
3120 2053 3182 2107 τὸ
3240 2051 3524 2126 γινόμενον
3558 2049 3822 2118 διαθέσει,

2172 2139 2426 2219 ἔπραττεν
2483 2144 2512 2198 ’ὁ
2571 2142 2816 2217 ἔπραττε.
2851 2142 3041 2218 Τρισὶν
3087 2141 3176 2196 οὖν
3227 2135 3394 2195 ἔτεσιν
3452 2139 3824 2213 ἀτιμασθήσε-

2169 2255 2257 2289 ται
2316 2234 2447 2288 ἐτῶν
2504 2236 2799 2306 μισθωτοῦ.
2855 2233 2942 2293 Ὣς
2999 2231 3088 2285 οὖν
3143 2230 3410 2302 ὁποιμὴν
3470 2229 3498 2283 6
3545 2229 3824 2302 μισθωτὸς

2169 2323 2232 2378 τὸ
2281 2319 2603 2393 δοξασθῆναι
2637 2321 2741 2375 ὑπὸ
2765 2325 2872 2375 τῶν
2907 2320 3226 2392 ἀνθρώπων,
3254 2318 3446 2392 ἀπέχει
3476 2316 3568 2371 τὸν
3603 2318 3827 2389 μισθὸν,

2170 2411 2259 2466 καὶ
2293 2411 2391 2466 οὐκ
2422 2407 2562 2465 ἔστιν
2621 2408 2896 2482 ἐλεήμων-
2933 2406 3056 2464 οὐδέ
3085 2406 3423 2468 κοινωνικός.
3484 2405 3588 2463 Καὶ
3638 2407 3667 2460 6
3722 2405 3828 2458 σώ-

2172 2521 2320 2580 φρων
2373 2497 2460 2554 διὰ
2506 2501 2605 2570 τὴν
2667 2497 3001 2574 ἀνθρωπίνην
3057 2499 3166 2570 (26)
3224 2495 3499 2570 ἀρέσκειαν
3562 2494 3665 2548 οὐκ
3706 2492 3822 2548 ἔστι

2171 2591 2426 2668 σώφρων,
2458 2589 2519 2644 οὗ
2549 2591 2647 2658 τήν
2677 2587 2869 2664 ἀρετὴν
2903 2585 3141 2656 διώκων,
3196 2583 3340 2640 ἀλλά
3382 2585 3482 2653 τὴν
3522 2583 3617 2638 ἀπ’
3648 2583 3825 2651 αὐτῆς

2171 2679 2328 2750 δόξαν
2360 2684 2703 2754 θηρώμενος.
2734 2680 2965 2750 ’Ἄτιμοι
2991 2675 3167 2730 τοίνυν
3225 2673 3372 2748 παρά
3399 2677 3517 2745 Θεῷ
3571 2673 3625 2726 οἱ
3677 2673 3821 2747 πρὸς

2171 2766 2388 2841 ἴνδειξίν
2448 2789 2498 2822 τι
2539 2771 2837 2829 ποιοῦντες.
2890 2767 3050 2820 Ὥστε
3093 2762 3183 2818 καὶ
3232 2764 3260 2818 ὁ
3318 2755 3488 2817 Μωάϐ
3536 2760 3591 2816 ἒν
3640 2761 3823 2834 τρισὶν

2172 2854 2198 2880 ’f
2991 2874 3004 2888 ο
3676 2849 3693 2868 \
3787 2854 3814 2864 ο

2172 2879 2338 2913 ετεσιν
2539 2855 2964 2928 ἀτιμασθήσεται
3081 2851 3378 2917 τουτέστιν,
3428 2849 3480 2905 έν
3529 2870 3696 2904 παντι
3745 2871 3828 2921 τῳ

2178 2945 2356 3022 μέτρῳ
2383 2949 2480 3000 τοῦ
2509 2943 2735 3020 χρόνου·
2791 2942 3009 3016 ἀτιμίαν
3043 2938 3100 2996 δὶ
3151 2943 3447 3014 μισθωτοῦ,
3481 2935 3569 2992 διὰ
3609 2939 3674 2993 τὸ
3743 2939 3824 3011 μὴ

2173 3036 2234 3092 ἐκ
2263 3034 2573 3106 διαθέσεως,
2624 3033 2751 3089 ἀλλ’
2799 3031 3130 3088 ἐπίπλαστον
3183 3031 3334 3102 αὐτῷ
3383 3029 3513 3084 εἶναι
3543 3029 3607 3083 τὸ
3655 3024 3824 3103 ἔργον

2173 3133 2275 3196 τῆς
2335 3126 2549 3198 ἀρετῆς.
2619 3123 2945 3196 Δτιμάζεται
2991 3119 3047 3176 δὲ
3100 3122 3184 3176 Ἐν
3239 3119 3397 3173 παντὶ
3453 3121 3532 3189 τῷ
3588 3116 3834 3190 πλούτῳ

417 3219 713 3260 mensura.
781 3208 1068 3265 Inferetur
1131 3216 1326 3268 autem
1385 3215 1729 3270 mercenarii
1787 3196 2062 3283 dedecus,

2175 3219 2253 3287 τῷ
2312 3196 2532 3286 πολλῷ.
2598 3214 2762 3270 ’Όσον
2823 3212 2926 3286 γὰρ
2981 3210 3126 3282 αὐτῷ
3181 3211 3372 3283 περιῆν
3431 3214 3532 3276 τῆς
3592 3205 3834 3269 ἐνταῦθα

417 3292 574 3363 quod
606 3311 720 3348 non
751 3312 822 3351 ex
845 3298 1064 3369 animo,
1097 3301 1199 3354 sed
1233 3300 1507 3358 simulate
1552 3308 1610 3360 et
1661 3304 1794 3359 ﬁetu
1846 3320 2063 3358 munus

414 3380 652 3438 virtutis
695 3383 1029 3456 expleverit.
1083 3389 1471 3446 Dedecoratur
1521 3397 1718 3449 autem
1774 3395 1837 3448 In
1892 3395 2066 3448 omni-

418 3469 515 3525 bus
542 3470 756 3528 divitiis
785 3473 994 3531 multis.
1031 3477 1338 3536 Enimvero
1368 3483 1656 3552 quantum
1685 3481 1736 3538 ei
1769 3482 2063 3538 existima-

416 3558 594 3615 tionis
625 3560 681 3615 in
715 3561 823 3619 hac
855 3564 973 3619 vita
1000 3563 1212 3638 inerat,
1245 3574 1475 3624 tantum
1509 3569 1697 3627 eidem
1725 3571 1980 3627 infamias
2011 3575 2068 3626 et

419 3647 722 3706 dedecoris
752 3669 857 3724 pro
891 3656 1158 3711 mercede
1187 3659 1562 3728 rependetur,
1595 3660 1693 3715 ubi
1725 3661 2070 3716 abscondita

419 3739 623 3794 nostra
653 3739 871 3797 fuerint
897 3743 1170 3801 revelata.
1201 3747 1272 3802 Et
1300 3747 1396 3818 qui
1433 3747 1650 3805 multas
1682 3765 1772 3806 res
1799 3767 1977 3806 vanas
2013 3754 2071 3806 et

417 3824 818 3886 infructuosae
851 3833 1127 3890 manibus
1159 3837 1284 3891 suis
1335 3838 1619 3910 congerit,
1665 3837 1715 3894 is
1770 3839 2069 3895 dedecoris

419 3914 532 3971 sibi
561 3916 940 3990 imprimendi
973 3928 1231 3995 segetem
1262 3927 1544 3998 majorem
1577 3927 1783 3996 habet;
1808 3929 1909 4000 qui
1937 3945 2070 3985 vero

418 4003 625 4078 lingua
645 4009 915 4067 mendaci
938 4012 1119 4068 efficit
1141 4014 1532 4088 thesauros,is
1554 4019 1932 4090 prosequitur
1953 4019 2074 4074 ina-

419 4093 538 4161 nia,
570 4100 744 4170 atque
773 4098 834 4153 in
867 4101 1070 4157 mortis
1103 4102 1346 4176 laqueos
1374 4106 1586 4162 veniet.
1633 4111 1699 4164 Et
1723 4107 2077 4180 relinquetur

2175 3300 2526 3376 ὑπολήψεως,
2585 3305 2840 3355 τοσοῦτον
2872 3299 3008 3372 μετά
3045 3298 3108 3352 τὸ
3156 3294 3604 3373 ἀποκαλυφθῆναι
3654 3296 3831 3366 ἡμῶν

2171 3393 2239 3448 τὰ
2294 3391 2524 3465 κρυπτὰ,
2558 3387 2954 3459 ἀποδοθήσεται
3009 3393 3111 3456 τῆς
3140 3385 3374 3462 αῐχύνης
3404 3386 3432 3439 6
3466 3382 3683 3458 μισθός.
3724 3382 3835 3439 Καὶ

2175 3483 2203 3536 6
2235 3478 2452 3550 πολλὴν
2485 3478 2724 3554 συνάγων
2750 3483 2868 3539 ταῖς
2900 3477 3086 3553 χερσὶν
3121 3473 3389 3551 ἀκαρπίαν
3422 3476 3555 3547 (28),
3587 3469 3836 3526 πλείονα

2175 3565 2290 3646 ἔχει
2351 3567 2488 3641 ὕλην
2537 3575 2638 3638 τῆς
2687 3565 3086 3643 ἐπιφερομένης
3136 3563 3282 3635 αὐτῷ
3331 3561 3579 3634 ἀτιμίαςο
3641 3561 3743 3614 καὶ
3804 3561 3833 3614 6

2178 3658 2402 3735 ἀνεργῶν
2452 3657 2864 3732 θησαυρίσματα
2906 3654 3128 3731 γλώσσῃ
3180 3649 3388 3726 ψευδεῖ,
3441 3653 3639 3723 μάταια
3692 3646 3836 3703 διώ-

2175 3769 2282 3821 κει,
2343 3747 2432 3802 καὶ
2487 3745 2760 3802 ἐλεύσεται
2818 3744 2904 3799 ἐπὶ
2956 3740 3186 3819 παγίδας
3240 3743 3354 3815 (29)
3410 3740 3661 3794 θανάτου.
3723 3739 3839 3794 Καὶ

2180 3835 2661 3915 καταλειφθήσεται
2723 3832 3028 3908 ὀλιγοστὸς,
3078 3830 3168 3886 καὶ
3215 3831 3319 3885 οὐκ
3373 3826 3610 3915 ἔντιμος.
3658 3827 3842 3898 Εὐερ-

2179 3925 2328 4003 γεσία
2370 3914 2474 3980 τῶν
2540 3923 2627 3979 ἐπὶ
2689 3921 2850 3994 κακίᾳ
2898 3919 3434 3995 συγκεκροτημένων,
3501 3918 3536 3984 ἡ
3588 3914 3844 3970 ἐντεῦθεν

2181 4012 2484 4077 παίδευσις.

415 4187 704 4254 minimus,
735 4191 786 4243 et
815 4204 927 4245 non
955 4191 1278 4249 honoratas.
1312 4196 1445 4262 Quae
1477 4195 1571 4251 hic
1602 4197 1952 4253 describitur
1975 4195 2429 4262 animadversio,
2451 4193 2524 4250 iis
2553 4192 2650 4265 qui
2682 4193 2754 4249 ad
2787 4191 2990 4246 vitium
3022 4188 3292 4246 alendum
3318 4185 3681 4257 conspirant,
3709 4183 3846 4240 loco

418 4283 510 4329 est
538 4275 676 4331 doni
707 4293 775 4332 ac
806 4278 1091 4336 beneficii.

491 4417 534 4458 ⁸¹
565 4417 735 4474 Joan.
767 4436 824 4487 x,
858 4421 946 4489 12,
980 4423 1068 4495 13,
1145 4425 1189 4464 δ’
1221 4426 1358 4484 Lev.
1400 4444 1540 4496 xm,
1577 4429 1660 4484 10.
1740 4429 1784 4465 ⁸⁸
1814 4430 2020 4487 Matth.
2054 4448 2132 4489 γι.

1223 4693 1593 4758 MONITUM
1637 4696 1717 4756 IN
1761 4695 2062 4759 LIBRUM
2105 4695 2208 4756 DE
2250 4693 2464 4756 VERA
2504 4690 3037 4755 VIRGINITATE.

489 4949 606 5007 Hoc
637 4969 785 5024 opus
815 4961 1190 5016 commendat
1237 4961 1586 5034 antiquitas.
1633 4964 1926 5037 Scriptum
1975 4968 2064 5021 est
2107 4963 2262 5020 enim
2317 4967 2524 5035 quarto
2569 4959 2807 5030 saeculo,
2857 4958 3165 5030 eidemque
3209 4959 3588 5028 nuncupatur
3641 4954 3853 5013 Letoia

417 5039 794 5115 Melitinensi,
853 5047 920 5100 ad
975 5064 1146 5118 quem
1203 5055 1258 5106 et
1286 5053 1545 5126 Gregorii
1576 5052 1824 5125 Nysscni
1855 5057 2041 5110 exstat
2070 5053 2311 5126 Epistola
2343 5052 2633 5108 canonica.
2664 5049 2788 5106 Huc
2819 5047 3044 5105 accedit
3071 5044 3328 5104 auctoris
3357 5043 3637 5117 dignitas,
3664 5060 3852 5115 quem

463 5213 601 5297 .(25)
633 5216 820 5273 Codex
871 5234 1044 5290 unus,
1108 5223 1420 5295 μισθωτῶν,
1466 5240 1743 5281 annorum
1783 5241 2071 5283 mercena-

418 5300 659 5340 riorum.

542 5301 659 5341 um.

637 5359 810 5440 Editi,
846 5357 934 5416 διὰ
962 5364 1062 5433 τήν
1089 5367 1199 5418 τῶν
1248 5364 1571 5440 ἀνθρώπων.
1630 5371 1702 5424 At
1751 5387 1894 5426 mss.
1953 5375 2072 5426 tres

420 5431 503 5482 uti
547 5433 605 5483 in
640 5437 933 5490 contextu.

488 5498 604 5576 (ἓῖ)
638 5503 828 5576 Qodex
860 5523 1033 5576 unus,
1067 5503 1234 5562 ἔτεσιν
1267 5505 1422 5573 ἐτων,
1450 5512 1618 5566 annis
1647 5528 1945 5568 annorum.

422 5641 434 5657 9
491 5571 607 5657 528)
643 5573 948 5657 Recentior
976 5571 1307 5657 {lembeﬁsii
1341 5571 1542 5653 codex,
1574 5582 1864 5657 ἁμαρτίαν.
1906 5585 2073 5641 Unde

422 5647 710 5714 interpres
740 5654 908 5706 vetus
934 5665 947 5706 :
979 5651 1121 5708 Nam
1150 5653 1248 5724 qui
1273 5647 1623 5711 numerosam'
1649 5647 1930 5714 coaceruet
1954 5671 2072 5732 pec-

2179 5225 2294 5282 cati
2318 5224 2756 5282 multitudinem.
2803 5225 2878 5278 At
2930 5219 3231 5292 antiquior
3276 5214 3607 5292 Combeﬁsii
3659 5219 3856 5273 codex

2183 5312 2317 5352 cum
2353 5296 2492 5368 Reg.
2527 5296 2809 5366 secundo,
2840 5290 3129 5369 ἀκαρπίαν,
3164 5291 3400 5369 rectius.

2275 5369 2368 5440 29)
2398 5359 2588 5424 CBdex
2619 5359 2805 5425 unus:
2839 5363 2925 5440 ἐπὶ
2946 5359 3181 5440 ’παγίδαο
3212 5362 3355 5440 Μοι,
3387 5363 3634 5440 uterque
3663 5362 3852 5440 Ερςξιτ

2275 5381 2368 5440 29)
2398 5381 2588 5424 uouex
2619 5385 2796 5425 unus.
2839 5381 2925 5420 tm
2958 5384 3032 5419 πα
3074 5381 3181 5416 ιοα.
3213 5381 3342 5418 mox
3388 5381 3634 5430 uquue
3663 5381 3852 5442 born:-

2183 5381 2299 5515 hel.
2333 5441 2664 5515 cum_B_eg._
2691 5439 2968 5515 secundo,
3030 5381 3249 5515 ἔντιμος
3307 5429 3599 5515 εριργισέε.
3664 5431 3854 5515 Εεάιιμ,

2181 5505 2423 5588 ἔντιμος,
2473 5503 2906 5588 ἐπὶνεύεργεσίᾳ,
2953 5503 3112 5588 haud
3152 5503 3621 5588 emendate..Hic
3680 5503 3854 5588 deni:-

2181 5574 2333 5710 ριέηςι
2361 5574 2570 5642 omnes
2597 5574 2725 5642 tum
2750 5574 2984 5643 'calamo
3015 5579 3357 5650 notati,tum
3376 5574 3531 5648 typis
3552 5574 3856 5647 descripti

2205 5670 2224 5710 1
2268 5669 2336 5710 ri.

2205 5669 2336 5711 um.
