4074 6222
351 285 447 345 669
1507 283 1739 345 LIBER
1783 281 1885 344 DE
1929 281 2467 362 VIRGISITATE.
3570 282 3698 343 670

342 416 632 488 episcopum
663 413 834 469 fuisse
865 414 1123 470 declarat
1169 415 1295 471 haec
1336 415 1627 471 salutandi
1676 415 1860 472 Letoii
1912 432 1974 470 ra

2041 433 2082 486 ),
2114 413 2424 468 ἐπισκόπων
2465 413 2732 486 ’ὁμόψυχε
2783 411 3003 482 Λητόϊε,
3037 415 3320 468 unanimis
3366 411 3508 467 mihi
3553 414 3698 468 inter

339 505 569 576 episcopo:
593 503 745 558 Letoi.
779 504 886 559 Sed
919 509 1110 560 tamen
1145 505 1198 559 S.
1233 503 1449 560 Basilio
1479 505 1600 560 haec
1631 503 1996 561 elucubratio
2028 503 2269 559 attribui
2302 520 2418 559 non
2450 508 2672 575 potest;
2706 503 2884 574 idque
2913 502 3323 560 Tillemontius
3355 518 3466 558 non
3501 506 3564 558 ut
3594 519 3696 574 pro

341 591 552 646 habilem
580 593 987 662 conjecturam,
1021 594 1122 648 sed
1158 598 1222 648 ut
1253 610 1372 649 rem
1408 595 1757 650 necessariis
1790 595 2145 666 exploratam
2185 593 2508 648 rationibus
2539 592 2817 647 defendit.

397 680 500 734 Non
530 679 704 735 solum
735 681 891 736 enim
924 681 1058 737 huic
1091 683 1360 754 scriptori
1393 701 1628 738 summa
1659 687 1745 738 est
1777 701 1908 738 cum
1946 682 2161 738 Basilio
2195 682 2324 754 styli
2363 681 2806 746 dissimilitudo,
2831 682 2930 737 sed
2962 681 3136 737 etiam
3173 680 3358 736 multa
3389 684 3699 752 pertractat

334 770 548 832 incaute,
573 785 692 840 quas
722 786 854 825 cum
885 771 1210 840 virgineum
1247 773 1526 843 pudorem
1563 773 1922 845 imaginibus
1956 789 2070 827 non
2103 771 2328 827 decoris
2360 771 2670 843 inquinare
2703 770 2948 841 possint,
2986 788 3090 826 nec
3122 769 3504 840 semetipsum
3539 769 3699 822 Basi-

332 858 444 926 lius,
473 874 568 911 nec
597 857 832 914 lectores
860 858 919 913 in
951 860 1241 930 ejusmodi
1295 861 1620 931 perieulum
1673 862 2042 931 conjecisset.
2097 861 2354 915 Providit
2402 860 2527 932 ipse
2578 860 2827 931 scriptor
2858 865 2934 926 (η.
2967 861 3079 929 65),
3114 876 3175 915 se
3228 859 3284 913 in
3319 858 3698 913 offensionem

327 946 560 1018 pluribus
589 951 914 1014 venturum,
944 965 1009 1004 ac
1044 949 1483 1022 reprehensioni
1516 950 1771 1005 occurrit
1803 950 1909 1004 hoc
1944 949 2187 1004 rationis
2220 954 2537 1018 momento,
2567 948 2720 1019 quod
2755 947 2934 1020 virgo,
2962 948 3010 1002 si
3047 949 3218 1004 modo
3251 963 3363 1002 non
3400 946 3476 1002 sit
3510 949 3700 1019 impu-

325 1034 417 1098 bis,
447 1033 577 1089 nihil
607 1050 804 1090 eorum
841 1053 964 1107 quas
996 1038 1068 1092 ad
1103 1037 1346 1093 masculi
1375 1043 1642 1094 naturam
1678 1039 1990 1109 pertinent,
2025 1038 2273 1109 ignoret.

382 1122 474 1177 Sed
502 1123 672 1194 petita
701 1139 770 1178 ex
801 1124 950 1196 stylo
981 1129 1329 1198 argumenta
1379 1127 1581 1182 multis
1632 1126 1778 1182 tanti
1827 1142 1956 1182 esse
2005 1143 2120 1181 non
2151 1125 2445 1191 videntur,
2474 1131 2537 1180 ut
2568 1125 2977 1196 prsejudieatas
3027 1123 3332 1197 opiniones
3375 1125 3696 1196 deponant.

324 1210 407 1265 Hic
431 1215 608 1266 autem
641 1211 951 1268 manifesta
979 1219 1069 1269 est
1097 1218 1429 1286 temporum
1465 1215 1873 1287 repugnantia,
1907 1215 2063 1286 quod
2097 1213 2325 1269 nullum
2360 1230 2599 1284 prorsus
2653 1212 2920 1285 litigandi
2972 1213 3162 1269 locum
3215 1213 3512 1284 relinquit.
3549 1212 3694 1270 Nam

322 1299 521 1354 Letoius
547 1299 932 1357 Melitinensis
963 1303 1294 1376 episcOpus,
1327 1303 1417 1359 cui
1455 1309 1831 1376 nuncupatus
1861 1309 1951 1360 est
2000 1303 2149 1359 liber
2173 1303 2247 1357 De
2279 1319 2405 1356 vera
2436 1304 2785 1371 virginitate,
2818 1302 3088 1374 pluribus
3139 1307 3270 1374 post
3298 1300 3496 1356 Basilii
3530 1317 3690 1355 mor-

319 1393 412 1442 tem
441 1389 596 1444 annis
644 1391 714 1444 ad
770 1390 918 1446 hanc
970 1392 1314 1464 dignitatem
1368 1395 1647 1464 pervenit.
1683 1394 1818 1464 Ejus
1845 1394 2116 1448 decessor
2145 1391 2378 1447 ()treius
2409 1390 2672 1446 interfuit
2702 1393 2970 1446 secunda:
3022 1393 3241 1463 synodo
3293 1390 3695 1446 oecumenicee:

317 1492 423 1547 qua
452 1477 933 1547 perhonoriﬁcum
967 1481 1038 1536 de
1070 1480 1227 1536 illius
1262 1481 1372 1536 ﬁde
1395 1483 1690 1554 judicium
1726 1481 1878 1549 fecit,
1903 1496 2156 1553 eumque
2188 1480 2245 1534 in
2284 1479 2515 1536 Pontica
2546 1479 2780 1535 dimcesi
2812 1497 2945 1535 eum
2975 1479 3232 1535 llelladio
3265 1478 3604 1534 Caesariensi
3636 1483 3695 1534 et

314 1565 551 1637 Gregorio
581 1566 844 1640 Nysseno
876 1567 1052 1624 veluti
1084 1571 1382 1641 quoddam
1412 1576 1678 1626 centrum
1711 1570 2147 1626 communionis
2175 1569 2502 1624 constituit.

367 1653 530 1709 Sensit
561 1655 834 1727 Dupinus
866 1657 1046 1726 hujus
1086 1659 1417 1729 argumenti
1451 1661 1702 1731 pondus,
1737 1675 1842 1716 nec
1872 1665 2070 1714 tamen
2117 1658 2316 1728 cessit,
2351 1659 2448 1713 sed
2483 1661 2583 1712 aut
2624 1657 2889 1712 Letoium
2924 1657 3185 1711 nondum
3238 1655 3420 1710 fuisse
3467 1654 3694 1726 episco-

309 1756 448 1812 pum,
479 1758 601 1797 cum
637 1743 762 1799 hac
793 1744 844 1800 ei
879 1753 1221 1817 nuncupata
1250 1745 1637 1816 elueubratio,
1672 1752 1774 1804 aut
1813 1765 1913 1819 pro
1952 1748 2146 1802 Letoio
2193 1746 2506 1818 legendum
2539 1762 2667 1800 esse
2699 1745 2943 1802 Otreium
2985 1744 3300 1800 existimat.
3336 1744 3530 1798 Prima
3559 1759 3697 1798 eru-

309 1829 393 1882 diti
417 1829 510 1884 viri
541 1832 884 1902 conjectura
923 1835 1271 1906 proﬂigetur
1302 1852 1370 1892 ex
1399 1837 1590 1892 verbis
1624 1837 1797 1892 modo
1828 1835 2042 1901 citatis,
2075 1837 2360 1890 unanimis
2388 1837 2528 1889 mihi
2573 1837 2721 1908 inter
2767 1837 3042 1906 episwpos
3074 1834 3242 1888 Letoi.
3275 1833 3470 1888 Altera
3501 1836 3696 1886 autem

306 1931 362 1972 ex
382 1933 440 1972 eo
465 1934 675 1988 genere
705 1925 814 1988 est,
849 1926 1000 1992 quod
1038 1923 1108 1977 ab
1139 1925 1414 1980 omnibus
1448 1941 1690 1996 prorsus
1722 1923 1950 1994 explodi
1981 1925 2208 1992 debeat,
2241 1930 2298 1978 et
2330 1941 2362 1978 a
2394 1941 2453 1978 re
2485 1923 2687 1978 critica
2718 1923 2953 1994 penitus
2987 1923 3291 1977 facessere.

362 2005 498 2061 Nihil
531 2024 733 2064 moror
780 2009 1043 2078 Suidam,
1076 2013 1176 2083 qui
1225 2013 1442 2068 librum
1492 2015 1566 2069 De
1613 2015 1938 2084 virginitate
1967 2013 2250 2084 scriptum
2287 2029 2318 2067 a
2349 2011 2562 2067 Basilio
2612 2017 3055 2068 commemorat.
3091 2011 3285 2081 Longe
3325 2009 3512 2078 major
3559 2008 3697 2064 Gre-

305 2093 426 2164 gorii
481 2094 829 2151 Nazianzeni
889 2099 1229 2170 auctoritas,
1261 2102 1434 2172 cujus
1492 2101 1832 2157 testimonio
1862 2101 2250 2157 Combefisius
2296 2105 2352 2156 et
2399 2101 2667 2172 Dupinus
2727 2099 3012 2156 nituntur.
3047 2100 3156 2155 Sed
3219 2115 3350 2155 cum
3384 2097 3697 2169 Gregorius

303 2181 492 2252 scripta
545 2184 753 2239 Basilii
803 2184 1026 2254 laudat,
1083 2189 1297 2258 quibus
1342 2189 1739 2261 virginitatem
1785 2205 1917 2244 vere
1966 2189 2153 2245 colere
2208 2188 2472 2258 docebat,
2505 2189 2739 2260 Regula:
2784 2187 3025 2257 indicat,
3058 2203 3188 2258 quas
3244 2185 3391 2241 nihil
3450 2201 3692 2257 prorsus

304 2268 504 2336 habent,
536 2273 699 2344 quod
733 2290 846 2329 non
882 2275 953 2330 ad
984 2276 1268 2346 optimam
1300 2278 1622 2334 excolenda)
1651 2278 2005 2350 virginitatis
2044 2278 2329 2334 rationem
2379 2277 2682 2347 pertineat.
2719 2283 2905 2349 Atque
2933 2276 3167 2332 etiamsi
3198 2278 3492 2331 constaret
3522 2272 3690 2328 Basi-

298 2355 420 2413 lium
452 2359 739 2434 singulari
770 2379 946 2435 opera
975 2365 1048 2420 De
1078 2367 1405 2437 virginitate
1435 2368 1778 2440 scripsisse;
1810 2384 2013 2423 verum
2046 2367 2187 2422 illud
2224 2385 2370 2439 opus
2402 2367 2854 2422 desiderandum
2889 2369 3062 2435 esset,
3086 2365 3329 2420 minime
3353 2379 3486 2418 vero
3517 2361 3686 2428 illud,

297 2448 427 2590 gugd
455 2448 508 2504 in
541 2451 828 2508 manibus
857 2452 1169 2522 habemus,
1200 2454 1397 2526 efﬁngi
1432 2455 1482 2510 ei
1515 2455 1574 2510 in
1609 2460 1727 2510 tam
1777 2455 2092 2512 manifesta
2128 2455 2260 2529 styli
2293 2455 2779 2512 dissimilitudine
2827 2460 2884 2511 et
2929 2460 3263 2527 temporum
3297 2451 3690 2524 discrepantia

333 2552 358 2590 θ
396 2543 525 2590 eret.

333 2543 525 2595 eberet.

1823 2816 1979 2872 ΠΕΡΙ
2016 2817 2150 2870 ΤΗΣ

1072 2980 1727 3078 ΠΑΡΘΕΝΙΑ
1831 2981 2415 3078 ΑΛΗΘΟΥΣ
2525 2980 3160 3078 ΑΦΘΟΡΙΑΣ

1185 3173 1370 3228 ΠΡΟΣ
1415 3173 1714 3228 AHTOION
1754 3173 2159 3229 ΕΙΙΙΣΚΟΙΙΟΝ
2197 3172 2608 3229 ΜΕΑΙΤΗΝΗΣ
2651 3173 2786 3244 (30).

797 2979 957 3074 ΕΝ

1836 3451 2124 3511 LIBER.

735 3581 899 3674 DE
993 3583 1327 3678 VERA
1436 3582 2266 3680 VIBGINITATIS
2381 3581 3232 3697 INTEGBITATE,

1299 3752 1388 3807 AD
1429 3752 1712 3810 LETOIUM
1748 3751 2242 3810 MELITINENSEM
2276 3751 2678 3809 EPISCOPUM.

344 4013 395 4068 4.
427 4014 496 4071 Οἱ
535 4014 634 4086 μὲν
681 4012 888 4070 πολλοὶ
939 4019 1046 4069 τῶν
1097 4015 1188 4070 τὸν
1217 4014 1451 4094 νυμφίον
1481 4018 1641 4090 ἡμῶν
1674 4019 1787 4092 (34)
1831 4039 1928 4073 m-
1961 4036 1976 4090 Α

2113 4018 2350 4075 6181.
2385 4017 2652 4089 Plerique
2706 4033 2839 4073 eum
2891 4015 3129 4071 videant
3185 4029 3565 4086 quoscunque
3623 4029 3693 4068 ex

282 4101 580 4172 ριεπόντων
626 4103 882 4178 Χριστὸν,
933 4104 1092 4165 ὅσους
1123 4105 1151 4158 ὁ
1201 4104 1454 4180 οὐράνιος
1485 4103 1622 4180 ἔρως
1661 4108 1797 4182 πρὸς
1826 4107 1926 4175 τήν

2041 4107 2239 4178 sponsi
2291 4106 2471 4162 nostri
2506 4105 2722 4161 Christi
2775 4104 3094 4160 cultoribus
3126 4102 3378 4158 ecslestis
3423 4118 3588 4157 amor
3618 4103 3687 4157 ad

276 4193 364 4244 τοῦ
392 4190 573 4247 καλοῦ
601 4193 925 4261 κατανόησιν
946 4189 1198 4268 ἔτρωσεν,
1235 4192 1410 4257 ἄλλας
1441 4196 1566 4271 παρ’
1596 4193 1792 4259 ἄλλοις
1815 4198 1928 4270 (32)

2041 4199 2274 4253 virtutis
2305 4195 2861 4268 contemplationem
2895 4194 3200 4260 sauciavit,
3233 4193 3379 4248 alios
3405 4191 3553 4248 alias
3581 4191 3693 4246 vir-

174 4317 178 4321 -
277 4282 367 4332 τοῦ
413 4280 594 4337 καλοῦ
650 4281 746 4342 τὰς
804 4278 950 4343 ἱδέας
1008 4281 1345 4356 ἆσκουμένας
1397 4282 1448 4338 ἐν
1502 4287 1570 4358 τῇ
1631 4283 1930 4356 Ἐκκλησία

280 4363 500 4435 ἰδόντες,
567 4368 620 4422 οἱ
677 4369 769 4440 μὲν
825 4368 926 4436 τῆς
980 4368 1270 4444 παρθενίας
1325 4369 1546 4444 ὕμνους,
1607 4371 1660 4424 οἱ
1717 4368 1774 4425 δὲ
1817 4376 1924 4425 τῶν

277 4457 552 4524 νηστείαις
582 4477 642 4511 τε
687 4455 776 4511 καὶ
826 4457 1148 4532 χαμευνίαις
1199 4459 1623 4529 ὑπωπιαζόντων
1651 4459 1714 4514 τὸ
1768 4464 1927 4532 σῶμα

279 4541 548 4617 ιγιιώμια,
583 4543 748 4600 ἄλλοι
780 4541 838 4599 δὶ
881 4547 944 4600 τὸ
996 4547 1382 4623 μεγαλόψυχον
1428 4553 1538 4603 τῶν
1587 4547 1926 4624 πιπρασκόν-

279 4651 383 4686 των
415 4631 508 4687 διὰ
536 4633 629 4688 τὸν
666 4632 862 4704 Κύριον
912 4634 977 4688 τὰ
1025 4635 1342 4711 ὑπάρχοντα
1384 4636 1767 4710 θαυμάζοντες,
1797 4637 1926 4699 τοὺς

279 4717 530 4785 ἐπαίνους
578 4721 631 4776 ἐν
675 4727 867 4799 μακρῷ
917 4719 1306 4800 δίἐξὲρχονται·
1358 4725 1466 4802 οὐχ
1513 4725 1662 4788 ὅπως
1700 4723 1922 4780 ἕκαστον

285 4813 519 4882 μετιέναι
579 4814 846 4886 προσήκει
895 4816 1004 4866 τῶν
1063 4813 1389 4888 εἰρημένων,
1441 4814 1728 4890 ἀναγκαῖον
1787 4817 1923 4869 εἶναι

275 4895 544 4956 διδάσκειν
573 4899 842 4972 οἰόμενοι,
889 4898 1036 4956 ἀλλὰ
1081 4902 1208 4965 τοὺς
1256 4901 1506 4965 ἐπαίνους
1554 4907 1661 4958 τῶν
1705 4902 1924 4979 είρημί-

273 5009 374 5042 νων
407 4989 487 5051 εἷς
533 4991 637 5059 τήν
677 4992 776 5043 τοῦ
819 4987 992 5044 καλοῦ
1038 4992 1324 5066 προκοπὴν
1375 4993 1489 5066 (33)
1543 4991 1706 5065 μόνον
1740 4993 1919 5066 ἀρχεῖν

343 5113 961 5194 (βρ)-“Μελιτηνρῇςι..8ίφ·
989 5117 1314 5194 reperimus
1363 5118 1423 5173 in
1469 5115 1929 5194 duobusllegiis

278 5184 694 5273 codicibusﬁet.
712 5184 1580 5273 Qolbertino.“Babetmutraque
1609 5186 1788 5244 editio
1817 5184 1929 5243 Ve-

279 5263 520 5331 netagqst
569 5257 934 5331 Parisiensis,
979 5257 1245 5331 Μελίτης.
1281 5262 1374 5319 Sic
1423 5257 1600 5317 etiam
1654 5276 1808 5331 unus
1862 5277 1930 5315 ex

274 5326 826 5417 Ηεῗξῇρξοάίορδυξο
853 5337 972 5416 quo
991 5331 1109 5417 alii
1123 5326 1538 5417 itidemBegii,
1568 5327 1890 5417 maniam:

280 5398 460 5484 “('31)
490 5398 745 5484 Νυμφίον.
771 5401 955 5484 ἠμῶιν.
988 5404 1176 5484 Edltip
1225 5398 1579 5484 Parisiehsis
1623 5404 1804 5484 addit,
1819 5398 1924 5484 adv

271 5472 557 5531 ἀθάνατον.
586 5472 696 5528 Sed
733 5472 848 5528 haec
879 5475 1094 5531 desunt
1138 5479 1198 5534 in
1247 5479 1502 5536 editione
1529 5476 1752 5534 Veneta
1779 5480 1836 5532 et
1864 5475 1924 5530 in

272 5543 540 5616 quinque
570 5544 865 5616 veteribus
894 5546 1083 5604 libris.

343 5612 465 5690 (3ἳῖ
491 5615 625 5691 Παρ’
655 5612 874 5679 ἄλλοις.
902 5619 1046 5677 Tres
1094 5621 1323 5681 codices
1371 5639 1540 5690 mss.,
1572 5617 1655 5674 ἐπ’
1706 5613 1922 5679 ἄλλοις.

2036 4285 2182 4342 tutis
2223 4286 2448 4358 species
2503 4301 2768 4340 exercere
2828 4283 2886 4338 in
2949 4282 3230 4350 Ecclesia;
3290 4281 3390 4337 alii
3449 4279 3689 4352 quidem

2036 4373 2392 4446 virginitatis
2423 4373 2662 4441 laudes;
2698 4373 2795 4428 alii
2827 4388 2960 4428 vero
2989 4387 3190 4428 eorum
3223 4369 3321 4442 qui
3359 4367 3604 4441 jejuniis
3634 4372 3691 4423 et

2037 4461 2407 4518 chameuniis
2437 4479 2649 4534 corpus
2680 4461 2988 4534 castigant,
3022 4458 3314 4526 encomia;
3359 4457 3458 4514 alii
3490 4460 3688 4513 autem

2037 4547 2578 4622 magnanimitatem
2627 4567 2829 4606 eorum
2891 4548 3188 4620 admirati,
3233 4547 3334 4620 qui
3382 4545 3688 4603 facultates

2034 4640 2295 4695 vendunt
2318 4645 2556 4712 propter
2577 4639 2914 4709 Dominum,
2931 4654 3131 4694 eorum
3156 4637 3447 4709 praeconia
3467 4635 3688 4709 prolixo

2035 4745 2304 4784 sermone
2335 4733 2814 4800 prosequuntur:
2841 4744 2954 4783 non
2991 4727 3283 4799 quomodo
3310 4726 3687 4799 unumquod-

2033 4833 2143 4889 que
2183 4833 2409 4883 eorum,
2443 4833 2566 4888 quae
2616 4816 2897 4883 diximus,
2929 4815 3310 4872 excolendum
3360 4815 3456 4884 sit,
3490 4831 3690 4872 neces-

2034 4905 2256 4962 sarium
2291 4905 2698 4962 existimantes
2729 4906 2958 4972 docere,
2990 4907 3091 4961 sed
3123 4905 3278 4962 solas
3307 4904 3514 4960 laudes
3545 4903 3688 4960 satis

2032 5009 2162 5050 esse
2207 4993 2280 5049 ad
2323 4992 2559 5048 virtutis
2608 4994 2929 5064 profectum
2989 4993 3290 5050 ducentes.
3327 4993 3442 5067 Ego
3489 4995 3686 5050 autem

2041 5117 2171 5173 Mox
2205 5133 2359 5188 unus
2389 5132 2457 5171 ex
2486 5115 2696 5188 Regiis,
2726 5113 2776 5168 ἐν
2807 5120 2926 5178 ταῖς
2955 5113 3294 5185 ἐκκλησίαις.

2112 5189 2223 5260 (33)
2261 5187 2370 5248 Εἰς.
2406 5229 2419 5242 ,
2462 5186 2768 5257 «gamma.
2814 5189 3068 5260 Legitur,
3102 5188 3302 5262 πρὸς...
3343 5186 3684 5262 προτροίιςήγ,

2038 5257 2370 5332 ᾳιιύένιιιίιε
2419 5263 2860 5332 incitamentum,
2895 5257 2953 5316 in
2989 5257 3176 5316 tribus
3227 5257 3420 5332 Regiis
3469 5257 3682 5332 eodici-

2039 5330 2151 5416 bus
2181 5337 2237 5388 et
2266 5331 2782 5416 Colbert‘ino..Qu‘aa
2813 5329 3105 5416 scriptura
3135 5333 3242 5387 etsi
3274 5329 3682 5416 primaisp‘ecie

2040 5403 2183 5459 satis
2233 5405 2541 5460 commoda
2589 5403 2838 5472 videtur,
2890 5399 3036 5460 nihil
3092 5399 3287 5459 tamen
3333 5399 3683 5472 mutandum

2039 5475 2200 5544 duxi,
2234 5477 2372 5602 ﬂuis.
2401 5477 2620 5532 auctori
2662 5476 2842 5602 hujus
2872 5474 3062 5547 operis
3105 5491 3219 5529 non
3263 5476 3381 5554 tam
3415 5471 3680 5558 proposi-

2039 5551 2163 5602 tum
2197 5565 2229 5602 a
2299 5551 2574 5602 Virtutem
2609 5565 2744 5602 amn
2770 5547 3072 5602 ectendam
3102 5545 3344 5602 hortari.
3373 5558 3551 5602 quam
3583 5559 3677 5602 us.

2037 5551 2163 5603 tum
2186 5542 2269 5603 ad
2299 5548 2574 5620 virtutem
2609 5542 3072 5620 amplectendam
3102 5542 3344 5620 hortari,
3373 5542 3551 5616 quam
3583 5542 3677 5610 iis,

2037 5620 2137 5692 qui
2159 5621 2281 5692 jam
2311 5618 2566 5693 amplexi
2595 5615 2753 5691 sunt,
2782 5620 3069 5690 praecepta
3096 5615 3345 5673 tradere.
