4134 6224
281 384 399 444 673

1515 381 1750 442 mssa
1792 379 1896 441 DE
1939 341 2481 443 vaiNrrA'rE.

3576 389 3697 449 874

277 518 490 596 φθάσας
518 516 547 571 ὁ
580 515 747 591 λόγνς
775 513 1035 588 ὑπέδειξε,
1066 514 1157 570 καὶ
1207 515 1422 592 προϊὼν
1475 513 1552 569 ἔτι
1611 514 1932 592 σαφεστερον

2065 515 2183 570 lem
2215 516 2922 588 consequatur.Quoniam
2954 517 3134 589 igitur
3163 519 3699 590 virginitas,veram

281 604 466 677 δείξει,
495 609 594 660 τοῦ
624 605 762 660 κατὰ
784 605 970 678 ψυχὴν
1007 603 1249 678 ἀφθόρου
1278 600 1522 664 κάλλους
1555 600 1648 675 (δι’
1685 602 1716 656 '6
1757 601 1846 657 καὶ
1876 602 1943 656 τὰ

283 696 545 768 σώματος
606 693 910 748 ἰκπονεῖται
979 691 1148 764 καλὰ)
1207 689 1347 746 ἐστίν
1408 691 1675 766 ἐξαίρετος
1709 709 1722 722 ·
1777 691 1829 744 οἱ
1886 687 1944 744 δὲ

282 781 501 840 πολλοὶ
556 787 635 855 τῷ
693 781 917 854 ὀνόματι
977 787 1078 851 τῆς
1125 782 1412 857 παρθενίας
1447 780 1597 854 μόνῳ
1626 783 1737 854 (43)
1771 800 1940 856 προσ-

285 874 538 949 έχοντες,
572 867 724 926 οὐδέν
753 891 806 926 τι
831 873 932 939 τῆς
985 868 1230 941 ἀληθοῦς
1281 870 1570 946 παρθενίας
1624 869 1941 946 φροντίζου-

283 983 338 1017 σι
399 964 516 1035 (44)
545 979 558 992 °
597 957 686 1015 διὰ
735 961 882 1014 τουτ’
913 959 1244 1034 ἀναγκαίως,
1277 962 1455 1030 οἶμαι,
1488 963 1604 1020 τοῖς
1660 959 1748 1012 τὸν
1810 957 1940 1032 ὑπὲρ

284 1049 580 1120 παρθενίας
639 1047 892 1124 στέφανον
939 1049 1167 1104 ποθοῦσι
1218 1043 1429 1119 λαϐεῖν,
1473 1048 1822 1125 ὑποφωνῆσαι
1876 1048 1945 1101 τὰ

287 1138 476 1194 ἐνόντα
508 1134 796 1192 σπουδάσω
847 1139 982 1211 (45),
1017 1137 1091 1198 ὡς
1124 1134 1183 1191 ἂν
1219 1139 1296 1210 μὴ
1342 1134 1412 1191 δι’
1461 1137 1680 1211 ἄγνοιαν
1730 1133 1942 1209 ἀμελή-

289 1249 478 1289 σαντες
539 1230 638 1282 τοῦ
713 1226 1134 1302 προηγουμένου
1208 1224 1422 1292 καλοῦ,
1479 1223 1943 1299 προσαναλώσωσι

293 1319 391 1391 μὶν
424 1319 493 1390 τῇ
523 1322 624 1384 τῆς
661 1314 989 1391 θεραπαίνης
1040 1312 1263 1385 δουλείᾳ
1310 1316 1482 1369 πάντα
1527 1316 1618 1368 τὸν
1679 1314 1822 1389 βίον,
1857 1312 1946 1369 διὰ

289 1404 350 1460 δὶ
398 1405 462 1458 τὸ
526 1400 803 1476 μηδέποτε
856 1404 954 1470 τήν
1012 1400 1290 1457 δέσποιναν
1345 1402 1548 1472 ταύτης
1601 1405 1942 1476 θεραπεῦσαι,

285 1493 380 1549 καὶ
410 1493 512 1561 τήν
540 1495 638 1546 τοῦ
683 1492 938 1563 σώματος
989 1491 1276 1566 παρθενίαν
1328 1491 1390 1545 οὐ
1438 1491 1821 1564 κοσμουμένην
1866 1496 1945 1564 τῷ

284 1590 387 1653 τῆς
441 1577 655 1636 ἔνδοθεν
689 1581 798 1652 (46)
831 1577 1047 1652 κάλλει,
1085 1582 1220 1652 μετὰ
1267 1578 1514 1643 πολλοὺς
1565 1578 1797 1656 ἱδρῶτας
1849 1587 1942 1651 ζη-

292 1673 603 1747 μιωθῶσιν.
635 1671 749 1725 Ἵνα
780 1667 868 1723 οὖν
905 1673 1087 1747 σαφῶς
1132 1666 1355 1724 ἵκαστον
1405 1673 1511 1724 τῶν
1563 1670 1944 1724 συντεινόντων

287 1760 429 1835 πρὸς
460 1758 524 1812 τὸ
553 1763 652 1826 τῆς
711 1755 951 1827 ἀληθοῦς
984 1754 1272 1830 παρθενίας
1330 1754 1538 1818 κάλλος
1598 1756 1762 1835 ὀφθῇ,
1795 1757 1942 1834 φερε,

290 1849 434 1924 πρὸς
464 1848 588 1902 τίνα
618 1847 819 1901 σκοπὸν
852 1847 887 1915 ἠ
921 1843 1182 1919 παρθένος
1212 1844 1470 1924 ἆιρορῶσα
1531 1848 1665 1919 (47),
1691 1847 1790 1914 τὴν
1828 1846 1943 1900 ἑαυ-

286 1942 392 2004 τῆς
437 1936 729 2008 παρθενίαν
780 1935 949 2003 ἀσκεῖ,
983 1936 1368 2009 θεωρήσωμεν.
1401 1935 1554 1990 Οὕτω
1601 1936 1702 2009 γὰρ
1753 1934 1810 1989 ἃν
1866 1933 1946 2012 ἐφ’

291 2027 522 2082 ἑκάστου
557 2023 860 2095 κινήματος
885 2023 1076 2091 αὐτῆς,
1112 2020 1218 2076 ε’ίτε
1263 2020 1403 2098 πρὸς
1449 2023 1540 2076 τὸν
1590 2020 1948 2098 προκείμενον

296 2113 498 2192 βάλλει
546 2112 772 2180 σκοπὸν,
818 2109 912 2166 ε’ίτ’
963 2109 1104 2165 ἄλλο
1153 2111 1482 2187 προθεμένη,
1514 2111 1651 2185 πρὸς
1692 2109 1831 2166 ἄλλο
1890 2108 1947 2165 δὲ

293 2203 534 2280 ἀφιεῖσα,
567 2203 663 2255 τοῦ
710 2200 826 2254 καθ’
883 2199 1077 2268 ἑαυτὴν
1129 2203 1334 2253 σκοποῦ
1379 2198 1622 2274 ἀστοχεῖ,
1655 2197 1834 2274 ὥσπερ
1893 2198 1944 2254 ἐν

294 2290 480 2366 αἰθρίᾳ
541 2286 900 2358 ἰδόντες,τὴν
954 2288 1028 2350 ὡς
1075 2286 1299 2358 ἀληθῶς
1355 2288 1616 2364 παρθὲνον
1670 2285 1729 2342 ἂν
1782 2309 1946 2343 κατα-

291 2381 597 2454 μάθοιμεν.

361 2473 423 2527 3.
455 2467 697 2523 ⁹¹Δνωθεν
731 2464 810 2532 δὶ,
846 2465 919 2527 ὡς
950 2459 1066 2540 ἔχει
1099 2467 1210 2539 (48)
1252 2465 1460 2543 φύσεως
1513 2467 1576 2522 τὸ
1616 2466 1756 2536 θῆλυ
1813 2467 1950 2541 πρὸς

287 2561 352 2615 τὸ
404 2557 583 2635 ἅρῥεν,
621 2555 672 2611 εἷ’
725 2553 936 2630 βούλει,
964 2552 1402 2629 ἐπισκεψώμεθα,
1427 2553 1518 2609 ’ίνα
1559 2555 1649 2609 καὶ
1699 2555 1789 2610 τὸν
1848 2562 1948 2625 τῆς

291 2647 586 2722 παρθενίας
639 2645 841 2700 σκοπὸν
901 2643 1163 2720 εὐκρινῶς
1236 2645 1563 2721 ἀναφανέντα
1617 2642 1946 2718 κατίδωμεν.

298 2739 388 2808 Ἐξ
427 2735 632 2811 ὀλίγων
670 2736 774 2811 γὰρ
822 2738 930 2788 τῶν
977 2735 1211 2810 πρώτων
1266 2735 1440 2802 ζώων,
1472 2732 1709 2806 καθάπερ
1767 2729 1827 2787 ἔκ
1875 2754 1951 2787 τι·

299 2847 407 2882 νων
435 2825 814 2901 πρωτοτύπων
867 2823 1216 2897 σπερμάτων,
1240 2823 1331 2877 τὸν
1373 2823 1578 2895 κόσμον
1613 2823 1641 2876 ὁ
1673 2831 1746 2894 Δη
1759 2842 1948 2898 μιουρ-

299 2917 399 2990 γὸς
455 2912 753 2988 πληρῶσαι
811 2910 1069 2982 θελήσας,
1100 2911 1327 2966 ἑκάστου
1385 2911 1478 2984 μὲν
1538 2907 1712 2972 εἳδους
1771 2910 1946 2982 ζώων,

302 3004 545 3078 καθάπερ
598 3001 723 3057 τινὰ
782 2999 907 3073 μίαν
967 2999 1137 3075 ῥίζαν,
1167 3000 1266 3069 τὴν
1318 3003 1414 3054 τοῦ
1463 3003 1776 3072 σωματικοῦ
1809 2999 1950 3068 ζώου

304 3090 450 3146 ἰδέαν
480 3088 531 3161 ἐξ
563 3091 740 3165 ἀρχῆς
773 3083 1100 3144 κατεϐάλετο
1132 3089 1268 3161 (49).
1303 3087 1519 3156 Ταύτην
1564 3084 1621 3141 δὲ
1669 3086 1744 3149 εἰς
1791 3087 1947 3164 ἄρῥεν

299 3203 358 3236 τε
388 3181 477 3235 καὶ
509 3178 675 3250 θῆλυ,
706 3179 813 3233 ἀπὸ
841 3182 938 3233 τοῦ
969 3175 1194 3251 λογικοῦ
1229 3175 1368 3246 ζώου
1415 3172 1518 3240 ἱίως
1576 3174 1663 3232 ἐπὶ
1716 3181 1817 3231 πᾶν
1878 3179 1947 3232 εἴ·

2051 602 2214 658 illam
2249 604 2472 668 dico,ut
2495 605 2619 674 jam
2653 605 2905 660 breviter
2936 607 3245 677 prsemissa
3274 608 3703 666 demonstravit

2053 691 2258 758 oratio,
2283 697 2339 748 et
2369 693 2748 763 progrediens
2779 694 2972 750 adhuc
3005 695 3222 751 clarius
3251 698 3701 769 demonstrabit,

2051 780 2398 851 incorrupta:
2453 782 2509 835 in
2545 781 2744 836 anima
2794 782 3255 854 pulchritudinis
3307 788 3545 858 propria
3591 792 3702 860 est,

2050 873 2288 941 propter
2317 886 2494 940 quam
2543 873 2600 925 et
2629 870 2890 942 corporis
2924 878 3267 928 exercentur
3311 874 3588 946 prmelare
3618 877 3703 933 fa-

2051 958 2360 1026 cta;multi
2395 963 2590 1014 autem
2623 959 2841 1014 nomini
2876 960 3230 1032 virginitatis
3262 963 3372 1019 soli
3406 966 3704 1021 attenden-

2049 1051 2158 1114 tes,
2195 1047 2417 1103 nullam
2447 1065 2592 1103 verae
2643 1048 3002 1119 virginitatis
3049 1067 3250 1106 curam
3284 1058 3498 1126 gerunt
3528 1072 3541 1122 ;
3575 1072 3704 1126 pro-

2051 1141 2248 1208 pterea
2287 1137 2638 1203 necessario,
2674 1142 2740 1192 ut
2789 1138 3017 1210 opinor,
3050 1156 3149 1196 eos
3199 1141 3300 1212 qui
3350 1143 3704 1214 virginitatis

2052 1241 2325 1280 coronam
2359 1225 2632 1296 consequi
2664 1226 2929 1298 cupiunt,
2964 1244 3068 1299 pro
3094 1227 3318 1284 viribus
3350 1231 3706 1288 submonere

2053 1312 2328 1380 conabor,
2361 1319 2424 1368 ut
2444 1329 2515 1368 ne
2539 1314 2857 1370 inscienter
2879 1318 3237 1388 praecipuum
3262 1318 3484 1374 bonum
3517 1322 3702 1393 negti.

2052 1407 2279 1477 gentes,
2313 1406 2498 1456 totam
2547 1403 2729 1458 vitam
2763 1403 2823 1458 in
2857 1405 3080 1459 ancillae
3138 1406 3297 1461 cultu
3332 1414 3706 1478 consumant,

2053 1494 2188 1545 eteo
2211 1491 2363 1561 quod
2391 1497 2684 1562 nunquam
2707 1491 2866 1547 illius
2889 1493 3188 1548 dominam
3212 1495 3705 1564 coluerint,etiam

2054 1579 2314 1650 corporis
2333 1579 2730 1651 virginitatem
2772 1599 2885 1636 non
2909 1587 3247 1638 exornatam
3281 1585 3541 1641 interiori
3575 1588 3706 1658 pul-

2054 1667 2388 1723 chritudine
2419 1674 2550 1740 post
2580 1669 2800 1724 multos
2832 1671 3078 1726 sudores
3110 1672 3404 1728 amittant.
3422 1674 3494 1729 Ut
3525 1674 3708 1746 igitur

2054 1756 2207 1813 clare
2239 1757 2472 1828 singula
2518 1759 2589 1813 ad
2621 1775 2766 1813 verae
2795 1759 3156 1831 virginitatis
3206 1760 3706 1832 pulchritudinem

2057 1846 2364 1901 attinentia
2393 1853 2865 1919 cernantur,age,
2899 1849 3198 1920 quodnam
3232 1851 3304 1905 ad
3340 1852 3708 1923 propositum

2053 1933 2216 2007 virgo
2268 1935 2612 2007 respiciens,
2646 1953 2816 1990 suam
2866 1936 3057 2008 ipsius
3108 1937 3497 2009 virginitatem
3545 1957 3709 1996 exer-

2055 2027 2200 2093 ceat,
2219 2023 2679 2080 consideremus.
2711 2023 2802 2079 Sic
2833 2025 2988 2080 enim
3026 2025 3084 2079 in
3116 2027 3366 2098 singulis
3395 2027 3556 2084 illius
3588 2046 3708 2086 mo-

2053 2112 2237 2182 tibus,
2266 2117 2462 2167 utrum
2495 2113 2566 2167 ad
2614 2114 2980 2185 propositum
3029 2113 3302 2171 collineet
3330 2132 3598 2189 scepum,
3634 2135 3708 2175 an

2057 2197 2214 2254 aliud
2247 2199 2359 2253 sibi
2391 2205 2820 2272 proponens,et
2850 2200 2962 2256 alio
2989 2202 3290 2271 jaculans,
3324 2221 3357 2259 a
3387 2222 3493 2260 suo
3519 2207 3710 2276 ipsius

2057 2286 2352 2359 proposito
2384 2288 2635 2356 aberret,
2664 2295 2949 2360 tanquam
2985 2291 3044 2344 in
3077 2306 3286 2347 serena
3315 2292 3444 2348 luce
3475 2295 3709 2350 intuen-

2057 2381 2167 2445 tes,
2195 2393 2464 2448 quaanam
2490 2392 2621 2431 vere
2641 2376 2802 2449 virgo
2851 2377 2951 2442 sit,
2983 2395 3332 2452 cognoscere
3359 2382 3706 2452 poterimus.

2125 2465 2178 2520 3.
2215 2466 2300 2519 Ab
2322 2465 2546 2538 origine
2568 2469 2766 2523 autem
2799 2469 3089 2537 quomodo
3119 2484 3188 2524 ex
3209 2475 3422 2526 natura
3443 2488 3573 2528 sese
3601 2472 3709 2529 ha-

2058 2554 2192 2609 beat
2223 2555 2437 2610 femina
2467 2555 2538 2610 ad
2571 2557 2873 2624 marem,si
2901 2556 2982 2612 ita
3012 2556 3224 2630 placet,
3247 2561 3712 2632 consideremus,

2060 2647 2126 2698 ut
2145 2647 2202 2698 et
2223 2643 2574 2716 virginitatis
2596 2661 2842 2717 scopum
2868 2646 3145 2703 distincte
3171 2648 3546 2720 explanatum
3581 2667 3712 2706 con-

2059 2732 2402 2804 spiciamus.
2435 2737 2513 2788 Ex
2563 2734 2765 2806 paucis
2815 2736 2971 2790 enim
3023 2737 3232 2808 primis
3281 2738 3707 2808 animantibus,

2057 2825 2341 2891 tanquam
2377 2837 2446 2876 ex
2475 2823 2773 2893 primariis
2805 2825 3160 2895 quibusdam
3190 2827 3540 2897 seminibus,
3571 2844 3708 2884 cum

2060 2911 2351 2966 mundum
2380 2911 2615 2967 Creator
2643 2912 2890 2984 implere
2921 2913 3126 2983 vellet;
3163 2917 3451 2987 cujusque
3493 2916 3709 2988 speciei

2059 2996 2604 3069 animalium,quasi
2636 3015 2817 3054 unam
2851 3002 3166 3071 quamdam
3200 3003 3478 3073 radicem,
3499 3020 3709 3076 corpo-

2060 3087 2199 3142 ralis
2221 3086 2492 3142 animalis
2517 3088 2764 3142 formam
2789 3088 2860 3143 ab
2884 3088 3050 3144 initio
3071 3092 3574 3148 constituit.Hauo
3604 3109 3706 3149 au-

2059 3181 2178 3232 tem
2211 3176 2282 3230 ab
2316 3175 2558 3231 animali
2594 3176 2866 3231 rationali
2911 3194 3100 3248 usque
3128 3179 3198 3234 ad
3235 3196 3470 3234 omnem
3502 3181 3707 3237 bruto-

301 3267 394 3332 δος
425 3268 635 3344 ἀλόγου
664 3270 800 3339 (50),
833 3267 1010 3341 τεμὼν
1043 3265 1132 3320 καὶ
1162 3266 1222 3320 τὸ
1254 3267 1394 3334 θῆλυ
1424 3272 1622 3339 τμῆμα
1646 3271 1746 3321 τοῦ
1795 3265 1948 3344 ἅῤῥε-

2065 3281 2189 3320 rum
2239 3264 2588 3320 animalium
2622 3265 2900 3336 speciem,
2931 3282 3063 3321 cum
3095 3267 3153 3321 in
3206 3285 3427 3323 marem
3461 3275 3516 3324 et
3549 3270 3712 3325 temi-

295 3380 391 3422 νος
436 3355 1066 3434 ἐργασάμενος,οἶστρον
1130 3356 1224 3428 μὲν
1283 3354 1490 3427 ἑκάστῳ
1543 3358 1794 3428 τμήματι
1849 3362 1947 3425 τῆς

297 3447 434 3523 πρὸς
469 3443 694 3516 ἄλληλα
726 3441 1052 3517 συμπλοκῆς
1106 3442 1339 3520 ἄρῥητον
1368 3447 1437 3516 τῇ
1497 3442 1648 3521 φύσει
1707 3443 1946 3514 ἐνέθηκε.

290 3535 506 3591 Τούτων
542 3535 658 3608 (51)
687 3531 744 3588 δὲ
769 3533 837 3589 τὰ
878 3533 1280 3608 ἀποσχιστθὲτα
1320 3530 1609 3602 ἀλλήλων,
1640 3538 1756 3595 ταῖς
1793 3535 1954 3609 ἀσχέ-

292 3646 412 3687 τοις
456 3628 556 3680 τοῦ
605 3619 806 3698 ἔρωτος
872 3621 1072 3696 μίξεσιν
1135 3620 1408 3691 ἀλλήλοις
1485 3619 1837 3695 συμπλᾶκων,
1891 3621 1950 3678 ἐκ

292 3722 394 3784 τῆς
434 3711 788 3787 συμπλοκῆς,
821 3712 957 3767 ἅπαν
1001 3708 1143 3772 εἶδος
1196 3712 1347 3779 ζώων
1388 3714 1506 3771 ταῖς
1554 3708 1612 3764 ἰκ
1663 3711 1768 3765 τῶν
1819 3731 1952 3782 προ·

297 3799 542 3878 αγόντων
597 3799 895 3878 βλαστάνον
943 3805 1152 3875 γοναῖς,
1188 3796 1256 3854 δι’
1287 3797 1483 3860 αἰῶνος
1512 3799 1626 3872 (52)
1657 3797 1946 3869 πληθύνει,

295 3893 634 3964 Αὐξάνεσθε,
691 3889 900 3966 λέγων,
956 3889 1046 3943 καὶ
1123 3887 1484 3957 πληθύνεσθε,
1543 3886 1634 3942 καὶ
1715 3885 1951 3961 πληρώ-

297 4003 425 4037 σατε
453 3981 553 4050 τὴν
586 3986 710 4053 γῆν.
741 3977 901 4035 Οὕτω
935 3975 992 4032 δὶ
1021 3977 1109 4032 τὸν
1142 3976 1367 4049 κόσμον,
1401 3975 1572 4053 φημὶ,
1595 3976 1684 4050 ἀφ’
1716 3977 1834 4038 ἑνὸς
1853 3981 1950 4032 τοῦ

294 4069 488 4143 Ἀδὰμ
561 4068 858 4142 ἀνθρώπων
943 4065 1155 4141 γένους,
1215 4066 1332 4120 καθ’
1391 4067 1596 4120 ἅπασαν
1655 4067 1769 4139 (53)
1825 4073 1951 4139 γῆν,

304 4158 526 4236 μυρίαις
581 4157 750 4212 ἰθνῶν
817 4153 1098 4234 διαφοραῖς
1173 4153 1612 4230 πεπληρωμένον
1666 4151 1949 4209 ἆποδεῖσαι

295 4248 649 4323 τροθέμενοςσ
679 4244 768 4323 ἀφ’
800 4244 914 4306 ἑνὸς
974 4241 1032 4298 δὲ
1062 4242 1285 4298 ἑκάστου
1323 4246 1430 4297 τῶν
1481 4239 1698 4318 ἀλόγων
1751 4241 1950 4316 ετίδους,

296 4339 433 4392 κατὰ
474 4336 569 4391 τὸν
604 4333 796 4408 ὅμοιον
825 4335 1027 4409 τρόπον
1057 4329 1403 4409 τετραπόδων
1451 4352 1510 4386 τε
1555 4331 1644 4386 καὶ
1690 4331 1950 4408 ἑρπετῶν,

300 4422 378 4481 ἔτι
410 4423 470 4481 δὲ
500 4427 724 4496 πτηνῶν
760 4444 819 4480 τε
863 4423 952 4478 καὶ
1002 4425 1238 4494 νηκτῶν,
1271 4420 1361 4475 καὶ
1407 4418 1649 4482 συνόλως
1702 4421 1949 4476 ἁπάντων

303 4516 483 4586 ζώων,
526 4511 829 4586 ἀμυθήτοις
879 4509 1047 4574 ἰδίαις
1085 4510 1529 4583 πλημμυροῦντα
1575 4508 1802 4587 ὀφθῆναι
1862 4521 1950 4573 θε-

2057 3370 2195 3410 nam
2256 3353 2573 3420 divisisset,
2609 3370 2674 3408 ac
2706 3354 2983 3410 feminam
3035 3355 3280 3411 masculi
3341 3363 3710 3426 segmentum

2057 3442 2364 3509 effecisset,
2398 3440 2711 3497 stimulum
2756 3443 2946 3498 mutui
2999 3444 3334 3516 complexus
3395 3448 3711 3521 unicuique

2058 3538 2360 3604 segmento
2409 3545 2688 3587 arcanum
2721 3536 2929 3587 natura
2977 3531 3211 3588 indidit.
3250 3535 3375 3590 Haec
3405 3552 3538 3591 vero
3569 3536 3650 3592 ita
3679 3555 3713 3593 a

2059 3637 2120 3677 se
2152 3620 2399 3675 invicem
2433 3619 2685 3675 discissa
2715 3620 3045 3692 irrequietis
3067 3623 3286 3678 amoris
3309 3625 3708 3694 permistioni-

2057 3709 2168 3764 bus
2200 3709 2353 3764 inter
2381 3725 2444 3764 se
2474 3708 2854 3780 complicans,
2888 3726 2956 3766 ex
2986 3711 3292 3782 complexu
3325 3730 3557 3769 omnem
3579 3715 3710 3771 ani-

2059 3797 2303 3853 malium
2337 3797 2592 3869 speciem
2640 3814 2709 3854 ex
2740 3804 3177 3854 antecessorum
3231 3803 3456 3858 semine
3494 3804 3711 3872 germi-

2059 3891 2296 3949 nantem
2330 3902 2432 3956 per
2465 3886 2678 3941 saecula
2725 3887 3097 3959 multiplicat,
3132 3889 3275 3943 dum
3317 3891 3399 3943 ait
3433 3907 3445 3944 :
3481 3892 3716 3947 Crescite

2058 3985 2109 4031 ιι
2136 3975 2618 4046 multiplicamini,
2651 3983 2702 4029 el
2715 3977 2918 4047 replete
2948 3986 3158 4031 terram
3187 3978 3249 4030 δι.
3269 3978 3362 4032 Sic
3397 3980 3704 4049 mundum,

2059 4064 2329 4137 inquam,
2361 4065 2523 4120 620
2553 4064 2625 4118 ab
2679 4081 2791 4119 uno
2820 4081 2888 4119 ex
2917 4064 3175 4121 humano
3228 4082 3439 4138 genere
3468 4068 3713 4136 Adamo,

2059 4170 2163 4225 per
2196 4153 2530 4208 universam
2563 4156 2802 4219 terram,
2836 4153 3166 4209 innumeris
3218 4156 3480 4227 gentium
3530 4157 3714 4213 varie-

2060 4243 2280 4298 tatibus
2311 4243 2591 4298 refertum
2623 4243 2931 4298 ostendere
2961 4242 3186 4313 volens,
3220 4249 3276 4299 et
3307 4245 3378 4299 ab
3413 4263 3528 4301 uno
3561 4251 3618 4301 et
3649 4263 3717 4303 ex

2063 4347 2412 4404 unaquaque
2460 4331 2788 4386 belluarum
2822 4331 3015 4402 specie
3064 4332 3337 4388 similiter
3367 4350 3501 4388 cum
3532 4333 3713 4390 innu-

2061 4421 2238 4478 meris
2268 4420 2743 4492 quadrupedum,
2777 4420 3101 4493 reptilium,
3133 4421 3715 4490 volatilium,natati-

2062 4510 2293 4580 lium,et
2314 4509 2579 4564 omnium
2601 4507 2836 4564 omnino
2862 4507 3230 4580 animalium,
3259 4511 3464 4566 formis
3488 4517 3719 4566 scaten-

301 4605 599 4676 λήσας,τῇ
645 4603 737 4675 μὶν
786 4599 1068 4672 δυναστείᾳ
1123 4603 1220 4654 τοῦ
1273 4597 1496 4676 ἄρρενος
1556 4597 1839 4654 ὑποτάττει
1891 4600 1948 4654 τὸ

2065 4603 2183 4655 tem
2215 4597 2414 4653 volens
2463 4612 2745 4670 apparere
2797 4614 2808 4652 :
2845 4598 3025 4653 maris
3056 4599 3294 4669 quidem
3331 4602 3604 4672 potestati
3639 4603 3718 4657 fe-

299 4693 466 4764 θῆλυ,
498 4695 568 4764 τῇ
603 4688 660 4746 δὶ
688 4695 785 4744 τοῦ
835 4688 1032 4760 θήλεος
1070 4686 1267 4761 ἡδονῇ,
1297 4686 1598 4751 τιθασσεύει
1652 4687 1715 4742 τὸ
1775 4685 1953 4765 ἄρρεν’

299 4785 363 4838 τὸ
397 4783 496 4856 μὲν
528 4780 638 4835 ἀπὸ
667 4786 767 4849 τῆς
802 4778 1036 4852 πλευρᾶς
1078 4782 1176 4832 τοῦ
1225 4774 1448 4854 ἄρρενος
1493 4775 1851 4851 εἰλημμένον,
1883 4779 1957 4840 ὡς

378 4893 399 4927 ⁸
430 4892 575 4947 Gen.
609 4905 648 4956 ι,
679 4889 772 4943 28.

379 4995 494 5066 (43)
535 4993 729 5066 Méwp.
752 4993 915 5050 Unus
947 4994 1129 5050 codex
1159 5009 1297 5061 ms.,
1330 4989 1409 5047 ἔτι
1445 4987 1631 5064 μόνον.

380 5061 496 5140 (44)
529 5061 1211 5140 Φροντίζουσιίηυῐιυε-οι
1243 5061 1459 5140 Regiis,
1493 5061 1890 5140 φροντίζοντες.

382 5074 472 5138 (44
529 5074 914 5140 Φροντίζουσι.
947 5074 1112 5122 Unus
1143 5082 1211 5148 ex
1243 5074 1459 5148 Regiis,
1493 5074 1819 5190 ῗροντιζοντι

382 5074 496 5208 (45)
532 5135 856 5208 Σπουδάσω.
889 5137 1166 5194 Nonnulli
1201 5139 1453 5203 codices,
1524 5132 1819 5193 σπούδασα.

311 5282 338 5337 θ
383 5206 638 5324 Τῆς
685 5206 918 5264 ἔνδοθεν.
990 5209 1153 5265 Unus
1211 5226 1279 5265 ex
1336 5209 1529 5282 Regiis
1586 5209 1768 5277 addit,
1829 5227 1966 5281 παρ-

344 5301 532 5337 ενε.ας.

344 5301 424 5336 ενε
433 5301 532 5342 ιας.

380 5355 496 5428 (47)
536 5355 857 5428 Ἀφορῶσοει
891 5356 1010 5428 υμο
1044 5349 1484 5428 eumdem:

380 5360 472 5425 (47
536 5360 851 5426 Ἀφορῶσα.
891 5360 1010 5407 Duo
1044 5368 1215 5424 ωδε,
1246 5360 1484 5428 ἀφιεισα.

380 5360 496 5498 (48)
530 5429 759 5508 ’Άνωβεν
816 5420 892 5491 δὲ,
924 5417 1186 5508 deflet.
1219 5425 1399 5480 Totus
1431 5423 1554 5508 hic.
1582 5422 1748 5508 locus
1804 5422 1969 5508 de‘est

311 5494 722 5553 in’nonnullis
749 5513 894 5551 mss.
929 5494 1230 5570 codicibus
1263 5514 1450 5570 usque
1488 5496 1559 5551 ad
1599 5495 1720 5570 haec
1769 5494 1964 5570 verba,

311 5586 459 5640 quze
487 5571 762 5640 leguntur
816 5587 982 5624 num.
1018 5569 1070 5640 4,
1107 5565 1326 5637 Ἐπειδὴ
1357 5562 1448 5623 οὖν
1505 5569 1646 5621 θεῖον
1679 5562 1848 5629 ὅντως
1877 5565 1964 5619 καὶ

310 5639 406 5709 τῆς
439 5639 880 5716 ράντολδλθῑο.

383 5706 890 5787 (49)”Κατεϐάλετο.
940 5711 1034 5768 Sic
1079 5711 1256 5769 editio
1314 5715 1532 5769 Veneta
1594 5713 1652 5767 et
1703 5709 1968 5782 plerique

2068 4689 2291 4744 minam
2321 4687 2582 4757 subjicit,
2617 4687 2949 4741 masculum
3002 4704 3134 4742 vero
3162 4689 3390 4743 femina:
3422 4689 3721 4761 voluptate

2067 4775 2372 4836 demulcet.
2403 4780 2468 4830 In
2501 4791 2616 4845 quo
2649 4775 2884 4846 quidem
2919 4776 2976 4830 id
3009 4778 3163 4847 quod
3196 4795 3226 4832 e
3259 4778 3506 4834 masculi
3539 4779 3721 4836 latere

2075 4991 2305 5049 codices
2337 5003 2482 5042 mss.
2515 4985 2708 5042 Editio
2739 4985 3107 5056 Parisiensis,
3140 4984 3530 5046 κατεϐάλλετο.

2144 5063 2258 5132 (50)
2291 5056 2546 5132 Ἀλόγου,
2578 5059 2670 5132 Sic
2699 5058 2876 5132 editio
2929 5060 3150 5119 Veneta
3195 5069 3251 5118 et
3295 5063 3524 5120 codices
3577 5079 3721 5120 mss.

2074 5128 2264 5192 Editio
2296 5128 2669 5205 Parisiensis,
2703 5128 2923 5205 ἄλογον.

2145 5207 2258 5277 (51)
2288 5201 2522 5258 Τούτων.
2558 5203 2682 5258 Duo
2736 5201 2901 5273 mss,
2934 5202 3135 5275 τούτῳ.
3163 5204 3324 5262 Alius
3381 5207 3453 5262 ad
3514 5204 3723 5275 margi-

2074 5294 2232 5344 nem,
2261 5278 2448 5330 ταῦτα.

2147 5349 2258 5420 (52)
2292 5349 2401 5420 Δι’-
2430 5344 2654 5407 αἶ’ῶνος.
2696 5345 2989 5420 Utraque,
3050 5347 3250 5420 editio,
3312 5343 3381 5398 δι’
3430 5343 3724 5420 ὲνόςη-ρσν

2076 5415 2251 5477 ωηιιηὶ
2277 5417 2646 5490 multiplicat.
2687 5418 2795 5474 Sed
2830 5415 2994 5488 sequi
3018 5415 3336 5474 maluimus
3368 5432 3468 5490 sex
3493 5415 3726 5490 eodices

2076 5511 2241 5564 mss.,
2267 5487 2516 5564 quorum
2549 5494 2745 5545 tamen
2779 5487 2932 5546 unus
2961 5491 3030 5546 ad
3068 5490 3392 5560 marginem
3415 5487 3588 5542 habet
3609 5487 3730 5541 vul-

2081 5573 2280 5641 gatam
2305 5565 2637 5641 lectionem.
2732 5633 2778 5641 __
3152 5631 3188 5641 υ

2148 5639 2265 5710 (53)
2296 5636 2422 5700 Καθ’
2456 5635 2683 5688 ἅπασαν.
2705 5631 3012 5710 ‘Nonnulli
3065 5631 3312 5710 codjcgs,
3359 5628 3495 5683 κατὰ
3532 5632 3725 5687 πᾶσαν.

2075 5699 2204 5768 ΜόΧ
2244 5699 2359 5766 duo
2392 5699 2560 5776 11158.,
2592 5700 3032 5778 πεπληρωμένον
3067 5699 3349 5774 ἐπιδεῖξαι.
