4134 6224
407 392 524 452 675

1349 385 1747 447 APPENDIX
1788 381 2119 447 OPERUM
2163 384 2228 446 S.
2273 384 2554 448 BASILII
2601 387 2876 448 MAGNI.

3700 388 3826 447 676

402 526 709 596 sumptum
741 525 848 592 est,
884 520 967 577 uti
998 523 1220 592 partem
1253 518 1359 574 toti
1392 535 1425 574 a
1454 534 1568 590 quo
1601 522 1908 590 sumptum
1936 520 2049 588 est,

2167 512 2222 569 ἂν
2285 517 2448 593 μέρος
2505 515 2623 590 ὅλῳ
2677 522 2760 589 τῷ
2812 518 2900 594 ἀφ’
2943 518 3004 572 οῦ
3051 514 3264 596 έλήφθη
3317 517 3635 580 καταπειθὶς
3689 518 3825 572 εἶναι

404 612 794 668 summissum
825 626 952 666 esse
979 614 1034 665 et
1059 608 1306 680 imperio
1335 623 1533 679 parere
1556 607 1804 662 sancivit
1829 624 1842 662 :
1869 610 1933 662 ut
1950 623 2053 662 au-

403 708 518 758 tem
552 699 872 763 masculus,
906 715 1032 754 eam
1082 715 1212 769 quas
1251 714 1318 752 ex
1368 713 1430 752 se
1474 700 1780 768 assumpta
1809 701 1917 762 est,
1951 712 2053 766 ap-

402 795 642 865 peteret,
677 806 741 845 ac
773 787 932 843 illius
964 802 1344 859 congressum
1377 785 1914 858 persequendo,per
1943 784 2056 840 hu-

397 880 658 953 jusmodi
689 876 960 950 copulam
996 875 1298 948 proprium
1331 875 1664 929 membrum
1700 873 1758 928 in
1791 873 2055 946 seipsum

405 971 706 1040 reciperet,
741 965 993 1022 naturali
1051 965 1306 1035 quadam
1354 963 1699 1019 necessitate
1725 963 2054 1018 constituit.

405 1060 496 1116 Sic
547 1059 662 1113 duo
695 1073 764 1112 ex
818 1072 953 1124 uno,
983 1059 1158 1125 atque
1208 1053 1422 1108 iterum
1456 1069 1524 1108 ex
1573 1053 1802 1108 duobus
1849 1069 2054 1120 unum,

406 1144 734 1202 masculum
767 1147 824 1198 et
859 1141 1163 1207 feminam,
1204 1140 1500 1212 sapienter
1549 1141 1829 1196 ostendit.
1864 1143 2056 1211 Atque

401 1239 668 1290 mutuum
692 1232 848 1287 hunc
871 1229 1237 1302 complexum
1264 1245 1377 1285 non
1399 1229 1468 1284 iis
1491 1228 1863 1301 solum,quos
1888 1230 2053 1301 prius

401 1323 542 1392 dixi,
561 1321 750 1378 modis
775 1319 1049 1394 praestitit
1071 1320 1333 1391 ipsorum
1359 1318 1704 1390 corporibus
1722 1319 2055 1388 jucundum

399 1418 456 1469 et
499 1427 762 1476 suavem,
808 1409 909 1464 sed
960 1409 1138 1464 etiam
1191 1406 1654 1486 multiplicandis
1696 1407 1897 1479 prolis,
1929 1424 2053 1478 quae

400 1519 500 1574 per
520 1516 834 1572 congressu
847 1515 900 1552 m
928 1497 1381 1570 przslucentibus
1395 1497 1612 1551 amoris
1629 1496 1853 1551 facibus
1868 1496 2056 1552 susci-

372 1596 578 1661 Jatur,
613 1589 878 1644 studium
911 1604 976 1642 ac
1026 1585 1386 1641 desiderium
1421 1587 1627 1658 ingens
1661 1585 1891 1641 insevit.
1927 1585 2053 1640 Ma-

401 1679 632 1737 sculu:n
665 1678 902 1749 quidem
953 1680 1224 1747 agentem
1257 1679 1458 1746 utpote
1503 1675 1670 1746 prius
1719 1675 2050 1744 conditum,

401 1768 674 1824 feminam
724 1781 857 1820 vero
907 1767 1224 1836 patientem
1278 1767 1560 1834 tanquam
1593 1781 1626 1818 ιι
1657 1762 1837 1818 maris
1891 1767 2054 1834 parte

2164 605 2298 680 πρὸς
2349 607 2447 674 τῆν
2493 607 2672 682 ἀρχὴν
2717 603 3010 669 δικαιώσας
3040 627 3052 638 ·
3084 607 3146 661 τὸ
3193 603 3250 661 δὶ
3297 603 3452 682 ἇρῥεν
3513 608 3702 661 ποθεῖν
3763 608 3828 661 τὸ

2165 693 2256 748 ἀπ’
2287 696 2454 750 αὐτοῦ
2485 693 2712 774 ληφθὲν,
2745 695 2834 750 καὶ
2873 697 2972 765 τήν
3003 696 3138 770 πρὸς
3168 696 3299 750 αὐτὸ
3333 693 3530 750 διῶκον
3565 693 3828 768 συμπλο-

2165 783 2292 855 κήν,
2335 783 2411 848 είς
2462 784 2639 852 έαυτὸ,
2704 781 2792 838 διὰ
2842 791 2940 854 τῆς
3007 784 3227 856 μίξεως,
3281 785 3343 838 τὸ
3403 783 3604 838 οἰκεῖον
3657 783 3830 856 μέλος

2165 867 2570 944 ἀναλαμϐάνειν
2619 877 2736 935 ταῖς
2789 877 2887 938 τῆς
2931 871 3139 950 φύσεως
3191 873 3444 948 ἀνάγκαις
3494 875 3827 948 μηχανησά-

2171 981 2352 1033 μενος·
2385 965 2580 1016 τοῦτον
2614 958 2670 1016 δε
2699 962 2788 1016 τὸν
2822 961 3048 1037 τρόπον,
3077 960 3128 1032 ἐξ
3161 961 3278 1022 ἑνὸς
3323 958 3443 1030 δύο,
3481 962 3570 1016 καὶ
3623 961 3684 1016 ἐκ
3732 959 3829 1016 δύο

2166 1047 2333 1106 πάλιν
2380 1049 2541 1118 ἓν,τό
2592 1071 2645 1104 τε
2695 1047 2852 1126 apem
2903 1049 2992 1105 καὶ
3039 1050 3100 1105 τὸ
3151 1049 3293 1120 θῆλυ
3345 1055 3526 1128 σοφῶς
3557 1053 3671 1124 (54)
3701 1050 3828 1105 ἀνα-

2167 1135 2360 1209 δείξας.
2394 1139 2489 1194 Καὶ
2526 1138 2586 1194 ού
2619 1140 2717 1208 τήν
2770 1141 2907 1215 πρὸς
2965 1137 3190 1210 ἄλληλα
3245 1138 3574 1212 συμπλοκὴν
3638 1139 3828 1212 μόνον⁹

2167 1223 2257 1281 διὰ
2294 1232 2403 1282 τῶν
2455 1229 2871 1304 προειρημένων
2918 1224 3159 1303 τρόπων,
3192 1227 3379 1298 ἡδεῖαν
3421 1234 3539 1290 τυῖς
3579 1229 3830 1302 σώμασιν

2165 1316 2340 1370 αὐτῶν
2375 1315 2760 1392 ἐργασάμενος,
2793 1315 2939 1372 ἀλλᾶ
2985 1316 3074 1370 καὶ
3133 1317 3268 1393 πρὸς
3318 1317 3379 1372 τὸ
3420 1315 3480 1372 έκ
3529 1324 3630 1387 τῆς
3687 1339 3830 1390 συμ-

2165 1402 2382 1475 πλοκῆς
2411 1410 2528 1467 ταῖς
2560 1409 2655 1460 τοῦ
2686 1401 2888 1481 ἔρωτος
2931 1404 3177 1478 λαμπάσι
3229 1403 3676 1481 δᾳδουχούμενον
3734 1407 3830 1481 γέο

2164 1515 2275 1564 νος,
2323 1491 2466 1548 πολὺ
2523 1495 2585 1549 τὸ
2661 1491 2888 1569 φίλτρον
2955 1493 3413 1569 ἐγκατασπείρας·
3472 1494 3821 1570 ἐνεργητικὸν

2168 1583 2262 1656 μὶν
2293 1584 2354 1636 τὸ
2396 1580 2576 1658 ἅρῥεν,
2613 1583 2684 1644 ὡς
2716 1580 2776 1636 ἂν
2811 1584 2898 1637 καὶ
2932 1582 3067 1636 κατά
3097 1583 3195 1651 τῆν
3243 1580 3608 1658 δημιουργίαν
3671 1604 3831 1658 πρωυ

2163 1675 2337 1726 τεῦον·
2371 1672 2675 1740 παθητικὸν
2727 1668 2784 1726 δὲ
2833 1671 2895 1725 τὸ
2943 1670 3106 1740 θῆλυ,
3143 1671 3215 1733 ὡς
3262 1668 3321 1726 ἃν
3365 1678 3466 1741 τῆς
3507 1676 3605 1726 τοῦ
3668 1670 3828 1748 ἄῤῥε-

2162 1782 2252 1822 νος
2311 1766 2504 1835 μοῖρας
2552 1761 2917 1829 ἀποσπασθὶν,
2973 1761 3073 1829 τήν
3137 1759 3292 1837 φύσιν
3356 1758 3658 1836 ἐργάζεται.
3722 1763 3826 1816 Καὶ

400 1857 663 1914 avulsam
699 1871 766 1910 ex
798 1855 927 1926 ipsa
958 1857 1167 1907 natura
1197 1851 1396 1907 efficit.
1424 1852 1490 1906 Et
1521 1868 1592 1907 ne
1627 1851 1843 1908 femina
1871 1851 2048 1907 veluti

2167 1847 2246 1903 ίνα
2281 1850 2356 1922 μὴ
2381 1855 2458 1922 τῷ
2488 1848 2626 1924 πρὸς
2656 1851 2755 1919 τῆν
2786 1853 2883 1904 τοῦ
2915 1847 3115 1922 ὁμοίου
3145 1849 3332 1923 γένους
3367 1846 3636 1924 διαδοχήν
3699 1850 3830 1928 φίλ-

2343 1939 2356 1953 \
2397 1938 2489 1953 A-\
2581 1938 2594 1953 9
2657 1939 2669 1953 1
2910 1938 2923 1953 ο
3031 1937 3055 1953 Ἀ
3231 1949 3244 1953 Α
3395 1938 3408 1953 ι
3512 1933 3570 1953 ορ
3633 1939 3679 1953 DA

398 1947 652 2018 patiens,
683 1942 901 1999 amoris
950 1942 1159 1997 affectu
1193 1941 1264 1996 ad
1296 1939 1512 1996 similis
1561 1941 1793 2013 generis
1825 1956 2056 1996 succes-

400 2036 625 2091 sionem
650 2029 1152 2105 impulsa,auxilio
1174 2029 1612 2101 destitueretur,
1645 2029 1923 2085 feminam
1951 2046 2054 2084 ceu

399 2129 584 2180 totum
617 2119 932 2193 voluptatis
963 2120 1456 2174 medicamentum
1514 2117 1775 2174 masculo
1808 2116 2054 2190 paravit,

401 2218 576 2284 atque
609 2211 864 2267 violento
913 2209 1167 2279 quodam
1200 2207 1454 2279 pondere
1500 2224 1722 2262 marem
1758 2207 1828 2262 ad
1866 2208 2056 2278 ipsam

400 2301 553 2373 rapit
582 2319 594 2368 ;
622 2317 736 2356 non
774 2299 845 2354 ad
881 2297 1211 2352 masculum
1245 2295 1587 2368 pcrtrahens
1620 2294 1921 2365 feminam,
1953 2295 2055 2350 sed

398 2407 502 2463 per
535 2389 761 2446 feminas
795 2386 1152 2458 voluptatem
1202 2383 1532 2440 masculum
1557 2385 1627 2440 ad
1659 2384 1845 2455 ipsam
1879 2383 2059 2454 capti-

400 2495 536 2536 vum
557 2474 1315 2541 ducens.0uemadmodum
1341 2473 1496 2528 enim
1524 2489 1762 2543 magnes
1786 2472 1936 2543 lapis
1959 2488 2054 2527 ar-

399 2581 606 2623 canam
630 2565 945 2636 quamdam
971 2562 1086 2617 vim
1120 2562 1180 2616 in
1203 2563 1422 2616 ferrum
1447 2567 1656 2632 suapte
1685 2565 1896 2616 natura
1932 2577 2056 2616 sor-

402 2657 566 2722 titus,
602 2670 715 2709 non
743 2653 870 2726 ipse
903 2652 1126 2723 rapitur
1156 2651 1226 2706 ad
1261 2650 1503 2718 ferrum,
1537 2651 1640 2706 sed
1681 2650 1914 2706 eminus
1949 2651 2057 2705 fer-

399 2763 529 2802 rum
562 2745 634 2800 ad
668 2743 930 2815 seipsum
965 2739 1283 2814 pertrahit:
1317 2739 1402 2794 sic
1434 2739 1659 2795 feminas
1695 2755 1909 2811 corpus
1942 2756 2057 2794 non

400 2832 788 2892 enarrabilem
823 2830 1141 2898 quamdam
1174 2829 1233 2883 in
1280 2827 1612 2884 masculum
1644 2829 1758 2883 vim
1794 2833 2054 2896 nactum,

402 2926 711 2996 ignorante
743 2921 943 2990 etiam,
979 2923 1042 2974 ut
1075 2919 1154 2973 ita
1185 2919 1315 2990 quis
1342 2917 1569 2988 dixerit,
1605 2917 1792 2989 ipsius
1833 2918 2055 2983 anima,

402 3013 584 3069 maris
613 3027 824 3084 corpus
857 3009 1009 3064 ultro
1041 3009 1112 3063 ad
1138 3007 1520 3063 concubitum
1544 3006 2059 3079 pertrahit.Voluit

397 3101 505 3158 hoc
531 3101 703 3156 modo
727 3115 896 3170 opem
932 3097 1078 3152 ferro
1102 3095 1412 3151 infirmiori
1437 3095 1676 3150 animali
1711 3112 1906 3150 rerum
1935 3095 2058 3166 opi-

401 3190 513 3252 fex,
548 3193 612 3242 ut
643 3204 751 3243 sua
781 3186 969 3257 ipsius
1002 3184 1299 3256 voluptate
1332 3201 1554 3239 marem
1587 3184 2054 3253 incantans,non

2163 1958 2276 2014 τρῳ
2303 1939 2365 1992 τὸ
2397 1938 2536 2007 θῆλυ
2571 1938 2862 2013 ἀγόμενον,
2895 1938 2969 1998 ὡς
3030 1937 3089 1992 ἂν
3141 1938 3470 2008 παθητικὸν,
3501 1933 3825 2008 ἀϐοήθητον

2163 2026 2572 2098 καταλείποιτο,
2621 2025 2825 2097 ἡδονῆς
2873 2026 3001 2082 ὅλον
3055 2025 3338 2104 φάρμακον
3383 2030 3462 2098 τῷ
3514 2025 3698 2102 ἄρρενι
3761 2028 3826 2082 τὸ

2167 2116 2308 2186 θῆλυ
2354 2115 2772 2184 κατασκευάσας,
2809 2115 3007 2192 βιαίοις
3059 2113 3274 2186 ὁλκαῖς,
3305 2115 3395 2170 καὶ
3447 2114 3534 2170 ἐπὶ
3583 2116 3685 2184 τῆν
3732 2137 3828 2170 κα-

2162 2200 2410 2274 ταϐολὴν
2461 2211 2562 2274 τῆς
2607 2211 2790 2280 γονῆς,
2823 2205 2957 2279 πρὸς
3017 2203 3147 2258 αὐτὸ
3205 2205 3318 2280 ἄγει
3366 2204 3428 2259 τὸ
3471 2203 3654 2280 αῤῥεν⁶
3688 2203 3826 2280 οὐχὶ

2164 2294 2299 2369 πρὸς
2329 2293 2392 2348 τὸ
2426 2291 2582 2370 άρῥεν
2614 2294 2755 2370 ἄγων
2786 2295 2898 2368 (55)
2927 2294 2989 2348 τὸ
3023 2291 3187 2364 θῆλυ,
3219 2291 3367 2348 ἀλλὰ
3394 2297 3461 2367 τῇ
3492 2297 3590 2347 τοῦ
3625 2292 3831 2363 θήλεος

2164 2381 2339 2456 ἡδονῇ
2373 2383 2436 2437 τὸ
2470 2381 2626 2459 ἄρρεν
2662 2382 2798 2459 πρὸς
2827 2382 2957 2437 αὐτὸ
2987 2381 3353 2458 αἰχμάλωτον
3382 2382 3544 2458 ἄγων.
3577 2383 3670 2446 Ὠς
3717 2382 3826 2458 γαρ

2165 2475 2200 2542 ἡ
2237 2478 2508 2547 μαγνῆτις
2568 2469 2720 2532 λίθος
2780 2471 3014 2548 ἄρῥητόν
3067 2491 3188 2526 τινα
3245 2467 3475 2544 δύναμιν
3534 2471 3672 2525 κατᾶ
3726 2477 3830 2526 τοῦ

2165 2559 2393 2636 σιδήρου
2421 2560 2472 2614 έν
2503 2565 2571 2635 τῇ
2604 2559 2758 2637 φύσει
2788 2555 3055 2628 λαϐοῦσα,
3090 2559 3191 2614 ούκ
3245 2559 3382 2628 εὖτὴ
3443 2556 3626 2635 ἄγεται
3689 2562 3832 2636 πρὸς

2165 2652 2255 2706 τὸν
2291 2647 2536 2725 σίδηρον,
2565 2648 2710 2704 ἀλλὰ
2751 2645 3030 2725 πόρρωθεν
3081 2651 3218 2724 πρὸς
3268 2649 3463 2717 έαυτὴν
3519 2649 3614 2703 τὸν
3671 2648 3832 2721 σίδη-

2166 2760 2258 2815 ρον
2290 2737 2460 2808 ἕλκει,
2494 2737 2635 2794 οὕτω
2664 2739 2726 2793 τὸ
2761 2743 2856 2793 τοῦ
2902 2735 3100 2808 θήλεος
3153 2742 3334 2811 σῶμα,
3366 2739 3646 2816 ἄφραστον
3693 2742 3832 2794 κατὰ

2163 2833 2260 2884 τοῦ
2293 2825 2515 2904 ἅρρενος
2545 2829 2644 2897 τὴν
2677 2825 2907 2900 δύναμιν
2938 2830 3047 2900 (56)
3083 2825 3331 2905 εἰληφὸς,
3355 2827 3448 2881 καὶ
3488 2828 3566 2899 μῆ
3603 2826 3832 2899 εἰδυίας,

2166 2918 2240 2981 ὡς
2269 2914 2327 2972 ἃν
2365 2915 2506 2970 εἴποι
2538 2938 2642 2988 τις,
2674 2918 2771 2984 τῆς
2805 2915 2855 2970 έν
2890 2916 3039 2988 αύτῷ
3087 2918 3296 2990 ψυχῆς,
3329 2915 3390 2969 τὸ
3446 2918 3545 2969 τοῦ
3600 2913 3831 2991 ἄρρενος

2167 3010 2330 3078 σῶμα
2383 3005 2518 3081 πρὸς
2576 3005 2675 3073 τήν
2749 3003 2888 3078 μίξιν
2943 3003 3255 3076 αὐτόματον
3303 3000 3474 3058 ἳλκει.
3527 3004 3689 3062 Οὕτω
3748 3010 3830 3078 τῷ

2169 3095 2525 3169 ἀσθενεστέρῳ
2558 3094 2682 3166 ζώῳ
2711 3097 2807 3148 τοῦ
2839 3097 3188 3169 Δημιουργοῦ
3232 3093 3502 3168 βοηθῆσαι
3554 3092 3826 3165 θελήσαν-

2166 3202 2284 3251 τος,
2309 3181 2402 3237 ’ίνα
2432 3186 2500 3256 τῇ
2533 3181 2724 3256 ένούσῃ
2759 3181 2905 3254 αὖτῷ
2925 3179 3099 3256 ἡδονῇ
3137 3186 3472 3257 μαγγανεῦον
3521 3183 3584 3236 τὸ
3635 3182 3828 3259 ἄρῤεν,

400 3276 593 3331 solum
627 3277 698 3330 ob
757 3274 1076 3329 liberorum
1124 3273 1606 3343 procreationem,
1641 3289 1843 3327 verum
1877 3272 2052 3328 etiam

2169 3273 2232 3327 ού
2263 3270 2350 3327 διὰ
2381 3274 2478 3341 τῆν
2512 3269 2860 3326 παιδοποιίαν
2899 3272 3079 3344 μόνον,
3114 3269 3262 3325 ἀλλὰ
3290 3271 3378 3325 καὶ
3419 3267 3491 3325 δι’
3521 3271 3683 3326 αὐτὸν
3729 3273 3824 3326 τὸν

405 3372 639 3437 propter
671 3363 868 3435 ipsum
920 3377 1270 3432 congressus
1300 3365 1566 3427 oestrum,
1595 3359 1924 3416 masculum
1959 3362 2056 3417 de-

402 3456 693 3509 fensorem
727 3451 985 3506 haberet.
1023 3450 1160 3505 Eam
1192 3449 1374 3520 igitur
1403 3449 1475 3503 ob
1524 3466 1762 3504 causam
1799 3467 1811 3504 :
1854 3449 2052 3505 Relin-

401 3550 528 3615 que:
545 3543 704 3596 homo
721 3544 936 3611 patrem
980 3555 1139 3592 suum
1160 3545 1210 3593 et
1230 3547 1465 3592 matrem
1487 3554 1505 3591 :
1531 3553 1642 3592 non
1680 3536 1916 3605 femina,
1951 3539 2052 3593 sed

401 3629 702 3687 masculus
733 3628 806 3683 ab
839 3627 1013 3682 insito
1047 3625 1289 3682 stimulo
1309 3626 1380 3680 ad
1414 3624 1642 3680 feminae
1675 3626 2052 3682 concubitum

399 3718 715 3792 impulsus.
751 3721 813 3772 Et
853 3715 1161 3772 adhaerebit
1192 3717 1360 3771 ατονὶ
1387 3716 1494 3780 vir,
1527 3714 1739 3786 inquit,
1764 3732 1876 3770 non
1914 3733 2057 3771 uxor

396 3809 542 3880 viro,
574 3812 626 3864 et
673 3811 836 3863 erunt
865 3806 969 3862 duo
1018 3807 1078 3860 in
1105 3820 1275 3861 carne
1324 3822 1435 3859 una
1466 3804 1530 3858 ⁸⁸.
1566 3803 1681 3858 Ηοο
1714 3809 1907 3860 autem
1953 3805 2057 3861 im-

401 3899 629 3971 perium
674 3897 923 3953 femineo
957 3894 1116 3950 sexui
1151 3893 1208 3949 in
1243 3911 1416 3949 suum
1453 3893 1757 3948 dominum
1803 3894 2056 3966 largiens

400 3988 698 4054 Conditor,
735 3985 920 4058 ipsam
968 3984 1146 4040 etiam
1186 3983 1450 4054 corporis
1500 3982 1955 4054 descriptionem
1991 4001 2057 4039 ac

402 4079 648 4135 formam
682 4076 911 4131 feminis
945 4072 1266 4129 molliorem
1303 4072 1548 4143 efﬂuxit,
1584 4077 1649 4127 ut
1678 4076 1858 4140 tactu,
1893 4089 2057 4144 aspe-

402 4171 712 4239 ctu,motu,
749 4164 1149 4219 membrorum
1185 4161 1432 4232 denique
1466 4160 1728 4221 mollitie.
1764 4161 2055 4231 aspiciens

401 4262 460 4312 et
491 4259 727 4328 aspecta
759 4251 1090 4308 masculum
1114 4249 1412 4322 voluptate
1445 4248 1849 4317 molliret,sese
1873 4250 2055 4306 unde-

406 4345 551 4400 libet
580 4345 650 4398 ad
684 4357 918 4398 omnem
952 4355 1232 4396 sensuum
1267 4337 1583 4412 appulsam
1616 4337 1885 4394 efferens.

2164 3368 2264 3430 τῆς
2297 3361 2489 3434 μίξεως
2521 3360 2756 3436 οἶστρον,
2793 3359 3146 3435 ὑπερμαχοῦν
3179 3359 3328 3430 αύτῷ
3368 3355 3470 3434 ἔχῃ
3521 3360 3582 3413 τὸ
3636 3357 3825 3435 ἄρρεν.

2166 3449 2310 3506 ’Λντὶ
2363 3449 2560 3504 τούτου
2612 3454 2764 3523 γοῦν,
2819 3447 3143 3522 Καταλείψει
3204 3446 3489 3522 ἄνθρωπος
3561 3449 3658 3502 τὸν
3719 3470 3830 3504 πα-

2162 3539 2291 3612 τίρα
2343 3537 2507 3592 αὐτοῦ
2566 3537 2654 3592 καὶ
2712 3539 2814 3606 τῆν
2869 3537 3098 3612 μητέρα⁸
3133 3537 3196 3591 οῦ
3249 3537 3310 3591 τὸ
3355 3536 3496 3606 θῆλυ
3529 3539 3665 3610 (57),
3694 3537 3830 3594 ἀλλ’

2164 3629 2192 3682 ὁ
2226 3625 2420 3703 ἇρῥην,
2455 3626 2558 3681 ὑπὸ
2589 3631 2682 3681 τοῦ
2714 3625 3024 3702 ἐγκειμένου
3057 3624 3276 3701 οἷ’στρου
3307 3626 3443 3700 πρὸς
3486 3627 3586 3695 τήν
3642 3648 3831 3680 συνουσ

2164 3717 2280 3770 σίαν
2333 3720 2430 3770 τοῦ
2482 3715 2680 3786 θήλεος
2731 3713 3112 3786 ἐλαυνόμενος.
3169 3715 3262 3768 Καὶ
3322 3712 3825 3790 προσκολληθήσε-

2163 3826 2250 3860 ται
2283 3809 2348 3878 τῇ
2377 3805 2613 3880 γυναικὶ,
2646 3804 2832 3880 φησὶν,
2867 3805 2894 3858 ὁ
2929 3804 3089 3879 ἀνὴρ,
3119 3803 3227 3878 οὐχ
3256 3805 3290 3872 ἡ
3322 3804 3456 3879 γυνὴ
3497 3808 3578 3876 τῷ
3637 3801 3820 3878 ἀνδρὶ,

2162 3895 2251 3949 καὶ
2310 3895 2629 3970 γενήσονται
2689 3893 2741 3946 οἱ
2797 3889 2891 3946 δύο
2952 3892 3027 3955 εἷς
3085 3894 3255 3968 σάρκα
3315 3892 3462 3964 μίαν.
3502 3891 3724 3962 Ταύτην
3761 3890 3818 3947 δὲ

2163 3984 2262 4053 τὴν
2297 3980 2600 4037 δυναστείαν
2633 3981 2768 4035 κατὰ
2795 3977 2890 4034 τοῦ
2939 3983 3271 4054 κρατοῦντος
3325 3983 3402 4051 τῷ
3458 3983 3557 4034 τοῦ
3612 3979 3818 4051 θήλεος

2163 4072 2301 4149 γένει
2335 4072 2361 4126 ὁ
2395 4070 2744 4145 Δημιουργὸς
2783 4070 3175 4144 χαριζόμενος,
3205 4069 3295 4123 καὶ
3343 4067 3510 4136 αὐτὴν
3556 4069 3659 4138 τήν
3721 4073 3821 4123 τοῦ

2166 4161 2418 4232 σώματος
2450 4157 2647 4214 πλάσιν
2674 4179 2732 4213 τε
2761 4156 2849 4212 καὶ
2893 4155 3037 4212 ἷ’δέαν
3087 4162 3183 4212 τοῦ
3232 4155 3432 4228 θήλεος
3487 4155 3823 4228 μαλακωτέ-

2166 4269 2260 4324 ραν
2313 4245 2732 4324 είργάσατο,⁷ίνα
2780 4247 2870 4301 καὶ
2915 4247 3048 4321 ἀφῇ,
3093 4248 3179 4301 καὶ
3241 4246 3671 4322 βλέμματι,καὶ
3733 4268 3827 4300 κι-

2166 4341 2391 4411 νήματι,
2431 4337 2520 4392 καὶ
2573 4340 2642 4411 τῇ
2700 4340 2807 4390 τῶν
2857 4333 3038 4408 μελῶν
3100 4333 3344 4398 συνόλως
3397 4329 3689 4410 ἁϐρότητι,
3732 4338 3824 4390 καὶ

405 4433 546 4506 ὁρῶν
604 4431 690 4484 καὶ
755 4429 1056 4505 ὁρώμενον,
1091 4424 1352 4502 μάλαγμα
1409 4423 1614 4496 ἡδονῆς
1662 4425 1698 4498 ᾖ
1755 4429 1833 4497 τῷ
1891 4425 2260 4502 ἅῤῥενι,κατὰ
2317 4432 2487 4482 πᾶσαν
2546 4425 2845 4498 αἰσθήσεως
2900 4419 3220 4501 προσϐολὴν
3279 4425 3622 4499 πανταχόθεν
3657 4445 3828 4500 προσ-

405 4539 626 4574 πιπτον.

478 4611 528 4665 4.
561 4610 705 4665 Cum
740 4612 935 4663 autem
967 4623 1034 4662 ea
1056 4607 1146 4660 vis
1179 4605 1524 4677 corporibus
1572 4603 1788 4660 nostris
1820 4605 1892 4660 ob
1924 4622 2051 4662 eam

407 4716 584 4772 quam
611 4700 735 4770 jam
790 4697 908 4752 dixi
941 4712 1181 4752 causam
1230 4695 1410 4751 insita
1450 4694 1548 4762 sit,
1580 4695 1741 4767 virgo
1794 4696 2055 4752 animam

2238 4608 2288 4661 4.
2315 4602 2525 4674 Ταύτης
2557 4601 2614 4658 δὲ
2643 4610 2741 4672 τῆς
2779 4603 2897 4678 βίας
2937 4601 2988 4657 ἐν
3043 4606 3159 4664 τοῖς
3211 4601 3457 4674 σώμασιν
3518 4603 3682 4674 ἡμῶν
3738 4600 3830 4656 διὰ

2164 4695 2264 4763 τήν
2293 4693 2702 4770 προειρημένην
2754 4690 2929 4746 αῗ¹τίαν
2989 4689 3426 4767 ἐνυπαρχούσης,
3458 4691 3494 4759 ὴ
3529 4692 3828 4766 παρθένος,

405 4769 716 4861 aequalem,
747 4791 804 4844 et
832 4786 1099 4842 eamdem
1130 4784 1388 4841 essentia
1429 4788 1556 4840 tum
1588 4786 1711 4842 viro
1740 4789 1867 4841 tum
1901 4787 2048 4842 621

2167 4781 2287 4853 ἴσην
2342 4769 2437 4855 μὲν
2490 4781 2578 4836 καὶ
2631 4781 2726 4850 τὴν
2777 4781 2942 4850 αὐτὴν
2973 4784 3043 4854 τῇ
3077 4779 3234 4850 ούσίᾳ
3280 4780 3486 4854 ψυχὴν,
3520 4778 3611 4833 καὶ
3668 4777 3828 4855 ἀνδρὶ

405 4877 632 4934 feminis
665 4877 857 4932 inesse
888 4875 1271 4946 perspiciens,
1305 4879 1362 4929 et
1393 4891 1460 4930 ex
1491 4875 1752 4946 corporis
1800 4875 1857 4928 in
1893 4879 2056 4930 utro-

404 4983 518 5039 que
545 4983 682 5021 sexu
709 4965 1035 5030 affectione,
1058 4963 1302 5018 alteram
1326 4963 1652 5018 effeminari
1674 4963 2058 5019 considerans

403 5061 460 5113 et
489 5055 731 5112 alteram
758 5052 1081 5109 masculam
1111 5051 1234 5106 ﬁeri
1260 5073 1273 5121 ;
1311 5056 1487 5123 atque
1518 5051 1695 5106 etiam
1731 5051 1960 5107 animas
1990 5068 2059 5107 ex

472 5237 493 5271 '
516 5235 694 5290 Marc.
725 5250 780 5300 x,
807 5232 862 5286 7.

475 5434 586 5504 (54)
625 5433 839 5508 Eccam.
871 5427 964 5484 Sic
1022 5429 1141 5482 tres
1202 5441 1344 5480 mss.
1402 5423 1573 5495 Editi,
1624 5427 1830 5495 σαφῶς,
1864 5427 2048 5481 mani-

397 5507 587 5662 ζῇξῦ)
616 5574 818 5650 Ἀγων.
853 5571 939 5628 Ita
969 5587 1112 5626 mss.
1142 5567 1354 5625 melius
1386 5583 1566 5640 quam
1611 5566 1788 5623 editio
1839 5566 2049 5637 Paris.,

402 5668 556 5721 ayov,

613 5717 726 5784 Τὴν
759 5713 1008 5788 δύναμιν.
1044 5718 1164 5770 Duo
1197 5713 1360 5786 Regii
1387 5712 1643 5785 codices,
1673 5711 1773 5780 τήν
1821 5707 2051 5784 ἡδονήν.

2168 4871 2256 4926 καὶ
2302 4869 2518 4946 γυναικὶ
2563 4869 2971 4946 ἐνυπάρχουσαν
3011 4873 3306 4943 θεωροῦσα·
3340 4871 3409 4940 τῇ
3461 4865 3520 4922 δὶ
3567 4869 3710 4944 πρὸς
3767 4871 3828 4923 τὸ

2167 4959 2308 5029 θῆλύ
2347 4981 2405 5014 τε
2430 4959 2519 5013 καὶ
2562 4957 2720 5034 ἅρρεν
2750 4963 2848 5013 τοῦ
2881 4959 3136 5030 σώματος
3170 4956 3532 5032 προσπαθείᾳ,
3559 4959 3664 5025 τήν
3731 4958 3829 5031 μὶν

2168 5048 2566 5121 θηλυνομένην,
2614 5048 2714 5116 τῆν
2774 5045 2833 5102 δὲ
2889 5046 3295 5122 ἀρῥενουμένην
3345 5046 3722 5121 γινώσκουσα,
3772 5042 3829 5100 ἔκ

2160 5429 2414 5510 Uterque
2448 5422 2742 5510 vulgatam
2777 5421 3304 5510 lectionem‘ha‘bet
3348 5422 3448 5510 ad.
3472 5422 3824 5510 marginem.

2232 5490 2350 5569 (57'),
2377 5494 2471 5550 Καὶ
2505 5490 2601 5563 τῆν
2621 5564 2633 5569 Δ
2657 5497 2866 5569 μητέρα
2892 5512 2904 5525 ’
2928 5492 3016 5569 Δού
3069 5493 3131 5569 to
3182 5490 3361 5569 θῆλυς
3397 5493 3544 5569 Male
3569 5490 3652 5569 in
3705 5493 3828 5548 edi-

2161 5561 3036 5640 tio‘ne'Paris”iod'rﬁvpﬂtﬁpa,
3076 5563 3137 5620 ού
3171 5565 3233 5620 τὸ
3263 5561 3426 5633 θῆλυ.
3461 5566 3692 5623 Ibidem
3724 5581 3826 5621 co-

2163 5640 2320 5697 dices
2353 5635 2642 5707 nonnulli,
2669 5635 2861 5693 ἀλλνὸ
2895 5635 3089 5711 ἅρσην.
