4134 6224
257 385 376 444 677

1491 376 1725 438 LIBER
1765 375 1870 437 DE
1917 374 2451 438 VIRGINITATE.

3558 387 3679 448 678

247 535 307 568 τε
335 517 439 582 τῆς
466 513 577 567 τῶν
607 511 900 583 σωμάτων,
951 511 1036 571 οἷς
1095 505 1389 564 ἐνδέδενται
1447 509 1581 580 (58),
1633 511 1900 580 ερωτικῆς

2038 508 2302 564 Lmatorio
2351 525 2682 581 corporum,
2730 511 2948 582 quibus
3004 512 3251 584 alligatae
3309 519 3473 585 sunt,
3533 535 3670 575 con-

253 599 608 675 συμπλοκῆς,
664 599 876 675 μυρίας·
931 594 1336 673 ἀναδεχομένας
1389 600 1574 660 παθῶν
1625 593 1769 656 ἰδέας
1815 594 1912 658 τὰς

254 690 440 766 ψυχὰς
471 690 782 764 καθορῶσα,
813 687 1115 753 ἀποστῆσαι
1172 687 1265 760 μὲν
1325 693 1424 754 τῆς
1479 685 1614 759 πρὸς
1659 685 1722 738 τὸ
1755 687 1914 756 σῶμα

256 778 632 855 προπαθείας
683 775 883 846 ταύτην
945 775 1027 830 ἀεὶ
1085 779 1495 850 προθυμεῖται,
1545 771 1800 846 διακόψαι
1857 769 1914 825 δὲ

254 871 358 938 τήν
391 868 530 942 πρὸς
561 867 622 920 τὸ
656 863 811 942 ἄῤῥεν
869 865 1052 939 σχέσιν
1115 868 1212 919 τοῦ
1245 860 1465 932 θήλεος,
1519 866 1637 923 ταῖς
1684 861 1788 915 ἀπὸ
1817 863 1914 914 τοῦ

257 958 518 1030 σώματος
566 956 704 1031 πρὸς
753 954 815 1009 τὸ
859 953 1062 1008 οἰκεῖον
1092 951 1260 1007 καλὸν
1319 953 1690 1025 ἀποστροφαῖς
1746 949 1914 1024 ἐπαγ-

252 1044 538 1122 γέλλεται.
590 1042 798 1114 Ταύτην
855 1039 913 1096 δὲ
966 1043 1066 1111 τήν
1122 1039 1246 1096 ὁδὸν
1306 1047 1406 1110 τῆς
1453 1041 1648 1114 ἀρετῆς
1697 1036 1913 1094 ὁδεῦσαι

254 1132 658 1203 σπουδάζουσα.
720 1153 820 1208 οςικ
851 1130 1017 1200 αὐτὴν
1069 1133 1166 1186 τοῦ
1216 1129 1492 1203 σώματος,
1542 1127 1734 1198 ἥντινα
1775 1128 1913 1202 πρὸς

250 1227 314 1281 τὸ
348 1223 508 1302 ἄρρεν
537 1222 656 1299 ἔχει
687 1222 896 1297 σχέσιν,
925 1220 1118 1277 λοιπὸν
1148 1217 1340 1284 ἐννοεῖ,
1375 1216 1519 1273 ἀλλὰ
1548 1218 1646 1286 τὴν
1685 1215 1734 1272 έν
1769 1215 1915 1288 αύτῷ

253 1314 443 1390 ψυχὴν
478 1312 767 1385 ἀσώματον
801 1308 962 1364 οὖσαν
993 1311 1126 1382 (59),
1159 1307 1277 1362 τίνα
1308 1302 1423 1382 ἔχει
1455 1306 1591 1382 πρὸς
1626 1306 1715 1361 τὸν
1767 1305 1912 1360 ἀσώ-

258 1423 435 1476 ματον
468 1402 596 1457 Θεὸν
628 1398 958 1469 οἰκειότητα,
1011 1397 1120 1468 ὀξεῖ
1172 1401 1250 1468 τῷ
1301 1391 1511 1468 ὄμματι
1561 1392 1912 1470 περισκέπτε-

257 1513 367 1562 ται,
398 1492 490 1546 καὶ
543 1493 642 1545 τοῦ
688 1489 982 1561 ἀσωμάτου
1025 1483 1229 1560 ἔρωτος
1275 1483 1474 1556 πολλῷ
1525 1482 1911 1557 λαμπροτέραν

262 1581 512 1656 ἀνάψασα
699 1579 798 1647 τὴν
855 1572 1137 1648 λαμπάδα,
1170 1580 1287 1636 τοῖς
1339 1574 1468 1649 ὑπὲρ
1498 1573 1667 1628 αὐτοῦ
1700 1569 1915 1646 ἰδρῶσι,

262 1669 479 1746 γυμνὴν
513 1669 598 1722 καὶ
633 1664 1024 1734 ἀνεπαίσθητον
1052 1667 1157 1718 τῶν
1188 1661 1238 1717 έν
1272 1663 1317 1734 ᾦ
1352 1665 1414 1736 ζῇ
1457 1663 1667 1734 σώματι
1695 1657 1910 1746 ἡδονῶν

263 1745 462 1827 ἑαυτὴν
497 1752 756 1825 ἐπιδεῖξαι
803 1749 1114 1820 σπουδάζει.
1148 1747 1370 1820 Ἐπειδή
1421 1751 1511 1805 οὗν
1547 1755 1689 1814 θεῖον
1745 1745 1915 1810 ὅντως

2023 614 2249 670 gressu,
2283 597 2626 654 innumeras
2657 600 2911 670 recipere
2973 601 3344 658 all'ectionum
3403 607 3669 678 species;

2025 687 2285 740 animam
2340 704 2371 740 a
2402 687 2660 758 corporis
2692 688 2995 745 affectione
3027 707 3259 763 semper
3292 700 3543 750 conatur
3573 697 3674 751 ab-

2024 775 2253 843 ducere;
2289 777 2513 830 feminze
2546 793 2677 832 vero
2708 794 2846 849 erga
2879 778 3205 836 masculum
3239 781 3672 853 habitudinem,

2025 879 2153 918 sese
2184 882 2217 920 a
2246 880 2486 936 corpore
2516 866 2584 920 ad
2620 866 2797 921 decus
2830 871 2886 921 et
2917 873 3330 925 ornamentum
3384 872 3493 927 sibi
3541 890 3675 945 pro-

2026 953 2217 1024 prium
2251 955 2664 1020 convertendo,
2687 955 3033 1011 intercidere
3067 959 3391 1028 profitetur.
3417 962 3534 1017 Hoc
3567 962 3679 1019 iter

2024 1041 2256 1097 virtutis
2291 1059 2564 1115 peragere
2595 1046 2864 1112 studens,
2891 1062 3004 1101 non
3028 1047 3154 1118 jam
3189 1048 3377 1120 ipsam
3413 1053 3676 1124 corporis

2024 1147 2161 1202 erga
2180 1131 2507 1186 masculum
2525 1132 2932 1190 habitudinem
2951 1135 3415 1205 considerat,sed
3443 1141 3672 1210 animae,

2023 1236 2147 1290 quas
2172 1219 2229 1274 in
2254 1236 2492 1291 corpore
2513 1222 2854 1294 incorporea
2877 1228 2983 1292 est,
3005 1224 3198 1296 qualis
3221 1225 3453 1283 sitcum
3479 1229 3674 1286 incor-

2027 1325 2198 1380 poreo
2220 1309 2335 1364 Deo
2357 1309 2638 1378 afﬁnitas,
2665 1310 2846 1367 veloci
2870 1312 3037 1367 oculo
3064 1314 3360 1384 intuetur;
3396 1322 3452 1372 et
3482 1317 3675 1374 lucor-

2025 1397 2183 1468 porei
2207 1397 2420 1454 amoris
2451 1398 2621 1469 longo
2642 1399 3096 1471 splendidiorem
3120 1403 3306 1459 facem
3333 1409 3677 1477 accendens,

2026 1486 2342 1542 sudoribus
2366 1505 2468 1559 pro
2489 1504 2554 1542 eo
2579 1489 3184 1560 perferendis,nudam
3218 1497 3274 1548 et
3304 1494 3676 1566 voluptatum

2025 1575 2304 1645 corporis,
2338 1575 2395 1631 in
2428 1593 2542 1648 quo
2569 1577 2726 1645 vivit,
2759 1577 3122 1649 inexpertam
3159 1583 3531 1654 semetipsam
3564 1590 3678 1648 fex-

2025 1663 2224 1720 hibere
2254 1670 2522 1722 conatur.
2565 1666 2711 1721 Cum
2745 1666 2928 1739 igitur
2957 1667 3222 1724 divinum
3257 1687 3410 1739 vere,
3443 1677 3501 1728 et
3530 1673 3683 1730 inta-

2028 1754 2260 1810 minatie
2292 1755 2499 1810 animae
2533 1756 2830 1826 proprium
2863 1756 3143 1827 quiddam
3175 1759 3251 1814 sit
3281 1761 3682 1834 virginitas,ac

263 1847 348 1902 καὶ
380 1853 484 1915 τῆς
515 1845 790 1920 ἀχράντου
815 1839 1294 1940 ψυχῆςέξαίρετόν
1314 1927 1326 1940 .
1352 1860 1407 1940 τι
1464 1846 1663 1916 χρῆμα
1689 1840 1745 1940 ιὴ
1778 1857 1916 1940 παρ-

2038 1843 2161 1899 talis
2193 1843 2587 1899 masculorum
2620 1849 2676 1900 et
2728 1845 3112 1902 lemineorum
3165 1864 3479 1920 corporum
3529 1850 3684 1908 inter

265 1935 410 2000 θενία
440 1933 574 2003 έστὶ,
605 1931 831 2002 τοιαύτη
858 1928 915 1985 δὲ
943 1928 1032 1984 καί
1065 1932 1098 1998 ἡ
1125 1933 1234 1983 τῶν
1268 1927 1504 2004 ἇρῥένων
1535 1949 1593 1982 τε
1616 1927 1706 1982 καὶ
1738 1926 1918 1995 θηλει-

265 2029 339 2078 ῶν
373 2023 645 2096 σωμάτιον
679 2021 815 2095 πρὸς
846 2017 1072 2088 ἄλληλα
1101 2016 1306 2093 σχέσις,
1339 2020 1373 2087 ἡ
1408 2015 1464 2072 δὲ
1499 2020 1610 2090 (61)
1650 2016 1918 2090 παρθένος

259 2111 417 2168 ούδὶν
467 2118 569 2180 τῆς
621 2110 820 2180 θήλεος
877 2106 1083 2178 ἡδονῆς
1133 2107 1497 2185 ἐπιφερομένη
1557 2104 1618 2160 ἐκ
1662 2106 1920 2168 σώματος

266 2202 553 2276 μόλυσμα,
584 2199 754 2254 πάντα
779 2195 837 2252 δὲ
864 2197 933 2252 τὰ
978 2196 1173 2270 σαρκὸς
1222 2195 1366 2264 πάθη
1418 2193 1632 2264 ἐκδῦσα,
1683 2195 1917 2268 καθαρὰν

264 2291 465 2359 ἑαυτὴν
506 2292 588 2361 τῷ
635 2293 771 2360 Θεῷ,
821 2287 882 2341 οὗ
932 2284 1052 2362 έρᾷν
1106 2283 1523 2361 ἐπαγγέλλεται,
1578 2290 1920 2360 παραστῆσαι

263 2379 664 2455 φιλοτιμεῖται·
725 2373 898 2445 δῆλοτ
932 2375 1008 2438 ὡς
1044 2375 1276 2450 βιαστῶν
1456 2371 1621 2438 ἆθλον
1656 2373 1788 2428 εἶναι
1817 2374 1919 2442 τήν

261 2474 373 2526 τῶν
422 2469 668 2544 οὐρανῶν
722 2463 998 2540 βασιλείαν
1045 2463 1382 2538 γινώσκουσα
1441 2462 1721 2538 βιάσασθαι
1783 2462 1920 2538 πρὸς

263 2561 361 2616 τὸν
408 2557 766 2634 προκείμενον
821 2553 1021 2608 σκοπὸν
1072 2554 1170 2622 τήν
1222 2553 1416 2622 ἑαυτῆς
1471 2550 1627 2628 φύσιν
1691 2549 1917 2629 ὀφείλει·

270 2646 403 2722 οὖχὶ
432 2652 534 2715 τῆς
559 2641 696 2719 πρὸς
739 2643 829 2697 τὸν
877 2642 1050 2718 γάμον
1104 2638 1450 2716 ἐρεθιζούσης
1503 2638 1555 2694 ἐν
1603 2644 1684 2712 τῷ
1720 2638 1923 2712 τοιῷδε

263 2732 636 2807 πεπλασμένῳ
689 2733 904 2804 σώματι
950 2728 1157 2800 ἡδονῆς
1220 2729 1383 2802 μόνον
1431 2732 1721 2804 κρατοῦσα,
1778 2727 1922 2784 ἀλλὰ

264 2825 406 2896 πρὸς
439 2828 542 2877 πᾶν
576 2819 716 2883 εἶδος
747 2818 952 2890 ἡδονῆς
983 2822 1256 2894 καρτερῶς
1305 2816 1592 2890 ἱσταμένη.
1649 2817 1765 2872 Μία
1815 2817 1921 2893 γὰρ

266 2915 405 2970 οὖσα
433 2916 512 2984 τῷ
539 2909 677 2988 γένει
707 2912 743 2979 ἡ
775 2907 972 2980 ἡδονὴ,
1019 2906 1199 2982 ὥσπερ
1239 2908 1394 2982 πηγή
1421 2928 1504 2962 τις
1555 2907 1660 2962 ἀπὸ
1709 2910 1920 2982 σαρκῶν

270 2997 588 3070 ἀναϐλύζει,
638 2998 726 3054 καὶ
758 2995 998 3074 καθάπερ
1028 2997 1102 3060 εἰς
1132 2997 1288 3051 πέντε
1330 2995 1580 3072 ὀχετοὺς,
1628 2995 1722 3058 τὰς
1767 2993 1926 3050 πέντε

269 3091 554 3161 αἰσθήσεις
600 3086 949 3164 διαιρεθεῖσα,
1003 3082 1091 3140 διὰ
1145 3086 1352 3140 τούτων
1412 3083 1499 3139 ἐπὶ
1563 3084 1631 3138 τὰ
1694 3083 1926 3154 αἰσθητά

273 3175 492 3244 ἔνδοθεν
528 3178 630 3255 ῥεῖ.
661 3183 756 3232 Ὧν
784 3173 1030 3244 ἕκαστος,
1063 3172 1152 3229 διὰ
1202 3181 1302 3244 τῆς
1345 3172 1546 3236 οἰκείας
1576 3177 1682 3228 τῶν
1728 3173 1920 3245 αἰσθη-

275 3239 486 3344 τηρίων
529 3239 789 3336 ιὀπῆς,τὸ
829 3239 1028 3320 ἑαυτοῦ,
1077 3239 1290 3340 ῥεῖθρον
1317 3268 1398 3336 τῷ
1449 3264 1568 3328 καθ’
1621 3264 1805 3318 ἑαυτὸν
1846 3239 1924 3318 αἰ·
1955 3239 1999 3308 C

279 3361 466 3430 σθητῷ
491 3354 744 3434 σφοδρῶς
775 3348 1094 3427 ἐμϐάλλων,
1153 3358 1257 3406 πᾶν
1311 3349 1366 3406 εἶ’
1386 3373 1438 3407 τι
1487 3354 1735 3429 συγγενὲς
1791 3352 1926 3408 ἀπο-

275 3447 484 3508 κλύσας
537 3444 675 3521 πρὸς
728 3442 914 3498 ἑαυτὸν
957 3444 1071 3515 (63)
1131 3439 1458 3514 ἑπισύρεται·
1521 3439 1674 3504 ἰλύος
1725 3463 1784 3496 τε
1829 3449 1928 3512 τῆς

277 3538 388 3592 ἀπὸ
420 3539 632 3611 σαρκῶν
661 3531 978 3608 πληρωθεὶς
1030 3533 1163 3604 (64),
1222 3529 1311 3584 καὶ
1360 3529 1668 3607 χειμάῤῥου
1723 3532 1925 3607 τρόπον

271 3622 646 3700 ἀντιστρόφως
675 3622 825 3685 αὖθις
853 3621 960 3675 ἀπὸ
990 3623 1098 3674 τῶν
1128 3613 1228 3689 ἔξω
1268 3615 1358 3673 διὰ
1404 3623 1510 3674 τῶν
1552 3619 1725 3675 αὐτῶν
1779 3620 1925 3676 ὀπῶν

273 3713 353 3776 εἰς
386 3714 480 3775 τὰς
514 3711 709 3786 σαρκὸς
741 3707 884 3771 δίνας
935 3707 1182 3778 ὀξύτερον
1234 3706 1394 3783 ῥέων,
1449 3709 1548 3778 τὴν
1606 3709 1774 3779 αὐτῆς
1823 3714 1926 3784 ψυ-

279 3804 394 3877 χὴν
438 3799 713 3874 κυμαίνων
774 3803 888 3859 τοῖς
947 3798 1164 3852 πάθεσιν
1219 3791 1560 3872 ὑποϐρύχιον
1612 3797 1781 3876 φέρει.
1834 3799 1927 3854 Διὸ

269 3891 582 3969 ἀναγκαίως
613 3894 648 3961 ἡ
675 3889 938 3966 παρθένος
968 3887 1174 3965 ὀφείλει
1231 3892 1351 3951 ταῖς
1390 3892 1502 3943 τῶν
1551 3887 1925 3966 αἰσθητηρίων

272 3985 438 4045 ὀπαῖς
467 3981 562 4036 τὸν
596 3978 860 4054 λογισμὸν
911 3977 1146 4055 φρουρὸν
1180 3975 1534 4047 έπιστήσασα,
1580 3980 1679 4049 τήν
1731 4000 1789 4034 τε
1837 3979 1924 4036 ἐπὶ

269 4073 339 4127 τὰ
391 4067 494 4141 ἔξω
523 4068 731 4124 τούτων
765 4068 962 4142 φορὰν,
996 4065 1094 4121 οὐκ
1122 4067 1343 4128 ἁνέτους
1375 4066 1708 4137 ἁπαξαπλῶς
1739 4072 1926 4135 αὐτοῖς

274 4160 489 4238 ἒφιεῖσα
697 4157 793 4220 τὰς
840 4153 1152 4227 διεξόδους,
1205 4154 1512 4230 σύμμετρόν
1556 4178 1615 4212 τε
1662 4159 1750 4213 καὶ
1800 4161 1928 4237 ἠρεο

279 4256 444 4322 μαῖον
477 4248 762 4323 παρέχειν·
793 4244 886 4300 ’ἱνα
919 4247 994 4318 μή
1025 4243 1323 4306 ἀκωλύτως
1379 4245 1516 4321 πρὸς
1552 4245 1584 4300 ἃ
1637 4247 1928 4322 βούλονται

271 4337 622 4413 έκχεόμενοι,
656 4334 1063 4410 ἰπινηχομένην
1096 4333 1280 4394 αὐτοῖς
1312 4330 1419 4387 ἔσθ’
1469 4333 1557 4389 ὅτε
1604 4337 1703 4405 τήν
1748 4341 1932 4414 ψυχὴν

273 4429 414 4501 πρὸς
470 4426 539 4480 τὰ
614 4423 789 4479 οἰκεῖα
862 4421 1217 4496 κυμαίνοντες
1292 4422 1654 4498 κατασύρωσι’
1722 4427 1812 4482 καὶ
1868 4429 1930 4484 τὸ

270 4515 468 4587 ἔξωθεν
504 4513 587 4569 ἐπ’
620 4513 783 4582 αὐτὴν
817 4513 968 4573 αὖθις
999 4512 1178 4566 αὐτῶν
1213 4511 1510 4587 φερόμενον
1569 4513 1760 4588 ῥεῦμα,
1812 4515 1930 4582 θλί-

2029 1950 2091 1989 se
2134 1932 2452 2002 habitudo;
2487 1950 2740 2005 cumque
2773 1935 2932 2006 virgo
2970 1934 3190 1990 nullam
3225 1937 3488 1994 femineae
3520 1940 3682 1995 volu-

2031 2022 2206 2094 piatis
2238 2021 2424 2076 labem
2448 2038 2516 2077 ex
2537 2037 2778 2094 corpore
2800 2023 3064 2093 trahens,
3089 2041 3153 2078 ac
3181 2026 3458 2084 omnibus
3487 2029 3683 2086 carnis

2031 2109 2333 2167 affectibus
2358 2115 2552 2180 exuta,
2587 2128 2795 2183 puram
2829 2113 3208 2184 semelipsam
3240 2115 3377 2182 Deo,
3412 2134 3581 2187 quem
3621 2135 3684 2176 se

2031 2199 2338 2272 proﬁtetur
2369 2199 2630 2272 diligere,
2664 2201 2939 2256 exhibere
2972 2207 3245 2272 conetur;
3299 2205 3681 2277 perspicuum

2031 2293 2122 2344 est
2164 2305 2291 2344 eam
2342 2289 2496 2344 haud
2546 2289 2917 2362 ignorantem
2950 2290 3340 2348 violentorum
3374 2295 3682 2364 prtemium

2031 2394 2160 2433 esse
2193 2376 2471 2433 caelorum
2501 2394 2770 2450 regnum,
2804 2379 2918 2434 vim
2952 2379 3165 2435 inferre
3198 2381 3270 2436 ad
3318 2383 3682 2453 propositum

2031 2483 2275 2539 scopum
2309 2471 2528 2522 natura:
2561 2484 2680 2523 sua:
2710 2468 2956 2536 debere;
2989 2467 3068 2524 ita
3099 2473 3163 2524 ut
3195 2487 3308 2526 non
3354 2470 3546 2526 solum
3577 2472 3685 2528 sti-

2034 2554 2360 2612 mulantem
2392 2558 2463 2612 ad
2499 2556 2733 2629 nuptias
2762 2557 2820 2612 in
2865 2573 3104 2630 corpore
3148 2558 3234 2616 sic
3283 2561 3474 2616 afficto
3515 2560 3684 2618 volu-

2033 2651 2250 2717 ptatem
2281 2647 2550 2716 gsuperet,
2585 2646 2686 2700 sed
2716 2646 2890 2702 etiam
2926 2646 3088 2702 omni
3119 2647 3433 2721 voluptatis
3468 2649 3683 2721 speciei

2033 2735 2262 2789 fortiter
2291 2733 2678 2790 resistat.Una
2707 2733 2862 2791 enim
2894 2752 3027 2790 cum
3059 2736 3137 2791 sit
3159 2752 3369 2807 genere
3391 2737 3683 2809 voluptas,

2032 2821 2207 2878 veluti
2243 2823 2372 2878 fons
2402 2823 2642 2894 quidam
2677 2839 2710 2878 a
2739 2824 3016 2880 carnibus
3053 2825 3318 2891 scaturit,
3349 2829 3406 2879 et
3435 2825 3593 2881 velut
3623 2826 3683 2881 in

2034 2911 2296 2983 quinque
2327 2911 2580 2979 canales,
2614 2912 2695 2968 ita
2725 2912 2785 2967 in
2819 2914 3078 2984 quinque
3109 2929 3320 2969 sensus
3351 2914 3557 2981 divisa,
3583 2931 3687 2986 per

2032 3017 2132 3056 eos
2164 3000 2235 3055 ad
2268 2998 2573 3056 sensibilia
2595 3000 2666 3055 ab
2688 2999 2916 3056 intimis
2942 3000 3357 3064 ﬂuit.0uorum
3381 3001 3679 3059 canalium

2034 3088 2484 3160 unusquisque,
2555 3106 2656 3160 per
2723 3089 3023 3161 proprium
3091 3105 3330 3146 sensum
3397 3091 3684 3159 foramen,

2037 3181 2321 3236 ﬂuentum
2351 3194 2527 3234 suum
2558 3177 2618 3233 in
2643 3194 2817 3233 suum
2850 3177 3125 3234 sensibile
3149 3179 3522 3236 vehementer
3549 3181 3686 3252 inji-

2037 3267 2527 3338 ciens,quidquid
2558 3266 2669 3323 sibi
2696 3271 3010 3340 cognatum
3043 3268 3218 3324 fuerit
3246 3268 3490 3325 abluens
3519 3271 3593 3326 ad
3625 3287 3689 3328 se

2037 3357 2322 3430 pertrahit
2353 3374 2368 3413 :
2399 3363 2456 3412 et
2485 3356 2703 3412 carnali
2748 3355 3028 3428 impletus
3081 3356 3245 3427 limo,
3293 3373 3358 3412 ac
3408 3360 3685 3416 torrentis

2037 3449 2243 3515 instar,
2278 3463 2485 3502 rursus
2515 3462 2792 3501 converso
2826 3451 3009 3512 motu,
3043 3445 3114 3500 ab
3146 3446 3536 3504 exterioribus
3581 3465 3686 3520 per

2036 3538 2240 3593 eadem
2267 3535 2555 3591 foramina
2577 3534 2636 3590 in
2659 3535 2852 3590 carnis
2871 3534 3121 3590 vortices
3152 3534 3416 3590 celeriter
3445 3536 3593 3606 fluit,
3621 3541 3678 3593 et

2037 3625 2297 3681 animam
2322 3624 2592 3697 quatiens
2609 3623 3116 3696 perturbationum
3132 3623 3410 3680 ﬂuctibus
3421 3625 3686 3681 submer-

2036 3713 2547 3784 git.,Quamobrem
2598 3713 2926 3768 necessario
2976 3712 3148 3768 debet
3193 3712 3350 3781 virgo
3399 3729 3684 3770 sensuum

2039 3803 2326 3859 meatibus
2376 3802 2661 3856 rationem
2713 3802 3009 3856 custodem
3044 3801 3386 3872 praeficiens,
3420 3818 3551 3856 cum
3585 3819 3688 3858 eo-

2037 3908 2166 3946 rum
2201 3891 2271 3946 ad
2300 3889 2586 3946 exteriora
2619 3894 2864 3956 motum,
2901 3904 3276 3960 nequaquam
3333 3889 3517 3944 libero
3568 3889 3686 3945 illis

2037 3980 2256 4051 passim
2285 3980 2445 4035 exitu
2476 3995 2774 4044 concesso,
2804 3978 3172 4032 moderatum
3205 3993 3272 4032 ac
3305 3977 3688 4048 tranquillum

2035 4069 2298 4138 efﬁcere;
2331 4084 2402 4123 ne
2423 4067 2602 4122 libere
2632 4082 2984 4138 quocunque
3016 4063 3306 4120 voluerint
3335 4065 3527 4131 etl‘usi,
3560 4071 3689 4121 tan-

2037 4160 2170 4214 dem
2197 4157 2512 4229 aliquando
2536 4156 2791 4211 animam
2817 4153 2958 4225 ipsis
2982 4156 3480 4226 supernatantcm,
3517 4155 3587 4210 ad
3622 4171 3691 4210 ea

2038 4265 2165 4320 qua:
2215 4247 2328 4303 sibi
2381 4245 2614 4319 propria
2647 4249 2785 4299 sunt
2815 4243 3106 4315 agitantes
3140 4242 3484 4314 pertrahant
3515 4260 3528 4299 :
3559 4247 3686 4298 tum

2038 4338 2215 4394 etiam
2247 4354 2448 4392 eorum
2480 4334 2937 4398 fluentum,dum
2961 4331 3323 4388 extrinsecus
3348 4331 3405 4386 in
3427 4331 3689 4387 animam

2040 4445 2289 4500 pronum
2321 4421 2962 4492 relabitur,constrictis
2996 4420 3288 4477 meatibus
3311 4420 3694 4493 percolare,et

2039 4518 2112 4571 ab
2143 4516 2303 4572 omni
2337 4516 2508 4572 sorde
2535 4530 2748 4585 purum
2783 4513 3283 4577 transmittere,ne
3314 4509 3691 4567 carnalilimo

271 4602 448 4661 ὅουσα
479 4609 600 4664 ταῖς
633 4602 791 4665 ὀπαῖς
822 4598 1055 4670 διηθεῖν,
1089 4601 1180 4655 καὶ
1228 4602 1428 4662 παντὸς
1483 4601 1654 4677 ῥύπου
1697 4608 1920 4683 καθαρὸν

2042 4607 2326 4671 exudans,
2359 4621 2534 4676 quem
2568 4621 2670 4676 per
2698 4601 2943 4657 vitiosos
2973 4601 3216 4656 affectus
3268 4599 3462 4670 traxit,
3506 4604 3692 4657 totam

273 4696 351 4758 εἰς
383 4694 556 4761 αὐτὴν
589 4691 994 4766 παραπέμπειν,
1037 4689 1128 4744 ἳνα
1161 4690 1237 4758 μὴ
1272 4693 1340 4763 τῇ
1392 4689 1497 4745 ἀπὸ
1547 4698 1757 4766 σαρκῶν
1810 4695 1930 4752 ἰλύϊ

271 4783 675 4859 πλημμυροῦν,
708 4782 774 4850 ἣν
799 4778 1056 4853 ἐμπαθῶς
1087 4776 1383 4856 έπεσύρατο
1415 4781 1550 4853 (66),
1596 4779 1731 4854 ὅλην
1767 4784 1931 4855 αὐτὴν

271 4878 396 4934 τοῖς
426 4869 655 4933 οῗκείοις
687 4867 999 4943 μολύσμασι
1029 4869 1296 4945 ταράσσον
1327 4865 1573 4944 θολώσῃο

346 4981 460 5058 (58)
481 4973 848 5058 fetumve
901 4977 1000 5034 Sic
1029 4977 1298 5058 legerunt
1329 4977 1699 5058 interpretes,
1720 4982 1934 5058 sicque

271 5048 498 5126 habent
527 5050 640 5126 duo
672 5050 903 5126 codices
919 5048 1551 5126 ‘mssfquibusfavent
1580 5048 1853 5126 alii'duo;
1872 5059 1932 5117 in

269 5123 497 5196 quibus
529 5122 760 5196 legitur,
793 5117 1082 5196 ἐνδέδεται.
1115 5117 1292 5196 Editi,
1328 5117 1656 5196 EvSﬁSuvrm.

342 5197 461 5263 {59)
492 5190 685 5267 U§Eav.
724 5197 789 5249 In
820 5193 1074 5249 editione
1106 5191 1426 5249 Parisiensi
1475 5211 1580 5267 pro
1630 5196 1739 5254 hac
1795 5219 1932 5261 voce

267 5260 773 5340 legitur,_é'xoooa.

339 5335 460 5408 (60)
521 5335 814 5410 autem
871 5335 966 5392 Sic
1022 5337 1140 5391 tres
1201 5335 1431 5410 codices
1497 5353 1666 5410 mss.,
1718 5341 1930 5403 melius

264 5425 452 5488 qualn
481 5408 1001 5488 Θᾴἱιὶχάν-ἀψασθαι.
1035 5411 1159 5488 his}:
1209 5408 1388 5488 editio
1441 5408 1649 5488 Pari-8.,
1710 5418 1929 5488 γυμνήν

265 5500 344 5534 τε.
383 5481 559 5536 Deest
589 5480 804 5537 vocula
820 5500 877 5534 τε
909 5480 967 5536 in
1001 5480 1257 5538 editione
1285 5480 1508 5537 Veneta
1537 5486 1594 5537 et
1623 5483 1683 5540 in
1714 5480 1855 5546 mss.

341 5553 459 5624 (6i)
497 5551 586 5608 At.
616 5553 827 5609 Vocula
856 5570 926 5608 ex
958 5569 1098 5608 mss.
1134 5558 1191 5609 et
1230 5553 1482 5609 editione
1541 5554 1762 5615 Veneta
1829 5561 1930 5618 ad-

267 5622 400 5699 dita
429 5622 546 5685 est.
589 5625 762 5683 Paulo
795 5631 929 5697 post
959 5641 1114 5682 unus
1147 5641 1216 5682 ex
1263 5625 1461 5698 Regiis
1509 5624 1654 5699 πάθη
1714 5628 1932 5688 ένδυσα-

278 5695 420 5765 μένη
432 5736 446 5752 .

2037 4693 2197 4750 illam
2231 4693 2354 4749 suis
2387 4691 2846 4763 inquinamentis
2873 4689 3198 4746 obturbans
3228 4688 3606 4745 contaminet.

2118 4981 2228 5055 (62)
2287 4977 2554 5032 Βιαστῶν.
2616 4975 2710 5031 Sic
2767 4991 2910 5031 mss.
2972 4978 3244 5046 quatuor.
3301 4972 3474 5042 Editi,
3540 4973 3693 5046 βιασ-

2041 5055 2157 5112 τόν.

2116 5125 2223 5198 (63)
2275 5115 2637 5198 Ἀποκλύσας·
2670 5116 3051 5198 πρὸςέαυτόν.
3105 5117 3198 5174 Sic
3241 5121 3515 5198 quatuor,
3544 5131 3689 5198 mss.

2044 5185 2359 5256 Ed‘iti'cum
2391 5185 2742 5263 Colbertino,
2801 5185 3304 5263 éﬂoxlﬁaavinpdc
3361 5185 3538 5240 ἑαυτό.
3600 5186 3691 5240 Sic

2044 5273 2220 5330 etiam
2263 5282 2416 5321 unus
2447 5281 2514 5319 ex
2541 5262 2760 5333 Regiis,
2795 5263 2895 5318 sed
2928 5262 3188 5319 secunda
3217 5262 3418 5333 manu.

2119 5323 2230 5415 (64)
2263 5323 2727 5415 Πληρωθείςε-Ἰῐε.
2748 5323 3215 5415 'mss..qui‘nque.
3457 5323 3690 5415 πληρῶέ

2045 5395 2162 5468 σανξ
2195 5395 2322 5468 Mox
2350 5395 2464 5466 duo
2497 5409 2747 5473 codices,
2779 5406 2878 5474 τὴν
2911 5395 2968 5476 ἐξ
2994 5395 3195 5464 astam.
3240 5403 3350 5456 Alii
3399 5401 3538 5468 duo,
3581 5395 3686 5463 τὴν

2045 5485 2095 5542 έν
2125 5483 2366 5546 ταύταις.

2119 5561 2232 5631 (65)
2263 5545 2523 5631 ﬂentem.
2559 5547 2841 5631 Nonnulli
2869 5547 3120 5631 codices,
3141 5545 3384 5631 ἑφιξῖσα.

2271 5605 2848 5701 ’.ἐπειπόνταΰηυε
2907 5605 3375 5688 οοάοΧ’Βὸεἱυε,
3436 5605 3689 5684 ἐπισύρε-

2040 5722 2128 5759 το.
