4134 6224
401 425 417 439 ,
462 362 584 424 679

1401 352 1800 416 APPENDIX
1844 351 2176 415 OPERUM
2218 353 2285 414 8.
2332 353 2620 417 BASILII
2664 355 2939 417 MAGNI.

3761 359 3887 418 680

531 494 685 551 622
716 494 771 548 5.
804 491 991 565 Igitur
1014 504 1202 560 neque
1229 484 1429 543 oculos
1480 486 1555 542 ad
1600 500 1835 543 omnem
1885 484 2101 558 passim

2291 487 2346 541 5.
2380 484 2589 543 Οὐκοῦν
2643 482 2766 541 οὔτε
2792 486 2919 548 τοὺς
2951 485 3273 565 ὀφθαλμοὺς
3312 487 3452 564 πρὸς
3483 493 3657 545 πᾶσαν
3689 488 3886 552 ἁπλῶς

461 600 659 640 rerum
691 580 1013 638 visibilium
1045 581 1349 650 aspectum
1376 575 1695 648 aperiet,ns
1717 576 1858 632 dum
1880 590 2115 631 omnem

459 673 586 729 sine
615 671 956 727 discrimine
978 669 1300 740 ﬁgurarum
1318 670 1377 721 et
1392 665 1716 720 formarum
1741 664 1995 737 speciem
2021 664 2118 720 ad-

460 760 814 830 sciscit,suis
834 758 997 813 illam
1015 755 1378 828 imaginibus
1398 753 1920 826 perturbent.Quin
1938 752 2115 808 etiam

460 852 601 907 dum
634 849 706 905 ad
734 846 937 918 aliqua
966 843 1306 918 aspicienda
1335 842 1691 914 aperientur,
1723 842 1798 897 ob
1846 856 2116 897 necessa-

462 939 616 994 rium
649 938 719 993 ad
752 936 904 992 hanc
947 935 1133 989 vitam
1182 931 1333 987 lucis
1381 947 1577 1001 usum,
1628 929 1890 1003 corporis
1937 928 2115 995 oculi,

463 1026 672 1084 animm
720 1024 919 1081 oculos
969 1022 1205 1078 claudet
1236 1036 1249 1075 :
1283 1022 1352 1075 ad
1386 1020 1505 1076 veri
1536 1025 1732 1075 autem
1763 1018 2028 1084 luminis,
2059 1022 2119 1074 et

462 1112 945 1190 pulchritudinis,
991 1127 1121 1184 quis
1162 1110 1279 1182 ipsi
1329 1109 1440 1165 hoc
1488 1108 1715 1164 lumine
1760 1108 2113 1177 ostenditur,

459 1204 1015 1273 considerationem,
1078 1202 1257 1258 etiam
1317 1204 1491 1255 antea
1520 1199 1753 1255 clausos
1800 1198 2117 1270 diligenter

459 1296 697 1368 aperiet.
732 1294 933 1364 Neque
963 1307 1161 1348 aurem
1189 1289 1352 1346 omni
1376 1288 1670 1360 colloquio
1701 1287 1829 1344 sine
1849 1288 2118 1343 examine

459 1383 759 1457 praabebit,
806 1383 907 1437 sed
959 1380 1153 1452 pravis
1197 1378 1434 1451 quidem
1484 1377 1887 1445 sermonibus,
1935 1374 2118 1431 veluti

458 1474 693 1529 cuidam
727 1469 1117 1544 graveolentis
1148 1468 1372 1541 soporis
1404 1465 1691 1538 impulsui
1720 1482 1848 1522 eam
1881 1466 2114 1522 obsera-

456 1564 575 1630 bit;
608 1560 873 1617 honestis
903 1566 1099 1615 autem
1132 1562 1189 1614 et
1218 1573 1431 1629 purum
1465 1555 1830 1612 stillantibus
1878 1555 2112 1611 virtutis

456 1649 979 1720 laticem,studiose
1009 1644 1497 1703 accommodabit.
1516 1645 1587 1699 Et
1606 1648 1847 1717 gustum
1869 1644 2109 1715 quidem

358 1758 361 1767 '
455 1740 738 1796 suavibus
769 1751 1001 1808 semper
1030 1735 1359 1790 inhiantem
1392 1733 1643 1789 frenabit
1671 1733 1991 1801 ratione,ad
2015 1748 2110 1787 ne-

455 1828 711 1885 cessaria
740 1829 933 1883 autem
968 1824 1344 1929 percipienda
1370 1822 1564 1878 sobrie
1594 1821 1966 1922 temperabit.
1998 1823 2109 1877 Ta-
2139 1863 2186 1929 B

454 1924 615 1975 ctum
647 1921 867 1983 autem,
892 1919 957 1969 ut
984 1911 1504 1970 illiberalissimum
1536 1911 1803 1967 omnium
1824 1926 2108 1967 sensuum

453 2008 676 2082 quique
712 2009 952 2061 caeteros
984 2017 1189 2059 omnes
1212 2001 1450 2074 propria
1469 2000 1717 2056 laevitate
1746 2001 1818 2055 ad
1841 2000 2107 2071 volupta-

449 2100 571 2153 tem
594 2092 777 2152 veluti
806 2091 1164 2164 quibusdam
1197 2088 1507 2162 praestigiis
1539 2088 2003 2161 pellicit,purum
2035 2089 2106 2145 ab

452 2183 613 2243 omni
644 2197 887 2255 prorsus
920 2178 1318 2253 cupiditatum
1341 2177 1570 2234 macula
1591 2192 1766 2248 quam
1792 2176 2108 2233 accuratis-

450 2274 600 2332 sime
628 2270 902 2328 servabit.
938 2268 1037 2325 llic
1068 2267 1224 2324 enim
1256 2271 1378 2322 toto
1410 2281 1653 2338 corporo
1685 2265 1957 2337 diffusus,
2006 2281 2109 2337 per

449 2365 633 2420 totam
673 2359 836 2415 illius
882 2355 1273 2429 superﬁciem,
1320 2372 1437 2411 non
1468 2371 1598 2411 eam
1631 2352 1822 2410 solum
1853 2371 1980 2425 quae
2010 2370 2104 2410 ex-

450 2451 743 2508 trinsecus
771 2446 1169 2520 apparet,_sed
1202 2460 1331 2501 eam
1365 2445 1542 2500 etiam
1574 2461 1697 2516 qua
1747 2443 2106 2500 reconditior

450 2543 562 2611 est,
587 2538 659 2593 ad
690 2536 932 2592 vitiosos
962 2537 1269 2590 contactus
1313 2533 1684 2606 tyrannidem
1734 2533 1794 2587 in
1843 2533 2103 2588 animam

451 2629 912 2686 exercet.Manus
935 2627 1132 2679 autem
1158 2621 1512 2691 maxime,ut
1533 2621 2101 2694 opportunissimum

451 2716 731 2791 quiddam
762 2711 1343 2786 apprehendens,per
1370 2709 1675 2781 eas,veluti
1707 2725 1811 2781 per
1835 2711 2101 2780 quaedam

445 2807 612 2877 retia,
636 2819 841 2861 omnes
872 2801 1049 2874 capit,
1071 2801 1410 2872 quicunque
1438 2800 1498 2855 in
1530 2816 1596 2855 ea
1627 2798 1962 2855 inciderint.
1989 2803 2103 2855 Ne-

450 2911 561 2967 que
590 2893 768 2949 etiam
798 2892 1126 2947 immunem
1148 2907 1182 2945 a
1200 2890 1453 2961 propriis
1486 2888 1797 2961 praestigiis
1819 2887 2103 2960 relinquit

448 2982 887 3055 aspectum.Sed
922 2980 992 3036 ad
1027 2979 1303 3035 confusos
1335 2978 1572 3050 quidem
1604 2976 1909 3045 colores,et
1929 2993 2104 3049 aspe-

448 3088 544 3127 ras
567 3072 807 3143 ﬁguras,
827 3084 1180 3140 exasperans
1209 3066 1377 3123 illum
1402 3071 1461 3123 et
1485 3066 1850 3122 confundens
1886 3082 1898 3121 :
1933 3067 2003 3121 ad
2035 3083 2104 3121 ea

448 3164 645 3215 autem
675 3176 803 3229 qua;
833 3156 998 3213 lmvia
1028 3160 1252 3226 sunt,et
1282 3156 1354 3211 ad
1387 3160 1757 3211 venustatem
1806 3154 1998 3210 colore
2045 3160 2105 3210 et

2222 575 2321 643 τήν
2352 578 2460 629 τῶν
2494 575 2705 651 ὁρατῶν
2734 573 2854 630 θέαν
2906 578 3021 650 (67)
3073 575 3413 648 ἀναπετάσαι,
3468 574 3561 632 ἵνα
3595 577 3672 651 μὴ
3706 582 3879 632 πᾶσαν

2224 658 2550 738 ἀδιακρίτως
2594 666 2963 740 χαρακτήρων
3009 685 3069 719 τε
3129 665 3219 720 καὶ
3268 670 3493 744 μορφῶν
3543 663 3692 722 ἰδέαν
3744 666 3881 722 εἶσοι

2222 750 2512 824 κιζομένη,
2557 749 2627 807 δι’
2683 754 2864 808 αὐτῶν
2921 753 3056 826 πρὸς
3110 755 3206 815 τὰς
3254 753 3306 825 ἐξ
3365 754 3543 810 αὐτῶν
3584 755 3879 830 φαντασίας

2221 840 2576 931 ταράσσηται.
2636 839 2817 897 Ἀλλὰ
2873 843 3010 917 πρὸς
3066 843 3162 916 μέν
3206 864 3329 898 τινα
3382 843 3472 898 καὶ
3530 843 3877 931 ἂνεῳγότων,

2225 926 2297 983 δι’
2326 929 2559 1005 ἀνάγκην
2587 936 2686 1001 τῆς
2724 931 2861 1005 πρὸς
2898 931 2988 986 τὸν
3029 932 3273 1007 παρόντα
3317 933 3435 1008 βίον
3486 926 3879 1008 φωταγωγίαςλ

2220 1023 2330 1073 τῶν
2362 1023 2458 1074 τοῦ
2489 1020 2744 1093 σώματος
2771 1019 3096 1092 ὀφθαλμῶν,
3125 1019 3252 1081 τοὺς
3296 1028 3398 1090 τῆς
3442 1023 3629 1097 ψυχῆς
3678 1020 3879 1095 ἐπιμύ-

2222 1126 2322 1162 σει·
2354 1108 2491 1183 πρὸς
2520 1106 2576 1163 δε
2603 1109 2703 1177 τήν
2733 1112 2830 1163 τοῦ
2861 1106 3124 1179 ἀληθινοῦ
3176 1109 3353 1187 φωτὸς
3401 1110 3489 1165 καὶ
3538 1114 3637 1166 τοῦ
3679 1108 3752 1166 δι’
3784 1111 3878 1165 αύ-

2221 1199 2317 1251 τοῦ
2354 1194 2701 1269 δεικνυμένου
2752 1193 2995 1260 κάλλους
3047 1197 3186 1269 αὐτῇ
3237 1200 3584 1270 κατανόησιν,
3632 1199 3727 1254 καὶ
3777 1220 3879 1273 με·

2227 1285 2460 1358 μυκότας
2488 1284 2757 1360 πρότερον
2789 1282 3100 1348 σπουδαίως
3131 1287 3350 1357 ἀνοίξει.
3384 1283 3521 1343 Οὔτε
3556 1288 3657 1356 τὴν
3706 1288 3875 1357 ἀκοὴν

2219 1372 2379 1429 παντὶ
2410 1375 2523 1447 (68)
2553 1370 2705 1446 λόγῳ
2736 1373 3098 1449 ἀνεξετάστως
3146 1375 3347 1453 ὑφέξει,
3397 1373 3544 1432 ἀλλὰ
3587 1377 3729 1453 πρὸς
3780 1377 3875 1448 μὶν

2219 1461 2345 1523 τοὺς
2377 1461 2618 1531 φαύλους
2643 1466 2751 1516 τῶν
2785 1460 2991 1537 λόγων,
3026 1462 3208 1535 ὥσπερ
3239 1463 3376 1539 πρός
3421 1485 3542 1519 τινα
3590 1462 3872 1527 δυσώδους

2217 1551 2489 1626 γεύματος
2518 1553 2633 1623 (69)
2659 1551 2828 1628 φορὰν
2869 1551 3035 1621 αὐτὴν
3071 1552 3384 1629 ὑποφράξει,
3439 1559 3558 1616 τοῖς
3596 1552 3656 1609 δὲ
3704 1575 3872 1610 σπου-

2226 1637 2400 1703 δαίοις
2445 1641 2677 1717 καθαρὸν
2711 1639 2890 1716 ῥέουσι
2920 1647 3020 1710 τῆς
3065 1641 3259 1716 ἀρετῆς
3303 1641 3366 1696 τὸ
3409 1648 3574 1716 νᾶμα,
3630 1644 3872 1721 φιλομα-

2219 1733 2328 1793 θῶς
2368 1730 2651 1799 ὑποθήσει.
2712 1728 2808 1783 Καὶ
2864 1730 2964 1799 τὴν
3027 1731 3122 1802 μὶν
3182 1734 3363 1805 γεῦσιν
3394 1732 3530 1807 πρὸς
3556 1732 3628 1787 τὰ
3665 1730 3874 1801 ἥδοντα

2217 1818 2297 1872 ἀεὶ
2349 1823 2647 1893 κεχηνυῖαν
2678 1816 3038 1894 ἐγχαλινώσει
3062 1822 3144 1891 τῷ
3174 1817 3347 1895 λόγῳ,
3378 1820 3519 1895 πρὸς
3549 1817 3608 1875 δὲ
3633 1823 3736 1890 τήν
3762 1825 3872 1876 τῶν

2216 1906 2519 1982 ἀναγκαίων
2570 1904 2874 1981 μετάληψιν
2927 1906 3221 1984 σωφρόνως
3278 1909 3594 1983 ἡνιοχήσει.
3654 1910 3766 1979 Τήν
3818 1908 3876 1965 δὲ

2218 1995 2382 2070 ἁφὴν,
2414 1996 2489 2057 ὡς
2522 1994 2581 2050 ἂν
2608 1997 2721 2069 (70)
2755 1992 3260 2071 ἀνδραποδεστάτην
3297 1997 3393 2068 μὶν
3439 2001 3627 2051 πασῶν
3679 1996 3875 2069 αἰσθή-

2218 2104 2350 2139 σεων
2385 2084 2570 2154 οὖσαν,
2603 2083 2775 2146 πάσας
2807 2081 2866 2139 δὲ
2894 2083 2989 2146 τὰς
3037 2083 3236 2148 λοιπὰς
3280 2088 3349 2159 τῇ
3399 2083 3574 2158 οἷ’κείᾳ
3622 2085 3874 2158 λειότητι

2214 2174 2352 2248 πρὸς
2395 2170 2601 2243 ἡδονὴν
2659 2172 3125 2248 μαγγανεύουσαν,
3178 2171 3525 2245 ἀκηλίδωτον
3570 2177 3760 2231 παθῶν
3802 2177 3877 2238 ὡς

2219 2261 2464 2335 μάλιστα
2495 2258 2684 2317 διόλου
2716 2260 2960 2340 φυλάξει.
2993 2264 3153 2335 ’Όλῳ
3182 2261 3286 2338 γὰρ
3332 2268 3412 2335 τῷ
3461 2265 3679 2337 σώματι
3735 2265 3875 2337 αὕτη

2213 2355 2626 2426 παρεκταθεῖσα,
2676 2348 2765 2406 διὰ
2826 2351 2919 2424 μὲν
2970 2357 3073 2421 τῆς
3120 2350 3259 2423 ὅλης
3304 2351 3618 2427 ἐπιφανείας
3681 2355 3874 2424 αὐτοῦ,

2215 2440 2281 2494 οὗ
2322 2445 2423 2509 τῆς
2468 2440 2803 2516 φαινομένης
2851 2436 3043 2510 ἔξωθεν
3094 2439 3284 2514 μόνον,
3339 2439 3485 2497 ἀλλὰ
3512 2443 3604 2497 καὶ
3653 2450 3760 2513 τῆς
3819 2443 3873 2499 έν

2210 2532 2291 2601 τῷ
2325 2528 2495 2604 βάθει,
2527 2529 2663 2606 πρὸς
2688 2528 2783 2591 τὰς
2831 2527 3093 2602 ἐμπαθεῖς
3137 2531 3297 2609 ἁφὰς,
3345 2531 3485 2587 κατὰ
3527 2538 3629 2602 τῆς
3678 2535 3871 2609 ψυχῆς

2214 2614 2538 2674 δυναστεύει.
2596 2622 2711 2674 Τῶν
2746 2615 2805 2673 δὶ
2832 2624 3034 2695 χειρῶν
3088 2619 3327 2693 μάλιστα
3370 2616 3762 2677 καταλαϐοῦσα
3810 2623 3874 2678 τὸ

2209 2707 2599 2783 καιριώτατον,
2661 2704 2749 2762 διὰ
2802 2708 3037 2776 τούτων,
3090 2704 3272 2785 ὥσπερ
3329 2707 3422 2765 διά
3478 2731 3646 2765 τινων
3698 2713 3875 2787 θηρά-

2208 2815 2351 2870 τρων
2384 2798 2520 2871 (71),
2575 2796 2703 2853 τοὺτ
2752 2796 3084 2871 ἐμπεσόντας
3144 2797 3355 2875 ἀγρεύει
3384 2800 3610 2864 πάντας.
3644 2799 3723 2856 Οὐ
3759 2802 3871 2874 μὴν

2210 2881 2416 2960 ἕρήμον
2473 2891 2575 2955 τῆς
2607 2885 2809 2949 οῗκείας
2840 2888 3095 2963 γοητείας
3119 2890 3522 2963 καταλιμπάνει
3566 2892 3670 2960 τήν
3719 2888 3875 2965 ὄψιν.

2212 2972 2393 3031 Ἀλλὰ
2437 2974 2575 3050 πρὸς
2632 2975 2727 3048 μὶν
2775 2976 2871 3038 τὰς
2929 2978 3334 3053 συγκεχυμένας
3386 2980 3500 3051 (72)
3557 2978 3737 3055 χρόας
3785 2979 3878 3036 καὶ

2207 3063 2335 3127 τοὺς
2387 3070 2611 3141 τραχεῖς
2664 3071 3014 3141 χαρακτῆρας
3041 3066 3388 3142 τραχύνουσα
3442 3065 3672 3140 ταύτην,
3724 3069 3876 3141 ὁμοῦ

2209 3153 2299 3208 καὶ
2358 3155 2684 3230 συγχέουσα’
2747 3154 2885 3229 πρὸς
2943 3153 3000 3209 δὲ
3054 3154 3181 3217 τοὺς
3249 3154 3431 3218 λείους
3480 3177 3538 3212 τε
3586 3158 3677 3212 καὶ
3735 3158 3879 3233 πρὸς

448 3246 641 3319 specie
663 3226 913 3301 formata
933 3244 1197 3315 decipere
1219 3243 1673 3310 valont,eminus
1694 3259 1829 3297 eum
1856 3244 2095 3314 perfun-

2216 3226 2551 3320 Idpuiav
2585 3243 2729 3319 χρόᾳ
2936 3242 3025 3298 καὶ
3075 3245 3324 3319 σχήματι
3379 3244 3684 3315 ἀπατηλῶς
3740 3226 3878 3323 μορ-

448 3335 594 3390 dens
623 3337 681 3389 et
728 3332 1091 3399 demulcens,
1144 3347 1312 3387 suam
1361 3330 1551 3402 ipsius
1602 3336 1948 3403 potestatem
1996 3348 2099 3401 per

444 3423 605 3478 hunc
632 3421 808 3478 etiam
840 3419 983 3476 satis
1013 3420 1289 3476 ostendit.
1322 3420 1433 3476 Sed
1465 3424 1522 3474 et
1550 3419 1819 3474 auditum
1872 3418 2095 3489 asperis

445 3511 684 3583 quidem
707 3510 945 3567 vocibus
966 3507 1485 3579 fugans,mollibus
1507 3512 1703 3563 autem
1727 3524 1830 3579 per
1852 3507 2093 3563 ﬂantem

443 3600 653 3658 leniter
682 3613 876 3656 aerem
908 3596 1270 3652 intrinsecus
1299 3596 1591 3665 relaxans,
1618 3596 1771 3667 quod
1820 3597 1912 3652 sui
1960 3614 2091 3653 mu-

445 3689 600 3746 neris
624 3691 713 3744 est
737 3687 807 3742 ad
831 3685 1144 3758 voluptatis
1166 3701 1312 3757 opus
1336 3700 1438 3757 per
1457 3684 1615 3740 hunc
1634 3684 1811 3740 etiam
1843 3686 2091 3758 perlicit.

443 3781 690 3835 Gustum
725 3775 1130 3850 praetermitto,
1164 3779 1229 3830 ut
1258 3773 1356 3846 qui
1401 3773 1641 3831 omnino
1689 3773 1848 3831 illius
1896 3791 2093 3833 comes

439 3868 536 3924 sit.
588 3868 675 3923 Ad
724 3882 823 3922 eos
853 3864 1094 3937 quidem
1127 3879 1387 3937 sapores,
1421 3863 1524 3935 qui
1557 3879 1724 3920 secus
1754 3880 1817 3921 se
1848 3864 2089 3937 habent,

438 3954 867 4029 constringitur
894 3957 950 4009 et
980 3958 1261 4021 nauseat;
1293 3952 1366 4008 ad
1398 3968 1496 4008 eos
1527 3956 1721 4008 autem
1749 3954 1849 4024 qui
1882 3970 2093 4010 suaves

438 4050 599 4114 sunt,
634 4061 774 4101 suos
806 4043 995 4115 ipsius
1027 4040 1262 4098 canales
1292 4039 1674 4113 inexplebiles
1700 4041 1907 4113 aperit.
1939 4042 2088 4106 Quid

438 4136 595 4191 enim
626 4137 685 4191 et
714 4134 786 4189 de
814 4131 1172 4205 genitalibus
1205 4129 1487 4187 membris
1517 4129 1752 4186 dicam?
1795 4131 2089 4201 quomodo

436 4222 710 4280 videlicet
738 4220 979 4278 insitam
1014 4218 1133 4275 illis
1153 4219 1270 4274 vim
1294 4218 1363 4273 ad
1388 4216 1605 4273 similis
1630 4218 2087 4290 generationem,

517 4400 630 4472 (57)
661 4399 815 4456 Θέαν.
851 4400 1024 4457 Addit
1054 4399 1207 4472 idem
1239 4399 1439 4464 codex,
1483 4397 1518 4464 ἡ
1568 4396 1854 4472 παρθένος.
1912 4399 2093 4456 Paulo

444 4469 781 4547 Ροξῌὲσὶιίο
810 4471 1019 4547 Petis”
1050 4469 1391 4547 ταράσσεται,
1439 4484 1583 4547 mss.
1616 4473 1683 4523 ut
1711 4469 1772 4525 in
1803 4474 1984 4527 textu.

538 4544 630 4609 68)
657 4540 841 4596 Παντί·
877 4534 1155 4599 Nonnulli
1187 4542 1437 4609 codices,
1469 4534 1688 4594 ἅπαντι.

537 4611 629 4685 69)
660 4611 1081 4685 I‘etiparoq._Sic
1110 4613 1287 4669 editio
1317 4612 1535 4668 Veneta
1567 4617 1623 4667 et
1661 4612 2096 4684 mss.quinque.

443 4682 897 4759 Ed'itioLParis”
949 4682 1235 4759 ῥεύματος.
1284 4684 1506 4759 Ibidem
1561 4699 1715 4740 unus
1769 4682 1847 4739 ex‘
1880 4682 2093 4757 Regiis,

443 4754 762 4883 ἀποφράξει,
796 4762 854 4814 et
880 4753 1057 4829 paulo
1089 4762 1242 4829 post,
1268 4753 1587 4830 χαλινώσει.

518 4831 535 4901 (
576 4830 631 4901 0)
662 4834 787 4901 "Av,
820 4834 993 4886 Deest
1022 4829 1145 4885 haec
1176 4828 1382 4886 vocula
1419 4828 1480 4883 in
1509 4828 1701 4901 tribus
1733 4842 1856 4883 mss

540 4831 631 4901 70)
662 4834 787 4885 "Av.
820 4834 993 4886 Deest
1022 4831 1145 4885 haec
1176 4831 1382 4886 vocula
1419 4831 1480 4883 in
1509 4831 1701 4883 tribus
1733 4842 1873 4883 mss.

518 4831 631 4983 (71)
673 4898 769 4983 Atat
798 4921 975 4983 τινων.
995 4901 1301 4983 θηράτριυν,
1335 4899 1791 4983 Ηφαεοιιὶριυιορ
1820 4898 2095 4983 editionis

441 4971 800 5029 Parisiensis
829 4971 1440 5044 videtur‘prasferenda
1474 4972 1549 5027 iis
1592 4987 1722 5043 quae
1752 4971 1811 5025 in
1833 4971 2097 5044 editione

445 5045 661 5102 Veneta
692 5048 749 5100 et
777 5044 836 5100 in
861 5043 1164 5116 codicibus
1194 5061 1339 5116 mss.
1399 5044 1715 5116 leguntur._
1736 5043 1922 5116 Codex
1950 5046 2093 5116 Μαι.

446 5123 502 5174 et
533 5117 684 5191 alius
716 5133 885 5184 mss.,
919 5112 1006 5169 διά
1034 5136 1195 5191 τινων
1255 5115 1391 5188 αὐτῇ
1440 5111 1830 5191 πεφραγμένων
1886 5113 2090 5191 ὅπλων·

443 5190 548 5247 sed
583 5188 733 5244 liber
757 5192 899 5244 Maz.
934 5190 1284 5244 emendatus
1313 5184 1422 5254 est,
1465 5184 1531 5242 in'
1553 5184 1872 5258 eoque,pro
1906 5184 2091 5241 ὃπλων

445 5261 732 5334 scriptum
764 5260 897 5328 fuit,
936 5260 1104 5334 bstibv.
1136 5261 1292 5334 _R_eg_.
1340 5258 1570 5334 tertius,
1630 5258 1969 5327 συναισθήσει
1997 5270 2095 5329 θη-

484 5329 658 5420 άτρων
690 5329 1103 5425 πεφραγμένων.
1136 5329 1323 5425 Editio
1352 5330 1501 5425 V1311a
1531 5334 1590 5385 et
1645 5335 2095 5425 mssuquatuor,

484 5352 658 5411 ατρων
690 5352 1103 5425 πεφραγμενων.
1136 5352 1323 5387 maluo
1363 5352 1496 5386 ven.
1531 5352 1590 5385 et
1645 5352 1787 5385 mss.
1822 5352 2094 5401 quatuor,

445 5352 537 5459 ἓιά
567 5426 729 5481 τινων
764 5425 898 5481 αυτῃ
950 5400 1343 5481 ’πεφραγμένων
1405 5397 1591 5454 ὃπλων
1653 5400 1977 5474 θερμότερον
2026 5405 2094 5476 τῇ

446 5478 791 5552 συναισθήσει
825 5476 889 5547 οη
900 5476 1130 5552 ράτρων.

519 5551 631 5623 (72)
664 5542 1137 5625 Συγκεχξυμέναςᾷ
1160 5544 1613 5625 QuamvisAbjc‘c
1645 5542 1814 5625 lectio
1854 5543 1913 5625 in
1980 5561 2097 5601 uno

446 5615 682 5679 tantum
714 5615 983 5679 occurrat
1012 5620 1210 5678 codice
1238 5619 1415 5689 Regio
1444 5617 1606 5680 2879,
1639 5615 1872 5671 videtur
1900 5620 2094 5674 tamen

444 5695 806 5765 praeferenda
838 5694 1108 5768 vulgatae,
1139 5691 1463 5766 κεχυμένας,
1496 5707 1563 5747 ac
1594 5689 1978 5747 confirmatur
2005 5689 2097 5747 bis

2206 3332 2479 3408 φωθέντας
2532 3330 2812 3408 πόρῥωθεν
2869 3329 3166 3408 διαχέουσά
3233 3354 3292 3388 τε
3346 3332 3516 3403 αὐτὴν
3592 3335 3714 3409 (7t)
3774 3337 3871 3391 καὶ

2204 3416 2513 3487 λεαίνουσα,
2560 3421 2659 3488 τὴν
2718 3420 2914 3491 δαυτῆς
2962 3419 3298 3489 δυναστείαν,
3350 3421 3441 3477 καὶ
3508 3420 3599 3478 διὰ
3653 3424 3867 3494 ταύτης

2203 3508 2403 3570 ἱκανῶς
2449 3505 2832 3567 ἐπιδείκνυται.
2886 3510 3065 3566 Ἀλλὰ
3111 3510 3202 3565 καὶ
3247 3512 3349 3581 τὴν
3390 3511 3562 3579 ἀκοὴν
3585 3517 3709 3574 ταῖς
3765 3514 3866 3585 μὲν

2199 3596 2480 3672 τραχείαις
2506 3600 2614 3652 τῶν
2648 3602 2841 3676 φωνῶν
2871 3596 3267 3676 φυγαδεύουσα,
3297 3604 3415 3661 ταῖς
3473 3597 3533 3654 δὲ
3582 3598 3868 3672 μαλακαῖς

2203 3683 2293 3741 διὰ
2316 3690 2419 3741 τοῦ
2449 3684 2773 3760 ἐμπνέοντος
2800 3685 2962 3749 λείως
2993 3687 3149 3763 ἀέρος
3196 3687 3246 3743 ἰν
3302 3689 3453 3763 βάθει
3486 3686 3745 3763 χαλῶσα,
3795 3690 3863 3744 τὸ

2200 3776 2319 3839 καθ’
2377 3775 2571 3844 ἑαυτὴν
2602 3776 2737 3852 πρὸς
2769 3773 2973 3846 ἡδονὴν
3005 3774 3160 3853 ἔργον
3188 3778 3278 3831 καὶ
3310 3774 3399 3831 διὰ
3426 3776 3632 3848 ταύτης
3680 3777 3857 3834 ἀνύει.

2202 3865 2308 3920 Ἐὣ
2336 3864 2437 3940 γὰρ
2472 3862 2652 3939 λέγειν
2683 3865 2783 3932 τὴν
2816 3868 3021 3939 γεῦσιν,
3070 3866 3144 3927 ὡς
3172 3866 3235 3921 τὸ
3293 3863 3425 3921 ὅλον
3482 3866 3691 3937 ταύτης
3743 3871 3861 3941 (75)

2201 3952 2497 4027 σύντροφον
2526 3953 2710 4010 οὖσαν.
2743 3953 2886 4029 Πρὸς
2921 3953 3015 4026 μὲν
3054 3954 3183 4016 τοὺς
3232 3951 3420 4018 ἄλλως
3467 3952 3702 4031 ἔχοντας
3751 3976 3859 4032 χυ-

2203 4040 2340 4114 μοὺς
2389 4040 2734 4119 έπιστύφεταί
2778 4063 2838 4097 τε
2879 4041 2969 4097 καὶ
3032 4039 3313 4114 ἀηδίζεται
3343 4063 3357 4077 ·
3414 4045 3553 4119 πρὸς
3613 4041 3675 4100 δὶ
3728 4046 3864 4109 τοὺς

2199 4128 2381 4192 λείους
2406 4130 2503 4192 τὰς
2536 4131 2730 4196 ἑαυτῆς
2775 4128 3068 4204 δεξαμενὰς
3095 4129 3464 4207 ἀπληρώτους
3510 4134 3745 4208 ἀνοίγει.
3794 4135 3860 4189 Τί

2198 4219 2303 4294 γὰρ
2334 4222 2392 4274 ἄν
2422 4239 2505 4281 τις
2533 4216 2678 4275 εἷ’ποι
2699 4220 2927 4296 καὶπερὶ
2954 4224 3063 4277 τῶν
3093 4218 3438 4297 παιδογόνων
3470 4223 3683 4298 μορίων
3712 4227 3863 4300 (76);

2205 4417 2336 4472 quae
2366 4404 2719 4477 sequuntur,
2767 4398 2856 4477 καὶ
2908 4403 3233 4477 συγχέουσα.
3284 4404 3446 4460 Hanc
3484 4405 3855 4477 conjunctior

2206 4489 2339 4530 nem
2372 4472 2648 4528 addimus
2682 4490 2750 4529 ex
2780 4472 3053 4532 pluribus
3080 4492 3224 4532 mss.

2278 4545 2391 4667 (73)
2424 4543 2520 4634 Καὶ
2536 4542 2719 4667 ⁷χρόᾳ.
2749 4542 2885 4629 llaec
2913 4546 3130 4602 desunt
3160 4548 3218 4603 in
3250 4547 3449 4602 codice
3481 4547 3659 4620 Regio
3686 4548 3853 4603 2879.

2279 4616 2369 4667 (74
2423 4620 2529 4667 Δυτ
2561 4638 2624 4667 ιν.
2659 4616 2849 4667 Edltlo
2880 4621 3101 4667 Veneta
3147 4626 3203 4667 et
3248 4626 3368 4667 tres
3427 4634 3594 4667 πιθα--
3632 4618 3853 4667 ἑαυτήν.

2279 4613 2391 4688 (7-4)
2423 4613 2624 4685 Atii-139'.
2659 4613 2849 4672 Editio
2880 4621 3101 4688 veneta
3147 4626 3203 4675 et
3248 4626 3368 4674 tres
3427 4613 3595 4688 mss;
3632 4618 3860 4688 ἑαυτήν.

2203 4685 2383 4761 Paulo
2416 4690 2547 4759 post
2575 4688 2747 4761 editi,
2775 4692 2903 4761 post
2936 4685 3241 4744 δυναστείαν
3273 4685 3634 4760 insesuntﬁ)
3658 4685 3860 4760 ἡδονή.

2204 4758 2322 4834 Sed
2345 4758 2468 4814 haéc
2499 4775 2612 4834 non
2639 4758 2977 4834 legitivetus
3006 4764 3316 4834 interpres,
3344 4778 3467 4834 non
3494 4758 3786 4834 leguntur
3804 4758 3863 4819 in

2205 4828 2424 4900 optimo
2455 4831 2651 4886 codice
2674 4828 2849 4904 Regio
2878 4828 3347 4907 2879,quo'saape
3370 4828 3592 4891 utiliter
3621 4838 3865 4891 utemur

2206 4901 2277 4956 ad
2311 4900 2467 4957 hunc
2500 4899 2714 4957 librum
2739 4906 3486 4962 emcndandumPraaterea
3514 4923 3731 4962 sensus
3763 4923 3862 4962 no-

2207 4919 2277 4956 ao
2312 4919 2467 4957 nunc
2501 4919 2714 4957 norum
2739 4919 3486 4962 emcnaanaumrraeterea
3514 4923 3731 4963 sensus
3763 4923 3862 4980 po-

2207 4972 2413 5061 stulat,
2447 4978 2514 5057 ut
2542 4973 2665 5029 haec
2700 4990 3143 5061 expungamus.
3186 4976 3326 5061 ‘Hic.
3354 4979 3511 5061 enim
3531 4978 3860 5061 “probatur

2205 5048 2427 5100 tactum
2459 5046 2520 5099 in
2555 5046 2832 5103 omnibus
2861 5046 3138 5106 sensibus
3170 5048 3480 5104 dominari.
3529 5046 3626 5104 Sic
3678 5049 3859 5105 etiam

2207 5116 2382 5189 paulo
2414 5117 2883 5189 post_legebatur
2916 5122 2973 5175 in
3008 5121 3262 5177 editione
3293 5120 3609 5176 Parisiensi
3650 5120 3714 5173 τὸ
3744 5120 3862 5173 καθ’

2207 5183 2486 5270 ἑαυτήνῖὶχ
2503 5183 2903 5270 ’ἦδυνῖοδιιέρχοἉΔ
2932 5192 3389 5270 Emendavimus
3436 5192 3857 5270 openejusdem

2206 5260 2421 5337 codicis
2452 5261 2613 5330 Regii
2639 5265 2697 5337 et
2731 5260 2959 5337 Venetae
2989 5264 3287 5337 editionis,
3338 5280 3443 5321 nec
3474 5260 3672 5320 'aliter
3714 5263 3859 5337 legit

2204 5331 2494 5403 interpres
2515 5333 2896 5403 AAmbsosius.

2279 5400 2393 5474 (75)
2421 5400 2651 5473 Ταύτης.
2686 5405 2809 5461 Duo
2844 5421 3026 5478 mss._,
3052 5402 3242 5478 ταύτῃ.
3275 5404 3493 5478 Ibidem
3542 5405 3727 5478 editio
3758 5406 3859 5478 Ye-

2206 5480 2343 5553 neta
2371 5473 2426 5553 et
2456 5492 2596 5553 mss.
2632 5478 2916 5553 quinque,
2951 5473 3618 5553 96thocpcq_o§ca.Edi_ti_o
3649 5476 3862 5553 Paris”

2204 5545 2340 5622 πρὸς
2374 5545 2467 5618 μὲν
2500 5545 3304 5622 γάρςῡεεεὶυίιίωιι’νόοιι1ιι
3331 5549 3390 5605 in
3440 5549 3701 5606 editione
3753 5550 3863 5605 Ve-

2207 5620 2345 5675 nata
2374 5622 2433 5674 et
2462 5620 2758 5677 veteribus
2792 5621 2979 5678 libris.

2275 5691 2391 5764 (76)
2448 5689 2508 5745 Τί
2565 5690 2666 5767 γὰρ
2725 5688 2785 5746 ἂν
2846 5712 2930 5755 τις
2987 5688 3132 5746 ε’ίποι
3191 5691 3279 5747 καὶ
3334 5692 3455 5767 περὶ
3516 5694 3625 5745 τῶν
3667 5688 3873 5747 παιδο-
