4134 6224
293 391 405 455 881

1526 388 1757 453 LIBER
1803 395 1907 453 DE
1950 389 2485 457 VIRGINITATE.

3593 405 3711 467 682

287 527 368 587 ὡς
426 526 527 593 τὴν
579 520 879 596 δεδομένην
933 521 1118 585 αὑτοῖς
1165 522 1300 598 πρὸς
1327 524 1427 591 τὴν
1456 526 1558 578 τοῦ
1591 523 1943 597 ὁμοιογενοῦς

2061 525 2188 582 suis
2238 526 2429 598 ipsius
2485 529 2730 586 omnino
2787 530 3198 604 constringens
3257 533 3574 602 veneficiis,
3608 552 3712 607 per

288 615 499 689 σπορὰν
535 611 787 685 δύναμιν,
822 618 930 674 εοῖς
961 613 1157 680 ἑαυτῆς
1188 613 1250 667 τὸ
1281 609 1410 667 ὅλον
1469 610 1944 688 ἐγκαταδησαμένη

287 705 632 781 φαρμάκοις,
663 707 732 775 τῇ
765 703 1106 771 συναισθήσει
1153 708 1252 769 τῆς
1302 703 1438 755 κατά
1485 703 1585 770 τὴν
1631 703 1773 776 ἁφὴν
1819 701 1947 755 τούὲ

285 815 399 848 των
435 791 746 863 λειότητος,
771 789 1130 866 αἰχμάλωτον
1164 788 1370 860 διὰτῆς
1397 791 1513 845 κατ’
1545 790 1712 861 αύτήν
1742 788 1945 860 ἡδονῆς

287 879 407 956 ἄγει
443 885 556 954 (77)
587 881 678 936 τὸν
712 879 1022 956 ἄνθρωπον.
1058 881 1135 934 Δι’
1166 881 1302 957 ἀφῆς
1351 877 1440 934 οὖν
1501 901 1644 942 τινος
1699 879 1942 956 ἐδείχθην

284 971 380 1026 καὶ
416 967 542 1044 ὄψις
574 973 672 1040 τήν
706 972 892 1044 ψυχὴν
925 971 1062 1044 πρὸς
1094 966 1298 1038 ἡδονὴν
1355 969 1631 1025 ἀπατῶσα.
1665 975 1790 1031 Ταῖς
1844 969 1944 1044 γὰρ

283 1066 397 1115 τῶν
459 1059 725 1132 ὀμμάτων
782 1057 995 1132 βολαῖς,
1056 1060 1294 1134 καθάπερ
1365 1058 1674 1131 ἀσωμάτοις
1734 1059 1943 1133 χερσὶν,

285 1150 362 1202 ὧν
421 1150 479 1203 ἃν
537 1148 697 1223 ἐθέλῃ
754 1147 1033 1224 πόρρωθεν
1069 1148 1491 1220 ἁπτομένη,καὶ
1551 1147 1623 1201 ὧν
1674 1153 1790 1209 ταῖς
1848 1151 1944 1200 τοῦ

283 1239 544 1310 σώματος
602 1237 792 1312 χερσὶν
879 1239 1109 1310 ἅψασθαι
1195 1237 1274 1291 ἐπ’
1346 1237 1587 1306 ἐξουσίας
1651 1236 1750 1291 οὐκ
1801 1234 1940 1310 ἔχει,

279 1331 459 1382 ταῦτα
486 1333 606 1387 ταῖς
635 1331 743 1380 τῶν
777 1325 1042 1398 ὀμμάτων
1096 1320 1383 1387 ἐπιϐολαῖς
1430 1325 1689 1397 ἐμπαθῶς
1748 1345 1941 1400 περιπ-

278 1415 579 1483 τύσσουσα,
614 1413 684 1469 δι’
715 1416 788 1468 ὧν
836 1413 1145 1487 ἀπεμάξατο
1202 1413 1410 1482 τύπων,
1470 1413 1597 1468 ὅλον
1657 1414 1793 1488 πρὸς
1847 1414 1940 1475 τὰς

283 1503 652 1578 ἐγγινομένας
719 1504 1013 1578 φαντασίας
1077 1504 1138 1557 τὸ
1208 1507 1367 1574 σῶμα
1428 1502 1783 1574 κυμαίνουσα.
1838 1501 1940 1556 Καὶ

289 1594 433 1662 ἀκοή
466 1597 574 1648 τῶν
609 1592 770 1648 λείων
805 1597 1000 1667 φωνῶν
1047 1589 1117 1645 δι’
1141 1592 1282 1670 ἁφῆς
1330 1593 1633 1664 ἀπτομένη,
1669 1588 1756 1644 διὰ
1811 1589 1939 1644 ταύ-

279 1703 384 1753 της
439 1685 541 1752 τὴν
593 1683 775 1757 ψυχὴν
826 1681 1180 1757 γοητεύουσα.
1234 1681 1331 1735 Καὶ
1409 1679 1687 1735 συνελόντι
1759 1679 1940 1756 φάναι,

281 1778 432 1826 πᾶσα
462 1769 707 1842 αἶ’σθησις
735 1773 875 1843 (78),
908 1771 1090 1846 ὥσπερ
1123 1771 1184 1824 τὸ
1211 1774 1372 1842 σῶμα
1424 1768 1475 1824 ἐν
1536 1769 1581 1841 ᾧ
1641 1766 1942 1822 δυναστεύει

280 1862 486 1928 κοινὸν,
523 1860 664 1914 οὕτω
690 1861 776 1914 καὶ
809 1860 907 1928 τὴν
936 1857 986 1912 ἐν
1017 1859 1196 1931 τούτῳ
1227 1859 1368 1936 ἁφὴν
1418 1859 1606 1926 κοινήν
1657 1857 1934 1934 εἰληφυῖα,
1969 1904 2015 1969 Β

287 1948 311 1969 ι
352 1953 364 1969 ι
489 1950 547 1969 ιε
644 1949 660 1969 1
723 1949 733 1966 ο
1028 1947 1108 1969 ἰιι
1332 1948 1375 1969 _\
1490 1948 1504 1966 ι
1569 1945 1718 1969 ,9.”,~o,
1813 1943 1897 1969 :93

283 1948 373 2004 διὰ
403 1950 610 2019 ταύτης
644 1949 870 2018 ἑκάστην
902 1969 960 2002 τε
990 1947 1238 2018 αἴσθησιν
1278 1948 1414 2020 πρὸς
1449 1948 1513 2002 τὸ
1558 1945 1758 2001 οἷ’κεῖον
1809 1943 1934 2016 ἡδὺ,

281 2041 374 2093 καὶ
409 2036 480 2092 δι’
511 2038 656 2093 ὅλων
714 2035 844 2091 ὅλον
895 2035 947 2090 ἐν
1009 2037 1118 2114 ἀφῇ
1172 2035 1418 2108 κείμενον
1452 2038 1612 2108 ἡμῶν
1659 2037 1720 2089 τὸ
1777 2036 1936 2107 σῶμα

283 2128 426 2200 πρὸς
448 2129 546 2196 τὴν
572 2125 813 2188 καθόλου
841 2123 1049 2194 ἡδονὴν
1078 2122 1350 2186 ποικίλως
1388 2123 1754 2199 μοχλεύουσα.

356 2219 414 2271 6.
451 2212 670 2282 Ἐπειδή
728 2212 818 2267 οὖν
879 2212 930 2267 ἐν
990 2212 1186 2274 πάσαις
1243 2213 1339 2285 μὶν
1370 2214 1404 2281 ἡ
1438 2213 1572 2289 ἀφὴ,
1607 2210 1842 2284 μάλιστα
1881 2208 1937 2265 δὲ

281 2305 338 2360 ἐν
383 2303 563 2381 γεύσει
614 2303 700 2358 ναὶ
757 2309 872 2364 τοῖς
919 2301 1273 2378 παιδογόνοις
1333 2299 1636 2356 δυναστεύει
1699 2299 1937 2374 μυρίοις,

281 2395 374 2449 καὶ
430 2395 582 2469 ὲτὲρα
621 2401 719 2462 τῆς
777 2393 983 2466 ἑτέρας,
1032 2391 1215 2466 ὥσπερ
1274 2391 1326 2446 ἐν
1388 2390 1596 2459 ἁλύσει,
1657 2388 1937 2463 ἐξημμένη

282 2505 365 2551 τε,
400 2483 492 2537 καὶ
524 2480 806 2558 πρατοῦσα
853 2482 962 2559 ἀφή
997 2483 1134 2554 (Ῑ9),
1168 2483 1202 2549 ἡ
1258 2481 1352 2552 μὲν
1406 2477 1756 2546 διακονεῖται,
1789 2481 1822 2548 ἡ
1883 2477 1940 2533 δὲ

290 2570 546 2632 διάκονος
575 2569 796 2645 γίνεται,
832 2571 996 2623 πᾶσαι
1030 2566 1088 2622 δὲ
1126 2589 1190 2643 γε
1236 2567 1322 2622 ἐπὶ
1372 2568 1471 2636 τήν
1524 2565 1778 2642 βασιλίδα
1826 2568 1941 2622 ἑαυ-

283 2665 395 2715 τῶν
445 2657 670 2728 ἡδονήν,
719 2659 818 2726 τὴν
863 2663 970 2712 τῶν
1024 2657 1347 2729 αἰσθήσεων,
1381 2654 1449 2711 δι’
1479 2656 1640 2734 ἁφῆς,
1674 2656 1937 2732 ἐνέργειαν

284 2748 774 2824 παραπέμπουσαι,
832 2745 906 2801 ἔτι
964 2747 1055 2800 καὶ
1119 2745 1330 2818 μᾶλλον
1399 2752 1515 2808 τοῖς
1581 2748 1768 2800 πάθεσι
1838 2746 1936 2814 τὴν

284 2839 475 2913 ψ’)χήν
510 2841 845 2909 σωματοῦσι·
878 2837 1160 2908 πρόκειται
1213 2832 1269 2889 δὲ
1327 2839 1395 2908 τῇ
1454 2834 1704 2912 παρθένῳ
1760 2836 1936 2904 πάσης

288 2925 497 2996 ἡδονῆς
559 2931 877 2995 σωματικῆς
928 2926 1161 2998 καθαρὸν
1220 2921 1498 2994 ἀποδεῖξαι
1550 2925 1640 2978 τὸν
1676 2928 1817 2978 νοῦν·
1852 2922 1941 2978 διὰ

284 3021 455 3070 τοῦτο
485 3015 584 3083 τήν
623 3012 860 3087 μάλιστα
892 3018 1245 3086 σωματοῦσαν
1279 3013 1419 3090 ἁφὴν
1472 3009 1554 3068 δεῖ
1605 3016 1705 3077 τῆς
1753 3016 1937 3087 ψυχῆς

285 3104 642 3171 ἀποκόπτειν,
676 3103 750 3176 ὡς
780 3100 838 3157 ἂν
869 3103 932 3157 τὸ
967 3103 1076 3178 ὐχη
1091 3123 1164 3174 μα
1192 3107 1297 3156 τῶν
1333 3103 1466 3156 κατὰ
1493 3101 1589 3164 τὰς
1634 3099 1806 3164 ἄλλας
1851 3100 1939 3154 αἶ-

284 3196 503 3264 σθήσεις
555 3193 704 3267 ἁφῶν
751 3191 1033 3261 ἀνελοῦσα,
1081 3189 1359 3246 συνανὲλοι
1411 3192 1484 3253 ὡς
1544 3187 1618 3245 ἔνι
1677 3190 1937 3244 κάκείνων

2059 633 2300 670 sensum
2332 634 2533 672 eorum
2571 619 2858 685 lmvitatis,
2881 637 3006 691 quas
3038 623 3334 693 tangendo
3367 621 3706 695 percipitur,

2057 705 2354 776 captivum
2388 723 2494 761 sua
2525 709 2822 779 voluptate
2844 710 3004 764 ducit
3036 711 3476 768 hominem.Per
3506 729 3712 783 quem-

2056 793 2192 848 dam
2242 794 2423 866 igitur
2474 800 2691 852 tactum
2726 799 2879 854 623
2909 799 3032 870 ipse
3081 805 3376 872 aspectus,
3411 805 3476 856 ut
3511 805 3708 857 osten-

2055 882 2538 952 dimus,animam
2575 886 2644 939 ad
2677 885 3034 958 voluptatem
3068 887 3477 960 pellicit.Nam
3510 891 3708 946 oculo-

2055 987 2182 1025 rum
2215 972 2450 1038 ictibus,
2486 974 2640 1029 velut
2685 975 3041 1047 incorporeis
3093 978 3388 1044 manibus,
3423 995 3702 1050 quacun-

2054 1075 2165 1128 que
2215 1060 2463 1115 voluerit
2515 1064 2746 1117 eminus
2797 1064 3112 1136 attingens,
3161 1071 3216 1118 et
3265 1083 3390 1136 quas
3443 1070 3703 1138 corporis

2055 1149 2329 1204 manibus
2376 1151 2661 1221 attingere
2694 1169 2804 1205 non
2860 1158 3067 1223 potest,
3101 1170 3165 1208 ea
3207 1153 3508 1209 oculorum
3558 1173 3700 1211 con-
3758 1199 3769 1210 .

2046 1235 2206 1306 jectu
2241 1237 2549 1294 libidinose
2579 1239 2992 1311 complectens,
3028 1258 3130 1314 per
3158 1259 3255 1297 eas
3296 1260 3442 1315 quas
3472 1244 3697 1316 efﬁngit

2052 1326 2297 1396 species,
2357 1332 2545 1382 totum
2601 1345 2813 1400 corpus
2864 1331 2937 1383 ob
2985 1331 3359 1388 introductae
3411 1332 3699 1405 imagines

2052 1415 2329 1470 ﬂuctibus
2378 1416 2582 1487 quatit.
2630 1419 2876 1473 Auditus
2922 1419 3046 1490 ipse
3105 1437 3314 1474 suaves
3372 1437 3541 1476 voces
3599 1439 3702 1493 per

2050 1507 2271 1558 tactum
2322 1505 2671 1577 percipiens,
2724 1523 2824 1578 per
2871 1506 3038 1562 illum
3097 1508 3356 1564 animam
3413 1509 3698 1566 incantat.

2051 1595 2262 1662 Atque,
2297 1597 2360 1646 ut
2407 1594 2578 1648 verbo
2611 1593 2828 1658 dicam,
2863 1594 3055 1650 omnis
3100 1595 3394 1668 voluptas,
3427 1602 3493 1652 ut
3541 1615 3700 1652 com-

2049 1696 2226 1735 mune
2259 1698 2475 1753 corpus
2507 1682 2564 1736 in
2601 1699 2713 1753 quo
2745 1683 3107 1753 dominatur,
3137 1685 3218 1740 ita
3249 1702 3617 1742 communem
3640 1686 3701 1741 in

2047 1785 2285 1840 corpore
2316 1774 2540 1825 tactum
2575 1777 2762 1840 nacta,
2788 1788 2891 1844 per
2923 1790 3055 1828 cum
3090 1774 3357 1846 singulos
3387 1791 3598 1832 sensus
3627 1777 3698 1833 ad

2049 1859 2311 1928 proprias
2341 1859 2762 1930 suavitates,ac
2791 1866 2978 1916 totum
3014 1864 3246 1918 omnino
3277 1864 3334 1918 in
3368 1868 3525 1919 tactu
3561 1881 3697 1920 con-

2048 1946 2320 2001 stitutum
2371 1965 2584 2021 corpus
2617 1954 2885 2005 nostrum
2935 1952 3006 2005 ad
3049 1952 3379 2008 universam
3432 1953 3696 2026 volupta-

2047 2039 2163 2090 tem
2192 2035 2349 2092 varie
2378 2036 2643 2108 impellit.

2115 2214 2169 2268 6.
2204 2213 2347 2269 Cum
2381 2215 2562 2287 igitur
2591 2215 2649 2271 in
2695 2217 2972 2272 omnibus
3022 2218 3261 2289 quidem
3303 2223 3517 2289 tactus,
3549 2236 3694 2291 pras-

2049 2301 2217 2374 cipue
2243 2320 2376 2359 vero
2409 2305 2466 2359 in
2498 2311 2674 2377 gustu
2705 2311 2762 2361 et
2789 2305 3146 2378 genitalibus
3169 2307 3505 2364 dominetur
3526 2309 3696 2380 parti-

2050 2393 2256 2458 bus,ac
2287 2393 2433 2448 alter
2463 2411 2530 2450 ex
2562 2396 2742 2450 altero
2767 2395 3146 2460 tactus,velut
3173 2396 3230 2450 in
3265 2402 3490 2466 catena,
3525 2403 3700 2470 aptus

2047 2488 2104 2535 et
2136 2499 2318 2537 nexus
2367 2484 2466 2550 sit,
2498 2500 2563 2538 ac
2613 2484 2776 2539 alteri
2838 2484 3074 2556 quidem
3131 2485 3521 2555 ministretur,
3554 2487 3702 2544 alter

2049 2574 2244 2624 autem
2283 2571 2597 2639 ministret,
2631 2589 2834 2628 omnes
2885 2577 3078 2628 autem
3113 2576 3185 2628 ad
3219 2575 3479 2646 reginam
3529 2592 3699 2632 suam

2048 2658 2720 2730 voluplatem,sensuum
2737 2678 2840 2733 per
2853 2666 3073 2716 tactum
3089 2664 3486 2734 Operationem
3499 2669 3699 2719 trans-

2051 2748 2372 2817 mittentes,
2403 2749 2594 2804 adhuc
2622 2750 2810 2821 magis
2853 2750 3108 2805 animam
3159 2753 3698 2822 perturbationibus

2051 2837 2483 2907 quodammodo
2515 2854 2852 2909 corpoream
2883 2839 3175 2904 efficiant;
3210 2857 3464 2911 cumque
3493 2857 3699 2912 propo-

2049 2925 2227 2979 situm
2263 2926 2338 2980 sit
2359 2927 2565 2998 virgini
2591 2929 2662 2981 ab
2687 2927 2847 2982 omni
2869 2927 3166 2998 voluptate
3188 2945 3467 2999 corporea
3486 2946 3694 3000 puram

2047 3013 2319 3069 exhibere
2351 3019 2607 3069 mentem
2634 3033 2648 3081 ;
2674 3021 2981 3087 propterea
3011 3021 3252 3083 tactum,
3274 3017 3376 3087 qui
3408 3019 3697 3089 praecipue

2050 3103 2308 3159 animam
2340 3119 2676 3175 corpoream
2710 3104 2907 3175 elﬁcit,
2931 3105 3104 3160 debet
3132 3105 3203 3160 ab
3236 3104 3434 3160 anima
3464 3107 3697 3162 abscin-

2049 3196 2205 3259 dere,
2235 3197 2298 3247 ut
2320 3191 2650 3248 vehiculum
2670 3198 2929 3248 tactuum
2951 3194 3021 3249 ad
3055 3193 3200 3250 alios
3218 3211 3430 3250 sensus
3454 3195 3702 3251 attinen-

285 3284 424 3355 πρὸς
453 3282 522 3336 τὰ
553 3281 730 3336 οἷκεῖα
758 3279 894 3350 ἡδέα
921 3282 1016 3344 τὰς
1053 3279 1206 3343 ὕλας.
1240 3281 1302 3335 Τί
1353 3278 1442 3335 οὖν
1507 3278 1744 3353 μάλιστά
1799 3278 1938 3334 ἐστιν

2060 3281 2202 3337 tium
2236 3296 2526 3349 resecans,
2561 3283 2736 3337 simul
2771 3281 2942 3336 etiam
2978 3288 3216 3351 resecet,
3251 3288 3537 3354 quantum
3578 3283 3701 3338 ﬁeri

285 3373 316 3426 ’ὁ
349 3376 604 3445 σωματοῖ
631 3371 766 3445 πρὸς
795 3370 937 3444 ἁφὴν
968 3370 1067 3438 τήν
1092 3371 1210 3442 (80)
1241 3369 1448 3444 ψυχὴν,
1480 3369 1568 3423 καὶ
1597 3368 1694 3430 τὰς
1734 3369 1784 3422 ἐν
1815 3374 1934 3430 ταῖς

289 3459 488 3522 ἄλλαις
523 3458 832 3528 αἰσθήσεσιν
863 3455 1064 3527 ἡδονάς
1109 3456 1484 3534 πολυμόρφως
1535 3459 1645 3529 (81)
1700 3455 1936 3532 βλαστάο

285 3550 486 3618 νει;Ἣ
550 3547 603 3602 ἐν
653 3546 835 3622 γεύσει
888 3567 965 3614 τε,
1001 3547 1168 3623 φημὶ,
1200 3546 1290 3601 καὶ
1344 3549 1378 3615 ἡ
1411 3547 1546 3620 πρὸς
1602 3547 1695 3607 τάξ
1747 3567 1935 3601 συν⁰υ’

287 3638 403 3701 σίας
456 3639 522 3691 τὸ
580 3641 741 3708 σῶμα
799 3635 910 3709 ἁφὴ
963 3634 1226 3708 ἐμπαθῶς
1255 3633 1678 3710 γαργαλίζουσα.
1717 3634 1937 3690 Τούτων

286 3724 334 3781 δ’
362 3725 541 3780 αὐτῶν
575 3727 788 3800 ἡγεῖται
817 3725 910 3797 μὶν
943 3725 976 3793 ἡ
1003 3730 1104 3793 τῆς
1132 3722 1383 3797 γεύσεως,
1415 3725 1450 3792 ἡ
1479 3720 1536 3776 δὲ
1591 3730 1689 3792 τῆς
1742 3723 1936 3795 μίξεως

286 3814 495 3872 ἕπεται·
531 3814 615 3869 ὅτι
677 3811 766 3868 διὰ
817 3820 915 3882 τῆς
967 3811 1019 3867 ἐν
1066 3816 1135 3886 τῇ
1165 3810 1341 3887 γεύσει
1374 3811 1534 3888 ἁφῆς,
1565 3810 1938 3883 κολακευομέ-

287 3927 389 3974 νης
422 3905 561 3978 πρὸς
614 3901 1046 3978 γαστριμαργίαν
1093 3900 1176 3955 ἀεὶ
1234 3907 1334 3969 τῆς
1390 3899 1756 3967 καταπόσεως,
1787 3919 1938 3952 πιαι-

289 3994 518 4067 νόμενόν
552 4013 617 4047 τα
643 3993 706 4046 τὸ
739 3997 897 4064 σῶμα
924 3990 1013 4045 καὶ
1060 3990 1162 4044 ὑπὸ
1190 3993 1300 4044 τῶν
1346 3989 1398 4043 ἐν
1440 3993 1518 4060 τῷ
1565 3989 1713 4064 βάθει
1775 3987 1937 4062 βρασ-

290 4084 539 4156 σομὲνων
577 4079 740 4136 λείων
769 4084 966 4154 χυμῶν
1001 4077 1244 4153 ἀσχέτως
1280 4077 1771 4154 γαργαλιζόμενον,
1802 4076 1938 4150 πρὸς

289 4176 386 4242 τὴν
422 4178 522 4241 τῆς
559 4171 756 4243 μίξεως
791 4169 932 4243 ἁφὴν
961 4167 1347 4243 οἳστρούμενον
1382 4169 1617 4243 φέρεται.

366 4444 420 4496 7.
452 4438 549 4492 Διὸ
581 4437 866 4513 ἀναγκαῖον
898 4436 1000 4504 τὴν
1037 4432 1348 4508 μέλλουσαν
1374 4437 1483 4488 τῶν
1527 4433 1660 4508 πρὸς
1707 4433 1801 4494 τὰς
1853 4431 1942 4506 μί-

298 4530 399 4600 Εεις
453 4525 672 4597 ἡδονῶν
740 4523 828 4580 διὰ
893 4522 1187 4598 παρθενίας
1235 4529 1475 4596 κρατεῖν,
1524 4521 1723 4595 πολλῷ
1776 4521 1941 4577 πλέον

299 4617 565 4692 πρότερον
613 4617 711 4684 τῆς
791 4615 926 4669 κατὰ
982 4615 1083 4682 τήν
1138 4616 1317 4687 γεῦσιν
1377 4609 1605 4681 ἡδονῆς,
1657 4612 1730 4674 ὡς
1789 4610 1943 4666 ἐπανο

295 4705 539 4774 τλούσης
601 4703 776 4777 ἐκείνῃ
815 4705 927 4776 (82)
974 4705 1070 4764 τὰς
1112 4701 1270 4768 ὕλας,
1303 4702 1576 4776 ἄρχουσαν
1623 4698 1945 4763 δείκνυσθαι.

295 4797 394 4850 Ἐκ
458 4792 688 4868 λογικοῦ
739 4792 842 4867 γὰρ
898 4791 988 4844 καὶ
1047 4790 1278 4865 ἀλόγου,
1320 4789 1456 4843 κατὰ
1509 4788 1572 4842 τὸ
1631 4788 1956 4858 Ἑλληνικὸν

295 4885 434 4958 πρὸς
497 4879 854 4959 ουσιολογίαν
909 4878 1161 4953 πλάσμα,
1220 4877 1401 4952 ὥσπερ
1467 4877 1587 4931 τινὰ
1666 4875 1952 4951 κένταυρον

299 5083 477 5158 γόνων
514 5099 746 5164 μοριῶν.
778 5080 1010 5164 Sicope
1032 5080 1308 5164 duorum,
1337 5078 1606 5164 codicum
1641 5078 1952 5164 Regiorum

302 5150 666 5213 mutavimus
700 5152 853 5224 quod
886 5150 954 5224 in
979 5151 1233 5224 editione
1262 5150 1480 5205 Veneta
1536 5157 1614 5224 et_
1650 5150 1958 5224 nonnullis

303 5245 447 5284 mss.
488 5214 806 5297 legebatur,
970 5221 1073 5297 γὰρ
1245 5241 1327 5297 τις
1361 5239 1504 5297 ε-ιποι
1531 5218 1619 5274 καὶ
1651 5218 1841 5297 περὶ...
1871 5214 1958 5297 ’ἔτι

302 5298 387 5352 καὶ
423 5289 601 5370 λέγοῖ.
635 5297 827 5350 Editio
858 5289 1065 5365 Parias,
1099 5293 1166 5348 Τί
1220 5293 1320 5368 γὰρ
1376 5292 1436 5346 ἅν
1490 5311 1571 5354 τις
1625 5289 1729 5345 καί
1763 5289 1955 5365 περὶ...

305 5369 377 5420 ἔτι
404 5369 499 5420 καὶ
535 5367 710 5420 λὲγοι.

305 5369 377 5424 ἔτι
404 5369 513 5423 καί
535 5369 710 5424 λὲγοι.

374 5389 499 5513 (ἔξ)
526 5387 898 5513 {ﬁglinum
929 5452 999 5513 ex
1045 5435 1265 5513 Regiis_
1287 5434 1611 5513 codicibus,
1645 5431 1870 5513 εἰσάγει,
1904 5437 1959 5487 et

303 5503 484 5587 paulo
515 5503 668 5583 post,
701 5509 775 5587 ὧν
820 5506 879 5561 ἂν
930 5508 1107 5587 Θέλιοι,
1137 5513 1215 5587 ει,
1248 5504 1596 5580 ἐγγενομένας
1646 5503 1955 5587 φαντασίας.

372 5586 488 5656 (78)
517 5577 673 5656 Πᾶσα
703 5578 963 5656 αἴσθησις
1007 5577 1444 5656 νοίυρῳε’,⁷εειι
1503 5577 1796 5649 perceptio
1857 5593 1960 5656 per

305 5650 540 5724 sensus,
558 5655 667 5710 hac
684 5669 822 5709 voce
845 5650 1188 5724 designatur
1214 5650 1502 5724 hoc'loco,
1521 5655 1585 5704 ut
1617 5665 1682 5724 ex
1713 5665 1778 5705 eo
1800 5652 1960 5719 patet

306 5730 459 5801 quod
512 5721 778 5800 singulos
825 5721 1039 5779 sensus
1069 5724 1140 5780 ad
1182 5723 1450 5795 proprias
1481 5721 1802 5778 suavitates
1856 5735 1960 5792 per

626 5854 893 5917 ΡΑτιιοι.
939 5850 1050 5913 Gn.
1096 5849 1283 5912 XXX.

2049 3374 2262 3443 potest,
2315 3386 2517 3426 eorum
2568 3371 2638 3424 ad
2693 3370 2957 3442 proprias
3003 3370 3320 3427 suavitates
3371 3372 3701 3430 materiam.

2047 3459 2194 3527 Quid
2228 3463 2317 3514 est
2347 3458 2544 3530 igitur,
2579 3459 2733 3531 quod
2764 3459 3014 3515 maxime
3064 3476 3402 3531 corpoream
3449 3477 3554 3533 per
3583 3465 3702 3518 tac-

2047 3555 2172 3603 tum
2224 3549 2484 3604 animam
2517 3548 2714 3616 efﬁcit,
2750 3553 2808 3603 et
2853 3549 3000 3604 sitas
3033 3548 3092 3603 in
3126 3548 3258 3605 aliis
3299 3550 3574 3606 sensibus
3603 3567 3702 3607 vo-

2048 3638 2303 3709 luptates
2334 3636 2510 3692 variis
2541 3636 2734 3692 modis
2783 3638 3076 3708 germinat
3100 3637 3382 3706 ‘I'l‘actus,
3429 3639 3698 3710 inquam,

2046 3731 2171 3780 tum
2207 3724 2306 3795 qui
2341 3725 2397 3778 in
2423 3732 2596 3795 gustu
2640 3725 2794 3780 situs
2824 3729 2932 3792 est,
2965 3729 3090 3780 tum
3124 3727 3222 3797 qui
3256 3743 3468 3798 corpus
3499 3729 3568 3782 ad
3602 3744 3695 3782 co-

2048 3814 2196 3869 itum
2220 3812 2530 3868 libidinose
2545 3812 2766 3868 titillat.
2786 3814 3004 3869 Horum
3021 3819 3219 3870 autem
3251 3814 3513 3886 ipsorum
3533 3818 3695 3886 prmit

2050 3903 2100 3957 is
2130 3901 2231 3972 qui
2263 3901 2320 3955 in
2352 3904 2528 3972 gustu
2577 3899 2727 3955 situs
2757 3909 2864 3970 est,
2897 3902 3165 3972 sequitur
3206 3918 3337 3956 vero
3374 3902 3470 3958 ille
3499 3903 3598 3973 qui
3630 3903 3691 3958 in

2052 3990 2206 4045 coitu
2232 4010 2245 4056 ;
2273 3989 2405 4059 quia
2433 4005 2533 4060 per
2552 3995 2760 4060 gustus
2788 3994 3008 4044 tactum
3034 4005 3262 4061 semper
3281 3991 3351 4044 ad
3374 3989 3693 4062 ingluviem

2054 4079 2364 4134 voracitate
2394 4077 2752 4141 blandiente,
2785 4094 2998 4148 corpus
3027 4077 3437 4149 pinguescens,
3465 4085 3521 4134 et
3551 4097 3584 4133 a
3615 4079 3695 4134 le-

2055 4169 2230 4223 nibus
2251 4165 2600 4221 humoribus
2639 4165 2800 4221 intus
2834 4165 3251 4222 ebullientibus
3282 4166 3696 4239 insuperabili-

2054 4260 2140 4311 ter
2171 4254 2577 4319 titillatum,ad
2609 4258 2833 4310 tactum
2866 4255 3054 4311 coitus
3081 4260 3254 4311 castro
3284 4258 3536 4327 quodam
3574 4275 3700 4328 per-

2058 4347 2240 4400 citum
2273 4345 2474 4399 fertur.

2126 4435 2180 4488 7.
2214 4433 2400 4496 Quare
2459 4449 2694 4488 necesse
2751 4437 2860 4498 est,
2903 4435 2968 4487 ut
3025 4449 3151 4504 quae
3207 4437 3556 4491 concubitus
3610 4454 3704 4491 vo-

2061 4523 2315 4594 luptates
2361 4520 2690 4593 virginitate
2737 4521 2860 4576 vult
2918 4539 3216 4594 superare,
3273 4523 3459 4580 multo
3517 4527 3708 4598 magis

2058 4609 2397 4682 voluptatis,
2431 4626 2561 4680 quas
2590 4626 2657 4665 ex
2687 4615 2862 4681 gustu
2917 4611 3254 4682 percipitur,
3291 4619 3354 4668 ut
3385 4631 3512 4684 qua:
3544 4615 3708 4671 alteri

2063 4700 2317 4754 fomenta
2365 4698 2718 4770 suppeditet,
2752 4699 2916 4770 prius
2963 4717 3024 4755 se
3075 4701 3367 4756 victricem
3417 4707 3708 4760 ostendat.

2065 4793 2142 4843 Ex
2175 4787 2444 4842 rationali
2495 4787 2652 4842 enim
2703 4791 2760 4840 et
2809 4787 3153 4858 irrationali,
3187 4791 3510 4846 secundum
3556 4796 3713 4848 Grie-

2065 4892 2268 4933 corum
2303 4876 2362 4929 in
2411 4873 2779 4947 physiologia
2828 4882 3252 4947 commentum,
3285 4879 3461 4936 veluti
3509 4899 3717 4954 quem-

2064 5080 2294 5146 tactump
2327 5073 2627 5146 impellere
2665 5075 2904 5130 dicitur.

2141 5148 2254 5219 (79)
2283 5145 2444 5228 'A‘cfjj.
2632 5149 2749 5228 tres
2777 5149 3024 5228 codices
3073 5166 3214 5228 mss.
3247 5150 3457 5228 _multo
3491 5151 3718 5228 melius

2069 5217 2247 5298 quam
2278 5217 2727 5298 editio.Veneta,
2767 5219 2900 5298 ἀρθῇ,
2934 5225 3034 5276 aut
3077 5222 3446 5298 Parisiensis,
3480 5221 3644 5298 ἁφῆς.

2143 5291 2252 5366 (780)
2288 5289 2425 5366 Πρὸς
2458 5287 2600 5366 deny
2661 5290 2779 5366 τήν.
2812 5287 2910 5348 Sto
2966 5294 3232 5349 nonnulli
3292 5287 3538 5350 codices'
3570 5287 3714 5350 mss.

2066 5359 2242 5436 Editi,
2274 5359 2408 5436 πρρς
2435 5359 2534 5436 τὴν
2562 5359 2727 5436 ἁφήν.

2139 5435 2250 5504 (8i)
2281 5431 2687 5509 Πολυμόρφώς.
2727 5433 2888 5490 Unus
2929 5451 2996 5491 ex
3028 5434 3225 5506 Regiis
3263 5433 3584 5506 codicibus,
3616 5451 3717 5490 πο·

2068 5501 2404 5558 λυμόοιοους.

2107 5524 2404 5560 υμοοωους.

2141 5525 2523 5648 (ἓέἷφάἒξείνῃ.
2573 5576 2812 5648 Legitur
2860 5576 2916 5630 in
2967 5575 3220 5630 editione
3279 5575 3497 5632 Veneta
3548 5583 3606 5633 et
3663 5581 3720 5635 in

2069 5649 2334 5720 quinque
2367 5665 2535 5720 mss.,
2571 5648 2794 5720 εκείνῃς.
2811 5648 2917 5701 Sed
2952 5648 3309 5718 praferenda
3338 5649 3569 5706 videtur
3590 5651 3727 5708 seri.

2071 5719 2251 5791 ptura
2281 5719 2566 5778 editionis
2597 5719 2782 5776 Paris.
2817 5735 2990 5790 quam
3020 5720 3204 5775 secuti
3239 5735 3470 5778 sumus.

3315 5849 3395 5912 22
