4134 6224
497 363 616 431 883

1443 361 1836 426 APPENDIX
1878 355 2204 423 OPERUM
2249 357 2315 418 S.
2361 357 2647 419 BASILII
2693 353 2970 418 MAGNI.
3797 356 3878 416 68

502 506 637 559 dam
670 504 1234 568 centaurum,totum
1253 499 1545 555 hominem
1577 499 1819 554 Creator
1843 495 2130 565 efﬁngens

2268 489 2472 550 συνθεὶς
2504 491 2532 544 ὁ
2565 488 2914 563 Δημιουργὸς
2942 486 3073 543 δλον
3112 485 3207 542 τόν
3251 485 3560 561 ἄνθρωπον,
3588 491 3668 558 τῷ
3711 488 3915 563 ἀνθρω-

501 592 790 664 superiori
815 592 964 663 parti
987 591 1308 647 humanam
1333 591 1580 645 formam
1603 606 1636 644 a
1661 587 1849 659 capite
1871 600 2058 656 usque
2080 582 2150 637 ad

504 687 708 752 pectus
738 680 1003 745 habenti,
1030 679 1086 734 id
1107 681 1257 751 quod
1284 681 1356 734 ab
1389 678 1661 734 umbilico
1682 682 1739 733 et
1767 674 1987 731 lumbis
2019 688 2152 743 pro-

502 771 788 835 tenditur,
819 769 977 824 velut
1007 769 1141 841 equi
1173 775 1472 832 naturam,
1507 774 1632 822 tum
1665 768 1735 821 ad
1785 764 2007 820 ventris
2052 778 2153 817 vo.

504 859 757 932 luptates
788 858 1117 914 helluarum
1151 859 1210 914 in
1246 874 1468 913 morem
1507 871 1891 928 propensum,
1923 857 2044 907 tum
2081 851 2149 905 ad

503 949 852 1005 concubitus
908 949 1184 1003 effrenate
1234 946 1505 1019 proclive,
1556 944 1804 1000 inferius
1860 941 2154 998 collocans

505 1039 806 1109 adaptavit
839 1055 851 1092 :
885 1054 1000 1092 non
1043 1038 1193 1107 quod
1228 1037 1298 1091 ab
1330 1034 1655 1091 irrationali
1705 1037 1866 1105 parte
1897 1029 2154 1086 rationa-

416 1131 431 1146 '
504 1127 618 1183 lem
652 1127 838 1197 abripi
868 1126 1167 1194 vellet,sed
1202 1124 1588 1189 rationali,cui
1619 1123 1882 1191 subjecta
1899 1124 1989 1174 est
2019 1133 2155 1188 pars

502 1215 882 1284 irrationalis,
915 1214 1175 1270 habenas
1223 1215 1292 1269 ad
1327 1212 1687 1269 necessarios
1737 1215 1958 1265 naturas
2009 1223 2154 1264 usus

504 1304 790 1376 regendos
821 1304 1257 1376 sapientissime
1301 1302 1698 1357 committens.
1733 1304 1974 1369 Propter
2001 1297 2153 1353 hanc

506 1394 688 1464 igitur
706 1394 902 1446 datam
932 1392 1010 1444 illi
1038 1391 1656 1463 potestatem,quando
1689 1406 1802 1443 non
1834 1388 2016 1453 ducit,
2051 1386 2150 1441 sed

507 1483 743 1536 ducitur
779 1483 933 1538 624
975 1482 1045 1535 ab
1075 1481 1397 1535 irrationali
1439 1497 1573 1551 pars
1598 1477 1920 1540 rationalis.
1949 1493 2154 1546 expro-

509 1573 685 1626 brans
716 1571 930 1642 aurigae.
962 1570 1284 1641 Scriptura,
1313 1573 1377 1623 ut
1406 1570 1475 1623 ad
1509 1566 1863 1623 irrationalis
1885 1565 2153 1636 volupta-

508 1665 625 1714 tem
658 1676 831 1730 prave
861 1676 891 1714 e
921 1658 1206 1730 superiori
1255 1661 1418 1728 parte
1460 1657 1705 1728 dejecto,
1740 1655 1818 1711 ait
1852 1673 1864 1710 :
1899 1655 2039 1726 Equi
2067 1669 2156 1708 m-

506 1750 782 1804 sanimtes
811 1749 871 1802 in
900 1750 1138 1818 feminas
1167 1746 1309 1819 facti
1336 1753 1482 1813 sunt,
1506 1746 1883 1816 unusquisque
1911 1744 1988 1799 ad
2015 1758 2155 1798 uxo-

2260 577 2536 652 πομόρφῳ
2589 578 2694 631 ἀπὸ
2751 576 2994 654 κεφαλῆς
3050 574 3153 638 ἕως
3188 576 3420 652 στέρνων
3483 578 3688 632 ἄνωθεν
3740 577 3910 652 μέρει,

2260 667 2323 721 τὸ
2354 667 2459 720 ἀπὸ
2507 666 2761 743 δμφαλοῦ
2813 668 2902 721 καὶ
2961 667 3184 744 ὀσφύος,
3211 666 3449 742 καθάπερ
3497 664 3675 721 ’ίππου
3733 667 3909 743 φύσιν,

2261 755 2396 829 πρός
2427 776 2486 810 τε
2515 756 2610 817 τὰς
2636 755 2869 830 γαστρὸς
2921 753 3122 825 ἡδονὰς
3178 755 3453 826 κτηνῶδες
3517 757 3793 832 ὑπάρχον,
3823 760 3910 811 καὶ

2262 845 2398 919 πρὸς
2429 845 2523 906 τὰς
2559 844 2727 916 μίξεις
2755 843 2970 919 ἀλόγως
3031 843 3375 917 κινούμενον,
3429 845 3671 899 κατώθεν
3731 846 3906 920 φέρων

2262 935 2670 1007 προσήρμοσεν·
2703 931 2809 1008 ούχ
2841 933 2944 987 ὑπὸ
2997 937 3096 987 τοῦ
3143 931 3350 1008 ἀλόγου
3407 935 3611 1006 μέρους
3653 935 3720 989 τὸ
3766 933 3914 1010 λογι-

2261 1023 2357 1076 κὸν
2389 1021 2767 1096 ἐξαρπάζεσθαι
2825 1020 3140 1096 βουληθεὶς,
3173 1019 3320 1077 ἀλλὰ
3369 1027 3447 1095 τῷ
3507 1023 3719 1098 λογικῷ
3783 1025 3912 1079 ὑπο-

2266 1107 2439 1182 ϐεϐλη
2451 1113 2608 1186 μένον
2642 1115 2754 1186 (ικ3)
2785 1108 2968 1188 ἔχοντι
2996 1114 3060 1168 τὸ
3094 1111 3295 1188 ἄλογον
3345 1116 3532 1190 μέρος,
3564 1117 3914 1190 ἡνιοχεῖσθαι

2265 1202 2402 1275 πρὸς
2449 1201 2544 1264 τὰς
2591 1209 2690 1271 τῆς
2725 1201 2936 1280 φύσεως
2983 1202 3214 1278 ἀνάγκας
3265 1205 3557 1278 πανσόφως
3604 1204 3773 1282 ἐφείς.
3822 1209 3916 1260 Διά

2264 1288 2393 1367 γοῦν
2423 1290 2623 1361 ταύτην
2672 1293 2771 1358 τὴν
2819 1288 3114 1364 δεδομένην
3160 1291 3306 1363 αὐτῷ
3359 1291 3623 1362 ἐξουσίαν,
3657 1295 3785 1349 ὅταν
3840 1298 3913 1367 μὴ

2264 1376 2389 1454 ἄγῃ,
2422 1379 2549 1434 ἀλλ’
2574 1378 2766 1456 ἆίγηται
2813 1381 2916 1435 ὑπὸ
2940 1385 3038 1434 τοῦ
3068 1378 3273 1456 ἀλόγου
3311 1381 3373 1435 τὸ
3421 1379 3672 1455 λογικὸν,
3707 1382 3913 1439 έπονειο

2265 1466 2426 1536 δίζων
2453 1473 2534 1540 τῷ
2562 1469 2780 1543 ἡνιόχῳ
2801 1471 2829 1522 ὁ
2862 1468 3053 1544 λόγος,
3086 1470 3161 1532 ὡς
3193 1469 3252 1523 ἂν
3280 1470 3417 1542 πρὸς
3443 1473 3542 1538 τήν
3575 1475 3674 1524 τοῦ
3705 1472 3913 1546 ἀλόγου

2265 1554 2471 1626 ἡδονῆν
2528 1562 2709 1619 κακῶς
2765 1556 2963 1612 ἄνωθεν
3021 1557 3302 1612 κενωθέντι
3361 1562 3475 1629 (84)
3532 1561 3695 1637 φησίν
3724 1565 3912 1616 Ἵπποι

2266 1645 2601 1720 θηλυμανεῖς
2662 1647 3017 1721 ἐγενήθησαν,
3075 1645 3297 1709 ἕκαστος
3381 1647 3466 1702 ἐπὶ
3547 1651 3647 1718 τὴν
3726 1658 3913 1726 γοναῖ-

2264 1756 2332 1790 κα
2386 1740 2484 1790 τοῦ
2539 1735 2778 1805 πλησίον
2838 1735 3002 1791 αὐτοῦ
3057 1735 3377 1812 έχρεμέτιζε
3411 1740 3541 1811 (85).
3575 1739 3676 1792 Καὶ
3740 1739 3914 1796 ἀλλα-

508 1854 627 1893 rem
649 1839 902 1908 proximi
929 1838 1020 1891 sui
1049 1836 1498 1890 hinniebat“.Et
1521 1833 1660 1890 alibi
1683 1850 1786 1906 per
1807 1831 2137 1889 umbilicum

2263 1827 2370 1900 χοῦ
2400 1823 2492 1879 ἀπ’
2525 1823 2780 1902 ὀμφαλοῦ
2804 1825 2896 1879 καὶ
2931 1824 3130 1904 ὀσφύος
3157 1827 3221 1880 τὸ
3263 1824 3473 1900 ἄλογον
3502 1828 3641 1882 κατὰ
3670 1834 3771 1897 τῆς
3820 1833 3916 1902 ψυ·

507 1931 565 1982 et
586 1926 820 1981 lumbos
840 1924 1196 1980 irrationalis
1219 1925 1401 1996 partis
1425 1925 1483 1978 in
1502 1924 1761 1980 animam
1788 1922 2137 1978 dominaturi

2267 1924 2377 1992 χῆς
2433 1915 2770 1973 δυναστεύειν
2833 1918 3303 1992 ὑπαινισσόμενος’
3337 1917 3477 1976 Ἰδοὺ
3533 1922 3650 1993 (86)
3688 1923 3724 1989 ἡ
3760 1920 3918 1997 ισχὺς

511 2015 893 2070 subindicans
927 2030 940 2068 ε
977 2016 1104 2070 Ecce
1134 2015 1302 2070 robur
1346 2016 1488 2084 ejus,
1520 2012 1734 2084 inquit,
1767 2014 1825 2067 in
1859 2011 2074 2076 lumbis,
2107 2017 2158 2065 et

506 2112 754 2176 potestas
800 2104 922 2172 ejus
976 2106 1036 2157 in
1091 2103 1354 2157 umbilico
1398 2103 1604 2156 ventris
1633 2101 1696 2155 ⁵⁷.
1733 2101 2156 2173 Pinguescante

511 2194 667 2249 enim
687 2209 754 2247 ex
775 2196 946 2264 gustu
969 2197 1187 2260 ventre,
1222 2207 1456 2246 necesse
1476 2196 1586 2258 est,
1621 2195 1683 2244 ut
1716 2190 1996 2259 subjectae
2024 2204 2154 2244 ven-

505 2282 578 2336 tri
616 2286 831 2353 partes,
865 2281 937 2335 ab
987 2280 1320 2335 exundante
1368 2279 1632 2345 humore,
1665 2278 1767 2349 qui
1816 2278 1874 2331 in
1925 2277 2152 2332 intimis

500 2370 840 2439 eﬂ'ervescit,
898 2371 966 2424 ad
1021 2369 1316 2424 naturales
1365 2368 1731 2440 Operationes
1785 2370 2148 2421 moveantur.

497 2459 842 2530 Suppeditat
873 2458 1027 2512 enim
1049 2464 1251 2512 venter
1275 2458 1364 2511 his
1392 2456 1707 2510 imminens
1728 2455 2040 2526 ea,quidus
2062 2453 2148 2508 his

496 2547 864 2618 operationes
894 2546 1050 2600 velut
1098 2553 1273 2600 castro
1305 2545 1624 2600 incitantur
1657 2561 1668 2596 :
1705 2543 1845 2614 gula
1888 2548 2085 2598 autem
2117 2557 2147 2596 θ

491 2635 780 2708 superiori
811 2640 974 2707 parte
1025 2635 1301 2690 materias
1331 2633 1488 2688 velut
1517 2649 1585 2687 ex
1634 2633 1791 2686 fonte
1822 2632 2141 2703 profundit.

487 2725 738 2781 Gustum
771 2723 949 2795 igitur
978 2724 1133 2791 virgo
1169 2722 1362 2777 vincat
1394 2727 1528 2777 ante
1574 2721 1794 2790 omnia,
1829 2722 2016 2776 fontes
2047 2738 2142 2777 vo-

481 2813 778 2886 luptatum
803 2830 867 2868 ac
890 2813 1026 2868 inde
1047 2813 1116 2867 ad
1144 2810 1658 2882 intemperantiam
1682 2809 1990 2871 fluentium
2016 2809 2144 2865 irri-

482 2908 904 2967 tamentorum,
936 2919 966 2957 e
997 2901 1286 2973 superiori
1342 2904 1506 2971 parte
1556 2900 1852 2972 sapienter
1882 2915 2089 2970 regens
2122 2919 2137 2967 ς

481 3008 553 3046 ne
583 2993 724 3046 dum
773 2991 1174 3062 virginitatem
1211 2991 1534 3061 profitetur,
1569 3005 1635 3043 ao
1686 2993 1884 3058 postea
1937 2988 2136 3059 gustui

479 3096 608 3135 sese
640 3079 1024 3134 immoderate
1073 3078 1397 3150 prostituit,
1447 3078 1792 3149 imprudens
1842 3077 1956 3131 alia
2007 3092 2136 3148 per-

479 3168 712 3222 fruendi
743 3167 1040 3238 voluptate
1071 3167 1461 3238 virginitatem
1500 3166 1676 3220 stulte
1699 3165 2132 3220 divendat.Vir-

2265 2004 2450 2075 αύτοῠ,
2512 2006 2698 2084 φησὶν,
2754 2005 2837 2061 ἐπ’
2889 2007 3073 2084 ὀσφύϊ,
3125 2010 3161 2076 ἡ
3222 2005 3279 2062 δὲ
3328 2007 3556 2082 δύναμις
3605 2009 3777 2064 αὐτοῦ
3836 2011 3916 2065 ἐπ’

2267 2095 2521 2173 ὀμφαλοῦ
2547 2097 2801 2172 γαστρός.
2835 2099 3204 2170 Πιαινομένης
3239 2099 3343 2173 γὰρ
3399 2098 3603 2168 ταύτης
3657 2101 3765 2153 ὑπὸ
3817 2107 3917 2169 τῆς

2263 2184 2515 2260 γεύσεως,
2549 2185 2755 2260 ἀνάγκη
2787 2186 2853 2240 τὰ
2885 2187 2973 2240 ὑπ’
3006 2185 3171 2256 αὐτὴν
3207 2186 3373 2261 μόρια
3407 2188 3510 2241 ὑπὸ
3558 2192 3657 2242 τοῦ
3716 2188 3916 2261 πλημ-

2267 2278 2564 2347 μυροῦντος
2599 2275 2760 2349 ὑγροῦ
2795 2275 3166 2350 βρασσομένου
3199 2275 3249 2330 ἂν
3288 2275 3456 2350 βάθει,
3489 2278 3628 2351 πρὸς
3673 2278 3771 2339 τὰς
3825 2301 3916 2354 φυ-

2261 2362 2412 2424 σικὰς
2441 2362 2710 2438 ἐνεργείας
2738 2369 3027 2427 κινεῖσθαι.
3067 2370 3303 2440 Χορηγεῖ
3341 2365 3434 2437 μὶν
3470 2366 3571 2440 γὰρ
3630 2369 3666 2436 ἡ
3701 2369 3911 2440 γαστὴρ

2259 2449 2572 2524 ἐπικειμένη
2604 2452 2818 2514 τούτοις
2850 2453 2987 2526 πρὸς
3016 2453 3108 2507 τὸν
3165 2455 3374 2528 οἶστρον
3429 2456 3495 2508 τὰ
3550 2456 3911 2512 ὑπεκκαίοντα

2253 2539 2449 2602 ταύτας
2478 2544 2611 2614 (87)’
2646 2542 2944 2604 κατάποσις
2975 2545 3085 2614 (88)
3145 2540 3203 2597 δὲ
3255 2544 3456 2606 ἄνωθεν
3513 2546 3757 2619 πηγάζει
3816 2549 3909 2608 τὰς

2255 2629 2408 2691 ὕλας.
2444 2631 2677 2706 Πρώτης
2707 2629 2798 2684 οὖν
2828 2637 2929 2699 τῆς
2959 2630 3192 2705 γεύσεως
3222 2635 3256 2700 ἡ
3304 2631 3571 2707 παρθένος
3621 2638 3906 2710 κρατήσει,

2250 2719 2347 2781 τὰς
2399 2721 2580 2794 πηγὰς
2619 2724 2728 2774 τῶν
2781 2721 3012 2794 γαστρὸς
3069 2718 3308 2792 ἡδονῶν,
3348 2721 3437 2776 καὶ
3493 2727 3602 2776 τῶν
3665 2723 3903 2788 ἐντεῦθεν

2250 2809 2386 2883 πρὸς
2414 2806 2704 2863 ἀκολασίαν
2741 2807 2976 2883 ῥεουσῶν
3026 2809 3288 2886 ἀφορμῶν
3346 2811 3548 2874 ἄνωθεν
3604 2813 3908 2890 σωφρόνως

2249 2900 2594 2972 ὖλνιοχοῦσαο
2650 2895 2743 2951 ’ίνα
2813 2898 2888 2970 μή
2968 2899 3312 2972 παρθενεύειν
3385 2899 3766 2974 προελομένη,
3832 2903 3905 2956 εἶ-

2246 3006 2312 3041 τα
2367 2986 2505 3060 πρὸς
2556 2986 2656 3054 τήν
2737 2990 2918 3060 γεῦσιν
2983 2984 3220 3064 ἀφειδῶς
3276 2986 3704 3062 ἐκπορνεύουσα,
3763 2988 3903 3064 λάθῃ

2245 3076 2364 3139 καθ’
2437 3075 2620 3147 ἑτέραν
2691 3072 3045 3138 ἀπολαύσεως
3135 3074 3342 3146 ἡδονὴν
3425 3079 3526 3147 τὴν
3603 3080 3898 3150 παρθενίαν

2246 3161 2466 3238 ἀλόγως
2519 3162 2937 3236 ἀπεμπολοῦσα.
2988 3165 3256 3239 Παρθένον
3315 3166 3416 3241 γὰρ
3475 3165 3565 3220 καὶ
3609 3169 3710 3234 τὴν
3772 3172 3899 3242 γεῦ-

475 3256 672 3326 ginem
709 3255 864 3308 enim
917 3261 974 3308 et
1005 3260 1248 3325 gustum
1299 3271 1426 3309 esse
1470 3258 1696 3324 oportet
1740 3253 2020 3325 virginis;
2052 3254 2132 3311 ita

2254 3275 2326 3308 σιν
2365 3230 2514 3308 ἐἶναι
2573 3230 2655 3308 δέί
2706 3260 2806 3323 τῆς
2883 3230 3190 3329 παρθένου,
3263 3230 3397 3308 δήθ’
3445 3230 3721 3328 μηδεμιάς
3786 3230 3895 3312 ’τοῦ

474 3347 541 3396 ut
573 3343 734 3397 nulla
765 3358 959 3396 rerum
978 3342 1174 3412 gulam
1201 3341 1618 3398 oblectantium
1644 3341 1917 3397 illecebra
1941 3343 2010 3398 ad
2033 3359 2127 3398 vo-

475 3431 758 3503 luptatem
789 3436 1220 3501 corrumpatur,
1251 3432 1349 3485 sed
1385 3431 1780 3502 incorruptam
1834 3447 1895 3486 se
1927 3431 1986 3485 in
2018 3431 2127 3488 hoc

475 3535 711 3592 quoque
743 3527 909 3575 caute
941 3519 1474 3589 custodiat,corpus
1503 3523 1793 3586 autem,ut
1813 3521 2020 3575 animus
2053 3523 2126 3577 ad

473 3609 670 3664 ofﬁcia
701 3608 1077 3680 adimplenda
1110 3608 1426 3678 ministret,
1461 3609 1780 3679 prudenter
1810 3614 1990 3681 regat.

532 3699 586 3751 8.
620 3702 745 3752 Non
776 3697 931 3752 enim
959 3701 1207 3768 oportet,
1245 3703 1309 3750 ut
1345 3697 1482 3751 dum
1515 3701 1696 3763 cavet,
1731 3713 1801 3752 ne
1849 3715 2127 3754 succum-

470 3787 570 3842 bat
599 3791 812 3858 gustus
842 3787 1150 3858 voluptati,
1183 3792 1239 3841 et
1277 3786 1663 3842 scaturientes
1693 3803 1760 3842 ex
1800 3793 1999 3844 ventre
2029 3804 2127 3844 vo-

471 3875 729 3947 luptates
759 3876 1110 3947 constringit
1142 3880 1198 3930 et
1248 3881 1536 3947 attenuat,
1570 3893 1778 3933 rursus
1807 3876 1866 3931 in
1898 3881 2127 3932 contra-

467 3965 618 4020 riam
653 3971 879 4038 partem
905 3967 1170 4037 corporis
1201 3982 1374 4020 usum
1411 3970 1730 4021 convertat.
1752 3966 1828 4020 Ne
1856 3969 2004 4021 enim
2035 3967 2126 4022 de-

468 4052 674 4124 clines,
727 4054 941 4126 inquit,
975 4055 1046 4108 ad
1094 4053 1382 4110 dexteram
1437 4063 1538 4109 aut
1595 4055 1671 4108 ad
1717 4057 2005 4110 sinistram
2060 4056 2125 4111 ⁸⁸.

473 4143 980 4207 Quemadmodum
1007 4143 1161 4197 enim
1189 4143 1434 4198 liberum
1463 4145 1532 4196 ad
1557 4158 1761 4198 omnes
1793 4159 2035 4214 prorsus
2052 4145 2127 4199 ci-

463 4231 572 4286 hos
611 4231 880 4286 emittere
921 4236 1182 4302 gustum,
1215 4247 1346 4285 vere
1370 4231 1441 4285 ob
1465 4247 1530 4286 ea
1553 4247 1678 4302 quae
1717 4233 1973 4288 diximus
2003 4250 2130 4305 per-

473 4319 768 4374 niciosum
802 4325 930 4386 est;
963 4320 1048 4373 sic
1076 4335 1209 4372 eum
1242 4319 1567 4386 obstruere,
1596 4319 1676 4374 ita
1706 4324 1770 4374 ut
1813 4337 2024 4394 corpus
2054 4326 2126 4380 ob

469 4405 832 4460 debilitatem
868 4406 1076 4460 inutile
1109 4407 1229 4472 ﬁat,
1263 4407 1503 4461 omnino
1535 4423 1568 4460 a
1600 4408 1824 4463 ratione
1866 4410 2124 4467 alienum

466 4496 575 4547 est.
614 4493 885 4548 Extremo
917 4493 1074 4548 enim
1111 4509 1260 4559 vere,
1296 4499 1360 4548 ut
1391 4496 1474 4548 ait
1499 4496 1734 4566 sapiens
1765 4497 2030 4568 quidam,
2065 4501 2123 4555 in

2235 3339 2466 3412 ἥδοντος
2496 3349 2595 3410 τὴν
2628 3343 2922 3397 κατάποσιν
2955 3341 3247 3404 κολακείας
3278 3343 3413 3416 πρὸς
3470 3341 3676 3412 ἡδονήν
3743 3349 3897 3421 φθειο

2237 3430 2498 3504 ρομένην,
2528 3429 2656 3486 ἀλλ’
2685 3432 2922 3507 ἄφθορον
2959 3431 3055 3503 μὶν
3086 3431 3182 3486 κάν
3226 3431 3406 3504 τούτῳ
3453 3433 3650 3501 έαυτὴι
3699 3435 3892 3510 φρονί-

2241 3540 2356 3592 μως
2406 3517 2799 3596 φυλάττουσαν,
2849 3520 2985 3595 πρὸς
3045 3517 3104 3575 δὲ
3157 3521 3255 3589 τήν
3304 3527 3403 3590 τῆς
3453 3523 3641 3596 ψυχῆς
3686 3522 3769 3585 εἷς
3823 3522 3889 3577 τὰ

2236 3603 2608 3664 ἐπιϐάλλοντα
2629 3607 2941 3682 ὑπηρεσίαν.
2958 3609 3022 3663 τὸ
3044 3613 3203 3682 σῶμα
3227 3607 3514 3684 ἐμφρόνως
3529 3612 3888 3686 ἡνιοχοῦσαν.

2307 3699 2360 3752 8.
2394 3693 2530 3751 Ούδὶ
2582 3697 2684 3772 γὰρ
2739 3695 2822 3751 δεῖ
2869 3695 3284 3771 φυλαττομένην
3318 3700 3607 3753 ὑποπεσεῖν
3664 3705 3734 3774 τῇ
3792 3708 3891 3769 τῆς

2234 3785 2465 3862 γεύσεως
2497 3782 2694 3859 ἡδονῇ,
2726 3785 2814 3840 καὶ
2843 3785 2940 3848 τὰς
2972 3785 3318 3862 πηγαζούσας
3352 3787 3412 3842 ἐκ
3465 3791 3698 3863 γαστρὸς
3753 3788 3889 3858 ἡδο-

2234 3874 2328 3936 νὰς
2363 3871 2452 3929 διὰ
2478 3880 2578 3943 τῆς
2606 3875 2743 3948 πρὸς
2778 3875 2848 3929 τὰ
2902 3879 3025 3929 σῖτα
3080 3873 3391 3951 ἐγκρατείας
3446 3875 3890 3932 ἀναστέλλουσάν

2234 3984 2293 4018 τε
2320 3963 2409 4017 καὶ
2464 3963 2864 4037 ἰσχναίνουσαν,
2897 3963 2971 4025 εἷς
3024 3965 3086 4018 τὸ
3136 3963 3371 4018 ἐναντίον
3429 3963 3582 4028 αὖθις
3641 3970 3894 4042 περιτρέ-

2234 4072 2353 4107 πειν
2383 4054 2494 4125 (89)
2523 4052 2622 4120 τὴν
2653 4056 2751 4107 τοῦ
2779 4051 3032 4124 σώματος
3089 4053 3300 4127 χρείαν.
3332 4055 3425 4121 Μὴ
3483 4053 3744 4129 ἐκκλίνῃς
3775 4059 3891 4130 (90)

2235 4143 2361 4216 γὰρ,
2421 4141 2608 4216 φησὶν,
2672 4140 2749 4202 είς
2805 4141 2872 4196 τὰ
2927 4139 3072 4211 δεξιὰ
3127 4141 3163 4210 ἢ
3219 4142 3294 4204 είς
3348 4143 3418 4199 τὰ
3467 4142 3747 4219 ἀριστερά.
3801 4148 3890 4209 Ὡς

2235 4230 2336 4305 γὰρ
2392 4230 2456 4284 τὸ
2505 4227 2688 4285 ἄνετον
2718 4232 2854 4284 κατὰ
2883 4229 3096 4286 πάντων
3125 4229 3315 4295 ἁπλῶς
3369 4229 3681 4304 ἐδεσμάτων
3740 4236 3888 4312 ἀφιέ-

2234 4340 2320 4373 ναι
2353 4321 2466 4392 (91)
2516 4320 2614 4388 τήν
2646 4323 2824 4395 γεῦσιν
2855 4317 2944 4373 διὰ
2984 4320 3053 4374 τὰ
3097 4322 3469 4395 προειρημένα
3527 4321 3601 4382 ὡς
3658 4320 3888 4393 ἀληθῶς

2236 4406 2482 4484 χαλεπόν
2514 4425 2527 4438 ⁸
2579 4407 2722 4463 οὕτω
2768 4407 2831 4462 τό
2889 4407 3212 4463 ἀποκλεῖσαι
3270 4409 3472 4479 ταύτην
3535 4409 3615 4471 εἷς
3668 4413 3775 4481 τὴν
3838 4413 3886 4482 ἐξ

2237 4497 2503 4561 ἀσθενείας
2551 4501 2647 4552 τοῦ
2705 4497 2958 4570 σώματος
3005 4497 3304 4573 ἀχρηστίαν
3355 4498 3693 4553 παντάπασιν
3751 4499 3886 4556 ἀλο-

465 4580 576 4636 hoc
607 4597 843 4652 quoque
865 4581 1111 4653 aqualis
1143 4587 1302 4639 sunt.
1330 4585 1834 4647 Quemadmodum
1858 4585 2014 4642 enim
2045 4590 2118 4645 ob

2254 4587 2497 4646 ώτατον.
2540 4586 2607 4641 Αἱ
2661 4585 2954 4657 ἀκοότητες
3004 4587 3104 4663 γὰρ
3137 4583 3311 4650 ὅντως
3343 4589 3477 4660 (92),
3513 4588 3589 4651 ὡς
3642 4583 3748 4667 ἔφη
3805 4613 3886 4653 τις

541 4699 585 4734 ⁸⁸
614 4698 829 4755 Jerem.
861 4715 917 4767 v,
948 4699 1002 4756 8.
1080 4700 1120 4734 ⁵⁷
1153 4699 1283 4756 Job.
1316 4718 1405 4768 XL,
1441 4701 1526 4756 11.
1604 4701 1647 4736 ⁸⁸
1678 4703 1842 4760 Deut.
1881 4723 1937 4774 v,
1966 4707 2055 4764 32.

542 4814 656 4886 (83)
677 4808 1184 4889 ἰ’ποϐεϐλημὲνον,
1206 4816 1307 4889 Sic
1329 4833 1470 4889 mss.
1505 4819 1766 4889 quinque
1815 4837 1950 4876 cum
1999 4823 2120 4878 edi-

471 4882 1139 4967 tio‘ne'Venotati’aris”
1165 4882 1406 4967 ῥποϐεβη
1421 4882 1598 4967 usas.
1617 4882 1739 4948 Non
1773 4893 1958 4948 multo
1984 4899 2116 4967 post

473 4974 734 5038 uniusnegt
759 4959 976 5038 Regiis,
1008 4959 1297 5038 πανσόφως
1327 4959 1496 5038 ἀφείς.

546 5029 659 5154 (84)
692 5030 1012 5085 Κενωθέντι.
1063 5029 1214 5088 Satis
1286 5029 1589 5088 commode
1657 5033 1835 5090 editio
1903 5037 2115 5109 Paris.,

546 5111 630 5154 mn
662 5121 765 5154 ντι.
794 5120 976 5154 neque
1007 5103 1157 5154 hanc
1184 5105 1534 5154 scripturam
1570 5107 1729 5154 senui
1764 5106 2112 5154 dnhitnmm_

470 5103 765 5183 κινηθέντι,
793 5120 976 5174 neque
1007 5103 1157 5183 hanc
1184 5105 1534 5176 scripturam
1570 5107 1730 5175 sequi
1751 5103 2115 5183 dubitarem,

473 5177 520 5228 si
556 5188 680 5245 non,
716 5179 1108 5245 repugnarent
1157 5192 1294 5230 mss.
1330 5193 1534 5232 omnes
1565 5194 1696 5230 cum
1751 5177 1968 5234 Veneta
1997 5177 2117 5236 edi4

471 5246 647 5302 tione.
665 5244 945 5319 Praeterea
979 5253 1226 5319 utraque
1257 5249 1550 5319 scriptura
1581 5249 1782 5303 eodem
1804 5251 1973 5308 redit.
1990 5257 2116 5308 Non

471 5318 762 5391 assentior
791 5318 1138 5373 Combeﬁsio
1171 5318 1254 5373 ita
1286 5319 1551 5375 reddenti
1586 5337 1598 5374 ε
1627 5337 1797 5391 prave
1825 5321 1965 5378 olim
1993 5339 2116 5380 eva-

468 5393 668 5456 cuarit,
701 5389 984 5460 dejecerit.

542 5461 651 5535 (85)
685 5458 1055 5535 Ἐχρεμέτιζε.
1093 5459 1296 5515 Plures
1343 5461 1590 5535 codices,
1614 5458 2003 5535 Δἐχρεμέτιζον.

542 5529 654 5603 (86)
687 5529 1120 5589 ’ISBESXCodices
1151 5534 1438 5600 nonnulli,
1462 5529 1577 5586 ἰδοὺ
1609 5529 1922 5602 δῆἷδῐειίώ
1960 5555 2112 5594 unus

469 5603 790 5680 exlﬂsgiis,
821 5604 984 5680 ὀσφύς
1010 5603 1194 5680 αὐτοῦ..

544 5673 910 5748 (87)“Ταύταςξ
933 5676 1207 5736 Nonnulli
1241 5677 1492 5746 codices,
1515 5674 1739 5747 ταύτην.

2301 4820 2416 4894 (88)
2443 4820 2778 4896 Κατάποσις.
2812 4826 2976 4877 Unus
3016 4838 3084 4878 ex
3133 4823 3352 4896 Regiis,
3385 4823 3420 4891 ἡ
3473 4819 3531 4877 δὲ
3583 4825 3882 4887 κατάποσις

2225 4892 2327 4963 τῆς
2360 4892 2596 4963 γεύσεως
2613 4935 2624 4948 .

2297 4913 2810 5039 ἴϐἔῗᾛέἓίξρέπειν.
2847 4967 3012 5021 Unus
3059 4981 3128 5021 ex
3158 4965 3353 5039 Regiis
3411 4972 3548 5023 ante
3598 4968 3755 5024 hanc
3789 4987 3878 5025 vo-

2225 5033 2350 5092 cem
2379 5033 2578 5101 habet,
2609 5033 2807 5096 νόσοις.

2297 5107 2412 5180 (90)
2442 5103 2776 5180 Έκκλίνῃςκ
2811 5108 2913 5180 Sic
2963 5111 3084 5165 tres
3159 5109 3390 5166 codices
3457 5126 3604 5167 mss.
3667 5112 3882 5169 melius

2227 5175 2404 5251 quani
2439 5179 2498 5234 in
2530 5175 3047 5251 editiéﬁxﬂivatc.

2435 5250 2893 5328 festinantius
2924 5253 3124 5320 codex,
3153 5250 3386 5328 ἀφεῖναι.

2295 5321 2406 5395 (92)
2435 5321 2822 5384 Ὄντως.ΜαΙο
2851 5322 2910 5378 in
2942 5321 3494 5395 utraque'editione,
3519 5321 3722 5393 οὕτως,
3746 5343 3881 5383 con-

2223 5396 2314 5450 tra
2343 5399 2601 5466 veterum
2635 5395 2919 5451 librorum
2943 5395 3141 5450 ﬁdem.
3157 5395 3292 5451 Mox
3305 5396 3482 5452 editio
3505 5398 3722 5466 Paris.,
3744 5398 3881 5452 κατὰ

2221 5465 2380 5519 τοῦτό
2413 5464 2546 5542 εἰσιν
2555 5509 2567 5520 .
2583 5467 2707 5542 Sed
2721 5468 2884 5542 deest
2903 5467 3147 5523 verbum
3165 5467 3603 5542 substantivum
3631 5470 3689 5525 in
3708 5464 3882 5542 quin-

2221 5552 2350 5663 qua
2368 5540 2585 5597 nostris
2607 5538 2932 5606 codicibus,
2948 5555 3200 5612 quorum
3219 5541 3335 5597 duo
3356 5539 3674 5613 habebant,
3691 5538 3879 5597 ἀνισό-

2254 5628 2286 5663 η
2353 5629 2402 5663 ς.
2791 5630 2800 5639 ⁸

2254 5628 2378 5679 ητες
2388 5651 2402 5666 .
2791 5630 2800 5639 ·
