4134 6224
269 377 384 440 685

1493 377 1721 442 LIBER
1765 380 1866 440 DE
1913 373 2446 440 VIRGINITATE.

3557 382 3678 446 686

263 515 372 566 τῶν
429 515 635 590 σοφῶν,
693 513 783 567 καὶ
831 513 966 568 κατᾶ
994 517 1154 569 τοῦτο
1198 513 1467 584 ίσότητες.
1526 515 1615 576 Ὠς
1673 514 1776 588 γὰρ
1829 510 1915 567 διὰ

2031 513 2259 585 copiam
2291 514 2556 569 ciborum
2599 513 2975 570 recalcitrans
3007 531 3194 587 equus
3225 518 3442 580 noster,
3473 515 3681 572 vitiose

263 599 483 670 πλῆθος
511 606 725 678 τροφῶν
759 604 874 672 (93)
905 604 1242 675 ἆποσκιρτῶν
1309 607 1470 676 ἡμῶν
1498 605 1526 657 ὁ
1549 601 1741 670 ἵππος,
1768 604 1915 680 φέρει

263 693 450 750 κακῶς
505 689 613 760 ὅπη
674 689 929 764 βούλεται
958 691 1047 746 τὸν
1080 691 1323 768 ἡνίοχον·
1358 691 1500 747 οὕτω
1532 690 1600 747 δι’
1645 686 1917 768 ὑπερϐάλ-

264 774 466 832 λουσαν
500 775 705 833 ἔνδειαν
737 781 871 853 πρὸς
904 780 1003 848 τὴν
1036 781 1400 855 προκειμένην
1430 789 1531 852 τῆς
1567 782 1762 856 ἀρετῆς
1795 778 1918 834 ὁδὸν

262 863 574 938 ἐμποδίζει.
608 866 709 922 Καὶ
741 866 921 943 ὥσπερ
982 867 1043 923 οὐ
1089 867 1171 924 δεῖ
1221 876 1337 933 ταῖς
1396 869 1632 932 πολλαῖς
1687 874 1917 946 τροφαῖς

257 959 458 1011 τοῦτον
489 955 792 1028 πιαίνοντα,
840 962 959 1018 ταῖς
1004 962 1112 1012 τῶν
1167 959 1549 1034 σκιρτημάτων
1591 959 1758 1014 αὐτοῦ
1789 959 1916 1012 ἀτα-

262 1043 401 1115 ξίαις
435 1046 762 1099 κακοπαθεῖν
786 1045 879 1100 τὸν
907 1046 1160 1122 ἡνίοχον,
1219 1048 1308 1102 καὶ
1341 1051 1659 1123 άπανταχου
1691 1047 1916 1123 περιφε-

262 1144 449 1208 ρεσθαι
499 1135 634 1206 πρὸς
684 1135 783 1202 τὴν
834 1133 1050 1204 ζέουσάν
1090 1157 1149 1191 τε
1196 1137 1282 1191 καὶ
1345 1133 1692 1210 δύσκαμπτον
1753 1135 1917 1191 αὐτοῦ

263 1219 494 1294 δύναμιν
522 1220 804 1286 παντελῶς
835 1223 934 1279 οὐκ
963 1224 1276 1300 ἀντέχοντα·
1341 1225 1516 1288 οὕτως
1549 1224 1677 1281 οὐδὲ
1703 1226 1804 1294 τὴν
1834 1225 1916 1280 ἐπ’

262 1311 462 1385 ἀρετὴν
512 1307 636 1365 ὁδὸν
693 1311 785 1366 σὺν
837 1312 1019 1386 τούτῳ
1076 1312 1290 1369 ὁδεῦσαι
1348 1315 1704 1389 προθέμενον,
1754 1313 1916 1383 ὕπερ-

263 1393 554 1473 ϐαλλούσῃ
615 1397 784 1471 ὶνδείᾳ
841 1402 976 1473 πρὸς
1007 1402 1070 1456 τὸ
1101 1402 1325 1478 ἀχρεῖον
1360 1403 1549 1471 αὐτοῦ,
1601 1404 1768 1480 φημὶ,
1818 1403 1918 1470 τὴν

263 1483 496 1561 δύναμιν
525 1483 851 1546 καταϐαλεῖν
884 1492 1018 1562 (94)·
1048 1489 1137 1545 ’ίνα
1171 1493 1248 1564 μή
1303 1491 1708 1564 ἐξασθενήσαντι
1735 1491 1915 1564 τούτῳ

260 1573 738 1651 προσδεδεμένος,
789 1578 1056 1649 ἀνήνυτον
1111 1581 1243 1655 ὑπὲρ
1301 1580 1466 1635 αὐτοῦ
1523 1580 1766 1655 ὑπομένῃ
1821 1579 1913 1634 τὸν

260 1667 452 1719 πόνον
492 1668 620 1739 μήτ’
669 1665 873 1742 ὶγεῖραι
931 1663 1010 1722 ἔτι
1058 1669 1435 1724 καταπεσόντα
1466 1669 1600 1744 πρὸς
1656 1670 1746 1724 τὸν
1795 1666 1917 1744 δρό-

267 1776 367 1826 μον
399 1752 718 1829 δυνάμενος,
778 1759 906 1830 μήτ’
935 1758 1148 1829 ἀφεῖναι
1184 1759 1285 1813 ὑπὸ
1313 1765 1413 1828 τῆς
1453 1759 1589 1826 πρὸς
1621 1759 1780 1814 αὐτὸν
1814 1780 1912 1836 φυ-

265 1850 421 1913 σικῆς
474 1845 714 1919 σχέσεως
774 1845 1253 1923 συγχωρούμενος’
1301 1846 1427 1903 ἀλλ’
1453 1847 1534 1902 ἀεὶ
1597 1847 1690 1921 μὲν
1734 1847 1913 1920 τούτῳ

263 1929 352 1987 διὰ
378 1936 480 2002 τήν
509 1935 793 1990 κοινωνίαν
853 1937 1142 1994 συσαὲνειν.
1175 1937 1265 1991 καὶ
1295 1936 1419 2013 περὶ
1449 1938 1548 2006 τὴν
1599 1935 1912 2010 ἐπιμέλειαν

258 2025 357 2086 τῆς
416 2022 599 2097 ὑγείας
652 2024 816 2078 αὐτοῦ
872 2029 1152 2089 πονεῖσθαι
1210 2025 1664 2100 ἀναγκαζόμενος·
1724 2030 1804 2097 τῷ
1857 2023 1914 2080 δὲ

260 2113 337 2183 μή
372 2109 520 2187 ἔχειν
554 2113 807 2186 σθεναρὸν
864 2114 956 2168 τὸν
989 2115 1102 2188 (95)
1162 2116 1301 2190 πρὸς
1347 2116 1445 2183 τήν
1477 2116 1771 2191 γυμνασίαν
1802 2119 1909 2169 τῶν

257 2195 676 2256 ἐπιϐαλλόντων
703 2206 782 2273 τῷ
814 2199 1009 2276 δρόμῳ
1043 2203 1505 2277 ὑπηρετοόμενον,
1539 2201 1608 2257 δι’
1637 2204 1909 2278 άμελετη-

259 2290 374 2342 σίαν
411 2288 611 2344 λοιπὸν
639 2291 708 2345 τά
763 2289 952 2346 πολλὰ
981 2299 1078 2361 τῆς
1112 2293 1315 2354 οἰκείας
1357 2293 1911 2364 ἐπιστήμης-ἑαυτοῦ

254 2373 547 2433 ἑκῧάλλων
597 2385 731 2451 (96).
795 2380 1004 2436 Οὐκοῦν
1062 2381 1178 2435 ἐπεὶ
1233 2379 1313 2436 δεῖ
1366 2383 1429 2436 τὸ
1488 2383 1728 2460 συμφυὲς
1771 2387 1908 2457 ἡμῖν

258 2465 474 2542 ὄχημα,
511 2471 649 2541 μήτε
697 2469 937 2532 ἀνιὲντας
992 2468 1147 2539 ἄγαν,
1187 2472 1317 2544 μήτ’
1367 2471 1430 2524 αὗ
1463 2471 1624 2526 πάλιν
1658 2470 1910 2548 σφοδρῶς

256 2557 648 2628 ἐπιτείνοντας,
701 2558 838 2634 πρὸς
889 2559 980 2612 τὸν
1012 2565 1110 2629 τῆς
1170 2559 1364 2633 ἀρετῆς
1397 2557 1601 2636 δρόμον
1629 2563 1908 2636 προάγειν,

255 2642 343 2700 διὰ
370 2649 537 2700 τοῦτο
595 2648 861 2722 προσήκει
894 2647 984 2701 καὶ
1013 2649 1112 2716 τὴν
1161 2647 1504 2717 κατάστασιν,
1538 2650 1611 2711 ὡς
1643 2647 1781 2724 ἔχει,
1813 2655 1911 2705 τοῦ

255 2735 536 2807 σώματος,
585 2735 675 2790 καὶ
726 2735 822 2798 τὰς
883 2736 1182 2807 ποιότητας
1239 2742 1346 2792 τῶν
1400 2743 1617 2816 τροφῶν
1667 2741 1910 2813 θεωρεῖν,

254 2823 344 2905 καὶ
405 2823 703 2905 ἀκμάζοντι
767 2825 860 2897 μὶν
918 2829 1000 2905 τῶ
1055 2824 1270 2905 σώματι
1299 2827 1388 2880 καὶ
1443 2827 1648 2902 θέρμης
1680 2835 1910 2905 φυσικῆς

253 2899 614 2971 πλεονάζοντι
670 2903 907 2980 ἐκισχεῖν
957 2902 1060 2975 ἔτι,
1110 2911 1202 2960 καὶ
1256 2904 1345 2961 διὰ
1399 2899 1513 2962 τῶν
1544 2899 1779 2983 τροφῶν
1831 2908 1910 2979 ἐξ·

255 2996 418 3054 ωθεῖν
448 2991 512 3044 τὸ
541 2991 851 3065 θερμὸν,’ίνα
885 2994 961 3066 μή
993 2994 1028 3064 ἢ
1051 2993 1405 3069 πολυχόμοις
1431 2998 1656 3074 τροφαῖς
1686 2997 1785 3066 τήν
1820 2995 1909 3051 οὗ·

257 3101 350 3134 σαν
397 3082 514 3152 (97)
561 3079 620 3135 ἐκ
667 3080 879 3154 φύσεως
931 3081 1176 3155 πιμελήν
1201 3083 1266 3138 ὶκ
1295 3086 1615 3160 προσθήκης
1649 3085 1910 3156 αὐξήσαν-

254 3189 362 3240 τες,
423 3167 458 3237 ἢ
490 3173 559 3242 τῇ
588 3175 684 3225 τοῦ
716 3169 866 3225 οἷ’νου
897 3169 1116 3247 ἑγχυσει
1153 3174 1372 3241 ζέουσαν
1399 3178 1496 3228 τοῦ
1528 3175 1781 3247 σώματος
1807 3176 1906 3245 τήν

2027 603 2293 674 aurigam
2337 604 2446 658 fert
2493 620 2842 674 quocunque
2875 602 3024 671 vult;
3056 604 3138 659 ita
3169 605 3242 658 ob
3298 604 3540 660 nimiam
3591 605 3680 659 in-

2028 692 2220 746 ediam
2243 692 2311 746 ad
2337 692 2703 763 propositum
2731 693 2962 748 virtutis
2989 693 3098 749 iter
3125 693 3548 765 impedimento
3570 699 3678 748 est.

2026 781 2532 845 Quemadmodum
2557 781 2712 837 enim
2738 799 2851 837 non
2881 787 3129 854 oportet,
3154 789 3218 837 ut
3240 782 3511 851 pluribus
3533 782 3682 838 cibis

2026 868 2195 923 illum
2229 869 2527 940 saginans,
2562 870 2912 926 inordinatis
2941 871 3128 942 ipsius
3165 871 3416 926 saltibus
3444 876 3682 927 vexetur

2027 957 2252 1029 auriga,
2300 969 2357 1012 et
2404 974 2879 1029 quoquoversum
2931 960 3396 1027 circumferetur,
3439 961 3680 1017 fervidis

2026 1043 2187 1100 illius
2221 1051 2277 1100 et
2308 1046 2613 1102 indomitis
2643 1046 2864 1102 viribus
2897 1049 3135 1102 omnino
3167 1049 3379 1103 cedens
3413 1066 3425 1102 :
3461 1048 3543 1105 ita
3572 1066 3678 1106 nec

2026 1133 2259 1189 virtutis
2311 1132 2422 1188 iter
2471 1151 2603 1189 cum
2634 1151 2699 1190 eo
2758 1135 3040 1207 peragere
3073 1140 3361 1192 statutum
3415 1136 3675 1208 habenti,

2027 1221 2212 1277 nimia
2260 1223 2476 1288 inedia,
2509 1240 2577 1279 ex
2608 1241 2724 1294 qua
2771 1223 2998 1280 inutilis
3030 1225 3148 1293 ﬁat,
3178 1225 3327 1280 vires
3371 1226 3499 1295 ejus
3547 1228 3676 1284 dico

2025 1309 2425 1382 frangendas:
2470 1328 2541 1366 ne
2594 1310 2678 1364 illi
2736 1312 3036 1368 debilitate
3096 1313 3393 1383 alligatus,
3441 1314 3675 1370 irritum

2026 1399 2214 1470 ipsius
2245 1416 2423 1454 causa
2465 1401 2751 1455 sustineat
2799 1400 3091 1469 laborem;
3125 1419 3226 1456 nec
3269 1405 3389 1470 jam
3441 1403 3674 1475 lapsum

2025 1489 2244 1559 erigere
2277 1490 2346 1543 ad
2381 1505 2618 1544 cursum
2648 1489 2868 1560 valens,
2894 1506 2998 1544 nec
3028 1490 3385 1561 dimittendi,
3409 1493 3480 1547 ob
3515 1500 3678 1548 natu-

2025 1577 2205 1632 ralem
2239 1595 2373 1633 cum
2418 1595 2484 1632 eo
2525 1579 3026 1648 conjunctionem,
3058 1579 3392 1635 facultatem
3429 1580 3675 1648 habens,

2025 1668 2125 1722 sed
2161 1683 2393 1738 semper
2424 1667 2660 1738 quidem
2712 1684 2828 1722 una
2879 1684 3013 1722 cum
3045 1684 3110 1723 co
3141 1684 3394 1740 gemere,
3425 1685 3490 1724 ac
3520 1668 3678 1726 illius

2022 1755 2378 1810 valetudinis
2410 1773 2551 1811 cura
2572 1761 2808 1812 coactus
2839 1756 3132 1824 laborare;
3156 1763 3212 1812 et
3241 1773 3306 1813 eo
3330 1758 3483 1828 quod
3517 1759 3676 1814 inva-

2027 1845 2144 1900 lido
2188 1849 2386 1900 utatur
2433 1845 2504 1900 ad
2556 1845 3030 1901 exercitationem
3083 1845 3409 1902 ofﬁciorum
3467 1863 3678 1904 cursus

2026 1933 2318 2002 ministro,
2354 1933 2766 2004 pergdesidiam
2799 1935 3074 2005 deinceps
3121 1951 3397 2006 magnam
3429 1935 3676 2008 propriis

2025 2022 2243 2093 peritiae
2311 2027 2533 2092 partem
2594 2022 2890 2078 amittens.
2946 2023 3098 2079 625
3157 2023 3438 2087 Quoniam
3499 2025 3680 2096 igitur

2022 2116 2268 2182 oportet,
2293 2115 2359 2164 ut
2403 2115 2616 2166 natura
2664 2112 2976 2182 conjuncto
3030 2111 3333 2167 nobiscum
3385 2112 3675 2184 vehiculo,

2019 2215 2123 2253 nec
2157 2199 2411 2253 nimium
2444 2199 2769 2255 relaxantcs
2802 2200 3082 2268 habenas,
3109 2217 3213 2256 nec
3264 2219 3470 2257 rursus
3502 2202 3676 2257 vehe-

2021 2292 2249 2342 menter
2272 2288 2610 2354 retinentes,
2626 2289 2697 2343 ad
2724 2288 2957 2343 virtutis
2988 2306 3226 2344 cursum
3255 2290 3671 2361 procedamus;

2021 2383 2325 2448 propterea
2355 2377 2643 2444 convenit,
2667 2381 2725 2432 et
2756 2382 2977 2431 statum
3005 2377 3265 2448 corporis
3287 2384 3343 2433 et
3363 2378 3676 2450 qualitates

2019 2465 2284 2520 ciborum
2330 2466 2724 2530 considerare,
2758 2483 2824 2521 ac
2852 2466 3055 2538 vigens
3107 2467 3341 2538 quidem
3375 2485 3589 2539 corpus
3621 2474 3678 2523 et

2023 2553 2272 2608 naturali
2325 2553 2513 2610 calore
2561 2555 2754 2610 adhuc
2805 2556 3116 2610 abundans
3164 2555 3453 2624 cohibere,
3489 2561 3546 2612 et
3575 2573 3678 2629 per

2019 2643 2500 2715 cibos_depellere
2529 2643 2815 2712 calorem;
2851 2661 2920 2699 ne
2952 2644 3100 2700 cibis
3121 2644 3360 2716 plurimi
3391 2647 3549 2701 succi
3579 2663 3676 2700 na-

2020 2732 2270 2786 turalem
2304 2733 2722 2804 pinguedinem
2767 2734 3202 2790 accessionibus
3241 2741 3545 2806 augentes,
3577 2742 3677 2788 aut

2019 2820 2135 2874 vini
2189 2821 2486 2876 intusione
2524 2823 2808 2877 fervidum
2871 2823 3128 2894 corporis
3176 2824 3428 2891 vigorem
3482 2821 3672 2878 adhuc

2021 2909 2208 2980 magis
2257 2910 2656 2977 incendentes,
2693 2911 3018 2966 secundum
3057 2911 3388 2967 Graecorum
3437 2913 3673 2984 sapien-

2019 3004 2133 3051 tem
2171 3013 2296 3052 vere
2326 2997 2522 3066 ignem
2557 2998 2677 3069 igni
2709 2999 3146 3054 admoveamus.
3169 2999 3278 3054 Sed
3303 2999 3518 3070 vigenti
3552 2999 3674 3070 qui-

2020 3087 2154 3140 dem
2181 3090 2238 3142 et
2267 3087 2520 3142 naturali
2553 3086 2740 3142 calore
2770 3088 3123 3143 redundanti
3155 3105 3368 3160 purum
3400 3107 3468 3146 ex
3499 3090 3671 3146 fonti-

2018 3175 2178 3230 tibus
2226 3173 2460 3230 laticem
2517 3181 2912 3247 temperanter
2955 3177 3356 3248 infundamus,
3392 3178 3672 3234 fervidam

255 3257 442 3330 ἀκμὴν
483 3256 564 3313 ’ἔτι
599 3257 812 3332 μᾶλλον
842 3259 1147 3335 ἐξάψαντες,
1179 3263 1314 3317 κατὰ
1341 3263 1433 3318 τὸν
1483 3267 1591 3317 τῶν
1627 3261 1909 3334 Ἐλλήνων

2029 3269 2239 3319 naturae
2271 3265 2570 3320 flammam
2598 3264 2891 3321 contraria
2915 3281 3204 3337 aquarum
3227 3266 3279 3321 vi
3313 3267 3675 3340 restinguen-

257 3348 448 3425 σοφὸν,
475 3351 582 3421 πῦρ
626 3343 798 3410 ὄντως
828 3347 918 3404 ἐπὶ
956 3354 1061 3426 πῦρ
1093 3350 1458 3426 όχετεόωμεν⁶
1515 3351 1675 3408 Ἀλλ’
1734 3354 1908 3427 ἀκμά-

260 3442 408 3504 ζοντι
474 3437 566 3509 μὲν
601 3438 689 3491 καὶ
723 3437 928 3512 θίρμης
959 3446 1188 3516 φυσικῆς
1222 3440 1590 3517 περιττεύοντι
1621 3443 1683 3496 τὸ
1713 3441 1774 3497 ἐκ
1803 3464 1910 3513 πη-

255 3531 366 3601 γῶν
414 3527 648 3600 καθαρὸν
680 3526 893 3602 ῥεῖθρον
941 3529 1236 3607 σωφρόνως
1290 3529 1758 3605 ἐποχετεόσωμεν,
1810 3533 1910 3600 τὴν

258 3615 310 3669 ἰν
340 3619 413 3688 τῇ
447 3614 601 3692 φύσει
653 3617 872 3684 ζέουσαν
931 3613 1112 3694 φλόγα
1163 3622 1230 3692 τῇ
1261 3624 1356 3672 τοῦ
1389 3617 1582 3682 ὕδατος
1636 3622 1915 3675 ἀντιπαθεῖ

265 3699 494 3776 δυνάμει
526 3705 1032 3782 καταμαραίνοντες,
1092 3709 1181 3762 καὶ
1238 3709 1372 3784 πρὸς
1419 3709 1480 3763 τὸ
1511 3716 1716 3785 ἥμερον
1749 3714 1828 3782 τῷ
1859 3709 1910 3764 ἐν

258 3795 398 3866 ἡμῖν
455 3792 612 3867 λόγῳ
642 3797 754 3868 (98)
798 3801 1107 3871 κιρνῶντες’
1161 3793 1476 3871 παρηϐῶντι
1510 3796 1566 3852 δὲ
1596 3800 1684 3853 καὶ
1721 3799 1914 3874 μαραί-

260 3881 478 3954 νομένῳ
508 3883 607 3950 τὴν
641 3881 700 3938 ἐκ
727 3888 832 3937 τῶν
863 3890 1077 3961 τροφῶν
1106 3887 1196 3939 καὶ
1250 3891 1345 3941 τοῦ
1375 3886 1622 3960 πόματος
1660 3889 1913 3963 βοήθειαν

263 3971 566 4045 σύμμαχον
602 3970 963 4046 ἐπεισάξωμεν
1211 3975 1276 4029 οὗ
1305 3975 1404 4044 τήν
1438 3975 1717 4046 ποσότητα
1749 3975 1916 4049 μόνον

259 4063 365 4112 τῶν
422 4079 632 4137 τροφφν
693 4062 1012 4138 ἁπανταχοῦ
1068 4064 1203 4138 πρὸς
1230 4064 1328 4133 τήν
1363 4061 1588 4138 δύναμιν
1636 4064 1919 4144 φρονίμως

267 4148 611 4221 μετροῦντες,
667 4147 812 4204 ἀλλὰ
866 4150 956 4205 καὶ
985 4153 1086 4221 τὴν
1119 4153 1387 4224 ποιότητα
1442 4153 1680 4228 μάλιστα
1737 4159 1916 4232 σοφῶς

262 4233 651 4311 ἐπικρίνοντες.
705 4235 840 4292 Οὐδὲ
897 4239 1001 4314 γὰρ
1056 4244 1126 4314 τῇ
1176 4236 1366 4312 ἔξωθεν
1422 4241 1684 4318 φαντασίᾳ
1710 4243 1916 4298 τούτων

268 4325 435 4395 μόνον
469 4326 828 4399 προσέξομεν,
861 4326 1006 4383 ἀλλὰ
1033 4329 1124 4384 καὶ
1155 4331 1254 4400 τὴν
1290 4329 1340 4385 ὲν
1373 4336 1452 4403 τῷ
1488 4330 1636 4406 βάθει
1690 4330 1917 4406 δύναμιν

265 4411 474 4467 τούτων
563 4413 800 4488 μάλιστα
886 4422 1067 4495 σοφῶς
1152 4422 1230 4493 (1)
1304 4420 1775 4494 κατοπτεύσομενο
1838 4422 1919 4477 ότι

270 4501 332 4556 οὗ
390 4504 719 4576 σπερμάτων
782 4505 947 4578 μόνον
1008 4528 1108 4576 τε,
1167 4507 1257 4562 καὶ
1317 4509 1576 4586 ὀσπρίων,
1630 4509 1776 4566 ἀλλά
1829 4513 1920 4567 καὶ

2019 3359 2130 3420 tes,
2165 3359 2384 3409 etcum
2432 3371 2498 3410 eo
2549 3354 2704 3425 quod
2753 3353 2946 3410 lenius
2995 3360 3104 3425 est,
3139 3355 3316 3411 insita
3364 3357 3532 3412 nobis
3582 3375 3672 3412 ra-

2020 3443 2179 3498 tione
2226 3443 2579 3498 miscentes:
2614 3443 2943 3498 senescenti
2977 3448 3171 3499 autem
3206 3449 3262 3498 et
3295 3446 3676 3501 marcescenti

2021 3533 2434 3604 adjumentum
2480 3550 2548 3588 ex
2597 3533 2741 3589 cibis
2790 3541 2847 3589 et
2894 3538 3033 3606 potu
3085 3533 3518 3591 adhibeamus:
3553 3554 3670 3591 non

2023 3621 2412 3693 quantitatem
2438 3622 2629 3678 solum
2649 3623 2912 3678 ciborum
2940 3623 3157 3695 ubique
3173 3623 3395 3678 viribus
3425 3626 3672 3695 pruden-

2023 3716 2110 3765 ter
2148 3711 2476 3774 metientes,
2509 3712 2608 3767 sed
2663 3711 2916 3766 maxime
2943 3711 3286 3783 qualitatem
3337 3712 3524 3782 ipsam
3574 3729 3668 3768 sa-

2024 3800 2252 3870 pienter
2281 3799 2701 3855 discernentes.
2725 3801 2924 3870 Neque
2961 3799 3115 3856 enim
3146 3802 3413 3856 exteriori
3443 3808 3665 3856 tantum

2024 3887 2261 3942 illorum
2320 3886 2531 3958 speciei
2591 3888 3127 3952 attendemus,sed
3187 3889 3362 3943 etiam
3424 3889 3678 3943 maxime

2026 3992 2201 4046 quam
2233 3975 2346 4031 vim
2394 3975 2557 4030 intus
2588 3975 2862 4045 habeant,
2896 3977 3214 4046 prudenter
3252 3977 3678 4046 spectabimus;

2026 4066 2164 4137 quia
2197 4081 2311 4119 non
2367 4065 2559 4120 solum
2611 4064 2904 4119 seminum
2955 4070 3011 4120 et
3059 4063 3450 4135 leguminum,
3483 4066 3583 4119 sed
3619 4072 3676 4121 et

2028 4155 2252 4209 olerum
2287 4153 2573 4210 nonnulla
2607 4158 2768 4222 sunt,
2803 4170 2931 4224 quae
2970 4153 3028 4209 in
3063 4154 3224 4210 cibos
3257 4154 3535 4222 adhibita,
3570 4157 3679 4209 etsi

2027 4243 2276 4299 exterior
2306 4243 2529 4315 species
2574 4241 2736 4298 utilis
2785 4242 3035 4310 videtur,
3069 4260 3183 4298 non
3232 4249 3422 4298 tamen
3475 4250 3680 4298 assutae

2029 4333 2098 4388 ad
2127 4332 2414 4403 placidam
2439 4331 2925 4404 gubernationem
2950 4338 3217 4404 prosunt,
3243 4333 3340 4387 sed
3366 4339 3422 4386 ct
3445 4333 3684 4388 intimas

2029 4438 2235 4478 carnes
2267 4420 2596 4478 vellicantia
2641 4438 2707 4476 ac
2758 4422 3020 4492 pruritus
3050 4427 3106 4477 et
3148 4423 3512 4477 titillationes
3560 4425 3685 4477 el‘ti-

2031 4510 2267 4579 cientis,
2294 4527 2406 4564 non
2443 4508 2639 4564 minus
2671 4526 2846 4580 quam
2871 4526 2996 4581 quae
3030 4527 3139 4566 sua
3169 4513 3375 4574 sponte
3409 4509 3688 4580 fugienda

267 4596 378 4645 τῶν
442 4591 702 4667 λαχάνων
779 4594 920 4650 ἐστὶν
999 4595 1100 4652 οὐκ
1173 4597 1355 4672 ὀλίγα,
1427 4597 1460 4652 ἃ
1513 4599 1572 4654 οὐ
1630 4602 1766 4655 κατὰ
1821 4603 1915 4670 τὴν

2033 4608 2198 4670 sunt,
2230 4563 2480 4656 latenter
2509 4563 2753 4671 corpora
2792 4563 3063 4656 inliciunt
3090 4609 3146 4656 et
3177 4563 3542 4672 perturbarizt.

274 4677 470 4749 ἔξωθεν
501 4677 654 4751 δόξαν
685 4683 823 4755 πρὸς
851 4685 949 4753 τὴν
983 4683 1190 4761 ἥμερον
1224 4683 1516 4762 ἡνιόχησιν
1551 4689 1626 4751 εἷς
1652 4692 1853 4767 τροφάς
1894 4697 1973 4765 τῷ
2004 4691 2219 4762 ἀσκητῇ
2268 4688 2507 4758 καθάπαξ
2559 4682 2957 4759 συμϐάλλεταί,
3021 4685 3169 4742 ἀλλά
3216 4689 3276 4742 τὸ
3320 4692 3426 4742 τῶν
3475 4693 3688 4763 σαρκῶν

278 4768 448 4841 βάθος
477 4768 785 4842 ἇμῦσσοντά
813 4795 871 4828 τε
900 4774 989 4829 καὶ
1020 4773 1348 4850 κνισμώδεις
1375 4775 1788 4854 γαργαλισμοὺς
1820 4779 2177 4854 ἐμποιοῦντα,
2215 4777 2314 4832 οὐκ
2343 4774 2567 4830 ἔλαττον
2599 4780 2706 4830 τῶν
2738 4775 2957 4831 αὐτόθεν
2992 4781 3252 4855 φευκτῶν,
3307 4779 3442 4832 κατά
3488 4779 3550 4831 τὸ
3599 4776 3689 4832 λε-

280 4855 458 4928 ληθὸς
492 4857 746 4923 ἐπιθολοῖ
773 4863 862 4918 καὶ
891 4865 1142 4940 ταράσσει
1173 4867 1238 4920 τὰ
1269 4866 1512 4939 σώματα.

344 4950 400 5003 9.
459 4948 657 5026 Διόπερ
713 4949 840 5008 οὖδὶ
893 4959 1011 5016 τοῖς
1069 4954 1225 5012 ἁλσὶν
1257 4953 1447 5017 ἁπλῶς
1482 4955 1572 5011 καὶ
1617 4954 1926 5036 ἀδιαφόρως

273 5037 626 5111 χρησόμεθα,
677 5038 856 5115 ὥσπερ
902 5040 1078 5107 ἐνίους
1108 5049 1216 5100 τῶν
1267 5045 1488 5117 ἀσκήσει
1542 5047 1923 5122 προσεχόντων

281 5267 424 5322 ὅπου
450 5267 743 5327 ’Βοόλεταμ

351 5339 472 5414 (94)
531 5339 890 5423 καταθαλεῖν.
942 5349 1084 5423 Tres
1136 5366 1305 5423 mss.,
1353 5344 1740 5406 καταϐάλλειν.
1805 5356 1930 5408 Mox

281 5415 798 5494 un'us‘eig‘Regiis,
832 5417 1119 5494 ὑπομείνῃ.

519 5485 652 5538 Σθεν
661 5484 792 5562 ἆρόν.
837 5484 947 5547 τόνξ

283 5626 712 5711 Ibidgmnpnue
727 5649 802 5711 ex
837 5626 1493 5711 Regiis,_é1ti6al);dv'rwv
1515 5626 1757 5711 δρόμων.

363 5699 476 5775 (95)
517 5699 864 5762 Ἐκοάλλων.
905 5699 1001 5766 Sic
1039 5699 1164 5766 duo
1221 5708 1448 5769 codices
1505 5699 1678 5784 mss.,
1727 5708 1937 5770 melius

351 5199 754 5291 (A93)0Tp‘096w.
794 5208 960 5261 Unus
1007 5223 1076 5262 ex
1115 5207 1332 5282 Regiis,
1386 5208 1598 5276 σιτίων,
1666 5214 1723 5265 et
1773 5226 1928 5280 mox,

997 5493 1259 5558 Quatuor
1301 5509 1444 5549 mss.
1496 5509 1628 5548 cum
1680 5493 1934 5550 editione

282 5555 510 5637 yenata
542 5555 794 5632 σθεναρὸν
825 5562 909 5637 τό.
937 5555 1102 5637 Alius
1132 5564 1614 5637 co_den,‘aoevapov
1653 5563 1710 5620 τὸ
1753 5568 1931 5637 σῶμα.

2107 4961 2160 5014 9.
2195 4959 2383 5022 Quare
2413 4972 2520 5011 nec
2551 4955 2775 5011 salibus
2821 4955 3168 5028 simpliciter
3197 4973 3264 5012 ac
3293 4956 3694 5014 indifferenter

2037 5052 2293 5116 utemur,
2335 5045 2835 5117 quemadmodum
2888 5045 3201 5102 nonnullos
3250 5048 3514 5103 asceticaa
3564 5045 3691 5102 vita

2041 5224 2227 5281 ῳωω
2245 5205 2419 5273 editi,
2447 5200 2716 5259 ἐκϐαλών.
2744 5206 2974 5262 Habent
3029 5207 3207 5263 iidem
3243 5207 3496 5274 codices,
3527 5199 3689 5257 αὐτοῦ

2040 5281 2228 5338 tmarii
2241 5297 2370 5338 μης.

2402 5344 2582 5422 οὖσαν.
2616 5349 2780 5405 Unus
2808 5366 2876 5405 ex
2905 5349 3126 5422 Regiis,
3151 5349 3250 5422 τὴν
3283 5345 3526 5422 ᾆνοῦσαν.

2117 5412 2223 5492 (98)
2451 5419 2622 5493 λόγῳ.
2660 5423 2819 5478 Idem
2853 5412 3032 5477 coder
3060 5412 3424 5493 τοῦ..ζλόγου,
3452 5431 3574 5472 cum
3605 5412 3686 5470 te-

2043 5497 2219 5550 nitate
2247 5495 2437 5549 insita?
2465 5493 2622 5565 nobis
2653 5495 2898 5550 rationis
2924 5493 3332 5565 permiscentes:

2117 5567 2227 5637 (99)
2259 5562 2676 5637 Ἐπεισάξωμεν·
2711 5554 2948 5621 Codices
2993 5562 3284 5637 nonnulli,
3317 5554 3683 5628 ἐπεισάξομεν.

2117 5639 2193 5708 (1)
2213 5636 2441 5717 Σοφῶς.
2473 5636 2750 5694 Nonnulli
2781 5637 3030 5706 codices,
3062 5636 3312 5699 συνετῶς.
