4134 6224
509 391 626 452 687

1465 384 1858 448 APPENDIX
1903 382 2228 444 OPEh’UM
2276 386 2341 444 S.
2387 383 2666 446 BASILII
2711 383 2986 447 MAGNI.

3806 387 3923 452 688

505 521 802 577 studiosos
835 519 1112 586 vidimus,
1146 519 1246 590 qui
1290 519 1360 572 ob
1405 535 1701 574 summam
1737 513 2145 573 abstinentiam

2273 512 2625 585 ὶθεασάμεθα,
2689 511 2761 568 δι’
2834 509 3150 590 ὑπερϐολήν
3209 514 3536 591 ἐγκρατείας,
3611 517 3754 572 ἅπαν
3830 521 3920 592 μὶν

504 609 702 665 omnia
718 608 957 679 quidem
981 609 1288 677 rejicerent
1308 607 1630 679 pulmenta,
1648 607 1789 661 solis
1807 611 2000 659 autem
2020 619 2153 657 cum

502 715 654 771 pane
684 697 908 754 salibus
948 714 1052 769 pro
1084 697 1240 752 omni
1286 703 1591 752 uterentur
1621 694 2014 750 condimento.
2048 691 2155 746 Ne-

504 804 617 860 que
649 787 710 842 hi
743 787 1022 842 nimirum
1070 785 1407 857 intelligunt
1437 785 1612 853 sales,
1648 801 1780 840 eum
1830 787 2045 837 natura
2075 782 2152 834 fe-

503 875 682 931 cundi
715 875 853 943 sint,
887 882 943 931 et
973 877 1233 946 pruritus
1265 874 1493 946 corpori
1535 873 1787 946 pariant,
1824 871 1955 943 plus
1987 874 2153 925 caete-

503 966 584 1021 ris
614 967 686 1020 ad
718 965 1019 1020 libidinem
1075 981 1319 1035 corpora
1359 965 1608 1018 irritare.
1645 962 1807 1027 Quod
1855 961 1903 1016 si
1954 961 2011 1013 in
2063 959 2154 1012 his

502 1053 806 1111 sumendis
838 1054 1009 1109 debet
1031 1053 1327 1126 sapienter
1354 1053 1423 1108 ad
1460 1052 1824 1125 propositum
1857 1065 2028 1106 usum
2059 1064 2156 1102 au-

498 1144 627 1216 riga
675 1143 916 1212 versari,
945 1142 1128 1198 multo
1182 1143 1370 1215 magis
1413 1143 1470 1196 in
1515 1143 1791 1196 arborum
1842 1137 2152 1200 fructibus,

497 1233 853 1304 qualitatum
887 1249 1020 1288 cum
1053 1232 1126 1288 iis
1158 1249 1284 1302 qua:
1331 1232 1633 1287 manifeste
1665 1229 1832 1284 noxia
1863 1236 2021 1293 sunt,
2055 1243 2156 1281 co-

495 1321 830 1392 gnationem
861 1322 1130 1377 convenit
1160 1322 1492 1376 discernere
1527 1337 1540 1374 :
1577 1321 1659 1374 ita
1704 1324 1769 1373 ut
1809 1318 2028 1387 ubique
2060 1332 2154 1371 so-

497 1409 621 1466 lum
653 1412 724 1466 ad
755 1411 935 1466 vitam
971 1411 1368 1465 necessarium
1404 1410 1598 1464 cibum
1642 1407 1957 1477 prudenter
1988 1404 2153 1458 adhi-

498 1501 766 1571 beamus,
791 1501 1167 1556 obsoniorum
1197 1505 1394 1554 autem
1418 1497 1771 1569 exquisitam
1807 1495 1877 1550 ad
1899 1493 2157 1565 volupta-

499 1590 577 1644 tis
606 1589 911 1644 illecebras
934 1589 1280 1644 suavitatem
1305 1587 1704 1660 repudiemus.
1731 1586 1884 1640 Nam
1913 1583 1960 1638 si
1986 1583 2154 1654 panis

502 1693 602 1732 cor
632 1677 888 1732 hominis
919 1676 1230 1731 conﬁrmat
1249 1678 1316 1741 ιθ,
1337 1693 1449 1730 non
1474 1681 1702 1747 oportet
1733 1672 2026 1745 cepiosius
2058 1687 2154 1726 ne-

503 1765 757 1821 cessario
788 1765 916 1820 cibo
946 1765 1256 1820 obsonium
1286 1765 1582 1820 adhibere.
1608 1769 1747 1819 Nam
1782 1777 1887 1817 nec
1915 1761 2150 1826 salium,

2266 603 2692 676 παρωσαμένους
2750 603 3104 677 προσὲψημα,
3167 603 3366 677 μόνους
3400 603 3456 660 δὲ
3510 606 3741 669 τούτους
3797 610 3923 680 μετὰ

2265 696 2362 745 τοῦ
2412 689 2576 766 ἄρτου
2631 691 2746 745 ἀντὶ
2806 694 3006 755 παντὸς
3055 693 3535 771 προσφερομένους
3587 693 3922 769 ἡδύσματος.

2265 781 2344 836 Οὐ
2378 786 2586 834 συνιᾶσι
2620 779 2676 834 δὲ
2710 779 2809 856 όίρα
2847 783 2933 836 καὶ
2999 782 3172 856 οὗτοι,
3232 782 3314 838 ὅτι
3344 784 3564 860 γόνιμοι
3596 787 3737 840 κατὰ
3767 786 3920 861 φύσιν

2269 869 2605 944 ὑπάρχοντες
2639 871 2726 924 καὶ
2761 869 3102 944 ὀδαξησμοὺς
3146 877 3226 944 τῷ
3285 875 3496 947 σώματι
3542 874 3916 948 ἐμποιοῦντες,

2271 957 2484 1029 μᾶλλον
2515 964 2619 1013 τῶν
2655 957 2839 1014 ἄλλων
2873 962 3010 1034 πρὸς
3042 961 3136 1026 τὰς
3169 962 3339 1035 μίξεις
3375 963 3441 1018 τὰ
3489 966 3706 1038 σώματι
3763 965 3919 1042 ἐριθί-

2269 1054 2467 1117 ζουσιν.
2503 1049 2570 1105 Ei’
2601 1047 2646 1103 δ’
2677 1048 2728 1104 ἂν
2761 1051 2976 1112 τούτοις
3002 1049 3085 1106 δεῖ
3142 1058 3322 1129 σοφῶς
3362 1055 3499 1127 πρὸς
3545 1056 3644 1122 τήν
3693 1071 3916 1132 προκει-

2269 1142 2434 1210 μένην
2500 1139 2686 1214 χρείαν
2727 1140 2816 1193 τὸν
2850 1139 3084 1216 ἡνίοχον
3153 1139 3493 1216 διαγίνεσθαι,
3525 1142 3729 1216 πολλῷ
3755 1144 3918 1199 πλέον

2262 1232 2368 1282 τῶν
2403 1225 2719 1303 ἀκροδρύων
2749 1230 2847 1296 τήν
2874 1229 3012 1305 πρὸς
3040 1233 3106 1284 τὰ
3136 1229 3605 1306 ὁμολογουμένως
3637 1232 3916 1308 βλάπτον-

2261 1338 2326 1371 τα
2384 1318 2686 1392 συγγένειαν
2772 1322 2880 1373 τῶν
2959 1322 3270 1390 ποιοτήτων
3329 1324 3594 1393 προσήκει
3655 1321 3918 1399 φυλοκρι-

2263 1410 2367 1459 νεῖν
2430 1409 2525 1477 (2),
2580 1406 2896 1481 ἁπανταχοῦ
2955 1409 3050 1480 μὶν
3109 1408 3172 1461 τὸ
3230 1409 3518 1483 ἀναγκαῖον
3573 1417 3672 1480 τῆς
3710 1421 3921 1490 τροφῆς

2264 1495 2398 1569 πρὸς
2434 1495 2577 1562 ζωὴν
2612 1495 2771 1566 μόνον
2806 1495 3087 1574 φρονίμως
3116 1495 3488 1571 ἐγκρίνοντας,
3521 1503 3629 1553 τῶν
3665 1497 3723 1555 δὲ
3754 1521 3919 1575 προσο

2266 1583 2558 1656 εψημάτων
2587 1585 2686 1652 τήν
2720 1584 3146 1658 ἐπινενοημένην
3193 1589 3268 1660 (3)
3327 1585 3616 1643 κολακείαν
3667 1591 3810 1665 πρὸς
3862 1591 3923 1644 τὰ

2263 1669 2468 1742 ἡδονῆς
2498 1671 2724 1728 δελέατα
2754 1673 3153 1735 ἀποπτύοντας.
3214 1675 3280 1731 Εἴ
3336 1676 3439 1750 γὰρ
3473 1673 3638 1751 ἄρτος
3689 1676 3916 1753 καρδίαν

2262 1762 2552 1835 ἀνθρώπου
2603 1763 2865 1836 στηρίξει,
2899 1759 3076 1816 οὑδεῖ
3127 1762 3292 1818 πλέον
3352 1769 3448 1819 τοῦ
3493 1766 3792 1839 ἀναγκαίου
3826 1775 3922 1836 τῆς

505 1855 605 1928 qui
656 1856 824 1927 panis
871 1855 1312 1910 condimentum
1361 1858 1519 1922 sunt,
1552 1858 1781 1909 tantum
1835 1851 2145 1920 sumimus,

2262 1857 2469 1952 tpo'ciﬁc
2507 1851 2967 1952 ‘to'frpoctinpa
3010 1851 3230 1952 ἀλόγως
3288 1853 3702 1932 προσφέρεσθαι.
3769 1857 3920 1911 Ἐπεὶ

505 1951 793 2018 quantum
828 1944 1015 2016 panis.
1049 1945 1212 2009 Quod
1245 1945 1295 1999 si
1329 1961 1496 2000 nemo
1539 1949 1767 1999 tantum
1799 1939 2155 1996 condimenti

504 2038 793 2105 quantum
826 2034 980 2089 626
1012 2033 1171 2087 illius
1222 2033 1326 2099 rei,
1359 2034 1530 2102 cujus
1576 2036 1664 2087 est
1712 2031 2152 2085 condimentum

504 2127 796 2189 essumet;
849 2124 1140 2194 quomodo
1198 2121 1579 2176 obsoniorum
1638 2137 1812 2174 usum
1863 2119 2154 2189 praecipuo

503 2213 632 2269 cibo
664 2211 1046 2284 copiosiorem
1079 2211 1416 2266 adhibebit?
1446 2211 1570 2264 Non
1611 2209 1766 2264 enim
1819 2208 1938 2262 haec
1987 2205 2156 2277 panis

503 2319 632 2358 vere
675 2302 1047 2357 condimenta
1077 2305 1272 2370 erunt,
1303 2300 1403 2355 sed
1456 2315 1660 2354 rursus
1710 2297 1921 2352 horum
1950 2295 2156 2350 condi-

507 2400 767 2445 mentum
820 2390 1009 2460 panis.
1043 2391 1120 2442 Ac
1170 2389 1602 2459 imprudentem
1650 2403 1856 2441 rursus
1904 2384 2014 2439 alia
2063 2401 2154 2439 ra-

505 2481 663 2534 tione
694 2484 905 2550 gustus
944 2478 1208 2548 aurigam
1264 2494 1364 2548 per
1411 2476 1787 2531 obsoniorum
1821 2474 2156 2528 varietatem

509 2569 582 2624 ad
640 2565 986 2638 voluptatem
1043 2565 1297 2637 pelliciet
1355 2582 1368 2621 :
1431 2583 1494 2619 ac
1553 2566 1690 2619 inde
1742 2562 2156 2634 comperietur,

511 2658 669 2728 quod
716 2673 817 2728 per
859 2656 988 2710 vitae
1046 2655 1308 2710 aseetican
1365 2654 1835 2710 exercitationem
1895 2650 2064 2723 fugit,
2100 2650 2154 2703 id

511 2763 720 2802 rursus
768 2745 1058 2817 persequi.
1093 2745 1596 2807 Quemadmodum
1642 2743 1820 2812 igitur
1871 2742 1928 2796 in
1977 2746 2155 2794 tetra-

511 2836 750 2905 chordo,
783 2840 848 2888 ut
870 2834 1044 2889 verbo
1075 2833 1291 2899 dicam,
1325 2834 1473 2886 bona
1503 2835 1592 2886 est
1635 2831 1972 2895 harmonia;
2008 2846 2156 2900 quo-

510 2925 668 2981 niam
701 2941 768 2980 ex
800 2929 1051 2996 quatuor
1096 2922 1424 2992 elementis,
1459 2927 1609 2977 terra
1658 2925 1714 2975 et
1759 2937 1910 2992 aqua
1940 2923 1996 2974 et
2027 2935 2158 2974 aere

507 3019 563 3070 et
595 3016 729 3086 igne
761 3017 1032 3069 constant
1064 3017 1263 3068 nostra
1308 3028 1566 3082 corpora,
1603 3009 1890 3081 indigenti
1917 3009 2154 3081 quidem

503 3120 611 3175 per
664 3103 824 3158 cibos
875 3117 1106 3172 semper
1155 3101 1556 3168 auxiliabitur,
1616 3097 2000 3153 redundantis
2047 3115 2154 3151 au-

503 3197 644 3256 tem,
676 3191 1031 3246 detrahendo
1064 3195 1120 3246 et
1151 3191 1221 3243 ad
1267 3189 1709 3243 exercitationes
1739 3186 2028 3249 ducendo,
2063 3192 2151 3257 ty-

2271 1936 2411 2012 μηδὶ
2440 1938 2567 2001 τοὺς
2598 1937 2756 2009 ἅλας,
2788 1937 3008 2014 ἥδυσμα
3037 1944 3136 1994 τοῦ
3164 1939 3330 2015 ἂ¹ρτου
3365 1943 3732 2018 ὑπάρχοντας,
3770 1943 3920 2006 ἴσους

2266 2028 2528 2098 ποσότητι
2563 2031 2638 2101 (4)
2675 2028 2807 2102 μετὰ
2833 2027 2930 2083 τοῦ
2955 2027 3121 2102 ἄρτου
3147 2029 3604 2104 παραληψόμεθα.
3641 2033 3704 2087 Εἰ
3729 2031 3790 2088 δὲ
3823 2035 3922 2088 οὑκ

2266 2114 2322 2170 ἄν
2356 2139 2438 2178 τις
2466 2116 2582 2171 ἷ¹σον
2614 2119 2676 2172 τὸ
2709 2119 2922 2192 ἄρτυμα
2966 2123 3045 2189 τῷ
3093 2120 3154 2172 οὗ
3214 2116 3700 2195 παραλαμϐάνεται
3758 2121 3922 2199 ἄρτυ-

2269 2228 2343 2279 μα
2370 2209 2810 2281 προσενέγκοιτο,
2843 2213 2958 2269 πῶς
2992 2207 3052 2261 ἅν
3082 2229 3165 2272 τις
3205 2208 3607 2273 πλεονάςουσαν
3658 2215 3760 2281 τὴν
3814 2219 3921 2268 τῶν

2265 2296 2705 2368 προσεψημάτων
2768 2296 2998 2371 χρείαν,
3069 2305 3169 2368 τῆς
3224 2301 3650 2374 προηγουμένης
3705 2310 3924 2377 τροφῆς

2266 2381 2614 2459 παραλάϐοις
2675 2385 2870 2442 Οὐκέτι
2900 2389 3000 2462 γὰρ
3061 2382 3206 2442 ἔσται
3235 2392 3402 2443 ταῦτα
3431 2393 3525 2443 τοῦ
3567 2387 3734 2465 ἄρτου
3785 2391 3923 2462 ἄλη-

2268 2477 2376 2534 θῶς
2437 2475 2857 2545 προσεψήματα,
2914 2471 3059 2528 ἀλλὰ
3107 2475 3134 2528 ὁ
3189 2473 3348 2549 ἄρτος
3389 2476 3657 2532 ἀνάπαλιν
3683 2481 3920 2537 τούτων.

2268 2561 2369 2616 Καὶ
2401 2562 2627 2630 λήσεται
2685 2559 2850 2614 πάλιν
2902 2561 3058 2634 ἄλλῳ
3089 2561 3244 2638 λόγῳ
3275 2566 3309 2632 ἡ
3343 2569 3524 2640 γεῦσις
3554 2587 3920 2646 κατασοφισαο

2270 2651 2428 2722 μένη,
2463 2647 2677 2723 διὰγτῆς
2710 2649 2991 2714 ποικιλίας
3044 2656 3150 2706 τῶν
3211 2648 3380 2725 ὄψων,
3415 2655 3553 2729 πρὸς
3583 2653 3798 2725 ἡδονῆν
3833 2659 3919 2712 τὸν

2266 2739 2521 2813 ἡνίοχον”
2582 2739 2695 2792 εἶτα
2751 2737 2988 2802 ἐντεῦθεν
3021 2741 3388 2816 εὑρεθήσεται,
3422 2743 3450 2797 ὃ
3483 2743 3670 2820 φεύγει
3704 2743 3798 2800 διὰ
3825 2754 3920 2815 τῆς

2267 2827 2563 2897 ἀσκήσεως,
2621 2825 2784 2881 πάλιν
2847 2825 3080 2882 διώκων.
3140 2829 3371 2901 Οὐκοῦν,
3404 2831 3584 2906 ὥσπερ
3625 2833 3679 2887 ἂν
3727 2855 3920 2909 τετραο

2266 2913 2456 2991 χόρδῳ
2509 2919 2604 2986 (5).
2659 2915 2937 2972 συνελόντι
2987 2918 3168 2993 φάναι,
3227 2919 3399 2993 ἀγαθῆ
3435 2921 3692 2996 ἁρμονία,
3729 2923 3917 2992 ἐπειδή

2265 3003 2324 3060 έκ
2351 3006 2643 3080 τεττάρων,
2673 3011 2774 3080 γῆς
2830 3005 2918 3060 καὶ
2978 3003 3197 3075 ὕδατος,
3259 3007 3418 3083 ἀέρος
3473 3029 3532 3063 τε
3579 3011 3672 3065 καὶ
3723 3015 3917 3090 πυρὸς,

2265 3093 2582 3165 συνέστηκεν
2644 3097 2803 3166 ἡμῶν
2859 3096 2926 3149 τὰ
2982 3096 3230 3170 σώματα,
3289 3102 3366 3170 τῷ
3421 3099 3515 3171 μὶν
3558 3097 3799 3156 ὲνδέοντι
3832 3100 3918 3156 διὰ

2264 3188 2370 3237 τῶν
2419 3189 2640 3261 τροφῶν
2672 3184 2749 3238 ἀεὶ
2817 3185 3102 3260 βοηθήσει,
3160 3187 3260 3240 τοῦ
3291 3184 3347 3242 δὶ
3393 3187 3806 3258 πλεονάζοντος
3851 3199 3916 3263 τῆ

501 3248 810 3334 rannidem
843 3278 1102 3333 emolliet
1134 3293 1147 3332 ε
1181 3294 1293 3332 non
1345 3279 1702 3349 quantitates
1753 3275 1943 3329 stolum
1977 3248 2145 3328 calidi

2270 3248 2562 3349 Bpaipécei',
2617 3274 2702 3326 καὶ
2738 3248 2875 3348 πρδς
2908 3248 3020 3334 ’τας
3047 3248 3343 3349 γυμνασίας
3373 3275 3583 3351 ἀγωγῇ,
3757 3248 3922 3335 δῦναί

503 3368 563 3422 id
592 3367 762 3422 nobis
793 3372 849 3422 et
877 3365 1094 3436 frigidi,
1128 3366 1227 3420 sed
1281 3365 1453 3420 etiam
1500 3365 1637 3419 sicci
1671 3368 1727 3419 et
1755 3363 1982 3418 humidi
2015 3381 2158 3434 qua-

507 3457 706 3510 litates
756 3455 1032 3526 probans.
1066 3457 1143 3507 Ac
1193 3453 1322 3507 aliis
1353 3453 1589 3524 quidem
1643 3454 1714 3506 ad
1765 3453 2156 3524 quantitatem

508 3544 750 3606 addens.
787 3542 917 3596 aliis
971 3557 1102 3596 vero
1155 3541 1490 3609 detrahens,
1522 3545 1578 3596 et
1629 3540 1773 3594 alias
1823 3540 2157 3608 intendens,

513 3631 656 3689 alias
689 3649 819 3686 vero
863 3633 1165 3685 remittens
1197 3629 1323 3683 vita:
1356 3631 1623 3684 instituto
1654 3628 1985 3700 qualitates,
2011 3630 2156 3687 alias

531 3725 855 3788 mmutans,
907 3719 1049 3774 alias
1108 3734 1262 3781 vero,
1311 3735 1437 3788 qua:
1495 3718 1822 3773 secundum
1881 3723 2153 3775 naturam

505 3813 664 3874 sunt,
700 3824 1072 3875 conservans,
1096 3807 1178 3862 sic
1211 3811 1282 3861 ab
1302 3806 1462 3862 omni
1493 3806 2147 3877 dissonantialiberum,

502 3905 752 3972 apteque
783 3897 1158 3965 instructum,
1185 3913 1402 3963 revera,
1424 3895 1753 3950 tetrachord
1767 3912 1864 3950 um
1889 3897 2150 3968 corporis

500 3987 684 4043 nostri
715 3987 786 4042 ad
833 3986 1066 4041 virtutis
1114 3989 1486 4055 concentum,
1517 3984 1726 4038 animas
1775 3985 2145 4055 prazparabit.

492 4078 684 4148 Atque
726 4076 847 4130 haec
892 4074 1131 4147 quidem
1182 4074 1253 4128 de
1301 4078 1511 4144 gustus
1560 4073 1782 4128 ratione
1825 4073 1980 4127 dicta
2028 4073 2148 4130 sint

491 4170 729 4237 propter
756 4180 878 4232 eos,
902 4163 1001 4233 qui
1035 4162 1092 4215 in
1125 4161 1501 4233 virginitatis,
1528 4161 1612 4216 vel
1645 4161 1840 4231 potius
1871 4159 1929 4214 in
1963 4163 2142 4217 tutius

489 4253 726 4308 virtutis
760 4250 1051 4306 curriculo
1083 4256 1446 4306 exercentur.

561 4429 646 4482 10.
672 4430 1085 4483 Demonstrant
1117 4430 1334 4493 autem,
1353 4425 1742 4495 quemadmod
1757 4441 1848 4479 um
1877 4427 2137 4497 corporis

486 4517 546 4571 in
570 4517 827 4572 animam
850 4515 1186 4570 dominatus
1210 4515 1280 4569 ad
1301 4513 1527 4568 virtutis
1549 4513 1996 4584 acquisitionem
2025 4516 2134 4571 im-

2270 3361 2447 3415 στείαν
2507 3359 2754 3434 μαλάξειο
2811 3361 2872 3415 οὐ
2927 3363 3023 3425 τὰς
3047 3363 3342 3435 ποιότητας
3376 3365 3539 3437 μόνον
3568 3371 3668 3421 τοῦ
3698 3368 3751 3422 ἐν
3787 3372 3921 3443 ἡμῖν

2269 3453 2472 3522 Θερμοῦ
2501 3471 2559 3504 τε
2615 3452 2703 3504 καὶ
2734 3454 2969 3526 ψυχροῦ,
3003 3450 3148 3506 ἀλλὰ
3175 3454 3264 3507 καὶ
3295 3453 3389 3516 τὰς
3423 3456 3724 3525 ποιότητας
3755 3462 3921 3532 ξηροῦ

2265 3559 2321 3591 τε
2350 3541 2438 3592 καὶ
2498 3539 2660 3614 ὑγροῦ
2719 3537 3051 3611 δοκιμάζων.
3110 3543 3204 3596 Καὶ
3237 3547 3356 3604 ταῖς
3390 3544 3484 3614 μὶν
3519 3544 3596 3605 εἷς
3631 3550 3916 3618 ποσότητα

2264 3629 2596 3700 προστιθεὶς,
2650 3633 2759 3681 τῶν
2817 3625 2874 3682 δὶ
2907 3629 3167 3706 ὑφαιρῶν,
3219 3632 3307 3685 καὶ
3340 3635 3447 3685 τῶν
3481 3633 3573 3705 μὲν
3609 3633 3912 3706 ἐπιτείνων,

2260 3721 2367 3770 τῶν
2398 3713 2454 3769 δὲ
2509 3716 2674 3778 ἀνιεὶς
2709 3714 2794 3770 διὰ
2821 3723 2920 3785 τῆς
2952 3718 3165 3792 ἀγωγῆς
3194 3720 3290 3782 τὰς
3321 3721 3640 3790 ποιότητας,
3697 3726 3791 3778 καὶ
3821 3727 3915 3788 τὰς

2265 3806 2361 3878 μὲν
2392 3804 2758 3876 έξαλλάσσων,
2789 3806 2884 3868 τὰς
2917 3803 2974 3862 δὲ
3003 3808 3138 3863 κατά
3167 3808 3321 3886 φύσιν
3353 3816 3556 3883 τηρῶν,
3609 3812 3756 3867 οὕτω
3809 3818 3910 3870 mi-

2260 3915 2360 3963 σης
2430 3895 2789 3967 ἀναρμοστίας
2862 3894 3312 3972 ἀπηλλαγμένον,
3389 3899 3750 3975 εὐάρμοστον,
3833 3905 3908 3966 ὡς

2257 3983 2496 4054 ἀληθῶς,
2555 3987 2614 4039 τὸ
2671 3984 3034 4062 τετράχορδον
3089 3992 3185 4042 τοῦ
3232 3990 3484 4062 σώματος
3513 3993 3699 4064 ἡμῶν,
3736 3995 3908 4071 φημὶ,

2255 4074 2389 4145 πρὸς
2416 4076 2512 4142 τήν
2545 4079 2640 4130 τοῦ
2679 4074 2851 4130 καλοῦ
2905 4074 3198 4150 μελῳδίαν,
3242 4083 3308 4151 τῇ
3371 4078 3527 4154 ψυχῇ
3574 4081 3911 4158 εὖτρεπίσει.

2253 4162 2432 4218 Ἀλλὰ
2455 4168 2619 4218 ταῦτα
2654 4164 2746 4237 μὶν
2781 4167 2915 4237 ἡμῖν
2951 4165 3026 4227 εἷς
3052 4167 3144 4221 τὸν
3172 4173 3271 4236 τῆς
3303 4167 3537 4244 γεύσεως
3564 4172 3778 4246 τρόπον
3810 4177 3909 4247 (6),

2253 4249 2339 4305 δια
2366 4251 2492 4314 τοὺς
2525 4252 2599 4313 εἷς
2627 4253 2716 4306 τὸν
2755 4253 2884 4328 ὑπὲρ
2943 4256 3234 4327 παρθενίας
3275 4253 3480 4330 δρόμον
3529 4262 3629 4331 (7),
3686 4261 3904 4333 μᾶλλον

2251 4337 2307 4395 δὲ
2341 4341 2468 4415 ὑπὲρ
2502 4339 2670 4409 αὐτῆς
2703 4340 2839 4412 ὅλης
2873 4343 3069 4418 ἀρετῆς
3101 4343 3485 4418 ἀσκουμένους,
3521 4346 3789 4421 εἰρήσθω.

2322 4433 2404 4485 10.
2439 4426 2805 4484 Ύποδείκνυσι
2867 4428 2936 4501 δ’,
2988 4432 3094 4502 ὃτι,
3129 4433 3203 4494 ὡς
3247 4435 3279 4502 ἡ
3319 4438 3417 4488 τοῦ
3462 4435 3721 4507 σώματος
3772 4442 3904 4495 κατὰ

2245 4522 2343 4582 τῆς
2394 4522 2581 4593 ψυχῆς
2607 4517 2885 4574 δυναστεία
2916 4519 3054 4596 πρός
3083 4521 3182 4590 τὴν
3214 4525 3309 4576 τοῦ
3341 4520 3516 4577 καλοῦ
3555 4533 3751 4595 κτῆσιν
3806 4528 3900 4602 ἐμ-

483 4606 822 4677 pedimento
854 4611 960 4674 est,
996 4605 1078 4657 sic
1119 4620 1325 4657 rursus
1357 4601 1740 4665 debilitatem,
1764 4619 1878 4658 non
1909 4603 2139 4662 valente

2262 4604 2438 4669 τόδιος
2467 4607 2692 4682 γίνεται’
2728 4607 2871 4663 οὕτω
2919 4607 3182 4664 ἀνάπαλιν
3225 4612 3253 4681 ἢ
3306 4612 3568 4682 ἀσθενεία,
3623 4615 3686 4670 οὑ
3737 4601 3898 4673 δυνα-

481 4695 743 4767 corporis
774 4694 1166 4748 instrumento
1199 4692 1404 4746 animm
1437 4691 1742 4747 desideriis
1776 4693 2134 4764 ministrare,

477 4783 712 4839 virtutis
734 4800 973 4838 cursum
1001 4781 1391 4854 supprimere.
1413 4781 1537 4836 Non
1561 4782 1716 4836 enim
1743 4782 1931 4854 magis
1955 4784 2135 4839 sarci-

479 4890 555 4928 na
578 4871 868 4940 carnium,
892 4871 1100 4926 animae
1134 4888 1354 4943 pennas
1377 4871 1447 4926 ad
1476 4871 1593 4926 ima
1615 4871 2132 4944 detrahens,quam

545 4972 589 5006 ‘9
617 4970 771 5026 Psal.
804 4986 923 5039 CIII,
955 4971 1040 5025 15.

543 5068 620 5140 (2)
652 5065 1032 5140 Φυλοκρινεῖν.
1065 5066 1154 5120 Sic
1215 5066 1424 5140 Regius
1482 5067 1659 5120 codex
1715 5067 1876 5122 2879.
1941 5067 2114 5140 Editi,

473 5138 1169 5215 φιλοκρινεῖνζὸυνίρίιηᾶ
1199 5139 1467 5215 quam_in
1514 5144 1850 5215 conteajtum
1893 5138 2121 5215 recepi—

471 5209 626 5281 mus,
647 5209 1114 5268 'conﬁrmaturin
1149 5210 1302 5265 notis
1333 5211 1401 5263 ad
1437 5209 1738 5279 epist.‘337,
1759 5228 1825 5266 ex
1852 5209 2119 5282 pluribus

473 5285 609 5341 aliis
641 5284 808 5339 locis.

540 5358 614 5429 (3)
649 5349 1125 5429 Ἐπινενοημένην.
1188 5355 1319 5429 Reg.
1384 5351 1510 5404 cod.
1570 5351 1730 5421 2879,
1781 5350 2118 5429 Αέπινοουμέ-

465 5420 755 5494 νην.’ΜοΧ
787 5420 952 5481 idem
975 5426 1155 5478 codex
1189 5421 1332 5476 satis
1391 5420 1720 5495 commode,
1778 5420 2116 5495 δελεάσματα

466 5497 859 5583 ἀποπτύοντας,
907 5514 1033 5583 quin
1081 5497 1371 5583 scriptura
1422 5494 1591 5583 longe
1633 5498 1860 5579 videtur
1914 5494 2113 5567 prmt‘e-

465 5574 647 5628 renda
684 5565 947 5638 vulgatae,
984 5565 1408 5640 ὑποπτεύοντοιςἱ
1454 5565 1804 5622 obsoniorum
1861 5565 2114 5640 exquisi-

464 5649 583 5698 tam
613 5637 942 5699 suavitatem
973 5648 1278 5710 suspectam
1312 5637 1595 5710 Iuibentes.

537 5715 615 5787 (4)
656 5713 950 5784 Ποσότητι.
985 5708 1077 5768 Ita
1102 5729 1244 5768 mss.
1291 5708 1573 5782 quinque,
1605 5708 1775 5782 Editi,
1809 5711 2108 5784 ποσότητα.

2249 4697 2408 4769 μένου
2442 4697 2822 4772 ὑπηρετεῖσθαι
2853 4703 2948 4753 τοῦ
2979 4703 3294 4772 σωματικοῦ
3340 4699 3575 4775 ὀργάνου
3628 4710 3752 4766 ταῖς
3800 4713 3897 4776 τῆς

2244 4788 2430 4859 ψυχῆς
2481 4786 2832 4860 προθυμίαις,
2884 4788 2976 4842 τὸν
3026 4789 3161 4863 πρὸς
3205 4788 3271 4843 τὰ
3319 4787 3463 4845 καλᾶ
3502 4787 3715 4866 δρόμον
3748 4793 3897 4850 btud-

2242 4894 2384 4930 πτει.
2424 4870 2594 4931 Οὐδὶν
2627 4875 2726 4951 γὰρ
2764 4873 2977 4948 μᾶλλον
3005 4879 3040 4944 ἡ
3077 4871 3336 4950 μολιὸδῖς
3380 4880 3456 4953 (8)
3493 4884 3602 4934 τῶν
3660 4889 3894 4960 σαρκῶν,

2270 5071 2372 5152 ,(5)
2416 5070 2504 5124 Ἐν
2531 5065 2906 5195 τετραχόρδῳ.
2938 5071 3033 5127 Sic
3065 5072 3222 5128 idem
3243 5074 3464 5195 Regius
3498 5079 3680 5134 codex
3721 5081 3894 5137 modo

2270 5149 2467 5195 itatus.
2503 5142 2670 5195 Editi.
2726 5163 2758 5194 κ
2786 5141 3182 5195 τετοαγόοδου-
3217 5149 3334 5195 Pan
3367 5165 3399 5195 ο
3436 5154 3568 5195 nnst
3598 5150 3757 5195 idem
3796 5170 3894 5195 m-

2233 5141 2479 5220 citatusx
2503 5141 2670 5220 Edi‘ti,
2698 5141 2758 5195 ἐκ
2786 5141 3182 5220 τετραχόρδου.
3217 5141 3399 5203 Paulo
3432 5154 3568 5220 post
3598 5150 3759 5208 idem
3796 5170 3896 5209 CO-

2232 5215 2358 5280 dcx,
2389 5211 2520 5286 πρὸς
2549 5211 2614 5265 τὰ
2642 5211 2930 5286 γυμνάσια.

2263 5287 2374 5367 ,(6)
2404 5283 2806 5367 Τρόπονζῌεε.
2835 5292 3107 5367 quatuor,
3132 5285 3356 5367 “1630);,
3406 5289 3470 5345 de
3516 5302 3709 5362 gustus
3756 5296 3890 5361 loco,

2229 5357 2346 5410 sive
2379 5357 2621 5428 materia
2644 5358 2980 5428 adggustum
3021 5359 3370 5428 pertinente.

2257 5499 2263 5505 .
2297 5430 2377 5496 (7)
2411 5425 2770 5514 Azanouc‘si-c;
2795 5428 2886 5482 τὸν
2907 5425 3468 5514 “ὑπξρ...“δρόμοχ.ι
3501 5433 3597 5514 εἰς
3651 5436 3892 5514 C_ol_ber~

2227 5499 2596 5621 giorgisofodex
2626 5507 2682 5556 et
2739 5501 2855 5558 duo
2906 5499 3092 5574 Regii.
3154 5499 3328 5572 Editi,
3390 5499 3479 5557 διὰ
3514 5502 3645 5569 τοὺς
3675 5505 3891 5582 ὑπὲρ...

2375 5591 2488 5632 ους.

2736 5643 2828 5727 εἰς
2865 5660 3008 5727 mss.
3066 5643 3356 5704 nonnulli.
3387 5646 3551 5705 Unus
3583 5666 3652 5706 ex
3683 5653 3891 5727 Regiis

2227 5709 2478 5786 μολιϐός.
2512 5715 2686 5784 Editi,
2722 5709 2970 5788 μολιόίς.
