4074 6222
187 347 191 351 ’
249 386 368 452 eeo

1486 386 1721 449 LIBER
1762 388 1865 449 DE
1906 387 2445 452 VIRGINITATE.

3552 384 3675 448 690

245 518 313 573 τὸ
353 522 454 586 τῆς
491 518 681 591 ψυχῆς
726 515 920 590 πτερὸν
980 515 1068 572 ιπὶ
1122 515 1191 571 τὰ
1234 514 1381 571 κάτω
1410 515 1766 586 καθέλκουσα,
1806 516 1898 585 ἢῆ

2019 520 2281 591 corporis
2311 519 2579 576 debilitas
2610 519 2667 575 in
2700 536 2767 576 eo
2811 518 3071 574 curando
3124 517 3233 573 has
3278 532 3497 589 pennas
3526 518 3669 573 deti-

244 610 347 661 τοῦ
377 605 637 679 σώματος
668 603 912 669 ἀσθένεια
940 605 1063 680 περὶ
1114 603 1244 660 αὐτὸ
1287 604 1606 682 ἀσχολοῦσά
1647 627 1707 661 τε
1747 609 1906 661 τοῦτο

246 696 343 750 καὶ
403 689 675 750 θλίϐουσα
733 695 835 749 οὐκ
890 692 951 765 ἰᾷ
978 695 1116 771 πρὸς
1144 694 1210 749 τὰ
1240 693 1479 770 οὐράνια,
1512 695 1587 757 ὡς
1617 694 1783 768 θὲλει,
1816 694 1904 749 ἆν-

253 784 535 847 ίπτασθαισ
569 783 632 838 οὐ
661 785 761 853 τῆς
791 788 899 838 τῶν
930 783 1112 839 καλῶν
1153 785 1396 855 κτήσεως
1452 783 1620 853 αὐτὴν
1675 782 1744 838 δι’
1776 781 1902 838 ἀδύ-

248 870 453 944 ναμίαν
492 873 663 945 μόνον
710 872 1082 946 ἀποστεροῦσα
1124 873 1224 941 τὴν
1271 872 1586 947 παρουσίαν,
1619 871 1763 929 ἀλλά
1814 872 1904 927 καὶ

251 966 364 1017 τῶν
394 962 704 1031 κτηθέντων
737 958 872 1031 ἤδη,
905 959 995 1016 διὰ
1024 962 1123 1031 τὴν
1154 960 1214 1016 ἐκ
1240 965 1341 1027 τῆς
1391 962 1661 1025 ἀσθενείας
1706 960 1905 1035 ἀμελε-

244 1052 472 1124 τησίαν,
504 1050 835 1106 ἀποσυλῶσα
886 1054 963 1125 (9)
1015 1051 1080 1106 τὸ
1136 1050 1365 1116 κάλλος.
1409 1053 1496 1114 Ὡς
1552 1052 1651 1127 γὰρ
1704 1058 1907 1128 παχεῖα

246 1142 463 1215 γαστήρ
515 1139 669 1216 (οὐχὶ
718 1144 789 1214 τῇ
832 1144 1134 1214 κατασκευῇ
1192 1140 1281 1196 καὶ
1338 1145 1407 1215 τῇ
1468 1140 1621 1219 φύσει
1678 1147 1903 1216 παχεῖα,

246 1228 385 1284 ἀλλ’
442 1228 520 1284 είς
574 1230 637 1296 ἣν
693 1228 950 1304 παχύτης
1028 1234 1244 1306 τροφῶν
1315 1226 1406 1284 διὰ
1477 1230 1904 1305 γαστριμαργίαν

252 1318 507 1395 ἀφθόνως
542 1316 647 1394 ῥεῖ,
678 1317 1013 1381 ἰπιθολοῦσα
1040 1317 1132 1374 τὸν
1161 1322 1285 1372 νοῦν
1316 1318 1405 1372 καὶ
1447 1318 1790 1394 παχύνουσα)
1811 1316 1905 1372 λε-

246 1407 384 1461 πτὸν
409 1406 473 1460 ού
502 1405 673 1461 τίκτει
703 1407 827 1461 νόα’
863 1406 1037 1469 οὕτως
1095 1409 1130 1476 ἡ
1179 1404 1313 1481 ἄγαν
1364 1405 1560 1476 λεπτὴ,
1589 1404 1658 1461 δι’
1691 1407 1903 1461 ἀτονίαν

252 1494 457 1550 ἄπνοον
487 1497 679 1550 τοῦτον
712 1498 967 1561 ποιοῦσα,
996 1493 1049 1550 ἐν
1078 1498 1148 1568 τῇ
1201 1495 1443 1566 ἀσθενείᾳ
1495 1496 1592 1551 τοῦ
1652 1496 1906 1568 σώματος

251 1583 348 1639 διαὶ
398 1584 495 1639 τὺν
556 1582 753 1639 λεπτὸν
807 1580 917 1654 ἤδη
974 1584 1289 1657 τικτόμενον
1342 1580 1751 1642 ἀποσϐέννυσιν.
1806 1584 1905 1639 Καὶ

250 1670 338 1727 δτι
372 1674 438 1727 ού
470 1671 713 1744 καθάπαξ
742 1674 838 1735 τὰς
885 1673 981 1746 μὶν
1033 1670 1115 1728 δεῖ
1167 1673 1261 1735 τὰς
1319 1674 1521 1750 τροφὰς
1576 1674 1905 1752 ἀποστρέφε-

249 1773 400 1829 σθαι,
431 1764 544 1815 τῶν
574 1757 633 1815 δὲ
676 1760 867 1825 ἁπλῶς
922 1759 1295 1836 ἐμφορεῖσθαι,
1329 1757 1455 1814 ἀλλ’
1504 1759 1588 1815 ὅτι
1642 1763 1906 1834 προσήκει

250 1850 351 1905 κᾶν
381 1848 603 1913 τούτοις
638 1851 713 1922 μή
750 1850 916 1923 μόνον
956 1849 1054 1918 τὴν
1105 1848 1382 1920 ποσότητα
1426 1849 1749 1927 σωφροσύνῃ
1798 1852 1907 1923 (10)

255 1940 596 2013 μετρεῖσθαι,
638 1936 941 2011 δυναμὲνην
975 1936 1065 1993 διὰ
1103 1937 1317 2009 πλῆθος
1358 1939 1551 1994 ταυτὸν
1592 1945 1709 2001 τοῖς
1754 1934 1904 1994 ἐκϐε-

250 2022 557 2100 ϐλημινοις
589 2025 926 2103 ἐργάζεσθαι”
962 2024 1109 2081 ἀλλά
1137 2024 1225 2080 καί
1255 2027 1355 2095 τὴν
1406 2026 1674 2096 ποιότητα
1723 2025 1903 2081 ἰσοδυ-

246 2121 536 2190 ναμοῦσαν
568 2115 841 2179 πολλάκις
870 2120 985 2178 τοῖς
1017 2120 1307 2194 προφανῶς
1355 2110 1646 2193 βλαϐεροῖς
1688 2114 1904 2192 ἐπικρί-

244 2229 384 2279 νειν,
408 2208 501 2262 καὶ
532 2204 803 2277 συνόλως,
836 2206 1013 2280 Δόγον
1047 2201 1325 2275 σέϐοντας,
1357 2206 1512 2282 Λόγῳ
1539 2208 1629 2262 καὶ
1666 2210 1740 2281 μὴ
1774 2207 1901 2263 ἀλο-

243 2296 339 2375 γίᾳ
368 2297 669 2361 ἀσκεῖσθαι.

316 2406 409 2460 11.
440 2401 508 2459 Εἰ
558 2399 617 2457 δὲ
670 2402 968 2478 ἀγαπήσεις
1009 2403 1099 2457 τὸν
1126 2400 1358 2474 πλησίον
1404 2423 1501 2457 σου
1558 2404 1631 2465 ὡς
1687 2404 1895 2473 ἑαυτὸν,

242 2492 339 2547 καὶ
400 2489 493 2546 διὰ
562 2490 764 2562 ταύτην
829 2493 929 2561 τήν
986 2490 1214 2560 ὶντολὴν
1265 2497 1345 2565 τῷ
1402 2491 1632 2563 εῗπόντι,
1686 2494 1896 2566 Γυμνὸς

238 2579 423 2652 ἤολην,
453 2580 546 2635 καὶ
604 2575 956 2656 περιεϐάλετὲ
1008 2601 1094 2653 με,
1153 2586 1420 2636 πεινῶντα
1498 2582 1589 2635 καὶ
1669 2581 1892 2657 ἐθρέψα-

236 2691 319 2739 τε,
387 2670 711 2734 ἀσθενοῦντα
763 2668 853 2723 καὶ
924 2668 1284 2742 ἰπεσκὲψασθε
1348 2672 1483 2743 (11),
1537 2670 1671 2742 μετὰ
1726 2691 1895 2725 σπου-

240 2757 348 2828 δῆς
408 2757 806 2831 παριστάμεθα.
838 2759 1206 2831 Ὑποκρίνεται
1252 2759 1352 2828 τὴν
1397 2756 1624 2827 ἐντολὴν
1668 2760 1696 2815 6
1728 2760 1896 2836 ὲτὲρῳ

244 2849 345 2920 μὶν
378 2848 737 2920 παρίστασθαι
792 2845 1212 2924 προνοούμενος,
1265 2846 1451 2902 ἑαυτὸν
1512 2845 1569 2903 δὶ
1610 2847 1895 2913 ἀσθενοῦν-

236 2956 311 2991 τα
333 2933 594 3006 ἀνηλεῶς
624 2935 1041 3009 λυμαινόμενος.
1076 2936 1314 3011 Φανερὸν
1346 2937 1474 3012 γὰρ,
1500 2936 1576 3000 ὡς
1623 2935 1893 3015 ἐσφαλμέ-

240 3044 357 3086 νως
390 3025 571 3101 ἀγαπᾷ
597 3024 690 3080 τὸν
741 3023 1002 3095 πλησίον,
1039 3025 1105 3079 οὗ
1146 3030 1399 3098 προνοεῖν
1449 3027 1833 3101 προθυμεῖται,
1866 3027 1894 3080 6

241 3113 439 3169 ἑαυτὸν
471 3115 550 3187 μή
582 3110 740 3177 εἰδὼς
777 3114 1014 3189 ἀγαπᾷν.
1049 3112 1146 3169 Καὶ
1202 3119 1319 3178 πῶς
1366 3115 1466 3183 τήν
1526 3112 1755 3185 ἐντολὴν
1813 3113 1893 3170 δι-

239 3204 421 3264 καίως
476 3203 689 3278 πληροῖ
746 3205 775 3259 6
829 3205 929 3273 τήν
984 3206 1119 3279 πρὸς
1174 3205 1238 3259 τὸ
1293 3201 1487 3260 δοῦλον
1538 3209 1701 3277 σῶμα
1738 3202 1893 3275 δίκην

239 3260 419 3368 ὑγιῶξ
452 3293 531 3365 μὴ
563 3260 803 3361 δίκάσας,
833 3260 980 3348 ἀλλὰ
1027 3260 1291 3372 προφάσει
1360 3294 1454 3367 μὲν
1512 3260 1896 3369 δουλαγωγίόις
1928 3260 1971 3327 C

234 3381 582 3451 ὑπωπιάζειν
641 3380 1120 3459 ἐπαγγειλάμενος,
1179 3386 1249 3456 τῇ
1329 3380 1386 3437 δὲ
1466 3382 1671 3459 ἀκρίτῳ
1750 3383 1897 3459 ὁρμῇ

240 3474 417 3525 τοῦτο
472 3474 653 3532 κακῶς
704 3468 1023 3541 ἆναλώσας;
1052 3474 1175 3534 Πῶς
1228 3472 1329 3546 γὰρ
1387 3465 1465 3527 ἔτι
1523 3468 1719 3526 δοῦλον
1752 3464 1897 3526 ἔσται

232 3564 410 3614 τοῦτο
468 3563 568 3613 τοῦ
625 3556 1060 3632 δεσποτεύοντος,
1119 3560 1279 3615 αὑτὸν
1338 3560 1429 3615 τὸν
1493 3557 1759 3630 δεσπότην
1820 3559 1898 3622 είς

238 3647 549 3725 ὑπηρεσίαν
607 3655 706 3718 τῆς
759 3648 898 3724 βίας,
932 3652 1000 3718 ἧς
1049 3651 1162 3722 (12)
1213 3656 1339 3725 παρ’
1369 3648 1531 3704 αὐτοῦ
1591 3648 1895 3722 ὑπέμεινεν,

230 3736 479 3815 εἰληφός
506 3756 522 3805 ;
555 3741 680 3799 Πῶς
715 3734 772 3793 δὲ
803 3734 1082 3793 δουλεύσει
1112 3742 1191 3809 τῷ
1222 3735 1453 3812 δεσπότῃ
1497 3737 1574 3800 είς
1630 3739 1729 3806 τὴν
1787 3742 1894 3792 τῶν

224 3824 498 3905 ἀδελφῶν
529 3827 797 3898 εὐποιίαν,
826 3828 1027 3890 πάντας
1057 3825 1186 3890 τοὺς
1235 3827 1291 3882 εὗ
1337 3832 1511 3882 ποιεῖν
1566 3824 1896 3900 δυναμένους

226 3915 319 3978 εἷς
348 3917 454 3984 τὴν
504 3916 696 3971 ἑαυτοῦ
748 3916 1029 3989 θεραπείαν
1073 3914 1307 3980 δούλους
1351 3915 1724 3994 παρειληφόςς
1755 3915 1894 3973 Οὐκ-

225 4004 319 4061 ιτι
362 4004 471 4081 γὰρ
501 4006 639 4081 πρὸς
695 4005 763 4061 τὰ
817 4012 917 4076 τῆς
968 4005 1163 4081 ἀρετῆς
1216 4007 1493 4077 κινήματα
1544 4010 1625 4077 τῷ
1666 4002 1898 4077 δεσπότῃ

227 4096 622 4169 ὑπηρετήσει’
677 4093 731 4150 ἐν
781 4094 1028 4165 ἀσθενείᾳ
1071 4092 1129 4150 δὲ
1179 4094 1450 4167 κείμενον,
1501 4099 1618 4156 τοῖς
1675 4092 1896 4156 λοιποῖς

221 4185 443 4239 ἅπασιν
504 4182 749 4244 εὐποιίας
818 4178 964 4238 ἔσται
1028 4182 1319 4248 ὑπόθεσις·
1379 4182 1758 4256 οἷκτιζόμενον
1804 4184 1895 4237 τὸν

226 4271 522 4342 δεσπότην
556 4272 659 4327 ὑπὸ
689 4273 906 4327 πάντων
941 4270 1089 4348 ἔχον,
1120 4271 1211 4327 διὰ
1237 4274 1336 4342 τὴν
1393 4272 1518 4348 περὶ
1574 4272 1734 4327 τοῦτο
1782 4274 1896 4345 (13)

219 4358 651 4434 ταλαιπωρίαν,
710 4358 1034 4433 ἐλεούμενον
1103 4358 1161 4415 δὲ
1214 4361 1307 4416 τὸν
1368 4357 1589 4428 δοῦλον,
1650 4357 1741 4414 διὰ
1795 4361 1896 4429 τήν

214 4450 463 4505 ἀνίατον
494 4448 691 4503 τούτου
721 4447 917 4506 αἰκίαν.
950 4446 1089 4506 Οὔτε
1116 4448 1215 4524 γὰρ
1249 4449 1278 4503 6
1319 4446 1586 4518 δεσπότης
1615 4453 1722 4504 τῶν
1773 4450 1898 4504 ἑαυ-

211 4544 328 4596 τοῦ
386 4535 565 4613 ἔργων
619 4532 973 4603 ἐπιλαϐέσθαι
1024 4537 1242 4611 λοιπὸν,
1276 4535 1365 4593 διὰ
1415 4538 1513 4607 τὴν
1561 4538 1684 4614 περὶ
1739 4543 1899 4593 τοῦτο

2017 625 2164 663 nens
2194 614 2248 664 et
2280 626 2573 682 premens,
2624 609 3039 681 impedimento
3089 610 3179 662 est
3226 606 3547 678 quominus
3594 607 3666 662 ad

2015 698 2271 754 coelestia
2302 716 2405 771 pro
2436 699 2584 755 votis
2615 697 2803 753 avolet
2832 716 2846 767 ;
2875 714 2980 752 nec
3008 713 3137 752 eam
3168 695 3358 752 solum
3382 695 3671 750 bonorum

2016 787 2401 857 acquisitione
2433 791 2505 844 ob
2542 787 3006 843 imbecillitatem
3057 786 3282 858 privat;
3315 785 3417 841 sed
3447 789 3506 840 et
3539 785 3666 855 jam

2016 882 2340 948 partorum,
2375 881 2447 934 ob
2479 882 2665 933 ortam
2697 894 2765 931 ex
2795 874 3193 931 imbecillitate
3222 872 3672 945 desidiam.pul-

2014 965 2406 1021 chritudincm
2431 965 3333 1037 depraedatur.Quemadmodum
3362 963 3518 1017 enim
3545 963 3671 1034 pin-

2016 1055 2147 1127 guls
2178 1063 2374 1111 venter
2403 1058 2541 1124 (non
2573 1054 2996 1110 constitutione
3048 1058 3105 1108 et
3153 1056 3366 1109 natura
3413 1052 3669 1125 pinguis,

2016 1145 2116 1201 sed
2148 1144 2205 1199 in
2236 1162 2407 1215 quem
2442 1145 2734 1216 pinguedo
2766 1144 3030 1199 ciborum
3082 1142 3155 1198 ob
3188 1142 3389 1215 gulam
3441 1141 3672 1198 abunde

2017 1233 2166 1303 ﬂuit,
2199 1233 2522 1288 obturbans
2554 1238 2809 1287 mentem
2839 1238 2895 1287 et
2927 1231 3392 1304 pinguofaciens)
3432 1234 3669 1286 tenuem

2016 1340 2129 1378 non
2162 1322 2349 1394 gignit
2370 1321 2727 1376 intellectum
2752 1338 2763 1375 :
2790 1321 2875 1377 sic
2896 1322 2995 1392 qui
3030 1319 3278 1375 nimium
3302 1318 3538 1391 gracilis
3558 1323 3669 1387 est,

2015 1412 2185 1484 quasi
2214 1416 2550 1467 emortuum
2583 1408 2750 1465 illum
2782 1410 2853 1466 ob
2878 1409 3281 1490 inﬁrmitatem
3307 1407 3668 1480 redigens,in

2013 1499 2415 1557 imbecillitate
2461 1500 2722 1570 corporis
2771 1499 2949 1556 etiam
2994 1515 3152 1569 eum,
3184 1497 3284 1570 qui
3318 1498 3443 1569 jam
3473 1496 3669 1554 tenuis

2014 1589 2250 1663 genitus
2280 1587 2925 1660 erat,exstinguit.lllud
2945 1587 3122 1643 etiam
3152 1585 3522 1643 ostendimus
3551 1603 3670 1642 non

2016 1678 2162 1734 satis
2192 1695 2321 1734 esse
2371 1677 2517 1733 alios
2563 1678 2799 1749 quidem
2831 1677 2995 1732 cibos
3044 1676 3303 1747 rejicere,
3354 1674 3485 1731 aliis
3535 1691 3671 1730 vero

2016 1766 2365 1839 simpliciter
2380 1765 2604 1834 satiari;
2630 1767 2731 1822 sed
2755 1765 2813 1820 in
2834 1765 2930 1821 his
2948 1765 3122 1820 etiam
3147 1781 3261 1820 non
3285 1763 3460 1819 modo
3482 1779 3673 1834 quan-

2017 1857 2271 1923 titatem,
2304 1873 2431 1928 quae
2463 1856 2536 1911 ob
2568 1856 2797 1928 copiam
2817 1854 2973 1911 idem
3005 1859 3200 1927 potest
3229 1870 3296 1909 ac
3328 1869 3446 1909 non
3472 1869 3676 1909 conve-

2019 1945 2242 2000 nientes
2273 1944 2386 2000 cibi
2419 1944 2668 2015 efﬁcere,
2700 1943 3092 2016 temperantia
3123 1942 3482 1999 metiendam
3514 1958 3670 2008 esse,
3764 1952 3767 1959 ‘

2015 2035 2113 2090 sed
2150 2034 2326 2090 etiam
2358 2032 2862 2105 qualitatem,quaa
2896 2049 3049 2105 saepe
3067 2032 3220 2088 idem
3251 2031 3405 2087 valet
3421 2047 3487 2087 ac
3508 2030 3665 2086 noxii

2013 2122 2328 2180 manifeste
2353 2122 2944 2191 cibi,discerner:dam
2977 2137 3128 2191 esse;
3146 2137 3213 2177 ac
3235 2119 3476 2176 omnino
3496 2119 3669 2175 Verbi

2011 2212 2264 2268 cultores
2315 2212 2600 2267 rationem
2652 2211 2711 2266 in
2767 2210 3020 2267 ascetica
3070 2209 3190 2266 vita
3234 2210 3445 2265 ducem
3496 2210 3666 2281 sequi

2009 2302 2240 2358 debere.
2275 2317 2389 2356 non
2424 2299 2711 2371 impetum
2738 2317 2771 2355 a
2801 2300 3024 2355 ratione
3054 2298 3335 2354 alienum.

2080 2408 2165 2463 l1.
2201 2408 2362 2474 Quod
2396 2406 2443 2463 si
2492 2406 2701 2479 diliges
2744 2406 3076 2479 proximum
3122 2410 3293 2461 tuum
3341 2409 3409 2460 ut
3444 2407 3655 2461 temet-

2005 2497 2288 2569 ipsum,et
2317 2501 2552 2570 propter
2572 2496 2680 2551 hoc
2705 2500 3058 2568 praeceptum
3078 2494 3131 2551 ei
3160 2494 3260 2567 qui
3293 2494 3474 2550 dixit:
3499 2496 3648 2553 625

2006 2586 2193 2641 Nudus
2223 2603 2373 2641 eram
2402 2594 2455 2640 ct
2501 2586 2793 2657 aperuisti:
2820 2601 2931 2652 me,
2988 2588 3436 2656 esurientemque
3474 2586 3655 2639 nutri-

2003 2677 2183 2740 vz’stz‘s,
2215 2680 2267 2731 et
2295 2676 2582 2745 inﬁrmum
2602 2676 2866 2731 υἰείιαειίδ
2886 2674 3249 2741 "',studiose
3269 2673 3650 2745 epitulamur.

2007 2764 2061 2820 Is
2092 2763 2334 2820 simulat
2363 2763 2829 2820 observationem
2864 2762 3156 2835 praecepti,
3191 2761 3290 2834 qui
3321 2761 3487 2818 altcri
3523 2760 3655 2832 qui-

2004 2854 2137 2909 dem
2170 2852 2443 2925 opilulari
2474 2852 3082 2924 studet,semetipsum
3128 2856 3323 2908 autem
3356 2850 3654 2907 inﬁrmum

2005 2942 2319 2999 crudeliter
2349 2942 2560 3015 perdit.
2607 2946 2751 2997 Nam
2776 2942 2878 3012 qui
2922 2941 3307 3013 semetipsum
3330 2957 3528 2996 amare
3559 2955 3662 2995 ne-

2005 3030 2138 3099 scit,
2168 3030 2352 3102 liquet
2380 3031 2450 3086 ab
2481 3047 2548 3087 eo
2580 3030 2907 3103 proximum
2941 3028 3090 3085 falso
3122 3029 3311 3103 diligi,
3344 3029 3438 3085 cui
3462 3029 3664 3085 studet

2005 3119 2406 3192 providere.Et
2428 3120 2720 3190 quomodo
2743 3117 3372 3191 prazceptumlegitime
3402 3116 3660 3189 impleat,

2010 3209 2106 3280 qui
2140 3208 2289 3265 servi
2319 3209 2581 3279 corporis
2633 3224 2873 3264 causam
2923 3225 3035 3263 non
3088 3212 3241 3263 recte
3281 3206 3530 3279 judicat,
3560 3206 3663 3262 sed

2009 3296 2157 3352 illud
2188 3288 2476 3369 castigare
2504 3299 2805 3369 professus
2835 3313 2937 3369 per
2979 3312 3218 3352 causam
3273 3294 3576 3367 redigendi
3603 3294 3662 3349 in

2008 3387 2823 3455 servitutem,inconsiderato
2855 3386 3080 3457 impetu
3110 3384 3258 3440 male
3289 3384 3587 3439 consumit
3605 3389 3663 3440 et

2008 3474 2295 3548 perimit?
2325 3474 2625 3538 Quomodo
2648 3474 2803 3529 cnim
2824 3473 3016 3529 adhuc
3041 3488 3273 3528 servum
3295 3471 3406 3529 erit
3435 3472 3658 3528 domini

2006 3563 2205 3635 ipsum
2237 3564 2544 3619 dominum
2578 3564 2649 3620 ad
2682 3562 2959 3619 solatium
2987 3560 3475 3632 violentiae,quam
3498 3561 3569 3616 ab
3592 3578 3658 3617 eo

2007 3669 2248 3725 passum
2283 3658 2392 3721 est,
2422 3669 2655 3708 servum
2701 3652 3044 3724 accipiens?
3090 3651 3391 3714 Quomodo
3448 3650 3660 3707 serviet

2006 3741 2245 3797 domino
2278 3741 2349 3796 ad
2377 3742 2523 3796 bene
2553 3739 2687 3796 aliis
2719 3740 3073 3805 faciendum,
3117 3754 3323 3794 omnes
3353 3738 3453 3808 qui
3511 3738 3659 3793 bene

2006 3831 2193 3886 facere
2224 3834 2493 3901 possunt,
2525 3830 2595 3884 ad
2630 3846 2796 3885 suam
2830 3829 3235 3900 ipsiuscuram
3269 3842 3471 3881 servos
3505 3825 3656 3881 acci-

2007 3919 2175 3991 piens
2195 3918 2222 3972 7
2251 3917 2375 3973 Non
2407 3918 2561 3972 enim
2582 3917 2703 3986 jam
2734 3917 2807 3971 ad
2830 3915 3057 3970 virtutis
3080 3930 3255 3986 opera
3284 3914 3523 3968 domino
3545 3913 3659 3967 mi-

2007 4006 2323 4072 nistrabit;
2354 4006 2455 4061 sed
2490 4005 2923 4069 injnfirmitatc
2946 4005 3172 4075 jacens,
3203 4001 3423 4057 caeteris
3464 4001 3659 4057 omni-

2006 4095 2119 4151 bus
2134 4095 2245 4151 erit
2260 4092 2525 4150 beneﬁcii
2548 4092 3126 4161 materia,dominum
3154 4091 3374 4146 habens
3393 4089 3659 4145 omnium

2006 4183 2382 4240 miseratione
2413 4182 2762 4254 dignum,ob
2786 4195 3177 4236 aerumnosam
3196 4178 3349 4234 circa
3366 4177 3510 4233 iilud
3530 4194 3661 4251 ope-

2006 4291 2155 4344 ram,
2189 4289 2255 4329 ac
2284 4275 2481 4344 ipsum
2512 4272 2688 4328 etiam
2720 4287 2952 4327 servum
3000 4267 3420 4336 miserabilem,
3455 4266 3527 4323 ob
3560 4282 3660 4322 ac-

2007 4367 2207 4433 ceptas
2238 4379 2270 4417 a
2299 4361 2537 4417 domino
2566 4359 2926 4416 insanabiles
2957 4358 3179 4431 plagas.
3214 4358 3360 4414 Nam
3394 4372 3498 4413 nec
3534 4354 3661 4411 suis

2007 4452 2124 4521 iam
2156 4450 2364 4509 ofﬁciis
2394 4450 2673 4505 dominus
2704 4448 2971 4521 perfungi
3006 4446 3381 4519 potest,circa
3401 4445 3545 4501 illud
3569 4461 3661 4501 oc-

2011 4542 2281 4613 cupatus,
2317 4555 2422 4595 nec
2453 4537 2786 4594 necessario
2819 4537 3127 4609 colligatus
3156 4552 3291 4591 cum
3333 4550 3421 4601 eo,
3478 4533 3659 4590 libere

212 4624 543 4703 ἀσχολίαν,
570 4625 693 4682 ἀλλ’
727 4622 851 4682 οὔτε
889 4627 1240 4702 ἀναγκασθεὶς
1291 4624 1381 4682 διὰ
1425 4633 1526 4697 τῆς
1574 4628 1711 4704 πρὸς
1764 4628 1893 4683 αὐτὸ

2012 4628 2285 4686 evadendi
2316 4627 2628 4684 consilium
2654 4627 2911 4682 invenire
2935 4630 3259 4699 potest;nec
3282 4625 3653 4692 servus,dum

216 4714 571 4783 συνδέσεως,
600 4713 881 4789 ἐλεύθερος
941 4717 1201 4793 ἀφεθῆναι
1257 4714 1492 4772 ἐπίνοιαν
1537 4710 1675 4791 ἔχει·
1709 4714 1832 4772 οὔτε
1862 4719 1891 4773 6

2012 4718 2191 4775 adhuc
2222 4718 2473 4789 benigne
2505 4722 2763 4784 curatur,
2785 4732 3103 4785 congruam
3131 4714 3370 4770 domino
3402 4712 3655 4769 servitu-

214 4803 455 4865 δοῦλος
481 4801 561 4858 ἔτι
589 4802 776 4867 ἐλέους
816 4805 1025 4882 τυχὼν,
1056 4804 1454 4876 ἀνακτήσασθαι
1502 4805 1601 4874 τήν
1651 4806 1892 4881 πρεπου-

214 4917 328 4952 σαν
362 4892 513 4966 πρὸς
570 4895 663 4948 τὸν
721 4890 989 4965 δεσπότην
1043 4890 1316 4949 δουλείανο
1350 4893 1477 4950 ἀλλ’
1509 4894 1537 4948 6
1582 4891 1765 4969 ἕτερος
1812 4900 1892 4968 τῷ

208 4983 419 5059 ἑτέρῳ
454 4980 703 5045 ὑπόθεσις
754 4982 971 5039 ἀνιάτου
1020 4981 1392 5060 κολαστηρίου
1451 4982 1762 5058 γενόμενος,
1792 4985 1891 5055 τὴν

210 5070 482 5148 ἀλογίαν
519 5069 731 5147 ἔχουσι,
761 5076 859 5128 τοῦ
889 5072 967 5138 εἷς
992 5072 1056 5128 τὸ
1082 5069 1459 5147 δεσμωτήριον
1497 5077 1659 5129 τοῦτο
1715 5073 1895 5153 ἀμφο-

294 5251 379 5287 ⁸⁹⁶
415 5248 624 5308 Matth.
658 5268 786 5321 xxv,
818 5252 907 5307 36.

293 5427 386 5501 (9)
416 5424 804 5501 ’ᾼποσυλῶσομ
872 5426 1071 5501 Regiis
1127 5430 1253 5486 cod.
1313 5430 1477 5499 2879,
1525 5427 1893 5501 ἀποσυλοῦσα,

197 5508 279 5561 et
302 5496 512 5573 ‘phulo
544 5504 697 5571 post,
719 5499 896 5573 Δτίκτει
912 5496 1073 5573 ,νόύντ

292 5568 826 5647 ςἰολξρφροσύνῃ.
861 5572 957 5647 _Sic
984 5570 1356 5629 Colbertinus
1389 5577 1447 5630 et
1477 5591 1632 5630 unus
1683 5590 1752 5629 ex
1794 5575 1897 5631 Re-

200 5642 368 5721 giis.
380 5716 394 5721 _
626 5642 908 5721 σωφροσύν
916 5664 1003 5712 ην.

298 5714 433 5787 (11)
490 5712 825 5786 meamet,
884 5712 1261 5789 ἐπεσκέψασθε.
1338 5715 1463 5774 Duo
1537 5722 1760 5775 veteres
1826 5717 1895 5773 li-

2001 4812 2119 4863 tem
2151 4821 2493 4876 recuperare
2527 4822 2540 4860 :
2575 4805 2678 4860 sed
2710 4821 2843 4859 cum
2867 4804 3014 4860 alter
3033 4803 3200 4859 alteri
3225 4802 3473 4858 materia
3494 4802 3654 4857 insa-

2004 4895 2217 4953 nabilis
2248 4896 2325 4952 sit
2356 4894 2652 4968 supplicii,
2688 4894 2965 4965 probrum
2998 4893 3308 4949 dementia
3338 4890 3655 4963 sustinent,

2005 4991 2063 5043 et
2092 5003 2126 5042 a
2154 4984 2436 5057 magistro
2469 4984 2829 5053 certaminis,
2863 4983 2962 5054 qui
3013 4982 3218 5039 ambos
3251 4980 3388 5037 huic
3440 4977 3658 5037 carceri

2005 5075 2271 5147 illigavit,
2304 5078 2361 5131 et
2389 5091 2423 5131 a
2452 5072 2883 5144 spectatoribus
2929 5073 3220 5143 inustum,
3251 5087 3317 5127 eo
3368 5070 3530 5142 quod
3581 5067 3656 5125 ad

2006 5432 2369 5505 brixmw'c'ov,
2414 5428 2503 5486 καὶ
2562 5426 2819 5505 ἐθρέψατὲ
2874 5448 2959 5501 με,
2993 5427 3250 5495 ἀσθενῶν,
3283 5420 3372 5477 καὶ
3431 5415 3647 5474 ἐπεσκε-

2006 5503 2175 5575 ψασθὲ
2209 5523 2295 5574 με.
2626 5503 2632 5505 “

2079 5577 2189 5652 (12)
2221 5579 2347 5652 ξμς.⁸
2375 5576 2510 5652 Cod.
2546 5578 2687 5652 Reg:
2716 5574 2877 5641 2879,
3396 5633 3411 5652 κ

2221 5646 2352 5721 Περὶ
2397 5649 2579 5721 τοῦτο.
2630 5643 2789 5721 Idem
2834 5643 3419 5721 οοᾴθχηπεριήταρτὸ
3489 5649 3645 5708 περι-

2006 5705 2257 5790 κειμένην
2286 5705 2452 5789 αὐτῷ.
2487 5719 2555 5774 Et
2583 5717 2756 5789 paulo
2788 5719 2936 5787 post,
2969 5705 3163 5765 τούτού
3194 5705 3426 5765 ἀδικίαν.
