4134 6224
287 385 405 448 693

1519 391 1751 454 LIBER
1794 394 1896 454 DE
1941 393 2481 455 VIRGINITATE.

3574 395 3692 456 694

282 525 384 586 τῆς
418 520 700 588 ἀσκήσεως
759 516 842 575 δεῖ
896 520 1236 593 ὑποτέμνειν·
1291 522 1354 576 τὸ
1411 519 1468 576 δὲ
1516 520 1806 598 χρειῶδες,
1857 523 1901 578 εί

2047 526 2105 581 id
2139 527 2254 581 vita
2283 526 2534 582 ascetica
2565 525 2812 581 resecari
2860 525 3032 580 debet
3063 543 3076 581 :
3110 525 3263 596 quod
3298 493 3494 580 autem
3527 526 3692 598 utile,

282 610 383 678 τήν
439 612 534 662 τοῦ
589 608 766 664 καλοῦ
840 616 1029 679 κτῆσιν
1084 610 1490 684 προνοούμενον
1527 654 1546 680 ,
1604 618 1884 686 συντηρεῖν
1918 657 1930 670 .

284 701 494 771 Βρῶμα
546 699 651 772 γὰρ
711 700 859 771 ἡμᾶς
921 698 984 753 οὑ
1039 698 1330 773 παρίστησι
1389 705 1468 772 τῷ
1515 699 1650 772 Θεῷ.
1703 701 1778 758 Οὐ
1831 702 1932 777 γάρ

279 785 425 842 ἐστιν
484 789 519 856 ἡ
601 786 854 862 βασιλεία
924 786 1020 843 τοῦ
1096 793 1230 844 Θεοῦ
1309 789 1512 864 βρῶσις
1569 789 1656 844 καὶ
1721 789 1930 856 πόσις,

279 874 429 932 ἀλλά
487 873 802 947 δικαιοσύνη
861 878 1212 952 καὶ,είρήνη
1271 879 1360 932 καὶ
1421 879 1567 953 χαρά
1622 879 1673 933 ἐν
1734 879 1931 934 Μνεύη-

283 987 412 1038 ματι
472 965 630 1041 ἁγίῳ.
693 967 770 1020 Δι’
829 964 860 1020 ἃ
889 966 981 1021 καὶ
1011 969 1046 1037 ἡ
1077 971 1184 1021 τῶν
1224 968 1530 1044 βρωμάτων
1565 968 1750 1043 ἀποχή
1797 967 1931 1041 μετά

280 1055 456 1129 λόγου
506 1051 1016 1130 παραλαμϐάνεται.
1063 1057 1214 1114 Ἐπεὶ
1268 1056 1397 1111 αὑτὸ
1444 1058 1562 1121 καθ’
1621 1057 1778 1112 ἑαυτὸ
1825 1059 1924 1125 τήν

279 1145 506 1219 ἀποχήν
560 1150 668 1198 τῶν
737 1145 1040 1219 βρωμάτων
1100 1144 1160 1199 ἂν
1217 1145 1488 1221 ἐξετάζῃς,
1542 1147 1731 1224 φησίν·
1790 1145 1928 1204 Οῦτε

276 1231 364 1286 ἐὰν
402 1234 479 1305 μὴ
541 1234 820 1310 φάγωμεν,
879 1233 1265 1309 ὑστερούμεθα,
1327 1234 1449 1290 οὕτε
1499 1235 1585 1289 ἑὰν
1641 1237 1923 1312 φάγωμεν,

274 1321 686 1396 περισσεύομεν.
747 1319 885 1379 Οὔτε
939 1323 1040 1398 γὰρ
1097 1325 1148 1376 οἱ
1211 1325 1286 1396 μὴ
1349 1323 1614 1386 ἐσθίοντες
1659 1323 1824 1379 πλέον
1872 1345 1920 1378 τι

272 1410 464 1487 ἔχουσι
511 1415 622 1464 τῶν
673 1410 956 1474 ἐσθιόντων
1006 1410 1058 1466 ἐν
1109 1412 1296 1488 ἀρετῇ,
1341 1415 1456 1466 κατ’
1487 1413 1615 1468 αὐτὸ
1663 1414 1830 1485 μόνον
1861 1415 1921 1468 τὸ

275 1501 352 1572 μή
410 1498 604 1562 ισθίειν
641 1517 654 1530 ·
714 1497 836 1554 οῦτε
915 1501 968 1554 οἱ
1044 1499 1309 1562 ἐσθίοντες
1373 1499 1595 1556 ἔλαττον
1665 1505 1772 1556 τῶν
1841 1503 1916 1573 μή

269 1587 578 1656 ἐσθιόντων,
633 1589 751 1642 κατ’
805 1587 933 1643 αὐτὸ
995 1589 1154 1662 μόνον
1207 1589 1270 1643 τὸ
1319 1588 1532 1656 ἐσθίειν,
1567 1588 1652 1644 ἰὰν
1686 1591 1720 1659 ἡ
1766 1587 1916 1645 ἔνδον

268 1677 446 1731 αὑτῶν
477 1678 640 1752 ἀρετὴ
693 1677 1020 1748 ὲξισάζηται.
1069 1678 1280 1735 Οὐκοῦν
1333 1679 1468 1752 πρὸς
1514 1679 1613 1746 τήν
1669 1678 1722 1734 ἂν
1763 1682 1916 1755 ψυχῇ

269 1767 468 1840 ἀρετήν
499 1767 818 1842 ἀφορῶντας
849 1764 1024 1821 δεῖτά
1071 1767 1194 1842 περὶ
1244 1771 1403 1840 σῶμα
1450 1767 1622 1821 πάντα
1655 1769 1913 1840 μετιέναι.

267 1856 350 1912 Ού
398 1855 501 1931 γὰρ
549 1851 679 1910 ὄντα
733 1855 878 1911 καλά
927 1857 1047 1920 καθ’
1103 1856 1284 1924 ἑαυτὰ,
1336 1854 1425 1911 διὰ
1461 1860 1561 1926 τήν
1608 1861 1705 1912 τοῦ
1743 1855 1916 1912 καλοῦ
1948 1896 1993 1960 Β

274 1944 288 1960 .
490 1948 501 1960 .
682 1945 702 1960 κ
729 1943 742 1960 ς
991 1944 1003 1960 ,
1238 1945 1249 1960 .
1715 1950 1739 1960 ..
1889 1947 1903 1960 .

269 1944 568 2018 ὑπηρεσίαν
611 1943 753 1999 καλά
797 1944 1147 2017 κοσμούμενα
1196 1945 1414 2020 γίνεται.
1471 1949 1585 2000 Ἵνα
1641 1950 1770 2020 γοῦν
1834 1947 1911 2019 μή

264 2030 634 2104 ἐμποδίζηται
683 2035 719 2102 ἡ
768 2033 904 2108 πρὸς
951 2033 1012 2087 τὸ
1058 2033 1226 2088 καλὸν
1277 2033 1544 2108 ὑπηρεσία
1569 2037 1639 2106 τῇ
1669 2035 1913 2105 ἀσθενείᾳ

260 2120 361 2175 τοῦ
395 2121 671 2194 σώματος,
707 2119 873 2194 Οἰνῳ,
928 2121 1112 2200 φησὶν,
1161 2120 1336 2198 ὀλίγῳ
1383 2125 1507 2198 χρῶ
1556 2119 1645 2176 διά
1672 2123 1762 2177 τὸν
1796 2124 1915 2178 cnd-

266 2209 448 2284 μαχόν
523 2231 620 2265 σου
696 2211 786 2265 καὶ
851 2209 946 2273 τὰς
1022 2209 1222 2273 πυκνάς
1300 2231 1395 2266 σου
1470 2210 1762 2274 ἀσθενείας.
1822 2213 1910 2274 Ὠς

260 2300 362 2373 γὰρ
399 2297 572 2368 ζέοντι
630 2297 700 2354 δι’
729 2299 911 2372 ἀκμὴν
968 2300 1055 2354 καὶ
1118 2305 1415 2378 σφριγῶντι
1470 2304 1549 2371 τῷ
1604 2301 1816 2373 σώματι
1848 2300 1911 2356 οὑ

260 2383 363 2455 δεῖ,
398 2389 637 2460 καθάπερ
669 2385 776 2459 ἤδη
810 2387 1154 2464 προείρηται,
1185 2393 1292 2462 πῦρ
1341 2388 1428 2443 ἰπὶ
1459 2393 1566 2462 πῦρ
1616 2389 1907 2465 ὀχετεύειν·

258 2475 436 2538 οὕτως
495 2473 620 2531 οὔτε
670 2478 1109 2552 καταψυχομὲνῳ
1157 2480 1226 2542 τῆ
1281 2477 1541 2548 ἀσθενείᾳ,
1589 2478 1652 2532 τὸ
1697 2479 1908 2553 ψυχρὸν

256 2563 334 2619 ἔτι
368 2563 709 2637 καὶμᾶλλον
756 2560 1071 2627 ἐπιϐλαϐῶς
1121 2563 1424 2622 ἱπαντλεῖν.
1474 2564 1632 2620 Ἀλλ’
1684 2566 1760 2628 ὡς
1801 2565 1912 2620 ἐκεῖ

257 2655 320 2709 τὸ
349 2653 672 2731 κατὰφύσιν
726 2653 923 2728 θερμὸν
971 2659 1051 2726 τῷ
1101 2655 1343 2732 ὑφαιρεῖν
1393 2655 1490 2716 τάς
1539 2653 1729 2725 ἔξωθεν
1775 2653 1910 2718 ὕλας

257 2741 672 2816 ἀκδαπανῶμεν,
725 2742 867 2798 οὕτω
938 2741 1238 2812 δαπανηθὲν
1310 2747 1470 2798 τοῦτο
1520 2749 1638 2806 τοῖς
1695 2743 1907 2814 πόνοις,

258 2832 349 2886 καὶ
384 2830 581 2887 λοιπὸν
636 2829 705 2886 δι’
754 2830 974 2902 ἠλικίαν
1008 2831 1044 2900 ἢ
1083 2831 1238 2886 νόσον
1301 2827 1682 2906 σϐεννύμενον,
1715 2831 1908 2903 ἔξωθεν

259 2920 558 2994 ἐναύσμασι
602 2925 714 2995 (19)
787 2922 1110 2996 βοηθοῦντες
1170 2920 1564 2994 ἀναληψόμεθα
1597 2965 1609 2978 .
1672 2922 1912 2997 Εἰρήνης

257 3011 360 3085 γὰρ
395 3007 479 3064 δεῖ
523 3011 609 3064 καὶ
655 3009 708 3065 ἐν
754 3014 834 3082 τῷ
885 3010 1096 3082 σώματι
1148 3014 1397 3085 προνοεῖν
1448 3015 1528 3083 τῷ
1575 3010 1908 3083 ἀσθενοῦντι,

257 3100 368 3153 τῶν
400 3097 670 3174 τεττάρων
709 3103 884 3174 μερῶν
919 3097 968 3172 ἐξ
1001 3100 1074 3153 ὧν
1096 3099 1423 3174 ἡρμόσμεθα
1449 3103 1564 3174 (20)
1593 3099 1909 3176 ἁπανταχοῦ

258 3188 700 3263 παρισταμένων,
764 3184 848 3242 i’va
909 3189 984 3260 μή
1046 3188 1332 3258 ἐκνικῆσάν
1387 3209 1521 3243 ποτε
1573 3189 1636 3243 τὸ
1666 3187 1717 3243 ἐν
1768 3192 1904 3262 ἡμῖν

2045 616 2102 669 id
2133 615 2365 670 virtutis
2416 615 2861 686 acquisitionem
2915 615 3021 670 sibi
3076 614 3424 685 proponenti
3456 631 3693 670 conser-

2042 705 2316 760 vandum.
2353 708 2495 759 Esca
2523 706 2672 759 enim
2712 721 2806 759 nos
2838 705 2942 758 Deo
2973 720 3080 759 non
3111 702 3539 758 commendat".
3572 709 3695 760 Non

2041 801 2119 848 est
2156 794 2300 847 enim
2351 810 2580 864 regnum
2630 795 2724 849 Dei
2769 810 2888 848 esca
2935 801 2989 848 et
3032 802 3207 861 potus,
3238 791 3330 847 sed
3377 793 3598 857 iustitia
3641 797 3692 848 et

2039 897 2159 951 pax
2179 892 2228 936 ει
2247 883 2514 952 gaudium
2536 885 2594 937 in
2617 882 2828 953 Spiritu
2851 885 3035 937 sancto
3055 882 3120 937 ⁸³.
3146 886 3388 953 Propter
3412 898 3539 952 quas
3565 880 3693 952 ipsa

2039 970 2302 1026 ciborum
2337 971 2692 1026 abstinentia
2721 989 2850 1026 cum
2888 973 3108 1026 ratione
3141 971 3471 1026 adhibetur.
3503 971 3692 1038 Siqui-

2038 1059 2170 1114 dem
2202 1061 2390 1131 ipsam
2422 1078 2522 1131 per
2543 1078 2604 1115 se
2626 1060 3040 1114 abstinentiam
3069 1059 3331 1115 ciborum
3355 1060 3403 1114 si
3427 1060 3689 1115 conside-

2038 1165 2152 1217 res,
2186 1149 2376 1220 inquit
2410 1167 2422 1204 :
2458 1152 2634 1221 Neque
2672 1151 2722 1203 .ςὶ
2762 1165 2869 1203 non
2917 1149 3461 1218 manducaverimus,
3493 1149 3685 1220 deﬁci-

2033 1254 2156 1292 mus
2186 1256 2203 1291 :
2234 1254 2408 1308 neque
2435 1241 2484 1292 .ςὶ
2511 1238 3047 1306 manducaverimus,
3079 1238 3421 1292 abundamus
3441 1239 3508 1292 ει.
3534 1238 3680 1294 Nam

2035 1344 2139 1382 nec
2167 1327 2265 1398 qui
2296 1344 2408 1382 non
2441 1328 2774 1393 comedunt,
2801 1332 3078 1397 praestant
3099 1328 3309 1382 virtute
3334 1327 3684 1382 comedenti-

2033 1417 2164 1483 bus,
2190 1420 2476 1486 quatenus
2522 1433 2635 1471 non
2670 1417 3010 1482 comedunt;
3046 1432 3151 1470 nec
3201 1416 3300 1486 qui
3345 1417 3680 1484 comedunt,

2029 1504 2335 1560 inferiores
2365 1510 2501 1560 sunt
2533 1522 2644 1558 non
2677 1505 3139 1570 comedentibus,
3164 1509 3454 1575 quatenus
3484 1521 3679 1559 come-

2029 1594 2200 1660 dunt,
2225 1595 2273 1649 si
2306 1595 2467 1648 intus
2499 1610 2701 1648 eorum
2728 1594 2912 1648 virtus
2933 1595 3291 1664 adaequetur.
3311 1592 3548 1664 Oportet
3576 1593 3678 1665 igi-

2027 1686 2141 1746 tur,
2167 1688 2232 1737 ut
2261 1684 2332 1737 ad
2365 1683 2572 1737 animas
2597 1683 2864 1738 virtutem
2901 1681 3297 1752 respicientes,
3319 1680 3519 1736 omnia
3547 1698 3675 1752 quas

2026 1772 2288 1844 corporis
2319 1777 2458 1827 sunt
2486 1787 2894 1842 exsequamur.
2921 1771 3066 1825 Cum
3097 1771 3252 1825 enim
3296 1786 3398 1841 per
3428 1785 3491 1825 se
3521 1771 3676 1824 bona

2027 1877 2141 1916 non
2175 1861 2314 1928 sint,
2349 1878 2450 1933 per
2496 1861 2910 1924 ministerium,
2937 1860 3090 1930 quod
3122 1859 3322 1913 virtuti
3371 1863 3671 1930 prastant,

2024 1956 2468 2021 consequuntur
2499 1955 2562 2003 ut
2592 1950 2743 2005 bona
2773 1951 2936 2004 ﬁant.
2967 1948 3047 2003 Ne
3097 1948 3278 2019 igitur
3315 1948 3673 2019 impediatur

2022 2038 2281 2094 debitum
2315 2039 2511 2093 virtuti
2566 2038 2958 2093 ministerium
3007 2037 3347 2091 inﬁrmitate
3386 2037 3668 2108 corporis.

2029 2129 2179 2192 Vino,
2212 2128 2426 2199 inquit,
2457 2127 2666 2182 modico
2696 2135 2847 2182 utere
2887 2130 3108 2197 prapter
3143 2127 3485 2181 stomachum
3514 2134 3670 2181 tuum

2019 2225 2070 2271 et
2125 2218 2439 2290 frequentes
2493 2223 2621 2272 luas
2678 2215 3108 2285 inﬁrmitates“.
3160 2214 3666 2279 Quemadmodum

2020 2306 2178 2361 enim
2209 2307 2601 2382 eﬁervescenti
2647 2321 2750 2376 per
2787 2308 3014 2359 atatem
3049 2309 3106 2358 et
3133 2302 3324 2358 valido
3354 2308 3671 2374 vegetoque

2020 2394 2247 2466 corpori
2273 2413 2385 2450 non
2409 2401 2652 2467 oportet,
2678 2395 2880 2463 utjam
2907 2391 3309 2463 praediximus,
3332 2391 3526 2462 ignem
3548 2391 3669 2462 igni

2020 2486 2264 2548 addere;
2284 2485 2363 2540 ita
2380 2500 2485 2540 nec
2511 2481 2842 2555 frigescenti
2866 2479 3342 2554 praeinﬁrmitate
3366 2481 3670 2551 frigidum,

2019 2575 2174 2645 quod
2199 2574 2374 2628 etiam
2402 2573 2588 2644 magis
2609 2570 3001 2643 perniciosum
3029 2570 3194 2636 foret,
3216 2569 3544 2623 infundere.
3562 2570 3669 2624 Sed

2020 2661 2522 2735 quemadmodum
2556 2661 2676 2716 illic
2721 2661 2777 2715 id
2810 2659 2965 2730 quod
3018 2664 3226 2713 natura
3273 2657 3528 2713 calidum
3560 2662 3670 2727 est,

2019 2750 2418 2806 subtrahendo
2437 2750 2799 2805 extrinsecus
2820 2748 3115 2812 materias,
3131 2747 3568 2802 consumimus:
3589 2745 3672 2801 ita

2018 2844 2438 2910 consumptum
2461 2836 2784 2904 laboribus,
2802 2837 2992 2905 eljam
3016 2839 3183 2889 aetate
3205 2837 3304 2889 aut
3327 2833 3528 2888 morbo
3551 2833 3667 2888 fere

2017 2928 2394 2996 exstinctum,
2409 2925 2664 2982 externis
2687 2925 2960 2980 fomentis
2982 2939 3150 2995 opem
3175 2922 3432 2991 ferendo,
3448 2937 3667 2976 recrea-

2019 3016 2382 3072 bimus.Paci
2407 3015 2562 3070 enim
2586 3015 2642 3068 in
2668 3029 2908 3084 corpore
2929 3011 3350 3082 providendum
3372 3014 3462 3065 est
3485 3009 3661 3065 etiam

2018 3107 2274 3174 inﬁrmo,
2298 3109 2729 3176 cumd'quatucr
2776 3107 2991 3173 partes.
3027 3119 3094 3156 ex
3124 3101 3340 3171 quibus
3372 3098 3663 3169 compecti

2018 3211 2250 3266 sumus,
2274 3194 2492 3264 ubique
2522 3192 2926 3259 circumstent,
2951 3206 3022 3245 ne
3049 3189 3356 3260 siquando
3375 3189 3528 3244 829
3564 3204 3663 3242 su-

255 3262 460 3352 θερμὸν
490 3278 524 3347 ἢ
558 3277 789 3352 ψυχρὸν,
823 3276 857 3346 ἢ
883 3274 938 3331 ἓν
972 3275 1116 3340 ὅλως
1138 3297 1190 3331 τι
1211 3281 1318 3332 τῶν
1345 3275 1630 3352 τεττάρων,
1654 3276 1905 3351 πολέμου

2025 3262 2244 3356 paravit
2263 3262 2419 3354 quod
2453 3282 2508 3336 in
2543 3281 2712 3335 nobis
2739 3279 2996 3335 calidum
3018 3283 3104 3334 est
3127 3282 3229 3332 aut
3259 3277 3535 3346 frigidum
3565 3277 3669 3330 aut

253 3366 340 3419 καὶ
379 3364 769 3440 ἀναρμοστίας,
817 3365 905 3420 καὶ
961 3369 1057 3420 τοῦ
1108 3364 1159 3438 ἦε
1210 3364 1478 3427 ἀσθενείας
1529 3363 1748 3442 οἴστρου
1798 3369 1908 3440 (21)

251 3457 352 3523 τήν
381 3454 569 3528 ψυχὴν
620 3453 927 3528 ἀναπλήσῃ.
979 3453 1158 3509 Ἀλλά
1202 3459 1369 3509 ταῦτα
1411 3455 1505 3527 μὶν
1538 3454 1614 3516 εἰς
1642 3456 1744 3523 τὴν
1779 3455 1904 3528 μίαν

253 3544 361 3598 τῶν
421 3543 762 3614 αἰσθήσεων,
815 3545 915 3613 τήν
963 3547 1143 3619 γεῦσιν
1195 3543 1386 3616 μόνον,
1432 3543 1566 3619 ὑπὲρ
1616 3551 1718 3613 τῆς
1772 3546 1907 3599 κατὰ

255 3637 417 3704 σῶμα
476 3631 787 3706 παρθενίας,
847 3628 1172 3708 συμμίτρως
1231 3632 1466 3706 εἰρήσθω
1500 3677 1514 3691 .
1564 3628 1907 3690 Μεταϐατὲον

256 3718 313 3775 δὲ
359 3721 556 3776 λοιπὸν
606 3722 692 3775 καὶ
730 3720 819 3776 ἰπὶ
865 3721 960 3783 τὰς
1007 3719 1181 3784 ἄλλας
1234 3721 1534 3792 αἰσθήσεις,
1583 3723 1681 3791 τήν
1725 3721 1907 3793 ἀληθῆ

254 3811 520 3882 παρθένον
555 3807 686 3864 ἰδεῖν
719 3809 1074 3886 προκείμενον
1107 3807 1360 3886 ἔχοντας.

325 3902 415 3956 43.
451 3899 652 3954 Ἰστιον
683 3901 796 3973 (22)
829 3899 920 3953 οὖν
946 3905 1061 3962 τοῖς
1087 3901 1186 3969 τήν
1239 3900 1562 3974 θεράπαιναν
1601 3907 1703 3970 τῆς
1733 3895 1904 3962 ὅντως

256 3988 573 4062 παρθενίας,
631 3985 720 4042 διὰ
763 3991 862 4053 τῆς
924 3989 1144 4064 ἀποχῆς
1189 3993 1297 4044 τῶν
1358 3993 1602 4066 τροφῶν,
1658 3989 1748 4044 καί
1803 3996 1906 4059 τῆς

257 4075 429 4144 ἄλλης
492 4074 916 4152 σκληραγωγίας
971 4080 1232 4150 παρθένον
1282 4077 1663 4155 φυλάττουσιν,
1697 4077 1778 4134 ὅτι
1813 4076 1906 4134 δυο

256 4167 416 4222 νατὸν
443 4167 707 4239 παρθάνον
741 4165 939 4242 ἔχοντα
971 4171 1148 4240 σῶμα,
1182 4170 1257 4240 μή
1304 4166 1562 4242 παρθένον
1613 4165 1761 4242 ἔχειν
1803 4169 1903 4237 τὴν

256 4257 470 4330 ψυχήν,
500 4256 702 4312 Ἱκανὸν
734 4255 832 4330 γὰρ
880 4255 969 4309 καὶ
1017 4257 1130 4328 (23)
1163 4252 1390 4330 βλέμμα
1430 4254 1632 4318 τύπους
1674 4255 1906 4329 ἐμποιῆ-

259 4365 341 4398 σαι
371 4349 482 4400 τῶν
529 4344 772 4420 αἰσχρῶν
802 4348 871 4418 τῇ
901 4347 1079 4419 ψυχῇ,
1110 4343 1199 4398 καὶ
1252 4343 1415 4420 λόγος
1460 4345 1903 4423 πεφαρμακωμὲ-

257 4453 348 4494 νος
377 4435 492 4505 (24)
523 4433 658 4507 πρὸς
691 4429 894 4501 ἡδονὴν
943 4430 1192 4504 ἐμπεσὼν
1219 4436 1286 4504 τῇ
1338 4433 1475 4506 ἀκοῇ
1526 4439 1738 4510 φθεῖραι
1768 4435 1904 4508 πρὸς

257 4520 555 4576 ἀκολασίαν
581 4523 672 4576 τὸν
715 4526 860 4578 νοῦν.
896 4517 1218 4576 Εὐλαὸεῖται
1266 4526 1396 4594 γοῦν
1453 4524 1480 4576 ὁ
1509 4525 1898 4600 νυμφαγωγὸς,

2016 3375 2255 3429 omnino
2280 3388 2462 3427 unum
2485 3369 2718 3441 aliquod
2739 3385 2807 3424 ex
2829 3372 3102 3439 quatuor,
3123 3365 3272 3421 bello
3293 3370 3351 3421 et
3373 3364 3668 3420 discordia

2015 3468 2073 3518 et
2099 3465 2227 3518 orto
2247 3477 2316 3516 ex
2347 3458 2689 3514 inﬁrmitate
2709 3463 2884 3512 metro
2910 3455 3169 3510 animam
3195 3453 3452 3525 impleat.
3477 3458 3668 3523 Atque

2015 3552 2137 3607 hac
2167 3550 2401 3622 quidem
2434 3549 2506 3604 de
2527 3564 2643 3602 uno
2674 3562 2743 3600 ex
2763 3545 3059 3607 sensibus,
3088 3559 3297 3615 nempe
3319 3548 3495 3614 gustu
3517 3541 3664 3607 solo,

2015 3657 2192 3712 super
2235 3637 2497 3710 corporis
2552 3635 2886 3707 virginitate
2942 3634 3088 3688 satis
3144 3632 3301 3687 dicta
3357 3631 3660 3686 sint.Jam

2014 3727 2440 3784 transeundum
2473 3730 2530 3780 et
2555 3725 2626 3779 ad
2659 3723 2805 3780 alios
2836 3738 3069 3787 sensus,
3093 3736 3224 3776 cum
3255 3736 3448 3775 veram
3481 3719 3660 3788 virgi-

2013 3833 2148 3872 nem
2178 3815 2368 3870 videre
2400 3813 2569 3868 nobis
2602 3811 2966 3882 propositum
2999 3809 3097 3863 sit.

2087 3905 2172 3959 13.
2204 3903 2516 3957 Sciendum
2548 3904 2634 3953 est
2665 3897 2778 3964 his,
2804 3899 2901 3968 qui
2937 3896 3216 3952 famulam
3243 3911 3388 3950 versa
3422 3893 3660 3965 virgini-

2013 3993 2175 4060 tatis,
2198 4007 2298 4062 per
2327 3985 2744 4043 abstinentiam
2779 3985 3041 4040 ciborum
3064 3989 3120 4039 et
3145 3982 3433 4054 reliquam
3463 3985 3660 4036 auste-

2013 4082 2245 4137 ritatem
2262 4075 2542 4148 virginem
2561 4073 2920 4141 custodiunt,
2935 4071 3058 4126 ﬁeri
3082 4086 3272 4142 posse,
3288 4075 3352 4124 ut
3374 4068 3660 4140 virginem

2014 4185 2228 4241 corpus
2277 4167 2504 4230 habeat,
2537 4162 2637 4234 qui
2669 4161 2950 4232 virginem
2992 4159 3252 4215 animam
3299 4174 3414 4214 non
3465 4156 3660 4212 habet.

2015 4260 2206 4314 Potest
2222 4255 2377 4312 enim
2397 4253 2484 4308 vel
2502 4255 2774 4322 aspectus
2790 4249 3014 4321 species
3039 4247 3374 4319 imprimere
3396 4244 3655 4317 turpium

2015 4363 2208 4404 rerum
2239 4346 2298 4400 in
2333 4343 2547 4407 anima,
2566 4340 2652 4395 vel
2679 4356 2868 4395 sermo
2899 4339 2970 4393 ad
2998 4335 3353 4406 voluptatem
3385 4334 3658 4390 conditus

2012 4437 2073 4492 in
2123 4451 2292 4492 aures
2339 4431 2625 4497 incidens,
2657 4427 2923 4483 animum
2970 4424 3338 4497 impudicitia
3391 4440 3658 4480 corrum-

2015 4543 2168 4598 pere.
2202 4526 2376 4578 Cavet
2423 4519 2604 4592 igitur
2653 4517 2954 4588 pronubas
2986 4532 3057 4570 ne
3100 4518 3515 4585 corrumpatur
3544 4531 3657 4569 non

262 4612 461 4682 μήπως
510 4615 688 4688 φθαρῇ
739 4609 800 4666 οὐ
850 4610 913 4664 τὸ
961 4614 1150 4682 σῶμα.
1201 4608 1347 4665 ἀλλὰ
1390 4612 1456 4666 τὰ
1501 4613 1750 4684 νοήματα
1788 4617 1896 4667 τῶν

2025 4614 2187 4670 modo
2207 4626 2440 4681 corpus,
2457 4610 2557 4663 sed
2589 4607 2766 4661 etiam
2787 4605 3059 4676 cogitatio
3082 4620 3284 4659 eorum
3311 4602 3413 4674 qui
3433 4601 3662 4658 Christo

256 4697 682 4773 νομφευομὲνων
742 4701 956 4772 Χριστῷ
989 4739 1002 4752 .
1065 4697 1158 4752 Διὸ
1211 4695 1292 4753 δεῖ
1346 4699 1446 4768 τὴν
1491 4699 1752 4764 παρθένον
1791 4703 1898 4776 πρὸ

2010 4699 2348 4773 desponsati
2388 4700 2547 4752 sunt.
2577 4694 2940 4765 QuaprOpter
2986 4696 3212 4762 oportet
3243 4696 3307 4746 ut
3335 4691 3495 4763 virgo
3528 4695 3662 4746 ante

257 4790 354 4840 τοῦ
385 4787 640 4859 σώματος
676 4785 912 4860 μάλιστα
951 4791 1137 4857 τηρεῖν
1176 4787 1276 4855 τὴν
1326 4788 1534 4862 ψυχὴν,
1570 4787 1632 4843 οὐ
1660 4789 1768 4845 τινὶ
1803 4791 1897 4863 μὲν

2025 4806 2222 4862 :orpus
2244 4787 2496 4842 maxime
2518 4783 2776 4839 animam
2804 4787 3015 4844 servet,
3040 4797 3152 4836 non
3176 4779 3446 4836 custodia
3465 4779 3664 4852 aliqua

257 4873 476 4951 φυλακῇ
527 4875 728 4945 ταύτην
785 4879 1078 4952 τηροῦσαν,
1143 4875 1242 4932 τινὶ
1291 4872 1349 4930 δὶ
1394 4874 1584 4939 ἀπλῶς
1631 4877 1900 4956 ἀφιεῖσαν,

2009 4880 2173 4936 illam
2201 4891 2461 4941 servans,
2492 4871 2689 4944 aliquo
2719 4887 2855 4926 vero
2888 4869 3307 4926 incustoditam
3338 4869 3662 4937 dimittens,

322 5049 370 5084 ⁸³
399 5048 423 5105 l
453 5047 583 5105 Cor.
616 5064 742 5117 νιιι,
773 5047 827 5104 8.
904 5048 951 5082 ⁸³
983 5047 1150 5104 Rom.
1181 5063 1300 5115 xiv,
1335 5048 1422 5105 17.
1496 5049 1544 5084 ⁸⁸
1571 5049 1594 5105 Ι
1623 5052 1756 5108 Cor.
1787 5067 1907 5125 vui,

2072 5051 2118 5088 ⁸⁸
2147 5050 2168 5106 Ι
2197 5047 2349 5105 Tim.
2378 5063 2433 5114 v,
2463 5046 2555 5100 23.

322 5223 435 5294 (19)
468 5220 818 5294 Ἐναύσμασι.
843 5221 938 5277 Sic
968 5237 1092 5294 ope
1107 5219 1268 5294 Regii
1298 5219 1518 5294 codicis
1545 5221 1687 5279 2879
1705 5238 1904 5280 emen-

251 5290 523 5351 davimus
555 5290 708 5365 quod
744 5292 797 5348 le
841 5290 1052 5349 ebatur
1077 5291 1138 5347 in
1170 5290 1365 5360 editis,
1397 5290 1460 5344 νά
1509 5313 1618 5349 ασι.

320 5367 435 5418 (20)
504 5309 875 5418 Ἡσμόσιιεθεα.
946 5365 1184 5418 Codices
1258 5313 1561 5418 nonnuiii.

320 5367 435 5435 (20)
504 5363 875 5438 Ἡρμόσμεθα.
946 5365 1184 5438 codices
1258 5363 1561 5438 nonnulli,
1612 5364 1901 5438 συνηρμό-

252 5432 444 5508 σμεθα.
508 5432 666 5494 unus
723 5432 924 5501 codex,
976 5432 1666 5510 ﬁppdcﬁmusupplendo
1724 5432 1902 5509 σῶμα.

254 5507 431 5565 Paulo
464 5513 610 5581 post
625 5510 790 5577 editi,
820 5507 1241 5581 παριστάμενον.
1277 5507 1427 5581 Mss.
1452 5509 1600 5581 utin
1633 5515 1811 5566 textu.

319 5583 436 5651 (21)
465 5577 805 5655 Πολέμων.-
845 5577 1096 5655 οῗστρού,
1133 5581 1226 5655 Sic
1268 5580 1447 5655 editio
1480 5580 1696 5655 Veneta
1723 5588 1781 5638 et
1810 5597 1906 5639 co-

252 5649 601 5728 dicesmgss,
626 5649 979 5728 Parisiensis
1008 5653 1208 5728 editio,
1239 5649 1831 5728 πόλεμον...-οίστρον,

322 5724 441 5798 (22)
471 5723 688 5784 Ἰστάον.
722 5725 816 5785 Sic
861 5741 1006 5784 mss.
1039 5725 1268 5784 codices
1298 5723 1524 5785 omnes.
1555 5723 1732 5797 Editi',
1769 5723 1900 5780 ἴστε.

2015 5224 2330 5294 Μοχνιωυε
2361 5237 2430 5294 ex
2459 5211 3116 5294 Regii8,_¥XOv:tE-thpd.
3348 5287 3357 5294 _

2083 5293 2198 5366 (23)
2230 5290 2348 5350 Καί.
2401 5282 3106 5362 ΟοοάὖοοιίοἿιόᾱὶὶοεχ
3137 5301 3275 5340 mss.
3309 5287 3366 5339 et
3412 5282 3664 5337 editione

2012 5366 2771 5512 νεὲᾔᾶἰίεφαρμακωμὲνος.
2816 5430 3076 5512 Quatuor
3139 5442 3306 5512 mss,
3335 5498 3346 5512 ι
3375 5439 3660 5512 πεφαρμαξ

2014 5498 2238 5581 γμίνός.
2271 5498 2409 5562 Tres
2431 5498 2534 5561 'alii
2585 5498 2716 5559 cum
2768 5501 2940 5581 editis
2980 5498 3374 5581 consentiunt,
3409 5509 3656 5581 quorum

2015 5566 2214 5636 tamen
2266 5581 2381 5635 duo
2439 5584 2748 5648 utramque
2807 5574 3112 5648 lectionem
3175 5567 3468 5622 exhibent.
3530 5566 3660 5622 Mox

2015 5671 2171 5709 unus
2203 5669 2269 5709 ex
2301 5650 2515 5722 Regiis,
2545 5651 2641 5703 τοῦ
2655 5639 3096 5721 ’νυμφευομένου.
