4134 6224
457 381 574 445 695

1395 383 1792 445 APPENDIX
1836 379 2161 444 OPERUM
2207 380 2270 441 S.
2317 379 2602 441 BASILII
2648 378 2923 440 MAGNI.

3757 377 3878 439 696

459 515 558 570 sed
583 513 742 569 omni
765 515 1032 570 custodia
1051 531 1151 572 cor
1173 530 1348 571 suum
1375 531 1636 582 servans,
1662 516 1742 570 ita
1765 519 1828 571 ut
1852 531 1956 570 nec
1977 527 2114 568 voce

2240 507 2373 564 ἰλλά
2398 509 2541 584 πάσῃ
2572 509 2788 588 φυλακῇ
2816 511 2913 578 νήν
2946 509 3141 578 ἑαυτῆς
3165 505 3388 584 καρδίαν
3421 506 3798 582 τηροῦσαν.ὡς
3818 505 3875 560 ἃν

459 603 624 659 illius
644 602 942 674 proﬂuens
964 621 1157 659 sermo
1175 603 1469 676 voluptate
1487 605 1812 660 auditorem
1833 600 2120 658 sermonis

461 691 685 747 inﬁciet
715 709 728 746 :
753 709 856 747 nec
888 709 1096 747 rursus
1127 693 1492 748 extrinsecus
1521 694 1590 747 ad
1622 709 1794 748 aures
1822 693 1894 746 ab
1925 691 2120 761 aliquo

464 781 809 854 perveniens
842 797 1058 848 sermo,
1089 798 1188 836 cor
1218 781 1380 836 illius
1413 783 1482 836 ad
1517 783 1893 853 cupiditatem
1928 779 2121 851 exagi-

462 875 563 926 tet.
599 870 758 925 Idem
793 869 947 925 enim
981 875 1038 926 et
1071 871 1127 924 in
1163 876 1400 942 aspectu
1456 871 1643 926 facere
1693 869 1986 937 convenit,
2019 883 2123 924 nec

463 959 846 1030 aspicientem
882 959 1150 1029 molliter,
1178 976 1247 1014 ne
1277 961 1568 1030 ejusmodi
1601 965 1840 1032 aspectu
1867 958 2127 1030 volupta-

465 1048 544 1102 tis
569 1048 855 1119 imagines
877 1056 1078 1103 contra
1109 1066 1169 1104 se
1190 1049 1476 1104 immittat
1504 1048 1837 1104 videntibus
1859 1066 1872 1102 :
1893 1064 1998 1102 nec
2029 1064 2125 1101 ex-

466 1138 757 1192 trinsecus
801 1137 978 1192 misso
1019 1143 1258 1209 aspectu
1292 1138 1547 1210 contingi
1582 1155 1642 1192 se
1675 1139 2018 1209 patientem,
2050 1153 2121 1192 ne

467 1224 727 1293 co,velut
753 1225 935 1296 ignito
968 1227 1223 1297 quodam
1257 1225 1479 1296 jaculo,
1512 1230 1570 1280 in
1613 1226 1782 1282 corde
1815 1241 2117 1298 percussa,

471 1314 542 1368 ad
559 1313 872 1385 voluptatis
891 1315 1174 1386 imagines
1195 1316 1559 1371 inﬂammata
1575 1321 1796 1371 uratur.
1814 1318 1936 1370 Eri:
1953 1319 2126 1374 enim.

472 1401 686 1473 inquit,
709 1403 856 1457 velut
881 1421 1070 1458 servus
1091 1405 1284 1474 jaeulo
1317 1421 1599 1472 percussus
1630 1407 1689 1459 in
1711 1405 1898 1474 jecore
1917 1407 1980 1461 ⁸⁸.
2015 1407 2124 1461 Sed

473 1494 777 1544 externum
793 1492 1029 1562 quidem
1055 1493 1242 1563 ipsius
1262 1494 1418 1548 obtul
1431 1493 1486 1547 ui
1502 1494 1950 1564 respondentem
1967 1509 2131 1566 aspe-

473 1583 630 1634 ctum
660 1579 833 1634 debet
861 1581 933 1634 ab
965 1581 1163 1636 anima
1195 1581 1492 1653 repellere,
1516 1598 1689 1638 suum
1725 1587 1919 1638 autem
1955 1600 2125 1654 aspe-

475 1673 633 1724 ctum
666 1669 955 1740 pudicitia}
980 1670 1230 1726 indicem
1258 1671 1592 1727 videntibus
1615 1671 1905 1728 exhibere.
1933 1677 2132 1728 Potest

471 1756 626 1812 enim
651 1757 735 1811 vel
769 1757 1180 1828 palpebrarum
1205 1760 1494 1815 curiosior
1521 1765 1714 1815 motus
1742 1760 2046 1816 stimulare
2076 1768 2133 1817 et

473 1850 648 1901 (nstro
679 1847 972 1902 concitare
1004 1848 1072 1901 ad
1105 1847 1486 1920 voluptatem,
1519 1865 1620 1920 per
1652 1866 1824 1920 quam
1858 1850 1978 1904 haec
2011 1851 2132 1905 ani'
2165 1876 2210 1941 Β

478 1950 634 1989 mam
667 1936 1033 1991 concutiunt.
1057 1936 1159 1992 Uhi
1193 1937 1349 1992 enim
1381 1938 1516 1993 visa:
1561 1937 1750 2009 ipsius
1782 1937 1967 1994 oculis
1998 1939 2133 2011 pul-

479 2022 801 2079 chritudini
835 2025 1110 2080 obtutum
1151 2027 1364 2082 acriter
1392 2027 1676 2099 defigens,
1700 2026 1863 2083 velut
1893 2029 1949 2083 in
1985 2046 2135 2095 cera,

483 2112 566 2166 ita
586 2112 644 2166 in
671 2113 866 2168 anima
885 2114 1180 2185 voluptate
1197 2115 1454 2170 emollita
1476 2116 1756 2185 imagines
1773 2119 1907 2172 visae
1938 2119 2137 2172 formae

486 2199 880 2272 impresserit;
917 2204 1135 2260 recedit
1154 2205 1387 2275 quidem
1412 2221 1477 2259 ac
1499 2221 1761 2260 seorsum
1785 2212 1874 2260 est
1897 2206 1944 2260 is
1968 2224 2000 2262 a
2022 2223 2137 2277 quo

489 2290 780 2362 imagines
813 2293 1109 2362 profectas;
1143 2294 1432 2366 impressa
1479 2298 1672 2348 autem
1724 2294 1920 2349 animo
1954 2295 2139 2350 forma

485 2377 668 2444 illius,
689 2379 788 2450 qui
820 2380 981 2436 visus
1012 2387 1121 2449 est,
1158 2383 1228 2438 ad
1263 2400 1440 2455 opera
1471 2383 1580 2454 ipsi
1611 2383 2008 2439 convenientia
2040 2401 2135 2439 ur-

484 2482 630 2537 gens
653 2483 904 2538 semper,
926 2470 1186 2526 animam
1211 2472 1567 2544 imaginibus
1595 2473 1762 2526 ludit.
1787 2473 2000 2528 Idcirco
2026 2473 2137 2528 vir-

480 2554 603 2623 gini
635 2557 922 2627 principio
941 2558 1177 2628 quidem
1203 2576 1574 2631 summopere
1592 2562 1910 2615 cavendum
1935 2567 2043 2630 est,
2065 2578 2134 2616 ne

479 2641 756 2715 cuiquam
783 2645 1063 2700 acriorem
1099 2647 1304 2719 infigat
1327 2649 1620 2712 obtutum,
1646 2654 1748 2704 aut
1779 2649 1826 2704 si
1860 2651 2131 2718 infixerit,

477 2733 769 2788 contraria
790 2734 840 2788 vi
867 2735 1121 2790 nitentes
1140 2735 1398 2808 imprimi
1427 2738 1711 2809 imagines
1729 2756 1764 2794 a
1780 2755 1841 2795 se
1869 2739 2130 2812 repellat,

481 2821 564 2877 ita
588 2825 653 2876 ut
674 2821 838 2878 nulla
859 2823 1082 2895 species
1113 2841 1389 2896 corporea
1414 2827 1709 2881 diuturnis
1733 2827 1997 2884 stimulis
2029 2832 2134 2884 im-

479 2909 787 2982 primatur.
816 2911 974 2974 Quod
1009 2912 1060 2967 si
1106 2913 1424 2985 aliquando
1455 2916 1786 2986 contigerit,
1809 2922 1870 2972 ut
1903 2917 2130 2990 impru-

478 2997 624 3053 dens
655 3016 848 3056 rerum
885 3016 1295 3073 corporearum
1343 3003 1629 3076 imagines
1685 3006 1995 3078 suscipiat;
2031 3023 2130 3063 eas

477 3088 772 3144 continuis
798 3090 1085 3146 bonarum
1111 3108 1304 3147 rerum
1330 3094 1830 3151 recordationibus
1856 3095 1913 3150 in
1937 3096 2131 3166 seipsa

470 3175 664 3232 delere
717 3178 916 3245 debet;
950 3180 1171 3250 species
1222 3198 1255 3236 a
1303 3198 1580 3252 corporea
1628 3184 1833 3250 forma,
1865 3184 2025 3238 velut
2064 3186 2121 3240 in

471 3279 622 3326 cera,
656 3263 1004 3334 impressas,
1036 3268 1214 3322 animi
1248 3269 1318 3322 ad
1352 3270 1548 3324 divina
1576 3271 1955 3327 conversione
1985 3273 2122 3328 abo-

467 3350 665 3420 lendo,
709 3367 902 3408 rerum
956 3359 1148 3410 autem
1203 3362 1536 3412 sanctarum
1594 3361 1817 3430 species
1866 3362 2122 3417 assiduis

473 3438 957 3496 meditationibus
990 3441 1382 3500 inscribenda.
1405 3446 1566 3511 Quod
1593 3447 1641 3502 si
1669 3453 1973 3520 susceptas
1999 3466 2126 3521 spe-

469 3526 590 3582 cies
625 3544 966 3598 permanere
996 3531 1253 3602 integras
1284 3533 1340 3587 in
1383 3535 1601 3602 animo,
1635 3541 1916 3607 tanquam
1951 3539 2007 3593 in
2041 3538 2122 3594 si-

467 3615 635 3686 gillo,
683 3617 910 3685 siverit;
975 3635 1210 3675 necesse
1268 3627 1376 3686 est,
1411 3627 1476 3678 ut
1532 3624 1727 3680 animo
1785 3626 1939 3682 circa
1969 3629 2123 3683 630

468 3704 820 3774 impressam
870 3706 1119 3762 formam
1153 3717 1458 3782 occupato,
1488 3717 1694 3768 czetera
1744 3716 1942 3772 omnia
1976 3719 2122 3773 bona

466 3791 628 3864 virgo
659 3794 965 3866 despiciat,
989 3801 1046 3852 et
1077 3799 1146 3853 ad
1190 3798 1568 3857 inhaerentem
1605 3804 1857 3876 speciem
1891 3823 2124 3879 semper

469 3899 779 3954 suspensa,
803 3883 1116 3944 libidinose
1138 3890 1210 3944 ad
1245 3890 1661 3960 periruendum
1687 3893 1981 3950 incitetur.
2007 3901 2123 3952 Nec

465 3970 570 4026 tali
601 3973 926 4044 quidquam
962 3977 1217 4047 prodest,
1246 3995 1461 4049 corpus
1491 3997 1522 4034 a
1553 3982 2010 4051 cogitationibus
2042 3985 2124 4038 in-

465 4068 808 4134 corruptum
833 4079 1231 4132 servare,cum
1261 4068 1457 4123 anima
1480 4069 1850 4141 immissisfin
1871 4088 1997 4127 eam
2023 4090 2126 4144 per

467 4149 668 4207 oculos
701 4154 996 4224 corporeis
1043 4156 1258 4210 amoris
1289 4156 1688 4228 voluptatibus
1729 4176 1964 4232 semper
1993 4177 2119 4216 cor.

469 4245 797 4311 rumpatur.
834 4242 990 4297 Metu
1017 4243 1172 4298 enim
1205 4243 1292 4299 vel
1332 4247 1553 4315 pudore
1586 4264 1690 4301 nec
1723 4248 1850 4302 sine
1880 4249 2120 4304 simula-

469 4328 627 4383 tione
659 4329 915 4385 retinens
945 4338 1404 4403 praeconeeptam
1431 4335 1501 4387 de
1527 4351 1588 4389 se
1618 4335 1919 4392 exterioris
1941 4339 2122 4409 virgi-

471 4413 671 4470 nitatis
703 4416 1064 4486 opinionem,
1098 4437 1281 4490 eaque
1316 4422 1524 4475 nudari
1559 4425 1896 4479 indecorum
1933 4428 2124 4482 existi-

469 4517 660 4570 mans,
704 4503 864 4559 illam
915 4505 1051 4561 colit
1107 4512 1162 4562 et
1219 4515 1522 4564 conservat
1556 4528 1568 4565 :
1602 4513 1700 4567 scd
1764 4512 2121 4587 incorporeis

2234 601 2372 670 μήτε
2410 596 2498 654 διὰ
2529 606 2714 674 φωνῆς
2747 597 2948 668 ταύτης
2979 598 3147 673 λόγος
3177 596 3344 673 ῥυεὶς,
3380 597 3514 672 πρὸς
3547 594 3755 665 ἡδονὴν
3788 596 3877 649 τὸν

2230 687 2496 754 ἀκουστήν
2550 692 2647 742 τοῦ
2707 686 2873 762 λόγου
2933 687 3250 762 φαρμάξειε,
3316 687 3444 757 μήτ’
3493 681 3687 755 ἔξωθεν
3729 684 3879 745 αὖθις

2233 773 2321 830 διὰ
2348 782 2446 844 τῆς
2480 776 2650 840 ἀκοῆς
2680 775 2842 850 λόγος
2873 777 3018 851 παρά
3046 797 3192 837 τινος
3224 774 3499 847 ἰμπεσὼν,
3530 776 3631 842 τήν
3655 772 3878 847 καρδίαν

2233 865 2400 934 αὐτῆς
2461 866 2596 940 πρὸς
2643 864 2928 937 ἐπιθυμίαν
2979 865 3229 938 κυμὴνῃ.
3279 863 3436 920 Οὕτω
3485 863 3584 937 γὰρ
3644 862 3735 916 καὶ
3798 860 3882 915 ἐπὶ

2231 958 2328 1008 τοῦ
2380 951 2697 1029 βλέμματος
2748 955 3013 1028 προσήκει
3063 959 3269 1020 ποιεῖν,
3326 953 3450 1024 μήτ’
3503 945 3883 1024 ἐμϐλέπουσαν

2239 1042 2636 1117 μαλακῶς,’ίνα
2693 1045 2768 1116 μή
2802 1041 3007 1112 ἡδονῖς
3056 1041 3358 1115 ἰνδάλματα
3404 1039 3493 1096 διὰ
3520 1042 3720 1096 τούτου
3770 1048 3884 1100 τοῖς

2236 1134 2401 1208 ὁρῶσι
2470 1134 2590 1187 καθ’
2680 1134 2873 1201 έαυτῆς
2935 1131 3252 1206 ἀποστέλλῃ
3289 1151 3302 1163 ο
3363 1133 3502 1203 μήτε
3568 1132 3630 1184 τὸ
3691 1129 3885 1202 ἔξωθεν

2236 1222 2586 1294 πεμπόμενον
2651 1221 2877 1297 βλέμμα
2925 1221 3182 1284 ἅπτεσθαι
3239 1221 3406 1289 αὐτῆς
3468 1224 3890 1294 συγχωροῦσαν,

2238 1311 2312 1371 ὡς
2344 1311 2403 1364 ἂν
2466 1312 2540 1382 μή
2589 1312 2830 1386 καθάπερ
2878 1311 2980 1365 τινὶ
3015 1309 3496 1384 πεπυρακτωμένῳ
3531 1306 3681 1384 βέλει
3713 1307 3893 1381 τούτῳ

2235 1400 2334 1466 τήν
2369 1397 2589 1471 καρδίαν
2627 1401 2911 1474 βληϐεῖσα,
2948 1401 3083 1472 πρὸς
3133 1399 3258 1462 τοὺς
3299 1406 3399 1467 τῆς
3446 1396 3655 1467 ἡδονῆς
3688 1398 3893 1459 τύπους

2241 1485 2595 1560 διακαιομένη
2646 1490 2972 1558 ἀνάπτηται.
3023 1491 3158 1561 "Eon
3365 1490 3509 1562 γὰρ,
3564 1487 3758 1564 φησὶν,
3822 1487 3894 1549 ὡς

2238 1573 2437 1654 ἔλαφος
2491 1576 2777 1649 τοξεύματι
2837 1577 3134 1653 πεπληγὼς
3215 1577 3289 1638 εἷς
3339 1578 3401 1631 τὸ
3451 1578 3601 1645 ἧπαρ
3640 1619 3655 1632 .
3720 1574 3895 1632 Ἀλλὰ

2237 1666 2298 1720 τὸ
2333 1666 2426 1737 μὶν
2461 1660 2650 1736 ἔξωθεν
2702 1666 2988 1722 ἀντίτυπον
3037 1671 3104 1740 τῇ
3158 1667 3286 1740 παρ’
3315 1666 3508 1735 ὶαυτῆς
3557 1667 3653 1738 θέᾳ
3685 1662 3770 1719 δεῖ
3800 1667 3894 1732 τῆς

2239 1757 2424 1828 ψυχῆς
2452 1754 2868 1827 ἀποκρούεσθαι,
2898 1755 2959 1809 τὸ
2992 1753 3048 1809 δὲ
3082 1754 3246 1822 αὐτῆς
3280 1754 3636 1830 σωφροσύνης
3665 1755 3898 1826 μήνυμα

2239 1848 2353 1904 τοῖς
2385 1845 2551 1917 ὁρῶσι
2602 1843 2883 1918 παρέχειν.
2915 1845 3116 1900 Ἱκανὸν
3153 1847 3265 1915 (26)
3315 1844 3417 1918 γὰρ
3459 1844 3548 1897 καὶ
3603 1844 3894 1918 βλεφάρων

2247 1932 2530 2008 περίεργος
2578 1933 2811 2005 κίνησις,
2867 1933 3142 2006 μυωπίσαι
3189 1953 3247 1987 τε
3275 1933 3365 1986 καὶ
3411 1935 3520 2004 (27)
3553 1937 3898 2006 παροιστρῆ-

2249 2043 2335 2076 σαι
2365 2024 2502 2097 πρὸς
2533 2019 2758 2092 ἡδονὴν,
2787 2022 2870 2097 ὑφ’
2904 2026 2969 2091 ἧς
3017 2026 3182 2078 ταῦτα
3231 2017 3382 2076 σοϐεῖ
3404 2022 3502 2090 τήν
3542 2025 3649 2092 (28)
3683 2022 3895 2095 ψυχήν.

2248 2113 2414 2169 ’Όταν
2443 2113 2548 2185 γάρ
2578 2116 2656 2182 τῷ
2684 2117 2802 2173 τοῖς
2836 2111 3145 2188 ὀφθαλμοῖς
3188 2112 3356 2180 αὐτῆς
3390 2109 3604 2188 ὀφθέντι
3651 2107 3812 2180 κιαλῴ
3840 2112 3900 2164 τὸ

2249 2195 2404 2272 ὅμμα
2462 2199 2720 2271 ἐμπαθῶς
2779 2200 3118 2275 ἆπερείσασα,
3176 2201 3418 2273 καθάπερ
3478 2199 3528 2253 ἐν
3592 2203 3776 2273 κηρῷ,
3831 2202 3897 2271 τῇ

2253 2289 2354 2342 ὑπὸ
2383 2295 2483 2356 τῆς
2534 2285 2740 2358 ἡδονῆς
2797 2287 3142 2363 μαλαχθείσῃ
3192 2287 3370 2363 ψυχῇ,
3402 2287 3528 2349 τοὺς
3566 2287 3774 2348 τύπους
3804 2293 3902 2356 τῆς

2247 2379 2500 2453 ὀφθείσης
2557 2377 2699 2441 ἰδέας
2753 2379 2802 2433 έν
2863 2381 3025 2453 ἑαυτῇ
3084 2377 3452 2450 ἄπομάξηται,
3508 2378 3902 2452 ἀνακέχώρηκε

2250 2469 2368 2540 μὶν,
2413 2470 2503 2523 καὶ
2554 2469 2668 2523 καθ’
2717 2469 2903 2523 ἑαυτόν
2952 2468 3093 2522 ἐστιν
3145 2469 3173 2522 ὁ
3224 2469 3458 2537 ποιήσας
3510 2469 3626 2539 (29)
3655 2466 3784 2527 τοὺς
3817 2465 3906 2519 τύο

2244 2577 2403 2624 πους,
2435 2555 2984 2634 ἐναποσφραγισθεῖσα
3036 2555 3092 2610 δὲ
3254 2553 3463 2626 διανοίᾳ
3508 2560 3604 2610 τοῦ
3640 2555 3900 2632 ὀφθέντος

2243 2648 2277 2715 ὴ
2314 2643 2450 2713 ἰδέα,
2501 2647 2637 2716 πρὸς
2676 2647 2742 2701 τά
2802 2647 2996 2714 ἑαυτῆς
3053 2642 3180 2721 ἔργα
3228 2644 3512 2721 ἐγκειμένη
3573 2645 3655 2699 ἀεὶ
3703 2666 3902 2721 φαντα-

2244 2741 2354 2790 σιοῖ
2398 2737 2496 2804 τήν
2539 2738 2747 2811 ψυχήν.
2799 2737 2892 2790 Διὸ
2944 2732 3025 2789 δεῖ
3078 2733 3317 2807 μάλιστα
3378 2736 3470 2805 μὶν
3529 2735 3630 2802 τὴν
3693 2734 3894 2809 ἀρχὴν,

2247 2822 2437 2896 μηδενί
2472 2825 2653 2885 ἀτενὲς
2707 2825 2804 2892 τήν
2851 2825 3110 2900 παρθένον
3164 2818 3479 2878 ἐπιϐάλλειν
3529 2823 3592 2877 τὸ
3643 2821 3827 2894 ὄμμα,
3861 2823 3894 2890 ἦ

2243 2908 2685 2983 ἐπιϐάλλουσαν,
2739 2913 3014 2984 ἀντιτύπῳ
3065 2910 3290 2983 δυνάμει
3349 2910 3476 2973 τοὺς
3535 2913 3898 2986 βιαζομένους

2242 3001 2609 3071 ἐντυπωθῆναι
2666 3003 3015 3077 χαρακτῆρας
3075 3001 3269 3069 ἑαυτῆς
3329 3000 3752 3074 ἀποκρούεσθαι,
3817 3001 3894 3061 ὡς

2241 3091 2299 3145 ἃν
2333 3088 2606 3164 μηδεμίαν
2640 3091 2958 3162 σωματικὴν
2994 3087 3134 3145 ἰδέαν
3168 3089 3418 3165 χρονίαις
3470 3096 3567 3158 τῆς
3605 3091 3896 3158 συνηθείας

2239 3174 2526 3242 ἐπιϐολαῖς
2556 3177 2949 3248 ἐντυπώσηται.
2984 3181 3107 3234 Ἐὰν
3160 3175 3217 3233 δὲ
3261 3200 3365 3233 που
3398 3173 3582 3250 συμϐῇ
3628 3177 3896 3239 λαθόντας

2237 3271 2342 3322 τῶν
2403 3272 2728 3339 σωματικῶν
2799 3270 2910 3338 (30)
2955 3266 3256 3341 ἐγγενέσθαι
3303 3266 3430 3327 τοὺς
3486 3266 3712 3333 τύπους,
3775 3273 3896 3328 ταῖς

2231 3361 2336 3410 τῶν
2387 3356 2570 3412 καλῶν
2614 3355 2862 3432 συνεχέσι
2917 3358 3161 3428 μνήμαις
3205 3355 3430 3416 τούτους
3471 3354 3523 3425 ἐξ
3553 3355 3726 3423 αότῆς
3761 3355 3897 3432 ἀφα-

2231 3447 2419 3514 νίζεινο
2470 3444 2596 3506 τοὺς
2657 3445 2749 3517 μὶν
2803 3445 2946 3520 παρά
3000 3451 3098 3513 τῆς
3147 3451 3463 3517 σωματικῆς
3517 3441 3662 3508 ἰδέας
3695 3443 3891 3518 ἐγγρα-

2233 3533 2444 3612 φέντας,
2477 3533 2715 3609 καθάπερ
2762 3533 2814 3588 ἐν
2861 3539 3040 3610 κηρῷ,
3090 3538 3158 3606 τῇ
3210 3533 3296 3587 ἐπὶ
3344 3534 3410 3587 τὰ
3453 3535 3568 3587 θεῖα
3604 3537 3892 3604 μεταθέσει

2231 3627 2328 3677 τοῦ
2355 3622 2450 3676 νοῦ
2481 3622 2905 3698 ἀπαλείφουσαν,
2955 3622 3083 3684 τοὺς
3133 3620 3191 3677 δὲ
3236 3627 3342 3677 τῶν
3388 3623 3555 3696 ἁγίων
3605 3629 3728 3684 ταῖς
3764 3623 3890 3695 περὶ

2233 3711 2366 3766 αύτά
2417 3714 2829 3783 πεπονημέναις
2889 3713 3139 3787 Θεωρίαις
3199 3711 3589 3789 ἐγγράφουσαν.
3645 3712 3774 3768 Ἐἀν
3837 3711 3895 3766 δὲ

2231 3800 2356 3862 τοὺς
2387 3799 2771 3875 ἐγγενομένους
2819 3800 2955 3874 αὐτῇ
3003 3802 3206 3863 τύπους
3238 3799 3489 3874 ἐμμένειν
3524 3804 3643 3874 (31)
3685 3801 3888 3873 ἀθραύ-

2234 3912 2390 3953 στους
2421 3889 2659 3963 καθάπερ
2692 3888 2743 3944 ἐν
2790 3887 3042 3968 σφραγῖδι
3090 3894 3158 3955 τῆ
3213 3887 3423 3961 διανοίᾳ
3470 3889 3620 3961 ἐάσῃ,
3673 3890 3884 3965 ἀνάγκη

2233 3980 2353 4053 περὶ
2386 3982 2482 4048 την
2514 3979 2990 4053 ἰκσφραγισθεῖσαν
3034 3976 3174 4034 ἰδέαν
3225 3980 3316 4034 τὸν
3347 3984 3469 4033 νοῦν
3528 3980 3890 4055 ἀσχολούμεο

2232 4089 2346 4136 νον,
2379 4068 2444 4122 τά
2479 4069 2575 4140 μὲν
2629 4067 2776 4124 ἀλλά
2820 4070 2996 4124 πάντα
3043 4066 3185 4123 καλά
3229 4073 3494 4144 παρορᾷν,
3529 4070 3666 4143 πρὸς
3699 4066 3760 4123 δὲ
3790 4071 3890 4137 τὴν

2231 4161 2328 4227 τῆς
2360 4157 2582 4227 ἐνούσης
2617 4156 2760 4222 ἰδέας
2790 4157 3077 4235 φαντασίαν
3113 4157 3450 4230 ὖπτοημένον
3497 4158 3603 4228 ἀεὶ,
3637 4161 3762 4231 περὶ
3792 4162 3890 4227 τήν

2233 4245 2531 4302 ἀπόλαυσιν
2593 4247 2756 4301 αὐτοῦ
2829 4251 2942 4319 (32)
3001 4247 3259 4319 ἐμπαθῶς
3316 4247 3719 4320 καταγίνεσθαι.
3787 4249 3888 4305 Καὶ

2233 4334 2390 4392 ούδὶν
2419 4337 2594 4406 ὤνησε
2640 4339 2738 4405 τήν
2783 4337 3066 4406 τοιαύτην,
3097 4338 3160 4391 τὸ
3209 4341 3370 4408 σῶμα
3402 4334 3741 4412 ἀδιάφθορον
3771 4344 3888 4398 ταῖς

2232 4426 2495 4488 ἐπινοίαις
2554 4425 2929 4501 φυλάσσουσαν
2970 4472 2983 4492 ,
3048 4427 3146 4494 τὴν
3213 4423 3270 4480 δὲ
3339 4427 3524 4501 ψυχὴν
3586 4427 3744 4501 πρὸς
3801 4428 3893 4489 τὰς

2233 4514 2626 4576 ἀποσταλείσας
2658 4513 2740 4569 ἐπ’
2771 4516 2938 4584 αὐτ-ὴν
2990 4513 3079 4569 διὰ
3123 4519 3219 4568 τοῦ
3271 4513 3590 4589 βλέμματος
3644 4520 3748 4569 τοῦ
3785 4537 3890 4570 σω-

464 4591 837 4662 cogitationis
860 4595 1135 4652 manibus
1157 4597 1630 4668 inseparabiliter
1646 4603 1944 4675 complexa
1961 4624 2118 4673 eum,

2240 4609 2464 4676 ματικοῦ
2496 4601 2696 4676 ἔρωτος
2750 4601 2949 4671 ἡδονὰς
2999 4603 3081 4657 ἀεὶ
3141 4603 3525 4680 φθειρομένην.
3561 4599 3734 4676 Φόϐῳ
3782 4605 3885 4678 γὰρ

465 4696 637 4751 quem
673 4681 786 4736 sibi
819 4683 1174 4754 impressum
1199 4691 1254 4741 et
1284 4686 1647 4760 insculptum
1683 4696 1862 4756 amat,
1889 4711 2121 4765 semper

465 4767 634 4824 illum
666 4784 863 4826 secum
895 4771 1259 4842 circumfert;
1293 4781 1348 4831 et
1380 4793 1506 4848 quas
1552 4795 1791 4852 corpore
1844 4799 2119 4856 peragere

540 4897 584 4933 ⁸⁸
614 4896 780 4953 Prov.
814 4915 913 4968 vn,
946 4902 1036 4956 22.

470 5105 493 5126 ν
537 5041 653 5112 (25)
683 5041 837 5113 "Ean.
879 5043 975 5101 Sic
1007 5061 1151 5102 mss.
1184 5052 1241 5103 et
1269 5049 1447 5105 editio
1479 5050 1717 5108 Veneta.
1751 5053 2118 5122 Parisiensis,

467 5131 598 5165 εστι.

537 5183 650 5266 (26)
677 5183 913 5266 Ἱκανόν..
931 5186 1020 5242 Sic
1049 5191 1379 5266 reperimus
1431 5193 1489 5247 in
1531 5193 1793 5266 quinque
1823 5195 2117 5252 veteribus

467 5254 654 5311 libris.
690 5256 866 5328 Editi,
901 5258 1084 5328 ἱκανή,

539 5329 654 5397 (27)
684 5325 802 5397 Καί.
837 5330 932 5384 Sic
967 5325 1108 5388 mss.
1143 5338 1200 5388 et
1229 5334 1408 5388 editio
1458 5334 1690 5390 Veneta.
1741 5337 1924 5392 Editio
1958 5340 2114 5393 Pari-

465 5395 703 5464 siensis,
737 5395 844 5454 διά.

533 5472 648 5538 (28)
680 5467 842 5524 Σοϐιῖ
871 5473 993 5540 τήν.
1028 5475 1122 5529 Sic
1158 5492 1297 5530 mss.
1335 5475 1506 5542 Editi,
1542 5471 1802 5530 σοϐεῖται.

533 5544 648 5615 (29)
677 5545 802 5605 Καθ’
831 5543 1015 5598 ἑαυτόν
1047 5545 1186 5598 ἐστιν
1222 5546 1248 5599 ὁ
1282 5548 1534 5615 ποιήσας.
1569 5549 1658 5604 Sic
1688 5550 1864 5605 editio
1900 5551 2115 5606 Veneta

461 5615 519 5687 et
551 5613 810 5687 plerique
843 5633 986 5672 mss.
1015 5619 1367 5675 Rarisiensis
1398 5613 1598 5687 editio,
1632 5622 1748 5675 καθ’
1779 5621 1933 5676 ἑαυτό
1970 5620 2112 5677 ἐστιν

466 5679 494 5734 δ
524 5679 583 5736 τὶ
609 5683 671 5737 τὸ
701 5679 953 5754 ποιῆσαν.

2234 4693 2268 4761 ἢ
2302 4690 2448 4747 αἰδοῖ
2503 4699 2602 4760 τῆς
2661 4690 3059 4768 προειληφυίας
3119 4692 3256 4746 κατά
3309 4693 3410 4758 τήν
3472 4689 3663 4764 ἔξωθεν
3698 4695 3889 4768 παρθε-

2228 4782 2342 4836 νίαν
2397 4778 2555 4850 δόξης
2601 4781 2715 4854 μεθ’
2763 4781 3098 4856 ὑποκρίσεως
3152 4779 3422 4854 ἐχομένη,
3453 4780 3636 4836 καὶτὸ
3664 4803 3886 4855 γυμνω·

2305 5054 2412 5123 (30)
2441 5054 2555 5126 Τῶν
2600 5054 2948 5126 σωματικῶν.
2997 5051 3159 5108 Unus
3213 5071 3278 5108 ex
3339 5054 3534 5126 Regiis
3584 5054 3886 5110 codicibus

2219 5125 2380 5198 juvit
2413 5125 2483 5178 ad
2533 5125 2973 5198 emendandum
3000 5126 3152 5194 quod
3197 5142 3369 5198 prave
3400 5125 3459 5180 in
3509 5127 3687 5198 editis
3733 5128 3884 5198 lege-

2225 5197 2425 5259 batur,
2455 5198 2534 5265 τῷ
2567 5199 2881 5267 σωματικῷ.
2916 5197 3075 5267 Idem
3129 5197 3306 5267 codex
3358 5197 3553 5262 habet,
3590 5196 3636 5250 εἰ
3669 5195 3727 5251 δέ
3759 5195 3882 5253 non.

2225 5267 2355 5341 Mox
2387 5264 3064 5341 quatuorgmsmvpro‘ti
3114 5265 3278 5330 αὐτῆς
3327 5267 3568 5330 habent.
3603 5268 3654 5322 ἐν
3700 5270 3882 5341 ἑαυτῇ.

2224 5337 2617 5400 Colbertinus,
2658 5337 2708 5408 ἐξ
2741 5337 2906 5406 αὐτῆς
2940 5337 3134 5407 αὐτην.

2298 5412 2405 5480 (31)
2441 5410 2748 5481 Έμμὲνειν.
2783 5410 3059 5467 Nonnulli
3105 5410 3355 5474 codices,
3387 5411 3586 5480 μένειν.
3623 5419 3680 5465 et
3731 5429 3883 5481 mox,

2224 5477 2694 5554 ἐνσφραγισθεῖσαν
2707 5526 2717 5537 .

2292 5502 2312 5532 3
2356 5502 2717 5554 ραγισθεισαν.

2292 5502 2400 5634 (ζῇ)
2435 5552 2634 5634 ᾼύτοῆ.
2673 5557 2740 5610 Et
2777 5553 3203 5634 editio‘Yeneta
3231 5556 3288 5634 e_t
3318 5557 3540 5609 veteres
3570 5551 3710 5608 libri
3742 5571 3884 5610 con-

2222 5626 2485 5681 sentiunt
2513 5627 2573 5681 in
2607 5626 2714 5682 bac
2743 5643 2899 5682 voce.
2933 5625 3108 5695 Editi,
3137 5621 3325 5691 αὐτῆς.
