4134 6224
309 355 425 419 691

1536 361 1772 424 LIBER
1812 360 1916 422 DE
1957 352 2487 425 VIRGlNlTATE.

3595 370 3713 434 698

308 492 469 556 οῆναι
518 486 719 576 ταύτης
770 485 1041 561 αἰσχύνης
1084 485 1228 562 ἄξιον
1272 490 1549 566 κρίνουσα,
1602 491 1804 563 ταύτην
1855 492 1951 566 μὶν

2072 494 2266 568 pudet,
2283 512 2357 553 ne
2372 497 2866 569 deprehendatur,
2880 514 2947 554 ea
2962 498 3159 556 animo
3177 500 3362 557 facere
3378 518 3494 558 non
3514 504 3714 576 pudet.

308 576 545 631 ἀσκοῦσα
595 573 959 649 διασυντηριῖ,
1002 577 1314 651 ἀσωμάτοις
1366 578 1423 636 δὲ
1470 581 1630 658 χερσὶ
1681 580 1960 659 περιλαμ-

307 659 532 720 ϐάνουσι
580 667 718 721 κατὰ
763 662 1003 721 διάνοιαν
1054 669 1145 722 τὸν
1185 668 1460 743 ἐρώμενον
1522 670 1957 745 ἐντετυπωμένον

308 753 468 828 αὐτῇ,
505 756 622 827 μεθ’
654 755 849 824 ἑαυτῆς
880 755 962 810 ἀεὶ
1021 758 1320 834 περιφέρει,
1351 760 1442 814 καὶ
1501 758 1534 815 ἅ
1589 759 1678 815 διὰ
1707 762 1960 834 σώματος

306 842 591 919 πράττειν,
640 840 797 899 ἕνεκα
850 849 948 899 τοῦ
1007 848 1347 923 φωραθῆναι,
1406 849 1743 924 αἰσχύνεται,
1796 853 1964 904 ταῦτα

304 937 428 994 ταῖς
458 932 691 995 ἐννοίαις
722 939 894 989 ποιεῖν
944 932 1043 989 οὐκ
1090 934 1342 993 αἶ’δεῖται.
1400 939 1503 995 ’Ὴν
1544 937 1720 994 οὐκέτι
1771 937 1965 993 λοιπὸν

310 1018 436 1076 οὐδὲ
494 1021 707 1094 σώματι
770 1017 828 1077 ἄν
882 1044 964 1085 τις
1023 1025 1187 1100 ὑγιῶς
1268 1026 1424 1102 λέγοι
1491 1031 1605 1101 (33)
1678 1028 1961 1103 παρθένον.

309 1111 541 1185 Ἀνάγκη
576 1112 682 1187 γάρ
722 1116 818 1166 τοῦ
873 1111 1148 1187 ἐρωμένου
1196 1115 1521 1192 ἀχωρίστως
1574 1118 1713 1191 αύτῇ
1778 1138 1965 1192 μιγνυ-

314 1200 479 1271 μένου
529 1200 665 1255 κατᾶ
713 1197 975 1274 διάνοιαν,
1034 1203 1124 1258 καὶ
1171 1204 1235 1259 τὸ
1285 1209 1447 1279 σῶμα
1488 1212 1607 1271 τοῖς
1652 1208 1750 1275 τῆς
1780 1209 1968 1281 ψυχῆς

310 1287 506 1351 πάθεσι
557 1294 1037 1367 συμμορφοῖηθαι,
1087 1293 1174 1347 καὶ
1221 1292 1691 1368 συνδιατιθέμινον
1747 1300 1865 1357 τοῖς
1917 1294 1968 1351 ἐν

310 1374 525 1448 διανοίᾳ
571 1380 873 1452 κινήμασι,
923 1383 1247 1458 φθειρομένῃ
1303 1388 1371 1457 τῇ
1426 1382 1684 1460 δεσποίνῃ
1749 1383 1966 1439 συνδια-

310 1465 643 1544 φθείρεσθαι,
694 1467 781 1522 καὶ
813 1466 954 1543 ὕπαρ
984 1471 1072 1525 καὶ
1121 1472 1257 1527 κατά
1295 1472 1423 1536 τοὺς
1474 1473 1672 1536 ὕπνους
1723 1473 1792 1529 τὰ
1839 1473 1966 1549 ἐρω-

309 1556 439 1610 τικά
489 1555 913 1632 ὀνειρωττούσῃ,
976 1559 1065 1614 καὶ
1115 1560 1244 1616 αὐτὸ
1291 1562 1459 1637 ταύτῃ
1509 1564 1965 1638 συνονιιρώττειν.

311 1645 577 1700 Τοιούτου
608 1643 666 1700 δὲ
696 1648 894 1709 πάθους
919 1649 1021 1718 τήν
1065 1651 1249 1726 ψυχὴν
1298 1652 1690 1729 κατασχόντος,
1739 1654 1964 1725 περιττή

315 1734 512 1791 λοιπὸν
546 1736 638 1790 καὶ
670 1739 704 1806 ἠ
736 1742 843 1792 τῶν
876 1738 1181 1814 βρωμάτων
1240 1740 1548 1816 ἐγκράτεια,
1597 1743 1684 1798 καὶ
1725 1745 1759 1812 ὴ
1794 1742 1965 1811 λοιπὴ

310 1830 411 1881 τοῦ
444 1827 702 1898 σώματος
732 1827 1142 1905 σκληραγωγία·
1194 1833 1259 1886 ού
1290 1838 1385 1887 τοῦ
1433 1831 1609 1888 ἵππου
1648 1834 1740 1889 τὸν
1800 1834 1967 1888 ἱππέα
1997 1868 2045 1934 Β

398 1915 413 1933 ε
521 1916 534 1933 η
590 1915 605 1934 ς
745 1919 773 1931 ..
1008 1920 1019 1934 .
1267 1922 1277 1934 .
1599 1921 1612 1934 .
1688 1926 1715 1934 -
1773 1920 1815 1934 ..
1940 1926 1965 1934 -

313 1915 452 1989 πρὸς
476 1916 544 1970 τά
586 1915 777 1971 ἑαυτοῦ
830 1920 1172 1994 σκιρτήματα
1219 1922 1497 1996 φέροντος,
1556 1921 1719 1977 αὐτοῦ
1769 1920 1827 1977 δὲ
1871 1926 1968 1977 τοῦ

320 2002 532 2065 ἱππέως
571 2009 654 2077 τῷ
704 2004 871 2060 ένόντι
919 2008 1078 2062 πάθει
1113 2013 1290 2071 κακῶς
1343 2012 1435 2065 τὸν
1481 2008 1651 2065 *ίππον
1702 2010 1971 2087 οἱπροῦν-

317 2114 435 2154 τος.
483 2094 571 2155 Ὠς
626 2093 730 2168 γὰρ
780 2094 868 2149 ἰπί
914 2115 1075 2150 τινων
1127 2097 1232 2152 ὐπὸ
1279 2100 1466 2173 γήρως
1512 2098 1849 2173 παρεθέντων
1904 2100 1966 2155 τὸ

314 2184 478 2253 σῶμα
532 2183 561 2236 ὁ
637 2187 781 2252 νοῦς,
841 2182 901 2239 ἐκ
975 2192 1075 2254 τῆς
1133 2188 1625 2263 προκατασχούσης
1668 2186 1965 2249 ἀκολασίας

311 2275 510 2341 νοσῶν,
541 2272 686 2344 παρὰ
716 2269 943 2345 δύναμιν
974 2273 1111 2349 πρὸς
1138 2276 1239 2344 τὴν
1266 2282 1368 2345 τῆς
1405 2274 1618 2346 ἡδονῆς
1670 2277 1965 2351 φαντασίαν

311 2358 583 2434 μοχλεύει
637 2362 699 2415 τὸ
756 2362 936 2435 σῶμα·
1002 2362 1174 2425 οὕτως
1233 2363 1321 2418 ἐπὶ
1378 2369 1484 2419 τῶν
1548 2365 1802 2438 ἐμπαθῶς
1850 2366 1963 2437 (34)

305 2450 448 2524 πρὸς
502 2443 676 2524 ἕρωνα
722 2452 822 2519 τήν
854 2452 1040 2526 ψυχὴν
1099 2453 1428 2526 γενομένων,
1487 2454 1577 2509 καί
1635 2454 1965 2529 παρειμένον

305 2541 381 2611 τῇ
430 2537 654 2607 ἀσκήσει
708 2539 772 2593 τὸ
829 2544 1009 2612 σῶμα,
1071 2540 1206 2614 πρὸς
1248 2541 1343 2604 τὰς
1399 2540 1538 2606 ἷδίας
1585 2542 1874 2615 ἐπιθυμίας
1928 2546 1963 2613 ἡ

309 2627 469 2702 ψυχὴ
501 2626 743 2702 ἐρεθίζω
778 2628 880 2682 οὐκ
911 2628 1015 2683 ἀπό
1060 2636 1159 2700 τῆς
1218 2635 1314 2684 τοῦ
1342 2632 1592 2705 σώματος
1643 2631 1825 2705 ἀκμῆς
1875 2629 1964 2687 ἐπὶ

2068 583 2229 640 Hanc
2261 601 2374 641 non
2414 587 2540 658 jam
2593 586 2867 659 amplius,
2905 606 2974 644 ne
3004 605 3241 661 corpore
3272 590 3529 663 quidem,
3564 599 3719 649 recte

2067 673 2353 744 virginem
2387 675 2705 747 quisquam
2730 677 2959 733 dixerit.
2984 678 3230 734 Necesse
3260 684 3352 735 est
3377 680 3557 745 enim,
3581 699 3715 737 cum

2072 762 2123 817 is
2144 779 2314 834 quem
2340 771 2501 820 amat
2530 766 2999 836 inseparabiliter
3020 783 3152 821 cum
3187 767 3287 823 illa
3316 769 3632 824 misceatur
3664 771 3720 824 in

2073 853 2294 921 animo,
2325 852 2520 923 ipsum
2554 854 2728 908 etiam
2754 870 2963 926 corpus
2995 856 3063 910 ad
3097 856 3306 911 animas
3339 858 3728 929 perturbatio-

2075 958 2180 998 nes
2211 942 2429 1011 eftingi,
2455 946 2512 996 et
2543 942 2912 1011 cogitationis
2948 945 3203 999 motibus
3235 962 3726 1017 congruens,cum

2075 1031 2316 1087 domina
2347 1037 2623 1103 corrupta
2646 1032 2967 1103 corrumpi,
2991 1037 3203 1088 etcum
3228 1051 3296 1089 ea
3328 1052 3429 1106 per
3457 1036 3646 1091 visum
3673 1042 3731 1092 et

2076 1121 2134 1176 in
2168 1121 2395 1176 somnis
2426 1122 2713 1176 amatoria
2755 1121 3108 1187 somniante,
3130 1121 3323 1192 ipsum
3358 1123 3535 1178 etiam
3570 1141 3723 1180 som-

2076 1209 2259 1265 niare.
2284 1210 2408 1265 Tali
2432 1215 2625 1265 autem
2651 1210 2853 1264 morbo
2876 1210 3130 1265 animam
3156 1211 3474 1278 detinente,
3498 1211 3728 1270 inutilis

2066 1299 2192 1369 jam
2228 1302 2283 1354 et
2303 1298 2565 1353 ciborum
2600 1299 2976 1366 abstinentia,
3000 1303 3058 1353 et
3091 1297 3312 1370 reliqua
3336 1302 3598 1373 corporis
3630 1320 3728 1358 au-

2076 1388 2341 1454 steritas;
2376 1403 2510 1442 cum
2546 1405 2659 1442 non
2683 1404 2871 1458 equus
2894 1387 3145 1458 equitem
3178 1388 3403 1460 impetu
3426 1407 3534 1445 suo
3575 1392 3730 1447 abri-

2076 1475 2333 1548 piat,sed
2369 1477 2495 1547 ipse
2515 1491 2697 1546 eques
2728 1476 2956 1531 interno
2978 1482 3153 1531 (nstro
3187 1492 3359 1548 prave
3381 1494 3599 1549 equum
3633 1479 3735 1534 sti-

2076 1564 2281 1620 mulet.
2304 1565 2812 1631 Quemadmodum
2846 1565 3003 1619 enim
3035 1564 3093 1619 in
3131 1565 3452 1636 nonnullis,
3475 1582 3726 1637 quorum

2077 1669 2291 1724 corpus
2322 1658 2625 1708 senectute
2656 1652 3051 1724 debilitatum,
3085 1670 3251 1709 mens
3281 1671 3350 1710 ex
3377 1655 3726 1725 praecedenti

2076 1742 2530 1815 intemperantia
2580 1748 2892 1815 aegrotans,
2928 1741 3079 1798 ultra
3125 1742 3273 1799 vires
3302 1744 3373 1798 ad
3408 1742 3728 1815 voluptatis

2074 1830 2392 1903 imaginem
2423 1845 2637 1903 corpus
2669 1830 2974 1897 sollicitat;
3009 1831 3091 1886 ita
3119 1831 3178 1886 in
3206 1831 3302 1899 iis,
3324 1847 3576 1903 quorum
3605 1832 3733 1888 ani-

2078 1937 2175 1976 ma
2205 1919 2423 1975 amoris
2464 1920 2667 1975 morbo
2719 1919 2965 1989 laborat,
2996 1919 3175 1976 etiam
3208 1921 3579 1977 debilitatum
3608 1922 3730 1978 vita

2077 2009 2328 2065 ascetica
2357 2025 2571 2080 corpus
2611 2009 2681 2064 ad
2728 2008 2994 2081 proprias
3024 2008 3376 2081 cupiditates
3406 2009 3605 2067 anima
3632 2027 3730 2067 ex-

2076 2098 2346 2154 stimulat
2377 2118 2391 2166 ;
2426 2114 2543 2154 non
2575 2114 2610 2153 a
2638 2097 2900 2170 corporis
2927 2098 3124 2171 vigore
3150 2098 3210 2153 in
3242 2098 3500 2154 animam
3532 2103 3733 2157 trans-

2076 2191 2253 2243 eunte
2285 2187 2511 2246 morbo.
2544 2187 2645 2242 sed
2697 2188 2769 2242 ab
2801 2186 3002 2242 anima
3052 2187 3124 2242 ad
3175 2203 3260 2253 ea,
3295 2204 3424 2259 quas
3471 2188 3732 2259 corporis

2076 2276 2315 2348 propria
2354 2280 2513 2344 sunt,
2564 2290 2739 2348 prave
2797 2279 3113 2332 commoto.
3145 2275 3204 2331 Si
3262 2291 3400 2348 ergo
3457 2281 3729 2345 aspectus

2074 2366 2220 2421 tanti
2255 2365 2511 2421 incendii
2544 2366 2636 2419 fax
2666 2368 2776 2432 est,
2808 2363 3119 2420 audiamus
3160 2380 3294 2420 eum
3328 2364 3430 2436 qui
3460 2364 3677 2421 clamat
3712 2384 3727 2423 :

2076 2455 2236 2512 Oculi
2273 2457 2357 2510 tui
2408 2460 2559 2510 reela
2610 2454 2851 2523 videant,
2885 2458 2937 2509 et
2983 2453 3264 2526 palpebra
3315 2457 3425 2509 tua
3470 2458 3727 2510 annuant

2063 2545 2246 2617 juxta,
2279 2551 2331 2599 et
2356 2558 2426 2599 ne
2452 2544 2761 2614 abripiari:
2788 2543 2963 2598 simul
2990 2558 3126 2598 eum
3153 2543 3432 2614 palpebris
3460 2543 3594 2615 tuis,
3625 2561 3726 2600 ne-

2074 2649 2178 2704 que
2208 2634 2450 2704 capiaris
2473 2632 2648 2688 oculis
2676 2633 2785 2688 tuis
2802 2633 2869 2686 ⁸⁷.

312 2718 411 2786 τήν
473 2718 658 2791 ψυχὴν
723 2712 1129 2789 διαϐεϐηκότως
1186 2724 1282 2774 τοῦ
1336 2721 1563 2793 πάθους,
1622 2720 1729 2776 ἀπὸ
1785 2718 1844 2776 δί
1892 2727 1994 2791 τῆς
2047 2724 2233 2796 ψυχῆς
2292 2720 2380 2774 ἐπὶ
2434 2722 2501 2775 τὰ
2523 2724 2621 2775 τοῦ
2652 2721 2906 2793 σώματος
2937 2717 3048 2775 ἴδια
3071 2723 3252 2781 κακῶς
3279 2720 3623 2793 κινουμένου.
3660 2723 3724 2778 Εἰ

308 2806 406 2860 οὖν
462 2804 687 2879 ὸλέμμα
739 2805 1002 2862 τοσούτου
1056 2808 1225 2882 πυρὸς
1277 2805 1515 2881 ἔναυσμα
1568 2807 1793 2885 γίνεται,
1840 2808 2124 2883 ἀκούωμεν
2179 2813 2276 2864 τοῦ
2336 2808 2779 2877 ὑποφωνοῦντος’
2840 2809 2904 2862 Οἱ
2962 2806 3240 2886 ὀφθαλμοί
3289 2829 3385 2862 σου
3424 2808 3558 2883 όρθὰ
3591 2806 3720 2884 βλε-

313 2894 590 2964 πέτωσαν,
621 2895 711 2948 καὶ
740 2895 808 2949 τὰ
841 2894 1086 2973 βλέφαρά
1115 2918 1212 2951 σου
1236 2898 1527 2952 νευέτωσαν
1563 2900 1674 2971 (35)
1706 2894 1905 2967 δίκαια,
1936 2898 2026 2953 καὶ
2063 2899 2139 2971 μή
2173 2902 2550 2972 συναρπασθῇς
2575 2902 2692 2958 σοῖς
2724 2894 3039 2973 βλεφάροις,
3097 2894 3238 2970 μηδὲ
3285 2896 3547 2972 ἀγρευθῇς
3605 2902 3721 2962 σοῖς

308 2983 412 3058 όφθ
420 2981 489 3038 αλ
502 2988 627 3055 μοῖς
639 3027 651 3038 .

386 3074 474 3129 id.
519 3071 587 3128 Ei
616 3070 674 3127 δὲ
719 3072 855 3127 κατὰ
908 3074 997 3128 τὸν
1059 3074 1313 3150 ἀνωτέρω
1368 3076 1469 3140 τῆς
1527 3074 1735 3152 φύσεως
1792 3071 1957 3150 λόγον

2144 3076 2229 3130 lli.
2264 3076 2425 3140 Quod
2457 3075 2529 3146 si,
2562 3075 2889 3131 secundum
2922 3091 3101 3148 supra
3130 3074 3451 3146 expositam
3495 3079 3719 3133 natura

307 3161 420 3239 ἁφή
452 3160 535 3223 τίς
594 3160 832 3252 ἐστινᾼὴ
888 3165 985 3217 τοῦ
1044 3163 1362 3238 βλέμματος
1414 3163 1553 3218 κατὰ
1606 3167 1713 3218 τῶν
1765 3183 1955 3235 σωμα-

2072 3165 2382 3233 rationem,
2412 3168 2602 3220 tactus
2634 3163 2875 3236 quidam
2920 3169 3011 3221 est
3050 3163 3355 3221 oculorum
3387 3166 3443 3220 in
3475 3182 3721 3239 corpora

301 3253 412 3304 τῶν
646 3244 905 3320 ἐπιϐολῆ⁹
956 3251 1047 3305 καὶ
1095 3249 1277 3328 ὥσπερ
1305 3258 1421 3315 τοῖς
1453 3252 1834 3329 ὀφθαλμιῶσιν
1868 3251 1957 3307 έπὶ

300 3336 472 3392 πλέον
502 3336 905 3407 ἐνατενίσαντες,
946 3347 1047 3408 τῆς
1101 3340 1261 3396 νόσου
1322 3335 1835 3414 μιταλαμϐάνομεν,
1864 3341 1951 3396 καὶ

300 3424 501 3489 ἄλλοις
531 3431 773 3504 φυσικῶς
802 3427 1103 3507 ὠφελοῦσιν
1138 3425 1527 3492 ἐπιϐάλλοντες
1574 3429 1705 3492 τοὺς
1755 3428 1957 3509 ὀφθαλ-

303 3513 440 3587 μοὺς
486 3517 622 3570 κατά
665 3516 729 3571 τὸ
782 3514 1021 3587 λεληθὸς
1090 3517 1485 3595 ὠφελούμεθα·
1543 3519 1633 3573 καὶ
1682 3524 1800 3581 τοῖς
1856 3524 1956 3587 τῆς

300 3601 508 3673 ἡδονῆς
535 3604 639 3678 ἄρα
665 3600 970 3676 συμϐόλοις
1002 3609 1115 3680 (37)
1146 3602 1537 3669 ἐπιϐάλλοντες
1579 3607 1707 3670 τοὺς
1755 3606 1959 3686 ὀφθαλ-

304 3692 572 3766 μοὺς,τῆς
604 3694 739 3750 κατὰ
764 3696 864 3763 τήν
890 3691 1095 3764 ἡδονὴν
1128 3695 1291 3750 νόσου
1318 3696 1411 3751 τὸν
1444 3700 1567 3751 νοῦν
1599 3694 1953 3768 ἀναπίμπλα-

305 3804 425 3856 μεν,
487 3780 670 3857 ὥσπερ
729 3783 821 3837 οὗν
851 3783 942 3839 καὶ
974 3789 1088 3847 τοῖς
1119 3779 1288 3847 ὅντως
1338 3785 1533 3848 καλοῖς
1562 3780 1954 3848 ἐπιϐάλλοντες

299 3871 552 3939 τούτους,
584 3869 674 3926 διὰ
727 3876 835 3927 τῶν
868 3871 1171 3950 ὀφθαλμῶν
1198 3874 1274 3937 εἲς
1304 3875 1404 3943 τὴν
1436 3877 1622 3950 ψυχὴν
1659 3875 1760 3944 τήν
1809 3873 1955 3949 ὠφέ-

302 3958 454 4015 λειαν
489 3959 783 4036 δεχόμεθα·
835 3963 922 4017 καὶ
958 3964 1065 4035 (38)
1098 3962 1296 4017 ἄτοπον
1327 3963 1462 4036 μετά
1489 3967 1587 4018 τοῦ
1619 3961 1952 4039 βλάπτεσθαι

301 4050 439 4122 πρὸς
468 4049 627 4103 νόσον
673 4046 762 4103 διὰ
801 4054 908 4104 τῶν
954 4050 1252 4128 ὀφθαλμῶν
1299 4052 1400 4120 τήν
1453 4050 1739 4125 παρθένον,
1772 4052 1845 4105 ὧν
1874 4052 1951 4123 μὴ

302 4142 494 4213 θαρσεῖ
519 4142 589 4210 τῇ
622 4137 770 4213 χειρί
797 4158 929 4194 ποτε
961 4136 1241 4213 ἅψασθαι,·
1278 4138 1486 4195 τούτων
1540 4144 1609 4214 τῇ
1638 4144 1735 4195 τοῦ
1766 4139 1952 4213 δμμα-

297 4247 393 4288 τος
424 4228 537 4304 ἀφῇ
566 4223 875 4304 ἀδιαφόρως
927 4226 1276 4307 ἐφάπτεσθαι.
1335 4230 1668 4305 Προαγωγὸς
1694 4230 1819 4304 γὰρ,
1876 4229 1951 4291 ὡς

297 4313 357 4369 ἃν
388 4313 533 4369 εἶ’ποι
564 4336 670 4383 τις,
701 4315 789 4370 καὶ
842 4319 1221 4391 προμνήστριτ
1269 4320 1305 4387 ἡ
1376 4318 1470 4390 μὶν
1506 4315 1595 4372 διὰ
1629 4322 1723 4372 τοῦ
1765 4313 1949 4389 ὄμμα-

294 4425 388 4467 τος
416 4403 556 4482 ἆφή,
611 4411 711 4474 τῆς
755 4402 844 4460 διὰ
895 4411 1095 4481 χειρῶν
1155 4401 1618 4479 προλαμϐάνουσαι
1673 4405 1951 4481 πόρῥωθεν

296 4494 525 4569 γίνεται.
560 4493 713 4561 Αὑτή
746 4490 804 4548 δὶ
832 4494 991 4566 αὕτη,
1026 4498 1061 4565 ἡ
1095 4495 1185 4550 διά
1222 4500 1425 4571 χειρῶν
1460 4516 1628 4573 φημι,
1683 4502 1783 4564 τῆς
1815 4495 1951 4549 κατὰ

302 4583 399 4651 τὴν
450 4580 783 4656 συμπλοκὴν
831 4585 1134 4660 θερμοτέρα
1208 4585 1527 4661 θεράπαινα*
1595 4586 1684 4639 καὶ
1751 4587 1786 4654 ἡ
1850 4585 1949 4653 τὴν

302 4673 528 4746 πρώτην
561 4672 704 4746 ἁφὴν
751 4677 849 4727 τοῦ
907 4669 1166 4746 ὄμματος
1220 4675 1295 4748 μὴ
1328 4695 1592 4752 φυγουσα,
1654 4674 1756 4729 οὐκ
1808 4673 1866 4729 ἂν
1897 4674 1961 4729 τὸ

307 4758 388 4814 ὄπ’
444 4762 611 4833 αὐτῆ,
672 4759 798 4817 οὐδὲ
851 4761 952 4830 τήν
981 4765 1091 4816 τῶν
1146 4767 1350 4837 χειρῶν
1377 4762 1673 4840 ἀποφύγοι.
1706 4763 1768 4819 Ἥ
1800 4759 1859 4817 δὲ
1883 4764 1953 4828 τῆ

298 4850 523 4926 τοιαύτῃ
582 4846 735 4914 αὖθις
768 4849 1042 4924 έρωτικῶς
1071 4849 1435 4924 ἐμπλακεῖσα,
1496 4849 1595 4906 οὐκ
1652 4849 1712 4906 ἂν
1777 4868 1950 4924 μολυσ-

372 5018 416 5053 ”
447 5018 616 5075 Prov.
646 5034 728 5089 γι,
756 5017 865 5113 2ᾇς
897 5035 973 5089 ιν,
1002 5018 1093 5076 25.

365 5197 479 5272 (33)
508 5193 694 5272 λέγοι.
718 5196 812 5253 Sic
840 5198 1110 5272 nonnulli
1131 5203 1355 5255 veteres
1385 5198 1519 5255 libri
1543 5196 1751 5254 melius
1773 5212 1950 5269 quam

299 5268 354 5323 in
373 5263 788 5341 δόὶὶίβξλέγει.

365 5341 478 5409 (34)
537 5339 849 5411 Ἐμπαθῶς.
907 5341 1002 5395 Sic
1053 5341 1426 5397 Colbertinus
1480 5345 1539 5396 et
1593 5340 1708 5395 duo
1770 5339 1868 5394 alii
1919 5357 1952 5394 a

296 5411 644 5483 Combelisio
674 5412 857 5467 citati.
891 5413 1063 5476 Ediii,
1099 5411 1379 5483 ἰμπαθῶν.

366 5482 479 5572 (35)
514 5480 848 5572 ῌευέτωσαν.
882 5483 1087 5541 Plures
1117 5480 1285 5551 mss,
1317 5481 1531 5537 νευέτω.
1561 5482 1950 5551 Colbertinus,

300 5552 544 5623 νεύματά
582 5573 678 5607 σου
708 5552 922 5608 νευέτω.

371 5625 837 5699 (38)-Σωμάτων.
894 5626 988 5699 Sic
1045 5625 1634 5699 opegnonnullorum
1686 5624 1954 5699 codicum

306 5693 747 5755 emendavimus
776 5699 932 5770 quod
962 5696 1022 5754 in
1053 5693 1227 5755 editis
1255 5697 1580 5771 legebatur,
1612 5693 1898 5768 ὀμμάτων.

2070 3254 2402 3325 coniectus;
2438 3252 2489 3308 si
2517 3252 3035 3324 quemadmodum,
3069 3253 3210 3308 dum
3251 3253 3563 3325 lippientes
3594 3255 3724 3310 diu-

2063 3342 2184 3399 tius
2207 3342 2527 3408 intuemur,
2545 3342 2734 3397 morbi
2762 3341 3077 3414 participes
3100 3342 3301 3414 ﬂmus,
3329 3343 3388 3397 in
3410 3359 3478 3397 ea
3501 3348 3724 3414 autem,

2064 3448 2193 3503 quae
2226 3436 2431 3486 natura
2458 3431 2769 3487 commoda
2790 3433 2949 3501 sunt,
2973 3431 3173 3486 oculos
3195 3430 3514 3504 deﬁgentes
3546 3430 3727 3487 laten—

2063 3525 2153 3576 ter
2175 3521 2485 3591 juvamur;
2518 3518 2600 3575 ita
2622 3518 2799 3575 etiam
2820 3536 2957 3575 cum
2980 3519 3040 3574 in
3062 3518 3377 3590 voluptatis
3400 3520 3571 3587 signa
3593 3537 3728 3576 ocu-

2063 3608 2153 3665 los
2174 3608 2543 3679 conjieimus,
2560 3608 2882 3679 voluptatis
2905 3608 3110 3663 morbo
3133 3625 3300 3664 mens
3321 3608 3625 3680 oppletur;
3660 3627 3727 3665 ac

2065 3698 2284 3769 pariter
2311 3697 2370 3752 in
2402 3714 2489 3764 ea,
2516 3713 2644 3768 quas
2664 3712 2796 3751 vere
2827 3698 2979 3752 bona
3000 3700 3158 3762 sunt,
3183 3697 3384 3752 oculos
3409 3698 3721 3769 conjicien-

2063 3790 2177 3851 tes,
2206 3803 2308 3858 per
2344 3785 2550 3841 oculos
2600 3785 2660 3839 in
2711 3785 2909 3840 anima
2956 3786 3275 3841 utilitatem
3326 3786 3720 3858 percipimus;

2065 3876 2117 3930 si
2149 3874 2272 3930 lia-.0
2303 3873 2386 3929 ita
2413 3889 2477 3929 se
2506 3872 2747 3943 habent,
2778 3876 3165 3945 praeterquam
3199 3874 3351 3944 quod
3388 3891 3490 3945 per
3518 3874 3722 3931 oculos

2065 3962 2336 4018 morbum
2370 3962 2530 4033 virgo
2563 3961 3179 4032 concipit,absurdum
3203 3967 3291 4017 est
3322 3966 3384 4016 ut
3415 3978 3542 4030 quis
3568 3979 3722 4017 nun-

2063 4068 2240 4124 quam
2267 4067 2445 4105 manu
2472 4058 2705 4121 tangere
2727 4050 3043 4115 audeat,ea
3061 4049 3361 4105 oculorum
3384 4054 3541 4104 tactu
3565 4051 3713 4107 6³1

2062 4139 2588 4196 indiscriminatim
2610 4142 2832 4211 tangat.
2861 4137 2960 4193 Ille
2982 4138 3138 4193 enim
3164 4153 3267 4209 per
3287 4136 3488 4193 oculos
3511 4139 3722 4204 factus,

2060 4230 2192 4286 leno
2224 4233 2335 4295 est,
2371 4235 2431 4285 ul
2474 4228 2556 4284 ita
2587 4226 2804 4297 dicam,
2836 4231 2894 4283 et
2924 4226 3229 4300 pronubus
3270 4225 3453 4293 illius,
3485 4226 3586 4299 qui
3619 4244 3722 4298 per

2063 4336 2274 4375 manus
2308 4318 2623 4390 perficitur,
2657 4332 2914 4388 eumque
2945 4315 3146 4388 procul
3177 4315 3506 4371 antevertit.
3530 4318 3719 4389 Atque

2058 4409 2184 4480 ipse
2227 4408 2325 4464 ille
2373 4409 2473 4479 qni
2523 4424 2627 4479 per
2679 4422 2889 4461 manus
2920 4407 3003 4476 ﬁt,
3039 4404 3220 4474 illius,
3252 4405 3349 4475 qui
3405 4421 3507 4476 per
3554 4422 3724 4460 com-

2061 4496 2317 4568 plexum,
2341 4496 2585 4551 calidior
2614 4499 2701 4549 est
2734 4492 3027 4563 famulus;
3055 4498 3113 4549 et
3136 4510 3266 4566 quae
3294 4494 3552 4566 primum
3577 4511 3718 4550 ocu-

2059 4585 2250 4641 lorum
2283 4590 2503 4640 tactum
2539 4601 2653 4640 non
2705 4584 2876 4655 fugit,
2907 4599 2976 4639 ea
3004 4588 3290 4654 quantum
3341 4583 3399 4637 in
3449 4583 3578 4656 ipsa
3609 4588 3720 4654 est,

2069 4690 2143 4731 ne
2174 4690 2459 4729 manuum
2487 4672 2723 4743 quidem
2748 4676 2971 4727 tactum
2994 4666 3250 4745 effugiet.
3276 4676 3502 4728 ltursus
3523 4678 3720 4728 autem

2048 4745 2197 4835 ’συθ
2227 4763 2520 4834 ejusmodi
2544 4766 2698 4816 tactu
2733 4761 3046 4817 libidinose
3069 4760 3369 4833 implicata
3391 4761 3583 4831 fuerit,
3606 4778 3721 4817 non

2067 4867 2210 4908 sane
2230 4851 2302 4907 ab
2323 4850 2816 4923 iniquinamentis
2837 4866 2986 4923 pura
3004 4849 3499 4923 deprehendatur.
3514 4852 3724 4918 Quem-

2132 5196 2246 5267 (37)
2280 5189 2615 5268 Συμϐόλοις.
2651 5196 2737 5252 Ita
2775 5195 2954 5252 codex
3002 5195 3242 5268 Regius,
3266 5196 3419 5268 jam_
3442 5210 3608 5268 saepe
3641 5193 3713 5249 ad

2062 5266 2372 5323 contextus
2436 5268 2903 5324 emendationem
2987 5266 3309 5324 adhibitus.
3366 5266 3459 5321 Sic
3536 5266 3714 5321 etiam

2060 5337 2273 5409 legisse
2325 5339 2556 5394 videtur
2600 5341 2970 5402 Ambrosius,
3019 5340 3120 5409 qui
3173 5338 3406 5394 reddit:
3441 5337 3573 5391 Cum
3620 5350 3713 5409 ρο-

2062 5400 2289 5485 ζιίριαίἰδ
2318 5411 2547 5485 indiciis
2594 5412 2775 5468 oculos
2804 5400 3103 5485 injicimas.
3141 5410 3463 5485 Editi,_1ai5
3508 5400 3716 5485 συμϐο-

2062 5478 2211 5565 λαῖς,
2269 5483 2569 5553 voluptatis
2626 5478 3024 5551 congreséibm,
3083 5486 3147 5534 ut
3202 5479 3372 5534 vertit
3427 5478 3714 5534 Combeﬁ-

2063 5571 2210 5610 8108.

2133 5625 2247 5695 (38)
2278 5621 2399 5678 Καί.
2448 5624 2760 5680 Redundat
2789 5623 2883 5679 hic
2913 5621 3267 5692 conjunctio,
3299 5624 3356 5675 et
3402 5618 3534 5676 ideo
3565 5634 3711 5692 prm-

2064 5699 2343 5754 termlssa
2369 5695 2430 5750 in
2460 5695 2956 5768 interpretatione.
