4074 6222
422 296 541 359 699
672 322 681 330 -
1156 328 1165 335 ί
1372 308 1773 374 APPENDIX
1813 309 2138 374 OPERUM
2183 311 2249 373 S.
2294 309 2575 372 BASILII
2619 308 2895 372 MAGNI.
3697 318 3798 380 700

433 436 752 494 admodum
782 438 939 494 enim
971 457 1105 497 cum
1144 441 1339 512 ignem
1372 441 1693 513 tangimus,
1727 444 1896 517 signa
1924 443 2042 517 igni

2194 439 2411 513 σμάτων
2452 439 2661 515 καθαρᾶ
2719 437 2983 515 εὑρεθείη.
3044 442 3131 502 Ὡς
3161 441 3262 517 γὰρ
3313 442 3407 496 τοῦ
3455 444 3615 515 πυρὸς
3662 430 3798 502 ἅττ-τό.

434 540 535 595 per
562 524 884 596 impressas
911 529 1078 584 nobis
1099 530 1167 585 ad
1179 530 1443 586 ustiones
1464 531 1806 604 accipimus,
1826 548 1933 587 nec
1953 532 2043 587 ﬁci

2198 550 2372 604 μενοι,
2430 529 2498 584 τὰ
2553 530 2835 601 σήμαντρσ
2886 532 2984 583 τοῦ
3040 529 3211 603 πυρὸς
3249 527 3339 584 διὰ
3382 534 3486 585 τῶν
3543 532 3797 608 ἐγγινομέ-

436 619 647 685 potest,
681 621 745 671 ut
773 617 872 689 qui
906 618 1099 688 ignem
1134 635 1311 674 manu
1344 619 1560 692 tetigit,
1584 637 1785 691 puram
1818 621 1890 676 ab
1922 620 2045 675 illiu

2194 620 2444 692 νων
2506 621 2641 691 ἡμῖν
2695 618 3013 691 καυστήρων
3075 616 3367 693 δεχόμεθα,
3424 621 3509 674 καὶ
3550 621 3797 698 ἀμήχανον

429 704 483 758 vi
511 705 718 760 urendi
744 723 981 763 manum
1005 709 1309 775 ostendat;
1334 710 1431 764 sed
1460 709 1704 781 pustulae
1728 711 1928 766 statim
1955 726 2038 782 po:

2197 708 2342 783 χειρὶ
2412 708 2584 777 πυρὸς
2659 705 3022 785 ἰφαψάμενον,
3099 707 3333 780 καθαρὰν
3398 715 3497 777 τῆς
3547 720 3798 782 καυστικῆς

429 796 653 849 tactum
687 801 1017 868 surgentes,
1053 814 1120 852 ac
1151 815 1265 853 non
1313 798 1440 853 sine
1471 798 1667 854 dolore
1698 799 1988 855 ferventes
2020 816 2038 852 ε

2197 794 2468 871 ἐνεργείας
2522 795 2717 850 τούτου
2747 793 2912 868 δεῖξαι
2953 798 3051 866 τὴν
3112 802 3295 873 χεῖρα,
3328 796 3456 852 ἀλλ’
3485 798 3518 867 ἢ
3552 798 3797 876 φλυκτίδες

438 885 744 951 micantes,
770 884 963 941 ulcera
993 903 1125 941 mox
1145 892 1427 959 eruptura
1449 888 1819 957 denuntiant,
1844 888 2047 959 autjar

2196 889 2267 960 τῇ
2297 886 2407 963 ἀφῇ
2442 883 2651 959 ἀθρόως
2683 884 3067 953 ἔπαναστᾶσαι,
3120 885 3210 940 καὶ
3275 883 3513 961 ὀδυνηρὰ
3544 890 3731 956 ζὲουσαί
3755 912 3800 946 τε

439 975 730 1045 impressa
754 974 949 1029 manui
976 976 1103 1031 dira
1122 980 1444 1032 cernuntur
1467 976 1691 1033 ulcera:
1717 978 1800 1033 sic
1823 977 1947 1032 fieri
1972 994 2045 1033 no

2198 972 2287 1030 καί
2347 972 2665 1052 σφύζουσαι,
2721 971 2855 1044 ἕλκη
2894 974 3124 1051 ῥαγῆναι
3160 977 3270 1048 (40)
3303 974 3457 1039 εὐθὺς
3505 975 3798 1047 ἀπειλοῦσιν,

444 1067 656 1133 potest.
690 1069 753 1117 ut
784 1064 882 1133 qui
923 1062 1302 1120 libidinosum
1339 1065 1531 1137 ignem
1565 1066 1843 1139 attigerit,
1875 1083 2053 1137 purut

2199 1064 2235 1133 ἢ
2269 1061 2378 1134 ἤδη
2412 1065 2683 1141 φθάσαντα
2732 1062 2782 1117 ἐν
2838 1068 2906 1137 τῇ
2965 1064 3112 1138 χειρὶ
3164 1064 3333 1140 πικρὰ
3372 1066 3555 1140 ὁρᾶται
3585 1066 3645 1121 τὰ
3668 1064 3797 1139 ἕλκη·

440 1152 513 1207 ab
536 1151 696 1206 illius
718 1152 904 1223 signis
928 1169 1168 1207 manum
1193 1157 1491 1224 ostendat;
1517 1157 1615 1211 sed
1638 1156 1724 1211 vel
1748 1156 1949 1210 eodem
1976 1172 2049 1209 mc

2201 1152 2375 1216 οὕτως
2433 1154 2720 1227 ἀμήχανον
2750 1151 3011 1229 ἐρωτικοῦ
3066 1154 3235 1228 πυρὸς
3292 1152 3644 1229 ἐφαψάμενον,
3673 1167 3804 1219 καθα-

438 1240 510 1293 do
542 1256 608 1293 ac
639 1242 696 1293 in
732 1257 945 1296 manus
988 1247 1168 1312 tactu,
1198 1244 1446 1314 pustulae
1478 1244 1625 1300 clam
1660 1244 1720 1299 in
1753 1245 1925 1299 corde
1956 1261 2047 1298 sur

2203 1242 2298 1317 ρᾶν
2331 1246 2440 1296 τῶν
2484 1240 2682 1296 τούτου
2730 1242 3056 1317 σημάντρων
3106 1243 3205 1309 τὴν
3236 1243 3378 1318 ἁφὴν
3409 1241 3672 1313 ἐπιδεῖξαι·
3701 1244 3804 1299 ἀλλ’

440 1332 665 1401 gentes,
690 1328 827 1384 dirae
872 1330 1089 1386 amoris
1134 1334 1624 1404 perturbationes,
1651 1335 1870 1389 fervent
1891 1338 1949 1388 et
1979 1332 2049 1387 mi

2202 1333 2236 1400 ἢ
2291 1330 2428 1385 κατὰ
2455 1331 2517 1385 τὸ
2547 1328 2744 1402 ὅμοιον
2775 1337 2874 1399 τῆς
2904 1329 3038 1384 κατὰ
3064 1332 3162 1399 τὴν
3196 1337 3359 1405 χεῖρα
3385 1333 3544 1408 ἁφῆς,
3576 1332 3804 1409 φλυκταῖ-

441 1422 598 1481 cant,
629 1433 695 1472 ac
728 1418 1196 1476 intolerabilibus
1222 1422 1474 1477 motibus
1505 1427 1847 1489 aestuantes,
1871 1439 2050 1494 pecca‘

2202 1440 2287 1474 ναι
2345 1422 2413 1493 τῇ
2444 1416 2641 1493 καρδίᾳ
2672 1417 2947 1493 λαθραίως
2998 1419 3376 1489 επαναστᾶσαι,
3434 1420 3499 1473 τὰ
3536 1421 3689 1496 πικρὰ
3727 1427 3805 1476 τοῦ

442 1507 640 1562 ulcera
662 1509 931 1579 protinus
952 1514 1231 1581 eruptura
1253 1511 1620 1580 minitantur,
1635 1513 1875 1583 autjani
1902 1516 2051 1567 totur

2202 1504 2406 1586 ἔρωτος
2436 1509 2609 1579 πάθη,
2648 1506 2823 1576 ζίουσί
2871 1528 2930 1562 τε
2979 1508 3070 1562 καὶ
3120 1507 3402 1584 σφύζουσι,
3459 1508 3547 1563 καὶ
3594 1510 3805 1585 ἀσχέτως

444 1611 543 1650 cor
571 1594 733 1650 intus
755 1596 1149 1653 exulceratum
1173 1600 1509 1655 ostendunt.
1533 1601 1689 1671 Ignis
1710 1600 1865 1655 enim
1889 1616 2053 1655 accen

2203 1596 2880 1673 παλμοῖςβυνεχόμεναι,
2937 1598 3004 1651 τὰ
3058 1604 3159 1665 τῆς
3219 1597 3487 1673 ἁμαρτίας
3516 1597 3640 1669 ἕλκη
3671 1598 3807 1675 ῥαγῆ-

443 1699 548 1739 sus
579 1688 687 1751 est,
713 1684 926 1755 inquit,
953 1686 1009 1741 in
1043 1689 1317 1744 omnibus
1350 1690 1665 1745 membris:
1701 1690 2052 1763 quodcunqu

2203 1707 2285 1741 ναι
2345 1684 2503 1747 εὐθὺς
2534 1682 2875 1755 ἀπειλοῦσιν,
2907 1683 2941 1752 ἢ
2974 1681 3081 1754 ἤδη
3116 1685 3251 1754 ὅλην
3285 1683 3611 1756 ἡλκωμίνην
3642 1684 3689 1740 ἰν
3717 1686 3807 1757 (41)

444 1776 641 1827 autem
670 1772 973 1842 invaserit,
998 1776 1276 1833 radicitus
1297 1778 1503 1849 perdit.
1524 1779 1711 1843 Quare
1731 1796 1863 1835 cum
1887 1780 1945 1833 in
1968 1794 2053 1833 om

2208 1775 2357 1851 βάθει
2412 1775 2513 1843 τὴν
2568 1771 2792 1849 καρδίαν
2850 1771 3104 1829 δείκνυσι.
3144 1777 3256 1848 Πῦρ
3312 1772 3415 1848 γάρ
3469 1771 3576 1828 ἐστι
3622 1773 3807 1844 καιόμε-

822 1828 893 1829 ην
961 1828 973 1842 ,
1000 1828 1009 1829 ,
1033 1828 1273 1833 ,τηηη
1297 1828 1502 1849 r_____-
1532 1828 1708 1843 ηπ--
1734 1828 1863 1835 -___
1887 1828 1945 1833 __
1972 1828 2054 1833 η,

445 1860 623 1916 nibus
646 1862 927 1918 membris
953 1863 1108 1935 ignis
1132 1865 1228 1920 ille
1251 1869 1623 1935 accendatur,
1648 1867 1741 1922 his
1763 1868 1865 1940 qui
1897 1868 2054 1923 velut

2206 1828 2329 1935 ξοδ,
2379 1828 2566 1939 φησὶν,
2615 1828 2703 1917 ἐπὶ
2732 1864 2947 1917 πάντων
2975 1828 3101 1917 τῶν(
3119 1828 3337 1935 μελδῦν⁶1
3359 1828 3421 1917 οιῦ
3455 1859 3500 1917 δ’
3528 1861 3584 1916 ἂν
3615 1828 3803 1936 titillari,

446 1965 661 2020 purum
707 1952 779 2005 ab
837 1952 1246 2010 exustionibus
1302 1971 1516 2028 corpus
1573 1956 1866 2022 exhibere,
1887 1971 2055 2011 caven

2208 1953 2268 2009 ἐκ
2301 1952 2464 2029 ῥιζῶν
2515 1950 2817 2009 ἀπώλεσεν.
2865 1954 3026 2007 Ὥστε
3078 1950 3264 2022 ἆπειδή
3326 1950 3415 2006 ἰπὶ
3472 1952 3671 2006 πάντων
3720 1955 3806 2005 τῶν

447 2038 586 2093 dum
618 2043 707 2094 est
736 2056 770 2094 a
797 2040 1058 2111 cujusvis
1098 2044 1347 2099 membri
1380 2049 1562 2117 tactu,
1587 2062 1659 2101 ne
1701 2061 2007 2101 accensam
2039 2045 2055 2099 i

2213 2041 2396 2117 μελῶν
2451 2040 2560 2097 ἔστι
2609 2042 2673 2096 τὸ
2728 2044 2834 2117 πῦρ
2891 2044 3053 2096 τοῦτο
3082 2042 3404 2114 καιόμενον,
3430 2046 3544 2104 τοῖς
3591 2041 3813 2115 προθεμὲ-

449 2128 711 2183 membro
734 2129 849 2183 vim
872 2128 1048 2201 ignis,
1078 2147 1178 2202 per
1207 2137 1427 2188 tactum
1462 2151 1577 2189 non
1600 2134 1791 2190 solum
1822 2135 1881 2189 in
1915 2150 2058 2189 mem

2210 2153 2324 2194 νοις
2380 2130 2614 2205 καθαρὸν
2644 2132 2931 2205 καυτήρων
2962 2131 3026 2185 τὸ
3059 2134 3220 2201 σῶμα
3258 2127 3525 2185 δεικνύναι
3555 2128 3808 2207 φυλακτὲον

454 2215 559 2271 bro
590 2218 744 2286 quod
774 2218 1088 2289 tetigerint,
1110 2222 1210 2275 sed
1244 2222 1302 2276 in
1336 2227 1455 2277 toto
1500 2239 1757 2294 corpore,
1786 2240 1852 2278 ac
1883 2223 1941 2277 in
1974 2223 2063 2294 ips

2212 2222 2468 2276 ἅπτεσθαι
2519 2240 2667 2281 τινος
2713 2223 2821 2274 τῶν
2876 2219 3078 2292 μελῶνο
3134 2216 3228 2274 ’ίνα
3282 2220 3360 2293 μὴ
3393 2220 3492 2288 τὴν
3522 2218 3603 2274 ἰπὶ
3647 2216 3812 2292 μίλους

456 2305 656 2361 anima
673 2307 1019 2379 suscipiant.
1034 2309 1178 2364 Nam
1199 2310 1249 2365 si
1265 2312 1509 2367 caudam
1531 2312 1726 2383 aliquo
1746 2317 2065 2367 tantummt

2210 2310 2504 2382 καιομένην
2539 2310 2651 2381 (42)
2706 2306 2969 2383 ἐνέργειαν
3028 2312 3125 2362 τοῦ
3157 2308 3354 2383 πυρὸς,
3414 2305 3501 2362 διὰ
3548 2314 3640 2377 τῆς
3680 2307 3814 2384 ἁφῆς,

459 2392 532 2447 do
555 2395 843 2464 serpentis
865 2400 1163 2468 tangente,
1186 2404 1381 2471 caput,
1411 2400 1520 2456 etsi
1551 2403 1608 2455 in
1633 2401 1823 2456 medio
1849 2401 2068 2472 positor

2214 2398 2314 2454 οὐκ
2338 2397 2424 2452 ἐπὶ
2480 2401 2577 2452 τοῦ
2612 2396 2807 2471 μέρους
2838 2395 3003 2468 μόνον
3064 2397 3125 2451 οὗ
3155 2396 3392 2469 ἥψαντο,
3448 2394 3571 2452 ἀλλ’
3617 2396 3685 2458 εἷς
3712 2394 3814 2450 ὅλον

457 2484 759 2552 tantopere
780 2483 978 2552 distat,
1002 2490 1197 2542 tamen
1224 2488 1296 2543 ad
1329 2488 1547 2544 factum
1581 2489 1636 2543 in
1666 2490 1853 2545 cauda
1881 2494 2066 2544 tactu:

2213 2488 2274 2542 τὸ
2325 2490 2504 2559 σῶμα,
2550 2485 2639 2540 καὶ
2672 2484 2747 2549 εἷς
2777 2486 2945 2555 αὐτὴν
2975 2486 3077 2554 τὴν
3123 2485 3310 2559 ψυχὴν
3346 2483 3737 2556 καταδίξωνται.
3766 2483 3813 2539 El

457 2570 661 2625 statim
712 2575 1070 2629 convertitur
1101 2592 1114 2631 :
1144 2581 1201 2631 et
1231 2578 1279 2632 si
1313 2578 1477 2649 pedis
1528 2580 1709 2634 nostri
1763 2578 1947 2650 digito
1996 2578 2066 2632 im

2214 2575 2315 2653 γὰρ
2344 2576 2441 2646 τῆς
2502 2574 2665 2649 ούρᾶς
2694 2594 2776 2636 τις
2812 2574 2974 2647 μόνον
3002 2577 3097 2629 τοῦ
3152 2570 3331 2650 ὄφεως
3379 2574 3574 2648 ἥψατο.
3629 2572 3709 2628 καὶ
3744 2592 3816 2626 το-

462 2658 757 2732 pingente,
790 2662 984 2734 capilli
1016 2664 1075 2718 in
1107 2666 1297 2737 capite
1341 2668 1542 2722 statim
1594 2668 1732 2723 recti
1765 2668 2071 2740 eriguntur

2218 2663 2395 2737 σούτῳ
2438 2665 2601 2737 μήκει
2632 2662 2684 2718 ἰν
2721 2660 2868 2737 μέσῳ
2897 2667 2994 2718 τοῦ
3025 2664 3276 2737 σώματος
3311 2665 3347 2733 ἡ
3380 2662 3585 2740 κεφαλή
3613 2663 3818 2741 ἀφεστω-

462 2753 615 2803 certe
646 2749 996 2807 libidinosus
1042 2757 1256 2818 tactus.
1288 2756 1463 2811 etiam
1498 2758 1547 2812 si
1577 2756 1636 2812 in
1670 2774 1845 2813 manu
1875 2761 2071 2813 tantur

2219 2774 2303 2825 σα,
2363 2751 2518 2826 ὅμως
2574 2754 2709 2827 πρὸς
2737 2753 2836 2823 τὴν
2864 2751 2915 2807 ὲν
2946 2755 3016 2826 τῇ
3049 2751 3182 2828 οὐρᾷ
3205 2753 3504 2828 γενομένην
3537 2753 3662 2830 ἁφὴν
3694 2749 3816 2813 εὐθὺς

462 2838 583 2909 fiat,
616 2844 813 2896 tamen
845 2858 879 2895 a
907 2844 1097 2913 capite
1128 2860 1307 2916 usque
1336 2846 1405 2901 ad
1438 2850 1726 2903 extremos
1758 2862 2008 2920 ungues,
2037 2864 2068 2901 a

2220 2843 2613 2920 ἐπιστρέφεται·
2672 2839 2763 2895 καὶ
2821 2840 2867 2895 εί
2896 2845 2993 2895 τοῦ
3023 2839 3073 2895 ἰν
3123 2841 3202 2911 τῷ
3234 2838 3364 2895 ποδὶ
3398 2843 3555 2913 ἡμῶν
3593 2836 3818 2895 δακτύλου

464 2944 707 2983 sensum
762 2930 1101 3003 voluptatis,
1131 2950 1234 3004 pro
1280 2936 1573 3005 tangentis
1623 2940 1794 3000 nutu,
1828 2935 2073 3007 pertrahi

2219 2929 2711 3007 προσπταίσαντος,
2772 2930 2825 2983 αἱ
2856 2928 2907 2984 ἐν
2957 2933 3026 3003 τῇ
3056 2926 3266 3007 κεφαλῇ
3298 2929 3489 3005 cpi/.5:
3522 2928 3663 3004 ὀρθαὶ
3692 2925 3817 2989 εὐθὺς

463 3031 696 3089 corpus.
724 3018 791 3073 Et
812 3022 1309 3090 quemadmodum
1334 3023 1482 3095 lapis
1511 3023 1570 3079 in
1603 3025 1869 3080 cisternae
1895 3040 2072 3096 aqua!

2220 3020 2619 3076 ἐπανίστανται·
2676 3017 2767 3072 καὶ
2823 3020 2858 3088 ἡ
2912 3016 3159 3092 ἐμπαθὴς
3215 3018 3435 3080 πάντως
3462 3020 3568 3091 (43)
3598 3016 3715 3095 ἁφὴ,
3743 3012 3819 3069 κᾶν

463 3107 785 3177 conjectus,
817 3124 931 3163 non
964 3108 1153 3165 solum
1183 3112 1545 3182 adjacentem
1577 3130 1740 3185 aqua
1774 3118 2018 3185 partem,
2052 3112 2066 3166 i

2222 3108 2274 3165 ἰν
2313 3112 2383 3183 τῇ
2440 3106 2586 3185 χειρὶ
2616 3108 2832 3181 γένηται
2868 3107 3054 3179 μόνον,
3118 3107 3223 3161 ἀπὸ
3253 3105 3499 3184 κεφαλῆς
3530 3104 3629 3169 ἕως
3672 3103 3821 3177 ἄκρων

463 3208 642 3263 quam
675 3195 902 3265 cecidit,
936 3198 1207 3270 exagitat,
1241 3201 1340 3255 sed
1373 3202 1547 3256 etiam
1581 3201 1726 3257 alios
1756 3219 1824 3257 ex
1853 3201 1986 3256 aliis
2017 3217 2072 3255 or

2222 3196 2462 3273 ὀνύχωῦ,
2520 3195 2674 3269 ὅμως
2705 3195 2840 3271 πρὸς
2867 3195 2968 3263 τὴν
3001 3192 3345 3264 συναίσθησιν
3376 3200 3475 3263 τῆς
3505 3190 3690 3261 ἡδονῆς
3716 3188 3824 3243 κατᾶ

463 3281 566 3336 bes
596 3282 878 3347 excitans,
903 3301 1089 3355 usque
1111 3288 1181 3341 ad
1215 3293 1476 3343 extrema
1505 3289 1638 3344 illos
1670 3290 1964 3344 interdum
1997 3305 2072 3361 ag

2220 3287 2283 3341 τὸ
2310 3289 2407 3341 τοῦ
2438 3283 2718 3358 ἀψαμᾶνυυ
2770 3278 3071 3355 σύμϐολον,
3130 3281 3377 3337 συνέλκει
3416 3283 3478 3338 τὸ
3530 3287 3691 3353 σῶμα.
3738 3278 3820 3333 Καὶ

463 3371 643 3426 tando
674 3372 977 3441 perducit:
1013 3374 1093 3429 ita
1124 3375 1475 3432 libidinosus
1505 3378 1891 3449 aspectus,vel
1922 3395 2072 3434 serm

2224 3376 2299 3437 ὡς
2332 3372 2489 3428 λίθου
2524 3370 2691 3447 βυλή,
2715 3371 2852 3426 κατὰ
2876 3375 2975 3426 τοῦ
3006 3371 3056 3425 ἐν
3096 3375 3164 3444 τῇ
3205 3367 3471 3445 δεξαμενῇ
3497 3367 3676 3430 ὕδατος
3701 3387 3826 3442 γινο-

466 3457 784 3531 voluptatis
833 3462 1205 3519 effeminatus
1254 3464 1562 3533 illecebris,
1595 3465 1654 3521 in
1709 3467 1949 3539 virginis
1988 3467 2075 3523 ani

2230 3464 2387 3539 μένη,
2448 3463 2512 3517 οὐ
2568 3461 2632 3516 τὸ
2687 3460 3082 3535 παρακείμενον
3146 3459 3310 3536 μὲρυς
3337 3464 3436 3516 τοῦ
3473 3457 3655 3520 ὕδατσς
3682 3452 3827 3519 καθ’8

468 3562 647 3614 mam,
698 3548 857 3603 velut
912 3550 969 3604 in
1030 3552 1248 3608 undam
1304 3554 1683 3625 purissimam
1742 3556 2077 3612 vehemente

2226 3555 2505 3609 πέπτωκεν
2541 3552 2569 3606 ὁ
2601 3549 2751 3613 λίθος
2803 3551 2966 3622 μόνον
3016 3548 3291 3623 κυμαίνει,
3355 3546 3482 3604 ἀλλ’
3526 3545 3713 3609 ἄλλους
3763 3542 3830 3598 ἐπ’

470 3634 737 3708 illapsus,
769 3638 914 3694 alias
943 3654 1011 3694 ex
1043 3641 1173 3697 aliis
1214 3643 1552 3712 amatorias,
1587 3650 1650 3699 ut
1700 3645 1757 3699 in
1811 3646 2079 3717 profundc

2228 3639 2423 3703 ἄλλοις
2460 3639 2695 3701 κύκλους
2747 3642 2857 3713 (44)
2910 3638 3340 3708 ἐπαναστήσατα,
3390 3636 3495 3702 ἕως
3540 3642 3639 3690 τῶν
3681 3632 3824 3707 ἄκρων

470 3725 729 3781 excitans
773 3728 1177 3800 cogitationes,
1212 3731 1539 3802 perculsam
1591 3733 1753 3789 illius
1802 3734 1899 3806 qui
1954 3750 2079 3806 aspe

2226 3730 2453 3792 τούτους
2511 3724 2621 3793 ἔσθ’
2676 3730 2765 3784 ὅτε
2821 3726 3154 3801 κυμαίνουσα
3210 3726 3352 3803 ἆγεν
3417 3726 3583 3789 οὕτως
3612 3721 3829 3801 ἔρωτικὸν

471 3816 631 3870 ctum
664 3816 933 3887 conjecit,
964 3818 1223 3892 imagine
1252 3825 1435 3877 totam
1468 3821 1725 3879 animam
1759 3824 1969 3895 quatit.

2240 3818 2485 3897 βλίμμα,
2541 3817 2577 3889 ἢ
2635 3815 2802 3893 λόγος
2856 3814 3057 3887 ἡδονῆς
3084 3814 3458 3890 τεθηλυμὲνος
3506 3813 3829 3889 μειλίγμασιν,

475 3901 552 3967 εἷς
579 3904 678 3973 τήν
706 3912 805 3975 τῆς
833 3908 1100 3979 παρθένου
1127 3910 1337 3984 ψυχὴν,
1372 3910 1553 3982 ὥσπερ
1587 3911 1661 3973 εἰς
1686 3911 1917 3987 καθαρὸν
1946 3909 2091 3987 ὕδωρ
2122 3906 2371 3988 σφοδρῶς
2405 3906 2678 3982 ἐμπεσὼν,
2710 3904 2881 3967 ἄλλας
2911 3904 2992 3961 ἐπ’
3026 3903 3200 3968 ἄλλας
3229 3907 3342 3978 (45)
3374 3903 3645 3979 ἐρωτικὰς,
3691 3901 3754 3960 ὡς
3789 3897 3830 3951 ἓν

482 3990 655 4065 βυθῷ,
686 3991 909 4070 ἐγείρων
943 3994 1174 4069 ἐννοίας,
1208 3997 1345 4068 ὅλην
1380 4000 1551 4068 αὐτὴν
1582 4003 1719 4076 πρὸς
1740 4001 1840 4069 τήν
1870 4004 1967 4053 τοῦ
2002 3997 2306 4074 βάλλοντος
2338 3995 2627 4075 φαντασίαν
2660 3995 2963 4069 πληγεῖσαν
2996 3993 3273 4065 κυμαίνει.

551 4083 639 4138 15.
659 4084 1023 4157 Quaqropter
1040 4092 1267 4159 Oportet
1287 4074 1635 4159 maxime,ut
1648 4089 1810 4161 virgo
1826 4094 1949 4143 tum
1970 4106 2132 4160 aspe-

2315 4074 2399 4142 15.
2452 4085 2545 4139 Διὸ
2597 4081 2681 4138 δεῖ
2741 4082 2979 4156 μάλιστα
3006 4083 3106 4152 τήν
3155 4081 3421 4155 παρθινον
3448 4078 3540 4141 τάς
3568 4098 3620 4133 τε
3649 4074 3725 4131 διὰ
3748 4075 3831 4127 τῶν

478 4176 611 4227 ctus
640 4177 766 4228 tum
797 4174 955 4230 vocis
986 4175 1322 4245 blanditias,
1348 4194 1474 4249 quae
1505 4178 1793 4249 pestiferas
1816 4177 2087 4250 voluptati

2245 4172 2577 4251 βλεμμάτων
2625 4172 2717 4227 καὶ
2761 4178 2859 4242 τῆς
2916 4177 3100 4245 φωνῆς
3150 4168 3458 4237 κολακείας,
3516 4174 3612 4237 τῆς
3654 4175 3834 4243 φθειρο-

478 4278 766 4317 venenum
791 4269 950 4330 sunt,
976 4281 1010 4318 a
1038 4264 1293 4336 propriis
1324 4266 1598 4322 sensibus
1621 4283 1794 4337 quam
1827 4268 1980 4324 632
2011 4266 2087 4323 lor

2239 4268 2402 4320 ποιοῦ
2432 4260 2637 4332 ἡδονῆς
2687 4261 2970 4339 φάρμακον
3019 4257 3202 4331 οὔσας,
3252 4262 3362 4313 τῶν
3399 4255 3547 4311 ἰδίων
3578 4254 3833 4321 αῗσθήσεων

480 4350 724 4421 gissime
756 4351 1025 4422 repellat;
1071 4354 1340 4408 auditum
1374 4354 1609 4425 quidem
1650 4354 1812 4410 intus
1842 4364 2001 4411 casta
2030 4372 2089 4411 co

2239 4356 2312 4415 ὼς
2373 4351 2711 4429 πορρωτάτω
2770 4348 3054 4405 ἆλαύνειν·
3135 4348 3235 4416 τὴν
3294 4348 3390 4420 μὲν
3452 4347 3612 4414 ἀκοὴν
3667 4340 3836 4397 ἔνδοθεν

478 4439 761 4509 gitatione
789 4440 1091 4507 obserans,
1116 4441 1318 4496 oculos
1361 4447 1555 4498 autem
1587 4460 1655 4498 ex
1686 4460 1860 4499 sexus
1909 4445 2087 4515 pudor

2240 4446 2484 4523 σώφρονι
2539 4442 2793 4519 λογισμῷ
2823 4440 3290 4517 ἀποφράττουσαν,
3321 4438 3450 4500 τοὺς
3482 4436 3537 4492 δὲ
3566 4429 3834 4523 ὀφθαλμοὺς

478 4526 672 4583 sciens
696 4531 972 4582 avertere.
996 4528 1139 4583 Nam
1164 4529 1214 4584 si
1245 4530 1422 4585 semel
1454 4547 1552 4600 per
1572 4531 1772 4588 oculos
1793 4537 1851 4588 et
1879 4533 2084 4589 auresi

2239 4519 2593 4611 ἀποστριφειν
2650 4532 2787 4586 κατὰ
2842 4530 2997 4606 φύσιν
3051 4529 3442 4605 γινώσκουσαν.
3498 4521 3699 4584 Ὃτιᾶν

479 4614 737 4671 animam
780 4615 1006 4672 aditum
1056 4617 1378 4686 inveniant,
1403 4618 1559 4675 aliud
1610 4620 1997 4678 blandimenti
2030 4639 2088 4695 ge

2238 4620 2309 4679 δι’
2365 4606 2663 4697 ὀφθαλμῶν
2726 4620 2818 4675 καὶ
2875 4619 3044 4689 ἀκοῆς
3099 4616 3186 4672 ἰπὶ
3242 4618 3341 4685 τήν
3402 4616 3581 4691 ψυχὴν
3636 4606 3833 4697 πάροδον

481 4720 617 4771 nus,
640 4720 851 4776 nempe
883 4721 1187 4777 manuum,
1209 4708 1436 4764 socium
1469 4716 1993 4783 assumcntes,qum
2023 4694 2090 4767 su

2238 4694 2473 4782 λάϐωσι,
2526 4694 2613 4765 καὶ
2673 4711 2772 4780 τὴν
2806 4709 2989 4783 ὲτὲραν
3025 4706 3217 4762 λοιπὸν
3250 4703 3340 4761 διὰ
3366 4712 3467 4775 τῆς
3499 4701 3673 4780 χειρὸς
3697 4694 3833 4754 κολα-

481 4796 622 4849 sunt
644 4793 901 4864 profecto
924 4796 1201 4866 temporis
1232 4813 1543 4870 progressu
1576 4800 1895 4872 perficient.
1920 4804 2090 4866 Quem

2239 4800 2385 4857 κείαν
2417 4798 2687 4876 συνέριθον
2746 4791 3176 4875 προσλαϐοῦσαι,
3208 4796 3275 4849 τὰ
3330 4796 3532 4850 ἑαυτῶν
3561 4793 3755 4850 πάντως
3776 4787 3835 4876 τῷ

481 4882 800 4938 admodum
832 4883 989 4939 enim
1018 4900 1153 4941 cum
1187 4885 1427 4943 militari
1458 4889 1696 4946 cohorte
1726 4890 2041 4947 adveniens
2070 4889 2089 4945 i

2242 4888 2431 4966 χρόνῳ
2462 4875 2799 4966 ἆΡγάδόνται·
2858 4887 2945 4948 Ὦς
3001 4886 3103 4961 γὰρ
3158 4884 3291 4958 μετὰ
3339 4887 3438 4939 τοῦ
3494 4875 3834 4966 στρατιωτικοῦ

484 4971 690 5028 urbem
726 4973 915 5041 miles,
938 4976 1178 5032 domum
1206 4977 1319 5034 sibi
1352 4979 1424 5035 ad
1456 4979 1845 5037 habitandum
1877 4998 2093 5054 quoqu<

2241 4960 2516 5053 τάγματος
2535 4960 2547 4965 ’
2572 4975 2791 5039 ἐπιστὰς
2847 4978 2915 5040 τῆ
2960 4960 3120 5030 πόλει
3151 4973 3180 5030 ’ὀ
3211 4972 3568 5054 στρατιώτης,
3598 4965 3754 5054 οἰκίαν
3777 4960 3835 5019 εἷς

481 5076 716 5117 versum
749 5063 1038 5120 circuiens
1071 5066 1341 5137 inquirit,
1376 5085 1442 5125 ac
1472 5069 1559 5127 vel
1598 5070 1820 5126 foribus
1852 5050 1911 5127 vi
1936 5050 2090 5127 exclu

2250 5050 2422 5142 μονῆν
2456 5068 2629 5139 ἑαυτῷ
2679 5065 2906 5143 περιιὼν
2936 5062 2988 5121 ἐν
3015 5061 3202 5136 κύκλῳ
3235 5051 3406 5132 ζητεῖ,
3436 5060 3523 5115 καὶ
3553 5059 3587 5128 ἢ
3618 5050 3832 5112 ἀποκλει-

554 5281 669 5355 (39)
686 5282 1119 5365 ’Ἐγγινομένωψ
1151 5259 1428 5365 Ῐΐοῐιηιιίιί
1460 5288 1711 5355 codices,
1738 5286 2126 5365 ἐγγενομίνων,

2115 5334 2126 5356 ι
2455 5286 2799 5365 Ξαιομὲνην..
2816 5285 2902 5343 Ita
2932 5301 3076 5365 mss.
3109 5280 3433 5365 sex.'_Editi,
3452 5276 3721 5365 κειμένην,

482 5363 537 5410 el
560 5341 741 5430 Ῥείης)
776 5341 936 5426 IPIOSt.‘
964 5341 1307 5430 φλυκταῖναι,
1335 5341 1356 5343 ⁷⁷
1393 5341 1427 5342 Ὗ
1468 5341 1711 5355 "nu"
1777 5341 1788 5363 ⁸
1814 5341 1880 5365 ι’·
2039 5341 2066 5343 τί

2313 5341 2425 5430 (43)
2455 5341 2844 5430 ΙῘάντ“ως.’Ξὶο
2875 5341 3109 5430 codices
3152 5372 3187 5409 a
3230 5341 3571 5408 Combefisio
3615 5341 3754 5403 citati
3794 5341 3837 5393 et

556 5428 670 5505 (40)
701 5427 986 5505 Ῥαγῆναι(
1018 5428 1193 5485 Paulo
1242 5434 1373 5505 post
1419 5432 1620 5505 eadem
1673 5449 1780 5505 vox
1827 5433 2127 5505 repetitur.

1511 5432 1620 5505 lem
1673 5449 1780 5505 vox
1827 5433 2127 5505 repetitur.
2243 5427 2662 5505 aliiin'onnu‘lli.
2697 5428 2871 5505 Editi,
2902 5427 3120 5505 παντός.

488 5490 981 5578 In'utroqueloco
1014 5518 1115 5555 sex
1166 5490 1683 5578 codiceshabent,
1716 5490 1973 5578 ῥαγεῖσὶιι.
2020 5505 2097 5559 Sel

1971 5549 1973 5556 ι
2020 5504 2125 5559 Sed
2313 5502 2427 5578 (44)
2455 5490 3035 5578 ξίύκλουςι-Νοίωρῌί
3066 5490 3580 5578 ορβίϐθῧιξιέκλοιξτ

487 5562 1480 5663 meli‘qs’golb‘ertinus‘cumeditis.
1586 5646 1596 5663 Ι
1795 5562 1806 5577 ’

2313 5562 2425 5663 (45)
2448 5570 2689 5663 ςἈλλας.
2718 5571 2994 5663 Nonnulli
3023 5569 3271 5636 codices,
3300 5562 3515 5626 ἃλλαις.
3546 5563 3664 5620 Mox
3689 5568 3836 5617 unus,

560 5642 672 5713 (41)
702 5644 809 5700 Ἐν.
843 5644 1176 5718 Praepositio
1214 5646 1417 5704 addita
1443 5662 1513 5704 ex
1543 5646 1813 5719 pluribus
1844 5664 1987 5705 mss.

1306 5646 1417 5704 iita
1443 5662 1513 5704 ex
1543 5646 1813 5719 pluribus
1844 5664 1987 5705 mss.
2242 5642 2376 5717 πρὸς
2405 5642 2571 5709 τὰς...
2603 5644 2915 5723 φαντασίας.

750 5940 911 6107 δι’
