4112 6224
389 291 510 353 703

1351 286 1750 352 APPENDIX
1793 284 2119 350 OPERUM
2164 286 2231 348 S.
2277 285 2553 352 BASILII
2596 287 2867 352 MAGNI.

3689 301 3805 361 Ἶοι

394 421 531 480 lius.
546 427 690 478 Nam
712 423 870 480 vocis
891 426 949 480 et
967 425 1270 482 oculorum
1294 423 1487 478 tactus
1510 421 1582 475 ad
1607 433 1892 476 manuum
1925 421 2046 474 tac-

2162 436 2357 491 γοντας
2388 418 2654 493 ἁμαρτίαν
2681 425 2799 482 τοῖς
2833 419 2923 476 διὰ
2957 421 3163 479 τούτων
3221 447 3280 480 τε
3332 426 3422 482 καὶ
3483 426 3534 483 ἐν
3591 430 3804 494 τούτοις

391 518 520 568 tum
543 513 767 569 sensim
793 513 1100 585 ducit.Ipsi
1124 517 1321 568 autem
1347 526 1552 566 omnes
1572 509 1633 564 hi
1659 512 1872 574 tactus,
1896 506 2054 563 velut

393 602 452 657 in
484 607 689 658 catena
735 619 804 658 ex
834 618 962 657 sese
1005 601 1255 656 invicem
1305 600 1460 668 nexi,
1493 597 1652 654 illius
1703 601 1920 667 tactus,
1951 595 2052 669 qui

395 696 485 749 est
515 692 574 746 in
606 689 825 746 carnali
858 688 1347 762 copula,pronubi
1379 687 1690 743 ﬁunt.Non
1724 685 1886 742 solus
1916 701 2053 757 ergo

392 780 490 836 ille
521 786 734 842 tactus,
769 779 868 852 qui
900 779 969 834 ad
1005 779 1301 834 carnalem
1340 777 1610 849 copulam
1643 776 1917 848 pertinet,
1951 773 2051 829 sed

394 887 568 926 omne
589 886 777 942 genus
808 866 1198 923 multiformis
1225 871 1521 935 tactus,ex
1551 881 1666 937 quo
1694 864 1888 920 omnis
1919 879 2052 936 spe-

392 959 510 1014 cies
543 975 644 1029 per
667 974 878 1013 sensus
904 956 1418 1027 nascitur,virgini
1450 955 1762 1026 diligenter
1787 955 2052 1009 incorru-

394 1053 560 1121 ptum
588 1047 940 1102 servandum
973 1050 1085 1114 est,
1106 1051 1171 1100 ut
1193 1046 1267 1100 ab
1293 1043 1480 1100 oculis
1503 1049 1560 1100 et
1581 1059 1720 1100 voce
1740 1048 1796 1097 et
1813 1041 2053 1112 reliquis

390 1135 707 1208 voluptatis
733 1135 993 1191 motibus
1014 1135 1246 1190 eminus
1269 1135 1484 1190 missas
1507 1132 1796 1189 scintillas
1819 1136 2052 1187 contra-

390 1223 494 1280 riis
528 1224 826 1295 pudicitiaa
859 1224 1097 1281 ﬂatibus
1120 1224 1524 1296 exstinguene,
1547 1221 1722 1278 simul
1746 1221 1924 1277 etiam
1957 1235 2049 1276 ac-

389 1329 628 1369 censam
661 1315 732 1369 ab
765 1313 882 1369 illis
907 1314 1205 1368 ﬂammam
1229 1313 1546 1384 prudenter
1567 1311 1899 1381 exstinguat
1925 1328 1938 1376 ;
1962 1308 2051 1364 vel

391 1403 586 1475 potius
618 1401 812 1458 nullas
867 1402 1108 1458 omnino
1162 1402 1494 1474 suscipiens
1525 1399 1845 1472 voluptatis
1877 1400 2050 1468 faces,

391 1508 697 1564 nunquam
733 1508 974 1564 prorsus
1003 1492 1212 1547 habeat
1260 1491 1319 1546 in
1376 1491 1655 1546 carnibus
1704 1503 2053 1544 succensam

355 1640 358 1644 ,
387 1580 706 1653 voluptatis
743 1580 1250 1653 ﬂammam.Virgo
1281 1579 1461 1654 igitur
1497 1579 1573 1635 sit
1605 1577 1846 1650 virginis
1876 1581 1934 1633 et
1955 1593 2054 1631 au-

390 1670 556 1726 ditus
586 1677 643 1725 et
664 1675 960 1741 aspectus,
986 1687 1052 1725 ac
1084 1673 1276 1726 tactus
1307 1669 1483 1725 etiam
1517 1672 1574 1723 et
1603 1666 1797 1723 omnis
1831 1671 2050 1722 motus.

2164 503 2454 584 σφαλεροῖς
2488 509 2599 581 (52)
2623 507 2868 574 ὀλίσθοις
2899 510 3282 584 έμπλέκεσθαι.
3314 518 3433 570 ’Ὀτι
3482 519 3517 586 ἡ
3579 519 3675 589 μὶν
3722 516 3805 574 διὰ

2164 602 2346 672 φωνῆς
2377 595 2467 650 καὶ
2503 595 2834 672 βλεμμάτων
2864 599 2973 678 ἀφὴ
3007 600 3094 656 έπὶ
3141 604 3241 672 τήν
3287 609 3398 659 τῶν
3449 611 3650 682 χειρῶν
3711 606 3807 663 λα-

2164 683 2364 757 θραίως
2397 682 2593 742 ὁδεύει.
2629 687 2796 742 Δῦται
2831 685 2887 743 δὲ
2934 697 3120 759 πᾶσαι,
3145 693 3219 756 ὡς
3277 694 3328 748 έν
3381 693 3569 750 ἁλύσει
3626 695 3808 767 ἀλλή-

2163 770 2274 827 λων
2303 771 2584 849 ἐχόμεναι,
2615 782 2716 845 τῆς
2767 778 2902 832 κατᾶ
2955 780 3055 847 τὴν
3088 782 3433 854 ’συμπλοκήν
3482 785 3624 862 ἁφῆς
3676 805 3807 861 προ-

2164 863 2456 936 μνήστριαι
2484 862 2740 940 γίνονται.
2775 867 2850 921 Ού
2885 867 3010 940 μίαν
3049 867 3140 923 οὖν
3185 871 3284 938 τήν
3327 873 3460 928 κατὰ
3503 876 3603 942 τῆν
3671 875 3809 946 μίξιν

2161 951 2302 1041 etp-av
2362 951 2551 1041 μόνον,
2593 951 2719 1010 ἀλλ’
2776 955 2906 1010 ὅλον
2964 958 3021 1011 τὸ
3077 959 3230 1034 γένος
3285 967 3384 1030 τῆς
3445 960 3809 1041 πολυμόρφου

2161 1039 2323 1108 ἁφῆς,
2355 1039 2406 1111 ἐξ
2436 1044 2502 1110 ἧς
2532 1043 2595 1097 τὸ
2624 1048 2726 1097 πᾶν
2756 1041 2896 1107 εἶδος
2945 1043 3032 1100 διὰ
3072 1053 3178 1102 τῶν
3239 1050 3539 1120 αἰσθήσεων
3600 1039 3810 1128 φύεται,

2160 1132 2228 1202 τῇ
2265 1130 2516 1202 παρθένῳ
2572 1130 2852 1204 ἐπιμελῶς
2905 1131 3142 1210 ἄφθορον
3193 1136 3633 1215 φυλακτέον·“ἱνα
3689 1141 3812 1205 τοὺς

2161 1216 2266 1304 ἀπὸ
2324 1216 2623 1292 ὀφθαλμῶν
2681 1222 2770 1275 καὶ
2825 1230 3012 1300 φωνῆς
3069 1225 3159 1280 καὶ
3215 1232 3322 1281 τῶν
3395 1226 3606 1283 λοιπῶν
3679 1231 3810 1304 πρὸς

2162 1303 2362 1376 ἡδονὴν
2393 1310 2709 1380 κινημάτων
2739 1311 3022 1387 πόρῤωθεν
3075 1317 3463 1388 πεμπομένους
3514 1303 3813 1389 σπινθῆρας

2162 1395 2517 1472 σωφροσύνης
2588 1398 2926 1462 ἀντιπνοίαις
3002 1397 3362 1473 σϐεννύουσα,
3422 1406 3512 1460 καὶ
3585 1407 3688 1474 τήν
3765 1406 3813 1477 ἐξ

2163 1482 2340 1539 αὐτῶν
2385 1483 2766 1559 ἀναπτομένην
2818 1492 3083 1564 πυρκαϊὰν
3145 1493 3430 1568 φρονίμως
3481 1490 3813 1550 συναποσϐέ-

2161 1592 2252 1646 σῃ·
2291 1571 2504 1645 μᾶλλον
2538 1571 2594 1630 δὲ
2632 1572 2724 1631 ’ίνα
2755 1573 2896 1650 μηδὲ
2921 1579 3036 1651 (53)
3063 1581 3163 1648 τῆν
3213 1581 3392 1656 ἀρχὴν
3438 1580 3812 1657 παραδεξαμέ-

2162 1683 2228 1732 νη
2260 1668 2359 1731 τῆς
2417 1659 2624 1733 ἡδονῆς
2673 1665 2738 1720 τὰ
2776 1664 3101 1740 ἐναύσματα,
3140 1665 3282 1741 μηδέ
3323 1668 3426 1746 ἔχῃ
3481 1671 3630 1734 ὅλως
3684 1673 3812 1727 ποτὶ

389 1757 441 1814 έν
498 1763 617 1819 ταῖς
681 1757 860 1829 σαρξὶν
922 1757 1246 1834 ἀναφθεῖσαν
1305 1763 1406 1826 τῆς
1458 1753 1665 1825 ἡδονῆς
1721 1755 1821 1822 τὴν
1871 1748 2158 1828 πυρκαϊάν.
2221 1749 2491 1824 Παρθένος
2549 1751 2639 1806 οῦν
2699 1750 2836 1809 ἔστω
2865 1758 2982 1829 (54)
3003 1763 3102 1826 τῆς
3133 1758 3399 1832 παρθένου
3431 1759 3522 1815 καὶ
3571 1763 3608 1831 ἡ
3670 1762 3804 1830 ἀκοὴ

388 1849 482 1902 καὶ
510 1847 573 1902 τὸ
614 1845 862 1922 βλέμμα,
894 1844 970 1901 ἔνι
1002 1844 1058 1901 δὶ
1087 1848 1121 1916 ἡ
1155 1846 1263 1924 ἀφή
1295 1845 1384 1901 καὶ
1416 1844 1545 1900 ὅλον
1573 1843 1635 1900 τὸ
1661 1844 1889 1916 κίνημα.

463 1940 518 1994 6.
553 1937 830 1992 Ornanda
853 1943 1048 1994 autem
1073 1943 1162 1993 est
1185 1954 1330 1992 vere
1370 1936 1726 2009 virginitatis
1757 1939 1880 1991 tota
1911 1931 2042 2005 pul-

2225 1930 2314 1987 46.
2348 1935 2634 2003 Κοσμῆσαι
2691 1929 2750 1987 δέ
2803 1955 2904 2005 της
2960 1934 3184 2003 ἀληθῶς
3233 1936 3500 2012 παρθένου
3561 1939 3674 2010 (55)
3727 1935 3806 1993 δεῖ

391 2026 688 2092 chritudo,
722 2031 788 2082 ut
817 2043 923 2082 nec
956 2025 1284 2082 naturalem
1316 2025 1812 2099 pulchritudinem
1844 2027 2043 2080 osten-

390 2119 517 2173 tare
549 2116 914 2181 studeat,nec
946 2115 1106 2171 illius
1137 2115 1542 2187 expers,cultu
1574 2113 1733 2170 illam
1757 2113 2042 2184 exquirat.

391 2205 742 2260 Indecorum
776 2204 931 2260 enim
966 2205 1226 2277 profecto
1257 2209 1347 2260 est
1375 2203 1670 2275 virgini,et
1700 2203 1772 2257 ab
1802 2199 2044 2272 integri-

391 2297 533 2361 tate,
567 2310 743 2365 quam
792 2294 1120 2365 profitetur,
1153 2293 1434 2361 alienum,
1467 2291 1554 2348 vel
1597 2291 1944 2364 gloriantem
1976 2289 2047 2345 de

393 2382 551 2438 datis
570 2400 604 2438 a
619 2387 889 2438 Creatore
904 2384 976 2438 ad
999 2384 1262 2438 decorem
1295 2382 1676 2452 ornamentis,
1709 2396 1776 2436 ac
1799 2380 2048 2450 superbe

395 2470 795 2537 ambulantes,
827 2475 892 2524 ut
931 2471 1010 2526 ita
1041 2472 1256 2540 dicam,
1308 2472 1381 2526 ob
1429 2473 1818 2533 venustatem,
1851 2467 2048 2540 plures

395 2563 688 2614 amatores
731 2559 821 2616 sui
875 2559 1136 2631 corporis
1187 2560 1244 2614 in
1295 2559 1893 2617 communem'conari
1926 2557 2049 2612 rui-

395 2664 533 2703 nam
564 2647 907 2720 impellere;
941 2647 1031 2703 vel
1062 2653 1354 2704 carentem
1385 2647 2048 2715 venustate,condimen-

399 2742 527 2792 tum
553 2737 872 2810 voluptatis
902 2737 1600 2809 cernentibus,exquisito
1630 2736 1891 2808 corporis
1921 2735 2048 2791 cul-

397 2831 486 2896 tu,
518 2826 836 2883 elaborare.
867 2827 1014 2884 Nam
1049 2843 1154 2883 nec
1201 2827 1390 2899 prima
1418 2830 1641 2882 castam
1686 2825 1920 2881 exhibet
1949 2841 2049 2881 co-

395 2917 762 2990 gitationem,
795 2919 935 2974 dum
967 2919 1038 2974 de
1081 2919 1371 2975 Creatoris
1417 2935 1608 2991 opere,
1641 2923 1925 2990 tanquam
1980 2917 2050 2974 de

394 3007 632 3079 proprio
662 3007 935 3080 praeclare
966 3009 1118 3065 facto
1149 3007 1457 3080 gloriatur,
1487 3012 1544 3064 et
1573 3007 1728 3080 quod
1769 3007 1828 3062 in
1860 3011 2048 3064 certa-

395 3112 530 3151 men
563 3113 634 3151 ne
663 3097 998 3164 inducatur,
1032 3116 1067 3153 a
1095 3099 1339 3154 Domino
1370 3098 1514 3170 petit
1545 3115 1557 3153 :
1591 3101 1674 3154 Ne
1703 3097 2047 3164 inducas,in-

395 3183 628 3256 quiens,
658 3201 758 3241 nos
801 3189 863 3241 in
915 3188 1274 3242 tentatiomm
1301 3189 1366 3252 ⁷ο,
1402 3187 1460 3241 in
1510 3187 1653 3242 illud
1687 3188 2049 3243 amatoribus

2153 2015 2288 2073 ὅλον
2317 2019 2381 2074 τὸ
2409 2017 2642 2088 κάλλος,
2667 2019 2760 2076 ’ἶνα
2794 2025 2934 2095 μήτε
2956 2029 3036 2097 τῷ
3083 2031 3294 2102 φυσικῷ
3343 2025 3539 2082 κάλλει
3586 2027 3805 2100 ἐμπομ-

2153 2107 2336 2163 πεύειν
2367 2106 2665 2185 σπουδάζῃ,
2702 2113 2841 2183 μήτε
2897 2114 3201 2190 ἀμοιροῦσα
3250 2115 3446 2171 τούτου
3508 2115 3802 2172 καλλωπί-

2157 2198 2334 2266 ζεσθαι
2368 2196 2518 2271 θέλῃ.
2555 2201 2820 2275 Ἀπρεπὶς
2849 2203 2950 2278 γὰρ
2999 2204 3073 2265 ὡς
3130 2203 3356 2274 ἀληθῶς
3404 2208 3473 2279 τῇ
3528 2203 3802 2281 παρθένῳ,

2153 2287 2242 2340 καὶ
2300 2293 2400 2355 τῆς
2461 2285 2943 2364 έπαγγελλομένης
2999 2292 3257 2370 ἀφθορίας
3304 2291 3626 2369 ἀλλότριον,
3656 2294 3800 2364 τὸ,ἢ

2157 2370 2586 2450 έναϐρυνομένην
2645 2385 2763 2444 τοῖς
2820 2377 3132 2454 δεδομένοις
3191 2383 3327 2456 πρὸς
3378 2381 3597 2461 εὐφυΐαν
3660 2383 3803 2458 παρᾶ

2154 2469 2252 2520 τοῦ
2296 2471 2530 2536 ποιητοῦ
2561 2475 2925 2544 χαρακτῆρσι,
2956 2472 3046 2524 καὶ
3105 2469 3586 2543 έμπομπεύουσαν,
3625 2472 3801 2545 ὥσπερ

2158 2549 2317 2632 ἔφην,
2371 2556 2452 2628 τῷ
2510 2554 2725 2622 κάλλει,
2783 2555 3041 2623 π)είονας
3093 2559 3314 2634 ἐραστὰς
3392 2565 3489 2616 τοῦ
3547 2561 3802 2634 σώματος

2159 2643 2235 2706 εἷς
2269 2644 2446 2699 κοινὸν
2482 2643 2798 2716 σπουδάζειν
2831 2652 3032 2721 πτῶμα
3079 2655 3268 2719 κινεῖν,
3299 2651 3334 2720 ἢ
3395 2652 3472 2723 μὴ
3532 2650 3802 2725 εὐστοχή-

2159 2753 2324 2788 σασαν
2355 2730 2611 2795 εύειδείας
2641 2736 2777 2808 (56),
2811 2733 3024 2811 ἄρτυμα
3051 2734 3256 2807 ἡδονῆς
3305 2743 3422 2799 τοῖς
3480 2738 3655 2811 ὁρῶσι
3706 2737 3800 2806 τήν

2159 2820 2401 2876 έπίνοιαν
2427 2825 2526 2876 τοῦ
2555 2820 2956 2897 καλλωπισμοῦ
2985 2826 3475 2900 πραγματεύεσθαι.
3509 2822 3653 2884 Οῦτε
3704 2827 3800 2902 γὰρ

2157 2913 2193 2980 ἡ
2233 2911 2425 2987 πρώτη
2486 2911 2738 2989 σώφρονα
2794 2909 3025 2968 δείκνυσι
3081 2911 3370 2991 λογισμὸν,
3429 2914 3517 2969 ἐπὶ
3566 2919 3651 2985 τῷ
3704 2912 3800 2968 τοῦ

2157 3003 2390 3070 ποιητοῦ
2421 2996 2562 3077 ἔργῳ
2593 2999 2668 3063 ὡς
2701 2999 2787 3056 έπὶ
2820 2998 2943 3075 ἰδίῳ
2996 3001 3379 3077 κατορθώματι
3426 3002 3800 3077 θρυπτομένη,

2155 3089 2245 3144 καὶ
2277 3087 2352 3150 είς
2384 3088 2442 3143 ’ὸν
2478 3089 2554 3162 μή
2587 3089 2906 3166 εἰσαχθῆναι
2957 3091 3156 3167 ἀγῶνα,
3191 3089 3280 3146 διὰ
3321 3099 3422 3161 τῆς
3478 3090 3653 3166 εὐχῆς
3711 3092 3799 3146 τὸν

2157 3176 2494 3252 ἀγωνοθέτην
2562 3178 2886 3253 παρακαλεῖ,
2946 3181 3037 3248 Μὴ
3114 3182 3420 3256 εἲσενέγκῃς
3490 3184 3644 3253 ἡμᾶς
3728 3180 3801 3242 εἷς

393 3271 699 3328 trahendis
731 3275 1109 3346 semetipsam
1141 3279 1338 3347 aperte
1369 3275 1624 3346 conjicit.
1644 3276 1837 3347 Neque
1868 3276 2044 3331 etiam

2158 3267 2480 3343 πειρασμὸν,
2514 3263 2769 3340 δεομένη,
2800 3267 2876 3330 εἷς
2921 3273 3110 3324 τοῦτον
3169 3266 3236 3323 δι’
3261 3270 3333 3323 ὧν
3397 3269 3525 3333 τοὺς
3575 3269 3800 3341 ἐραστὰς

397 3361 600 3432 altera,
619 3363 760 3418 dum
793 3381 969 3435 quam
997 3381 1109 3419 non
1127 3363 1348 3437 accepit
1374 3363 1432 3418 in
1465 3379 1705 3435 corpore
1731 3364 2048 3437 voluptatis

390 3450 750 3521 illecebram,
782 3469 909 3508 eam
945 3453 1276 3523 spuriarum
1311 3453 1633 3508 formarum
1670 3453 1956 3509 lenocinio
1987 3455 2046 3509 in

387 3539 708 3612 perniciem
759 3557 926 3595 suam
985 3541 1253 3596 accersit.
1289 3541 1547 3613 Utraque
1590 3547 1784 3597 autem
1817 3542 2044 3614 impru-

389 3629 535 3684 dens
568 3627 768 3684 datum
797 3646 831 3684 a
867 3634 976 3684 Deo
1009 3631 1229 3686 bonum
1263 3634 1468 3701 praeter
1515 3631 1881 3703 propositum
1912 3648 2042 3687 sco-

389 3734 530 3790 pum
567 3718 794 3773 evertit.
829 3722 1104 3776 Formosa
1135 3720 1371 3791 quidem
1403 3720 1615 3775 animai
1647 3719 2038 3792 pulchritudi-

387 3822 520 3863 nem
555 3807 816 3880 corporis
840 3809 1035 3880 specie
1057 3807 1236 3865 stulte
1266 3809 1668 3881 deprendatur;
1697 3826 1825 3881 qum
1847 3815 2044 3866 autem

385 3901 766 3968 apparentem
799 3899 1063 3970 corporis
1094 3899 1524 3954 deformitatem
1558 3899 1747 3955 instar
1785 3899 2041 3970 praesidii

387 3985 457 4041 ad
491 3985 844 4058 virginitatis
877 3987 1204 4044 custodiam
1240 3987 1486 4060 accepit,
1518 4005 1647 4044 eam
1681 3988 1898 4060 spuriis
1928 3989 2043 4044 for-

390 4075 525 4143 mis,
566 4075 816 4132 insidias
863 4077 1094 4150 sibiipsi
1149 4082 1411 4143 struens,
1443 4093 1616 4148 prave
1665 4083 2041 4135 transmutat.

385 4167 597 4218 Contra
627 4165 951 4234 oportebat,
987 4170 1050 4220 ut
1080 4165 1194 4221 ista
1224 4165 1642 4238 temporariam
1675 4169 2042 4221 venustatem

387 4253 963 4322 spernens,corporis
991 4253 1487 4322 pulchritudinem
1513 4271 1628 4309 non
1647 4254 2041 4310 adversariam

389 4339 600 4393 animm
632 4337 1192 4409 pulchritudini,sed
1225 4341 1507 4412 potius,si
1539 4342 1619 4396 ita
1651 4359 1760 4396 usu
1792 4343 2041 4411 eveniat,

389 4424 742 4496 adjutricem
775 4426 1051 4495 efﬁceret,
1071 4428 1329 4500 corporis
1363 4433 1653 4486 amatores
1678 4431 1751 4486 ad
1781 4432 2042 4488 animam

387 4515 756 4570 transferens
781 4531 794 4569 :
831 4512 1011 4570 altera
1039 4532 1174 4572 vero
1204 4517 1264 4572 in
1295 4517 1447 4574 veris
1475 4517 1647 4575 bonis
1679 4519 1861 4577 nihilo
1891 4521 2042 4578 infe-

390 4601 530 4667 rior,
563 4601 957 4658 tentationum
1012 4605 1322 4673 vacuitate,
1353 4623 1532 4678 quam
1571 4607 1808 4680 opinata
1853 4611 2041 4667 defor-

389 4689 567 4744 mitas
599 4689 985 4759 atl‘erebat,ad
1021 4694 1339 4765 tranquille
1364 4695 1736 4752 excolendam
1769 4699 1916 4754 senii
1947 4716 2042 4755 ex-

387 4781 611 4849 pertem
645 4777 1147 4850 pulchritudinem
1181 4788 1543 4854 uteretur,ex
1571 4801 1683 4856 quo
1705 4786 2047 4846 immortali-

460 4939 506 4979 ⁷ο
535 4938 745 4996 Matth.
778 4957 857 5008 v1,
891 4942 977 4999 13.
1016 5014 1032 5034 ο

463 5091 573 5162 (52)
609 5091 1220 5178 Σῇφαλεροῖςκίιαμωεε.
1247 5101 1507 5174 quinque
1529 5107 1586 5160 et
1606 5103 1758 5162 alius
1789 5109 2049 5164 secunda

392 5180 594 5242 manu.
615 5164 799 5242 iE'ditii,
832 5164 1144 5242 σφαλερῶς.

421 5305 432 5318 ,
465 5235 578 5318 (βδ)
608 5233 785 5320 Μηδὲε
818 5233 912 5320 Si}!
947 5233 1090 5320 mss.
1126 5259 1244 5299 sex.
1288 5244 1476 5300 Editio
1522 5249 1764 5315 Veneta,
1799 5250 1898 5320 μή.
1935 5254 2044 5306 Pa-

388 5309 682 5374 risiensis,
717 5309 793 5380 μή
828 5309 1015 5366 οἷονεί.

463 5379 577 5448 (54)
609 5381 804 5436 Ἔστω.
840 5387 931 5440 Sic
977 5386 1092 5440 duo
1143 5387 1370 5444 codices
1423 5407 1456 5444 a
1497 5390 1843 5445 Combefisio
1883 5391 2042 5446 citati

393 5451 450 5530 et
508 5449 626 5530 alii.
667 5455 958 5530 no_nnulli.
992 5457 1164 5525 Editi,
1215 5455 1382 5515 ἕτται.
1427 5461 1793 5517 Colbcrtinus
1842 5463 2040 5530 codex,

396 5517 662 5580 Παρθενία
696 5522 806 5580 οῦν.

251 5617 333 5667 ,τ
596 5593 712 5662 Τῆς
791 5594 1019 5668 ἀληθῶς
1091 5598 1397 5674 παρθένου.
1471 5603 1739 5676 Quinque
1812 5603 2043 5662 codices

644 5937 786 6077 Χ.

2159 3353 2470 3426 έπισπᾶται,
2498 3355 2690 3424 ἑαυτὴν
2747 3361 3042 3434 προφανῶς
3071 3359 3403 3413 συνωθοῦσα.
3437 3355 3567 3415 Οὐδ’
3598 3360 3638 3427 ἡ
3691 3355 3802 3413 δευ-

2153 3442 2301 3518 τέρα,
2333 3445 2362 3499 ὃ
2398 3445 2474 3516 μή
2508 3438 2673 3498 ἔλαϐε
2705 3441 2895 3518 δέλεαρ
2927 3443 3013 3499 ἐπὶ
3071 3452 3170 3515 τῆς
3224 3450 3322 3502 τοῦ
3364 3447 3618 3520 σώματος
3668 3444 3800 3517 ἡδο.

2152 3539 2271 3604 νῆς,
2302 3536 2462 3587 τοῦτο
2490 3532 2671 3595 νόθοις
2709 3539 2945 3610 μορφαῖς
2977 3536 3092 3588 καθ’
3123 3536 3318 3604 ἑαυτῆς
3362 3535 3798 3610 μαγγανεύουσα.

2153 3622 2412 3687 Λανθάνει
2461 3620 2508 3678 δ’
2546 3624 2769 3700 ἑκατέρα
2810 3625 2873 3680 τὸ
2925 3623 3075 3689 δοθὶν
3122 3625 3269 3700 παρὰ
3310 3629 3407 3680 τοῦ
3438 3629 3570 3680 Θεοῦ
3630 3623 3796 3680 καλὸν

2151 3713 2297 3790 παρὰ
2337 3715 2426 3769 τὸν
2480 3715 2838 3792 προκείμενον
2893 3717 3094 3772 σκοπὸν
3164 3713 3565 3794 διαφθείρουσα.
3619 3717 3721 3770 Καὶ
3763 3717 3796 3784 ἡ

2153 3803 2368 3873 εὐειδὴς
2395 3803 2458 3860 τὸ
2487 3811 2590 3875 τῆς
2619 3809 2806 3882 ψυχῆς
2835 3804 3041 3868 κάλλος
3067 3802 3156 3861 διὰ
3183 3809 3280 3860 τοῦ
3304 3805 3440 3861 κατὰ
3479 3809 3642 3878 σῶμα
3671 3805 3797 3860 ἀτό-

2151 3914 2267 3956 πως
2320 3891 2692 3968 λυμαινομένη
2721 3898 2855 3967 (57),
2887 3895 2977 3950 καὶ
3020 3897 3055 3964 ἡ
3109 3897 3208 3964 τήν
3256 3893 3514 3950 δοκοῦσαν
3552 3899 3655 3949 τοῦ
3695 3893 3796 3949 σώ-

2157 4003 2322 4056 ματος
2352 3983 2624 4061 ἀμορφίαν
2654 3981 2872 4061 ἐφόδιον
2903 3985 3152 4062 φυλακῆς
3188 3991 3290 4054 τῆς
3335 3984 3473 4039 κατὰ
3516 3985 3616 4052 τὴν
3663 4003 3796 4056 παρ-ι

2153 4073 2332 4127 θενίαν
2360 4067 2624 4145 λαϐοῦσα,
2651 4071 2728 4134 εἱς
2761 4068 3062 4142 ἐπιϐουλὴν
3107 4075 3302 4142 ἑαυτῆς
3348 4073 3548 4145 ταύτην
3599 4074 3796 4132 νόθους

2157 4165 2390 4238 μορφαῖς
2422 4165 2602 4223 κακῶς
2638 4161 3105 4235 μεταπλάττουσα,
3138 4160 3289 4221 Ἔδει
3321 4160 3378 4218 δὶ
3411 4165 3476 4218 τὸ
3505 4160 3797 4233 ἀνάπαλιν,

2151 4252 2251 4320 τὴν
2287 4251 2381 4323 μὲν
2412 4255 2509 4306 τοῦ
2540 4251 2876 4327 προσκαίρου
2933 4250 3176 4314 κάλλους
3224 4256 3686 4330 καταφρονοῦσαν,
3723 4251 3798 4322 μή

2154 4337 2418 4412 έμπόδιον
2444 4340 2507 4394 τὸ
2530 4343 2627 4394 τοῦ
2656 4341 2912 4414 σώματος
2943 4338 3152 4404 κάλλος
3179 4342 3274 4396 τοῦ
3301 4348 3401 4411 τῆς
3431 4336 3800 4415 ψυχῆς,ἀλλὰ

2152 4429 2426 4504 συνεργὸν,
2457 4426 2517 4482 ἂν
2551 4427 2693 4483 οὕτω
2723 4450 2828 4484 που
2887 4424 3176 4504 συμϐαίνῃ,
3204 4435 3496 4498 ποιεῖσθαι,
3525 4428 3658 4490 τοὺς
3705 4431 3798 4482 τοῦ

2151 4519 2406 4592 σώματος
2438 4519 2664 4594 ἐραστὰς
2694 4518 2780 4574 ἐπὶ
2821 4522 2920 4589 τήν
2963 4521 3145 4595 ψυχὴν
3201 4518 3597 4595 μεταφέρουσαν
3635 4537 3647 4549 ·
3701 4518 3794 4585 τήν

2153 4606 2213 4664 δὲ
2258 4605 2427 4682 μηδὲν
2459 4604 2683 4664 ἔλαττον
2714 4607 2765 4665 έν
2825 4614 2944 4672 τοῖς
2998 4605 3168 4671 ὅντως
3223 4608 3414 4670 καλοῖς
3465 4607 3794 4685 φερομένην,

2152 4699 2272 4770 τήν,
2331 4694 2420 4752 διὰ
2468 4698 2569 4767 τὴν
2616 4699 2983 4772 νομιζομένην
3039 4695 3264 4771 ἀειδίαν,
3322 4695 3631 4772 ἀοχλησίαν
3693 4700 3795 4750 τῶν

2155 4790 2504 4866 πειρπσμῶν,
2535 4785 2784 4864 γαλήνην
2813 4789 3094 4861 ἀσκήσεώς
3151 4791 3249 4842 τοῦ
3306 4787 3499 4863 ἀγήρω
3554 4785 3793 4847 κάλλους

2159 5122 2328 5179 mam,
2360 5109 2460 5174 τῆς
2491 5103 2711 5174 ἀληθῶς
2741 5101 3050 5179 παρθενίας,
3080 5109 3182 5162 aut
3233 5111 3332 5175 τῆς
3374 5102 3612 5176 ἀληθοῦς
3655 5123 3792 5179 παρ-

2156 5176 2668 5338 θῗξὲίξ).1ξῦξιδείαςο
2701 5248 2798 5306 Sic
2847 5265 2992 5305 mss.
3043 5249 3327 5321 quinque,
3359 5247 3570 5305 melius
3617 5264 3792 5320 quam

2155 5317 2331 5390 editi,’
2353 5317 2582 5381 εύοδίας.
3060 5317 3079 5320 ⁷
3209 5317 3228 5321 ”
3634 5317 3653 5320 ’

2206 5390 2778 5476 ,(⁵⁷)ᾼυμαιν9μέγη;
2833 5392 3022 5476 Cede!
3081 5391 3293 5475 Βθείιμε
3341 5388 3792 5476 2979:..P91W9-

2157 5459 2549 5590 ptim'sicque
2579 5459 3098 5537 legit‘Ambrosius
3147 5459 3250 5534 qui
3299 5459 3573 5530 reddidit,
3601 5464 3788 5534 inqui-

2149 5550 2225 5590 na
2259 5577 2272 5590 .
