4134 6224
301 373 416 438 705

1542 357 1772 424 LIBER
1812 361 1914 423 DE
1957 361 2484 430 VIRGINITATE.

3594 373 3717 439 ’106

297 498 622 579 λαμϐάνειν,
655 504 774 561 τοῖς
809 497 904 572 μὶν
942 493 1222 557 ἀθανάτοις
1265 490 1480 563 καλοῖς,
1521 493 1595 554 ὡς
1629 489 1789 555 ἰδίοις
1820 513 1948 548 κατ-

2090 513 2176 553 ius
2209 499 2449 570 quidem
2490 500 2658 556 bonis
2681 501 2804 573 jam
2837 501 3003 560 alteri
3035 502 3280 578 aequalis
3310 510 3486 575 eeset,
3517 524 3722 581 corpo-

300 595 636 669 ορθώμασιν,
671 585 906 646 ἐντεῦθεν
939 583 1048 656 ἤδη
1094 584 1231 660 πρὸς
1277 583 1373 651 τὴν
1417 581 1600 669 ἑτέραν
1628 581 1958 655 ἁμιλλωμέ-

299 667 425 754 νην,
455 687 574 744 τοῖς
603 677 660 734 δὲ
689 677 824 733 κατᾶ
849 680 1009 748 σῶμα
1031 672 1132 730 ύπὸ
1151 677 1248 728 τοῦ
1279 670 1483 748 χρόνου
1515 667 1957 747 δειχθησομὲνην

299 774 434 845 (58),
465 767 621 825 ούδὶν
654 766 868 836 ἐκείνης
899 761 1156 842 διάφορον
1185 759 1440 837 ἔχουσαν.

375 880 461 934 17.
495 872 633 931 Ούδὶ
679 875 782 949 γὰρ
835 871 917 933 τίς
966 871 994 924 ὁ
1047 868 1274 936 σκοπὸς,
1307 865 1379 922 δι’
1411 867 1468 922 ὃν
1512 864 1958 936 καλλωπίζονται

300 963 538 1022 συνιδεῖν
572 962 681 1018 ἔστι
729 958 966 1036 ταχέως.
1002 957 1064 1015 El
1127 959 1220 1031 μὲν
1250 957 1350 1034 γὰρ
1398 954 1492 1010 ’ίνα
1528 960 1607 1028 τῷ
1634 963 1735 1025 τῆς
1763 957 1960 1032 παρθε-

298 1055 422 1118 νίας
483 1056 671 1123 σκοπῷ
731 1048 1180 1125 συνεργάσωνται,
1236 1047 1325 1101 καὶ
1377 1042 1446 1114 δὴ
1502 1046 1566 1100 τὸ
1626 1045 1864 1100 ἐναντίον
1899 1045 1960 1098 οὗ

301 1140 738 1220 ἐπαγγέλλονται
771 1136 1089 1212 πράττουσι,
1124 1134 1381 1194 πλείονας
1431 1134 1688 1208 πειρατὰς
1736 1131 1825 1187 διὰ
1865 1137 1961 1187 τοῦ

302 1219 714 1302 καλλωπισμοῦ
743 1228 861 1290 καθ’
909 1226 1112 1280 ἑαυτῶν
1162 1222 1379 1284 ἀτόπως
1424 1221 1766 1300 ἀλείφουσαι.
1810 1221 1870 1278 El
1905 1219 1963 1276 δὲ

296 1321 394 1377 ’ἱνα
420 1321 551 1376 αὐτὸ
581 1319 743 1374 τὸῦτο
774 1318 886 1390 (59)
934 1313 1099 1369 καλαὶ
1151 1310 1366 1384 δόξωσι,
1415 1311 1694 1390 φαίνεσθαι
1734 1308 1960 1387 ἄλογον,

304 1411 351 1467 εί
389 1411 467 1483 μὴ
505 1405 764 1482 μίλλοιεν
797 1409 922 1478 παρ’
954 1405 1028 1457 ῶν
1077 1405 1177 1472 τήν
1226 1399 1382 1474 δόξαν
1431 1401 1792 1479 ἀποφέρεσθαι

305 1496 624 1566 σπεύδουσι,
674 1499 772 1551 τοῦ
816 1495 934 1549 κατ’
984 1492 1148 1554 αύτὰς
1183 1490 1548 1564 νομιζομένου
1591 1489 1831 1552 κάλλους
1862 1489 1964 1563 ἐμ-

307 1593 617 1669 φορεῖσθαι,
661 1586 760 1654 τήν
807 1582 931 1660 περὶ
980 1582 1176 1636 τούτου
1226 1577 1486 1669 φροντίδα
1520 1579 1865 1669 ποιούμεναι.
1901 1578 1963 1669 El

309 1667 481 1736 3"iva
511 1676 599 1732 καὶ
651 1675 876 1750 τύχοιεν
933 1674 1016 1733 οἷς
1067 1669 1252 1746 ἀρὲσαι
1312 1667 1724 1741 σπουδάζουσιν,
1780 1668 1856 1730 εἷς
1901 1667 1982 1722 τὸ

309 1767 572 1834 ἐναντίον,
632 1763 800 1840 φημὶ,
859 1760 1048 1821 ἑαυτὰς
1099 1757 1506 1832 κατενεχθείσας
1562 1760 1783 1831 γυμνῶς
1844 1754 1964 1809 ἐπι-

2071 588 2186 645 reis
2217 594 2414 646 autem
2468 593 2749 664 temporis
2795 595 2949 651 634
2981 613 3296 668 progressu
3343 597 3489 653 nihil
3522 599 3592 654 ab
3624 597 3726 654 illa

2069 677 2446 750 discreparet.

2143 874 2227 928 17.
2260 878 2461 946 Neque
2492 877 2652 933 enim
2703 879 2844 950 quid
2896 881 3011 936 sibi
3064 881 3123 936 in
3174 883 3466 954 exquisito
3515 887 3726 940 ornatu

2070 969 2420 1034 proponant,
2455 964 2568 1020 cito
2618 968 2985 1039 perspicitur.
3021 970 3167 1025 Nam
3199 973 3249 1027 si
3283 977 3345 1026 ut
3373 971 3728 1043 virginitatis

2072 1052 2441 1123 propositum
2464 1055 2761 1124 adjuvent,
2779 1063 2981 1113 contra
3002 1076 3140 1114 sane
3156 1076 3333 1131 quam
3357 1062 3727 1133 proﬁtentur,

2072 1154 2199 1194 sese
2229 1145 2463 1212 gerunt,
2487 1143 2705 1216 quippe
2733 1162 2864 1200 cum
2900 1147 3097 1219 plures
3127 1154 3447 1205 tentatores
3478 1148 3733 1220 exquisi-

2071 1233 2129 1283 to
2161 1234 2370 1286 ornatu
2413 1237 2616 1288 contra
2655 1236 3006 1307 semetipsas
3038 1238 3290 1294 absurde
3322 1239 3597 1295 excitent.
3628 1239 3727 1294 Sin

2073 1323 2270 1373 autem
2302 1323 2368 1374 ut
2396 1318 2664 1377 formosas
2694 1328 2927 1379 tantum
2962 1332 3304 1396 appareant,
3327 1327 3598 1382 videntur
3627 1329 3729 1383 ab-

2073 1407 2314 1462 surdam
2348 1423 2415 1463 ea
2446 1409 2516 1464 de
2548 1427 2606 1465 re
2638 1427 2839 1466 curam
2877 1417 3200 1485 suscipere,
3232 1415 3344 1469 nisi
3380 1415 3416 1469 ii
3449 1432 3482 1470 a
3513 1417 3731 1488 quibus

2075 1496 2309 1551 laudem
2343 1499 2622 1570 consequi
2654 1501 2914 1568 student,
2949 1503 3197 1574 opinatis
3236 1520 3435 1558 earum
3468 1503 3731 1576 pulchri-

2073 1585 2299 1641 tudinis
2325 1586 2654 1643 satietatem
2695 1590 2923 1662 capturi
2957 1591 3097 1648 sint.
3131 1593 3292 1658 Quod
3324 1592 3374 1648 si
3406 1597 3472 1648 ut
3504 1593 3574 1648 iis
3605 1609 3734 1664 per-

2076 1675 2347 1730 fruantur
2367 1676 2584 1746 quibus
2611 1677 2841 1749 placere
2863 1682 3123 1748 student,
3146 1682 3202 1736 in
3231 1681 3583 1737 contrariam
3607 1697 3738 1753 par-

2075 1768 2191 1819 tem
2220 1764 2490 1836 delapsas
2521 1783 2582 1821 se
2621 1782 2750 1822 esse
2798 1767 2953 1824 clare
3003 1771 3336 1833 ostendent,
3393 1770 3734 1826 meretrices

312 1856 600 1930 δείξουσιν,
651 1852 856 1926 ἰταῖραι
908 1849 1021 1904 ἀντὶ
1071 1847 1352 1922 παρθένων
1401 1846 1670 1924 ἀφθεῖσαι·
1716 1843 1869 1938 ἐκτὸς
1917 1845 1963 1900 εί

2090 1868 2180 1922 pro
2227 1852 2555 1924 virginibus
2614 1857 3036 1928 deprehensae:
3096 1859 3208 1914 nisi
3270 1859 3422 1914 inter
3479 1860 3733 1915 duorum

317 1948 395 2020 μὴ
453 1946 590 2021 πρὸς
634 1944 734 2012 τὴν
791 1945 898 1996 τῶν
961 1935 1055 1992 δύο
1127 1935 1415 2010 ἐπιθυμίαν
1499 1930 1956 2009 μεσολαϐηθεῖσαι

315 2034 625 2091 διὲλκονται
661 2076 676 2101 ,
733 2029 823 2085 καὶ
893 2033 1000 2083 τῶν
1059 2023 1250 2096 ἔξωθεν
1316 2025 1550 2100 ἐραστῶν
1611 2024 1962 2102 ἐμφορεῖσθαι

315 2123 676 2202 βουλόμεναι,
728 2117 818 2175 διὰ
865 2115 924 2171 δὶ
969 2121 1130 2171 τοῦτο
1171 2118 1272 2202 τῆς
1303 2117 1492 2178 κοινῆς
1545 2112 1966 2202 ἐπιθυμίας

317 2199 445 2288 δψιν
499 2209 720 2283 ἥδυσμα
773 2206 1010 2284 γίνεσθαι
1068 2201 1486 2274 σπουδάζουσαι,
1545 2204 1632 2256 καὶ
1693 2199 1965 2288 τῷνένδον

313 2287 523 2378 ἐραστῇ
555 2298 624 2355 δι’
656 2297 794 2353 αἰδῶ
823 2295 859 2365 ἢ
892 2289 1060 2372 φόϐον
1113 2296 1227 2366 (61)
1273 2291 1658 2368 κρατούμεναι.
1698 2287 1838 2348 Ούδὶ
1865 2290 1966 2378 γᾶρ

316 2377 432 2447 οἷόν
461 2388 519 2444 τὲ
550 2388 691 2444 ἐστιν
742 2381 1051 2441 ἀνύπουλον
1105 2383 1237 2436 εἶναι
1268 2384 1374 2436 τῶν
1404 2379 1667 2435 τοιούτων
1697 2381 1796 2448 τὴν
1824 2377 1967 2454 γνώ-

319 2503 456 2554 μην,
514 2476 602 2532 καὶ
667 2474 796 2536 τοὺς
849 2470 1043 2544 ’ἔξωθεν
1106 2470 1193 2525 ἰπὶ
1244 2469 1307 2524 τὸ
1358 2473 1518 2542 σῶμα
1565 2466 1654 2522 διὰ
1715 2474 1969 2543 μηχανῆς

317 2567 661 2644 ἐρεθίζουσαν
713 2566 848 2637 (62),
880 2561 971 2616 καὶ
1016 2565 1095 2631 τῷ
1139 2555 1293 2613 ἔνδον
1441 2556 1696 2630 ἡμισείας
1725 2556 1965 2632 ἀρέσκειν

316 2655 640 2721 ἐθέλουσαν.
683 2653 781 2707 Καὶ
814 2651 993 2706 ούκὲτι
1031 2645 1179 2703 ἕσται
1231 2647 1420 2702 λοιπὸν
1453 2649 1488 2716 ἡ
1515 2647 1712 2722 γνώμη
1741 2644 1968 2719 ὁμαλῶς

319 2747 489 2818 ἑαυτῇ
522 2738 906 2820 συμφωνοῦσα·
957 2739 1084 2792 ἀλλ’
1133 2735 1314 2812 ὥσπερ
1363 2734 1414 2790 ἐν
1465 2735 1803 2810 μεταιχμίῳ,
1836 2733 1972 2808 πρός

317 2856 379 2889 τε
409 2835 501 2888 τὸν
534 2829 690 2887 ἔνδον
721 2829 972 2904 ἰραστὴν,
1020 2827 1109 2881 καὶ
1162 2827 1252 2881 τὸν
1284 2822 1386 2898 ἕξω
1433 2829 1612 2886 κακῶς
1643 2825 1968 2900 σχιζομένη.

320 2919 518 2982 Οὐδεὶς
570 2918 627 2974 δὲ
673 2917 891 2974 δύναται
955 2913 1074 2970 δυσί
1129 2916 1340 2990 κυρίοις
1401 2911 1701 2969 δουλεύειν.
1740 2915 1809 2970 ἸΙ
1868 2913 1971 2988 γὰρ

317 3012 415 3067 τὸν
465 3008 560 3065 ’ἕνα
609 3010 854 3082 μισήσει,
909 3006 997 3060 καὶ
1055 3005 1146 3060 τὸν
1204 3000 1387 3078 ἓτερον
1448 3004 1735 3079 ἀγαπήσειο
1791 3002 1826 3071 ἢ
1876 3007 1973 3057 τοῦ

321 3103 445 3164 ἑνὸς
506 3099 795 3169 ἀνθέξεται,
853 3100 950 3151 τοῦ
1008 3091 1130 3165 ἔξω,
1161 3091 1625 3166 καλλωπιζομὲνη
1660 3091 1796 3168 πρὸς
1845 3096 1974 3147 τοῦ-

321 3211 442 3263 τον,
473 3190 689 3244 καὶτοῦ
727 3181 878 3241 ἔνδον
927 3185 1346 3260 καταφρονήσει.
1393 3183 1456 3240 Ἡ
1505 3179 1563 3236 δὲ
1612 3183 1823 3256 ἄγαμος
1879 3202 1972 3254 με-

327 3283 498 3356 ριμνᾷ
542 3278 610 3333 τὰ
657 3281 756 3332 τοῦ
804 3275 1030 3352 Κυρίου,
1081 3278 1198 3334 πῶς
1225 3273 1402 3347 ἆρὲσει
1433 3277 1513 3344 τῷ
1543 3271 1740 3348 Κυρίῳ·
1795 3272 1976 3347 ὥσπερ

330 3371 424 3424 οὖν
505 3370 540 3437 ἡ
615 3367 908 3442 γαμήσασα
987 3366 1221 3439 μεριμνᾷ
1293 3364 1359 3416 τὰ
1421 3365 1517 3416 τοῦ
1567 3360 1800 3434 κόσμου,
1858 3365 1975 3422 πῶς

327 3459 507 3532 apem
564 3460 644 3528 τῷ
703 3451 893 3529 ἀνδρὶ,
950 3453 1038 3506 καὶ
1096 3450 1414 3526 μεμέρισται
1471 3450 1558 3504 καὶ
1616 3452 1652 3519 ἡ
1708 3451 1844 3526 γυνή
1887 3450 1975 3504 καὶ

328 3550 364 3617 ἡ
421 3545 706 3621 παρθένος.
762 3543 909 3599 Ἐπεὶ
941 3541 1227 3616 ἀμήχανον
1259 3540 1348 3594 καὶ
1390 3543 1471 3611 τῷ
1509 3536 1660 3594 ἔνδον
1713 3543 1976 3614 μεριμνᾷν

329 3638 484 3696 ὅπως
537 3633 724 3708 ἀρέσῃ,
769 3631 860 3686 καὶ
899 3631 1035 3705 πρὸς
1081 3628 1208 3690 τοὺς
1247 3623 1346 3698 ἔξω
1384 3630 1494 3701 (63)
1553 3629 1765 3698 θεατὰς,
1798 3625 1978 3703 ὥσπερ

327 3724 384 3780 ἰν
418 3726 616 3796 σκηνῇ,
675 3718 1138 3787 καλλωπίζεσθαι.
1201 3715 1354 3774 Ἀλλ’
1387 3717 1461 3778 ὡς
1495 3717 1523 3770 ὁ
1559 3717 1646 3791 ὑφ’
1691 3715 1837 3789 ἡλίῳ
1887 3715 1980 3772 λα-

327 3811 445 3885 λιρν
480 3809 816 3882 διδασκάλῳ,
851 3805 1001 3864 οὐδέν
1034 3827 1086 3861 τι
1118 3813 1218 3876 τῆς
1245 3805 1766 3880 παρακολουθούσης
1805 3811 1978 3876 σκιᾶς,

325 3904 396 3958 τὰ
447 3903 725 3972 κινήματα
768 3897 932 3953 αὐτοῦ
974 3900 1082 3952 τῶν
1138 3899 1363 3971 χειρῶν,
1413 3897 1500 3950 καὶ
1542 3901 1644 3964 τῆς
1673 3894 1811 3964 ὅλης
1848 3914 1982 3970 μορ-

330 3998 440 4068 φῆς
494 3989 620 4053 τοὺς
679 3987 882 4049 τύπους
955 3982 1219 4059 μιμηλῶς
1290 3981 1594 4055 δεικνύσης,
1675 3983 1982 4060 φροντίσας,

332 4078 468 4140 ὅλος
503 4080 615 4151 (64)
646 4076 781 4151 πρὸς
809 4076 906 4144 τήν
937 4079 1033 4129 τοῦ
1061 4076 1377 4148 καθηγητοῦ
1403 4071 1627 4146 ὁμιλίαν
1650 4071 1978 4128 συντέταται*

335 4167 485 4222 οὕτω
515 4167 605 4222 καὶ
636 4168 670 4235 ἡ
697 4163 982 4239 παρθίνος,
1015 4160 1167 4219 ούδὶν
1223 4183 1274 4218 τι
1315 4166 1424 4218 τῶν
1467 4166 1563 4217 τοῦ
1603 4163 1856 4235 σώματος
1904 4161 1982 4216 εί-

335 4254 620 4312 δώλωνᾶν
657 4252 902 4330 εὔμορφα
930 4252 966 4322 ἢ
1017 4250 1304 4331 δύσμορφα
1355 4251 1611 4326 φαίνηται
1659 4255 1844 4320 ταῦτα,
1894 4251 1984 4306 καὶ

330 4351 444 4401 τῶν
502 4344 626 4417 περὶ
675 4343 810 4398 αὐτὰ
845 4346 1044 4416 μωκῶν
1092 4344 1206 4415 (65)
1263 4340 1629 4419 φροντίσασα,
1691 4338 1796 4410 ὅλη
1851 4338 1986 4416 πρός

329 4435 424 4490 τὸν
457 4432 780 4508 καθηγητὴν
811 4432 983 4502 αὐτῆς
1013 4431 1101 4486 καὶ
1132 4429 1366 4505 νυμφίον
1422 4428 1802 4504 ὶπάστραπται,
1855 4427 1985 4483 τού-

2071 1957 2332 1996 amorem
2374 1943 2577 1998 mediae
2612 1944 3041 2017 distrahantur,
3075 1947 3462 2004 exterioribus
3492 1949 3732 2020 quidem

2074 2030 2435 2085 amatoribus
2460 2033 2677 2102 perfrui
2701 2035 3024 2106 cupientes,
3044 2041 3102 2091 et
3133 2036 3347 2092 idcirco
3369 2039 3576 2093 dantes
3597 2054 3733 2109 ope-

2075 2135 2223 2188 ram,
2257 2129 2318 2174 ut
2347 2122 2683 2176 communis
2713 2124 3053 2194 cupiditatis
3085 2125 3529 2181 condimentum
3564 2142 3736 2198 aspe-

2075 2213 2204 2263 ctus
2227 2209 2347 2278 ﬁat,
2371 2209 2472 2264 sed
2497 2209 2727 2267 interno
2751 2213 2994 2268 amatori
3020 2213 3092 2268 ob
3123 2214 3405 2285 pudorem
3431 2218 3487 2269 et
3508 2219 3734 2270 metum

2076 2296 2444 2354 adherentes.
2469 2298 2614 2354 Fieri
2647 2299 2802 2356 enim
2837 2317 2951 2355 non
2986 2306 3198 2374 potest,
3225 2307 3289 2358 ut
3319 2301 3527 2358 talium
3561 2319 3728 2360 mens

2079 2403 2223 2458 pura
2255 2391 2313 2442 et
2343 2387 2591 2459 simplex
2621 2389 2718 2458 sit,
2750 2394 3020 2446 externos
3068 2392 3139 2446 ad
3184 2408 3396 2463 corpus
3431 2391 3732 2448 machina-

2080 2476 2234 2530 tione
2264 2477 2519 2546 quadam
2547 2477 2958 2546 exstimulans,
2992 2480 3222 2536 interno
3277 2487 3473 2536 autem
3505 2479 3737 2552 placere

2078 2580 2146 2620 ex
2173 2564 2417 2620 dimidio
2439 2566 2702 2637 cupiens.
2728 2567 2983 2639 Necjam
3009 2568 3118 2624 erit
3141 2568 3417 2640 deinceps
3449 2569 3740 2625 sententia

2080 2651 2489 2724 aequalibiliter
2526 2655 2638 2710 sibi
2688 2656 2814 2728 ipsa
2845 2657 3220 2712 consentiens
3254 2676 3266 2713 :
3303 2659 3404 2712 sed
3454 2664 3737 2729 tanquam

2081 2741 2138 2795 in
2171 2741 2422 2797 conﬁnio
2466 2742 2619 2799 inter
2658 2745 2958 2801 internum
2991 2751 3312 2802 amatorem
3362 2753 3420 2801 et
3466 2752 3736 2802 externos

2082 2847 2254 2901 prave
2303 2831 2623 2886 scindetur.
2657 2835 2820 2888 Nemo
2869 2838 3040 2905 potest
3085 2835 3294 2889 duobus
3324 2836 3564 2890 dominis
3611 2851 3737 2890 ser—

2081 2919 2214 2974 vire.
2250 2920 2353 2973 Aut
2381 2922 2530 2974 enim
2560 2937 2733 2976 unum
2779 2922 2899 2977 odio
2947 2923 3196 2990 habebit,
3227 2928 3280 2978 et
3327 2922 3568 2979 alterum
3598 2924 3733 2978 dili-

2080 3014 2184 3077 get.
2225 3007 2329 3062 Aul
2374 3010 2478 3062 uni
2523 3009 2848 3078 adhazrebit,
2901 3011 3180 3067 nimirum
3236 3016 3495 3080 externo,
3529 3012 3623 3068 cui
3673 3029 3737 3068 se

2085 3099 2292 3152 ornatu
2322 3097 2600 3168 venditat,
2632 3103 2690 3154 et
2720 3099 3018 3155 internum
3051 3101 3438 3156 contemnet“.
3474 3102 3602 3170 Quae
3631 3117 3743 3157 au-

2087 3193 2196 3240 tem
2228 3187 2463 3256 innupta
2509 3191 2608 3254 est,
2639 3189 2840 3258 cogitat
2878 3205 2998 3260 qua
3045 3195 3174 3244 sunt
3203 3191 3447 3256 Domini,
3479 3189 3742 3260 quomodo

2086 3273 2302 3345 placeat
2347 3275 2592 3341 Domino,
2643 3277 3099 3346 quemadmodum
3146 3286 3320 3350 nupta
3365 3281 3570 3349 cogitat
3619 3294 3744 3351 quae

2083 3367 2210 3418 sunt
2237 3363 2451 3430 mundi,
2484 3365 2748 3435 quomodo
2799 3367 3010 3437 pla-neat
3061 3369 3180 3422 viro
3211 3385 3230 3422 :
3259 3373 3313 3423 et
3363 3368 3560 3424 divisa?
3617 3370 3749 3422 sunt

2087 3469 2234 3507 uxor
2269 3461 2322 3508 et
2371 3454 2524 3524 virgo
2543 3454 2606 3509 ⁷³.
2641 3453 2943 3525 Siquidem
2997 3456 3123 3512 fieri
3177 3473 3291 3512 non
3342 3461 3556 3528 potest,
3589 3461 3662 3512 ut
3695 3461 3752 3512 et

2090 3541 2319 3596 interno
2350 3540 2602 3597 sollicita
2647 3543 2726 3598 sit
2767 3544 3061 3614 quomodo
3111 3543 3357 3615 placeat,
3389 3549 3448 3600 et
3493 3544 3749 3600 externis

2089 3631 2540 3700 spectatoribus,
2568 3629 2725 3686 velut
2756 3631 2815 3686 in
2848 3647 3044 3697 scena,
3079 3649 3205 3688 sese
3229 3638 3438 3688 ornatu
3465 3634 3748 3688 venditet.

2089 3719 2195 3774 Sed
2228 3719 2728 3789 quemadmodum
2761 3719 2862 3790 qui
2895 3721 2965 3775 ad
3001 3719 3184 3775 solem
3213 3719 3534 3792 alloquitur
3562 3721 3750 3793 magi-

2091 3812 2304 3875 strum,
2339 3807 2486 3862 nihil
2534 3806 2825 3864 sollicitus
2877 3809 2948 3864 de
2996 3809 3302 3865 affectante
3355 3810 3582 3876 umbra,
3617 3826 3748 3881 qua)

2094 3900 2291 3950 motus
2338 3894 2500 3950 illius
2558 3913 2868 3964 manuum,
2896 3902 2954 3952 et
2983 3897 3166 3952 totius
3214 3899 3412 3952 forma:
3462 3897 3748 3968 imagines

2091 3983 2380 4039 imitando
2410 3983 2705 4056 exprimit,
2739 3985 2811 4038 ad
2864 3985 3234 4056 praeceptoris
3278 3984 3632 4057 colloquium
3662 3990 3748 4040 to-

2093 4078 2191 4129 tus
2221 4077 2308 4128 est
2336 4073 2634 4143 intentus;
2689 4072 2771 4128 ita
2810 4077 2867 4128 et
2896 4073 3054 4144 virgo
3102 4073 3250 4128 nihil
3278 4074 3350 4128 de
3379 4075 3638 4145 corporis
3669 4075 3748 4129 si-

2095 4160 2394 4232 mulacris,
2427 4165 2627 4218 utrum
2662 4161 2918 4218 formosa
2969 4179 3040 4217 an
3094 4161 3391 4218 dill'ormia
3418 4162 3752 4233 videantur,

2095 4250 2239 4306 nihil
2272 4251 2342 4305 de
2365 4251 2519 4321 jocis
2547 4251 2764 4322 quibus
2792 4252 3186 4322 exagitantur,
3211 4251 3488 4317 sollicita,
3512 4251 3582 4306 ad
3617 4269 3754 4324 prae—

2095 4345 2386 4412 ceptorem
2411 4345 2470 4394 et
2491 4355 2773 4412 sponsum
2797 4356 2970 4394 suum
2999 4344 3118 4394 tota
3143 4340 3520 4410 convertitur,
3538 4345 3596 4396 et
3619 4357 3752 4396 cum

2097 4447 2163 4485 eo
2195 4446 2297 4501 per
2321 4434 2505 4485 totam
2530 4428 2707 4484 vitam
2740 4428 2796 4483 in
2826 4427 3156 4484 clarissima
3185 4427 3314 4484 luce
3334 4429 3557 4484 intente
3579 4429 3756 4486 collo-

327 4545 411 4595 τῳ
460 4520 551 4577 διὰ
598 4506 719 4596 βίου
762 4521 814 4576 ἰν
848 4521 1216 4597 καθαρωτάτῳ
1247 4520 1382 4597 φωτὶ
1421 4519 1682 4581 συντόνως
1713 4515 1975 4576 λαλοῦσα.

2090 4519 2309 4591 quitur.
2338 4517 2599 4575 Sollicita
2621 4518 2779 4574 enim
2803 4522 2892 4574 est
2913 4518 3204 4588 quomodo
3227 4517 3451 4590 placeat
3474 4518 3749 4576 Domino.

406 4719 450 4756 τί
483 4717 686 4774 Matth.
718 4735 798 4789 νι,
829 4717 919 4774 24.
996 4718 1042 4753 ’⁸³
1070 4721 1090 4770 I
1121 4716 1252 4774 Cor.
1283 4734 1383 4789 v11,
1413 4716 1503 4773 34.

413 4913 526 4997 (ββ)
557 4913 1026 4997 Δειᾉθησομένην.
1057 4914 1149 4997 Sic
1182 4929 1326 4997 mss.
1361 4917 1584 4997 septem
1616 4928 1749 4968 cum
1783 4911 1998 4970 Veneta

342 4982 630 5059 Oditi_0n6._
653 4982 1024 5059 Parisiensig,
1068 4982 1531 5059 δηχθησομὲνοις.

412 5057 524 5127 (59)
559 5054 702 5110 Αὐτὸ
754 5059 936 5128 τοῦτο.
972 5052 1096 5115 Duo
1123 5052 1396 5128 codices,
1429 5054 1574 5126 αὐτῷ
1618 5052 1818 5126 τούτῳ.
1868 5053 2000 5128 Mox

339 5126 684 5205 legendum,
742 5127 1040 5205 φαίνονται.
1102 5129 1334 5201 Alioqui
1381 5126 1554 5184 nulla
1601 5143 1842 5199 prorsus
1891 5126 2001 5181 erit

345 5200 666 5257 sententia.

411 5273 528 5350 (69)
561 5270 978 5350 ’Anouépecﬁai.
1007 5271 1117 5350 Sic
1132 5271 1362 5350 codices
1393 5288 1427 5326 ε
1456 5267 1998 5350 Combetieiqcitati

345 5347 401 5398 et
420 5340 531 5398 alii
568 5340 838 5398 nonnulli
863 5361 998 5400 cum
1029 5343 1285 5399 editione
1307 5343 1538 5398 Veneta.
1569 5341 1754 5396 Editio
1789 5340 1997 5408 Paris.,

348 5413 746 5490 ἀπρφιβξαςθαξε

413 5477 639 5558 (61)’Δι’
672 5483 808 5558 αἰδῶ
838 5482 873 5553 ἢ
905 5477 1097 5558 φόϐον.
1119 5486 1221 5558 Sic
1251 5483 1625 5558 Colbertinus
1649 5483 1828 5558 codex
1861 5497 1997 5558 cum

413 5505 528 5558 (01)
562 5505 621 5539 Δι
672 5505 808 5538 αιοω
838 5505 872 5553 η
898 5505 1097 5612 ἔθυον.
1127 5505 1221 5541 διο
1251 5505 1625 5540 υοιυῠινιιῐιυε
1649 5505 1828 5538 0006K
1861 5505 1996 5537 CIIII]

345 5557 580 5630 duobus
637 5557 899 5630 Regiis,”
944 5556 1086 5630 ditio
1113 5556 1369 5630 Veneta,
1410 5553 1478 5610 δι’
1536 5551 1672 5626 αἰδῷ
1725 5551 1760 5622 ἢ
1819 5552 1996 5628 φόοῳ.

347 5625 787 5707 Parisiensisgﬁ
817 5625 957 5699 αίδῷ
987 5626 1026 5707 ᾗ
1056 5627 1406 5707 φόοῳ.[ιὶο].·
1648 5625 1651 5626 ⁷
1677 5702 1686 5707 Α
1833 5625 1841 5628 ⁷
1984 5695 1995 5707 ,

411 5702 532 5776 (62)
562 5696 958 5774 Ἐριθίζουσαν.
991 5696 1269 5767 Quamvis
1307 5696 1572 5775 quinque
1602 5702 1824 5755 veteres
1863 5696 2000 5752 libri

2103 4915 2160 4986 et
2187 4910 2362 4986 editio
2394 4908 2612 4986 Veneta
2665 4910 2959 4986 habeant,
2987 4909 3334 4986 ἐρεθίζουσας
3373 4918 3430 4968 et
3460 4931 3592 4970 mox
3642 4912 3761 4969 eet-

2106 4978 2308 5056 λουσας
2339 4981 2655 5056 [sic];_haac
2695 4988 2891 5038 tamen
2946 4978 3289 5056 lectioiitam
3340 5001 3547 5056 parum
3598 5001 3758 5042 com-

2109 5055 2406 5128 moda‘ut
2432 5053 2731 5128 vulgatam
2779 5053 3369 5128 mutarenoluerim}
3432 5058 3543 5114 nisi
3603 5058 3760 5128 quod

2107 5124 2411 5198 emendavi
2439 5124 2592 5195 quod
2618 5125 2895 5198 habebat
2945 5125 3121 5182 editio
3156 5129 3522 5198 Parisieusis,
3551 5124 3642 5180 τὸν
3676 5125 3759 5180 ἕν-

2109 5194 2222 5261 δον,
2275 5203 2332 5251 et
2387 5194 2729 5252 eorumdem
2788 5199 3054 5253 codicum
3116 5215 3182 5253 ac
3215 5201 3436 5255 Venetis
3487 5194 3761 5255 editionis

2107 5269 2459 5339 scripturam
2495 5268 2750 5323 restitui.

2180 5336 2292 5410 (62)
2325 5337 2485 5410 "egw.
2519 5339 2797 5396 Nonnulli
2832 5338 3084 5403 codices,
3117 5336 3330 5410 ἔξωθεν.

2178 5408 2290 5483 (64)
2319 5408 2510 5469 ”Ὀλος.
2541 5416 2667 5467 Haec
2700 5411 3011 5483 scriptura,
3031 5408 3161 5481 quae
3190 5411 3248 5465 in
3275 5409 3764 5483 nonnullis__codi-

2107 5478 2281 5538 cibus
2305 5489 2557 5554 reperta,
2586 5484 2774 5552 potior
2803 5478 3519 5554 videturquamvulgata,
3557 5478 3724 5544 ὅλως.

2179 5556 2289 5625 (65)
2323 5551 2556 5610 Μὶωιῶν.
2583 5551 2706 5611 Non
2741 5554 2891 5609 male
2921 5551 3098 5607 editio
3129 5552 3501 5625 Parisiensis,
3528 5556 3760 5623 μωμῶν.

2107 5623 2215 5681 Sed
2249 5632 2446 5682 tamen
2487 5627 2852 5682 restituenda
2879 5625 3003 5679 visa
3031 5628 3120 5678 est
3158 5623 3452 5694 scriptura
3482 5626 3761 5685 editionis

2108 5697 2365 5768 Veneta,
2397 5713 2574 5770 quam
2606 5714 2707 5755 sex
2735 5696 2965 5754 codices
2995 5710 3140 5751 mss.
3171 5695 3546 5754 conﬁrmant.
