4134 6224
441 373 558 437 ⁸707

1393 365 1786 432 APPENDIX
1827 347 2150 431 opertum
2195 367 2262 429 s.
2307 363 2587 428 BASILH
2633 360 2902 427 MAGNI.

3735 364 3861 426 708

441 507 600 564 Talis
631 510 824 564 autem
860 505 1068 579 placet,
1102 502 1334 576 qualem
1365 501 1492 575 ipse
1521 500 1678 556 illam
1714 501 1964 557 formare
1994 515 2090 555 vo-

2206 497 2455 570 Μεριμνᾷ
2483 495 2585 570 γὰρ
2613 498 2733 556 πῶς
2763 495 2926 567 ἀρέσῃ
3109 497 3189 566 τῷ
3237 495 3441 568 Κυρίῳ.
3495 494 3741 570 Ἀρέσκει
3798 491 3855 548 δὲ

441 596 571 652 luit.

520 689 604 741 18.
639 686 762 741 Νοη
798 684 985 741 solum
1035 683 1216 755 igitur
1258 681 1522 736 exornari
1555 679 1716 750 virgo
1750 695 1860 733 non
1895 679 2087 745 debet,

445 791 552 832 nec
581 775 928 847 exquisitam
975 773 1217 827 formam
1253 772 1320 825 ad
1354 768 1791 824 condimentum
1823 769 2089 838 volupta-

445 866 521 921 tis
569 863 722 920 oculi
782 860 1063 934 impudici
1117 859 1436 928 elaborare,
1467 858 1569 915 sed
1619 857 1796 913 etiam
1849 862 2088 912 natura-

441 954 558 1010 lem
609 953 871 1026 corporis
922 949 1438 1024 pulchritudinem,
1471 953 1759 1018 quantum
1813 947 1936 1001 ﬁeri
1989 962 2087 1016 po-

440 1048 576 1113 test,
633 1043 771 1098 data
827 1057 1004 1112 Opera
1059 1039 1431 1095 obumbrare.
1481 1040 1628 1091 Nam
1683 1052 1839 1099 cum,
1881 1051 2088 1090 secun-

439 1133 581 1186 dum
637 1130 993 1202 superiorem
1051 1142 1405 1196 sermonem,
1452 1126 1773 1180 fomentum
1830 1125 1979 1180 685
2015 1123 2091 1178 sit

437 1220 754 1292 voluptatis
806 1219 954 1273 mari
1008 1216 1243 1283 femina,
1275 1221 1330 1271 et
1381 1213 1547 1271 oculo
1602 1212 1876 1280 molliori,
1911 1229 2088 1284 quam

441 1309 760 1375 masculus,
795 1309 866 1362 ab
913 1307 1408 1362 oblectamentum
1448 1304 1609 1359 visus
1656 1303 1868 1366 efﬁcta,
1894 1319 1960 1357 ac
1989 1318 2088 1356 ca-

437 1416 580 1454 nora
610 1414 747 1452 vocs
795 1397 866 1452 ad
917 1395 1290 1468 pelliciendas
1341 1410 1510 1448 aures
1560 1393 1867 1457 instructa,
1904 1407 2086 1445 mem-

438 1491 673 1544 brorum
711 1486 1009 1558 apparenti
1046 1483 1309 1549 mollitie,
1337 1499 1402 1538 ac
1443 1499 1557 1536 uno
1591 1481 1783 1547 verbo,
1814 1485 1929 1535 tota
1957 1496 2089 1534 cor-

437 1580 599 1648 ports
653 1574 846 1646 specie
913 1587 978 1626 ac
1036 1575 1194 1624 motu
1257 1570 1328 1624 ad
1386 1568 1715 1641 decipulam
1772 1567 2088 1639 voluptatis

435 1663 707 1726 formata,
741 1677 995 1731 cumque
1054 1676 1168 1714 non
1221 1657 1466 1730 loquens
1518 1657 1711 1713 solum
1770 1655 1982 1711 mulier
2032 1659 2090 1711 et

437 1751 752 1824 aspiciens,
786 1751 883 1804 sed
917 1754 974 1804 et
1023 1750 1234 1803 sedens
1266 1763 1332 1803 sc
1362 1747 1676 1802 ambulans
1723 1747 1796 1801 ob
1846 1745 2083 1800 insitam

436 1843 494 1896 in
528 1855 750 1896 marem
800 1836 883 1892 illi
934 1835 1263 1892 naturalem
1317 1838 1691 1907 potestatem,
1721 1849 1854 1890 eum
1897 1833 1966 1888 ad
1999 1849 2083 1900 se,

437 1934 503 1985 ut
559 1930 777 1985 ferrum
833 1926 1068 1982 eminus
1116 1940 1380 1997 magnes,
1427 1922 1722 1992 attrahat;
1783 1926 2088 1994 pr0pterea

437 2023 666 2091 oportet
706 2024 769 2072 ut
798 2014 979 2088 virgo,
1014 2031 1082 2070 ne
1114 2013 1231 2069 ullo
1276 2014 1449 2069 modo
1495 2011 1812 2084 voluptatis
1864 2011 2088 2066 retibus

438 2106 774 2178 implicetur
825 2104 1134 2177 providens
1182 2107 1240 2158 st
1278 2118 1509 2172 cavens,
1541 2100 1870 2156 masculum
1923 2117 2086 2171 aspe-

439 2200 599 2250 ctum
628 2200 684 2250 et
718 2194 950 2248 firmam
984 2190 1200 2246 efﬁciat
1232 2206 1452 2255 vocem,
1485 2206 1550 2243 ac
1582 2189 1808 2243 incessu
1842 2193 1899 2242 et
1928 2188 2087 2242 omni

439 2299 684 2356 prorsus
731 2280 989 2352 corporis
1029 2285 1190 2335 motu
1241 2278 1544 2334 illecebras
1573 2276 1886 2349 voluptatis
1929 2293 2088 2332 coer-

441 2378 597 2441 ceat;
635 2373 714 2426 ita
747 2377 810 2425 ut
841 2388 944 2425 nec
990 2369 1118 2440 ipsa
1158 2369 1346 2439 magis
1396 2367 1739 2436 excogitatis
1784 2367 1854 2421 ad
1886 2365 2086 2437 volup-

438 2468 615 2516 tatem
651 2459 872 2514 artibus
922 2459 1212 2529 capiatur,
1248 2473 1354 2512 nec
1386 2456 1659 2527 laqueum
1704 2455 1835 2509 aliis
1876 2471 1940 2508 ac
1971 2472 2088 2508 sua:

437 2549 629 2622 ipsius
669 2549 877 2602 animae
924 2547 1224 2617 proprium
1278 2561 1490 2614 corpus
1541 2545 1832 2610 instituat,
1865 2545 1965 2598 sed
2016 2545 2086 2598 ad

438 2639 675 2693 ﬁrmam
706 2635 936 2690 virtutis
986 2634 1237 2706 Speciem
1295 2633 1670 2704 semetipsam
1721 2632 2089 2704 sapientibus

443 2727 701 2783 motibus
730 2724 974 2778 viriliter
1003 2723 1206 2794 erigat.

519 2906 604 2960 19.
629 2904 719 2960 Sic
746 2903 925 2975 igitur
957 2901 1268 2957 femineam
1293 2898 1650 2972 voluptatem
1683 2899 1741 2954 in
1775 2899 2092 2970 semetipsa

444 2996 775 3064 destruens,
798 3001 848 3048 et
895 2991 1074 3046 maris
1105 2991 1174 3045 ad
1211 2990 1487 3046 feminam
1518 2991 1966 3061 propensionem
2002 3005 2088 3044 re-

443 3099 672 3152 secans,
691 3081 945 3153 virgines
975 3080 1149 3135 etiam
1183 3096 1321 3135 suos
1345 3094 1690 3151 progressus
1719 3079 1950 3149 efﬁciet,
1973 3095 2088 3134 non

443 3171 754 3226 lasciviens
786 3169 1082 3224 continuis
1129 3171 1555 3240 progressibus,
1581 3185 1686 3222 nec
1717 3174 1926 3239 praeter
1953 3185 2088 3223 con-

2199 587 2422 658 τοιαύτῃ
2453 583 2569 638 ο⁹ίαν
2599 584 2758 646 αὐτὸς
2787 584 2951 652 αὐτὴν
2995 585 3198 638 πλάσαι
3231 584 3522 654 ἠθέλησεν.

2269 677 2358 730 48.
2390 673 2466 729 Οὐ
2504 673 2669 746 μόνον
2703 673 2791 728 οὖν
2845 673 2905 727 ού
2938 671 3019 727 δεῖ
3047 671 3493 742 καλλωπίζεσθαι
3524 676 3624 742 τὴν
3657 675 3855 746 παρθέ-

2197 783 2311 834 νον,
2345 761 2472 818 οὐδὲ
2520 761 2739 836 ἥδυσμα
2782 760 2984 833 ἡδονῆς
3039 761 3358 838 βλέμματος
3411 762 3720 818 ἀκολάστου
3753 765 3855 829 τήν

2199 850 2432 907 ἐπίνοιαν
2462 859 2561 922 τῆς
2597 861 2812 931 μορφῆς
2842 851 3176 928 έργάζεσθαι⁸
3205 852 3349 909 ἀλλά
3377 853 3466 907 xui
3508 853 3570 908 τὸ
3620 854 3849 927 φυσικὸν

2196 946 2294 996 τοῦ
2325 943 2580 1015 σώματος
2609 942 2815 1004 κάλλος
2847 943 3146 1011 συσκιάζειν
3181 943 3255 1004 ὡς
3287 941 3404 996 οἷόν
3452 963 3510 998 τε
3554 947 3675 1004 ταῖς
3726 941 3852 997 έπι-

2198 1030 2388 1092 νοίαις.
2438 1029 2659 1100 Ἐπειδὴ
2712 1033 2838 1106 γὰρ,
2889 1032 3022 1085 καίςᾶι⁵
3069 1032 3160 1085 τὸν
3204 1031 3456 1106 ἀνωτέρω
3507 1030 3703 1104 λόγον,
3761 1031 3858 1103 μά-

2201 1118 2388 1195 λαγμα
2445 1118 2643 1189 ἡδονῆς
2670 1125 2750 1192 τῷ
2782 1118 2961 1196 ἄῤῥενι
2991 1121 3054 1175 τὸ
3085 1120 3228 1190 θῆλύ
3278 1119 3410 1187 ἐστι,
3443 1121 3532 1175 xui
3569 1118 3855 1195 βλέμματι

2203 1209 2478 1285 ὖγροτέρῳ
2527 1212 2625 1264 τοῦ
2682 1207 2900 1286 ἐίρῥενος
2960 1209 3096 1286 πρὸς
3163 1207 3438 1284 ἐναγωγὴν
3498 1211 3613 1283 (67)
3669 1205 3854 1282 ὅψεως

2198 1299 2602 1370 πεπλασμένον,
2651 1298 2741 1353 καὶ
2801 1303 2952 1377 φωνῇ
3013 1298 3214 1374 λιγυρᾷ
3245 1299 3320 1362 εἷς
3351 1296 3656 1373 θέλγητρον
3693 1297 3858 1374 ὀργαο

2197 1388 2363 1441 νωθὶν
2414 1389 2602 1456 ἀκοῆς,
2652 1387 2742 1441 καὶ
2788 1391 2857 1460 τῇ
2890 1386 3260 1465 ἐμφαινομένη
3282 1391 3388 1441 τῶν
3427 1387 3609 1459 μελῶν
3672 1387 3857 1459 μαλα-

2197 1474 2409 1546 κότητι,
2468 1476 2557 1530 καὶ
2591 1473 2834 1536 συνόλως
2873 1477 3032 1530 παντὶ
3065 1481 3144 1548 τῷ
3181 1481 3282 1531 τοῦ
3312 1475 3566 1549 σώματος
3599 1478 3853 1550 σχήμητί

2196 1587 2254 1620 τε
2282 1566 2366 1619 καὶ
2401 1567 2664 1638 κινήματι
2724 1565 2859 1636 πρὸς
2916 1565 3128 1636 ἀπάτην
3160 1572 3261 1635 τῆς
3320 1562 3526 1634 ἡδονῆς
3561 1566 3859 1642 μορφωθὲν

2185 1655 2282 1708 ικαὶ
2343 1653 2406 1708 ού
2465 1652 2710 1708 λαλοῦσα
2753 1655 2890 1728 γυνή
2953 1653 3113 1726 μόνον
3169 1655 3258 1709 καὶ
3315 1651 3703 1729 όρῶσα,ἀλλά
3764 1653 3858 1708 καὶ

2196 1742 2471 1816 καθημένη
2505 1747 2624 1805 πῶς
2655 1743 2744 1798 καὶ
2781 1741 3093 1819 βαδίζουσα,
3147 1741 3235 1798 διὰ
3289 1745 3388 1813 τήν
3443 1743 3661 1798 ένοῦσαν
3714 1743 3855 1798 κατά

2194 1835 2291 1887 τοῦ
2322 1829 2543 1907 ἂιῤῥενος
2573 1831 2709 1906 αὐτῇ
2752 1835 2864 1905 (68)
2895 1834 3124 1907 φυσικὴν
3176 1829 3509 1899 δυναστείαν,
3561 1832 3636 1893 ὡς
3695 1828 3858 1899 σίδη-

2199 1939 2315 1994 Ρονο
2344 1921 2511 1997 φημὶ,
2563 1920 2842 1997 πόρῥωθεν
2898 1928 3188 1996 μαγνῆτις,
3241 1925 3435 1978 τοῦτον
3468 1919 3607 1995 πρὸς
3653 1921 3852 1988 ἑαυτὴν

2202 2009 2551 2084 μαγγανεύει·
2604 2007 2692 2063 διὰ
2739 2014 2899 2064 τοῦτο
2952 2007 3034 2064 δεῖ
3072 2012 3172 2080 τήν
3225 2011 3510 2086 παρθένον,
3543 2014 3622 2081 τῷ
3657 2007 3855 2083 μηδενὶ

2195 2098 2386 2173 τρόπῳ
2413 2104 2532 2160 τοῖς
2559 2105 2658 2168 τῆς
2691 2096 2898 2168 ἡδονῆς
2927 2097 3167 2162 δικτύοις
3197 2099 3545 2173 έμπλακῆναι
3578 2097 3858 2177 φυλαττο-

2202 2185 2391 2258 μένην,
2423 2186 2734 2262 ἀρρενωπὸν
2789 2188 2850 2242 τὸ
2899 2186 3077 2260 ὅμμα,
3121 2188 3210 2242 καὶ
3269 2187 3489 2264 στερρὰν
3521 2193 3701 2242 ποιεῖν
3756 2188 3855 2255 τήν

2198 2276 2404 2353 φωνήν,
2451 2281 2531 2347 τῷ
2576 2273 2634 2330 δὲ
2689 2273 2979 2350 βαδίσματι
3009 2277 3100 2331 καὶ
3129 2275 3372 2338 συνόλως
3402 2277 3557 2331 παντὶ
3587 2279 3857 2348 κινήματι

2195 2369 2275 2436 τῷ
2296 2368 2392 2419 τοῦ
2423 2365 2704 2437 σώματος,
2744 2365 2983 2441 συνέχειν
3013 2373 3112 2436 τῆς
3141 2365 3346 2436 ἡδονῆς
3374 2367 3441 2420 τὰ
3466 2363 3715 2421 δελέατα*
3747 2366 3859 2440 ούχ

2200 2454 2438 2523 ἀλῶσαν,
2473 2455 2638 2531 φημὶ,
2673 2453 2749 2510 ἔτι
2786 2455 2996 2529 μᾶλλον
3023 2462 3140 2517 ταῖς
3182 2456 3447 2517 έπινοίαις
3476 2457 3616 2530 πρὸς
3645 2453 3856 2523 ἡδονὴν

2199 2544 2416 2618 σαυτὴν,
2467 2551 2554 2598 xui
2603 2543 2801 2620 παγίδα
2849 2545 3051 2620 έτέροις
3099 2567 3157 2600 τε
3189 2546 3351 2618 ὁμοῦ,
3401 2546 3488 2600 καὶ
3529 2549 3599 2618 τῇ
3653 2545 3854 2612 ἑαυτῆς

2197 2636 2352 2708 ψυχῇ
2383 2633 2445 2687 τὸ
2475 2632 2677 2688 οἰκεῖον
2707 2638 2866 2707 σῶμα
2918 2634 3238 2707 ἀρτύουσαν,
3289 2636 3425 2707 πρὸς
3470 2635 3534 2688 τὸ
3593 2632 3854 2687 σύντονον

2199 2720 2257 2777 δὲ
2285 2726 2384 2787 τῆς
2418 2723 2612 2798 ἀρετῆς
2633 2720 2771 2785 εἶδος
2793 2724 2984 2794 ἑαυτὴν
3007 2723 3247 2802 σώφροσι
3277 2725 3569 2796 κινήμασιν
3592 2721 3855 2798 ἐνδρείως

2201 2812 2487 2887 ὀρθοῦσαν.

2270 2903 2358 2958 49.
2390 2901 2577 2962 Οὕτως
2607 2897 2664 2955 δὲ
2692 2901 2792 2968 τὴν
2817 2906 2914 2956 τοῦ
2946 2901 3144 2972 θήλεος
3175 2899 3381 2970 ἡδονήν
3412 2900 3463 2955 ἐν
3499 2901 3665 2973 ἑαυτῇ
3698 2902 3853 2954 ἀναι-

2199 2994 2386 3066 ροῦσα,
2418 2991 2506 3045 καὶ
2535 2991 2635 3058 τὴν
2685 2991 2823 3065 πρὸς
2868 2993 3030 3045 τοῦτο
3080 2989 3264 3067 σχέσιν
3309 2995 3409 3046 τοῦ
3436 2988 3657 3067 ἄρρενος
3716 2990 3858 3044 ἀπο-

2197 3081 2493 3147 κόπτουσα,
2519 3081 2817 3156 παρθένους
2860 3080 3051 3148 ἑαυτῆς
3077 3081 3165 3134 xui
3224 3081 3320 3142 τὰς
3378 3077 3648 3153 προόδους
3678 3082 3856 3151 ποιή-

2199 3191 2365 3242 σεται,
2426 3169 2517 3224 ούν
2577 3168 3041 3224 ἀκολασταίνουσα
3095 3175 3214 3232 ταῖς
3263 3171 3510 3244 συνεχέσι
3561 3166 3852 3244 προόδοις,

444 3259 770 3314 venientem
803 3257 1010 3329 virgini
1053 3257 1454 3311 necessitatem
1508 3257 1564 3309 in
1617 3257 1823 3311 domos
1874 3261 2087 3312 semet-

2206 3257 2325 3314 ούδέ
2347 3231 2493 3335 παρὰ
2516 3260 2614 3327 τὴν
2643 3254 3048 3314 ἐπιϐάλλουσαν
3069 3257 3320 3334 παρθένῳ
3488 3231 3680 3333 χρείαν
3730 3231 3855 3320 ταῖς

445 3348 633 3418 ipsam
655 3345 981 3400 intrudens.
996 3345 1103 3400 Sed
1127 3343 1320 3399 omnis
1337 3359 1679 3416 progressus
1699 3348 1935 3416 tempus
1953 3362 2088 3416 pre-

445 3435 674 3506 scriptte
705 3433 938 3488 virtutis
967 3433 1159 3488 ofﬁcio
1194 3433 1501 3487 metietur:
1534 3449 1601 3487 ac
1640 3437 1922 3488 rectorem
1955 3434 2091 3505 qui-

445 3524 578 3578 dem
603 3521 1009 3594 progrediendi
1039 3525 1387 3592 praaceptum
1413 3520 1653 3575 habebit
1673 3520 1924 3589 Domini,
1952 3528 2093 3578 tem-

446 3628 557 3683 pus
576 3616 766 3666 autem
789 3627 857 3665 ex
879 3625 1140 3680 congrua
1157 3609 1268 3662 diei
1294 3609 1432 3664 hora
1461 3609 1771 3664 discernet.
1789 3610 1911 3664 Non
1935 3612 2090 3666 enim

445 3699 792 3771 simpliciter
808 3704 1044 3772 prOpter
1058 3714 1188 3753 eum
1211 3697 1309 3768 qui
1329 3697 1473 3752 dixit
1493 3713 1505 3750 :
1525 3698 1782 3768 Inﬁrmus
1798 3700 1961 3769 fui,et
1985 3717 2091 3756 non

445 3791 715 3845 visilauis
738 3803 823 3844 me
843 3789 908 3855 ⁷³,
933 3792 989 3842 et
1018 3791 1240 3857 czetera,
1265 3790 1570 3842 materiam
1597 3787 2006 3844 dissolutionis
2035 3793 2094 3846 et

447 3880 641 3952 probri
677 3882 1024 3951 praeceptum
1050 3875 1279 3931 Domini
1315 3875 1546 3932 efficiet.
1569 3876 1836 3940 Qualibet
1867 3878 2007 3934 hora
2035 3885 2095 3935 et

446 3973 656 4041 praeter
687 3969 959 4024 decorum
1004 3965 1270 4038 progredi
1313 3966 1556 4031 audens,
1589 3983 1656 4021 ac
1685 3966 1864 4022 intem
1875 3969 2094 4039 pestive

448 4059 504 4112 iu
539 4057 802 4130 quolibet
831 4057 955 4111 vico
986 4055 1256 4128 pluribus
1288 4070 1417 4110 sese
1446 4055 1783 4122 ostendens,
1813 4073 1914 4112 nec
1949 4074 2092 4129 prie-

445 4148 664 4204 clarum
687 4146 919 4202 Domini
942 4149 1314 4216 prmeeptum,
1334 4149 1660 4215 opportune
1681 4161 1747 4199 eo
1766 4162 1879 4199 non
1900 4152 2091 4215 utens,

2199 3347 2400 3410 oixiuu;
2450 3348 2642 3416 ἑαυτὴν
2716 3346 3140 3424 έπιρῥίπτουσα·
3201 3347 3412 3417 ἀπάσης
3483 3344 3540 3401 δέ
3609 3345 3856 3422 πρόοδοι)

2197 3439 2410 3513 καιρὸν,
2460 3438 2558 3505 τῆς
2606 3435 2971 3514 ὀφειλομένης
3023 3437 3219 3512 ἀρετῆς
3249 3435 3474 3504 έντολήν
3520 3438 3854 3509 ποιουμένηθ

2197 3533 2286 3580 xui
2318 3525 2548 3600 ἡνίοχον
2583 3527 2676 3595 μὲν
2703 3528 2802 3594 τῆς
2832 3523 3093 3599 προόδου,
3136 3526 3236 3594 τήν
3264 3524 3490 3592 έντολὴν
3522 3521 3726 3579 ἔχουσα
3754 3530 3856 3579 τοῦ

2201 3615 2418 3691 Κυρίου,
2466 3614 2597 3676 τοὺς
2654 3612 2712 3668 δὶ
2745 3614 2970 3687 καιροὺς
3021 3615 3252 3683 τούτων,
3296 3615 3433 3669 κατά
3469 3614 3532 3668 τὸ
3589 3614 3858 3689 εὐπρεπὲς

2205 3705 2369 3780 μέρος
2395 3710 2494 3773 τῆς
2532 3704 2740 3777 ἡμέρας
2770 3702 3111 3778 ἐγκρίνουσα.
3145 3704 3226 3759 Ού
3256 3704 3358 3779 γὰρ
3391 3703 3580 3764 ἁπλῶς
3626 3700 3715 3757 διὰ
3763 3705 3860 3757 τὸν

2203 3793 2441 3864 εἰπόντα,
2517 3794 2769 3861 Ἀσθενὴς
2827 3791 2992 3865 ἤμην,
3049 3793 3138 3846 καὶ
3199 3793 3298 3847 οὐκ
3346 3793 3704 3866 ἐπεσκέψασθέ
3767 3815 3858 3864 με,

2200 3882 2289 3938 xui
2321 3885 2388 3938 τὰ
2418 3881 2605 3939 λοιπὰ.
2639 3881 2775 3952 ὕλην
2807 3879 3119 3957 χυδιασμοῦ
3156 3903 3214 3936 τε
3239 3881 3328 3936 xui
3355 3883 3532 3955 ψόγου
3562 3884 3664 3950 τήν
3701 3881 3857 3936 έντο-

2203 3971 2308 4042 λὴν
2359 3976 2457 4026 τοῦ
2511 3971 2714 4046 Κυρίου
2771 3972 3076 4040 ποιήσεται.
3133 3972 3275 4025 Κατὰ
3332 3976 3504 4024 πᾶσαν
3551 3971 3646 4043 μὲν
3680 3971 3861 4044 ὥραν,

2202 4061 2290 4116 καὶ
2321 4062 2466 4135 παρὰ
2488 4060 2552 4114 τὸ
2608 4061 2812 4135 πρέπον
2868 4060 2975 4114 τῶν
3025 4057 3280 4135 προόδων
3313 4058 3741 4132 κατατολμῶσα,
3802 4059 3857 4112 ἐν

2204 4149 2422 4226 ἀκαιρία
2462 4148 2598 4204 κατὰ
2646 4149 2817 4202 πάντα
2849 4148 3117 4204 στενωπὸν
3143 4154 3261 4210 τοῖς
3293 4147 3531 4210 πολλοῖς
3588 4150 3861 4223 φαινομέ-

447 4237 505 4292 in
539 4253 713 4292 suum
769 4235 958 4306 ipsius
1007 4231 1360 4303 vituperium
1418 4248 1592 4302 prave
1647 4238 1959 4302 convertet,
1995 4240 2090 4291 aut

2206 4260 2291 4308 νη,
2343 4235 2466 4293 οὐδὶ
2511 4237 2575 4292 τὸ
2625 4235 2794 4291 καλὸν
2832 4237 2926 4310 μὶν
2955 4243 3055 4306 τῆς
3083 4242 3180 4293 τοῦ
3203 4242 3336 4292 Θεοῦ
3366 4234 3613 4305 ἐντολῆς,
3671 4235 3862 4292 ἐπιδε-

450 4325 612 4379 nulla
645 4324 835 4379 aetatis
865 4339 984 4377 sua:
1030 4321 1225 4375 habita
1268 4320 1508 4384 ratione,
1545 4321 1785 4376 licenter
1815 4323 2093 4393 prodibit,

452 4415 552 4468 sed
576 4411 898 4482 juvenilem
933 4410 1170 4480 quidem
1223 4424 1404 4478 agens
1433 4413 1684 4477 aetatem,
1717 4409 1776 4464 in
1808 4411 2093 4484 templum

451 4499 680 4556 Domini
713 4498 926 4566 solum,
956 4513 1060 4552 nec
1108 4495 1235 4552 sola
1280 4495 1626 4567 simpliciter
1671 4501 2091 4571 progrediatur.

2206 4328 2331 4401 aiio:
2375 4327 2510 4400 αὐτῇ
2546 4327 2621 4398 μὴ
2652 4324 2990 4401 κεχρημένη,
3024 4324 3100 4388 εἷς
3138 4321 3405 4395 διαϐολὴν
3445 4326 3642 4394 ἑαυτῆς
3670 4331 3864 4388 κακῶς

2205 4414 2537 4491 περιτρέψει,
2568 4409 2920 4468 ἀϐασάνιστον
2954 4411 3011 4468 δέ
3039 4415 3138 4483 τήν
3171 4413 3392 4484 ⁴ἡλικίαν
3427 4417 3622 4484 έαυτῆς
3663 4417 3863 4477 ἁπλῶς

2207 4503 2294 4558 έπὶ
2325 4505 2419 4566 τὰς
2451 4499 2722 4579 προόδους
2760 4503 2976 4581 ἀφήσει,
3039 4501 3185 4558 ἀλλά
3231 4503 3353 4560 νέαν
3399 4503 3490 4577 μέν
3542 4498 3622 4558 ἔτι
3654 4502 3866 4580 ἄγουσα

456 4590 744 4660 Praecepto
777 4592 970 4643 autem
1015 4584 1245 4640 Domini
1290 4585 1635 4642 necessariis
1667 4590 1737 4643 de
1767 4590 1960 4646 causis
1989 4591 2090 4648 alio

2208 4590 2452 4663 ἡλικίαν,
2484 4593 2570 4647 ἐπὶ
2600 4593 2692 4647 τὸν
2728 4594 2872 4648 οἶκον
2902 4597 2998 4648 τοῦ
3029 4598 3163 4648 Θεοῦ
3225 4593 3411 4668 μόνον,
3452 4593 3542 4647 καὶ
3595 4593 3660 4648 οὐ
3722 4595 3864 4666 μόνη

449 4683 715 4742 vocante,
745 4675 1079 4750 progressui
1106 4690 1212 4729 suo
1233 4691 1300 4730 ex
1329 4690 1552 4745 earum,
1575 4677 1927 4746 quibuscum
1964 4698 2099 4752 pro-

452 4767 725 4839 grediens
746 4764 1308 4831 cernitur,comitatu
1329 4765 1807 4836 approbationem
1826 4770 2100 4826 concilia-

453 4858 558 4912 bit.
592 4857 718 4913 Non
749 4858 905 4912 enim
947 4853 1273 4930 gregariam
1308 4855 1472 4910 decet
1501 4855 1808 4928 virginem,
1833 4876 1959 4931 quae
1990 4878 2097 4917 nu-

521 5057 567 5092 ’³³
599 5055 805 5112 Matth.
839 5071 970 5123 xxv,
1005 5054 1090 5110 43.

518 5256 632 5332 (66)
662 5250 1194 5332 Ἀρέσῃιῃοηουιιί
1228 5251 1478 5332 codices,
1504 5249 1701 5332 ἀρέσει.

2212 4681 2401 4744 ἁπλῶς
2429 4680 2832 4757 προελεύσεται·
2876 4681 3139 4751 Ἐντολῆς
3171 4679 3228 4737 δὶ
3256 4686 3354 4737 τοῦ
3403 4681 3610 4755 Κυρίου
3659 4681 3864 4758 ἐτέρω-

2212 4781 2262 4834 θι
2295 4772 2677 4846 ἀπαραιτήτως
2726 4769 2982 4846 ἀγούσης,
3016 4771 3322 4841 ἀξιόπιστον
3372 4771 3470 4838 τήν
3533 4771 3733 4841 ἑαυτῆς
3765 4792 3869 4825 πο-

2210 4865 2356 4943 ρείαν
2384 4865 2502 4922 ταῖς
2539 4860 2653 4934 μεθ’
2700 4859 2774 4913 ὧν
2811 4856 3104 4934 βαδίζουσα
3134 4862 3246 4933 (70)
3278 4860 3488 4936 ὁρᾶται,
3548 4861 3865 4931 ποιήσεται.

2202 5264 2332 5318 Mox
2385 5262 2562 5319 editio
2621 5260 2831 5328 Paris.,
2887 5261 3070 5317 τοῦτο.
3115 5260 3336 5316 Veneta
3391 5264 3448 5316 et
3507 5277 3680 5332 mss.,
3739 5261 3861 5314 τοῦ-

519 5320 634 5402 (67)
698 5320 1091 5406 ’Ῑδοῦᾝρῥενος
1171 5323 1307 5396 πρὸς
1353 5320 1687 5406 emam.
1755 5328 1848 5382 Sic
1903 5331 2100 5406 Aeditio
2207 5353 2323 5389 τον,

447 5398 674 5459 Veneta
715 5407 774 5456 et
823 5398 1047 5468 septem
1098 5412 1266 5471 mss.,
1307 5398 1420 5471 nisi
1473 5398 1624 5471 quod
1665 5415 1844 5471 unus
1903 5401 2097 5471 habet,

445 5475 582 5550 πρὸς
633 5465 962 5550 έπαγωγήν..
1001 5472 1116 5550 duo
1147 5468 1268 5550 alii,
1299 5467 1434 5549 πρὸς
1481 5465 1729 5550 ἀγωγήν,
1777 5465 2099 5550 ςᾱίῐὶο-γρζ

449 5538 603 5622 tibia,
635 5538 1019 5618 προσαγωγήν.
1053 5539 1424 5606 Parisiensis,
1456 5538 1592 5614 πρὸς
1617 5538 1846 5615 ἀγωγὴν
1878 5547 1975 5598 τοῦ
2005 5543 2100 5622 ἄῤ-

449 5617 622 5696 ῥυ(ἳὲ

522 5688 636 5764 (68)
691 5685 867 5761 Attii.
933 5684 1027 5742 Sic
1089 5699 1234 5744 mss.
1304 5681 1583 5756 quinque.
1653 5684 1844 5758 Editi,
1911 5685 2100 5762 αὐτῆς.

2281 5405 2396 5478 (69)
2422 5403 2702 5478 Παρθένῳ.
2735 5402 2829 5478 Sic
2860 5401 3228 5458 Colbertinus
3257 5403 3438 5458 codex
3483 5408 3541 5459 et
3590 5405 3690 5458 alii
3729 5420 3867 5458 non-

2213 5473 2386 5532 nulli.
2418 5473 2588 5548 Εᾱὶιὶ,
2619 5473 2926 5548 παρθένων.

2285 5549 2392 5617 (60)
2425 5543 2746 5614 scamonea.
2795 5545 2888 5617 Sic
2943 5548 3188 5617 uterque
3235 5546 3417 5601 codex
3463 5546 3783 5602 Combetis.
3815 5549 3874 5599 et

2211 5615 2411 5692 plures
2440 5619 2560 5674 alii.
2594 5619 2771 5686 Editi,
2807 5615 3183 5690 βασανίζουσα,
