4134 6224
258 401 376 467 709

1490 399 1725 461 LIBER
1768 395 1870 458 DE
1912 392 2444 461 VIRGINITATE.

3562 411 3679 475 710

260 537 340 596 Οὐ
373 537 478 613 γὰρ
511 534 703 597 ἀπλως
751 528 1004 611 ἀγελαίαν
1055 526 1136 588 δεῖ
1171 530 1272 603 τὴν
1313 530 1600 606 παρθένον,
1647 531 1952 604 ιίιποστροι-⁴

2069 530 2288 586 tiarum
2319 532 2556 588 vincula
2595 533 2813 605 rejecit,
2849 549 3198 611 quocunque
3230 537 3472 598 licenter
3505 561 3677 616 vaga-

265 633 462 707 φεῖσσν
510 628 580 682 τὰ
627 628 820 700 γάμων
869 624 1062 698 δεσμὰ,
1095 625 1412 699 ἁπανταχοῦ
1467 623 1602 696 μετά
1646 620 1921 684 αὐθεντίας

265 713 567 783 σοϐεῖσθαι·
603 716 783 791 ὥσπερ
815 713 905 770 διὰ
941 719 1102 770 τοῦτο
1152 714 1536 792 ἇποφυγοῦσαν
1586 712 1678 766 τὸν
1721 711 1920 786 γάμον,

265 809 380 884 οὐχ
404 806 499 862 ’ίνα
528 811 608 878 τῷ
633 805 904 882 κρείττονι
933 805 1160 878 νυμφίῳ
1209 803 1292 859 ἀεὶ
1323 799 1651 877 παρεδρεύῃ,
1681 798 1807 856 ἀλλ’
1832 797 1921 854 ’ίνα

263 897 349 953 in’
398 897 616 968 ἐξουσίᾳ
665 892 768 972 ἔχῃ
821 898 1008 970 φοιτᾷν
1069 890 1176 963 ὅπη
1235 891 1511 968 βούλεται.
1541 887 1682 948 Οὐδὶ
1710 891 1813 965 γὰρ
1845 889 1921 950 ὡς

263 986 326 1042 ἃν
366 987 443 1059 μή
480 1005 726 1061 μαρτυρα
754 983 789 1052 ἢ
821 984 1012 1059 κριτὴν
1046 977 1151 1058 ἔχῃ
1182 985 1279 1036 τοῦ
1313 981 1434 1057 βίου
1457 982 1556 1049 τήν
1590 980 1724 1054 πρὸς
1756 975 1922 1054 ἄνδρα

262 1075 560 1132 κοινωνίαν
621 1071 908 1151 ἀπέφυγεν
963 1068 1084 1126 οὐδ’
1141 1068 1234 1124 τίνα
1283 1068 1539 1144 ἐλευθέρα
1590 1066 1924 1138 ζηλοτυπίας

267 1164 595 1241 ὑπάρχουσα
656 1159 1040 1238 ἐγκαλινδοὶᾕαι
1107 1159 1188 1214 ἐπ’
1241 1157 1482 1230 ἐξουσίας
1555 1159 1666 1231 (71)
1725 1159 1806 1217 οἶς
1865 1153 1926 1209 ἂν

267 1251 450 1328 ἐθέλῃ,
488 1250 694 1325 μηδένα
723 1245 926 1327 ἔχουσα
950 1250 1041 1304 τὸν
1075 1248 1390 1344 ἐξετάσοντα
1430 1247 1597 1344 αύτῆς
1646 1245 1713 1344 τά
1763 1245 1924 1344 κινή-

272 1363 438 1416 ματα·
473 1338 600 1396 ἀλλ’
625 1338 720 1394 ’ίνα
769 1339 865 1401 τὰς
923 1337 1119 1414 σαρκὸς
1173 1339 1288 1409 ('72)
1319 1333 1544 1406 ἡδονὰς,
1602 1333 1693 1388 καὶ
1751 1333 1924 1387 τόκων

271 1429 503 1498 ὠδῖνας,
533 1428 625 1483 καὶ
655 1430 755 1497 τήν
785 1425 1148 1502 πολύμοχθον
1196 1429 1304 1479 τῶν
1341 1425 1613 1498 βιωτικῶν
1649 1425 1926 1496 μεριμνῶν

276 1520 537 1595 ἀλγεινὴν
598 1522 836 1596 φυγοῦσα
865 1515 1146 1593 φροντὶδα,
1205 1515 1306 1568 ὑπὸ
1351 1515 1582 1589 μάρτυρι
1613 1514 1702 1567 καὶ
1759 1510 1929 1582 ζηλο-

277 1609 438 1682 τύπῳ
468 1610 662 1683 ἀρετῆς
704 1611 841 1679 Θεῷ,
889 1607 980 1660 τὸν
1033 1607 1228 1673 ἑαυτῆς
1280 1604 1416 1679 πρὸς
1464 1602 1762 1678 ἀφθαρσίαν
1813 1601 1928 1675 βίον

282 1699 648 1771 οίκονομήσῃ.
707 1696 834 1758 Θεὸς
895 1696 995 1770 γάρ
1028 1693 1164 1767 εἰμι,
1225 1692 1382 1770 φησὶ,
1438 1691 1715 1762 ζηλωτὴς,
1748 1689 1930 1760 ζηλῶν

275 1789 372 1845 τὸν
407 1787 496 1843 hri
553 1791 727 1864 φθορᾷ
779 1785 842 1839 τὸ
899 1784 1028 1857 ἐμὸν
1088 1783 1138 1836 ἐν
1177 1783 1307 1854 ὑμῖν
1337 1779 1546 1844 κάλλος
1578 1779 1930 1854 μοιχεύοντα.

2029 619 2075 674 ri
2110 637 2123 675 :
2156 621 2325 690 quasi
2357 621 2574 677 idcirco
2628 625 2864 696 nuptias
2913 628 3144 700 fugerit,
3177 647 3290 685 non
3342 637 3408 686 ut
3456 633 3682 689 meliori

2028 725 2248 780 sponso
2299 725 2531 782 semper
2561 712 2840 778 assideat.
2874 716 2976 771 sed
3028 721 3093 771 ut
3143 716 3438 776 licentiam
3469 721 3684 780 habeat

2029 798 2205 854 eundi
2239 814 2356 869 quo
2386 798 2544 854 velit.
2579 800 2702 856 Non
2736 803 2893 858 enim
2923 809 2986 859 ut
3017 809 3221 862 testem
3275 817 3377 864 aut
3425 811 3681 880 iudicem

2027 888 2158 942 vite
2191 905 2306 943 non
2337 888 2600 958 haberet,
2624 907 2754 946 cum
2786 893 2907 947 viro
2947 897 3420 963 conjunctionem
3456 900 3678 969 vitavit,

2031 993 2220 1047 neque
2241 989 2306 1032 ut
2335 979 2616 1034 immunis
2640 980 2712 1034 ab
2741 981 3110 1039 aemulatione
3133 987 3488 1057 quibuscum
3512 988 3685 1046 vellet

2030 1065 2411 1136 volutaretur,
2444 1069 2735 1124 neminem
2776 1070 3000 1127 habens
3029 1074 3130 1144 qui
3173 1074 3232 1130 in
3265 1077 3452 1149 ipsius
3484 1083 3681 1136 motus

2033 1153 2326 1225 inquirat;
2359 1155 2458 1209 sed
2493 1161 2556 1209 ut
2582 1157 2776 1213 carnis
2806 1159 3130 1231 voluptates
3170 1169 3229 1219 et
3279 1171 3481 1236 partus
3513 1167 3680 1223 dolo-

2035 1259 2127 1298 res
2168 1259 2234 1297 ac
2284 1243 2635 1300 laboriosam
2684 1252 2742 1301 et
2794 1249 3101 1306 molestam
3155 1270 3349 1310 rerum
3405 1257 3476 1311 ad
3529 1256 3681 1313 hanc

2033 1333 2211 1386 vitam
2263 1332 2681 1402 pertinentium
2731 1352 2934 1392 curam
2983 1339 3236 1412 fugiens,
3276 1345 3382 1400 sub
3431 1351 3579 1402 teste
3626 1351 3684 1403 et

2038 1419 2373 1475 aemulatore
2413 1420 2640 1478 virtutis
2675 1429 2783 1479 Deo
2827 1443 2991 1482 suam
3042 1430 3226 1499 ipsius
3257 1435 3431 1488 vitam
3466 1435 3536 1490 ad
3568 1434 3684 1491 im-é

2041 1507 2454 1566 mortalitatem
2513 1513 2808 1584 dirigeret.
2866 1518 3006 1572 Deus
3059 1521 3207 1574 enim
3259 1538 3408 1590 sum,
3471 1525 3685 1595 inquit,

2039 1599 2252 1654 uiator
2268 1598 2334 1668 7‘,
2366 1599 2562 1655 zelans
2593 1618 2728 1657 eum
2760 1605 2859 1673 qui
2893 1605 3176 1662 adulterio
3208 1626 3398 1665 meam
3432 1613 3491 1666 in
3522 1613 3689 1669 vobis

2042 1688 2535 1758 pulchritudinem
2572 1693 2914 1765 corrumpit.
2948 1694 3091 1750 Nam
3126 1697 3172 1752 si
3208 1699 3463 1770 projecto
3495 1702 3689 1758 mariti

2035 1778 2201 1848 jugo,
2234 1783 2291 1832 et
2320 1777 2445 1832 vita:
2495 1779 2723 1836 inutilis
2773 1781 2970 1838 futura
2999 1785 3096 1854 sit,
3126 1793 3365 1859 propter
3393 1807 3570 1860 quam
3617 1791 3691 1847 ad

281 1877 436 1934 Ἐπεὶ
497 1875 542 1930 εί
598 1873 797 1947 μέλλοι
828 1873 920 1927 τὸν
981 1873 1117 1973 πρὸς
1153 1868 1508 1973 ἄνδραζυγρν
1567 1866 1932 1973 ἀπορῥίιιίασα,

2066 1865 2255 1920 lomus
2303 1867 2629 1923 custodiam
2663 1870 2816 1925 686
2848 1877 2904 1927 et
2952 1872 3204 1930 ﬁliorum
3253 1880 3694 1950 generationem

281 1966 566 2043 ἄχρηστος
594 1963 682 2019 καὶ
712 1967 791 2035 τῷ
824 1961 950 2038 βίῳ,
1007 1961 1142 2037 πρὸς
1195 1961 1253 2014 ὃν
1311 1958 1388 2023 είς
1415 1956 1691 2033 οἰκουρίαν
1719 1957 1806 2011 καὶ
1845 1976 1937 2012 τε-

283 2053 569 2131 κνογονίαν
629 2050 896 2122 ἰπλάσθη,
944 2050 1034 2104 καὶ
1075 2053 1146 2123 τῇ
1199 2045 1650 2123 ἐπαγγελλομένη
1679 2044 1938 2118 παρθενίᾳ

284 2143 552 2218 ὖπίψογος
580 2143 843 2218 γίνεσθαι,
887 2139 950 2193 τὸ
999 2136 1130 2193 ὅλον
1191 2138 1383 2209 ζημία.
1442 2137 1540 2190 Καὶ
1595 2136 1694 2204 τὴν
1751 2134 1936 2208 ψυχὴν

286 2229 636 2292 ἀπαιδεύτοις
695 2228 944 2293 ἐννοίαις,
993 2226 1082 2281 καὶ
1138 2227 1200 2280 τὸ
1262 2229 1423 2299 σῶμα
1470 2224 1674 2286 ἀνέτοις
1724 2225 1942 2298 σκιρτή-

292 2342 424 2395 μασι
479 2319 796 2398 φθείρουσαν
833 2319 967 2390 (73),
1025 2306 1223 2387 πολλῷ
1254 2315 1606 2390 αἱρετώτερον
1634 2310 1788 2388 ἀνδρὶ
1819 2333 1941 2366 συν-

291 2413 570 2488 αφθεῖσαν,
621 2406 801 2479 τούτῳ
876 2407 1014 2482 πρὸς
1072 2405 1164 2459 τὸν
1227 2404 1342 2479 βίον
1397 2405 1765 2488 ἡνιοχεῖσθαι,
1823 2401 1944 2456 τότε

289 2486 557 2576 χρειῶδες
607 2496 683 2559 είς
737 2497 990 2570 βοήθειαν
1033 2493 1169 2548 κατά
1209 2493 1300 2547 τὸν
1353 2491 1500 2546 οἷκον
1553 2486 1793 2565 ἀμοιϐὴν
1846 2498 1946 2561 τῆς

289 2586 622 2663 προστασίας
690 2585 838 2657 αύτῷ
917 2585 1318 2638 ἀντεκτιννῦσαν
1346 2623 1360 2650 ,
1429 2580 1519 2636 καὶ
1599 2581 1947 2656 γηροκόμους

291 2674 494 2740 παῖδας
533 2675 608 2738 είς
633 2672 898 2749 διαδοχὴν
931 2677 1029 2728 τοῦ
1066 2671 1254 2748 γένους
1303 2668 1532 2745 ἀγαθοὺς
1580 2674 1944 2744 παριστῶσαν’

290 2767 382 2822 καὶ
415 2766 493 2821 lvi
533 2769 659 2840 γοῦν
704 2764 854 2839 μέρει
901 2767 1019 2824 ταῖς
1047 2766 1144 2816 τοῦ
1201 2757 1395 2836 ἀνδρὸς
1458 2757 1838 2829 ζηλοτυπίαις,
1871 2759 1947 2819 ὡς

293 2856 413 2911 οἷόν
443 2858 632 2926 τε,τῷ
689 2857 807 2925 Θεῷ
862 2849 1312 2927 παρθενεύουσαν,
1371 2849 1446 2911 ὡς
1480 2850 1508 2903 ὁ
1547 2854 1646 2916 τῆς
1687 2847 1948 2918 ἀληθείας

294 2947 461 3020 λόγος
490 2945 584 3007 τὰς
605 2948 723 3007 τοῖς
752 2946 1072 3009 στενωποῖς,
1105 2939 1195 2994 καὶ
1223 2945 1343 3000 ταῖς
1376 2937 1572 2999 οῗκίαις
1610 2935 1948 2998 ἀπαιδεύτως

293 3033 759 3103 ἐπιπολαζούσας,
830 3028 955 3085 ούδὶ
1023 3029 1321 3105 παρθένους
1398 3026 1684 3104 γνωρίζει.
1765 3027 1950 3100 Ἀργαί

295 3125 405 3200 γάρ
471 3123 797 3197 μανθάνουσι
828 3119 1249 3195 περιερχόμεναι
1292 3118 1384 3179 τὸς
1445 3115 1640 3186 οἲκίας,
1683 3116 1748 3170 ού
1786 3114 1948 3188 μόνον

297 3212 358 3268 δὶ
389 3210 571 3286 ἀργαὶ,
601 3208 747 3266 ἀλλά
773 3208 865 3264 καὶ
898 3205 1133 3282 φλύαροι
1182 3206 1272 3260 καὶ
1321 3205 1618 3282 περίεργοι,
1685 3201 1950 3259 λαλοῦσαι

299 3304 370 3357 τὰ
405 3302 482 3375 μή
515 3297 722 3355 δέοντα.

377 3395 474 3449 ﬂ).
509 3389 571 3444 Ei
605 3385 663 3442 δι
693 3389 874 3463 χήραν
924 3383 1117 3461 ἀνδρὸς
1157 3381 1266 3454 ἤδη
1316 3388 1504 3458 πεῖραν
1535 3377 1828 3451 λαϐοῦσαν,
1871 3381 1962 3436 καὶ

317 3479 628 3558 ὀφθαλμοῖς
660 3473 868 3551 ἀνδρῶν
901 3471 1117 3548 ὁμιλεῖν
1159 3474 1578 3549 γυμνασθεῖσαν,
1609 3470 1669 3526 οὐ
1703 3469 1784 3526 δεῖ
1811 3471 1960 3526 ἀναί-

317 3567 418 3639 δην
451 3570 566 3642 (74)
595 3565 684 3622 καὶ
735 3563 985 3640 γλῶσσαν
1019 3564 1110 3617 καὶ
1160 3559 1332 3624 πόδας
1380 3561 1516 3635 πρὸς
1546 3559 1673 3624 τοὺς
1699 3559 1964 3636 τυχόντας

309 3654 628 3723 κινεῖν,Ἱνα
681 3655 755 3727 μὴ
816 3655 930 3725 (75)
978 3656 1096 3715 τοῖς
1151 3651 1577 3726 προειρημὲνοις
1626 3648 1961 3724 ἐγκλήμασιν

317 3744 591 3819 ὑποπέσῃ·
625 3744 781 3815 πόσῳ
817 3739 1028 3815 μᾶλλον
1063 3737 1146 3795 δεῖ
1171 3740 1270 3808 τὴν
1301 3738 1588 3815 παρθὲνον,
1628 3739 1719 3793 τὸν
1747 3745 1846 3806 τῆς
1875 3735 1964 3790 αἰ-

313 3835 441 3897 δοῦς
482 3834 618 3909 πρὸς
664 3829 830 3905 ἄνδρα
881 3827 1156 3905 μηδέποτε
1203 3826 1688 3904 ἀπαμφιεσαμὲνην
1737 3831 1964 3902 χιτῶνα,

313 3926 526 3999 σεμνὴν
585 3923 680 3996 μὶν
737 3922 828 3975 καὶ
883 3920 1148 3996 παρθένοι
1206 3915 1490 3996 φυλάττειν
1539 3917 1638 3984 τὴν
1694 3916 1984 3992 γλῶσσανη

316 4008 540 4092 ἀκριϐὲς
583 4012 640 4066 δὲ
695 4011 757 4065 τὸ
817 4009 972 4085 βῆμα
1025 4007 1162 4084 πρὸς
1215 4007 1278 4061 τὸ
1330 4007 1622 4082 ἀναγκαῖον
1653 4011 1754 4074 τῆς
1784 4003 1971 4080 χρείας

317 4104 579 4179 προάγειν
612 4121 626 4169 ;
656 4104 866 4155 Ἐκεῖνα
891 4098 990 4173 γὰρ
1026 4098 1186 4171 μόνον
1219 4099 1289 4170 τῇ
1328 4093 1579 4171 παρθένῳ
1611 4093 1824 4170 ῥητέον,
1875 4093 1974 4148 ὅσα

317 4212 375 4248 τε
406 4188 731 4254 ἀκουσθέντι
784 4188 876 4242 τὸν
907 4190 1031 4240 νοῦν
1064 4183 1338 4263 ὠφελήσει
1370 4188 1476 4238 τῶν
1523 4183 1852 4252 ἀκουόντων,
1884 4181 1975 4236 καὶ

323 4278 413 4336 διὰ
441 4285 542 4349 τῆς
564 4276 830 4352 εὐστόχου
861 4275 997 4350 πρὸς
1027 4274 1198 4342 αὐτὴν
1245 4272 1604 4348 ἀποκρίσεως,
1663 4272 1797 4347 πρὸς
1849 4273 1977 4325 σύν-

326 4390 432 4424 εσιν
464 4372 577 4423 τῶν
610 4367 768 4422 θείων
802 4363 969 4434 αὐτῆς
996 4364 1096 4432 τὴν
1123 4364 1310 4439 ψυχὴν
1339 4360 1416 4417 ἔτι
1453 4359 1665 4436 μᾶλλον
1685 4361 1976 4433 κοσμήσει.

325 4461 404 4517 Τὸ
435 4459 538 4535 γὰρ
573 4455 663 4512 διὰ
688 4459 787 4526 τῆς
813 4455 1072 4532 γλώσσης
1119 4453 1416 4533 φερόμενον
1466 4450 1567 4525 ἔξω
1617 4450 1828 4528 ῥεῖθρον
1880 4452 1982 4503 τοῦ

330 4547 524 4624 λόγου,
582 4553 684 4616 τῆς
741 4548 929 4614 πηγῆς
991 4543 1109 4607 ὅθεν
1161 4541 1244 4618 ῥεῖ
1307 4541 1601 4618 μαρτύριον
1633 4538 1852 4616 γίνεται.
1888 4538 1984 4594 Ἐκ

2045 1958 2240 2009 creata
2269 1959 2374 2024 est,
2409 1961 2466 2010 et
2495 1956 2841 2030 virginitati,
2869 1976 3046 2031 quam
3080 1965 3406 2034 profitetur,
3439 1969 3695 2026 dedecus

2046 2041 2276 2113 inurat,
2307 2044 2590 2100 damnum
2644 2047 2904 2118 undique
2950 2052 3189 2121 patitur.
3224 2057 3291 2109 Et
3337 2054 3386 2110 si
3434 2058 3694 2114 animam

2047 2131 2354 2187 dissolutis
2384 2133 2858 2206 cogitationibus,
2893 2143 2949 2192 et
2987 2155 3196 2211 corpus
3245 2141 3477 2200 lascivis
3526 2147 3698 2202 moti-

2049 2220 2160 2276 bus
2186 2220 2428 2292 polluat,
2452 2222 2638 2278 multo
2667 2226 2985 2296 optabilius
3017 2229 3182 2297 foret,
3207 2235 3272 2286 ut
3299 2232 3420 2287 viro
3450 2235 3697 2305 conjun-

2051 2315 2164 2380 cta,
2198 2315 2477 2366 rectorem
2502 2312 2630 2367 vita:
2663 2312 2831 2369 illum
2865 2315 3123 2383 haberet,
3149 2319 3351 2376 utilem
3379 2323 3429 2376 ei
3460 2339 3697 2394 operam

2053 2401 2124 2456 ad
2175 2416 2267 2455 res
2314 2402 2665 2457 domesticas
2710 2403 3094 2476 adiuvandas,
3129 2413 3408 2480 tanquam
3461 2412 3699 2484 regimi-

2054 2490 2148 2545 nis
2180 2491 2507 2545 mercedem
2559 2492 2916 2564 persolvens,
2949 2509 3016 2549 ac
3056 2497 3330 2553 solatium
3380 2502 3702 2558 senectutis

2055 2579 2241 2635 honos
2271 2579 2342 2634 ad
2375 2580 2805 2636 successionem
2855 2586 3086 2654 generis
3130 2604 3343 2658 pueros
3386 2589 3699 2659 exhibens;

2057 2685 2124 2723 ac
2158 2686 2274 2724 una
2321 2671 2527 2724 saltem
2575 2686 2641 2724 ex
2690 2677 2877 2742 parte,
2910 2675 2983 2727 ob
3033 2675 3226 2730 mariti
3275 2678 3701 2752 aemulationes,

2059 2762 2349 2828 quantum
2399 2757 2525 2812 fieri
2580 2764 2788 2829 potest,
2845 2761 3131 2834 virginem
3185 2780 3247 2820 se
3299 2766 3414 2822 Deo
3467 2785 3704 2824 conser-

2056 2863 2235 2914 vans;
2293 2848 2791 2916 quemadmodum
2840 2852 3102 2908 veritatis
3161 2871 3354 2910 sermo
3406 2873 3524 2923 eas,
3575 2874 3702 2930 quae

2060 2951 2163 3006 per
2207 2933 2365 2990 vicos
2393 2940 2452 2989 et
2481 2936 2688 2991 domos
2740 2937 3023 2994 dissolute
3054 2941 3316 3013 volitant,
3349 2961 3422 3000 ne
3451 2946 3706 3018 virgines

2061 3023 2300 3094 quidem
2331 3024 2618 3096 agnoscit.
2649 3027 2851 3083 Otiosae
2879 3030 3030 3082 enim
3074 3031 3290 3086 discunt
3337 3035 3576 3089 circuire
3602 3037 3705 3090 do-

2057 3129 2175 3168 mo:
2204 3132 2223 3168 :
2255 3128 2367 3168 non
2412 3113 2591 3168 solum
2636 3119 2825 3170 autem
2871 3118 3081 3184 otiosa,
3123 3121 3215 3175 sed
3259 3130 3310 3176 et
3355 3123 3620 3192 verbosaz,
3655 3131 3709 3180 et

2058 3205 2315 3273 curiosae,
2347 3202 2618 3273 loquentes
2646 3221 2764 3275 qum
2792 3221 2902 3261 non
2929 3212 3136 3278 oportet
3155 3211 3220 3266 ⁷⁵.

2138 3380 2230 3436 20.
2261 3381 2425 3447 Quod
2462 3380 2511 3435 si
2551 3381 2744 3453 vidua,
2777 3399 2904 3455 quae
2934 3385 3124 3442 virum
3157 3394 3394 3462 experta
3421 3398 3530 3460 est,
3561 3398 3621 3450 et
3648 3394 3711 3451 in

2071 3468 2256 3525 oculis
2313 3469 2567 3525 virorum
2614 3473 2833 3527 versari
2884 3481 3139 3545 assueta,
3174 3495 3289 3534 non
3345 3481 3517 3537 debet
3569 3484 3716 3539 citra

2072 3559 2354 3631 pudorem
2387 3563 2444 3614 et
2471 3558 2735 3632 linguam
2765 3566 2822 3616 et
2863 3564 3040 3635 pedes
3080 3567 3150 3620 ad
3181 3585 3562 3642 quoscunque
3595 3588 3718 3628 mo-

2074 3663 2222 3714 vere,
2259 3663 2330 3701 ne
2360 3647 2452 3715 iis,
2477 3664 2603 3719 quze
2633 3650 2911 3718 diximus,
2935 3653 3442 3714 criminationibus
3471 3661 3722 3716 obnoxia

2075 3737 2205 3802 ﬂat;
2238 3740 2458 3806 quanto
2488 3738 2673 3809 magis
2718 3744 2947 3810 oportet
2977 3747 3042 3796 ut
3069 3743 3251 3815 virgo,
3276 3762 3401 3816 quae
3441 3763 3720 3804 verecun-

2076 3825 2184 3879 dia:
2213 3840 2353 3897 erga
2379 3826 2570 3880 virum
2603 3844 2903 3899 nunquam
2936 3833 3096 3886 exuit
3128 3836 3410 3901 tunicam,
3444 3838 3720 3908 pudicam

2078 3930 2144 3969 ac
2164 3913 2448 3984 virginem
2473 3916 2764 3971 custodiat
2784 3916 3066 3989 linguam,
3091 3926 3370 3993 cauteque
3390 3942 3628 3996 gressus
3651 3927 3722 3980 ad

2079 4003 2442 4058 necessarios
2473 4021 2618 4059 usus
2659 4006 2924 4062 moveat?
2955 4008 3035 4063 Ea
3081 4013 3236 4066 enim
3284 4016 3516 4068 tantum
3549 4030 3581 4069 a
3611 4014 3727 4068 vir-

2081 4091 2216 4164 gine
2246 4091 2513 4156 dicenda,
2538 4110 2903 4166 quaecunque
2925 4097 3126 4152 audita
3157 4105 3412 4156 mentem
3437 4103 3733 4172 juvabunt

2086 4181 2476 4251 audientium,
2509 4187 2566 4237 et
2595 4188 2791 4254 aptam
2823 4185 2908 4238 illi
2943 4189 3382 4258 responsionem
3413 4190 3732 4258 elicientia,

2089 4270 2277 4342 ipsius
2308 4270 2565 4326 animam
2595 4274 2664 4326 ad
2697 4289 2890 4329 rerum
2920 4275 3249 4334 divinarum
3282 4279 3733 4354 intelligentiam

2089 4358 2279 4414 adhuc
2304 4361 2490 4431 magis
2511 4361 2970 4428 excolent.Quod
2995 4366 3151 4421 enim
3177 4383 3278 4438 per
3298 4368 3559 4441 linguam
3583 4370 3736 4426 foras

2090 4449 2329 4503 effertur
2385 4450 2675 4505 sermonis
2730 4451 3039 4521 ﬂuentum,
3080 4456 3258 4512 fontis
3305 4474 3376 4514 ex
3421 4476 3536 4530 quo
3583 4459 3736 4529 ﬂuit,

2092 4537 2158 4590 fit
2187 4539 2377 4592 testis.
2411 4541 2503 4593 Ex
2530 4539 2688 4595 corde
2716 4544 2865 4596 enim
2909 4553 3112 4599 exeunt
3154 4547 3513 4617 cogitationes
3542 4549 3738 4615 malae,

331 4638 434 4713 γὰρ
499 4643 601 4706 τῆς
660 4631 882 4710 καρδίας
941 4632 1252 4708 ἐξέρχονται
1311 4627 1664 4704 διαλογισμοὶ
1724 4625 1952 4703 πονηροῖ

2095 4624 2416 4692 homicidia,
2446 4626 2719 4683 adulteria
2739 4629 2804 4700 ⁷⁸,
2837 4635 2894 4685 et
2941 4636 3184 4690 caetera:
3229 4651 3299 4691 ex
3347 4637 3566 4708 quibus
3617 4636 3742 4693 fru-

334 4726 510 4805 φόνοι,
575 4728 845 4800 μοιχεῖαι,
903 4721 995 4777 καὶ
1050 4721 1117 4775 τὰ
1173 4721 1317 4791 ἑξῆςο
1372 4718 1461 4792 ἀφ’
1518 4719 1591 4772 ὥν
1647 4721 1868 4805 καρπῶν
1923 4714 1986 4770 τὸ

335 4803 554 4891 δένδρον
612 4813 934 4890 γινώσκεται
985 4811 1119 4884 (76).
1182 4809 1281 4863 Καὶ
1334 4809 1370 4877 ἡ
1430 4805 1649 4876 ἀληθῶς
1699 4803 1983 4880 παρθένος,

337 4905 516 4981 ὥσπερ
582 4902 688 4957 ἀπὸ
760 4905 998 4975 καθαρᾶς
1057 4905 1240 4974 πηγῆς
1291 4902 1391 4966 τῆς
1449 4892 1822 4970 καθαρότητος
1875 4896 1983 4948 τῶν

339 4996 504 5066 ἠθῶν,
566 4991 848 5056 ἀθόλωτον
881 4991 1091 5044 πάντων
1127 4986 1496 5062 μολυσμάτων
1531 4981 1614 5038 δεῖ
1659 4986 1985 5058 προχεῖσθαι

413 5190 458 5224 ⁷⁸
493 5193 658 5244 Deut.
689 5203 746 5255 ν,
777 5187 833 5240 9.
909 5185 954 5220 ⁷⁸
987 5185 1009 5241 l
1035 5182 1190 5240 Tim.
1221 5199 1277 5250 ν,
1308 5182 1395 5238 13.
1471 5181 1516 5217 ⁷⁸
1543 5178 1748 5236 Matth.
1778 5191 1872 5247 xv,
1907 5177 1994 5234 19.

413 5389 530 5454 (71)
562 5384 680 5439 Ἐπ’
711 5381 971 5454 ἔξουσίας.
1005 5383 1102 5454 Sic
1128 5382 1390 5454 plerique
1423 5399 1564 5439 mss.
1599 5385 1657 5438 et
1683 5380 1859 5437 editio
1891 5381 2002 5437 Ve-

349 5451 519 5515 neta.
541 5451 913 5523 Parisiensis,
944 5452 1026 5508 ἐπ’
1063 5451 1292 5524 ὖξόυσίᾳ.

418 5532 534 5601 (72)
582 5529 815 5603 Σαρκός.
863 5532 1033 5603 pnus
1087 5523 1288 5603 codex,
1348 5527 1579 5599 σαρκῶν.
1635 5523 1815 5580 Paulo
1874 5527 2006 5596 post

353 5597 528 5666 alius,
563 5597 790 5669 ζηλωτῇ
819 5600 920 5666 τῆς
951 5597 1167 5669 ἀρετῆς.

420 5674 536 5757 (7.3)
570 5670 927 5758 ερείρουεαγο

354 5741 537 5820 Regii;
569 5741 746 5819 Editi,
776 5741 1089 5826 φθείρουσα.

2095 4713 2288 4770 ctibus
2345 4714 2518 4770 arbor
2565 4718 2962 4788 cognoscitur.
3006 4721 3074 4776 Et
3123 4739 3251 4794 quis
3282 4741 3414 4781 vere
3444 4726 3604 4798 virgo
3635 4730 3746 4796 est,

2095 4819 2166 4858 ex
2198 4820 2426 4858 morum
2459 4803 2794 4877 integritate
2823 4807 2981 4864 velut
3027 4827 3096 4865 ex
3144 4829 3289 4884 puro
3320 4815 3500 4887 fonte,
3533 4832 3747 4888 purum

2097 4893 2170 4950 ab
2202 4892 2362 4948 omni
2396 4893 2839 4963 inquinamento
2871 4897 3041 4953 debet
3072 4917 3247 4957 suum
3280 4901 3488 4959 leniter
3513 4905 3752 4976 profun-

2097 4982 2234 5038 dere
2263 4997 2619 5052 sermonem,
2641 4983 2743 5054 qui
2774 5001 2891 5061 non
2924 4987 3096 5044 modo
3117 4990 3526 5062 cogitationem
3560 5008 3750 5064 neque

2185 5376 2298 5449 (74)
2331 5370 2606 5447 Ἀναίδην.
2639 5377 2732 5449 Sic
2777 5377 2892 5436 duo
2939 5385 3169 5442 codices
3217 5384 3525 5444 Combefis.
3557 5391 3615 5442 et
3660 5387 3760 5444 alii

2113 5446 2332 5522 plures.
2366 5446 2546 5522 Editi,
2577 5446 2790 5519 ἀναιδῆ.

2344 5521 2468 5610 Μή,
2507 5521 2760 5610 Νοβιιιίρ.
2804 5524 3002 5577 addita
3057 5542 3154 5610 ea”
3185 5525 3452 5610 pluribus
3491 5544 3648 5610 _mss.
3706 5535 3764 5586 et

2115 5591 2372 5679 editiOne
2421 5591 2660 5651 Veneta.
2706 5595 2836 5651 Mox
2891 5596 3157 5651 nonnulli
3185 5591 3763 5679 'codiceannpcn-

1013 5670 1066 5726 ic
1104 5664 1493 5726 'Colbertinus
1547 5668 1727 5726 codex
1781 5669 1840 5723 et
1890 5665 2006 5722 duo
2116 5664 2342 5735 σμένην.

2187 5733 2305 5811 (76)
2332 5733 2678 5791 Γινώσκεται.
2708 5737 2969 5802 Quatuor
3001 5752 3172 5811 mea,
3203 5740 3551 5821 γνωρίζεται.
3583 5751 3586 5755 ’
