4112 6224
418 383 532 447 711

1363 370 1757 441 APPENDIX
1808 375 2130 442 OPERUM
2177 380 2243 440 S.
2289 375 2564 442 BASlLlI
2611 375 2883 442 MAGNI.

3712 378 3839 440 ⁸712

421 520 491 576 ad
525 516 792 575 fallacem
825 517 1203 588 voluptatem,
1237 528 1425 584 neque
1455 513 1525 568 ad
1561 511 1765 582 ullam,
1797 529 1918 567 rem
1953 529 2076 582 per-

2197 512 2358 581 αὐτῆς
2414 511 2594 587 ἡμέρα
2621 513 2712 566 τὸν
2745 511 2935 586 λόγον’
3001 513 3076 583 μή
3115 508 3276 583 μόνον
3321 507 3487 582 μηδὲν
3540 505 3844 574 ἐπιϐλαῦὶς

423 610 708 665 niciosam
743 605 1021 678 impellat,
1045 605 1145 659 sed
1171 620 1296 658 eam
1331 603 1503 656 etiam
1528 619 1560 656 a
1584 602 1886 656 rationalis
1920 619 2078 655 men-

423 699 496 753 tis
530 695 1036 752 animadversione
1073 709 1312 748 vacuam
1361 696 1418 745 et
1471 691 1718 746 otiosam
1770 705 2074 760 nunquam

418 786 710 841 exhibeat.
757 782 1033 853 Quisquis
1084 781 1238 836 enim
1273 796 1340 834 ex
1369 779 1616 852 virginis
1669 779 1824 834 fonte
1882 794 2074 834 sermo

417 875 795 944 incorruptus
851 870 1141 940 hauritur,
1184 886 1270 937 eo,
1316 873 1380 924 ut
1435 867 1786 940 integritatis
1847 865 2074 938 poculo,

421 968 677 1020 mentem
707 959 981 1016 exsatiari
1034 963 1279 1029 oportet,
1314 956 1534 1012 similia
1580 957 1905 1011 verecunde
1935 955 2009 1020 ei,
2043 971 2077 1008 a

421 1070 539 1125 qua
573 1048 922 1106 beneﬁcium
955 1046 1197 1118 accepit,
1222 1045 1478 1101 vicissim
1513 1045 1944 1117 propinantem.
1969 1045 2074 1098 Ta-

419 1141 532 1194 lem
567 1155 628 1193 se
661 1137 941 1210 praebebit
970 1136 1146 1205 virgo,
1171 1135 1311 1189 dum
1344 1132 1641 1204 loquetur,
1664 1133 1710 1188 si
1745 1137 1937 1187 tamen
1971 1131 2071 1186 ali-

419 1229 657 1300 quando
689 1225 847 1296 loqui
879 1228 1160 1296 oporteat.
1194 1224 1476 1278 Accurate
1505 1222 1661 1278 enim
1693 1222 2069 1277 consideran-

418 1318 559 1372 dum
593 1315 665 1370 ad
697 1331 871 1385 quem
922 1319 979 1369 et
1027 1311 1321 1383 quomodo
1361 1316 1418 1366 et
1465 1312 1699 1382 quando
1731 1327 1860 1366 eam
1909 1310 2072 1382 loqui

415 1407 693 1461 decorum
724 1404 1007 1458 videatur.
1034 1401 1178 1456 Nam
1215 1417 1319 1456 nec
1347 1400 1472 1455 sine
1503 1401 1843 1455 discrimine
1873 1416 2070 1456 coram

416 1494 780 1569 quibuslibet
809 1494 979 1548 debet
1015 1492 1256 1546 interire
1285 1490 1530 1562 virginis
1561 1507 1774 1560 sermo,
1810 1507 1913 1546 nec
1943 1507 2071 1545 rur-

418 1603 521 1644 sus
553 1600 749 1640 coram
782 1582 853 1638 iis
884 1580 982 1653 qui
1015 1579 1380 1635 veneratione
1411 1577 1573 1650 digni
1606 1584 1764 1646 sunt,
1793 1580 2074 1636 audacter

421 1674 660 1738 nudari;
697 1689 821 1738 nec,
854 1671 902 1726 si
953 1673 1148 1724 careat
1188 1667 1461 1733 utilitate,
1495 1684 1608 1722 non
1653 1667 1924 1723 decenter
1955 1668 2072 1722 vir-

421 1761 576 1836 ginis
608 1777 866 1834 personzs
899 1757 1210 1830 profundi;
1246 1771 1435 1827 neque
1477 1756 1681 1822 etiam,
1712 1756 1760 1809 si
1804 1756 1972 1810 illum
2004 1772 2072 1810 ex

419 1867 518 1908 ore
542 1851 799 1921 virgineo
824 1847 1047 1903 utilitas
1070 1843 1400 1900 necessario
1423 1844 1636 1914 eliciat,
1661 1845 2073 1900 ostentationis

420 1957 599 1997 causa
617 1944 777 1995 extra
799 1937 1041 1993 modum
1065 1935 1319 1991 effluere.
1345 1934 1455 1989 Sed
1488 1933 1701 2004 ubique
1727 1939 1784 1990 et
1815 1951 2073 2005 personas

420 2037 478 2088 et
509 2029 786 2086 utilitatis
815 2032 873 2082 et
902 2025 1184 2097 temporis
1223 2024 1512 2080 babenda-
1534 2024 1702 2092 ratio,
1734 2027 1816 2078 ita
1846 2029 1910 2078 ut
1940 2039 2074 2078 cum

425 2122 571 2176 637
609 2117 931 2174 necessitas
952 2120 1119 2186 coget
1149 2112 1329 2186 lequi,
1352 2111 1536 2167 multo
1569 2113 1865 2182 pauciora,
1898 2129 2076 2184 quam

424 2210 643 2271 audiet,
665 2206 960 2278 loquatur.
978 2202 1275 2275 Siquidem
1299 2207 1354 2257 et
1386 2206 1596 2257 natura
1618 2201 1928 2256 utilitatem
1963 2217 2081 2258 ser-

427 2298 619 2354 monis
651 2313 783 2352 cum
809 2295 1010 2350 auditu
1043 2309 1209 2363 aqua
1238 2290 1610 2364 preportione
1638 2290 1908 2357 metiens,
1930 2291 2080 2348 duas

427 2387 665 2460 quidem
711 2401 904 2446 aures,
939 2399 1115 2438 unam
1169 2387 1360 2436 autem
1413 2379 1674 2452 linguam
1722 2380 1982 2449 efﬂuxit;
2013 2397 2079 2436 eo

429 2476 583 2549 quod
618 2479 884 2546 Oporteat
924 2469 1170 2541 duplum
1205 2470 1275 2524 ad
1308 2469 1680 2538 disciplinam
1730 2470 1953 2536 audire,
1985 2470 2079 2523 di-

430 2564 610 2620 midio
666 2569 860 2617 autem
909 2561 979 2615 ad
1035 2559 1518 2629 interrogationes
1571 2559 1892 2613 breviorem
1948 2575 2080 2630 pro-

431 2655 579 2709 ferre
611 2667 962 2707 sermonem.
997 2649 1200 2719 Itaque
1231 2648 1406 2702 etiam
1435 2664 1503 2702 ex
1536 2652 1755 2701 natura:
1787 2648 2083 2716 instituto,

432 2743 788 2815 quibuscum
824 2738 1168 2810 tempestive
1212 2736 1472 2806 loquitur
1501 2735 1680 2806 virgo,
1713 2737 1845 2808 plus
1897 2737 2082 2792 multo

434 2831 634 2888 audiet
665 2847 842 2901 quam
876 2828 1180 2899 loquetur:
1214 2826 1526 2894 omnisque
1554 2826 1682 2894 ejus
1713 2842 1905 2880 sermo
1936 2824 2084 2880 nihil

439 2921 547 2976 nisi
581 2919 719 2975 utile
753 2916 1129 2973 audientibus
1163 2915 1374 2980 ferens,
1398 2929 1427 2968 ε
1459 2913 1631 2968 labiis
1661 2915 2084 2986 progrediatur,
2126 2968 2129 2971 .

435 3016 539 3065 aut
580 3025 682 3082 per
732 3005 1245 3078 interrogationem
1304 3003 1485 3058 menti
1516 3003 1841 3059 doctrinam
1891 3003 2085 3060 conci-

434 3099 606 3168 lians,
641 3115 710 3154 ex
740 3114 837 3152 ore
869 3096 1131 3151 modeste
1177 3092 1448 3165 prodibit.
1478 3091 1636 3148 Alias
1679 3099 1873 3149 autem
1906 3094 1961 3147 in
1993 3111 2084 3148 ar-

432 3204 576 3242 cano
627 3186 861 3251 tacebit,
896 3183 1078 3238 multo
1129 3183 1318 3253 magis
1350 3198 1525 3252 quam
1577 3181 1673 3236 alii
1723 3181 1883 3236 omni
1932 3186 2084 3236 tem-

2187 602 2275 654 καὶ
2309 598 2529 670 δολερὸν
2561 605 2674 674 (77)
2704 601 2838 674 πρὸς
2878 599 3082 669 ἡδονήν
3116 601 3348 674 φέροντα
3377 601 3437 654 τὸ
3468 600 3675 671 νόημα,
3708 599 3844 654 ἀλλ’

2186 687 2312 744 οὐδὲ
2344 686 2504 766 ἀργόν
2537 711 2668 744 ποτε
2697 691 2803 744 ἀπὸ
2854 690 3082 764 λογικῆς
3114 693 3300 764 ψυχῆς
3348 694 3509 744 τοῦτο
3562 692 3674 762 (78)
3723 687 3840 742 δει-

2184 779 2399 837 κνύντα.
2434 779 2610 835 Πάντα
2637 780 2736 856 γὰρ
2792 780 2883 834 τὸν
2943 780 3048 834 ἀπὸ
3104 779 3371 856 παρθένου
3424 786 3610 853 πηγῆς
3663 775 3839 853 λόγον

2185 867 2418 946 ἄφθορον
2481 869 2819 944 ἀρυόμενον,
2878 869 3116 944 καθάπερ
3193 869 3491 945 ἀφθαρσίας
3548 870 3833 940 πόματος,

2184 955 2267 1013 δεῖ
2290 959 2380 1013 τὸν
2411 963 2536 1013 νοῦν
2570 957 2942 1036 ἐμφορεῖσθαι,
2998 964 3114 1020 τοῖς
3171 958 3387 1030 ὁμοίοις
3419 959 3533 1030 μετ’
3565 955 3756 1017 αἰδοῦς
3790 956 3841 1026 ἐξ

2185 1043 2424 1120 ἀμοιϐῆς
2452 1049 2549 1116 τὴν
2584 1047 2846 1122 εὐεργέτιν
2902 1051 3012 1120 (79)
3068 1047 3538 1123 ἀντιπροπίνοντα.
3589 1046 3833 1116 Τοιαύτη

2186 1138 2280 1209 μὲν
2338 1132 2548 1208 ἔσταιή
2615 1138 2877 1212 παρθένος
2947 1135 3212 1202 λαλοῦσα,
3264 1133 3444 1189 εἷ’ποτε
3489 1135 3578 1188 καὶ
3643 1133 3841 1188 λαλεῖν

2183 1227 2495 1300 ἀναγκαῖον.
2529 1221 2890 1301 Ἀκριϐωτέον
2949 1227 3052 1301 γὰρ
3098 1226 3187 1279 καὶ
3234 1225 3359 1294 τίνι,
3414 1224 3500 1278 καὶ
3550 1229 3690 1290 πῶς,
3743 1225 3840 1277 καὶ

2180 1336 2312 1370 ποτε
2339 1315 2538 1384 ταύτην
2582 1313 2770 1370 λαλεῖν
2828 1314 3032 1390 πρέπον
3092 1316 3301 1388 ὁρᾷται.
3361 1313 3434 1368 Οὐ
3488 1315 3589 1388 γὰρ
3645 1313 3841 1372 ἁπλῶς

2179 1405 2317 1479 πρὸς
2374 1403 2498 1466 τοὺς
2552 1404 2818 1478 τυχόντας
2847 1407 2960 1476 (80)
2993 1400 3075 1457 δεῖ
3106 1402 3410 1477 φθείρεσθαι
3436 1404 3535 1469 τῆς
3567 1401 3844 1472 παρθένου

2178 1494 2270 1548 τὸν
2331 1491 2522 1568 λόγον,
2581 1489 2708 1548 οὐδὲ
2759 1493 2896 1568 πρὸς
2923 1491 3051 1554 τοὺς
3085 1489 3269 1553 αἰδοῦς
3300 1491 3478 1560 ἀξίους
3509 1489 3677 1544 πάλιν
3707 1492 3843 1566 θρα-

2183 1584 2316 1643 σέως
2374 1582 2840 1656 ἀπογυμνοῦσθαι·
2903 1578 3031 1636 οὐδὲ
3077 1581 3140 1635 τὸ
3171 1577 3434 1655 χρειῶδες
3483 1579 3582 1634 οὐκ
3633 1576 3841 1653 ἔχοντα

2181 1671 2327 1745 παρά
2353 1670 2416 1724 τὸ
2475 1665 2773 1725 ἐπιϐάλλον
2809 1672 2916 1742 (81)
2971 1674 3051 1740 τῷ
3107 1669 3388 1744 προσώπῳ
3417 1675 3517 1737 τῆς
3555 1668 3836 1742 παρθένου

2182 1765 2532 1835 προχεῖσθαι·
2571 1756 2696 1812 οὐδὲ
2748 1765 2846 1827 τῆς
2910 1759 3103 1832 χρείας
3155 1760 3346 1812 τοῦτον
3385 1756 3445 1811 ἐκ
3513 1758 3848 1830 παρθενικοῦ

2184 1849 2451 1922 στόματος
2492 1847 2798 1923 ἀναγκαίως
2846 1845 3142 1917 καλούσης,
3193 1844 3282 1901 διὰ
3333 1850 3432 1912 τῆς
3483 1845 3842 1918 έμπεσούσης

2183 1939 2318 2014 πρὸς
2377 1939 2474 2006 τὴν
2527 1934 2714 2012 χρείαν
2765 1937 3042 2014 ἀφορμῆς,
3101 1934 3522 2012 φιλοτιμότερον
3561 1931 3843 2009 ὑπερϐλύ-

2187 2033 2313 2097 ζειν.
2377 2024 2551 2082 ’Δλλά
2606 2031 2887 2100 πανταχοῦ
2939 2025 3030 2080 καὶ
3084 2028 3180 2078 τοῦ
3245 2025 3545 2101 προσώπου
3593 2025 3686 2077 καὶ
3737 2030 3845 2091 τῆς

2184 2117 2373 2194 χρείας
2430 2117 2517 2170 καὶ
2572 2121 2669 2171 τοῦ
2723 2120 2915 2190 καιροῦ
2947 2116 3297 2188 στοχαστέον,
3329 2114 3452 2169 ὅταν
3485 2114 3766 2188 ἀναγκάσῃ
3805 2116 3840 2182 ἡ

2186 2207 2343 2282 χρεία
2399 2204 2612 2278 λαλεῖν,
2643 2203 2842 2277 πολλῷ
2869 2203 3128 2260 ἐλάττονα
3185 2202 3258 2257 ὧν
3298 2202 3470 2258 έκούει
3533 2201 3843 2260 λαλοῦσαν.

2188 2296 2336 2353 Ἐπεὶ
2394 2295 2482 2351 καὶ
2516 2298 2549 2365 ἡ
2576 2296 2732 2372 φύσις
2761 2295 2825 2349 τὸ
2854 2291 3118 2370 χρειῶδες
3163 2298 3258 2348 τοῦ
3291 2290 3458 2369 λόγου
3492 2293 3631 2368 πρὸς
3663 2293 3841 2361 ἀκοὴν

2189 2383 2257 2441 δι’
2289 2383 2584 2459 ἀναλογίης
2647 2387 2935 2458 μετροῦσα,
2970 2381 3066 2437 δύο
3100 2383 3194 2456 μὲν
3227 2383 3359 2450 ὦτα,
3391 2381 3513 2455 μίαν
3551 2378 3606 2435 δὲ
3654 2380 3846 2454 γλῶσ-

2189 2496 2282 2530 σαν
2311 2477 2446 2546 ἡμῖν
2491 2472 2850 2549 έξειργάσατοο
2903 2472 2978 2535 ὡς
3021 2469 3160 2539 δέον,
3205 2468 3525 2526 διπλασίονα
3569 2469 3648 2531 εἷς
3707 2490 3844 2524 παι-

2191 2560 2332 2618 δείαν
2382 2561 2619 2633 ἀκούειν,
2677 2558 2930 2633 ἡμιολίῳ
2979 2557 3037 2614 δὶ
3078 2561 3214 2636 πρὸς
3241 2560 3307 2614 τὰ
3332 2560 3660 2633 ἐρωτήματα
3715 2578 3846 2611 συν-

2192 2650 2521 2724 εσταλμένον
2573 2649 2826 2726 προάγειν
2857 2651 2948 2704 τὸν
3004 2648 3190 2724 λόγον.
3249 2657 3405 2702 Ὥστε
3435 2649 3526 2701 καὶ
3569 2648 3707 2701 κατά
3739 2646 3844 2722 φύ-

2193 2762 2272 2794 σιν
2303 2742 2415 2812 (82)
2467 2739 2600 2816 πρὸς
2658 2739 2748 2800 οὕς
2781 2737 3040 2812 εὐκαίρως
3072 2736 3292 2806 λαλεῖή
3321 2735 3608 2812 παρθένος,
3641 2735 3844 2789 πλεῖον

2193 2828 2474 2884 ἀκούσεται
2506 2826 2703 2900 πολλῷ
2762 2825 2972 2900 μᾶλλον
3092 2824 3344 2895 λαλήσει·
3387 2826 3476 2879 καὶ
3529 2832 3635 2886 πᾶς
3670 2825 3842 2898 λόγος

2193 2918 2360 2987 αὐτῆς
2391 2913 2545 2972 οὐδὲν
2605 2911 2785 2990 ἕτερον
2814 2918 2848 2985 ἡ
2883 2915 3146 2993 ὠφέλειαν
3191 2921 3307 2976 τοῖς
3361 2912 3622 2968 ἆκούολσι
3657 2913 3842 2988 φέρων

2190 3011 2298 3062 τῶν
2332 3004 2563 3081 χειλέων
2617 3003 3023 3081 προελεύσεται,
3073 3003 3107 3072 ἢ
3149 3001 3220 3058 δι’
3249 3001 3602 3078 ἐρωτήματος
3632 3006 3714 3072 τῷ
3765 3006 3844 3071 νῷ

2192 3093 2439 3151 παιδείαν
2517 3094 2996 3169 ἐμπορευόμενος,
3055 3097 3151 3147 τοῦ
3209 3093 3476 3165 στόματος
3530 3090 3847 3165 ἐγκοσμίως

2193 3180 2550 3254 προϐήσεται.
2579 3183 2660 3239 Τὰ
2708 3181 2752 3237 δ’
2785 3181 2930 3238 ἄλλα
2978 3182 3125 3243 ἐντὸς
3155 3186 3348 3256 μυχῶν
3380 3182 3671 3256 ἡρεμήσει,
3703 3177 3846 3233 πολ·

432 3293 571 3348 pore
621 3290 841 3330 orans:
876 3275 1042 3340 Pone,
1095 3272 1338 3336 Domine,
1389 3269 1693 3324 custodiam
1739 3272 1831 3325 orz’
1875 3285 1991 3326 meo
2033 3279 2082 3327 et

2198 3273 2281 3346 λῷ
2338 3273 2502 3328 πλέον
2556 3277 2663 3327 τῶν
2714 3269 2898 3326 ἄλλων
2957 3251 3273 3335 διαπαντὸς⁷
3309 3251 3579 3345 εὐχομένη
3611 3290 3622 3302 ·
3684 3272 3850 3335 Θεοῦ,

432 3363 632 3417 ostium
661 3360 1086 3415 circumstantiae
1122 3358 1286 3411 labiis
1324 3358 1540 3411 meis".
1574 3358 1644 3413 Et
1667 3357 1749 3412 sic
1796 3375 1860 3412 os
1905 3375 2081 3413 suum

434 3467 564 3509 cum
599 3449 870 3522 precibus
899 3447 1277 3503 eommuniet.
1310 3446 1432 3502 Non
1465 3445 1664 3501 minus
1697 3448 1986 3516 auditum,
2011 3462 2084 3503 ne

430 3541 572 3612 quid
603 3537 966 3595 extrinsecus
989 3537 1060 3591 ad
1083 3551 1218 3590 eum
1252 3534 1460 3589 inﬂuat
1482 3535 1645 3600 mali,
1672 3536 1931 3591 excubiis
1962 3553 2086 3592 ser-

432 3628 608 3685 vabit.
632 3632 881 3683 Mentem
903 3626 1080 3680 etiam
1103 3623 1254 3680 ostio
1279 3624 1563 3690 obstruat,
1593 3624 1930 3694 quiescente
1960 3631 2086 3680 tum

433 3718 659 3786 auditu,
690 3720 816 3771 tum
848 3714 1051 3785 lingua
1095 3728 1326 3784 semper
1355 3711 1671 3768 Dominum
1721 3713 2036 3770 obsecrans
2071 3731 2084 3770 :

432 3809 552 3864 Non
577 3807 812 3862 declines
843 3821 936 3861 cor
956 3819 1140 3858 meum
1171 3804 1229 3857 in
1259 3804 1425 3858 verba
1455 3803 1695 3860 malitiae
1722 3803 1791 3858 ad
1823 3819 2088 3859 excusan-

429 3897 526 3953 da:
556 3897 938 3952 excusatione:
969 3895 1032 3949 in
1059 3893 1293 3964 peccati:
1316 3892 1380 3946 ⁷⁸.

498 4076 591 4130 21.
625 4072 779 4129 Illud
811 4076 1006 4128 autem
1038 4069 1130 4125 bis
1153 4086 1279 4142 qua:
1303 4068 1560 4124 diximus
1589 4070 1772 4125 multo
1796 4070 2089 4142 vitupera-

433 4165 632 4235 bilius,
667 4169 722 4220 et
753 4179 785 4217 a
810 4161 1070 4233 virgineo
1113 4176 1271 4214 more
1317 4159 1598 4228 alienum,
1633 4164 1698 4213 ut
1749 4177 1861 4214 non
1894 4160 2088 4217 solum

432 4273 535 4329 per
565 4255 771 4309 domos
810 4252 971 4321 virgo
1001 4248 1220 4314 volitet,
1259 4248 1359 4302 sed
1402 4247 1582 4302 etiam
1619 4249 1957 4318 nuptiarum
1993 4251 2092 4306 flat

433 4344 719 4416 pronuba.
748 4337 1102 4394 Honorabiles
1148 4336 1370 4404 quidem
1419 4336 1631 4404 nuptis:
1662 4337 1716 4388 in
1749 4338 2003 4392 omnibus
2025 4340 2088 4406 79,

435 4431 534 4486 sed
559 4427 713 4494 aliis,
735 4443 848 4481 non
870 4423 1086 4495 virgini
1110 4423 1482 4477 conveniunt.
1508 4422 1621 4477 Nec
1643 4423 1807 4478 decet
1825 4429 1888 4479 ut
1909 4443 1942 4480 a
1964 4444 2089 4499 pro-

437 4517 564 4590 pria
593 4515 804 4571 semita
835 4512 1134 4576 recedens,
1167 4510 1226 4565 in
1251 4510 1438 4565 triviis
1469 4511 1666 4567 saeculi
1699 4530 1832 4568 cum
1864 4515 2091 4587 reliqua

2197 3363 2382 3439 Κύριε,
2451 3360 2696 3440 φυλακην
2755 3365 2834 3432 τῷ
2892 3360 3120 3433 στόματί
3183 3381 3307 3433 μου,
3368 3359 3456 3413 καὶ
3519 3357 3686 3431 θύραν
3745 3377 3852 3410 πε-

2198 3459 2398 3528 ριοχῆς
2443 3451 2565 3526 περὶ
2623 3451 2688 3504 τά
2746 3447 2908 3524 χείλη
2976 3471 3102 3522 μου.
3140 3449 3245 3505 Καὶ
3279 3450 3420 3503 οὕτω
3451 3449 3545 3519 μὶν
3573 3446 3634 3500 τὸ
3663 3447 3850 3518 στόμα

2197 3542 2389 3610 ἑαυτῆς
2449 3541 2561 3613 μετ’
2621 3539 2800 3614 εὐχῶν
2831 3536 3201 3614 ἀσφαλίσεται.
3235 3537 3352 3611 οὐκ
3383 3535 3601 3590 ἔλανττν
3653 3531 3708 3588 δὲ
3739 3537 3850 3602 τήν

2195 3630 2386 3699 ἀκοὴν,
2434 3630 2508 3691 ὡς
2567 3628 2624 3682 ἂν
2684 3625 2851 3700 μηδὲν
2907 3625 3096 3697 ἔξωθεν
3156 3625 3232 3688 εἷς
3264 3624 3428 3694 αὐτὴν
3465 3623 3669 3700 ῥεύσειε
3700 3627 3843 3700 φαῦ-

2199 3719 2318 3775 λον.
2354 3719 2454 3776 Καὶ
2485 3723 2564 3790 τῷ
2593 3722 2671 3790 νῷ
2717 3714 3092 3790 πυλωρήσειεν
3128 3718 3242 3788 (83)
3267 3714 3317 3769 έν
3354 3713 3558 3788 ἠρεμίᾳ
3589 3713 3758 3781 ἀκοῆς
3789 3733 3851 3766 τε

2197 3809 2286 3864 καὶ
2317 3807 2574 3884 γλώσσης
2599 3805 2680 3861 ἀεὶ
2707 3803 2938 3878 δεομένη
2968 3808 3066 3859 τοῦ
3098 3804 3313 3879 Κυρίου.
3349 3805 3439 3872 Μὴ
3475 3800 3724 3874 ἐκκλίνῃς
3745 3802 3855 3869 τὴν

2194 3896 2414 3974 καρδίαν
2453 3917 2556 3970 μου
2587 3895 2662 3956 είς
2695 3892 2890 3968 λόγοῦς
2938 3892 3227 3966 πονηρίας,
3277 3895 3374 3947 τοῦ
3421 3890 3849 3969 προφασίζεσθαι

2195 3987 2493 4064 προφάσεις
2524 3983 2574 4039 ἐν
2607 3983 2918 4058 ἁμαρτίαις.

2266 4079 2357 4131 21.
2387 4073 2682 4148 Ἐπίψογον
2712 4070 2769 4126 δὲ
2798 4069 2997 4128 πολλῶ
3026 4069 3194 4126 πλέον
3226 4074 3330 4125 τῶν
3388 4068 3722 4142 εἰρημένων,
3755 4067 3852 4120 καὶ

2195 4169 2292 4221 τοῦ
2323 4167 2648 4240 παρθενικοῦ
2679 4160 2845 4230 ἤθους
2901 4159 3216 4235 ἀλλότριον,
3265 4159 3326 4213 τὸ
3381 4160 3456 4230 μὴ
3511 4156 3676 4229 μόνον
3733 4155 3858 4210 ἐπι-

2197 4254 2456 4323 πολάζειν
2489 4251 2660 4313 οἷόιοις
2691 4250 2975 4324 παρθένον,
3027 4247 3174 4304 ἀλλά
3220 4248 3309 4303 καὶ
3363 4247 3544 4322 γάμου
3597 4248 3857 4320 προμνήο

2199 4365 2380 4420 στριαν
2413 4343 2676 4418 γίνεσθαι.
2738 4339 2930 4414 Σίμιος
2986 4339 3081 4412 μὲν
3138 4339 3239 4412 γὰρ
3273 4339 3301 4391 ὁ
3340 4339 3516 4411 γάμος
3561 4333 3611 4388 έν
3664 4339 3858 4402 πᾶσιν,

2198 4433 2325 4489 ἀλλ’
2377 4430 2571 4493 ἄλλοις
2599 4430 2687 4484 καὶ
2715 4428 2776 4484 οὐ
2806 4432 2874 4502 τῇ
2902 4427 3153 4504 παρθένῳ
3200 4428 3497 4502 προσῆκον.
3539 4423 3638 4478 Καὶ
3675 4423 3738 4477 οὐ
3775 4422 3863 4479 δεῖ

2198 4531 2298 4592 τῆς
2327 4520 2465 4583 ίδίας
2489 4515 2678 4594 τρίϐου
2707 4517 2906 4588 ταύτην
2958 4517 3411 4592 ἀναχωρησασαν,
3467 4513 3518 4569 έν
3567 4518 3689 4574 τοῖς
3732 4534 3857 4588 τρι-

437 4606 612 4662 turba
633 4602 960 4676 reperiatur
980 4599 1281 4671 permista.
1306 4599 1434 4654 Alia
1453 4601 1609 4654 enim
1635 4601 1724 4657 via
1751 4607 1985 4675 nuptias
2006 4625 2082 4664 se-

2200 4610 2347 4673 όδοις
2375 4615 2470 4664 τοῦ
2505 4611 2624 4682 βίου
2653 4612 2731 4679 τῷ
2761 4605 2945 4680 λοιπῷ
2973 4604 3173 4676 πλήθει
3215 4603 3735 4681 συναναφυρομένην
3769 4601 3858 4656 εύο

437 4694 746 4763 ctantium,
768 4698 825 4747 et
854 4690 971 4746 alia
1007 4689 1238 4755 semita,
1268 4689 1536 4761 inquam,
1567 4691 1965 4764 virginitatem
1995 4715 2089 4755 co-

511 4839 554 4874 ⁷⁷
587 4837 740 4894 Psal.
776 4851 900 4906 ποι,
931 4835 985 4890 3.
1060 4835 1105 4870 ’⁷⁸
1135 4833 1279 4890 ibid.
1314 4834 1366 4889 4.
1443 4835 1487 4870 ⁷⁸
1519 4834 1692 4891 Hebr.
1725 4855 1848 4913 xm,
1882 4844 1934 4898 4.

511 5000 624 5074 (77)
656 4991 1008 5074 θολερᾷνὸῇρ
1050 4995 1279 5074 codices
1309 4994 1618 5074 Com‘b‘eﬁs,
1651 5001 1706 5052 et
1747 4999 1851 5074 alii
1875 5003 2093 5074 plures.

439 5063 618 5140 Editi,’
666 5063 908 5140 δλεορδν.
945 5065 1106 5140 Unus
1155 5067 1353 5140 codex,
1383 5063 1680 5140 _6)\é_()pt9v.
1736 5063 1956 5131 Ibidem
2006 5063 2091 5136 le?

436 5132 694 5216 gendum
724 5132 974 5216 videtur,
1002 5136 1140 5210 πρὸς
1176 5133 1345 5216 μηθὲν
1380 5132 1697 5216 ἐπιᾷλαϐές.

508 5215 619 5286 (78)
644 5214 840 5286 Τοῦτο.
864 5211 967 5286 _Si_c
1016 5209 1124 5280 ope
1157 5210 1383 5286 codicis
1413 5209 1727 5286 Colbertini
1753 5219 2092 5276 emendavi-

441 5280 575 5343 mus
596 5280 751 5358 quod
783 5283 1080 5339 habebant
1105 5282 1267 5350 editi,
1289 5280 1502 5336 τοῦτον.
1531 5282 1799 5340 Refertur
1831 5290 1987 5346 enim
2021 5294 2092 5348 ad

443 5359 1102 5508 V627}1.9a).T9,v-‘s5spf{§rtv.
1134 5423 1227 5508 Sie
1274 5423 1461 5508 editio,
1500 5423 1712 5478 Veneta
1763 5441 1893 5483 cum
1950 5448 2092 5490 mss.

444 5491 729 5573 quinque.
760 5491 1128 5573 Parisiensis,
1159 5494 1249 5547 τὸν
1273 5491 1593 5573 ἐύεργέτην.

513 5565 629 5641 (80)
688 5569 990 5645 Τυχόν-τας.
1060 5565 1331 5645 Νρηηυηί
1378 5565 1652 5645 ἀθ-οῗϋεῖῗθν
1703 5571 2092 5645 συνλτυχόντας⁶

441 5637 618 5777 υᾶίοε
672 5644 848 5698 codex
913 5638 1172 5697 secunda
1228 5654 1406 5694 manu
1472 5637 1732 5707 ibidem,
1791 5637 2094 5724 δεΓφέρέ-

447 5731 479 5766 σ
514 5733 590 5772 αι.

2201 4701 2474 4777 ρίσκεσθαι
2529 4695 2714 4768 ’Ἄλλη
2745 4695 2845 4772 γὰρ
2876 4692 3003 4758 ὁδὸς
3032 4696 3136 4750 τῶν
3181 4693 3308 4758 τοὺς
3335 4693 3544 4768 γάμους
3594 4691 3865 4766 κρατούν-

2275 5009 2387 5078 (81)
2415 5003 2485 5058 Τὸ
2534 4996 3067 5078 ἐπιϐάλλον.-Μιὶὶθ
3123 5002 3182 5056 in
3240 4999 3433 5070 editis,
3489 5001 3572 5078 τῶ
3623 4990 3855 5078 έπιϐἀλ-

2206 5068 2382 5146 λοντιξ
2409 5077 2563 5149 quod
2595 5074 3038 5132 emendavimus
3069 5091 3174 5146 ope
3207 5068 3458 5145 quatuor
3487 5075 3754 5125 veterum
3789 5068 3858 5123 li-

2206 5153 2467 5208 brorum.

2273 5218 2565 5295 (82)‘Ki¢t&
2602 5216 2780 5295 φύσιν.
2808 5217 3076 5295 Legitur,
3105 5214 3148 5269 εί
3193 5218 3380 5295 φωνεῖ,
3417 5214 3666 5295 ἰιιηιωο⁹
3698 5210 3856 5295 codi-

2205 5282 2288 5363 ce,
2321 5282 2414 5350 cui
2458 5282 2650 5363 favent
2681 5282 2935 5363 quatuor
2982 5282 3358 5363 alii_m‘s's._e_t
3408 5282 3856 5363 editioUYeneta.

2208 5355 2398 5422 ln'his
2429 5364 2586 5420 enim
2620 5355 2856 5428 legitur,
2890 5361 2923 5427 ἡ
2955 5359 3130 5428 φωνή.
3166 5359 3514 5415 Parisieusis
3544 5355 3726 5411 editio
3761 5370 3861 5428 pro

2205 5438 2298 5493 bis
2322 5437 2566 5493 vocibus
2615 5426 2806 5508 habet,
2837 5426 2974 5485 ma
3019 5426 3196 5508 φύσιν,
3224 5432 3377 5502 quod
3425 5429 3662 5501 quidem
3717 5426 3861 5480 satis

2206 5509 2582 5566 commodum
2615 5503 2866 5559 videtur.

2424 5575 2828 5666 Πύλωριςσιιεν.
2857 5574 2949 5630 Sic
2979 5577 3231 5646 quatuor
3263 5590 3406 5630 mss.
3439 5568 3652 5626 melius
3683 5582 3866 5641 quam

2204 5653 2368 5722 editi,
2400 5653 2787 5725 πυλωρούσης.
