4134 6224
256 381 376 442 ’713

1485 376 1715 439 LIBER
1738 377 1860 438 ,ΒΕ
1901 377 2412 441 VIRGINITATE
2429 422 2448 440 .

3547 375 3674 437 ’ΠΙ

255 531 390 582 των,
421 508 513 566 καὶ
577 506 722 581 ἄλλη
781 505 990 588 τρίϐος,
1023 509 1191 588 φημὶ,
1224 512 1331 564 τῶν
1389 509 1488 579 τὴν
1516 507 1800 584 παρθενίαν
1830 529 1908 563 τι-

2030 511 2290 568 lentium.
2313 512 2378 567 Et
2407 510 2600 568 divisae
2621 518 2752 567 sunt
2781 512 2932 581 virgo
2961 518 3016 566 et
3041 517 3234 583 nupta.
3259 509 3666 567 Recedendum

268 598 519 673 μώντων.
585 599 686 656 Καὶ
748 598 1067 674 μεμέρισται
1124 601 1160 668 ἡ
1219 597 1478 675 παρθένος
1535 597 1690 668 καὶὴ
1725 601 1919 674 γαμή-

264 710 425 745 σασα.
460 687 880 764 Ἀναχωρητέον
909 688 1000 742 οὗν
1033 692 1140 742 τῶν
1184 691 1433 764 γαμιγῶν
1483 686 1786 751 ὑποθέσεων
1844 691 1912 762 τῇ

262 777 541 853 παρθένῳ·
603 775 814 850 μᾶλλον
889 775 946 831 δὲ
1006 774 1146 850 μηδὲ
1201 770 1580 852 παραϐλητέον
1631 775 1766 850 αὐτῇ
1813 777 1911 844 τήν

262 867 445 942 ἀρχήν
476 869 611 940 (84).
667 864 828 922 Ἀλλ’
879 866 932 920 αἱ
989 866 1082 939 μὲν
1145 864 1358 934 λοιπαὶ,
1411 864 1561 927 ὅσαις
1600 863 1761 939 ἤρεσε
1796 864 1916 930 τοὺς

261 957 478 1029 σαρκών
537 953 811 1032 περιέπειν
872 956 1164 1032 νυμφίους,
1222 953 1775 1030 προμνηστευέτωσάν
1833 976 1912 1023 τε,

261 1045 338 1106 ὡς
371 1042 542 1112 δοκεῖ,
573 1043 779 1099 τούτων
831 1048 938 1098 τῶν
991 1045 1204 1120 γάμων,
1263 1042 1352 1098 καὶ
1405 1045 1505 1111 τήν
1556 1043 1678 1115 περῖ
1738 1043 1911 1098 αὐτῶν

261 1131 532 1203 σπουδὴν,
559 1133 605 1188 εί
635 1131 761 1205 ἡδὺ,
822 1131 1291 1189 ἐνδεικνύσθωσαν.
1325 1134 1386 1188 Ἣ
1419 1130 1477 1187 δὲ
1506 1133 1770 1208 παρθένος
1818 1133 1910 1188 τὸν

255 1225 458 1293 ἑαυτῆς
512 1223 742 1302 νυμφίον
974 1221 1054 1277 ἀεὶ
1110 1222 1440 1297 περιέπουσα
1492 1221 1567 1294 (εἷ’
1626 1219 1772 1277 δοκεῖ
1823 1222 1912 1277 καὶ

257 1312 400 1386 αὑτῇ
433 1311 580 1374 ὅλως
617 1312 982 1386 μνηστεύειν),
1029 1311 1208 1383 τούτῳ
1243 1309 1457 1384 μᾶλλον
1485 1312 1580 1372 τὰς
1613 1310 1912 1386 ἀχράντους

259 1402 481 1477 νύμφας
544 1401 680 1477 πρὸς
747 1399 1005 1479 ἀφθορίαν
1065 1401 1582 1473 προμνηστευέσθω.
1663 1400 1910 1457 Κάκεῖναι

262 1492 360 1566 μὲν
393 1490 518 1566 περὶ
563 1490 655 1544 τὸν
688 1490 881 1560 θνητὸν
931 1489 1300 1545 πονείσθωσαν
1351 1487 1621 1562 θάλαμον’
1670 1489 1801 1560 αὕτη
1855 1487 1913 1545 δὲ

262 1580 538 1653 μετὰτῶν
576 1579 850 1658 φρονίμων
909 1581 1135 1654 ἡμμένῃ
1195 1576 1445 1651 λαμπάδι
1504 1579 1628 1654 περὶ
1669 1579 1759 1634 τὸν
1808 1579 1910 1633 Κύ-

257 1690 380 1743 ριον
413 1667 709 1745 χορευέτω,
743 1666 777 1737 ἢ
809 1667 1053 1742 έπομένη
1084 1672 1163 1739 τῷ
1218 1667 1460 1742 νυμφίῳ,
1507 1668 1542 1737 ἢ
1578 1670 1689 1741 (86)
1719 1672 1798 1740 τῷ
1827 1668 1914 1722 oi-

259 1758 398 1830 κείῳ
451 1757 590 1835 φωτὶ
619 1764 720 1826 τῆς
752 1756 1044 1830 παρθενίας
1072 1757 1161 1810 καὶ
1205 1757 1387 1831 ἑτέρας
1435 1756 1570 1831 πρὸς
1625 1757 1909 1833 παρθενίαν

255 1845 632 1924 νυμφεύουσα.
665 1844 948 1921 Αἰσχύνης
975 1845 1079 1920 γὰρ
1121 1845 1195 1906 ὡς
1250 1843 1476 1915 ἀληθῶς
1527 1844 1616 1898 καὶ
1666 1842 1911 1909 ὀνείδους

259 1936 460 2008 μεστὸν
509 1938 577 2008 τῇ
622 1935 870 2009 παρθένῳ
920 1934 982 1988 τὸ
1029 1940 1277 2009 πρᾶγμα,
1312 1933 1438 1988 ὅταν
1491 1934 1545 1987 αἱ
1580 1933 1675 2006 μὲν
1703 1933 1914 2005 προλη-

253 2027 471 2103 φθεῖσαι
529 2029 646 2086 τοῖς
702 2023 920 2098 γάμοις,
980 2017 1160 2098 ὥσπερ
1212 2020 1282 2076 δι’
1330 2021 1575 2096 ἀπειρίαν
1605 2027 1710 2077 τῶν
1746 2022 1794 2076 ἐν
1829 2025 1912 2085 οἷς

251 2110 498 2186 ἔμελλον
528 2112 762 2188 γίνεσθαι
796 2108 1158 2184 έμπλακεῖσαι
1215 2115 1334 2172 ταῖς
1398 2108 1614 2173 ὀδύναις
1649 2114 1759 2184 (87)
1807 2117 1914 2166 τῶν

250 2204 475 2279 γάμων,
504 2201 598 2263 τὰς
630 2199 824 2276 ἄζυγας
855 2204 964 2254 τῶν
1012 2200 1219 2274 ὁμοίων
1278 2198 1534 2275 ἀλγεινῶν
1585 2202 1906 2274 πειραθῆναι

253 2293 524 2354 εὐνοϊκῶς
555 2291 976 2366 ἀποτρέπουσαι,
1033 2290 1123 2344 καὶ
1169 2291 1232 2345 τὸ
1264 2287 1531 2365 ἄχραντον
1563 2293 1660 2344 τοῦ
1687 2311 1746 2344 τε
1776 2312 1908 2364 νυμ-

251 2380 387 2458 φίου
416 2381 505 2436 καὶ
533 2381 640 2435 τῶν
673 2379 861 2451 ἐκείνῳ
890 2379 1338 2456 νυμφευθμένων,
1394 2379 1530 2434 κατά
1558 2399 1616 2433 τε
1642 2379 1732 2433 τὸν
1768 2399 1905 2452 παρ-

250 2471 386 2524 όντα
416 2469 505 2524 καὶ
562 2466 835 2542 μέλλοντα
887 2466 1027 2542 βίον,
1083 2467 1158 2528 ὡς
1191 2465 1431 2536 ἀληθῶς,
1489 2467 1906 2540 μακαρίζουσαι,

248 2558 341 2613 ἐπὶ
403 2557 690 2632 παρθενίαν
758 2555 1145 2633 παρακαλῶσιν
1406 2557 1469 2613 Ἠ
1530 2553 1585 2610 δὲ
1644 2557 1905 2629 παρθένος

247 2646 708 2722 προμνηστεύειν,
771 2645 938 2724 φημὶ,
1007 2630 1375 2720 σπεύσαθ’τοῖς
1407 2647 1630 2722 γάμοις,
1659 2647 1722 2700 τὸ
1754 2645 1908 2700 ἔναν-

247 2739 398 2808 τίον,
457 2739 633 2810 οἶμαι,
697 2733 766 2790 δι’
799 2737 870 2790 ὧν
903 2734 1124 2809 πράττει
1159 2734 1513 2812 ἰμφαίνουσα.
1545 2736 1667 2792 ’Ὀτι
1690 2734 1909 2806 προλη-

250 2829 452 2902 φθεῖσα
481 2823 583 2902 ἄρα
609 2829 678 2897 τῇ
722 2825 1008 2901 ὑποσχέσει
1039 2831 1138 2894 τῆς
1169 2823 1480 2896 παρθενίας,
1516 2821 1585 2878 δι’
1615 2821 1753 2878 αἰδῶ
1785 2836 1907 2878 Λοι-

247 2915 356 2970 πὸν
390 2915 528 2989 πρὸς
570 2913 771 2985 ταύτην
833 2912 1263 2989 σχηματίζεσθαι
1321 2911 1694 2989 ἀναγκάζεται.
1746 2913 1908 2969 Ἀπο-

249 3002 535 3080 δεχομένη
570 3000 628 3058 δὲ
655 3007 722 3078 τῇ
755 3000 983 3057 διαθέσει
1014 3002 1105 3057 τὸν
1143 3003 1347 3077 γάμον,
1387 3001 1478 3055 καὶ
1531 3000 1912 3074 μεταμελομέ-

253 3117 324 3164 νη
377 3092 546 3160 τάχα,
591 3091 706 3154 ο⁹ίας
737 3091 1094 3166 ἀπεστέρηται
1148 3088 1374 3160 ἡδονῆς,
1426 3092 1509 3154 οἷς
1557 3089 1799 3162 πράττει,
1849 3092 1909 3160 ἣν

248 3183 381 3258 περὶ
433 3181 591 3236 αὑτὸν
635 3181 751 3256 ἔχει
783 3183 898 3252 (89)
928 3179 979 3234 ἐν
1005 3183 1158 3256 ψυχῆ
1193 3177 1422 3234 διάθεσιν
1457 3179 1518 3234 οὑ
1553 3179 1787 3255 μετρίως
1816 3180 1912 3252 έμ-

2023 601 2206 673 igitur
2221 619 2252 656 a
2272 620 2344 656 nu
2357 602 2632 673 ptialibus
2649 601 3203 674 pertractationibus
3216 599 3423 670 virgini
3441 619 3456 667 ;
3473 598 3555 654 vel
3577 617 3674 672 po-

2023 691 2143 746 tius
2175 708 2246 746 ne
2279 692 2589 746 minimum
2625 691 2861 762 quidem
2909 691 2959 745 ei
3004 689 3371 759 attingendae.
3405 689 3512 744 Sed
3547 688 3674 744 alia

2025 781 2524 852 quidem,quibus
2577 780 2798 852 placuit
2845 781 3109 834 carnales
3161 795 3410 850 sponsos
3459 777 3668 847 colere,

2025 871 2302 941 pronubas
2323 871 2461 940 sint,
2481 869 2528 924 si
2554 870 2716 934 libet,
2734 870 3019 939 ejusmodi
3045 869 3408 940 nuptiarum,
3424 873 3480 923 et
3501 885 3672 924 suam

2025 959 2178 1013 circa
2209 958 2339 1012 illas
2371 958 2848 1019 sollicitudinem,
2872 959 2922 1012 si
2954 958 3008 1011 id
3043 957 3126 1012 eis
3152 956 3309 1011 cordi
3341 962 3450 1025 est,
3476 961 3674 1012 osten-

2023 1047 2181 1102 dant.
2199 1047 2375 1119 Virgo
2395 1053 2758 1117 autem,qua3
2787 1063 3072 1118 sponsum
3095 1063 3265 1102 suum
3295 1063 3528 1118 semper
3549 1064 3672 1103 am-

2023 1135 2110 1190 bit
2131 1135 2202 1206 (si
2236 1136 2476 1190 omnino
2503 1135 2552 1190 ei
2583 1135 2772 1208 placet
2802 1137 3078 1207 pronuba:
3110 1139 3368 1205 munus),
3389 1137 3438 1190 ei
3476 1137 3672 1207 potius

2021 1223 2404 1280 intaminatas
2427 1242 2675 1294 sponsas
2698 1226 2767 1280 ad
2799 1224 3303 1279 immortalitatem
3328 1227 3672 1297 conjungat.

2022 1317 2100 1367 Ac
2121 1313 2231 1366 illae
2255 1313 2489 1384 quidem
2509 1313 2662 1368 circa
2688 1313 2994 1368 mortalem
3026 1312 3292 1368 laborent
3313 1311 3670 1383 thalamum;

2021 1401 2152 1472 ipsa
2180 1418 2312 1456 vero
2345 1418 2475 1455 cum
2513 1401 2901 1472 prudentibus
2939 1418 3182 1456 accensa
3220 1401 3489 1473 lampade
3520 1401 3675 1459 circa

2022 1490 2337 1544 Dominum
2369 1491 2577 1545 choros
2608 1497 2762 1563 agat,
2782 1507 3066 1561 sponsum
3099 1506 3355 1562 sequens
3377 1507 3510 1545 cum
3535 1509 3671 1563 pro-

2024 1580 2148 1651 prio
2171 1578 2522 1648 virginitatis
2548 1579 2859 1644 lumine,et
2884 1577 3031 1633 alias
3051 1578 3310 1650 virgineo
3337 1580 3549 1635 foedere
3571 1597 3672 1634 co-

2024 1667 2256 1739 pulans.
2286 1667 2500 1738 Turpis
2533 1668 2688 1722 enim
2721 1684 2918 1722 revera
2946 1673 3004 1722 et
3034 1667 3225 1737 probri
3261 1666 3432 1736 plena
3463 1685 3554 1722 res
3583 1672 3674 1723 est

2021 1757 2254 1828 virgini,
2287 1756 2357 1824 si,
2383 1773 2508 1827 qua
2543 1757 2765 1828 nuptiis
2797 1762 3209 1828 praeoccupatas
3232 1762 3390 1826 sunt,
3423 1755 3509 1810 hae
3542 1762 3674 1811 tan-

2024 1862 2198 1917 quam
2221 1845 2554 1916 nuptiarum
2575 1846 2872 1901 doloribus
2889 1847 2966 1900 im
2979 1845 3220 1918 plicataa,
3243 1846 3505 1901 nondum
3523 1847 3675 1903 facto

2023 1951 2390 2006 eorum,quaa
2426 1935 2566 2004 ipsis
2596 1941 2875 1990 eventura
2906 1941 3092 2002 erant,
3122 1935 3674 2008 periculo,virgines

2024 2024 2698 2094 deterreant,quominus
2717 2024 2940 2079 similes
2960 2023 3260 2078 molestias
3277 2025 3674 2095 experiantur,

2023 2118 2079 2167 et
2109 2111 2521 2166 intaminatum
2555 2112 2777 2184 sponsi,
2801 2118 2857 2166 et
2888 2129 3110 2175 earum,
3134 2129 3261 2182 quae
3294 2111 3376 2166 illi
3412 2114 3669 2185 despon-

2021 2210 2244 2271 sanlur,
2264 2206 2391 2256 tum
2424 2201 2481 2256 in
2528 2201 2819 2273 praesenti,
2849 2206 2974 2256 tum
3009 2201 3066 2254 in
3102 2201 3298 2256 futura
3327 2201 3466 2270 vita,
3489 2203 3671 2259 decus

2021 2292 2299 2360 majorem
2334 2292 2390 2346 in
2424 2291 2661 2346 modum
2695 2291 3078 2362 praedicantes
3099 2307 3165 2345 ac
3188 2292 3536 2356 beantes,ad
3561 2292 3672 2347 vii~

2018 2379 2324 2452 ginitatem
2358 2379 2762 2435 adhortentur.
2793 2379 2970 2451 Virgo
3000 2385 3196 2434 autem
3239 2380 3507 2451 pronuba
3535 2397 3665 2437 esse
3711 2419 3716 2424 -

2019 2470 2270 2535 studeat,
2295 2474 2496 2524 contra
2517 2484 2693 2539 quam
2719 2469 3042 2539 proﬁtetur,
3063 2469 3279 2524 sentire
3299 2486 3361 2524 se
3383 2467 3550 2524 factis
3572 2470 3664 2526 de-

2016 2557 2268 2613 clarans.
2295 2558 2527 2614 Scilicet
2557 2563 2958 2630 praeoccupate
2986 2558 3137 2613 688
3172 2558 3460 2630 promisso
3485 2559 3667 2632 virgi-

2019 2646 2220 2702 nitatis
2251 2648 2323 2702 ob
2359 2648 2639 2719 pudorem
2670 2648 2739 2703 ad
2773 2647 2933 2703 illius
2956 2649 3080 2718 jam
3113 2648 3363 2718 speciem
3397 2664 3524 2704 sese
3556 2649 3667 2704 ﬁn-

2020 2753 2154 2808 gere
2174 2736 2422 2808 cogitur.
2441 2738 2548 2792 Sed
2569 2737 2767 2792 animo
2787 2738 3025 2808 nuptias
3047 2736 3287 2808 eligens,
3305 2754 3371 2792 ac
3389 2738 3534 2793 forte
3551 2754 3669 2793 non

2020 2825 2146 2880 sine
2169 2826 2516 2896 pmnitentia
2535 2827 2801 2898 cogitans
2823 2827 3040 2898 quibus
3063 2827 3290 2898 privata
3312 2826 3389 2880 sit
3405 2826 3669 2898 volupta-

2019 2914 2198 2980 tibus,
2223 2914 2361 2986 quid
2390 2915 2459 2970 de
2481 2915 2700 2986 nuptiis
2727 2915 2786 2969 in
2811 2915 3008 2970 anima
3029 2915 3262 2982 sentiat,
3288 2931 3402 2969 non
3427 2915 3674 2972 obscure

2023 3003 2190 3058 factis
2221 3003 2346 3060 suis
2376 3004 2632 3077 exponit,
2663 3004 2854 3076 palam
2896 3010 2954 3058 et
2996 3009 3196 3076 aperte
3226 3006 3530 3060 ostendere
3563 3022 3673 3060 nu-

2023 3091 2296 3147 bentibus
2317 3093 2535 3161 volens,
2561 3109 2688 3148 sese
2711 3092 2828 3148 illis
2853 3093 3327 3165 gratulari,quod
3353 3092 3525 3148 talem
3551 3111 3675 3165 per-

2024 3187 2273 3251 cepturaa
2305 3182 2423 3236 sint
2452 3181 2828 3253 voluptatem.
2847 3181 3019 3249 Virgo
3042 3183 3222 3253 igitur
3249 3186 3307 3237 et
3327 3183 3446 3236 vita
3466 3187 3524 3236 et
3553 3187 3674 3238 toto

251 3269 456 3348 φαίνει.
520 3269 701 3344 ὥσπερ
732 3272 954 3342 γυμνῶς
987 3269 1098 3340 (90)
1154 3272 1272 3328 ταῖς
1329 3271 1699 3343 γαμουμέναις
1743 3265 1910 3323 ένδεί-

2030 3269 2295 3325 instituto
2328 3270 2399 3325 ab
2431 3287 2498 3326 ea
2527 3289 2649 3341 quae
2683 3276 2866 3343 nupta
2895 3276 3000 3338 est,
3028 3271 3236 3336 divisa,
3271 3271 3676 3327 convenientia

250 3358 442 3430 ξασθαι
474 3355 729 3426 θέλουσα,
789 3354 871 3409 ὅτι
903 3352 1186 3426 συνήδεται
1218 3355 1427 3425 αὐταῖς,
1463 3352 1578 3417 οἵας
1615 3354 1912 3428 μέλλουσιν

2030 3360 2228 3431 virgini
2255 3377 2426 3431 opera
2451 3378 2682 3433 semper
2698 3359 3411 3432 aguoscetﬁncorruptam
3434 3359 3494 3415 in
3513 3360 3674 3416 omni

249 3445 466 3516 ἡδονῖπς
496 3442 814 3499 ἀπολαύειν.
851 3442 1233 3517 Μεμερισμένη
1267 3447 1394 3519 γοῦν
1423 3443 1561 3517 πρὸς
1610 3445 1709 3512 τὴν
1759 3439 1914 3520 ἔγγα-

255 3556 360 3607 μον
394 3537 428 3603 ἡ
487 3533 772 3608 παρθένος,
829 3530 920 3586 τόν
979 3552 1037 3585 τε
1098 3530 1358 3607 βίον,καὶ
1418 3529 1547 3585 ὅλον
1577 3533 1638 3587 τὸ
1669 3532 1917 3600 ἧθος,τὰ

250 3617 624 3678 ἐπιϐάλλοντα
675 3621 807 3696 ίργα
864 3624 934 3694 τῇ
993 3621 1246 3696 παρθένῳ
1303 3619 1356 3674 ἰν
1408 3620 1566 3675 παντὶ
1622 3620 1914 3697 ἐπιγνώσε-

2024 3465 2196 3519 opere
2245 3449 2741 3520 pulchritudinem
2773 3449 3130 3521 virginitatis
3180 3465 3443 3515 servans,
3469 3466 3540 3504 ne
3585 3449 3675 3504 in-

2024 3537 2361 3592 differenter
2382 3539 2451 3593 ad
2475 3554 2560 3606 ea,
2585 3555 2713 3609 quae
2735 3555 2847 3592 non
2883 3539 3108 3607 decent,
3131 3537 3337 3606 effusa,
3365 3539 3518 3610 quod
3544 3555 3676 3610 per-

2029 3625 2194 3698 sequi
2228 3626 2445 3694 studet,
2475 3626 2531 3681 id
2565 3627 2895 3683 actionibus
2927 3627 3051 3682 suis
3081 3631 3322 3682 evertat.

246 3732 357 3766 ται·
397 3709 730 3789 ἀδιάφθορον
763 3709 898 3764 κατά
928 3713 1030 3764 πᾶν
1064 3707 1222 3785 ἔργον
1254 3709 1316 3764 τὸ
1341 3707 1548 3772 κάλλος
1581 3717 1680 3780 τῆς
1718 3710 2008 3784 παρθενίας
2038 3717 2300 3787 τηροῦσα,
2334 3711 2426 3768 ⁹ίνα
2461 3715 2536 3786 μὴ
2585 3712 2894 3792 ἀδιαφόρως
2945 3714 3247 3790 ἐκχεομένη
3293 3715 3439 3792 πρὸς
3477 3713 3546 3770 τὰ
3603 3715 3680 3788 μὴ

247 3802 539 3878 πρέποντα
571 3802 653 3862 οἷς
686 3800 910 3874 πράττει
943 3801 1261 3872 λυμήνηται
1291 3802 1386 3853 τοῦ
1419 3797 1449 3853 ὅ
1481 3800 1718 3872 μετιέναι
1751 3799 2061 3871 σπουδάζει.
2728 3791 2731 3792 ν
3428 3791 3441 3802 ’

322 3895 419 3948 22.
479 3888 634 3960 ΪΛλλ’
666 3887 809 3944 οὕτω
846 3889 939 3962 μὲν
988 3883 1216 3965 ἀκριϐὴς
1276 3887 1445 3958 ἔσται,
1506 3887 1596 3943 καί
1652 3886 1918 3959 λαλοῦσα,

252 3980 348 4036 καὶ
408 3983 693 4047 σιωπῶσα,
723 3977 814 4032 καὶ
844 3982 1132 4052 προϊοῦσα,
1184 3980 1218 4047 ἡ
1279 3974 1447 4040 ὅντως
1493 3979 1778 4052 παρθένος.
1831 3984 1923 4034 Δεῖ

257 4065 341 4135 δὲ,
375 4065 512 4141 ὅπερ
545 4063 700 4144 ἔφην,
733 4065 810 4138 μὴ
844 4063 1033 4126 ἁπλῶς
1064 4066 1154 4119 καὶ
1186 4066 1258 4127 ὡς
1289 4062 1472 4140 ἔτυχε,
1528 4062 1669 4139 μηδέ
1723 4065 1917 4140 μόνην,

254 4157 415 4213 ἀλλὰ
470 4157 607 4210 κατὰ
646 4156 738 4210 τὸν
768 4155 1164 4228 προειρημένον
1211 4155 1436 4218 σκοπὸν,
1491 4155 1624 4226 μετὰ
1671 4157 1915 4229 κοσμίων

252 4248 349 4301 καί
419 4244 524 4319 βίῳ
578 4245 663 4298 καὶ
723 4242 918 4313 ἡλικίᾳ
973 4248 1242 4317 γυναικῶν
1303 4247 1621 4316 προϊοῦσαν,
1660 4242 1920 4317 μηδαμοῦ

255 4338 358 4409 μὲν
418 4333 472 4388 έν
523 4332 784 4407 ἀπρεπέσι
847 4337 1162 4401 στενωποῖς,
1217 4334 1252 4402 ἢ
1315 4332 1560 4407 ἀγοραῖς,
1617 4327 1736 4396 ἔνθα
1792 4330 1917 4388 ἀκό-

250 4446 418 4498 σμων
460 4423 753 4496 ἀνθρώπων
804 4415 1086 4494 συμϐαίνει
1132 4421 1226 4483 τάς
1283 4416 1564 4497 διατριϐὰς
1613 4428 1922 4497 συγκροτεῖ-

247 4516 405 4580 σθαι,
462 4512 662 4582 ταύτην
719 4510 962 4587 ὁράσθαι·
1025 4509 1389 4585 εὑστοχοῦσαν
1470 4507 1526 4564 δὶ
1583 4515 1680 4564 τοῦ
1727 4517 1919 4588 καιροῦ

246 4610 357 4673 τῆς
423 4600 822 4675 προελεύσεως,
854 4599 1112 4670 τοιαύτην
1134 4599 1223 4653 καὶ
1260 4601 1510 4674 σχήματι
1540 4599 1627 4654 καὶ
1663 4599 1922 4674 βαδίσμα-

244 4715 331 4764 τι,
371 4691 462 4744 καὶ
522 4685 640 4762 ὅλῳ
683 4693 761 4761 τῷ
801 4691 1065 4762 κινήματι
1115 4688 1262 4764 παρά
1318 4692 1424 4742 τῶν
1483 4686 1924 4764 ἐντυγχανόντων

247 4783 516 4857 ὁρᾶσθαι,
599 4778 672 4838 ὡς
759 4777 959 4839 πάντας
1033 4776 1160 4838 τοὺς
1244 4775 1608 4844 ἀπαντῶντας,
1685 4780 1923 4855 καθάπερ

249 4866 496 4944 ἄγαλμα
527 4870 658 4922 Θεοῦ
706 4863 1089 4936 προσιδόντας,
1148 4863 1477 4934 πλήττεσθτι
1539 4866 1632 4936 μὲν
1661 4868 1797 4941 πρὸς
1848 4869 1926 4923 αἶ-

251 4955 345 5012 δῶ
411 4957 625 5016 πάντως
653 4955 753 5022 τὴν
809 4950 956 5027 ὄψιν,
990 4952 1408 5031 σωφρονίζεσθαι
1470 4949 1526 5006 δὲ
1581 4954 1672 5009 τὸν
1703 4960 1827 5010 νοῦν
1856 4959 1926 5029 τῇ

244 5049 361 5102 τοῦ
424 5041 598 5098 καλοῦ
650 5043 980 5116 ὑπομνήσει,
1038 5035 1211 5096 σέὸειν
1269 5038 1327 5096 δὲ
1377 5042 1476 5112 τὴν
1512 5040 1656 5113 θέαν,
1713 5045 1802 5098 καὶ
1852 5046 1924 5108 ὡς

340 5207 460 5279 (84)
495 5205 600 5274 Τὴν
659 5201 861 5279 ἀρχήν.
908 5203 1266 5279 Praemittlt,
1298 5201 1462 5279 ὅλως,
1513 5206 1690 5262 editio
1740 5206 1922 5265 Paris.

243 5275 398 5353 quae
427 5295 534 5353 vox
563 5275 774 5353 melius
805 5275 989 5334 multo
1018 5277 1187 5334 abest
1217 5276 1288 5333 ab
1321 5277 1578 5335 editione
1623 5279 1839 5336 Veneta
1869 5289 1927 5336 et

248 5348 566 5409 veteribus
598 5348 784 5404 libris.

335 5423 455 5495 (85)
487 5419 765 5496 Repeto»).
809 5417 1002 5474 Editio
1056 5419 1453 5496 Paris._addit,
1477 5418 1738 5496 ξριστόν,
1772 5426 1926 5496 quod

251 5490 446 5552 abest
465 5495 540 5549 ab
573 5490 864 5548 omnibus
914 5507 1058 5545 mss.
1093 5495 1150 5546 et
1196 5491 1448 5546 editione
1477 5490 1926 5554 veneta—Paulo

251 5563 708 5648 ante‘nopnulli
735 5564 998 5648 c‘odices,’
1013 5562 1118 5648 τὴν
1139 5561 1260 5648 περὶ
1293 5560 1488 5646 αὑτοὺς
1518 5563 1778 5648 σπομδήν.

331 5640 452 5710 (86)
506 5638 576 5694 Ἦ
605 5633 916 5710 ἑπομένη...
967 5633 1025 5709 ᾔ.
1079 5633 1587 5710 ϐουέυοοῐὶοηθωί
1621 5633 1723 5696 bis
1758 5640 1925 5696 addi-

252 5708 468 5770 dimus
527 5727 598 5768 ex
660 5709 930 5782 pluribus
981 5708 1142 5765 mss.
1200 5708 1386 5766 Habet
1450 5709 1630 5768 editio
1686 5711 1927 5784 Veneta,

600 5839 873 5902 Ρληοι..
921 5836 1035 5918 Gs,
1077 5835 1270 5900 XXX.

2099 3894 2186 3947 22.
2211 3895 2396 3962 Atque
2429 3892 2511 3948 ita
2539 3894 2772 3964 quidem
2807 3899 2980 3950 cauta
3010 3895 3119 3948 erit
3159 3899 3218 3949 et
3248 3893 3520 3966 diligens,
3554 3898 3682 3948 tum

2031 3981 2088 4036 in
2122 3981 2413 4053 loquendo
2437 3986 2494 4036 et
2522 3983 2931 4051 tacendo,tum
2966 3982 3024 4036 in
3056 3983 3535 4054 incedendo,quaa
3552 3999 3684 4038 vere

2027 4071 2189 4141 virgo
2220 4070 2587 4142 est.0portet
2617 4077 2808 4126 autem
2845 4072 2900 4125 id
2936 4072 3090 4142 quod
3134 4073 3259 4141 jam
3306 4071 3444 4133 dixi.
3469 4077 3532 4126 ut
3563 4089 3680 4127 non

2028 4159 2566 4229 indiscriminatim,
2592 4177 2693 4216 nec
2725 4161 2971 4232 passim,
2999 4177 3107 4223 nec
3142 4159 3286 4226 sola,
3312 4160 3412 4215 sed
3445 4176 3678 4214 accom-

2031 4251 2263 4305 modate
2293 4251 2363 4305 ad
2409 4250 2556 4305 illud
2605 4251 2758 4322 quod
2809 4251 3086 4314 diximus,
3122 4249 3508 4322 propositum,
3541 4266 3677 4305 cum

2031 4339 2256 4393 ornatis
2287 4344 2344 4393 et
2381 4340 2502 4393 vita
2549 4343 2605 4393 et
2653 4344 2820 4394 state
2877 4339 3224 4394 mulieribus
3275 4337 3676 4410 progrediens,

2032 4444 2327 4499 nusquam
2361 4427 2418 4482 in
2473 4427 2761 4482 indecoris
2792 4427 2931 4483 vicis
2963 4434 3064 4484 aut
3092 4427 3322 4499 plateis,
3357 4428 3456 4482 ubi
3505 4428 3681 4484 inho-

2032 4522 2334 4570 nestorum
2369 4515 2673 4570 hominum
2715 4510 3216 4571 deambulatiori'es
3247 4517 3440 4571 solent
3470 4532 3684 4572 conso-

2032 4604 2196 4670 ciari,
2218 4611 2522 4671 cernatur;
2553 4621 2752 4660 verum
2779 4610 2982 4677 aptum
3012 4605 3420 4676 progrediendi
3451 4611 3685 4676 tempus

2034 4692 2276 4764 eligens,
2301 4692 2435 4748 talis
2467 4699 2524 4747 et
2552 4693 2758 4748 habitu
2791 4701 2850 4749 et
2878 4693 3111 4749 incessu
3144 4700 3200 4749 et
3221 4694 3492 4750 universo
3524 4700 3688 4751 motu

2035 4781 2478 4837 occurrentibus
2529 4782 2812 4846 videatur,
2850 4787 2913 4837 ut
2961 4783 3297 4854 quicunque
3344 4788 3685 4854 occurrunt,

2035 4876 2316 4942 tanquam
2351 4871 2450 4925 Dei
2495 4870 2879 4926 simulacrum
2911 4870 3197 4938 videntes,
3227 4871 3414 4928 oculis
3445 4873 3686 4929 omnino

2035 4962 2105 5014 ad
2138 4959 2546 5015 verecundiam
2580 4960 2916 5030 incitentur,
2953 4965 3144 5016 mente
3173 4967 3369 5016 autem
3409 4963 3686 5018 erudian-

2035 5054 2133 5104 tur
2159 5048 2390 5104 virtutis
2437 5049 2858 5116 admonitione,
2892 5065 2957 5104 ac
2996 5049 3396 5121 spectaculum
3444 5049 3593 5106 illud
3623 5050 3684 5107 in

2103 5211 2198 5265 ὲπο
2208 5209 2341 5266 μένῃ
2353 5253 2365 5266 .

2034 5212 2069 5357 ἦ
2417 5279 2652 5346 ὀδύναις.
2687 5283 2872 5342 Colb..
2903 5285 2972 5357 τῇ
3004 5279 3196 5357 ὀδύνῃ.
3229 5288 3286 5341 et
3322 5283 3497 5357 paulo
3526 5285 3683 5355 post,

2037 5355 2424 5426 ἀποτρέπουσι.

2109 5422 2214 5498 (88)
2247 5424 2664 5501 ΙΙαρακαλῶσιν.
2699 5428 2822 5484 Duo
2857 5444 3022 5501 mss.,
3056 5422 3486 5500 παρακαλοῦσιν.

2107 5497 2348 5575 (89)-ᾝν
2381 5499 2506 5575 περὶ
2540 5499 2696 5555 αὑτὸν
2729 5519 2866 5575 εχει.
2900 5500 2991 5556 Sio
3027 5497 3169 5555 mss.
3204 5505 3475 5572 quatuor.
3511 5497 3685 5571 Editi,

2035 5571 2158 5643 περί
2190 5569 2349 5625 αὐτόν
2380 5569 2549 5647 ἔχειν.

2109 5640 2220 5715 (90)
2258 5640 2504 5717 Γυμνὶἶῐς.
2535 5644 2629 5699 Sic
2659 5645 2889 5700 codices
2919 5641 3225 5717 Combefis.
3250 5644 3308 5696 et
3337 5640 3537 5714 plures
3567 5641 3687 5701 alii.

2037 5713 2228 5774 Ed‘itio
2259 5713 2469 5788 Pa'ris.,
2500 5717 2702 5790 γυμνή.
2736 5717 2967 5786 Veneta,
2997 5713 3224 5788 γυμνός.
