4112 6224
421 317 539 378 ’115

1365 310 1761 372 APPENDIX
1805 308 2130 373 OPERUM
2171 309 2238 370 S.
2282 309 2566 372 BASILII
2611 311 2885 374 MAGNI.

3720 320 3832 379 716

413 443 635 502 honore
681 445 957 512 habeant,
989 448 1049 499 et
1095 441 1252 499 velut
1300 441 1419 509 Dei,
1456 446 1519 497 ut
1567 441 1708 508 dixi,
1751 439 2068 496 simulacro

2187 442 2340 510 Θεοῦ,
2374 438 2552 512 ὥοπερ
2596 441 2706 512 (9|)
2765 434 2921 519 ἔφην,
2952 441 3117 496 εῗκόνι
3152 443 3486 519 ὑποχωρεῖν,
3518 446 3611 500 καὶ
3657 447 3836 521 έντρέ-

412 535 699 590 decedant
725 540 782 589 et
801 539 1172 590 venerentur.
1192 533 1697 599 Quemadmodum
1721 530 1877 585 enim
1915 534 2072 601 saty-

415 640 615 680 rorum
647 623 937 695 imagines
963 623 1096 677 visae
1121 622 1305 677 risum
1330 620 1707 676 cernentibus
1733 623 1981 685 movent,
2008 632 2074 674 ac

416 713 635 769 doloris
667 713 847 785 plenae
877 711 1000 767 aliae
1048 711 1336 782 imagines
1386 710 1651 765 animum
1703 708 2070 762 cernentium

417 808 475 858 et
505 804 693 857 visum
726 803 1016 873 impressa
1045 801 1305 856 tristium
1331 816 1523 854 rerum
1557 798 1813 870 imagine
1844 798 2072 853 sul'l‘un-

419 893 597 961 dunt;
647 896 704 946 et
752 890 1248 961 quemadmodum
1309 887 1454 943 nihil
1512 888 1722 942 horum
1784 891 2070 950 movetur,

421 997 556 1036 cum
590 979 955 1034 cernentium
985 977 1172 1032 visum
1207 978 1267 1032 in
1300 993 1438 1032 suos
1467 976 1649 1031 trahit
1679 975 1944 1040 affectus,
1971 973 2072 1029 sed

423 1069 533 1125 etsi
564 1069 622 1122 in
656 1066 943 1122 immobili
973 1066 1205 1121 videtur
1255 1065 1531 1136 imagine,
1555 1065 1614 1119 in
1659 1063 1949 1119 immobili
1982 1069 2073 1118 ta-

424 1173 554 1212 men
605 1157 791 1210 forma
847 1154 1076 1209 animos
1126 1155 1444 1209 viventium
1503 1158 1849 1220 commovet,
1891 1156 1946 1207 et
2003 1151 2073 1206 ad

421 1245 690 1317 proprios
721 1243 962 1298 habitus
995 1243 1159 1312 fingit
1181 1260 1193 1296 :
1219 1243 1301 1296 ita
1330 1248 1387 1296 et
1407 1243 1591 1314 virgo,
1619 1258 1753 1296 cum
1786 1240 2076 1296 castitatis

418 1334 635 1405 imago,
660 1332 748 1388 vel
780 1332 974 1404 potius
1008 1333 1193 1402 ipsius
1221 1333 1454 1386 virtutis
1487 1331 1867 1386 simulacrum
1902 1329 1997 1396 sit,
2025 1329 2075 1383 si

416 1425 648 1477 tantum
683 1425 976 1490 cernatur,
1000 1419 1352 1474 intuentium
1405 1417 1607 1474 oculos
1651 1419 1822 1472 debet
1853 1417 1922 1471 ad
1959 1417 2075 1471 Nu-

420 1510 599 1565 minis
629 1509 1044 1580 cogitationem
1089 1516 1440 1562 convertere.
1476 1507 1847 1562 Percutiatur
1880 1505 2075 1560 animo

421 1599 781 1671 impudicus,
806 1597 1094 1652 castitatis
1128 1595 1625 1668 pulchritudinem
1657 1595 1913 1659 virgineo
1944 1610 2078 1664 spe-

425 1687 652 1744 ctaculo
682 1687 741 1742 in
773 1687 1114 1741 memoriam
1148 1684 1835 1741 revocante.Recordetur
1862 1681 2078 1753 aliquis

2180 539 2392 591 πεσθαι·
2445 529 2534 591 Ὠς
2590 531 2696 603 γαρ
2755 529 2998 604 σατύρων
3058 531 3262 594 εΐκόνες
3332 533 3578 608 ὀφθεῖσαι
3625 534 3837 609 γέλωτα

2179 622 2297 677 τοῖς
2329 618 2621 687 θεωροῦσιν
2672 615 2943 687 ἐκίνησαν,
2995 618 3085 673 καὶ
3131 620 3207 682 ὡς
3261 622 3516 692 κατηείας
3566 623 3836 697 γέμουσαι

2182 703 2348 760 ἄλλαι
2381 705 2585 769 εἴκόνες
2611 706 2700 760 τὸν
2729 711 2853 760 νοῦν
2885 712 2996 762 τῶν
3032 709 3282 784 ὁρώντων
3314 712 3401 765 καὶ
3427 713 3525 781 τήν
3552 711 3678 785 ὄψιν
3701 714 3838 787 πρὸς

2179 795 2278 862 τὴν
2305 799 2412 848 τῶν
2443 797 2774 869 σκυθρωπῶν
2809 797 3101 874 φαντασίαν
3135 798 3416 875 συνέχεαν,
3468 800 3558 855 καὶ
3604 801 3680 863 ὡς
3741 804 3839 857 οὐ·

2183 879 2269 937 δὲν
2307 885 2402 955 μὶν
2431 884 2636 938 τούτων
2668 884 2990 957 κινούμενον
3023 888 3136 959 (92)
3168 888 3268 956 τὴν
3300 892 3408 942 τῶν
3449 894 3658 963 ὁρατῶν
3714 888 3836 963 ὄψιν

2181 971 2317 1044 πρὸς
2350 972 2504 1026 ἑαυτὸ
2535 969 2860 1042 διατίθησιν,
2920 973 2972 1028 έν
3005 974 3248 1048 ἀκινήτῳ
3308 973 3364 1030 δὲ
3411 977 3568 1050 τύπῳ
3615 980 3839 1052 ὁρώμε-

2183 1080 2292 1124 νον,
2323 1058 2372 1114 έν
2404 1063 2473 1133 τῇ
2499 1060 2737 1133 ἀκινήτῳ
2770 1065 2956 1138 μορφῇ
2995 1064 3092 1126 τὰς
3140 1067 3249 1119 τῶν
3305 1065 3517 1132 ζώντων
3571 1064 3840 1131 διαθέσεις

2185 1142 2339 1221 ὅμως
2373 1155 2661 1221 μετακινεῖ,
2693 1149 2780 1204 καὶ
2811 1153 2948 1226 πρὸς
2990 1152 3085 1215 τὰς
3137 1152 3339 1216 οἰκείας
3389 1157 3680 1232 φαντασίας
3740 1177 3840 1229 με-

2183 1237 2554 1313 ταρῥυθμίζει·
2617 1238 2759 1293 οὕτω
2790 1239 2880 1294 καὶ
2911 1243 2944 1308 ἡ
2972 1240 3229 1314 παρθένος
3271 1243 3621 1320 σωφροσύνης
3653 1245 3841 1317 εἰκὼν,

2188 1325 2400 1399 μᾶλλον
2435 1323 2492 1380 δέ
2521 1326 2853 1401 αὑτοαρετῇς
2884 1328 3108 1402 ἄγαλμα
3138 1329 3289 1402 οῦσα⁷
3335 1330 3424 1385 καὶ
3457 1333 3617 1405 μόνον
3653 1334 3840 1410 ὀφθεῖ-

2187 1436 2270 1486 σα,
2313 1415 2408 1477 τὰς
2455 1420 2563 1470 τῶν
2617 1416 2869 1490 ὁρώντων
2921 1413 3073 1491 ὄψεις
3121 1420 3258 1494 πρὸς
3304 1420 3404 1488 τήν
3433 1425 3529 1474 τοῦ
3561 1420 3711 1476 θείου
3763 1419 3843 1476 ἕν-

2185 1525 2332 1558 νοιαν
2367 1503 2702 1579 ἐπιστρέφειν
2741 1503 2969 1580 ὀφείλει.
3031 1509 3314 1582 Πληγήτω
3354 1513 3480 1585 γοῦν
3517 1531 3601 1572 τις
3630 1508 3840 1565 ἀκόλα-

2185 1614 2307 1654 στος
2359 1595 2461 1662 τὴν
2508 1595 2718 1668 ψυχήν,
2765 1599 2862 1649 τοῦ
2914 1602 3013 1665 τῆς
3072 1596 3428 1671 σωφροσύνης
3477 1598 3726 1662 κάλλους
3783 1598 3842 1654 ἐκ

2183 1689 2283 1751 τῆς
2337 1683 2669 1757 παρθενικῆς
2727 1683 2849 1744 θέας
2883 1683 3274 1757 ὑπομνησθείς.
3318 1687 3755 1760 Ἀναμνησθήτω
3783 1686 3840 1743 δέ

427 1777 551 1844 Dei,
571 1777 908 1849 imaginem.
929 1793 1054 1846 quae
1089 1775 1159 1830 ad
1184 1774 1446 1830 studium
1478 1773 1637 1827 illius
1661 1773 2068 1827 mandatorum

2185 1791 2268 1833 τις
2326 1774 2481 1834 Θεοῦ,
2538 1772 2636 1839 τήν
2666 1771 2804 1847 πρὸς
2837 1771 3005 1842 ζῆλον
3036 1778 3143 1828 τῶν
3177 1773 3410 1830 ἐντολῶν
3447 1776 3610 1830 αὐτοῦ
3642 1777 3842 1832 ἀσκου-

428 1866 732 1932 excolitur,
765 1863 1074 1936 aspiciens.
1103 1867 1292 1935 Atque
1324 1868 1388 1918 ut
1416 1863 1589 1918 verbo
1633 1862 1846 1925 dicam,
1881 1867 2077 1916 trans-

427 1957 712 2011 formetur
740 1954 1173 2008 occurrentium
1200 1952 1411 2023 virgini
1431 1956 1488 2006 et
1508 1956 1782 2023 aspectus
1804 1955 1860 2004 et
1884 1955 2078 2006 motus

429 2045 498 2101 ad
554 2043 787 2098 virtutis
833 2042 1242 2113 cogitationem
1279 2058 1292 2094 :
1338 2046 1394 2094 et
1438 2039 1776 2111 quicunque
1824 2055 1957 2094 cum
2011 2055 2079 2092 ea

423 2137 734 2188 versantur
751 2131 948 2185 animo
966 2134 1459 2201 compungantur.
1475 2128 1655 2183 Nemo
1680 2126 2075 2198 autem,quasi

426 2221 607 2293 satyri
639 2224 740 2276 aut
760 2219 1075 2290 voluptatis
1109 2219 1350 2273 fractam
1384 2217 1623 2273 omnino
1649 2215 1894 2272 mollitie
1925 2217 2074 2271 ima-

421 2309 616 2381 ginem
651 2314 870 2373 cernat,
895 2308 1230 2363 emolliatur
1254 2308 1325 2362 ad
1355 2307 1741 2377 peccandum,
1761 2305 1814 2359 ei
1836 2305 2074 2376 quidem

423 2415 598 2469 quam
629 2397 806 2460 videt,
830 2397 901 2451 ad
951 2398 1262 2452 materiam
1312 2395 1508 2468 probri
1560 2394 1959 2466 spectaculum
1994 2393 2074 2448 si-

423 2488 658 2542 mulatae
690 2487 1067 2560 virginitatis,
1099 2487 1211 2541 sibi
1243 2503 1376 2541 vero
1423 2485 1550 2558 ipse
1602 2486 1672 2540 ad
1725 2486 1942 2556 peccati
1977 2501 2072 2539 ac-

421 2577 744 2633 cessionem
775 2592 1086 2630 occursum
1107 2575 1351 2646 virginis
1374 2579 1734 2630 convertens.
1755 2573 1932 2645 Virgo
1964 2573 2073 2645 igi-

421 2669 519 2720 tur
549 2665 630 2720 ita
659 2681 786 2720 sese
815 2662 1104 2730 excolens,
1143 2670 1206 2716 ut
1234 2663 1440 2717 divinae
1472 2663 1749 2734 imaginis
1780 2679 1983 2717 norma
2013 2663 2073 2717 in

423 2753 720 2820 omnibus,
753 2759 830 2820 et,
856 2757 920 2808 ut
946 2752 1028 2806 ita
1067 2751 1279 2823 dicam,
1303 2751 1606 2824 sculptura
1637 2753 1864 2820 evadat,
1890 2757 2071 2806 totam

423 2861 485 2899 se
516 2861 548 2898 a
581 2842 784 2898 mundi
818 2842 973 2897 curis
1015 2841 1353 2908 removebit,
1386 2847 1445 2896 et
1478 2859 1510 2895 a
1541 2841 1837 2911 corporeis
1862 2839 2072 2912 volup-

418 2933 647 2988 tatibus
684 2933 944 2988 animam
977 2931 1129 2986 689
1164 2930 1453 3000 avocabit,
1484 2934 1787 3001 totamque
1820 2934 2071 2984 mentem

419 3023 490 3076 ad
540 3038 801 3077 amorem
852 3020 1176 3075 cmlestium
1228 3020 1561 3087 intendens,
1597 3025 1827 3074 terrena
1875 3017 2074 3072 omnia

417 3109 845 3165 oblectamenta
892 3108 1290 3177 conculcabit;
1323 3125 1436 3162 non
1490 3107 1679 3179 magis
1710 3123 1977 3178 qurerens
2007 3105 2064 3159 in

2193 1859 2356 1932 μέλην
2393 1859 2572 1915 εῗκόνα
2606 1858 2758 1917 ἰδών.
2817 1862 2912 1918 Καὶ
2949 1860 3192 1924 συνόλως
3241 1861 3432 1932 εῗπιῖν,
3467 1865 3843 1941 μεταρρυθμι-

2189 1950 2356 2017 ζέσθω
2394 1949 2496 2003 νῶν
2529 1949 2891 2005 ἀπαντώντων
2927 1953 3036 2023 (93)
3085 1956 3151 2025 τῇ
3211 1954 3460 2027 παρθένῳ
3489 1954 3580 2007 καὶ
3612 1953 3843 2030 βλέμμα

2185 2039 2274 2092 καὶ
2348 2037 2557 2110 κίνημα
2627 2039 2764 2114 πρὸς
2819 2041 2918 2109 τήν
2971 2044 3069 2093 τοῦ
3125 2040 3297 2096 καλοῦ
3351 2043 3640 2117 φαντασίαν
3672 2063 3684 2074 '
3747 2045 3838 2098 καὶ

2185 2128 2376 2188 πάντες
2427 2127 2521 2200 μὲν
2577 2128 2627 2180 οἱ
2689 2128 3148 2203 συντυγχάνοντες
3215 2127 3688 2208 ἐπιστυφέσθωσαν
3744 2135 3844 2203 τὴν

2186 2213 2663 2286 διάνοιαν.Μηδεὶς
2691 2214 2956 2292 δὲ,ὣσπερ
2980 2217 3212 2294 σατύρου
3243 2218 3279 2287 ἢ
3309 2216 3514 2289 ἡδονῆς
3547 2219 3688 2291 ὅλην
3727 2225 3842 2294 (94)

2181 2306 2559 2381 τεθρυμμένην
2609 2305 2731 2378 ὄψιν
2783 2303 2950 2373 ἰδὼν,
3004 2303 3288 2382 διαχυθείη
3349 2309 3482 2380 πρὸς
3542 2310 3843 2386 ἁμαρτίαν,

2184 2393 2399 2472 ἐφόδιον
2431 2395 2608 2469 ψόγου
2642 2395 2736 2467 μέν
2757 2397 2827 2466 τῇ
2853 2394 3098 2472 ὀφθείσῃ,
3133 2402 3232 2465 τῆς
3265 2394 3509 2451 ὑπούλου
3541 2399 3841 2473 παρθενίας

2181 2484 2279 2551 τήν
2314 2484 2458 2550 θέαν,
2494 2483 2666 2554 ἑαυτῷ
2699 2480 2756 2538 δὲ
2789 2484 3035 2555 μείζονος
3085 2483 3354 2558 ἁμαρτίας
3385 2487 3480 2555 τήν
3533 2489 3837 2564 συντυχίαν

2180 2579 2279 2642 τῆς
2339 2573 2608 2647 παρθένου
2667 2567 2889 2628 λαϐών.-
2956 2572 3167 2630 Οὐκοῦν
3240 2579 3374 2629 Θεοῦ
3432 2574 3642 2637 εἰκόνος
3702 2579 3843 2631 κατᾶ

2182 2659 2354 2714 πάντα
2386 2659 2590 2735 ῥυθμὸν
2619 2661 2834 2732 ἑαυτὴν,
2867 2661 2978 2730 καὶ,
3032 2663 3105 2723 ὡς
3135 2660 3197 2716 ἂν
3228 2659 3371 2716 eiurat
3417 2684 3520 2730 τις,
3572 2661 3840 2738 γλύμμα,

2181 2751 2216 2817 ἡ
2261 2750 2523 2824 παρθένος
2556 2750 2855 2820 ἀσκήσασα,
2889 2749 3025 2821 ὅλην
3060 2751 3154 2823 μὲν
3183 2752 3379 2821 ἑαυτὴν
3427 2757 3533 2807 τῶν
3583 2751 3682 2806 τοῦ
3742 2754 3838 2808 κό-

2184 2859 2324 2911 σμου
2359 2835 2659 2912 φροντίδων
2716 2835 2815 2909 ἔξω
2869 2842 3109 2910 ποιήσει’
3169 2845 3277 2894 τῶν
3337 2838 3393 2894 δὲ
3435 2845 3528 2895 τοῦ
3574 2843 3838 2915 σώματος

2182 2926 2395 2996 ἡδονῶν
2421 2928 2519 2996 τὴν
2551 2929 2735 3003 ψυχὴν
2770 2927 3086 2999 ἀποστήσει,
3115 2929 3203 2984 καὶ
3248 2928 3376 2985 ὅλον
3407 2931 3498 2984 τὸν
3527 2935 3650 2985 νοῦν
3699 2934 3844 3006 πρὸς

2179 3017 2271 3071 τὸν
2302 3015 2479 3090 ἔρωτα
2505 3021 2610 3071 τῶν
2642 3016 2902 3092 οὐρανίων
2933 3017 3168 3085 τείνασα,
3202 3019 3266 3073 τὰ
3294 3021 3430 3073 κατᾶ
3478 3026 3580 3094 γῆν
3631 3023 3842 3095 τερπνᾶ

2181 3106 2354 3160 πάντα
2383 3108 2631 3176 πατήσει’
2667 3106 2770 3161 οὐκ
2797 3104 3182 3182 ἀποδεχομένη
3220 3106 3431 3180 μᾶλλον
3476 3108 3693 3170 τούτοις
3752 3133 3846 3165 νο-

413 3198 528 3268 his,
561 3215 686 3270 quae
739 3197 1048 3269 splendida
1095 3197 1532 3261 existimantur,
1567 3195 1847 3260 deliciari,
1887 3211 2064 3265 quam

2184 3170 2523 3267 pitope’vom'
2551 3192 2831 3269 λαμπροῖς
2881 3170 3247 3273 ἐντρυφᾷνξ⁴ίδ
3306 3203 3406 3265 τῆς
3451 3194 3842 3274 ταλαιπωρίας

412 3286 486 3341 ob
518 3301 833 3352 aerumnas,
866 3302 1014 3356 quas
1045 3286 1103 3340 in
1135 3285 1254 3340 vita
1287 3285 1492 3340 merito
1526 3285 1790 3352 trahunt,
1826 3283 2068 3338 misera-

414 3375 574 3429 tione
603 3375 781 3446 digna
805 3374 1106 3443 judicans.

485 3464 576 3518 23.
610 3463 756 3518 Nam
788 3463 835 3518 si
866 3467 1059 3533 nuptas
1085 3461 1463 3532 multiplices,
1485 3465 1549 3515 ut
1578 3461 1661 3516 ita
1682 3460 1896 3528 dicam,
1919 3477 2068 3516 mor-

418 3556 530 3619 tes,
556 3569 703 3623 quas
735 3552 828 3606 hic
853 3552 976 3622 jam
1012 3551 1252 3623 patitur,
1276 3567 1475 3606 secum
1509 3550 1903 3622 comparando
1931 3567 2068 3604 con-

421 3640 658 3708 sideret,
685 3639 924 3695 omnino
953 3640 1013 3694 in
1046 3656 1104 3694 se
1135 3639 1206 3693 ob
1254 3639 1617 3711 propositum
1677 3637 1948 3711 praeclare
1978 3637 2069 3709 agi

422 3729 800 3785 existimabit.
818 3729 961 3783 Nam
979 3746 1107 3800 qua:
1121 3729 1469 3784 mortalibus
1485 3729 1706 3799 nuptiis
1726 3727 1948 3800 illigata
1962 3732 2068 3793 est,

427 3818 519 3874 sui
551 3817 740 3888 ipsius
779 3835 929 3872 curae
958 3817 1200 3873 alteram
1255 3818 1449 3872 mariti
1485 3834 1688 3872 curam
1723 3819 2069 3888 adjungens,

424 3908 718 3981 geminam
751 3909 1062 3979 quamdam
1090 3907 1146 3962 in
1173 3924 1288 3962 una
1310 3907 1508 3962 anima
1532 3924 1598 3962 ex
1631 3907 1942 3977 conjuncto
1960 3905 2072 3960 sibi

424 4013 663 4069 corpore
685 3997 1140 4052 sollicitudinem
1169 3997 1457 4052 sustinet:
1485 4014 1597 4052 non
1615 3999 1737 4067 jam
1767 4013 1880 4051 uno
1913 3995 2070 4050 labo-

421 4103 559 4142 rans
591 4103 849 4158 corpore,
881 4087 978 4142 sed
1013 4087 1070 4140 in
1104 4103 1221 4141 una
1253 4088 1470 4155 anima,
1494 4087 1565 4141 ob
1591 4101 1764 4141 suum
1791 4090 1846 4139 et
1879 4083 2071 4138 mariti

421 4191 654 4248 corpus,
690 4192 923 4246 semper
967 4175 1022 4229 in
1060 4175 1280 4230 morbis
1311 4175 1582 4230 discissa.
1612 4173 1827 4229 Deinde
1855 4172 2070 4227 libero-

419 4281 549 4319 rum
587 4265 726 4319 hinc
768 4269 896 4319 orta
945 4264 1279 4335 propagine,
1315 4262 1493 4319 simul
1542 4279 1674 4316 cum
1717 4277 2072 4332 unoquoque

418 4363 713 4421 nascente,
739 4352 934 4408 animo
967 4353 1272 4420 scinditur,
1292 4357 1350 4407 et
1370 4353 1470 4422 qui
1498 4369 1650 4406 nunc
1672 4351 1957 4420 nascitur,
1980 4351 2068 4405 in-

414 4441 732 4496 cidentium
761 4440 1164 4511 molestiarum
1185 4441 1442 4495 accessio
1459 4444 1568 4494 est.
1596 4443 1666 4494 Ac
1691 4441 1907 4495 bonum
1937 4440 2067 4510 qui-

2179 3283 2349 3353 αὐτῆς
2382 3285 2442 3352 ἣν
2477 3282 2528 3338 έν
2558 3287 2627 3357 τῇ
2666 3289 2778 3358 ζωῇ
2828 3282 3138 3340 διαντλοῦσι
3189 3284 3324 3340 κατὰ
3375 3284 3543 3361 λόγον
3591 3286 3837 3357 οἰκτιζο-

2183 3370 2342 3444 μένη.

2249 3464 2341 3518 23.
2378 3462 2472 3518 Ἐκ
2499 3459 2869 3537 παραλλήλου
2899 3463 3003 3539 γὰρ
3033 3463 3129 3527 τὰς
3154 3469 3255 3532 τῆς
3285 3462 3674 3539 γεγαμημένης
3725 3487 3839 3521 πο-

2182 3549 2524 3628 λυμόρφους,
2581 3551 2654 3612 ὡς
2716 3553 2773 3605 ἂν
2807 3549 2956 3606 εἶ’ποέ
2987 3555 3100 3624 (95)
3127 3574 3231 3619 τις,
3261 3559 3434 3629 κῆρας
3464 3555 3601 3629 πρὸς
3632 3555 3836 3626 ἱαυτῆν

2182 3643 2476 3713 θεωροῦσα,
2512 3640 2584 3694 ὧν
2617 3638 2854 3695 ἐντεῦθεν
2889 3639 2996 3712 ἠδη
3048 3641 3336 3714 ἀπολαύει,
3371 3643 3586 3706 πάντως
3636 3644 3843 3715 ἑαυτὴν

2181 3733 2276 3783 τοῦ
2323 3733 2528 3783 σκοποῦ
2576 3727 2928 3800 ἀποδέξεται.
2985 3731 3048 3787 Ἣ
3111 3731 3203 3803 μὲν
3265 3731 3369 3805 γὰρ
3428 3737 3609 3803 θνητῷ
3664 3736 3841 3807 γάμῳ

2185 3819 2490 3893 ζευχθεῖσα,
2521 3817 2588 3892 τῇ
2630 3815 2700 3872 δι’
2749 3819 2940 3888 ἑαυτὴν
2975 3817 3219 3896 φροντίδι
3269 3820 3358 3874 καὶ
3391 3821 3574 3894 ἑτέραν
3605 3824 3709 3891 τήν
3737 3824 3842 3877 τοῦ

2183 3905 2372 3978 ἀνδρὸς
2429 3902 2834 3981 προσλαϐοῦσα,
2870 3905 3096 3981 δίδυμόν
3127 3930 3247 3963 τινα
3271 3908 3330 3964 ἐκ
3364 3916 3489 3982 μιᾶς
3517 3913 3704 3985 ψυχῆς
3735 3913 3844 3978 τήν

2179 4000 2276 4050 τοῦ
2325 3994 2659 4074 συμφυέντος
2711 3997 2850 4070 αὐτῇ
2901 3998 3153 4070 σώματος
3207 3996 3463 4076 φροντίδα
3522 3999 3835 4075 ὑφίσταται·

2181 4083 2361 4138 οὐκέτι
2390 4089 2469 4155 τῷ
2497 4083 2576 4138 ἐνὶ
2624 4087 2902 4158 κάμνουσα
2960 4087 3194 4158 σώματι,
3223 4086 3349 4142 ἀλλ’
3389 4088 3440 4142 ἐν
3497 4093 3597 4161 μιᾷ
3644 4093 3836 4165 cum,

2179 4173 2316 4247 πρός
2364 4193 2423 4227 τι
2471 4173 2536 4226 τὸ
2581 4177 2680 4228 τοῦ
2727 4171 2923 4248 ἀνδρὸς
2952 4174 3040 4228 καὶ
3065 4175 3127 4228 τὸ
3160 4175 3374 4246 ἑαυτῆς,
3409 4173 3459 4229 έν
3491 4181 3613 4237 ταῖς
3643 4177 3834 4241 νόσοις

2181 4261 2261 4316 ἀεὶ
2292 4261 2619 4334 τεμνομένη.
2673 4264 2804 4319 Εἶτα
2850 4263 3086 4318 ἐντεῦθεν
3133 4264 3230 4326 τὰς
3260 4268 3365 4318 τῶν
3414 4263 3616 4319 τέκνων
3648 4287 3836 4342 παρα-

2179 4347 2382 4428 φυάδας
2419 4348 2790 4425 βλαστήσασα,
2841 4351 3047 4425 έκάστῳ
3083 4357 3191 4407 τῶν
3240 4355 3571 4426 τικτομένων
3625 4377 3834 4412 συναπο

2179 4439 2423 4514 σχίζεται
2452 4450 2550 4507 τήν
2579 4442 2783 4515 ψυχὴν,
2815 4442 2914 4509 τὴν
2968 4446 3064 4495 τοῦ
3119 4441 3507 4517 ’ἐπιγενομένοκ
3561 4443 3833 4521 φροντίδα

413 4529 546 4584 dem
567 4530 842 4583 maritum
870 4535 1061 4591 nacta,
1083 4544 1316 4600 semper
1347 4528 1505 4583 illius
1529 4529 1734 4583 mortis
1758 4534 1912 4583 metu
1941 4546 2067 4583 mo-

2182 4531 2493 4604 προσθήκην
2520 4533 2628 4583 τῶν
2661 4529 3014 4604 ὑπαρχόντων
3066 4531 3300 4605 ἀνιαρῶν
3355 4528 3830 4604 προσλαμϐάνου-

409 4618 610 4674 lestias
637 4617 888 4674 sustinet
919 4617 1239 4687 viduitatis,
1259 4634 1494 4688 gravem
1520 4619 1832 4690 quamdam
1867 4618 2062 4674 animo

408 4709 628 4775 tabem,
651 4716 700 4762 et
727 4713 1010 4777 praesente
1041 4705 1138 4761 illo
1159 4713 1216 4762 et
1236 4707 1499 4773 absente,
1521 4707 1592 4763 ob
1615 4707 1947 4778 inopinatos
1968 4725 2062 4763 ca-

409 4813 513 4850 sus
539 4796 858 4866 perferens.
879 4797 1109 4862 Contra,
1143 4797 1192 4850 si
1225 4796 1434 4851 acerbo
1477 4798 1684 4867 juncta
1716 4797 1889 4851 fuerit
1917 4798 2062 4867 viro,

405 4888 527 4939 tota
557 4884 604 4939 ei
640 4885 757 4939 vita
791 4884 1148 4957 supplicium
1197 4890 1311 4952 est;
1343 4889 1400 4939 et
1429 4901 1563 4940 cum
1616 4900 1722 4939 nec
1776 4884 1956 4940 alium
1991 4888 2063 4941 ob

405 4972 694 5029 castitatis
736 4971 947 5045 legem,
982 4989 1086 5030 nec
1131 4978 1377 5030 mortem
1409 4973 1517 5029 viri
1567 4973 1640 5029 ob
1688 4972 2066 5030 incommoda

471 5136 834 5212 (91)Ὢσπερ.
896 5137 1133 5212 deices
1189 5137 1482 5206 nonnulli,
1535 5134 1689 5212 ὅπερ.
1749 5138 1879 5195 Mox
1933 5141 2050 5196 duo

397 5205 573 5269 mss;
599 5205 892 5278 θεωμένοις
924 5205 1191 5276 ἐκίνησαν.

468 5281 580 5350 (92)
628 5279 980 5350 Κινούμενον.
1043 5281 1136 5336 Sic
1192 5281 1441 5336 Colbert.
1501 5285 1558 5336 et
1615 5281 1732 5336 duo
1789 5281 2045 5337 Combef.

394 5351 572 5416 Editi,
602 5353 961 5424 κινουμένων.

469 5423 578 5493 (93)
612 5422 1173 5477 Tt‘bv'dnawuivtwv.
1227 5422 1317 5478 Sic
1373 5439 1482 5494 ope
1538 5423 1714 5479 trium
1775 5423 2043 5478 codicum

394 5495 843 5566 emendavimus
867 5497 1017 5566 quod
1049 5496 1254 5566 vitiose
1286 5496 1535 5552 habebat
1557 5495 1905 5550 Parisiensis
1925 5495 2045 5549 edi-

394 5565 496 5652 tio,
528 5565 673 5638 παρὰ
708 5564 934 5652 λκάντων
966 5569 1070 5622 τῶν
1116 5564 1190 5621 tv.
1224 5568 1414 5626 Editio
1444 5567 1663 5624 Veneta
1710 5566 1905 5633 habet,
1934 5570 2044 5622 τῶν

391 5652 640 5692 απαντων
669 5657 796 5695 των.

2173 4639 2256 4673 σα.
2292 4618 2394 4672 Καὶ
2430 4621 2678 4692 χρηστοῦ
2728 4619 2822 4690 μὲν
2867 4622 3110 4693 τυχοῦσα
3149 4616 3343 4694 ἀνδρὸς
3385 4619 3465 4674 ἀεὶ
3525 4625 3606 4692 τῷ
3667 4618 3829 4698 φόϐῳ

2171 4711 2267 4761 τοῦ
2299 4705 2526 4760 θανάτου
2555 4706 2618 4761 τὸ
2678 4703 2848 4761 δεινὸν
2889 4705 3171 4782 ὑφίσταται
3201 4712 3303 4772 τῆς
3335 4709 3588 4784 χηρείας,
3643 4708 3824 4780 δεινήν

2171 4817 2291 4850 τινα
2313 4793 2579 4865 τηκεδόνα
2603 4797 2691 4850 καὶ
2746 4795 3013 4871 παρόντος
3043 4798 3132 4852 καὶ
3163 4794 3583 4870 ἀποδημοῦντος
3647 4797 3738 4855 διὰ
3761 4803 3824 4856 τὸ

2174 4881 2440 4954 ἀδόκητον
2469 4889 2576 4939 τῶν
2635 4887 3057 4958 συμπτωμάτων
3116 4887 3252 4940 κατᾶ
3306 4889 3490 4961 ψυγῆς
3521 4885 3820 4964 δεχομένη,

2177 4977 2362 5049 Πικρῷ
2390 4970 2446 5027 δὲ
2469 4973 2532 5028 τὸ
2563 4971 2798 5028 ἐναντίον
2833 4979 3136 5050 ζευχθεῖσα,
3188 4973 3323 5046 ὅλην
3377 4976 3470 5048 μὲν
3521 4976 3622 5046 τὴν
3678 4981 3823 5048 ζωὴν

2231 5134 2575 5210 (94)Α”Ολην.
2609 5139 2700 5195 Sic
2751 5157 2894 5196 mss.
2928 5145 3069 5198 tres.
3101 5140 3274 5207 Editi,
3321 5138 3469 5195 ὅλον.
3504 5141 3673 5200 Unus
3718 5159 3819 5199 co-

2160 5205 2288 5284 dex,
2324 5205 2588 5284 ὅλῳςςΙη
2621 5229 2723 5284 ora
2768 5213 2987 5268 codicis
3033 5205 3548 5284 Mazarini__legitur
3595 5217 3656 5270 in
3689 5233 3816 5272 mo-

2159 5282 2302 5359 dum
2335 5283 2590 5359 scholii;
2621 5283 2743 5339 Ὃτι
2774 5283 2888 5359 θεία
2919 5284 3063 5359 ζῶσά
3099 5303 3157 5338 τε
3195 5285 3286 5338 καί
3309 5281 3620 5359 ἔμπρακτος
3653 5285 3816 5341 εἰκών

2157 5355 2191 5421 ἡ
2225 5355 2502 5426 παρθένος·
2541 5356 2595 5410 id
2646 5358 2802 5427 quod
2852 5358 2932 5412 ita
2981 5357 3395 5429 interpretatur
3424 5355 3513 5412 vir
3542 5359 3823 5416 doctissi-

2159 5443 2291 5504 mus
2340 5429 2747 5504 C‘ombeﬁsius,
2785 5430 2948 5500 Virgo
2994 5429 3244 5486 divinum
3288 5435 3366 5487 est
3412 5434 3710 5504 civemque
3748 5450 3828 5489 ac

2154 5497 2314 5554 recte
2337 5499 2711 5556 simulacrum.

2225 5570 2337 5640 (95)
2387 5571 2571 5629 Εἳποι.
2635 5573 2729 5630 Sic
2786 5588 2930 5630 mss.
2991 5571 3221 5631 codices
3280 5572 3568 5631 nonnulli.
3631 5574 3826 5649 Editi,

2155 5638 2308 5715 εἴπῃ.
