4134 6224
301 362 413 423 717

1527 363 1760 425 LIBER
1801 365 1904 425 DE
1945 363 2452 426 VIRGINITATE
2467 405 2482 424 .

3589 365 3712 425 718

289 492 659 566 κολαστήριον
711 485 848 568 ἔχει,
901 488 1026 546 οόδὶ
1070 489 1251 571 ἕτερον
1453 491 1512 548 δὲ
1543 491 1632 549 διὰ
1663 495 1946 574 σωφροσύ-

2059 495 2500 563 viduitatis,neo
2517 495 2694 551 vitam
2726 495 2798 552 ob
2828 493 3067 551 tedium
3090 493 3347 569 conjugii
3370 494 3581 570 eligere
3607 515 3711 556 va-

288 604 416 654 νην,
443 579 567 636 οὔτε
613 580 704 635 τὸν
759 581 980 645 θανάτον
1027 586 1122 636 τοῦ
1161 579 1356 658 ἀνδρὸς
1406 581 1495 637 διὰ
1523 583 1586 639 τὸ
1617 584 1810 657 πικρὸν
1843 589 1944 654 τῆς

290 671 544 749 χηρείας,
577 667 702 726 οὔτε
731 672 828 740 τὴν
866 671 1011 740 ζωήν
1041 669 1130 725 διὰ
1156 673 1219 726 τὸ
1251 669 1412 743 ἀηδὲς
1443 680 1544 746 τῆς
1587 669 1946 746 συμϐιώσεως

290 760 603 834 ὶκλέξασθαι
653 757 942 833 δυναμένη,
990 765 1070 832 τῷ
1117 759 1338 839 ἀφύκτῳ
1389 760 1544 834 δεινῷ
1590 769 1708 824 ταῖς
1768 763 1944 825 ἀνίαις

287 851 372 905 ἀεὶ
413 851 512 918 τὴν
563 849 748 925 ψυχὴν
815 847 1220 922 κατατέμνεται.
1276 850 1407 905 Εἶτα
1453 849 1646 913 παῖδας
1693 856 1943 918 τεκοῦσα,

287 942 322 1011 ἢ
359 938 596 1014 ἀγαθοὺς
629 939 960 1013 γενομένους
991 940 1110 1014 ὁρᾷ,
1143 941 1231 993 καί
1280 939 1503 1012 μείζονα
1529 947 1626 1009 τῆς
1673 941 1807 995 κατὰ
1853 941 1944 995 τὸν

287 1029 450 1085 τύκον
500 1027 697 1089 ὠδῖνος
746 1029 844 1096 τήν
893 1026 952 1082 ἐκ
997 1035 1097 1098 τῆς
1143 1029 1445 1103 ἀποτυχίας
1492 1028 1698 1084 τούτων
1749 1027 1942 1100 ὀδύνην

285 1117 384 1174 διὰ
417 1119 541 1194 βίου
596 1118 864 1194 βαστάζει’
915 1116 951 1185 ἢ
1000 1115 1242 1194 φαύλους
1281 1113 1534 1180 ἐκϐάντας
1582 1115 1796 1185 ἴδοῦσα,
1852 1119 1941 1172 καὶ

282 1229 388 1278 της
424 1205 666 1268 ἀτεκνίας
703 1205 994 1282 βάρύτερον
1026 1205 1114 1260 ἐπὶ
1156 1206 1225 1282 τῇ
1266 1207 1580 1282 τεκνογονίᾳ
1626 1207 1688 1261 τὸ
1740 1203 1947 1268 ὄνειδος

283 1299 461 1374 φέρει.
513 1302 584 1352 ’Ἡ
631 1295 756 1371 πρὶν
805 1295 882 1357 εἷς
939 1302 1128 1370 πεῖραν
1175 1294 1351 1360 ἐλθεῖν
1384 1301 1491 1350 τῶν
1523 1297 1942 1372 προειρημένων

283 1385 503 1456 δεινῶν,
557 1383 670 1459 ἅμα
696 1406 755 1440 τε
783 1385 969 1462 νύμφη
1001 1385 1089 1439 καὶ
1122 1387 1275 1460 χήρα
1303 1385 1534 1460 ἐγένετο.
1571 1385 1666 1439 Καὶ
1699 1387 1732 1454 ἡ
1785 1387 1945 1446 ἅπαις

285 1477 365 1540 εἷς
396 1475 626 1552 χηρείαν
683 1479 1086 1550 κατενεχθεῖσα,
1147 1471 1270 1529 οὔτε
1299 1477 1462 1548 γυνὴ,
1498 1471 1621 1529 οὕτε
1647 1474 1942 1549 παρθένος,

285 1563 413 1620 οὔτε
451 1566 636 1640 μήτηρ
681 1562 814 1634 ἐστὶ,
862 1564 1076 1617 πάντων
1128 1560 1186 1617 δὲ
1235 1564 1377 1636 ὁμοῦ
1431 1567 1541 1618 τῶν
1573 1563 1940 1636 νομισθέντων

282 1651 465 1725 ἡδέων
498 1653 604 1708 ἀπὸ
659 1650 757 1707 τοῦ
811 1651 991 1727 γάμου
1048 1657 1308 1720 πεσοῦσα,
1367 1651 1668 1725 ἐζημίωται
1731 1652 1824 1725 μὶν
1855 1649 1944 1706 διὰ

289 1743 555 1821 βραχεῖαν
587 1739 790 1811 ἡδονὴν
822 1742 884 1796 τὸ
940 1740 1149 1803 κάλλος
1202 1749 1303 1810 τῆς
1361 1742 1647 1817 παρθενίας
1683 1744 1819 1815 (97),
1849 1762 1943 1796 το-

287 1837 480 1888 σοῦτον
515 1829 571 1886 δὲ
600 1832 780 1907 γάμου
812 1830 1150 1906 πεπείραται,
1179 1828 1302 1885 ὅσον
1332 1830 1395 1885 τὸ
1439 1830 1632 1904 πικρὸν
1679 1834 1782 1895 τῆς
1829 1849 1939 1904 χη-

290 1921 449 1998 ρείως
478 1919 766 1996 γνωρίσαι.
801 1921 866 1972 Ἥ
900 1918 952 1974 ἐν
979 1922 1047 1992 τῇ
1079 1919 1279 1992 χηρείᾳ
1325 1917 1593 1996 ὀρφανοὺς
1648 1919 1941 1994 ἀνατρεφο-

292 2009 424 2081 μένη
483 2007 608 2070 τοὺς
665 2004 882 2075 παῖδας,
945 2007 1249 2080 ὑπόμνημα
1302 2013 1404 2076 τῆς
1460 2007 1597 2060 κατὰ
1634 2006 1727 2060 τὸν
1775 2003 1944 2078 ἄνδρα

291 2094 492 2166 ὀδύνης
518 2095 743 2158 τούτους
775 2096 892 2168 ὁρᾷ·
940 2094 1020 2149 ἀεὶ
1077 2095 1170 2167 μὲν
1221 2093 1273 2148 ἐν
1327 2092 1607 2170 δάκρυσιν,
1655 2093 1735 2148 ἀεὶ
1783 2091 1840 2148 δὲ
1890 2093 1940 2148 έν

289 2191 642 2260 στεναγμοῖς,
686 2183 767 2240 ἀεὶ
828 2182 885 2239 δὶ
933 2183 986 2239 έν
1035 2182 1215 2258 θλίψει
1245 2191 1348 2254 τῆς
1395 2183 1602 2239 τούτων
1637 2184 1944 2257 ἀνατρόφῆς

288 2275 632 2353 πεφυρμένη,
665 2274 727 2328 ού
762 2273 922 2346 μόνον
955 2269 1110 2328 οὐδὲν
1166 2274 1508 2345 παραμύθιον
1554 2275 1656 2327 τοῦ
1708 2266 1946 2344 συμϐάν-

287 2386 380 2427 τος
429 2368 598 2419 κακοῦ
652 2362 976 2439 ἀντίῤῥοπον
1048 2357 1272 2436 ἔχουσα,
1331 2358 1476 2416 ἀλλὰ
1529 2364 1619 2416 καί
1673 2361 1944 2436 συγγενέσι

288 2455 376 2509 καὶ
414 2451 648 2514 οἲκέταις
697 2452 786 2506 καὶ
836 2451 1152 2526 ἐπιτρόποις
1199 2454 1306 2504 τῶν
1357 2449 1588 2515 παίδων,
1637 2449 1725 2504 καὶ
1757 2449 1941 2512 αὐτοῖς

292 2539 614 2618 ἀνδρωθεῖσι
647 2539 918 2601 πολλάκις
947 2544 1067 2601 τοῖς
1123 2538 1298 2606 παισὶ,
1357 2537 1448 2593 καὶ
1506 2544 1636 2593 πᾶσι
1696 2537 1942 2600 συνόλως

287 2637 407 2692 τοῖς
457 2630 677 2699 αίκίζειν
732 2627 980 2693 ἐθέλουσι
1040 2629 1277 2706 λάφυρον
1336 2625 1569 2682 ἐλεεινὸν
1631 2625 1939 2699 έκκειμένη,

291 2717 449 2776 οὐδὲν
477 2714 678 2794 ἕτερον,
726 2718 761 2788 ἢ
795 2717 976 2794 δρᾶμα
1025 2716 1206 2788 λύπης
1247 2717 1344 2772 καὶ
1387 2718 1615 2778 πένθους
1644 2718 1742 2785 τὴν
1795 2717 1939 2785 ζωὴν

292 2811 488 2879 ἑαυτῆς
518 2813 595 2880 τῷ
629 2808 732 2884 βίῳ
779 2807 1171 2883 είσενεγκοῦσα.
1219 2807 1314 2861 Καὶ
1365 2805 1439 2877 (τί
1481 2808 1584 2880 γὰρ
1644 2803 1726 2859 δεῖ
1771 2803 1938 2860 πλέον

291 2896 467 2974 λέγειν
494 2906 532 2966 ;)
585 2894 850 2966 δεσπότην
903 2895 1040 2968 μετὰ
1094 2895 1324 2970 προικὸς
1378 2897 1413 2964 ἡ
1461 2897 1593 2969 γυνή
1655 2893 1936 2967 ὠνουμένη

287 2988 379 3041 τὸν
413 2983 598 3060 ἄνδρα,
633 2984 804 3056 δούλη
842 2986 938 3058 μὲν
969 2985 1087 3041 ἀντὶ
1118 2983 1401 3060 ἐλευθέρας
1447 2982 1578 3052 ἐστὶ,
1617 2989 1812 3058 μικρᾶς
1840 2989 1942 3052 τῆς

289 3076 428 3132 κατὰ
473 3076 564 3130 τὸν
626 3075 801 3152 γάμον
876 3072 1082 3144 ἡδονῆς
1155 3075 1255 3143 τὴν
1327 3074 1558 3150 φυσικὴν
1635 3071 1940 3147 ἐλευθερίαν

291 3162 753 3238 άπεμπολήσασα,
788 3164 949 3235 θύραν
979 3161 1036 3219 δὲ
1066 3163 1360 3237 ἀμυθήτων
1396 3161 1625 3234 ὠδίνων,
1666 3162 1754 3217 καὶ
1803 3161 1942 3232 ὅλην

1973 1880 2022 1944 Β

2053 587 2188 653 leat,
2218 587 2539 643 inevitabili
2561 604 2961 643 aerumnarum
2989 586 3141 643 malo
3164 603 3397 658 semper
3427 587 3487 643 in
3511 588 3710 645 animo

2054 677 2428 733 discinditur.
2464 677 2684 732 Deinde
2730 679 2827 734 ubi
2878 677 3095 732 liberos
3128 677 3370 749 peperit,
3403 677 3492 732 vel
3527 678 3712 734 bonos

2054 782 2154 822 eos
2184 783 2311 822 esse
2335 766 2505 832 videt,
2532 783 2597 820 ac
2630 767 2908 837 majorem
2945 771 3150 837 partus
3181 765 3481 821 doloribus
3511 784 3580 823 ex
3608 783 3710 822 eo-

2055 872 2185 909 rum
2213 856 2448 924 jactura
2483 854 2810 910 molestiam
2855 871 2957 925 per
3003 859 3186 909 totam
3218 857 3398 909 vitam
3447 856 3660 912 tolerat
3692 872 3709 914 :

2052 944 2138 998 vel
2171 943 2354 999 malos
2384 943 2515 998 illos
2549 959 2677 998 esse
2721 944 3125 1014 deprehendit,
3149 948 3207 998 et
3236 944 3542 1000 sterilitate
3572 963 3704 1018 gra-

2053 1032 2181 1087 vius
2211 1050 2278 1087 ex
2311 1032 2566 1087 filiorum
2595 1032 2968 1104 generatione
2994 1032 3373 1103 opprobrium
3407 1033 3707 1090 refert.Vel

2055 1120 2398 1192 priusquam
2429 1124 2482 1175 in
2508 1121 2924 1192 experientiam
2942 1122 3164 1176 veniret
3184 1138 3385 1176 eorum
3409 1139 3535 1194 quae
3561 1123 3706 1177 dixi-

2056 1227 2212 1276 mus,
2238 1209 2551 1276 malorum,
2573 1227 2786 1281 sponsa
2814 1209 2987 1265 simul
3020 1226 3085 1265 ac
3113 1210 3289 1265 vidua
3321 1212 3474 1266 facta
3502 1216 3610 1268 est.
3634 1217 3704 1268 Et

2054 1317 2181 1370 qum
2205 1297 2330 1354 sine
2355 1298 2553 1353 liberis
2580 1299 2637 1352 in
2661 1298 2998 1353 viduitatem
3022 1299 3250 1369 incidit,
3273 1316 3378 1354 nec
3409 1318 3575 1366 uxor,
3601 1317 3704 1357 nec

2053 1387 2235 1459 virgo,
2267 1403 2372 1440 nec
2405 1392 2588 1441 mater
2620 1392 2730 1456 est,
2763 1388 2864 1441 sed
2899 1386 3174 1441 omnibus
3224 1387 3401 1443 simul
3434 1386 3706 1459 spoliata,

2054 1492 2421 1548 quacunque
2444 1477 2714 1546 jucunda
2749 1492 2815 1530 ex
2848 1475 3069 1546 nuptiis
3091 1476 3352 1530 accidere
3375 1477 3712 1532 existiman-

2054 1569 2172 1628 tur,
2197 1565 2398 1620 amisit
2427 1565 2687 1636 quidem,
2713 1564 2783 1619 ob
2819 1564 3046 1618 brevem
3073 1563 3453 1635 voluptatem,
3475 1564 3714 1636 virgini-

2052 1655 2192 1709 tatis
2225 1653 2749 1726 pulchritudinem,
2777 1658 3006 1708 tantum
3042 1657 3235 1707 autem
3264 1654 3335 1707 de
3367 1653 3586 1724 nuptiis
3616 1655 3712 1710 de-

2053 1744 2326 1812 gustavit,
2356 1749 2643 1814 quantum
2679 1743 2822 1798 satis
2851 1746 2971 1797 erat
3012 1747 3076 1796 ut
3106 1742 3499 1813 acerbitatem,
3520 1741 3710 1799 vidui-

2053 1835 2190 1887 tatis
2215 1833 2589 1904 perspiceret.
2610 1831 2709 1886 Vel
2737 1831 2795 1886 in
2819 1831 3101 1886 viduitate
3129 1830 3384 1903 pupillos
3407 1832 3710 1888 enutriens

2056 1921 2464 1990 liberos,videt
2495 1922 2553 1975 in
2585 1921 2669 1976 eis
2705 1927 3156 1976 monumentum
3193 1921 3618 1993 doloris,quem
3641 1939 3711 1978 ex

2055 2011 2158 2064 viri
2195 2016 2378 2065 morte
2409 2009 2678 2080 collegit:
2704 2027 2770 2064 ac
2803 2025 3034 2082 semper
3067 2009 3124 2063 in
3157 2009 3451 2082 lacrymis,
3477 2028 3711 2084 semper

2054 2099 2114 2153 in
2137 2099 2718 2170 gemitibus,semper
2740 2099 2797 2153 in
2819 2097 3104 2154 molestiis
3123 2114 3323 2153 eorum
3343 2099 3708 2155 educationis

2056 2187 2352 2260 permista,
2379 2203 2492 2241 non
2518 2188 2689 2241 modo
2714 2186 2940 2242 nullum
2968 2187 3141 2241 habet
3168 2185 3509 2258 malo,quod
3536 2189 3584 2243 ei
3608 2204 3708 2243 ac-

2056 2276 2216 2343 cidit,
2242 2275 2463 2346 asquale
2505 2275 2804 2345 solatium,
2827 2276 2928 2332 sed
2961 2281 3018 2331 et
3048 2275 3332 2347 cognatis,
3355 2281 3414 2332 et
3448 2275 3709 2349 famulis,

2056 2370 2113 2421 et
2154 2365 2454 2420 tutoribus
2485 2382 2822 2437 puerorum,
2847 2381 2912 2420 ac
2945 2365 3090 2436 ipsis
3122 2380 3274 2437 saepe
3306 2364 3482 2421 etiam
3513 2366 3712 2438 pueris

2055 2456 2124 2510 ad
2146 2454 2369 2510 virilem
2393 2459 2622 2509 aetatem
2652 2455 2973 2526 perductis,
2989 2471 3054 2509 ac
3071 2455 3346 2510 omnibus
3365 2456 3604 2512 omnino
3626 2457 3712 2512 in-

2049 2545 2264 2614 juriam
2287 2545 2471 2599 facere
2487 2543 2818 2599 volentibus
2841 2544 3035 2615 praeda
3054 2544 3409 2600 miserabilis
3425 2546 3710 2616 exposita,

2055 2650 2222 2688 suam
2254 2633 2442 2705 ipsius
2473 2632 2676 2700 vitam,
2711 2649 2814 2688 ceu
2857 2633 3074 2688 doloris
3106 2638 3162 2688 et
3203 2633 3397 2688 luctus
3430 2633 3710 2716 fabulam,

2052 2721 2393 2778 hominibus
2441 2722 2733 2794 proponit.
2765 2723 2874 2778 Sed
2927 2723 3068 2794 quid
3120 2721 3288 2794 plura
3336 2739 3573 2779 necesse
3622 2726 3712 2779 est

2053 2811 2284 2865 dicere?
2320 2813 2628 2866 Dominum
2680 2813 2816 2866 dote
2865 2811 3076 2866 mulier
3124 2827 3326 2866 emens
3355 2813 3569 2882 virum,
3605 2829 3710 2867 an-

2053 2899 2188 2954 cilla
2218 2899 2282 2953 fit
2309 2916 2376 2953 ex
2408 2898 2611 2970 libera,
2643 2899 2855 2971 exigua
2896 2899 3236 2970 nuptiarum
3268 2900 3568 2972 voluptate
3600 2919 3709 2956 na-

2053 2987 2303 3043 turalem
2336 2989 2594 3044 vendens
2636 2989 2966 3045 libertatem
3000 3006 3066 3044 ac
3088 2989 3334 3060 januam
3368 2989 3479 3044 sibi
3527 2989 3709 3045 innu-

2053 3076 2423 3132 merabilium
2455 3077 2748 3144 dolorum,
2780 3095 2846 3132 ac
2877 3095 3110 3133 omnem
3147 3077 3546 3134 molestiarum
3581 3096 3712 3134 ma-

2053 3167 2262 3222 teriam
2296 3166 2351 3220 in
2389 3167 2762 3222 matrimonio
2803 3167 3007 3236 aperit.
3043 3171 3236 3222 Manet
3281 3168 3440 3223 enim
3495 3168 3713 3224 irrevo-

292 3255 542 3309 ὑπόθεσιν
573 3251 894 3328 ἀλγηδόνων
927 3255 984 3325 (9
1024 3255 1040 3327 )
1100 3253 1264 3326 ἑαυτῇ
1303 3251 1394 3308 τὸν
1447 3252 1624 3326 γάμον
1673 3251 1942 3320 ἀνοίξασα.

2059 3255 2260 3312 cabilis
2296 3257 2353 3311 in
2387 3255 2546 3311 illam
2570 3255 2926 3318 maledictio,
2952 3273 3078 3328 quae
3106 3257 3162 3310 in
3187 3257 3465 3312 omnibus
3491 3257 3716 3329 nuptiis

293 3344 594 3419 Μένειγάρ
627 3340 897 3419 ἄρρηκτος
928 3343 1045 3397 κατ’
1086 3342 1254 3411 αὐτῆς
1309 3344 1344 3411 ἡ
1399 3342 1522 3417 ἀρὰ,
1581 3341 1718 3395 κατά
1774 3341 1948 3394 πάντα

298 3433 502 3508 γάμον,
592 3432 772 3506 ὥσπερ
850 3431 1242 3505 ἐπιθαλάμιον,
1317 3428 1537 3501 ᾅδουσα.
1613 3433 1700 3487 Ἐν
1752 3428 1949 3491 λύπαις

293 3522 416 3597 τέξῃ
491 3521 670 3588 τέκνα,
747 3521 835 3576 καὶ
910 3522 1042 3593 πρὸς
1090 3521 1183 3576 τὸν
1252 3518 1419 3594 ἄνδρα
1475 3541 1571 3574 σου
1628 3521 1945 3596 ἀποστροφή

296 3633 412 3681 σου,
471 3611 562 3666 καὶ
621 3610 780 3672 αὐτός
839 3631 936 3664 σου
992 3610 1284 3682 κυριεύσει.
1345 3611 1407 3665 Ἡ
1469 3606 1527 3664 δὶ
1567 3609 1827 3684 παρθένος
1854 3609 1946 3663 τὸν

298 3703 433 3777 πρὸς
490 3701 584 3755 τὸν
642 3696 809 3774 ἄνδρα
873 3697 1032 3773 ζυγὸν
1095 3697 1446 3775 ἀπορῥήξασα
1488 3700 1622 3771 (99),
1672 3698 1761 3753 καὶ
1811 3698 1948 3772 πρὸς

294 3793 387 3847 τὸν
422 3789 622 3866 Κύριον
655 3786 758 3859 ὅλη
797 3787 1098 3864 δραμοῦσα,
1160 3787 1522 3862 συναπέῤῥηξε
1567 3792 1645 3858 τῷ
1687 3791 1830 3861 ζυγῷ
1859 3786 1949 3840 καὶ

295 3882 394 3949 τὴν
426 3879 488 3935 έκ
514 3882 613 3943 τῆς
644 3878 878 3952 κατάρας
912 3874 1130 3947 ὀδύνην.
1191 3878 1390 3954 Ἔφυγε
1426 3877 1532 3952 γὰρ
1562 3876 1656 3938 τὰς
1699 3873 1786 3929 ἐπὶ
1833 3880 1952 3937 τοῖς

298 3969 507 4031 τέκνοις
554 3963 776 4033 ὠδῖνας,
828 3961 993 4044 ἕτρυγε
1046 3966 1147 4034 τὴν
1205 3965 1341 4040 πρὸς
1394 3966 1487 4018 τὸν
1539 3965 1731 4034 θνητὸν
1787 3961 1955 4039 ἄνδρα

300 4056 575 4124 δουλείαν,
606 4055 696 4110 καὶ
758 4053 999 4116 συνόλως
1063 4055 1269 4109 ἅπαντα
1297 4055 1365 4108 τὰ
1394 4053 1454 4108 ἐκ
1481 4057 1578 4108 τοῦ
1626 4054 1807 4128 γάμου
1841 4050 1954 4106 δει-

299 4149 382 4203 νά.
441 4143 757 4221 Συναπέδρα
788 4141 844 4198 δὶ
872 4149 988 4206 τοῖς
1023 4142 1265 4215 λοιποῖς,
1314 4143 1404 4198 καὶ
1463 4143 1529 4196 τά
1558 4143 1691 4218 πρὸς
1727 4144 1821 4212 τήν
1854 4163 1954 4196 πο-

301 4235 508 4310 λύχουν
557 4237 654 4288 τοῦ
711 4233 980 4308 παρόντος
1041 4230 1163 4308 βίου
1217 4231 1482 4307 ἁμαρτίαν
1514 4229 1842 4286 πολύπλοκα
1873 4227 1954 4283 δί-

300 4345 453 4380 κτυα.
488 4323 603 4398 ΙῙρὸ
635 4319 692 4376 δὲ
729 4315 945 4376 πάντων
987 4321 1156 4390 αὐτὴν
1211 4322 1312 4388 τήν
1365 4320 1423 4374 έκ
1473 4327 1574 4388 τῆς
1633 4317 1958 4391 συμπλοκῆς

300 4417 408 4468 τῶν
441 4415 652 4486 σαρκῶν
689 4404 1088 4482 συμϐαίνουσαν
1149 4409 1350 4487 φθορὰν
1400 4407 1624 4480 πρώτην
1687 4412 1957 4485 φυγοῦσα,

307 4500 542 4578 ἄφθορος
573 4497 676 4570 ὅλη
713 4497 765 4552 έν
798 4498 1020 4572 ἀσάρκῳ
1045 4500 1121 4571 (1)
1167 4499 1341 4573 ψυχῇ,
1374 4502 1452 4570 τῷ
1482 4497 1664 4571 Κυρίῳ
1695 4496 1958 4575 νυμφεύε-

2059 3345 2213 3401 velut
2237 3345 2682 3416 epithalamium
2718 3345 2876 3400 canit
2909 3363 2920 3400 :
2955 3350 3020 3400 In
3043 3347 3325 3402 doloribus
3347 3348 3534 3418 paries
3559 3348 3714 3402 640

2061 3435 2277 3504 liberos,
2312 3443 2362 3489 et
2410 3436 2490 3489 ad
2519 3437 2706 3490 virum
2736 3439 2893 3490 tuum
2941 3437 3224 3491 conversio
3255 3444 3368 3502 tua,
3397 3445 3454 3492 et
3483 3437 3600 3506 ipse
3627 3439 3720 3492 tui

2058 3525 2439 3580 dominabitur
2459 3525 2522 3578 ⁸ο.
2559 3524 2728 3597 Virgo
2768 3529 2988 3589 autem,
3021 3541 3264 3580 excusso
3311 3525 3419 3579 viri
3469 3526 3626 3598 iugo,
3660 3530 3719 3584 et

2061 3613 2130 3668 ad
2159 3612 2472 3667 Dominum
2496 3618 2616 3668 tota
2640 3630 2904 3679 currens,
2929 3612 3106 3668 simul
3127 3613 3301 3668 etiam
3325 3616 3581 3671 excussit
3610 3615 3718 3672 im-

2062 3701 2382 3756 minentem
2417 3718 2486 3756 ex
2517 3701 2826 3757 maledicto
2859 3701 3140 3758 dolorem.
3179 3702 3348 3774 Fugit
3388 3705 3543 3759 enim
3578 3722 3714 3777 par-

2059 3793 2156 3843 tus
2187 3788 2438 3854 dolores,
2460 3789 2515 3844 fu
2529 3791 2610 3860 git
2631 3789 3020 3845 exhibendam
3046 3791 3167 3846 viro
3199 3791 3431 3846 mortali
3466 3794 3712 3848 servitu-

2063 3883 2203 3944 tem,
2236 3895 2302 3932 ac
2334 3894 2449 3932 uno
2480 3879 2654 3932 verbo
2685 3879 2881 3932 omnia
2926 3879 3285 3934 matrimonii
3316 3880 3709 3938 incommoda.

2062 3965 2247 4020 Simul
2279 3965 2452 4020 etiam
2504 3981 2635 4019 cum
2694 3965 2939 4036 reliquis
2989 3966 3138 4038 fugit
3185 3967 3471 4022 instructa
3517 3967 3722 4024 multis

2068 4055 2312 4110 nexibus
2344 4054 2414 4108 ad
2449 4058 2752 4125 peccatum
2787 4054 2901 4110 late
2931 4056 2988 4108 in
3022 4055 3130 4110 hac
3161 4056 3278 4110 vita
3312 4055 3591 4112 diﬂ'usum
3628 4074 3720 4112 re-

2065 4144 2167 4198 tia.
2196 4149 2344 4198 Ante
2376 4143 2576 4198 omnia
2597 4147 2794 4198 autem
2826 4144 3014 4215 ipsam
3040 4145 3475 4216 corruptionem
3507 4163 3576 4202 ex
3606 4161 3726 4202 car-

2067 4233 2186 4289 nali
2211 4231 2420 4304 copula
2443 4232 2690 4304 primam
2727 4235 2976 4305 fugiens,
3002 4239 3125 4289 tota
3152 4234 3493 4306 incorrupta
3515 4235 3574 4290 in
3607 4236 3730 4291 ani-

2071 4338 2164 4375 ma
2205 4320 2400 4376 carnis
2447 4326 2679 4392 experte
2709 4321 2957 4377 Domino
2990 4323 3391 4394 despondetur
3422 4341 3435 4379 :
3471 4340 3575 4379 nec
3597 4325 3726 4396 jam

2069 4410 2292 4482 patitur
2315 4414 2379 4464 ut
2401 4427 2508 4465 sua
2530 4411 2599 4465 ad
2623 4411 2814 4465 virum
2843 4411 2922 4466 sit
2941 4412 3267 4478 conversio,
3291 4413 3392 4468 sed
3415 4429 3544 4469 sese
3575 4414 3728 4486 frugi

2069 4499 2317 4554 Domino
2347 4498 2577 4554 exhibet
2605 4499 2664 4554 in
2695 4501 2816 4554 vita
2846 4502 3121 4557 decenter
3149 4501 3494 4574 composita.
3527 4503 3729 4558 Matri-

303 4609 413 4646 ται·
476 4589 654 4644 ούκέτι
693 4589 788 4660 μὲν
821 4588 960 4663 πρὸς
991 4587 1182 4656 θνητὸν
1213 4584 1379 4662 ἄνδρα
1420 4589 1519 4656 τὴν
1575 4588 1768 4652 ἑαυτῆς
1819 4587 1948 4641 ἀπο-

2072 4586 2254 4642 monii
2288 4586 2442 4641 enim
2478 4588 2786 4643 materiam
2833 4605 2962 4644 esse
2995 4593 3430 4662 corruptionem
3462 4598 3520 4647 et
3548 4592 3728 4664 virgi-

310 4677 548 4754 στροφὴν
604 4675 737 4730 εἶναι
771 4674 1103 4750 ἀνεχομένη,
1151 4673 1390 4748 αὐτάρκη
1435 4671 1492 4728 δὶ
1545 4673 1736 4741 έαυτήν
1787 4672 1838 4727 ἐν
1869 4675 1958 4727 εὐ-

2077 4675 2275 4730 nitatis
2323 4677 2615 4745 jacturam
2649 4676 3009 4749 intelligens,
3041 4679 3218 4734 etiam
3271 4696 3339 4735 ex
3383 4685 3730 4753 argumento

309 4765 498 4820 σταλεῖ
543 4764 648 4839 βίῳ
694 4768 774 4836 τῷ
819 4763 1000 4838 Κυρίῳ
1048 4759 1466 4836 παραδεικνῦσα.
1522 4766 1626 4816 Τοῦ
1654 4762 1755 4837 γὰρ
1784 4762 1948 4837 γάμοι

2074 4771 2256 4820 totam
2294 4764 2551 4819 fabulam
2598 4767 2941 4836 nuptiarum
2989 4769 3309 4838 prudenter
3339 4770 3642 4841 spectavit,
3675 4775 3734 4827 et

313 4854 514 4929 φθορὰν
549 4854 636 4908 καὶ
672 4847 826 4928 ὕϐριν
863 4853 961 4920 τήν
1023 4852 1271 4906 ὑπόθεσιν
1323 4848 1630 4921 κατιδοῦσα,
1663 4849 1752 4905 καὶ
1785 4849 1843 4905 lx
1870 4857 1968 4919 τῆς

319 4941 630 5008 ὑποθέσεως
658 4943 722 4997 τὸ
761 4941 892 4997 ὅλον
925 4938 1106 5015 δρᾶμα
1156 4945 1254 4996 τοῦ
1283 4942 1464 5016 γάμου
1515 4940 1796 5016 φρονίμως
1847 4961 1969 4994 συν-

320 5032 637 5108 ελογίσατο,
671 5031 762 5086 καὶ
795 5032 1152 5109 ἀποφυγοῦσα
1179 5035 1286 5085 τῶν
1320 5030 1552 5105 ἀνιαρῶν
1596 5031 1695 5098 τὴν
1745 5031 1970 5106 πρώτην

327 5122 610 5190 ὃπόθεσιν,
659 5121 1036 5198 συνππέφυγεν
1085 5121 1199 5194 ἅμα
1241 5121 1327 5174 καὶ
1377 5120 1476 5190 τὴν
1515 5117 1576 5174 ἐκ
1621 5126 1719 5188 τῆς
1781 5119 1975 5183 ὑποθέ-

323 5233 458 5274 σεως
493 5211 776 5287 φυομένην
806 5210 1016 5265 κακίαν·
1047 5209 1138 5264 Διὸ
1163 5211 1198 5279 ὴ
1254 5206 1463 5285 ἄγαμος
1526 5213 1757 5284 μεριμνᾷ
1788 5207 1854 5262 τὰ
1881 5205 1978 5263 τοῦ

316 5360 331 5374 ·
385 5348 430 5382 ⁸ο
460 5347 609 5404 Gen.
642 5362 729 5414 in,
765 5346 853 5401 16.

390 5483 504 5553 (96)
535 5475 675 5534 068i
718 5477 922 5555 ἕτερον.
969 5479 1064 5535 Sic
1113 5479 1229 5535 duo
1277 5477 1530 5534 Combef.
1592 5475 1762 5546 Editi,
1824 5471 1978 5531 ούδέ-

323 5572 512 5769 τιῗδῆ
538 5624 854 5695 Παρθενιας.
882 5621 1070 5690 Colb.,
1100 5618 1387 5694 παρθένου.

399 5699 489 5769 (98
541 5692 918 5769 ’Λλγηδόνων.
949 5695 1072 5752 Duo
1103 5711 1275 5762 ωδε..
1306 5691 1387 5750 ἀλ·

541 5689 918 5774 ’Λλγηδόνων.
949 5695 1072 5752 Duo
1103 5689 1275 5762 mss”
1306 5689 1634 5773 ἀλγηδόνος.

2079 4854 2328 4926 primam
2351 4852 2753 4908 molestiarum
2775 4855 3083 4912 materiam
3101 4857 3730 4929 fugiens,simuletiam

2081 4943 2233 5015 fugit
2262 4947 2597 4998 nascentem
2621 4959 2689 4998 ex
2721 4945 2964 5001 materia
2993 4947 3361 5017 pravitatem.
3382 4948 3572 5013 Quare
3603 4965 3730 5020 qua

2083 5036 2267 5103 nupta
2297 5048 2411 5086 non
2439 5037 2548 5102 est,
2570 5037 2738 5088 curat
2756 5049 2823 5089 ea
2845 5051 2973 5106 quae
2994 5035 3226 5091 Domini
3253 5041 3412 5104 sunt,
3437 5038 3731 5109 quomodo

2033 5165 2038 5173 .
2086 5120 2309 5193 placeat
2339 5120 2584 5176 Domino
2618 5138 2630 5178 :
2665 5138 2794 5194 qua:
2843 5132 3036 5180 autem
3085 5126 3307 5197 nupsit,
3341 5125 3594 5182 sollicita
3643 5129 3733 5181 est

2089 5211 2160 5265 de
2190 5210 2262 5266 iis
2293 5226 2419 5281 quae
2456 5216 2595 5266 sunt
2637 5212 2860 5283 mundi,
2895 5215 3188 5286 quomodo
3217 5214 3446 5288 placeat
3473 5215 3596 5271 viro
3627 5230 3641 5271 :
3675 5216 3733 5269 et

2289 5475 2698 5553 :Arroégiriﬁaeq.
2723 5479 2908 5553 Colb.,
2940 5476 3302 5553 ἀπορρίψασα..

2087 5548 2353 5693 εν
2382 5548 2624 5624 ﬁdem.
2656 5552 2742 5610 Ita
2788 5548 2971 5624 Colb.,
3005 5548 3063 5609 et
3086 5548 3224 5608 'duo
3269 5549 3522 5610 Combef.
3554 5551 3729 5626 Editi,
