4134 6224
437 335 556 394 719

1385 332 1782 394 APPENDIX
1827 331 2154 394 osseum
2200 333 2266 390 s.
2314 307 2599 392 BAsu‘JII
2647 329 2916 391 mem.

3733 330 3871 392 720

427 463 616 519 divisa
629 468 769 517 sunt
789 463 1274 528 baecduo,mulier
1288 467 1345 518 et
1361 465 1543 534 virgo.
1565 463 1815 534 Innupta
1833 467 1999 518 curat
2017 477 2073 518 ea

2197 459 2420 534 Κυρίου,
2453 463 2570 521 πῶς
2602 457 2764 534 ἀρέσῃ
2801 462 2881 530 τῷ
2928 457 3132 531 Κυρίῳ·
3181 460 3216 528 ἡ
3268 455 3325 513 δὲ
3377 460 3690 534 γαμήσασα,
3762 481 3868 533 μι-

425 569 553 624 quss
578 552 808 606 Domini
841 557 998 621 sunt,
1021 557 1083 607 ut
1106 554 1402 606 sitsancta
1419 568 1658 622 corpore
1689 557 1747 607 et
1779 551 1987 623 spiritu
2009 553 2076 604 ⁸³.

2197 553 2362 624 ριμνᾷ
2383 548 2449 602 τὰ
2477 552 2573 602 τοῦ
2604 547 2835 619 κόσμου,
2872 551 2988 608 πῶς
3021 545 3184 621 ἀρέσῃ
3209 551 3289 619 τῷ
3337 544 3486 613 ἀνδρὶ
3528 549 3620 602 καὶ
3670 548 3862 622 μεμά-

424 660 601 716 ρισται
633 639 722 693 καὶ
757 641 788 709 ἡ
821 640 980 715 γυνὴ,
1011 640 1098 693 καὶ
1132 641 1166 708 ἡ
1199 640 1488 714 παρθένος.
1521 644 1578 692 Ἢ
1613 637 1820 715 ἄγαμος
1858 644 2096 712 μεριμνᾷ
2126 638 2192 692 τὰ
2221 642 2317 691 τοῦ
2364 635 2595 710 Κυρίου,
2619 634 2714 689 ’ίνα
2810 635 2932 710 ἁγία
2959 639 3038 707 τῷ
3068 636 3281 707 σώματι
3312 635 3400 690 καὶ
3429 639 3508 707 τῷ
3537 636 3847 710 πνεύματι.

489 749 579 801 24.
616 748 800 819 Igitur
830 747 1291 803 sollicitudinem
1341 764 1474 802 cum
1521 764 1609 810 ea,
1639 764 1765 818 quae
1800 750 1868 802 de
1901 750 2081 803 rebus

422 837 627 892 mundi
675 836 926 892 sollicita
957 843 1064 903 est,
1091 837 1322 908 partita,
1346 837 1394 891 ei
1430 854 1556 908 qua:
1586 838 1709 891 viro
1747 839 1953 906 juncta
1992 844 2081 892 est

424 926 676 992 mortali,
697 928 1030 982 mundanas
1053 927 1123 980 de
1157 928 1332 982 rebus
1354 926 1835 998 corruptibilibus
1863 926 2078 981 sollici-

423 1015 660 1070 tudines
687 1016 948 1084 projecit,
975 1016 1086 1070 sibi
1117 1021 1506 1087 congruentes
1529 1033 1744 1086 sponso
1769 1032 1874 1070 suo
1898 1015 1968 1070 de
1989 1032 2077 1069 re-

424 1104 536 1157 bus
567 1104 1001 1157 immortalibus
1035 1120 1205 1158 curas
1232 1104 1418 1171 elegit.
1448 1106 1635 1168 Quare
1659 1102 1802 1157 nihil
1833 1103 2077 1157 munda-

427 1208 567 1246 num
593 1207 796 1245 curare
821 1192 1298 1263 deprehenditur,
1327 1210 1398 1247 ne
1418 1191 1684 1246 videatur
1705 1207 2077 1246 communem

424 1280 537 1334 sibi
572 1295 706 1334 cum
740 1278 922 1334 altera
964 1279 1420 1334 sollicitudinem
1459 1281 1676 1348 facere;
1711 1281 1808 1334 sed
1846 1281 1918 1334 ab
1950 1297 2078 1335 om-

423 1368 596 1422 nibus
640 1384 881 1438 prorsus
915 1385 1063 1438 pura
1094 1368 1472 1423 saacularibus
1504 1368 1681 1439 curis,
1718 1387 1863 1440 pura
1895 1373 1951 1422 et
1979 1385 2077 1423 ex-

422 1461 584 1528 perte
617 1457 1074 1527 perturbationis
1111 1463 1302 1511 mente
1347 1458 1418 1511 ad
1461 1474 1746 1528 sponsum
1793 1457 2078 1512 converti-

421 1551 535 1601 tur.
573 1549 684 1598 Nec
717 1545 993 1599 difﬁdens
1026 1547 1274 1616 provida:
1299 1545 1403 1600 viri
1436 1546 1526 1600 sui
1561 1548 1856 1618 potestati,
1891 1547 1958 1600 de
1989 1562 2078 1600 re-

421 1636 533 1690 bus
557 1635 1010 1701 necessariis,ut
1043 1634 1142 1690 illa
1175 1637 1449 1690 turbatur
1477 1653 1490 1690 :
1515 1635 1613 1689 scd
1647 1640 1704 1690 et
1736 1634 1896 1690 illius
1926 1635 1982 1689 in
2016 1652 2078 1690 se

422 1724 605 1780 amori
639 1729 696 1778 et
734 1724 1051 1779 sufﬁcienti
1096 1725 1168 1779 ad
1218 1725 1416 1780 omnia
1448 1724 1719 1795 potestati
1753 1725 2074 1792 conﬁdens,

2260 746 2350 800 2'1.
2384 744 2592 797 Οὐκοῦν
2651 742 2786 817 πρὸς
2842 743 2940 812 τήν
2995 742 3061 795 τὰ
3105 745 3200 796 τοῦ
3229 742 3439 814 κόσμου
3491 747 3857 816 μεριμνῶσαν

2193 833 2528 908 μερισαμένη
2560 832 2660 899 τὴν
2708 829 2989 906 μέριμναν,
3039 831 3135 898 τήν
3196 830 3288 903 μὲν
3341 835 3562 906 φθαρτῷ
3590 829 3858 906 ἐζευγμέ-

2189 943 2288 990 νην
2466 917 2621 993 ἀνδρὶ
2671 921 2766 983 τὰς
2813 923 2910 974 τοῦ
2954 918 3166 992 κόσμου
3225 919 3358 995 ὑπὲρ
3418 924 3529 973 τῶν
3590 925 3853 997 φθαρτῶν

2191 1007 2476 1088 φροντίδας
2554 1007 2934 1084 προσέρῥιψεν,
3011 1008 3173 1081 ἑαυτῇ
3247 1005 3305 1062 δὲ
3377 1007 3471 1069 τὰς
3543 1007 3675 1084 ὑπὲρ
3736 1013 3855 1064 τῶν

2189 1098 2473 1173 ἀφθάρτων
2521 1103 2798 1172 συγγενεῖς
2862 1096 3022 1158 οὔσας
3069 1101 3166 1151 τοῦ
3215 1095 3419 1152 οἷ’κείου
3473 1099 3718 1176 νυμφίου
3752 1099 3858 1153 ἀν-

2190 1187 2370 1256 έθηκε.
2404 1185 2494 1240 Διὸ
2523 1184 2676 1240 οὐδὲν
2707 1190 2815 1239 τῶν
2844 1189 2942 1240 τοῦ
2975 1185 3184 1257 κόσμου
3220 1190 3540 1260 μεριμνῶσα
3595 1187 3853 1261 εὑρίσκε-

2186 1297 2298 1344 ται,
2343 1273 2434 1328 ’ίνα
2489 1276 2562 1348 μή
2616 1272 2744 1349 δόξῃ
2785 1280 3121 1329 κοινοποιεῖν
3154 1272 3316 1348 ἑαυτῇ
3352 1276 3485 1352 πρὸς
3513 1277 3613 1344 τήν
3657 1275 3849 1350 ἑτέραν

2184 1366 2283 1433 τὴν
2323 1364 2603 1439 μέριμναψ
2646 1363 2792 1418 ἀλλὰ
2822 1367 3008 1417 πασῶν
3046 1366 3153 1416 τῶν
3207 1369 3486 1437 κοσμικῶν
3537 1362 3852 1442 φροντίδων

2186 1455 2436 1529 καθαρῶς
2486 1452 2876 1528 καθαρεύουσα,
2925 1453 3145 1526 καθαρῷ
3187 1453 3275 1506 καὶ
3327 1453 3590 1529 ἀταράχῳ
3643 1458 3728 1526 τῷ
3770 1459 3856 1526 νῷ

2187 1544 2321 1616 πρὸς
2364 1542 2452 1596 τὸν
2503 1540 2739 1615 νυμφίον
2789 1539 3169 1616 έπέστραπται.
3238 1537 3378 1598 Οὐδὲ
3424 1541 3525 1616 γὰρ
3579 1544 3652 1616 (3)
3718 1541 3852 1597 ἀπι-

2188 1652 2383 1686 στουσα
2410 1634 2479 1703 τῇ
2513 1633 2803 1705 ποριστικῇ
2837 1627 3059 1702 δυνάμει
3090 1633 3186 1683 τοῦ
3225 1628 3429 1683 οἷ’κείου
3484 1628 3696 1706 ἀνδρὸς,
3748 1651 3851 1685 πε-

2189 1719 2240 1796 ρὶ
2270 1721 2337 1774 τά
2369 1719 2635 1794 ἀναγκαῖα
2688 1713 2870 1793 ὥσπερ
2927 1716 3100 1788 ἐκείνη
3151 1718 3490 1792 ταράσσεται’
3551 1716 3701 1773 ἀλλὰ
3751 1719 3852 1773 καὶ

423 1813 567 1868 nihil
601 1813 759 1868 aliud
803 1818 990 1882 curat,
1025 1814 1139 1867 nisi
1173 1814 1464 1884 quomodo
1496 1813 1578 1868 illi
1623 1815 1868 1884 placeat,
1891 1818 1947 1867 et
1975 1813 2073 1868 hac

2186 1813 2255 1883 τῇ
2288 1809 2410 1882 περὶ
2442 1809 2610 1876 αὐτὴν
2647 1808 2825 1884 ἀγάπῃ
2853 1807 3038 1875 αὑτοῦ,
3088 1806 3178 1862 xxi
3235 1811 3302 1881 τῇ
3346 1807 3420 1869 εἷς
3469 1805 3642 1862 πάντα
3695 1806 3854 1883 διαρ-

427 1901 825 1957 sollicitudine
848 1903 1141 1973 quomodo
1164 1903 1213 1957 ei
1237 1903 1481 1974 placeat,
1499 1902 1657 1957 illius
1680 1903 1735 1958 in
1757 1919 1817 1957 se
1841 1903 2081 1956 benevo-

428 1990 670 2046 lentiam
708 1991 981 2062 adauget.
1007 1991 1152 2054 Quid
1189 1997 1276 2045 est
1308 1998 1500 2046 autem
1537 1992 1763 2063 placere
1795 1991 2077 2063 virginem

432 2082 564 2146 Deo,
588 2081 699 2134 nisi
728 2079 1052 2134 naturalem
1078 2097 1246 2135 suam
1277 2080 1772 2152 pulchritudinem
1796 2081 2080 2137 virtutum

427 2168 586 2221 cultu
614 2183 846 2237 semper
863 2167 1246 2237 refulgentem
1265 2170 1592 2234 ostendere,
1609 2174 1666 2222 et
1682 2167 2080 2237 incorruptam

429 2256 590 2311 illam
615 2256 836 2327 jugiter
856 2256 1125 2310 servare?
1149 2258 1336 2320 Quare
1362 2259 1470 2310 |)eo
1496 2255 1720 2327 placere
1742 2255 1906 2321 velle,
1934 2254 2079 2309 nihil

429 2344 589 2400 aliud
622 2350 728 2414 est,
754 2361 929 2416 quam
959 2346 1341 2415 semetipsum
1375 2344 1732 2399 laudabilem
1761 2355 1816 2398 et
1846 2343 2083 2398 beatum

426 2439 482 2488 et
513 2433 766 2488 similem
818 2432 901 2486 illi
949 2433 1194 2488 efﬁcere.
1230 2436 1307 2488 Ac
1339 2435 1627 2506 reperitur
1657 2451 1783 2504 quae
1834 2432 2084 2488 sollicita

423 2526 531 2584 est,
557 2521 850 2591 quomodo
886 2519 1112 2591 placeat
1155 2521 1428 2587 Domino,
1453 2539 1565 2576 non
1598 2522 1670 2590 ei,
1705 2521 1796 2575 cui
1833 2520 2083 2577 sollicita

422 2615 512 2663 est
535 2609 821 2680 placendi.
841 2609 1002 2664 lucru
1018 2627 1072 2663 m
1092 2626 1194 2680 per
1211 2609 1359 2664 hanc
1379 2610 1831 2665 sollicitudinem
1853 2610 2077 2678 afferre,

421 2699 521 2753 sed
557 2697 930 2770 sibimetipsi,
968 2699 1107 2753 dum
1140 2700 1293 2754 circa
1324 2699 1492 2753 illum
1527 2699 1776 2754 sollicita
1807 2705 1915 2766 est,
1947 2700 2078 2770 pul-

421 2786 815 2842 chritudinem
846 2792 904 2842 et
936 2787 1324 2856 corruptionis
1345 2793 1640 2858 expertem
1674 2792 1890 2842 statum
1917 2805 2075 2843 com-

423 2893 643 2947 parare.
677 2877 837 2940 Quod
875 2877 922 2931 si
956 2881 1187 2930 tantum
1220 2877 1464 2948 virginis
1495 2876 1747 2947 lucrum,
1776 2895 1902 2948 quae
1933 2878 2075 2932 dum

423 2963 673 3019 sollicita
705 2971 794 3020 est
823 2965 1112 3036 quomodo
1145 2965 1370 3036 placeat
1402 2965 1669 3030 Domino,
1700 2971 1881 3020 totam
1911 2967 1979 3020 ad
2013 2983 2077 3020 se

423 3052 737 3108 utilitatem
763 3053 1064 3121 convertit,
1086 3069 1264 3125 seque
1287 3055 1511 3109 beatam
1537 3053 1747 3122 efficit;
1775 3072 1885 3108 non
1911 3055 2075 3108 decet

421 3146 484 3196 ut
513 3142 584 3196 de
615 3143 789 3196 rebus
822 3141 1141 3196 mundanis
1176 3160 1437 3212 unquam
1469 3142 1722 3198 sollicita
1744 3159 1871 3197 esse
1905 3160 2063 3214 repe-
2103 3182 2146 3248 Ο

419 3228 622 3283 riatur.
650 3229 894 3285 Necesse
915 3235 1005 3284 est
1029 3229 1206 3294 enim,
1231 3235 1295 3283 ut
1320 3231 1460 3283 dum
1492 3231 1744 3284 sollicita
1763 3236 1851 3284 est
1872 3231 1941 3284 de
1975 3232 2068 3298 iis,

416 3331 540 3385 quae
577 3316 782 3370 mundi
814 3322 970 3380 sunt,
995 3333 1190 3371 curam
1218 3317 1371 3371 circa
1393 3317 1704 3372 Dominum
1740 3318 2070 3374 habendam

413 3403 692 3477 negligat,
725 3421 906 3476 seque
937 3405 1190 3459 curatori
1223 3422 1328 3459 suo
1361 3406 1627 3460 difﬁdere
1657 3413 1886 3478 arguat.
1919 3408 2064 3464 Fieri

415 3493 571 3548 enim
606 3509 717 3548 non
753 3498 963 3564 potest,
997 3499 1060 3548 ut
1090 3498 1146 3548 et
1175 3493 1224 3548 ei
1252 3494 1507 3548 conﬁdat
1531 3499 1592 3548 ut
1623 3496 1690 3549 ad
1716 3496 1912 3552 omnia
1942 3515 2072 3569 pro-

418 3583 664 3636 videnda
695 3583 842 3636 64]
882 3582 1110 3645 idoneo,
1157 3588 1213 3636 et
1262 3599 1454 3636 rerum
1511 3583 1881 3639 saecularium
1942 3602 2074 3642 sus-

421 3687 601 3742 pensa
632 3672 708 3726 sit
737 3671 1150 3726 sollicitudine.
1171 3671 1359 3726 Sed'si
1391 3670 1640 3727 sollicita
1661 3679 1750 3728 est
1779 3677 2071 3746 quomodo

424 3759 649 3832 placeat
679 3761 946 3830 Domino,
981 3761 1130 3814 scire
1179 3761 1418 3815 omnino
1449 3761 1620 3816 debet
1670 3762 1864 3835 ipsum
1897 3765 2073 3822 etiam

425 3846 743 3903 sollicitum
775 3865 903 3904 esse
927 3849 1220 3919 quomodo
1247 3849 1293 3904 ei
1331 3848 1575 3920 placeat,
1600 3850 1763 3906 nulla
1793 3852 1850 3907 in
1885 3870 1944 3907 re
1974 3855 2073 3909 de-

425 3938 582 3992 bitor
611 3954 875 3993 manens.
897 3938 1043 3992 Nam
1068 3938 1116 3992 si
1150 3938 1514 4009 mulier,quae
1543 3941 1733 3995 virum
1768 3942 2073 3998 mortalem

427 4027 560 4081 vitm
584 4044 701 4082 suae
725 4033 1003 4082 rectorem
1036 4026 1314 4092 instituit,
1338 4045 1455 4081 suae
1478 4030 1630 4083 circa
1659 4029 1824 4083 illum
1857 4030 2073 4085 sollici-

431 4115 651 4172 tudinis
675 4116 825 4172 hanc
847 4119 918 4172 ab
947 4133 1012 4172 eo
1034 4117 1218 4171 vicem
1248 4117 1479 4189 accipit,
1502 4123 1566 4172 ut
1593 4119 1644 4172 is
1675 4119 1937 4173 omnium
1973 4137 2072 4175 cu-

427 4222 553 4262 ram
585 4207 894 4278 suscipiat;
931 4205 1113 4260 multo
1147 4206 1332 4277 magis
1365 4223 1492 4277 quae
1519 4224 1581 4262 se
1615 4212 1725 4263 Deo
1758 4211 2069 4280 regendam

423 4296 742 4360 commisit,
771 4301 829 4350 et
878 4311 1011 4348 cum
1044 4311 1109 4348 eo
1143 4295 1328 4349 vivere
1357 4295 1550 4366 elegit,
1595 4296 1920 4352 uberiorem
1953 4316 2070 4354 sua

420 4382 570 4436 circa
604 4381 764 4437 illum
800 4381 1225 4437 sollicitudinis
1260 4385 1582 4438 mercedem
1609 4385 1680 4438 ab
1707 4401 1771 4440 eo
1795 4387 2070 4444 omnibus

417 4469 754 4541 providente
805 4469 1033 4539 accipit.
1081 4470 1265 4523 Habes
1315 4476 1504 4525 autem
1554 4472 1770 4543 pignus
1819 4474 1949 4528 ﬁdei
2001 4493 2070 4530 ex

2189 1904 2274 1953 κεῖ
2324 1895 2548 1970 δυνάμει
2604 1896 2893 1973 θαῤῥοῦσα,
2937 1893 3089 1950 οὐδὲν
3148 1892 3353 1971 ἕτερον,
3408 1896 3445 1965 ἢ
3490 1902 3604 1958 πῶς
3655 1898 3849 1971 ἀρέσαι

2191 1987 2362 2057 αὐτῷ,
2397 1987 2688 2062 φροντίζει,
2741 1982 2809 2039 δι’
2854 1983 3018 2038 αὐτοῦ
3065 1989 3161 2038 τοῦ
3193 1985 3493 2062 φροντίζειν
3525 1990 3646 2048 πῶς
3677 1986 3848 2062 ἀρέσῃ

2190 2075 2359 2148 αὐτῷ,
2393 2075 2488 2143 τήν
2522 2074 2599 2136 εἷς
2631 2073 2796 2143 αὐτὴν
2828 2071 3034 2128 εὔνοιαν
3084 2073 3248 2128 αὐτοῦ
3288 2072 3372 2128 ἐπὶ
3417 2073 3583 2129 πλέον
3619 2073 3851 2151 ἄγουσα.

2189 2164 2254 2218 Τί
2285 2162 2341 2218 δέ
2390 2162 2500 2218 ἐστι
2546 2163 2608 2217 τὸ
2657 2163 2898 2233 ἀρέσκειν
2955 2163 3214 2236 παρθένον
3246 2167 3383 2234 Θεῷ,
3423 2164 3457 2232 ἦ
3518 2164 3580 2219 τὸ
3613 2167 3846 2240 φυσικὸν

2189 2252 2357 2321 αὐτῆς
2389 2250 2596 2313 καλλος
2626 2257 2744 2313 ταῖς
2778 2251 2992 2322 ἀρεταῖς
3027 2248 3335 2320 ἁσιιητικῶς
3384 2249 3467 2305 ἀεὶ
3519 2251 3856 2326 ἀναλάμπον

2195 2339 2485 2408 δεικνύναι,
2515 2340 2605 2394 καὶ
2659 2341 2928 2416 ἄφθαρτον
2979 2343 3140 2393 τοῦτο
3201 2335 3272 2392 δι’
3325 2338 3460 2394 ὅλου
3518 2339 3853 2416 φυλάττεινς

2191 2433 2351 2485 Ὥστε
2398 2431 2460 2486 τὸ
2508 2434 2586 2501 τῷ
2634 2434 2749 2501 Θεῷ
2798 2427 3233 2504 ἐξαρεσκεύεσθαι
3264 2425 3463 2497 θέλειν,
3526 2427 3678 2484 οὐδὲν
3733 2429 3856 2486 ἓτε-

2193 2517 2283 2594 ρόν
2313 2517 2477 2590 ἐστιν,
2535 2517 2790 2588 ἤέαυτὸν
2845 2516 3120 2572 έπαινετόν
3180 2538 3238 2571 τε
3285 2517 3374 2571 καὶ
3433 2519 3698 2593 μακάριον
3758 2522 3853 2575 καὶ

2190 2607 2381 2680 ὅμοιον
2415 2607 2562 2679 αὐτῷ
2605 2605 2995 2682 ἐξεργάζεσθαι.
3038 2605 3136 2660 Καὶ
3187 2605 3377 2681 εὑρέθη
3433 2609 3467 2676 ἡ
3524 2613 3852 2681 μεριμνῶσα

2189 2701 2306 2758 πῶς
2356 2695 2518 2771 ἀρέσῃ
2578 2697 2655 2761 τῷ
2701 2695 2907 2775 Κυρίῳ,
2957 2693 3052 2748 οὐκ
3105 2694 3294 2767 ἐκείνῳ
3345 2695 3390 2766 ᾧ
3448 2701 3683 2769 μεριμνᾷ
3713 2696 3849 2773 ἀρέ-

2186 2807 2327 2840 σκειν
2383 2783 2472 2839 διὰ
2515 2788 2612 2849 τῆς
2647 2784 2912 2859 μερίμνης
2957 2779 3146 2858 κέρδος
3194 2781 3515 2860 πορίζουσα,
3541 2783 3668 2839 ἀλλ’
3714 2785 3846 2839 δαυ-

2185 2879 2252 2949 τῇ
2281 2872 2388 2944 ,διὰ
2433 2880 2532 2943 τῆς
2581 2875 2700 2948 περὶ
2746 2873 2903 2927 αὐτὸν
2946 2871 3215 2947 μερίμνης
3245 2869 3453 2935 κάλλος
3482 2872 3571 2927 καὶ
3630 2874 3845 2951 ἀφθαρ-

2187 2963 2300 3018 σίαν
2338 2964 2655 3037 συνάγουσα.
2692 2963 2752 3019 Εἰ
2785 2959 2842 3016 δὲ
2870 2967 3126 3016 τοσοῦτον
3159 2968 3259 3030 τῆς
3309 2961 3575 3037 παρθένου
3606 2964 3668 3018 τὸ
3718 2964 3848 3033 κέρ-

2185 3051 2299 3121 δος,
2331 3053 2420 3108 καὶ
2455 3049 2525 3106 δι’
2555 3053 2626 3106 ὧν
2665 3056 2901 3126 μεριμνᾷ
2930 3055 3046 3112 πῶς
3077 3047 3241 3126 ἀρέσῃ
3275 3055 3354 3122 τῷ
3398 3052 3578 3126 Κυρίῳ
3608 3053 3669 3106 τὸ
3703 3051 3841 3107 ὅλον

2187 3142 2379 3210 ἑαυτὴν
2413 3139 2636 3219 ὠφελεῖ,
2668 3140 2757 3194 καὶ
2795 3137 3058 3215 μακαρίαν
3091 3144 3256 3206 ποιεῖ,
3308 3137 3367 3192 οὔ
3417 3136 3500 3194 δεῖ
3549 3146 3841 3214 μεριμνῶο

2184 3252 2275 3285 σαν
2311 3230 2477 3299 αὐτήν
2511 3249 2642 3283 ποτε
2685 3228 2752 3282 τὰ
2799 3232 2896 3282 τοῦ
2935 3227 3144 3300 κόσμου
3189 3227 3544 3301 εὑρίσκεσθαι.
3594 3229 3836 3303 Ἀνάγκη

2180 3319 2279 3394 γὰρ
2315 3318 2364 3372 έν
2403 3319 2449 3389 ᾧ
2503 3318 2834 3391 μεριμνᾷτά
2861 3321 2956 3370 τοῦ
2986 3316 3215 3389 κόσμου,
3276 3319 3364 3370 καὶ
3409 3324 3507 3386 τῆς
3555 3318 3677 3392 περῖ
3739 3320 3835 3373 τὸν

2183 3408 2380 3482 Κύριον
2414 3406 2680 3479 μερίμνης
2713 3403 2959 3478 ἀμελεῖν,
3000 3405 3089 3459 καὶ
3139 3406 3331 3474 ἑαυτὴν
3384 3408 3461 3480 (4)
3505 3407 3840 3462 ἀπιστοῦσαν

2179 3500 2258 3566 τῷ
2304 3492 2569 3567 κηδεμόνι
2628 3495 2897 3570 ἐλέγχειν.
2957 3491 3097 3551 Οὐδὲ
3145 3495 3245 3568 γὰρ
3297 3493 3536 3570 ἒγχωρεῖ
3582 3495 3672 3550 καὶ
3735 3519 3836 3551 πι-

2181 3583 2380 3638 στεύειν
2415 3583 2559 3655 αὐτῶ
2588 3585 2664 3646 ὡς
2693 3584 2941 3658 έπαρκειν
2975 3581 3184 3638 ἅπαντα
3214 3581 3513 3656 δυναμένῳ,
3564 3585 3654 3639 καὶ
3703 3586 3834 3660 περὶ

2181 3673 2280 3741 τὴν
2312 3677 2416 3726 τῶν
2449 3677 2727 3745 κοσμικῶν
2762 3671 3054 3741 ἐπτοῆσθαι
3088 3669 3364 3750 φροντίδα.
3409 3670 3568 3728 Ἀλλ’
3620 3675 3669 3728 εἷ’
3731 3695 3835 3747 με·

2185 3767 2351 3837 ριμνᾷ
2405 3767 2521 3824 πῶς
2583 3762 2746 3835 ἀρέσῃ
2799 3767 2877 3832 τῷ
2919 3761 3118 3836 Κυρίῳ,
3171 3759 3366 3816 εἰδέναι
3415 3763 3628 3824 πάντως
3688 3765 3834 3839 χρὴ,

2185 3852 2267 3905 ὅτι
2324 3851 2413 3906 καὶ
2446 3851 2603 3912 αὐτὸς
2638 3855 2875 3923 μεριμνᾷ
2904 3854 3022 3911 πῶς
3053 3849 3214 3926 ἀρέσῃ
3271 3849 3429 3924 αὐτῇ,
3466 3852 3604 3905 κατά
3656 3849 3832 3924 μηδὲν

2187 3940 2471 4016 ὑπόχρεως
2503 3941 2597 3996 ὥν.
2632 3938 2699 3996 Ei:
2727 3939 2830 4016 γὰρ
2881 3941 3073 4010 θνητὸν
3125 3937 3289 4015 ἄνδρα
3330 3939 3462 4013 γυνή
3515 3941 3833 4014 προστάτην

2180 4033 2275 4083 τοῦ
2307 4030 2499 4097 εαυτῆς
2555 4029 2673 4102 βίου
2721 4027 3090 4101 ποιησαμένη,
3148 4034 3247 4096 τῆς
3293 4028 3416 4099 περὶ
3461 4028 3622 4082 αὐτὸν
3679 4030 3834 4102 μερί-

2185 4140 2325 4190 μνης
2355 4113 2594 4191 ἀμοιϐὴν
2625 4119 2753 4192 παρ’
2782 4119 2944 4172 αὐτοῦ
2973 4119 3070 4186 τὴν
3111 4117 3185 4177 εἷς
3238 4118 3443 4171 ἅπαντα
3489 4114 3830 4189 κηδεμονίαν

2182 4201 2588 4280 ἀντιλαμϐάνει,
2640 4205 2836 4278 πολλῷ
2891 4204 3103 4278 μᾶλλον
3136 4209 3170 4275 ἡ
3218 4210 3334 4278 Θεῷ
3367 4206 3466 4273 τὴν
3499 4206 3829 4279 προστασίαν

2181 4295 2373 4365 ἑαυτῆς
2455 4295 2819 4371 ἐπιτρέψασα,
2903 4293 3136 4367 κάκείνῳ
3216 4289 3479 4368 συμϐιοῦν
3559 4291 3830 4366 ἑλομένη,

2177 4385 2553 4462 ἀφθονωτέραν
2585 4388 2683 4454 τῆς
2735 4383 2857 4458 περὶ
2902 4385 3061 4439 αὐτὸν
3118 4382 3389 4460 μερίμνης
3435 4384 3535 4451 τὴν
3571 4385 3700 4457 παρ’
3734 4383 3830 4438 αὐ-

2176 4478 2270 4527 τοῦ
2323 4472 2564 4545 ἀμοιϐὴν
2597 4473 2671 4537 είς
2700 4473 2872 4528 πάντα
2901 4471 3260 4543 προνοοῦντος
3301 4469 3602 4548 ἐκδέχεται.
3633 4475 3830 4548 ’Έχεις

415 4559 760 4630 praecedenti
811 4558 1193 4629 providentia.
1229 4558 1372 4614 Nam
1427 4560 1473 4614 si
1526 4562 1786 4617 nondum
1839 4563 2064 4635 placere

2186 4560 2232 4616 Ξὶ
2262 4564 2322 4616 τὸ
2373 4561 2627 4638 ἐνέχυρον
2681 4570 2778 4632 τῆς
2825 4562 3073 4630 πίστεως,
3109 4562 3213 4616 ἀπὸ
3269 4569 3368 4632 τῆς
3428 4556 3826 4637 προλαϐούσης

411 4652 712 4701 curantem
745 4664 896 4700 curae
939 4648 1162 4712 habuit,
1187 4665 1254 4702 ac
1285 4650 1663 4718 semetipsum
1723 4670 1822 4722 pro
1871 4670 1937 4707 ea
1986 4654 2057 4707 li-

407 4737 612 4791 benter
642 4735 902 4797 tradidit,
929 4741 993 4789 ut
1022 4753 1148 4790 eam
1183 4738 1468 4809 sanguine
1498 4756 1603 4794 suo
1635 4742 2053 4811 sanctiﬁcaret;

407 4824 592 4880 multo
627 4824 814 4896 magis
856 4824 1080 4896 placere
1125 4826 1455 4897 cupientem
1511 4845 1662 4883 cura;
1709 4829 1964 4897 habebit,
2002 4847 2057 4903 et

403 4930 536 4970 cum
571 4914 704 4970 aliis
739 4913 819 4968 illi
855 4914 924 4970 ad
959 4932 1153 4970 veram
1187 4915 1361 4972 vitam
1404 4918 1869 4974 conducentibus
1899 4925 2051 4975 exte-

399 5003 556 5058 riora
584 5003 761 5058 etiam
793 5003 1060 5059 subsidia
1089 5004 1148 5058 in
1180 5022 1242 5061 se
1273 5007 1529 5077 recipiet.

2169 4649 2522 4724 κηδεμονίας.
2584 4652 2647 4708 Ei
2714 4652 2816 4726 γὰρ
2871 4649 3100 4724 μηδέπω
3164 4652 3516 4727 μεριμνώσης
3572 4649 3820 4724 ἀρέσκειν

2167 4741 2468 4816 ἐφρόντισε,
2531 4742 2620 4796 καὶ
2652 4741 2835 4796 ἑαυτὸν
2880 4741 3010 4814 ὑπὲρ
3059 4739 3224 4809 αὐτῆς
3277 4739 3509 4813 ἑτοίμως
3567 4737 3821 4812 παρέδω-

2164 4850 2274 4899 κεν,
2324 4828 2413 4884 ’ίνα
2473 4829 2637 4898 αὐτὴν
2705 4834 2784 4902 τῷ
2841 4831 3031 4884 ἑαυτοῦ
3088 4827 3276 4902 α’ίματι
3336 4829 3557 4902 ἁγιάσῃ·
3615 4827 3817 4901 πολλῷ

2165 4919 2378 4992 μᾶλλον
2461 4917 2802 4994 βουλομένης
2871 4919 3110 4995 ἀρέσκείν
3175 4916 3468 4996 φροντίσει,
3527 4915 3617 4970 καὶ
3680 4916 3817 4990 μετὰ

2159 5013 2266 5062 τῶν
2319 5006 2528 5064 λοιπῶν
2557 5012 2664 5063 τῶν
2699 5008 2833 5084 πρὸς
2863 5009 2961 5076 τὴν
3003 5004 3174 5070 ὅντως
3228 5007 3370 5076 ζωὴν
3421 5003 3556 5079 αὐτῇ
3607 5026 3815 5060 συντει-

396 5091 622 5160 νόντων,
654 5090 744 5145 καὶ
773 5091 842 5144 τὰ
870 5086 1060 5161 ἔξωθεν
1093 5091 1468 5168 συγχερειώδη
1505 5097 1580 5167 (5)
1613 5095 1687 5155 εἰς
1717 5095 1900 5149 ἑαυτὸν
1935 5093 2286 5170 ἀναλήψεται.

464 5300 509 5338 ⁸³
543 5299 564 5354 Ι
595 5301 722 5355 Cor.
753 5315 856 5363 vn,
888 5299 1078 5354 32-34.

595 5505 770 5573 Τὴν...
840 5499 1185 5577 ἐζευγμένην.
1256 5503 1625 5574 Legendum,
1692 5523 1830 5578 τῃ...
1891 5503 2042 5573 ἐζευ-

391 5597 697 5721 γμίὲῃῗάρ.
733 5646 952 5704 Vocula
982 5646 1184 5704 addita
1215 5662 1284 5704 ex
1313 5662 1459 5704 mss.

2223 5507 2580 5583 (4)Ἑαυτην.
2633 5509 2733 5583 Sic
2785 5525 2940 5583 ωδε,
2987 5509 3124 5564 duo.
3177 5510 3355 5581 Editi,
3407 5511 3597 5583 αὐτήν.
3652 5513 3820 5572 Infra

2153 5577 2351 5655 plures
2383 5580 2881 5655 codicesbabﬁent,
2912 5577 3118 5655 ἅρασιν.

2225 5653 2299 5726 (5)
2333 5649 2714 5729 Συγχρειώδη.
2743 5649 2984 5711 Codices
3012 5655 3149 5720 duo,
3181 5651 3450 5731 χρειώδη.
