4112 6224
195 393 200 402 ’
261 430 368 488 791

1491 426 1722 486 LIBER
1766 425 1869 485 DE
1920 381 2451 486 VIRGINITATE.

3560 425 3680 484 722

323 565 420 617 25.
481 559 554 615 Οὔ
610 558 1006 634 καταθρύψεται
1066 556 1123 614 ὃὶ
1170 563 1271 614 τοῦ
1330 558 1554 632 Κυρίου,
1593 557 1739 634 ὑπὲρ
1809 559 1909 625 τὴν

2093 561 2181 615 25.
2201 557 2326 614 Non
2353 565 2548 615 utetur
2566 560 2811 616 Domino
2831 559 2900 613 ad
2921 558 3186 623 delicias,
3203 557 3359 614 ultra
3375 562 3683 629 urgentem

257 649 684 726 κατεπείγουσαν
744 648 955 724 χρείαν,
1015 649 1193 722 ὥσπερ
1269 645 1569 725 φιλήδονος
1626 647 1786 722 γυνὴ,
1846 647 1914 700 τὰ

257 739 490 814 περιττά
537 740 856 794 ἀπαιτοῦσα.
907 735 1039 792 Οῦτε
1081 738 1182 813 γὰρ
1233 736 1420 810 ἐκείνῳ
1465 734 1672 790 διδόναι
1704 735 1911 811 ἁρμότ-

252 851 375 900 τον,
408 827 442 882 ἃ
489 828 736 904 έγκόπτει
799 827 1008 896 ἐκείνης
1054 829 1152 895 τήν
1202 829 1336 901 πρὸς
1385 831 1574 881 τοῦτον
1635 826 1908 900 ἀρέσκειαν

254 918 398 992 πρὸς
425 919 493 972 τὰ
521 915 655 986 ἡδέα
686 921 780 971 τοῦ
829 916 1082 989 σώματος
1113 916 1503 993 στρεφομένης
1564 911 1685 968 οὔτε
1741 915 1908 987 ταύτῃ

256 1005 542 1083 συμφέρον
572 1004 739 1061 ταῦτα
772 999 1091 1078 λαμϐάνειν,
1124 1006 1192 1059 τά
1243 1005 1641 1077 μετεωρίζοντα
1672 1010 1771 1072 τῆς
1818 1025 1910 1058 πε-

253 1095 307 1168 ρὶ
336 1095 500 1149 αὑτὸν
531 1094 806 1169 ἀρεσκείας
833 1095 926 1148 τὸν
955 1099 1080 1149 νοῦν
1131 1091 1372 1170 ἀσχολίᾳ
1574 1091 1733 1148 Ἀλλ’
1783 1093 1907 1168 ὅρον

251 1189 356 1253 τῆς
390 1184 581 1258 χρείας
624 1183 686 1237 τὸ
735 1181 1022 1257 ἀναγκαῖον
1072 1185 1171 1251 τῆς
1222 1182 1274 1237 ἐν
1307 1183 1519 1255 σώματι
1554 1187 1697 1251 ζωῆς
1723 1181 1908 1259 φρονί-

258 1293 381 1344 μως
411 1272 632 1344 θεμένη,
684 1269 836 1325 οὐδὲν
894 1273 987 1344 μὲν
1037 1270 1203 1326 πλέον
1240 1271 1446 1326 τούτων
1482 1269 1711 1340 αἶ’τήσει.
1739 1266 1908 1326 υὺδὶν

251 1358 311 1414 δὲ
368 1360 457 1414 καὶ
510 1353 812 1432 θλιϐομένη
861 1359 911 1415 ἐν
961 1363 1028 1434 τῇ
1074 1356 1249 1430 ἐνδείᾳ
1279 1362 1354 1433 (7)
1411 1363 1518 1414 τῶν
1579 1358 1905 1434 ἀναγκαίων,

250 1445 528 1510 πολλάκις
561 1446 652 1503 διὰ
681 1454 870 1523 πεῖραν
907 1451 981 1521 (8,
1008 1456 1110 1517 τῆς
1141 1450 1266 1524 περὶ
1316 1446 1473 1502 αὑτὸν
1523 1447 1762 1522 ἀγάπης,
1818 1469 1906 1519 μι-

249 1537 556 1614 κροψύχως
591 1537 982 1608 λυπηθήσεται,
1027 1536 1173 1593 ἀλλά
1219 1536 1391 1592 πάντα
1441 1537 1719 1612 στέγουσα,
1771 1533 1906 1589 πάν-

247 1646 318 1680 τα
348 1623 668 1694 ἐλπίζουσα,
699 1625 873 1680 πάντα
903 1626 1266 1697 ὑπομένουσα,
1312 1622 1726 1700 προσηλωμένη
1760 1624 1908 1696 αὑτῷ

250 1713 600 1791 ἀνυποκρίτῳ
647 1712 883 1791 φίλτρῳ,
935 1717 1032 1784 τήν
1085 1714 1272 1789 ψυχὴν
1319 1712 1371 1767 έν
1404 1717 1578 1789 νεκρῷ
1625 1713 1713 1766 καὶ
1758 1713 1908 1766 ἀναι-

257 1806 483 1876 σθήτῳ,
532 1803 733 1877 τρόπον
778 1804 939 1871 τινὰ,
991 1808 1068 1874 τῷ
1115 1800 1305 1873 ἔξωθεν
1353 1803 1561 1874 σώμντι
1606 1802 1906 1877 ἀπερισπά-

253 1914 396 1954 στως
438 1896 537 1946 τοῦ
584 1891 826 1956 κάλλους
871 1891 1035 1946 αὑτοῦ
1086 1891 1551 1970 ἐμφορηθήσεται.
1599 1892 1688 1952 Ὠς
1741 1891 1843 1964 γὰρ
1877 1891 1904 1944 6
1941 1924 1987 1988 B

255 1979 544 2056 ἐπικαίρου
584 1978 825 2042 κάλλους
885 1980 1043 2056 ἐρῶν,
1105 1979 1166 2033 οὐ
1219 1980 1284 2033 τά
1327 1981 1589 2054 χρήματα
1623 1978 1785 2052 μόνον
1818 1978 1906 2032 καὶ

256 2072 433 2125 πάντα
460 2071 551 2124 τὸν
601 2067 838 2125 πλοῦτον
889 2069 1080 2124 ἑαυτοῦ
1134 2069 1264 2143 ὑπὲρ
1305 2072 1400 2122 τοῦ
1447 2065 1646 2142 ἔρωτος
1677 2065 1909 2143 ἀφειδῶς

256 2158 562 2229 ἀναλίσκει,
620 2157 878 2213 ἀλλὰκαὶ
929 2164 1138 2235 τροφῆς
1186 2157 1276 2212 καὶ
1325 2157 1495 2212 ὕπνου
1541 2159 1630 2211 καὶ
1681 2156 1907 2227 ἐσθῆτος

253 2247 344 2302 καὶ
393 2249 686 2322 σχήματος
734 2247 824 2301 καὶ
875 2246 1204 2320 ὑπολήψεως
1260 2245 1455 2315 πάσης,
1512 2242 1588 2301 ἔτι
1640 2243 1697 2300 δὲ
1743 2246 1906 2300 αὐτοῦ

252 2341 350 2392 τοῦ
411 2337 668 2410 σώματος
724 2335 811 2390 καὶ
857 2342 958 2404 τῆς
1018 2335 1068 2389 ἐν
1126 2335 1303 2407 τούτῳ
1353 2341 1499 2404 ζωῆς
1553 2340 1902 2410 καταφρονῶν

252 2420 430 2480 ἕνεκεν
462 2425 560 2480 τοῦ
603 2429 788 2499 τυχεῖν
830 2428 928 2479 τοῦ
975 2418 1176 2498 ἔρωτος
1229 2421 1418 2496 μόνου,
1467 2424 1556 2478 καὶ
1607 2425 1768 2498 τείχη
1816 2425 1905 2479 καὶ

249 2512 438 2577 οἷ’κους
577 2513 665 2568 καὶ
695 2514 762 2568 τά
805 2512 857 2568 ἐν
908 2514 1058 2586 μέσῳ
1103 2512 1405 2588 τολμηρῶς
1454 2511 1903 2588 ὑπεραλλόμενος

248 2600 483 2674 ἅπαντα,
535 2603 672 2656 κατά
731 2602 895 2679 ξιφῶν
961 2603 1287 2674 μαινόμενος
1344 2601 1580 2680 φέρεται,
1641 2599 1792 2656 οὐδέν
1851 2624 1902 2656 τι

253 2689 497 2764 μᾶλλον,
554 2691 596 2745 εἷ
631 2690 1025 2766 ἀποτυγχάνειν
1062 2689 1259 2764 μέλλοι
1303 2691 1439 2745 κατά
1466 2691 1528 2745 τὸ
1558 2690 1773 2756 σύνηθες
1809 2692 1902 2766 βα-

250 2776 418 2847 δίζων
449 2781 565 2852 (10)
595 2777 680 2832 ἐπὶ
711 2779 801 2833 τὸν
835 2775 1032 2853 ἔρωτα,
1068 2778 1264 2833 τούτου
1295 2778 1612 2856 φροντίζων,
1645 2779 1680 2848 ἢ
1715 2779 1759 2833 εί
1791 2777 1901 2834 δέοι

254 2867 885 2942 μετασχηματισάμενον
943 2866 1033 2922 καί
1094 2867 1229 2939 μετά
1285 2868 1558 2942 ἀπρεποῦς
1618 2871 1904 2943 σχήματος

250 2952 492 3032 ἕρποντα
522 2961 708 3031 τυχεῖν
740 2955 935 3010 τούτου
987 2957 1105 3028 μεθ’
1152 2953 1356 3025 ἡδονῆς
1402 2957 1752 3032 ἁνεχὸμενος’
1813 2957 1903 3012 οὕ-

248 3049 355 3105 τῶς
390 3046 422 3098 6
457 3043 593 3117 ἐρῶν
629 3040 800 3106 ὅντως
840 3049 995 3111 Θεοῦ,
1025 3046 1112 3100 καὶ
1163 3049 1438 3120 μεριμνῶν
1485 3051 1602 3110 πῶς
1639 3051 1720 3119 τῷ
1768 3045 1901 3120 ἐρω-

252 3135 405 3205 μένῳ
439 3133 630 3208 ἀρέσῃ,
663 3133 728 3187 οὑ
759 3132 1062 3209 χρημάτων
1104 3134 1266 3205 μόνον
1300 3136 1385 3188 καὶ
1439 3134 1703 3207 πλούτου,
1753 3133 1906 3190 ἕνεκα

248 3227 345 3278 τοῦ
396 3221 828 3299 πληροφορῆσαι
877 3222 969 3276 τὸν
1017 3221 1291 3296 ἐρώμενον
1340 3220 1428 3278 διὰ
1474 3229 1570 3278 τοῦ
1605 3224 1903 3279 ὑπακοῦσαι

250 3311 419 3366 αὑτοῦ
467 3315 592 3371 τοῖς
654 3314 759 3364 τῶν
829 3309 1062 3365 ἐντολῶν
1126 3311 1490 3387 ἐπιτάγμασι,
1549 3319 1902 3388 καταφρονεῖν
1935 3292 1978 3358 C

251 3399 485 3478 ὀφείλειο
537 3396 680 3453 ἀλλὰ
732 3400 822 3454 καὶ
871 3399 1160 3474 ἀναγκαίας
1210 3408 1416 3479 τροφῆς
1465 3402 1554 3457 καὶ
1599 3401 1767 3457 ὕπνου
1817 3401 1908 3457 καὶ

250 3495 345 3544 τοῦ
375 3483 574 3558 ἔξωθεν
627 3490 936 3564 σχήματος,
987 3489 1075 3543 καὶ
1122 3497 1223 3559 τῆς
1274 3489 1325 3546 έν
1371 3495 1449 3562 τῷ
1491 3491 1685 3564 κόσμῳ
1729 3492 1909 3563 τούτῷ

255 3575 660 3653 διεφθαρμένης
707 3576 932 3649 ἀληθῶς
984 3577 1339 3653 ὑπολήψεως,
1389 3578 1465 3634 ἔτι
1501 3577 1557 3634 δὲ
1606 3579 1768 3635 αὐτοῦ
1811 3585 1910 3635 τοῦ

256 3667 514 3741 σώματος
546 3665 757 3737 καὶτῆς
788 3665 840 3721 ἐν
873 3666 1048 3740 τούτῳ
1091 3673 1236 3738 ζωῆς
1286 3668 1566 3740 ἀμελήσας
1613 3667 1766 3725 ἕνεκα
1813 3674 1909 3724 τοῦ

256 3754 542 3831 ἐπιτυχεῖν
573 3760 670 3810 τοῦ
719 3753 918 3830 ἔρωτος
965 3761 1060 3812 τοῦ
1103 3756 1441 3832 ἐπουρανίου,
1491 3759 1579 3813 καὶ
1608 3759 1766 3835 τείχη
1800 3763 1906 3814 τῶν

259 3845 396 3916 πρὸς
447 3844 586 3916 αἷμα
639 3847 830 3918 γενῶν,
884 3843 974 3898 καὶ
1025 3841 1207 3906 οἷ’κους
1270 3845 1517 3920 πατέρων
1573 3846 1658 3899 καὶ
1718 3847 1808 3899 τὸν
1856 3845 1907 3899 έν

263 3934 414 4006 μέσῳ
461 3933 670 4004 κόσμον
705 3929 1122 4008 ὑπεράλλεσθαι,
1153 3931 1242 3987 καί
1270 3935 1405 3988 κατὰ
1447 3934 1611 4011 ξιφῶν
1643 3938 1737 3987 τοῦ
1773 3954 1910 4007 μαρ-

258 4023 472 4098 τυρίου,
508 4022 568 4075 ἂν
601 4023 900 4095 ἀπαντήσῃ,
959 4018 1224 4091 πηδῆσαι,
1274 4021 1324 4075 εἴ
1352 4023 1466 4095 (Η)
1518 4023 1594 4094 μή
1632 4021 1908 4096 μέλλοιέν

259 4116 333 4183 τῷ
367 4112 592 4181 συνήθει
646 4112 892 4186 σχήματι
947 4114 1052 4179 ζῶν
1102 4111 1386 4186 τυγχάνειν
1426 4108 1522 4165 τοῦ
1553 4110 1776 4186 ἔρωτος,
1821 4112 1912 4166 καὶ

262 4205 350 4255 τοῦ
381 4203 655 4274 πενιχροῦ
687 4200 973 4274 σχήματος
1002 4199 1090 4253 καὶ
1122 4204 1239 4260 τοῖς
1268 4196 1505 4261 πολλοῖς
1545 4197 1913 4256 ἐπονειδίστου

273 4289 390 4363 βίου
427 4290 550 4361 μεθ’
577 4284 782 4357 ἡδονῆς
834 4286 1140 4363 ἀνέχεσθαι,
1186 4285 1277 4342 ’ίνα
1305 4289 1404 4356 τὴν
1438 4289 1605 4360 θείαν,
1639 4289 1711 4351 ὠς
1741 4287 1800 4343 ἄν
1833 4311 1915 4351 τις

265 4375 427 4448 εἴποι,
479 4376 674 4450 μανίαν
727 4376 858 4450 ὑπὲρ
905 4383 1005 4445 τῆς
1049 4381 1146 4432 τοῦ
1183 4377 1356 4432 καλοῦ
1381 4375 1732 4439 ἀπολαύσεως
1768 4377 1914 4432 ἐνθέ-

266 4485 416 4538 σμως
479 4465 694 4538 μανεὶς,
743 4467 840 4519 τοῦ
890 4460 1062 4528 ὅντως
1107 4463 1411 4539 ἐρασμίου,
1460 4465 1584 4520 ὅσον
1640 4465 1916 4541 βούλεται,

267 4552 575 4626 ἀπολαύσῃ.
630 4555 836 4610 Τοῦτον
879 4555 971 4608 τὸν
1027 4553 1253 4628 ἐραστὴν
1294 4554 1428 4630 πρὸς
1474 4552 1658 4609 ἐαυτὸν
1704 4555 1764 4609 ἐκ
1808 4560 1915 4610 τῶν

2025 645 2460 712 necessitatem,
2510 646 2669 701 velut
2719 644 3050 716 voluptaria
3099 645 3342 710 mulier,
3389 645 3690 716 superﬂua

2023 751 2361 806 eXposcens.
2397 735 2539 791 Nam
2577 753 2680 790 nec
2721 736 2771 790 ci
2799 736 2958 790 'dare
2990 735 3283 800 convenit,
3315 751 3443 806 qua:
3493 733 3682 804 ipsam

2023 826 2094 879 ad
2150 841 2458 895 corporeas
2507 828 2826 880 suavitates
2875 841 3218 879 conversam
3281 823 3679 895 interpellant,

2023 914 2343 984 quominus
2375 915 2425 968 ei
2460 915 2720 984 placeat:
2752 931 2853 969 nec
2882 913 2994 984 ipsi
3022 913 3164 968 utile
3185 918 3274 968 est
3307 930 3371 968 ea
3396 912 3679 984 accipere,

2025 1019 2150 1073 quae
2177 1008 2431 1058 mentem
2458 1004 2943 1076 occupationibus
2970 1008 3266 1057 avocatam
3292 1003 3540 1057 Domino
3564 1002 3683 1074 pla-

2023 1108 2150 1147 cere
2182 1109 2295 1148 non
2331 1093 2552 1148 sinunt.
2586 1094 2691 1149 Sed
2727 1092 3095 1148 necessitatis
3129 1092 3368 1147 modum
3402 1092 3577 1147 rebus
3607 1093 3680 1147 ad

2020 1183 2280 1252 corporis
2299 1183 2480 1237 vitam
2503 1181 2843 1238 necessariis
2865 1183 3187 1253 prudenter
3205 1181 3512 1250 deﬁniens,
3534 1180 3681 1236 nihil

2021 1269 2112 1325 his
2142 1270 2398 1341 amplius
2446 1275 2620 1342 petet.
2654 1273 2838 1341 Atque
2877 1269 3114 1325 etiamsi
3152 1286 3304 1340 saepe
3353 1284 3548 1323 rerum
3579 1283 3680 1323 ηο-

2020 1359 2409 1414 cessariarum
2446 1359 2642 1430 inopia
2673 1362 2994 1430 prematur,
3028 1362 3093 1412 ut
3150 1357 3338 1429 ipsius
3396 1356 3453 1411 in
3509 1356 3679 1410 illum

2021 1466 2185 1504 amor
2209 1449 2513 1520 probetur;
2541 1464 2655 1502 non
2684 1453 2880 1502 tamen
2908 1445 3122 1518 pusillo
3148 1445 3344 1500 animo
3368 1445 3680 1500 contrista-

2017 1538 2198 1606 bitur,
2224 1538 2323 1593 sed
2358 1537 2559 1592 omnia
2583 1537 2794 1601 ferens,
2818 1537 3019 1591 omnia
3043 1552 3310 1606 sperans,
3334 1535 3531 1589 omnia
3554 1551 3681 1590 sus-

2019 1627 2232 1692 tinens,
2266 1628 2440 1682 afﬁxa
2491 1626 2573 1681 illi
2625 1644 2737 1682 non
2787 1625 3066 1680 simulato
3117 1641 3336 1693 amore,
3370 1625 3567 1678 anima
3615 1625 3674 1679 in

2022 1723 2249 1772 mortuo
2295 1722 2352 1770 et
2404 1733 2615 1771 sensus
2665 1719 2918 1786 experte,
2945 1719 3009 1769 ut
3057 1713 3136 1768 ita
3187 1713 3400 1780 dicam,
3433 1727 3675 1783 corpore

2017 1805 2381 1860 extrinsecus
2413 1803 2656 1859 minime
2682 1804 2986 1868 distracta,
3016 1802 3203 1873 ipsius
3237 1799 3676 1871 pulchritudine

2019 1895 2352 1948 satiabitur.
2387 1894 2897 1956 Quemadmodum
2939 1891 3094 1948 enim
3144 1890 3510 1962 temporaria
3542 1889 3672 1962 pul-

2018 1984 2371 2038 chritudinis
2405 1989 2650 2051 amator,
2681 1999 2795 2036 non
2827 1981 3132 2053 pecuniam
3159 1979 3346 2035 solum
3383 1997 3448 2034 ac
3471 1995 3678 2034 omnes

2020 2088 2158 2127 suas
2190 2072 2424 2127 divitias
2456 2072 2674 2127 amoris
2708 2088 2883 2126 causa
2918 2087 3032 2125 non
3070 2086 3239 2141 parce
3270 2070 3552 2135 absumit,
3572 2068 3673 2123 sed

2017 2162 2192 2217 etiam
2225 2161 2422 2215 cibum
2455 2164 2511 2216 et
2551 2177 2845 2216 sommum
2880 2165 2936 2215 et
2965 2163 3185 2215 vestem
3217 2163 3275 2213 et
3305 2157 3571 2212 habitum
3605 2172 3673 2212 ac

2017 2267 2248 2306 omnem
2274 2250 2793 2320 existimationem,
2815 2251 2931 2304 imo
2958 2248 3150 2318 ipsum
3175 2247 3350 2302 etiam
3376 2262 3588 2317 corpus
3610 2249 3670 2300 et

2017 2339 2277 2411 corporis
2306 2339 2482 2394 vitam
2515 2344 2916 2408 contemnens,
2951 2343 3016 2392 ut
3046 2337 3231 2392 solius
3256 2335 3473 2390 amoris
3504 2350 3662 2390 com-

2017 2446 2121 2500 pos
2155 2431 2273 2494 fiat,
2299 2446 2364 2484 nc
2399 2444 2596 2483 muros
2629 2436 2685 2482 et
2727 2429 2932 2482 domos
2965 2431 3023 2481 et
3056 2427 3360 2496 interjecta
3389 2425 3668 2480 audacter

2016 2517 2350 2572 transiliens
2381 2517 2598 2581 omnia,
2634 2517 2693 2571 in
2742 2533 2911 2572 enses
2961 2515 3220 2570 furiosus
3269 2516 3484 2581 fertur;
3518 2529 3584 2568 ac
3613 2512 3666 2568 si

2014 2611 2292 2660 consueto
2322 2611 2530 2660 ornatu
2553 2605 2624 2660 ad
2659 2621 2918 2659 amorem
2950 2604 3189 2668 vadens,
3214 2601 3359 2657 nihil
3389 2617 3666 2658 consecu-

2013 2697 2181 2749 turus
2209 2695 2305 2761 sit,
2325 2711 2698 2765 nequaquam
2726 2710 2794 2748 ea
2814 2694 2884 2748 de
2907 2710 2965 2748 re
2993 2691 3279 2748 sollicitus
3301 2697 3409 2762 est,
3431 2691 3531 2746 sed
3555 2708 3661 2762 po-

2013 2783 2151 2850 tius,
2169 2783 2215 2837 si
2240 2789 2528 2854 oporteat,
2549 2788 2775 2838 mutato
2797 2781 2999 2837 habitu
3019 2790 3220 2836 etcum
3246 2781 3519 2834 indecora
3539 2796 3668 2850 spe-

2015 2873 2100 2928 cie
2132 2878 2431 2943 repentem
2464 2877 2661 2942 optato
2695 2871 2936 2940 perfrui,
2969 2871 3024 2925 id
3061 2886 3172 2925 non
3208 2869 3333 2925 sine
3363 2868 3666 2940 voluptate

2017 2965 2259 3034 perfert;
2293 2963 2377 3017 sic
2413 2962 2512 3033 qui
2545 2962 2730 3016 Deum
2765 2977 2891 3016 vere
2935 2964 3108 3025 amat,
3143 2976 3208 3015 ac
3257 2959 3544 3014 sollicitus
3575 2961 3670 3013 est

2015 3051 2310 3122 quomodo
2342 3051 2567 3121 placeat
2596 3051 2645 3105 ei
2670 3066 2844 3121 quem
2877 3055 3058 3114 amat,
3082 3065 3194 3103 non
3230 3049 3532 3120 pecuniam
3566 3064 3666 3102 so-

2013 3139 2133 3194 lum
2147 3144 2222 3206 ,et
2239 3141 2490 3207 divitias,
2507 3144 2569 3192 ut
2587 3137 2812 3209 placeat
2832 3139 2881 3192 ei
2902 3155 3074 3209 quem
3097 3143 3256 3192 amat
3272 3136 3668 3208 adimplendis

2015 3230 2144 3300 ejus
2169 3229 2488 3301 praeceptis,
2510 3228 2681 3283 debet
2701 3233 3105 3292 contemnere;
3135 3227 3234 3281 sed
3258 3226 3434 3280 etiam
3468 3240 3670 3280 neces-

2017 3317 2236 3373 sarium
2272 3317 2466 3372 cibum
2499 3322 2556 3371 et
2587 3332 2860 3371 somnum
2902 3324 2958 3370 et
2996 3316 3342 3370 exteriorem
3379 3315 3670 3380 habitum,

2018 3423 2084 3461 ac
2115 3423 2265 3470 eam,
2294 3422 2422 3477 qua
2451 3421 2584 3461 vere
2615 3405 2672 3459 in
2705 3405 2813 3458 hoc
2846 3405 3065 3458 mundo
3098 3409 3373 3475 corrupto
3405 3408 3518 3469 est,
3550 3402 3674 3458 exi-

2017 3496 2440 3562 stimationem,
2461 3494 2652 3549 adhuc
2683 3494 2858 3548 etiam
2892 3509 3105 3565 corpus
3127 3498 3180 3548 et
3205 3493 3465 3564 corporis
3486 3492 3667 3546 vitam

2019 3584 2322 3656 negligens
2352 3589 2416 3638 ut
2446 3583 2662 3639 caelesti
2694 3599 2888 3638 amore
2922 3584 3277 3655 perfruatur,
3302 3598 3502 3637 muros
3527 3597 3670 3636 con-

2017 3673 2435 3745 sanguinitatis
2457 3677 2514 3727 et
2535 3679 2766 3744 patrum
2787 3673 3072 3738 domos,et
3097 3671 3465 3742 interiectum
3499 3687 3672 3726 mun-

2017 3762 2158 3816 dum
2193 3761 2509 3828 transilire,
2536 3766 2593 3816 et
2639 3761 2697 3816 in
2745 3777 2916 3816 enses
2949 3761 3235 3832 martyrii,
3267 3761 3315 3815 si
3351 3777 3414 3815 se
3443 3757 3674 3816 dederit

2016 3851 2264 3916 occasio,
2289 3851 2533 3915 irruere;
2561 3855 2617 3904 et
2642 3850 2688 3904 si
2722 3850 2780 3904 in
2805 3849 2974 3904 solito
3002 3850 3215 3918 degens
3247 3847 3473 3917 habitu,
3507 3864 3671 3902 com-

2020 3956 2123 4010 pos
2155 3938 2372 3993 amoris
2405 3955 2517 3992 non
2551 3942 2628 3993 sit
2666 3937 2922 4003 futurus,
2962 3951 3284 4007 pauperum
3315 3935 3467 3990 642
3500 3934 3672 3989 habi-

2017 4034 2145 4083 tum
2176 4031 2232 4081 et
2253 4026 2426 4081 vitam
2457 4025 2724 4096 pluribus
2751 4027 3094 4095 probrosam
3129 4024 3376 4079 libenter
3397 4023 3673 4095 perferre,

2022 4122 2086 4172 ut
2116 4114 2338 4181 divina;
2373 4120 2437 4169 ut
2469 4115 2548 4169 ita
2568 4113 2782 4181 dicam,
2808 4113 3035 4168 insania
3066 4111 3330 4183 legitime
3351 4112 3422 4166 ad
3453 4111 3673 4166 bonum

2021 4204 2496 4276 consequendum
2547 4208 2865 4272 correptus,
2905 4207 3189 4272 quantum
3243 4199 3424 4272 cupit,
3455 4215 3522 4255 eo
3573 4198 3675 4272 qui

2020 4311 2153 4351 vere
2185 4292 2457 4348 amabilis
2507 4297 2615 4357 est,
2652 4293 3002 4364 perfruatur.
3036 4290 3202 4344 Hunc
3251 4295 3566 4345 amatorem
3602 4288 3675 4342 ad

2025 4401 2088 4441 se
2116 4401 2186 4439 ex
2216 4382 2463 4437 terrenis
2495 4381 2923 4445 affectionibus,
2949 4396 3225 4434 revocans
3256 4384 3488 4434 amatus
3519 4378 3676 4433 dice-

2027 4473 2125 4528 bat
2157 4488 2170 4527 :
2205 4472 2310 4526 Exi
2346 4471 2412 4525 de
2452 4479 2607 4526 terra
2657 4478 2772 4537 tua,
2803 4475 2853 4524 et
2899 4469 2964 4524 de
3011 4469 3335 4537 cognatione
3387 4472 3503 4532 tua,
3533 4471 3586 4522 et
3613 4466 3679 4522 de

2025 4561 2189 4616 domo
2215 4561 2392 4630 patris
2420 4562 2524 4630 tui,
2556 4569 2608 4615 et
2654 4561 2778 4614 veni
2827 4560 2883 4613 in
2931 4570 3158 4624 terram,
3191 4574 3354 4629 quam
3401 4560 3680 4611 monstra-

263 4644 399 4698 κατὰ
445 4645 547 4717 γῆν
601 4643 784 4697 παθῶν
841 4640 1121 4698 ἀνακαλῶν
1169 4643 1196 4696 6
1249 4641 1520 4718 ἐρώμενος
1568 4639 1764 4720 ἔλεγεν·
1797 4644 1910 4714 Ἓξ.

2025 4666 2147 4705 vero
2173 4651 2282 4703 tibi
2301 4650 2369 4704 39.
2393 4648 2492 4704 Ille
2515 4654 2736 4717 autem,
2757 4653 2819 4702 ut
2837 4649 2957 4718 jam
2983 4647 3187 4702 videns
3210 4648 3361 4718 quod
3387 4645 3680 4702 desidera-

268 4730 392 4795 ελθε
451 4731 513 4786 ἐκ
566 4739 664 4800 τῆς
721 4734 824 4806 γῆς
881 4753 1002 4802 σου,
1059 4730 1147 4786 καὶ
1196 4731 1255 4786 ἐκ
1282 4735 1380 4798 τῆς
1439 4733 1746 4807 συγγενείας
1798 4755 1914 4801 σου,

267 4821 358 4874 καὶ
415 4821 475 4876 ἐκ
530 4826 628 4876 τοῦ
687 4819 840 4877 οῖ’κου
895 4827 993 4877 τοῦ
1050 4821 1252 4896 πατρός
1305 4844 1425 4894 σου,
1482 4825 1568 4878 καὶ
1627 4821 1782 4899 δεῦρο
1842 4824 1918 4887 είς

267 4915 371 4982 γῆν
427 4910 486 4978 ἣν
551 4908 611 4964 ἃν
663 4930 749 4964 σοι
790 4908 970 4981 δείξω.
1017 4911 1076 4967 Ὁ
1136 4908 1213 4983 δὲ,
1274 4909 1351 4972 ὠς
1402 4907 1460 4964 ἃν
1495 4911 1522 4964 ’ὁ
1555 4909 1733 4966 ἐπόθει
1765 4909 1916 4980 ἰδὼν,

265 4999 597 5074 προθύμως,
628 5020 686 5054 τε
737 4997 940 5073 εἵπετο,
979 4999 1068 5054 καὶ
1100 4999 1382 5070 ἀλητεύειν
1412 4995 1567 5054 ἕνεκα
1595 5004 1691 5055 τοῦ
1721 4994 1923 5073 ἔρωτος

344 5159 390 5199 ⁸²
417 5160 561 5220 Gen.
588 5177 694 5232 xu,
726 5163 780 5219 1.

275 5389 306 5414 η
352 5318 1346 5414 (ῦχτά-’μετεωρίζονταζηυἀσχολίᾳ.
1380 5325 1542 5382 Unus
1594 5343 1663 5384 ex
1709 5325 1922 5401 Regiis,

266 5395 305 5447 ἄ
347 5395 802 5467 μετεωρίζονταζ..
835 5395 1089 5467 ἀσχολεῖ.

353 5467 422 5536 (7)
456 5464 685 5539 magis.
719 5464 1122 5539 Εάἱίί.’ἒννοίᾳ,
1176 5470 1331 5541 quod
1371 5473 1628 5526 erratum
1681 5470 1930 5541 sustuli-

271 5553 412 5592 mus
471 5555 578 5606 Ope
622 5546 884 5623 quatuor
931 5559 1074 5598 mss.
1117 5539 1338 5597 Ibi—dem
1398 5543 1560 5609 editi,
1605 5539 1928 5618 τριϐομένη.

271 5607 469 5665 Codex
499 5611 732 5669 Remus.
766 5607 1093 5669 θλιϐομένη.

644 5632 732 5676 US,
766 5632 1067 5676 θΛιοομενη
1081 5653 1093 5668 ο

355 5614 469 5664 νάει
499 5614 732 5682 Regius,
766 5614 1093 5687 θλιὸομένη.
1641 5614 1648 5618 ’
1773 5614 1780 5616 ⁷

355 5680 437 5751 (8)
469 5683 799 5758 Διάᾼπεῖραν.
837 5687 995 5743 idem
1027 5683 1228 5751 codex,
1260 5701 1374 5757 quo
1405 5701 1558 5758 saepe
1591 5684 1810 5756 utiliter
1842 5686 1932 5758 usi

279 5767 518 5822 sumus,
571 5756 723 5816 hanc
779 5759 1130 5832 scripturam
1184 5756 1542 5830 suppeditat,
1575 5775 1700 5830 quas
1750 5757 1934 5815 multo

2026 4741 2148 4806 bat,
2173 4743 2441 4811 prompto
2473 4755 2538 4794 ac
2571 4737 2777 4793 libenti
2808 4737 3005 4792 animo
3039 4737 3412 4807 sequebatur,
3435 4741 3492 4790 et
3519 4751 3682 4790 erro-

2031 4842 2124 4882 res
2153 4844 2218 4882 ac
2249 4826 2519 4882 exsilium
2552 4825 2770 4882 amoris
2812 4841 2991 4881 causa
3038 4823 3282 4880 libenter
3331 4824 3680 4897 perferebat,

2031 4916 2266 4972 dicens:
2290 4917 2423 4984 Qui:
2454 4931 2548 4972 nos
2569 4915 2850 4987 separabit
2869 4931 2903 4969 a
2931 4913 3201 4969 Charilaus
3229 4914 3369 4969 Dei?
3397 4931 3472 4969 an
3501 4914 3684 4969 tribu-

2031 5005 2188 5073 latio,
2221 5022 2294 5061 an
2321 5007 2597 5077 angustia,
2649 5021 2724 5060 an
2764 5006 3102 5077 persecutio,
3132 5021 3208 5058 an
3233 5005 3428 5076 fames,
3461 5020 3534 5060 an
3579 5019 3686 5059 nu-

2036 5326 2244 5385 melior
2274 5329 2502 5401 videtur
2533 5346 2710 5401 quam
2743 5326 3002 5399 vulgata,
3034 5322 3103 5379 δι’
3135 5324 3400 5399 ἀπειρίαν.

2109 5402 2186 5472 (9)
2217 5399 2316 5455 Καὶ
2362 5393 2568 5462 οἷδιουςῖ
2600 5403 2716 5457 Has
2763 5393 2956 5465 voces,
2988 5393 3129 5472 quis
3165 5393 3404 5452 deerant
3451 5396 3508 5449 in
3555 5393 3683 5472 edit

2040 5465 2196 5528 tione
2245 5475 2581 5542 Parisiensi,
2612 5475 2940 5546 agnoscunt
2991 5465 3252 5541 plerique
3280 5472 3504 5523 veteres
3553 5465 3689 5522 libri

2041 5551 2100 5600 et
2127 5545 2304 5601 editio
2337 5547 2574 5602 Veneta.

2111 5618 2224 5692 (t0)
2275 5615 2569 5692 Baﬁiﬁemv.
2609 5617 2702 5673 Sic
2749 5613 2927 5673 editio
2976 5610 3213 5679 Veneta,
3249 5608 3459 5666 melius
3510 5624 3688 5681 quam

2041 5689 2413 5764 Parisiensis,
2450 5690 2704 5764 βαδίζειν.

2115 5761 2226 5833 (11)
2255 5760 2342 5816 Εἴ.
2374 5752 2733 5834 Legendum,
2763 5756 2849 5811 καὶ
2880 5752 2946 5808 εί.
