  <div class='ocr_page' id='page_1' title='image "/cluster/home/n/w/nwhite01/storage/ocr_20150623/30/hvd.32044073501827/369.png"; bbox 0 0 4112 6224; ppageno 0'>
   <div class='ocr_carea' id='block_1_1' title="bbox 333 5727 454 5795">
    <p class='ocr_par' dir='ltr' id='par_1_1' title="bbox 333 5727 454 5795">
     <span class='ocr_line' id='line_1_1' title="bbox 333 5727 454 5795; baseline 0 0"><span class='ocrx_word' id='word_1_1' title='bbox 333 5727 342 5731; x_wconf 68' lang='grc'><strong>’</strong></span> <span class='ocrx_word' id='word_1_2' title='bbox 392 5753 454 5795; x_wconf 51' lang='grc' dir='ltr'>ητι</span> 
     </span>
    </p>
   </div>
   <div class='ocr_carea' id='block_1_2' title="bbox 463 347 580 412">
    <p class='ocr_par' dir='ltr' id='par_1_2' title="bbox 463 347 580 412">
     <span class='ocr_line' id='line_1_2' title="bbox 463 347 580 412; baseline -0.051 -1"><span class='ocrx_word' id='word_1_3' title='bbox 463 347 580 412; x_wconf 79' lang='grc'>723</span> 
     </span>
    </p>
   </div>
   <div class='ocr_carea' id='block_1_3' title="bbox 1409 345 2932 412">
    <p class='ocr_par' dir='ltr' id='par_1_3' title="bbox 1409 345 2932 412">
     <span class='ocr_line' id='line_1_3' title="bbox 1409 345 2932 412; baseline 0.001 -5"><span class='ocrx_word' id='word_1_4' title='bbox 1409 345 1806 409; x_wconf 79' lang='grc' dir='ltr'>ΛΡΡΕΝΠΙΧ</span> <span class='ocrx_word' id='word_1_5' title='bbox 1850 346 2175 408; x_wconf 81' lang='lat' dir='ltr'>OPERUM</span> <span class='ocrx_word' id='word_1_6' title='bbox 2219 347 2285 408; x_wconf 85' lang='lat'>8.</span> <span class='ocrx_word' id='word_1_7' title='bbox 2332 346 2618 409; x_wconf 82' lang='lat' dir='ltr'>BABILII</span> <span class='ocrx_word' id='word_1_8' title='bbox 2661 347 2932 412; x_wconf 81' lang='lat' dir='ltr'>MAGNI.</span> 
     </span>
    </p>
   </div>
   <div class='ocr_carea' id='block_1_4' title="bbox 3712 361 3812 420">
    <p class='ocr_par' dir='ltr' id='par_1_4' title="bbox 3712 361 3812 420">
     <span class='ocr_line' id='line_1_4' title="bbox 3712 361 3812 420; baseline 0.02 -2"><span class='ocrx_word' id='word_1_9' title='bbox 3712 361 3812 420; x_wconf 59' lang='grc'>’128</span> 
     </span>
    </p>
   </div>
   <div class='ocr_carea' id='block_1_5' title="bbox 459 474 2150 558">
    <p class='ocr_par' dir='ltr' id='par_1_5' title="bbox 459 477 2122 551">
     <span class='ocr_line' id='line_1_5' title="bbox 459 477 2122 551; baseline 0 -17"><span class='ocrx_word' id='word_1_10' title='bbox 459 477 624 548; x_wconf 87' lang='lat' dir='ltr'>ditas,</span> <span class='ocrx_word' id='word_1_11' title='bbox 654 492 729 532; x_wconf 80' lang='lat' dir='ltr'>an</span> <span class='ocrx_word' id='word_1_12' title='bbox 786 477 1120 549; x_wconf 79' lang='lat' dir='ltr'>periculum,</span> <span class='ocrx_word' id='word_1_13' title='bbox 1161 495 1235 534; x_wconf 80' lang='lat' dir='ltr'>an</span> <span class='ocrx_word' id='word_1_14' title='bbox 1283 479 1504 551; x_wconf 78' lang='lat' dir='ltr'>gladius</span> <span class='ocrx_word' id='word_1_15' title='bbox 1523 479 1614 537; x_wconf 67' lang='lat'>9’?</span> <span class='ocrx_word' id='word_1_16' title='bbox 1661 479 1910 538; x_wconf 82' lang='lat' dir='ltr'>Noverat</span> <span class='ocrx_word' id='word_1_17' title='bbox 1964 478 2122 535; x_wconf 90' lang='lat' dir='ltr'>enim</span> 
     </span>
    </p>
   </div>
   <div class='ocr_carea' id='block_1_6' title="bbox 2257 474 3809 558">
    <p class='ocr_par' dir='ltr' id='par_1_6' title="bbox 2257 474 3809 558">
     <span class='ocr_line' id='line_1_6' title="bbox 2257 474 3809 558; baseline 0.007 -28"><span class='ocrx_word' id='word_1_18' title='bbox 2257 474 2406 546; x_wconf 61' lang='grc' dir='ltr'>δδέως</span> <span class='ocrx_word' id='word_1_19' title='bbox 2435 477 2691 556; x_wconf 76' lang='grc' dir='ltr'>ἠνείχετο</span> <span class='ocrx_word' id='word_1_20' title='bbox 2749 477 2948 554; x_wconf 81' lang='grc' dir='ltr'>λέγων·</span> <span class='ocrx_word' id='word_1_21' title='bbox 3009 481 3100 542; x_wconf 89' lang='grc' dir='ltr'>Τίς</span> <span class='ocrx_word' id='word_1_22' title='bbox 3154 483 3302 554; x_wconf 76' lang='grc' dir='ltr'>ἡμᾶς</span> <span class='ocrx_word' id='word_1_23' title='bbox 3357 482 3572 558; x_wconf 79' lang='grc' dir='ltr'>χωρίσει</span> <span class='ocrx_word' id='word_1_24' title='bbox 3617 484 3708 541; x_wconf 80' lang='grc' dir='ltr'>ἀπὸ</span> <span class='ocrx_word' id='word_1_25' title='bbox 3730 495 3809 558; x_wconf 78' lang='grc' dir='ltr'>τῆς</span> 
     </span>
    </p>
   </div>
   <div class='ocr_carea' id='block_1_7' title="bbox 463 564 2150 642">
    <p class='ocr_par' dir='ltr' id='par_1_7' title="bbox 463 564 2118 640">
     <span class='ocr_line' id='line_1_7' title="bbox 463 564 2118 640; baseline -0.001 -17"><span class='ocrx_word' id='word_1_26' title='bbox 463 582 600 623; x_wconf 84' lang='lat' dir='ltr'>eum</span> <span class='ocrx_word' id='word_1_27' title='bbox 632 566 734 637; x_wconf 87' lang='lat' dir='ltr'>qui</span> <span class='ocrx_word' id='word_1_28' title='bbox 768 564 963 638; x_wconf 82' lang='lat' dir='ltr'>diligit</span> <span class='ocrx_word' id='word_1_29' title='bbox 993 573 1218 639; x_wconf 89' lang='lat' dir='ltr'>patrem</span> <span class='ocrx_word' id='word_1_30' title='bbox 1259 574 1362 623; x_wconf 90' lang='lat' dir='ltr'>aut</span> <span class='ocrx_word' id='word_1_31' title='bbox 1405 575 1652 624; x_wconf 89' lang='lat' dir='ltr'>matrem</span> <span class='ocrx_word' id='word_1_32' title='bbox 1687 568 1820 640; x_wconf 83' lang='lat' dir='ltr'>plus</span> <span class='ocrx_word' id='word_1_33' title='bbox 1850 585 2026 639; x_wconf 89' lang='lat' dir='ltr'>quam</span> <span class='ocrx_word' id='word_1_34' title='bbox 2060 569 2118 622; x_wconf 90' lang='lat' dir='ltr'>id</span> 
     </span>
    </p>
   </div>
   <div class='ocr_carea' id='block_1_8' title="bbox 2257 564 2884 642">
    <p class='ocr_par' dir='ltr' id='par_1_8' title="bbox 2257 568 2884 642">
     <span class='ocr_line' id='line_1_8' title="bbox 2257 568 2884 642; baseline 0.006 -23"><span class='ocrx_word' id='word_1_35' title='bbox 2257 568 2443 642; x_wconf 75' lang='grc' dir='ltr'>ιγάπης</span> <span class='ocrx_word' id='word_1_36' title='bbox 2527 573 2625 622; x_wconf 78' lang='grc' dir='ltr'>τοῦ</span> <span class='ocrx_word' id='word_1_37' title='bbox 2709 573 2884 637; x_wconf 82' lang='grc' dir='ltr'>Θεοῦ;</span> 
     </span>
    </p>
   </div>
   <div class='ocr_carea' id='block_1_9' title="bbox 2973 568 3294 643">
    <p class='ocr_par' dir='ltr' id='par_1_9' title="bbox 2973 568 3294 643">
     <span class='ocr_line' id='line_1_9' title="bbox 2973 568 3294 643; baseline 0.019 -11"><span class='ocrx_word' id='word_1_38' title='bbox 2973 568 3178 643; x_wconf 82' lang='grc' dir='ltr'>θλίψις,</span> <span class='ocrx_word' id='word_1_39' title='bbox 3259 571 3294 638; x_wconf 73' lang='grc' dir='ltr'><strong>ἢ</strong></span> 
     </span>
    </p>
   </div>
   <div class='ocr_carea' id='block_1_10' title="bbox 3381 574 3810 648">
    <p class='ocr_par' dir='ltr' id='par_1_10' title="bbox 3381 574 3810 648">
     <span class='ocr_line' id='line_1_10' title="bbox 3381 574 3810 648; baseline 0.007 -23"><span class='ocrx_word' id='word_1_40' title='bbox 3381 574 3716 648; x_wconf 81' lang='grc' dir='ltr'>στενοχωρία,</span> <span class='ocrx_word' id='word_1_41' title='bbox 3783 579 3810 646; x_wconf 69' lang='grc' dir='ltr'>ἣ</span> 
     </span>
    </p>
   </div>
   <div class='ocr_carea' id='block_1_11' title="bbox 466 652 2150 736">
    <p class='ocr_par' dir='ltr' id='par_1_11' title="bbox 466 655 2120 730">
     <span class='ocr_line' id='line_1_11' title="bbox 466 655 2120 730; baseline 0.002 -21"><span class='ocrx_word' id='word_1_42' title='bbox 466 655 624 728; x_wconf 92' lang='lat' dir='ltr'>quod</span> <span class='ocrx_word' id='word_1_43' title='bbox 655 671 786 710; x_wconf 86' lang='lat' dir='ltr'>vere</span> <span class='ocrx_word' id='word_1_44' title='bbox 826 657 1044 711; x_wconf 90' lang='lat' dir='ltr'>bonum</span> <span class='ocrx_word' id='word_1_45' title='bbox 1095 663 1202 726; x_wconf 87' lang='lat' dir='ltr'>est,</span> <span class='ocrx_word' id='word_1_46' title='bbox 1241 675 1353 712; x_wconf 90' lang='lat' dir='ltr'>non</span> <span class='ocrx_word' id='word_1_47' title='bbox 1385 675 1516 714; x_wconf 88' lang='lat' dir='ltr'>esse</span> <span class='ocrx_word' id='word_1_48' title='bbox 1548 659 1790 730; x_wconf 89' lang='lat' dir='ltr'>dignum</span> <span class='ocrx_word' id='word_1_49' title='bbox 1825 659 1922 729; x_wconf 94' lang='lat' dir='ltr'>qui</span> <span class='ocrx_word' id='word_1_50' title='bbox 1974 657 2120 712; x_wconf 90' lang='lat' dir='ltr'>illud</span> 
     </span>
    </p>
   </div>
   <div class='ocr_carea' id='block_1_12' title="bbox 2257 652 3815 736">
    <p class='ocr_par' dir='ltr' id='par_1_12' title="bbox 2257 654 3815 736">
     <span class='ocr_line' id='line_1_12' title="bbox 2257 654 3815 736; baseline 0.009 -33"><span class='ocrx_word' id='word_1_51' title='bbox 2257 657 2498 730; x_wconf 74' lang='grc' dir='ltr'>ἰιωγμὸς,</span> <span class='ocrx_word' id='word_1_52' title='bbox 2558 655 2592 724; x_wconf 68' lang='grc' dir='ltr'><strong>ἢ</strong></span> <span class='ocrx_word' id='word_1_53' title='bbox 2653 654 2837 729; x_wconf 85' lang='grc' dir='ltr'>λιμὸς,</span> <span class='ocrx_word' id='word_1_54' title='bbox 2897 657 2932 726; x_wconf 71' lang='grc' dir='ltr'><strong>ἢ</strong></span> <span class='ocrx_word' id='word_1_55' title='bbox 2990 657 3283 734; x_wconf 80' lang='grc' dir='ltr'>γυμνότης,</span> <span class='ocrx_word' id='word_1_56' title='bbox 3343 658 3815 736; x_wconf 71' lang='grc' dir='ltr'>ἢκίνδυνος,ἢμά-</span> 
     </span>
    </p>
   </div>
   <div class='ocr_carea' id='block_1_13' title="bbox 467 742 2150 828">
    <p class='ocr_par' dir='ltr' id='par_1_13' title="bbox 467 746 2123 818">
     <span class='ocr_line' id='line_1_13' title="bbox 467 746 2123 818; baseline 0.001 -18"><span class='ocrx_word' id='word_1_57' title='bbox 467 746 924 816; x_wconf 77' lang='lat' dir='ltr'>consequatur&quot;</span> <span class='ocrx_word' id='word_1_58' title='bbox 949 763 961 801; x_wconf 90' lang='lat'>:</span> <span class='ocrx_word' id='word_1_59' title='bbox 987 763 1052 801; x_wconf 89' lang='lat' dir='ltr'>ac</span> <span class='ocrx_word' id='word_1_60' title='bbox 1083 763 1216 802; x_wconf 89' lang='lat' dir='ltr'>eum</span> <span class='ocrx_word' id='word_1_61' title='bbox 1243 749 1344 818; x_wconf 89' lang='lat' dir='ltr'>qui</span> <span class='ocrx_word' id='word_1_62' title='bbox 1377 765 1492 802; x_wconf 93' lang='lat' dir='ltr'>non</span> <span class='ocrx_word' id='word_1_63' title='bbox 1524 747 1821 802; x_wconf 88' lang='lat' dir='ltr'>renuntiat</span> <span class='ocrx_word' id='word_1_64' title='bbox 1851 747 2123 802; x_wconf 89' lang='lat' dir='ltr'>omnibus</span> 
     </span>
    </p>
   </div>
   <div class='ocr_carea' id='block_1_14' title="bbox 2257 742 3814 828">
    <p class='ocr_par' dir='ltr' id='par_1_14' title="bbox 2257 742 3814 828">
     <span class='ocr_line' id='line_1_14' title="bbox 2257 742 3814 828; baseline 0.006 -31"><span class='ocrx_word' id='word_1_65' title='bbox 2257 764 2439 819; x_wconf 65' lang='grc' dir='ltr'>[αιρα;</span> <span class='ocrx_word' id='word_1_66' title='bbox 2499 742 2649 813; x_wconf 84' lang='grc' dir='ltr'>ᾜδει</span> <span class='ocrx_word' id='word_1_67' title='bbox 2706 745 2832 820; x_wconf 81' lang='grc' dir='ltr'>γὰρ,</span> <span class='ocrx_word' id='word_1_68' title='bbox 2888 745 2970 800; x_wconf 74' lang='grc' dir='ltr'>ὅτι</span> <span class='ocrx_word' id='word_1_69' title='bbox 3032 747 3060 800; x_wconf 85' lang='grc' dir='ltr'>ὁ</span> <span class='ocrx_word' id='word_1_70' title='bbox 3116 746 3290 824; x_wconf 81' lang='grc' dir='ltr'>φιλῶν</span> <span class='ocrx_word' id='word_1_71' title='bbox 3351 749 3546 825; x_wconf 75' lang='grc' dir='ltr'>πατέρα</span> <span class='ocrx_word' id='word_1_72' title='bbox 3586 751 3617 820; x_wconf 72' lang='grc' dir='ltr'><strong>ἢ</strong></span> <span class='ocrx_word' id='word_1_73' title='bbox 3651 752 3814 828; x_wconf 79' lang='grc' dir='ltr'>μητέρα</span> 
     </span>
    </p>
   </div>
   <div class='ocr_carea' id='block_1_15' title="bbox 470 834 2123 906">
    <p class='ocr_par' dir='ltr' id='par_1_15' title="bbox 470 834 2123 906">
     <span class='ocr_line' id='line_1_15' title="bbox 470 834 2123 906; baseline 0.001 -18"><span class='ocrx_word' id='word_1_74' title='bbox 470 850 598 906; x_wconf 73' lang='lat' dir='ltr'>quae</span> <span class='ocrx_word' id='word_1_75' title='bbox 649 834 932 905; x_wconf 80' lang='lat' dir='ltr'>possidet,</span> <span class='ocrx_word' id='word_1_76' title='bbox 966 835 1158 891; x_wconf 88' lang='lat' dir='ltr'>adhuc</span> <span class='ocrx_word' id='word_1_77' title='bbox 1215 842 1410 904; x_wconf 81' lang='lat' dir='ltr'>autem</span> <span class='ocrx_word' id='word_1_78' title='bbox 1465 842 1522 892; x_wconf 87' lang='lat' dir='ltr'>et</span> <span class='ocrx_word' id='word_1_79' title='bbox 1575 837 1783 891; x_wconf 64' lang='lat' dir='ltr'>animm</span> <span class='ocrx_word' id='word_1_80' title='bbox 1833 853 1976 902; x_wconf 69' lang='lat' dir='ltr'>suis,</span> <span class='ocrx_word' id='word_1_81' title='bbox 2009 852 2123 890; x_wconf 92' lang='lat' dir='ltr'>non</span> 
     </span>
    </p>
   </div>
   <div class='ocr_carea' id='block_1_16' title="bbox 471 922 2126 995">
    <p class='ocr_par' dir='ltr' id='par_1_16' title="bbox 471 922 2126 995">
     <span class='ocr_line' id='line_1_16' title="bbox 471 922 2126 995; baseline 0 -16"><span class='ocrx_word' id='word_1_82' title='bbox 471 939 599 979; x_wconf 85' lang='lat' dir='ltr'>esse</span> <span class='ocrx_word' id='word_1_83' title='bbox 629 922 873 994; x_wconf 80' lang='lat' dir='ltr'>dignum</span> <span class='ocrx_word' id='word_1_84' title='bbox 921 925 1021 995; x_wconf 89' lang='lat' dir='ltr'>qui</span> <span class='ocrx_word' id='word_1_85' title='bbox 1071 924 1297 980; x_wconf 89' lang='lat' dir='ltr'>amicus</span> <span class='ocrx_word' id='word_1_86' title='bbox 1328 930 1385 980; x_wconf 86' lang='lat' dir='ltr'>et</span> <span class='ocrx_word' id='word_1_87' title='bbox 1414 930 1641 981; x_wconf 90' lang='lat' dir='ltr'>amator</span> <span class='ocrx_word' id='word_1_88' title='bbox 1693 925 1925 980; x_wconf 87' lang='lat' dir='ltr'>Domini</span> <span class='ocrx_word' id='word_1_89' title='bbox 1955 941 2126 980; x_wconf 90' lang='lat' dir='ltr'>voce-</span> 
     </span>
    </p>
   </div>
   <div class='ocr_carea' id='block_1_17' title="bbox 472 1012 2124 1085">
    <p class='ocr_par' dir='ltr' id='par_1_17' title="bbox 472 1012 2124 1085">
     <span class='ocr_line' id='line_1_17' title="bbox 472 1012 2124 1085; baseline 0.001 -19"><span class='ocrx_word' id='word_1_90' title='bbox 472 1019 572 1066; x_wconf 93' lang='lat' dir='ltr'>tur</span> <span class='ocrx_word' id='word_1_91' title='bbox 591 1012 654 1065; x_wconf 66' lang='lat'>3‘.</span> <span class='ocrx_word' id='word_1_92' title='bbox 690 1014 1052 1084; x_wconf 82' lang='lat' dir='ltr'>Quapropter</span> <span class='ocrx_word' id='word_1_93' title='bbox 1091 1014 1191 1085; x_wconf 92' lang='lat' dir='ltr'>qui</span> <span class='ocrx_word' id='word_1_94' title='bbox 1239 1031 1305 1069; x_wconf 90' lang='lat' dir='ltr'>ea</span> <span class='ocrx_word' id='word_1_95' title='bbox 1353 1019 1583 1069; x_wconf 88' lang='lat' dir='ltr'>tantum</span> <span class='ocrx_word' id='word_1_96' title='bbox 1636 1019 1864 1080; x_wconf 90' lang='lat' dir='ltr'>curant,</span> <span class='ocrx_word' id='word_1_97' title='bbox 1897 1031 2023 1085; x_wconf 66' lang='lat' dir='ltr'>quas</span> <span class='ocrx_word' id='word_1_98' title='bbox 2055 1014 2124 1068; x_wconf 89' lang='lat' dir='ltr'>ad</span> 
     </span>
    </p>
   </div>
   <div class='ocr_carea' id='block_1_18' title="bbox 479 1101 2128 1173">
    <p class='ocr_par' dir='ltr' id='par_1_18' title="bbox 479 1101 2128 1173">
     <span class='ocr_line' id='line_1_18' title="bbox 479 1101 2128 1173; baseline 0.001 -18"><span class='ocrx_word' id='word_1_99' title='bbox 479 1101 676 1173; x_wconf 88' lang='lat' dir='ltr'>ipsum</span> <span class='ocrx_word' id='word_1_100' title='bbox 723 1101 1038 1173; x_wconf 86' lang='lat' dir='ltr'>pertinent,</span> <span class='ocrx_word' id='word_1_101' title='bbox 1087 1103 1378 1160; x_wconf 86' lang='lat' dir='ltr'>sincerum</span> <span class='ocrx_word' id='word_1_102' title='bbox 1435 1119 1608 1158; x_wconf 91' lang='lat' dir='ltr'>suum</span> <span class='ocrx_word' id='word_1_103' title='bbox 1660 1102 1819 1158; x_wconf 90' lang='lat' dir='ltr'>illius</span> <span class='ocrx_word' id='word_1_104' title='bbox 1868 1118 2128 1158; x_wconf 87' lang='lat' dir='ltr'>amorem</span> 
     </span>
    </p>
   </div>
   <div class='ocr_carea' id='block_1_19' title="bbox 477 1190 2130 1264">
    <p class='ocr_par' dir='ltr' id='par_1_19' title="bbox 477 1190 2130 1264">
     <span class='ocr_line' id='line_1_19' title="bbox 477 1190 2130 1264; baseline 0 -18"><span class='ocrx_word' id='word_1_105' title='bbox 477 1191 786 1246; x_wconf 89' lang='lat' dir='ltr'>ostendere</span> <span class='ocrx_word' id='word_1_106' title='bbox 812 1190 1092 1260; x_wconf 88' lang='lat' dir='ltr'>volentes,</span> <span class='ocrx_word' id='word_1_107' title='bbox 1125 1193 1272 1260; x_wconf 85' lang='lat' dir='ltr'>Ecce,</span> <span class='ocrx_word' id='word_1_108' title='bbox 1307 1192 1492 1259; x_wconf 91' lang='lat' dir='ltr'>aiunt,</span> <span class='ocrx_word' id='word_1_109' title='bbox 1525 1208 1624 1247; x_wconf 84' lang='lat' dir='ltr'>nos</span> <span class='ocrx_word' id='word_1_110' title='bbox 1652 1194 1984 1264; x_wconf 76' lang='lat' dir='ltr'>reliquimus</span> <span class='ocrx_word' id='word_1_111' title='bbox 2014 1208 2130 1248; x_wconf 87' lang='lat' dir='ltr'>om-</span> 
     </span>
    </p>
   </div>
   <div class='ocr_carea' id='block_1_20' title="bbox 475 1280 2131 1353">
    <p class='ocr_par' dir='ltr' id='par_1_20' title="bbox 475 1280 2131 1353">
     <span class='ocr_line' id='line_1_20' title="bbox 475 1280 2131 1353; baseline 0.002 -19"><span class='ocrx_word' id='word_1_112' title='bbox 475 1280 597 1344; x_wconf 80' lang='lat' dir='ltr'>nia,</span> <span class='ocrx_word' id='word_1_113' title='bbox 627 1281 680 1334; x_wconf 86' lang='lat' dir='ltr'>et</span> <span class='ocrx_word' id='word_1_114' title='bbox 707 1283 881 1335; x_wconf 92' lang='lat' dir='ltr'>secuti</span> <span class='ocrx_word' id='word_1_115' title='bbox 915 1297 1104 1336; x_wconf 89' lang='lat' dir='ltr'>sumus</span> <span class='ocrx_word' id='word_1_116' title='bbox 1143 1291 1196 1338; x_wconf 75' lang='lat' dir='ltr'>te</span> <span class='ocrx_word' id='word_1_117' title='bbox 1225 1301 1244 1336; x_wconf 87' lang='lat'><strong><em>:</em></strong></span> <span class='ocrx_word' id='word_1_118' title='bbox 1277 1282 1406 1353; x_wconf 86' lang='lat' dir='ltr'>quid</span> <span class='ocrx_word' id='word_1_119' title='bbox 1435 1285 1540 1336; x_wconf 77' lang='lat' dir='ltr'>erit</span> <span class='ocrx_word' id='word_1_120' title='bbox 1569 1284 1725 1338; x_wconf 84' lang='lat' dir='ltr'>nobis</span> <span class='ocrx_word' id='word_1_121' title='bbox 1744 1281 1832 1336; x_wconf 70' lang='grc' dir='ltr'><strong>⁸⁸⁶ἲ</strong></span> <span class='ocrx_word' id='word_1_122' title='bbox 1879 1281 1981 1337; x_wconf 92' lang='lat' dir='ltr'>Ille</span> <span class='ocrx_word' id='word_1_123' title='bbox 2028 1298 2131 1337; x_wconf 87' lang='lat' dir='ltr'>au-</span> 
     </span>
    </p>
   </div>
   <div class='ocr_carea' id='block_1_21' title="bbox 475 1368 2132 1442">
    <p class='ocr_par' dir='ltr' id='par_1_21' title="bbox 475 1368 2132 1442">
     <span class='ocr_line' id='line_1_21' title="bbox 475 1368 2132 1442; baseline 0.001 -18"><span class='ocrx_word' id='word_1_124' title='bbox 475 1374 595 1424; x_wconf 78' lang='lat' dir='ltr'>tem</span> <span class='ocrx_word' id='word_1_125' title='bbox 618 1368 859 1440; x_wconf 86' lang='lat' dir='ltr'>dignam</span> <span class='ocrx_word' id='word_1_126' title='bbox 882 1387 1083 1426; x_wconf 89' lang='lat' dir='ltr'>eorum</span> <span class='ocrx_word' id='word_1_127' title='bbox 1109 1371 1166 1425; x_wconf 90' lang='lat' dir='ltr'>in</span> <span class='ocrx_word' id='word_1_128' title='bbox 1185 1388 1248 1427; x_wconf 90' lang='lat' dir='ltr'>se</span> <span class='ocrx_word' id='word_1_129' title='bbox 1269 1371 1489 1427; x_wconf 90' lang='lat' dir='ltr'>amoris</span> <span class='ocrx_word' id='word_1_130' title='bbox 1512 1373 1839 1427; x_wconf 83' lang='lat' dir='ltr'>mercedem</span> <span class='ocrx_word' id='word_1_131' title='bbox 1856 1372 1981 1442; x_wconf 90' lang='lat' dir='ltr'>jam</span> <span class='ocrx_word' id='word_1_132' title='bbox 2005 1375 2132 1426; x_wconf 89' lang='lat' dir='ltr'>tum</span> 
     </span>
    </p>
   </div>
   <div class='ocr_carea' id='block_1_22' title="bbox 361 1456 2135 1532">
    <p class='ocr_par' dir='ltr' id='par_1_22' title="bbox 361 1456 2135 1532">
     <span class='ocr_line' id='line_1_22' title="bbox 361 1456 2135 1532; baseline 0.002 -21"><span class='ocrx_word' id='word_1_133' title='bbox 361 1497 366 1500; x_wconf 70' lang='lat'><strong><em>.</em></strong></span> <span class='ocrx_word' id='word_1_134' title='bbox 477 1456 598 1512; x_wconf 92' lang='lat' dir='ltr'>illis</span> <span class='ocrx_word' id='word_1_135' title='bbox 639 1457 983 1529; x_wconf 69' lang='lat' dir='ltr'>praedicans,</span> <span class='ocrx_word' id='word_1_136' title='bbox 1018 1460 1100 1514; x_wconf 88' lang='lat' dir='ltr'>ait</span> <span class='ocrx_word' id='word_1_137' title='bbox 1135 1477 1147 1516; x_wconf 88' lang='lat'><strong>:</strong></span> <span class='ocrx_word' id='word_1_138' title='bbox 1177 1462 1371 1530; x_wconf 83' lang='lat' dir='ltr'>Amen,</span> <span class='ocrx_word' id='word_1_139' title='bbox 1421 1476 1584 1516; x_wconf 86' lang='lat' dir='ltr'>amen</span> <span class='ocrx_word' id='word_1_140' title='bbox 1615 1463 1740 1516; x_wconf 83' lang='lat' dir='ltr'>dico</span> <span class='ocrx_word' id='word_1_141' title='bbox 1788 1462 1957 1526; x_wconf 83' lang='lat' dir='ltr'>vobis,</span> <span class='ocrx_word' id='word_1_142' title='bbox 1986 1459 2135 1532; x_wconf 86' lang='lat' dir='ltr'>quod</span> 
     </span>
    </p>
   </div>
   <div class='ocr_carea' id='block_1_23' title="bbox 479 1549 2140 1619">
    <p class='ocr_par' dir='ltr' id='par_1_23' title="bbox 479 1549 2140 1619">
     <span class='ocr_line' id='line_1_23' title="bbox 479 1549 2140 1619; baseline 0.001 -18"><span class='ocrx_word' id='word_1_143' title='bbox 479 1563 574 1602; x_wconf 84' lang='lat' dir='ltr'>vos</span> <span class='ocrx_word' id='word_1_144' title='bbox 605 1549 706 1618; x_wconf 85' lang='lat' dir='ltr'>qui</span> <span class='ocrx_word' id='word_1_145' title='bbox 733 1550 908 1602; x_wconf 86' lang='lat' dir='ltr'>secuti</span> <span class='ocrx_word' id='word_1_146' title='bbox 935 1551 1066 1605; x_wconf 83' lang='lat' dir='ltr'>estis</span> <span class='ocrx_word' id='word_1_147' title='bbox 1096 1567 1202 1619; x_wconf 92' lang='lat' dir='ltr'>me,</span> <span class='ocrx_word' id='word_1_148' title='bbox 1237 1551 1297 1604; x_wconf 82' lang='lat' dir='ltr'>in</span> <span class='ocrx_word' id='word_1_149' title='bbox 1327 1552 1758 1619; x_wconf 83' lang='lat' dir='ltr'>regeneratione,</span> <span class='ocrx_word' id='word_1_150' title='bbox 1789 1566 1912 1604; x_wconf 88' lang='lat' dir='ltr'>cum</span> <span class='ocrx_word' id='word_1_151' title='bbox 1939 1549 2140 1604; x_wconf 83' lang='lat' dir='ltr'>sederit</span> 
     </span>
    </p>
   </div>
   <div class='ocr_carea' id='block_1_24' title="bbox 481 1636 2142 1709">
    <p class='ocr_par' dir='ltr' id='par_1_24' title="bbox 481 1636 2142 1709">
     <span class='ocr_line' id='line_1_24' title="bbox 481 1636 2142 1709; baseline 0.001 -18"><span class='ocrx_word' id='word_1_152' title='bbox 481 1636 663 1691; x_wconf 83' lang='lat' dir='ltr'>Filius</span> <span class='ocrx_word' id='word_1_153' title='bbox 692 1638 932 1693; x_wconf 79' lang='lat' dir='ltr'>hominis</span> <span class='ocrx_word' id='word_1_154' title='bbox 961 1642 1020 1694; x_wconf 83' lang='lat' dir='ltr'>in</span> <span class='ocrx_word' id='word_1_155' title='bbox 1051 1639 1173 1694; x_wconf 88' lang='lat' dir='ltr'>sede</span> <span class='ocrx_word' id='word_1_156' title='bbox 1206 1640 1512 1709; x_wconf 80' lang='lat' dir='ltr'>maiestatis</span> <span class='ocrx_word' id='word_1_157' title='bbox 1537 1655 1673 1704; x_wconf 54' lang='lat' dir='ltr'>sum,</span> <span class='ocrx_word' id='word_1_158' title='bbox 1696 1639 1947 1694; x_wconf 84' lang='lat' dir='ltr'>sedebilis</span> <span class='ocrx_word' id='word_1_159' title='bbox 1973 1642 2023 1694; x_wconf 90' lang='lat' dir='ltr'>et</span> <span class='ocrx_word' id='word_1_160' title='bbox 2052 1654 2142 1693; x_wconf 85' lang='lat' dir='ltr'>vos</span> 
     </span>
    </p>
   </div>
   <div class='ocr_carea' id='block_1_25' title="bbox 487 1726 2146 1800">
    <p class='ocr_par' dir='ltr' id='par_1_25' title="bbox 487 1726 2146 1800">
     <span class='ocr_line' id='line_1_25' title="bbox 487 1726 2146 1800; baseline 0.001 -19"><span class='ocrx_word' id='word_1_161' title='bbox 487 1742 658 1796; x_wconf 76' lang='lat' dir='ltr'>super</span> <span class='ocrx_word' id='word_1_162' title='bbox 710 1726 858 1782; x_wconf 84' lang='lat' dir='ltr'>sedes</span> <span class='ocrx_word' id='word_1_163' title='bbox 904 1728 1224 1799; x_wconf 81' lang='lat' dir='ltr'>duodecim,</span> <span class='ocrx_word' id='word_1_164' title='bbox 1264 1729 1581 1800; x_wconf 83' lang='lat' dir='ltr'>judicanles</span> <span class='ocrx_word' id='word_1_165' title='bbox 1631 1728 1918 1782; x_wconf 84' lang='lat' dir='ltr'>duodecim</span> <span class='ocrx_word' id='word_1_166' title='bbox 1965 1728 2146 1782; x_wconf 78' lang='lat' dir='ltr'>tribus</span> 
     </span>
    </p>
   </div>
   <div class='ocr_carea' id='block_1_26' title="bbox 488 1812 2151 1890">
    <p class='ocr_par' dir='ltr' id='par_1_26' title="bbox 488 1812 2151 1890">
     <span class='ocr_line' id='line_1_26' title="bbox 488 1812 2151 1890; baseline -0.001 -18"><span class='ocrx_word' id='word_1_167' title='bbox 488 1817 679 1872; x_wconf 82' lang='lat' dir='ltr'>Israel.</span> <span class='ocrx_word' id='word_1_168' title='bbox 715 1821 776 1872; x_wconf 85' lang='lat' dir='ltr'>Et</span> <span class='ocrx_word' id='word_1_169' title='bbox 806 1820 985 1872; x_wconf 83' lang='lat' dir='ltr'>omnis</span> <span class='ocrx_word' id='word_1_170' title='bbox 1015 1820 1113 1888; x_wconf 87' lang='lat' dir='ltr'>qui</span> <span class='ocrx_word' id='word_1_171' title='bbox 1152 1819 1448 1890; x_wconf 81' lang='lat' dir='ltr'>reliquerit</span> <span class='ocrx_word' id='word_1_172' title='bbox 1477 1818 1687 1884; x_wconf 86' lang='lat' dir='ltr'>domos,</span> <span class='ocrx_word' id='word_1_173' title='bbox 1721 1825 1816 1872; x_wconf 89' lang='lat' dir='ltr'>aut</span> <span class='ocrx_word' id='word_1_174' title='bbox 1843 1833 2024 1888; x_wconf 87' lang='lat' dir='ltr'>agros,</span> <span class='ocrx_word' id='word_1_175' title='bbox 2051 1812 2151 1870; x_wconf 73' lang='lat' dir='ltr'>aut</span> 
     </span>
    </p>
   </div>
   <div class='ocr_carea' id='block_1_27' title="bbox 2237 830 3813 908">
    <p class='ocr_par' dir='ltr' id='par_1_27' title="bbox 2237 830 3813 908">
     <span class='ocr_line' id='line_1_27' title="bbox 2237 830 3813 908; baseline 0.005 -20"><span class='ocrx_word' id='word_1_176' title='bbox 2237 834 2368 908; x_wconf 82' lang='grc' dir='ltr'>ύπὶρ</span> <span class='ocrx_word' id='word_1_177' title='bbox 2416 834 2478 888; x_wconf 87' lang='grc' dir='ltr'>τὸ</span> <span class='ocrx_word' id='word_1_178' title='bbox 2529 830 2699 896; x_wconf 83' lang='grc' dir='ltr'>ὅντως</span> <span class='ocrx_word' id='word_1_179' title='bbox 2752 833 2941 903; x_wconf 86' lang='grc' dir='ltr'>καλὸν,</span> <span class='ocrx_word' id='word_1_180' title='bbox 2998 835 3096 891; x_wconf 81' lang='grc' dir='ltr'>οὐκ</span> <span class='ocrx_word' id='word_1_181' title='bbox 3153 831 3293 891; x_wconf 78' lang='grc' dir='ltr'>ἔστιν</span> <span class='ocrx_word' id='word_1_182' title='bbox 3345 837 3487 908; x_wconf 73' lang='grc' dir='ltr'>ἄξιος</span> <span class='ocrx_word' id='word_1_183' title='bbox 3530 839 3673 894; x_wconf 81' lang='grc' dir='ltr'>αὐτοῦ</span> <span class='ocrx_word' id='word_1_184' title='bbox 3706 843 3813 896; x_wconf 78' lang='grc' dir='ltr'>ἁπο-</span> 
     </span>
    </p>
   </div>
   <div class='ocr_carea' id='block_1_28' title="bbox 2237 922 3815 990">
    <p class='ocr_par' dir='ltr' id='par_1_28' title="bbox 2237 922 3815 990">
     <span class='ocr_line' id='line_1_28' title="bbox 2237 922 3815 990; baseline 0.004 -11"><span class='ocrx_word' id='word_1_185' title='bbox 2237 922 2439 979; x_wconf 87' lang='grc' dir='ltr'>λαύειν·</span> <span class='ocrx_word' id='word_1_186' title='bbox 2493 924 2582 978; x_wconf 84' lang='grc' dir='ltr'>καὶ</span> <span class='ocrx_word' id='word_1_187' title='bbox 2643 922 2702 984; x_wconf 79' lang='grc' dir='ltr'>ὅς</span> <span class='ocrx_word' id='word_1_188' title='bbox 2757 923 2856 979; x_wconf 81' lang='grc' dir='ltr'>οὐκ</span> <span class='ocrx_word' id='word_1_189' title='bbox 2915 925 3274 980; x_wconf 77' lang='grc' dir='ltr'>ἀποτάσσεται</span> <span class='ocrx_word' id='word_1_190' title='bbox 3330 933 3456 981; x_wconf 82' lang='grc' dir='ltr'>πᾶσι</span> <span class='ocrx_word' id='word_1_191' title='bbox 3509 934 3615 990; x_wconf 90' lang='grc' dir='ltr'>τοῖς</span> <span class='ocrx_word' id='word_1_192' title='bbox 3663 930 3815 985; x_wconf 73' lang='grc' dir='ltr'>ἑαυτοῦ</span> 
     </span>
    </p>
   </div>
   <div class='ocr_carea' id='block_1_29' title="bbox 2239 1011 3816 1091">
    <p class='ocr_par' dir='ltr' id='par_1_29' title="bbox 2239 1011 3816 1091">
     <span class='ocr_line' id='line_1_29' title="bbox 2239 1011 3816 1091; baseline 0.006 -26"><span class='ocrx_word' id='word_1_193' title='bbox 2239 1011 2598 1087; x_wconf 80' lang='grc' dir='ltr'>ὑπάρχουσιν,</span> <span class='ocrx_word' id='word_1_194' title='bbox 2649 1011 2724 1067; x_wconf 82' lang='grc' dir='ltr'>ἔτι</span> <span class='ocrx_word' id='word_1_195' title='bbox 2784 1011 2841 1068; x_wconf 72' lang='grc' dir='ltr'><strong>δί</strong></span> <span class='ocrx_word' id='word_1_196' title='bbox 2891 1014 2979 1069; x_wconf 83' lang='grc' dir='ltr'>καὶ</span> <span class='ocrx_word' id='word_1_197' title='bbox 3028 1019 3096 1088; x_wconf 77' lang='grc' dir='ltr'>τῇ</span> <span class='ocrx_word' id='word_1_198' title='bbox 3147 1016 3337 1070; x_wconf 78' lang='grc' dir='ltr'>ἑαυτοῦ</span> <span class='ocrx_word' id='word_1_199' title='bbox 3385 1019 3549 1091; x_wconf 72' lang='grc' dir='ltr'>ψυχῇ,</span> <span class='ocrx_word' id='word_1_200' title='bbox 3580 1017 3666 1072; x_wconf 80' lang='grc' dir='ltr'>οὐκ</span> <span class='ocrx_word' id='word_1_201' title='bbox 3706 1014 3816 1075; x_wconf 77' lang='grc' dir='ltr'>ἔστιν</span> 
     </span>
    </p>
   </div>
   <div class='ocr_carea' id='block_1_30' title="bbox 2238 1099 3821 1179">
    <p class='ocr_par' dir='ltr' id='par_1_30' title="bbox 2238 1099 3821 1179">
     <span class='ocr_line' id='line_1_30' title="bbox 2238 1099 3821 1179; baseline 0.005 -25"><span class='ocrx_word' id='word_1_202' title='bbox 2238 1099 2384 1170; x_wconf 76' lang='grc' dir='ltr'>ἄξιος</span> <span class='ocrx_word' id='word_1_203' title='bbox 2415 1100 2575 1178; x_wconf 75' lang='grc' dir='ltr'>φίλος</span> <span class='ocrx_word' id='word_1_204' title='bbox 2606 1103 2696 1156; x_wconf 89' lang='grc' dir='ltr'>καὶ</span> <span class='ocrx_word' id='word_1_205' title='bbox 2728 1101 2956 1178; x_wconf 71' lang='grc' dir='ltr'>ἆραστὴς</span> <span class='ocrx_word' id='word_1_206' title='bbox 2982 1107 3083 1158; x_wconf 78' lang='grc' dir='ltr'>τοῦ</span> <span class='ocrx_word' id='word_1_207' title='bbox 3114 1105 3319 1179; x_wconf 81' lang='grc' dir='ltr'>Κυρίου</span> <span class='ocrx_word' id='word_1_208' title='bbox 3348 1101 3632 1174; x_wconf 85' lang='grc' dir='ltr'>καλεῖσθαι,</span> <span class='ocrx_word' id='word_1_209' title='bbox 3676 1109 3752 1162; x_wconf 87' lang='grc' dir='ltr'>Διὸ</span> <span class='ocrx_word' id='word_1_210' title='bbox 3775 1108 3821 1162; x_wconf 81' lang='grc' dir='ltr'>τὸ</span> 
     </span>
    </p>
   </div>
   <div class='ocr_carea' id='block_1_31' title="bbox 2237 1190 3822 1269">
    <p class='ocr_par' dir='ltr' id='par_1_31' title="bbox 2237 1190 3822 1269">
     <span class='ocr_line' id='line_1_31' title="bbox 2237 1190 3822 1269; baseline 0.004 -25"><span class='ocrx_word' id='word_1_211' title='bbox 2237 1193 2459 1266; x_wconf 87' lang='grc' dir='ltr'>γνήσιον</span> <span class='ocrx_word' id='word_1_212' title='bbox 2509 1198 2608 1260; x_wconf 87' lang='grc' dir='ltr'>τῆς</span> <span class='ocrx_word' id='word_1_213' title='bbox 2653 1193 2778 1268; x_wconf 88' lang='grc' dir='ltr'>περὶ</span> <span class='ocrx_word' id='word_1_214' title='bbox 2827 1193 2988 1248; x_wconf 84' lang='grc' dir='ltr'>αὐτὸν</span> <span class='ocrx_word' id='word_1_215' title='bbox 3039 1190 3329 1257; x_wconf 70' lang='grc' dir='ltr'>διαθέσεως</span> <span class='ocrx_word' id='word_1_216' title='bbox 3385 1193 3440 1248; x_wconf 85' lang='grc' dir='ltr'>οἷ’</span> <span class='ocrx_word' id='word_1_217' title='bbox 3491 1196 3552 1249; x_wconf 80' lang='grc' dir='ltr'>τὰ</span> <span class='ocrx_word' id='word_1_218' title='bbox 3579 1195 3720 1250; x_wconf 85' lang='grc' dir='ltr'>αύτοῦ</span> <span class='ocrx_word' id='word_1_219' title='bbox 3747 1196 3822 1269; x_wconf 80' lang='grc' dir='ltr'>μό-</span> 
     </span>
    </p>
   </div>
   <div class='ocr_carea' id='block_1_32' title="bbox 2239 1279 3826 1362">
    <p class='ocr_par' dir='ltr' id='par_1_32' title="bbox 2239 1279 3826 1362">
     <span class='ocr_line' id='line_1_32' title="bbox 2239 1279 3826 1362; baseline 0.003 -28"><span class='ocrx_word' id='word_1_220' title='bbox 2239 1301 2328 1334; x_wconf 93' lang='grc' dir='ltr'>νον</span> <span class='ocrx_word' id='word_1_221' title='bbox 2365 1285 2730 1354; x_wconf 79' lang='grc' dir='ltr'>μεριμνῶντες</span> <span class='ocrx_word' id='word_1_222' title='bbox 2775 1279 3104 1354; x_wconf 73' lang='grc' dir='ltr'>ἐνδείξασθαι</span> <span class='ocrx_word' id='word_1_223' title='bbox 3161 1281 3431 1351; x_wconf 84' lang='grc' dir='ltr'>θέλοντες,</span> <span class='ocrx_word' id='word_1_224' title='bbox 3484 1281 3630 1351; x_wconf 80' lang='grc' dir='ltr'>Ἰδοὺ,</span> <span class='ocrx_word' id='word_1_225' title='bbox 3681 1285 3826 1362; x_wconf 76' lang='grc' dir='ltr'>φασὶν,</span> 
     </span>
    </p>
   </div>
   <div class='ocr_carea' id='block_1_33' title="bbox 2228 1369 3822 1447">
    <p class='ocr_par' dir='ltr' id='par_1_33' title="bbox 2228 1369 3822 1447">
     <span class='ocr_line' id='line_1_33' title="bbox 2228 1369 3822 1447; baseline 0.001 -21"><span class='ocrx_word' id='word_1_226' title='bbox 2228 1371 2405 1441; x_wconf 65' lang='grc' dir='ltr'>ἡμεῖς</span> <span class='ocrx_word' id='word_1_227' title='bbox 2461 1369 2631 1424; x_wconf 83' lang='grc' dir='ltr'>πάντα</span> <span class='ocrx_word' id='word_1_228' title='bbox 2703 1369 3007 1447; x_wconf 77' lang='grc' dir='ltr'>ἀφήκαμεν,</span> <span class='ocrx_word' id='word_1_229' title='bbox 3087 1372 3176 1426; x_wconf 86' lang='grc' dir='ltr'>καὶ</span> <span class='ocrx_word' id='word_1_230' title='bbox 3253 1371 3682 1445; x_wconf 72' lang='grc' dir='ltr'>ἠκολουθήσαμέν</span> <span class='ocrx_word' id='word_1_231' title='bbox 3739 1394 3822 1428; x_wconf 87' lang='grc' dir='ltr'>σοι·</span> 
     </span>
    </p>
   </div>
   <div class='ocr_carea' id='block_1_34' title="bbox 2240 1451 3828 1535">
    <p class='ocr_par' dir='ltr' id='par_1_34' title="bbox 2240 1451 3828 1535">
     <span class='ocr_line' id='line_1_34' title="bbox 2240 1451 3828 1535; baseline 0.003 -25"><span class='ocrx_word' id='word_1_232' title='bbox 2240 1456 2293 1511; x_wconf 87' lang='grc' dir='ltr'>τί</span> <span class='ocrx_word' id='word_1_233' title='bbox 2349 1451 2495 1512; x_wconf 80' lang='grc' dir='ltr'>ἔσται</span> <span class='ocrx_word' id='word_1_234' title='bbox 2551 1459 2737 1531; x_wconf 78' lang='grc' dir='ltr'>ἡμῖν;</span> <span class='ocrx_word' id='word_1_235' title='bbox 2795 1459 2898 1515; x_wconf 78' lang='grc' dir='ltr'>Καὶ</span> <span class='ocrx_word' id='word_1_236' title='bbox 2957 1458 3104 1530; x_wconf 77' lang='grc' dir='ltr'>ἀξίαν</span> <span class='ocrx_word' id='word_1_237' title='bbox 3162 1462 3260 1530; x_wconf 82' lang='grc' dir='ltr'>τήν</span> <span class='ocrx_word' id='word_1_238' title='bbox 3323 1455 3552 1533; x_wconf 74' lang='grc' dir='ltr'>ἀμοιϐὴν</span> <span class='ocrx_word' id='word_1_239' title='bbox 3601 1467 3685 1516; x_wconf 77' lang='grc' dir='ltr'>τοῦ</span> <span class='ocrx_word' id='word_1_240' title='bbox 3730 1463 3828 1535; x_wconf 86' lang='grc' dir='ltr'>περὶ</span> 
     </span>
    </p>
   </div>
   <div class='ocr_carea' id='block_1_35' title="bbox 2247 1545 3830 1626">
    <p class='ocr_par' dir='ltr' id='par_1_35' title="bbox 2247 1545 3830 1626">
     <span class='ocr_line' id='line_1_35' title="bbox 2247 1545 3830 1626; baseline 0.003 -27"><span class='ocrx_word' id='word_1_241' title='bbox 2247 1545 2410 1600; x_wconf 74' lang='grc' dir='ltr'>αὐτοῦ</span> <span class='ocrx_word' id='word_1_242' title='bbox 2456 1545 2687 1624; x_wconf 79' lang='grc' dir='ltr'>φίλτρου</span> <span class='ocrx_word' id='word_1_243' title='bbox 2741 1548 2927 1610; x_wconf 78' lang='grc' dir='ltr'>αὐτοῖς</span> <span class='ocrx_word' id='word_1_244' title='bbox 2985 1547 3220 1614; x_wconf 79' lang='grc' dir='ltr'>ἐντεῦθεν</span> <span class='ocrx_word' id='word_1_245' title='bbox 3279 1547 3388 1620; x_wconf 78' lang='grc' dir='ltr'>ἤδη</span> <span class='ocrx_word' id='word_1_246' title='bbox 3449 1551 3830 1626; x_wconf 85' lang='grc' dir='ltr'>ἀνακηρύσσων,</span> 
     </span>
    </p>
   </div>
   <div class='ocr_carea' id='block_1_36' title="bbox 2253 1634 3834 1713">
    <p class='ocr_par' dir='ltr' id='par_1_36' title="bbox 2253 1634 3834 1713">
     <span class='ocr_line' id='line_1_36' title="bbox 2253 1634 3834 1713; baseline 0.004 -26"><span class='ocrx_word' id='word_1_247' title='bbox 2253 1634 2436 1709; x_wconf 82' lang='grc' dir='ltr'>φησίο’</span> <span class='ocrx_word' id='word_1_248' title='bbox 2500 1636 2676 1708; x_wconf 74' lang='grc' dir='ltr'>’Δμὴν</span> <span class='ocrx_word' id='word_1_249' title='bbox 2735 1638 2881 1709; x_wconf 76' lang='grc' dir='ltr'>ἀμὴν</span> <span class='ocrx_word' id='word_1_250' title='bbox 2913 1635 3060 1713; x_wconf 83' lang='grc' dir='ltr'>λέγω</span> <span class='ocrx_word' id='word_1_251' title='bbox 3116 1639 3266 1712; x_wconf 89' lang='grc' dir='ltr'>ὑμῖν,</span> <span class='ocrx_word' id='word_1_252' title='bbox 3299 1634 3382 1693; x_wconf 79' lang='grc' dir='ltr'>ὅτι</span> <span class='ocrx_word' id='word_1_253' title='bbox 3442 1639 3585 1712; x_wconf 81' lang='grc' dir='ltr'>ὑμεῖς</span> <span class='ocrx_word' id='word_1_254' title='bbox 3638 1638 3682 1693; x_wconf 87' lang='grc' dir='ltr'>οί</span> <span class='ocrx_word' id='word_1_255' title='bbox 3727 1639 3834 1694; x_wconf 77' lang='grc' dir='ltr'>ἀκοι-</span> 
     </span>
    </p>
   </div>
   <div class='ocr_carea' id='block_1_37' title="bbox 2257 1723 3834 1802">
    <p class='ocr_par' dir='ltr' id='par_1_37' title="bbox 2257 1723 3834 1802">
     <span class='ocr_line' id='line_1_37' title="bbox 2257 1723 3834 1802; baseline 0.001 -23"><span class='ocrx_word' id='word_1_256' title='bbox 2257 1723 2621 1794; x_wconf 77' lang='grc' dir='ltr'>λουθήσαντές</span> <span class='ocrx_word' id='word_1_257' title='bbox 2700 1747 2814 1798; x_wconf 83' lang='grc' dir='ltr'>μοι,</span> <span class='ocrx_word' id='word_1_258' title='bbox 2885 1725 2939 1781; x_wconf 86' lang='grc' dir='ltr'>ἐν</span> <span class='ocrx_word' id='word_1_259' title='bbox 3008 1731 3076 1801; x_wconf 80' lang='grc' dir='ltr'>τῇ</span> <span class='ocrx_word' id='word_1_260' title='bbox 3134 1725 3534 1802; x_wconf 70' lang='grc' dir='ltr'>παλιγγενεσία,</span> <span class='ocrx_word' id='word_1_261' title='bbox 3583 1728 3692 1783; x_wconf 75' lang='grc' dir='ltr'>ὅταν</span> <span class='ocrx_word' id='word_1_262' title='bbox 3731 1731 3834 1782; x_wconf 73' lang='lat' dir='ltr'>m0-</span> 
     </span>
    </p>
   </div>
   <div class='ocr_carea' id='block_1_38' title="bbox 2261 1812 3834 1892">
    <p class='ocr_par' dir='ltr' id='par_1_38' title="bbox 2261 1812 3834 1892">
     <span class='ocr_line' id='line_1_38' title="bbox 2261 1812 3834 1892; baseline 0.003 -26"><span class='ocrx_word' id='word_1_263' title='bbox 2261 1812 2343 1886; x_wconf 78' lang='grc' dir='ltr'>ίσῃ</span> <span class='ocrx_word' id='word_1_264' title='bbox 2399 1813 2426 1868; x_wconf 88' lang='grc' dir='ltr'>ὁ</span> <span class='ocrx_word' id='word_1_265' title='bbox 2485 1814 2606 1874; x_wconf 75' lang='grc' dir='ltr'>Υἱὸς</span> <span class='ocrx_word' id='word_1_266' title='bbox 2674 1818 2771 1868; x_wconf 80' lang='grc' dir='ltr'>τοῦ</span> <span class='ocrx_word' id='word_1_267' title='bbox 2850 1814 3138 1890; x_wconf 84' lang='grc' dir='ltr'>ἀνθρώπου</span> <span class='ocrx_word' id='word_1_268' title='bbox 3203 1815 3290 1870; x_wconf 75' lang='grc' dir='ltr'>ἐπὶ</span> <span class='ocrx_word' id='word_1_269' title='bbox 3345 1817 3536 1892; x_wconf 85' lang='grc' dir='ltr'>θρόνου</span> <span class='ocrx_word' id='word_1_270' title='bbox 3585 1814 3721 1888; x_wconf 77' lang='grc' dir='ltr'>δόξης</span> <span class='ocrx_word' id='word_1_271' title='bbox 3763 1817 3834 1871; x_wconf 81' lang='grc' dir='ltr'>αύ-</span> 
     </span>
    </p>
   </div>
   <div class='ocr_carea' id='block_1_39' title="bbox 488 1902 2150 1979">
    <p class='ocr_par' dir='ltr' id='par_1_39' title="bbox 488 1907 2149 1977">
     <span class='ocr_line' id='line_1_39' title="bbox 488 1907 2149 1977; baseline 0 -18"><span class='ocrx_word' id='word_1_272' title='bbox 488 1907 720 1977; x_wconf 84' lang='lat' dir='ltr'>fralres,</span> <span class='ocrx_word' id='word_1_273' title='bbox 753 1916 849 1962; x_wconf 78' lang='lat' dir='ltr'>aut</span> <span class='ocrx_word' id='word_1_274' title='bbox 893 1923 1124 1973; x_wconf 81' lang='lat' dir='ltr'>sorores,</span> <span class='ocrx_word' id='word_1_275' title='bbox 1157 1916 1254 1962; x_wconf 77' lang='lat' dir='ltr'>aut</span> <span class='ocrx_word' id='word_1_276' title='bbox 1297 1923 1552 1974; x_wconf 77' lang='lat' dir='ltr'>uxorem,</span> <span class='ocrx_word' id='word_1_277' title='bbox 1583 1911 1681 1962; x_wconf 84' lang='lat' dir='ltr'>aut</span> <span class='ocrx_word' id='word_1_278' title='bbox 1727 1907 1891 1976; x_wconf 80' lang='lat' dir='ltr'>ﬁlios,</span> <span class='ocrx_word' id='word_1_279' title='bbox 1926 1909 2149 1977; x_wconf 84' lang='lat' dir='ltr'>propter</span> 
     </span>
    </p>
   </div>
   <div class='ocr_carea' id='block_1_40' title="bbox 2257 1902 3838 1979">
    <p class='ocr_par' dir='ltr' id='par_1_40' title="bbox 2257 1902 3838 1979">
     <span class='ocr_line' id='line_1_40' title="bbox 2257 1902 3838 1979; baseline 0.003 -24"><span class='ocrx_word' id='word_1_280' title='bbox 2257 1906 2369 1969; x_wconf 79' lang='grc' dir='ltr'>τοῦ,</span> <span class='ocrx_word' id='word_1_281' title='bbox 2431 1903 2723 1972; x_wconf 77' lang='grc' dir='ltr'>καθήσεσθε</span> <span class='ocrx_word' id='word_1_282' title='bbox 2777 1903 2866 1957; x_wconf 83' lang='grc' dir='ltr'>καὶ</span> <span class='ocrx_word' id='word_1_283' title='bbox 2927 1905 3083 1977; x_wconf 82' lang='grc' dir='ltr'>ὑμεῖς</span> <span class='ocrx_word' id='word_1_284' title='bbox 3137 1903 3224 1959; x_wconf 74' lang='grc' dir='ltr'>ἐπὶ</span> <span class='ocrx_word' id='word_1_285' title='bbox 3273 1902 3482 1960; x_wconf 87' lang='grc' dir='ltr'>δώδεκα</span> <span class='ocrx_word' id='word_1_286' title='bbox 3511 1905 3708 1979; x_wconf 88' lang='grc' dir='ltr'>θρόνους</span> <span class='ocrx_word' id='word_1_287' title='bbox 3729 1907 3838 1978; x_wconf 78' lang='grc'>(12),</span> 
     </span>
    </p>
   </div>
   <div class='ocr_carea' id='block_1_41' title="bbox 491 1997 2148 2067">
    <p class='ocr_par' dir='ltr' id='par_1_41' title="bbox 491 1997 2148 2067">
     <span class='ocr_line' id='line_1_41' title="bbox 491 1997 2148 2067; baseline 0 -19"><span class='ocrx_word' id='word_1_288' title='bbox 491 2009 688 2049; x_wconf 81' lang='lat' dir='ltr'>nomen</span> <span class='ocrx_word' id='word_1_289' title='bbox 719 2011 920 2066; x_wconf 88' lang='lat' dir='ltr'>meum,</span> <span class='ocrx_word' id='word_1_290' title='bbox 952 1999 1267 2066; x_wconf 85' lang='lat' dir='ltr'>centuplum</span> <span class='ocrx_word' id='word_1_291' title='bbox 1305 1997 1561 2067; x_wconf 82' lang='lat' dir='ltr'>accipiet,</span> <span class='ocrx_word' id='word_1_292' title='bbox 1593 2005 1647 2051; x_wconf 77' lang='lat' dir='ltr'>ei</span> <span class='ocrx_word' id='word_1_293' title='bbox 1685 1998 1855 2050; x_wconf 86' lang='lat' dir='ltr'>vitam</span> <span class='ocrx_word' id='word_1_294' title='bbox 1885 1998 2148 2050; x_wconf 63' lang='lat' dir='ltr'>a’temam</span> 
     </span>
    </p>
   </div>
   <div class='ocr_carea' id='block_1_42' title="bbox 487 2083 2145 2156">
    <p class='ocr_par' dir='ltr' id='par_1_42' title="bbox 487 2083 2145 2156">
     <span class='ocr_line' id='line_1_42' title="bbox 487 2083 2145 2156; baseline -0.001 -18"><span class='ocrx_word' id='word_1_295' title='bbox 487 2083 795 2154; x_wconf 79' lang='lat' dir='ltr'>possidebit</span> <span class='ocrx_word' id='word_1_296' title='bbox 807 2085 870 2139; x_wconf 80' lang='grc'>⁸⁷.</span> <span class='ocrx_word' id='word_1_297' title='bbox 888 2089 991 2156; x_wconf 68' lang='lat' dir='ltr'>1Eq</span> <span class='ocrx_word' id='word_1_298' title='bbox 1003 2102 1142 2140; x_wconf 90' lang='lat' dir='ltr'>uum</span> <span class='ocrx_word' id='word_1_299' title='bbox 1162 2086 1318 2139; x_wconf 90' lang='lat' dir='ltr'>enim</span> <span class='ocrx_word' id='word_1_300' title='bbox 1337 2091 1461 2140; x_wconf 88' lang='lat' dir='ltr'>erat</span> <span class='ocrx_word' id='word_1_301' title='bbox 1478 2090 1542 2139; x_wconf 91' lang='lat' dir='ltr'>ut</span> <span class='ocrx_word' id='word_1_302' title='bbox 1558 2084 1658 2154; x_wconf 91' lang='lat' dir='ltr'>qui</span> <span class='ocrx_word' id='word_1_303' title='bbox 1679 2085 1872 2156; x_wconf 91' lang='lat' dir='ltr'>reipsa</span> <span class='ocrx_word' id='word_1_304' title='bbox 1889 2100 2062 2138; x_wconf 89' lang='lat' dir='ltr'>suum</span> <span class='ocrx_word' id='word_1_305' title='bbox 2086 2084 2145 2137; x_wconf 91' lang='lat' dir='ltr'>in</span> 
     </span>
    </p>
   </div>
   <div class='ocr_carea' id='block_1_43' title="bbox 490 2171 2143 2246">
    <p class='ocr_par' dir='ltr' id='par_1_43' title="bbox 490 2171 2143 2246">
     <span class='ocr_line' id='line_1_43' title="bbox 490 2171 2143 2246; baseline 0 -21"><span class='ocrx_word' id='word_1_306' title='bbox 490 2171 660 2228; x_wconf 90' lang='lat' dir='ltr'>illum</span> <span class='ocrx_word' id='word_1_307' title='bbox 694 2190 952 2230; x_wconf 89' lang='lat' dir='ltr'>amorem</span> <span class='ocrx_word' id='word_1_308' title='bbox 978 2191 1080 2246; x_wconf 90' lang='lat' dir='ltr'>per</span> <span class='ocrx_word' id='word_1_309' title='bbox 1101 2179 1283 2230; x_wconf 87' lang='lat' dir='ltr'>totam</span> <span class='ocrx_word' id='word_1_310' title='bbox 1310 2174 1490 2231; x_wconf 87' lang='lat' dir='ltr'>vitam</span> <span class='ocrx_word' id='word_1_311' title='bbox 1516 2190 1728 2246; x_wconf 89' lang='lat' dir='ltr'>purum</span> <span class='ocrx_word' id='word_1_312' title='bbox 1753 2174 2143 2244; x_wconf 79' lang='lat' dir='ltr'>exhibuerini,</span> 
     </span>
    </p>
   </div>
   <div class='ocr_carea' id='block_1_44' title="bbox 489 2261 2143 2337">
    <p class='ocr_par' dir='ltr' id='par_1_44' title="bbox 489 2261 2143 2337">
     <span class='ocr_line' id='line_1_44' title="bbox 489 2261 2143 2337; baseline -0.001 -21"><span class='ocrx_word' id='word_1_313' title='bbox 489 2261 667 2334; x_wconf 88' lang='lat' dir='ltr'>digna</span> <span class='ocrx_word' id='word_1_314' title='bbox 697 2264 1018 2319; x_wconf 88' lang='lat' dir='ltr'>sudoribus</span> <span class='ocrx_word' id='word_1_315' title='bbox 1061 2281 1163 2337; x_wconf 91' lang='lat' dir='ltr'>pro</span> <span class='ocrx_word' id='word_1_316' title='bbox 1195 2281 1260 2320; x_wconf 89' lang='lat' dir='ltr'>eo</span> <span class='ocrx_word' id='word_1_317' title='bbox 1293 2264 1528 2320; x_wconf 87' lang='lat' dir='ltr'>emissis</span> <span class='ocrx_word' id='word_1_318' title='bbox 1570 2265 1809 2335; x_wconf 69' lang='lat' dir='ltr'>praemia</span> <span class='ocrx_word' id='word_1_319' title='bbox 1840 2262 2143 2334; x_wconf 88' lang='lat' dir='ltr'>recipiant.</span> 
     </span>
    </p>
   </div>
   <div class='ocr_carea' id='block_1_45' title="bbox 2253 1989 3837 2070">
    <p class='ocr_par' dir='ltr' id='par_1_45' title="bbox 2253 1989 3837 2070">
     <span class='ocr_line' id='line_1_45' title="bbox 2253 1989 3837 2070; baseline 0 -24"><span class='ocrx_word' id='word_1_320' title='bbox 2253 1990 2524 2067; x_wconf 83' lang='grc' dir='ltr'>κρίνοντες</span> <span class='ocrx_word' id='word_1_321' title='bbox 2579 1992 2672 2053; x_wconf 87' lang='grc' dir='ltr'>τάς</span> <span class='ocrx_word' id='word_1_322' title='bbox 2732 1989 2943 2047; x_wconf 86' lang='grc' dir='ltr'>δώδεκα</span> <span class='ocrx_word' id='word_1_323' title='bbox 3001 1991 3174 2070; x_wconf 72' lang='grc' dir='ltr'>φυλὰς</span> <span class='ocrx_word' id='word_1_324' title='bbox 3227 1998 3323 2048; x_wconf 81' lang='grc' dir='ltr'>τοῦ</span> <span class='ocrx_word' id='word_1_325' title='bbox 3383 1993 3612 2070; x_wconf 86' lang='grc' dir='ltr'>Ἰσραήλ.</span> <span class='ocrx_word' id='word_1_326' title='bbox 3651 1994 3837 2055; x_wconf 65' lang='lat' dir='ltr'>Ruina;</span> 
     </span>
    </p>
   </div>
   <div class='ocr_carea' id='block_1_46' title="bbox 2255 2079 3836 2160">
    <p class='ocr_par' dir='ltr' id='par_1_46' title="bbox 2255 2079 3836 2160">
     <span class='ocr_line' id='line_1_46' title="bbox 2255 2079 3836 2160; baseline 0.001 -27"><span class='ocrx_word' id='word_1_327' title='bbox 2255 2079 2404 2141; x_wconf 78' lang='grc' dir='ltr'>ὅστις</span> <span class='ocrx_word' id='word_1_328' title='bbox 2479 2080 2679 2158; x_wconf 80' lang='grc' dir='ltr'>ἀφῆκεν</span> <span class='ocrx_word' id='word_1_329' title='bbox 2752 2079 2948 2148; x_wconf 76' lang='grc' dir='ltr'>οΐκίας,</span> <span class='ocrx_word' id='word_1_330' title='bbox 3028 2081 3064 2150; x_wconf 76' lang='grc' dir='ltr'><strong>ἢ</strong></span> <span class='ocrx_word' id='word_1_331' title='bbox 3133 2081 3348 2158; x_wconf 73' lang='grc' dir='ltr'>ἀγροὺς,</span> <span class='ocrx_word' id='word_1_332' title='bbox 3419 2082 3454 2152; x_wconf 72' lang='grc' dir='ltr'><strong>ἢ</strong></span> <span class='ocrx_word' id='word_1_333' title='bbox 3509 2080 3836 2160; x_wconf 72' lang='grc' dir='ltr'>ἀδελφοὺς,ἢ</span> 
     </span>
    </p>
   </div>
   <div class='ocr_carea' id='block_1_47' title="bbox 2258 2167 3839 2246">
    <p class='ocr_par' dir='ltr' id='par_1_47' title="bbox 2258 2167 3839 2246">
     <span class='ocr_line' id='line_1_47' title="bbox 2258 2167 3839 2246; baseline -0.001 -23"><span class='ocrx_word' id='word_1_334' title='bbox 2258 2167 2514 2246; x_wconf 76' lang='grc' dir='ltr'>ἀδελφὰς,</span> <span class='ocrx_word' id='word_1_335' title='bbox 2575 2170 2609 2240; x_wconf 68' lang='grc' dir='ltr'>ἢ</span> <span class='ocrx_word' id='word_1_336' title='bbox 2669 2175 2897 2243; x_wconf 81' lang='grc' dir='ltr'>γυναῖκα</span> <span class='ocrx_word' id='word_1_337' title='bbox 2925 2173 3060 2243; x_wconf 85' lang='grc'>(13),</span> <span class='ocrx_word' id='word_1_338' title='bbox 3121 2170 3156 2240; x_wconf 74' lang='grc' dir='ltr'>ἢ</span> <span class='ocrx_word' id='word_1_339' title='bbox 3215 2172 3394 2238; x_wconf 71' lang='grc' dir='ltr'>τέκνα,</span> <span class='ocrx_word' id='word_1_340' title='bbox 3440 2168 3603 2226; x_wconf 77' lang='grc' dir='ltr'>ἕνεκεν</span> <span class='ocrx_word' id='word_1_341' title='bbox 3639 2176 3720 2224; x_wconf 75' lang='grc' dir='ltr'>τοῦ</span> <span class='ocrx_word' id='word_1_342' title='bbox 3745 2169 3839 2223; x_wconf 74' lang='grc' dir='ltr'>ὀνό-</span> 
     </span>
    </p>
   </div>
   <div class='ocr_carea' id='block_1_48' title="bbox 2258 2257 3844 2334">
    <p class='ocr_par' dir='ltr' id='par_1_48' title="bbox 2258 2257 3844 2334">
     <span class='ocr_line' id='line_1_48' title="bbox 2258 2257 3844 2334; baseline -0.001 -22"><span class='ocrx_word' id='word_1_343' title='bbox 2258 2257 2428 2330; x_wconf 87' lang='grc' dir='ltr'>ματός</span> <span class='ocrx_word' id='word_1_344' title='bbox 2491 2278 2616 2330; x_wconf 93' lang='grc' dir='ltr'>μου,</span> <span class='ocrx_word' id='word_1_345' title='bbox 2679 2257 3208 2315; x_wconf 74' lang='grc' dir='ltr'>ἑκατονταπλασίονα</span> <span class='ocrx_word' id='word_1_346' title='bbox 3265 2258 3536 2334; x_wconf 81' lang='grc' dir='ltr'>λήψεται,</span> <span class='ocrx_word' id='word_1_347' title='bbox 3602 2260 3678 2315; x_wconf 80' lang='grc' dir='ltr'>καὶ</span> <span class='ocrx_word' id='word_1_348' title='bbox 3730 2259 3844 2328; x_wconf 73' lang='grc' dir='ltr'>ζωὴν</span> 
     </span>
    </p>
   </div>
   <div class='ocr_carea' id='block_1_49' title="bbox 486 2342 3845 2427">
    <p class='ocr_par' dir='ltr' id='par_1_49' title="bbox 486 2342 3845 2427">
     <span class='ocr_line' id='line_1_49' title="bbox 486 2342 3845 2427; baseline -0.001 -25"><span class='ocrx_word' id='word_1_349' title='bbox 486 2348 718 2404; x_wconf 79' lang='grc' dir='ltr'>αἰώνιον</span> <span class='ocrx_word' id='word_1_350' title='bbox 747 2349 1185 2426; x_wconf 87' lang='grc' dir='ltr'>κληρονομήσει.</span> <span class='ocrx_word' id='word_1_351' title='bbox 1224 2351 1552 2414; x_wconf 86' lang='grc' dir='ltr'>Ἀκόλουθον</span> <span class='ocrx_word' id='word_1_352' title='bbox 1585 2351 1685 2427; x_wconf 80' lang='grc' dir='ltr'>γὰρ</span> <span class='ocrx_word' id='word_1_353' title='bbox 1712 2350 1779 2418; x_wconf 77' lang='grc' dir='ltr'>ἦν</span> <span class='ocrx_word' id='word_1_354' title='bbox 1808 2350 1936 2411; x_wconf 82' lang='grc' dir='ltr'>τοὺς</span> <span class='ocrx_word' id='word_1_355' title='bbox 1961 2345 2101 2424; x_wconf 79' lang='grc' dir='ltr'>ἔργῳ</span> <span class='ocrx_word' id='word_1_356' title='bbox 2127 2347 2218 2403; x_wconf 88' lang='grc' dir='ltr'>τὸν</span> <span class='ocrx_word' id='word_1_357' title='bbox 2252 2346 2374 2419; x_wconf 80' lang='grc' dir='ltr'>περὶ</span> <span class='ocrx_word' id='word_1_358' title='bbox 2406 2346 2564 2401; x_wconf 85' lang='grc' dir='ltr'>αὐτὸν</span> <span class='ocrx_word' id='word_1_359' title='bbox 2596 2342 2772 2421; x_wconf 69' lang='grc' dir='ltr'>ἔρωτα</span> <span class='ocrx_word' id='word_1_360' title='bbox 2802 2344 2872 2402; x_wconf 87' lang='grc' dir='ltr'>δι’</span> <span class='ocrx_word' id='word_1_361' title='bbox 2899 2348 3032 2403; x_wconf 77' lang='grc' dir='ltr'>ὅλου</span> <span class='ocrx_word' id='word_1_362' title='bbox 3086 2348 3206 2424; x_wconf 88' lang='grc' dir='ltr'>βίου</span> <span class='ocrx_word' id='word_1_363' title='bbox 3248 2349 3482 2423; x_wconf 86' lang='grc' dir='ltr'>καθαρὸν</span> <span class='ocrx_word' id='word_1_364' title='bbox 3524 2346 3845 2420; x_wconf 78' lang='grc' dir='ltr'>ἀποδείξαντας</span> 
     </span>
    </p>
   </div>
   <div class='ocr_carea' id='block_1_50' title="bbox 505 2433 2167 2517">
    <p class='ocr_par' dir='ltr' id='par_1_50' title="bbox 505 2433 2167 2517">
     <span class='ocr_line' id='line_1_50' title="bbox 505 2433 2167 2517; baseline -0.001 -23"><span class='ocrx_word' id='word_1_365' title='bbox 505 2441 641 2511; x_wconf 80' lang='grc'>(14),</span> <span class='ocrx_word' id='word_1_366' title='bbox 675 2441 793 2509; x_wconf 80' lang='grc' dir='ltr'>ἄξια</span> <span class='ocrx_word' id='word_1_367' title='bbox 820 2445 928 2494; x_wconf 87' lang='grc' dir='ltr'>τῶν</span> <span class='ocrx_word' id='word_1_368' title='bbox 959 2442 1082 2517; x_wconf 85' lang='grc' dir='ltr'>περὶ</span> <span class='ocrx_word' id='word_1_369' title='bbox 1117 2442 1281 2496; x_wconf 74' lang='grc' dir='ltr'>αὐτοῦ</span> <span class='ocrx_word' id='word_1_370' title='bbox 1315 2438 1560 2516; x_wconf 76' lang='grc' dir='ltr'>ἱδρώτων</span> <span class='ocrx_word' id='word_1_371' title='bbox 1588 2439 1654 2493; x_wconf 82' lang='grc' dir='ltr'>τά</span> <span class='ocrx_word' id='word_1_372' title='bbox 1682 2439 1811 2515; x_wconf 85' lang='grc' dir='ltr'>γέρα</span> <span class='ocrx_word' id='word_1_373' title='bbox 1845 2433 2167 2512; x_wconf 74' lang='grc' dir='ltr'>λαμϐάνειν.</span> 
     </span>
    </p>
   </div>
   <div class='ocr_carea' id='block_1_51' title="bbox 556 2530 2146 2602">
    <p class='ocr_par' dir='ltr' id='par_1_51' title="bbox 556 2530 2146 2602">
     <span class='ocr_line' id='line_1_51' title="bbox 556 2530 2146 2602; baseline 0.001 -21"><span class='ocrx_word' id='word_1_374' title='bbox 556 2531 647 2582; x_wconf 80' lang='lat'>26.</span> <span class='ocrx_word' id='word_1_375' title='bbox 683 2531 923 2602; x_wconf 82' lang='lat' dir='ltr'>Oportet</span> <span class='ocrx_word' id='word_1_376' title='bbox 952 2537 1016 2586; x_wconf 91' lang='lat' dir='ltr'>ut</span> <span class='ocrx_word' id='word_1_377' title='bbox 1042 2533 1147 2586; x_wconf 91' lang='lat' dir='ltr'>tali</span> <span class='ocrx_word' id='word_1_378' title='bbox 1181 2549 1373 2588; x_wconf 90' lang='lat' dir='ltr'>amore</span> <span class='ocrx_word' id='word_1_379' title='bbox 1396 2532 1652 2602; x_wconf 85' lang='lat' dir='ltr'>ﬂagrans</span> <span class='ocrx_word' id='word_1_380' title='bbox 1683 2530 1864 2602; x_wconf 88' lang='lat' dir='ltr'>virgo,</span> <span class='ocrx_word' id='word_1_381' title='bbox 1889 2538 2146 2585; x_wconf 85' lang='lat' dir='ltr'>contem-</span> 
     </span>
    </p>
   </div>
   <div class='ocr_carea' id='block_1_52' title="bbox 491 2619 2146 2691">
    <p class='ocr_par' dir='ltr' id='par_1_52' title="bbox 491 2619 2146 2691">
     <span class='ocr_line' id='line_1_52' title="bbox 491 2619 2146 2691; baseline 0.001 -19"><span class='ocrx_word' id='word_1_382' title='bbox 491 2621 588 2672; x_wconf 86' lang='lat' dir='ltr'>nat</span> <span class='ocrx_word' id='word_1_383' title='bbox 649 2619 890 2688; x_wconf 91' lang='lat' dir='ltr'>quidem</span> <span class='ocrx_word' id='word_1_384' title='bbox 942 2619 1272 2691; x_wconf 81' lang='lat' dir='ltr'>voluptates</span> <span class='ocrx_word' id='word_1_385' title='bbox 1329 2625 1387 2675; x_wconf 85' lang='lat' dir='ltr'>et</span> <span class='ocrx_word' id='word_1_386' title='bbox 1445 2619 1703 2684; x_wconf 84' lang='lat' dir='ltr'>divitias,</span> <span class='ocrx_word' id='word_1_387' title='bbox 1759 2625 1816 2674; x_wconf 88' lang='lat' dir='ltr'>et</span> <span class='ocrx_word' id='word_1_388' title='bbox 1875 2619 2146 2691; x_wconf 83' lang='lat' dir='ltr'>Opinatas</span> 
     </span>
    </p>
   </div>
   <div class='ocr_carea' id='block_1_53' title="bbox 490 2707 2144 2779">
    <p class='ocr_par' dir='ltr' id='par_1_53' title="bbox 490 2707 2144 2779">
     <span class='ocr_line' id='line_1_53' title="bbox 490 2707 2144 2779; baseline -0.001 -17"><span class='ocrx_word' id='word_1_389' title='bbox 490 2707 699 2762; x_wconf 89' lang='lat' dir='ltr'>mundi</span> <span class='ocrx_word' id='word_1_390' title='bbox 755 2707 1019 2776; x_wconf 87' lang='lat' dir='ltr'>delicias,</span> <span class='ocrx_word' id='word_1_391' title='bbox 1072 2708 1425 2764; x_wconf 91' lang='lat' dir='ltr'>conculcans</span> <span class='ocrx_word' id='word_1_392' title='bbox 1482 2714 1678 2764; x_wconf 90' lang='lat' dir='ltr'>autem</span> <span class='ocrx_word' id='word_1_393' title='bbox 1727 2707 2144 2779; x_wconf 84' lang='lat' dir='ltr'>temporariam</span> 
     </span>
    </p>
   </div>
   <div class='ocr_carea' id='block_1_54' title="bbox 489 2794 2148 2870">
    <p class='ocr_par' dir='ltr' id='par_1_54' title="bbox 489 2794 2148 2870">
     <span class='ocr_line' id='line_1_54' title="bbox 489 2794 2148 2870; baseline 0.001 -21"><span class='ocrx_word' id='word_1_394' title='bbox 489 2794 762 2867; x_wconf 88' lang='lat' dir='ltr'>gloriam,</span> <span class='ocrx_word' id='word_1_395' title='bbox 795 2802 852 2852; x_wconf 92' lang='lat' dir='ltr'>et</span> <span class='ocrx_word' id='word_1_396' title='bbox 883 2798 1124 2869; x_wconf 86' lang='lat' dir='ltr'>fastum,</span> <span class='ocrx_word' id='word_1_397' title='bbox 1156 2807 1212 2853; x_wconf 86' lang='lat' dir='ltr'>et</span> <span class='ocrx_word' id='word_1_398' title='bbox 1241 2799 1503 2870; x_wconf 86' lang='lat' dir='ltr'>corporis</span> <span class='ocrx_word' id='word_1_399' title='bbox 1536 2797 2058 2869; x_wconf 87' lang='lat' dir='ltr'>pulchritudinem,</span> <span class='ocrx_word' id='word_1_400' title='bbox 2091 2799 2148 2850; x_wconf 90' lang='lat' dir='ltr'>et</span> 
     </span>
    </p>
   </div>
   <div class='ocr_carea' id='block_1_55' title="bbox 487 2883 2146 2958">
    <p class='ocr_par' dir='ltr' id='par_1_55' title="bbox 487 2883 2146 2958">
     <span class='ocr_line' id='line_1_55' title="bbox 487 2883 2146 2958; baseline 0.002 -20"><span class='ocrx_word' id='word_1_401' title='bbox 487 2883 731 2941; x_wconf 89' lang='lat' dir='ltr'>vitiosas</span> <span class='ocrx_word' id='word_1_402' title='bbox 752 2884 1277 2954; x_wconf 85' lang='lat' dir='ltr'>blanditias,oculo</span> <span class='ocrx_word' id='word_1_403' title='bbox 1305 2887 1572 2942; x_wconf 85' lang='lat' dir='ltr'>irretorto</span> <span class='ocrx_word' id='word_1_404' title='bbox 1598 2887 1907 2942; x_wconf 88' lang='lat' dir='ltr'>Dominum</span> <span class='ocrx_word' id='word_1_405' title='bbox 1936 2902 2146 2958; x_wconf 87' lang='lat' dir='ltr'>sequa-</span> 
     </span>
    </p>
   </div>
   <div class='ocr_carea' id='block_1_56' title="bbox 489 2975 2144 3046">
    <p class='ocr_par' dir='ltr' id='par_1_56' title="bbox 489 2975 2144 3046">
     <span class='ocr_line' id='line_1_56' title="bbox 489 2975 2144 3046; baseline 0.001 -16"><span class='ocrx_word' id='word_1_406' title='bbox 489 2977 608 3041; x_wconf 90' lang='lat' dir='ltr'>tur,</span> <span class='ocrx_word' id='word_1_407' title='bbox 633 2975 1050 3032; x_wconf 78' lang='lat' dir='ltr'>dicenszMihi</span> <span class='ocrx_word' id='word_1_408' title='bbox 1094 2987 1278 3032; x_wconf 77' lang='lat' dir='ltr'>autem</span> <span class='ocrx_word' id='word_1_409' title='bbox 1325 2975 1609 3033; x_wconf 55' lang='lat' dir='ltr'>adligo-ere</span> <span class='ocrx_word' id='word_1_410' title='bbox 1654 2976 1764 3032; x_wconf 91' lang='lat' dir='ltr'>Deo</span> <span class='ocrx_word' id='word_1_411' title='bbox 1813 2978 2010 3032; x_wconf 83' lang='lat' dir='ltr'>bonum</span> <span class='ocrx_word' id='word_1_412' title='bbox 2039 2982 2144 3046; x_wconf 86' lang='lat' dir='ltr'>est,</span> 
     </span>
    </p>
   </div>
   <div class='ocr_carea' id='block_1_57' title="bbox 488 3063 2143 3138">
    <p class='ocr_par' dir='ltr' id='par_1_57' title="bbox 488 3063 2143 3138">
     <span class='ocr_line' id='line_1_57' title="bbox 488 3063 2143 3138; baseline 0 -20"><span class='ocrx_word' id='word_1_413' title='bbox 488 3079 690 3135; x_wconf 86' lang='lat' dir='ltr'>ponere</span> <span class='ocrx_word' id='word_1_414' title='bbox 719 3067 782 3120; x_wconf 87' lang='lat' dir='ltr'>in</span> <span class='ocrx_word' id='word_1_415' title='bbox 813 3067 1037 3122; x_wconf 87' lang='lat' dir='ltr'>Domino</span> <span class='ocrx_word' id='word_1_416' title='bbox 1064 3082 1213 3138; x_wconf 89' lang='lat' dir='ltr'>spem</span> <span class='ocrx_word' id='word_1_417' title='bbox 1241 3083 1425 3120; x_wconf 87' lang='lat' dir='ltr'>meam</span> <span class='ocrx_word' id='word_1_418' title='bbox 1444 3066 1488 3100; x_wconf 81' lang='grc'>⁸⁸</span> <span class='ocrx_word' id='word_1_419' title='bbox 1516 3082 1529 3122; x_wconf 91' lang='lat'><strong>:</strong></span> <span class='ocrx_word' id='word_1_420' title='bbox 1562 3066 1642 3120; x_wconf 91' lang='lat' dir='ltr'>ita</span> <span class='ocrx_word' id='word_1_421' title='bbox 1674 3070 1737 3119; x_wconf 92' lang='lat' dir='ltr'>ut</span> <span class='ocrx_word' id='word_1_422' title='bbox 1765 3063 1982 3131; x_wconf 90' lang='lat' dir='ltr'>omnia,</span> <span class='ocrx_word' id='word_1_423' title='bbox 2015 3081 2143 3135; x_wconf 82' lang='lat' dir='ltr'>quea</span> 
     </span>
    </p>
   </div>
   <div class='ocr_carea' id='block_1_58' title="bbox 491 3153 2142 3226">
    <p class='ocr_par' dir='ltr' id='par_1_58' title="bbox 491 3153 2142 3226">
     <span class='ocr_line' id='line_1_58' title="bbox 491 3153 2142 3226; baseline -0.001 -18"><span class='ocrx_word' id='word_1_424' title='bbox 491 3153 729 3225; x_wconf 89' lang='lat' dir='ltr'>quidem</span> <span class='ocrx_word' id='word_1_425' title='bbox 763 3154 941 3226; x_wconf 88' lang='lat' dir='ltr'>hujus</span> <span class='ocrx_word' id='word_1_426' title='bbox 990 3155 1115 3210; x_wconf 63' lang='lat' dir='ltr'>vitae</span> <span class='ocrx_word' id='word_1_427' title='bbox 1156 3155 1618 3210; x_wconf 90' lang='lat' dir='ltr'>admiratoribus</span> <span class='ocrx_word' id='word_1_428' title='bbox 1648 3155 1920 3208; x_wconf 86' lang='lat' dir='ltr'>videntur</span> <span class='ocrx_word' id='word_1_429' title='bbox 1971 3153 2142 3222; x_wconf 87' lang='lat' dir='ltr'>bona,</span> 
     </span>
    </p>
   </div>
   <div class='ocr_carea' id='block_1_59' title="bbox 488 3241 2143 3316">
    <p class='ocr_par' dir='ltr' id='par_1_59' title="bbox 488 3241 2143 3316">
     <span class='ocr_line' id='line_1_59' title="bbox 488 3241 2143 3316; baseline -0.001 -19"><span class='ocrx_word' id='word_1_430' title='bbox 488 3242 888 3314; x_wconf 88' lang='lat' dir='ltr'>qualicunque</span> <span class='ocrx_word' id='word_1_431' title='bbox 918 3243 1016 3298; x_wconf 88' lang='lat' dir='ltr'>illa</span> <span class='ocrx_word' id='word_1_432' title='bbox 1050 3245 1288 3300; x_wconf 85' lang='lat' dir='ltr'>nomine</span> <span class='ocrx_word' id='word_1_433' title='bbox 1321 3243 1616 3316; x_wconf 89' lang='lat' dir='ltr'>appellare</span> <span class='ocrx_word' id='word_1_434' title='bbox 1648 3243 1780 3314; x_wconf 89' lang='lat' dir='ltr'>quis</span> <span class='ocrx_word' id='word_1_435' title='bbox 1813 3242 1967 3312; x_wconf 87' lang='lat' dir='ltr'>velit,</span> <span class='ocrx_word' id='word_1_436' title='bbox 2002 3241 2143 3296; x_wconf 86' lang='lat' dir='ltr'>ridi-</span> 
     </span>
    </p>
   </div>
   <div class='ocr_carea' id='block_1_60' title="bbox 486 3332 2142 3399">
    <p class='ocr_par' dir='ltr' id='par_1_60' title="bbox 486 3332 2142 3399">
     <span class='ocr_line' id='line_1_60' title="bbox 486 3332 2142 3399; baseline -0.002 -11"><span class='ocrx_word' id='word_1_437' title='bbox 486 3332 620 3388; x_wconf 85' lang='lat' dir='ltr'>cula</span> <span class='ocrx_word' id='word_1_438' title='bbox 651 3332 935 3388; x_wconf 83' lang='lat' dir='ltr'>dedecora</span> <span class='ocrx_word' id='word_1_439' title='bbox 963 3349 1093 3388; x_wconf 89' lang='lat' dir='ltr'>esse</span> <span class='ocrx_word' id='word_1_440' title='bbox 1123 3334 1430 3399; x_wconf 89' lang='lat' dir='ltr'>ostendat;</span> <span class='ocrx_word' id='word_1_441' title='bbox 1478 3332 1712 3387; x_wconf 87' lang='lat' dir='ltr'>unicam</span> <span class='ocrx_word' id='word_1_442' title='bbox 1766 3337 1963 3385; x_wconf 85' lang='lat' dir='ltr'>autem</span> <span class='ocrx_word' id='word_1_443' title='bbox 1997 3347 2142 3397; x_wconf 89' lang='lat' dir='ltr'>rem,</span> 
     </span>
    </p>
   </div>
   <div class='ocr_carea' id='block_1_61' title="bbox 490 3419 2153 3494">
    <p class='ocr_par' dir='ltr' id='par_1_61' title="bbox 490 3419 2153 3494">
     <span class='ocr_line' id='line_1_61' title="bbox 490 3419 2153 3494; baseline -0.001 -18"><span class='ocrx_word' id='word_1_444' title='bbox 490 3421 795 3494; x_wconf 89' lang='lat' dir='ltr'>proprium</span> <span class='ocrx_word' id='word_1_445' title='bbox 822 3424 1040 3476; x_wconf 90' lang='lat' dir='ltr'>bonum</span> <span class='ocrx_word' id='word_1_446' title='bbox 1066 3421 1487 3490; x_wconf 80' lang='lat' dir='ltr'>intuens,illud</span> <span class='ocrx_word' id='word_1_447' title='bbox 1514 3421 1736 3475; x_wconf 89' lang='lat' dir='ltr'>intento</span> <span class='ocrx_word' id='word_1_448' title='bbox 1758 3419 1925 3474; x_wconf 90' lang='lat' dir='ltr'>oculo</span> <span class='ocrx_word' id='word_1_449' title='bbox 1949 3437 2153 3490; x_wconf 87' lang='lat' dir='ltr'>sequa-</span> 
     </span>
    </p>
   </div>
   <div class='ocr_carea' id='block_1_62' title="bbox 489 3510 2152 3582">
    <p class='ocr_par' dir='ltr' id='par_1_62' title="bbox 489 3510 2152 3582">
     <span class='ocr_line' id='line_1_62' title="bbox 489 3510 2152 3582; baseline -0.001 -16"><span class='ocrx_word' id='word_1_450' title='bbox 489 3514 621 3566; x_wconf 90' lang='lat' dir='ltr'>tur:</span> <span class='ocrx_word' id='word_1_451' title='bbox 645 3510 938 3582; x_wconf 90' lang='lat' dir='ltr'>siquidem</span> <span class='ocrx_word' id='word_1_452' title='bbox 964 3510 1124 3565; x_wconf 91' lang='lat' dir='ltr'>illius</span> <span class='ocrx_word' id='word_1_453' title='bbox 1147 3512 1200 3564; x_wconf 90' lang='lat' dir='ltr'>in</span> <span class='ocrx_word' id='word_1_454' title='bbox 1223 3528 1283 3566; x_wconf 89' lang='lat' dir='ltr'>se</span> <span class='ocrx_word' id='word_1_455' title='bbox 1301 3524 1558 3564; x_wconf 87' lang='lat' dir='ltr'>amorem</span> <span class='ocrx_word' id='word_1_456' title='bbox 1582 3525 1962 3564; x_wconf 88' lang='lat' dir='ltr'>remunerans</span> <span class='ocrx_word' id='word_1_457' title='bbox 1979 3526 2152 3580; x_wconf 87' lang='lat' dir='ltr'>spon-</span> 
     </span>
    </p>
   </div>
   <div class='ocr_carea' id='block_1_63' title="bbox 493 3597 2154 3670">
    <p class='ocr_par' dir='ltr' id='par_1_63' title="bbox 493 3597 2154 3670">
     <span class='ocr_line' id='line_1_63' title="bbox 493 3597 2154 3670; baseline -0.002 -15"><span class='ocrx_word' id='word_1_458' title='bbox 493 3617 616 3665; x_wconf 91' lang='lat' dir='ltr'>sus,</span> <span class='ocrx_word' id='word_1_459' title='bbox 643 3600 872 3655; x_wconf 87' lang='lat' dir='ltr'>etiamsi</span> <span class='ocrx_word' id='word_1_460' title='bbox 917 3599 1129 3654; x_wconf 85' lang='lat' dir='ltr'>ancilla</span> <span class='ocrx_word' id='word_1_461' title='bbox 1161 3600 1234 3654; x_wconf 84' lang='lat' dir='ltr'>sit</span> <span class='ocrx_word' id='word_1_462' title='bbox 1266 3604 1322 3654; x_wconf 91' lang='lat' dir='ltr'>et</span> <span class='ocrx_word' id='word_1_463' title='bbox 1354 3597 1655 3670; x_wconf 90' lang='lat' dir='ltr'>ignobilis,</span> <span class='ocrx_word' id='word_1_464' title='bbox 1673 3598 1903 3652; x_wconf 87' lang='lat' dir='ltr'>etiamsi</span> <span class='ocrx_word' id='word_1_465' title='bbox 1935 3615 2154 3670; x_wconf 88' lang='lat' dir='ltr'>pauper</span> 
     </span>
    </p>
   </div>
   <div class='ocr_carea' id='block_1_64' title="bbox 495 3687 2156 3757">
    <p class='ocr_par' dir='ltr' id='par_1_64' title="bbox 495 3687 2156 3757">
     <span class='ocr_line' id='line_1_64' title="bbox 495 3687 2156 3757; baseline 0 -15"><span class='ocrx_word' id='word_1_466' title='bbox 495 3693 552 3742; x_wconf 84' lang='lat' dir='ltr'>et</span> <span class='ocrx_word' id='word_1_467' title='bbox 582 3689 856 3755; x_wconf 87' lang='lat' dir='ltr'>obscura,</span> <span class='ocrx_word' id='word_1_468' title='bbox 879 3688 1104 3743; x_wconf 83' lang='lat' dir='ltr'>etiamsi</span> <span class='ocrx_word' id='word_1_469' title='bbox 1132 3689 1186 3742; x_wconf 90' lang='lat' dir='ltr'>in</span> <span class='ocrx_word' id='word_1_470' title='bbox 1212 3687 1322 3743; x_wconf 87' lang='lat' dir='ltr'>hoc</span> <span class='ocrx_word' id='word_1_471' title='bbox 1346 3687 1566 3742; x_wconf 90' lang='lat' dir='ltr'>mundo</span> <span class='ocrx_word' id='word_1_472' title='bbox 1593 3687 1820 3757; x_wconf 86' lang='lat' dir='ltr'>abjecta</span> <span class='ocrx_word' id='word_1_473' title='bbox 1849 3696 1902 3742; x_wconf 86' lang='lat' dir='ltr'>et</span> <span class='ocrx_word' id='word_1_474' title='bbox 1923 3687 2156 3742; x_wconf 87' lang='lat' dir='ltr'>deserta</span> 
     </span>
    </p>
   </div>
   <div class='ocr_carea' id='block_1_65' title="bbox 497 3775 2153 3848">
    <p class='ocr_par' dir='ltr' id='par_1_65' title="bbox 497 3775 2153 3848">
     <span class='ocr_line' id='line_1_65' title="bbox 497 3775 2153 3848; baseline -0.001 -16"><span class='ocrx_word' id='word_1_475' title='bbox 497 3778 592 3841; x_wconf 90' lang='lat' dir='ltr'>sit,</span> <span class='ocrx_word' id='word_1_476' title='bbox 626 3777 787 3833; x_wconf 88' lang='lat' dir='ltr'>illam</span> <span class='ocrx_word' id='word_1_477' title='bbox 820 3777 1144 3832; x_wconf 90' lang='lat' dir='ltr'>nobilitans</span> <span class='ocrx_word' id='word_1_478' title='bbox 1178 3777 1441 3848; x_wconf 87' lang='lat' dir='ltr'>reginam</span> <span class='ocrx_word' id='word_1_479' title='bbox 1475 3777 1754 3832; x_wconf 63' lang='lat' dir='ltr'>caelorum</span> <span class='ocrx_word' id='word_1_480' title='bbox 1788 3775 1989 3843; x_wconf 81' lang='lat' dir='ltr'>efﬁcit,</span> <span class='ocrx_word' id='word_1_481' title='bbox 2039 3793 2153 3832; x_wconf 91' lang='lat' dir='ltr'>non</span> 
     </span>
    </p>
   </div>
   <div class='ocr_carea' id='block_1_66' title="bbox 499 3863 2155 3934">
    <p class='ocr_par' dir='ltr' id='par_1_66' title="bbox 499 3863 2155 3934">
     <span class='ocr_line' id='line_1_66' title="bbox 499 3863 2155 3934; baseline -0.002 -13"><span class='ocrx_word' id='word_1_482' title='bbox 499 3865 688 3922; x_wconf 89' lang='lat' dir='ltr'>solum</span> <span class='ocrx_word' id='word_1_483' title='bbox 708 3864 1180 3921; x_wconf 86' lang='lat' dir='ltr'>immortalitatis</span> <span class='ocrx_word' id='word_1_484' title='bbox 1200 3864 1504 3920; x_wconf 87' lang='lat' dir='ltr'>nobilitate</span> <span class='ocrx_word' id='word_1_485' title='bbox 1519 3870 1789 3920; x_wconf 86' lang='lat' dir='ltr'>naturam</span> <span class='ocrx_word' id='word_1_486' title='bbox 1809 3863 2155 3934; x_wconf 78' lang='lat' dir='ltr'>insigniens,</span> 
     </span>
    </p>
   </div>
   <div class='ocr_carea' id='block_1_67' title="bbox 498 3953 2159 4024">
    <p class='ocr_par' dir='ltr' id='par_1_67' title="bbox 498 3953 2159 4024">
     <span class='ocr_line' id='line_1_67' title="bbox 498 3953 2159 4024; baseline -0.001 -15"><span class='ocrx_word' id='word_1_487' title='bbox 498 3956 600 4010; x_wconf 91' lang='lat' dir='ltr'>sed</span> <span class='ocrx_word' id='word_1_488' title='bbox 624 3955 797 4010; x_wconf 89' lang='lat' dir='ltr'>etiam</span> <span class='ocrx_word' id='word_1_489' title='bbox 825 3953 1094 4010; x_wconf 89' lang='lat' dir='ltr'>studiose</span> <span class='ocrx_word' id='word_1_490' title='bbox 1118 3954 1420 4009; x_wconf 84' lang='lat' dir='ltr'>exterioris</span> <span class='ocrx_word' id='word_1_491' title='bbox 1439 3953 1773 4019; x_wconf 88' lang='lat' dir='ltr'>habitus,in</span> <span class='ocrx_word' id='word_1_492' title='bbox 1793 3971 1961 4009; x_wconf 90' lang='lat' dir='ltr'>suam</span> <span class='ocrx_word' id='word_1_493' title='bbox 1987 3968 2159 4024; x_wconf 76' lang='lat' dir='ltr'>spon‘</span> 
     </span>
    </p>
   </div>
   <div class='ocr_carea' id='block_1_68' title="bbox 499 4041 2157 4114">
    <p class='ocr_par' dir='ltr' id='par_1_68' title="bbox 499 4041 2157 4114">
     <span class='ocr_line' id='line_1_68' title="bbox 499 4041 2157 4114; baseline -0.001 -17"><span class='ocrx_word' id='word_1_494' title='bbox 499 4059 650 4109; x_wconf 88' lang='lat' dir='ltr'>sam,</span> <span class='ocrx_word' id='word_1_495' title='bbox 679 4042 838 4097; x_wconf 89' lang='lat' dir='ltr'>vario</span> <span class='ocrx_word' id='word_1_496' title='bbox 870 4042 1158 4097; x_wconf 89' lang='lat' dir='ltr'>decorans</span> <span class='ocrx_word' id='word_1_497' title='bbox 1189 4048 1422 4096; x_wconf 91' lang='lat' dir='ltr'>ornatu.</span> <span class='ocrx_word' id='word_1_498' title='bbox 1448 4041 1631 4111; x_wconf 88' lang='lat' dir='ltr'>Cujus</span> <span class='ocrx_word' id='word_1_499' title='bbox 1663 4042 1911 4114; x_wconf 88' lang='lat' dir='ltr'>gloriam</span> <span class='ocrx_word' id='word_1_500' title='bbox 1936 4043 2157 4097; x_wconf 87' lang='lat' dir='ltr'>Psaltes</span> 
     </span>
    </p>
   </div>
   <div class='ocr_carea' id='block_1_69' title="bbox 498 4131 2159 4201">
    <p class='ocr_par' dir='ltr' id='par_1_69' title="bbox 498 4131 2159 4201">
     <span class='ocr_line' id='line_1_69' title="bbox 498 4131 2159 4201; baseline -0.001 -14"><span class='ocrx_word' id='word_1_501' title='bbox 498 4133 823 4201; x_wconf 86' lang='lat' dir='ltr'>admirans,</span> <span class='ocrx_word' id='word_1_502' title='bbox 851 4131 921 4186; x_wconf 90' lang='lat' dir='ltr'>ad</span> <span class='ocrx_word' id='word_1_503' title='bbox 955 4147 1241 4201; x_wconf 87' lang='lat' dir='ltr'>sponsum</span> <span class='ocrx_word' id='word_1_504' title='bbox 1277 4131 1360 4185; x_wconf 88' lang='lat' dir='ltr'>ait</span> <span class='ocrx_word' id='word_1_505' title='bbox 1393 4147 1406 4186; x_wconf 90' lang='lat'><strong>:</strong></span> <span class='ocrx_word' id='word_1_506' title='bbox 1441 4133 1624 4186; x_wconf 77' lang='lat' dir='ltr'>Astitit</span> <span class='ocrx_word' id='word_1_507' title='bbox 1661 4133 1852 4200; x_wconf 78' lang='lat' dir='ltr'>regina</span> <span class='ocrx_word' id='word_1_508' title='bbox 1881 4148 1916 4184; x_wconf 94' lang='lat' dir='ltr'>a</span> <span class='ocrx_word' id='word_1_509' title='bbox 1944 4132 2159 4186; x_wconf 75' lang='lat' dir='ltr'>dextris</span> 
     </span>
    </p>
   </div>
   <div class='ocr_carea' id='block_1_70' title="bbox 495 4218 2158 4277">
    <p class='ocr_par' dir='ltr' id='par_1_70' title="bbox 495 4218 2158 4277">
     <span class='ocr_line' id='line_1_70' title="bbox 495 4218 2158 4277; baseline -0.002 -1"><span class='ocrx_word' id='word_1_510' title='bbox 495 4224 606 4277; x_wconf 88' lang='lat' dir='ltr'>tuis</span> <span class='ocrx_word' id='word_1_511' title='bbox 637 4223 694 4276; x_wconf 86' lang='lat' dir='ltr'>in</span> <span class='ocrx_word' id='word_1_512' title='bbox 717 4221 919 4276; x_wconf 87' lang='lat' dir='ltr'>vestitu</span> <span class='ocrx_word' id='word_1_513' title='bbox 941 4219 1204 4274; x_wconf 81' lang='lat' dir='ltr'>deaurato</span> <span class='ocrx_word' id='word_1_514' title='bbox 1226 4219 1565 4274; x_wconf 76' lang='lat' dir='ltr'>circumdata</span> <span class='ocrx_word' id='word_1_515' title='bbox 1587 4221 1856 4274; x_wconf 76' lang='lat' dir='ltr'>varietate</span> <span class='ocrx_word' id='word_1_516' title='bbox 1873 4219 1918 4253; x_wconf 79' lang='lat'><strong>&quot;</strong></span> <span class='ocrx_word' id='word_1_517' title='bbox 1947 4235 1960 4273; x_wconf 90' lang='lat'><strong>:</strong></span> <span class='ocrx_word' id='word_1_518' title='bbox 1982 4218 2066 4272; x_wconf 92' lang='lat' dir='ltr'>itu</span> <span class='ocrx_word' id='word_1_519' title='bbox 2093 4223 2158 4273; x_wconf 92' lang='lat' dir='ltr'>ut</span> 
     </span>
    </p>
   </div>
   <div class='ocr_carea' id='block_1_71' title="bbox 499 4306 2157 4381">
    <p class='ocr_par' dir='ltr' id='par_1_71' title="bbox 499 4306 2157 4381">
     <span class='ocr_line' id='line_1_71' title="bbox 499 4306 2157 4381; baseline -0.001 -17"><span class='ocrx_word' id='word_1_520' title='bbox 499 4327 631 4381; x_wconf 66' lang='lat' dir='ltr'>quae</span> <span class='ocrx_word' id='word_1_521' title='bbox 664 4326 818 4364; x_wconf 89' lang='lat' dir='ltr'>nunc</span> <span class='ocrx_word' id='word_1_522' title='bbox 865 4307 1056 4363; x_wconf 88' lang='lat' dir='ltr'>lacera</span> <span class='ocrx_word' id='word_1_523' title='bbox 1084 4313 1246 4363; x_wconf 89' lang='lat' dir='ltr'>veste</span> <span class='ocrx_word' id='word_1_524' title='bbox 1279 4313 1334 4363; x_wconf 91' lang='lat' dir='ltr'>et</span> <span class='ocrx_word' id='word_1_525' title='bbox 1363 4307 1557 4362; x_wconf 84' lang='lat' dir='ltr'>servili</span> <span class='ocrx_word' id='word_1_526' title='bbox 1605 4307 1807 4361; x_wconf 88' lang='lat' dir='ltr'>habitu</span> <span class='ocrx_word' id='word_1_527' title='bbox 1841 4308 1994 4361; x_wconf 76' lang='lat'>643</span> <span class='ocrx_word' id='word_1_528' title='bbox 2027 4306 2157 4362; x_wconf 89' lang='lat' dir='ltr'>vilis</span> 
     </span>
    </p>
   </div>
   <div class='ocr_carea' id='block_1_72' title="bbox 500 4395 2158 4466">
    <p class='ocr_par' dir='ltr' id='par_1_72' title="bbox 500 4395 2158 4466">
     <span class='ocr_line' id='line_1_72' title="bbox 500 4395 2158 4466; baseline -0.003 -12"><span class='ocrx_word' id='word_1_529' title='bbox 500 4398 839 4454; x_wconf 84' lang='lat' dir='ltr'>existimata</span> <span class='ocrx_word' id='word_1_530' title='bbox 869 4401 977 4466; x_wconf 89' lang='lat' dir='ltr'>est,</span> <span class='ocrx_word' id='word_1_531' title='bbox 1012 4397 1070 4450; x_wconf 93' lang='lat' dir='ltr'>in</span> <span class='ocrx_word' id='word_1_532' title='bbox 1117 4412 1296 4466; x_wconf 81' lang='lat' dir='ltr'>regno</span> <span class='ocrx_word' id='word_1_533' title='bbox 1339 4395 1615 4450; x_wconf 59' lang='lat' dir='ltr'>caelorum</span> <span class='ocrx_word' id='word_1_534' title='bbox 1672 4395 1870 4466; x_wconf 87' lang='lat' dir='ltr'>regina</span> <span class='ocrx_word' id='word_1_535' title='bbox 1899 4401 1956 4452; x_wconf 89' lang='lat' dir='ltr'>et</span> <span class='ocrx_word' id='word_1_536' title='bbox 1988 4396 2158 4452; x_wconf 79' lang='lat' dir='ltr'>nobi-</span> 
     </span>
    </p>
   </div>
   <div class='ocr_carea' id='block_1_73' title="bbox 500 4484 2158 4555">
    <p class='ocr_par' dir='ltr' id='par_1_73' title="bbox 500 4484 2158 4555">
     <span class='ocr_line' id='line_1_73' title="bbox 500 4484 2158 4555; baseline -0.001 -14"><span class='ocrx_word' id='word_1_537' title='bbox 500 4485 575 4541; x_wconf 90' lang='lat' dir='ltr'>lis</span> <span class='ocrx_word' id='word_1_538' title='bbox 604 4491 660 4540; x_wconf 88' lang='lat' dir='ltr'>et</span> <span class='ocrx_word' id='word_1_539' title='bbox 691 4490 899 4539; x_wconf 90' lang='lat' dir='ltr'>ornatu</span> <span class='ocrx_word' id='word_1_540' title='bbox 953 4485 1246 4548; x_wconf 90' lang='lat' dir='ltr'>decorata,</span> <span class='ocrx_word' id='word_1_541' title='bbox 1280 4485 1396 4555; x_wconf 85' lang='lat' dir='ltr'>regi</span> <span class='ocrx_word' id='word_1_542' title='bbox 1450 4489 1650 4538; x_wconf 88' lang='lat' dir='ltr'>astans</span> <span class='ocrx_word' id='word_1_543' title='bbox 1701 4484 2046 4539; x_wconf 86' lang='lat' dir='ltr'>inveniatur.</span> <span class='ocrx_word' id='word_1_544' title='bbox 2080 4487 2158 4540; x_wconf 89' lang='grc' dir='ltr'>Αο</span> 
     </span>
    </p>
   </div>
   <div class='ocr_carea' id='block_1_74' title="bbox 499 4573 2156 4648">
    <p class='ocr_par' dir='ltr' id='par_1_74' title="bbox 499 4573 2156 4648">
     <span class='ocr_line' id='line_1_74' title="bbox 499 4573 2156 4648; baseline -0.001 -18"><span class='ocrx_word' id='word_1_545' title='bbox 499 4575 756 4648; x_wconf 85' lang='lat' dir='ltr'>profecto</span> <span class='ocrx_word' id='word_1_546' title='bbox 781 4573 1106 4628; x_wconf 90' lang='lat' dir='ltr'>absurdum</span> <span class='ocrx_word' id='word_1_547' title='bbox 1130 4577 1241 4642; x_wconf 89' lang='lat' dir='ltr'>est,</span> <span class='ocrx_word' id='word_1_548' title='bbox 1262 4577 1346 4642; x_wconf 92' lang='lat' dir='ltr'>ut,</span> <span class='ocrx_word' id='word_1_549' title='bbox 1365 4589 1496 4626; x_wconf 90' lang='lat' dir='ltr'>cum</span> <span class='ocrx_word' id='word_1_550' title='bbox 1524 4590 1778 4644; x_wconf 90' lang='lat' dir='ltr'>sponsus</span> <span class='ocrx_word' id='word_1_551' title='bbox 1801 4574 1874 4629; x_wconf 92' lang='lat' dir='ltr'>ob</span> <span class='ocrx_word' id='word_1_552' title='bbox 1897 4591 2073 4628; x_wconf 91' lang='lat' dir='ltr'>suum</span> <span class='ocrx_word' id='word_1_553' title='bbox 2097 4574 2156 4628; x_wconf 89' lang='lat' dir='ltr'>in</span> 
     </span>
    </p>
   </div>
   <div class='ocr_carea' id='block_1_75' title="bbox 2325 2523 3846 2604">
    <p class='ocr_par' dir='ltr' id='par_1_75' title="bbox 2325 2523 3846 2604">
     <span class='ocr_line' id='line_1_75' title="bbox 2325 2523 3846 2604; baseline -0.001 -24"><span class='ocrx_word' id='word_1_554' title='bbox 2325 2527 2415 2581; x_wconf 85' lang='lat'>26.</span> <span class='ocrx_word' id='word_1_555' title='bbox 2473 2527 2733 2582; x_wconf 79' lang='grc' dir='ltr'>Τοιοῦτον</span> <span class='ocrx_word' id='word_1_556' title='bbox 2764 2523 2847 2581; x_wconf 87' lang='grc' dir='ltr'>δεῖ</span> <span class='ocrx_word' id='word_1_557' title='bbox 2877 2525 3050 2603; x_wconf 75' lang='grc' dir='ltr'>ἔρωτα</span> <span class='ocrx_word' id='word_1_558' title='bbox 3076 2529 3176 2597; x_wconf 76' lang='grc' dir='ltr'>τὴν</span> <span class='ocrx_word' id='word_1_559' title='bbox 3209 2527 3473 2604; x_wconf 72' lang='grc' dir='ltr'>παρθένον</span> <span class='ocrx_word' id='word_1_560' title='bbox 3530 2526 3732 2601; x_wconf 83' lang='grc' dir='ltr'>ἐρῶσαν,</span> <span class='ocrx_word' id='word_1_561' title='bbox 3769 2546 3846 2579; x_wconf 82' lang='grc' dir='ltr'>κα-</span> 
     </span>
    </p>
   </div>
   <div class='ocr_carea' id='block_1_76' title="bbox 2251 2612 3847 2688">
    <p class='ocr_par' dir='ltr' id='par_1_76' title="bbox 2251 2612 3847 2688">
     <span class='ocr_line' id='line_1_76' title="bbox 2251 2612 3847 2688; baseline 0.004 -20"><span class='ocrx_word' id='word_1_562' title='bbox 2251 2619 2540 2688; x_wconf 80' lang='grc' dir='ltr'>ταφρονεῖν</span> <span class='ocrx_word' id='word_1_563' title='bbox 2597 2616 2690 2688; x_wconf 77' lang='grc' dir='ltr'>μὶν</span> <span class='ocrx_word' id='word_1_564' title='bbox 2735 2612 3090 2686; x_wconf 81' lang='grc' dir='ltr'>ἡδυπαθείας,</span> <span class='ocrx_word' id='word_1_565' title='bbox 3120 2618 3336 2672; x_wconf 77' lang='grc' dir='ltr'>καὶτοῦ</span> <span class='ocrx_word' id='word_1_566' title='bbox 3366 2617 3603 2673; x_wconf 86' lang='grc' dir='ltr'>πλούτου</span> <span class='ocrx_word' id='word_1_567' title='bbox 3651 2615 3726 2670; x_wconf 80' lang='grc' dir='ltr'>καὶ</span> <span class='ocrx_word' id='word_1_568' title='bbox 3771 2620 3847 2682; x_wconf 77' lang='grc' dir='ltr'>τῆς</span> 
     </span>
    </p>
   </div>
   <div class='ocr_carea' id='block_1_77' title="bbox 2255 2700 3842 2782">
    <p class='ocr_par' dir='ltr' id='par_1_77' title="bbox 2255 2700 3842 2782">
     <span class='ocr_line' id='line_1_77' title="bbox 2255 2700 3842 2782; baseline -0.002 -25"><span class='ocrx_word' id='word_1_569' title='bbox 2255 2704 2624 2776; x_wconf 70' lang='grc' dir='ltr'>νομιζομένης</span> <span class='ocrx_word' id='word_1_570' title='bbox 2677 2703 2728 2758; x_wconf 77' lang='grc' dir='ltr'>ἰν</span> <span class='ocrx_word' id='word_1_571' title='bbox 2779 2709 2858 2777; x_wconf 79' lang='grc' dir='ltr'>τῷ</span> <span class='ocrx_word' id='word_1_572' title='bbox 2899 2704 3092 2778; x_wconf 88' lang='grc' dir='ltr'>κόσμῳ</span> <span class='ocrx_word' id='word_1_573' title='bbox 3121 2713 3351 2782; x_wconf 70' lang='grc' dir='ltr'>τρυφῆς*</span> <span class='ocrx_word' id='word_1_574' title='bbox 3415 2710 3667 2760; x_wconf 75' lang='grc' dir='ltr'>πατοῦσαν</span> <span class='ocrx_word' id='word_1_575' title='bbox 3695 2700 3743 2757; x_wconf 70' lang='grc' dir='ltr'>δὲ</span> <span class='ocrx_word' id='word_1_576' title='bbox 3765 2703 3842 2769; x_wconf 71' lang='grc' dir='ltr'>τήν</span> 
     </span>
    </p>
   </div>
   <div class='ocr_carea' id='block_1_78' title="bbox 2253 2789 3841 2869">
    <p class='ocr_par' dir='ltr' id='par_1_78' title="bbox 2253 2789 3841 2869">
     <span class='ocr_line' id='line_1_78' title="bbox 2253 2789 3841 2869; baseline -0.001 -22"><span class='ocrx_word' id='word_1_577' title='bbox 2253 2792 2584 2868; x_wconf 76' lang='grc' dir='ltr'>πρόσκαιρον</span> <span class='ocrx_word' id='word_1_578' title='bbox 2637 2791 2817 2864; x_wconf 78' lang='grc' dir='ltr'>δόξαν,</span> <span class='ocrx_word' id='word_1_579' title='bbox 2867 2793 2957 2848; x_wconf 87' lang='grc' dir='ltr'>καί</span> <span class='ocrx_word' id='word_1_580' title='bbox 3005 2798 3197 2869; x_wconf 76' lang='grc' dir='ltr'>τῦφον,</span> <span class='ocrx_word' id='word_1_581' title='bbox 3242 2795 3331 2849; x_wconf 82' lang='grc' dir='ltr'>καὶ</span> <span class='ocrx_word' id='word_1_582' title='bbox 3364 2795 3612 2868; x_wconf 86' lang='grc' dir='ltr'>σώματος</span> <span class='ocrx_word' id='word_1_583' title='bbox 3652 2789 3841 2861; x_wconf 86' lang='grc' dir='ltr'>κάλλος,</span> 
     </span>
    </p>
   </div>
   <div class='ocr_carea' id='block_1_79' title="bbox 2253 2879 3850 2960">
    <p class='ocr_par' dir='ltr' id='par_1_79' title="bbox 2253 2879 3850 2960">
     <span class='ocr_line' id='line_1_79' title="bbox 2253 2879 3850 2960; baseline -0.003 -24"><span class='ocrx_word' id='word_1_584' title='bbox 2253 2882 2343 2936; x_wconf 87' lang='grc' dir='ltr'>καὶ</span> <span class='ocrx_word' id='word_1_585' title='bbox 2391 2882 2487 2944; x_wconf 81' lang='grc' dir='ltr'>τὰς</span> <span class='ocrx_word' id='word_1_586' title='bbox 2533 2879 2794 2954; x_wconf 79' lang='grc' dir='ltr'>ἐμπαθεῖς</span> <span class='ocrx_word' id='word_1_587' title='bbox 2854 2882 3181 2956; x_wconf 80' lang='grc' dir='ltr'>κολακείας,</span> <span class='ocrx_word' id='word_1_588' title='bbox 3241 2883 3628 2960; x_wconf 81' lang='grc' dir='ltr'>ἀμεταστρεπτὶ</span> <span class='ocrx_word' id='word_1_589' title='bbox 3668 2886 3734 2952; x_wconf 82' lang='grc' dir='ltr'>τῷ</span> <span class='ocrx_word' id='word_1_590' title='bbox 3769 2885 3850 2933; x_wconf 79' lang='lat' dir='ltr'>Ko-</span> 
     </span>
    </p>
   </div>
   <div class='ocr_carea' id='block_1_80' title="bbox 2256 2966 3847 3048">
    <p class='ocr_par' dir='ltr' id='par_1_80' title="bbox 2256 2966 3847 3048">
     <span class='ocr_line' id='line_1_80' title="bbox 2256 2966 3847 3048; baseline -0.001 -24"><span class='ocrx_word' id='word_1_591' title='bbox 2256 2969 2357 3046; x_wconf 87' lang='grc' dir='ltr'>ρίῳ</span> <span class='ocrx_word' id='word_1_592' title='bbox 2405 2967 2764 3038; x_wconf 86' lang='grc' dir='ltr'>ἀκολουθεῖν,</span> <span class='ocrx_word' id='word_1_593' title='bbox 2820 2969 3102 3048; x_wconf 62' lang='grc' dir='ltr'>λέγουσαν</span> <span class='ocrx_word' id='word_1_594' title='bbox 3173 2973 3332 3046; x_wconf 84' lang='grc' dir='ltr'>Ἐμοὶ</span> <span class='ocrx_word' id='word_1_595' title='bbox 3398 2970 3454 3028; x_wconf 73' lang='grc' dir='ltr'>δὶ</span> <span class='ocrx_word' id='word_1_596' title='bbox 3504 2974 3562 3027; x_wconf 89' lang='grc' dir='ltr'>τὸ</span> <span class='ocrx_word' id='word_1_597' title='bbox 3617 2966 3847 3044; x_wconf 80' lang='grc' dir='ltr'>προσκολο</span> 
     </span>
    </p>
   </div>
   <div class='ocr_carea' id='block_1_81' title="bbox 2255 3057 3851 3137">
    <p class='ocr_par' dir='ltr' id='par_1_81' title="bbox 2255 3057 3851 3137">
     <span class='ocr_line' id='line_1_81' title="bbox 2255 3057 3851 3137; baseline -0.008 -14"><span class='ocrx_word' id='word_1_598' title='bbox 2255 3057 2448 3123; x_wconf 77' lang='grc' dir='ltr'>λᾶσθαι</span> <span class='ocrx_word' id='word_1_599' title='bbox 2501 3063 2580 3131; x_wconf 88' lang='grc' dir='ltr'>τῷ</span> <span class='ocrx_word' id='word_1_600' title='bbox 2637 3064 2754 3132; x_wconf 86' lang='grc' dir='ltr'>Θεῷ</span> <span class='ocrx_word' id='word_1_601' title='bbox 2808 3063 2926 3132; x_wconf 87' lang='grc'>(15)</span> <span class='ocrx_word' id='word_1_602' title='bbox 2984 3062 3184 3137; x_wconf 86' lang='grc' dir='ltr'>ἀγαθόν</span> <span class='ocrx_word' id='word_1_603' title='bbox 3241 3061 3375 3116; x_wconf 83' lang='grc' dir='ltr'>ἐστι·</span> <span class='ocrx_word' id='word_1_604' title='bbox 3434 3062 3653 3117; x_wconf 87' lang='grc' dir='ltr'>τίθεσθαι</span> <span class='ocrx_word' id='word_1_605' title='bbox 3705 3058 3750 3113; x_wconf 66' lang='grc' dir='ltr'>ἂν</span> <span class='ocrx_word' id='word_1_606' title='bbox 3791 3059 3851 3126; x_wconf 75' lang='grc' dir='ltr'>τῷ</span> 
     </span>
    </p>
   </div>
   <div class='ocr_carea' id='block_1_82' title="bbox 2254 3146 3853 3224">
    <p class='ocr_par' dir='ltr' id='par_1_82' title="bbox 2254 3146 3853 3224">
     <span class='ocr_line' id='line_1_82' title="bbox 2254 3146 3853 3224; baseline -0.004 -19"><span class='ocrx_word' id='word_1_607' title='bbox 2254 3148 2440 3224; x_wconf 85' lang='grc' dir='ltr'>Κυρίῳ</span> <span class='ocrx_word' id='word_1_608' title='bbox 2497 3149 2593 3217; x_wconf 80' lang='grc' dir='ltr'>τήν</span> <span class='ocrx_word' id='word_1_609' title='bbox 2655 3146 2852 3204; x_wconf 72' lang='grc' dir='ltr'>ἆλπίδα</span> <span class='ocrx_word' id='word_1_610' title='bbox 2895 3169 3020 3222; x_wconf 73' lang='grc' dir='ltr'>μουο</span> <span class='ocrx_word' id='word_1_611' title='bbox 3079 3147 3254 3204; x_wconf 85' lang='grc' dir='ltr'>πάντα</span> <span class='ocrx_word' id='word_1_612' title='bbox 3319 3151 3417 3223; x_wconf 70' lang='grc' dir='ltr'>μὶν</span> <span class='ocrx_word' id='word_1_613' title='bbox 3461 3151 3525 3205; x_wconf 79' lang='grc' dir='ltr'>τὰ</span> <span class='ocrx_word' id='word_1_614' title='bbox 3569 3147 3853 3222; x_wconf 74' lang='grc' dir='ltr'>νομιζόμενα</span> 
     </span>
    </p>
   </div>
   <div class='ocr_carea' id='block_1_83' title="bbox 2254 3237 3854 3314">
    <p class='ocr_par' dir='ltr' id='par_1_83' title="bbox 2254 3237 3854 3314">
     <span class='ocr_line' id='line_1_83' title="bbox 2254 3237 3854 3314; baseline -0.003 -23"><span class='ocrx_word' id='word_1_615' title='bbox 2254 3243 2371 3300; x_wconf 90' lang='grc' dir='ltr'>τοῖς</span> <span class='ocrx_word' id='word_1_616' title='bbox 2422 3237 2543 3313; x_wconf 84' lang='grc' dir='ltr'>περὶ</span> <span class='ocrx_word' id='word_1_617' title='bbox 2574 3237 2664 3291; x_wconf 84' lang='grc' dir='ltr'>τὸν</span> <span class='ocrx_word' id='word_1_618' title='bbox 2721 3237 2836 3314; x_wconf 84' lang='grc' dir='ltr'>βίον</span> <span class='ocrx_word' id='word_1_619' title='bbox 2866 3242 3058 3293; x_wconf 80' lang='grc' dir='ltr'>τοῦτον</span> <span class='ocrx_word' id='word_1_620' title='bbox 3094 3239 3462 3312; x_wconf 68' lang='grc' dir='ltr'>ἐπτοημένοις</span> <span class='ocrx_word' id='word_1_621' title='bbox 3487 3237 3639 3307; x_wconf 78' lang='grc' dir='ltr'>καλὰ,</span> <span class='ocrx_word' id='word_1_622' title='bbox 3670 3239 3747 3292; x_wconf 83' lang='grc' dir='ltr'>οἷα</span> <span class='ocrx_word' id='word_1_623' title='bbox 3777 3252 3854 3307; x_wconf 79' lang='grc' dir='ltr'>περ</span> 
     </span>
    </p>
   </div>
   <div class='ocr_carea' id='block_1_84' title="bbox 2259 3321 3857 3406">
    <p class='ocr_par' dir='ltr' id='par_1_84' title="bbox 2259 3321 3857 3406">
     <span class='ocr_line' id='line_1_84' title="bbox 2259 3321 3857 3406; baseline -0.004 -25"><span class='ocrx_word' id='word_1_624' title='bbox 2259 3325 2318 3381; x_wconf 78' lang='grc' dir='ltr'>ἄν</span> <span class='ocrx_word' id='word_1_625' title='bbox 2371 3347 2451 3388; x_wconf 90' lang='grc' dir='ltr'>τις</span> <span class='ocrx_word' id='word_1_626' title='bbox 2503 3325 2787 3398; x_wconf 79' lang='grc' dir='ltr'>ὀνομάζειν</span> <span class='ocrx_word' id='word_1_627' title='bbox 2840 3325 3020 3401; x_wconf 65' lang='grc' dir='ltr'>ἐθέλῃ,</span> <span class='ocrx_word' id='word_1_628' title='bbox 3079 3325 3244 3403; x_wconf 76' lang='grc' dir='ltr'>αἶ’σχη</span> <span class='ocrx_word' id='word_1_629' title='bbox 3277 3328 3640 3406; x_wconf 84' lang='grc' dir='ltr'>καταγέλαστα</span> <span class='ocrx_word' id='word_1_630' title='bbox 3665 3321 3857 3396; x_wconf 80' lang='grc' dir='ltr'>ἀποφαί-</span> 
     </span>
    </p>
   </div>
   <div class='ocr_carea' id='block_1_85' title="bbox 2257 3412 3860 3492">
    <p class='ocr_par' dir='ltr' id='par_1_85' title="bbox 2257 3412 3860 3492">
     <span class='ocr_line' id='line_1_85' title="bbox 2257 3412 3860 3492; baseline 0 -24"><span class='ocrx_word' id='word_1_631' title='bbox 2257 3435 2472 3470; x_wconf 83' lang='grc' dir='ltr'>νουσαν⁹</span> <span class='ocrx_word' id='word_1_632' title='bbox 2504 3412 2559 3470; x_wconf 74' lang='grc' dir='ltr'>ἓν</span> <span class='ocrx_word' id='word_1_633' title='bbox 2589 3412 2646 3470; x_wconf 72' lang='grc' dir='ltr'>δὲ</span> <span class='ocrx_word' id='word_1_634' title='bbox 2679 3416 2844 3488; x_wconf 90' lang='grc' dir='ltr'>μόνον</span> <span class='ocrx_word' id='word_1_635' title='bbox 2875 3412 3042 3470; x_wconf 84' lang='grc' dir='ltr'>καλὸν</span> <span class='ocrx_word' id='word_1_636' title='bbox 3076 3418 3138 3472; x_wconf 88' lang='grc' dir='ltr'>τὸ</span> <span class='ocrx_word' id='word_1_637' title='bbox 3170 3417 3373 3472; x_wconf 72' lang='grc' dir='ltr'>οἰκεῖον</span> <span class='ocrx_word' id='word_1_638' title='bbox 3417 3419 3637 3492; x_wconf 85' lang='grc' dir='ltr'>ὁρῶσαν,</span> <span class='ocrx_word' id='word_1_639' title='bbox 3682 3414 3860 3469; x_wconf 75' lang='grc' dir='ltr'>κάκεῖνο</span> 
     </span>
    </p>
   </div>
   <div class='ocr_carea' id='block_1_86' title="bbox 2259 3500 3862 3582">
    <p class='ocr_par' dir='ltr' id='par_1_86' title="bbox 2259 3500 3862 3582">
     <span class='ocr_line' id='line_1_86' title="bbox 2259 3500 3862 3582; baseline -0.004 -25"><span class='ocrx_word' id='word_1_640' title='bbox 2259 3504 2536 3577; x_wconf 82' lang='grc' dir='ltr'>τεταμένῳ</span> <span class='ocrx_word' id='word_1_641' title='bbox 2591 3508 2670 3576; x_wconf 81' lang='grc' dir='ltr'>τῷ</span> <span class='ocrx_word' id='word_1_642' title='bbox 2729 3500 2939 3577; x_wconf 80' lang='grc' dir='ltr'>ὄμματι</span> <span class='ocrx_word' id='word_1_643' title='bbox 2989 3506 3372 3582; x_wconf 78' lang='grc' dir='ltr'>περιέπουσαν·</span> <span class='ocrx_word' id='word_1_644' title='bbox 3438 3509 3518 3562; x_wconf 86' lang='grc' dir='ltr'>δτι</span> <span class='ocrx_word' id='word_1_645' title='bbox 3571 3505 3653 3560; x_wconf 80' lang='grc' dir='ltr'>καὶ</span> <span class='ocrx_word' id='word_1_646' title='bbox 3696 3505 3720 3556; x_wconf 81' lang='grc' dir='ltr'><strong>ὁ</strong></span> <span class='ocrx_word' id='word_1_647' title='bbox 3757 3520 3862 3570; x_wconf 71' lang='lat' dir='ltr'>vop-</span> 
     </span>
    </p>
   </div>
   <div class='ocr_carea' id='block_1_87' title="bbox 2263 3585 3856 3671">
    <p class='ocr_par' dir='ltr' id='par_1_87' title="bbox 2263 3585 3856 3671">
     <span class='ocr_line' id='line_1_87' title="bbox 2263 3585 3856 3671; baseline 0.006 -25"><span class='ocrx_word' id='word_1_648' title='bbox 2263 3595 2384 3671; x_wconf 78' lang='grc' dir='ltr'>φίος</span> <span class='ocrx_word' id='word_1_649' title='bbox 2408 3597 2504 3648; x_wconf 65' lang='grc' dir='ltr'>τοῦ</span> <span class='ocrx_word' id='word_1_650' title='bbox 2557 3593 2680 3668; x_wconf 86' lang='grc' dir='ltr'>περὶ</span> <span class='ocrx_word' id='word_1_651' title='bbox 2737 3594 2898 3648; x_wconf 83' lang='grc' dir='ltr'>αὐτὸν</span> <span class='ocrx_word' id='word_1_652' title='bbox 2933 3590 3135 3670; x_wconf 78' lang='grc' dir='ltr'>ἔρωτος</span> <span class='ocrx_word' id='word_1_653' title='bbox 3193 3594 3360 3666; x_wconf 75' lang='grc' dir='ltr'>αὐτὴν</span> <span class='ocrx_word' id='word_1_654' title='bbox 3399 3585 3856 3669; x_wconf 61' lang='grc' dir='ltr'>ἀμειϐόμενοςνιᾶν</span> 
     </span>
    </p>
   </div>
   <div class='ocr_carea' id='block_1_88' title="bbox 2265 3676 3862 3760">
    <p class='ocr_par' dir='ltr' id='par_1_88' title="bbox 2265 3676 3862 3760">
     <span class='ocr_line' id='line_1_88' title="bbox 2265 3676 3862 3760; baseline 0.003 -24"><span class='ocrx_word' id='word_1_655' title='bbox 2265 3679 2461 3754; x_wconf 82' lang='grc' dir='ltr'>δούλη,</span> <span class='ocrx_word' id='word_1_656' title='bbox 2508 3682 2603 3736; x_wconf 74' lang='grc' dir='ltr'>κᾶν</span> <span class='ocrx_word' id='word_1_657' title='bbox 2639 3684 2853 3757; x_wconf 79' lang='grc' dir='ltr'>ἀγενής,</span> <span class='ocrx_word' id='word_1_658' title='bbox 2884 3683 2979 3738; x_wconf 71' lang='grc' dir='ltr'>κᾶν</span> <span class='ocrx_word' id='word_1_659' title='bbox 3038 3683 3273 3760; x_wconf 82' lang='grc' dir='ltr'>πενιχρά</span> <span class='ocrx_word' id='word_1_660' title='bbox 3301 3705 3360 3739; x_wconf 86' lang='grc' dir='ltr'>τε</span> <span class='ocrx_word' id='word_1_661' title='bbox 3409 3685 3499 3740; x_wconf 88' lang='grc' dir='ltr'>καὶ</span> <span class='ocrx_word' id='word_1_662' title='bbox 3549 3681 3758 3754; x_wconf 70' lang='grc' dir='ltr'>ἄσημος,</span> <span class='ocrx_word' id='word_1_663' title='bbox 3784 3676 3862 3731; x_wconf 51' lang='grc' dir='ltr'>κᾶν</span> 
     </span>
    </p>
   </div>
   <div class='ocr_carea' id='block_1_89' title="bbox 2266 3766 3862 3848">
    <p class='ocr_par' dir='ltr' id='par_1_89' title="bbox 2266 3766 3862 3848">
     <span class='ocr_line' id='line_1_89' title="bbox 2266 3766 3862 3848; baseline 0.005 -23"><span class='ocrx_word' id='word_1_664' title='bbox 2266 3770 2317 3826; x_wconf 84' lang='grc' dir='ltr'>ἐν</span> <span class='ocrx_word' id='word_1_665' title='bbox 2347 3776 2426 3844; x_wconf 79' lang='grc' dir='ltr'>τῷ</span> <span class='ocrx_word' id='word_1_666' title='bbox 2456 3772 2592 3826; x_wconf 84' lang='grc' dir='ltr'>κατὰ</span> <span class='ocrx_word' id='word_1_667' title='bbox 2617 3771 2718 3847; x_wconf 74' lang='grc' dir='ltr'>γῆν</span> <span class='ocrx_word' id='word_1_668' title='bbox 2783 3772 2884 3848; x_wconf 84' lang='grc' dir='ltr'>βίῳ</span> <span class='ocrx_word' id='word_1_669' title='bbox 2933 3771 3312 3848; x_wconf 79' lang='grc' dir='ltr'>ἀπεῤῥιμμὲνη</span> <span class='ocrx_word' id='word_1_670' title='bbox 3380 3775 3620 3848; x_wconf 79' lang='grc' dir='ltr'>ὑπάρχῃ,</span> <span class='ocrx_word' id='word_1_671' title='bbox 3670 3767 3747 3824; x_wconf 76' lang='grc' dir='ltr'>διὰ</span> <span class='ocrx_word' id='word_1_672' title='bbox 3785 3766 3862 3832; x_wconf 67' lang='grc' dir='ltr'>τὴν</span> 
     </span>
    </p>
   </div>
   <div class='ocr_carea' id='block_1_90' title="bbox 2264 3858 3861 3938">
    <p class='ocr_par' dir='ltr' id='par_1_90' title="bbox 2264 3858 3861 3938">
     <span class='ocr_line' id='line_1_90' title="bbox 2264 3858 3861 3938; baseline -0.006 -22"><span class='ocrx_word' id='word_1_673' title='bbox 2264 3860 2402 3935; x_wconf 89' lang='grc' dir='ltr'>πρὸς</span> <span class='ocrx_word' id='word_1_674' title='bbox 2435 3860 2590 3916; x_wconf 77' lang='grc' dir='ltr'>αὐτὸν</span> <span class='ocrx_word' id='word_1_675' title='bbox 2636 3861 2922 3916; x_wconf 86' lang='grc' dir='ltr'>κοινωνίαν</span> <span class='ocrx_word' id='word_1_676' title='bbox 2975 3860 3310 3938; x_wconf 77' lang='grc' dir='ltr'>ἐξευγενίζων</span> <span class='ocrx_word' id='word_1_677' title='bbox 3367 3859 3621 3935; x_wconf 82' lang='grc' dir='ltr'>βασιλίδα</span> <span class='ocrx_word' id='word_1_678' title='bbox 3665 3858 3861 3934; x_wconf 77' lang='grc' dir='ltr'>οὐρανῶν</span> 
     </span>
    </p>
   </div>
   <div class='ocr_carea' id='block_1_91' title="bbox 2264 3947 3864 4030">
    <p class='ocr_par' dir='ltr' id='par_1_91' title="bbox 2264 3947 3864 4030">
     <span class='ocr_line' id='line_1_91' title="bbox 2264 3947 3864 4030; baseline -0.003 -26"><span class='ocrx_word' id='word_1_679' title='bbox 2264 3955 2436 4018; x_wconf 91' lang='grc' dir='ltr'>ποιεῖ,</span> <span class='ocrx_word' id='word_1_680' title='bbox 2497 3949 2559 4004; x_wconf 83' lang='grc' dir='ltr'>ού</span> <span class='ocrx_word' id='word_1_681' title='bbox 2615 3955 2683 4025; x_wconf 81' lang='grc' dir='ltr'>τῇ</span> <span class='ocrx_word' id='word_1_682' title='bbox 2739 3957 2839 4020; x_wconf 81' lang='grc' dir='ltr'>τῆς</span> <span class='ocrx_word' id='word_1_683' title='bbox 2899 3951 3192 4030; x_wconf 76' lang='grc' dir='ltr'>ἀφθαρσίας</span> <span class='ocrx_word' id='word_1_684' title='bbox 3254 3952 3471 4027; x_wconf 80' lang='grc' dir='ltr'>εύγενίᾳ</span> <span class='ocrx_word' id='word_1_685' title='bbox 3500 3953 3594 4021; x_wconf 74' lang='grc' dir='ltr'>τὴν</span> <span class='ocrx_word' id='word_1_686' title='bbox 3638 3947 3773 4026; x_wconf 70' lang='grc' dir='ltr'>φύσιν</span> <span class='ocrx_word' id='word_1_687' title='bbox 3797 3962 3864 3996; x_wconf 79' lang='grc' dir='ltr'>τι·</span> 
     </span>
    </p>
   </div>
   <div class='ocr_carea' id='block_1_92' title="bbox 2269 4031 3866 4116">
    <p class='ocr_par' dir='ltr' id='par_1_92' title="bbox 2269 4031 3866 4116">
     <span class='ocr_line' id='line_1_92' title="bbox 2269 4031 3866 4116; baseline -0.005 -24"><span class='ocrx_word' id='word_1_688' title='bbox 2269 4043 2386 4112; x_wconf 89' lang='grc' dir='ltr'>μῶν</span> <span class='ocrx_word' id='word_1_689' title='bbox 2422 4038 2609 4112; x_wconf 91' lang='grc' dir='ltr'>μόνον,</span> <span class='ocrx_word' id='word_1_690' title='bbox 2644 4037 2790 4093; x_wconf 85' lang='grc' dir='ltr'>ἀλλά</span> <span class='ocrx_word' id='word_1_691' title='bbox 2818 4039 2908 4093; x_wconf 84' lang='grc' dir='ltr'>καὶ</span> <span class='ocrx_word' id='word_1_692' title='bbox 2948 4044 3017 4113; x_wconf 78' lang='grc' dir='ltr'>τῇ</span> <span class='ocrx_word' id='word_1_693' title='bbox 3059 4036 3251 4110; x_wconf 76' lang='grc' dir='ltr'>ἔξωθεν</span> <span class='ocrx_word' id='word_1_694' title='bbox 3301 4035 3572 4116; x_wconf 76' lang='grc' dir='ltr'>περιϐολῇ</span> <span class='ocrx_word' id='word_1_695' title='bbox 3624 4031 3866 4114; x_wconf 74' lang='grc' dir='ltr'>φιλοτιμό-</span> 
     </span>
    </p>
   </div>
   <div class='ocr_carea' id='block_1_93' title="bbox 2263 4118 3865 4206">
    <p class='ocr_par' dir='ltr' id='par_1_93' title="bbox 2263 4118 3865 4206">
     <span class='ocr_line' id='line_1_93' title="bbox 2263 4118 3865 4206; baseline -0.001 -24"><span class='ocrx_word' id='word_1_696' title='bbox 2263 4148 2447 4202; x_wconf 87' lang='grc' dir='ltr'>τορον,</span> <span class='ocrx_word' id='word_1_697' title='bbox 2481 4128 2554 4190; x_wconf 83' lang='grc' dir='ltr'>ὡς</span> <span class='ocrx_word' id='word_1_698' title='bbox 2617 4129 2808 4182; x_wconf 74' lang='grc' dir='ltr'>ἑαυτοῦ</span> <span class='ocrx_word' id='word_1_699' title='bbox 2857 4129 3100 4206; x_wconf 78' lang='grc' dir='ltr'>νύμφην,</span> <span class='ocrx_word' id='word_1_700' title='bbox 3161 4129 3435 4192; x_wconf 87' lang='grc' dir='ltr'>ποικίλως</span> <span class='ocrx_word' id='word_1_701' title='bbox 3477 4130 3705 4200; x_wconf 87' lang='grc' dir='ltr'>κοσμῶν.</span> <span class='ocrx_word' id='word_1_702' title='bbox 3739 4118 3865 4180; x_wconf 74' lang='grc' dir='ltr'>Ἥςδ</span> 
     </span>
    </p>
   </div>
   <div class='ocr_carea' id='block_1_94' title="bbox 2266 4209 3866 4294">
    <p class='ocr_par' dir='ltr' id='par_1_94' title="bbox 2266 4209 3866 4294">
     <span class='ocr_line' id='line_1_94' title="bbox 2266 4209 3866 4294; baseline -0.006 -23"><span class='ocrx_word' id='word_1_703' title='bbox 2266 4213 2465 4288; x_wconf 84' lang='grc' dir='ltr'>ᾠδικὸς</span> <span class='ocrx_word' id='word_1_704' title='bbox 2500 4219 2789 4290; x_wconf 81' lang='grc' dir='ltr'>θαυμάζων</span> <span class='ocrx_word' id='word_1_705' title='bbox 2817 4218 2916 4287; x_wconf 76' lang='grc' dir='ltr'>τήν</span> <span class='ocrx_word' id='word_1_706' title='bbox 2951 4215 3124 4288; x_wconf 79' lang='grc' dir='ltr'>δόξαν,</span> <span class='ocrx_word' id='word_1_707' title='bbox 3158 4219 3296 4294; x_wconf 88' lang='grc' dir='ltr'>πρὸς</span> <span class='ocrx_word' id='word_1_708' title='bbox 3325 4220 3419 4274; x_wconf 85' lang='grc' dir='ltr'>τὸν</span> <span class='ocrx_word' id='word_1_709' title='bbox 3480 4215 3697 4290; x_wconf 79' lang='grc' dir='ltr'>νυμφίον</span> <span class='ocrx_word' id='word_1_710' title='bbox 3742 4209 3866 4288; x_wconf 74' lang='grc' dir='ltr'>φησί’</span> 
     </span>
    </p>
   </div>
   <div class='ocr_carea' id='block_1_95' title="bbox 2267 4301 3866 4382">
    <p class='ocr_par' dir='ltr' id='par_1_95' title="bbox 2267 4301 3866 4382">
     <span class='ocr_line' id='line_1_95' title="bbox 2267 4301 3866 4382; baseline -0.005 -20"><span class='ocrx_word' id='word_1_711' title='bbox 2267 4307 2508 4382; x_wconf 82' lang='grc' dir='ltr'>Παρέστη</span> <span class='ocrx_word' id='word_1_712' title='bbox 2561 4309 2595 4376; x_wconf 85' lang='grc' dir='ltr'>ἡ</span> <span class='ocrx_word' id='word_1_713' title='bbox 2661 4305 2948 4381; x_wconf 84' lang='grc' dir='ltr'>βασίλισσα</span> <span class='ocrx_word' id='word_1_714' title='bbox 3004 4305 3064 4362; x_wconf 81' lang='grc' dir='ltr'>ἐκ</span> <span class='ocrx_word' id='word_1_715' title='bbox 3111 4305 3301 4378; x_wconf 77' lang='grc' dir='ltr'>δεξιῶν</span> <span class='ocrx_word' id='word_1_716' title='bbox 3361 4329 3458 4363; x_wconf 92' lang='grc' dir='ltr'>σου</span> <span class='ocrx_word' id='word_1_717' title='bbox 3515 4308 3564 4362; x_wconf 76' lang='grc' dir='ltr'>έν</span> <span class='ocrx_word' id='word_1_718' title='bbox 3631 4301 3866 4377; x_wconf 72' lang='grc' dir='ltr'>ἱματισμῷ</span> 
     </span>
    </p>
   </div>
   <div class='ocr_carea' id='block_1_96' title="bbox 2267 4389 3870 4471">
    <p class='ocr_par' dir='ltr' id='par_1_96' title="bbox 2267 4389 3870 4471">
     <span class='ocr_line' id='line_1_96' title="bbox 2267 4389 3870 4471; baseline 0.003 -22"><span class='ocrx_word' id='word_1_719' title='bbox 2267 4393 2548 4471; x_wconf 79' lang='grc' dir='ltr'>διαχρύσῳ</span> <span class='ocrx_word' id='word_1_720' title='bbox 2601 4390 3047 4469; x_wconf 76' lang='grc' dir='ltr'>περιϐεϐλημένη</span> <span class='ocrx_word' id='word_1_721' title='bbox 3084 4442 3098 4468; x_wconf 90' lang='grc'>,</span> <span class='ocrx_word' id='word_1_722' title='bbox 3151 4397 3574 4470; x_wconf 75' lang='grc' dir='ltr'>πεποικιλμένηο</span> <span class='ocrx_word' id='word_1_723' title='bbox 3628 4392 3749 4448; x_wconf 77' lang='grc' dir='ltr'>ὥστε</span> <span class='ocrx_word' id='word_1_724' title='bbox 3790 4389 3870 4454; x_wconf 65' lang='grc' dir='ltr'>τήν</span> 
     </span>
    </p>
   </div>
   <div class='ocr_carea' id='block_1_97' title="bbox 2265 4480 3868 4563">
    <p class='ocr_par' dir='ltr' id='par_1_97' title="bbox 2265 4480 3868 4563">
     <span class='ocr_line' id='line_1_97' title="bbox 2265 4480 3868 4563; baseline -0.002 -25"><span class='ocrx_word' id='word_1_725' title='bbox 2265 4489 2351 4538; x_wconf 76' lang='grc' dir='ltr'>νῦν</span> <span class='ocrx_word' id='word_1_726' title='bbox 2387 4481 2617 4560; x_wconf 83' lang='grc' dir='ltr'>ῥακώδει</span> <span class='ocrx_word' id='word_1_727' title='bbox 2652 4483 2832 4550; x_wconf 75' lang='grc' dir='ltr'>ἐσθῆτι</span> <span class='ocrx_word' id='word_1_728' title='bbox 2864 4486 2955 4539; x_wconf 81' lang='grc' dir='ltr'>καὶ</span> <span class='ocrx_word' id='word_1_729' title='bbox 3005 4483 3248 4558; x_wconf 85' lang='grc' dir='ltr'>δουλικῷ</span> <span class='ocrx_word' id='word_1_730' title='bbox 3289 4488 3536 4563; x_wconf 84' lang='grc' dir='ltr'>σχήματι</span> <span class='ocrx_word' id='word_1_731' title='bbox 3585 4480 3755 4547; x_wconf 86' lang='grc' dir='ltr'>εύτελη</span> <span class='ocrx_word' id='word_1_732' title='bbox 3797 4495 3868 4528; x_wconf 88' lang='grc' dir='ltr'>νο·</span> 
     </span>
    </p>
   </div>
   <div class='ocr_carea' id='block_1_98' title="bbox 2271 4563 3866 4651">
    <p class='ocr_par' dir='ltr' id='par_1_98' title="bbox 2271 4563 3866 4651">
     <span class='ocr_line' id='line_1_98' title="bbox 2271 4563 3866 4651; baseline -0.005 -25"><span class='ocrx_word' id='word_1_733' title='bbox 2271 4577 2571 4646; x_wconf 88' lang='grc' dir='ltr'>μισθεῖσαν,</span> <span class='ocrx_word' id='word_1_734' title='bbox 2622 4573 2673 4626; x_wconf 72' lang='grc' dir='ltr'>ἐν</span> <span class='ocrx_word' id='word_1_735' title='bbox 2721 4571 2790 4647; x_wconf 72' lang='grc' dir='ltr'>τῇ</span> <span class='ocrx_word' id='word_1_736' title='bbox 2839 4571 3084 4646; x_wconf 83' lang='grc' dir='ltr'>βασιλείᾳ</span> <span class='ocrx_word' id='word_1_737' title='bbox 3120 4579 3228 4628; x_wconf 84' lang='grc' dir='ltr'>τῶν</span> <span class='ocrx_word' id='word_1_738' title='bbox 3265 4574 3510 4651; x_wconf 83' lang='grc' dir='ltr'>οὐρανῶν</span> <span class='ocrx_word' id='word_1_739' title='bbox 3546 4565 3776 4648; x_wconf 84' lang='grc' dir='ltr'>βασιλίδα</span> <span class='ocrx_word' id='word_1_740' title='bbox 3799 4563 3866 4618; x_wconf 77' lang='grc' dir='ltr'>καὶ</span> 
     </span>
    </p>
   </div>
   <div class='ocr_carea' id='block_1_99' title="bbox 502 4651 2150 4738">
    <p class='ocr_par' dir='ltr' id='par_1_99' title="bbox 502 4660 2150 4734">
     <span class='ocr_line' id='line_1_99' title="bbox 502 4660 2150 4734; baseline -0.002 -15"><span class='ocrx_word' id='word_1_741' title='bbox 502 4663 666 4720; x_wconf 89' lang='lat' dir='ltr'>illam</span> <span class='ocrx_word' id='word_1_742' title='bbox 700 4677 983 4728; x_wconf 88' lang='lat' dir='ltr'>amorem,</span> <span class='ocrx_word' id='word_1_743' title='bbox 1008 4667 1064 4717; x_wconf 90' lang='lat' dir='ltr'>et</span> <span class='ocrx_word' id='word_1_744' title='bbox 1095 4660 1460 4716; x_wconf 83' lang='lat' dir='ltr'>nobilitatem</span> <span class='ocrx_word' id='word_1_745' title='bbox 1492 4667 1548 4716; x_wconf 91' lang='lat' dir='ltr'>et</span> <span class='ocrx_word' id='word_1_746' title='bbox 1569 4661 1803 4717; x_wconf 89' lang='lat' dir='ltr'>divitias</span> <span class='ocrx_word' id='word_1_747' title='bbox 1835 4667 1891 4717; x_wconf 88' lang='lat' dir='ltr'>et</span> <span class='ocrx_word' id='word_1_748' title='bbox 1917 4663 2150 4734; x_wconf 85' lang='lat' dir='ltr'>ignomi-</span> 
     </span>
    </p>
   </div>
   <div class='ocr_carea' id='block_1_100' title="bbox 2257 4651 3871 4738">
    <p class='ocr_par' dir='ltr' id='par_1_100' title="bbox 2268 4658 3871 4738">
     <span class='ocr_line' id='line_1_100' title="bbox 2268 4658 3871 4738; baseline -0.006 -23"><span class='ocrx_word' id='word_1_749' title='bbox 2268 4658 2513 4736; x_wconf 82' lang='grc' dir='ltr'>εὐγενίδα</span> <span class='ocrx_word' id='word_1_750' title='bbox 2553 4663 2640 4716; x_wconf 85' lang='grc' dir='ltr'>καὶ</span> <span class='ocrx_word' id='word_1_751' title='bbox 2691 4663 2883 4734; x_wconf 88' lang='grc' dir='ltr'>κόσμῳ</span> <span class='ocrx_word' id='word_1_752' title='bbox 2928 4661 3331 4735; x_wconf 85' lang='grc' dir='ltr'>σεμνυνομένην</span> <span class='ocrx_word' id='word_1_753' title='bbox 3381 4668 3463 4735; x_wconf 84' lang='grc' dir='ltr'>τῷ</span> <span class='ocrx_word' id='word_1_754' title='bbox 3527 4658 3726 4738; x_wconf 88' lang='grc' dir='ltr'>βασιλεῖ</span> <span class='ocrx_word' id='word_1_755' title='bbox 3767 4670 3871 4724; x_wconf 65' lang='grc' dir='ltr'>παρα</span> 
     </span>
    </p>
   </div>
   <div class='ocr_carea' id='block_1_101' title="bbox 501 4751 2160 4823">
    <p class='ocr_par' dir='ltr' id='par_1_101' title="bbox 501 4751 2160 4823">
     <span class='ocr_line' id='line_1_101' title="bbox 501 4751 2160 4823; baseline -0.002 -13"><span class='ocrx_word' id='word_1_756' title='bbox 501 4753 661 4811; x_wconf 90' lang='lat' dir='ltr'>niam</span> <span class='ocrx_word' id='word_1_757' title='bbox 709 4756 1114 4816; x_wconf 88' lang='lat' dir='ltr'>contemnens,</span> <span class='ocrx_word' id='word_1_758' title='bbox 1147 4757 1463 4806; x_wconf 86' lang='lat' dir='ltr'>extremam</span> <span class='ocrx_word' id='word_1_759' title='bbox 1498 4751 1704 4806; x_wconf 86' lang='lat' dir='ltr'>Adami</span> <span class='ocrx_word' id='word_1_760' title='bbox 1758 4757 2160 4823; x_wconf 87' lang='lat' dir='ltr'>paupertatem</span> 
     </span>
    </p>
   </div>
   <div class='ocr_carea' id='block_1_102' title="bbox 503 4839 2156 4910">
    <p class='ocr_par' dir='ltr' id='par_1_102' title="bbox 503 4839 2156 4910">
     <span class='ocr_line' id='line_1_102' title="bbox 503 4839 2156 4910; baseline -0.004 -10"><span class='ocrx_word' id='word_1_761' title='bbox 503 4841 874 4909; x_wconf 84' lang='lat' dir='ltr'>sustinuerit,</span> <span class='ocrx_word' id='word_1_762' title='bbox 909 4844 973 4896; x_wconf 89' lang='lat' dir='ltr'>ut</span> <span class='ocrx_word' id='word_1_763' title='bbox 1003 4857 1112 4896; x_wconf 93' lang='lat' dir='ltr'>nos</span> <span class='ocrx_word' id='word_1_764' title='bbox 1161 4839 1318 4894; x_wconf 92' lang='lat' dir='ltr'>illius</span> <span class='ocrx_word' id='word_1_765' title='bbox 1359 4845 1700 4910; x_wconf 86' lang='lat' dir='ltr'>paupertate</span> <span class='ocrx_word' id='word_1_766' title='bbox 1749 4841 2074 4895; x_wconf 87' lang='lat' dir='ltr'>ditaremur</span> <span class='ocrx_word' id='word_1_767' title='bbox 2093 4841 2156 4908; x_wconf 68' lang='lat'>9°,</span> 
     </span>
    </p>
   </div>
   <div class='ocr_carea' id='block_1_103' title="bbox 501 4929 2158 5005">
    <p class='ocr_par' dir='ltr' id='par_1_103' title="bbox 501 4929 2158 5005">
     <span class='ocr_line' id='line_1_103' title="bbox 501 4929 2158 5005; baseline -0.004 -15"><span class='ocrx_word' id='word_1_768' title='bbox 501 4948 722 5005; x_wconf 85' lang='lat' dir='ltr'>sponsa</span> <span class='ocrx_word' id='word_1_769' title='bbox 751 4949 822 4987; x_wconf 91' lang='lat' dir='ltr'>ne</span> <span class='ocrx_word' id='word_1_770' title='bbox 862 4931 1026 5004; x_wconf 88' lang='lat' dir='ltr'>paria</span> <span class='ocrx_word' id='word_1_771' title='bbox 1059 4929 1301 5002; x_wconf 90' lang='lat' dir='ltr'>quidem</span> <span class='ocrx_word' id='word_1_772' title='bbox 1341 4945 1444 5001; x_wconf 92' lang='lat' dir='ltr'>pro</span> <span class='ocrx_word' id='word_1_773' title='bbox 1477 4945 1584 4984; x_wconf 93' lang='lat' dir='ltr'>sua</span> <span class='ocrx_word' id='word_1_774' title='bbox 1613 4929 2055 4985; x_wconf 89' lang='lat' dir='ltr'>immortalitate</span> <span class='ocrx_word' id='word_1_775' title='bbox 2085 4929 2158 5002; x_wconf 89' lang='lat' dir='ltr'>ei,</span> 
     </span>
    </p>
   </div>
   <div class='ocr_carea' id='block_1_104' title="bbox 497 5018 2160 5095">
    <p class='ocr_par' dir='ltr' id='par_1_104' title="bbox 497 5018 2160 5095">
     <span class='ocr_line' id='line_1_104' title="bbox 497 5018 2160 5095; baseline -0.003 -18"><span class='ocrx_word' id='word_1_776' title='bbox 497 5022 601 5095; x_wconf 89' lang='lat' dir='ltr'>qui</span> <span class='ocrx_word' id='word_1_777' title='bbox 630 5025 865 5094; x_wconf 86' lang='lat' dir='ltr'>propter</span> <span class='ocrx_word' id='word_1_778' title='bbox 896 5019 1083 5090; x_wconf 90' lang='lat' dir='ltr'>ipsam</span> <span class='ocrx_word' id='word_1_779' title='bbox 1118 5022 1386 5074; x_wconf 87' lang='lat' dir='ltr'>mortuus</span> <span class='ocrx_word' id='word_1_780' title='bbox 1416 5022 1524 5086; x_wconf 90' lang='lat' dir='ltr'>est,</span> <span class='ocrx_word' id='word_1_781' title='bbox 1553 5019 1856 5091; x_wconf 84' lang='lat' dir='ltr'>rependat,</span> <span class='ocrx_word' id='word_1_782' title='bbox 1886 5019 1985 5073; x_wconf 89' lang='lat' dir='ltr'>sed</span> <span class='ocrx_word' id='word_1_783' title='bbox 2019 5018 2160 5074; x_wconf 90' lang='lat' dir='ltr'>mol-</span> 
     </span>
    </p>
   </div>
   <div class='ocr_carea' id='block_1_105' title="bbox 492 5108 2158 5178">
    <p class='ocr_par' dir='ltr' id='par_1_105' title="bbox 492 5108 2158 5178">
     <span class='ocr_line' id='line_1_105' title="bbox 492 5108 2158 5178; baseline -0.001 -11"><span class='ocrx_word' id='word_1_784' title='bbox 492 5110 617 5167; x_wconf 90' lang='lat' dir='ltr'>litie</span> <span class='ocrx_word' id='word_1_785' title='bbox 647 5116 705 5166; x_wconf 86' lang='lat' dir='ltr'>et</span> <span class='ocrx_word' id='word_1_786' title='bbox 735 5109 963 5165; x_wconf 88' lang='lat' dir='ltr'>deliciis</span> <span class='ocrx_word' id='word_1_787' title='bbox 996 5108 1248 5175; x_wconf 81' lang='lat' dir='ltr'>difﬂuat,</span> <span class='ocrx_word' id='word_1_788' title='bbox 1280 5124 1460 5178; x_wconf 80' lang='lat' dir='ltr'>seque</span> <span class='ocrx_word' id='word_1_789' title='bbox 1492 5109 1562 5163; x_wconf 82' lang='lat' dir='ltr'>ad</span> <span class='ocrx_word' id='word_1_790' title='bbox 1607 5109 1894 5164; x_wconf 89' lang='lat' dir='ltr'>mundum</span> <span class='ocrx_word' id='word_1_791' title='bbox 1929 5124 2158 5165; x_wconf 84' lang='lat' dir='ltr'>accom-</span> 
     </span>
    </p>
   </div>
   <div class='ocr_carea' id='block_1_106' title="bbox 567 5249 2258 5336">
    <p class='ocr_par' dir='ltr' id='par_1_106' title="bbox 567 5249 2258 5336">
     <span class='ocr_line' id='line_1_106' title="bbox 567 5249 2258 5336; baseline 0.001 -31"><span class='ocrx_word' id='word_1_792' title='bbox 567 5252 612 5288; x_wconf 78' lang='grc'>⁸³</span> <span class='ocrx_word' id='word_1_793' title='bbox 641 5256 809 5336; x_wconf 53' lang='lat' dir='ltr'>139m.</span> <span class='ocrx_word' id='word_1_794' title='bbox 836 5267 957 5336; x_wconf 74' lang='lat' dir='ltr'>vm,</span> <span class='ocrx_word' id='word_1_795' title='bbox 991 5250 1077 5306; x_wconf 89' lang='lat'>35.</span> <span class='ocrx_word' id='word_1_796' title='bbox 1111 5249 1202 5336; x_wconf 46' lang='lat' dir='ltr'>ut“</span> <span class='ocrx_word' id='word_1_797' title='bbox 1235 5249 1533 5336; x_wconf 31' lang='lat' dir='ltr'>Mnat&#39;t&#39;hgx,</span> <span class='ocrx_word' id='word_1_798' title='bbox 1565 5250 1653 5304; x_wconf 84' lang='lat'>37.</span> <span class='ocrx_word' id='word_1_799' title='bbox 1715 5251 1777 5336; x_wconf 55' lang='grc' dir='ltr'>ξε</span> <span class='ocrx_word' id='word_1_800' title='bbox 1809 5251 1947 5306; x_wconf 91' lang='lat' dir='ltr'>Luc.</span> <span class='ocrx_word' id='word_1_801' title='bbox 1982 5267 2098 5319; x_wconf 72' lang='lat' dir='ltr'>xxv,</span> <span class='ocrx_word' id='word_1_802' title='bbox 2129 5249 2219 5306; x_wconf 91' lang='lat'>33.</span> <span class='ocrx_word' id='word_1_803' title='bbox 2256 5334 2258 5336; x_wconf 13' lang='grc' dir='ltr'><strong><em>ν</em></strong></span> 
     </span>
    </p>
   </div>
   <div class='ocr_carea' id='block_1_107' title="bbox 496 5321 1768 5394">
    <p class='ocr_par' dir='ltr' id='par_1_107' title="bbox 496 5321 1768 5394">
     <span class='ocr_line' id='line_1_107' title="bbox 496 5321 1768 5394; baseline -0.003 -12"><span class='ocrx_word' id='word_1_804' title='bbox 496 5325 589 5382; x_wconf 86' lang='grc'>28.</span> <span class='ocrx_word' id='word_1_805' title='bbox 664 5325 710 5360; x_wconf 69' lang='grc'>⁸³</span> <span class='ocrx_word' id='word_1_806' title='bbox 735 5322 886 5379; x_wconf 90' lang='lat' dir='ltr'>Psal.</span> <span class='ocrx_word' id='word_1_807' title='bbox 917 5338 1069 5393; x_wconf 77' lang='lat' dir='ltr'>XLIV,</span> <span class='ocrx_word' id='word_1_808' title='bbox 1106 5323 1191 5376; x_wconf 91' lang='grc'>10.</span> <span class='ocrx_word' id='word_1_809' title='bbox 1269 5322 1314 5358; x_wconf 83' lang='grc'>⁰⁰</span> <span class='ocrx_word' id='word_1_810' title='bbox 1346 5321 1393 5377; x_wconf 86' lang='lat' dir='ltr'>Il</span> <span class='ocrx_word' id='word_1_811' title='bbox 1422 5325 1549 5380; x_wconf 89' lang='lat' dir='ltr'>Cor.</span> <span class='ocrx_word' id='word_1_812' title='bbox 1584 5339 1684 5394; x_wconf 82' lang='lat' dir='ltr'>vn,</span> <span class='ocrx_word' id='word_1_813' title='bbox 1713 5323 1768 5378; x_wconf 89' lang='lat'>9.</span> 
     </span>
    </p>
   </div>
   <div class='ocr_carea' id='block_1_108' title="bbox 571 5472 1829 5547">
    <p class='ocr_par' dir='ltr' id='par_1_108' title="bbox 571 5472 1829 5547">
     <span class='ocr_line' id='line_1_108' title="bbox 571 5472 1829 5547; baseline -0.002 -15"><span class='ocrx_word' id='word_1_814' title='bbox 571 5477 685 5546; x_wconf 81' lang='grc'>(12)</span> <span class='ocrx_word' id='word_1_815' title='bbox 716 5473 970 5547; x_wconf 83' lang='grc' dir='ltr'>Θρόνους.</span> <span class='ocrx_word' id='word_1_816' title='bbox 1003 5472 1282 5547; x_wconf 86' lang='lat' dir='ltr'>Nonnulli</span> <span class='ocrx_word' id='word_1_817' title='bbox 1315 5472 1567 5547; x_wconf 75' lang='lat' dir='ltr'>codices,</span> <span class='ocrx_word' id='word_1_818' title='bbox 1601 5473 1829 5547; x_wconf 77' lang='grc' dir='ltr'>θρόνων.</span> 
     </span>
    </p>
   </div>
   <div class='ocr_carea' id='block_1_109' title="bbox 606 5545 1956 5620">
    <p class='ocr_par' dir='ltr' id='par_1_109' title="bbox 606 5545 1956 5620">
     <span class='ocr_line' id='line_1_109' title="bbox 606 5545 1956 5620; baseline -0.004 -17"><span class='ocrx_word' id='word_1_819' title='bbox 606 5549 690 5620; x_wconf 83' lang='grc'>13)</span> <span class='ocrx_word' id='word_1_820' title='bbox 721 5545 1099 5620; x_wconf 16' lang='grc' dir='ltr'>Γῗυναῖκατνείο</span> <span class='ocrx_word' id='word_1_821' title='bbox 1129 5549 1443 5620; x_wconf 86' lang='lat' dir='ltr'>mss.__tres.</span> <span class='ocrx_word' id='word_1_822' title='bbox 1477 5545 1652 5620; x_wconf 65' lang='lat' dir='ltr'>Editi,</span> <span class='ocrx_word' id='word_1_823' title='bbox 1683 5549 1956 5620; x_wconf 42' lang='grc' dir='ltr'>γυναῖκας,</span> 
     </span>
    </p>
   </div>
   <div class='ocr_carea' id='block_1_110' title="bbox 508 5550 2154 5766">
    <p class='ocr_par' dir='ltr' id='par_1_110' title="bbox 508 5550 2154 5766">
     <span class='ocr_line' id='line_1_110' title="bbox 606 5550 1956 5620; baseline -0.002 -17"><span class='ocrx_word' id='word_1_824' title='bbox 606 5550 690 5620; x_wconf 83' lang='grc'>13)</span> <span class='ocrx_word' id='word_1_825' title='bbox 721 5550 971 5601; x_wconf 89' lang='grc' dir='ltr'>Γυναῖκα.</span> <span class='ocrx_word' id='word_1_826' title='bbox 1005 5550 1099 5601; x_wconf 87' lang='lat' dir='ltr'>Sic</span> <span class='ocrx_word' id='word_1_827' title='bbox 1129 5563 1274 5601; x_wconf 79' lang='lat' dir='ltr'>mss.</span> <span class='ocrx_word' id='word_1_828' title='bbox 1307 5550 1443 5599; x_wconf 88' lang='lat' dir='ltr'>tres.</span> <span class='ocrx_word' id='word_1_829' title='bbox 1477 5550 1652 5612; x_wconf 88' lang='lat' dir='ltr'>Editi,</span> <span class='ocrx_word' id='word_1_830' title='bbox 1719 5550 1956 5607; x_wconf 88' lang='grc' dir='ltr'>υναῖκας.</span> 
     </span>
     <span class='ocr_line' id='line_1_111' title="bbox 508 5550 2154 5766; baseline -0.004 -91"><span class='ocrx_word' id='word_1_831' title='bbox 508 5550 722 5766; x_wconf 42' lang='lat' dir='ltr'>enim.</span> <span class='ocrx_word' id='word_1_832' title='bbox 755 5614 1190 5690; x_wconf 79' lang='grc' dir='ltr'>Ἀποδείεαντας.</span> <span class='ocrx_word' id='word_1_833' title='bbox 1267 5615 1544 5672; x_wconf 89' lang='lat' dir='ltr'>Nonnulli</span> <span class='ocrx_word' id='word_1_834' title='bbox 1612 5567 1840 5675; x_wconf 66' lang='lat' dir='ltr'>codices</span> <span class='ocrx_word' id='word_1_835' title='bbox 1865 5660 1881 5690; x_wconf 93' lang='lat'>,</span> <span class='ocrx_word' id='word_1_836' title='bbox 1951 5611 2154 5670; x_wconf 72' lang='grc' dir='ltr'>ἆπιδεί-</span> 
     </span>
    </p>
   </div>
   <div class='ocr_carea' id='block_1_111' title="bbox 2272 4738 3871 4825">
    <p class='ocr_par' dir='ltr' id='par_1_111' title="bbox 2272 4738 3871 4825">
     <span class='ocr_line' id='line_1_112' title="bbox 2272 4738 3871 4825; baseline -0.004 -20"><span class='ocrx_word' id='word_1_837' title='bbox 2272 4755 2504 4805; x_wconf 88' lang='grc' dir='ltr'>εστῶσαν</span> <span class='ocrx_word' id='word_1_838' title='bbox 2538 4751 2898 4825; x_wconf 83' lang='grc' dir='ltr'>εὑρίσκεσθαι.</span> <span class='ocrx_word' id='word_1_839' title='bbox 2940 4751 3039 4805; x_wconf 87' lang='grc' dir='ltr'>Καὶ</span> <span class='ocrx_word' id='word_1_840' title='bbox 3071 4753 3271 4806; x_wconf 73' lang='grc' dir='ltr'>ἄτοπον</span> <span class='ocrx_word' id='word_1_841' title='bbox 3289 4753 3383 4807; x_wconf 87' lang='grc' dir='ltr'>τὸν</span> <span class='ocrx_word' id='word_1_842' title='bbox 3441 4752 3536 4825; x_wconf 73' lang='grc' dir='ltr'>μὲν</span> <span class='ocrx_word' id='word_1_843' title='bbox 3565 4746 3774 4825; x_wconf 74' lang='grc' dir='ltr'>νυμφίον</span> <span class='ocrx_word' id='word_1_844' title='bbox 3803 4738 3871 4796; x_wconf 66' lang='grc' dir='ltr'>διὰ</span> 
     </span>
    </p>
   </div>
   <div class='ocr_carea' id='block_1_112' title="bbox 2269 4825 3871 4914">
    <p class='ocr_par' dir='ltr' id='par_1_112' title="bbox 2269 4825 3871 4914">
     <span class='ocr_line' id='line_1_113' title="bbox 2307 4835 3680 4861; baseline -0.003 -1"><span class='ocrx_word' id='word_1_845' title='bbox 2307 4840 2315 4849; x_wconf 77' lang='grc'><strong><em>⁸</em></strong></span> <span class='ocrx_word' id='word_1_846' title='bbox 2501 4839 2513 4860; x_wconf 76' lang='lat'><strong><em>\</em></strong></span> <span class='ocrx_word' id='word_1_847' title='bbox 2593 4838 2605 4859; x_wconf 72' lang='lat'><strong>’</strong></span> <span class='ocrx_word' id='word_1_848' title='bbox 2661 4839 2676 4858; x_wconf 51' lang='grc' dir='ltr'><strong>ἢ</strong></span> <span class='ocrx_word' id='word_1_849' title='bbox 2758 4835 2782 4859; x_wconf 67' lang='grc' dir='ltr'>,Ι</span> <span class='ocrx_word' id='word_1_850' title='bbox 3129 4841 3142 4861; x_wconf 64' lang='grc' dir='ltr'><strong><em>ν</em></strong></span> <span class='ocrx_word' id='word_1_851' title='bbox 3669 4836 3680 4856; x_wconf 81' lang='grc'><strong><em>1</em></strong></span> 
     </span>
     <span class='ocr_line' id='line_1_114' title="bbox 2269 4825 3871 4914; baseline -0.005 -22"><span class='ocrx_word' id='word_1_852' title='bbox 2269 4859 2358 4893; x_wconf 86' lang='grc' dir='ltr'>τον</span> <span class='ocrx_word' id='word_1_853' title='bbox 2391 4859 2517 4914; x_wconf 87' lang='grc' dir='ltr'>περι</span> <span class='ocrx_word' id='word_1_854' title='bbox 2549 4859 2714 4907; x_wconf 88' lang='grc' dir='ltr'>αυτην</span> <span class='ocrx_word' id='word_1_855' title='bbox 2756 4860 2931 4907; x_wconf 84' lang='grc' dir='ltr'>ερωτα</span> <span class='ocrx_word' id='word_1_856' title='bbox 2960 4840 3049 4894; x_wconf 76' lang='grc' dir='ltr'>καὶ</span> <span class='ocrx_word' id='word_1_857' title='bbox 3089 4841 3365 4914; x_wconf 80' lang='grc' dir='ltr'>ευγινείας</span> <span class='ocrx_word' id='word_1_858' title='bbox 3409 4839 3500 4895; x_wconf 84' lang='grc' dir='ltr'>καὶ</span> <span class='ocrx_word' id='word_1_859' title='bbox 3548 4836 3769 4894; x_wconf 84' lang='grc' dir='ltr'>πλουτου</span> <span class='ocrx_word' id='word_1_860' title='bbox 3799 4825 3871 4884; x_wconf 72' lang='grc' dir='ltr'>καί</span> 
     </span>
    </p>
   </div>
   <div class='ocr_carea' id='block_1_113' title="bbox 2271 4919 3868 5009">
    <p class='ocr_par' dir='ltr' id='par_1_113' title="bbox 2271 4919 3868 5009">
     <span class='ocr_line' id='line_1_115' title="bbox 2271 4919 3868 5009; baseline -0.007 -22"><span class='ocrx_word' id='word_1_861' title='bbox 2271 4927 2537 5004; x_wconf 71' lang='grc' dir='ltr'>αἰσχύνης</span> <span class='ocrx_word' id='word_1_862' title='bbox 2614 4931 3094 5009; x_wconf 74' lang='grc' dir='ltr'>καταφρονήσαντα</span> <span class='ocrx_word' id='word_1_863' title='bbox 3159 4930 3258 4998; x_wconf 76' lang='grc' dir='ltr'>τήν</span> <span class='ocrx_word' id='word_1_864' title='bbox 3334 4929 3571 5008; x_wconf 76' lang='grc' dir='ltr'>ἐσχάτην</span> <span class='ocrx_word' id='word_1_865' title='bbox 3641 4919 3868 5009; x_wconf 68' lang='grc' dir='ltr'>πτωχείαν</span> 
     </span>
    </p>
   </div>
   <div class='ocr_carea' id='block_1_114' title="bbox 2267 5005 3872 5093">
    <p class='ocr_par' dir='ltr' id='par_1_114' title="bbox 2267 5005 3872 5093">
     <span class='ocr_line' id='line_1_116' title="bbox 2267 5005 3872 5093; baseline -0.003 -21"><span class='ocrx_word' id='word_1_866' title='bbox 2267 5021 2364 5072; x_wconf 79' lang='grc' dir='ltr'>τοῦ</span> <span class='ocrx_word' id='word_1_867' title='bbox 2423 5014 2603 5092; x_wconf 80' lang='grc' dir='ltr'>Ἀδὰμ</span> <span class='ocrx_word' id='word_1_868' title='bbox 2634 5005 2946 5092; x_wconf 73' lang='grc' dir='ltr'>ὑπομεῖναι,</span> <span class='ocrx_word' id='word_1_869' title='bbox 2993 5015 3068 5072; x_wconf 70' lang='grc' dir='ltr'>ἵν’</span> <span class='ocrx_word' id='word_1_870' title='bbox 3093 5021 3257 5092; x_wconf 83' lang='grc' dir='ltr'>ἡμεῖς</span> <span class='ocrx_word' id='word_1_871' title='bbox 3310 5005 3640 5093; x_wconf 27' lang='grc' dir='ltr'>ὖῇῃέκείνου</span> <span class='ocrx_word' id='word_1_872' title='bbox 3669 5005 3872 5084; x_wconf 63' lang='grc' dir='ltr'>πτωχείᾳ</span> 
     </span>
    </p>
   </div>
   <div class='ocr_carea' id='block_1_115' title="bbox 2267 5097 3871 5186">
    <p class='ocr_par' dir='ltr' id='par_1_115' title="bbox 2267 5097 3871 5186">
     <span class='ocr_line' id='line_1_117' title="bbox 2267 5097 3871 5186; baseline -0.004 -25"><span class='ocrx_word' id='word_1_873' title='bbox 2267 5105 2688 5180; x_wconf 75' lang='grc' dir='ltr'>πλουτήσωμεψ</span> <span class='ocrx_word' id='word_1_874' title='bbox 2749 5108 2848 5178; x_wconf 79' lang='grc' dir='ltr'>τὴν</span> <span class='ocrx_word' id='word_1_875' title='bbox 2905 5104 2963 5161; x_wconf 67' lang='grc' dir='ltr'>δὲ</span> <span class='ocrx_word' id='word_1_876' title='bbox 3018 5106 3231 5186; x_wconf 76' lang='grc' dir='ltr'>νύμφην</span> <span class='ocrx_word' id='word_1_877' title='bbox 3288 5105 3432 5182; x_wconf 70' lang='grc' dir='ltr'>μηδὲ</span> <span class='ocrx_word' id='word_1_878' title='bbox 3474 5113 3588 5169; x_wconf 88' lang='grc' dir='ltr'>τοῖς</span> <span class='ocrx_word' id='word_1_879' title='bbox 3621 5102 3742 5166; x_wconf 71' lang='grc' dir='ltr'>ἴσοις</span> <span class='ocrx_word' id='word_1_880' title='bbox 3769 5097 3871 5170; x_wconf 74' lang='grc' dir='ltr'>ὑπὶρ</span> 
     </span>
    </p>
   </div>
   <div class='ocr_carea' id='block_1_116' title="bbox 2295 5236 3869 5318">
    <p class='ocr_par' dir='ltr' id='par_1_116' title="bbox 2295 5236 3869 5318">
     <span class='ocr_line' id='line_1_118' title="bbox 2295 5236 3869 5318; baseline -0.004 -11"><span class='ocrx_word' id='word_1_881' title='bbox 2295 5249 2341 5286; x_wconf 73' lang='grc' dir='ltr'><strong><em>⁸ο</em></strong></span> <span class='ocrx_word' id='word_1_882' title='bbox 2370 5249 2575 5307; x_wconf 88' lang='lat' dir='ltr'>Matth.</span> <span class='ocrx_word' id='word_1_883' title='bbox 2607 5264 2726 5318; x_wconf 70' lang='grc' dir='ltr'>χιχ,</span> <span class='ocrx_word' id='word_1_884' title='bbox 2757 5250 2850 5306; x_wconf 87' lang='lat'>27.</span> <span class='ocrx_word' id='word_1_885' title='bbox 2941 5248 2986 5286; x_wconf 73' lang='grc' dir='ltr'>ετ</span> <span class='ocrx_word' id='word_1_886' title='bbox 3016 5249 3162 5309; x_wconf 89' lang='lat' dir='ltr'>ibid.</span> <span class='ocrx_word' id='word_1_887' title='bbox 3193 5251 3285 5318; x_wconf 87' lang='lat'>28,</span> <span class='ocrx_word' id='word_1_888' title='bbox 3314 5252 3405 5307; x_wconf 85' lang='lat'>29.</span> <span class='ocrx_word' id='word_1_889' title='bbox 3483 5236 3869 5304; x_wconf 75' lang='lat' dir='ltr'>“Psal.uxu’</span> 
     </span>
    </p>
   </div>
   <div class='ocr_carea' id='block_1_117' title="bbox 2335 5467 3870 5556">
    <p class='ocr_par' dir='ltr' id='par_1_117' title="bbox 2335 5467 3870 5556">
     <span class='ocr_line' id='line_1_119' title="bbox 2335 5467 3870 5556; baseline -0.004 -29"><span class='ocrx_word' id='word_1_890' title='bbox 2335 5473 2448 5556; x_wconf 50' lang='lat' dir='ltr'>(t5)</span> <span class='ocrx_word' id='word_1_891' title='bbox 2503 5471 2575 5525; x_wconf 86' lang='grc' dir='ltr'>Τὸ</span> <span class='ocrx_word' id='word_1_892' title='bbox 2638 5469 3085 5556; x_wconf 75' lang='grc' dir='ltr'>προσκολλᾶσθαι</span> <span class='ocrx_word' id='word_1_893' title='bbox 3289 5470 3437 5556; x_wconf 49' lang='grc' dir='ltr'>Θειξ..</span> <span class='ocrx_word' id='word_1_894' title='bbox 3489 5473 3648 5556; x_wconf 85' lang='lat' dir='ltr'>Hune</span> <span class='ocrx_word' id='word_1_895' title='bbox 3685 5467 3870 5556; x_wconf 45' lang='lat' dir='ltr'>design</span> 
     </span>
    </p>
   </div>
   <div class='ocr_carea' id='block_1_118' title="bbox 2265 5540 3873 5616">
    <p class='ocr_par' dir='ltr' id='par_1_118' title="bbox 2265 5540 3873 5616">
     <span class='ocr_line' id='line_1_120' title="bbox 2265 5540 3873 5616; baseline -0.004 -18"><span class='ocrx_word' id='word_1_896' title='bbox 2265 5540 2563 5600; x_wconf 86' lang='lat' dir='ltr'>edidimus</span> <span class='ocrx_word' id='word_1_897' title='bbox 2593 5540 2692 5616; x_wconf 67' lang='lat' dir='ltr'>_ut&#39;</span> <span class='ocrx_word' id='word_1_898' title='bbox 2723 5544 2973 5600; x_wconf 87' lang='lat' dir='ltr'>habetur</span> <span class='ocrx_word' id='word_1_899' title='bbox 2997 5544 3056 5599; x_wconf 92' lang='lat' dir='ltr'>in</span> <span class='ocrx_word' id='word_1_900' title='bbox 3088 5540 3339 5602; x_wconf 86' lang='lat' dir='ltr'>editione</span> <span class='ocrx_word' id='word_1_901' title='bbox 3375 5540 3606 5616; x_wconf 65' lang='lat' dir='ltr'>Veneta</span> <span class='ocrx_word' id='word_1_902' title='bbox 3649 5546 3720 5616; x_wconf 23' lang='lat' dir='ltr'>et“</span> <span class='ocrx_word' id='word_1_903' title='bbox 3740 5540 3873 5616; x_wconf 63' lang='lat' dir='ltr'>veto:</span> 
     </span>
    </p>
   </div>
   <div class='ocr_carea' id='block_1_119' title="bbox 2267 5611 3873 5692">
    <p class='ocr_par' dir='ltr' id='par_1_119' title="bbox 2267 5611 3873 5692">
     <span class='ocr_line' id='line_1_121' title="bbox 2267 5611 3873 5692; baseline 0.001 -22"><span class='ocrx_word' id='word_1_904' title='bbox 2267 5617 2433 5673; x_wconf 89' lang='lat' dir='ltr'>ribus</span> <span class='ocrx_word' id='word_1_905' title='bbox 2472 5614 2659 5673; x_wconf 81' lang='lat' dir='ltr'>libris.</span> <span class='ocrx_word' id='word_1_906' title='bbox 2700 5616 2886 5672; x_wconf 84' lang='lat' dir='ltr'>Editio</span> <span class='ocrx_word' id='word_1_907' title='bbox 2932 5616 3142 5689; x_wconf 88' lang='lat' dir='ltr'>Paris.,</span> <span class='ocrx_word' id='word_1_908' title='bbox 3174 5615 3615 5692; x_wconf 84' lang='grc' dir='ltr'>προσκολλᾶσθαι</span> <span class='ocrx_word' id='word_1_909' title='bbox 3659 5614 3732 5682; x_wconf 77' lang='grc' dir='ltr'>τῷ</span> <span class='ocrx_word' id='word_1_910' title='bbox 3775 5611 3873 5671; x_wconf 68' lang='grc' dir='ltr'>Θῑῷ</span> 
     </span>
    </p>
   </div>
   <div class='ocr_carea' id='block_1_120' title="bbox 2271 5705 2397 5761">
    <p class='ocr_par' dir='ltr' id='par_1_120' title="bbox 2271 5705 2397 5761">
     <span class='ocr_line' id='line_1_122' title="bbox 2271 5705 2397 5761; baseline 0.032 -19"><span class='ocrx_word' id='word_1_911' title='bbox 2271 5705 2397 5761; x_wconf 87' lang='grc' dir='ltr'>μου.</span> 
     </span>
    </p>
   </div>
  </div>
