4112 6224
249 432 365 490 725

1475 430 1714 492 LIBER
1755 431 1856 492 DE
1899 428 2436 493 VlRGlNITATE.

3548 429 3669 488 ’726

243 565 345 629 τῆς
399 560 594 629 ἑαυτῆς
645 558 944 638 ἀφθαρσίας
995 562 1086 615 τὸν
1155 561 1286 634 ὑπὲρ
1343 561 1510 631 αὐτῆς
1560 561 1887 617 ἀποθανόντα

2011 565 2228 634 modet,
2255 581 2358 620 nec
2390 581 2508 620 una
2539 580 2673 620 cum
2707 579 2793 629 eo,
2820 561 2917 634 qui
2950 565 3188 634 propter
3219 561 3408 632 ipsam
3443 576 3664 632 pauper

245 643 592 721 ἀμείϐεσθαι,
624 647 771 704 ἀλλά
815 647 1227 722 κατασπαταλᾷν
1274 651 1362 705 καὶ
1427 653 1750 724 θρύπτεσθαι
1807 651 1896 706 καὶ

243 743 326 810 τῷ
355 738 548 811 κόσμῳ
605 742 717 811 (16)
779 739 1302 815 συσχηματίζεσθαι,
1360 762 1448 795 και
1485 742 1559 814 μή
1591 746 1671 813 τῷ
1701 739 1770 795 δι’
1801 741 1898 796 αύ-

243 829 342 894 τὴν
404 828 783 902 πτωχεύσαντι
843 830 977 883 κατά
1033 831 1126 884 τὸν
1189 831 1312 905 βίον
1367 830 1782 904 συμπτωχεύειν
1843 852 1900 885 τε

245 919 360 989 ἅμα
417 915 508 971 καί
563 918 940 972 ταπεινοῦσθαι
1000 921 1134 989 (17),
1185 917 1275 973 ’ίνα
1329 921 1415 974 καὶ
1459 919 1534 981 εἰς
1575 921 1664 974 τὸν
1701 920 1900 974 οἷ’κεῖον

240 1013 342 1074 τῆς
375 1006 632 1076 θεότητος
689 1007 928 1061 πλοῦτον
981 1006 1254 1062 ἐπανιόντι
1318 1006 1484 1080 αύτῷ,
1518 1011 1552 1078 ἡ
1598 1013 1676 1081 τῷ
1710 1006 1782 1063 δι’
1806 1009 1900 1063 αύ-

242 1095 344 1163 τήν
409 1092 784 1170 πτωχεύσαντι
844 1096 1340 1172 συμπτωχεύσασα,
1394 1097 1656 1160 κοινωνός
1702 1119 1759 1152 τε
1803 1099 1898 1153 10-3

241 1181 494 1238 πλούτου
523 1184 613 1238 καὶ
643 1191 742 1252 τῆς
777 1184 1056 1260 βασιλείας
1086 1185 1137 1239 έν
1185 1186 1439 1259 οὐρανοῖς
1487 1186 1698 1261 εὑρεθῇ.
1752 1193 1890 1262 Παρ-

245 1274 430 1348 οράτω
483 1270 772 1348 τοιγαροῦν
832 1279 935 1327 πᾶν
989 1275 1050 1328 τὸ
1108 1273 1162 1328 έν
1219 1274 1339 1348 ύψει
1400 1276 1748 1349 φαινόμενον,
1798 1274 1894 1330 κᾶν

239 1358 420 1416 καλοῦ
447 1358 575 1436 δόξῃ
611 1361 903 1436 φαντασίαν
960 1364 1103 1435 παρά
1150 1384 1288 1418 τισιν
1321 1363 1702 1442 ἀποφέρεσθαι·
1751 1364 1896 1437 μᾶλ-

243 1449 341 1505 λον
376 1447 434 1504 δὲ
461 1451 563 1519 τὴν
594 1451 773 1526 ἀρχὴν
811 1448 941 1524 μηδ’
972 1453 1098 1527 ὁρᾷν
1134 1452 1385 1524 ἀξιούτω.
1443 1452 1600 1509 Ἀλλ’
1650 1451 1891 1508 ἔκστασίν

238 1559 362 1593 τινα
416 1539 559 1602 θείαν
620 1537 734 1593 ο⁹ίαν
793 1540 1068 1612 ὑπέμεινεν
1129 1543 1156 1595 ὁ
1216 1540 1268 1595 ἰν
1325 1546 1394 1615 τῇ
1427 1543 1666 1598 ἐκστάσει
1701 1543 1890 1611 εἰπὼν,

238 1632 355 1690 Πᾶς
406 1626 691 1703 ἄνθρωπος
741 1628 978 1701 ψεύστης
1037 1627 1123 1683 ἰπὶ
1179 1635 1298 1691 ταῖς
1349 1630 1623 1701 αἰσθήσεσι
1654 1632 1891 1692 καὶτοῖς

237 1712 560 1778 σννδούλοις
609 1715 668 1770 ἐκ
712 1716 921 1770 τούτων
963 1716 1207 1790 έκστᾶσα,
1266 1724 1478 1793 γυμνῷ,
1511 1719 1676 1797 φημὶ,
1709 1724 1787 1791 τῷ
1817 1725 1892 1791 vis

235 1809 333 1858 τοῦ
393 1807 514 1868 καθ’
563 1805 758 1872 ἑαυτὴν
811 1802 1013 1879 ἔρωτος
1049 1805 1409 1883 έμφορείσθω·
1475 1806 1744 1881 μηδαμῶς
1794 1808 1886 1881 μέν

241 1893 317 1964 μὴ
353 1891 604 1968 βλέμμα,
665 1895 740 1965 μὴ
787 1893 1014 1966 κίνημα,
1075 1897 1149 1967 μὴ
1210 1893 1374 1970 λόγον
1409 1898 1601 1965 ἑαυτῆς
1631 1896 1888 1970 έμπαθῶς

2010 654 2195 710 factus
2214 660 2326 721 est,
2345 670 2570 726 pauper
2592 654 2668 709 sit
2691 659 2746 708 et
2771 650 3033 718 humilis,
3051 655 3114 705 ut
3137 666 3358 722 pauper
3379 649 3530 704 tacta
3551 666 3670 704 una

2010 761 2144 798 cum
2169 760 2254 808 eo,
2281 743 2380 814 qui
2414 749 2652 815 propter
2682 743 2870 809 ipsam
2905 741 3349 813 pauper~factus
3371 745 3480 806 est,
3504 755 3570 793 eo
3595 739 3667 793 ad

2011 833 2274 903 proprias
2319 832 2649 887 divinitatis
2697 831 2930 885 divitias
2983 835 3326 894 revertente,
3374 826 3669 898 particeps

2011 921 2345 975 divitiarum
2379 926 2434 975 et
2479 921 2640 991 regni
2676 919 2733 974 in
2763 918 2930 974 oculis
2975 918 3324 972 inveniatur.
3361 917 3671 972 Praetereat

2012 1027 2149 1082 ergo
2181 1010 2466 1081 quidquid
2501 1008 2688 1064 oculis
2721 1008 2998 1078 cernitur,
3024 1007 3292 1078 quamvis
3317 1006 3451 1061 boni
3482 1004 3669 1061 videa-

2008 1105 2107 1157 tur
2137 1101 2391 1172 speciem
2437 1099 2590 1171 apud
2645 1096 2956 1154 nonnullos
3003 1096 3296 1163 obtinere;
3331 1094 3420 1150 vel
3471 1095 3667 1167 potius

2008 1207 2081 1244 ne
2114 1189 2374 1261 aspicere
2406 1189 2642 1260 quidem
2671 1187 2912 1243 omnino
2936 1186 3229 1257 dignetur.
3259 1186 3366 1239 Sed
3401 1184 3662 1240 divinam

2007 1277 2322 1346 quamdam
2359 1275 2637 1330 exstasim
2682 1274 2913 1344 qualem
2963 1272 3062 1327 ille
3107 1271 3532 1344 experiebatur,
3560 1272 3665 1344 qui

2005 1364 2064 1418 in
2101 1365 2313 1420 exstasi
2343 1363 2576 1419 dicebat
2610 1381 2621 1418 :
2659 1362 2846 1418 Omnis
2877 1361 3034 1417 homo
3062 1361 3303 1416 mendax
3321 1362 3389 1428 ’1,
3417 1378 3450 1415 ο.
3479 1360 3664 1415 sensi-

2007 1454 2114 1510 bus
2155 1459 2211 1508 et
2255 1453 2554 1509 conservis
2605 1451 2886 1517 sentiens,
2933 1451 3111 1515 nuda,
3145 1450 3412 1521 inquam,
3445 1455 3662 1519 mente,

2004 1542 2348 1614 congruenti
2381 1541 2493 1597 sibi
2527 1557 2725 1596 amore
2755 1540 3040 1595 satietur:
3069 1538 3401 1593 nullatenus
3422 1539 3659 1608 quidem

2005 1637 2306 1702 aspectum
2341 1637 2443 1686 aut
2475 1635 2705 1685 motum
2748 1635 2848 1684 aut
2892 1643 3221 1683 sermonem
3254 1643 3430 1680 suum
3465 1626 3658 1681 libidi-

2003 1737 2144 1776 nose
2174 1720 2231 1775 in
2271 1720 2526 1791 aliquem
2563 1720 2778 1782 ferens,
2809 1719 2908 1772 sed
2943 1733 3148 1772 omnes
3181 1731 3319 1770 suas
3351 1713 3658 1770 facultates

2001 1809 2218 1880 proprii
2253 1810 2454 1880 sponsi
2498 1807 2743 1862 ancillas
2783 1805 3062 1860 efﬁciens.
3095 1804 3240 1859 Nam
3275 1820 3408 1859 cum
3443 1803 3491 1857 is
3522 1801 3655 1856 ubi-

1999 1915 2114 1968 que
2143 1905 2364 1966 cernat,
2404 1899 2698 1951 internum
2747 1895 2906 1950 illius
2949 1895 3217 1949 aﬂ'ectum
3269 1891 3330 1947 in
3375 1891 3653 1948 omnibus

239 1981 378 2055 πρός
421 2002 541 2035 τινα
592 1980 847 2058 φέρουσα·
897 1979 1031 2045 δλας
1081 1980 1139 2038 δὶ
1171 1984 1365 2052 ἑαυτῆς
1393 1985 1490 2046 τὰς
1518 1983 1772 2058 δυνάμεις
1803 1988 1887 2040 θεο

2002 1989 2328 2042 accuratius
2357 1987 2706 2042 considerat.

236 2069 502 2145 ραπαίνας
531 2074 630 2126 τοῦ
660 2069 861 2125 οἰκείου
885 2071 1122 2149 νυμφίου
1152 2077 1405 2131 ποιοῦσα.
1441 2079 1727 2150 Πανταχοῦ
1755 2076 1857 2150 γὰρ
1889 2076 2056 2151 ὁρῶν,
2086 2073 2176 2129 τὸν
2209 2072 2511 2138 ἐνδιάθετον
2545 2073 2712 2143 αὐτῆς
2745 2074 2857 2147 (18)
2891 2068 2980 2126 διὰ
3004 2070 3216 2125 πάντων
3264 2062 3643 2144 ἀκριϐέστερον

231 2179 367 2213 κατα
374 2159 657 2214 σκέπτεται
667 2200 681 2215 .

295 2250 391 2304 27.
425 2249 525 2302 Καὶ
585 2250 700 2303 κατ’
760 2245 916 2303 ούδὶν
965 2246 1047 2304 δεῖ
1098 2248 1266 2325 μέρος
1322 2253 1420 2318 τήν
1454 2251 1715 2328 παρθένον
1769 2274 1886 2325 μοι·

226 2336 508 2410 χεύεσθαι,
570 2337 647 2409 μὴ
706 2335 946 2411 γλώσσῃ,
1012 2340 1086 2410 μή
1118 2339 1276 2413 ἀκοῇ,
1343 2341 1418 2412 μὴ
1478 2340 1768 2419 ὀφθαλμῷ,
1807 2343 1882 2413 μὴ

226 2423 360 2502 ἀφῇ,
399 2427 477 2497 μή
513 2423 656 2497 ἄλλη
683 2425 791 2480 τινὶ
850 2426 1094 2489 συνόλως
1155 2427 1422 2501 αἰσθήσει,
1473 2424 1549 2484 ἔτι
1579 2427 1635 2484 δὲ
1669 2428 1883 2504 μᾶλλον

225 2516 289 2586 τῇ
326 2509 564 2584 διανοίᾳ·
600 2513 744 2569 ἀλλά
795 2515 856 2569 τὸ
919 2517 1012 2588 μέν
1075 2521 1255 2589 σῶμα,
1309 2516 1489 2592 ὥσπερ
1528 2521 1649 2574 τινὰ
1678 2521 1800 2574 ναὸν
1847 2521 1880 2590 ἢ

228 2602 434 2656 παστὸν
486 2606 585 2657 τοῦ
639 2603 897 2681 νυμφίου,
948 2601 1092 2680 ἔχειν
1154 2605 1567 2679 εύτρεπισμένον
1605 2651 1618 2676 ,
1672 2609 1771 2676 τήν
1827 2605 1884 2663 δὲ

226 2692 417 2766 ψυχὴν
480 2689 533 2744 ἐν
585 2691 763 2764 τούτῳ
788 2691 934 2764 αύτῷ
973 2693 1188 2772 νύμφην
1239 2697 1474 2770 καθαρὰν
1526 2697 1881 2765 συνευνάζειν.

229 2774 490 2853 Ἀκριϐοῖ
519 2779 622 2856 γὰρ
653 2779 808 2843 οὗτος
839 2781 899 2836 ού
934 2782 1001 2836 τὰ
1028 2782 1328 2856 ἀνθρώπων
1381 2783 1690 2859 ὀφθαλμοῖς
1741 2786 1882 2862 ὁρώ-

231 2889 387 2940 μενα,
421 2867 570 2923 ἀλλᾶ
599 2867 685 2923 καί
714 2869 781 2924 τὰ
809 2868 860 2924 έν
893 2874 961 2942 τῇ
1005 2867 1212 2943 διανοίᾳ
1255 2871 1605 2946 λανθάνοντα,
1654 2875 1743 2929 καὶ
1785 2874 1884 2929 ούκ

228 2959 288 3012 ἂν
319 2979 405 3018 τις
438 2959 814 3032 μοιχευομένη
850 2957 1007 3022 λάθοι
1036 2959 1236 3015 τούτου
1257 2963 1318 3015 τὸ
1349 2957 1523 3035 ὄμμα.
1557 2965 1623 3020 Αἱ
1655 2965 1751 3037 μὲν
1781 2963 1882 3039 γὰρ

229 3051 453 3116 θνητοῖς
513 3043 733 3121 ἀνδράσι
787 3051 1022 3115 συζῶσαι
1072 3047 1197 3103 ὅταν
1247 3050 1383 3126 πρὸς
1431 3051 1616 3106 κακίαν
1670 3051 1883 3108 ὀκείλα-

230 3135 413 3189 σαιτά
443 3141 547 3204 τῆς
598 3135 850 3211 μοιχείας
897 3138 1352 3213 περιεργάζωνται
1399 3144 1509 3212 (19)
1564 3143 1879 3216 πράγματα,

225 3225 317 3285 τάς
367 3244 430 3277 τε
479 3219 725 3284 εἰσόδους
774 3224 863 3278 καὶ
913 3224 1011 3287 τὰς
1057 3223 1270 3296 έξόδους
1317 3233 1424 3283 τῶν
1457 3227 1664 3302 ἀνδρῶν
1698 3230 1882 3302 ἐπιτη-

2067 2256 2156 2310 27.
2190 2254 2364 2312 Nulla
2393 2255 2548 2310 enim
2601 2258 2761 2325 parte
2792 2251 3060 2308 adultera
3087 2251 3246 2322 virgo
3295 2264 3426 2304 esse
3456 2248 3650 2315 debet,

1998 2360 2112 2398 non
2153 2343 2376 2415 lingua,
2403 2360 2515 2398 non
2550 2343 2777 2409 auditu,
2812 2359 2927 2398 non
2959 2339 3149 2407 oculo,
3174 2355 3289 2393 non
3321 2342 3500 2405 tactu,
3533 2353 3650 2392 non

1997 2433 2114 2488 ullo
2137 2432 2248 2487 alio
2275 2449 2515 2505 prorsus
2533 2447 2734 2496 sensu,
2753 2429 3061 2501 multoque
3081 2428 3276 2483 minus
3299 2427 3522 2492 animo;
3547 2426 3651 2482 sed

1995 2539 2206 2593 corpus
2225 2520 2670 2594 quidem,veluti
2696 2519 2982 2591 templum
3007 2522 3107 2573 aut
3130 2515 3455 2571 thalamum
3480 2531 3654 2587 spon-

1995 2611 2066 2678 si,
2083 2613 2189 2666 rite
2205 2611 2599 2682 compositum
2621 2610 2928 2677 habere,ac
2945 2608 3000 2662 in
3023 2624 3089 2662 eo
3107 2607 3366 2661 animam
3389 2621 3503 2660 una
3517 2620 3652 2659 cum

1995 2716 2212 2770 sponso
2236 2699 2523 2772 integram
2556 2715 2833 2770 sponsam
2858 2696 3162 2753 collocare.
3186 2698 3469 2750 Accurate
3493 2693 3651 2749 enim

1994 2788 2256 2859 explorat
2278 2788 2374 2844 ille
2399 2806 2512 2844 non
2537 2805 2604 2844 ea
2627 2788 2817 2843 solum
2839 2803 2965 2858 quae
2991 2786 3296 2841 hominum
3322 2781 3508 2837 oculis
3529 2797 3652 2836 cer-

1995 2883 2235 2942 nuntur.
2261 2879 2360 2933 sed
2393 2895 2461 2933 ea
2491 2877 2667 2933 etiam
2697 2894 2825 2949 quae
2859 2877 2916 2929 in
2952 2874 3148 2930 animo
3174 2873 3376 2941 latent,
3403 2886 3506 2924 nec
3528 2867 3652 2924 ulla

1995 2966 2260 3022 adultera
2283 2969 2410 3037 ejus
2433 2966 2635 3022 oculos
2658 2964 2942 3038 effugerit.
2961 2963 3104 3018 Nam
3127 2979 3253 3033 qua:
3277 2977 3411 3016 cum
3436 2963 3648 3014 morta-

1993 3055 2149 3110 libus
2165 3055 2304 3111 viris
2322 3057 2698 3127 degunt,cum
2724 3056 2874 3109 facto
2891 3054 2951 3108 in
2970 3052 3128 3107 vitiis
3148 3065 3458 3122 progressu
3480 3046 3646 3102 adul-

1996 3144 2122 3198 terii
2176 3145 2499 3200 moliuntur
2545 3162 2741 3216 opera,
2772 3143 3050 3198 introitus
3080 3145 3137 3196 et
3166 3141 3354 3195 exitus
3383 3138 3642 3192 virorum

1993 3233 2387 3300 observautes,
2407 3250 2730 3303 eorumque
2761 3231 2998 3287 oculum
3025 3235 3079 3286 et
3111 3244 3329 3293 aurem,
3352 3230 3645 3298 quantum

228 3317 444 3386 ροῦσαι,
477 3313 568 3366 καὶ
598 3313 660 3367 τὸ
691 3307 846 3386 ὄμμα
875 3315 963 3368 καὶ
993 3317 1091 3384 τήν
1125 3315 1290 3386 ἀκοήν
1323 3317 1497 3373 αὐτῶν
1527 3319 1601 3381 ὡς
1651 3315 1726 3374 ἔνι
1780 3320 1880 3394 μά-

2002 3322 2116 3376 fieri
2162 3324 2412 3378 maxime
2459 3327 2668 3393 potest,
2701 3320 2913 3376 callide
2957 3318 3347 3389 explorantes,
3395 3315 3650 3369 latenter

228 3401 389 3456 λιστα
443 3400 772 3476 πανούργως
816 3402 1204 3477 φυλάττουσαι,
1262 3405 1451 3462 καὶτὸ
1514 3407 1746 3479 λεληθὸς
1791 3411 1882 3464 καὶ

231 3487 397 3566 λόγον
432 3491 693 3565 μοιχικὸν
746 3491 836 3545 καί
872 3492 1098 3567 βλέμμα
1123 3496 1237 3567 (20)
1283 3495 1630 3567 κλέπτουσαι,
1663 3498 1750 3553 καὶ
1779 3500 1878 3567 τήν

229 3579 396 3650 ἀκοήν
431 3579 526 3634 καὶ
556 3581 656 3648 τὴν
690 3576 813 3654 ὄψιν
859 3582 994 3656 πρὸς
1036 3583 1134 3651 τὴν
1186 3583 1484 3640 ἀκόλαστον
1533 3584 1737 3656 ἡδονὴν
1788 3587 1878 3660 έμ-

231 3672 548 3745 φοροῦνται.
579 3669 643 3724 Ἠ
677 3666 734 3723 δὲ
789 3674 868 3742 τῷ
919 3670 1103 3744 Κυρίῳ
1157 3673 1564 3750 νυμφευομένη,
1626 3677 1686 3731 ού
1720 3673 1879 3731 δυνα-

235 3757 362 3829 μὶνη
418 3754 545 3812 οὔτε
600 3759 698 3826 τήν
751 3753 899 3832 ὄψιν,
949 3757 1072 3814 οὔτε
1109 3762 1210 3830 τήν
1236 3763 1427 3832 ἀκοὴν,
1461 3761 1584 3819 οὔτε
1611 3765 1710 3834 τὴν
1746 3786 1878 3841 παρ-

233 3846 415 3901 ουσίαν
469 3853 676 3924 φυγεῖν,
733 3847 785 3902 ἐν
846 3850 965 3922 ὂψει
1019 3850 1182 3905 αὐτοῦ
1241 3853 1447 3908 ἅπαντα
1485 3856 1726 3929 πράττει.
1788 3857 1882 3911 Διὸ

234 3932 311 3990 δεῖ
355 3937 459 4004 τήν
519 3937 804 4011 παρθένον,
860 3936 956 3992 κᾶν
1010 3939 1146 4012 μόνη
1177 3961 1230 3994 τι
1265 3940 1434 4016 λαλῇ,
1465 3941 1678 4013 εἰδέναι,
1713 3946 1795 3998 ὅτι
1829 3945 1880 3999 έν

235 4023 425 4086 ἀκοαῖς
457 4028 556 4079 τοῦ
581 4026 818 4102 νυμφίου
850 4024 1035 4082 λαλεῖο
1080 4026 1174 4082 κᾶν
1229 4031 1436 4105 πράττῃ
1480 4052 1534 4087 τι
1585 4033 1748 4104 μόνη,
1803 4036 1877 4107 μὴ

231 4113 468 4188 ἀγνοεῖν,
503 4112 586 4169 ὅτι
632 4117 780 4169 10'31’
827 4111 1064 4190 ἀκριϐῶς
1113 4118 1270 4181 οὗτος
1311 4121 1428 4194 ὁρᾷ’
1463 4119 1557 4175 κᾶν
1590 4120 1747 4196 έννοῇ
1805 4144 1880 4194 τι,

232 4204 518 4257 πεπεῖσθαι
569 4201 650 4256 δτι
701 4203 864 4274 ὀξέως
909 4209 1071 4260 τοῦτο
1111 4206 1429 4280 κινούμενον
1464 4208 1550 4263 ἐπὶ
1605 4211 1702 4278 τῆς
1757 4233 1883 4287 καρ-

233 4287 349 4353 δίας
383 4290 787 4348 έπισκέπτεται.
849 4296 1073 4364 Ποιήσει
1122 4298 1225 4370 γάρ
1269 4317 1375 4364 τις,
1426 4298 1609 4374 φησὶν,
1661 4300 1712 4354 ἰν
1757 4321 1883 4376 κρυς

233 4381 434 4454 φαίοις,
491 4381 583 4434 καὶ
653 4381 718 4435 ού
795 4383 1118 4456 γνώσομαι;
1180 4384 1278 4439 Καὶ
1336 4390 1450 4448 πῶς
1503 4389 1565 4444 Ὀ
1624 4389 1884 4462 φυτεύσας

228 4467 292 4520 τὸ
351 4467 478 4533 οὖς,
541 4468 645 4522 οὐκ
703 4469 1020 4540 ἀκούσεται;
1081 4471 1116 4540 ἢ
1176 4473 1204 4526 ὁ
1260 4472 1471 4538 πλάσας
1525 4476 1617 4531 τὸν
1678 4477 1884 4554 ὀφθαλ-

235 4557 358 4628 μὸν,
439 4555 502 4612 ού
579 4564 869 4628 κατανοεῖς
941 4565 1011 4615 ’Ή
1086 4561 1147 4617 Ὁ
1217 4559 1485 4618 παιδεύων
1545 4563 1695 4635 ἔθνη,
1756 4566 1880 4644 οὐχὶ

236 4642 496 4721 ἐλέγξεις
585 4647 642 4699 ’0
725 4644 994 4703 διδάσκων
1077 4646 1362 4724 ἄνθρωπον
1438 4657 1678 4726 γνῶσιν,
1768 4642 1884 4718 πῶς

235 4732 391 4797 οὗτος
424 4734 488 4790 οὐ
527 4735 594 4790 τὰ
645 4735 817 4791 πάντα
873 4738 1156 4812 γνώσεται,
1212 4745 1277 4818 ’ῼ
1333 4741 1507 4797 πάντα
1563 4745 1744 4819 γυμνά
1797 4746 1885 4800 κτῖ

234 4821 722 4899 τετραχηλισμένα
776 4831 892 4887 τοῖς
950 4824 1260 4904 ὀφθαλμοῖς
1315 4828 1518 4898 αύτοῦ;
1576 4833 1673 4886 Διά
1726 4837 1888 4887 τοῦτο

236 4911 264 4964 δ
330 4912 424 4982 μὲν
483 4919 585 4980 τῆς
644 4913 908 4988 ἁμαρτίας
964 4913 1270 4991 ἄνθρωπος,
1312 4916 1728 4992 τετυφλωμένος
1789 4921 1890 4976 ὑπὸ

232 4997 501 5068 τῆςίδίας
539 5001 854 5077 μοχθηρίας
909 5005 998 5058 τὸν
1050 5010 1198 5074 νοῦν,
1257 5006 1347 5061 καὶ
1405 5008 1588 5063 ἑαυτὸν
1648 5009 1889 5080 ἀπατῶν,

1996 3411 2294 3467 adulteros
2315 3427 2617 3467 sermones
2639 3414 2695 3464 et
2725 3413 2999 3481 aspectus
3033 3408 3324 3474 furantur,
3345 3419 3412 3458 ac
3433 3419 3573 3458 aure
3596 3404 3653 3457 et

1995 3501 2184 3557 oculis
2213 3501 2526 3572 impudicae
2568 3497 2888 3570 voluptatis
2935 3495 3261 3552 satietatem
3293 3491 3551 3564 capiunt.
3585 3492 3652 3545 At

2001 3590 2226 3645 Domini
2253 3607 2489 3662 sponsa.
2526 3605 2661 3644 cum
2695 3605 2810 3642 non
2846 3586 3032 3658 possit
3055 3600 3160 3639 nec
3192 3586 3496 3654 aspectum
3521 3579 3649 3649 ejus

1997 3696 2102 3734 nec
2120 3681 2410 3748 auditum,
2427 3695 2544 3734 naac
2562 3676 2928 3750 praesentiam
2949 3675 3222 3744 etl'ugere,
3237 3672 3296 3726 in
3315 3668 3502 3726 oculis
3519 3668 3648 3738 ejus

1995 3786 2087 3824 om
2099 3769 2188 3823 nia
2210 3767 2738 3838 facit.Quapr0pter
2753 3768 2979 3836 oportet
2999 3768 3061 3816 ut
3077 3758 3498 3832 virgo,etiamsi
3521 3757 3649 3812 sola

1995 3856 2214 3927 aliquid
2249 3856 2548 3928 loquatur,
2576 3856 2724 3909 sciat
2753 3869 2816 3908 so
2849 3853 2906 3906 in
2939 3850 3138 3920 sponsi
3172 3849 3414 3903 auribus
3445 3845 3642 3917 loqui:

1992 3945 2224 4000 etiamsi
2259 3943 2384 3999 sola
2407 3943 2628 4014 aliquid
2661 3942 2852 4007 faciat,
2888 3955 3001 3994 non
3028 3939 3255 4008 ignoret
3276 3935 3332 3989 id
3357 3934 3429 3989 ab
3458 3949 3525 3988 eo
3549 3948 3646 3986 ac-

1991 4039 2190 4089 curate
2240 4032 2485 4103 perspici
2523 4047 2535 4085 :
2571 4029 2803 4085 etiamsi
2837 4027 2976 4100 quid
3025 4026 3259 4098 cogitet,
3296 4036 3644 4095 persuasum

1992 4123 2204 4177 habeat
2232 4121 2288 4176 id
2323 4121 2520 4176 statim
2556 4120 2612 4174 in
2638 4119 2810 4174 corde
2839 4120 3200 4172 commotum
3232 4113 3305 4167 ab
3335 4129 3400 4167 eo
3432 4126 3644 4179 cogno-

1992 4212 2096 4267 sci.
2130 4213 2310 4266 Faciet
2354 4211 2504 4266 em'm
2534 4209 2676 4280 quis,
2708 4205 2920 4278 inquit,
2954 4207 3014 4259 in
3059 4202 3287 4267 abditis,
3321 4208 3372 4256 et
3411 4215 3519 4255 non
3553 4214 3646 4254 co-

1991 4317 2244 4372 gnoscam
2265 4299 2345 4353 θη
2375 4304 2442 4353 Et
2485 4297 2776 4371 quomodo
2827 4296 2933 4363 Qui
2976 4292 3252 4364 plantavit
3299 4306 3491 4344 aurem
3537 4304 3650 4342 non

1993 4391 2217 4446 audiet?
2245 4393 2298 4445 et
2345 4390 2439 4460 qui
2483 4389 2651 4459 ﬁnxit
2701 4377 2947 4452 oculum,
2996 4399 3107 4437 non
3153 4379 3501 4436 considerat?
3531 4379 3648 4432 Aut

1995 4483 2110 4552 Qui
2135 4481 2363 4550 corripit
2391 4487 2598 4550 gentes,
2630 4492 2741 4531 non
2779 4475 3009 4545 arguet?
3041 4472 3146 4540 Qui
3173 4470 3326 4525 docet
3373 4469 3646 4522 hominem

1993 4570 2306 4632 scientiam,
2327 4567 2618 4636 quomodo
2650 4565 2746 4619 ille
2775 4581 2887 4618 non
2911 4561 3110 4618 omnia
3134 4562 3442 4631 cognoscet
3457 4557 3522 4625 9',
3548 4556 3652 4612 Cui

1993 4659 2186 4714 omnia
2219 4656 2366 4712 nuda
2395 4665 2522 4712 sunt
2565 4664 2616 4710 et
2645 4657 2834 4722 aperta
2861 4653 3016 4708 644
3045 4650 3217 4706 oculis
3245 4649 3364 4718 ejus
3379 4645 3464 4700 9‘?
3495 4647 3648 4712 Qua-

1999 4751 2239 4820 propter
2269 4746 2443 4801 homo
2492 4744 2734 4816 peccati,
2759 4746 2951 4798 mente
3000 4741 3318 4796 exczecatus
3347 4754 3381 4793 a
3413 4733 3650 4808 propria

2001 4834 2287 4907 nequitia,
2306 4851 2372 4889 ac
2397 4833 2779 4904 semetipsum
2805 4829 3127 4902 decipiens,
3160 4827 3335 4894 dicat,
3371 4830 3434 4881 ut
3463 4825 3650 4880 libue-

2002 4924 2077 4978 rit
2111 4939 2126 4978 :
2160 4923 2404 4978 Tenebrw
2435 4927 2765 4993 operuerunt
2802 4935 2908 4987 me,
2940 4926 2991 4973 et
3025 4917 3260 4989 parietes
3309 4917 3370 4971 in
3413 4915 3651 4970 circuitu

1999 5029 2138 5081 meo,
2170 5014 2291 5084 quis
2319 5028 2404 5067 me
2433 5011 2575 5066 videt
2598 5011 2682 5065 πῖ
2711 5012 2844 5077 Quae
2893 5025 3024 5064 vero
3063 5023 3275 5080 purum
3323 5003 3526 5078 sponsi
3558 5001 3649 5058 lu-

314 5202 360 5242 "
395 5205 550 5263 Psal.
580 5222 708 5278 cxv,
743 5206 830 5266 11.
907 5208 952 5248 ’³
981 5209 1197 5270 Jerem.
1228 5226 1392 5286 mu,
1424 5215 1514 5273 24.
1591 5214 1635 5254 ⁵⁸
1665 5213 1816 5275 Psal.
1851 5235 1885 5274 x

2002 5261 2007 5283 ,
2038 5214 2096 5290 9,
2127 5215 2215 5273 10.
2291 5215 2337 5254 9‘
2363 5213 2536 5273 Hebr.
2571 5232 2647 5282 ιν,
2682 5212 2770 5269 13.
2846 5212 2890 5247 ⁵⁵
2920 5208 3095 5266 Eccli.
3128 5223 3288 5277 XXIII,
3319 5205 3409 5259 26.

307 5398 427 5481 (ιο)
460 5401 682 5487 ῐξόσμφ.
717 5405 1060 5487 Parisiensis
1092 5409 1270 5487 editio
1307 5411 1470 5487 addit
1507 5411 1708 5487 τούτῳ,
1740 5417 1895 5487 quod

235 5475 448 5556 necum
481 5475 700 5556 Veneta
750 5495 855 5535 nec
903 5481 958 5556 in
1010 5497 1156 5538 mss.
1207 5482 1441 5556 legitur.
1475 5475 1708 5543 Ibidem,
1748 5475 1898 5544 non-

234 5541 676 5624 nullimcgdices,
698 5551 1162 5624 σχηματίζεσθαι.

460 5616 872 5698 Ἰξατςξινοῦάθαὶ.
907 5616 1010 5698 Hic
1041 5641 1289 5698 quoque
1338 5628 1685 5686 Parisiensis
1719 5630 1895 5688 editio

241 5685 438 5777 ad‘d‘i‘t,
476 5688 799 5777 βούλεσθαι,
819 5697 991 5777 quod
1006 5685 1142 5754 alibi
1173 5685 1287 5777 rion
1317 5701 1622 5777 reperitur.

317 5757 438 5831 (18)
467 5764 673 5834 Αὖτῆς.
716 5757 894 5825 Addit
939 5765 1059 5832 ἔθος
1105 5769 1310 5827 eadem
1368 5757 1545 5828 editio
1597 5773 1725 5830 sine
1783 5773 1901 5830 ulla

2009 5431 2252 5488 prorsus
2282 5412 2644 5488 auctoritate.
2806 5478 2861 5488 Μ
3281 5485 3397 5488 μυ
3479 5461 3627 5488 mm

2081 5464 2751 5574 ξίᾷῑὶιέοῖὲρἦάξῷνται.
2805 5478 2900 5533 Sic
2959 5471 3224 5530 nonnulli
3277 5485 3421 5524 mss.
3479 5464 3652 5530 Editi,

2009 5562 2498 5631 περιεργάζονται..
3161 5615 3172 5626 .
3491 5608 3526 5621 Η

2081 5631 2192 5701 ('20)
2226 5628 2395 5701 Λόγον
2433 5624 2688 5701 μοιχικδν
2720 5620 2809 5674 καὶ
2844 5615 3086 5701 βλέμμα.
3115 5615 3344 5701 Slc‘opf
3551 5623 3656 5701 C(3-

2008 5676 2807 5757 dicivaZtS-iéven‘ien'davimus
2845 5676 3164 5760 'vulgatam
3213 5676 3524 5742 lectionem
3556 5676 3654 5754 ,εότ

2009 5790 2122 5846 γων
2155 5775 2427 5846 μοιχικῶν
2457 5767 2548 5856 καὶ
2587 5763 2940 5842 βλεμμάτων.
