4134 6224
422 356 543 420 ’127

429 580 769 651 prudentia,
797 597 923 650 quas
951 579 1062 651 ipsi
1094 580 1288 635 inesse
1313 579 1503 645 debet,
1530 581 1599 635 ad
1631 579 1867 653 singula
1895 578 2082 635 excla-

1371 354 1766 418 APPENDIX
1807 353 2132 418 OPERUM
2175 355 2246 428 8.
2291 353 2576 418 BASILII
2619 354 2896 458 MAGNI.

427 505 563 546 men
599 503 735 560 sper
766 487 1110 562 semuscipit
1139 492 1336 545 mente
1364 506 1491 556 sua,
1514 494 1689 562 prout
1718 491 1963 563 dignum
1996 492 2085 544 est

2219 487 2274 551 ὃς
2329 484 2470 542 θέλει
2522 486 2729 562 λεγέτω
2783 488 2918 561 (21)·

3719 357 3860 418 728

3001 484 3204 550 Σκότος
3271 484 3532 543 κόλόπτει
3598 507 3688 561 με,
3753 487 3860 543 καὶ

2195 577 2245 630 οἷ
2283 582 2465 652 τοῖχοι
2521 575 2710 650 κύκλῳ
2773 598 2898 649 μου,
2946 576 3035 631 καὶ
3065 576 3147 638 τίς
3189 597 3256 650 με
3281 579 3418 652 ὁρᾷ;
3451 578 3514 634 Ἡ
3547 574 3607 632 δὶ
3633 577 3698 632 τὸ
3732 583 3858 655 φῶς

432 673 554 722 met
586 685 598 724 ε
634 669 772 735 Quia
805 670 1044 724 tenebrae
1071 685 1181 722 non
1221 669 1666 723 obscurabuntur
1693 687 1727 724 a
1755 673 1806 724 te
1835 688 1852 723 :
1884 673 1934 723 et
1969 685 2084 722 nox

2219 669 2288 719 κοῦ
2338 665 2573 742 νυμφίου
2622 667 2855 739 καθαρὸν
2900 666 2979 720 ἀεὶ
3026 666 3101 729 εἷς
3155 666 3244 720 τὸν
3297 667 3491 735 ἑαυτῆς
3527 671 3654 720 νοῦν
3691 663 3863 742 δεχο-

431 759 572 812 sicut
609 757 723 812 dies
772 758 1192 812 illuminahitur
1221 775 1238 811 :
1268 759 1409 812 sicut
1458 759 1700 814 tenebrae
1746 760 1884 830 ejus,
1918 760 2003 812 ita
2036 760 2087 812 et

437 847 620 902 lumen
649 847 766 918 ejus
789 848 851 899 ⁸⁸⁵.
890 847 1096 902 Probet
1139 847 1319 917 igitur
1350 864 1525 901 suum
1568 847 1752 917 ipsius
1784 851 2086 918 aspectum

434 935 669 990 Domini
703 953 940 1008 sponsa,
971 941 1026 990 et
1057 937 1103 990 si
1152 937 1442 991 cernendo
1490 935 1761 1008 placebit,
1786 943 1926 991 tunc
1956 952 2086 991 eum

434 1026 736 1081 confidens
796 1026 1070 1079 movebit.
1126 1025 1224 1080 Sin
1285 1032 1478 1080 autem
1534 1025 1778 1080 minime
1841 1025 2092 1096 placebit

435 1129 674 1184 sponso,
700 1113 1078 1184 semetipsam
1115 1129 1229 1167 non
1261 1113 1534 1183 decipiat,
1568 1113 1708 1184 quia
1736 1129 1769 1168 a
1799 1112 1960 1167 nullo
1990 1113 2090 1167 ho-

433 1203 591 1257 mine
620 1202 875 1272 videtur,
909 1200 1078 1256 illum
1110 1202 1287 1258 etiam
1341 1217 1468 1257 sese
1515 1202 1857 1256 existimans
1888 1201 2088 1256 latere.

432 1291 523 1346 Sic
555 1292 732 1346 etiam
776 1291 1108 1347 consideret
1153 1307 1484 1346 sermonem
1516 1296 1572 1346 et
1597 1291 2002 1364 cogitationes,
2036 1294 2092 1346 et

437 1381 838 1436 membrorum
871 1397 934 1436 ac
967 1381 1284 1453 digitorum
1334 1380 1599 1453 singulos
1644 1389 1858 1435 motus.
1881 1384 1959 1435 Ac
1990 1396 2092 1452 per

438 1468 561 1525 haec
591 1470 829 1541 quidem
863 1471 911 1526 si
953 1471 1200 1525 Domino
1249 1469 1494 1540 placeat,
1529 1475 1832 1524 moveatur
1861 1470 1932 1524 ad
1967 1470 2091 1524 sin-

442 1559 582 1631 gula
615 1576 628 1614 :
661 1576 832 1615 secus
856 1576 1012 1625 vero,
1049 1559 1226 1626 illius,
1261 1565 1460 1629 utpote
1489 1559 1803 1628 cernentis,
1835 1575 2094 1614 reverea-

441 1653 541 1702 tur
570 1655 895 1720 aspectum.
925 1649 1064 1705 Nam
1091 1649 1138 1704 si
1166 1649 1418 1704 sollicita
1438 1654 1528 1703 est
1552 1650 1845 1719 quomodo
1873 1648 2096 1719 placeat

445 1739 712 1803 Domino,
738 1737 884 1793 nihil
915 1738 1103 1806 debet,
1137 1739 1292 1808 quod
1327 1755 1440 1792 non
1488 1737 1573 1792 illi
1613 1737 1861 1809 placeat,
1888 1739 2092 1791 facere.

2197 753 2354 826 μὲνη,
2387 755 2454 808 τὰ
2480 753 2597 824 ἄξια
2641 762 2741 824 τῆς
2794 754 3125 833 ὀφειλούσης
3172 755 3316 829 αὐτῇ
3376 761 3660 830 προσεῖναι
3724 777 3865 810 συν-

2195 841 2357 904 έσεως
2428 843 2768 921 ἐπιφωνείτω
2844 845 2961 898 καθ’
3035 843 3280 899 ἕκαστον·
3351 847 3475 902 ’Ὀτι
3533 844 3735 906 σκότος
3796 843 3865 898 οὗ

2198 935 2605 1004 σκοτισθήσεται
2679 933 2784 988 ἀπὸ
2847 938 2962 987 σοῦ·
3021 933 3110 988 καὶ
3163 933 3250 1004 νὺξ
3306 934 3378 996 ὡς
3439 935 3623 1009 ἡμέρα
3682 955 3866 1011 φωτι-

2197 1024 2474 1092 σθήσεται⁵
2536 1023 2611 1084 ὡς
2668 1024 2730 1076 τὸ
2791 1023 2984 1086 σκότος
3041 1022 3230 1096 αὐτῆς,
3290 1022 3432 1077 οὕτω
3486 1023 3577 1077 καὶ
3625 1024 3689 1077 τὸ
3744 1027 3867 1100 φῶς

2198 1110 2390 1180 αὐτῆς.
2453 1109 2800 1184 Δοκιμαζὲτω
2856 1112 3037 1165 τοίνυν
3094 1111 3157 1166 τὸ
3216 1111 3410 1180 ἑαυτῆς
3469 1109 3702 1185 βλέμμα
3761 1116 3866 1165 τοῦ

2198 1199 2397 1274 Κυρίου
2441 1201 2475 1269 ἡ
2524 1199 2734 1275 νύμφη·
2785 1199 2873 1255 καὶ
2926 1199 2971 1254 εἴ
3029 1200 3122 1273 μὲν
3153 1201 3295 1277 ὁρῶν
3336 1199 3718 1276 ἀρεσθήσεται,
3770 1199 3868 1254 καὶ

2200 1286 2266 1358 δὴ
2317 1293 2481 1343 τοῦτο
2526 1291 2637 1362 (22)
2683 1287 2954 1365 θαρροῦσα
3006 1290 3245 1344 κινείτω.
3293 1288 3358 1345 Εἰ
3409 1285 3466 1343 δε
3508 1288 3609 1343 οὐκ
3638 1288 3870 1363 ἀρέσκει

2199 1377 2368 1449 αὐτῷ,
2429 1379 2503 1450 μὴ
2549 1379 2742 1445 ὲαυτὴν
2787 1377 3062 1452 ἀπατάτω,
3109 1377 3223 1433 ἐπεὶ
3268 1375 3459 1450 μηδεὶς
3486 1382 3596 1433 τῶν
3647 1379 3871 1452 ἀνθρώ-

2199 1489 2318 1522 πων
2351 1469 2469 1540 ὁρᾷ,
2503 1466 2584 1520 ὅτι
2637 1468 2884 1522 κάκεῖνον
2933 1466 3198 1532 λανθάνει.
3246 1467 3429 1530 Οὕτως
3489 1466 3872 1522 ἆπισκοπείτω

2201 1555 2292 1610 τὸν
2325 1555 2506 1631 λόγον,
2565 1557 2663 1625 τὴν
2724 1551 2929 1612 ἔννοιαν
2991 1559 3125 1631 (23),
3182 1562 3288 1612 τῶν
3327 1556 3508 1630 μελῶν
3535 1557 3627 1611 καὶ
3661 1554 3871 1611 δακτῦο

2205 1642 2316 1698 λων
2367 1647 2484 1699 καθ’
2528 1643 2750 1700 ἕκαστον
2803 1648 2900 1715 τήν
2958 1646 3191 1716 κίνησιν.
3240 1646 3336 1700 Καὶ
3367 1645 3413 1700 εἰ
3449 1646 3542 1719 μὲν
3572 1645 3873 1722 ἀρέσκεται

2203 1734 2445 1802 τούτοις,
2477 1735 2730 1798 κινείσθω
2760 1735 2896 1809 πρὸς
2927 1731 3171 1790 ἕκαστονο
3208 1734 3283 1797 εἷς
3317 1732 3373 1790 δὲ
3408 1737 3510 1808 μὴ,
3559 1736 3637 1798 ὡς
3686 1737 3869 1812 ὁρῶν-

440 1845 534 1887 τος
566 1822 817 1888 αἰδείσθω
841 1827 938 1894 τὴν
971 1821 1112 1899 ὄψιν.
1148 1825 1209 1879 Ei
1234 1827 1336 1901 γάρ
1367 1829 1606 1900 μεριμνᾷ
1635 1828 1751 1886 πῶς
1783 1825 1947 1898 ἀρέσῃ
1979 1827 2057 1896 τῷ
2091 1823 2300 1898 Κυρίῳ,
2331 1820 2480 1877 οὐδὲν
2517 1823 2723 1900 ὀφείλει
2755 1829 2862 1878 τῶν
2899 1825 2975 1897 μὴ
3011 1824 3342 1898 ἀρεσκόντων
3377 1830 3576 1881 ποιεῖν.

513 1916 599 1969 28.
633 1917 730 1970 Sin
764 1917 1138 1988 autem,quia
1187 1917 1383 1971 nullus
1430 1916 1736 1971 hominum
1771 1916 1944 1982 videt,
1979 1932 2088 1969 nu-

2269 1915 2358 1969 28.
2419 1911 2478 1969 Ei
2539 1910 2595 1967 δὲ
2653 1915 2735 1968 δτι
2767 1911 2942 1975 οὐδεὶς
2972 1917 3079 1968 τῶν
3113 1913 3412 1989 ἀνθρώπων
3449 1915 3569 1989 ὁρᾷ,
3624 1914 3768 1990 πρὸς
3800 1914 3868 1970 τὸ

442 2009 571 2061 tum
603 2010 704 2060 aut
734 2023 1060 2061 sermonem
1093 2006 1410 2060 immittere
1438 2006 1639 2072 audet;
1676 2005 1930 2076 primum
1962 2004 2094 2075 qui-

443 2095 598 2162 dem,
622 2099 687 2150 ut
715 2112 818 2167 per
842 2111 904 2150 se
954 2100 1131 2166 patet.
1163 2093 1448 2166 suiipsius
1499 2094 1828 2149 accusatrix
1858 2099 1967 2158 est,
1999 2110 2097 2148 vo-

443 2182 730 2240 luntatem
761 2183 977 2239 latendi
1013 2185 1430 2239 accusatricem
1464 2183 1624 2238 intus
1656 2183 1880 2237 habens
1913 2197 2100 2253 pravae

447 2273 830 2330 conscientiae.
847 2273 1129 2328 Praeterea
1151 2272 1461 2327 manilsste
1483 2270 1941 2344 deprehenditur
1961 2286 2101 2342 erga

448 2364 651 2434 sponsi
681 2363 1030 2435 dignitatem
1065 2361 1350 2418 caecutire.
1379 2361 1523 2416 Nam
1556 2377 1689 2416 cum
1722 2361 2100 2432 incorporeus

454 2452 554 2514 sit,
587 2453 818 2506 medius
849 2457 905 2505 et
934 2451 1196 2506 susurris
1241 2457 1298 2505 et
1349 2451 1688 2522 aspectibus
1717 2455 1774 2505 et
1805 2449 2112 2521 cogitatio”

457 2539 637 2596 nibus
669 2539 936 2607 interest;
972 2555 1035 2594 ac
1067 2539 1374 2593 subdolam
1409 2539 1646 2609 quidem
1681 2539 1974 2608 ejusmodi
2004 2535 2114 2591 vir‘

456 2627 612 2700 ginis
645 2632 899 2684 mentem
933 2632 1255 2696 aversatur,
1290 2643 1466 2698 seque
1495 2627 1835 2683 exteriorem
1865 2627 2112 2698 virgini-

454 2717 594 2773 tatis
651 2717 986 2790 opinionem
1049 2717 1245 2772 odisse
1303 2717 1669 2772 demonstrat
1730 2734 1742 2771 :
1808 2725 2111 2789 pr0pterea

454 2807 632 2879 quod,
665 2806 806 2862 dum
839 2805 1098 2876 deceptis
1149 2805 1452 2860 hominum
1485 2806 1672 2860 oculis
1705 2807 2018 2877 persuadet
2047 2822 2109 2861 se

452 2914 556 2969 per
597 2901 779 2952 totam
827 2897 1005 2951 vitam
1056 2896 1108 2949 ei
1159 2895 1512 2966 desponsam
1573 2911 1724 2960 esse,
1757 2912 1862 2951 nec
1920 2897 2108 2966 ipsius

453 3003 672 3058 sponsa
701 2989 810 3050 est,
835 3002 940 3041 nec
970 2985 1229 3040 hominis
1275 2990 1471 3055 aperte
1521 3001 1686 3051 uxor,
1719 2986 1818 3040 sed
1869 2983 2107 3056 virgini-

451 3076 590 3130 tatis
622 3075 858 3130 laudem
908 3075 1062 3145 apud
1106 3074 1370 3130 homines
1399 3073 1668 3145 virginali
1723 3074 1916 3145 specie
1950 3076 2103 3128 t'ura-

451 3168 572 3232 tur,
606 3164 664 3218 in
697 3164 899 3235 sponsi
947 3169 1143 3217 autem
1192 3162 1398 3227 oculis,
1433 3180 1599 3217 suam
1634 3165 1784 3234 apud
1837 3162 2105 3217 homines

457 3251 857 3321 virginitatem
919 3256 1242 3315 ostentans,
1280 3251 1546 3304 adultera
1591 3256 1700 3306 est.
1735 3252 1882 3314 Quin
1934 3252 2102 3306 etiam

462 3344 671 3412 praeter
712 3339 984 3394 adulterii
1024 3343 1349 3410 peccatum,
1382 3339 1537 3410 quod
1591 3341 1649 3393 in
1696 3357 1870 3394 suum
1920 3340 2108 3410 ipsius

467 3444 754 3500 sponsum
803 3427 1138 3496 committit,
1172 3427 1364 3482 adhuc
1395 3427 1567 3482 etiam
1603 3428 1782 3499 impie
1834 3429 1892 3482 in
1942 3429 2110 3486 illum

468 3515 891 3572 contumeliosa
934 3521 1044 3582 est,
1078 3533 1143 3570 eu
1188 3517 1340 3588 quod
1393 3516 1698 3570 hominum
1731 3522 2107 3589 conspectum

468 3606 658 3678 magis
689 3607 1008 3661 verendum
1055 3604 1218 3660 illius
1265 3611 1579 3676 conspectu
1624 3606 1870 3676 judicet,
1915 3623 2109 3662 coram

467 3695 605 3762 illis,
640 3699 880 3766 propter
916 3694 1272 3766 Opinionem,
1308 3694 1492 3748 facere
1539 3693 1812 3750 indecora
1862 3713 1976 3750 non
2010 3713 2111 3750 au-

465 3784 632 3851 dens,
663 3799 857 3838 coram
893 3781 991 3838 illo
1040 3787 1257 3849 autem,
1292 3783 1390 3853 qui
1423 3799 1654 3854 semper
1699 3784 1886 3850 adest,
1915 3784 2114 3856 impu-

465 3873 669 3928 denter
698 3871 897 3928 omnia
943 3873 1179 3927 faciens.
1217 3871 1399 3943 Igitur
1445 3877 1510 3927 ut
1554 3873 1785 3930 vidente
1832 3874 2030 3929 omnia
2059 3879 2116 3930 et

464 3963 738 4019 audiente
770 3978 1007 4032 sponso,
1042 3961 1202 4032 virgo
1233 3966 1364 4032 aget
1394 3961 1612 4017 omnia.

532 4054 620 4107 29.
641 4054 720 4108 Αο
741 4069 855 4107 non
880 4050 1070 4106 solum
1095 4050 1140 4104 si
1163 4051 1296 4121 quis
1313 4051 1630 4117 videat,aut
1647 4051 1975 4122 audiat,qui
1999 4068 2112 4106 non

463 4141 758 4198 celaturus
791 4146 892 4196 aut
919 4141 1156 4211 adjutor
1194 4140 1430 4194 futurus
1473 4140 1859 4208 existimetur,
1892 4140 2116 4195 cavebit

464 4248 537 4287 ne
568 4232 893 4303 quidquam
929 4229 1122 4297 faciat,
1145 4229 1298 4298 quod
1332 4229 1578 4283 Domino
1612 4229 1919 4299 displiceat
1951 4245 1962 4282 :
1999 4246 2112 4284 non

465 4319 657 4374 solum
689 4320 736 4374 si
770 4319 857 4372 vir
882 4318 1054 4382 adsit,
1089 4317 1188 4370 sed
1224 4316 1452 4386 mulier,
1480 4333 1658 4386 eaque
1692 4316 1884 4388 puella
1913 4334 1981 4372 ex
2011 4334 2112 4372 an-

463 4408 731 4463 cillarum
763 4423 1029 4472 numero,
1055 4403 1198 4458 nihil
1233 4411 1335 4459 aut
1365 4405 1433 4458 ad
1469 4409 1737 4460 ornatum
1772 4411 1872 4460 aut
1901 4407 1968 4460 ad
2005 4406 2113 4462 hu-

461 4513 701 4552 manum
733 4510 992 4550 amorem
1027 4493 1282 4560 audebit,
1307 4494 1461 4563 quod
1495 4494 1740 4549 Domino
1773 4493 2111 4566 diepliceat;

461 4585 562 4641 sed
587 4583 820 4640 etiamsi
843 4583 970 4655 ipsa
991 4581 1116 4637 sola
1138 4581 1235 4651 sit,
1259 4580 1420 4636 nullo
1445 4599 1686 4653 prorsus
1710 4583 1948 4639 homine
1969 4602 2114 4656 prrs-

459 4677 643 4745 sente,
677 4671 829 4729 nihil
867 4687 1108 4745 prorsus
1143 4685 1337 4742 agere,
1371 4671 1524 4742 quod
1557 4687 1772 4745 sponso
1803 4672 2113 4746 indignum
2147 4658 2192 4724 D

533 4897 581 4936 ”
608 4897 722 4958 Isa.
753 4912 1021 4970 cxxxvm,
1055 4899 1142 4956 12.

553 5129 641 5201 21)
660 5128 776 5205 ⁸Ὦς.
795 5126 1212 5205 θελειᾏλεγὲτιοε
1256 5130 1347 5186 Sic
1376 5129 1592 5205 plures
1642 5150 1784 5205 mss.
1819 5133 1993 5205 Edili,
2043 5132 2116 5193 ὠς

475 5198 633 5277 θγέλπ
660 5198 885 5276 λεγέτω.
926 5198 1117 5277 ϐοᾷ-ἐζ
1144 5202 1326 5277 Nam,
1359 5198 1432 5277 ὡς
1483 5201 1625 5277 θέλει
1676 5203 1872 5277 λὲγων.
1911 5198 1990 5260 Ιῐί
2017 5222 2118 5277 οιξδι

464 5271 797 5346 ςῇιιέιιυεῂ]
829 5291 963 5346 mox
993 5273 1111 5328 dixi
1144 5271 1276 5328 libri
1309 5273 1389 5328 ita
1421 5273 1669 5346 legitur:
1707 5271 1927 5344 ’Ᾱττική
1955 5277 1988 5344 ἡ
2024 5273 2116 5330 λέ·

465 5342 577 5420 εἷς,
600 5342 716 5398 ἀντὶ
732 5342 966 5420 Δλεγέτω.

535 5419 646 5490 (22)
680 5417 752 5486 Δὴ
793 5417 997 5490 τοῦτο,
1029 5417 1122 5472 Sic
1172 5432 1312 5470 mss.
1349 5419 1620 5490 quatuor.
1675 5419 1800 5472 Non
1857 5419 2008 5474 male
2053 5419 2113 5474 in

465 5485 577 5544 alio
629 5485 901 5561 quodam,
947 5485 1011 5554 δὴ
1052 5490 1252 5561 τοῦτῳ,
1307 5485 1535 5561 Domino
1582 5491 1877 5561 conﬁdens.
1933 5491 2116 5548 Habet

465 5554 740 5630 aliusf81‘;
776 5558 864 5615 διὰ
891 5554 1073 5615 τοῦτο.
1107 5554 1281 5630 Editi,
1316 5554 1404 5611 διὰ
1443 5563 1623 5613 τοῦτο.

535 5625 778 5708 (23)-Τὸν
814 5633 990 5708 λόγον,
1017 5632 1114 5708 τὴν
1147 5625 1568 5708 ἕνπδοὶᾳν.νυοιιε
1601 5632 1779 5690 codex
1805 5650 1840 5691 a
1865 5634 2112 5692 Combe-

463 5701 596 5762 ﬁsio
626 5701 862 5776 citatus,
887 5701 995 5761 τῶν
1039 5703 1218 5779 λόγων
1247 5704 1345 5774 τὴν
1380 5701 1602 5764 ἔννοιαν.

2204 2007 2376 2074 νεῦμα
2423 2003 2457 2073 ἢ
2483 2003 2576 2056 τὸν
2611 2001 2776 2077 λόγον
2809 2002 3014 2076 τολμᾳ,
3051 2001 3286 2076 μάλιστα
3319 2003 3412 2076 μὲν
3454 2002 3682 2067 αὐτόθεν
3737 2003 3872 2057 ἑαυ-

2205 2099 2306 2160 τῆς
2359 2091 2466 2146 ἐστι
2512 2094 2845 2166 κατήγορος,
2889 2089 3054 2160 αὒτήν
3081 2092 3182 2159 τήν
3213 2090 3454 2146 ἐπίνοιαν
3509 2095 3606 2146 τοῦ
3666 2091 3874 2155 λανθά-

2207 2199 2315 2232 νειν
2374 2180 2676 2254 κατήγορον
2735 2184 2836 2232 τοῦ
2894 2178 3105 2257 φαύλου
3178 2177 3484 2244 συνειδότος
3538 2181 3654 2252 (24)
3708 2177 3868 2233 ἔνδον

2209 2261 2430 2343 ἔχουσα.
2485 2269 2708 2323 Ἔπειτα
2761 2273 3002 2344 φανερῶς
3048 2267 3345 2344 εὑρίσκεται
3397 2269 3532 2343 πρὸς
3562 2269 3664 2338 τήν
3719 2268 3871 2340 ἀξίαν

2208 2361 2306 2410 τοῦ
2334 2357 2572 2434 τυμφίου
2626 2356 3042 2434 τυφλώττουσα,
3103 2357 3422 2432 ’Δσώματος
3461 2358 3566 2433 γάρ
3613 2355 3714 2426 ὢν,
3772 2357 3875 2430 μέ·-

2221 2467 2311 2507 σος
2358 2447 2446 2500 καὶ
2503 2450 2848 2520 ψιθυρισμῶν
2903 2447 2993 2502 καὶ
3057 2447 3388 2522 βλεμμάτων
3436 2447 3525 2502 καὶ
3571 2449 3872 2520 νοημάτων

2220 2529 2459 2605 ἔστηκεν
2549 2536 3023 2614 ἀποστρεφόμενος
3111 2537 3204 2608 μὶν
3281 2543 3383 2606 τῆς
3453 2537 3716 2606 τοιαύτης
3770 2537 3873 2605 τὴν

2219 2623 2458 2679 ὕπουλον
2514 2624 2766 2701 γνώμην,
2824 2632 2925 2695 τῆς
2986 2623 3041 2680 δὲ
3073 2626 3207 2701 πρὸς
3243 2625 3371 2688 τοὺς
3404 2622 3503 2696 ἔξω
3533 2624 3872 2703 φαινομένης

2217 2714 2546 2788 παρθενικῆς
2597 2713 2926 2788 ὑπολήψεως
2963 2716 3197 2788 μισητήν
3232 2714 3564 2793 ἀποφαίνων
3625 2716 3710 2768 ὁτι
3745 2713 3876 2775 τοὺς

2217 2808 2322 2857 τῶν
2356 2803 2654 2877 ἀνθρώπων
2707 2801 3027 2881 ὀφθαλμοὺς
3067 2803 3346 2872 ἀπατῶσα,
3405 2804 3481 2868 ὡς
3534 2803 3683 2877 αὖτῷ
3745 2804 3874 2858 ἑαυ-

2215 2892 2312 2960 τὴν
2519 2889 2606 2946 διὰ
2659 2892 2779 2968 βίου
2831 2892 3198 2968 νυμφεύουσα,
3255 2890 3366 2947 οὔτ’
3421 2891 3625 2947 ἐκείνου
3654 2891 3871 2972 νύμφη,

2216 2977 2328 3034 οὔτ’
2362 2981 2643 3056 ἀνθρώπου
2691 2985 2940 3055 καθαρῶς
2989 2981 3098 3036 ἔστι
3156 2983 3316 3057 γυνὴ,
3377 2980 3522 3038 ἀλλά
3579 2983 3681 3049 τὴν
3743 2981 3873 3056 παρ’

2215 3067 2513 3144 ἀνθρώπων
2565 3065 2718 3142 δόξαν
2769 3067 2858 3123 ἰπὶ
2908 3072 2978 3143 τῇ
3009 3070 3268 3142 παρθενίᾳ
3299 3067 3388 3125 διὰ
3415 3074 3510 3124 τοῦ
3541 3073 3871 3142 παρθενικοῦ

2216 3159 2503 3233 σχήματος
2532 3157 2860 3226 κλέπτουσα,
2894 3158 2944 3214 ἰν
2981 3157 3288 3236 ὀφθαλμοῖς
3328 3163 3424 3214 τοῦ
3453 3159 3717 3236 νυμφίου,
3745 3165 3872 3234 παρ’

2220 3247 2524 3322 ἀνθρώποις
2554 3248 2651 3315 τήν
2708 3247 2994 3322 παρθενίαν
3029 3248 3220 3318 ἑαυτῆς
3257 3247 3678 3321 ἐκπομπεύουσα
3741 3269 3870 3322 μοι·

2220 3333 2458 3410 χεόεται.
2509 3334 2614 3391 Καὶ
2659 3337 2795 3411 πρὸς
2843 3341 2910 3410 τῇ
2962 3343 3060 3408 τῆς
3094 3337 3343 3413 μοιχείας
3391 3337 3650 3412 ἁμαρτίᾳ,
3681 3339 3744 3406 ἣν
3799 3336 3873 3398 είς

2219 3425 2311 3478 τὸν
2366 3424 2598 3502 νυμφίον
2647 3426 2841 3495 ἑαυτῆς
2892 3427 3209 3499 ἁμαρτάνει,
3258 3421 3336 3481 ἔτι
3383 3427 3474 3480 καὶ
3533 3421 3745 3490 ἀσεϐῶς
3799 3425 3871 3487 είς

2219 3517 2408 3568 τοῦτον
2446 3509 2758 3589 ὑϐρίζουσα,
2819 3514 2898 3570 ὅτι
2930 3516 3028 3584 τήν
3099 3511 3222 3590 ὄψιν
3253 3520 3364 3570 τῶο
3395 3516 3697 3591 ἀνθρώπων
3731 3513 3872 3570 a285-

2223 3601 2526 3677 σιμωτέραν
2577 3611 2678 3672 τῆς
2728 3603 2932 3659 ἐκείνου
2977 3603 3152 3680 ὅψεως
3197 3604 3504 3680 ἀποφαίνει·
3542 3603 3628 3659 ἐπὶ
3660 3604 3867 3660 τούτων

2227 3692 2340 3764 μὶν.
2377 3689 2465 3746 διὰ
2492 3693 2590 3762 τὴν
2630 3692 2930 3768 ὑπόληψιν,
2989 3695 3240 3770 πράττειν
3271 3695 3339 3750 τά
3394 3694 3610 3770 ἀπρεπῆ
3647 3693 3708 3748 οὖ
3738 3693 3869 3748 τολ-

2227 3785 2402 3854 μῶσα,
2454 3780 2535 3836 ἐπ’
2592 3781 2797 3837 ἐκείνου
2847 3779 2904 3838 δὲ
2946 3782 3026 3838 ἀεὶ
3057 3783 3346 3857 παρόντος,
3378 3779 3611 3844 ἀναιδῶς
3663 3783 3870 3837 ἅπαντα

2223 3870 2551 3938 πράττουσα.
2584 3872 2671 3935 Ὠς
2699 3872 2937 3946 ὁρῶντος
2968 3870 3058 3926 οὖν
3093 3874 3298 3928 ἅπαντα
3326 3873 3418 3928 καὶ
3450 3870 3744 3933 ἀκούοντος
3773 3876 3868 3926 τοῦ

2222 3960 2476 4035 νυμφίου,
2526 3963 2560 4029 ἡ
2617 3960 2880 4034 παρθένος
2913 3962 3122 4018 ἅπαντα
3151 3962 3358 4032 πράξει.

2293 4052 2380 4104 29.
2416 4050 2528 4103 Οὐκ
2557 4046 2643 4103 ἐὰν
2677 4049 2838 4122 μόνον
2872 4052 2983 4124 (26)
3015 4053 3093 4114 εἷς
3120 4071 3201 4114 τις
3233 4049 3400 4125 ἀκούῃ
3448 4052 3483 4122 ἢ
3539 4048 3715 4126 βλέπῃ
3759 4054 3864 4105 τῶν

2223 4138 2596 4210 νομιζομένων
2648 4139 2722 4210 μὴ
2781 4140 3134 4215 συγκρύπτειν
3189 4140 3223 4210 ἢ
3284 4139 3718 4213 συνεργάζεσθαι,
3769 4160 3866 4214 φυ-

2225 4226 2530 4298 λαττομένη
2586 4232 2760 4282 ποιεῖν
2809 4249 2860 4282 τι
2889 4227 2966 4305 ἐφ’
2997 4229 3042 4300 ᾧ
3073 4230 3101 4283 ὁ
3153 4228 3348 4304 Κύριος
3410 4227 3510 4284 οὐκ
3566 4228 3864 4304 ἀρέσκεται·

2223 4315 2311 4369 καὶ
2356 4315 2455 4370 οὐκ
2505 4314 2589 4369 ἐὰν
2655 4316 2730 4388 μὴ
2783 4315 2918 4392 ἀνὴρ
2975 4315 3121 4372 ἀλλά
3161 4319 3319 4393 γυνὴ,
3373 4318 3654 4372 καὶτοῦτο
3684 4316 3864 4392 κόριον

2221 4409 2328 4458 τῶν
2381 4404 2830 4480 ὑπηρετουμένων
2890 4409 3060 4482 παρῇ,
3118 4405 3520 4480 κατατολμῶσά
3568 4426 3714 4468 τινος
3763 4410 3865 4460 τῶν

2223 4492 2257 4563 ἢ
2290 4493 2425 4568 πρὸς
2455 4493 2852 4568 καλλωπισμὸν
2905 4497 2939 4566 ἢ
2986 4495 3324 4570 ἀνθρώπινον
3376 4493 3552 4569 ἔρωτα
3579 4500 3662 4568 τῶ
3691 4493 3866 4568 Κυρίῳ

2228 4583 2304 4655 μή
2335 4582 2691 4658 ἀρεσκόντων*
2721 4582 2866 4640 ἀλλά
2892 4582 2987 4639 κᾶν
3024 4585 3163 4658 μόνη
3222 4585 3357 4656 αὖτή
3388 4585 3443 4660 ᾖ,
3499 4581 3732 4658 μηδενὸς
3778 4584 3864 4638 ἀν·

2224 4671 2454 4745 θρώπων
2513 4669 2779 4747 παρόντος
2833 4674 2897 4728 τὸ
2949 4672 3202 4746 σύνολον,
3261 4676 3513 4751 πράττειν
3545 4678 3740 4729 τιτῶν
3793 4673 3863 4746 μή

2295 5132 2407 5206 (24)
2443 5127 2780 5206 Συνειδότος.
2817 5131 3093 5206 Quamvis
3141 5132 3264 5206 haec
3307 5132 3596 5206 scriptura
3643 5132 3702 5190 in
3749 5130 3864 5190 solo

2225 5203 2491 5280 occurrat
2513 5205 2851 5280 Colbertino
2873 5209 2931 5262 et
2961 5203 3076 5280 alio
3106 5222 3176 5261 ex
3205 5203 3648 5280 Regiis—tamen
3681 5207 3867 5279 prafe-
3973 5204 3975 5207 ’

2224 5279 2406 5332 renda
2432 5278 2667 5350 videtur
2691 5278 2957 5350 vulgata,
2983 5275 3044 5331 τὸ
3076 5274 3339 5340 συνειδὸξ.

2294 5351 2406 5421 (25)
2437 5349 2522 5409 Ὡς
2571 5349 2719 5420 αὐτῷ
2767 5345 2981 5418 ἑαυτήν.
3012 5350 3102 5405 Sic
3149 5350 3266 5406 duo
3311 5348 3734 5421 Combeﬁspiet
3775 5345 3866 5401 alii

2223 5419 2441 5544 plures.
2477 5422 2648 5494 Editi,
2682 5419 2757 5483 ὦς
2791 5421 2982 5491 αὐτήν.
3008 5421 3136 5477 Mox
3157 5423 3299 5479 editi
3321 5429 3378 5480 et
3403 5419 3674 5479 nonnulli
3707 5435 3864 5489 mss,

2249 5491 2409 5544 κείνω
2440 5495 2644 5544 νὺιιοη.
2682 5494 2789 5544 Alii
2827 5501 2888 5544 ut
2919 5495 2974 5544 in
3008 5499 3186 5544 textu.

2249 5491 2409 5567 κείνῳ
2440 5491 2644 5567 νύμφῃξ
2682 5494 2790 5567 Alii
2827 5501 2888 5548 ut
2919 5495 2974 5548 in
3008 5499 3186 5549 textu.

2295 5565 2407 5646 (2ο)
2437 5563 2637 5646 ιιάνδν.
2678 5566 2768 5622 Sic
2816 5567 2996 5624 codex
3044 5567 3400 5635 Mazarinus,
3433 5563 3652 5622 melius
3699 5577 3865 5635 quam

2224 5636 2386 5709 editi,
2424 5636 2612 5709 μόνος.
