4112 6224
274 439 394 500 ’129

1503 427 1738 490 LIBER
1775 429 1880 490 DE
1923 427 2462 491 VIBGINITATE.

3565 431 3686 492 730

276 569 438 641 ἀξίων
487 570 586 622 τοῦ
627 562 868 642 νυμφίου
926 560 1025 616 οῦκ
1065 561 1396 636 ἀνεχομένη.
1453 560 1558 614 Κᾶν
1590 559 1692 634 γὰρ
1729 557 1922 632 μηδεὶς

2059 562 2134 631 ιὶι,
2155 562 2216 617 in
2248 563 2513 618 animum
2545 563 3085 631 inducet.0uamvis
3115 565 3268 621 enim
3302 563 3502 621 nullus
3531 564 3684 620 alius

273 663 384 713 τῶν
434 657 733 732 ἀνθρώπων
785 650 957 714 ἄλλος
1002 653 1173 724 παρῇ,
1234 647 1360 704 ἀλλ’
1401 648 1534 717 αὐτή
1587 650 1750 722 ἑαυτῇ
1789 649 1927 724 πάρ-

277 769 417 803 εστιν
447 750 483 816 ἡ
515 744 800 820 παρθένος,
829 741 920 796 καὶ
951 741 1163 795 πάντων
1218 737 1431 812 μᾶλλον
1479 739 1674 808 ἑαυτήν
1719 737 1928 815 ὀφείλει

278 836 568 900 αἰδεῖσθαι.
627 833 704 891 Ού
755 833 857 908 γὰρ
907 828 975 898 δὴ
1031 829 1160 891 τοὺς
1216 829 1310 902 μὶν
1370 827 1575 890 ἄλλους
1615 828 1688 888 ὡς
1743 825 1929 888 αἱδοῦς

276 927 458 998 ἀξίους
493 923 782 1002 φυλάξεται
815 923 948 994 (27),
1007 920 1198 987 ἑαυτὴν
1259 916 1317 972 δὲ
1372 918 1446 972 ὡς
1503 917 1602 972 οὐκ
1649 916 1797 989 ἀξίαν
1853 918 1932 970 αἱ-

277 1013 405 1078 δσῦς
439 1014 716 1086 ἀτιμάσει.
768 1008 928 1065 ’Λλλ’
997 1009 1128 1082 ὅπερ
1187 1004 1344 1085 ἔφην,
1366 1011 1580 1082 πρῶτον
1615 1006 1809 1075 έαυτήν
1841 1005 1931 1060 καὶ

274 1106 378 1173 τὴν
407 1101 716 1171 συνείδησιν
776 1100 969 1168 ἑαυτῆς
1027 1094 1426 1166 αἱδεσθήσεται,
1484 1092 1580 1150 κᾶν
1644 1095 1932 1167 μονωτάτη

281 1194 530 1267 ὑπάρχῃ,
562 1189 747 1244 ἔπειτα
773 1188 864 1243 τὸν
932 1191 1252 1262 παρεστῶτα
1307 1183 1524 1262 φύλακα
1580 1182 1834 1260 ἄγγελον.
1867 1183 1935 1240 Οἱ

276 1281 377 1357 γάρ
455 1277 642 1356 ἄγγεοι
715 1277 932 1343 αὐτῶν,
1014 1274 1170 1352 φησὶ,
1247 1271 1338 1328 διὰ
1405 1273 1604 1336 παντὸς
1671 1271 1935 1348 βλέπουσι

276 1370 339 1425 τὸ
396 1368 691 1444 πρόσωπον
745 1369 843 1420 τοῦ
902 1365 1112 1439 Πατρὸς
1154 1363 1305 1436 ὑμῶν
1530 1366 1628 1417 τοῦ
1687 1361 1738 1416 ἐν
1774 1362 1937 1434 οὖρα-

280 1464 418 1521 νοῖς.
483 1459 585 1514 Καὶ
644 1455 705 1510 οὐ
761 1452 844 1509 δεῖ
895 1454 1196 1528 ἀνθρώπων
1255 1450 1603 1527 κρυπτομένη
1664 1446 1936 1525 ὄψιν,άγ-

280 1548 449 1625 γέλου
478 1551 576 1602 τοῦ
605 1547 708 1614 τὴν
738 1541 1053 1616 ἐπιμέλειαν
1114 1549 1215 1612 τῆς
1246 1541 1519 1614 σωτηρίας
1569 1543 1730 1613 ἡμῶν
1777 1561 1936 1594 πεπι-

281 1639 580 1711 στευμένου
631 1639 981 1712 καταφρονεῖν
1009 1652 1022 1665 ·
1080 1631 1169 1688 καί
1233 1632 1469 1706 μάλιστα
1522 1635 1622 1702 τήν
1650 1633 1934 1707 παρθένον,

281 1727 653 1806 νυμφαγωγὸν
713 1724 895 1800 ὥσπερ
943 1726 1042 1790 τῆς
1084 1722 1375 1796 παρθενίας
1419 1726 1612 1777 τοῦτον
1659 1721 1818 1776 αὐτὸν
1847 1718 1937 1775 καὶ

283 1816 504 1896 φύλακα
533 1812 786 1891 ἔχουσαν.
824 1814 935 1886 Πρὸ
968 1811 1026 1866 δὲ
1054 1813 1162 1866 τῶν
1192 1809 1442 1890 ἆγγίλων
1474 1809 1730 1874 αἰδείσθω
1778 1809 1937 1865 αὐτὸν

280 1907 370 1961 τὸν
405 1905 639 1984 νυμφίον
683 1904 775 1959 τὸν
814 1904 1130 1976 ἁπανταχοῦ
1178 1897 1440 1975 παρόντα,
1487 1900 1576 1955 καὶ
1625 1901 1716 1955 τὸν
1742 1899 1938 1954 τούτου

285 1996 524 2070 Πατέρα,
595 1994 658 2048 τό
732 2013 792 2047 τε
847 1992 1002 2067 ἅγιον
1064 1994 1300 2062 Πνεῦμαε
1362 1991 1462 2044 Καὶ
1516 1989 1569 2044 τί
1627 1988 1771 2064 λέγω
1824 1989 1941 2043 καθ’

293 2079 562 2150 ἕκαστονς
620 2082 698 2136 Τὰ
735 2085 845 2136 τῶν
896 2078 1140 2155 ἀγγέλων
1190 2077 1532 2152 ἀναρίθμητοι
1587 2075 1801 2148 πλήθη,
1850 2075 1942 2130 καὶ

295 2172 434 2245 μετᾶ
479 2171 712 2238 τούτων,
755 2169 822 2224 τὰ
868 2172 978 2223 τῶν
1025 2167 1266 2242 πατέρων
1299 2167 1428 2241 ἅγια
1478 2165 1780 2238 πνεύματα.
1833 2164 1943 2222 06-

293 2258 406 2322 δείς
470 2261 574 2336 γὰρ
624 2258 832 2314 τούτων
894 2255 1035 2312 ἐστὶν
1102 2255 1160 2318 ὅς
1213 2255 1341 2331 ούχῖ
1392 2260 1673 2331 πανταχοῦ
1720 2257 1946 2329 καθορᾷ,

292 2349 454 2410 αὐτὸς
491 2349 587 2422 μὶν
623 2349 876 2421 σώματος
906 2342 1147 2419 ὄμμασιν
1182 2344 1290 2420 οὐχ
1329 2345 1632 2420 ὁρώμενος,
1672 2343 1947 2417 ἀσωμάτῳ

293 2435 352 2493 δὶ
386 2437 671 2514 βλέμματι
702 2432 1127 2512 περιλαμϐάνων
1160 2433 1236 2495 εἰς
1289 2437 1487 2507 γνῶσιν
1526 2433 1594 2487 τὰ
1641 2431 1946 2505 σύμπαντα.

313 2535 453 2582 Ωστε
510 2527 602 2582 καὶ
652 2526 789 2581 κατὰ
834 2528 1026 2579 τοῦτον
1073 2526 1165 2578 τὸν
1219 2522 1404 2597 λόγον,
1435 2521 1482 2578 εί
1514 2521 1794 2586 λανθάνειν
1828 2521 1949 2597 βού-

293 2616 442 2673 λεται
495 2615 627 2679 τοὺς
675 2613 923 2675 πολλοὺς
980 2615 1015 2682 ἡ
1076 2612 1361 2684 παρθένος,
1412 2609 1610 2683 πολλῷ
1641 2609 1808 2666 πλέον
1834 2610 1951 2665 τού·

290 2727 416 2768 τους
464 2706 760 2766 τοσούτους
799 2724 856 2758 τε
904 2701 994 2757 καὶ
1043 2701 1327 2762 τοιούτους
1359 2699 1724 2774 ὑπάρχοντας,
1756 2701 1790 2769 ἢ
1820 2698 1950 2761 τοὺς

293 2796 620 2867 ἀνθρώπους
666 2793 742 2855 ὡς
792 2791 937 2853 είκὸς
987 2787 1380 2860 αἱδεσθήσεται.
1431 2788 1527 2842 Καὶ
1578 2785 1764 2855 ἐπειδὴ
1816 2786 1949 2842 λαν-

295 2883 477 2937 θάνειν
520 2883 584 2937 τὸ
635 2879 851 2950 πλῆθος
889 2881 987 2948 τήν
1039 2879 1304 2953 ἁμαρτίαν
1345 2875 1657 2952 προείλετο,
1689 2873 1948 2931 ἀδύνατον

297 2969 352 3027 δὲ
379 2971 611 3032 τούτους
641 2967 798 3031 ὄντας
847 2969 1062 3038 πλῆθος
1111 2965 1415 3034 λανθάνειν,
1465 2963 1724 3021 οὐδέποτέ
1755 2967 1867 3039 (29)
1899 2987 1948 3020 τι

2037 650 2346 706 hominum
2381 653 2553 722 adsit,
2575 659 2633 708 at
2662 655 2786 725 ipse
2818 655 3174 727 sihimetipsi
3205 656 3373 710 adest
3399 655 3578 726 virgo,
3600 671 3690 709 se-

2039 757 2153 811 que
2184 742 2447 796 omnium
2484 744 2737 798 maxime
2768 745 2939 800 debet
2971 747 3238 801 revereri.
3285 745 3484 815 Neque
3531 743 3688 797 enim

2041 829 2279 896 alios,ut
2299 834 2612 886 reverentis
2628 833 3110 905 dignos,cavehit,
3127 836 3506 905 semetipsam
3533 832 3684 888 645

2041 924 2258 986 autem,
2279 927 2342 975 ut
2373 922 2697 976 reverentia
2729 923 3056 995 indignam,
3077 922 3618 990 dedecorabit.Sed,
3639 927 3705 976 ut

2042 1007 2184 1073 dixi,
2217 1009 2471 1080 primum
2505 1011 2739 1081 quidem
2773 1013 3150 1085 semetipsam
3184 1019 3241 1067 et
3271 1011 3700 1068 conscientiam

2047 1113 2214 1151 suam
2249 1100 2622 1164 reverebitur,
2656 1102 2886 1156 etiamsi
2917 1103 3156 1156 omnino
3188 1101 3312 1156 sola
3343 1101 3437 1170 sit,
3486 1100 3700 1155 deinde

2045 1187 2375 1242 adstantem
2423 1191 2726 1245 custodem
2758 1191 3050 1262 angelum.
3084 1191 3277 1261 Ληρειί
3301 1192 3448 1246 enim
3479 1206 3692 1253 eorum,

2046 1275 2256 1344 inquit,
2289 1293 2486 1348 semper
2543 1279 2726 1335 vident
2767 1283 2971 1351 [aciem
3019 1282 3202 1335 Patris
3247 1281 3436 1345 vestri,
3493 1279 3588 1350 qui
3632 1281 3695 1333 in

2046 1366 2196 1420 caelis
2208 1367 2483 1422 est".Nec
2499 1369 2683 1434 decet,
2708 1375 2772 1424 ut
2789 1369 3093 1425 hominum
3113 1368 3446 1440 conspectui
3467 1384 3530 1422 se
3552 1368 3697 1422 sub-

2049 1455 2291 1524 ducens,
2323 1456 2617 1528 angelum,
2651 1459 2742 1512 cui
2777 1475 2919 1514 cura
2946 1459 3155 1513 salutis
3203 1463 3411 1513 nostra
3454 1456 3697 1522 credita,

2049 1550 2401 1612 contemnat;
2425 1546 2586 1617 virgo
2619 1545 2965 1616 praesertim,
2991 1564 3116 1618 quae
3150 1547 3306 1600 hunc
3339 1546 3556 1617 ipsum,
3579 1542 3704 1599 vel-

2051 1632 2133 1686 uti
2161 1632 2492 1701 pronubum
2526 1632 2877 1703 virginitatis
2909 1651 3028 1687 sua
3059 1639 3116 1688 et
3146 1633 3450 1688 custodem
3501 1631 3697 1685 habet.

2051 1725 2169 1775 Prae
2203 1721 2424 1792 angelis
2456 1729 2649 1778 autem
2685 1729 3015 1780 revereatur
3045 1724 3239 1794 ipsum
3274 1719 3705 1795 sponsum,qui

2050 1810 2265 1880 ubique
2288 1827 2544 1882 presens
2565 1815 2926 1885 est,ejusque
2950 1813 3175 1868 Patrem
3199 1819 3254 1868 et
3275 1818 3548 1867 sanctum
3575 1809 3703 1880 Spi—

2050 1901 2369 1956 ritum.Sed
2395 1903 2532 1973 quid
2560 1920 2833 1974 percurro
2857 1901 3582 1976 singula?lnnumerabilia
3604 1917 3706 1955 an-

2053 1991 2313 2062 gelorum
2339 1991 2900 2064 agmina,simulque
2925 1998 3156 2064 patrum
3183 2002 3415 2048 sanctos
3433 1990 3704 2062 spiritus.

2053 2079 2262 2134 Nullus
2292 2079 2446 2135 enim
2479 2098 2678 2136 eorum
2712 2087 2820 2147 est,
2853 2082 2953 2153 qui
2986 2100 3099 2137 non
3133 2082 3351 2152 ubique
3382 2081 3703 2145 intueatur;

2057 2184 2190 2222 cum
2225 2168 2350 2240 ipse
2380 2169 2618 2240 quidem
2653 2171 2915 2242 corporis
2947 2171 3134 2226 oculis
3167 2187 3280 2225 non
3312 2167 3704 2234 videatur,sed

2058 2257 2398 2329 incorporeo
2428 2258 2595 2314 oculo
2623 2261 3060 2331 circumapiciat
3092 2260 3312 2314 omnia.
3365 2261 3552 2324 Quare
3599 2255 3708 2310 hac

2057 2346 2231 2401 etiam
2265 2345 2504 2416 ratione,
2539 2347 2586 2401 si
2619 2348 2836 2402 multos
2869 2348 3048 2402 latere
3080 2346 3200 2402 vult
3230 2347 3411 2418 virgo,
3444 2345 3572 2408 hos,
3606 2341 3709 2414 qui

2057 2441 2143 2490 tot
2172 2452 2238 2490 ac
2268 2435 2417 2491 tales
2449 2442 2607 2501 sunt,
2642 2436 2826 2492 multo
2857 2437 3045 2507 magis
3077 2454 3252 2509 quam
3305 2435 3595 2499 homines,
3645 2436 3710 2487 ut

2057 2524 2372 2580 verisimile
2403 2530 2513 2594 est,
2549 2527 2924 2581 reverebitur.
2954 2527 3018 2581 Et
3050 2543 3182 2581 cum
3232 2525 3284 2580 ei
3334 2523 3703 2596 propositum

2059 2612 2156 2678 sit,
2192 2618 2254 2668 ut
2284 2620 2584 2685 peccatum
2617 2614 3056 2670 multitudinem
3089 2615 3547 2683 lateat,cumque
3579 2608 3708 2666 tieri

2059 2718 2174 2756 non
2209 2702 2412 2772 possit,
2441 2707 2498 2756 ut
2527 2704 2694 2768 istos,
2721 2720 2971 2775 quorum
3005 2719 3220 2775 magna
3248 2701 3561 2758 multitudo
3593 2703 3704 2764 est,

2056 2789 2257 2860 lateat,
2291 2790 2439 2845 nihil
2473 2808 2733 2862 unquam
2768 2792 3091 2848 committet
3121 2794 3275 2864 quod
3321 2807 3433 2845 non
3483 2791 3710 2844 deceat.

2057 2877 2222 2933 Talia
2265 2879 2448 2950 igitur
2478 2880 2534 2934 in
2569 2883 2844 2952 praesenti
2875 2883 2990 2937 vita
3021 2884 3174 2936 circa
3205 2880 3584 2951 semetipsam
3609 2891 3711 2930 co-

2058 2969 2271 3038 gitans,
2307 2969 2585 3039 undique,
2620 2971 2845 3040 opinor,
2879 2971 3255 3042 semetipsam
3289 2965 3670 3024 communiet.

295 3066 409 3116 τῶν
446 3061 526 3133 μὴ
557 3053 970 3116 έπιϐαλλόντων
1002 3059 1242 3128 ποιήσει.
1273 3060 1510 3112 Τοιαῦτα
1543 3056 1638 3130 μὶν
1670 3053 1762 3110 οῦν
1797 3055 1848 3110 ἐν
1879 3059 1958 3128 τῷ
1989 3054 2216 3131 παρόντι
2251 3055 2352 3131 βίῳ
2376 3056 2499 3131 περὶ
2541 3057 2733 3126 ἑαυτὴν
2782 3057 3056 3127 ἐννοοῦσα,
3113 3057 3473 3131 πανταχόθετ,
3527 3054 3706 3127 οἶμαι,

301 3150 499 3220 ἑαυτήν
529 3147 706 3227 ἆσφαλ
717 3149 900 3206 ίσεται.

366 3242 459 3296 30.
514 3237 941 3312 Μνημονεύουσα
988 3234 1067 3304 δὲ,
1116 3234 1197 3291 ὅτι
1249 3233 1330 3290 δεῖ
1375 3236 1525 3308 ἡμᾶς
1573 3236 1945 3312 φανερωθῆναι

2131 3238 2294 3293 30.Si
2329 3241 2522 3292 autem
2555 3238 2889 3294 meminerit
2917 3256 3022 3294 nos
3049 3237 3410 3294 manifestari
3442 3238 3706 3308 oportere

297 3327 607 3402 ἔμπροσθεν
637 3331 734 3382 τοῦ
789 3327 1038 3402 βήματος
1079 3329 1177 3379 τοῦ
1219 3328 1474 3398 Χριστοῦ,
1524 3322 1590 3377 ού
1620 3322 1814 3398 πρᾶξαι
1855 3322 1950 3396 μό-

293 3438 381 3472 νον
412 3439 467 3473 τι
498 3420 609 3470 τῶν
639 3414 905 3491 αἰσχρῶν,
938 3412 1086 3469 ἀλλὰ
1112 3414 1199 3468 καὶ
1251 3412 1497 3482 ἆννοῆσαι
1557 3407 1946 3490 φοϐηθήσεται.

297 3508 552 3581 Καθάπερ
599 3507 698 3580 γάρ
747 3525 829 3566 τις
882 3502 1186 3581 ζωγράφος,
1237 3505 1398 3575 ἡμῶν
1444 3501 1472 3556 ό
1501 3506 1650 3570 νοῦς,
1683 3500 1862 3575 ὥσπερ
1895 3500 1946 3556 έν

294 3595 513 3662 πίνακι,
544 3595 616 3666 τῇ
659 3595 814 3667 ψυχῇ
860 3593 958 3654 τὰς
1007 3590 1212 3653 ἐννοίας
1262 3591 1336 3652 ὡς
1393 3588 1536 3644 θέλει
1585 3595 1810 3666 μορφοῖ·
1859 3589 1949 3644 καὶ

297 3684 495 3761 ἄφετος
527 3683 622 3755 μὶν
655 3681 745 3736 καὶ
777 3679 1060 3754 ἐλεύθερος
1093 3678 1180 3736 διὰ
1207 3680 1270 3734 τὸ
1318 3678 1655 3752 αὐτεξούσιον
1851 3677 1951 3746 ὣν,

299 3769 548 3843 οὐδαμοῦ
581 3767 660 3839 δὶ,
717 3767 807 3824 διὰ
847 3770 910 3824 τὸ
952 3770 1262 3841 ἀσώματον,
1296 3769 1430 3842 πρὸς
1457 3769 1558 3836 τήν
1599 3775 1698 3837 τῆς
1743 3770 1952 3846 γραφῆς

298 3857 623 3937 φιλοτιμίαν
679 3857 1216 3934 στενοχωρούμενος,
1267 3854 1393 3910 ἀλλ’
1440 3855 1570 3924 ὅσην
1614 3855 1760 3920 θέλει
1805 3856 1954 3931 εύρυυ

299 3949 514 4024 χωρίαν
567 3946 738 4003 τόπου
796 3947 1077 4022 εὑρίσκων,
1136 3945 1413 4022 ἐγγράφει,
1469 3945 1634 4024 φημὶ,
1692 3949 1810 4007 ταῖς
1869 3943 1952 3999 έν-

299 4037 472 4099 νοίαις
531 4034 566 4090 ἅ
622 4034 897 4110 βούλεται.
932 4036 1063 4092 Εἶτα
1094 4033 1273 4109 ὥσπερ
1303 4035 1331 4088 ὁ
1363 4035 1643 4111 ζωγράφος
1671 4033 1722 4089 ἰν
1774 4054 1944 4110 παρα-

299 4120 486 4198 ϐύστῳ
511 4146 620 4180 που
671 4125 761 4179 τὸν
812 4124 1010 4179 πίνακα
1055 4121 1316 4194 ποικίλης
1362 4122 1603 4196 ἱστορίας
1635 4121 1951 4199 πληρώσας,

300 4215 513 4289 ἁθρόως
563 4218 756 4270 τοῦτον
804 4214 882 4278 εἷς
929 4216 1090 4287 μέσον
1130 4211 1410 4291 προφέρει,
1467 4212 1558 4267 καὶ
1619 4211 1954 4286 ἀφελόμενος

296 4305 367 4358 τά
427 4301 620 4374 ἔξωθεν
679 4301 1122 4379 προκαλύμματα
1179 4301 1256 4364 είς
1313 4302 1434 4356 θέαν
1469 4301 1521 4356 ἂν
1583 4302 1733 4374 μέσῳ
1761 4299 1951 4357 τοῦτον

297 4397 418 4455 τοῖς
476 4389 718 4454 πολλοῖς
758 4391 1093 4462 ἀνατίθησιν,
1148 4390 1326 4446 οὐκέτι
1389 4391 1482 4464 μὲν
1529 4390 1796 4466 ἑρμηνεὺς
1843 4395 1950 4445 τῶν

295 4480 610 4559 γραφέντων
641 4481 951 4556 γινόμενος,
1009 4486 1138 4535 πᾶσι
1199 4477 1255 4535 δὶ
1308 4485 1427 4542 τοῖς
1477 4481 1691 4544 θεαταῖς
1735 4481 1826 4534 καὶ
1880 4479 1955 4542 εἰς

296 4571 392 4626 τὸν
421 4568 610 4626 ἔπειτα
637 4570 836 4645 χρόνον
861 4571 959 4638 τὴν
991 4570 1206 4648 γραφὴν
1251 4569 1326 4632 ὡς
1370 4566 1487 4645 ἔχει
1532 4567 1956 4642 καταμανθάνειν

299 4659 475 4736 ἐφείς·
505 4659 650 4715 οὕτω
679 4660 768 4714 καὶ
802 4660 830 4714 ὁ
855 4663 1002 4727 νοῦς,
1039 4659 1172 4732 μετὰ
1203 4661 1311 4732 (3|)
1339 4661 1438 4728 τὴν
1476 4655 1661 4729 ἔξοδον
1709 4663 1806 4713 τοῦ
1835 4658 1956 4733 βίου

305 4749 488 4825 ὥςπερ
519 4770 571 4804 τι
619 4747 996 4826 προκάλυμμα
1043 4752 1138 4802 τοῦ
1179 4749 1315 4804 κατὰ
1361 4749 1545 4824 ψυχὴν
1601 4749 1848 4817 πίνακος,
1896 4749 1952 4802 δν

300 4841 435 4914 παρ’
461 4837 592 4895 ὅλον
623 4838 715 4893 τὸν
771 4836 890 4914 βίον
933 4843 1052 4901 ταῖς
1101 4837 1326 4901 ιννοίαις
1364 4837 1837 4915 κατεζωγράφησε,
1894 4839 1958 4893 τὸ

303 4931 469 5001 σῶμα
501 4927 830 5004 ἀφαιρεθεὶς,
857 4927 926 4982 τὰ
957 4926 1009 4982 έν
1040 4925 1374 5004 ἆποῤῥήτοις
1401 4925 1668 5005 γραφέντα
1717 4924 1794 4988 είς
1842 4930 1957 5004 φῶς

377 5098 422 5136 ’τ
452 5098 662 5158 Matth.
693 5115 858 5170 xvm,
888 5100 974 5156 10.

376 5251 492 5322 (27)
522 5248 848 5378 Φυλάῗεται.
884 5251 1076 5312 Editio
1109 5251 1316 5322 Parim,
1347 5245 1702 5334 φυλασσεται.
1751 5251 1957 5309 Melius

376 5331 526 5378 :neta
557 5330 615 5378 et
649 5341 681 5378 n
713 5341 845 5378 ures
877 5341 1019 5378 mss.
1055 5340 1202 5378 auos
1235 5329 1421 5378 secuti
1453 5340 1682 5378 sumus.

300 5327 526 5378 Veneta
557 5330 615 5380 et
649 5323 845 5396 plures
877 5341 1019 5380 mss.
1055 5340 1202 5396 quos
1235 5323 1421 5396 secuti
1453 5340 1682 5380 sumus.

378 5394 714 5468 (28)ςΥμῶν.
748 5397 810 5451 In
844 5413 959 5452 uno
991 5394 1304 5467 ex'Regiis,
1339 5394 1520 5468 ᾑμῶν.
1556 5396 1762 5468 ln_0ra_
1811 5397 1952 5468 duo-

297 5483 438 5542 rum
469 5465 809 5542 .Regioru‘m
843 5469 1059 5542 legitur
1087 5465 1275 5542 instar
1305 5465 1509 5542 scholii
1551 5485 1564 5523 :
1591 5465 1712 5542 Ὦτι
1749 5466 1955 5542 ἑκάστῳ

299 5535 846 5612 ἀνθρωπῳᾶγγελος
876 5535 1062 5595 ἕπεται
1102 5537 1208 5592 ἀπό
1256 5539 1537 5612 γενέσεως.
1588 5535 1954 5612 υηαιηᾳκεηιέ

296 5609 715 5685 ςυσ-Ιροτη-ἰζιςῂὴ
743 5615 970 5685 angelus
996 5614 1248 5684 sequitur
1270 5609 1344 5685 at
1371 5615 1548 5684 ipsius
1577 5617 1721 5685 ortu.

379 5682 498 5752 (29)
539 5678 837 5739 Ούδέποτεῖ
886 5686 978 5742 Sic
1024 5678 1169 5740 nias.
1228 5678 1420 5740 multi.
1453 5683 1627 5748 Editi,
1659 5679 1951 5754 ούδήποτε.

301 5752 374 5810 In
405 5769 512 5811 ora
533 5754 715 5813 trium
744 5756 1014 5815 codicum
1040 5755 1256 5829 legitur
1282 5755 1430 5815 illud
1463 5774 1477 5814 :
1505 5757 1625 5814 Ὃτι
1783 5752 1955 5829 μόνον

2059 3344 2255 3382 coram
2285 3326 2564 3382 tribunali
2593 3328 2950 3396 Christi,non
2984 3329 3154 3384 modo
3185 3332 3356 3398 turpe
3384 3325 3706 3395 quidquam

2060 3417 2376 3482 facere,sed
2409 3415 2496 3472 vel
2529 3417 2784 3487 cogitare
2815 3416 3274 3472 verebitur.Nam
3308 3415 3496 3470 instar
3521 3415 3706 3486 picto-

2063 3505 2144 3560 ris
2196 3521 2365 3561 mens
2398 3513 2618 3574 nostra,
2650 3506 2811 3561 velut
2855 3506 2913 3560 in
2945 3505 3168 3572 tabula,
3215 3504 3602 3578 cogitationes
3653 3500 3711 3556 in

2061 3595 2258 3650 anima
2286 3596 2356 3649 ad
2393 3595 2702 3650 arbitrium
2735 3613 2911 3652 suum
2944 3596 3502 3664 informat,cumque
3524 3591 3716 3648 soluta

2062 3683 2140 3738 sit
2163 3691 2220 3739 et
2253 3683 2436 3738 libera
2465 3684 2538 3738 ob
2569 3684 2821 3739 liberum
2853 3685 3182 3751 arbitrium,
3219 3700 3324 3739 nec
3355 3698 3606 3754 usquam
3638 3680 3710 3735 ob

2065 3773 2464 3843 incorporeum
2485 3778 2752 3828 naturam
2773 3774 3041 3839 suam,ad
3073 3772 3311 3844 picturis
3337 3769 3718 3842 magniﬁcen-

2063 3861 2203 3915 tiam
2238 3860 2541 3931 angustias
2583 3862 2860 3930 patiatur,
2909 3862 3009 3916 sed
3057 3867 3338 3932 quantam
3391 3860 3553 3930 cupit
3600 3857 3712 3912 loci

2063 3948 2362 4004 laxitatem
2413 3949 2692 4014 inveniat,
2721 3950 3008 4020 depingit,
3040 3949 3308 4020 inquam,
3341 3945 3712 4019 cogitationi-

2061 4039 2173 4093 bus
2190 4053 2555 4109 quaaounque
2573 4037 2960 4094 libet.Deinde
2981 4038 3480 4108 quemadmodum
3507 4035 3710 4105 pictor,

2063 4135 2371 4198 postquam
2404 4132 2625 4182 secreto
2656 4127 2712 4181 in
2747 4143 2973 4183 recessu
3007 4127 3267 4182 tabulam
3289 4125 3449 4181 varia
3471 4123 3718 4179 historia

2062 4215 2398 4288 complevit,
2430 4216 2624 4271 subito
2655 4215 2816 4272 illam
2847 4217 2903 4271 in
2939 4216 3198 4271 medium
3233 4215 3542 4288 profert,ac
3574 4213 3718 4267 sub-

2063 4304 2198 4360 latis
2229 4306 2614 4361 exterioribus
2642 4306 3063 4378 integumentis
3094 4305 3475 4378 spectandam
3507 4305 3567 4358 in
3600 4318 3718 4357 me-

2062 4393 2160 4449 dio
2193 4394 2554 4450 multitudini
2588 4395 2880 4466 proponit,
2914 4396 3158 4466 necjam
3190 4403 3278 4450 est
3330 4410 3532 4450 eorum
3584 4406 3710 4463 quis

2069 4483 2257 4554 pinxit
2315 4485 2623 4555 interpres,
2656 4487 2753 4540 sed
2788 4485 3064 4540 omnibus
3085 4484 3511 4556 spectatoribus
3536 4482 3710 4538 etiam

2065 4573 2124 4626 in
2158 4573 2421 4628 futurum
2453 4579 2688 4645 tempus
2720 4573 3178 4645 picturae,qualis
3209 4570 3710 4644 sit,existimandm

2065 4665 2412 4734 potestatem
2437 4662 2735 4733 relinquit;
2764 4664 2845 4718 ita
2865 4669 2921 4718 et
2944 4679 3111 4718 mens
3134 4668 3265 4735 post
3283 4663 3502 4718 exitum
3522 4677 3554 4716 e
3574 4661 3713 4727 vita,

2067 4749 2166 4806 ubi
2196 4749 2372 4806 veluti
2404 4751 2698 4821 quoddam
2732 4750 3100 4806 involucrum
3135 4750 3368 4818 tabulis,
3414 4766 3544 4822 quas
3591 4747 3717 4804 ani-

2070 4855 2228 4895 mam
2260 4839 2425 4911 tegit,
2457 4856 2756 4912 quamque
2788 4857 2887 4911 per
2916 4845 3101 4896 totam
3134 4841 3310 4896 vitam
3343 4837 3718 4912 cogitationi-

2069 4929 2182 4985 bus
2212 4927 2516 5002 pinxit,ita
2545 4945 2760 5002 corpus
2791 4929 3052 4986 ablatum
3085 4930 3293 4986 fuerit:
3325 4936 3467 4986 tunc
3498 4945 3625 5002 qum
3659 4927 3718 4982 in

2069 5248 2298 5340 ἄγγελοι
2353 5256 2421 5307 τά
2467 5253 2585 5308 καθ’
2634 5256 2783 5381 ἡμᾶς
2835 5252 3123 5332 βλέπουσι,
3171 5253 3317 5311 ἀλλᾶ
3357 5255 3448 5310 καὶ
3497 5256 3712 5338 πάντων

2069 5347 2172 5379 των
2209 5324 2373 5381 ἁγίων
2427 5324 2482 5378 αί
2513 5329 2666 5381 ὡυγα
2698 5345 2710 5357 ·
2759 5345 2866 5381 non
2897 5331 3070 5381 solum
3119 5331 3327 5381 angeli.
3373 5329 3468 5381 sed
3517 5341 3712 5381 animas

2065 5324 2172 5379 τε»)
2209 5324 2373 5400 ἁγίων
2427 5324 2482 5378 αί
2513 5324 2710 5400 ψυχαί·
2759 5324 2866 5384 noh
2897 5331 3070 5384 solum
3113 5324 3327 5400 'angeti,
3373 5329 3468 5382 sed
3517 5329 3724 5384 animae

2066 5401 2233 5454 etiam
2263 5408 2581 5454 sanctorum
2609 5402 2858 5456 omnium
2887 5417 2973 5456 res
3004 5407 3215 5456 nostras
3247 5402 3448 5455 vident.

2136 5471 2248 5542 (30)
2303 5469 2399 5542 Διὸι
2439 5469 2501 5523 τὸ
2532 5470 2894 5542 αὐτεξούσιον.
2931 5475 3012 5527 ita
3047 5490 3186 5529 mss.
3221 5470 3502 5542 quinque.
3536 5467 3710 5542 Editi,

2063 5542 2152 5594 καὶ
2185 5539 2552 5613 αὐτεξούσιςος
2607 5539 2768 5600 Unus
2809 5545 3010 5613 cudex.
3059 5543 3134 5603 ὡς
3165 5539 3491 5611 αὐτεξοσιος.
3538 5539 3714 5596 Paulo

2065 5621 2197 5686 post
2228 5611 2384 5672 unus
2406 5631 2479 5686 ex
2510 5617 2726 5682 Regiis,
2759 5617 2879 5670 ὅσοι
2912 5611 3080 5669 θέλει.

2135 5688 2248 5762 (3.1)
2278 5684 2626 5762 Μετᾶ.Εᾱὶιί
2662 5689 3044 5762 praemittunt,
3075 5705 3186 5754 και,
3221 5701 3348 5757 quis
3379 5683 3715 5756 conjunctio

2063 5758 2278 5820 melius
2309 5758 2473 5820 abest
2499 5773 2535 5815 ο
2561 5758 2817 5831 quatuor
2843 5775 2989 5815 mss.
