4112 6224
431 385 547 446 ⁸131

1375 382 1770 446 APPENDIX
1814 383 2138 446 OPERUM
2183 386 2250 448 8.
2295 385 2576 449 BASILII
2619 383 2893 447 MAGNI.

3710 383 3810 444 ’132

433 531 646 572 arcano
679 513 830 587 picta
859 513 1112 582 fuerant,
1144 513 1420 571 omnibus
1461 514 1518 570 in
1562 515 1750 572 lucem
1803 517 2021 588 profert
2070 534 2082 572 :

2207 521 2317 580 τοῖς
2371 523 2502 572 πᾶσι
2557 514 2808 571 δεικνύει·
2869 511 2959 569 καὶ
3015 509 3157 568 ἐστιν
3212 509 3344 566 ἰδεῖν
3374 512 3469 566 τὸν
3511 512 3702 566 πίνακα
3725 519 3810 582 τῆς

430 623 498 661 ac
529 605 723 660 videre
751 609 844 659 est
872 604 1131 658 tabulam
1153 605 1547 670 animm,varia
1572 606 1810 676 quidem
1837 605 2081 662 historia

433 693 1028 767 repletam,omnibus
1061 700 1256 749 autem
1289 695 1358 748 ad
1393 696 1778 766 spectandum
1813 696 2080 767 proposi-

433 790 576 840 tam.
611 783 668 838 Si
698 799 834 855 ergo
867 783 1072 837 divinae
1103 786 1372 854 quaedam
1403 801 1472 838 ex
1503 786 1686 840 sacris
1736 784 2082 840 lectionibus

435 879 491 930 et
511 873 706 945 probis
726 871 1180 944 cogitationibus
1203 873 1456 927 historias
1482 873 1790 928 videantur
1817 875 2080 946 depictis,

435 963 609 1018 laude
639 962 798 1017 omni
829 962 1008 1032 digna
1029 961 1336 1030 judicatur
1365 968 1422 1018 et
1453 979 1622 1018 mens
1652 980 1778 1034 quae
1813 964 2084 1034 pinxit,et

435 1068 563 1123 quae
596 1051 744 1106 hanc
777 1050 992 1120 recepit
1023 1051 1308 1121 picturam
1342 1051 1549 1105 animae
1574 1053 1777 1107 tabula
1809 1070 1822 1108 :
1856 1052 1948 1107 his
1980 1051 2082 1123 qui

433 1140 724 1212 picturam
755 1139 975 1206 vident,
1003 1139 1264 1194 recedere
1297 1140 1368 1194 ab
1400 1140 1508 1194 hoc
1554 1141 1883 1212 spectaculo
1929 1141 2082 1196 648

433 1228 768 1284 nolentibus
800 1245 866 1283 eo
898 1228 1048 1300 quod
1086 1233 1351 1300 spectato
1384 1229 1627 1301 dignum
1661 1231 1769 1297 sit;
1806 1231 2084 1285 omnibus

434 1324 626 1374 autem
661 1317 1032 1386 singularum
1063 1334 1254 1372 rerum
1289 1318 1653 1389 depictarum
1689 1319 2081 1390 pulchritudi-

434 1424 568 1462 nem
599 1413 658 1462 et
687 1407 927 1478 ﬁguras,
960 1411 1086 1460 tum
1117 1408 1292 1462 etiam
1323 1407 1577 1463 divinam
1611 1410 1856 1464 formam
1889 1407 2081 1464 admi-

433 1496 724 1561 rantibus,
757 1500 814 1550 et
845 1494 1106 1549 divinum
1141 1494 1306 1549 illum
1340 1495 1617 1567 pictorem
1663 1497 1894 1551 beatum
1921 1496 2083 1566 judi-

436 1585 898 1654 cantibus,quod
931 1583 1111 1637 vitam
1145 1582 1202 1636 in
1237 1600 1410 1638 carne
1438 1586 1710 1656 praeclare
1741 1585 2083 1648 traduxerit,

436 1674 547 1730 sub
581 1673 689 1728 hoc
715 1673 974 1742 corporis
1006 1672 1222 1726 amictu
1259 1678 1424 1728 nocte
1443 1678 1499 1728 et
1520 1673 1611 1728 die
1637 1672 1782 1728 tales
1803 1673 2083 1744 picturas,

438 1767 646 1834 praeter
669 1777 901 1816 omnem
936 1761 1334 1832 spectantium
1368 1779 1558 1834 spem,
1605 1761 1856 1834 eleganti
1905 1777 2084 1816 manu

438 1851 646 1907 animae
679 1850 890 1905 tabulas
921 1849 1460 1922 imprimens.Quod
1485 1851 1534 1906 si
1556 1857 1756 1922 turpes
1782 1856 1838 1906 et
1858 1851 2086 1906 indeco-

438 1958 514 1996 rae
546 1945 867 2012 appareant
898 1939 1160 2010 picturis,
1191 1940 1502 2011 opprobrio
1528 1945 1586 1995 et
1615 1941 1733 1995 risu
1763 1939 1978 2013 dignus
2009 1939 2090 2011 pi-

439 2035 566 2086 ctor
595 2029 871 2084 omnibus
896 2028 1193 2083 videbitur
1227 2045 1239 2084 :
1274 2028 1488 2100 quippe
1520 2028 1620 2100 qui
1650 2029 1796 2084 alias
1847 2029 2094 2084 fortasse

441 2124 918 2191 spes,antequam
943 2117 1265 2172 nudaretur
1285 2117 1485 2172 tabula
1505 2117 1666 2172 illius
1689 2118 2095 2187 animas,mon-

441 2208 731 2275 straverit,
757 2206 1050 2263 contraria
1073 2211 1269 2261 autem
1294 2206 1408 2267 bis.
1433 2223 1560 2277 quae
1583 2207 2091 2278 exspectabantur,

443 2296 641 2354 omnia
657 2302 787 2368 post
805 2299 1089 2351 remotum
1107 2296 1367 2366 corporis
1386 2297 1859 2368 integumentum
1877 2303 2095 2367 specta-

440 2387 669 2442 toribus
689 2385 976 2441 ostendat.
998 2384 1243 2440 Ubinam
1272 2401 1408 2455 ergo
1430 2384 1538 2440 iste
1561 2385 1969 2454 abscondetur,
1995 2383 2095 2455 qui

443 2492 512 2531 ex
543 2475 818 2529 instituta
849 2490 983 2528 cum
1017 2473 1197 2528 altero
1229 2475 1669 2544 comparatione
1699 2473 1770 2529 ab
1820 2473 2096 2528 omnibus

439 2563 800 2634 judicandus
849 2561 980 2616 est?
1022 2563 1170 2617 Inter
1197 2579 1253 2617 se
1284 2564 1521 2618 invicem
1547 2562 1976 2632 cogitationibus
2001 2578 2096 2617 ac-

445 2651 767 2708 cusantibus
798 2663 895 2706 aut
923 2652 1099 2706 aliam
1127 2651 1545 2720 defendentibus
1564 2651 1879 2708 ".Ubinam
1899 2655 2094 2706 autem

444 2741 650 2798 tabula
679 2739 780 2796 illa
812 2739 1018 2796 animas
1040 2741 1518 2812 deponetur,qum
1543 2740 1934 2812 spectantium
1956 2758 2097 2796 ocu-

445 2831 534 2888 los
566 2829 838 2902 turpibus
869 2829 1133 2885 historiis
1162 2847 1228 2885 ac
1259 2830 1417 2885 omni
1452 2829 1709 2885 absurda
1741 2833 1934 2902 specie
1984 2831 2098 2885 im-

448 2919 1173 2991 plevit?0uemadmodum
1205 2918 1361 2974 enim
1394 2918 1496 2990 qui
1528 2919 1583 2972 in
1617 2935 1856 2991 corpore
1882 2919 2100 2975 habent

448 3024 662 3073 naevos,
685 3012 1000 3078 antequam
1034 3007 1525 3074 nudentur,veste
1555 3008 1688 3064 illos
1719 3008 2013 3064 occultant
2043 3013 2100 3064 et

451 3097 772 3152 multorum
804 3096 990 3152 oculis
1021 3097 1382 3163 subducunt,
1414 3114 1480 3152 ac
1511 3115 1664 3169 saepe
1695 3097 2098 3169 splendidissi-

447 3202 545 3240 ma
574 3191 732 3240 veste
762 3187 1160 3253 ornati,etiam
1195 3185 1420 3257 pulchri
1455 3187 1614 3242 intus
1638 3203 1768 3242 esse
1797 3204 1866 3244 ex
1887 3192 2092 3242 ornatu

2189 608 2373 681 ψυχῆς
2404 605 2665 673 ποικίλης
2696 605 2789 677 μὶν
2835 604 3076 677 ἱστορίας
3103 600 3564 674 πεπληρωμένον,
3595 607 3714 655 πᾶσι
3765 599 3811 657 δὶ

2190 695 2266 756 είς
2326 697 2444 758 θέαν
2505 694 2840 770 ἐγκείμενον.
2910 693 3033 749 Ἐὰν
3094 692 3188 764 μὶν
3249 689 3344 744 οὖν
3401 689 3538 745 θεῖαί
3589 711 3723 753 τινες
3765 690 3808 762 ἐξ

2191 784 2627 858 ἀναγνωσμάτων
2663 785 2817 857 ἱερῶν
2851 782 2938 836 καὶ
2981 781 3195 835 ἐννοιῶν
3229 779 3531 856 φιλαρέτων
3583 780 3637 832 αἱ
3681 781 3806 839 ἱστο-

2191 874 2302 947 ρίαι
2347 873 2580 951 ὀφθῶσιν
2633 872 3090 948 ἐγγεγραμμέναι,
3148 871 3345 933 παντὸς
3385 867 3602 923 ἐπαίνου
3646 870 3673 922 ὁ
3721 875 3809 937 ζω-

2190 964 2474 1040 γραφήσας
2520 967 2641 1024 νοῦς
2690 963 2780 1016 καὶ
2821 963 2848 1016 ὁ
2880 959 3078 1030 ταύτην
3131 956 3419 1031 δεξάμενος
3463 959 3564 1026 τήν
3621 958 3811 1032 γραφήν

2189 1055 2292 1116 τῆς
2319 1055 2505 1127 ψυχῆς
2537 1051 2690 1122 πίναξ
2722 1048 2868 1121 ἄξιος
2907 1049 3163 1126 κρίνεται·
3217 1045 3331 1103 οὐδ’
3384 1047 3697 1125 ἀφίστασθαι
3731 1049 3815 1111 τῆς

2193 1141 2316 1202 θέας
2363 1145 2472 1195 τῶν
2503 1139 2864 1213 ἱστορούντων
2891 1139 2989 1207 τὴν
3022 1139 3235 1214 γραφὴν
3289 1133 3377 1191 διὰ
3421 1137 3483 1190 τὸ
3532 1135 3818 1208 ἀξιοθέατον

2195 1228 2510 1285 ἐθελόντων·
2564 1230 2813 1284 ἁπάντων
2866 1226 2923 1282 δὲ
2969 1227 3031 1281 τὸ
3071 1227 3188 1290 καθ’
3219 1223 3446 1281 ’ἕκαστον
3467 1229 3576 1279 τῶν
3606 1224 3818 1300 γραφὲν-

2190 1339 2298 1372 των
2331 1316 2536 1380 κάλλος
2567 1339 2626 1373 τε
2653 1318 2740 1372 καὶ
2773 1316 2900 1380 τοὺς
2923 1315 3144 1383 τύπους,
3173 1313 3320 1370 ἀλλὰ
3346 1314 3434 1368 καὶ
3478 1315 3578 1383 τήν
3631 1311 3822 1381 θεοειδῆ

2191 1411 2298 1462 τῶν
2350 1407 2727 1485 ἐγγραφέντων
2783 1406 2997 1484 μορφήν
3049 1403 3459 1476 θαυμαζόντων,
3517 1403 3606 1457 καὶ
3665 1423 3821 1474 μακα-

2196 1497 2452 1570 ριζόντων
2483 1498 2576 1550 τὸν
2605 1498 2746 1550 θεῖον
2810 1495 3096 1571 ζωγράφον
3141 1492 3362 1561 ἐκεῖνον,
3411 1491 3493 1547 δτι
3538 1490 3720 1553 καλῶς
3754 1496 3822 1563 τῷ

2194 1585 2244 1640 ἐν
2279 1586 2433 1661 σαρκί
2465 1587 2567 1660 βίῳ
2619 1584 2916 1660 ἐχρήσατο,
2977 1584 3078 1638 ὑπὸ
3126 1581 3306 1654 τούτῳ
3349 1586 3428 1654 τῷ
3454 1585 3555 1635 τοῦ
3587 1581 3821 1653 σώματος

2193 1669 2532 1748 περιϐολαίῳ
2607 1674 2796 1736 νυκτὸς
2871 1671 2962 1728 καί
3043 1672 3254 1746 ἡμέρας
3319 1670 3570 1731 τοιαύτας
3631 1670 3818 1744 γραφὰς

2194 1763 2340 1837 παρὰ
2394 1769 2564 1818 πᾶσαν
2622 1763 2729 1818 τῶν
2787 1764 2987 1817 θεατῶν
3041 1758 3236 1815 ἐλπίδα
3262 1758 3549 1838 φιλοκάλῳ
3585 1757 3822 1834 χειρὶτῷ

2197 1860 2296 1922 τῆς
2327 1855 2510 1928 ψυχῆς
2538 1851 2722 1906 πίνακι
2757 1849 3081 1926 ἐγχαράξας.
3115 1851 3234 1904 Ἐὰν
3268 1846 3326 1904 δὲ
3381 1848 3604 1924 αἲσχραί
3651 1869 3706 1902 τε
3745 1847 3826 1901 καὶ

2202 1943 2462 2016 ἀπρεπεῖς
2504 1941 2839 2018 ἀναφανῶσιν
2903 1940 2959 1994 αἱ
3015 1939 3240 2016 γραφαὶ,
3294 1936 3562 2013 αἰσχύνης
3619 1936 3706 1990 καὶ
3751 1937 3826 2010 γί-

2203 2029 2383 2093 λωτος
2415 2031 2442 2085 ὁ
2472 2030 2754 2106 ξωγράφος
2808 2026 2952 2099 ἄξιος
3005 2034 3120 2090 τοῖς
3175 2032 3335 2082 πᾶσιν
3387 2026 3698 2104 ὀφθήσεται·
3747 2022 3829 2080 ἄλο

2206 2117 2304 2182 λας
2342 2120 2434 2192 μὲν
2497 2116 2627 2182 ἴσως
2679 2115 2902 2180 ἐλπίδας
2959 2117 3086 2192 πρὶν
3143 2120 3476 2193 γυμνοῦσθαι
3505 2116 3596 2170 τὸν
3649 2115 3826 2169 πίνακα

2203 2216 2302 2278 τῆς
2353 2212 2540 2283 ψυχῆς
2587 2207 2750 2262 αὐτοῦ
2802 2208 3101 2284 ὑποφήνας,
3161 2205 3374 2260 ἐναντία
3419 2202 3477 2259 δὲ
3530 2209 3641 2259 τῶν
3685 2202 3825 2258 ἐλπι-

2206 2297 2460 2366 σθέντων,
2525 2297 2658 2370 μετὰ
2711 2297 2774 2351 τὸ
2826 2296 3180 2372 ἀφαιρεθῆναι
3209 2296 3272 2350 τὸ
3296 2299 3394 2349 τοῦ
3442 2293 3697 2366 σώματος
3743 2291 3830 2345 κά-

2207 2387 2421 2460 λυμμα,
2483 2389 2685 2440 ἅπαντα
2715 2384 2765 2440 ἐν
2793 2384 2970 2457 τούτῳ
2999 2390 3117 2448 τοῖς
3147 2389 3357 2448 θεαταῖς
3405 2379 3692 2454 ἐπιδείξας.
3736 2383 3831 2437 Ποῦ

2207 2474 2302 2530 οῦν
2336 2475 2438 2551 ἄρα
2485 2474 2640 2536 οὗτος
2692 2471 3044 2529 καταδύσεται
3089 2473 3150 2528 ἐκ
3189 2471 3518 2548 συγκρίσεως
3567 2471 3706 2544 πρὸς
3753 2469 3832 2524 τὸν

2204 2562 2385 2641 ἕτερον
2435 2564 2580 2640 παρὰ
2634 2565 2844 2618 πάννων
2901 2562 3261 2637 κρινόμενοςς
3319 2564 3529 2633 Μεταξυ
3581 2557 3834 2629 ἀλλήλων

2205 2659 2313 2708 τῶτ
2395 2653 2674 2728 λογισμῶν
2729 2650 3178 2728 κατηγορούντων
3256 2652 3292 2720 ἢ
3367 2649 3455 2704 καὶ
3538 2647 3837 2725 ὁμολογου-

2211 2745 2408 2816 μὲνων.
2452 2747 2563 2798 Ποῦ
2590 2740 2647 2797 δὲ
2677 2744 2704 2798 ὁ
2735 2742 2891 2812 πίναξ
2921 2741 3128 2803 ἐκεῖνος
3182 2738 3285 2814 ἄρα
3311 2746 3412 2809 τῆς
3468 2742 3657 2814 ψυχῆς
3709 2739 3834 2792 ἀποο

2203 2835 2484 2904 τεθήσεται
2536 2833 2564 2886 ὁ
2634 2831 2761 2893 τοὺς
2821 2828 3138 2908 ὀφθαλμοὺς
3195 2833 3300 2883 τῶν
3353 2830 3554 2882 θεατῶν
3607 2827 3838 2902 αἰσχρῶν

2208 2923 2457 2994 ἱστοριῶν
2523 2922 2610 2975 καὶ
2682 2920 2861 2986 πάσης
2933 2916 3242 2973 ἀλλοκότου
3301 2915 3444 2980 ίδέας
3490 2916 3836 2984 ἀναπλήσας;

2206 3013 2292 3072 Ὡς
2333 3011 2434 3087 γὰρ
2492 3010 2543 3065 οἱ
2598 3009 2725 3074 τοὺς
2791 3008 2842 3064 ἐν
2898 3008 3111 3080 σώματι
3166 3002 3384 3082 ἔχοντες
3440 3007 3694 3080 μώμους,
3724 3006 3839 3078 πρὶν

2204 3101 2573 3176 γυμνωθῆναι,
2632 3102 2698 3172 τῇ
2756 3097 2939 3163 ἐσθῆτι
2993 3097 3400 3172 κεκρυμμένους
3455 3095 3544 3150 καὶ
3607 3091 3838 3164 ἀδήλους

2206 3188 2323 3250 τοὶς
2351 3186 2588 3250 πολλοῖς
2635 3183 2826 3262 ἔχουσι
2875 3184 3124 3247 τούτους·
3156 3183 3580 3262 περιφανεστάτῃ
3613 3181 3673 3239 δὶ
3718 3178 3841 3236 πολε

448 3275 734 3330 exteriore
763 3275 1208 3341 existimantur;
1244 3275 1346 3329 sed
1380 3275 1428 3330 si
1477 3282 1698 3331 vestem
1746 3281 1985 3345 exuant,
2043 3280 2097 3332 et

2215 3277 2370 3338 λάκις
2401 3277 2584 3346 ἐσθῆτι
2632 3276 3022 3348 κοσμούμενοι,
3051 3273 3360 3329 τούναντίον
3395 3274 3484 3328 καὶ
3526 3272 3690 3328 καλοί
3717 3292 3846 3334 τινες

451 3364 591 3420 nudi
644 3363 702 3418 in
756 3363 963 3418 balneo
996 3368 1340 3435 appareant,
1373 3363 1602 3419 ridiculi
1636 3365 1924 3434 videntur,
1960 3367 2101 3421 dum

452 3469 667 3524 corpus
693 3452 897 3507 ostend
910 3455 1013 3506 unt
1028 3451 1356 3507 innumeris
1371 3453 1546 3507 navis
1561 3459 1769 3524 printer
1784 3452 2102 3525 plurimum

449 3541 619 3596 illum
650 3545 953 3595 externum
985 3541 1252 3595 decorem
1284 3540 2100 3614 deforme:neque,postquam

455 3630 680 3685 nudum
704 3629 979 3684 omnibus
1006 3645 1218 3700 corpus
1247 3631 1694 3701 apparuit,opus
1718 3637 1805 3687 est
1825 3631 2106 3703 interpre-

456 3718 696 3786 tatione,
731 3717 830 3772 ubi
863 3724 920 3774 et
948 3717 1179 3790 qualem
1215 3735 1438 3774 naevum
1470 3718 1720 3788 habeat;
1754 3722 1854 3777 sed
1903 3720 2101 3777 statim

455 3825 522 3864 ac
550 3808 838 3863 nudatum
869 3812 978 3873 est,
1005 3807 1357 3880 conspicuus
1387 3809 1674 3880 cujusque
1706 3810 1951 3867 membri
1985 3828 2105 3866 nm-

459 3913 568 3952 vus
598 3897 784 3952 oculis
814 3897 1198 3969 semetipsum
1231 3898 1544 3969 aperitzita
1573 3903 1632 3954 et
1657 3916 1763 3955 nos
1795 3905 2104 3971 postquam

457 3985 793 4041 exuerimus
820 3985 1293 4058 integumentum
1325 3985 1539 4055 carnis,
1575 4003 1679 4042 nec
1711 3989 1922 4044 vestire
1959 3988 2106 4044 iusi-

460 4079 552 4131 tos
584 4076 791 4130 animae
826 4091 1036 4143 naevos,
1072 4092 1176 4131 nec
1206 4076 1504 4132 occultare
1535 4075 1652 4132 ullo
1686 4079 1856 4133 modo
1893 4077 2108 4149 poteri-

462 4181 630 4232 mus;
664 4166 764 4222 sed
796 4165 1074 4220 omnibus
1103 4165 1288 4220 oculis
1317 4165 1641 4237 conspicui,
1669 4183 1795 4237 quae
1847 4183 2108 4238 corpore,

461 4250 619 4307 velut
665 4257 844 4318 veste,
899 4253 1326 4308 abscondentes
1354 4252 1706 4322 latebamus,
1737 4270 1806 4308 ea
1834 4255 2111 4311 omnibus

463 4341 646 4396 oculis
679 4343 838 4397 nuda
867 4344 1264 4414 ostendemus,
1297 4359 1402 4398 nec
1427 4345 1550 4414 jam
1582 4344 1692 4398 erit
1721 4345 1965 4414 negandi
2011 4351 2113 4400 aut

463 4429 855 4486 ratiocinandi
887 4431 1069 4497 locus,
1102 4447 1236 4485 cum
1267 4447 1444 4501 Opera
1494 4432 1623 4502 ipsa
1671 4439 2000 4502 cernentur,
2053 4439 2112 4490 et

464 4524 780 4590 conspectu
813 4518 871 4573 in
903 4523 1142 4574 auctore
1171 4535 1278 4574 suo
1308 4525 1720 4591 agnoscentur.

2211 3361 2423 3422 ἔνδοθεν
2482 3366 2612 3420 εἶναι
2671 3365 2731 3420 ἐκ
2785 3367 2886 3418 τοῦ
2943 3361 3128 3433 ἔξωθεν
3187 3362 3398 3436 κόσμου
3453 3363 3842 3432 ὑπενοήθησαν,

2213 3452 2568 3528 ἐκδυσάμενοι
2617 3451 2674 3508 δὲ
2723 3455 2825 3523 τὴν
2877 3452 3074 3518 ἐσθῆτα
3102 3451 3191 3507 καὶ
3219 3451 3414 3528 γυμνοὶ
3472 3451 3524 3506 ἐν
3582 3449 3845 3526 βαλανείῳ

2213 3542 2479 3621 ὀφθέντες,
2533 3541 2946 3617 καταγέλαστοι,
3023 3541 3166 3614 παρὰ
3238 3538 3457 3610 πολλὴν
3513 3541 3618 3609 τὴν
3665 3536 3843 3610 ἔξωθεν

2213 3630 2367 3703 δόξαν
2404 3632 2618 3709 μυρίοις
2674 3637 2792 3695 τοῖς
2841 3631 3059 3705 μώμοις
3109 3629 3368 3706 ἐπίψογον
3417 3631 3480 3684 τὸ
3539 3633 3701 3702 σῶμα
3757 3625 3853 3682 δει-

2211 3721 2450 3794 κνύντες,
2506 3721 2794 3799 ἐφάνησαν·
2857 3721 2946 3774 καὶ
3005 3718 3066 3773 ού
3125 3719 3288 3795 χρεία
3347 3717 3665 3791 ἐρμηνείας,
3729 3717 3852 3789 μετᾶ

2211 3810 2274 3866 τὸ
2304 3811 2508 3884 γυμνὸν
2537 3814 2653 3871 τοῖς
2682 3814 2841 3864 πᾶσιν
2875 3809 3104 3884 ὀφθῆναι
3158 3807 3223 3862 τὸ
3279 3811 3458 3880 σῶμα,
3489 3810 3593 3862 ποῦ
3625 3805 3716 3861 καὶ
3745 3808 3856 3866 πῶς

2216 3897 2331 3974 ἔχει
2383 3901 2474 3954 τὸν
2538 3903 2755 3971 μῶμον·
2804 3895 2933 3952 ἀλλ’
2989 3897 3103 3970 ἅμα
3157 3917 3217 3950 τε
3272 3894 3700 3970 ἐγυμνώθῆ,καί
3747 3892 3850 3948 ὁέν

2217 3991 2423 4060 ἑκάστῳ
2455 3986 2608 4060 μὲλει
2673 3991 2870 4059 μῶμος
2925 3987 3234 4061 ὁρώμενος.
3284 3988 3354 4059 τῇ
3385 3981 3505 4058 ὄψει
3555 3985 3746 4040 ἑαυτὸν
3771 3984 3856 4057 ἑρ-

2220 4076 2462 4152 μηνεύει·
2493 4075 2636 4132 οὕτω
2665 4075 2755 4130 καὶ
2785 4078 2947 4148 ἡμεῖς
2977 4071 3332 4147 ἐκδυσάμενοι
3376 4074 3438 4128 τὸ
3484 4073 3854 4150 προκάλυμμα

2217 4175 2314 4236 τῆς
2344 4165 2564 4243 σαρκός,
2624 4162 2746 4220 οὔτε
2793 4163 3132 4240 περιστεῖλαι
3183 4162 3311 4226 τοὺς
3357 4162 3408 4218 ἐν
3439 4167 3507 4236 τῇ
3539 4162 3697 4239 ψυχῇ
3749 4159 3855 4235 μώ-

2223 4277 2381 4330 μους,
2422 4253 2544 4310 οὕτε
2593 4253 2900 4329 ἀποκρύψαι
2946 4257 3062 4315 πῶς
3109 4249 3470 4323 δυνησόμεθα·
3517 4250 3567 4305 ἐν
3601 4247 3756 4324 ὂψεσι
3805 4247 3856 4302 δὲ

2218 4351 2334 4407 τοῖς
2389 4350 2547 4399 πᾶσιν
2607 4343 2900 4420 ὁρώμενοι,
2959 4342 2992 4396 ἅ
3043 4346 3124 4414 τῷ
3180 4340 3394 4414 σώματι
3445 4340 3518 4402 ὡς
3565 4339 3618 4395 ἐν
3678 4340 3856 4410 ἐσθῆτι

2221 4433 2611 4511 ἐγκρύπτοντες
2687 4430 3044 4504 ἐλανθάνομεν
3124 4424 3366 4505 ἔχοντες,
3441 4433 3609 4484 ταῦτα
3681 4429 3856 4504 γυμνὰ

2222 4525 2382 4577 πᾶσιν
2417 4519 2728 4598 ὀφθαλμοῖς
2758 4515 3116 4592 ἐπιδείξομεν,
3176 4517 3352 4572 οὐκετι
3412 4514 3535 4572 οὔτε
3565 4517 3856 4593 ἀρνήσεως,

466 4605 588 4662 οὕτε
645 4605 927 4684 λογισμῶν
985 4608 1172 4683 χώραν
1231 4603 1488 4683 ἔχοντες,
1547 4607 1636 4664 ὅτε
1682 4610 1818 4666 αύτᾰ
1865 4611 1933 4667 τὰ
1990 4608 2122 4688 ἔργα
2179 4613 2387 4687 ὁρᾶται,
2445 4611 2535 4666 καὶ
2593 4611 2843 4687 ὁρώμενα
2897 4607 2950 4664 ἐν
3003 4613 3083 4681 τῷ
3153 4609 3462 4684 πεπραχότι
3516 4606 3864 4683 ἐπιγινώσκε-

461 4718 573 4756 ται.

536 4789 626 4844 31.
652 4793 776 4844 Non
809 4787 965 4843 enim
998 4791 1238 4847 confuse
1257 4794 1312 4846 et
1333 4791 1676 4848 summatim
1709 4809 1800 4850 res
1819 4793 2097 4860 videntur,

2293 4793 2382 4848 31.
2417 4789 2493 4848 Ού
2524 4788 2625 4866 γὰρ
2657 4787 3074 4864 συγκεχυμένως
3125 4807 3185 4844 τε
3225 4786 3316 4842 καὶ
3366 4782 3608 4842 καθόλου
3638 4788 3708 4841 τά
3735 4786 3866 4862 πρά-

466 4878 568 4933 sed
592 4882 657 4932 ut
675 4877 916 4949 depictas
941 4877 1243 4950 sigillatim
1267 4885 1702 4951 cognoscuntur
1723 4883 2110 4953 utsehabent;

469 4967 1037 5039 quomodo,exempli
1069 4984 1267 5038 causa,
1291 4969 1610 5024 surrexerit
1629 4986 1658 5026 e
1679 4969 1825 5026 lecto
1846 4973 1919 5028 ad
1947 4972 2113 5028 adul-

467 5056 678 5112 terium
713 5073 1055 5129 properans,
1089 5057 1365 5130 qualibus
1393 5060 1583 5116 eundo
1616 5078 1758 5117 usus
1789 5063 1867 5118 sit
1898 5063 2114 5131 gressi-

468 5144 760 5217 bus,quali
781 5148 1138 5204 constitutus
1159 5165 1420 5220 corpore,
1448 5157 1506 5204 et
1529 5150 1762 5222 qualem
1788 5169 1904 5224 prae
1936 5169 1999 5209 se
2030 5154 2114 5209 fe-

466 5251 601 5292 rens
623 5235 890 5292 habitum
911 5238 1341 5309 processerit,et
1371 5239 1522 5294 unde
1553 5239 1842 5313 obrepens
1865 5239 2117 5298 alienam

536 5354 579 5390 "
609 5357 777 5411 Rom.
807 5371 872 5424 ιι,
907 5356 992 5411 15.

537 5489 648 5560 (32)
707 5487 1152 5572 Συγκξκραμίνος
1210 5491 1292 5572 τῶ
1348 5484 1589 5560 σώματι.
1650 5490 1836 5548 Editio
1892 5490 2114 5572 Veneta

469 5564 530 5645 et
555 5577 709 5651 unus
738 5561 808 5616 ex'
839 5561 1036 5651 ftegiis
1072 5561 1588 5651 secundarmanju,
1637 5565 2112 5651 συγκεκραμμςνος

465 5633 544 5700 τῷ
593 5632 829 5702 σώματι.
862 5632 1092 5716 Habent
1123 5633 1220 5688 alii
1251 5632 1482 5688 codices
1504 5635 1627 5716 oduo
1670 5632 2111 5709 σύγκεκαμμὲνος

466 5698 528 5752 τὸ
555 5704 734 5764 σῶμα.
761 5704 884 5762 Duo
935 5705 1034 5761 alii
1082 5720 1218 5762 cum
1264 5702 1620 5764 Colbertino.
1669 5707 2111 5764 συγκεκαωιένος

639 5722 734 5776 μα.
761 5719 884 5762 uuo
935 5719 1034 5761 am
1082 5720 1218 5762 cum
1264 5719 1620 5776 uoxnertino,
1669 5719 2114 5784 συγκεκαμμενος

2221 4900 2406 4956 γματα
2436 4883 2736 4954 θεωρεῖται,
2787 4876 2915 4934 ἀλΑ⁹
2973 4877 3052 4940 ὡς
3098 4876 3468 4952 ὑποζώγραφα
3511 4875 3647 4930 κατᾶ
3712 4875 3865 4948 μέρος

2225 4971 2545 5047 γινώσκεται
2595 4969 2671 5030 ὡς
2718 4965 2856 5042 ἔχει·
2917 4969 3058 5040 οἷον,
3111 4970 3228 5028 πῶς
3271 4964 3487 5036 άνὲστη,
3519 4967 3647 5042 φερε
3676 4966 3862 5032 εἴπεῖν,

2227 5059 2313 5114 ἐπὶ
2348 5059 2601 5135 μοιχείαν
2632 5058 2883 5132 ὁρμήσας
2905 5063 3006 5127 τῆς
3034 5055 3242 5127 κοίτης,
3291 5055 3380 5111 καὶ
3437 5053 3649 5115 ὁποίοις
3686 5053 3866 5129 βήμα-

2227 5171 2306 5204 σιν
2367 5147 2641 5225 ἐχρήσατο
2677 5143 2934 5222 βαδίζων·
2993 5146 3143 5208 ὅπως
3195 5166 3254 5200 τε
3310 5142 3739 5221 συγκεκραμένος
3791 5143 3866 5213 τῷ

2228 5239 2440 5313 σώματι
2470 5238 2604 5314 (32),
2651 5235 2742 5292 καὶ
2798 5236 2861 5292 τὸ
2892 5241 3087 5312 σχῆμα
3115 5235 3305 5292 ὁποῖον
3333 5230 3537 5298 δεικνὺς
3564 5233 3866 5310 προσῆλθε,

2221 5494 2300 5563 τῷ
2347 5490 2583 5564 σώματι.
2628 5490 2813 5564 κυηυεῖ
2839 5506 2910 5564 θζ
2935 5488 3152 5560 Regiis,
3178 5485 3620 5564 συγκεκυμμένος
3651 5488 3735 5541 τῶ
3764 5484 3869 5564 crib-

2227 5556 2376 5636 ματι.
2411 5556 2543 5637 Mox
2573 5563 2753 5637 editio
2785 5561 2992 5631 Paris.,
3021 5556 3294 5637 προῆλθέ.
3326 5556 3544 5618 Veneta
3587 5564 3648 5616 et
3698 5559 3872 5631 quin-

2225 5652 2338 5710 que
2363 5636 2590 5693 codices
2621 5640 2688 5693 ut
2719 5636 2780 5692 in
2809 5638 2988 5692 textu.
