4112 6224
448 389 568 452 ’135

1401 387 1798 449 APPENDIX
1839 383 2166 450 OPERUM
2209 387 2274 449 S.
2319 388 2601 453 BASILII
2647 391 2924 454 MAGNI.
3709 392 3802 452 738

455 538 622 591 num,
656 537 907 594 quarum
939 521 1219 577 memoria
1252 521 1444 576 adhuc
1473 521 1534 576 in
1568 526 1762 577 mente
1795 525 1952 576 mota
1982 521 2099 575 for-

2225 519 2330 575 οἷόν
2362 541 2418 576 τε
2449 528 2630 600 φυγεῖν
2661 524 2756 585 τὰς
2800 521 3024 586 εὐθύνας
3063 519 3280 576 ὶκείνων
3336 524 3448 575 τῶν
3498 517 3710 587 ἐννοιῶν,
3749 523 3805 576 ὢν

457 629 586 668 mas
619 611 678 666 in
723 611 927 666 tabula
959 610 1115 666 vivas
1163 611 1440 666 omnibus
1489 611 1788 666 ostendit?
1820 611 2005 683 Igitur
2033 626 2104 665 ne

454 702 732 772 turpibus
765 701 940 755 rebus
973 701 1185 756 referta
1219 701 1430 756 mentis
1464 707 1671 755 nostra:
1704 699 1904 755 tabula
1932 716 2105 770 appa-

456 795 603 856 reat,
665 789 968 844 deleamus
1046 788 1333 844 oblivione
1405 790 1718 845 memorias
1793 805 2103 861 pravarum

457 879 904 950 cogitationum,
938 883 995 932 et
1047 895 1248 933 earum
1304 877 1429 933 loco
1491 881 1777 933 bonarum
1835 878 2106 932 recorda-

455 967 646 1023 tiones
708 967 1134 1033 informemus;
1180 967 1260 1022 ita
1319 972 1382 1021 ut
1441 984 1812 1039 nequaquam
1872 968 2104 1037 integu-

459 1063 656 1112 mento
689 1057 948 1128 corporis
981 1056 1038 1110 in
1074 1074 1325 1128 praesens
1355 1063 1590 1129 tempus
1635 1057 1910 1128 cooperti,
1942 1061 2106 1128 post-

458 1161 633 1216 quam
713 1144 857 1199 illud
935 1145 1402 1215 deposuerimus,
1463 1150 1664 1218 turpes
1739 1146 1978 1216 quidam
2034 1145 2106 1199 ob

458 1251 649 1290 naevos
702 1238 758 1288 et
817 1233 1076 1303 probrosi
1137 1234 1209 1289 ob
1263 1235 1524 1306 picturas
1580 1235 1855 1290 omnibus
1900 1238 2108 1305 praeter

459 1327 801 1395 conceptam
850 1324 918 1377 de
953 1323 1121 1378 nobis
1153 1325 1210 1377 in
1243 1324 1349 1379 hac
1398 1324 1510 1379 vita
1541 1324 1874 1396 opinionem
1909 1323 2107 1378 videa-

459 1430 612 1468 mur.

522 1503 612 1557 32.
652 1502 920 1556 Fortasse
950 1501 1102 1557 enim
1136 1501 1280 1556 illud
1325 1507 1413 1558 est
1445 1502 1597 1574 quod
1631 1503 1711 1557 ait
1743 1500 2055 1573 Apostolus
2087 1517 2100 1556 :

455 1592 828 1661 Quorumdam
859 1591 1150 1646 hominum
1196 1598 1421 1662 peccata
1451 1594 1749 1661 manifesta
1776 1601 1925 1656 sunt,
1956 1604 2104 1661 phr-

449 1681 699 1736 cedentia
728 1681 801 1734 ad
841 1680 1116 1748 judicium
1149 1697 1162 1734 :
1197 1680 1464 1752 quosdam
1494 1685 1544 1735 et
1590 1682 1999 1750 subsequuntur
2027 1679 2095 1735 9°.

451 1770 600 1825 Nam
633 1787 758 1841 quae
790 1770 1103 1824 manifesta
1133 1775 1273 1824 sunt
1303 1770 1578 1825 omnibus
1611 1768 1953 1824 hominibus
1985 1783 2107 1840 pec-

2213 610 2248 676 ἡ
2287 612 2479 683 μνήμη
2531 610 2608 668 ἔτι
2639 611 2933 686 κινουμένη
2982 609 3033 666 ἰν
3082 613 3151 684 τῇ
3210 612 3391 684 ψυχῇ,
3421 607 3542 663 τοὺς
3570 607 3801 670 τόπουςὲν

2210 702 2289 769 τῷ
2346 699 2527 754 πίνακι
2591 706 2792 770 ζῶντας
2843 706 2960 762 τοῖς
3021 701 3218 776 ὁρῶσιν
3282 695 3600 766 ἐνδεικνύει;
3637 696 3804 754 Οὐκοῦν

2207 785 2299 842 ’ίνα
2332 789 2408 860 μὴ
2441 789 2682 865 αἶ’σχρῶν
2715 789 2997 850 ἀνάπλεως
3057 790 3084 844 ὁ
3141 795 3240 858 τῆς
3290 790 3482 863 ψυχῆσ
3511 790 3654 858 ἡμῶν
3681 787 3804 856 πίναξ

2212 879 2376 954 ὀφθῇ,
2411 879 2798 954 ἀπαλείψωμεν
2857 879 3000 953 λήθῃ
3052 878 3147 940 τὰς
3211 879 3432 950 μνήμας
3476 881 3576 930 τῶν
3620 875 3803 953 φαύλων

2211 966 2451 1035 ἐννοιῶν,
2499 966 2606 1022 τῶν
2664 968 2880 1042 ἀγαθῶν
2913 965 2968 1022 δὲ
3024 967 3121 1028 τὰς
3174 967 3395 1038 μνήμας
3431 965 3538 1019 ἀντ’
3567 963 3721 1018 αὐτῶν
3743 963 3808 1018 ἐν·

2212 1057 2577 1130 τυπώσωμεν,
2609 1057 2683 1119 ὡς
2716 1056 2776 1110 ἃν
2814 1058 2889 1130 μὴ
2921 1055 3288 1130 κεκρυμμένοι
3335 1055 3403 1109 τὰ
3445 1056 3530 1107 νῦν
3575 1058 3646 1126 τῷ
3687 1072 3808 1127 περι-

2214 1139 2428 1218 ϐολαίῳ
2485 1149 2580 1200 τοῦ
2656 1146 2930 1218 σώματος,
2987 1146 3121 1217 μετὰ
3177 1146 3275 1213 τήν
3333 1142 3577 1197 ἀπόθεσιν
3628 1140 3806 1208 τούτου,

2214 1233 2436 1309 αίσγροί
2490 1255 2629 1296 τινες
2706 1240 2822 1295 τοῖς
2883 1234 3125 1306 μώμοις,
3181 1232 3271 1286 καὶ
3332 1228 3672 1286 ἐπονείδιστοι
3717 1234 3810 1289 ταῖς

2212 1329 2443 1401 γραφαῖς
2471 1331 2590 1384 τοῖς
2619 1329 2749 1377 πᾶσι
2781 1322 2928 1399 παρὰ
2955 1324 3052 1391 τήν
3077 1320 3414 1397 κατέχουσαν
3447 1318 3499 1375 ἰν
3528 1323 3601 1391 τῷ
3626 1318 3815 1394 παρόντι

2218 1411 2320 1487 βίῳ
2353 1409 2507 1482 δόξαν
2541 1413 2815 1490 ὀφθῶμεν.

2285 1505 2373 1558 32.
2405 1502 2558 1576 Τάχα
2599 1502 2700 1576 γὰρ
2753 1502 2898 1555 τοῦτ’
2957 1498 3098 1555 ἔστιν
3159 1499 3191 1554 6'
3245 1497 3458 1572 εἴρηκεν
3521 1499 3547 1552 ὁ
3597 1490 3816 1553 Ἀπόστο-

2214 1588 2333 1652 λος⁸
2395 1594 2565 1645 Τινῶν
2629 1589 2926 1665 ἀνθρώπων
2985 1590 3039 1643 αἱ
3099 1588 3357 1664 ἁμαρτίαι
3421 1583 3680 1660 πρόδηλοί
3726 1583 3808 1637 είσι

2213 1681 2546 1756 προάγουσαι
2631 1678 2707 1742 εἷς
2787 1677 2983 1753 κρίσιν·
3070 1676 3180 1731 τισὶ
3263 1674 3320 1730 δὲ
3405 1674 3497 1729 καὶ
3565 1669 3818 1727 ἐπακολου-

2215 1772 2421 1832 θοῦσιν.
2479 1767 2548 1824 Al
2601 1768 2697 1838 μὲν
2728 1767 2830 1842 γὰρ
2886 1771 3045 1821 πᾶσιν
3096 1766 3402 1839 ἀνθρώποις
3450 1758 3702 1839 πρόδηλοι
3771 1760 3814 1812 αἱ

455 1865 604 1927 cata,
639 1858 854 1929 quibus
885 1858 1062 1912 etiam
1112 1875 1210 1913 eos
1241 1857 1340 1926 qui
1389 1858 1665 1913 videbant
1712 1858 1780 1912 ad
1830 1856 2104 1928 blasphe-

2225 1857 2474 1933 ὶμαρτίαι
2509 1859 2644 1930 (35),
2695 1858 2782 1917 αἷς
2830 1855 2919 1910 καὶ
2948 1853 3074 1917 τοὺς
3116 1856 3352 1927 ὁρῶντας
3380 1851 3456 1914 είς
3511 1849 3814 1928 βλασφημίαν

457 1948 636 2002 miam
670 1952 726 2001 et
758 1946 982 2002 similes
1025 1947 1283 2002 actiones
1315 1964 1489 2018 pravo
1521 1947 1673 2002 648
1706 1945 1984 2002 seandalo
2016 1946 2104 2000 in-

455 2035 734 2106 citarunt,
767 2053 834 2090 ea
865 2036 1358 2107 praecedunt.Qua3
1384 2040 1580 2092 autem
1604 2037 1802 2107 ignota
1832 2040 1970 2091 sunt
1999 2034 2106 2091 ho-

455 2123 718 2180 minibus
767 2130 824 2179 et
872 2124 1022 2179 clam
1075 2129 1506 2196 perpetrantur,
1554 2142 1668 2180 non
1702 2125 1918 2180 idcirco
1951 2123 2104 2196 quod

456 2212 727 2268 homines
759 2211 997 2280 lateant,
1034 2214 1469 2278 remaneat,sed
1504 2213 1978 2285 inseparabiliter
2009 2229 2108 2268 eos

459 2308 816 2372 sequuntur,
851 2305 913 2356 ut
941 2306 998 2356 et
1028 2302 1222 2374 seipsa
1252 2307 1309 2358 et
1337 2301 1614 2357 latentem
1663 2301 1880 2357 multos
1910 2306 2110 2356 aucto-

463 2407 585 2445 rem
621 2390 948 2462 prodentia,
980 2395 1104 2445 tum
1138 2390 1535 2447 nescientibus
1581 2408 1713 2446 eum
1747 2391 2109 2459 hominibus,

460 2481 588 2533 tum
609 2479 776 2548 justo
798 2479 1026 2549 judicio
1057 2481 1335 2534 tradant:
1374 2481 1454 2534 ita
1483 2485 1549 2535 ut
1581 2481 1761 2536 miser
1788 2480 1886 2535 ille
1917 2497 1950 2535 a
1981 2496 2111 2551 pro-

463 2566 607 2639 priis
638 2567 958 2623 sceleribus
988 2569 1578 2639 comprehendatur,a
1609 2569 1936 2625 manifestis
1968 2587 2111 2641 prae-

463 2656 808 2711 cedentibus
859 2657 914 2710 in
941 2656 1232 2727 judicium
1265 2662 1513 2727 tractus,
1539 2658 1610 2712 ab
1641 2658 1884 2714 occultis
1915 2666 2110 2713 autem

459 2744 936 2816 inseparabiliter
974 2745 1406 2802 assectantibus
1439 2747 1712 2818 agitatus.
1747 2749 1933 2818 Atque
1966 2748 2112 2802 hanc

458 2834 813 2890 sententiam
866 2852 1162 2906 exponens
1211 2835 1525 2904 Apostolus
1568 2835 1746 2891 infert
1793 2853 1858 2892 ac
1906 2835 2047 2891 dicit
2095 2853 2108 2891 :

457 2924 731 2980 Similiter
746 2933 797 2980 et
814 2925 948 2980 bona
962 2941 1287 2996 apera.quae
1309 2941 1502 2980 coram
1528 2924 1870 2981 hominibus
1893 2925 2110 2996 lucent,

461 3017 526 3068 ut
555 3012 818 3068 videntes
851 3015 991 3068 dent
1022 3012 1269 3086 gloriam
1317 3013 1466 3068 Patri
1502 3019 1699 3068 nostro
1732 3014 1830 3085 qui
1865 3015 1922 3068 in
1955 3013 2114 3069 caelis

459 3106 568 3170 est,
600 3104 897 3172 manifesta
919 3106 1045 3156 sunt
1071 3118 1083 3156 :
1108 3110 1162 3158 ει
1181 3117 1307 3174 qua?
1327 3103 1492 3157 aliter
1510 3119 1567 3158 se
1587 3102 1803 3171 habent,
1855 3103 2116 3159 abscondi

459 3205 569 3243 non
602 3200 827 3260 possunt
851 3193 892 3245 ί.
928 3191 1046 3245 Etsi
1070 3191 1224 3245 enim
1251 3208 1406 3246 nunc
1446 3192 1747 3263 ignoretur
1765 3191 1959 3262 qualia
1998 3193 2116 3248 sint

2212 1946 2302 2002 καὶ
2349 1945 2442 2007 τὰς
2503 1945 2698 2018 όμοίας
2756 1944 2975 2019 πράξεις
3032 1948 3213 2004 κακῶς
3272 1938 3670 2010 ἰσκανδάλισαν,
3714 1957 3819 2011 προ-

2217 2036 2434 2110 άγουσιν
2468 2036 2602 2106 (36).
2634 2034 2703 2090 Αἱ
2751 2030 2809 2087 δὲ
2839 2029 3038 2102 ἄδηλοι
3086 2035 3204 2091 τοῖς
3231 2031 3545 2105 ἀνθρώποις
3591 2026 3671 2082 καὶ
3711 2045 3820 2100 κρυ-

2218 2122 2356 2199 φίως
2400 2122 2698 2197 γινόμεναι,
2754 2121 2819 2175 οὐ
2871 2118 2959 2175 διὰ
3000 2121 3061 2174 τὸ
3105 2119 3233 2182 τοὺς
3263 2119 3577 2194 ἀνθρώπους
3626 2116 3818 2190 ἀγνοεῖν,

2217 2213 2605 2283 ἀπομένουσιν,
2638 2209 2762 2266 ἀλλ’
2793 2209 3095 2284 ἀχώριστοι
3145 2208 3328 2269 αὺτοῖς
3377 2203 3817 2269 ἐπακολουθοῦσιν,

2211 2298 2282 2354 τίν’
2340 2296 2668 2372 ἐπιδείξασαι
2724 2299 2911 2361 ἱαυτάς
2964 2317 3023 2351 τε
3077 2297 3168 2351 καὶ
3223 2297 3316 2351 τὸν
3351 2293 3672 2359 λανθάνοντα
3717 2289 3819 2350 τοὺς

2219 2387 2466 2451 πολλοὺς
2490 2387 2700 2442 τούτων
2747 2385 3002 2462 ἐργάτην,
3034 2386 3124 2440 καὶ
3155 2390 3271 2449 τοῖς
3313 2385 3595 2459 ἀγνοοῦσιν
3644 2379 3820 2456 ἀνθρώ-

2220 2500 2364 2542 ποις,
2395 2476 2486 2532 καὶ
2517 2479 2628 2550 (37)
2655 2479 2723 2550 τῇ
2756 2473 2938 2546 δικαίᾳ
2962 2473 3135 2551 κρίσει
3185 2473 3348 2529 αὐτὸν
3396 2469 3715 2548 παραδῶσιν·
3761 2468 3820 2528 ὡς

2225 2561 2643 2640 μεσολαϐεῖσθαι
2693 2567 2783 2620 τὸν
2835 2562 3071 2619 δείλαιον
3128 2563 3233 2618 ὑπὸ
3277 2567 3384 2618 τῶν
3410 2561 3622 2617 οἰκείων
3651 2561 3821 2613 κακῶν*

2225 2655 2326 2711 ὑπὸ
2352 2656 2445 2729 μὶν
2460 2659 2566 2710 τῶν
2589 2651 2887 2729 προδήλων
2910 2653 3264 2728 προαγόντων
3290 2650 3368 2714 εἷς
3387 2653 3490 2720 τήν
3512 2650 3675 2724 κρίσιν
3695 2644 3826 2701 ἑλκό-

2226 2766 2382 2819 μενον
2408 2741 2585 2799 ὑπὸδὲ
2612 2749 2719 2798 τῶν
2755 2740 2975 2812 ἀδήλων
3028 2741 3353 2818 ἁχωρίστως
3393 2739 3545 2812 αὐτῷ
3583 2733 3824 2809 ἑπομένων

2223 2833 2651 2907 ἒπελαυνόμενον
2685 2834 2819 2905 (38).
2848 2831 2950 2888 Καὶ
3001 2830 3311 2904 ἑρμηνεύων
3341 2832 3506 2884 τοῦτο
3553 2826 3613 2882 τὸ
3657 2825 3829 2895 νόημα,

2224 2924 2493 3001 ἐπιφέρων
2563 2919 2748 3000 φησίνο
2810 2919 3083 2982 Ὡσαύτως
3139 2918 3228 2974 καὶ
3279 2919 3346 2972 τὰ
3399 2917 3544 2974 καλὰ
3595 2912 3729 2988 ἔργα,
3755 2910 3831 3001 ,τὰ

2225 2997 2514 3086 λάμποντα
2546 2997 2846 3085 ἔμπροσθεν
2873 3014 2979 3064 τῶν
3029 3009 3351 3083 ἀνθρώπων,
3395 3003 3493 3061 Ἵνα
3539 3003 3727 3062 ἰδόντες
3753 2997 3832 3054 δο-

2224 3103 2420 3175 ξάσωσι
2471 3101 2564 3155 τὸν
2614 3099 2825 3174 Πατέρα
2873 3101 3034 3171 ἡμῶν
3073 3097 3166 3152 τὸν
3194 3095 3245 3152 ἐν
3276 3101 3391 3158 τοῖς
3424 3095 3687 3170 οὐρανοῖς,
3718 3087 3836 3156 δῆλά

2227 3190 2359 3246 ἐστι·
2429 3190 2518 3245 καὶ
2593 3190 2661 3243 τὰ
2735 3186 2922 3249 ἄλλως
2983 3182 3182 3262 ἔχοντα
3237 3180 3508 3260 κρυϐῆναι
3564 3180 3623 3236 οὗ
3676 3177 3836 3234 δύναν-

462 3294 638 3349 opera
659 3284 886 3343 nostra,
907 3284 1134 3349 oportet
1164 3297 1270 3334 nos
1303 3280 1665 3335 manifestari
1698 3297 1893 3336 coram
1927 3282 2112 3337 tribu-

2225 3301 2334 3336 ται.
2368 3284 2459 3333 Δεῖ
2486 3277 2587 3354 γὰρ
2634 3280 2783 3346 ἡμᾶς
2846 3258 3220 3354 φανερωθῆναι
3253 3258 3381 3335 τοὺς
3418 3277 3515 3326 νῦν
3570 3265 3835 3345 ἀγνοουμέ-

464 3365 582 3422 nali
612 3366 823 3421 Christi
847 3368 1004 3436 ',Qui
1024 3369 1378 3423 illuminabil
1396 3369 1712 3424 abscondita
1737 3363 2108 3439 tenebrarum,

463 3465 516 3509 et
548 3456 933 3524 mani/“extabit
978 3457 1192 3512 occulta
1237 3456 1473 3512 consilia
1522 3457 1773 3512 cordium
1802 3459 1842 3512 ³.
1876 3460 1939 3513 Et
1983 3464 2114 3514 tunc

463 3544 583 3598 laus
598 3544 703 3598 erit
718 3545 1015 3614 unicuique
1042 3561 1076 3600 a
1106 3546 1209 3600 Deo
1233 3545 1516 3616 ’,quando
1550 3545 1903 3618 recipiemus
1934 3565 2112 3604 unus-

464 3633 716 3702 quisque
747 3648 814 3688 ea
845 3649 968 3703 quae
1004 3634 1152 3688 fiunt
1184 3650 1286 3704 per
1315 3651 1559 3706 corpus;
1593 3641 1764 3706 prout
1793 3638 2109 3709 gessimus,

462 3721 584 3776 sive
616 3721 860 3788 bonum,
893 3724 1013 3776 sive
1046 3722 1291 3778 malum.

461 3811 559 3862 τοῦ
591 3805 845 3881 σώματος
878 3810 1013 3885 πρὸς
1043 3809 1074 3864 ἃ
1102 3803 1347 3887 ἔπραξεν,
1381 3807 1485 3865 εἴτε
1518 3809 1717 3886 ἀγαθὸν
1751 3810 1858 3868 εἴτε
1889 3814 2119 3892 φαῦλον.

537 3899 625 3954 33.
642 3899 844 3971 Neque
875 3901 1051 3956 etiam
1086 3900 1199 3957 alia
1231 3903 2121 3977 praetermittendaintelligendi

468 3988 639 4056 ratio,
675 4006 801 4062 quis
833 3990 1045 4046 fortius
1090 3995 1286 4062 potest
1333 3992 1681 4062 prudentem
1733 3993 2014 4066 virginem
2047 3996 2119 4050 ad

466 4079 945 4152 certamina,que
967 4079 1081 4152 ipsi
1105 4080 1451 4136 sustinenda
1477 4082 2123 4149 sunt,incitare.Quem-

475 4168 794 4223 admodum
818 4169 973 4223 enim
994 4167 1399 4224 admirabilem
1436 4169 1899 4233 Paulum,adbuc
1923 4171 1980 4225 in
2001 4188 2123 4227 cor-

476 4272 614 4327 pore
656 4257 987 4328 degentem,
1021 4256 1135 4311 alia
1177 4262 1602 4328 praecesserunt
1649 4275 1860 4328 opera;
1897 4259 2120 4325 multis,

468 4343 566 4414 qui
600 4361 700 4415 per
745 4345 875 4414 ejus
926 4344 1249 4400 doctrinam
1285 4361 1350 4400 ac
1398 4345 1577 4400 vitam
1622 4349 2016 4402 consummati
2048 4349 2119 4403 ad

473 4434 750 4486 aeternam
776 4433 825 4486 ei
847 4432 1024 4487 vitam
1052 4433 1417 4504 praeiverant,
1441 4435 1676 4504 praemia
1700 4435 1783 4490 illi
1809 4437 2118 4508 sudorum,

471 4536 622 4591 quos
646 4536 749 4590 pro
769 4518 886 4574 illis
909 4519 1656 4594 stillaverat,apudjustum
1673 4524 2119 4594 judicemDeum

2217 3389 2343 3429 νους
2373 3366 2548 3422 ποίων
2580 3367 2823 3442 πράξεων
2883 3364 3069 3437 ἐσμὲν,
3129 3360 3429 3440 ἔμπροσθεν
3489 3364 3583 3416 τοῦ
3617 3359 3832 3435 βήματος

2216 3462 2314 3513 τοῦ
2345 3460 2610 3532 Χριστοῦ,
2661 3456 2760 3516 "Oc
2816 3452 3036 3529 φωτίσει
3093 3451 3159 3507 τὰ
3213 3451 3423 3526 κρυπτὰ
3472 3453 3568 3504 τοῦ
3621 3446 3834 3507 σκότους,

2218 3547 2308 3602 καὶ
2387 3544 2682 3624 φανερώσει
2783 3543 2880 3606 τὰς
2978 3541 3355 3616 κεκρυμμένας
3466 3536 3662 3614 βουλᾶς
3733 3534 3841 3624 -τῶν

2217 3622 2476 3710 καρδιῶν.
2556 3631 2652 3687 Καὶ
2727 3632 2850 3688 τότε
2929 3632 2957 3686 ὁ
3032 3626 3247 3691 ἔπαινος
3327 3630 3610 3704 γενήσεται

2219 3705 2364 3801 παρὰ
2419 3726 2515 3778 τοῦ
2571 3725 2725 3791 Θεοῦ,
2787 3719 2876 3776 ὅτε
2905 3713 3371 3792 ἀπολαμϐάνομεν
3403 3715 3630 3776 ἕκαστος
3655 3712 3717 3767 τὰ
3766 3705 3841 3762 διᾶ

2300 3905 2390 3960 33.
2441 3901 2522 3958 Οὐ
2571 3897 3024 3972 παρασιωπητέον
3076 3894 3168 3952 οῦν
3221 3895 3345 3952 οὐδὲ
3395 3897 3496 3965 τὴν
3555 3891 3722 3964 ἑτέραν
3773 3881 3847 3940 ἰν-

2229 4013 2397 4061 νοιαν,
2456 3989 2835 4064 γεννικώτερον
2887 3985 2944 4043 δὲ
2997 3985 3300 4059 δυναμένην
3348 3987 3448 4055 τὴν
3486 3983 3700 4051 συνεκὴν
3729 3993 3849 4045 παρ-

2231 4083 2377 4136 θένον
2427 4079 2564 4153 πρὸς
2611 4076 2738 4139 τοὺς
2790 4071 3190 4140 ἐπιϐάλλοντας
3241 4072 3446 4138 ἄθλους
3494 4072 3723 4144 ἀλεῖψαι.
3773 4066 3850 4153 Ὧς

2227 4169 2328 4246 γὰρ
2359 4148 2804 4240 τὸν-θαυμαστὸν
2835 4170 3049 4222 Παῦλον
3083 4163 3192 4220 ἔστι
3238 4163 3292 4219 ἐν
3345 4163 3562 4236 σώματι
3617 4155 3752 4246 ὄντα,
3796 4148 3851 4205 τὰ

2235 4243 2328 4332 μὲν
2359 4250 2660 4331 προέλαϐεν
2693 4253 2841 4332 ἔργα,
2903 4253 3127 4310 πολλῶν
3185 4257 3292 4307 τῶν
3351 4249 3442 4306 διὰ
3480 4257 3582 4320 τῆς
3629 4243 3853 4332 διδασκα-

2232 4328 2353 4410 λίας
2396 4328 2456 4401 τε
2503 4344 2594 4401 καὶ
2642 4328 2926 4408 πολιτείας
2982 4340 3147 4398 αὐτοῦ
3202 4342 3604 4405 τελειωθέντων
3660 4334 3728 4395 εἷς
3774 4328 3850 4384 τὸν

2231 4436 2343 4491 ἐκεῖ
2393 4434 2509 4510 βίον
2560 4433 2719 4489 αὐτὸν
2771 4431 3219 4508 προειληφότων,
3277 4430 3366 4485 καὶ
3423 4429 3491 4484 τὰ
3547 4427 3678 4503 γέρα
3730 4416 3852 4510 αὐτῷ

2230 4529 2340 4580 τῶν
2394 4508 2532 4596 -ὗπὶρ
2591 4522 2768 4578 αὐτῶν
2823 4516 3276 4592 καταϐληθέντων
3313 4517 3560 4593 ἱδρώτων
3610 4510 3745 4585 παρὰ
3791 4508 3855 4576 τῷ

477 4608 986 4682 ρτωρετοηῐίὺυες
1019 4607 1134 4664 alia
1179 4627 1312 4666 vero
1333 4611 1461 4682 jam
1510 4612 1850 4668 defunctum
1902 4620 2112 4671 etcum

2232 4610 2424 4685 δικαίῳ
2473 4615 2633 4687 κριτῆ
2686 4615 2804 4684 Θεῷ
2849 4609 3274 4684 ἔτοιμασάντων·
3324 4607 3390 4663 τὰ
3439 4605 3500 4661 δὶ
3561 4600 3852 4687 ἀναλῦσαγτι

470 4697 700 4754 Christo
724 4697 1034 4770 degentem
1057 4703 1408 4769 sequuntur,
1438 4699 1643 4772 iis,qui
1677 4719 1778 4773 per
1799 4720 1932 4759 eum
1970 4705 2126 4760 insa-

475 4787 593 4842 cris
616 4788 744 4857 ejus
775 4785 1157 4859 epistolarum
1211 4788 1522 4861 scripturis
1553 4790 1623 4846 ad
1653 4790 1932 4847 virtutem
1963 4809 2128 4849 exer-

2238 4681 2430 4758 λοιπδν
2461 4681 2552 4754 καὶ
2583 4698 2674 4755 σὺν
2710 4681 2928 4774 Χριστῷ
2971 4681 3222 4774 γεγονότι
3273 4693 3377 4757 ἓως
3432 4701 3548 4764 τῆς
3590 4689 3737 4764 δεῦρο
3779 4681 3854 4759 ἐφ’

2237 4789 2442 4863 ἕπεται,
2473 4794 2581 4844 τῶν
2615 4786 2685 4844 δι’
2717 4789 2881 4844 αὐτοῦ
2932 4787 2984 4842 ἐν
3034 4793 3151 4850 τοῖς
3196 4787 3362 4861 ἱεροῖς
3414 4788 3526 4839 τῶν
3585 4777 3856 4863 ἐπιστολῶν

477 4879 703 4944 centur,
737 4874 942 4932 laudes
973 4876 1152 4932 simul
1183 4882 1240 4932 et
1266 4860 1508 4949 praemia
1539 4879 1689 4936 bono
1721 4879 1808 4935 illi
1849 4882 2112 4954 magistrt

2239 4860 2436 4935 αῦτοῦ
2471 4877 2753 4955 γράμμασι
2820 4878 2958 4954 πρὸς
3035 4860 3253 4952 ἀρετήν
3297 4871 3678 4946 ἀσκουμένων,
3733 4860 3855 4955 ﬁgi"

475 4962 614 5020 hinc
643 4964 1054 5021 emittentibua
1088 4981 1102 5020 :
1137 4964 1223 5021 sio
1253 4969 1312 5021 et
1341 4967 1686 5036 contra,alia
1714 4968 1954 5040 quidem
1985 4988 2130 5043 pra!-

2240 4948 2651 5041 Enatvoucndipet
2695 4967 2785 5022 καὶ
2839 4948 3079 5040 μισθοὺς,
3113 4967 3194 5036 τῷ
3249 4964 3436 5039 ἀγαθῷ
3493 4960 3680 5032 ἐκείνῳ
3730 4948 3858 5009 διδα-

474 5053 692 5110 cedunt
723 5057 985 5127 peccata,
1019 5071 1155 5112 cum
1187 5055 1268 5129 bi,
1301 5055 1402 5128 qui
1433 5073 1502 5114 ex
1531 5057 1726 5130 pravis
1757 5059 2112 5116 sermonibu:

2243 5057 2430 5132 σκάλῳ
2476 5053 2683 5114 ἐνθένδε
2728 5055 3077 5131 πεμπόντωνο
3139 5053 3281 5110 οὕτω
3329 5051 3417 5109 καὶ
3469 5048 3608 5108 κατᾶ
3650 5047 3709 5104 τὸ
3736 5044 3860 5098 tvm"

549 5237 594 5274 9°
623 5237 644 5293 Ι
673 5236 824 5293 Tim.
853 5253 907 5293 ν.
939 5236 1030 5291 24.
1112 5240 1128 5275 ί
1163 5238 1304 5295 ibid.
1335 5240 1426 5296 25.

550 5433 658 5504 (35)
715 5429 1026 5556 ἈματἜαι.
1086 5431 1276 5491 Editio
1342 5433 1523 5492 Paris.
1587 5434 1772 5500 addit,
1829 5432 2131 5511 γινόμεναι,

550 5505 634 5556 10d
670 5521 775 5556 nec
807 5506 865 5556 in
950 5508 1122 5556 eneta
1152 5524 1258 5556 nec
1307 5507 1364 5556 in
1401 5525 1543 5556 mss-
1599 5508 1825 5556 legitur-
1863 5509 1984 5556 Mm;
2017 5509 2131 5556 dun

950 5508 1122 5580 eneta
1152 5524 1258 5563 nec
1307 5508 1365 5563 in
1401 5525 1543 5565 mss.
1599 5508 1987 5580 legiturﬁMox
2017 5509 2132 5564 duo

480 5505 634 5576 quod
670 5521 775 5576 nec
807 5506 866 5576 in

483 5573 657 5653 mas-.1
685 5573 760 5636 εἰς
795 5574 1172 5653 βλασφημίας-τ

548 5648 663 5724 (339)
728 5648 1081 5724 [196ququ
1118 5650 1537 5724 _Hic“q_uoque
1598 5649 1924 5724 delevimtis
1973 5651 2131 5724 quod

1503 5241 1525 5276 ³
1557 5240 1606 5295 ΙΙ
1639 5239 1769 5297 Cor.
1798 5257 1858 5308 ν,
1887 5237 1974 5298 {0.
2051 5242 2072 5278 ³
2104 5241 2280 5298 IGor.
2315 5258 2371 5298 IV
2421 5240 2476 5297 5.

2244 5435 2471 5513 codices
2503 5433 2794 5513 nonnulli,
2826 5452 3126 5513 κρυφα.ως.

2241 5509 2428 5634 2893;)
2485 5508 2609 5566 Καί.
2668 5498 2872 5566 Βεθει’
2910 5498 3249 5580 c'onjunctio
3306 5506 3364 5562 in
3437 5504 3622 5580 Regio
3694 5498 3870 5558 codice

2314 5634 2427 5725 (38)
2457 5646 2946 5725 Ἐπελαυνόμενον.
2980 5650 3074 5725 Sic
3120 5652 3348 5711 codices
3393 5647 3651 5708 Combef.
3689 5647 3744 5702 et
3784 5634 3873 5696 alii

479 5717 643 5772 addit
665 5717 788 5776 sala
817 5717 1166 5777 Parisiensis
1215 5717 1412 5792 editio,
1439 5717 1524 5785 ὶὶς
1553 5720 1753 5795 κρίσιν.
1785 5722 1967 5781 Paulo
1990 5717 2112 5796 pos

2240 5717 2531 5782 nonnulli.
2562 5723 2739 5796 Editi,
2766 5717 3229 5796 ἆπελαυνόμενον.
