4134 6224
293 365 418 426 737

1525 359 1760 421 LIBER
1806 360 1908 420 DE
1951 359 2464 422 VIBGINITATE
2477 402 2496 421 .

3594 365 3714 426 738

289 497 415 550 τίον
446 494 501 550 αἱ
535 494 628 567 μὶν
662 491 995 568 προάγουσιν
1049 490 1312 567 ἁμαρτίαι
1363 494 1472 545 τῶν
1527 485 1837 566 βλαϐέντων
1898 487 1958 546 ἐκ

2070 497 2170 548 aut
2200 492 2526 548 actionibus
2575 493 2859 548 damnum
2906 509 3202 564 accepere,
3235 500 3494 562 praeunt
3520 495 3578 550 in
3612 496 3702 552 in-

289 588 409 639 τῶν
459 583 761 657 μοχθηρῶν
811 579 990 657 λόγων
1039 580 1074 649 ἢ
1130 581 1398 654 πράξεων,
1430 577 1850 656 προειληφότων
1898 600 1955 634 τε

295 671 378 734 εἷς
410 666 562 741 ᾅδου,
593 669 684 725 καὶ
713 671 781 724 τὰ
808 669 1152 746 κολαστήρια
1184 674 1302 730 τοῖς
1333 675 1432 738 τῆς
1488 663 1700 742 βλάϐης
1759 667 1953 730 αἰτίοις

295 758 821 836 παρασκευαζόντων
883 757 993 813 έκεῖ
1027 778 1040 791 ο
1101 757 1154 812 αἱ
1207 755 1265 811 δὶ
1337 755 1427 811 καί
1503 755 1953 825 ἐπακολουθοῦσι,

295 855 409 904 τῶν
461 847 550 903 καὶ
598 848 732 921 μετὰ
778 848 868 901 τὸν
925 845 1144 902 ἐκείνων
1179 845 1428 914 θάνατον,
1460 843 1527 900 δι’
1555 847 1614 914 ἣν
1661 845 1952 901 κατέλιπον

295 944 381 1011 τῷ
415 938 520 1014 βίῳ
549 935 763 1006 κακίαν,
795 935 847 1006 ἐξ
877 935 1051 990 αὐτῶν
1105 932 1522 1010 βλαπτομένων.
1555 935 1645 996 Ὦς
1703 936 1804 1010 γὰρ
1852 931 1957 998 ἓως

295 1029 397 1084 τοῦ
455 1032 546 1080 νῦν
603 1027 631 1080 ὁ
693 1025 955 1098 μακάριος
1014 1019 1176 1078 Δαὸἰδ
1230 1024 1366 1099 πρὸς
1397 1017 1700 1078 θεοσέϐειάν
1756 1045 1815 1078 τε
1864 1022 1953 1077 καὶ

294 1117 566 1194 προνοίας
597 1114 885 1188 έπίγνωσιν
920 1111 1145 1191 ὠφελεῖ,
1173 1113 1261 1168 καὶ
1293 1114 1346 1168 οἱ
1391 1112 1441 1184 έξ
1483 1112 1649 1167 αὐτοῦ
1699 1111 1951 1190 ὠφελού-

300 1228 460 1282 μενοι
511 1202 984 1261 έπακοΛουθοῦσας
1031 1202 1176 1274 αὐτῷ
1225 1201 1529 1274 πέμπουσιν
1581 1199 1816 1266 ἐντεῦθεν
1868 1200 1954 1256 ἐπὶ

292 1304 416 1361 τοῖς
448 1295 669 1356 οἰκείοις
725 1294 1115 1367 κατορθώμασι
1159 1293 1256 1356 τὰς
1309 1296 1416 1346 τῶν
1468 1289 1698 1346 ἐπαίνων
1751 1293 1953 1368 φωνάς·

299 1387 450 1443 οὕτω
502 1383 758 1462 Μαρκίων
819 1383 910 1438 καὶ
972 1384 1025 1437 οἱ
1080 1381 1269 1438 λοιποὶ
1300 1386 1408 1436 τῶν
1440 1379 1956 1455 αίρετικὲξέγκατα-

299 1477 641 1550 σπειράντων
700 1478 782 1546 τῷ
839 1472 942 1548 βίῳ
1001 1467 1251 1547 δόγματα
1309 1469 1664 1546 βλάπτουσιν,
1705 1471 1953 1524 ἁπάντων

295 1569 410 1620 τῶν
473 1563 526 1634 ἐξ
595 1562 771 1618 αὐτῶν
837 1560 1072 1624 ἐντεῦθεν
1137 1559 1558 1637 βλαπτομένων,
1614 1558 1958 1635 πικροτέροις

296 1652 431 1714 τοὺς
481 1649 951 1728 προκατάρξαντας
1009 1656 1110 1719 τῆς
1165 1648 1351 1710 κακίας
1397 1646 1810 1722 κολαστηρίοις,
1867 1646 1957 1701 καὶ

299 1740 477 1798 πάλαι
538 1739 690 1813 ὅμως
742 1743 1060 1808 τεθνεῶτας,
1111 1737 1222 1792 ἐκεῖ
1278 1734 1705 1813 παραδιδόντων.
1738 1735 1804 1791 Εἴ
1855 1737 1956 1812 γὰρ

298 1828 420 1900 ἕνα,
452 1831 637 1906 φησὶν,
689 1828 776 1885 έάν
835 1849 916 1890 τις
965 1833 1074 1883 τῶν
1138 1831 1345 1904 μικρῶν
1408 1824 1756 1901 σκανδαλίσῃ,
1795 1824 1960 1880 τοῦδε
1993 1868 2035 1934 Β

370 1924 396 1934 υ
443 1932 452 1934 _
552 1924 560 1934 ι
703 1918 756 1934 ν»
954 1917 964 1934 Ι
1173 1917 1185 1934 ε
1365 1914 1378 1934 Ι
1572 1913 1596 1934 δ
1635 1916 1648 1934 κ
1780 1919 1803 1930 ν
1850 1917 1954 1934 Inn\

299 1924 400 1975 τοῦ
435 1924 666 1983 θανάτου
698 1918 844 1988 ἄξιος
875 1917 1137 1990 κρίνεται,
1165 1917 1192 1970 ὁ
1219 1914 1533 1983 τοσούτους,
1568 1913 1659 1969 διὰ
1710 1919 1806 1969 τοῦ
1847 1917 1956 1988 (39)

307 2010 605 2083 μοχθηροῦ
637 2007 760 2082 βίου
790 2006 927 2080 ηρὸς
972 2005 1264 2082 διαφθοράν
1315 2006 1462 2074 ἠθῶν
1503 2001 1957 2060 καταλελοιπέναι

303 2094 706 2171 ὑποδείγματα,
739 2095 773 2164 ἢ
809 2095 1116 2171 φθοροποιὰ
1159 2097 1351 2170 ψυχῶν
1400 2092 1686 2171 ἀναφυέναι
1730 2095 1841 2167 (40)
1891 2095 1958 2149 τά

298 2183 574 2260 δόγματα,
609 2181 1000 2255 σκανδαλίζων,
1022 2182 1136 2244 καὶ.
1173 2183 1307 2255 μετὰ
1335 2183 1426 2237 τὸν
1462 2181 1670 2236 οἰκοῖον
1705 2181 1954 2251 θάνατον,

299 2276 554 2329 ἁπάντων
601 2271 660 2327 ἃν
717 2277 826 2327 τῶν
880 2269 950 2326 δι’
981 2271 1141 2326 αὐτὸν
1203 2271 1657 2341 ἀποθνησκόντων
1715 2271 1954 2325 θανάτων

306 2362 608 2424 ὑπεύθυνος
658 2361 817 2433 ἂξίως
873 2361 962 2415 καὶ
1019 2357 1242 2422 δικαίως
1294 2359 1652 2438 ἀποφανθείη,
1683 2361 1799 2414 καθ’
1828 2357 1958 2415 ἓκα-

303 2473 434 2506 στον
460 2455 568 2506 τῶν
602 2447 672 2505 δι’
719 2449 876 2505 αὐτὸν
923 2447 1440 2526 τραυματιζομένων
1489 2448 1524 2518 ἢ
1582 2448 1955 2520 ἀποθνησκόν-

301 2562 412 2596 των
443 2539 692 2607 ένταῦθα,
722 2539 858 2593 κατὰ
907 2539 998 2593 τὸν
1059 2537 1170 2593 ἐκεῖ
1225 2537 1396 2593 αἰῶνα
1448 2537 1956 2610 τραυματιζομένου

301 2651 359 2685 τε
403 2633 502 2685 τοῦ
549 2627 730 2683 αἰτίου
788 2627 876 2682 καὶ
935 2627 1391 2696 ἀποθνήσκοντος.
1452 2627 1519 2684 Εἴ
1574 2623 1632 2681 δέ
1687 2626 1776 2680 καὶ
1823 2629 1958 2682 κατὰ

300 2723 499 2773 τοῦτον
530 2718 623 2770 τὸν
677 2717 877 2776 τρόπον
928 2718 982 2770 αἱ
1039 2717 1134 2789 μὶν
1181 2716 1478 2792 προάγουσι
1523 2715 1763 2789 πράξεις,
1795 2716 1850 2769 αἱ
1899 2712 1956 2770 δὲ

301 2805 764 2869 ἐπακολουθοῦσι·
795 2804 885 2859 καὶ
935 2803 1114 2878 ὥσπερ
1159 2805 1214 2859 αἱ
1267 2805 1370 2860 ὑπὸ
1416 2803 1604 2866 κακίας
1655 2801 1955 2858 ἐπακολου-

307 2895 501 2949 θοῦσαι
557 2891 765 2967 μείζονι
813 2890 1036 2947 κολάσει
1079 2893 1171 2948 τὸν
1219 2891 1393 2948 αἶ’τιον
1451 2893 1702 2948 τῶνκαθ’
1732 2889 1954 2946 ἕκαστον

303 2982 703 3059 βλαπτομένων
736 2979 1150 3057 παραδιδόασιν·
1186 2983 1240 3036 αἱ
1273 2979 1330 3037 δὲ
1371 2981 1478 3036 ἀπὸ
1525 2982 1720 3055 ἀρετῆς
1774 2981 1956 3054 μειζό-

300 3095 404 3127 νων
437 3072 558 3128 καθ’
584 3067 805 3126 ἕκαστον
839 3075 943 3124 τῶν
990 3069 1389 3148 ὠφελουμένων
1441 3091 1499 3126 τε
1555 3069 1646 3124 καὶ
1704 3069 1810 3124 ἀπὸ
1859 3089 1958 3124 κα-

302 3161 423 3224 κίας
477 3159 908 3235 ἐπιστρεφόντων
965 3160 1057 3214 τὸν
1111 3156 1434 3214 διδάσκαλον
1484 3163 1655 3234 γερῶν
1710 3159 1954 3231 ἀξιοῦσιο

2068 583 2316 648 fernum,
2343 590 2394 635 el
2424 582 2707 653 supplicia
2741 581 2938 636 damni
2970 583 3306 637 auctoribus
3339 582 3456 636 illic
3489 601 3700 656 prrpa-

2065 675 2234 738 rant;
2268 669 2385 724 ulia
2413 687 2546 726 vero
2598 670 3061 742 subsequuntur,
3098 687 3306 743 nempe
3351 688 3574 742 eorum,
3608 675 3704 744 qui

2063 761 2236 815 etiam
2271 759 2342 814 ab
2375 758 2512 823 illis,
2532 764 2662 831 post
2693 759 2925 814 illorum
2961 765 3228 823 mortem,
3260 761 3332 816 ob
3367 761 3570 817 relicta
3600 779 3708 818 saa-

2063 848 2192 904 culo
2207 866 2378 904 monu
2391 853 2584 903 menta
2599 849 2868 920 nequitiaa
2887 849 3458 915 laeduntur.Quemad
3472 851 3712 906 modum

2063 937 2217 992 enim
2260 936 2542 990 hactenus
2577 937 2780 990 beatus
2810 935 2989 990 David
3025 936 3092 990 ad
3130 935 3231 991 Dei
3259 935 3481 991 cultum
3509 940 3566 992 et
3588 949 3716 1008 pro-

2063 1025 2328 1080 videntiae
2359 1024 2718 1096 agnitionem
2745 1025 2936 1094 juvat,
2971 1029 3028 1080 et
3057 1025 3156 1095 qui
3189 1026 3260 1080 ab
3293 1041 3359 1080 eo
3403 1028 3708 1098 juvantur,

2066 1113 2318 1186 propriis
2350 1113 2619 1185 praeclare
2655 1114 2821 1168 factis
2850 1113 2986 1169 hinc
3017 1118 3074 1168 et
3107 1113 3345 1170 laudum
3379 1132 3546 1171 voces
3580 1133 3711 1188 qua:

2064 1203 2261 1276 ipsum
2293 1202 2933 1273 sequuntur,emittunt
2963 1220 2976 1258 :
3012 1203 3096 1258 sic
3129 1203 3380 1258 Marcion
3415 1209 3470 1259 et
3491 1205 3586 1260 alii
3609 1207 3710 1277 qui

2065 1292 2334 1348 hearetica
2359 1292 2634 1363 dogmata
2656 1292 2712 1346 in
2746 1291 2856 1347 hac
2886 1291 3004 1346 vita
3033 1293 3708 1363 seminavere,damnum

2066 1382 2346 1448 inferunt,
2379 1396 2447 1435 ac
2500 1396 2726 1443 omnes,
2760 1379 2858 1451 qui
2892 1380 2963 1434 ab
2995 1379 3080 1436 eis
3107 1379 3199 1436 hic
3229 1380 3540 1449 laeduntur,
3572 1400 3712 1456 gra-

2065 1470 2322 1526 vioribus
2340 1468 2475 1524 mali
2499 1473 2764 1525 auctores
2781 1469 3225 1541 suppliciis,ctsi
3243 1472 3368 1540 jam
3392 1471 3528 1527 olim
3563 1489 3711 1530 mor-

2066 1566 2220 1626 tuos,
2247 1558 2368 1613 illic
2398 1559 2659 1613 tradunt.
2692 1558 2835 1612 Nam
2869 1561 2917 1613 si
2950 1558 3021 1624 is,
3054 1559 3266 1629 inquit,
3295 1562 3396 1631 qui
3428 1576 3611 1618 unum
3642 1577 3712 1619 ex

2066 1648 2326 1722 parvulis
2357 1647 2859 1714 scandalizsverit,
2888 1646 2987 1702 tali
3023 1654 3210 1704 morte
3239 1649 3453 1722 dignus
3473 1650 3705 1719 judica-

2068 1743 2165 1792 tur
2194 1738 2340 1808 ‘,qul
2371 1740 2456 1792 tot
2477 1753 2541 1791 ac
2570 1741 2764 1791 tantos
2791 1735 3225 1806 scandalizavit,
3258 1738 3398 1793 dum
3433 1738 3711 1811 improbis

2068 1827 2196 1881 vitae
2229 1827 2299 1881 ad
2333 1825 2720 1896 corruptelam
2756 1842 2985 1881 morum
3011 1825 3289 1899 relinquit
3318 1829 3713 1900 exempla,aut

2065 1913 2396 1985 perniciosa
2425 1915 2737 1968 animabus
2768 1913 3011 1985 pellulat
3042 1915 3336 1986 dogmata,
3362 1917 3564 1973 mortis
3585 1935 3713 1974 om-

2067 2003 2358 2074 nium,qui
2382 2008 2618 2074 propter
2637 2020 2770 2058 cum
2799 2004 3151 2070 moriuntur,
3179 2007 3462 2076 reusjure
3493 2024 3560 2064 ac
3589 2022 3712 2065 me-

2067 2093 2178 2146 rito
2202 2091 2614 2163 judicetur,ita
2646 2099 2912 2163 ut,prout
2936 2093 3152 2165 singuli
3184 2102 3420 2166 propter
3448 2113 3581 2153 eum
3615 2099 3710 2155 hic

2064 2184 2574 2247 vulnerantur,aut
2605 2180 2956 2244 moriuntur,
2989 2181 3115 2252 ipse
3145 2191 3345 2238 auctor
3373 2185 3432 2240 in
3465 2185 3564 2242 illa
3594 2189 3715 2245 vita

2063 2270 2405 2326 vulneretur
2431 2275 2490 2324 et
2521 2271 2826 2325 moriatur.
2861 2272 3019 2335 Quod
3043 2270 3088 2325 si
3115 2273 3266 2326 649
3294 2274 3469 2329 etiam
3502 2291 3711 2332 secun-

2065 2362 2206 2414 dum
2242 2359 2392 2415 hanc
2424 2359 2706 2413 rationem
2740 2359 2868 2413 aliae
2901 2359 3134 2430 quidem
3172 2363 3502 2431 precedunt
3531 2364 3710 2422 actio-

2067 2465 2191 2518 nes,
2241 2447 2365 2502 alia:
2415 2463 2549 2502 vero
2599 2447 3076 2518 subsequuntur;
3111 2447 3159 2502 si
3210 2452 3709 2520 quemadmodum

2066 2553 2194 2608 quae
2226 2551 2294 2591 ex
2327 2535 2590 2608 nequitia
2643 2542 3103 2607 consequuntur,
3138 2539 3345 2610 majori
3395 2541 3706 2613 supplicio,

2067 2630 2242 2696 prout
2269 2626 2523 2697 quisque
2553 2625 2800 2690 lzsditur,
2824 2625 2962 2680 mali
2991 2632 3288 2683 auctorem
3319 2631 3597 2698 tradunt;
3632 2631 3712 2687 ita

2066 2715 2243 2770 etiam
2277 2731 2401 2786 quas
2431 2731 2498 2768 ex
2530 2715 2744 2769 virtute
2781 2722 3223 2786 consequuntur
3253 2719 3714 2792 actiones,prout

2067 2803 2316 2875 quisque
2355 2804 2602 2873 juvatur
2648 2809 2748 2858 aut
2779 2821 2812 2859 a
2845 2803 2982 2858 vitio
3033 2811 3354 2872 revocatur,
3389 2809 3713 2877 majoribus

2070 2892 2263 2963 prtemi
2277 2892 2323 2946 is
2347 2895 2694 2963 magistrum
2711 2898 2954 2964 augent;
2973 2893 3260 2964 habetque
3284 2895 3538 2964 profecto
3553 2895 3709 2969 virgo

2065 2999 2134 3038 ex
2167 2986 2416 3052 utraque
2465 2987 2649 3050 parte,
2682 2981 2820 3036 vitio
2869 2987 2970 3036 aut
3016 2981 3250 3050 virtute,
3281 2983 3427 3038 alias
3475 2986 3712 3054 quidem

2066 3070 2459 3143 praecedentes
2478 3067 2914 3135 artiones,alias
2937 3085 3068 3124 vero
3099 3077 3525 3142 consequentes
3549 3091 3562 3140 ;
3599 3073 3708 3130 mi-

2067 3177 2198 3216 sera
2228 3159 2464 3231 quidem
2515 3157 2613 3213 illa
2661 3163 2771 3225 est,
2802 3174 2933 3229 quae
2964 3163 3171 3230 praeter
3210 3177 3440 3232 poenam
3491 3165 3711 3235 proprii

301 3251 392 3306 καὶ
425 3251 464 3319 ἡ
499 3250 762 3326 παρθένος
795 3249 896 3324 ἄρα
927 3247 1042 3324 ἔχει
1099 3249 1249 3312 τινάς
1298 3250 1417 3312 καθ’
1466 3247 1715 3322 ἑκάτερον
1763 3247 1958 3318 ἀρετῆς

2071 3248 2502 3321 peccati,etiam
2535 3248 2607 3302 ob
2634 3246 2882 3302 aliarum
2913 3265 3139 3314 casum,
3173 3250 3390 3320 quibus
3420 3251 3478 3305 in
3511 3269 3711 3322 pecca-

305 3342 339 3409 ἢ
371 3338 586 3408 κακίας,
615 3339 712 3400 τὰς
773 3339 867 3411 μὶν
926 3339 1274 3413 προαγούσας
1328 3337 1566 3410 πράξεις,
1621 3337 1714 3399 τὰς
1772 3335 1817 3392 δ’
1865 3336 1958 3392 έπ-

311 3427 742 3491 ακολουθοῦσας’
775 3427 864 3482 καὶ
895 3425 1052 3482 ἀθλία
1087 3428 1182 3500 μὲν
1237 3426 1439 3497 ἐκείνη,
1472 3429 1506 3496 ἡ
1552 3427 1689 3503 πρὸς
1745 3430 1814 3500 τῇ
1874 3424 1962 3481 διὰ

310 3520 408 3588 τὴν
443 3516 652 3572 οῗκείαν
685 3514 950 3591 ἁμαρτίαν
981 3513 1232 3581 κολάσει,
1263 3515 1352 3570 καὶ
1385 3513 1474 3570 διά
1500 3516 1562 3570 τὸ
1598 3520 1706 3570 τῶν
1765 3516 1959 3592 ἑτέρων

312 3612 537 3680 πτῶμα,
571 3608 657 3668 αἱς
714 3603 953 3676 ὑπέδειξε
982 3604 1108 3666 τοὺς
1167 3605 1302 3680 πρὸς
1362 3604 1628 3680 ἁμαρτίαν
1684 3602 1963 3676 ὀλίσθους,

313 3697 392 3753 ἀεὶ
448 3694 744 3771 πικροτέρᾳ
796 3693 1018 3750 κολάσει
1087 3691 1538 3770 παραδιδομένη’
1599 3694 1965 3768 τρισμακαρία

2068 3344 2193 3393 tum
2222 3336 2453 3392 labendi
2476 3341 2680 3391 auctor
2712 3337 3081 3407 fuit,semper
3109 3338 3391 3393 acerbiori
3423 3339 3713 3412 supplicio

2069 3427 2325 3481 traditur
2357 3443 2368 3480 :
2403 3431 2464 3480 at
2494 3432 2582 3479 ter
2613 3425 2797 3490 beata,
2831 3442 2962 3496 qua:
2994 3431 3200 3497 preter
3248 3428 3510 3499 proprias
3549 3447 3714 3486 coro-

2071 3533 2199 3585 nas,
2231 3514 2408 3569 etiam
2459 3522 2692 3586 propter
2720 3513 2873 3581 illas,
2908 3530 3035 3586 qua:
3086 3515 3143 3569 in
3175 3515 3336 3571 illius
3386 3517 3714 3577 imitatione

2072 3609 2447 3674 coronantur,
2480 3619 2584 3675 pro
2632 3602 2884 3674 singulis
2919 3608 3049 3674 post
3081 3611 3324 3661 mortem
3359 3606 3416 3661 in
3466 3607 3569 3664 illa
3597 3610 3716 3666 vita

2074 3699 2406 3749 coronatur.

316 3783 372 3840 δέ
405 3785 610 3855 ἐκείνη,
643 3786 678 3854 ἡ
713 3783 847 3858 πρὸς
880 3788 1000 3846 τοῖς
1037 3781 1196 3844 ίδίοις
1227 3787 1508 3860 στεφάνοις
1537 3782 1626 3836 καὶ
1661 3779 1750 3836 διὰ
1778 3782 1871 3844 τὰς
1902 3781 1966 3837 ὲκ
1992 3784 2089 3835 τοῦ
2118 3781 2253 3856 πρὸς
2282 3779 2448 3847 αὐτὴν
2503 3777 2676 3850 ζήλου
2729 3781 3173 3855 στεφανουμένας,
3205 3785 3325 3844 καθ’
3353 3783 3579 3854 ἑκάστην
3629 3785 3720 3841 καὶ

318 3873 452 3947 μετᾶ
483 3873 709 3927 θάνατον
743 3870 879 3926 κατᾶ
907 3871 998 3925 τὸν
1031 3870 1141 3925 ἐκεῖ
1172 3869 1342 3925 αίῶνα
1372 3870 1797 3946 στεφανουμένη.

380 3965 472 4019 34.
499 3961 562 4016 El
605 3959 694 4016 οῦν
730 3957 882 4015 οὐδέν
917 3959 1028 4015 ἐστι
1058 3960 1430 4036 κεκρυμμένον
1464 3959 1493 4014 ’ὀ
1534 3958 1633 4013 οὐκ
1680 3957 1960 4013 ἀποκαλυ-

314 4055 600 4129 φθήσεται,
646 4048 735 4105 διὰ
791 4049 993 4114 πάντας
1037 4049 1163 4112 τοὺς
1205 4050 1636 4126 προειρημένους
1694 4047 1894 4124 λόγους
1923 4050 1958 4117 ἡ

313 4141 577 4217 παρθένος
606 4140 694 4194 καὶ
731 4139 868 4212 μόνη
905 4136 1057 4210 οὖσα,
1090 4145 1187 4208 τῆς
1221 4140 1334 4212 (41)
1381 4137 1785 4213 ἀναμαρτησίας
1839 4137 1959 4192 tau-

315 4237 412 4299 τῆς
446 4230 833 4306 προνοήσεται,
867 4227 928 4282 οὗ
958 4227 1050 4290 τὰς
1079 4232 1188 4282 τῶν
1223 4224 1438 4280 λοιπῶν
1481 4227 1777 4300 ἀνθρώπων
1811 4223 1961 4298 ὄψεις

318 4319 505 4390 μόνον,
537 4315 684 4373 ἀλλὰ
714 4313 912 4388 πολλῷ
941 4314 1134 4384 πλέον,
1167 4336 1239 4392 φη
1253 4315 1333 4388 μὶ,
1364 4315 1459 4376 τὰς
1500 4315 1693 4383 ἑαυτῆς
1733 4313 1821 4368 καὶ
1851 4317 1958 4368 τῶν

315 4409 638 4482 ἁπανταχοῦ
724 4406 979 4481 ὁρώντων
1057 4402 1302 4481 ἀγγέλων
1389 4402 1755 4479 έντρεπομένη
1793 4447 1807 4459 .
1865 4404 1964 4458 Διὰ

313 4501 472 4552 τοῦτο
522 4496 646 4571 γὰρ,
706 4494 894 4569 φησὶν,
955 4491 1162 4570 ὀφείλει
1217 4494 1252 4560 ἡ
1310 4492 1443 4566 γυνὴ
1513 4490 1753 4564 έξουσίαν
1814 4489 1960 4566 ἔχειν

317 4583 402 4638 έπί
459 4590 560 4653 τῆς
618 4581 862 4659 κεφαλῆς
921 4578 1011 4636 διὰ
1067 4580 1193 4642 τοὺς
1254 4578 1646 4656 ἀγγέλους.οῦ
1699 4581 1800 4656 γὰρ
1858 4577 1959 4649 δεῖ,
1993 4605 2039 4669 D

315 4671 406 4727 κᾶν
463 4671 516 4727 έν
572 4668 712 4743 οἷ’κῳ
772 4671 911 4744 μόνη
971 4670 1255 4740 καθέζηται
1316 4671 1436 4724 καθ’
1466 4670 1724 4738 ἑαυτήνὴ
1765 4671 1964 4744 παρθέη

315 4782 423 4830 νος,
461 4759 600 4816 διότι
648 4757 842 4834 μηδεὶς
873 4760 1099 4835 πάρεστι
1141 4763 1250 4813 τῶν
1297 4757 1620 4834 ἀνθρώπων,
1654 4756 1964 4834 ἀδιαφόρως

318 4851 672 4925 γυμνοῦσθαι.
706 4846 858 4904 Πολὺ
889 4848 1012 4924 γάρ,
1047 4847 1212 4926 φημὶ,
1248 4845 1531 4921 ἐπαγωγὸς
1575 4849 1608 4915 ἡ
1663 4847 1819 4921 φύσις
1863 4851 1964 4900 τοῦ

318 4939 536 5010 θήλεος,
595 4943 763 4993 πᾶσαν
825 4936 1022 5013 ἄρρενα
1097 4935 1253 5014 φύσιν
1306 4937 1423 4990 καθ’
1483 4937 1674 5000 έαυτῆς
1734 4934 1963 4989 ἐπισπά-

320 5040 526 5092 σασθαι.
558 5026 657 5081 Καὶ
698 5024 758 5080 οῦ
789 5023 880 5079 διὰ
906 5029 1068 5080 τοῦτο
1104 5024 1267 5098 μόνον
1323 5022 1683 5098 φυλάττεσθαι
1729 5020 1809 5077 δεῖ
1865 5024 1962 5086 τὰς

316 5121 421 5172 τῶν
454 5114 728 5190 δαιμόνων
767 5113 1048 5188 ἐπηρείας,
1081 5112 1325 5188 ἀοράτως
1365 5111 1748 5190 ἐφεδρευούσας
1803 5114 1962 5184 ἡμῖν,

318 5203 395 5258 ἀεὶ
437 5203 864 5270 ὑποπτεύουσαν,
894 5199 1040 5256 ἀλλὰ
1091 5201 1184 5255 καὶ
1232 5199 1322 5255 διὰ
1377 5200 1504 5265 τοὺς
1559 5207 1740 5269 πᾶσιν,
1773 5202 1963 5278 φησίν,

318 5290 633 5367 αἰδεσίμους
679 5289 950 5368 ἀγγέλους
1019 5289 1261 5362 έξουσίαν
1314 5286 1460 5365 ἔχειν
1511 5289 1742 5368 ὀφείλει.
1800 5291 1962 5366 Ἀνὴρ

323 5383 411 5455 μὶν
435 5382 558 5461 γὰρ,
593 5382 666 5444 ὡς
723 5384 822 5436 τοῦ
881 5377 1175 5457 ἀγγελικώ
1225 5378 1427 5454 τρόπον
1485 5380 1605 5434 τινὰ
1655 5377 1961 5454 ἀξιώματος

385 5508 405 5542 δ
435 5497 642 5556 Matth.
673 5514 834 5564 xvm,
863 5499 917 5553 6.
995 5498 1015 5532 ⁸
1046 5496 1254 5554 Matth.
1286 5513 1342 5564 χ,
1372 5496 1464 5555 26.
1539 5496 1560 5531 ⁸
1590 5500 1609 5549 l
1641 5501 1766 5552 Cor.
1800 5513 1879 5565 xx,
1911 5497 1996 5552 10.

404 5618 492 5688 39)
521 5619 647 5672 Τοῦ.
683 5616 1044 5688 Legendum,
1074 5613 1156 5688 τό.

408 5619 472 5674 39
521 5619 647 5672 Τοῦ.
683 5619 1044 5688 Legendum,
1074 5619 1156 5670 τό.

408 5619 494 5763 4οζ
524 5685 863 5767 ’Λναφυέναι.
894 5688 1082 5758 Forte,
1116 5687 1467 5766 ἀναφανῆναι.
1503 5687 1660 5744 Εοιτ.

2139 3957 2227 4012 3ἇ.
2260 3956 2316 4011 Si
2349 3956 2528 4027 igitur
2557 3955 2702 4011 nihil
2733 3960 2822 4012 est
2851 3956 3144 4012 occultum
3169 3960 3320 4028 quod
3358 3977 3472 4016 non
3505 3961 3720 4019 revela-

2071 4045 2228 4101 bitur
2257 4047 2297 4115 ⁵,
2334 4051 2566 4116 propter
2613 4062 2818 4101 omnes
2870 4047 3175 4116 praadictas
3221 4047 3477 4106 rationes
3526 4052 3713 4122 virgo,

2071 4135 2299 4190 etiamsi
2333 4133 2456 4189 sola
2482 4133 2750 4199 sit,dabit
2778 4150 3013 4204 operam
3040 4143 3103 4189 ut
3135 4142 3435 4206 peccatum
3459 4140 3722 4212 effugiat,

2071 4241 2185 4280 non
2217 4222 2410 4280 solum
2439 4221 2799 4294 reliquorum
2832 4222 3138 4278 hominum
3172 4224 3391 4293 oculos,
3421 4227 3520 4282 sed
3545 4229 3722 4286 etiam

2073 4313 2259 4368 multo
2319 4313 2506 4384 magis
2561 4328 2701 4366 suos
2760 4311 2951 4394 ipsius
3001 4328 3066 4367 ac
3115 4313 3455 4384 angelorum
3505 4317 3724 4390 ubique

2073 4407 2444 4472 spectantum
2496 4401 2760 4454 reverita.
2798 4405 3094 4471 Propterea
3128 4404 3272 4456 enim
3303 4401 3476 4472 debet,
3508 4406 3723 4478 inquit,

2074 4491 2274 4545 mulier
2315 4493 2634 4562 potestatem
2665 4489 2865 4544 habere
2905 4506 3072 4549 supra
3101 4496 3262 4562 caput
3281 4500 3510 4565 propter
3554 4512 3723 4566 ange-

2073 4581 2156 4634 los
2185 4579 2358 4634 “.Non
2391 4579 2548 4633 enim
2580 4583 2830 4650 oportet,
2886 4584 2948 4634 ut
2976 4579 3208 4636 etiamsi
3260 4581 3383 4637 sola
3428 4585 3587 4640 domi
3629 4602 3724 4642 se-

2071 4669 2208 4723 deat
2247 4667 2406 4738 virgo
2440 4673 2746 4738 propterea
2777 4669 2930 4738 quod
2965 4669 3164 4725 nullus
3196 4671 3360 4727 adest
3391 4671 3721 4744 hominum,

2071 4757 2475 4811 indifferenter
2499 4755 3031 4812 nudetur.Multum
3055 4759 3210 4812 enim
3235 4765 3429 4816 statuo
3450 4778 3579 4818 esse
3602 4763 3726 4819 ille-

2071 4845 2379 4901 oebrarum
2431 4844 2488 4897 in
2539 4844 2790 4898 feminea
2838 4850 3067 4914 natura,
3104 4853 3168 4901 ut
3215 4864 3446 4904 omnem
3495 4851 3721 4909 virilem

2073 4938 2344 4988 naturam
2377 4932 2436 4985 in
2469 4932 2850 5003 semetipsam
2882 4933 3097 4989 trahat.
3135 4935 3332 5008 Neque
3364 4939 3435 4994 ob
3467 4955 3592 4994 eam
3629 4957 3724 4996 so-

2072 5022 2195 5077 lum
2227 5037 2465 5076 causam
2499 5020 2749 5091 injurias
2779 5021 3282 5095 demonum,quae
3317 5028 3486 5083 nobis
3519 5028 3727 5085 invisi-

2071 5110 2268 5167 biliter
2298 5109 2677 5175 insidiantur,
2710 5127 2912 5166 cavere
2943 5113 3116 5169 debet
3143 5131 3210 5169 ac
3243 5131 3475 5188 semper
3517 5134 3724 5189 suspe-

2073 5207 2198 5257 ctas
2216 5199 2433 5256 habere
2459 5217 2472 5268 ;
2505 5200 2603 5255 sed
2631 5200 2804 5256 etiam
2839 5201 2911 5255 ob
2937 5204 3282 5259 reverendus
3304 5205 3602 5271 omnibus,
3634 5206 3724 5260 in-

2075 5289 2222 5363 quit,
2253 5289 2492 5364 angelos
2540 5293 2889 5361 potestatem
2924 5290 3140 5348 habere
3187 5293 3378 5348 debet.
3410 5293 3511 5347 Vir
3538 5293 3718 5363 enim,

2073 5396 2207 5436 cum
2239 5377 2565 5453 angelicam
2615 5378 3050 5451 quodammodo
3091 5385 3436 5454 potestatem
3483 5379 3715 5452 habent,

2140 5614 2252 5687 (41)
2283 5613 2421 5687 Τῆς.
2469 5612 2562 5687 S_io
2611 5597 3095 5687 mss._jquatuor._
3131 5611 3304 5682 Editi,
3336 5609 3449 5674 τάς.
3493 5612 3715 5673 Ibidem

2074 5683 2457 5755 un'uscodex,
2490 5683 2700 5738 δαυτοῢ·
2735 5683 2908 5754 alius,
2937 5683 3153 5753 έαυτήν.
