4112 6224
323 375 328 380 ‘
377 358 500 419 739

1314 355 1711 417 APPENDIX
1750 356 2080 421 OPERUM
2120 360 2188 420 S.
2233 357 2517 421 BASILll
2561 359 2836 422 MAGNI.

3673 365 3810 426 ’140

376 491 536 547 nudo
564 490 753 562 capite
783 489 1086 546 sodalibus
1124 489 1371 544 fidenter
1395 489 1779 544 se'ostendat.
1815 488 2006 545 Mulis]

2138 485 2234 557 ὢν,
2258 493 2440 564 γυμνῇ
2471 493 2538 562 τῇ
2569 487 2784 565 κεφαλῇ
2813 495 2929 553 τοῖς
2959 490 3218 569 φράτορσι
3252 493 3468 568 θαρσῶν
3499 493 3803 569 δωράσθω.

382 585 602 648 autem,
637 595 764 652 quae
791 579 974 634 multo
1004 577 1360 645 inferiorem,
1383 593 1558 648 quam
1592 577 1913 647 vir,sortita
1943 595 2005 634 es

2139 578 2280 646 Γυνὴ
2333 575 2390 632 δὲ
2449 576 2643 653 ἀνδρὸς
2700 577 2900 651 πολλῷ
2956 579 3164 635 ἐλάττω
3197 579 3447 656 λαχοῦσα
3476 583 3574 650 τήν
3608 584 3804 659 φύσιν,

381 677 652 726 naturam
709 673 1052 740 potestatem
1093 667 1301 723 habeat
1333 667 1390 722 in
1423 668 1649 739 capite;
1683 685 1851 723 suam
1886 686 2028 740 prai-

378 758 645 816 slantiori
695 758 1194 824 summissionem,
1230 755 1499 810 habendo
1559 760 1908 827 potestatem
1967 756 2027 810 in

381 849 587 920 capite,
639 849 911 902 decenter
957 846 1261 900 conﬁtens.
1294 849 1622 915 Propterea,
1654 845 1867 916 inquit,
1899 844 2028 915 ipsa

379 939 553 994 etiam
590 941 799 991 natura
831 933 1060 1006 capillis
1089 949 1292 989 earum
1325 938 1502 1005 caput
1548 932 1606 986 in
1641 933 1852 988 vertice
1895 948 2027 988 con-

380 1021 543 1093 texit,
576 1043 684 1082 sua
714 1029 918 1096 sponte
969 1024 1204 1092 docens,
1239 1040 1353 1078 non
1404 1027 1689 1094 oportere,
1724 1027 1788 1076 ut
1820 1021 2027 1078 mulier

381 1132 666 1188 unquam,
699 1131 813 1169 non
846 1111 1037 1169 solum
1087 1111 1199 1168 alio
1241 1112 1438 1184 aliquo
1488 1112 1772 1181 membro,
1819 1113 1920 1167 sed
1956 1128 2027 1167 ne

377 1207 566 1276 capite
591 1204 828 1275 quidem
859 1202 1255 1257 indiﬂ‘erenter
1302 1202 1588 1268 nudetur;
1622 1206 1678 1255 et
1724 1202 1860 1272 quia
1887 1201 2022 1256 sola:

374 1293 691 1362 interdum,
723 1290 864 1346 viris
914 1290 1274 1356 absentibus,
1321 1289 1379 1344 id
1421 1289 1609 1344 facere
1658 1307 1770 1345 non
1821 1307 2020 1345 veren-

372 1388 486 1451 tur,
539 1379 1016 1437 venerabiliorem
1066 1378 1207 1433 viris
1255 1377 1598 1448 dignitatem
1649 1378 1881 1447 adjecit,
1933 1379 2019 1434 di-

369 1489 506 1528 cens
539 1489 552 1527 :
581 1474 803 1544 prapter
851 1470 1093 1538 angelos,
1127 1468 1225 1539 qui
1276 1468 1494 1539 ubique
1543 1468 1760 1522 adsunt
1805 1473 1862 1523 et
1890 1485 2017 1539 quas

364 1567 650 1634 geruntur
694 1561 910 1614 vident.
962 1558 1314 1613 Revereatur
1367 1573 1504 1628 ergo
1553 1557 1748 1612 omnis
1782 1557 2014 1625 mulier,

365 1652 558 1706 adhuc
603 1653 799 1704 autem
852 1647 1037 1702 multo
1073 1647 1262 1718 magis
1294 1647 1452 1718 virgo
1485 1645 1751 1717 angelos,
1785 1647 2016 1703 etiamsi

368 1739 492 1795 sola
539 1738 762 1809 absque
806 1736 1147 1791 hominibus
1207 1734 1365 1790 domi
1424 1739 1686 1790 versetur
1722 1752 1734 1789 :
1769 1738 1825 1790 et
1881 1752 2014 1790 cum

368 1828 687 1883 necessitas
745 1825 962 1880 incidet
1009 1824 1253 1880 curandi
1311 1823 1592 1895 corporis,
1634 1829 1691 1879 et
1739 1829 1915 1897 caput
1958 1829 2016 1880 et

367 1917 602 1990 singula
642 1931 1004 1986 componens
1061 1930 1206 1985 opus
1265 1919 1557 1985 properet,
1615 1919 1672 1968 et
1727 1919 2013 1985 quantum

367 2006 491 2062 ﬁeri
525 2004 967 2076 potest,operiat
1000 2002 1371 2069 membra,ita
1402 2007 1466 2056 ut
1495 2019 1608 2056 non
1645 2001 1840 2057 solum
1874 2019 2014 2058 suos

366 2095 555 2168 ipsius
597 2111 663 2149 ac
722 2092 1060 2163 angelorum
1119 2091 1319 2146 oculos
1378 2107 1608 2163 semper
1663 2095 2012 2161 revereatur,

364 2185 466 2241 sed
501 2183 675 2239 etiam
708 2187 990 2254 tanquam
1022 2180 1080 2234 in
1132 2179 1366 2250 proprio
1397 2181 1727 2235 exercendae
1777 2180 2012 2252 pietatis

365 2273 620 2329 sacrario
673 2272 742 2327 ad
791 2271 1070 2343 pudorem
1120 2268 1497 2340 semetipsam
1542 2269 1806 2324 studiose
1849 2285 2010 2324 exer-

363 2367 512 2418 ceat.

432 2541 520 2596 35.
554 2539 715 2604 Quod
747 2538 796 2594 si
830 2555 898 2594 ne
923 2541 1047 2592 tum
1078 2537 1316 2608 quidem
1341 2553 1471 2591 cum
1497 2535 1622 2592 sola
1649 2541 1757 2600 est,
1780 2535 2008 2592 indiffe-

357 2635 553 2686 renter
602 2628 943 2691 nudabitur,
976 2625 1164 2681 multo
1206 2625 1413 2696 magis,
1451 2624 1730 2679 fratribus
1762 2625 1820 2680 in
1852 2626 2008 2683 650

353 2719 584 2776 Christo
633 2716 1043 2791 praesentibus,
1081 2714 1454 2785 scmetipsam
1498 2719 1555 2768 et
1585 2713 1783 2769 tunica
1813 2719 1871 2770 et
1901 2731 2008 2786 pu-

354 2811 492 2864 dore
510 2807 768 2863 modeste
791 2803 1117 2870 exornabit;
1141 2819 1254 2858 non
1279 2803 1470 2858 solum
1491 2801 1721 2857 nullum
1743 2819 1811 2858 ex
1829 2819 2008 2858 mem-

358 2899 502 2968 bris,
533 2915 661 2969 quaa
691 2899 853 2951 veste
884 2893 1203 2967 operienda
1245 2897 1406 2959 sunt,
1440 2891 1651 2948 nudari
1684 2897 1903 2948 temere
1935 2894 2008 2949 si-

357 2991 642 3056 nens,sed
677 2989 933 3044 maxima
962 2986 1138 3041 etiam
1171 2985 1490 3041 attentione
1521 2985 1898 3056 semetipsam
1932 2985 2003 3040 ad

359 3081 643 3136 damnum
675 3078 977 3132 vitandum
1005 3091 1386 3146 componens,
1414 3080 1476 3128 ut
1507 3091 1622 3130 non
1655 3075 1842 3130 solum
1877 3074 2007 3146 ipsa

2139 663 2379 737 ἐξουσίαν
2414 667 2589 744 ἐχέτω
2621 667 2708 723 ἐπὶ
2736 672 2838 734 τῆς
2867 675 3110 747 κεφαλῆς
3137 688 3150 701 ·
3202 666 3292 724 διὰ
3347 674 3445 724 τοῦ
3494 668 3642 746 ἔχειν
3704 671 3804 726 ἐπὶ

2135 764 2235 826 τῆς
2291 755 2535 836 κεφαλῆς
2591 758 2686 827 τὴν
2741 757 3016 829 ἐξουσίαν,
3075 761 3175 828 τὴν
3234 759 3370 834 πρὸς
3425 761 3486 815 τὸ
3543 767 3800 836 κρεῖττον

2139 847 2414 921 ὑποταγὴν
2447 846 2812 922 εὐσχημόνως
2861 847 3234 924 ὁμολογοῦσα.
3273 849 3370 903 Διά
3411 847 3592 919 τοῦτο,
3629 852 3798 925 φησὶ,

2134 936 2226 990 καὶ
2287 936 2420 1004 αὐτή
2453 938 2488 1005 ἡ
2541 935 2697 1014 φύσις
2754 941 2871 998 ταῖς
2929 937 3064 1012 θριξὶ
3122 939 3221 1007 τήν
3279 935 3520 1015 κεφαλήν
3577 940 3798 995 τούτων

2135 1023 2336 1080 ἄνωθεν
2411 1024 2784 1100 ἐπεκάλυψεν,
2843 1025 3030 1091 αὐτόθι
3090 1029 3198 1099 (42)
3274 1025 3641 1092 παιδεύουσα,
3703 1031 3794 1084 δτι

2132 1116 2397 1188 προσήκει
2429 1120 2660 1189 γυναῖκα
2692 1111 2990 1188 μηδέποτε,
3026 1115 3131 1191 οὐχ
3161 1115 3246 1170 ὅτι
3289 1115 3431 1172 ἄλλο
3459 1139 3510 1173 τι
3541 1123 3650 1173 τῶν
3687 1140 3797 1192 με·

2133 1199 2267 1273 λῶν,
2301 1201 2446 1258 ἀλλά
2480 1201 2620 1276 μηδὲ
2646 1205 2747 1272 τήν
2780 1204 3022 1277 κεφαλὴν
3074 1201 3387 1282 ἀδιαφόρως
3418 1209 3790 1280 γυμνοῦσθαι·

2129 1289 2218 1344 καὶ
2251 1289 2438 1360 ἐπειδὴ
2474 1291 2632 1364 μόναι
2665 1289 2876 1368 ἀνδρῶν
2913 1295 2988 1365 μὴ
3042 1292 3324 1368 παρόντων
3377 1291 3486 1349 ἔσθ’
3513 1295 3600 1350 ὅτε
3649 1297 3793 1367 πρὸς

2127 1379 2286 1434 τοῦτο
2343 1382 2761 1454 καταθαρσοῦσι,
2809 1383 2871 1436 τὸ
2923 1378 3348 1458 αῗδεσιμώτερον
3407 1389 3513 1438 τῶν
3569 1382 3786 1461 ἀνδρῶν

2129 1469 2342 1543 ἀξίωμα
2370 1469 2718 1544 προστέθεικε
2762 1473 2891 1544 (43),
2925 1471 3117 1542 εἰπὼν,
3169 1469 3258 1526 διὰ
3308 1471 3436 1537 τοὺς
3490 1473 3789 1549 ἀγγέλους,

2124 1557 2256 1620 τοὺς
2310 1560 2627 1634 ἁπανταχοῦ
2678 1559 2948 1632 παρόντας
3003 1581 3062 1615 τε
3134 1560 3224 1614 καὶ
3297 1561 3364 1615 τὰ
3432 1563 3789 1636 πραττόμενα

2131 1647 2448 1722 βλέποντας.
2483 1645 2759 1713 Αἶδείσθω
2793 1647 2883 1704 οὗν
2930 1655 3075 1704 πᾶσα
3122 1650 3282 1724 γυνὴ,
3323 1648 3402 1706 ἔτι
3450 1648 3507 1705 δὲ
3556 1653 3784 1724 μᾶλλον

2125 1739 2159 1805 ἡ
2199 1738 2461 1811 παρθένος
2492 1736 2620 1801 τοὺς
2649 1737 2944 1814 ἀγγέλους,
2974 1738 3063 1794 καὶ
3099 1740 3237 1813 μόνη
3281 1741 3581 1816 ἀνθρώπων
3613 1741 3666 1797 έν
3696 1748 3784 1816 τῷ

2125 1823 2260 1900 οἷ’κῳ
2335 1828 2657 1903 ὑπάρχουσα
2691 1847 2704 1860 ⁸
2762 1829 2848 1882 καὶ
2929 1829 3054 1883 ὅταν
3122 1823 3396 1904 συμϐαίνῃ
3475 1831 3786 1907 ἀναγκαίως

2126 1913 2502 1988 ἐπιμελεῖσθαι
2530 1917 2627 1971 τοῦ
2686 1917 2966 1989 σώματος,
2996 1916 3063 1972 τά
3113 1939 3170 1972 τε
3215 1918 3350 1973 κατὰ
3387 1919 3629 1993 κεφαλὴν
3683 1923 3782 1976 καὶ

2121 2005 2189 2059 τά
2224 2006 2344 2068 καθ’
2383 2004 2612 2060 ἕκαστον
2666 2004 3118 2081 περιστέλλουσα,
3171 2004 3534 2063 έπισπευδέτω
3580 2010 3642 2064 τὸ
3695 2007 3785 2085 ἔρ-

2123 2113 2240 2168 γον’
2274 2093 2361 2148 καὶ
2410 2093 2483 2156 ὡς
2537 2095 2650 2148 οἷόν
2680 2094 2740 2149 τέ
2773 2093 2938 2160 ἐστιν,
2968 2093 3341 2169 έπικρυπτέτω
3387 2096 3454 2151 τὰ
3503 2095 3672 2170 μέλη,
3705 2099 3774 2154 οὗ

2126 2185 2291 2256 μόνον
2315 2187 2442 2245 τοὺς
2472 2183 2666 2253 ἑαυτῆς
2717 2181 3037 2262 ὀφθαλμοὺς
3078 2183 3167 2239 καὶ
3218 2185 3352 2257 μετὰ
3377 2185 3582 2241 τούτων
3639 2187 3774 2251 τοὺς

2119 2277 2225 2326 τῶν
2257 2270 2499 2348 ἀγγέλων
2533 2273 2612 2326 ἀεὶ
2664 2270 2983 2345 αἰδουμένη,
3016 2271 3164 2328 ἀλλὰ
3209 2275 3298 2328 καὶ
3347 2273 3526 2350 ὥσπερ
3575 2275 3629 2331 έν
3689 2277 3782 2332 οἰ-

2121 2361 2253 2434 κείῳ
2302 2359 2622 2437 ἀσκητηρίῳ
2655 2364 2767 2434 (44)
2810 2361 2948 2436 πρὸς
2999 2357 3138 2416 αἰδῶ
3197 2363 3389 2432 ἑαυτὴν
3449 2363 3778 2442 φιλοκάλως

2121 2452 2375 2506 ἀσκοῦσα.

2190 2542 2278 2597 35.
2313 2538 2374 2596 Εἰ
2416 2536 2473 2594 δὲ
2520 2533 2646 2594 οὕτε
2683 2539 2802 2594 καθ’
2851 2539 3043 2608 ἑαυτὴν
3098 2540 3231 2596 οὗσα
3275 2537 3585 2617 ἀδιαφόρως
3632 2545 3775 2600 ἀπο-

2117 2629 2483 2704 γυμνώσεται,
2516 2625 2714 2699 πολλῷ
2743 2626 2933 2701 πλέον,
2966 2625 3214 2705 ἀδελφῶν
3249 2629 3300 2684 έν
3361 2632 3578 2706 Χριστῷ
3629 2653 3774 2710 περ-

2118 2718 2310 2788 όντων,
2355 2715 2547 2784 ἑαυτὴν
2597 2715 2686 2770 καὶ
2735 2719 2929 2790 χιτῶνι
2993 2715 3081 2770 καὶ
3131 2714 3281 2772 αἰδοῖ
3337 2720 3631 2796 σωφρόνως
3672 2742 3775 2776 κο-

2118 2808 2335 2878 σμήσει·
2369 2803 2431 2859 οὐ
2465 2803 2628 2878 μόνον
2663 2801 2814 2860 οὐδέν
2864 2808 2971 2859 τῶν
3021 2803 3226 2878 μελῶν,
3258 2806 3290 2861 ἆ
3339 2805 3420 2862 δεῖ
3460 2812 3528 2883 τῇ
3578 2809 3771 2881 ἐσθῆτι

2115 2894 2478 2950 καλύπτεσθαι
2537 2897 2668 2968 (45),
2730 2898 3212 2969 παραγυμνοῦσθαι
3274 2895 3463 2960 ἀτελῶς
3512 2897 3759 2976 ἀφιεῖσα,

2115 2983 2260 3039 ἀλλὰ
2288 2983 2377 3038 καὶ
2405 2983 2641 3056 μάλιστα
2670 2988 2959 3059 προσεχῶς
3006 2983 3198 3052 ἑαυτὴν
3230 2985 3366 3059 πρὸς
3414 2986 3475 3040 τὸ
3523 2982 3768 3054 ἀϐλαϐὲς

2113 3070 2544 3147 περιστέλλουσα
2579 3091 2590 3105 ο
2645 3070 2739 3126 ’ίνα
2799 3073 2873 3145 μή
2947 3071 3109 3145 μόνον
3166 3072 3299 3142 αὗτή
3361 3075 3767 3152 ἀνεπηρέαστος

359 3169 540 3225 illaesa
572 3171 926 3240 permaneat,
960 3165 1057 3220 sed
1091 3165 1266 3219 etiam
1299 3164 1398 3235 qui
1429 3163 1653 3230 vident,
1687 3163 1904 3218 nullam
1937 3180 2005 3218 ex

2120 3164 2276 3237 μένῃ,
2311 3159 2456 3217 ἀλλὰ
2513 3161 2602 3215 καὶ
2654 3162 2704 3216 οἱ
2752 3163 2984 3233 ὁρῶντες
3037 3159 3308 3235 μηδεμίαν
3368 3162 3429 3219 ἐκ
3479 3172 3582 3235 τῆς
3641 3167 3773 3232 θέας

359 3262 599 3329 sepectu
633 3255 941 3310 materiam
974 3253 1173 3310 damni
1208 3253 1517 3324 accipiant.
1557 3252 1799 3308 i’identes
1830 3253 1998 3321 enim,

2120 3253 2366 3307 ὑπόθεσιν
2431 3245 2646 3327 βλάϐης
2693 3245 3066 3324 λαμϐάνωσιν.
3121 3249 3346 3315 Ἰδόντες
3396 3253 3519 3328 γὰρ,
3573 3256 3768 3332 φησὶν,

359 3344 685 3417 inquit,ﬁlii
712 3344 807 3397 Dei
836 3343 985 3414 filias
1015 3341 1323 3406 hominum,
1360 3340 1497 3412 quod
1527 3347 1704 3396 essent
1731 3341 1998 3409 pulchrae,

356 3435 754 3491 descenderunt
773 3432 842 3486 ad
865 3433 991 3486 illas
1011 3432 1051 3484 ’³.
1086 3431 1298 3485 Idonea
1320 3435 1409 3485 est
1428 3431 1583 3485 enim
1616 3430 1838 3485 nudata
1869 3429 1999 3501 pul-

355 3524 648 3589 chritudo,
691 3526 756 3576 ut
787 3520 940 3576 filios
989 3519 1162 3575 etiam
1197 3518 1297 3573 Dei
1349 3519 1418 3572 ad
1453 3517 1806 3591 voluptatem
1840 3518 2002 3590 pelli.

355 3615 553 3683 ciat,et
581 3617 863 3681 tanquam
897 3607 1292 3678 bomines,qui
1322 3612 1557 3679 propter
1583 3624 1711 3662 eam
1746 3607 2002 3663 moriun-

355 3699 753 3768 tur,mortales
774 3698 1009 3754 efficiat.
1043 3697 1232 3761 Quare
1266 3713 1379 3751 non
1413 3700 1660 3766 oportet,
1695 3701 1759 3751 ut
1788 3697 1859 3752 de
1890 3713 1998 3752 sua

351 3797 581 3848 tantum
615 3789 928 3845 securitate
959 3785 1231 3852 sollicita,
1264 3801 1464 3840 eorum
1500 3784 1834 3856 salutis,qui
1868 3785 1997 3841 laedi

351 3877 855 3954 possunt,nul|am
889 3875 1172 3930 rationem
1205 3874 1416 3930 habeat
1450 3891 1463 3929 :
1497 3874 1596 3929 sed
1631 3875 1804 3930 debet
1835 3876 2001 3930 undi-

350 3987 463 4043 que
493 3975 551 4025 et
577 3985 696 4024 suae
729 3967 914 4038 ipsius
945 3964 1304 4037 virginitatis
1328 3962 1720 4019 inviolabilem
1745 3964 1998 4036 pulchri-

327 4048 609 4116 tudinem
634 4061 949 4124 servare,et
967 4053 1039 4108 iis
1063 4052 1160 4121 qui
1186 4052 1343 4107 illam
1365 4051 1820 4118 vident,lucrum
1845 4053 1992 4122 vitae,

347 4167 460 4204 non
498 4152 739 4203 mortem
791 4160 858 4199 ex
889 4147 1124 4215 peccato
1154 4140 1482 4197 conciliare.
1517 4141 1636 4196 Etsi
1680 4142 1834 4197 enim
1867 4144 1997 4214 ipsa

346 4236 586 4295 conﬁdit
617 4232 972 4306 virginitatis
1004 4247 1122 4285 suae
1156 4230 1326 4284 ﬁrmo
1361 4230 1680 4301 proposito,
1711 4231 1884 4286 debet
1907 4237 1993 4287 ta-

346 4344 478 4381 men
510 4341 710 4380 curam
744 4319 1270 4393 gerere,inquit,ut
1300 4335 1371 4373 ne
1402 4323 1579 4390 ponat
1609 4319 1990 4375 offensionem

345 4413 513 4470 fratri
545 4418 646 4467 aut
674 4408 1019 4466 scandalum
1051 4408 1092 4461 ⁸.

417 4504 506 4558 36.
543 4501 637 4556 Sic
666 4500 846 4572 igitur
874 4496 1035 4567 virgo
1061 4501 1118 4551 et
1140 4500 1336 4550 mente
1358 4501 1413 4550 et
1435 4501 1595 4550 motu
1619 4502 1677 4552 et
1710 4497 1896 4554 forma
1925 4517 1991 4556 ac

2113 3342 2166 3396 οἱ
2219 3341 2324 3395 υἱοὶ
2385 3344 2480 3394 τοῦ
2542 3344 2675 3395 Θεοῦ
2751 3339 2845 3422 τὰς
2921 3339 3216 3416 θυγατέρας
3280 3346 3388 3396 τῶν
3439 3345 3765 3417 ἀνθρώπων,

2111 3432 2194 3485 ὅτι
2252 3429 2415 3485 καλαί
2472 3429 2596 3497 εἰσι,
2641 3428 3050 3503 κατηνέχθησαν
3103 3431 3239 3506 πρὸς
3311 3430 3491 3492 αὐτάς.
3551 3433 3760 3490 ’ἰκανὸν

2108 3520 2209 3595 γάρ
2253 3517 2365 3573 ἐστι
2423 3517 2950 3593 παραγυμνούμενον
3011 3515 3238 3590 κάλλος,
3295 3520 3385 3573 καὶ
3441 3519 3590 3584 υἱοὺς
3622 3527 3763 3578 Θεοῦ

2107 3608 2244 3683 πρὸς
2276 3605 2480 3677 ἡδονὴν
2505 3611 2819 3682 γοητεῦσαι,
2867 3606 2956 3661 καὶ
3008 3608 3082 3670 ὡς
3129 3609 3449 3684 ἀνθρώπους
3493 3607 3582 3664 διὰ
3627 3610 3758 3666 ταῦ-

2105 3719 2203 3768 την
2236 3698 2678 3766 ἀποθνήσκοντας
2715 3694 2940 3766 θνητοὺς
2971 3693 3267 3768 ἀποδεῖξαι.
3301 3698 3394 3752 Διὸ
3426 3698 3487 3753 οὐ
3533 3696 3617 3754 δεῖ
3655 3705 3757 3755 τοῦ

2107 3789 2300 3857 ἑαυτῆς
2330 3780 2603 3847 ἀϐλαϐοῦς
2659 3785 2822 3858 μόνον
2873 3785 3282 3863 φροντίζουσαν,
3311 3793 3411 3856 τῆς
3458 3792 3565 3842 τῶν
3616 3788 3756 3864 βλα-

2107 3872 2269 3942 ϐῆναι
2317 3874 2626 3947 δυναμένων
2672 3880 3023 3952 καταφρονεῖν
3081 3874 3371 3946 σωτηρίας,
3425 3875 3569 3932 ἀλλὰ
3611 3899 3755 3933 παν-

2103 3967 2331 4041 ταχόθεν
2381 3965 2470 4019 καὶ
2529 3964 2727 4032 ἑαυτῆς
2788 3962 2986 4019 ἄσυλον
3045 3963 3107 4018 τὸ
3156 3970 3256 4033 τῆς
3305 3964 3595 4040 παρθενίας
3622 3966 3759 4022 κάλ-

2105 4054 2200 4116 λος
2249 4053 2560 4132 φυλάττειν,
2603 4051 2694 4107 καὶ
2741 4057 2859 4114 τοῖς
2912 4053 3110 4127 ὁρῶσιν
3170 4053 3338 4121 αὐτὴν
3401 4056 3509 4126 (46)
3558 4053 3756 4129 κέρδος

2107 4150 2273 4214 ζωῆς,
2315 4142 2404 4197 καὶ
2461 4143 2537 4215 μὴ
2607 4141 2698 4197 τὸν
2768 4139 2818 4213 ἐξ
2888 4141 3154 4217 ἁμαρτίας
3205 4143 3430 4197 θάνατον
3496 4164 3754 4219 πραγμα-

2101 4232 2365 4297 τεύεσθαι.
2403 4231 2462 4288 Εἰ
2521 4231 2624 4306 γὰρ
2682 4229 2770 4284 καὶ
2821 4229 2956 4298 αὖτή
3000 4228 3224 4285 πέποιθε
3262 4235 3342 4302 τῷ
3389 4233 3488 4299 τῆς
3546 4235 3754 4304 παρθεο

2101 4321 2213 4386 νίας
2241 4320 2496 4392 ἀπτώτῳ,
2531 4316 2657 4373 ἀλλ’
2689 4317 2841 4391 ὅμως
2892 4320 3238 4393 προνοεῖσθαι
3286 4316 3388 4388 δεῖ,
3423 4321 3577 4397 φησὶ,
3613 4321 3759 4377 ὥστε

2105 4411 2181 4482 μὴ
2210 4409 2412 4464 τιθέναι
2439 4407 2775 4484 πρόσκομμα
2800 4411 2880 4478 τῷ
2908 4403 3127 4485 ἀδελφῷ
3157 4408 3191 4477 ἢ
3225 4405 3541 4465 σκάνδαλον.

2172 4503 2259 4555 36.
2296 4497 2449 4551 Οὕτω
2483 4493 2542 4550 δὲ
2571 4497 2606 4564 ἠ
2638 4495 2896 4569 παρθένος
2923 4496 3012 4549 καὶ
3071 4496 3301 4570 γνώμης
3348 4500 3438 4551 καὶ
3485 4500 3754 4568 κινήσεως

342 4593 546 4648 habitu
581 4595 637 4644 et
669 4591 925 4661 gestu,et
949 4584 1072 4639 sola
1104 4592 1162 4638 et
1192 4600 1324 4638 cum
1346 4583 1575 4653 aliis,ad
1610 4586 1663 4641 id
1692 4589 1843 4658 quod
1867 4588 1988 4661 pla-

2120 4587 2188 4642 ιαὶ
2224 4593 2439 4664 μορφῆς
2472 4585 2561 4640 καὶ
2595 4586 2904 4660 σχήματος,
2932 4585 3022 4639 καὶ
3059 4585 3198 4658 μόνη
3251 4583 3340 4678 καὶ
3390 4586 3505 4659 μετ’
3535 4584 3752 4657 ἄλλων,

342 4685 433 4737 cet
484 4695 699 4751 sponso
730 4693 837 4732 suo
886 4673 1199 4730 salubriter
1227 4674 1572 4745 composita,
1605 4691 1738 4730 cum
1791 4678 1992 4748 sponsi

2120 4678 2239 4747 τρὸς
2290 4676 2352 4731 τὸ
2407 4673 2633 4748 ἀρέσκον
2693 4672 2862 4743 αὐτῆς
2910 4678 2989 4745 τῷ
3045 4672 3267 4752 νυμφίῳ
3296 4669 3498 4750 ἔχουσα
3559 4677 3752 4751 ὑγιῶς,

341 4771 545 4827 amicis
586 4774 742 4824 caste
787 4765 1169 4837 colloquetur.
1202 4763 1327 4818 Non
1371 4767 1525 4819 enim
1559 4766 1628 4819 ad
1684 4766 1990 4825 hominum

342 4861 539 4917 odium
573 4874 702 4914 eam
750 4857 1000 4911 ferentes
1033 4852 1415 4922 includimus,
1449 4855 1548 4910 sed
1599 4858 1890 4914 accuratis
1920 4859 1991 4913 li-

342 4947 669 5006 neamentis
689 4951 871 5002 totam
899 4961 930 4999 a
952 4943 1142 5016 capite
1182 4958 1368 5014 usque
1399 4944 1471 4998 ad
1502 4945 1868 5016 pedes,velut
1893 4947 1990 5004 Dei

408 5137 429 5171 "
457 5138 599 5191 Gen.
633 5151 712 5201 v1,
740 5133 794 5187 2.
871 5131 892 5168 ⁸
923 5130 1088 5187 Rom.
1121 5145 1236 5201 xxv,
1269 5130 1356 5186 13.

407 5345 516 5418 (42)
550 5340 785 5418 ίξύτόθιἱ
805 5339 1056 5418 Codices.
1070 5337 1366 5418 nonnulli,
1398 5335 1642 5418 αὐτόθεν.

406 5409 520 5488 (43)
553 5411 924 5488 Ηροστέθεικε.
960 5410 1107 5488 Editi
1139 5411 1386 5474 addunt,
1415 5413 1522 5463 τῶν
1555 5409 1824 5486 ἀγγέλων,
1857 5430 1983 5484 quae

337 5485 549 5543 melius
581 5485 795 5540 desunt
827 5485 883 5536 in
917 5487 1172 5549 quatuor
1205 5498 1347 5537 mss.

405 5560 521 5629 (44)
553 5551 925 5630 ’ᾼσκητηρίφ
959 5552 1455 5630 (Eorpus‘virginis
1487 5553 1784 5625 intelligit.

407 5623 518 5759 845)
571 5628 642 5683 ⁸’Λ
699 5623 848 5682 δεῖ...
878 5623 1326 5680 -καλύπτεσθαιί
1359 5624 1448 5680 Sio
1503 5641 1645 5682 mss.
1685 5623 1980 5700 quatuor.

332 5703 415 5759 Ed
440 5702 508 5759 ti.
538 5696 692 5756 ἀεὶ...
725 5695 1094 5754 καλύπτουσα.

487 5743 508 5774 ,
538 5715 692 5756 αεῑ...
725 5715 1094 5754 summouent.

2099 4772 2217 4830 τοῖς
2243 4769 2340 4820 τοῦ
2369 4763 2612 4840 νυμφίου
2666 4761 2848 4840 φίλοις
2892 4767 3142 4837 καθαρῶς
3191 4761 3472 4835 ὁμιλήσει.
3523 4763 3600 4822 Οὐ
3646 4768 3750 4841 γὰρ

2102 4856 2177 4917 εὶς
2263 4850 2669 4928 μισανθρωπίαν
2753 4853 3002 4928 φέροντες
3082 4852 3248 4920 αὐτὴν
3334 4853 3750 4927 ἀπεκλείσαμεν,

2100 4943 2226 5001 ἀλλ’
2259 4937 2502 5020 ἀκριϐέσι
2533 4939 2726 5006 τύποις
2756 4939 2891 5011 ὅλην
2924 4938 3126 4996 ἄνωθεν
3172 4942 3278 4997 ἀπὸ
3325 4949 3568 5020 κεφαΑῆς
3615 4942 3748 5020 ἄχρι

2167 5340 2278 5411 (46)
2333 5335 2539 5412 Αὗτῄν.
2599 5336 2791 5412 Editio
2843 5337 3190 5412 Parisiensis
3249 5341 3568 5412 piramittit,
3630 5343 3745 5411 καί,

2093 5408 2658 5483 ρυὸάέυειυίἰωυε,
2693 5410 2833 5483 quia
2861 5408 2920 5465 in
2964 5410 3219 5466 editione
3247 5408 3467 5468 Veneta
3496 5408 3564 5468 δι’
3584 5408 3748 5472 cedi;

2095 5481 2262 5538 cibus
2293 5499 2437 5537 mss.
2474 5483 2655 5555 deest.
2691 5481 2869 5555 Paulo
2900 5488 3033 5553 post
3076 5483 3340 5555 eamdem
3373 5485 3744 5555 conjunctio-

2095 5571 2231 5610 nem
2279 5561 2414 5609 ante
2462 5551 2598 5621 αὐτή
2649 5551 2986 5610 addidimus
3031 5571 3100 5612 ex
3136 5554 3389 5611 editions
3437 5551 3661 5615 Veneta
3689 5565 3746 5616 et

2093 5625 2391 5683 codicibus
2422 5642 2568 5683 mss.
