4112 6224
292 328 406 391 7M

1536 326 1764 388 LIBER
1806 327 1910 388 DE
1949 325 2480 391 WRGINITATE.

3589 335 3709 398 ’112

289 457 476 515 ποδῶν
503 463 639 516 Θεοῦ
667 457 892 535 ἄγαλμα
932 461 1407 538 ζωγραφήσαντες,
1462 458 1605 514 οὕτω
1649 457 1786 533 πρὸς
1813 456 1940 519 τοὺς

2066 459 2458 527 simulacrum,
2487 461 2883 534 iuformatam,
2914 466 3000 521 sic
3047 466 3116 522 ad
3171 467 3304 522 fidei
3342 469 3706 534 domesticos

291 557 395 620 τῆς
424 549 660 611 πίστεως
705 549 936 611 οἰκείους
984 545 1260 620 ἐπιδεξίως
1311 548 1621 625 προάγομεν
1666 548 1799 621 (47),
1847 543 1939 600 ’ίνα

292 640 386 694 καὶ
437 640 708 714 σχήματι,
758 641 847 693 καὶ
898 638 1070 713 λόγῳ,
1109 639 1292 716 νύμφη
1346 637 1570 709 ἀληθῶς
1594 641 1690 691 τοῦ
1744 633 1942 709 Κυρίου

293 728 542 805 ὀφθεῖσα,
603 725 864 804 ὠφελήσῃ
919 727 1047 790 τοὺς
1101 726 1451 799 ὁμιλοῦντας.
1509 723 1804 798 Ὀμιλείτω
1831 744 1946 778 τοι-

291 821 498 891 γαροῦν
555 816 628 879 ὡς
678 814 864 890 νύμφη
927 817 1061 890 μετὰ
1115 813 1300 879 αἰδοῦς
1365 821 1483 877 τοῖς
1538 813 1634 870 τοῦ
1686 813 1944 892 νυμφίου,

295 905 466 982 φημὶ,
499 905 815 980 ὑπηρέταις,
863 905 953 960 καὶ
986 905 1250 979 ὁμιλείτω
1310 907 1626 981 ἁπανταχοῦ
1664 905 1725 959 τὸ
1774 902 1946 980 νηφα-

292 996 417 1049 λιον
454 995 719 1064 σώζουσα.
768 1000 859 1049 Δεῖ
901 995 1002 1070 γὰρ
1033 994 1200 1064 αὐτὴν
1233 994 1481 1070 ἀκεραίαν
1518 995 1612 1068 μὶν
1675 994 1804 1047 εἶναι
1871 993 1947 1054 ὡς

293 1085 641 1159 περιστερὰν,
674 1084 943 1161 φρονίμην
1003 1081 1060 1138 δὶ
1107 1085 1180 1145 ὡς
1233 1084 1326 1139 τὸν
1383 1079 1521 1162 ὅφιν.
1589 1080 1810 1150 Ἐπειδή
1843 1082 1946 1157 γὰρ

291 1174 350 1228 αἱ
384 1173 436 1228 έν
491 1173 701 1246 σώματι
751 1174 923 1248 ψυχαὶ
965 1171 1320 1228 ἀδυνατοῦσαι
1353 1172 1629 1243 ἀλλήλαις
1687 1174 1796 1245 (48)
1853 1193 1947 1246 γυ-

299 1267 453 1334 μνῶς
485 1263 608 1338 περὶ
640 1263 836 1338 ἀρετῆς
865 1261 1105 1334 ὁμιλεῖν,
1146 1269 1264 1326 τοῖς
1312 1261 1712 1338 περικειμένοις
1761 1261 1947 1333 σώμα·

295 1374 381 1407 σιν
411 1352 667 1426 ὀργάνοις
697 1351 832 1427 πρός
858 1371 916 1406 τε
942 1353 1043 1421 τὴν
1068 1353 1254 1430 φωνήν
1282 1351 1372 1406 καὶ
1401 1353 1503 1420 τὴν
1550 1350 1670 1405 θέαν
1717 1350 1951 1424 ἀναγκά·

299 1447 485 1509 ζονται
517 1442 780 1516 χρῆσθαι,
830 1442 921 1494 καὶ
953 1441 980 1494 ὁ
1015 1442 1092 1513 μὴ
1121 1439 1417 1514 δυνάμενος
1464 1443 1648 1515 ψυχῆς
1679 1436 1952 1511 ἐνδεδεμέ-

296 1551 402 1598 νης
435 1530 649 1604 σώματι
679 1527 888 1591 κάλλος
920 1527 1080 1599 ἰδεῖν,
1113 1528 1148 1598 ἢ
1210 1528 1358 1605 λόγῳ
1391 1531 1504 1603 (49)
1563 1527 1763 1598 ταύτης
1791 1527 1951 1582 ἀκοῦ-

299 1640 414 1684 σαι,
438 1618 504 1673 τὸ
531 1623 628 1672 τοῦ
668 1619 925 1690 σώματος
975 1619 1185 1691 κίνημα
1217 1618 1268 1672 εν
1301 1619 1348 1690 ᾧ
1407 1617 1548 1672 ἐστιν
1579 1619 1700 1692 ὁρᾷ,
1731 1616 1822 1672 καὶ
1851 1624 1951 1686 τῆς

299 1707 395 1762 διὰ
442 1707 638 1762 τούτου
693 1714 879 1785 φωνῆς
935 1706 1238 1779 ἐπακούων,
1294 1707 1358 1762 τὸ
1413 1706 1621 1768 κάλλος
1668 1707 1834 1776 αὐτῆς
1867 1703 1955 1760 διὰ

297 1796 513 1852 τούτων
543 1794 942 1871 ἀναλογίζεται,
998 1796 1088 1850 καὶ
1145 1796 1206 1850 ού
1264 1797 1434 1875 φωνή¹
1479 1795 1642 1869 μόνον
1701 1795 1737 1864 ἢ
1795 1794 1952 1896 καὶῆ
1987 1831 2033 1896 Β

303 1887 556 1961 βλέμμα,
614 1884 795 1961 ὥσπερ
845 1884 896 1940 ἂν
952 1885 1244 1960 κατόπτρῳ
1302 1885 1364 1940 τὸ
1420 1891 1519 1954 τῆς
1577 1888 1760 1960 ψυχῆς
1817 1881 1958 1948 εἶδος

301 1973 559 2030 δεικνύει·
621 1973 764 2030 ἀλλά
794 1973 881 2029 καὶ
915 1974 1212 2047 στολισμὸς
1243 1971 1462 2051 ἀνδρὸς,
1505 1974 1594 2028 καὶ
1639 1973 1836 2049 γέλως,
1864 1973 1953 2028 καὶ

304 2065 461 2139 βῆμα
518 2060 708 2132 ποδὸς,
759 2061 1084 2139 ἀναγγέλλει
1130 2063 1254 2136 περὶ
1285 2063 1469 2120 αὐτοῦ.
1521 2062 1754 2119 Ἔλαοον
1789 2060 1846 2117 δέ
1874 2083 1956 2116 τι-

302 2174 391 2216 νες
446 2152 554 2210 ἀπὸ
610 2155 708 2206 τοῦ
751 2149 926 2220 ἡδέως
984 2151 1196 2207 ἀκούειν
1264 2156 1360 2206 τοῦ
1419 2156 1708 2225 μουσικοῦ,
1762 2153 1954 2225 μηκέτι

305 2243 403 2315 μὲν
436 2242 528 2296 τὸν
563 2241 846 2314 μουσικὸν,
881 2239 1027 2296 ἀλλὰ
1055 2241 1118 2295 τὸ
1151 2242 1430 2317 ὁρώμενον
1480 2237 1724 2317 ὄργανον,
1774 2238 1846 2295 δι’
1893 2238 1955 2295 οὗ

301 2329 642 2385 ἀπολαύουσι
695 2337 796 2398 τῆς
835 2333 932 2384 τοῦ
967 2334 1228 2403 μουσικοῦ
1275 2329 1606 2402 έπιστημης,
1638 2324 1954 2405 καταϐραχὺ

301 2420 644 2494 ἀγαπῶντες.
699 2419 796 2473 Διὰ
840 2423 1002 2474 τοῦτο
1053 2416 1134 2473 δεῖ
1175 2419 1482 2494 ἀναγκαίως
1538 2421 1636 2488 τὴν
1691 2419 1957 2494 παρθένον

301 2503 546 2583 ἀκριϐῶς
575 2509 678 2577 τήν
719 2509 886 2577 ἀκοὴν
919 2507 1010 2562 καὶ
1039 2509 1101 2562 τὸ
1127 2505 1282 2581 ὄμμα
1306 2513 1514 2584 τηρεῖν,
1573 2509 1772 2579 μήπως
1818 2505 1956 2582 λάθῃ

299 2597 421 2653 ἀντὶ
454 2595 736 2666 λαλούσης
767 2600 953 2672 ψυχῆς
984 2598 1046 2651 τὸ
1078 2594 1147 2651 δι’
1174 2594 1236 2650 οὗ
1268 2597 1402 2665 αύτή
1455 2594 1617 2652 λαλεῖ
1667 2597 1951 2670 ἀγαπῶσα.

304 2687 491 2750 Δεινὸς
539 2687 640 2760 γάρ
683 2685 825 2741 ἐστιν
876 2687 904 2740 ὁ
971 2686 1295 2756 ζηλοτυπῶν
1345 2687 1442 2754 τήν
1491 2685 1614 2756 περὶ
1669 2686 1732 2740 τὸ
1784 2684 1952 2741 καλὸν

301 2779 463 2848 ἡμῶν
498 2771 760 2844 διάθεσιν,
813 2771 902 2829 διὰ
947 2775 1149 2836 παντὸς
1175 2775 1382 2850 τρόπου
1415 2773 1629 2852 ὑφελεῖν
1667 2775 1763 2847 μὶν
1794 2772 1954 2846 ἡμῶν

297 2867 361 2920 τὸ
384 2865 748 2936 ποθούμενον,
778 2863 841 2918 τὸ
873 2860 1096 2918 δὲ’ῗδιον
1145 2863 1465 2940 πανούργως
1510 2864 1646 2940 πρὸς
1699 2865 1791 2918 τὸν
1849 2863 1953 2917 πό-

302 2966 395 3018 θον
429 2951 857 3023 ἀνθυπαλλάξαι.
901 2951 1059 3010 Οὕτω
1114 2953 1214 3028 γὰρ
1273 2949 1466 3017 ἔλαθόν
1519 2974 1658 3017 τινες
1697 2952 1800 3006 ἀπὸ
1856 2957 1953 3008 τοῦ

298 3041 482 3113 ἡδέως
530 3042 742 3097 ἀκούειν
797 3046 895 3096 τοῦ
951 3042 1075 3118 περὶ
1129 3043 1324 3117 ἀρετῆς
1356 3041 1545 3117 λόγου,
1577 3041 1665 3096 καὶ
1696 3042 1820 3113 περὶ
1851 3043 1951 3110 τήν

298 3136 558 3187 κινοῦσαν
607 3135 797 3185 τοῦτον
846 3133 1032 3207 ψυχὴν
1079 3129 1400 3200 διακεῖσθαι,
1447 3136 1515 3205 τῇ
1563 3136 1778 3206 συνεχεῖ
1809 3131 1945 3204 ἀκοῇ

2054 552 2371 621 prudenter
2390 552 2759 620 adducimus,
2779 561 2844 610 ut
2869 557 3007 611 dum
3041 562 3098 612 et
3119 558 3317 613 habitu
3350 564 3405 612 et
3427 575 3694 616 sermone

2054 656 2183 694 vere
2216 657 2432 710 sponsa
2462 641 2688 696 Domini
2725 645 2972 712 videtur,
2994 645 3460 718 colloquentibus
3493 649 3698 718 prosit.

2055 726 2434 799 Colloquatur
2452 729 2632 801 igitur
2648 741 2701 786 ul
2726 749 2941 804 sponsa
2958 737 3290 792 verecunda
3315 754 3450 793 cum
3476 740 3701 810 sponsi,

2056 816 2320 889 inquam,
2355 819 2664 891 ministris,
2689 838 2753 877 ac
2785 822 3153 895 colloquatur
3185 827 3401 897 ubique
3419 829 3707 882 sobrieta-

2055 911 2173 962 tem
2205 925 2460 965 servans.
2482 910 2719 981 Oportet
2747 912 2902 967 enim
2927 913 3255 985 simplicem
3281 916 3438 971 illam
3459 917 3699 988 quidem

2056 1012 2184 1050 esse
2215 1003 2279 1051 ut
2309 997 2668 1065 columbam,
2693 1001 3040 1071 prudentem
3066 1019 3197 1058 vero
3231 1009 3294 1059 ut
3313 1010 3644 1076 serpentem
3664 1008 3704 1062 ³.

2058 1085 2166 1140 Sed
2203 1086 2340 1157 quia
2369 1086 2604 1159 illigatae
2633 1090 2857 1159 corpori
2891 1091 3121 1158 animae,
3143 1108 3276 1147 cum
3312 1110 3426 1148 non
3461 1099 3707 1166 possent

2059 1174 2227 1228 nudae
2259 1175 2330 1230 de
2363 1177 2603 1232 veritate
2635 1177 2789 1233 inter
2813 1196 2876 1234 se
2905 1179 3179 1253 colloqui,
3221 1183 3561 1253 corporibus
3593 1184 3708 1239 cir-

2061 1264 2518 1330 cumstantibus,
2549 1266 2706 1321 velut
2753 1268 3182 1337 instrumentis,
3218 1277 3344 1326 tum
3377 1272 3446 1326 ad
3480 1288 3707 1339 vocem,

2060 1356 2185 1405 tum
2221 1353 2287 1406 ad
2319 1355 2510 1408 visum
2535 1361 2821 1425 coguntur
2841 1358 2962 1424 uti;
3000 1358 3100 1429 qui
3131 1376 3241 1414 non
3277 1364 3469 1432 potest
3497 1360 3710 1417 animae

2061 1441 2286 1513 corpori
2319 1442 2551 1514 illigatae
2594 1444 3088 1515 pulchritudinem
3127 1448 3326 1505 videre
3357 1455 3458 1504 aut
3483 1452 3710 1506 ratione

2062 1529 2223 1584 illam
2256 1531 2766 1605 audire,_corporis
2798 1539 3021 1590 motum
3043 1535 3104 1590 in
3136 1553 3249 1608 quo
3281 1537 3380 1592 illa
3403 1542 3510 1604 est,
3535 1539 3708 1605 videt,

2062 1620 2306 1691 ejusque
2337 1637 2533 1676 vocem
2570 1639 2672 1693 per
2700 1623 2842 1678 illud
2864 1626 3140 1680 emissam
3165 1625 3432 1692 audiens,
3462 1626 3714 1698 pulchri-

2063 1708 2324 1763 tudinem
2352 1708 2512 1765 illius
2554 1727 2624 1765 ex
2657 1711 2749 1765 his
2789 1712 3094 1782 dijudicat,
3145 1729 3250 1769 nec
3296 1730 3406 1769 vox
3434 1715 3628 1770 solum
3659 1719 3716 1771 et

2063 1803 2358 1867 aspectus,
2391 1798 2547 1853 velut
2577 1799 2634 1854 in
2667 1800 2927 1872 speculo,
2956 1801 3162 1857 animas
3185 1803 3439 1874 speciem
3467 1805 3718 1860 demon—

2067 1889 2277 1953 strant,
2310 1887 2410 1942 sed
2443 1893 2500 1941 et
2529 1889 2778 1944 amictus
2832 1889 2940 1944 viri
2970 1895 3027 1946 et
3056 1891 3211 1946 risus
3242 1897 3295 1947 et
3329 1893 3493 1963 pedis
3525 1893 3716 1949 inces-

2067 1990 2170 2029 sus
2194 1973 2362 2029 illum
2384 1976 2659 2046 produnt.
2684 1976 2962 2033 Nonnulli
2989 1985 3183 2034 autem
3212 1982 3436 2036 musico
3468 1980 3716 2038 libenter

2067 2063 2380 2129 audiendo,
2423 2064 2580 2119 brevi
2632 2066 3034 2136 imprudentes
3083 2075 3382 2138 cmpcrunt
3431 2086 3545 2141 non
3589 2072 3716 2141 jam

2068 2152 2498 2219 musicum,sed
2527 2155 2982 2211 instrumentum
3011 2159 3163 2227 quod
3187 2140 3716 2232 videtur,perquod

2067 2241 2278 2296 musici
2309 2246 2431 2298 arte
2461 2244 2867 2314 perfruuntur,
2891 2245 3152 2318 diligere.
3180 2251 3488 2318 Propterea
3518 2265 3718 2305 neces-

2067 2331 2221 2385 sario
2251 2335 2498 2402 oportet,
2532 2338 2596 2386 ut
2623 2333 2785 2404 virgo
2819 2341 3087 2388 accurate
3136 2335 3404 2390 auditum
3436 2341 3492 2390 et
3521 2337 3713 2393 visum

2067 2419 2378 2487 custodiat,
2407 2437 2478 2474 ne
2509 2421 2654 2476 forte
2709 2438 2810 2492 pro
2854 2423 3052 2478 anima
3079 2440 3204 2494 quas
3252 2423 3534 2494 loquitur,
3565 2423 3714 2480 illud

2067 2524 2169 2578 per
2197 2509 2352 2578 quod
2383 2509 2512 2580 ipsa
2560 2509 2841 2582 loquitur,
2892 2513 3237 2582 imprudens
3267 2512 3492 2585 diligat.
3525 2512 3715 2570 Solers

2066 2598 2222 2651 enim
2253 2602 2361 2664 est,
2383 2599 2481 2669 qui
2513 2604 2713 2654 nostro
2731 2601 2864 2656 boni
2889 2601 3072 2656 amori
3095 2603 3335 2669 invidet,
3359 2603 3520 2658 omni
3544 2603 3716 2659 modo

2066 2685 2236 2741 nobis
2266 2687 2610 2742 subtrahere
2642 2688 2698 2742 id
2730 2689 2881 2760 quod
2916 2690 3341 2758 desideramus,
3365 2698 3423 2746 et
3448 2692 3600 2760 quod
3627 2691 3716 2763 ip-

2065 2774 2188 2828 sius
2221 2775 2525 2846 proprium
2559 2790 2646 2831 est
2679 2783 2870 2832 astute
2899 2779 2966 2833 ad
3003 2780 3459 2834 desiderandum
3495 2780 3713 2834 substi-

2063 2867 2243 2917 tuere.
2277 2863 2368 2917 Sic
2399 2863 2554 2918 enim
2591 2865 2880 2930 nonnulli,
2914 2867 3052 2921 dum
3089 2866 3338 2922 libenter
3367 2867 3617 2921 audiunt
3641 2868 3713 2922 de

2062 2953 2276 3007 virtute
2315 2968 2669 3016 sermonem,
2700 2972 2765 3010 ao
2813 2955 3071 3010 animam
3123 2955 3288 3011 illum
3325 2956 3710 3027 proferentem

2064 3040 2336 3110 diligunt,
2370 3042 2766 3099 assiduoﬁﬁl
2812 3043 3014 3098 auditu
3059 3060 3125 3099 ac
3158 3045 3285 3100 visu
3309 3045 3712 3115 imprudentes

2064 3147 2130 3184 eo
2161 3131 2396 3185 deducti
2429 3136 2590 3198 sunt,
2611 3136 2676 3186 ut
2705 3131 3195 3188 lineamentorum
3218 3134 3479 3206 corporis
3510 3135 3710 3188 formae

296 3221 390 3276 καὶ
420 3225 491 3294 τῇ
524 3221 618 3292 θέᾳ
665 3191 1051 3284 ἐντυπωθέῖτες
1113 3220 1208 3294 μὶν
1263 3191 1361 3289 την
1389 3191 1640 3296 ’μορφὴν
1690 3191 1798 3274 ’τῶν
1855 3191 1952 3274 τοῦ

2066 3219 2120 3273 in
2153 3219 2237 3274 eis
2269 3219 2768 3291 imprimerentur,
2803 3238 2868 3277 ac
2915 3238 3118 3277 eorum
3150 3224 3387 3278 auditus
3419 3239 3555 3278 voco
3587 3238 3713 3278 ma-

303 3310 566 3382 σώματος
596 3311 980 3386 χαρακτήρων,
1030 3310 1119 3364 καὶ
1149 3312 1218 3383 τῇ
1267 3313 1421 3388 φωνῇ
1465 3312 1565 3380 τήν
1617 3310 1784 3378 ἀκοὴν
1829 3308 1954 3364 ἀτό-

302 3421 426 3462 πως
457 3396 797 3473 θελχθέντες*
834 3398 1012 3453 οὐκέτι
1045 3395 1103 3453 δὲ
1129 3400 1228 3468 τὴν
1278 3401 1462 3474 ψυχὴν
1495 3400 1594 3467 τήν
1637 3395 1727 3452 διὰ
1769 3405 1954 3474 φωνῆς
1995 3475 1998 3478 γ

303 3489 627 3564 ἐνεργοῦσαν
656 3489 745 3542 τὸν
797 3485 988 3562 λόγον,
1039 3490 1099 3557 ἣν
1149 3489 1210 3543 τὸ
1249 3488 1376 3562 πρὶν
1410 3489 1721 3562 ἀγαπῶντες
1753 3492 1956 3561 περιεῖ-

299 3599 406 3633 πον
442 3579 534 3632 τὸν
577 3578 883 3651 ἄνθρωπον,
936 3576 1082 3633 ἀλλὰ
1130 3578 1192 3632 τὸ
1247 3581 1407 3650 σῶμα
1450 3577 1512 3632 τὸ
1538 3575 1954 3649 διακονούμενον

303 3666 494 3728 αὐτοῖς
522 3666 587 3721 τὰ
615 3673 718 3735 τῆς
749 3669 933 3742 ψυχῆς
960 3663 1105 3721 καλὰ
1148 3663 1342 3720 λοιπὸν
1375 3665 1707 3740 ἀγαπῶντες.
1766 3667 1957 3742 Ἀγχι-

305 3756 512 3831 θύρους
542 3755 649 3830 γάρ
681 3776 807 3832 φασι
839 3754 928 3809 καὶ
959 3752 1231 3824 ’Έλληνες
1291 3754 1384 3815 οὰς
1440 3753 1628 3818 κακίας
1659 3756 1788 3809 εἶναι
1841 3760 1959 3816 ταῖς

310 3844 557 3919 ἀρεταῖς.
613 3845 828 3918 Emis-rp
888 3843 991 3918 γὰρ
1042 3843 1236 3918 ἀρετῆς
1286 3843 1421 3918 θύρᾳ
1457 3843 1556 3911 τὴν
1606 3845 1717 3916 (50)
1773 3843 1958 3898 κακίαν

304 3933 646 4007 ὁμοιοτάτην
681 3929 822 3987 ἰδέαν
855 3929 1181 4004 ἑκατέρωθεν
1212 3932 1584 4006 παρήρμοσεν,
1629 3928 1702 3984 ’ίν’
1732 3932 1760 3986 ὁ
1792 3952 1958 3986 σπου-

307 4024 489 4094 δάζων
544 4022 667 4095 περὶ
717 4025 828 4095 (51)
882 4023 982 4090 τὴν
1040 4021 1259 4093 ἀρετὴν,
1315 4021 1594 4095 παρεστὼς
1643 4020 1843 4090 ταύτης
1897 4021 1960 4075 τὸ

305 4119 529 4185 πρῶτον
589 4115 658 4185 τῇ
718 4111 872 4186 Θύρᾳ,
931 4111 1020 4166 καὶ
1078 4111 1290 4186 κρούειν
1331 4109 1530 4180 ταύτην
1587 4107 1782 4168 δοκῶν.
1815 4109 1960 4166 ἀνοί-

302 4204 498 4280 γείσης
546 4200 692 4272 αὑτῷ
740 4197 949 4264 ἐνθένδε
979 4201 1013 4270 ἢ
1063 4196 1268 4262 ἐνθένδε
1303 4204 1429 4272 μιᾶς
1473 4203 1582 4253 τῶν
1642 4207 1817 4274 θυρῶν
1859 4205 1960 4268 τῆς

302 4291 532 4362 κακίας,
578 4289 636 4344 ικ
683 4291 783 4357 τῆς
845 4287 1175 4361 ὁμοιότητος
1230 4288 1548 4357 ἀπατηθεὶς,
1605 4288 1679 4351 ὡς
1736 4287 1812 4350 εἷς
1874 4287 1965 4342 τὸν

302 4384 407 4449 τῆς
435 4380 634 4454 ἀρετῆς
684 4378 832 4432 οἶκον
880 4374 1138 4440 εἷ’σέλθοι·
1182 4377 1278 4431 εἴθ’
1335 4377 1437 4431 ὑπὸ
1495 4377 1710 4431 πάντων
1771 4376 1856 4432 ἐπὶ
1893 4380 1960 4451 τῇ

303 4470 486 4542 ἀπάτῃ
509 4466 844 4542 γελώμενος,
872 4468 1062 4541 χρόνῳ
1087 4486 1146 4520 τε
1170 4465 1260 4520 καὶ
1305 4465 1468 4541 πείρᾳ
1529 4467 1698 4539 μάθῃ,
1748 4465 1809 4519 ού
1866 4467 1961 4538 μό-

2057 3308 2248 3378 jorem
2283 3308 2342 3363 in
2375 3309 2614 3364 modum
2665 3310 3114 3379 demulceretur,
3166 3328 3271 3367 nec
3292 3312 3418 3382 jam
3453 3311 3712 3366 animam

2064 3397 2630 3454 vocisinstrumento
2645 3398 3001 3471 loquentem,
3025 3417 3201 3471 quam
3218 3408 3386 3456 antea
3408 3399 3717 3473 diligentes

2067 3486 2367 3542 hominem
2398 3487 2686 3551 colebant,
2719 3489 2817 3542 sed
2863 3505 3096 3559 corpus,
3131 3491 3285 3560 quod
3317 3489 3464 3561 ipsis
3503 3489 3713 3544 animas

2069 3575 2221 3630 bona
2253 3575 2646 3640 ministrabat,
2671 3577 2948 3649 deinceps
2973 3578 3302 3650 diligerent.
3327 3578 3530 3634 Vicina
3559 3577 3714 3634 enim

2069 3680 2196 3720 esse
2227 3664 2394 3719 aiunt
2421 3665 2596 3720 etiam
2631 3665 2809 3721 Graeci
2842 3667 2985 3722 vitia
3023 3668 3356 3723 virtutibus.
3393 3661 3717 3740 Unicuique

2068 3753 2225 3807 enim
2246 3752 2683 3822 virtutisjanute
2704 3754 2908 3810 vitium
2931 3756 3123 3825 specie
3145 3756 3515 3811 simillimum
3541 3757 3718 3812 utrin-

2070 3856 2180 3910 que
2211 3841 2526 3912 adaptavit,
2562 3850 2623 3896 ut
2671 3844 2770 3913 qui
2821 3843 3054 3899 virtutis
3104 3845 3404 3899 studiosus
3435 3850 3546 3910 est,
3579 3861 3713 3898 cum

2073 3930 2326 4002 primum
2363 3929 2732 4002 illiusjanuae
2765 3936 2919 3986 astat
2941 3949 3183 4002 eamque
3205 3934 3436 3989 videtur
3458 3933 3716 4004 pulsare,

2071 4025 2275 4090 aperta
2304 4017 2387 4073 illi
2423 4018 2556 4074 hinc
2589 4024 2691 4074 aut
2720 4020 2879 4075 illinc
2911 4038 3026 4076 una
3057 4037 3124 4076 ex
3147 4022 3352 4092 januis
3382 4021 3526 4090 vitii,
3552 4021 3719 4077 simi-

2073 4107 2321 4162 litudine
2353 4108 2630 4178 deceptus
2669 4114 2947 4179 tanquam
3001 4108 3060 4163 in
3094 4109 3325 4164 virtutis
3355 4111 3597 4164 domum
3630 4109 3719 4164 in-

2073 4200 2298 4264 troeat;
2333 4213 2398 4250 ac
2429 4195 2640 4252 deinde
2674 4199 2744 4252 ab
2776 4198 3053 4252 omnibus
3083 4199 3154 4254 ob
3186 4214 3441 4253 errorem
3484 4198 3716 4265 irrisus,

2072 4291 2334 4356 tempore
2365 4290 2421 4340 et
2450 4286 2808 4356 experientia
2849 4286 3058 4352 discat,
3091 4303 3203 4342 non
3237 4287 3426 4343 solum
3458 4303 3520 4343 se
3549 4286 3720 4358 longe

2073 4389 2201 4429 esse
2225 4376 2296 4428 ab
2328 4373 2428 4427 illa
2449 4374 2680 4440 virtute,
2699 4375 2868 4444 cujus
2894 4375 3208 4446 aliquando
3223 4376 3720 4448 pulsarejanuam

2074 4463 2397 4528 videbatur,
2431 4463 2528 4518 sed
2579 4480 2651 4518 ne
2681 4462 2839 4518 illius
2869 4463 3100 4533 quidem
3143 4463 3320 4519 limen
3351 4465 3590 4520 omnino
3621 4482 3721 4520 su-

301 4580 398 4612 νον
452 4556 649 4632 πύῤῥω
707 4556 966 4631 ὑπάρχων
1028 4553 1239 4624 ἐκείνης
1297 4560 1398 4623 τῆς
1459 4554 1654 4628 ἀρετῆς
1711 4556 1776 4621 ἧς
1835 4575 1955 4609 ποτε

2078 4568 2448 4623 pergressum
2481 4568 2629 4622 esse,
2663 4569 2850 4624 neque
2881 4551 3039 4607 illius
3070 4553 3315 4618 foribus,
3349 4559 3412 4608 ut
3442 4559 3612 4609 antea
3640 4554 3720 4608 vi-

303 4645 524 4720 κρούειν
559 4641 732 4698 ἐδόκει
763 4645 860 4711 τὴν
915 4642 1102 4716 θύραν’
1138 4639 1284 4695 ἀλλὰ
1335 4643 1474 4714 μήτε
1500 4645 1606 4696 τῶν
1653 4639 1826 4696 οὐδῶν
1877 4641 1967 4696 αὖ-

305 4742 412 4803 τῆς
443 4735 544 4805 τήν
573 4731 750 4807 ἀρχὴν
814 4725 1070 4806 ὑπερϐὰς,
1110 4731 1248 4803 μήτε
1275 4733 1344 4803 τῇ
1399 4728 1553 4805 θύρᾳ,
1615 4729 1689 4790 ὡς
1719 4730 1782 4784 τὸ
1838 4729 1964 4805 πρὶν

305 4821 511 4889 ἐδόκει,
561 4822 839 4895 παρεστὼς
887 4824 1020 4894 γοῦν
1070 4819 1159 4874 καὶ
1212 4817 1446 4892 κρούων.
1498 4818 1655 4875 Οὕτω
1683 4819 1786 4893 γὰρ
1841 4819 1966 4881 τοὺς

317 4913 414 4986 μὲν
457 4909 782 4986 θαρσαλέουι
832 4907 1208 4985 βουλομένους
1262 4909 1388 4962 εἶναι
1432 4907 1567 4982 πρὸς
1613 4907 1808 4983 ἀρετὴν
1838 4910 1965 4984 Θρα-

307 5007 422 5064 σεῖς
479 5000 762 5070 ἀπατήσασ
807 4993 992 5069 ἕδεὶξεο
1026 4996 1152 5060 τοὺς
1205 4993 1264 5051 δὲ
1291 4991 1664 5074 φνϐουμένους
1693 4995 1821 5059 τοὺς
1878 4996 1965 5052 ἐπὶ

382 5113 404 5146 ⁸
435 5108 644 5167 Matth.
677 5125 734 5174 ι,
763 5107 850 5163 16.

378 5237 494 5308 (47)
524 5232 866 5308 Προάγρμεν.
921 5232 1014 5288 Sic
1050 5232 1295 5308 Icodices
1351 5247 1495 5286 mss.
1549 5231 1856 5288 Combelis.
1907 5235 1966 5288 et

301 5302 511 5384 plures
532 5302 665 5384 _al_ii_.
692 5302 873 5384 Editi,
905 5302 1256 5384 περιάγομεν.
1374 5379 1383 5384 _
1581 5372 1620 5384 ﬁ

308 5369 343 5504 ᾇ
380 5381 499 5453 (48)
531 5369 868 5448 Ἀλλήλαις.
911 5369 1004 5433 Sic
1052 5369 1197 5432 mss.
1249 5379 1520 5447 quatuor.
1581 5372 1751 5446 Editi,
1783 5369 1964 5444 ἀλλή-

352 5472 450 5504 ως.

352 5472 450 5504 ωε.

526 5519 706 5595 ᾼόγῳ.
738 5521 842 5595 Sic
863 5519 1042 5595 editio
1071 5523 1276 5576 veneta
1307 5523 1363 5575 et
1393 5535 1490 5575 sex
1524 5533 1670 5575 mss.
1709 5516 1958 5575 codices.

297 5591 902 5672 ιιιειιιξρξρξυίεεεηρίε,
935 5591 1188 5672 iam.
1291 5661 1305 5672 .
1443 5662 1453 5672 .
1646 5659 1660 5672 .
1745 5660 1756 5672 .

373 5667 492 5740 (50)
518 5665 650 5736 Τήν.
697 5659 896 5723 ουδωι
933 5659 1100 5736 Ma'z.,
1130 5663 1228 5732 τὴν
1261 5661 1361 5729 εἰς,
1406 5662 1608 5737 sicque
1646 5659 1789 5734 legit
1815 5663 1959 5719 Am-

2076 4642 2342 4710 debatur,
2366 4640 2622 4696 astitisse
2650 4657 2865 4712 easque
2889 4646 3178 4713 pulsasse.
3201 4643 3296 4698 Sic
3319 4643 3474 4698 enim
3499 4659 3596 4698 eos
3620 4641 3723 4714 qui

2075 4730 2185 4785 sibi
2205 4731 2273 4784 ad
2295 4728 2568 4784 virtutem
2589 4729 2765 4785 ﬁdere
2783 4729 3000 4798 volunt,
3018 4731 3359 4786 temerarios
3381 4731 3720 4802 decipiendo

2074 4819 2332 4875 ostendit
2364 4835 2376 4873 :
2412 4818 2700 4889 fugientes
2751 4820 3100 4875 temeritatis
3133 4825 3353 4889 notam,
3389 4821 3631 4892 ignavias
3666 4823 3723 4876 et

2075 4907 2275 4981 pusilli
2331 4907 2508 4962 animi
2561 4907 2774 4978 arguit.
2827 4908 3366 4964 Commiserationis
3424 4909 3720 4966 studiosos

2076 5012 2248 5070 prave
2271 4997 2342 5052 ad
2366 4995 2506 5051 vitia
2527 4994 2807 5051 emollivit
2832 5011 2843 5052 :
2881 4996 3248 5054 discedentes
3271 4998 3719 5056 ateneuioribus

2076 5234 2309 5288 brosius
2363 5232 2463 5302 qui
2515 5233 2689 5288 vertit
2746 5231 3098 5289 simillimam
3156 5236 3215 5289 in
3265 5234 3399 5289 vilia
3452 5235 3722 5302 ferentem

2076 5307 2365 5378 utrinque
2395 5306 2643 5378 speciem.
2707 5306 2862 5360 Idem
2925 5306 3084 5378 legit,
3143 5303 3336 5377 ἑκάστῃ
3387 5303 3485 5376 γὰρ
3530 5302 3723 5378 ἀρετῆς

2075 5375 2369 5458 θύρᾳςδοᾶ
2406 5393 2545 5458 ι]υέ
2565 5376 2656 5458 bis
2689 5375 3022 5458 narrantur,
3070 5395 3182 5458 non
3215 5375 3574 5458 unaquaque
3605 5375 3720 5458 vir-

2076 5446 2215 5505 tutis
2237 5446 2653 5520 janua'efficit,
2686 5450 2784 5505 sed
2838 5451 2962 5520 ipse
3012 5448 3218 5504 salutis
3249 5451 3456 5503 nostrae
3509 5446 3719 5514 hostis,

2072 5523 2142 5578 de
2173 5539 2289 5594 quo
2321 5538 2436 5594 non
2467 5521 2648 5594 multo
2679 5527 2810 5578 ante
2840 5521 3068 5594 locutus
3099 5525 3207 5575 est.

2146 5587 2256 5666 (5|)
2287 5591 2438 5669 Περί.
2471 5593 2732 5659 Quatuor
2761 5611 2904 5651 mss.
2939 5592 3190 5659 codices,
3226 5587 3332 5645 ἐπί.
