4112 6224
499 291 619 352 ’143

1433 279 1832 345 APPENDIX
1871 277 2200 343 OPERUM
2241 277 2308 344 s.
2352 278 2637 343 manu
2680 280 2960 345 MAGNI.
3137 318 3142 324 νμ
3583 311 3586 314 .
3741 299 3835 364 ιη,

497 421 822 487 affectibus,
855 417 1123 475 crudeles
1169 421 1226 474 et
1271 415 1627 471 inhumanos
1668 412 1860 468 effecit
1889 428 1903 466 :
1937 427 2109 483 quem

2219 413 2324 500 ,τῇ
2349 410 2643 485 θρασύτητι
2699 412 2902 489 ψόγους
2957 410 3174 478 δειλοὺς
3228 417 3319 472 καὶ
3380 420 3725 500 μικροψύχους
3757 430 3831 486 ἀπ.

496 511 810 567 admodum
842 509 1016 564 etiam
1050 525 1149 562 eos
1178 507 1279 577 qui
1313 503 1617 560 cbaritatis
1649 500 2146 574 pulchritudinem

497 603 948 672 persequuntur.
983 596 1112 653 falsi
1147 594 1405 651 nominis
1427 593 1708 648 charitate
1737 591 1798 646 in
1830 589 2024 646 carnis
2045 606 2146 644 vo-

495 691 753 761 luptates
783 693 840 744 et
860 688 1243 758 vituperatam
1268 687 1340 740 ab
1373 683 1646 739 omnibus
1670 680 1846 735 vitam
1869 679 2141 735 indecore

496 779 764 850 conjecit,
797 782 899 834 aut
940 779 1053 833 sibi
1083 780 1154 832 ab
1187 777 1294 832 hoc
1328 775 1537 848 probro
1567 778 1858 837 caventes,
1892 771 2140 826 fratrum

496 885 693 925 osores
723 865 929 931 effecit,
951 882 1018 922 ac
1049 880 1282 920 omnem
1318 862 1434 918 illis
1463 861 1597 918 boni
1629 876 1868 916 sensum
1903 857 2138 928 eripuit.

494 959 720 1013 Rursus
751 957 930 1029 igitur
953 956 1030 1010 Ne
1059 955 1296 1010 declines
1341 952 1411 1007 ad
1437 951 1727 1006 dexteram
1774 957 1870 1004 aut
1899 947 1969 1002 ad
1997 948 2139 1002 sini-

490 1055 664 1102 stram
697 1046 759 1112 ¹⁰,
793 1060 863 1100 ne
892 1045 1132 1114 decepta
1167 1043 1227 1096 in
1262 1057 1437 1096 unam
1471 1040 1726 1110 aliquam
1752 1037 2139 1107 vitiijanuam

490 1136 751 1200 incidas;
785 1133 885 1188 sed
920 1131 1172 1187 mediam
1205 1131 1406 1186 incede
1436 1128 1669 1184 virtutis
1699 1127 1874 1192 viam,
1903 1141 1970 1181 ac
2004 1123 2138 1180 ubi-

489 1240 602 1295 que
633 1221 1034 1288 considerans,
1066 1220 1358 1291 quomodo
1390 1224 1579 1283 caute,
1602 1233 1713 1272 non
1739 1220 1801 1270 ut
1825 1214 2136 1284 insipiens,

485 1315 586 1370 sed
623 1317 688 1368 ut
716 1311 950 1383 sapiens
1000 1307 1268 1365 ambules
1291 1312 1358 1377 ¹¹,
1392 1309 1530 1379 quia
1576 1306 1636 1361 in
1668 1305 1860 1360 medio
1892 1303 2136 1375 laqueo-

484 1419 614 1458 rum
647 1401 892 1463 incedis,
917 1404 974 1456 et
1005 1416 1182 1471 super
1213 1398 1424 1469 pinnas
1456 1397 1691 1452 urbium
1725 1395 1942 1450 transis
1966 1394 2032 1463 ¹²,
2061 1393 2136 1447 da

481 1507 743 1562 operam,
777 1496 842 1545 ut
873 1489 931 1544 in
982 1487 1254 1559 laqueum
1289 1505 1400 1559 praa
1449 1485 1807 1558 negligentia
1855 1500 1970 1539 non
2002 1481 2134 1551 inji-

481 1574 602 1635 cias
651 1577 856 1650 pedem
908 1583 1103 1642 tuum,
1155 1593 1227 1632 ne
1275 1575 1508 1648 quando
1552 1591 1621 1629 ex
1663 1589 1832 1628 muro
1878 1570 2132 1626 civitatis

480 1673 689 1724 nostrae
718 1667 958 1739 delapsa
989 1665 1200 1721 misere
1234 1681 1458 1737 pereas.

2257 498 2468 573 ήλεγξε.
2520 502 2616 555 Καὶ
2642 500 2770 564 τοὺς
2821 502 2914 574 μὲν
2975 511 3279 577 συμπαθεῖς
3313 508 3445 563 εἶναι
3505 498 3833 584 σπουδάζοντας

2254 588 2391 664 πρὸς
2437 589 2503 642 τά
2545 589 2690 658 πάθη
2722 595 2904 656 κακῶς
2933 591 3250 666 ἐμαλάκισε·
3311 596 3440 661 τοὺς
3493 595 3549 653 δὲ
3595 604 3649 656 τὸ
3695 604 3831 678 ipsa.

2249 677 2334 739 θὲς
2390 678 2688 754 φεύγοντας
2729 679 2979 751 ἀνηλεεῖς
3020 683 3108 737 καὶ
3169 685 3564 760 ἀπανθρώπους
3614 677 3831 765 ἐποίησεν

2248 765 2428 842 ὥσπερ
2489 769 2577 822 οὖν
2608 769 2700 822 καὶ
2756 769 2884 834 τοὺς
2913 777 3012 839 τῆς
3041 771 3257 848 ἀγάπης
3286 776 3350 830 τὸ
3379 775 3580 840 κάλλος
3617 781 3831 853 μεταδιώ-

2245 876 2459 922 κοντας,
2530 855 2873 932 ψευδωνύμῳ
2940 860 3138 936 ἀγάπῃ,
3211 865 3246 932 ἢ
3306 863 3381 926 εἷς
3440 869 3625 941 σαρκὸς
3673 869 3830 940 ἡδονὰς

2245 945 2335 1034 καὶ
2394 944 2652 1034 ἐπίψογον
2709 953 2838 1002 πᾶσι
2896 946 3014 1024 βίον
3070 949 3327 1026 ἀπρεπῶς
3383 957 3829 1034 κατηκόντισεν,ἢ

2247 1029 2685 1108 εὐλαϐουμένους
2741 1037 2831 1092 τὸν
2889 1036 2975 1092 ἐπὶ
3009 1038 3226 1102 τούτοις
3277 1043 3474 1115 μῶμον
3530 1029 3834 1127 μισαδέλφους

2243 1123 2459 1178 καὶτοῦ
2505 1122 2677 1180 καλοῦ
2707 1126 3064 1197 ἀναισθήτους
3123 1127 3367 1201 ἐποίησε.
3430 1131 3596 1190 Πάλιν
3641 1136 3717 1192 οὖν
3744 1122 3831 1209 ’Μὴ

2245 1209 2501 1302 ἐκκλίνῃς
2552 1212 2636 1302 εἷ’ςν
2685 1215 2753 1270 τὰ
2801 1212 2945 1285 δεξιά
3000 1216 3035 1286 ἢ
3095 1217 3173 1280 εἷς
3228 1220 3296 1274 τά
3353 1220 3618 1298 ἀριστερὰ,
3660 1225 3738 1281 ’ίνα
3775 1231 3833 1302 μὴ

2241 1298 2540 1370 πὶανηθείς
2598 1301 2673 1364 είς
2725 1303 2852 1376 μίαν
2909 1304 3028 1359 τινά
3079 1310 3186 1360 τῶν
3217 1315 3319 1377 τῆς
3349 1309 3539 1372 κακίας
3567 1314 3721 1388 θυρῶν
3747 1298 3838 1370 dlis

2240 1391 2461 1464 σθήσῃς·
2494 1388 2638 1445 ἀλλά
2670 1390 2840 1464 μέσην
2901 1390 3102 1448 ὁδεύων
3143 1396 3244 1464 τὴν
3304 1397 3523 1473 ἀρετὴν,
3576 1403 3657 1456 καὶ
3699 1402 3832 1459 ditav-

2238 1482 2412 1554 ταχοῦ
2449 1477 2665 1553 βλέπων
2718 1485 2835 1544 πῶς
2870 1477 3109 1556 ἀκριϐῶς
3139 1491 3472 1560 περιπατῇς,
3535 1491 3605 1562 μὴ
3642 1492 3706 1553 ὡς
3734 1491 3838 1548 duo.

2239 1589 2357 1645 φος,
2391 1566 2516 1624 ἀλλ’
2548 1571 2621 1631 ὡς
2647 1571 2836 1648 σοφὸς,
2869 1569 2950 1626 ὅτι
2982 1571 3036 1626 ἐν
3093 1573 3242 1647 μὲσῳ
3269 1573 3516 1651 παγίδων
3545 1588 3830 1652 περιπατεῖς,

2235 1655 2324 1711 καὶ
2385 1655 2565 1712 ἐπάνω
2645 1657 2918 1730 ἐπάλξεων
2993 1661 3208 1718 πόλεων
3277 1659 3591 1733 διαϐαίνεις,
3639 1674 3836 1740 προνοοῦ

477 1753 625 1816 ὅπως
661 1755 786 1827 μήτ’
818 1753 894 1818 εἰς
921 1749 1124 1828 παγίδα
1154 1773 1258 1807 που
1309 1751 1623 1828 ῥᾳθυμοῦσα
1655 1744 1897 1823 ἐμϐάλῃς
1932 1747 2025 1803 τὸν
2077 1742 2217 1800 πόδα
2266 1767 2386 1814 σου,
2423 1748 2637 1819 μήποτε
2669 1748 2774 1802 ἀπὸ
2803 1747 2900 1803 τοῦ
2937 1749 3158 1825 τείχους
3186 1758 3287 1822 τῆς
3318 1751 3540 1817 πόλεως
3585 1758 3726 1830 ἡμῶν
3757 1779 3835 1814 πε-

475 1849 645 1899 σοῦσα
676 1844 950 1918 ἀποθάνῃς
981 1847 1161 1904 κακῶς
1173 1887 1185 1900 .

541 1936 627 1990 37.
672 1934 963 2006 Diligendi
1014 1935 1193 2005 igitur
1237 1933 1337 2005 qui
1389 1933 1460 1987 ad
1513 1947 1794 2003 sponsum
1847 1928 2109 1993 invitant,

2300 1927 2388 1980 39.
2449 1925 2687 2002 Ἀγαπᾷν
2753 1925 2954 1983 οὖνδεῖ
3009 1927 3140 1992 τοὺς
3195 1932 3332 2005 πρὸς
3389 1932 3484 1987 τὸν
3513 1933 3724 2012 νυμφίον
3748 1957 3834 1991 πα-

473 2025 574 2080 sed
607 2025 779 2099 debet
827 2023 1056 2079 dilectio
1088 2025 1245 2094 justa
1295 2037 1423 2077 esse
1472 2038 1539 2076 ac
1583 2037 1698 2075 non
1748 2019 2011 2084 confusa,
2047 2033 2120 2072 ne

471 2113 771 2170 ministros
802 2114 1026 2185 sponsi,
1058 2113 1424 2168 continenter
1452 2108 1761 2166 audiendis
1789 2107 2022 2163 illorum
2047 2106 2118 2161 de

466 2219 683 2275 sponso
730 2203 1122 2269 sermonibus,
1153 2218 1316 2273 seque
1365 2216 1430 2255 ac
1461 2215 1745 2270 sponsum
1800 2195 2115 2266 aliquando

465 2292 736 2363 diligens.
770 2295 990 2345 evertat
1035 2291 1384 2362 dignitatem
1434 2287 1660 2360 sponsi,
1693 2302 1758 2340 ac
1809 2283 2110 2356 pronubis,

464 2396 627 2452 aeque
659 2379 789 2434 illos
819 2395 883 2434 ac
913 2379 1224 2434 Dominum
1258 2379 1576 2444 honorans,
1599 2375 1914 2430 maximam
1940 2371 2115 2426 faciat

466 2469 766 2538 injuriam.
805 2472 932 2525 Jam
982 2485 1116 2524 vero
1149 2467 1551 2540 imprudentes
1597 2462 1889 2520 nonnulla)
1942 2460 2113 2516 mini-

464 2561 620 2612 stros
654 2573 766 2611 non
821 2573 982 2627 aeque
1037 2573 1102 2612 ac
1133 2573 1440 2626 sponsum,
1491 2556 1590 2611 sed
1645 2553 1818 2610 etiam
1853 2550 2111 2624 amplius

462 2661 639 2719 quam
673 2662 956 2715 sponsum
989 2645 1168 2716 impie
1211 2645 1536 2700 dilexerunt
1570 2644 1849 2714 :jamque
1882 2639 2108 2712 sponsi,

460 2735 553 2790 cui
585 2735 952 2806 desponsatas
1006 2734 1256 2801 fuerant,
1289 2732 1472 2788 semel
1502 2731 1714 2796 oblitaa,
1749 2734 1880 2785 tota;
1913 2731 2105 2784 famu-

460 2823 649 2881 lorum
681 2824 884 2896 sponsi
929 2825 1090 2879 facta:
1121 2827 1260 2878 sunt
1289 2839 1539 2894 sponsae,
1570 2819 1660 2876 vel
1693 2818 1889 2892 potius
1919 2834 1989 2873 ne
2022 2818 2103 2872 fa-

457 2913 750 2969 mulorum
787 2913 1024 2986 quidem
1056 2912 1280 2985 sponsi,
1313 2912 1414 2967 sed
1463 2911 1786 2966 alienorum
1819 2923 2102 2980 quorum-

454 3002 585 3057 dam
618 3007 820 3074 turpes
852 3001 1133 3058 mulieres
1164 2997 1497 3056 evaserunt.
1527 2998 1763 3054 Nullum
1794 2999 1951 3054 enim
1984 3012 2104 3051 car-

451 3092 643 3147 nalem
677 3107 933 3162 sponsus
966 3097 1167 3146 noster
1190 3089 1527 3145 ministrum
1547 3088 1760 3144 habere
1777 3086 2099 3158 deprehen-

449 3181 628 3249 ditur,
662 3181 762 3234 sed
795 3197 1002 3235 omnes
1033 3179 1245 3251 spiritu
1276 3179 1550 3234 viventes.
1585 3178 1720 3242 Quae
1755 3181 1948 3231 autem
1986 3191 2099 3229 non

2227 2011 2614 2088 ριοκαλοῦντας,
2648 2013 2792 2071 ἀλλά
2825 2014 2907 2071 δεῖ
2954 2019 3052 2086 τήν
3112 2018 3325 2097 ἀγάπην
3383 2019 3592 2078 δικαίαν
3632 2011 3724 2079 καὶ
3773 2026 3835 2096 μὴ

2228 2105 2642 2179 συγκεχυμένην
2701 2111 2997 2175 ποιεῖσθαι,
3042 2105 3134 2162 ἵνα
3195 2111 3273 2182 μὴ
3322 2110 3452 2173 τοὺς
3488 2112 3736 2188 ὑπηρίτας
3760 2118 3838 2168 τοῦ

2223 2191 2484 2269 νυμφίου,
2517 2192 2624 2248 ἀπὸ
2678 2198 2774 2249 τοῦ
2829 2199 3073 2271 συνεχῶς
3119 2196 3334 2253 ἀκούειν
3393 2198 3569 2255 αὐτῶν
3625 2202 3685 2256 τὰ
3731 2203 3830 2277 περὶ

2221 2285 2318 2335 τοῦ
2348 2282 2586 2356 νυμφίου
2620 2281 2958 2354 λαλούντων,
3015 2285 3162 2347 ὶσους
3218 2291 3320 2341 τοῦ
3374 2289 3610 2366 νυμφίου
3652 2290 3838 2365 ἀγαπή-

2220 2371 2352 2458 σασά
2379 2391 2533 2439 ποτε,
2591 2371 2795 2446 καθέλῃ
2861 2373 2952 2445 μὲν
2980 2374 3043 2429 τὸ
3073 2373 3291 2448 ἀξίωμα
3321 2381 3418 2431 τοῦ
3445 2381 3702 2458 νυμφίου,
3754 2383 3836 2433 τοῦ

2222 2457 2279 2514 δὲ
2334 2460 2739 2537 νυμφαγωγοὺς
2775 2508 2789 2534 ,
2846 2466 2927 2534 τῷ
2980 2462 3107 2528 τοὺς
3166 2464 3446 2539 ἰσοτίμους
3505 2473 3582 2540 τῷ
3633 2469 3839 2542 Δεσπότῃ

2219 2548 2382 2624 ἄγειν,
2443 2547 2672 2620 ἀδικήσῦ
2729 2550 2793 2606 τά
2855 2551 3104 2626 μέγιστα.
3163 2551 3308 2624 ’Ήδη
3345 2553 3401 2610 δέ
3461 2577 3599 2619 τινες
3650 2555 3833 2626 ἔλαθον,

2217 2637 2434 2694 ούκ¹ίσα
2461 2644 2542 2712 τῷ
2593 2641 2817 2717 νυμφίῳ
2882 2642 3172 2714 ὑπηρὲτας,
3233 2642 3379 2698 ἀλλά
3431 2646 3526 2701 καὶ
3565 2645 3722 2703 πλίον
3757 2647 3839 2701 αὑ-

2213 2728 2368 2796 τοὺς,
2443 2723 2649 2792 ἀσεϐῶς
2729 2730 3092 2805 ἀγαπήσασαι·
3172 2732 3261 2786 καὶ
3314 2738 3412 2788 τοῦ
3474 2737 3568 2808 μὲν
3625 2735 3836 2812 νυμφίου

2216 2816 2433 2886 λοιπὸν,
2483 2819 2617 2893 πρὸς
2667 2817 2724 2873 ὅν
2794 2818 3189 2897 ἰνυμφεύσαντο
3240 2824 3484 2895 καθάπαξ
3539 2823 3838 2898 ὶπιλαθὸμε-

2212 2928 2321 2978 ναι,
2381 2907 2506 2963 ὅλαι
2564 2905 2621 2962 δὲ
2675 2913 2783 2964 τῶν
2845 2907 3071 2964 οἷ’κετῶν
3127 2915 3224 2966 τοῦ
3281 2913 3516 2991 νυμφίου
3546 2913 3740 2991 νύμφαι
3765 2933 3838 2984 γιο

2211 2996 2453 3070 νόμεναι,
2511 2995 2724 3070 μᾶλλον
2787 2995 2846 3052 δὲ
2895 2995 3020 3054 οὐδὲ
3048 3003 3158 3054 τῶν
3219 2999 3446 3057 οἲκετῶν
3481 3007 3576 3058 τοῦ
3603 3001 3838 3079 νυμφίου,

2213 3083 2360 3140 ἀλλά
2390 3083 2698 3160 ἀλλοτρίων
2747 3091 2910 3141 τινῶν
2968 3089 3217 3164 γυναῖκες
3265 3089 3494 3165 αἶ’σχραὶ
3547 3090 3840 3166 εὑρεθεῖσαι.

2211 3171 2414 3232 Οὐδένα
2469 3176 2570 3251 γάρ
2638 3177 2889 3252 σαρκικὸν
2955 3178 2983 3231 ὁ
3052 3177 3287 3255 νυμφίος
3354 3181 3522 3252 ἡμῶν
3588 3179 3837 3255 ὁπηρίτην

446 3267 678 3338 spiritui
721 3268 1124 3322 ministrorqu
1177 3267 1397 3338 sponsi,
1433 3267 1533 3321 sed
1566 3282 1769 3321 eorum
1817 3264 2096 3319 carnibus

2219 3261 2355 3340 ἔχων
2434 3264 2756 3336 εὑρίσκεται,
2834 3264 2979 3322 ἀλλά
3044 3268 3249 3331 πάντας
3315 3269 3582 3342 πνεύματι
3637 3274 3840 3338 ζῶντας.

445 3373 573 3412 sese
618 3357 1073 3427 desponderant,
1129 3357 1232 3426 bis,
1284 3362 1349 3410 ut
1392 3355 1765 3410 manifestum
1817 3358 1926 3422 est,
1959 3370 2093 3408 cum

2219 3355 2272 3410 ⁵ιὶ
2300 3351 2358 3409 δὲ
2391 3355 2467 3426 μή
2498 3358 2576 3427 τῷ
2605 3354 2870 3428 πνεύματι
2922 3360 3029 3410 τῶν
3094 3357 3549 3432 ὑπηρετουμένων
3596 3362 3672 3430 τῷ
3719 3378 3840 3428 νυμ-

444 3445 578 3500 illos
609 3463 643 3500 a
690 3445 1014 3501 ministerio
1066 3444 1264 3516 sponsi
1309 3444 1461 3500 652
1513 3443 1735 3499 alienos
1782 3459 1931 3508 esse,
1964 3447 2091 3497 tum

441 3535 795 3606 semetipsas
823 3550 936 3588 non
972 3533 1263 3588 ministris
1285 3532 1507 3605 sponsi,
1540 3532 1640 3586 sed
1672 3531 1880 3586 alienis
1909 3531 2092 3587 servis

442 3607 824 3695 desponsatas
851 3639 1002 3688 esse,
1031 3623 1434 3678 ostenderunt.
1459 3620 1882 3693 Debentigitur
1911 3621 2089 3676 etiam

437 3729 570 3768 cum
604 3713 736 3768 istis
763 3718 933 3767 caute
964 3711 1239 3782 colloqui,
1274 3717 1612 3767 nascentem
1643 3712 1858 3765 sensim
1881 3726 1949 3765 ex
1978 3709 2093 3766 col-

435 3799 634 3873 loquio
651 3817 985 3872 corpoream
1005 3801 1492 3856 consuetudinem
1522 3799 1838 3870 prudenter
1860 3801 2087 3855 abscin-

434 3891 662 3959 dentes,
693 3895 749 3946 et
777 3891 834 3946 in
868 3889 1252 3961 colloquendo
1271 3895 1560 3958 caventes,
1586 3905 1656 3944 ne
1677 3889 1816 3943 dum
1843 3888 2090 3944 fidenter

383 3996 392 4003 ·
433 3995 569 4035 cum
602 3979 742 4050 illis,
791 3986 857 4035 ut
905 3996 1040 4034 cum
1087 3979 1290 4050 sponsi
1339 3977 1597 4045 famulis,
1650 3977 2082 4050 colloquuntur,

430 4068 834 4140 imprudentes
869 4069 953 4124 vel
985 4086 1084 4124 eos
1123 4069 1194 4124 ad
1227 4085 1296 4124 ea
1333 4086 1460 4140 quae
1495 4085 1609 4124 non
1641 4073 1869 4139 oportet
1893 4069 2084 4124 detor-

429 4163 667 4229 queant,
700 4158 787 4213 vel
821 4150 1168 4228 semetipsas
1202 4164 1409 4229 praeter
1439 4159 1802 4228 propositum
1839 4174 2081 4227 scopum

426 4247 485 4301 in
517 4247 714 4302 carnis
740 4246 1064 4318 voluptates
1097 4247 1349 4302 absurde
1373 4245 1666 4315 dejiciant.
1694 4245 1803 4300 Sed
1827 4245 2082 4302 charitas

419 4334 692 4390 habenda
751 4335 1024 4406 proximi,
1085 4335 1227 4404 quia
1280 4335 1491 4405 Diliges
1543 4335 1866 4405 proximum
1921 4338 2081 4390 tuum

417 4424 560 4477 sicut
611 4423 846 4491 teipsum
887 4423 950 4488 13,
1008 4440 1073 4477 ac
1125 4439 1354 4493 sponsas
1405 4423 1513 4476 hoc
1562 4429 1916 4494 praeceptum
1967 4424 2079 4480 sibi

418 4515 653 4583 gratum
689 4527 945 4582 sponsus
999 4510 1262 4564 tradidit.
1312 4514 1493 4575 Certe,
1529 4510 1739 4580 inquit,
1768 4512 1990 4580 diliges,
2021 4518 2080 4568 et

421 4605 714 4672 quatenus
735 4599 835 4654 uni
859 4600 1105 4655 istorum
1133 4600 1296 4664 facis,
1324 4598 1464 4652 mihi
1490 4615 1707 4670 sponso
1731 4607 1829 4655 tuo
1849 4603 1988 4658 facis
2013 4605 2073 4660 ¹⁴.

2204 3443 2333 3521 φίῳ,
2396 3441 2541 3499 ἀλλά
2593 3449 2712 3506 ταῖς
2773 3443 2951 3520 σαρξὶν
3005 3445 3180 3500 αὐτῶν
3241 3447 3432 3510 ἑαυτὰς
3458 3447 3673 3508 ἀτόπως
3716 3468 3838 3517 νυμ-

2202 3531 2482 3610 φεύσασαι,
2515 3529 2687 3603 δῆλον
2722 3533 2795 3596 ὡς
2826 3533 3110 3597 κάκείνους
3164 3534 3501 3611 ἀλλοτρίους
3530 3543 3630 3606 τῆς
3679 3536 3832 3608 ὗπηρε

2200 3622 2318 3684 σίας
2371 3626 2467 3676 τοῦ
2523 3621 2780 3700 νυμφίου,
2859 3622 2948 3676 καὶ
3006 3623 3196 3686 ἑαυτὰς
3254 3624 3361 3701 οὐχ
3413 3625 3709 3702 ὑπηρᾶταις
3750 3625 3835 3678 toi}

2196 3709 2455 3784 νυμφίου,
2541 3709 2687 3766 ἀλλά
2763 3709 3080 3786 ἀλλοτρίοις
3158 3709 3382 3777 δούλοις
3461 3712 3835 3791 νυμφευθεῖσας

2199 3799 2529 3876 ἀπήλεγξαν.
2583 3799 2794 3857 Οὐκοῦν
2849 3801 2940 3855 καὶ
2997 3800 3211 3863 τούτοις
3271 3797 3520 3877 ἀκριϐῶς
3571 3801 3841 3876 ὁμιλείτωο

2198 3910 2316 3960 σαν,
2365 3891 2464 3958 τὴν
2519 3888 2870 3968 ἐμφυομένην
2922 3891 3032 3964 (52)
3085 3889 3360 3967 λαθραίως
3394 3891 3459 3947 ὲκ
3500 3899 3604 3962 τῆς
3631 3888 3835 3965 ὁμιλίας

2196 3980 2516 4052 σωματικήν
2593 3980 2876 4049 συνήθειαν
2951 3979 3232 4057 φρονίμως
3307 3979 3691 4055 ἐκτὲμνουσαιδ
3756 3977 3837 4033 καὶ

2196 4067 2246 4122 ιν
2301 4067 2370 4142 τῇ
2402 4065 2618 4141 ὁμιλεῖν
2674 4067 3102 4142 φυλασσόμεναι,
3160 4071 3236 4141 μὴ
3279 4068 3339 4124 ἐκ
3367 4075 3472 4126 τοῦ
3514 4067 3836 4145 adponi.ka

2191 4161 2287 4212 τοῦ
2330 4156 2562 4236 νυμφίου
2622 4157 2872 4227 οἰκείοις,
2934 4155 3199 4230 λάθωσιν,
3259 4159 3293 4229 ἢ
3354 4158 3600 4222 ἐκείνους
3657 4153 3841 4233 πρὸςᾶ

2196 4248 2271 4320 μὴ
2327 4243 2410 4302 δεῖ
2467 4243 2883 4323 ἀποσφήλασαι,
2938 4248 2973 4317 ἢ
3034 4247 3225 4308 ὲαυτάς
3281 4248 3433 4324 παρά
3484 4249 3581 4303 τὸν
3636 4243 3841 4322 προκείο

2195 4357 2354 4410 μενον
2382 4337 2582 4391 σκοπὸν
2631 4333 2717 4389 ἐπὶ
2773 4336 2867 4397 τάς
2925 4337 3121 4410 σαρκὸς
3153 4333 3352 4406 ἡδονὰς
3414 4336 3639 4400 ἀτόπως
3695 4352 3840 4390 κατα-

2190 4422 2474 4481 ϐαλοῦσαι.
2535 4421 2714 4478 Ἀλλά
2761 4425 2974 4498 ἀγάπην
3009 4421 3091 4479 δεῖ
3118 4429 3224 4480 τῶν
3256 4425 3506 4497 πλησίον
3535 4426 3835 4493 κεκτῆσθαι,

2189 4513 2271 4569 ὅτι
2357 4514 2690 4588 Ἀγαπήσεις
2772 4514 2864 4568 τὸν
2941 4511 3175 4583 πλησίον
3264 4535 3384 4586 σου,
3475 4517 3555 4578 ὡς
3642 4510 3833 4570 ἑαυτόν·

2185 4602 2275 4656 καὶ
2305 4605 2464 4656 τοῦτο
2496 4600 2720 4676 ἀρὲσκον
2779 4598 2914 4673 αὐτῇ
2947 4600 2974 4654 ὁ
3030 4601 3264 4679 νυμφίος
3309 4605 3379 4676 τῇ
3413 4602 3611 4680 νύμφῃ
3640 4600 3864 4675 παράγσ⁸

421 4663 533 4745 έοά
567 4706 680 4745 non
714 4689 888 4745 debet
917 4688 1147 4744 libidini
1201 4663 1450 4743 obnoxia
1499 4663 1626 4744 esse
1655 4689 1931 4759 charitas,
1967 4711 2072 4750 nec
2106 4720 2109 4727 ·

2220 4690 2362 4764 ελμα
2420 4663 2642 4745 δὲδωκε.
2677 4689 2776 4743 Καὶ
2833 4663 3019 4767 φησιν,
3080 4663 3405 4766 ἀγαπήσεις,
3468 4663 3833 4766 έαὲ’ἒφ”ὅσὸν

417 4793 629 4833 nomen
663 4777 968 4833 charitatis
999 4778 1313 4844 mentiens,
1349 4794 1408 4832 re
1437 4783 1693 4833 evertere
1723 4780 2069 4851 dignitatem

2219 4781 2253 4835 vi
2285 4779 2490 4835 τούτων
2523 4783 2726 4848 ποιεῖς,
2784 4775 2910 4850 ἐμοὶ
2939 4783 3019 4850 τῷ
3074 4783 3152 4848 σῷ
3205 4779 3428 4853 νυμφίῳ
3457 4785 3662 4841 ποιεῖς.
3695 4774 3837 4836 Ἀλλ’

410 4882 562 4922 verre
620 4867 940 4923 charitatis.
1009 4867 1279 4932 Quandiu
1357 4867 1593 4938 quidem
1676 4870 1748 4922 ob
1806 4887 2063 4928 amorem

2219 4869 2276 4925 3x
2327 4869 2546 4942 ἐμπαθῆ
2579 4862 2826 4921 εἶναιδεῖ
2882 4868 2981 4935 τήν
3037 4866 3275 4941 ἀγάπην,
3305 4864 3436 4923 οὐδὲ
3482 4864 3666 4939 ὅνομα
3709 4863 3834 4935 αὐτῇ

409 4955 633 5027 sponsi,
669 4972 865 5011 amare
912 4956 1117 5012 fratres
1167 4954 1404 5025 videris,
1437 4971 1634 5011 servas
1667 4961 1722 5011 et
1752 4956 1810 5012 in
1843 4975 1976 5015 eum
2009 4966 2066 5017 ct

2219 4955 2607 5034 τιψευδομὲνην
2644 4957 2750 5027 (53)
2809 4955 3046 5030 ἀγάπης,
3097 4960 3176 5028 τῷ
3236 4955 3383 5033 ἔργῳ
3449 4957 3691 5032 ἀναιρεῖν
3739 4952 3828 5020 τήν

407 5043 467 5098 in
527 5043 659 5100 illos
718 5045 1061 5118 gravitatem
1119 5043 1442 5101 charitatis.
1504 5044 1613 5100 Sed
1669 5047 1718 5101 si
1770 5064 1883 5104 non
1934 5051 2062 5122 jam

2219 5051 2323 5121 Ξίαν
2368 5054 2470 5116 τῆς
2519 5040 2690 5107 ὅντως
2724 5043 2963 5120 ἀγάπης.
3014 5046 3135 5102 ’Ότι
3173 5041 3278 5108 ἕως
3332 5046 3396 5100 ἂν
3450 5043 3548 5100 διά
3576 5047 3676 5115 τὴν
3705 5041 3827 5116 πρὸς

480 5218 525 5256 ¹⁰
555 5219 718 5278 Prov.
751 5237 828 5285 IV,
856 5220 944 5275 27.
1026 5222 1069 5256 ¹¹
1103 5219 1314 5291 Ephes.
1347 5235 1404 5285 v,
1440 5219 1523 5272 15.
1607 5220 1652 5254 ¹¹
1683 5221 1858 5278 ΕοοΙὶ.
1893 5242 1969 5293 rx,
1998 5228 2091 5285 20.

2236 5227 2375 5282 Luc.
2407 5239 2465 5291 χ,
2499 5219 2590 5275 27.
2670 5219 2716 5254 ¹⁴
2748 5217 2953 5275 Matth.
2988 5236 3117 5289 xxv,
3148 5220 3236 5277 40.

475 5393 1209 5470 (ῷὲλἙμφυομᾷνηνηΗεεο
1260 5390 1552 5470 scriptura
1600 5390 1784 5470 solius
1834 5399 2062 5470 estco-

2219 5394 2361 5470 ἔνην.

405 5455 923 5534 ἀίόἱεὉοΙΒὸι-ϋὶιὶ,
958 5455 1058 5522 sed
1095 5455 1824 5540 percomm'ode‘emendat
1850 5467 2056 5541 vulga-

405 5540 523 5586 tam
586 5538 893 5586 lectionem
951 5533 1357 5586 νυιιωευοιιέην.
1427 5535 1596 5586 cuius
1653 5537 1859 5586 vitium
1921 5557 2052 5586 nnm

2238 5455 2353 5540 (53)
2409 5461 2564 5552 Λύτῇ
2613 5455 3105 5586 *ἐπιζευδοῦἐνηψ
3165 5461 3390 5545 Codex.
3433 5459 3829 5523 Colbertinus,

2219 5539 2332 5586 id»
2369 5552 2471 5586 nro
2502 5552 2660 5586 αυτη.
2696 5533 2736 5586 Ε
2780 5538 2880 5586 mo
2961 5539 3132 5586 eneta
3162 5539 3219 5586 et
3258 5533 3505 5586 codlcea
3540 5550 3688 5586 mss.
3721 5547 3828 5586 non

401 5540 524 5592 tam
586 5538 893 5596 lectionem
951 5560 1014 5591 νυ
1064 5533 1357 5615 φέυομέην,
1427 5533 1596 5606 ου]ὐε
1653 5537 1861 5594 vitium
1921 5533 2055 5598 cum

402 5609 763 5666 nersniceret
790 5559 1062 5666 Combetk.‘
1105 5607 1422 5666 leaendum
1456 5607 1721 5666 nutabat.
1758 5630 2055 5666 μνηστευο-

2219 5533 2345 5609 θάψ’
2368 5552 2471 5608 pro
2502 5533 2660 5602 αὐτῇ.
2696 5533 2880 5589 Editio
2909 5533 3132 5592 Veneta
3162 5539 3219 5591 et
3258 5533 3505 5593 codices
3540 5550 3688 5592 mss.
3721 5547 3828 5590 non

2219 5611 2337 5666 ulli.
2371 5607 2507 5666 αύτῆ
2540 5602 2626 5660 ἐπὶ
2657 5601 3013 5666 ψευδομὲνης.

402 5609 763 5681 perspiceret
790 5601 1049 5669 Combet‘.
1077 5601 1422 5682 'legendum
1455 5601 1721 5680 putabat,
1757 5630 2055 5684 μνηστευο-

2219 5601 2337 5684 ιιιιῖ,
2368 5601 2507 5680 ἀύτῇ
2540 5601 2626 5660 ἐπὶ
2657 5601 3013 5679 ψευδομὲνης.
