4134 6224
262 325 396 387 718·

1493 317 1730 380 LIBER
1773 315 1878 378 DE
1920 315 2459 380 VIRGINITATE.

3556 325 3692 389 740

257 459 353 514 τὸν
385 455 620 536 νυμφίον
651 454 867 531 ἀγάπην
899 454 1168 530 ἀγαπῶσα
1223 452 1386 530 φαίνῃ
1441 449 1572 513 τοὺς
1627 447 1917 527 ἀδελφοὺς,

2035 455 2271 525 propter
2299 451 2490 522 illum,
2521 453 2624 510 sed
2653 469 2752 510 eos
2800 460 3037 528 propter
3063 458 3412 530 semetipsos
3440 475 3511 517 ex
3539 477 3679 519 con-

263 549 462 618 σώζεις
509 545 600 602 καὶ
655 545 719 601 τὸ
765 545 902 620 πρὸς
957 544 1158 600 ἐκεῖνον
1217 541 1306 597 καὶ
1348 541 1412 596 τὸ
1444 539 1581 616 πρὸς
1611 537 1810 602 αὐτοὺς
1857 538 1921 593 τὸ

261 644 365 708 τῆς
422 637 640 712 ἀγάπης
700 634 916 708 σεμνόν.
952 630 1198 691 Ἐπειδὰν
1260 628 1317 686 δὲ
1356 627 1534 686 ούκέτι
1595 625 1665 683 δι’
1693 627 1920 700 ἰκεῖνον,

259 725 409 783 ἀλλά
447 725 675 786 τούτους
708 721 777 778 δι’
807 720 1006 785 αὐτοὺς
1039 721 1144 777 ἀπὸ
1187 727 1286 791 τῆς
1329 717 1614 789 συνηθείας
1662 717 1730 792 ᾗς
1790 718 1920 794 ἀγα-

255 821 440 884 πῶσα,
500 811 854 889 διαφθείρασα
912 811 1002 866 καὶ
1058 811 1158 880 τήν
1215 811 1353 886 πρὸς
1412 809 1613 863 ἐκεῖνον
1678 807 1917 882 ἀγάπην,

253 904 348 958 καὶ
387 901 604 977 ἰμπαθῆ
649 903 850 972 ταύτην
892 902 1186 972 ποιήσασα,
1236 894 1614 973 ψευδώνυμον,
1645 896 1732 951 καὶ
1789 893 1917 970 ούχὶ

254 995 359 1063 τὴν
438 990 623 1062 ἀληθῆ
711 988 858 1066 ἔχεις
943 987 1178 1065 ἀγάπην.
1239 988 1448 1063 Ἀγάπη
1525 986 1630 1061 γὰρ
1720 984 1918 1059 σαρκὸς

256 1082 404 1153 πάθη
455 1083 570 1156 (54)
601 1079 708 1157 οὐχ
751 1081 992 1135 ἅπτεται·
1037 1076 1163 1134 οὑδὶ
1209 1074 1411 1152 ἄλογος
1459 1076 1592 1130 οὖσα
1647 1075 1751 1130 ὑπὸ
1794 1095 1918 1130 συν-

254 1172 450 1241 ηθείας
487 1167 743 1240 ζωώδους
792 1167 1025 1242 ἀκρίτως
1072 1167 1134 1222 τὸ
1179 1165 1375 1239 σεμνὸν
1405 1165 1598 1233 ἑαυτῆς
1658 1162 1745 1219 ἐπὶ
1804 1164 1918 1218 σώ-

260 1282 406 1334 ματα
432 1259 742 1336 καταφέρει.
781 1261 836 1314 Ἀ
851 1255 960 1313 λλὰ
1001 1255 1197 1331 λογική
1231 1253 1387 1324 οὖσα,
1419 1255 1506 1309 καὶ
1563 1253 1667 1324 ὅλη
1726 1252 1915 1331 σοφίας

260 1350 457 1424 μεστὴ,
490 1347 774 1426 ἔμφρόνως
806 1346 998 1415 ἑαυτὴν
1029 1346 1169 1421 πρὸς
1216 1343 1365 1414 ἀξίαν
1426 1347 1542 1405 τοῖς
1599 1343 1917 1417 προσώποις

255 1440 396 1494 κατὰ
450 1439 514 1494 τὸ
573 1435 782 1492 δίκαιον
834 1434 1147 1491 ταλαντεύει
1182 1453 1196 1468 ⁶
1254 1432 1382 1494 τοὺς
1460 1433 1553 1506 μὲν
1643 1430 1914 1507 ὑπηρέτας

252 1529 497 1606 νυμφίου
531 1525 784 1602 λογισμῷ
830 1522 899 1580 δι’
939 1523 1144 1580 ἐκεῖνον
1189 1525 1425 1596 τιμῶσα,
1460 1521 1620 1577 αὐτὸν
1679 1518 1761 1593 δὲζ
1783 1520 1916 1575 ἐκεῖ·

251 1638 343 1673 νον
375 1616 438 1672 ού
483 1614 572 1671 διὰ
598 1615 846 1683 τούτους,
881 1613 964 1669 ὅτι
1021 1611 1145 1690 περὶ
1212 1611 1378 1667 αὐτοῦ
1437 1609 1576 1685 αὐτῇ
1633 1606 1916 1686 διαλέγον-

251 1728 365 1778 ται,
423 1703 570 1762 ἀλλὰ
624 1702 695 1759 δι’
753 1702 912 1759 αὐτὸν
979 1701 1312 1778 περιίπουσα
1345 1719 1359 1734 ⁸
1424 1700 1516 1755 καὶ
1574 1697 1628 1755 εἷ’
1677 1721 1762 1764 τις
1819 1701 1912 1773 μὶν

257 1795 466 1852 ἐκείνου
497 1793 742 1870 ἐραστὴς,
773 1793 965 1848 τοῦτον
995 1789 1083 1847 διὰ
1112 1793 1175 1847 τὸ
1232 1791 1370 1866 πρὸς
1419 1787 1624 1844 ἐκείνον
1681 1787 1907 1867 φίλτρον

257 1887 470 1960 ἑταῖρον
499 1883 815 1956 νομίζουσα’
849 1881 898 1938 εἷ’
936 1879 993 1937 δέ
1021 1903 1103 1944 τις
1150 1885 1251 1936 τοῦ
1309 1879 1432 1954 περὶ
1485 1879 1653 1934 αὐτοῦ
1711 1873 1912 1952 ἔρωτος

263 1972 481 2047 ἀμελεῖ,
533 1972 711 2028 ούκὲτι
766 1970 982 2039 τοῦτον,
1027 1969 1123 2026 κᾶν
1172 1969 1341 2039 αὐτὴν
1387 1967 1680 2043 κολακεύῃ,
1713 1967 1788 2029 ὡς
1832 1967 1915 2021 οἰ-

264 2067 413 2118 κεῖον
459 2063 660 2138 ὁρῶσα.
721 2058 866 2118 ἀλλά
921 2061 1010 2116 καὶ
1065 2058 1300 2134 μάλιστα
1346 2058 1406 2115 ἐκ
1459 2065 1562 2130 τῆς
1628 2055 1918 2122 κολακείας

263 2153 366 2221 τήν
399 2146 700 2220 ἕπιϐουλὴν
763 2149 1161 2218 ὑποπτεύουσα,
1195 2148 1279 2205 ὅτι
1342 2145 1562 2223 ἀμελῶν
1623 2151 1720 2204 τοῦ
1774 2168 1914 2221 νυμ-

264 2241 394 2320 φίου
439 2241 563 2317 περὶ
611 2242 669 2296 ὃν
728 2240 863 2309 αύτὴ
919 2238 1199 2311 ἐπτόηται,
1253 2240 1618 2313 προσποιήτῳ
1665 2241 1734 2312 τῇ
1790 2238 1913 2314 περὶ

260 2332 356 2386 τὸν
444 2329 676 2408 νυμφίον
747 2329 914 2399 αὐτῆς
990 2328 1261 2404 θεραπείᾳ,
1325 2326 1563 2397 δελεάζει
1629 2329 1740 2402 (55)
1819 2326 1911 2401 μὶν

259 2419 465 2491 ταύτην
527 2413 612 2481 ὡς’
648 2423 938 2492 συμπονῶν
989 2419 1127 2492 αὐτῇ
1175 2418 1310 2492 πρὸς
1371 2418 1470 2485 τὴν
1531 2414 1735 2472 ἐκείνου
1792 2413 1915 2489 ἀρέ-

261 2530 465 2576 σκειαν,
497 2507 579 2582 ἐφ’
609 2507 792 2562 ἑαυτὸν
851 2505 911 2562 δὲ
959 2505 1129 2572 αὐτῆς
1181 2507 1270 2560 τὸν
1308 2500 1483 2581 ἔρωτα
1527 2505 1588 2560 ἐκ
1630 2512 1732 2575 τῆς
1791 2523 1913 2559 συν-

261 2603 431 2675 εχοῦς
474 2596 696 2671 ὁμιλίας
747 2599 1049 2670 μεταθεῖναι
1097 2592 1406 2668 σπουδάζει,
1439 2595 1491 2649 ἐν
1551 2597 1914 2673 νυμφαγωγοῦ

264 2689 498 2762 ὀνόματί
528 2709 588 2744 τε
615 2688 706 2743 καὶ
737 2690 984 2763 σχήματι
1020 2687 1221 2761 μοιχὸς
1259 2692 1360 2754 τῆς
1406 2683 1622 2763 νύμφης
1672 2683 1916 2758 πανούρ-

260 2801 378 2855 γως
435 2779 740 2854 γινόμενος.
776 2779 1047 2840 Ἐντεῦθεν
1103 2775 1204 2852 γὰρ
1262 2772 1468 2831 πολλαὶ
1524 2779 1604 2847 τῷ
1652 2780 1753 2844 τῆς
1783 2775 1913 2849 ἀγά-

265 2890 378 2939 πης
416 2863 645 2941 ὀνόματι
698 2861 1016 2942 καταϐραχὺ
1075 2866 1212 2942 πρὸς
1255 2865 1322 2918 τὰ
1367 2870 1469 2934 τῆς
1519 2864 1716 2939 σαρκὸς
1765 2863 1910 2935 πάθη

266 2959 373 3014 ὑπὸ
429 2965 530 3027 τῆς
585 2955 860 3028 συνηθείας
915 2959 1342 3029 κατενεχθεῖσαι,
1385 2953 1581 3029 πόρναι
1639 2954 1726 3008 καὶ
1787 2974 1914 3025 μοι-

266 3045 498 3122 χαλίδες
526 3047 614 3102 καὶ
643 3040 934 3120 ἀλλότριαι
967 3044 1029 3099 ού
1053 3051 1158 3110 τῆσ
1180 3047 1276 3098 τοῦ
1327 3043 1527 3118 Κυρίου
1577 3041 1739 3115 μόνον
1785 3064 1917 3117 νυμ-

266 3136 530 3211 φεύσεως,
564 3133 709 3191 ἀλλά
765 3135 854 3189 καὶ
909 3137 1006 3188 τοῦ
1062 3134 1198 3187 κατὰ
1254 3133 1422 3208 σάρκα
1475 3131 1717 3204 νομίμου
1769 3133 1914 3209 παρὰ

2033 539 2344 596 suetudine
2391 541 2622 614 diliges,
2673 560 3056 616 corrumpens
3107 545 3267 603 illius
3298 564 3580 621 amorem,
3611 566 3679 609 ao

2031 627 2263 684 libidini
2313 631 2628 687 obnoxium
2677 633 2958 702 efﬁciens,
3011 634 3157 692 falso
3207 637 3568 695 nominatam
3613 657 3680 697 ac

2031 719 2275 776 minime
2326 736 2522 776 veram
2571 721 2751 779 habes
2803 723 3170 781 oharitatem.
3227 726 3491 784 Charitas
3522 729 3680 787 enim

2029 809 2224 864 carnis
2257 808 2531 865 libidines
2583 827 2698 866 non
2748 813 2985 885 attingit
3017 829 3029 867 :
3066 830 3169 870 nec
3199 815 3442 873 rationis
3472 833 3680 890 expers

2029 912 2098 952 ex
2155 900 2584 956 consuetudine
2640 901 2877 956 animali
2936 903 3284 974 gravitatem
3335 923 3504 962 suam
3550 908 3682 965 sine

2023 987 2243 1058 judicio
2273 989 2555 1044 transfert
2604 989 2659 1044 in
2694 1006 2952 1062 corpora.
3005 993 3110 1048 Sed
3161 993 3406 1050 rationis
3439 1013 3678 1070 compos

2027 1092 2094 1132 ac
2123 1080 2246 1132 tota
2275 1077 2572 1149 sapientiae
2599 1078 2773 1150 plena
2803 1082 3120 1150 prudenter
3157 1085 3539 1156 semetipsam
3573 1104 3677 1158 pro

2025 1165 2232 1220 merito
2266 1182 2672 1237 personarum,
2697 1173 2762 1223 ut
2791 1185 3025 1240 aequum
3058 1175 3169 1238 est,
3197 1172 3528 1245 impendit;
3565 1176 3676 1231 mi-

2025 1255 2243 1310 nistros
2293 1256 2516 1326 sponsi,
2577 1256 2799 1313 ratione
2848 1264 3086 1330 propter
3133 1259 3301 1316 illum
3351 1263 3671 1334 honorans,

2025 1343 2191 1399 illum
2225 1349 2420 1399 autem
2445 1362 2561 1401 non
2596 1351 2832 1418 propter
2846 1364 2964 1415 eos,
2989 1349 3128 1419 quia
3147 1349 3218 1405 de
3239 1349 3340 1406 illo
3363 1351 3672 1424 loquentes

2024 1432 2208 1502 audit,
2241 1434 2342 1488 sed
2377 1438 2614 1505 propter
2661 1434 2855 1507 ipsum
2887 1436 3124 1506 colens;
3177 1456 3242 1494 ac
3273 1439 3322 1494 si
3353 1442 3482 1511 quis
3513 1442 3673 1501 illius

2025 1525 2251 1577 amator
2280 1525 2388 1589 est,
2421 1523 2678 1578 amicum
2723 1523 2891 1579 illum
2923 1527 2995 1581 ob
3026 1527 3228 1597 sponsi
3258 1546 3517 1586 amorem
3545 1532 3674 1587 exi-

2023 1610 2262 1681 stimat;
2295 1610 2347 1667 si
2377 1613 2510 1683 quis
2540 1616 2735 1668 autem
2766 1612 2926 1668 illius
2967 1631 3220 1671 amorem
3255 1618 3518 1690 negligit,
3552 1636 3669 1675 non

2018 1700 2138 1769 jam
2166 1700 2354 1771 illum,
2387 1701 2621 1757 etiamsi
2642 1706 2992 1774 assentetur,
3017 1708 3081 1758 ut
3105 1705 3451 1763 familiarem
3473 1708 3670 1778 habet,

2029 1790 2130 1845 sed
2163 1789 2416 1845 maxime
2466 1807 2535 1846 ex
2581 1792 2708 1863 ejus
2735 1793 3132 1849 assentatione
3180 1794 3425 1850 insidias
3473 1797 3673 1869 suspi-

2029 1883 2216 1946 catur,
2249 1883 2555 1951 prOpterea
2600 1882 2755 1952 quod
2801 1881 3104 1954 negligens
3153 1900 3457 1955 sponsum,
3498 1903 3675 1958 quem

2021 1967 2121 2023 illa
2151 1969 2495 2040 admiratur,
2528 1969 2806 2026 simulato
2849 1971 3041 2044 ipsius
3072 1974 3277 2045 sponsi
3311 1975 3472 2030 cultu
3517 1975 3673 2034 ines-

2022 2062 2116 2114 cat
2143 2073 2294 2126 eam,
2329 2059 2498 2130 quasi
2535 2058 2728 2132 ipsam
2778 2061 3014 2131 adjuvet
3045 2066 3110 2117 ut
3159 2079 3376 2136 sponso
3408 2063 3671 2136 placeat;

2022 2147 2083 2203 in
2113 2148 2495 2221 semetipsum
2545 2153 2743 2206 autem
2774 2149 2934 2207 illius
2980 2168 3240 2208 amorem
3271 2153 3509 2210 assiduo
3553 2157 3673 2210 col-

2020 2237 2219 2311 loquio
2247 2240 2562 2296 transferre
2606 2245 2871 2309 conatur,
2921 2241 3032 2296 sub
3065 2242 3316 2312 pronubi
3349 2243 3586 2299 nomine
3615 2247 3674 2299 et

2023 2329 2217 2400 specie
2265 2329 2496 2386 adulter
2542 2347 2770 2402 sponsa;
2819 2329 3216 2386 fraudulenter
3266 2332 3476 2388 factus.
3523 2333 3670 2389 Hinc

2021 2417 2178 2473 enim
2211 2419 2409 2474 multa;
2440 2419 2741 2475 charitatis
2773 2419 3010 2474 nomine
3040 2419 3325 2492 paulatim
3369 2422 3441 2475 ad
3474 2421 3669 2478 carnis

2022 2507 2296 2564 libidines
2327 2524 2393 2563 ex
2425 2508 2851 2564 consuetudine
2878 2512 2935 2564 et
2967 2507 3363 2565 familiaritate
3394 2508 3670 2582 delapsas,

2025 2597 2360 2653 meretrices
2406 2602 2464 2653 et
2510 2597 2786 2653 adulterae
2840 2614 2905 2653 ac
2955 2615 3069 2654 non
3118 2598 3310 2654 solum
3360 2616 3394 2655 a
3439 2600 3674 2656 Domini

2023 2687 2420 2758 sponsalibus,
2453 2687 2555 2743 sed
2586 2687 2762 2742 etiam
2793 2704 2826 2742 a
2856 2687 3076 2742 carnali
3110 2687 3485 2744 matrimonio
3517 2690 3673 2760 apud

2021 2775 2294 2831 homines
2325 2775 2588 2847 legitimo
2619 2775 2822 2830 alienae
2865 2793 3105 2848 prorsus
3134 2777 3677 2848 deprehenduntur.

2023 2865 2169 2920 Nam
2219 2880 2355 2920 eum
2403 2863 2800 2938 virginitatem
2847 2865 3090 2920 Domino
3138 2865 3420 2934 voverint,
3473 2872 3680 2937 postea

2023 2953 2218 3010 carnis
2249 2953 2652 3026 voluptatibus
2683 2953 2866 3020 victa,
2901 2954 3090 3026 stupri
3123 2960 3426 3025 peccatum
3470 2955 3680 3010 matri-

2025 3043 2209 3100 monii
2243 3044 2478 3098 nomine
2524 3047 2838 3115 praetexere
2884 3041 3087 3099 volunt
3118 3059 3131 3098 :
3168 3059 3283 3098 non
3316 3044 3680 3116 ignorantes,

2025 3134 2259 3207 opinor,
2291 3132 2562 3203 quamvis
2595 3132 3022 3204 ignorationem
3067 3149 3182 3204 pra:
3213 3149 3276 3188 se
3309 3134 3514 3200 ferant,
3549 3150 3679 3189 eam

267 3207 581 3299 ἀνθρώποις
635 3225 819 3300 γάμου
876 3222 1211 3278 παντάπασιν
1271 3207 1718 3297 ἀπηλέγχθησαν.
1771 3207 1912 3297 Παρ-

2030 3241 2155 3296 quaa
2187 3223 2384 3278 datam
2430 3237 2647 3293 sponso
2697 3237 2804 3277 suo
2853 3223 3148 3277 dexteram
3195 3221 3450 3291 violavit,
3493 3237 3680 3293 neque

267 3316 448 3378 θενίαν
503 3313 604 3388 γάρ
661 3317 740 3384 τῷ
789 3311 970 3387 Κυρίῳ
1019 3307 1493 3387 ἐπαγγειλάμεναι,
1527 3311 1622 3374 εἶθ’
1656 3310 1760 3365 ὑπὸ
1805 3312 1912 3366 τῶν

265 3403 467 3477 σαρκὸς
520 3399 734 3472 ἡδονῶν
781 3405 1105 3472 νικηθεῖσαι,
1139 3401 1238 3470 τὴν
1296 3406 1397 3468 τῆς
1446 3397 1700 3474 πορνείας
1750 3401 1918 3474 ἀμαρ-

258 3492 384 3548 τίαν
440 3492 621 3566 γάμου
682 3490 910 3564 ὀνόματι
981 3485 1354 3566 περιστᾶλλειν
1438 3487 1712 3543 ἐθέλουσιν
1750 3507 1764 3520 ·
1825 3489 1922 3545 οὐκ

2026 3312 2190 3368 illius
2221 3327 2496 3382 sponsam
2528 3325 2869 3382 esse,quem
2889 3309 3195 3382 illegitime
3213 3309 3467 3382 reliquit,
3493 3327 3681 3383 neque

2029 3401 2211 3470 illius,
2245 3401 2338 3456 cui
2369 3417 2430 3456 se
2460 3415 2564 3471 per
2591 3399 2896 3454 libidinem
2921 3400 3139 3471 junxit,
3166 3401 3491 3456 secundum
3523 3399 3681 3474 leges

2031 3507 2270 3547 uxorem
2303 3489 2482 3545 videri
2515 3505 2708 3561 posse.

262 3581 579 3654 ἀγνοοῦσαι,
628 3583 807 3653 οἶμαι,
859 3575 953 3634 κᾶν
1015 3576 1231 3654 ἄγνοιαν
1289 3573 1355 3647 δὴ
1415 3582 1840 3651 προσποιῶνται,
1873 3580 1958 3634 δτι
2011 3580 2046 3648 ἡ
2097 3572 2384 3653 παραϐᾶσα
2439 3577 2534 3638 τὰς
2594 3577 2731 3653 πρὸς
2783 3576 2874 3632 τὸν
2935 3576 3167 3654 νυμφίον
3229 3578 3423 3647 ἑαυτῆς
3484 3575 3679 3649 δεξιὰς,

266 3668 393 3726 οὔτε
448 3669 644 3725 τούτου
704 3668 815 3724 ἐστὶ
863 3667 1071 3746 νύμφη,
1103 3667 1160 3722 ’ὸν
1221 3666 1554 3742 παρανόμως
1613 3665 1924 3740 κατέλιπεν,
1957 3665 2069 3723 οὔτ’
2127 3665 2353 3735 ἐκείνου,
2387 3665 2432 3739 ᾦ
2486 3663 2575 3720 διὰ
2628 3668 2801 3730 πάθος
2861 3661 3062 3737 ἔζευξεν
3123 3668 3336 3737 ἑαυτὴν,
3396 3666 3533 3723 κατᾶ
3586 3666 3682 3722 νό-

274 3781 412 3832 μους
437 3759 573 3835 γυνή
599 3755 818 3812 δύναται
853 3757 1155 3830 εὑρεθῆναι.

336 3851 428 3906 38.
460 3847 590 3902 Τότε
619 3848 720 3923 γὰρ
751 3847 992 3919 νόμιμος
1024 3846 1135 3916 (56)
1167 3843 1257 3898 καὶ
1290 3865 1426 3898 κατα
1455 3843 1549 3905 τὰς
1600 3843 1743 3908 θείας
1776 3851 1916 3920 Γρα-

264 3939 371 4013 φάς
402 3936 710 3991 συνίσταται
741 3934 936 4009 γάμος,
968 3932 1091 3988 ὅταν
1130 3935 1204 4006 μή
1239 3931 1408 3996 πάθος
1449 3929 1654 4002 ἡδονῆς
1709 3952 1921 4008 προκα..

261 4021 478 4100 ταλάϐῃ
533 4028 631 4079 τοῦ
689 4024 863 4096 νόμου
918 4023 1016 4091 τὴν
1079 4021 1292 4097 χρείαν,
1326 4020 1594 4096 λογισμὸς
1626 4019 1682 4077 δὲ
1708 4026 1807 4077 τοῦ
1863 4043 1922 4077 τε

267 4115 347 4177 είς
385 4116 641 4189 βοήθειαν
673 4110 966 4186 ἀναγκαίου
991 4112 1080 4166 καὶ
1108 4113 1207 4180 τῆς
1237 4115 1345 4165 τῶν
1397 4107 1605 4164 παίδων
1651 4108 1920 4186 διαδοχῆς

261 4209 363 4260 τοῦ
389 4206 570 4280 γάμου
600 4203 860 4277 προσθείς
910 4200 1001 4256 τὸν
1056 4201 1282 4269 σκοπὸν,
1313 4199 1500 4274 τίμιον
1549 4196 1720 4266 ὅντως
1781 4222 1920 4275 μνη-

267 4293 429 4367 στεύῃ
486 4294 577 4348 τὸν
626 4293 830 4367 γάμον.
875 4294 1006 4347 ’Ότε
1060 4294 1167 4344 τῶν
1226 4288 1532 4364 ἀναγκαίων
1589 4295 1686 4346 τοῦ
1742 4291 1921 4366 γάμου

265 4381 695 4459 προειληφότων
746 4384 828 4451 τῷ
879 4377 1148 4454 λογισμῷ,
1197 4379 1287 4433 καὶ
1340 4377 1610 4454 κρηπῖδος
1663 4378 1817 4453 ἁγίας
1867 4378 1921 4433 ἐν

268 4470 453 4544 Κυρίῳ
510 4469 648 4525 κατᾶ
722 4469 927 4541 νόμους
1006 4467 1270 4539 τεθείσης,
1334 4465 1764 4541 ἐπακολούθημα
1826 4472 1923 4522 τοῦ

267 4561 406 4615 κατᾶ
435 4559 530 4614 τὸν
561 4557 734 4634 γάμον
795 4555 1112 4632 ἀναγκαίου,
1141 4559 1175 4626 ἡ
1209 4555 1268 4611 ἐκ
1325 4563 1426 4626 τῆς
1488 4555 1686 4629 μίξεως
1725 4554 1920 4627 ἡδονή,

275 4650 404 4721 μίαν
467 4647 639 4723 σάρκα
691 4647 788 4715 τήν
845 4642 942 4700 δύο
1028 4650 1260 4700 ποιοῦσα
1316 4644 1636 4722 εὑρίσκεται.
1699 4642 1920 4713 Ἐπειδή

270 4718 378 4813 γὰρ
411 4738 440 4792 ὁ
471 4718 714 4812 ἰννψυχῇ
743 4735 1014 4811 λογισμὸς
1056 4735 1152 4797 τὰς
1205 4718 1389 4811 ψυχάξ
1434 4729 1752 4810 προλαϐὼν,
1784 4733 1923 4789 κατὰ
1955 4718 1998 4781 D

270 4829 333 4882 τὸ
367 4825 695 4904 φαινόμενον
749 4826 1039 4900 ἀναγκαῖον
1079 4827 1333 4898 συνῆψεν.
1391 4823 1616 4886 εἰκότως
1663 4843 1920 4899 προηνω-

280 4918 466 4990 μὲναις
527 4914 748 4976 ταύταις
803 4914 892 4968 καὶ
943 4917 977 4983 ἠ
1029 4917 1136 4969 τῶν
1191 4917 1401 4990 σαρκῶν
1428 4917 1538 4968 τῶν
1568 4911 1619 4966 ἐν
1653 4913 1736 4974 αἷς
1787 4912 1918 4967 εἰσιν

275 5005 502 5080 ἔννομος
557 5001 750 5066 ἓνωσις
801 5002 1194 5074 ἠκολούθησεν.
1243 5004 1407 5060 Ὅταν
1455 4999 1513 5057 δὲ
1566 5005 1673 5056 τῶν
1725 5003 1918 5076 ψυχῶν

276 5095 417 5153 ἄλλο
465 5096 566 5164 τὴν
617 5094 796 5170 ἀρχὴν
841 5091 1214 5167 προθεμένων,
1247 5093 1304 5148 α⁷ι
1368 5092 1556 5168 σάρκες
1606 5088 1676 5146 δι’
1717 5089 1919 5161 ἡδονὴν

270 5187 339 5242 τὰ
404 5185 581 5242 οίκεῖα
632 5181 1204 5258 πραγματευσάμεναι,
1257 5185 1354 5247 τὰς
1403 5181 1456 5237 ἐν
1505 5179 1690 5242 αὐταῖς
1741 5181 1922 5258 ψυχὰς

344 5368 457 5438 (54)
487 5367 666 5437 Πάθη.
717 5364 808 5421 Sic
845 5363 1030 5438 reditio
1076 5364 1298 5438 Veneta
1336 5369 1393 5421 et
1437 5382 1538 5422 sex
1586 5384 1731 5424 mss.
1766 5367 1930 5424 Pari-

274 5440 491 5530 siepsis
522 5439 722 5510 editio,
753 5437 964 5494 παθῶν.
998 5437 1191 5496 Codex
1227 5438 1553 5496 Mazarinus
1584 5440 1700 5498 alia
1724 5457 1927 5509 manu,

274 5513 502 5659 “1:52;.
525 5583 896 5660 Ηροεποιήτφ
934 5584 1089 5660 ,τῆνο
1157 5579 1434 5657 θεραπείᾳ,
1503 5578 1764 5660 δελεάζει.
1784 5654 1799 5660 Δ
1826 5585 1930 5644 Co-

279 5654 391 5716 dex
443 5654 738 5718 recentior
791 5654 1075 5729 comma,
1131 5654 1576 5731 προσποιεῖται...
1627 5657 1726 5728 τήν
1777 5654 1934 5730 θερα-

604 5787 862 5848 Panos.
915 5788 1024 5850 Ga.
1073 5786 1264 5848 XXX.

2099 3847 2190 3902 38.
2242 3847 2408 3901 Tune
2456 3844 2612 3899 enim
2663 3843 2924 3916 legitime
2973 3850 3030 3901 et
3078 3848 3403 3902 secundum
3451 3847 3682 3904 divinas

2029 3935 2360 4006 Scripturas
2410 3932 2856 3988 matrimonium
2906 3934 3296 4004 contrahitur,
3346 3951 3479 3991 cum
3529 3936 3682 3992 653

2029 4023 2349 4095 voluptatis
2382 4038 2548 4077 amor
2577 4037 2691 4075 non
2740 4021 3033 4093 praevertit
3063 4021 3211 4094 legis
3241 4026 3679 4095 necessitatem,

2031 4113 2133 4168 sed
2166 4110 2441 4183 cogitatio
2476 4110 2788 4164 necessarii
2823 4109 3023 4164 auxilii
3055 4115 3113 4166 et
3143 4110 3459 4167 liberorum
3487 4128 3682 4168 susce-

2030 4199 2246 4275 ptionis
2278 4198 2576 4273 proposita
2597 4198 2972 4256 matrimonio
2991 4214 3123 4256 vere
3153 4200 3526 4259 honorabiles
3547 4219 3683 4258 con-

2031 4292 2192 4348 ciliat
2221 4290 2478 4363 nuptias.
2528 4290 2674 4346 Cum
2725 4288 3073 4346 necessitate
3120 4290 3481 4346 matrimonii
3515 4293 3680 4364 prius

2031 4382 2228 4438 animo
2277 4384 2577 4451 concepta,
2627 4383 2683 4436 et
2713 4385 2913 4436 sancto
2961 4379 3021 4435 in
3072 4380 3320 4436 Domino
3353 4384 3682 4439 secundum

2030 4471 2188 4544 leges
2213 4471 2366 4541 jacto
2416 4471 2820 4538 fundamento,
2867 4470 3159 4542 appendix
3190 4471 3550 4526 matrimonii
3583 4489 3685 4529 ne-

2032 4560 2327 4615 cessitatis
2359 4575 2490 4614 esse
2512 4559 2992 4630 deprehenditur,
3013 4559 3364 4616 concubitus
3385 4560 3682 4634 voluptas,

2033 4663 2161 4718 quae
2193 4663 2425 4701 carnem
2461 4646 2712 4701 duorum
2747 4664 2927 4703 unam
2973 4647 3170 4703 efficit.
3205 4649 3491 4713 Quoniam
3528 4651 3684 4706 enim

2031 4735 2240 4791 animae
2271 4735 2449 4790 insita
2467 4735 2614 4790 ratio
2633 4736 2862 4792 animas
2879 4736 2938 4790 in
2959 4741 3330 4792 antecessum
3355 4739 3684 4795 secundum

2029 4824 2213 4890 illam,
2249 4841 2375 4895 quae
2407 4829 2668 4896 apparet,
2693 4826 3101 4880 necessitatem
3136 4827 3684 4897 conjunxit,merito

2031 4913 2364 4970 animarum
2395 4913 2866 4984 conjunctionem
2885 4915 3062 4970 etiam
3085 4915 3351 4970 carnium
3383 4916 3442 4972 in
3467 4918 3684 4990 quibus

2032 5002 2359 5058 versantur'
2395 5003 2658 5075 legitima
2715 5005 3050 5075 conjunctio
3117 5007 3514 5078 consequitur.
3572 5008 3682 5063 Sed

2032 5108 2167 5149 eum
2198 5091 2511 5148 animabus
2540 5092 2700 5149 aliud
2733 5093 2844 5148 sibi
2893 5095 2964 5150 ab
2996 5094 3162 5151 initio
3196 5097 3680 5168 proponentibus,

2031 5198 2238 5238 carnes
2285 5183 2356 5237 ob
2405 5181 2762 5254 voluptatem
2811 5199 2878 5240 ea
2928 5201 3054 5257 quae
3104 5184 3214 5241 sibi
3266 5184 3500 5256 propria
3543 5189 3684 5240 sunt

2038 5363 2190 5421 πείαν
2221 5360 2309 5420 καὶ
2343 5359 2602 5428 δελεάζει.

2110 5434 2533 5511 (56)ίΝόμιμος.
2583 5434 2940 5511 (ἶοιδονῐκβῐ
2983 5452 3140 5511 unus
3189 5437 3512 5511 ex_Regiis,
3553 5455 3684 5508 νομι

2046 5501 2348 5580 μώςζΝοιί
2368 5501 2542 5580 longe
2589 5507 2796 5563 vocula
2842 5501 2899 5580 δὲ
2929 5507 3128 5580 addita
3177 5524 3206 5561 e
3239 5501 3507 5580 pluribus
3536 5501 3685 5580 ms's.

2043 5577 2220 5709 Pa‘ulo
2251 5584 2384 5656 post
2414 5577 2562 5637 satis
2592 5579 2895 5636 commode
2924 5577 3382 5652 legeretur,'-cdre
3408 5583 3516 5634 τῶν
3550 5579 3687 5657 ἀναγ

2043 5675 2109 5709 κα
2137 5674 2233 5709 ων.

2043 5674 2233 5711 καιων.

3290 5781 3367 5840 24
