4134 6224
345 323 356 328 ’
430 316 553 377 747

1375 309 1771 372 ΑΡΡΕΝΠΙΧ
1817 308 2144 373 OPERUM
2188 309 2253 373 S.
2297 309 2583 374 BASlLll
2627 310 2902 374 MAGNI.

3728 306 3858 369 ’148

427 450 776 521 qumrentes,
803 444 1035 501 animas
1067 461 1193 516 qua;
1225 443 1286 498 in
1318 443 1464 516 ipsis
1488 443 1767 513 resident,
1802 443 1942 499 vitio
1981 460 2079 500 sua

2199 445 2278 513 τῷ
2301 442 2415 496 κατ’
2447 441 2613 505 αὐτὰς
2665 443 2822 497 πάθει
2873 438 3234 503 δουλευοόσας
3274 439 3578 508 ἐνώσωσιν,
3611 437 3857 495 ἀκολού-

429 536 828 608 emancipatas
857 534 1307 604 conjunxerunt,
1341 533 1633 606 appendix
1663 533 1860 588 carnis
1893 533 2086 589 malo-

429 644 561 683 rum
609 627 771 681 factie
802 625 1010 680 anima:
1060 623 1331 695 iniquum
1378 623 1755 678 concubitum
1810 623 2084 678 reddunt.

429 715 532 771 Cui
591 715 745 770 enim
797 712 956 784 operi
1005 727 1109 767 nec
1158 711 1336 767 insita
1385 711 1593 767 anime:
1649 711 1797 766 ratio
1845 726 1950 766 nec
1997 710 2091 766 lex

429 803 670 877 presivit,
704 801 849 856 illud
883 818 916 856 a
947 800 1328 866 conscientia,
1363 803 1427 855 ut
1475 800 1639 856 omni
1670 816 1738 855 ex
1770 805 1930 871 parte
1961 799 2088 854 ille-

426 891 721 964 gitimum,
745 890 1084 944 damnatur.
1125 888 1458 960 Propterea,
1482 888 1696 960 inquit,
1718 889 1937 945 Mulier
1954 889 2089 943 alli-

423 988 563 1052 gata
593 983 668 1034 est
699 979 829 1050 legi,
859 981 1062 1048 quanto
1093 982 1335 1049 tempore
1386 978 1523 1032 vivit
1557 979 1644 1032 vir
1674 980 1818 1049 ejus.
1851 977 2010 1048 Quod
2039 978 2090 1031 εἰ

421 1079 677 1124 mortuus
731 1068 915 1137 fuerit
959 1067 1069 1135 vir,
1121 1066 1294 1121 libera
1322 1075 1400 1122 est
1453 1068 1549 1123 cui
1575 1068 1696 1122 vult
1741 1067 1936 1137 nubat,
1969 1083 2084 1122 non

422 1155 789 1227 simpliciter,
821 1155 912 1210 sed
962 1158 1178 1210 tantum
1229 1156 1288 1210 in
1341 1157 1598 1225 Domino,
1633 1157 1825 1226 inquit
1858 1156 1922 1226 1⁵,
1950 1155 2085 1225 quia

421 1250 478 1301 et
508 1262 634 1317 qua)
666 1247 851 1298 morte
882 1243 990 1298 viri
1025 1242 1203 1298 libera
1243 1245 1314 1299 ad
1369 1245 1608 1315 nuptias
1640 1244 1793 1300 facta
1823 1249 1935 1310 est,
1967 1261 2082 1298 non

423 1334 564 1407 quia
594 1332 837 1390 liberata
869 1335 960 1387 est
991 1330 1362 1402 simpliciter,
1397 1333 1500 1388 sed
1540 1333 1598 1386 in
1633 1332 1881 1388 Domino
1914 1333 2087 1387 debet

425 1423 665 1478 nubere.
698 1421 844 1487 Quid
877 1425 968 1475 est
999 1425 1196 1475 autem
1220 1420 1277 1474 in
1308 1420 1556 1477 Domino
1589 1421 1833 1493 nuptias
1856 1425 2086 1476 contra-

424 1513 561 1568 here
580 1511 607 1565 ?
638 1511 762 1566 Non
793 1509 986 1564 carnis
1006 1508 1412 1580 voluptatibus
1443 1510 1513 1564 ad
1542 1509 1922 1566 concubitum
1948 1514 2084 1564 ante

425 1599 706 1673 pertrahi,
741 1599 840 1654 sed
890 1597 1268 1669 dijudicando
1320 1598 1377 1652 id
1412 1599 1568 1670 quod
1601 1598 1745 1654 utile
1776 1599 1846 1654 ad
1879 1597 2081 1662 vitam,

426 1689 638 1759 eligere
668 1686 926 1759 nuptias.
961 1688 1270 1758 Propterea
1299 1686 1477 1742 etiam
1510 1688 1921 1744 necessitatem
1953 1702 2082 1742 ma-

423 1777 681 1834 trimonii
714 1778 946 1833 Creator
974 1777 1034 1831 in
1067 1779 1276 1832 natura
1305 1777 1590 1833 instituit.

495 1954 584 2010 39.
615 1955 778 2019 Quod
811 1953 859 2010 si
895 1953 1015 2009 haec
1043 1953 1128 2008 ita
1157 1970 1219 2010 se
1248 1953 1493 2023 habent,
1527 1969 1599 2010 ne
1641 1969 1770 2011 sese
1801 1954 2079 2026 decipiat,

426 2043 695 2115 inquam,
743 2059 873 2116 qua
921 2059 990 2098 ex
1045 2042 1376 2112 virginitate
1435 2044 1494 2098 in
1553 2043 1746 2099 carnis
1805 2043 2080 2099 libidines

426 2133 668 2206 delapsa
696 2137 804 2198 est,
838 2132 978 2204 quia
1026 2132 1470 2188 matrimonium
1531 2131 1616 2187 illi
1657 2134 1730 2188 ad
1777 2137 2082 2203 peccatum

426 2223 834 2294 imputabitur.
871 2221 1127 2277 Primum
1160 2221 1422 2292 quidem,
1447 2219 1586 2292 quia
1617 2221 1834 2276 malam
1866 2221 2077 2287 basim,

428 2311 774 2368 concubitus
797 2309 1153 2381 voluptatem
1179 2314 1237 2365 et
1262 2309 1754 2381 praevaricationis
1778 2313 2080 2380 peccatum

430 2400 543 2456 sibi
575 2403 703 2470 ipsa
731 2399 928 2471 posuit
951 2416 964 2466 ;
1007 2398 1216 2454 deinde
1237 2415 1392 2464 vero,
1420 2399 1576 2469 quod
1599 2414 1733 2454 cum
1763 2397 1944 2454 libera
1965 2413 2080 2452 non

431 2494 586 2545 esset
612 2490 752 2559 (non
784 2487 941 2542 enim
990 2491 1258 2543 mortuus
1307 2491 1397 2542 est
1426 2487 1513 2542 vir
1539 2488 1690 2557 eius,
1743 2491 1807 2542 ut
1835 2486 1928 2543 cui
1958 2486 2084 2541 vult

432 2577 658 2644 nubat),
692 2575 917 2630 vivente
956 2575 1277 2631 immortali
1307 2576 1431 2632 viro
1462 2577 1730 2631 adultera
1759 2575 2080 2640 vocabitur,

431 2665 736 2723 mortalem
769 2665 841 2721 ob
873 2665 1067 2721 carnis
1095 2663 1372 2720 libidines
1396 2665 1455 2718 in
1489 2663 1721 2720 Domini
1752 2664 2081 2722 thalamum

428 2755 833 2812 introducens.
866 2755 1030 2820 Quod
1064 2753 1218 2809 enim
1250 2756 1476 2824 spectat
1494 2754 1567 2809 ad
1597 2753 1929 2826 legitimum
1962 2771 2084 2810 ma-

424 2845 774 2902 trimonium
825 2861 858 2900 a
907 2858 1122 2915 sponso
1171 2846 1544 2914 occupatum,
1594 2843 1945 2913 virginitatis
1977 2843 2084 2898 ha-

427 2934 606 3000 bitus,
659 2934 806 2988 datis
864 2932 1136 2995 dexteris,
1184 2946 1497 3002 processus
1544 2931 1604 2986 in
1653 2931 1952 3003 publicum
2009 2933 2082 2988 ob

420 3023 633 3079 initum
667 3038 801 3078 cum
832 3020 933 3077 illo
987 3019 1196 3086 foedus,
1227 3035 1426 3075 coram
1475 3020 1751 3076 omnibus
1789 3025 2084 3076 testantur

419 3127 549 3168 eam
581 3111 654 3166 de
682 3110 802 3176 illo,
831 3112 895 3164 ut
938 3108 1086 3176 viro,
1126 3107 1510 3179 gloriantem,
1543 3108 1604 3163 in
1653 3109 1979 3180 publicum,
2015 3125 2082 3164 eo

2109 1823 2159 1887 Β

2199 542 2350 603 θημα
2405 535 2513 586 τῶν
2576 533 2772 606 σαρκὸς
2817 534 2996 585 κακῶν
3052 527 3331 604 γινόμεναι
3362 528 3416 582 αἱ
3447 527 3655 604 ψυχαὶ,
3684 528 3860 603 παρά-

2197 641 2363 693 νομον
2421 622 2520 690 τήν
2583 619 2726 693 μίξιν
2798 619 3135 694 ἐργάζονται.
3189 618 3260 671 Οὗ
3339 618 3442 692 γὰρ
3499 618 3527 672 6
3583 618 3636 671 ὲν
3694 619 3854 690 ψυχῇ

2198 708 2366 784 λόγος
2425 710 2511 764 καὶ
2565 710 2736 782 νόμος
2789 709 2899 784 οὐχ
2946 710 3191 782 ἡγήσατο
3225 703 3404 782 ἔργου,
3429 710 3592 761 τοῦτο
3645 708 3858 760 παντά-

2195 819 2355 853 πασιν
2405 818 2722 871 παράνομον
2783 795 2888 852 ὕπὸ
2957 803 3058 866 τῆς
3130 793 3488 867 συνειδήσεως
3545 793 3862 865 ἐστηλίτευο

2193 907 2321 944 ται.
2377 887 2473 941 Διά
2544 891 2748 959 τοῦτο,
2802 887 2976 964 φησὶ,
3047 886 3186 954 Γυνή
3247 882 3451 940 δέδεται
3515 885 3707 957 νόμῳ,
3773 883 3856 960 ἐφ’

2195 975 2317 1032 ὅσον
2377 976 2578 1052 χρόνον
2643 979 2707 1050 ζῇ
2767 976 2795 1030 6
2851 975 2989 1049 ἀνὴρ
3046 973 3234 1043 αύτῆς.
3294 975 3418 1031 Ἐάν
3479 971 3537 1028 δὶ
3595 974 3851 1046 ἀποθάνῃ

2195 1067 2223 1121 6
2275 1065 2434 1140 ἀνὴρ,
2491 1063 2745 1140 ἐλευθέρα
2800 1062 2942 1118 ἐστὶν
2997 1064 3043 1135 ᾧ
3118 1061 3264 1118 θέλει
3319 1064 3679 1139 γαμηθῆναι’
3744 1062 3856 1138 οὐχ

2195 1152 2405 1222 ἁπλῶς,
2465 1151 2609 1209 ἀλλά
2684 1153 2844 1226 μόνον
2907 1151 2958 1207 ἰν
3022 1151 3226 1227 Κυρίῳ,
3289 1151 3488 1229 φησίνο
3541 1151 3624 1206 ὅτι
3684 1152 3778 1205 καὶ
3819 1155 3855 1220 ἡ

2189 1247 2271 1314 τῷ
2326 1243 2536 1315 θανάτῳ
2588 1247 2685 1297 τοῦ
2735 1239 2932 1317 ἀνδρὸς
2987 1240 3244 1317 ἐλευθέρα
3273 1241 3538 1317 γενομένη
3571 1242 3687 1314 (57)
3713 1241 3858 1314 πρὸς

2191 1331 2390 1406 γάμον,
2443 1332 2550 1406 οὐχ
2603 1330 2684 1385 δτι
2734 1329 3091 1405 ἠλευθερώθη
3143 1328 3356 1396 ἁπλῶς,
3387 1327 3516 1384 ἀλλ’
3565 1328 3617 1384 ἐν
3661 1329 3856 1402 Κυρίῳ

2192 1418 2400 1496 οφείλει
2458 1427 2660 1492 γῆμαι.
2694 1417 2760 1476 Τί
2810 1417 2866 1473 δέ
2919 1417 3032 1473 ἑστι
3078 1420 3141 1473 τὸ
3191 1417 3242 1472 ἐν
3298 1419 3478 1494 Κυρίῳ
3516 1418 3609 1473 τὸν
3670 1418 3852 1492 γάμον

2192 1515 2482 1577 συστῆναις
2538 1507 2616 1564 Τὸ
2678 1509 2753 1580 μὴ
2814 1514 3262 1583 προϋποσυρῆναι
3323 1507 3425 1562 ὑπὸ
3480 1511 3588 1562 τῶν
3647 1506 3853 1580 σαρκὸς

2190 1594 2406 1666 ἡδονῶν
2465 1597 2604 1672 πρὸς
2651 1598 2751 1666 τήν
2817 1596 2980 1670 μίξιν,
3041 1595 3185 1652 ἀλλὰ
3254 1596 3428 1670 κρίσει
3483 1600 3580 1651 τοῦ
3640 1594 3854 1650 λυσιτε-

2193 1691 2419 1747 Λοῦντος
2467 1686 2604 1759 πρὸς
2649 1687 2744 1740 τὸν
2803 1685 2944 1761 βίον,
2978 1684 3192 1740 ἑλέσθαι
3239 1686 3330 1741 τὸν
3375 1685 3572 1759 γάμον.
3601 1686 3695 1739 Διὸ
3757 1683 3850 1738 καὶ

2191 1776 2252 1830 τὸ
2284 1775 2575 1850 ἀναγκαῖον
2625 1779 2722 1829 τοῦ
2769 1774 2946 1849 γάμου
2980 1775 3008 1829 6
3041 1775 3284 1844 Ποιητὴς
3325 1773 3378 1828 ἂν
3425 1777 3493 1849 τῇ
3535 1773 3691 1852 φύσει
3744 1772 3828 1829 διε

2187 1865 2401 1936 τάξατο.

2260 1955 2350 2010 39.
2409 1951 2478 2010 Ei
2534 1951 2592 2007 δὶ
2646 1957 2812 2008 ταῦτα
2883 1956 3077 2008 τοῦτον
3141 1951 3259 2028 ἔχει
3330 1953 3420 2008 τὸν
3477 1952 3703 2027 τρόπον,
3770 1955 3847 2026 μὴ

2189 2042 2447 2098 ἀπατάτω
2480 2044 2702 2111 ὲαυτῆν,
2735 2041 2963 2121 φημῖ,ἡ
3019 2041 3124 2096 ἀπὸ
3177 2043 3462 2117 παρθενίας
3520 2041 3594 2103 εἰς
3652 2043 3853 2118 σαρκὸς

2188 2132 2334 2200 πάθη
2367 2132 2773 2206 κατενεχθεῖσα,
2806 2130 2888 2184 ὅτι
2919 2131 3094 2206 γάμος
3131 2130 3268 2205 αὐτῇ
3317 2130 3392 2190 εἷς
3436 2131 3502 2185 τὰ
3547 2129 3854 2206 ἁμάρτημα

2191 2218 2595 2296 λογισθήσεται.
2645 2224 2868 2293 Πρῶτον
2920 2219 3048 2292 μὲν,
3106 2218 3189 2274 ὅτι
3237 2221 3407 2289 κακὴν
3460 2217 3704 2291 κρηπῖδα
3754 2227 3858 2288 τῆς

2192 2308 2521 2382 συμπλοκῆς
2558 2309 2656 2375 τὴν
2711 2305 2939 2378 ἡδονὴν,
2987 2308 3076 2362 καὶ
3135 2310 3235 2376 τήν
3309 2311 3407 2378 τῆς
3492 2303 3855 2380 παραϐάσεως

2191 2397 2455 2473 ἁμαρτίαν
2535 2395 2698 2471 ἑαυτῇ
2775 2399 2889 2469 (58)
2947 2391 3314 2451 κατεϐάλετο·
3375 2392 3540 2452 ἔπειθ’
3596 2396 3679 2452 ὅτι
3754 2397 3858 2451 οὐκ

2193 2483 2325 2539 οὖσα
2375 2482 2630 2560 ἰλευθέρα
2675 2485 2762 2557 (οὐ
2807 2485 2908 2560 γὰρ
2957 2485 3215 2549 ἀπέθανεν
3269 2485 3436 2554 αὐτῆς
3481 2486 3508 2539 6
3558 2485 3718 2559 ἀνὴρ,
3759 2484 3855 2539 ’ίνα

2193 2574 2238 2645 ᾧ
2297 2573 2552 2648 βούλεται
2617 2576 2892 2648 γαμῃθῇ),
2928 2579 3127 2643 ζῶντος
3174 2578 3272 2630 τοῦ
3331 2574 3597 2637 ἀθανάτου
3659 2572 3853 2650 ἀνδρὸς

2197 2663 2468 2739 μοιχαλὶς
2525 2663 2880 2738 χρηματίσει,
2941 2664 3134 2732 θνητὸν
3184 2661 3272 2717 διὰ
3326 2663 3470 2733 πάθη
3524 2663 3722 2738 σαρκὸς
3776 2669 3856 2735 τῷ

2189 2757 2288 2806 τοῦ
2321 2751 2517 2825 Κυρίου
2544 2756 2731 2823 παστῷ
2761 2750 3143 2825 ἐπεισάγουσα.
3177 2755 3300 2810 ’Ότι
3364 2753 3459 2825 μὲν
3507 2753 3608 2828 γάρ
3661 2754 3854 2826 προεί-

2193 2839 2338 2918 ληφε
2383 2842 2450 2895 τὰ
2498 2845 2594 2896 τοῦ
2650 2842 2830 2916 γάμου
2888 2840 3099 2914 νόμιμα
3160 2842 3189 2894 6
3246 2840 3498 2917 νυμφίος,
3530 2842 3592 2896 τὸ
3653 2848 3855 2916 σχῆμα

2191 2934 2291 2994 τῆς
2336 2929 2648 3006 παρθενίας,
2691 2930 2747 2983 αἱ
2799 2926 2988 3001 δεξιαὶ,
3021 2930 3054 2998 ἡ
3105 2929 3187 2984 ἔπ’
3238 2928 3428 3001 ἐκείνῳ
3474 2927 3713 3002 πρόοδος
3763 2928 3855 2984 ἐπὶ

2192 3019 2409 3073 πάντων
2477 3023 2760 3092 μαρτυρεῖ,
2794 3019 2877 3071 ὅτι
2929 3017 3076 3090 αὐτῷ
3118 3015 3272 3092 ἀνδρὶ
3321 3017 3694 3090 σεμνυνομένη
3750 3019 3850 3079 τὰς

2195 3107 2281 3161 ἐπὶ
2341 3111 2421 3179 τῷ
2479 3105 2844 3182 προειληφότι
2896 3103 3047 3181 ἀνδρὶ
3099 3104 3369 3182 προόδους
3421 3106 3752 3178 ἐπόμπευεν,
3789 3107 3853 3163 Εἰ

424 3199 582 3272 quod
615 3201 1015 3270 praaoccupata
1067 3200 1225 3251 esset
1273 3212 1308 3251 a
1337 3196 1481 3262 viro,
1530 3197 1814 3268 prodisse.
1850 3197 1996 3252 Nam
2028 3197 2078 3253 si

2192 3198 2294 3272 γάρ
2353 3195 2414 3250 οὐ
2468 3195 2733 3277 πρότερον
2790 3200 2897 3250 τῶν
2956 3196 3222 3269 πατρῴων
3280 3195 3541 3268 θαλάμων
3601 3196 3849 3269 πρόεισιν

427 3303 543 3344 non
579 3286 740 3357 prius
768 3303 800 3341 e
830 3285 1091 3356 paternis
1137 3283 1416 3339 thalamis
1464 3284 1657 3355 prodit
1692 3284 1875 3356 virgo,
1907 3301 2082 3354 quam

427 3375 697 3448 legitimo
728 3375 849 3429 viro
874 3375 1106 3444 juncta,
1130 3388 1383 3443 cumque
1412 3371 1718 3428 dominum
1739 3376 1795 3428 et
1813 3373 1944 3427 vitas
1968 3390 2086 3428 mo-

436 3465 764 3520 deratorem
797 3460 989 3532 palam
1021 3475 1367 3531 agnoscens,
1400 3460 1676 3531 deinceps
1707 3461 1818 3515 sub
1850 3462 2086 3517 nomine

435 3551 564 3618 viri,
597 3550 699 3623 qui
731 3565 860 3606 eam
892 3547 1137 3604 sortitus
1167 3553 1277 3615 est,
1299 3563 1330 3602 θ
1361 3553 1602 3619 paterna
1623 3549 1795 3605 domo
1818 3549 2079 3621 prodeat;

430 3640 590 3712 virgo
622 3643 777 3695 certe
807 3636 1025 3710 prodiit
1055 3653 1086 3692 e
1117 3637 1379 3708 paternis
1409 3636 1708 3703 thalamis,
1741 3642 1806 3693 ut
1835 3637 2081 3709 legitimi

430 3731 538 3786 viri
569 3744 847 3802 sponsam
898 3726 1162 3799 professa
1209 3731 1265 3781 et
1294 3728 1404 3782 sub
1435 3729 1564 3794 ejus
1611 3725 1916 3782 dominatu
1943 3744 2082 3783 con-

430 3823 637 3880 stituta
667 3821 725 3876 in
758 3818 1059 3891 publicum
1108 3819 1389 3890 prodiret.
1441 3818 1602 3884 Quod
1635 3819 1684 3873 si
1729 3823 1910 3875 testes
1941 3824 2083 3874 sunt

428 3925 871 3985 progressuum,
900 3908 998 3979 qui
1027 3907 1150 3962 hac
1174 3907 1394 3973 vident,
1416 3911 1596 3963 testes
1626 3907 1881 3978 profecto
1903 3907 2080 3963 iidem

427 4007 588 4066 sunt,
619 3999 854 4056 cuinam
879 3997 980 4053 illa
1001 3997 1338 4066 conjuncta,
1357 3999 1459 4051 aut
1477 3997 1649 4068 cujus
1671 3997 1779 4051 viri
1798 4014 2076 4069 sponsam

423 4091 708 4162 professa,
728 4104 759 4144 e
775 4087 1032 4160 paternis
1049 4085 1274 4142 adibus
1297 4085 1353 4140 in
1383 4085 1685 4156 publicum
1705 4087 2073 4157 processerit.

422 4179 584 4243 Quod
618 4178 668 4234 si
697 4177 781 4232 has
831 4174 1048 4246 nuptiae
1077 4178 1135 4228 et
1178 4174 1434 4228 testibus
1484 4181 1541 4228 et
1589 4174 1992 4244 progressibus
2022 4179 2079 4230 et

420 4269 698 4325 omnibus
730 4267 905 4321 rebus
955 4263 1305 4328 manifestis,
1337 4277 1445 4317 nec
1495 4266 1766 4318 mortuus
1795 4262 1952 4317 854
1989 4268 2078 4319 est

416 4355 505 4410 vir
532 4355 680 4424 ejus,
704 4352 838 4408 talis
869 4351 1052 4422 igitur
1084 4349 1430 4414 moechatur,
1451 4348 1680 4404 vivente
1699 4349 1822 4405 viro
1844 4366 2077 4422 semper

416 4442 705 4512 adultera,
744 4439 833 4494 vel
884 4438 1081 4510 potius
1127 4437 1199 4492 ad
1253 4438 1663 4507 peri'ruendam
1713 4437 2072 4510 voluptatem

2191 3289 2226 3354 ἡ
2284 3285 2566 3358 παρθένος,
2599 3285 2726 3360 πρὶν
2787 3285 2821 3354 ἢ
2881 3281 3035 3359 ἀνδρὶ
3092 3284 3311 3358 νομίμῳ
3367 3290 3680 3359 συζυγείσα,
3746 3286 3852 3340 ὑπὸ

2187 3373 2368 3445 τούτῳ
2399 3373 2622 3446 αὐθέντῃ
2650 3394 2708 3428 τε
2737 3373 2826 3428 καὶ
2877 3375 3153 3448 προστάτῃ
3211 3378 3308 3428 τοῦ
3367 3373 3486 3448 βίου
3539 3373 3848 3449 ἆπιγραψα-

2195 3461 2351 3534 μένη,
2386 3461 2581 3516 λοιπὸν
2620 3465 2700 3533 τῷ
2753 3461 2980 3535 ὀνόματι
3029 3466 3124 3516 τοῦ
3176 3461 3445 3537 λαχόντος
3491 3459 3685 3537 ἀνδρὸς
3746 3467 3848 3516 τοῦ

2189 3550 2445 3626 πατρῴου
2477 3547 2630 3604 οἷ’κου
2681 3549 2965 3625 προέλθοι,
2997 3553 3087 3605 καὶ
3139 3555 3174 3621 ἡ
3236 3553 3501 3627 παρθένος
3552 3552 3656 3625 ἄρα
3704 3571 3847 3626 προ-

2188 3637 2325 3708 ῆλθε
2377 3643 2485 3693 τῶν
2542 3640 2809 3715 πατρῴων
2866 3637 3126 3713 θαλάμων
3187 3641 3261 3702 ὡς
3321 3641 3378 3694 ἃν
3425 3639 3842 3715 ἐπιγραψαμένη

2188 3726 2411 3802 ἔννομον
2445 3729 2610 3802 ἑαυτῇ
2636 3729 2724 3782 τὸν
2777 3729 3029 3804 νυμφίον,
3062 3729 3150 3784 καὶ
3196 3733 3265 3804 τῇ
3317 3731 3420 3784 ὑπὸ
3467 3729 3647 3802 τούτῳ
3700 3749 3843 3803 προ-

2189 3816 2378 3888 στασίᾳ
2431 3817 2525 3878 τὰς
2573 3816 2650 3878 εἷς
2702 3819 2928 3895 φανερὸν
2983 3816 3252 3894 προόδους
3328 3819 3610 3892 πομπεύῃ.
3667 3818 3732 3875 Ei
3787 3815 3848 3872 δὲ

2193 3908 2456 3982 μάρτυρεν
2489 3903 2739 3982 προόδων
2795 3907 2846 3961 οἱ
2899 3911 3065 3962 ταῦτα
3117 3908 3374 3982 ὁρῶντες,
3412 3907 3676 3982 μάρτυρες
3739 3905 3846 3982 ἄρα

2187 3996 2238 4050 οὶ
2300 3995 2451 4050 αὐτοὶ
2509 3995 2598 4049 καὶ
2655 3996 2762 4050 τίνι
2819 3994 3110 4072 ἐζευγμένη
3156 3995 3192 4065 ἢ
3250 3997 3370 4052 τίνα
3424 3996 3840 4072 ἐπιγραψαμὲνη

2186 4081 2370 4156 ἄνδρα,
2412 4088 2516 4139 τῶν
2599 4085 2868 4158 πατρῴων
2927 4082 3092 4140 οἷ’κων
3154 4086 3231 4148 είς
3280 4086 3474 4158 μέσους
3530 4087 3843 4162 προῆλθεν.

2184 4173 2251 4229 Ei
2283 4170 2339 4227 δὲ
2362 4174 2389 4227 ὁ
2419 4171 2592 4248 γάμος
2623 4175 2778 4235 οὗτος
2806 4179 2922 4236 τοῖς
2969 4175 3197 4250 μάρτυσι
3251 4176 3339 4230 καὶ
3396 4181 3514 4237 ταῖς
3575 4172 3845 4249 προόδοις

2181 4260 2272 4315 καὶ
2321 4266 2451 4315 πᾶσι
2498 4264 2818 4337 περιφανὴς,
2869 4262 2969 4318 οὐκ
3022 4263 3246 4318 ἀπέθανε
3303 4261 3379 4331 δὶ,
3413 4265 3577 4342 φημὶ,
3611 4265 3640 4318 6
3699 4265 3840 4339 ἀνὴρ

2182 4349 2392 4420 αὐτῆςο
2425 4351 2739 4426 μοιχεύεται
2800 4351 2890 4406 οὖν
2949 4355 2983 4422 ἡ
3041 4352 3294 4424 τοιαύτη,
3339 4347 3538 4423 ζῶντος
3591 4358 3692 4409 τοῦ
3752 4357 3842 4409 ἀνα

2185 4437 2308 4514 δρὸς
2367 4437 2456 4494 διὰ
2517 4441 2640 4513 βίου
2690 4443 3094 4516 ’μοιχευομένηο
3127 4441 3341 4515 μᾶλλον
3395 4441 3452 4498 δξ
3511 4441 3578 4498 δι’
3628 4441 3840 4512 ἡδονῆς

413 4530 710 4602 impudice
757 4527 1119 4592 fornicatur;
1172 4525 1313 4596 quia
1360 4529 1558 4580 autem
1607 4525 1750 4582 vivit
1798 4528 1884 4582 vir
1921 4528 2071 4598 ejus,

2189 4529 2281 4602 μὲν
2342 4527 2639 4584 ἀπόλαυσιν
2710 4530 3025 4591 ἀκολάσεως
3109 4532 3465 4607 πορνεύουσα,
3527 4531 3616 4587 διὰ
3663 4531 3723 4588 δὲ
3777 4536 3843 4588 τὸ

414 4619 636 4676 nefario
670 4615 959 4673 adulterio
987 4613 1441 4670 contaminatur.
1465 4612 1580 4670 Nec
1601 4615 1869 4686 equidem
1903 4617 2068 4672 video

412 4707 706 4780 quomodo
763 4703 866 4760 illa
920 4719 1024 4774 pro
1082 4701 1404 4758 immortali
1457 4707 1571 4758 Deo
1627 4705 1934 4760 mortalem
1995 4707 2067 4761 ad

411 4812 582 4852 suam
636 4794 824 4867 ipsius
881 4791 1199 4863 perniciem
1258 4791 1558 4848 hominem
1621 4793 2065 4864 complectatur,

409 4896 644 4955 semper
670 4883 730 4937 in
762 4880 948 4938 oculis
977 4881 1089 4935 viri
1121 4879 1300 4951 impie
1347 4881 1406 4935 in
1437 4898 1572 4937 eum
1606 4898 1668 4937 se
1698 4898 1906 4954 gerens
1938 4882 2068 4939 ille-

409 4972 632 5047 gitimis
685 4971 1056 5042 amplexibus
1089 4986 1103 5024 :
1138 4974 1240 5025 aut
1282 4972 1577 5040 quomodo
1626 4971 1802 5027 homo
1834 4972 1931 5028 ille
1961 4973 2067 5029 Do-

408 5062 554 5119 mini
583 5059 776 5116 cubile
805 5075 994 5116 ausus
1029 5065 1120 5114 est
1151 5059 1356 5115 insane
1390 5062 1798 5117 conscendere.
1832 5061 1977 5117 Nam
2001 5080 2070 5119 ex

404 5150 682 5207 humanis
732 5149 910 5206 rebus
965 5147 1258 5219 supplicia
1309 5149 1394 5204 sic
1448 5149 1814 5220 peccantium
1865 5151 2069 5206 existi-

476 5322 521 5359 “
553 5322 574 5376 Ι
606 5325 734 5378 Cor.
769 5335 874 5386 vn,
908 5317 1000 5373 39.

470 5491 582 5563 (57)
609 5485 900 5560 Γενομένη.
941 5489 1041 5563 _Bic
1090 5487 1423 5546 Combetisii
1470 5487 1700 5544 codices
1749 5491 1806 5543 et
1856 5487 2054 5560 plures

401 5561 524 5621 alii.
559 5563 734 5628 Editi,
761 5561 1047 5634 γινομένη.

469 5636 584 5705 (58)
611 5631 829 5708 Ἑαυτῇ.
865 5631 960 5688 Sic
1002 5633 1178 5689 editio
1232 5636 1449 5689 Veneta
1499 5637 1556 5686 et
1585 5647 1728 5687 mss.
1764 5631 2051 5689 Parisien-

2185 4621 2280 4690 ζῇν
2344 4619 2433 4672 τὸν
2495 4616 2662 4692 ἄνδρα
2737 4621 3073 4693 παρανόμως
3134 4622 3494 4696 μοιχεύουσα.
3549 4622 3645 4677 Καὶ
3732 4623 3842 4698 οὐχ

2180 4708 2292 4782 ορῶ
2347 4712 2465 4769 πῶς
2501 4707 2594 4780 μὲν
2645 4707 2780 4776 αὐτή
2825 4708 2943 4763 ἀντὶ
3001 4709 3264 4764 ἀθανάτου
3322 4715 3456 4766 Θεοῦ
3489 4711 3683 4781 θνητὸν
3748 4710 3835 4765 ἐπὶ

2179 4799 2331 4867 κακῷ
2379 4797 2573 4865 ἑαυτῆς
2622 4795 2905 4870 ἄνθρωπον
2953 4798 3220 4874 περιέπει,
3273 4799 3324 4854 ἐν
3381 4798 3694 4877 ὀφθαλμοῖς
3756 4800 3840 4855 ἀεὶ

2178 4890 2274 4939 τοῦ
2305 4883 2500 4961 ἀνδρὸς
2551 4886 2626 4949 είς
2677 4887 2838 4942 αὐτὸν
2891 4893 3009 4949 ταῖς
3059 4889 3398 4964 παρανόμοις
3450 4890 3652 4961 μίξεσιν
3717 4890 3839 4946 ἀσε-

2181 4968 2367 5029 ϐοὗσα’
2402 4979 2517 5036 πῶς
2561 4973 2618 5030 δὲ
2668 4975 2872 5038 ἐκεῖνος
2923 4977 2950 5030 6
3013 4976 3294 5053 ἄνθρωπος
3351 4983 3421 5051 τῇ
3479 4982 3576 5033 τοῦ
3631 4981 3837 5052 Κυρίου

2179 5063 2335 5137 κοίτῃ
2396 5063 2671 5136 ἐτόλμησε
2749 5062 3031 5138 μανιωδῶς
3098 5062 3374 5136 ἐπιϐῆναι.
3424 5070 3519 5123 Ἐκ
3563 5069 3667 5142 γὰρ
3726 5072 3833 5121 τῶν

2180 5153 2540 5228 ἀνθρωπίνων
2601 5151 2686 5208 δεί
2731 5155 2832 5223 τήν
2892 5152 3048 5224 δίκην
3122 5155 3294 5217 οὕτως
3360 5155 3835 5232 ἐξαμαρτανόντων

2166 5491 2248 5566 eis
2278 5494 2479 5564 editio,
2513 5495 2724 5551 ἑαυτοῦ.
2785 5497 3003 5552 Ibidem
3047 5498 3212 5564 editi,
3244 5493 3638 5566 κατεϐάλλετο,
3684 5517 3838 5556 mss.

2162 5563 2362 5644 plures
2396 5563 2545 5622 utin
2579 5572 2765 5644 textu.
2799 5570 2923 5625 Non
2958 5569 3128 5643 longe
3157 5589 3313 5627 unus
3345 5589 3412 5629 ex
3445 5563 3663 5644 Regiis,
3692 5593 3843 5643 μυν-

2164 5633 2330 5709 χαλὶς
2361 5655 2472 5713 χρη
2484 5638 2718 5710 ματίζει.
