4134 6224
197 439 320 500 ’μθ

1433 431 1670 494 LIBER
1713 431 1816 492 DE
1843 432 1941 495 'VI
1952 431 2398 494 RGlNITATE.

3501 434 3625 494 750

200 568 585 644 στοχάζεσθαι.
616 563 769 628 Τίνος
834 565 931 639 μὶν
985 563 1102 638 ἀξία
1157 565 1191 634 ἠ
1252 563 1370 620 ἀντὶ
1429 565 1541 638 (59)
1601 561 1856 638 εὖγε-,οῦς

1982 564 2194 619 manda
2225 568 2388 620 sunt.
2432 565 2696 630 Quanam
2729 563 2886 620 enim
2917 564 3096 636 digna
3125 567 3214 621 est
3256 581 3448 637 pinna,
3498 582 3627 639 quas

204 656 400 734 ἀνδρὸς
456 657 593 734 πρὸς
675 651 874 711 δοῦλον

205 837 453 912 άγουσα;
485 834 634 898 τίνος
668 831 724 889 δὲ
751 831 896 905 ἄξιος
929 833 957 888 6
989 829 1188 895 δοῦλος
1219 829 1475 906 δεσποίνῃ
1525 832 1716 886 ἑαυτοῦ
1771 829 1858 884 καὶ

202 926 362 1000 κοίτῃ
389 923 582 1000 κυρίου
615 923 803 978 ἑαυτὸν
839 919 1083 996 ἀσελγῶς
1115 919 1442 999 έπιῤῥίψας;

280 1017 368 1072 40.
405 1011 584 1069 Ἀλλά
630 1013 685 1068 αἱ
736 1012 894 1090 σοφαὶ
940 1007 1209 1082 τοσαύτην
1266 1005 1510 1065 ἀσέϐειαν
1567 1010 1686 1065 καθ’
1736 1009 1861 1064 εαυ-

198 1109 310 1160 τῶν
366 1100 454 1158 διὰ
512 1102 709 1179 σαρκὸς
769 1102 915 1172 πάθη
967 1099 1337 1174 τολμήσασαι,
1369 1101 1504 1177 πρὸς
1557 1103 1638 1164 οἷς
1669 1101 1734 1156 ού
1768 1097 1860 1154 δα-

200 1193 455 1270 κρύουσι,
513 1191 682 1247 τόπον
744 1191 958 1255 έαυταῖς
1019 1185 1349 1268 κουφότερον
1404 1194 1523 1252 τοῖς
1603 1187 1860 1266 δάκρυσιν

210 1283 624 1356 έτοιμάζουσαι,
660 1279 736 1336 ἔτι
768 1279 856 1335 καὶ
913 1281 975 1333 ’ἣν
1035 1279 1338 1355 ὑπέσχοντο
1398 1278 1660 1356 πρότερον
1718 1299 1859 1354 παρ-

193 1372 384 1428 θενίαν
445 1371 752 1445 ἀρνοῦνται.
813 1369 919 1438 Τὴν
974 1368 1074 1446 γὰρ
1133 1363 1436 1444 παράϐασιν
1501 1375 1601 1438 τῆς
1659 1369 1858 1443 παρθε-

203 1461 322 1523 νίας
356 1459 586 1537 αἰσχρὰν
615 1459 703 1514 καὶ
762 1454 1124 1513 ἐπονείδιστον
1173 1455 1264 1512 διὰ
1311 1459 1410 1527 τὴν
1461 1454 1709 1513 δουλείαν
1762 1463 1860 1528 τῆς

203 1547 409 1620 ἡδονῆς
466 1549 610 1625 παρά
662 1554 820 1603 πᾶσιν
892 1546 1275 1624 γνωρίζουσαι,
1334 1549 1402 1622 τῇ
1478 1545 1698 1622 ἀρνήσει
1778 1550 1860 1618 τῷ

207 1639 420 1712 μείζονι
450 1642 601 1710 κακῷ
659 1635 860 1692 οἷόνται
917 1637 1018 1707 τήν
1076 1635 1341 1712 ἁμαρτίαν
1399 1636 1856 1712 παραμυθεῖσθαι·

203 1728 525 1803 ἀνθρώπους
588 1727 705 1801 μὲν,
759 1726 896 1803 πρὸς
967 1724 1057 1788 οὓς
1117 1724 1194 1788 είς
1247 1723 1549 1802 ἀπολογίαν
1603 1730 1703 1794 τῆς
1757 1744 1858 1778 πα-

200 1812 482 1892 ραϐάσεως
537 1817 636 1885 τὴν
698 1814 922 1891 ἄρνησιν
980 1813 1383 1891 προΐσχονται,
1452 1813 1506 1868 αἱ
1562 1813 1856 1886 Θαυμάσιαι

200 1903 520 1979 αἲδούμεναι
578 1905 834 1978 (60)⁶τὸν
891 1901 948 1960 δὶ
1005 1902 1232 1979 Κύριον,
1275 1904 1410 1979 πρὸς
1466 1903 1524 1958 ’ὸν
1578 1900 1853 1978 γεγόνασιν

199 1994 391 2056 αύταῖς
443 1994 498 2048 αἱ
557 1991 744 2064 δεξιαὶ,
779 1991 868 2048 διὰ
921 1993 984 2048 τὸ
1035 1993 1110 2057 είς
1146 1992 1306 2069 βάθος
1336 1996 1515 2048 κακῶν
1572 1990 1848 2065 ἐμπεσεῖν,

201 2084 404 2140 Λοιπὸν
434 2082 496 2137 ού
540 2077 892 2161 φοϐούμεναι·
928 2081 1026 2138 ούκ
1076 2079 1271 2137 εἰδυῖαι
1323 2079 1444 2158 ἄρα,
1479 2079 1560 2136 ὅτι
1620 2077 1849 2134 διπλοῦν

199 2173 289 2228 καὶ
335 2174 462 2248 παρ’
495 2173 800 2249 ἀνθρώποις
842 2171 930 2227 καὶ
981 2173 1128 2245 παρᾶ
1166 2177 1247 2244 τῷ
1295 2169 1477 2248 Κυρίῳ
1505 2170 1567 2225 τὸ
1598 2164 1854 2246 ἔγκλημα

196 2261 324 2317 καθ’
384 2261 584 2316 έαυτῶν
643 2260 864 2323 ἀτόπως
921 2261 1422 2330 κατασκευάζουσι·
1477 2263 1584 2315 τῶν
1645 2258 1739 2334 μὲν
1795 2256 1855 2312 έκ

198 2357 304 2421 τῆς
355 2345 812 2424 προϐεϐοημένης
863 2349 1171 2427 παρθενίας,
1217 2348 1261 2404 εί
1309 2348 1399 2405 καὶ
1448 2349 1731 2422 ἀρνοῦνται
1789 2347 1853 2403 τὸ

205 2439 543 2516 ὑποσχέσθαι
595 2439 824 2510 ταύτην,
869 2439 932 2494 τὸ
993 2435 1259 2513 μανιῶδες
1318 2438 1409 2494 καὶ
1468 2437 1662 2512 ῗταμὸν
1721 2437 1854 2507 πρὸς

201 2531 270 2586 τά
340 2535 501 2584 πᾶσιν
579 2525 1005 2602 ὁμολογούμενα
1079 2527 1614 2604 ἀποστρεφομένων,
1664 2522 1740 2582 ἔτι
1799 2523 1856 2580 δὶ

201 2619 294 2674 καὶ
332 2617 658 2692 μισούντων·
690 2621 786 2672 τοῦ
819 2615 895 2684 δὲ,
927 2617 1063 2692 πρὸς
1123 2619 1205 2680 οἷς
1261 2611 1572 2692 παρέϐησαν
1633 2615 1710 2678 είς
1762 2615 1856 2678 τὰς

206 2709 479 2778 συνθήκας
537 2709 637 2775 τῆς
694 2707 1008 2782 παρθενίας,
1057 2707 1158 2776 τήν
1225 2705 1341 2760 ἀντὶ
1418 2704 1702 2779 μετανοίας
1760 2705 1856 2778 ἄρ-

204 2819 364 2866 νησιν
441 2795 761 2873 πικρότερον
839 2795 914 2858 εἷς
993 2795 1056 2851 τὸ
1124 2795 1252 2870 παρ’
1306 2794 1452 2866 αύτῷ
1509 2792 1856 2868 δικαστήριον

206 2887 509 2959 κρίνοντος.
551 2887 668 2940 Ἵνα
725 2883 816 2939 οῦν
879 2885 956 2958 μή
1006 2883 1222 2960 ἀγάπης
1283 2883 1510 2958 ὀνόματι
1565 2883 1640 2946 είς
1697 2887 1859 2938 τοῦτο

201 2982 304 3045 τῆς
393 2973 658 3050 ἁμαρτίας
750 2972 958 3047 έμπέσῃ
1050 2976 1085 3043 ἠ
1170 2971 1432 3050 παρθένος
1542 2973 1811 3050 βάραθρον
1848 3017 1862 3042 ,

205 3065 540 3136 ἀπροσπαθῆ
613 3063 712 3131 τὴν
796 3063 1008 3138 ἀγάπην
1094 3063 1184 3118 καὶ
1260 3062 1495 3138 καθαρὰν
1590 3060 1857 3134 μετιέτω.

207 3153 287 3212 Ού
321 3153 425 3228 γὰρ
481 3152 668 3229 χώραν
723 3150 856 3222 αὕτη
907 3147 1011 3224 ἕξει
1071 3148 1518 3226 προολισθησάσῃ
1566 3152 1678 3224 (61)
1722 3149 1860 3226 πρὸς

960 654 1155 724 ἑαυτῆς
1237 653 1590 732 φθειρομένη,
1649 651 1737 707 καὶ
1792 654 1862 726 τῇ

1982 669 2078 726 pro
2111 653 2290 710 nobili
2323 653 2443 709 viro
2476 671 2608 710 cum
2642 670 2806 711 servo
2838 671 2944 710 suo
2993 655 3408 728 corrumpitur,
3460 660 3518 711 et
3565 656 3626 712 in

205 745 501 820 δεσποτικῇ
550 744 710 820 κοίτῃ
764 743 855 798 τὸν
907 742 1124 814 οἲκέτην
1190 743 1264 806 εἶς
1319 737 1622 811 έπιϐουλήν
1682 739 1862 796 ἐπεισ-

1971 741 2216 798 herilem
2249 742 2463 798 lectum
2497 760 2729 799 servum
2764 745 2836 799 ad
2869 743 3114 800 insidias
3144 744 3495 800 introducit?
3511 761 3628 817 qua

1972 831 2188 903 dignus
2219 849 2393 904 pcena
2424 848 2628 887 servus
2659 837 2767 900 est,
2803 832 2902 904 qui
2934 833 2992 888 in
3024 832 3323 888 dominam
3356 849 3524 889 suam
3571 837 3629 890 et

1973 919 2032 974 in
2065 921 2292 976 domini
2328 921 2521 977 cubile
2552 921 2848 993 impudice
2883 921 3094 976 irruit?

2044 1011 2137 1065 40.
2179 1010 2288 1065 Sed
2342 1011 2636 1083 sapientes
2688 1009 2819 1081 illae,
2874 1027 2998 1082 quas
3042 1009 3220 1066 talem
3266 1009 3627 1082 impietatem

1973 1105 2173 1153 contra
2227 1099 2576 1171 semetipsas
2625 1105 2862 1171 propter
2892 1100 3085 1156 carnis
3115 1098 3390 1155 libidines
3423 1116 3629 1173 perpe-

1969 1189 2226 1258 trarunt,
2272 1192 2668 1259 prmterquam
2721 1189 2875 1259 quod
2922 1205 3038 1244 non
3085 1188 3510 1258 lacrymantur,
3563 1194 3630 1245 ut

1971 1275 2265 1332 mitiorem
2313 1276 2426 1332 sibi
2479 1277 2668 1332 locum
2718 1276 2993 1350 lacrymis
3041 1282 3391 1350 praeparent,
3437 1277 3628 1334 adhuc

1969 1364 2169 1433 etiam,
2204 1380 2376 1434 quam
2408 1366 2572 1436 prius
2605 1366 2922 1438 promisere
2953 1366 3367 1438 virginitatem,
3407 1367 3625 1439 promi-

1971 1454 2120 1511 sisse
2152 1471 2214 1509 se
2245 1456 2634 1528 negant.Nam
2667 1473 2800 1511 cum
2833 1455 3098 1512 violatam
3129 1457 3524 1529 virginitatem
3565 1458 3625 1513 in

1969 1543 2182 1616 probro
2213 1544 2285 1599 ob
2317 1545 2654 1600 servitutem
2686 1544 3003 1616 voluptatis
3026 1549 3084 1600 ot
3114 1546 3439 1618 ignominia
3469 1548 3624 1618 apud

1971 1652 2178 1692 omnes
2209 1651 2338 1691 esse
2371 1635 2656 1703 noverint,
2691 1636 3070 1704 inficiatione,
3101 1653 3227 1708 quae
3258 1637 3453 1708 majus
3502 1653 3626 1692 ma-

1968 1723 2093 1780 lum
2144 1728 2252 1791 est,
2304 1725 2579 1780 videntur
2608 1724 2718 1781 sibi
2751 1730 3055 1798 peccatum
3080 1742 3391 1794 excusare;
3425 1743 3490 1780 ac
3519 1725 3626 1780 ho-

1970 1815 2160 1869 mines
2193 1813 2455 1885 quidem,
2488 1813 2702 1884 quibus
2747 1803 2830 1871 ad~
2868 1815 3304 1870 excusationem
3351 1813 3627 1890 praevari-

1969 1901 2214 1956 cationis
2272 1901 2690 1958 inliciationem
2751 1904 3102 1973 obtendunt,
3153 1903 3454 1960 mirabiles
3513 1902 3623 1958 illae

1964 1994 2338 2062 reverentur;
2389 1991 2490 2047 sed
2544 1992 2879 2064 Dominum,
2937 1992 3028 2048 cui
3061 1993 3208 2049 datae
3255 1993 3521 2064 dexterae,
3555 2009 3623 2050 eo

1961 2080 2113 2151 quod
2141 2079 2199 2134 in
2231 2080 2594 2151 profundum
2627 2082 2921 2138 malorum
2951 2081 3128 2154 lapsae
3161 2081 3302 2150 sint,
3331 2099 3446 2137 non
3491 2082 3619 2153 jam

1962 2169 2388 2227 metuunt.l\'on
2415 2170 2616 2226 vident
2641 2171 2924 2244 profecto,
2945 2171 3157 2242 duplex
3180 2187 3239 2225 se
3261 2175 3318 2225 et
3339 2171 3490 2242 apud
3515 2171 3618 2227 ho-

1961 2258 2150 2315 mines
2179 2262 2237 2315 et
2265 2259 2417 2331 apud
2445 2262 2626 2316 Deum
2658 2260 2877 2315 crimen
2909 2258 3292 2330 sibimetipsis
3315 2258 3493 2315 stulte
3517 2275 3623 2331 pa-

1963 2349 2337 2421 rarezquippe
2359 2365 2493 2404 cum
2521 2348 2790 2406 homines
2811 2349 2883 2404 ob
2905 2347 3259 2404 celebratam
3283 2348 3447 2420 prius
3467 2348 3622 2404 fama

1965 2437 2658 2510 virginitatem,quamvis
2689 2455 2817 2493 eam
2841 2454 2903 2493 se
2925 2436 3270 2510 promisisse
3303 2438 3628 2509 negent,fu-

1967 2545 2154 2584 rorem
2189 2531 2246 2583 et
2272 2527 2702 2600 impudentiam
2732 2527 2791 2582 in
2824 2527 3051 2600 iis,qua:
3084 2527 3363 2583 omnibus
3391 2532 3550 2582 certa
3569 2531 3629 2583 et

1967 2615 2268 2690 explorata
2297 2617 2756 2689 suut,negandis
2785 2621 3129 2674 aversantur
3159 2621 3339 2688 atque
3369 2616 3621 2672 oderint:

1970 2706 2251 2762 Dominus
2285 2723 2416 2762 vero
2447 2707 2708 2762 additam
2757 2706 2991 2762 violatis
3042 2706 3402 2778 virginitatis
3448 2705 3626 2762 foede-

1969 2795 2134 2851 ribus
2167 2795 2590 2851 inficiationem
2624 2812 2725 2866 pro
2757 2795 3400 2868 pmnitentia,acerbius
3429 2793 3488 2849 in
3521 2811 3630 2852 suo

1963 2884 2188 2957 judicio
2223 2885 2680 2940 condemnet.Ne
2711 2885 2890 2956 igitur
2918 2885 3029 2940 sub
3059 2883 3363 2940 charitalis
3394 2884 3631 2941 nomine

1971 2975 2028 3030 in
2063 2973 2168 3028 hoc
2202 2973 2424 3046 peccati
2455 2973 2799 3030 barathrum
2855 2973 3078 3030 incidat
3123 2972 3307 3045 virgo,
3358 2971 3624 3031 libidinis

1972 3068 2264 3135 expertem
2297 3067 2355 3119 et
2385 3080 2592 3134 puram
2627 3062 2972 3120 charitatsm
3003 3065 3631 3135 persequatur.Neque

1973 3152 2156 3220 enim,
2187 3151 2230 3206 si
2265 3151 2334 3206 ad
2367 3150 2725 3223 voluptatem
2771 3151 3014 3224 delapsa
3067 3151 3164 3223 sit,
3211 3151 3407 3206 locum
3455 3153 3513 3208 in
3563 3167 3633 3208 ea

211 3240 422 3314 ἡδονὴν
481 3242 544 3296 τὸ
599 3246 943 3316 προσωτ.εῖον
1000 3244 1097 3295 τοῦ
1145 3241 1352 3316 γάμου⁶
1390 3238 1514 3295 οὐδὲ
1545 3239 1865 3318 σοφίσασθαι

1982 3240 2216 3298 habebit
2248 3240 2405 3296 larva
2436 3240 2690 3312 conjugii
2728 3257 2740 3296 :
2778 3257 2883 3297 nec
2916 3241 3152 3298 nomine
3184 3242 3445 3315 conjugii
3475 3241 3632 3297 ludi-

213 3331 445 3405 ὀνόματι
495 3315 676 3406 γάμου
722 3330 812 3383 τὸν
863 3333 1038 3398 ζῶντα
1082 3315 1276 3399 ἑαυτῆς
1318 3326 1481 3406 ἄνδρα
1532 3315 1633 3402 μὴ-
1664 3325 1862 3383 ἀπολε-

1982 3331 2139 3386 ﬁcari
2171 3347 2346 3386 suum
2380 3329 2568 3402 ipsius
2622 3329 2811 3385 virum
2864 3330 3104 3387 minime
3151 3331 3347 3388 soluta
3395 3330 3629 3404 poterit,

210 3420 428 3494 λυμένη
518 3415 804 3489 δυνήσεται
839 3460 854 3488 ,
911 3418 1102 3489 ονητὸν
1171 3416 1376 3473 ἐκείνου
1461 3417 1548 3473 ἰπὶ
1633 3421 1867 3494 μοιχιχῇ

214 3509 408 3584 πράξει
473 3507 606 3581 μετά
659 3507 923 3570 τοσαύτας
979 3507 1074 3569 τὰς
1131 3513 1256 3582 παρ’
1307 3506 1471 3562 αὐτοῦ
1527 3507 1691 3581 τιμὰς
1745 3507 1868 3562 ἀσε-

216 3594 329 3660 ϐῶς
390 3598 796 3672 προτιμήσασα.
829 3597 941 3655 Ούγ
995 3595 1308 3672 ἀλΛοτρίως
1367 3595 1471 3671 γὰρ
1527 3594 1587 3650 ἂν
1640 3617 1723 3658 τις
1781 3596 1871 3651 καὶ

214 3687 303 3742 έπῖ
358 3691 465 3742 τῶν
515 3684 776 3740 τοιούτων
824 3686 886 3740 τὸ
933 3683 1303 3740 ἀποστολικὸν
1361 3683 1757 3762 ἀναφθέγξεται,
1790 3683 1873 3739 ὅτι

213 3778 388 3834 ’Όταν
503 3773 1004 3850 καταστρηνιάσωσι
1116 3778 1213 3829 τοῦ
1315 3775 1549 3849 Χριστοῦ
1582 3817 1598 3844 ,
1675 3779 1873 3850 γαμεῖν

221 3863 521 3933 θέλουσιν,
579 3862 803 3939 ἔχουσαι
859 3869 1034 3940 κρῖμα
1098 3861 1182 3918 ὅτι
1258 3863 1357 3932 τὴν
1415 3863 1638 3935 πρώτην
1699 3861 1877 3916 πίστιν

218 3955 513 4024 ἠθέτησαν
548 3953 609 4008 ού
639 3951 835 4028 γάμον,
867 3949 1013 4008 ἀλλά
1058 3951 1311 4028 μοιχείαν
1373 3949 1462 4006 διὰ
1518 3951 1639 4027 βίου
1693 3955 1874 4013 κακῶς

224 4039 642 4116 μεθοδεύουσαι.
951 4058 977 4077 ⁸

296 4133 386 4188 41.
419 4127 626 4201 Μηδεὶς
659 4129 750 4185 οῦν
781 4128 996 4200 οἰκέτης
1046 4129 1124 4193 είς
1176 4135 1434 4186 τοσοῦτον
1493 4124 1736 4192 ἀσεϐείας
1795 4129 1875 4184 oi-

225 4217 601 4295 στρηλατήσῃ,
663 4219 738 4282 ὡς
787 4224 889 4288 τῆς
942 4215 1266 4290 δεσποτικῆς
1327 4220 1582 4283 ἅπτεσθαι
1639 4218 1874 4296 νύμφης.

227 4306 442 4379 Μηδεὶς
474 4307 618 4363 οὕτω
673 4305 955 4381 μανιώδης
985 4305 1287 4382 ἱερόσυλος,
1315 4308 1391 4370 ὡς
1447 4310 1545 4376 τῆς
1603 4306 1879 4384 ἀχράντου

226 4399 431 4473 ἱερείας
491 4396 681 4472 χερσὶν
740 4394 1068 4461 ἀκολάστοις
1123 4396 1487 4475 ἐφάπτεσθαι.
1546 4394 1751 4468 Μηδεὶς
1802 4396 1877 4459 είς

222 4492 487 4542 τοσοῦτον
547 4487 804 4547 ἀπονοίας
857 4487 1039 4555 ἡκέτω
1074 4529 1088 4555 ,
1149 4487 1225 4548 ὡς
1307 4485 1646 4557 τηλικαύτην
1723 4483 1877 4557 δίκην

227 4583 352 4638 τοῖς
384 4573 700 4650 ἱεροσύλοις
733 4575 1122 4650 ἐπηρτημένην
1162 4576 1328 4651 ὁρῶν,
1363 4575 1439 4648 μή
1493 4572 1600 4630 τῶν
1649 4574 1878 4650 ἀψύχων

1979 3418 2289 3476 mortalem
2343 3419 2394 3474 ei
2424 3419 2496 3474 ad
2524 3418 2755 3475 facinus
2786 3419 3060 3476 adulterii
3091 3425 3225 3492 post
3253 3425 3339 3477 tot
3368 3426 3638 3493 acceptos

1979 3509 2051 3564 ab
2084 3525 2150 3564 eo
2182 3508 2433 3564 honores
2466 3508 2645 3580 impie
2678 3507 3005 3578 praeferens.
3041 3508 3165 3565 Non
3199 3511 3352 3566 enim
3385 3509 3640 3566 absurde

1981 3599 2052 3654 de
2082 3596 2302 3653 talibus
2335 3595 2478 3652 illud
2511 3596 2773 3669 Apostoli
2805 3597 3029 3653 dicatur
3084 3615 3098 3652 :
3154 3597 3288 3654 Cum
3332 3599 3644 3655 luxuriata

1979 3687 2192 3758 fuerint
2243 3688 2300 3741 in
2342 3685 2582 3757 Christo,
2613 3688 2820 3742 nubere
2850 3687 3044 3742 volunt
3077 3705 3097 3742 :
3127 3686 3382 3744 habentes
3410 3689 3638 3743 damna-

1984 3776 2355 3847 tionem,quia
2385 3775 2626 3846 primam
2653 3775 2828 3847 ﬁdem
2857 3777 3082 3831 irritam
3111 3780 3366 3846 fecerunt
3399 3776 3440 3811 ¹⁸
3474 3794 3487 3831 :
3522 3792 3641 3831 non

1983 3863 2465 3935 conjugium,sed
2497 3863 2856 3920 adulterium
2889 3881 2992 3937 per
3011 3868 3196 3920 totam
3220 3865 3399 3920 vitam
3427 3863 3646 3920 nefarie

1987 3955 2429 4026 persequentes.

2061 4131 2149 4188 41.
2181 4128 2398 4186 Nullus
2430 4129 2606 4202 igitur
2634 4146 2837 4186 servus
2885 4133 3062 4186 castro
3109 4129 3368 4202 percitus
3413 4146 3478 4187 eo
3526 4129 3642 4184 im-

1987 4220 2223 4294 pietatis
2277 4221 2520 4288 feratur,
2573 4225 2636 4275 ut
2683 4220 3038 4277 dominicam
3089 4237 3370 4292 sponsam
3419 4224 3642 4293 tangat.

1989 4312 2171 4368 Nemo
2223 4310 2300 4366 ita
2351 4310 2609 4366 furiosus
2656 4310 2734 4366 sit
2761 4310 3104 4384 sacrilegus,
3138 4314 3204 4366 ut
3235 4309 3646 4367 intaminatam

1990 4401 2356 4458 sacerdotem
2390 4401 2667 4458 manibus
2716 4400 3034 4474 impudicis
3082 4405 3304 4473 tangat.
3354 4400 3534 4457 Nemo
3581 4417 3648 4458 eo

1992 4491 2236 4547 insaniae
2271 4489 2558 4557 deveniat,
2601 4494 2666 4546 ut
2712 4507 2848 4547 cum
2895 4496 2981 4547 tot
3023 4508 3086 4547 ac
3134 4494 3298 4547 tanta
3348 4490 3652 4564 sacrilegis

1993 4578 2287 4652 supplicia
2317 4578 2657 4651 impendere
2689 4580 3020 4650 videat,non
3056 4580 3380 4636 inanimato.
3410 4597 3479 4635 ex
3509 4597 3652 4636 auro

233 4665 296 4720 έκ
354 4667 570 4740 χρυσοῦ
628 4664 716 4718 καῖ
774 4663 1016 4741 ἀργύρου
1059 4663 1197 4735 ὕλης
1233 4665 1619 4738 πεποιημένων
1655 4669 1856 4719 σκευῶν

1993 4679 2092 4726 aut
2127 4672 2369 4740 argento
2399 4668 2668 4735 vasa,sed
2703 4668 2961 4724 animata
3002 4673 3059 4724 et
3106 4668 3359 4725 viventia
3407 4669 3654 4726 donaria

236 4752 369 4809 ἀλλ’
443 4751 618 4808 αὐτῶν
699 4751 966 4830 ἐμψύχων
1052 4753 1142 4809 καὶ
1227 4754 1443 4822 ζώντων
1517 4753 1880 4826 ἀναθημάτων

239 4841 512 4917 λῃστρικῇ
569 4842 718 4917 χειρῖ
800 4837 1056 4918 βεϐήλως
1116 4837 1601 4915 ἐπιλαμϐάνεσθαι.
1654 4841 1882 4899 Μᾶλλον

1995 4775 2173 4813 manu
2199 4756 2549 4826 praedatoria
2580 4757 2810 4828 impure
2841 4757 3215 4830 arripiat.Vel
3249 4758 3448 4830 potius
3477 4775 3649 4816 nemo

1995 4845 2139 4901 adeo
2173 4845 2456 4901 scelestus
2488 4844 2658 4913 sit,ut
2687 4861 2802 4902 non
2826 4845 3148 4901 inanimata
3171 4847 3231 4902 in
3254 4845 3472 4920 templo
3495 4864 3655 4918 vasa,

236 4929 296 4987 δὲ
325 4928 521 5004 μηδεὶς
571 4928 746 4992 οὕτως
795 4926 929 4986 ἔστω
962 4930 1197 5000 ἀνόσιος,
1229 4931 1304 4994 ὡς
1339 4931 1414 5004 μή
1444 4929 1511 4984 τὰ
1542 4929 1593 4984 έν
1643 4935 1724 5003 τῷ
1773 4935 1865 5002 vat]

1996 4935 2096 4990 sed
2131 4933 2327 5006 ipsum
2362 4932 2650 5005 templum
2685 4934 3001 5005 Domini,id
3035 4935 3395 5008 est,virginis
3418 4953 3655 5008 corpus,

237 5020 428 5096 ἀψυχα
483 5018 670 5091 σκεύη,
728 5017 856 5076 ἀλλ’
920 5020 1079 5076 αὑτὸν
1146 5020 1238 5075 τὸν
1324 5020 1449 5074 ναὸν
1501 5023 1598 5074 τοῦ
1665 5017 1885 5096 Κυρίου,

1997 5029 2055 5079 et
2085 5024 2274 5096 ipsam
2306 5021 2365 5077 in
2397 5039 2463 5078 eo
2493 5023 2757 5078 omnium
2793 5024 3046 5080 maxime
3076 5025 3225 5082 055
3260 5024 3655 5081 venerabilem

239 5111 488 5166 τουτέστι
546 5115 646 5179 τῆς
702 5109 970 5186 παρθένου
1027 5111 1089 5166 τὸ
1147 5115 1346 5185 σῶμα,
1405 5108 1494 5164 καὶ
1566 5109 1734 5178 αὐτὴν
1792 5109 1859 5178 τή

2000 5111 2258 5168 animam
2293 5111 2559 5183 virginis,
2582 5112 3050 5168 sacratissimum
3081 5113 3142 5168 in
3174 5113 3394 5186 templo
3430 5113 3657 5169 Domini

237 5197 575 5273 τιμιωτάτην
627 5199 875 5254 ἁπάντων
933 5197 986 5254 έν
1045 5200 1224 5274 τούτῳ
1281 5201 1465 5276 ψυχὴν
1536 5205 1637 5269 τῆς
1687 5199 1890 5275 παρθέ-

239 5310 360 5356 νου,
393 5289 692 5364 ἰερώτατου
742 5287 793 5342 έν
847 5291 927 5359 τῷ
973 5291 1094 5361 ¹νσιῷ
1148 5293 1246 5344 τοῦ
1329 5287 1528 5365 Κυρίου
1613 5288 1889 5361 ἀνάθημα,

245 5383 360 5440 τοῖς
440 5376 735 5440 ἀκολασίας
812 5382 1042 5452 πυρσοῖς
1131 5374 1478 5454 βαρϐαρικῶς
1542 5376 1890 5456 καταφλέξαι.

319 5496 363 5531 ¹⁶
399 5496 421 5550 l
451 5494 602 5550 Tim.
636 5509 690 5563 v,
723 5494 808 5551 11.

323 5612 412 5679 (59
465 5609 528 5664 Ἥ
555 5607 696 5666 ἀντί.
725 5611 852 5668 Duo
882 5611 1136 5682 codices,
1170 5607 1253 5682 εἴη
1285 5607 1423 5667 ἀντί.

323 5611 432 5756 [6οί
458 5754 474 5756 _
500 5678 852 5756 Δὶδούμεναι.
905 5685 1168 5750 Quatuor
1234 5683 1423 5741 codice

315 5685 430 5756 (60)
500 5685 669 5736 Δὶδού
719 5703 852 5738 εναι.
905 5685 1115 5750 Quatut

253 5753 416 5814 Unus
444 5704 784 5826 Combegs.,
818 5756 1115 5832 ὁρώμεναι.

500 5678 852 5759 Δὶδούμεναιῃ.
902 5678 1168 5759 Quatuor
1234 5678 1490 5754 codices,
1555 5681 1897 5759 αἱρούμεναι.

2001 5201 2336 5270 donarium,
2372 5201 2751 5274 impudicitia:
2780 5201 3006 5259 facibus
3035 5202 3283 5259 barbare
3314 5203 3654 5260 succendat.

2001 5291 2113 5347 Sed
2148 5292 2194 5346 si
2229 5308 2336 5347 sua
2367 5298 2576 5364 sponte
2608 5292 2772 5348 dedit
2799 5292 3177 5366 aemetipsam
3209 5293 3390 5364 virgo,
3432 5291 3655 5348 violans

2005 5381 2216 5436 initum
2250 5397 2383 5436 cum
2416 5397 2632 5453 sponso
2660 5381 2870 5454 foedus,
2901 5399 2968 5439 ao
2999 5383 3217 5453 omnia,
3267 5387 3324 5436 et
3369 5379 3658 5451 templum

2087 5611 2196 5684 (61)
2266 5606 2744 5688 Προολισοησάσῄ.
2815 5612 3016 5669 Plures
3072 5626 3238 5679 mss.,
3295 5605 3659 5683 προολισθού-

2014 5702 2098 5757 σῃ.
