  <div class='ocr_page' id='page_1' title='image "/cluster/home/n/w/nwhite01/storage/ocr_20150623/30/hvd.32044073501827/383.png"; bbox 0 0 4134 6224; ppageno 0'>
   <div class='ocr_carea' id='block_1_1' title="bbox 361 303 566 412">
    <p class='ocr_par' dir='ltr' id='par_1_1' title="bbox 361 303 566 412">
     <span class='ocr_line' id='line_1_1' title="bbox 361 303 566 412; baseline 0 -1"><span class='ocrx_word' id='word_1_1' title='bbox 361 303 365 308; x_wconf 43' lang='grc'>’</span> <span class='ocrx_word' id='word_1_2' title='bbox 452 349 566 412; x_wconf 74' lang='lat'>751</span> 
     </span>
    </p>
   </div>
   <div class='ocr_carea' id='block_1_2' title="bbox 1393 337 2920 404">
    <p class='ocr_par' dir='ltr' id='par_1_2' title="bbox 1393 337 2920 404">
     <span class='ocr_line' id='line_1_2' title="bbox 1393 337 2920 404; baseline -0.003 -2"><span class='ocrx_word' id='word_1_3' title='bbox 1393 339 1788 402; x_wconf 81' lang='lat' dir='ltr'><strong>APPENDIX</strong></span> <span class='ocrx_word' id='word_1_4' title='bbox 1827 337 2156 402; x_wconf 80' lang='lat' dir='ltr'>OPERUM</span> <span class='ocrx_word' id='word_1_5' title='bbox 2199 339 2273 404; x_wconf 89' lang='lat' dir='ltr'>S.</span> <span class='ocrx_word' id='word_1_6' title='bbox 2313 337 2598 402; x_wconf 80' lang='lat' dir='ltr'>BASILH</span> <span class='ocrx_word' id='word_1_7' title='bbox 2642 337 2920 400; x_wconf 84' lang='lat' dir='ltr'>MAGNI.</span> 
     </span>
    </p>
   </div>
   <div class='ocr_carea' id='block_1_3' title="bbox 3749 339 3870 400">
    <p class='ocr_par' dir='ltr' id='par_1_3' title="bbox 3749 339 3870 400">
     <span class='ocr_line' id='line_1_3' title="bbox 3749 339 3870 400; baseline 0 0"><span class='ocrx_word' id='word_1_8' title='bbox 3749 339 3870 400; x_wconf 72' lang='lat'>753</span> 
     </span>
    </p>
   </div>
   <div class='ocr_carea' id='block_1_4' title="bbox 448 465 2098 546">
    <p class='ocr_par' dir='ltr' id='par_1_4' title="bbox 448 471 2098 539">
     <span class='ocr_line' id='line_1_4' title="bbox 448 471 2098 539; baseline -0.008 0"><span class='ocrx_word' id='word_1_9' title='bbox 448 485 506 539; x_wconf 89' lang='lat' dir='ltr'>et</span> <span class='ocrx_word' id='word_1_10' title='bbox 534 479 846 538; x_wconf 80' lang='lat' dir='ltr'>donarium</span> <span class='ocrx_word' id='word_1_11' title='bbox 880 481 938 534; x_wconf 89' lang='lat' dir='ltr'>et</span> <span class='ocrx_word' id='word_1_12' title='bbox 967 475 1288 533; x_wconf 79' lang='lat' dir='ltr'>amicitiam</span> <span class='ocrx_word' id='word_1_13' title='bbox 1339 489 1474 529; x_wconf 92' lang='lat' dir='ltr'>cum</span> <span class='ocrx_word' id='word_1_14' title='bbox 1523 489 1589 528; x_wconf 91' lang='lat' dir='ltr'>eo</span> <span class='ocrx_word' id='word_1_15' title='bbox 1639 471 2098 528; x_wconf 82' lang='lat' dir='ltr'>intercedentem</span> 
     </span>
    </p>
   </div>
   <div class='ocr_carea' id='block_1_5' title="bbox 2213 465 3868 546">
    <p class='ocr_par' dir='ltr' id='par_1_5' title="bbox 2216 465 3868 546">
     <span class='ocr_line' id='line_1_5' title="bbox 2216 465 3868 546; baseline 0.001 -21"><span class='ocrx_word' id='word_1_16' title='bbox 2216 467 2378 526; x_wconf 84' lang='grc' dir='ltr'>Ἀλλ’</span> <span class='ocrx_word' id='word_1_17' title='bbox 2428 466 2478 524; x_wconf 76' lang='grc' dir='ltr'>εἲ</span> <span class='ocrx_word' id='word_1_18' title='bbox 2524 467 2747 524; x_wconf 73' lang='grc' dir='ltr'>ἑκοῦσαν</span> <span class='ocrx_word' id='word_1_19' title='bbox 2818 465 3082 524; x_wconf 72' lang='grc' dir='ltr'>ἐπέδωκεν</span> <span class='ocrx_word' id='word_1_20' title='bbox 3160 468 3358 539; x_wconf 71' lang='grc' dir='ltr'>ἑαυτὴν</span> <span class='ocrx_word' id='word_1_21' title='bbox 3418 471 3704 546; x_wconf 75' lang='grc' dir='ltr'>παρθένος,</span> <span class='ocrx_word' id='word_1_22' title='bbox 3764 491 3868 526; x_wconf 84' lang='grc' dir='ltr'>πα-</span> 
     </span>
    </p>
   </div>
   <div class='ocr_carea' id='block_1_6' title="bbox 449 561 2104 642">
    <p class='ocr_par' dir='ltr' id='par_1_6' title="bbox 449 561 2104 642">
     <span class='ocr_line' id='line_1_6' title="bbox 449 561 2104 642; baseline -0.007 -15"><span class='ocrx_word' id='word_1_23' title='bbox 449 574 505 626; x_wconf 91' lang='lat' dir='ltr'>et</span> <span class='ocrx_word' id='word_1_24' title='bbox 553 569 715 642; x_wconf 83' lang='lat' dir='ltr'>regni</span> <span class='ocrx_word' id='word_1_25' title='bbox 766 566 1125 623; x_wconf 81' lang='lat' dir='ltr'>consortium</span> <span class='ocrx_word' id='word_1_26' title='bbox 1158 564 1232 621; x_wconf 93' lang='lat' dir='ltr'>ob</span> <span class='ocrx_word' id='word_1_27' title='bbox 1261 562 1617 635; x_wconf 85' lang='lat' dir='ltr'>voluptatem</span> <span class='ocrx_word' id='word_1_28' title='bbox 1649 561 2013 617; x_wconf 87' lang='lat' dir='ltr'>confundens</span> <span class='ocrx_word' id='word_1_29' title='bbox 2045 564 2104 617; x_wconf 91' lang='lat' dir='ltr'>et</span> 
     </span>
    </p>
   </div>
   <div class='ocr_carea' id='block_1_7' title="bbox 449 650 2099 729">
    <p class='ocr_par' dir='ltr' id='par_1_7' title="bbox 449 650 2099 729">
     <span class='ocr_line' id='line_1_7' title="bbox 449 650 2099 729; baseline -0.006 -14"><span class='ocrx_word' id='word_1_30' title='bbox 449 659 824 729; x_wconf 85' lang='lat' dir='ltr'>conculcans,</span> <span class='ocrx_word' id='word_1_31' title='bbox 859 673 929 712; x_wconf 89' lang='lat' dir='ltr'>ne</span> <span class='ocrx_word' id='word_1_32' title='bbox 961 655 1153 710; x_wconf 81' lang='lat' dir='ltr'>tradas</span> <span class='ocrx_word' id='word_1_33' title='bbox 1184 658 1240 709; x_wconf 89' lang='lat' dir='ltr'>te</span> <span class='ocrx_word' id='word_1_34' title='bbox 1270 652 1355 706; x_wconf 90' lang='lat' dir='ltr'>illi</span> <span class='ocrx_word' id='word_1_35' title='bbox 1385 652 1456 708; x_wconf 90' lang='lat' dir='ltr'>ad</span> <span class='ocrx_word' id='word_1_36' title='bbox 1489 651 1830 706; x_wconf 87' lang='lat' dir='ltr'>societatem</span> <span class='ocrx_word' id='word_1_37' title='bbox 1855 650 2099 722; x_wconf 87' lang='lat' dir='ltr'>peccati.</span> 
     </span>
    </p>
   </div>
   <div class='ocr_carea' id='block_1_8' title="bbox 445 739 2100 820">
    <p class='ocr_par' dir='ltr' id='par_1_8' title="bbox 445 739 2100 820">
     <span class='ocr_line' id='line_1_8' title="bbox 445 739 2100 820; baseline -0.007 -16"><span class='ocrx_word' id='word_1_38' title='bbox 445 747 746 820; x_wconf 85' lang='lat' dir='ltr'>Siquidem</span> <span class='ocrx_word' id='word_1_39' title='bbox 780 761 884 801; x_wconf 88' lang='lat' dir='ltr'>nec</span> <span class='ocrx_word' id='word_1_40' title='bbox 916 742 1160 816; x_wconf 90' lang='lat' dir='ltr'>pulcher</span> <span class='ocrx_word' id='word_1_41' title='bbox 1187 741 1403 814; x_wconf 91' lang='lat' dir='ltr'>Joseph</span> <span class='ocrx_word' id='word_1_42' title='bbox 1436 739 1686 796; x_wconf 71' lang='lat' dir='ltr'>dominae</span> <span class='ocrx_word' id='word_1_43' title='bbox 1720 739 1780 795; x_wconf 90' lang='lat' dir='ltr'>in</span> <span class='ocrx_word' id='word_1_44' title='bbox 1811 755 1945 795; x_wconf 90' lang='lat' dir='ltr'>eum</span> <span class='ocrx_word' id='word_1_45' title='bbox 2008 739 2100 794; x_wconf 89' lang='lat' dir='ltr'>fu-</span> 
     </span>
    </p>
   </div>
   <div class='ocr_carea' id='block_1_9' title="bbox 448 826 2100 905">
    <p class='ocr_par' dir='ltr' id='par_1_9' title="bbox 448 826 2100 905">
     <span class='ocr_line' id='line_1_9' title="bbox 448 826 2100 905; baseline -0.006 -13"><span class='ocrx_word' id='word_1_46' title='bbox 448 833 1012 905; x_wconf 82' lang='lat' dir='ltr'>renti,semetipsum</span> <span class='ocrx_word' id='word_1_47' title='bbox 1036 833 1104 887; x_wconf 86' lang='lat' dir='ltr'>ad</span> <span class='ocrx_word' id='word_1_48' title='bbox 1130 829 1559 902; x_wconf 87' lang='lat' dir='ltr'>impudicitiam</span> <span class='ocrx_word' id='word_1_49' title='bbox 1574 828 1733 885; x_wconf 90' lang='lat' dir='ltr'>illius</span> <span class='ocrx_word' id='word_1_50' title='bbox 1753 826 2100 899; x_wconf 85' lang='lat' dir='ltr'>explendam</span> 
     </span>
    </p>
   </div>
   <div class='ocr_carea' id='block_1_10' title="bbox 446 916 2101 989">
    <p class='ocr_par' dir='ltr' id='par_1_10' title="bbox 446 916 2101 989">
     <span class='ocr_line' id='line_1_10' title="bbox 446 916 2101 989; baseline -0.007 -6"><span class='ocrx_word' id='word_1_51' title='bbox 446 926 678 983; x_wconf 82' lang='lat' dir='ltr'>tradere</span> <span class='ocrx_word' id='word_1_52' title='bbox 691 922 874 981; x_wconf 90' lang='lat' dir='ltr'>voluit</span> <span class='ocrx_word' id='word_1_53' title='bbox 891 923 950 975; x_wconf 69' lang='lat'>‘7.</span> <span class='ocrx_word' id='word_1_54' title='bbox 970 921 1078 975; x_wconf 81' lang='lat' dir='ltr'>Sed</span> <span class='ocrx_word' id='word_1_55' title='bbox 1093 919 1324 975; x_wconf 87' lang='lat' dir='ltr'>etiamsi</span> <span class='ocrx_word' id='word_1_56' title='bbox 1341 923 1402 974; x_wconf 94' lang='lat' dir='ltr'>tu</span> <span class='ocrx_word' id='word_1_57' title='bbox 1418 919 1478 974; x_wconf 92' lang='lat' dir='ltr'>in</span> <span class='ocrx_word' id='word_1_58' title='bbox 1498 919 1687 973; x_wconf 71' lang='lat' dir='ltr'>foedus</span> <span class='ocrx_word' id='word_1_59' title='bbox 1706 916 1962 989; x_wconf 88' lang='lat' dir='ltr'>conjugii</span> <span class='ocrx_word' id='word_1_60' title='bbox 1984 933 2101 972; x_wconf 91' lang='lat' dir='ltr'>non</span> 
     </span>
    </p>
   </div>
   <div class='ocr_carea' id='block_1_11' title="bbox 446 1005 2100 1082">
    <p class='ocr_par' dir='ltr' id='par_1_11' title="bbox 446 1005 2100 1082">
     <span class='ocr_line' id='line_1_11' title="bbox 446 1005 2100 1082; baseline -0.005 -12"><span class='ocrx_word' id='word_1_61' title='bbox 446 1016 696 1082; x_wconf 83' lang='lat' dir='ltr'>venires,</span> <span class='ocrx_word' id='word_1_62' title='bbox 717 1011 882 1067; x_wconf 89' lang='lat' dir='ltr'>alteri</span> <span class='ocrx_word' id='word_1_63' title='bbox 917 1009 1291 1080; x_wconf 88' lang='lat' dir='ltr'>semetipsam</span> <span class='ocrx_word' id='word_1_64' title='bbox 1326 1007 1599 1063; x_wconf 86' lang='lat' dir='ltr'>traderet.</span> <span class='ocrx_word' id='word_1_65' title='bbox 1622 1005 1723 1062; x_wconf 90' lang='lat' dir='ltr'>Ille</span> <span class='ocrx_word' id='word_1_66' title='bbox 1753 1005 1931 1077; x_wconf 83' lang='lat' dir='ltr'>igitur</span> <span class='ocrx_word' id='word_1_67' title='bbox 1965 1022 2100 1078; x_wconf 92' lang='lat' dir='ltr'>pec-</span> 
     </span>
    </p>
   </div>
   <div class='ocr_carea' id='block_1_12' title="bbox 447 1094 2101 1172">
    <p class='ocr_par' dir='ltr' id='par_1_12' title="bbox 447 1094 2101 1172">
     <span class='ocr_line' id='line_1_12' title="bbox 447 1094 2101 1172; baseline -0.006 -13"><span class='ocrx_word' id='word_1_68' title='bbox 447 1102 560 1160; x_wconf 88' lang='lat' dir='ltr'>cati</span> <span class='ocrx_word' id='word_1_69' title='bbox 593 1116 792 1172; x_wconf 71' lang='lat' dir='ltr'>pmnas</span> <span class='ocrx_word' id='word_1_70' title='bbox 823 1099 978 1165; x_wconf 91' lang='lat' dir='ltr'>luat;</span> <span class='ocrx_word' id='word_1_71' title='bbox 1012 1102 1074 1152; x_wconf 91' lang='lat' dir='ltr'>tu</span> <span class='ocrx_word' id='word_1_72' title='bbox 1106 1113 1239 1152; x_wconf 90' lang='lat' dir='ltr'>vero</span> <span class='ocrx_word' id='word_1_73' title='bbox 1266 1100 1322 1152; x_wconf 91' lang='lat' dir='ltr'>te</span> <span class='ocrx_word' id='word_1_74' title='bbox 1353 1095 1548 1168; x_wconf 90' lang='lat' dir='ltr'>ipsum</span> <span class='ocrx_word' id='word_1_75' title='bbox 1583 1111 1796 1168; x_wconf 88' lang='lat' dir='ltr'>purum</span> <span class='ocrx_word' id='word_1_76' title='bbox 1843 1099 1898 1150; x_wconf 88' lang='lat' dir='ltr'>et</span> <span class='ocrx_word' id='word_1_77' title='bbox 1949 1094 2101 1149; x_wconf 91' lang='lat' dir='ltr'>inte-</span> 
     </span>
    </p>
   </div>
   <div class='ocr_carea' id='block_1_13' title="bbox 445 1181 2101 1264">
    <p class='ocr_par' dir='ltr' id='par_1_13' title="bbox 445 1181 2101 1264">
     <span class='ocr_line' id='line_1_13' title="bbox 445 1181 2101 1264; baseline -0.005 -19"><span class='ocrx_word' id='word_1_78' title='bbox 445 1207 615 1264; x_wconf 88' lang='lat' dir='ltr'>grum</span> <span class='ocrx_word' id='word_1_79' title='bbox 649 1194 855 1259; x_wconf 74' lang='lat' dir='ltr'>(serva,</span> <span class='ocrx_word' id='word_1_80' title='bbox 899 1202 1004 1241; x_wconf 89' lang='lat' dir='ltr'>nec</span> <span class='ocrx_word' id='word_1_81' title='bbox 1036 1201 1235 1258; x_wconf 74' lang='lat' dir='ltr'>pcenaa,</span> <span class='ocrx_word' id='word_1_82' title='bbox 1268 1201 1395 1256; x_wconf 61' lang='lat' dir='ltr'>quae</span> <span class='ocrx_word' id='word_1_83' title='bbox 1426 1200 1530 1255; x_wconf 92' lang='lat' dir='ltr'>pro</span> <span class='ocrx_word' id='word_1_84' title='bbox 1562 1183 1773 1238; x_wconf 92' lang='lat' dir='ltr'>delicto</span> <span class='ocrx_word' id='word_1_85' title='bbox 1810 1183 1867 1238; x_wconf 91' lang='lat' dir='ltr'>in</span> <span class='ocrx_word' id='word_1_86' title='bbox 1902 1181 2101 1238; x_wconf 90' lang='lat' dir='ltr'>Domi-</span> 
     </span>
    </p>
   </div>
   <div class='ocr_carea' id='block_1_14' title="bbox 446 1271 2102 1346">
    <p class='ocr_par' dir='ltr' id='par_1_14' title="bbox 446 1271 2102 1346">
     <span class='ocr_line' id='line_1_14' title="bbox 446 1271 2102 1346; baseline -0.004 -12"><span class='ocrx_word' id='word_1_87' title='bbox 446 1295 589 1335; x_wconf 91' lang='lat' dir='ltr'>num</span> <span class='ocrx_word' id='word_1_88' title='bbox 622 1277 883 1334; x_wconf 88' lang='lat' dir='ltr'>admisso</span> <span class='ocrx_word' id='word_1_89' title='bbox 913 1274 1215 1342; x_wconf 90' lang='lat' dir='ltr'>inferetur,</span> <span class='ocrx_word' id='word_1_90' title='bbox 1235 1274 1529 1346; x_wconf 84' lang='lat' dir='ltr'>particeps</span> <span class='ocrx_word' id='word_1_91' title='bbox 1562 1271 1834 1329; x_wconf 76' lang='lat' dir='ltr'>afﬁciare.</span> <span class='ocrx_word' id='word_1_92' title='bbox 1858 1272 2102 1344; x_wconf 81' lang='lat' dir='ltr'>Oportet,</span> 
     </span>
    </p>
   </div>
   <div class='ocr_carea' id='block_1_15' title="bbox 445 1361 2106 1439">
    <p class='ocr_par' dir='ltr' id='par_1_15' title="bbox 445 1361 2106 1439">
     <span class='ocr_line' id='line_1_15' title="bbox 445 1361 2106 1439; baseline -0.004 -17"><span class='ocrx_word' id='word_1_93' title='bbox 445 1367 659 1439; x_wconf 84' lang='lat' dir='ltr'>inquit,</span> <span class='ocrx_word' id='word_1_94' title='bbox 693 1365 905 1422; x_wconf 78' lang='lat' dir='ltr'>Filium</span> <span class='ocrx_word' id='word_1_95' title='bbox 935 1365 1173 1421; x_wconf 76' lang='lat' dir='ltr'>hominis</span> <span class='ocrx_word' id='word_1_96' title='bbox 1203 1363 1355 1419; x_wconf 79' lang='lat' dir='ltr'>tradi</span> <span class='ocrx_word' id='word_1_97' title='bbox 1387 1363 1451 1418; x_wconf 69' lang='grc'>1⁸.</span> <span class='ocrx_word' id='word_1_98' title='bbox 1493 1364 1580 1420; x_wconf 70' lang='lat' dir='ltr'>Va?</span> <span class='ocrx_word' id='word_1_99' title='bbox 1623 1365 1813 1417; x_wconf 84' lang='lat' dir='ltr'>autem</span> <span class='ocrx_word' id='word_1_100' title='bbox 1863 1361 1960 1416; x_wconf 74' lang='lat' dir='ltr'>illi</span> <span class='ocrx_word' id='word_1_101' title='bbox 2004 1377 2106 1433; x_wconf 85' lang='lat' dir='ltr'>per</span> 
     </span>
    </p>
   </div>
   <div class='ocr_carea' id='block_1_16' title="bbox 445 1449 2107 1529">
    <p class='ocr_par' dir='ltr' id='par_1_16' title="bbox 445 1449 2107 1529">
     <span class='ocr_line' id='line_1_16' title="bbox 445 1449 2107 1529; baseline -0.005 -17"><span class='ocrx_word' id='word_1_102' title='bbox 445 1471 606 1529; x_wconf 83' lang='lat' dir='ltr'>quem</span> <span class='ocrx_word' id='word_1_103' title='bbox 659 1455 833 1510; x_wconf 78' lang='lat' dir='ltr'>Filius</span> <span class='ocrx_word' id='word_1_104' title='bbox 892 1453 1131 1508; x_wconf 62' lang='lat' dir='ltr'>hominis</span> <span class='ocrx_word' id='word_1_105' title='bbox 1185 1452 1469 1508; x_wconf 76' lang='lat' dir='ltr'>(raditur!</span> <span class='ocrx_word' id='word_1_106' title='bbox 1526 1449 1848 1506; x_wconf 79' lang='lat' dir='ltr'>conduceret</span> <span class='ocrx_word' id='word_1_107' title='bbox 1902 1453 2010 1521; x_wconf 77' lang='lat' dir='ltr'>ipsi</span> <span class='ocrx_word' id='word_1_108' title='bbox 2056 1452 2107 1504; x_wconf 82' lang='lat' dir='ltr'>si</span> 
     </span>
    </p>
   </div>
   <div class='ocr_carea' id='block_1_17' title="bbox 444 1539 2103 1626">
    <p class='ocr_par' dir='ltr' id='par_1_17' title="bbox 444 1539 2103 1626">
     <span class='ocr_line' id='line_1_17' title="bbox 444 1539 2103 1626; baseline -0.004 -25"><span class='ocrx_word' id='word_1_109' title='bbox 444 1554 612 1601; x_wconf 78' lang='lat' dir='ltr'>natus</span> <span class='ocrx_word' id='word_1_110' title='bbox 639 1559 749 1626; x_wconf 66' lang='grc' dir='ltr'>ηομ</span> <span class='ocrx_word' id='word_1_111' title='bbox 781 1547 915 1598; x_wconf 67' lang='lat' dir='ltr'>esset</span> <span class='ocrx_word' id='word_1_112' title='bbox 947 1543 1016 1598; x_wconf 79' lang='lat'>&quot;.</span> <span class='ocrx_word' id='word_1_113' title='bbox 1057 1541 1261 1597; x_wconf 88' lang='lat' dir='ltr'>Nonne</span> <span class='ocrx_word' id='word_1_114' title='bbox 1287 1540 1560 1596; x_wconf 82' lang='lat' dir='ltr'>similiter</span> <span class='ocrx_word' id='word_1_115' title='bbox 1612 1556 1740 1612; x_wconf 81' lang='lat' dir='ltr'>quae</span> <span class='ocrx_word' id='word_1_116' title='bbox 1793 1539 2103 1611; x_wconf 88' lang='lat' dir='ltr'>virginita-</span> 
     </span>
    </p>
   </div>
   <div class='ocr_carea' id='block_1_18' title="bbox 445 1628 2103 1703">
    <p class='ocr_par' dir='ltr' id='par_1_18' title="bbox 445 1628 2103 1703">
     <span class='ocr_line' id='line_1_18' title="bbox 445 1628 2103 1703; baseline -0.004 -13"><span class='ocrx_word' id='word_1_117' title='bbox 445 1637 565 1690; x_wconf 85' lang='lat' dir='ltr'>tem</span> <span class='ocrx_word' id='word_1_118' title='bbox 589 1637 723 1688; x_wconf 87' lang='lat' dir='ltr'>ante</span> <span class='ocrx_word' id='word_1_119' title='bbox 744 1628 1247 1703; x_wconf 88' lang='lat' dir='ltr'>professa,deinde</span> <span class='ocrx_word' id='word_1_120' title='bbox 1271 1633 1497 1685; x_wconf 91' lang='lat' dir='ltr'>mutato</span> <span class='ocrx_word' id='word_1_121' title='bbox 1520 1629 1816 1701; x_wconf 84' lang='lat' dir='ltr'>proposito</span> <span class='ocrx_word' id='word_1_122' title='bbox 1847 1628 2103 1700; x_wconf 89' lang='lat' dir='ltr'>cuipiam</span> 
     </span>
    </p>
   </div>
   <div class='ocr_carea' id='block_1_19' title="bbox 448 1717 2106 1790">
    <p class='ocr_par' dir='ltr' id='par_1_19' title="bbox 448 1717 2106 1790">
     <span class='ocr_line' id='line_1_19' title="bbox 448 1717 2106 1790; baseline -0.004 -11"><span class='ocrx_word' id='word_1_123' title='bbox 448 1721 674 1778; x_wconf 89' lang='lat' dir='ltr'>homini</span> <span class='ocrx_word' id='word_1_124' title='bbox 723 1720 983 1775; x_wconf 76' lang='lat' dir='ltr'>fruendae</span> <span class='ocrx_word' id='word_1_125' title='bbox 1025 1717 1346 1789; x_wconf 86' lang='lat' dir='ltr'>voluptatis</span> <span class='ocrx_word' id='word_1_126' title='bbox 1405 1718 1595 1790; x_wconf 87' lang='lat' dir='ltr'>gratia</span> <span class='ocrx_word' id='word_1_127' title='bbox 1652 1717 1907 1789; x_wconf 87' lang='lat' dir='ltr'>seipsam</span> <span class='ocrx_word' id='word_1_128' title='bbox 1966 1734 2106 1773; x_wconf 91' lang='lat' dir='ltr'>con-</span> 
     </span>
    </p>
   </div>
   <div class='ocr_carea' id='block_1_20' title="bbox 445 1806 2106 1885">
    <p class='ocr_par' dir='ltr' id='par_1_20' title="bbox 445 1806 2106 1885">
     <span class='ocr_line' id='line_1_20' title="bbox 445 1806 2106 1885; baseline -0.003 -19"><span class='ocrx_word' id='word_1_129' title='bbox 445 1810 658 1885; x_wconf 82' lang='lat' dir='ltr'>junxit,</span> <span class='ocrx_word' id='word_1_130' title='bbox 693 1808 924 1866; x_wconf 89' lang='lat' dir='ltr'>etiamsi</span> <span class='ocrx_word' id='word_1_131' title='bbox 956 1808 1112 1864; x_wconf 87' lang='lat' dir='ltr'>dicat</span> <span class='ocrx_word' id='word_1_132' title='bbox 1144 1826 1157 1864; x_wconf 90' lang='lat'><strong>:</strong></span> <span class='ocrx_word' id='word_1_133' title='bbox 1190 1811 1426 1878; x_wconf 88' lang='lat' dir='ltr'>Oportet</span> <span class='ocrx_word' id='word_1_134' title='bbox 1474 1823 1567 1862; x_wconf 92' lang='lat' dir='ltr'>me</span> <span class='ocrx_word' id='word_1_135' title='bbox 1612 1806 1852 1876; x_wconf 91' lang='lat' dir='ltr'>nubere,</span> <span class='ocrx_word' id='word_1_136' title='bbox 1905 1822 2106 1878; x_wconf 91' lang='lat' dir='ltr'>quem-</span> 
     </span>
    </p>
   </div>
   <div class='ocr_carea' id='block_1_21' title="bbox 452 1895 2104 1969">
    <p class='ocr_par' dir='ltr' id='par_1_21' title="bbox 452 1895 2104 1969">
     <span class='ocr_line' id='line_1_21' title="bbox 452 1895 2104 1969; baseline -0.002 -13"><span class='ocrx_word' id='word_1_137' title='bbox 452 1901 770 1958; x_wconf 89' lang='lat' dir='ltr'>admodum</span> <span class='ocrx_word' id='word_1_138' title='bbox 804 1898 1018 1953; x_wconf 89' lang='lat' dir='ltr'>Filium</span> <span class='ocrx_word' id='word_1_139' title='bbox 1050 1896 1311 1953; x_wconf 77' lang='lat' dir='ltr'>hominis.</span> <span class='ocrx_word' id='word_1_140' title='bbox 1340 1895 1624 1952; x_wconf 91' lang='lat' dir='ltr'>traditum</span> <span class='ocrx_word' id='word_1_141' title='bbox 1659 1896 1919 1969; x_wconf 89' lang='lat' dir='ltr'>oportuit</span> <span class='ocrx_word' id='word_1_142' title='bbox 1952 1912 1964 1951; x_wconf 91' lang='lat'><strong>:</strong></span> <span class='ocrx_word' id='word_1_143' title='bbox 2001 1896 2104 1952; x_wconf 89' lang='lat' dir='ltr'>sed</span> 
     </span>
    </p>
   </div>
   <div class='ocr_carea' id='block_1_22' title="bbox 450 1985 2103 2059">
    <p class='ocr_par' dir='ltr' id='par_1_22' title="bbox 450 1985 2103 2059">
     <span class='ocr_line' id='line_1_22' title="bbox 450 1985 2103 2059; baseline -0.004 -12"><span class='ocrx_word' id='word_1_144' title='bbox 450 1994 650 2047; x_wconf 87' lang='lat' dir='ltr'>tamen</span> <span class='ocrx_word' id='word_1_145' title='bbox 701 2006 781 2043; x_wconf 82' lang='lat' dir='ltr'>vae</span> <span class='ocrx_word' id='word_1_146' title='bbox 832 1986 941 2058; x_wconf 89' lang='lat' dir='ltr'>illi,</span> <span class='ocrx_word' id='word_1_147' title='bbox 975 2003 1079 2059; x_wconf 89' lang='lat' dir='ltr'>per</span> <span class='ocrx_word' id='word_1_148' title='bbox 1107 2003 1278 2058; x_wconf 90' lang='lat' dir='ltr'>quem</span> <span class='ocrx_word' id='word_1_149' title='bbox 1310 1985 1411 2042; x_wconf 91' lang='lat' dir='ltr'>illa</span> <span class='ocrx_word' id='word_1_150' title='bbox 1441 1985 1777 2054; x_wconf 81' lang='lat' dir='ltr'>foederibus,</span> <span class='ocrx_word' id='word_1_151' title='bbox 1811 2003 1938 2058; x_wconf 69' lang='lat' dir='ltr'>quae</span> <span class='ocrx_word' id='word_1_152' title='bbox 1969 2002 2103 2040; x_wconf 92' lang='lat' dir='ltr'>cum</span> 
     </span>
    </p>
   </div>
   <div class='ocr_carea' id='block_1_23' title="bbox 453 2073 2103 2151">
    <p class='ocr_par' dir='ltr' id='par_1_23' title="bbox 453 2073 2103 2151">
     <span class='ocr_line' id='line_1_23' title="bbox 453 2073 2103 2151; baseline -0.004 -17"><span class='ocrx_word' id='word_1_153' title='bbox 453 2095 669 2151; x_wconf 89' lang='lat' dir='ltr'>sponso</span> <span class='ocrx_word' id='word_1_154' title='bbox 704 2079 1034 2148; x_wconf 88' lang='lat' dir='ltr'>pepegerat,</span> <span class='ocrx_word' id='word_1_155' title='bbox 1069 2076 1259 2148; x_wconf 90' lang='lat' dir='ltr'>ruptis</span> <span class='ocrx_word' id='word_1_156' title='bbox 1289 2078 1346 2131; x_wconf 90' lang='lat' dir='ltr'>et</span> <span class='ocrx_word' id='word_1_157' title='bbox 1389 2073 1643 2145; x_wconf 87' lang='lat' dir='ltr'>violatis,</span> <span class='ocrx_word' id='word_1_158' title='bbox 1686 2091 1856 2131; x_wconf 89' lang='lat' dir='ltr'>suam</span> <span class='ocrx_word' id='word_1_159' title='bbox 1908 2074 2103 2131; x_wconf 63' lang='lat' dir='ltr'>libidi.</span> 
     </span>
    </p>
   </div>
   <div class='ocr_carea' id='block_1_24' title="bbox 451 2163 2102 2238">
    <p class='ocr_par' dir='ltr' id='par_1_24' title="bbox 451 2163 2102 2238">
     <span class='ocr_line' id='line_1_24' title="bbox 451 2163 2102 2238; baseline -0.004 -14"><span class='ocrx_word' id='word_1_160' title='bbox 451 2185 584 2224; x_wconf 91' lang='lat' dir='ltr'>nem</span> <span class='ocrx_word' id='word_1_161' title='bbox 618 2165 1018 2238; x_wconf 85' lang='lat' dir='ltr'>implet?ldem</span> <span class='ocrx_word' id='word_1_162' title='bbox 1049 2165 1207 2221; x_wconf 89' lang='lat' dir='ltr'>enim</span> <span class='ocrx_word' id='word_1_163' title='bbox 1238 2164 1374 2220; x_wconf 90' lang='lat' dir='ltr'>huic</span> <span class='ocrx_word' id='word_1_164' title='bbox 1403 2163 1852 2232; x_wconf 87' lang='lat' dir='ltr'>homini,dicere</span> <span class='ocrx_word' id='word_1_165' title='bbox 1885 2164 2102 2230; x_wconf 88' lang='lat' dir='ltr'>ausim,</span> 
     </span>
    </p>
   </div>
   <div class='ocr_carea' id='block_1_25' title="bbox 451 2252 2106 2330">
    <p class='ocr_par' dir='ltr' id='par_1_25' title="bbox 451 2252 2106 2330">
     <span class='ocr_line' id='line_1_25' title="bbox 451 2252 2106 2330; baseline -0.004 -17"><span class='ocrx_word' id='word_1_166' title='bbox 451 2255 846 2330; x_wconf 67' lang='lat' dir='ltr'>praestabilius</span> <span class='ocrx_word' id='word_1_167' title='bbox 873 2255 1224 2327; x_wconf 85' lang='lat' dir='ltr'>foret,quam</span> <span class='ocrx_word' id='word_1_168' title='bbox 1259 2253 1309 2310; x_wconf 89' lang='lat' dir='ltr'>si</span> <span class='ocrx_word' id='word_1_169' title='bbox 1339 2254 1576 2310; x_wconf 85' lang='lat' dir='ltr'>sceleris</span> <span class='ocrx_word' id='word_1_170' title='bbox 1609 2253 1888 2309; x_wconf 89' lang='lat' dir='ltr'>adversus</span> <span class='ocrx_word' id='word_1_171' title='bbox 1910 2252 2106 2308; x_wconf 83' lang='lat' dir='ltr'>Domi-</span> 
     </span>
    </p>
   </div>
   <div class='ocr_carea' id='block_1_26' title="bbox 450 2342 2102 2416">
    <p class='ocr_par' dir='ltr' id='par_1_26' title="bbox 450 2342 2102 2416">
     <span class='ocr_line' id='line_1_26' title="bbox 450 2342 2102 2416; baseline -0.004 -12"><span class='ocrx_word' id='word_1_172' title='bbox 450 2363 592 2404; x_wconf 92' lang='lat' dir='ltr'>num</span> <span class='ocrx_word' id='word_1_173' title='bbox 626 2345 701 2401; x_wconf 91' lang='lat' dir='ltr'>ab</span> <span class='ocrx_word' id='word_1_174' title='bbox 728 2345 836 2400; x_wconf 88' lang='lat' dir='ltr'>hac</span> <span class='ocrx_word' id='word_1_175' title='bbox 869 2343 1100 2414; x_wconf 90' lang='lat' dir='ltr'>impura</span> <span class='ocrx_word' id='word_1_176' title='bbox 1131 2344 1343 2416; x_wconf 88' lang='lat' dir='ltr'>patrati</span> <span class='ocrx_word' id='word_1_177' title='bbox 1373 2342 1568 2398; x_wconf 89' lang='lat' dir='ltr'>socius</span> <span class='ocrx_word' id='word_1_178' title='bbox 1599 2343 1657 2396; x_wconf 91' lang='lat' dir='ltr'>in</span> <span class='ocrx_word' id='word_1_179' title='bbox 1681 2342 1909 2413; x_wconf 90' lang='lat' dir='ltr'>judicio</span> <span class='ocrx_word' id='word_1_180' title='bbox 1940 2358 2102 2414; x_wconf 88' lang='lat' dir='ltr'>repe-</span> 
     </span>
    </p>
   </div>
   <div class='ocr_carea' id='block_1_27' title="bbox 452 2430 2102 2503">
    <p class='ocr_par' dir='ltr' id='par_1_27' title="bbox 452 2430 2102 2503">
     <span class='ocr_line' id='line_1_27' title="bbox 452 2430 2102 2503; baseline -0.003 -13"><span class='ocrx_word' id='word_1_181' title='bbox 452 2437 656 2490; x_wconf 87' lang='lat' dir='ltr'>riatur.</span> <span class='ocrx_word' id='word_1_182' title='bbox 685 2434 816 2488; x_wconf 89' lang='lat' dir='ltr'>Jam</span> <span class='ocrx_word' id='word_1_183' title='bbox 849 2447 981 2487; x_wconf 88' lang='lat' dir='ltr'>vero</span> <span class='ocrx_word' id='word_1_184' title='bbox 1013 2448 1203 2488; x_wconf 83' lang='lat' dir='ltr'>nonne</span> <span class='ocrx_word' id='word_1_185' title='bbox 1235 2432 1404 2487; x_wconf 88' lang='lat' dir='ltr'>audis</span> <span class='ocrx_word' id='word_1_186' title='bbox 1435 2448 1570 2487; x_wconf 90' lang='lat' dir='ltr'>eum</span> <span class='ocrx_word' id='word_1_187' title='bbox 1603 2430 1940 2502; x_wconf 89' lang='lat' dir='ltr'>adulterari,</span> <span class='ocrx_word' id='word_1_188' title='bbox 2001 2431 2102 2503; x_wconf 92' lang='lat' dir='ltr'>qui</span> 
     </span>
    </p>
   </div>
   <div class='ocr_carea' id='block_1_28' title="bbox 451 2519 2101 2590">
    <p class='ocr_par' dir='ltr' id='par_1_28' title="bbox 451 2519 2101 2590">
     <span class='ocr_line' id='line_1_28' title="bbox 451 2519 2101 2590; baseline -0.003 -10"><span class='ocrx_word' id='word_1_189' title='bbox 451 2523 627 2580; x_wconf 87' lang='lat' dir='ltr'>etiam</span> <span class='ocrx_word' id='word_1_190' title='bbox 688 2519 991 2576; x_wconf 87' lang='lat' dir='ltr'>dimissam</span> <span class='ocrx_word' id='word_1_191' title='bbox 1051 2520 1280 2576; x_wconf 86' lang='lat' dir='ltr'>duxerit</span> <span class='ocrx_word' id='word_1_192' title='bbox 1327 2519 1416 2574; x_wconf 69' lang='lat'>*0?</span> <span class='ocrx_word' id='word_1_193' title='bbox 1465 2519 1587 2575; x_wconf 91' lang='lat' dir='ltr'>Etsi</span> <span class='ocrx_word' id='word_1_194' title='bbox 1647 2519 1824 2586; x_wconf 89' lang='lat' dir='ltr'>enim,</span> <span class='ocrx_word' id='word_1_195' title='bbox 1886 2519 2101 2590; x_wconf 89' lang='lat' dir='ltr'>inquit,</span> 
     </span>
    </p>
   </div>
   <div class='ocr_carea' id='block_1_29' title="bbox 451 2607 2100 2684">
    <p class='ocr_par' dir='ltr' id='par_1_29' title="bbox 451 2607 2100 2684">
     <span class='ocr_line' id='line_1_29' title="bbox 451 2607 2100 2684; baseline -0.001 -18"><span class='ocrx_word' id='word_1_196' title='bbox 451 2615 691 2684; x_wconf 85' lang='lat' dir='ltr'>propter</span> <span class='ocrx_word' id='word_1_197' title='bbox 720 2607 954 2679; x_wconf 89' lang='lat' dir='ltr'>culpam</span> <span class='ocrx_word' id='word_1_198' title='bbox 987 2609 1096 2664; x_wconf 85' lang='lat' dir='ltr'>fuit</span> <span class='ocrx_word' id='word_1_199' title='bbox 1118 2608 1387 2676; x_wconf 89' lang='lat' dir='ltr'>dimissa,</span> <span class='ocrx_word' id='word_1_200' title='bbox 1418 2609 1558 2664; x_wconf 87' lang='lat' dir='ltr'>vivit</span> <span class='ocrx_word' id='word_1_201' title='bbox 1585 2611 1781 2663; x_wconf 88' lang='lat' dir='ltr'>tamen</span> <span class='ocrx_word' id='word_1_202' title='bbox 1814 2607 1901 2664; x_wconf 92' lang='lat' dir='ltr'>vir</span> <span class='ocrx_word' id='word_1_203' title='bbox 1953 2609 2100 2680; x_wconf 90' lang='lat' dir='ltr'>ejus.</span> 
     </span>
    </p>
   </div>
   <div class='ocr_carea' id='block_1_30' title="bbox 2213 553 3867 636">
    <p class='ocr_par' dir='ltr' id='par_1_30' title="bbox 2213 553 3867 636">
     <span class='ocr_line' id='line_1_30' title="bbox 2213 553 3867 636; baseline 0.001 -24"><span class='ocrx_word' id='word_1_204' title='bbox 2213 553 2418 635; x_wconf 73' lang='grc' dir='ltr'>ραϐἆσα</span> <span class='ocrx_word' id='word_1_205' title='bbox 2480 558 2573 631; x_wconf 68' lang='grc' dir='ltr'>μὲν</span> <span class='ocrx_word' id='word_1_206' title='bbox 2624 558 2723 626; x_wconf 76' lang='grc' dir='ltr'>τήν</span> <span class='ocrx_word' id='word_1_207' title='bbox 2783 558 2918 633; x_wconf 87' lang='grc' dir='ltr'>πρὸς</span> <span class='ocrx_word' id='word_1_208' title='bbox 2944 558 3034 612; x_wconf 88' lang='grc' dir='ltr'>τὸν</span> <span class='ocrx_word' id='word_1_209' title='bbox 3065 557 3297 636; x_wconf 89' lang='grc' dir='ltr'>νυμφίον</span> <span class='ocrx_word' id='word_1_210' title='bbox 3332 560 3571 631; x_wconf 79' lang='grc' dir='ltr'>συνθήκη</span> <span class='ocrx_word' id='word_1_211' title='bbox 3587 580 3629 628; x_wconf 78' lang='grc' dir='ltr'>ιι,</span> <span class='ocrx_word' id='word_1_212' title='bbox 3663 557 3867 615; x_wconf 78' lang='grc' dir='ltr'>πάντα-</span> 
     </span>
    </p>
   </div>
   <div class='ocr_carea' id='block_1_31' title="bbox 2213 645 3866 723">
    <p class='ocr_par' dir='ltr' id='par_1_31' title="bbox 2213 645 3866 723">
     <span class='ocr_line' id='line_1_31' title="bbox 2213 645 3866 723; baseline 0.002 -21"><span class='ocrx_word' id='word_1_213' title='bbox 2213 645 2269 702; x_wconf 77' lang='grc' dir='ltr'>δὶ</span> <span class='ocrx_word' id='word_1_214' title='bbox 2325 649 2414 703; x_wconf 78' lang='grc' dir='ltr'>καὶ</span> <span class='ocrx_word' id='word_1_215' title='bbox 2468 649 2617 719; x_wconf 85' lang='grc' dir='ltr'>ναὸν,</span> <span class='ocrx_word' id='word_1_216' title='bbox 2670 647 2760 701; x_wconf 83' lang='grc' dir='ltr'>καὶ</span> <span class='ocrx_word' id='word_1_217' title='bbox 2821 647 3095 720; x_wconf 83' lang='grc' dir='ltr'>ἀνάθημα,</span> <span class='ocrx_word' id='word_1_218' title='bbox 3154 647 3241 702; x_wconf 79' lang='grc' dir='ltr'>καὶ</span> <span class='ocrx_word' id='word_1_219' title='bbox 3301 647 3482 723; x_wconf 90' lang='grc' dir='ltr'>φιλίαν</span> <span class='ocrx_word' id='word_1_220' title='bbox 3565 650 3665 718; x_wconf 74' lang='grc' dir='ltr'>τήν</span> <span class='ocrx_word' id='word_1_221' title='bbox 3725 651 3866 723; x_wconf 84' lang='grc' dir='ltr'>πρὸς</span> 
     </span>
    </p>
   </div>
   <div class='ocr_carea' id='block_1_32' title="bbox 2211 733 3867 812">
    <p class='ocr_par' dir='ltr' id='par_1_32' title="bbox 2211 733 3867 812">
     <span class='ocr_line' id='line_1_32' title="bbox 2211 733 3867 812; baseline 0.001 -22"><span class='ocrx_word' id='word_1_222' title='bbox 2211 737 2393 804; x_wconf 79' lang='grc' dir='ltr'>αὐτὸν,</span> <span class='ocrx_word' id='word_1_223' title='bbox 2436 737 2523 791; x_wconf 87' lang='grc' dir='ltr'>καὶ</span> <span class='ocrx_word' id='word_1_224' title='bbox 2597 735 2872 812; x_wconf 75' lang='grc' dir='ltr'>βασιλείας</span> <span class='ocrx_word' id='word_1_225' title='bbox 2929 735 3210 791; x_wconf 82' lang='grc' dir='ltr'>κοινωνίαν</span> <span class='ocrx_word' id='word_1_226' title='bbox 3274 733 3342 791; x_wconf 87' lang='grc' dir='ltr'>δι’</span> <span class='ocrx_word' id='word_1_227' title='bbox 3394 733 3598 807; x_wconf 72' lang='grc' dir='ltr'>ἡδονὴν</span> <span class='ocrx_word' id='word_1_228' title='bbox 3655 737 3867 802; x_wconf 78' lang='grc' dir='ltr'>πάθους</span> 
     </span>
    </p>
   </div>
   <div class='ocr_carea' id='block_1_33' title="bbox 2211 824 3871 902">
    <p class='ocr_par' dir='ltr' id='par_1_33' title="bbox 2211 824 3871 902">
     <span class='ocr_line' id='line_1_33' title="bbox 2211 824 3871 902; baseline 0.001 -22"><span class='ocrx_word' id='word_1_229' title='bbox 2211 826 2489 902; x_wconf 75' lang='grc' dir='ltr'>συγχέασά</span> <span class='ocrx_word' id='word_1_230' title='bbox 2537 846 2594 880; x_wconf 87' lang='grc' dir='ltr'>τε</span> <span class='ocrx_word' id='word_1_231' title='bbox 2652 827 2791 899; x_wconf 74' lang='grc' dir='ltr'>ὁμοῦ</span> <span class='ocrx_word' id='word_1_232' title='bbox 2849 824 2937 880; x_wconf 87' lang='grc' dir='ltr'>καὶ</span> <span class='ocrx_word' id='word_1_233' title='bbox 3023 827 3327 899; x_wconf 77' lang='grc' dir='ltr'>πατήσασα,</span> <span class='ocrx_word' id='word_1_234' title='bbox 3391 827 3464 899; x_wconf 87' lang='grc' dir='ltr'>μή</span> <span class='ocrx_word' id='word_1_235' title='bbox 3525 829 3744 902; x_wconf 75' lang='grc' dir='ltr'>χρήσῃς</span> 
     </span>
    </p>
   </div>
   <div class='ocr_carea' id='block_1_34' title="bbox 2210 913 3868 990">
    <p class='ocr_par' dir='ltr' id='par_1_34' title="bbox 2210 913 3868 990">
     <span class='ocr_line' id='line_1_34' title="bbox 2210 913 3868 990; baseline 0.001 -21"><span class='ocrx_word' id='word_1_236' title='bbox 2210 916 2435 989; x_wconf 79' lang='grc' dir='ltr'>τοιαύτῃ</span> <span class='ocrx_word' id='word_1_237' title='bbox 2474 915 2662 971; x_wconf 88' lang='grc' dir='ltr'>σαυτὸν</span> <span class='ocrx_word' id='word_1_238' title='bbox 2725 914 2798 978; x_wconf 71' lang='grc' dir='ltr'>εἷς</span> <span class='ocrx_word' id='word_1_239' title='bbox 2859 913 3146 970; x_wconf 84' lang='grc' dir='ltr'>κοινωνίαν</span> <span class='ocrx_word' id='word_1_240' title='bbox 3205 916 3304 984; x_wconf 78' lang='grc' dir='ltr'>τὴς</span> <span class='ocrx_word' id='word_1_241' title='bbox 3355 916 3648 990; x_wconf 84' lang='grc' dir='ltr'>ἁμαρτίας.</span> <span class='ocrx_word' id='word_1_242' title='bbox 3711 917 3868 973; x_wconf 81' lang='grc' dir='ltr'>Ἐπεὶ</span> 
     </span>
    </p>
   </div>
   <div class='ocr_carea' id='block_1_35' title="bbox 2213 1002 3872 1082">
    <p class='ocr_par' dir='ltr' id='par_1_35' title="bbox 2213 1002 3872 1082">
     <span class='ocr_line' id='line_1_35' title="bbox 2213 1002 3872 1082; baseline 0.001 -23"><span class='ocrx_word' id='word_1_243' title='bbox 2213 1002 2339 1060; x_wconf 70' lang='grc' dir='ltr'>οὐδὲ</span> <span class='ocrx_word' id='word_1_244' title='bbox 2371 1006 2398 1059; x_wconf 99' lang='lat'>6</span> <span class='ocrx_word' id='word_1_245' title='bbox 2428 1003 2595 1066; x_wconf 89' lang='grc' dir='ltr'>καλὸς</span> <span class='ocrx_word' id='word_1_246' title='bbox 2644 1005 2845 1082; x_wconf 76' lang='grc' dir='ltr'>Ὶωσὴφ</span> <span class='ocrx_word' id='word_1_247' title='bbox 2901 1003 2971 1078; x_wconf 75' lang='grc' dir='ltr'>τῇ</span> <span class='ocrx_word' id='word_1_248' title='bbox 3035 1002 3291 1079; x_wconf 78' lang='grc' dir='ltr'>δεσποινῃ</span> <span class='ocrx_word' id='word_1_249' title='bbox 3333 1003 3656 1079; x_wconf 75' lang='grc' dir='ltr'>ἐπιμανείσῃ</span> <span class='ocrx_word' id='word_1_250' title='bbox 3715 1004 3872 1078; x_wconf 76' lang='grc' dir='ltr'>αύτῴ</span> 
     </span>
    </p>
   </div>
   <div class='ocr_carea' id='block_1_36' title="bbox 2213 1091 3872 1170">
    <p class='ocr_par' dir='ltr' id='par_1_36' title="bbox 2213 1091 3872 1170">
     <span class='ocr_line' id='line_1_36' title="bbox 2213 1091 3872 1170; baseline 0.001 -22"><span class='ocrx_word' id='word_1_251' title='bbox 2213 1094 2400 1148; x_wconf 69' lang='grc' dir='ltr'>ἑαυτὸν</span> <span class='ocrx_word' id='word_1_252' title='bbox 2441 1095 2576 1170; x_wconf 86' lang='grc' dir='ltr'>πρὸς</span> <span class='ocrx_word' id='word_1_253' title='bbox 2631 1095 2728 1163; x_wconf 78' lang='grc' dir='ltr'>τήν</span> <span class='ocrx_word' id='word_1_254' title='bbox 2789 1100 2890 1163; x_wconf 80' lang='grc' dir='ltr'>τῆς</span> <span class='ocrx_word' id='word_1_255' title='bbox 2940 1091 3236 1156; x_wconf 83' lang='grc' dir='ltr'>ἀκολασίας</span> <span class='ocrx_word' id='word_1_256' title='bbox 3295 1092 3593 1149; x_wconf 82' lang='grc' dir='ltr'>ἀπόλαυσιν</span> <span class='ocrx_word' id='word_1_257' title='bbox 3655 1102 3872 1170; x_wconf 76' lang='grc' dir='ltr'>χρῆσαι</span> 
     </span>
    </p>
   </div>
   <div class='ocr_carea' id='block_1_37' title="bbox 2213 1179 3872 1254">
    <p class='ocr_par' dir='ltr' id='par_1_37' title="bbox 2213 1179 3872 1254">
     <span class='ocr_line' id='line_1_37' title="bbox 2213 1179 3872 1254; baseline 0.002 -19"><span class='ocrx_word' id='word_1_258' title='bbox 2213 1182 2508 1254; x_wconf 73' lang='grc' dir='ltr'>ἠθὲλησεν.</span> <span class='ocrx_word' id='word_1_259' title='bbox 2544 1180 2703 1237; x_wconf 85' lang='grc' dir='ltr'>Ἀλλ’</span> <span class='ocrx_word' id='word_1_260' title='bbox 2735 1181 2780 1237; x_wconf 79' lang='grc' dir='ltr'>εί</span> <span class='ocrx_word' id='word_1_261' title='bbox 2811 1183 2898 1236; x_wconf 79' lang='grc' dir='ltr'>καὶ</span> <span class='ocrx_word' id='word_1_262' title='bbox 2939 1184 3013 1254; x_wconf 78' lang='grc' dir='ltr'>μὴ</span> <span class='ocrx_word' id='word_1_263' title='bbox 3046 1181 3108 1236; x_wconf 81' lang='grc' dir='ltr'>σὺ</span> <span class='ocrx_word' id='word_1_264' title='bbox 3139 1179 3307 1250; x_wconf 73' lang='grc' dir='ltr'>ἦλθες</span> <span class='ocrx_word' id='word_1_265' title='bbox 3359 1181 3447 1237; x_wconf 83' lang='grc' dir='ltr'>ἐπὶ</span> <span class='ocrx_word' id='word_1_266' title='bbox 3503 1184 3602 1251; x_wconf 81' lang='grc' dir='ltr'>τήν</span> <span class='ocrx_word' id='word_1_267' title='bbox 3665 1205 3872 1238; x_wconf 86' lang='grc' dir='ltr'>κοινω-</span> 
     </span>
    </p>
   </div>
   <div class='ocr_carea' id='block_1_38' title="bbox 2211 1268 3875 1346">
    <p class='ocr_par' dir='ltr' id='par_1_38' title="bbox 2211 1268 3875 1346">
     <span class='ocr_line' id='line_1_38' title="bbox 2211 1268 3875 1346; baseline 0.002 -21"><span class='ocrx_word' id='word_1_268' title='bbox 2211 1270 2328 1326; x_wconf 88' lang='grc' dir='ltr'>νίαν</span> <span class='ocrx_word' id='word_1_269' title='bbox 2387 1275 2482 1326; x_wconf 78' lang='grc' dir='ltr'>τοῦ</span> <span class='ocrx_word' id='word_1_270' title='bbox 2542 1271 2744 1346; x_wconf 84' lang='grc' dir='ltr'>γάμου,</span> <span class='ocrx_word' id='word_1_271' title='bbox 2803 1269 2960 1343; x_wconf 76' lang='grc' dir='ltr'>ἄλλῳ</span> <span class='ocrx_word' id='word_1_272' title='bbox 3017 1271 3208 1339; x_wconf 73' lang='grc' dir='ltr'>ἑαυτήν</span> <span class='ocrx_word' id='word_1_273' title='bbox 3252 1268 3587 1330; x_wconf 79' lang='grc' dir='ltr'>ἐπιδίδωσιν.</span> <span class='ocrx_word' id='word_1_274' title='bbox 3621 1273 3875 1335; x_wconf 82' lang='grc' dir='ltr'>Ἐκεῖνος</span> 
     </span>
    </p>
   </div>
   <div class='ocr_carea' id='block_1_39' title="bbox 2213 1358 3876 1437">
    <p class='ocr_par' dir='ltr' id='par_1_39' title="bbox 2213 1358 3876 1437">
     <span class='ocr_line' id='line_1_39' title="bbox 2213 1358 3876 1437; baseline 0.001 -22"><span class='ocrx_word' id='word_1_275' title='bbox 2213 1358 2303 1416; x_wconf 78' lang='grc' dir='ltr'>οὗν</span> <span class='ocrx_word' id='word_1_276' title='bbox 2359 1359 2451 1420; x_wconf 79' lang='grc' dir='ltr'>τὰς</span> <span class='ocrx_word' id='word_1_277' title='bbox 2509 1359 2597 1414; x_wconf 78' lang='grc' dir='ltr'>ἐπὶ</span> <span class='ocrx_word' id='word_1_278' title='bbox 2653 1363 2721 1433; x_wconf 83' lang='grc' dir='ltr'>τῇ</span> <span class='ocrx_word' id='word_1_279' title='bbox 2784 1358 3020 1435; x_wconf 75' lang='grc' dir='ltr'>ἁμαρτίᾳ</span> <span class='ocrx_word' id='word_1_280' title='bbox 3076 1358 3240 1414; x_wconf 74' lang='grc' dir='ltr'>αὐτοῦ</span> <span class='ocrx_word' id='word_1_281' title='bbox 3299 1360 3516 1424; x_wconf 78' lang='grc' dir='ltr'>εὐθύνας</span> <span class='ocrx_word' id='word_1_282' title='bbox 3571 1361 3773 1437; x_wconf 72' lang='grc' dir='ltr'>ἰχὲτω·</span> <span class='ocrx_word' id='word_1_283' title='bbox 3809 1363 3876 1416; x_wconf 70' lang='grc' dir='ltr'>σὺ</span> 
     </span>
    </p>
   </div>
   <div class='ocr_carea' id='block_1_40' title="bbox 2213 1447 3873 1524">
    <p class='ocr_par' dir='ltr' id='par_1_40' title="bbox 2213 1447 3873 1524">
     <span class='ocr_line' id='line_1_40' title="bbox 2213 1447 3873 1524; baseline -0.001 -20"><span class='ocrx_word' id='word_1_284' title='bbox 2213 1447 2271 1504; x_wconf 72' lang='grc' dir='ltr'>δὶ</span> <span class='ocrx_word' id='word_1_285' title='bbox 2303 1449 2492 1504; x_wconf 87' lang='grc' dir='ltr'>σαυτὸν</span> <span class='ocrx_word' id='word_1_286' title='bbox 2526 1449 2756 1524; x_wconf 86' lang='grc' dir='ltr'>καθαρὸν</span> <span class='ocrx_word' id='word_1_287' title='bbox 2791 1448 3030 1523; x_wconf 81' lang='grc' dir='ltr'>φύλαττε</span> <span class='ocrx_word' id='word_1_288' title='bbox 3056 1447 3144 1504; x_wconf 84' lang='grc' dir='ltr'>ἐπὶ</span> <span class='ocrx_word' id='word_1_289' title='bbox 3202 1452 3269 1523; x_wconf 76' lang='grc' dir='ltr'>τῇ</span> <span class='ocrx_word' id='word_1_290' title='bbox 3315 1449 3575 1522; x_wconf 70' lang='grc' dir='ltr'>κοινωνία</span> <span class='ocrx_word' id='word_1_291' title='bbox 3627 1457 3732 1520; x_wconf 80' lang='grc' dir='ltr'>τῆς</span> <span class='ocrx_word' id='word_1_292' title='bbox 3795 1450 3873 1514; x_wconf 75' lang='grc' dir='ltr'>εἷς</span> 
     </span>
    </p>
   </div>
   <div class='ocr_carea' id='block_1_41' title="bbox 2211 1537 3871 1618">
    <p class='ocr_par' dir='ltr' id='par_1_41' title="bbox 2211 1537 3871 1618">
     <span class='ocr_line' id='line_1_41' title="bbox 2211 1537 3871 1618; baseline 0.001 -24"><span class='ocrx_word' id='word_1_293' title='bbox 2211 1539 2303 1594; x_wconf 88' lang='grc' dir='ltr'>τὸν</span> <span class='ocrx_word' id='word_1_294' title='bbox 2366 1537 2565 1614; x_wconf 82' lang='grc' dir='ltr'>Κύριον</span> <span class='ocrx_word' id='word_1_295' title='bbox 2645 1538 2987 1613; x_wconf 79' lang='grc' dir='ltr'>παρανομίας</span> <span class='ocrx_word' id='word_1_296' title='bbox 3073 1539 3324 1608; x_wconf 76' lang='grc' dir='ltr'>εὐθύνης.</span> <span class='ocrx_word' id='word_1_297' title='bbox 3385 1544 3494 1612; x_wconf 89' lang='grc' dir='ltr'>Δεῖ,</span> <span class='ocrx_word' id='word_1_298' title='bbox 3556 1540 3714 1618; x_wconf 75' lang='grc' dir='ltr'>φησὶ,</span> <span class='ocrx_word' id='word_1_299' title='bbox 3777 1543 3871 1595; x_wconf 78' lang='grc' dir='ltr'>τὸν</span> 
     </span>
    </p>
   </div>
   <div class='ocr_carea' id='block_1_42' title="bbox 2212 1625 3874 1703">
    <p class='ocr_par' dir='ltr' id='par_1_42' title="bbox 2212 1625 3874 1703">
     <span class='ocr_line' id='line_1_42' title="bbox 2212 1625 3874 1703; baseline 0.002 -23"><span class='ocrx_word' id='word_1_300' title='bbox 2212 1627 2335 1681; x_wconf 73' lang='grc' dir='ltr'>Υἱὸν</span> <span class='ocrx_word' id='word_1_301' title='bbox 2421 1633 2516 1682; x_wconf 78' lang='grc' dir='ltr'>τοῦ</span> <span class='ocrx_word' id='word_1_302' title='bbox 2601 1628 2889 1702; x_wconf 86' lang='grc' dir='ltr'>ἀνθρώπου</span> <span class='ocrx_word' id='word_1_303' title='bbox 2977 1625 3388 1703; x_wconf 84' lang='grc' dir='ltr'>παραδοθῆναι.</span> <span class='ocrx_word' id='word_1_304' title='bbox 3445 1627 3582 1685; x_wconf 73' lang='grc' dir='ltr'>Οὐαὶ</span> <span class='ocrx_word' id='word_1_305' title='bbox 3656 1627 3739 1699; x_wconf 71' lang='grc' dir='ltr'>δὶ,</span> <span class='ocrx_word' id='word_1_306' title='bbox 3804 1627 3874 1684; x_wconf 82' lang='grc' dir='ltr'>δι’</span> 
     </span>
    </p>
   </div>
   <div class='ocr_carea' id='block_1_43' title="bbox 2214 1715 3871 1796">
    <p class='ocr_par' dir='ltr' id='par_1_43' title="bbox 2214 1715 3871 1796">
     <span class='ocr_line' id='line_1_43' title="bbox 2214 1715 3871 1796; baseline 0.001 -25"><span class='ocrx_word' id='word_1_307' title='bbox 2214 1718 2275 1772; x_wconf 77' lang='grc' dir='ltr'>οὗ</span> <span class='ocrx_word' id='word_1_308' title='bbox 2351 1718 2378 1771; x_wconf 90' lang='lat'>6</span> <span class='ocrx_word' id='word_1_309' title='bbox 2455 1716 2578 1781; x_wconf 77' lang='grc' dir='ltr'>Υἱὸς</span> <span class='ocrx_word' id='word_1_310' title='bbox 2654 1721 2749 1771; x_wconf 72' lang='grc' dir='ltr'>τοῦ</span> <span class='ocrx_word' id='word_1_311' title='bbox 2822 1717 3113 1792; x_wconf 86' lang='grc' dir='ltr'>ἀνθρώπου</span> <span class='ocrx_word' id='word_1_312' title='bbox 3189 1715 3588 1792; x_wconf 83' lang='grc' dir='ltr'>παραδίδοται·</span> <span class='ocrx_word' id='word_1_313' title='bbox 3647 1720 3871 1796; x_wconf 71' lang='grc' dir='ltr'>συνέφε-</span> 
     </span>
    </p>
   </div>
   <div class='ocr_carea' id='block_1_44' title="bbox 2215 1804 3868 1882">
    <p class='ocr_par' dir='ltr' id='par_1_44' title="bbox 2215 1804 3868 1882">
     <span class='ocr_line' id='line_1_44' title="bbox 2215 1804 3868 1882; baseline 0 -22"><span class='ocrx_word' id='word_1_314' title='bbox 2215 1826 2299 1882; x_wconf 88' lang='grc' dir='ltr'>ρεν</span> <span class='ocrx_word' id='word_1_315' title='bbox 2379 1806 2527 1878; x_wconf 75' lang='grc' dir='ltr'>αὐτῷ</span> <span class='ocrx_word' id='word_1_316' title='bbox 2585 1804 2629 1860; x_wconf 81' lang='grc' dir='ltr'>εἱ</span> <span class='ocrx_word' id='word_1_317' title='bbox 2687 1805 2762 1878; x_wconf 82' lang='grc' dir='ltr'>μὴ</span> <span class='ocrx_word' id='word_1_318' title='bbox 2819 1805 3098 1881; x_wconf 71' lang='grc' dir='ltr'>ἐγεννήθη.</span> <span class='ocrx_word' id='word_1_319' title='bbox 3145 1805 3222 1863; x_wconf 84' lang='grc' dir='ltr'>Ού</span> <span class='ocrx_word' id='word_1_320' title='bbox 3289 1806 3428 1861; x_wconf 89' lang='grc' dir='ltr'>κατά</span> <span class='ocrx_word' id='word_1_321' title='bbox 3489 1807 3580 1862; x_wconf 88' lang='grc' dir='ltr'>τὸν</span> <span class='ocrx_word' id='word_1_322' title='bbox 3667 1807 3868 1881; x_wconf 80' lang='grc' dir='ltr'>ὅμοιον</span> 
     </span>
    </p>
   </div>
   <div class='ocr_carea' id='block_1_45' title="bbox 2213 1893 3872 1972">
    <p class='ocr_par' dir='ltr' id='par_1_45' title="bbox 2213 1893 3872 1972">
     <span class='ocr_line' id='line_1_45' title="bbox 2213 1893 3872 1972; baseline 0.001 -22"><span class='ocrx_word' id='word_1_323' title='bbox 2213 1895 2414 1968; x_wconf 81' lang='grc' dir='ltr'>τρόπον</span> <span class='ocrx_word' id='word_1_324' title='bbox 2477 1893 2678 1968; x_wconf 80' lang='grc' dir='ltr'>ἔκρινεν</span> <span class='ocrx_word' id='word_1_325' title='bbox 2714 1897 2748 1964; x_wconf 84' lang='grc' dir='ltr'>ἡ</span> <span class='ocrx_word' id='word_1_326' title='bbox 2802 1893 3062 1970; x_wconf 87' lang='grc' dir='ltr'>πρότερον</span> <span class='ocrx_word' id='word_1_327' title='bbox 3113 1897 3211 1964; x_wconf 76' lang='grc' dir='ltr'>τὴν</span> <span class='ocrx_word' id='word_1_328' title='bbox 3270 1895 3554 1967; x_wconf 76' lang='grc' dir='ltr'>παρθενίαν</span> <span class='ocrx_word' id='word_1_329' title='bbox 3617 1898 3872 1972; x_wconf 78' lang='grc' dir='ltr'>ὑποσχο-</span> 
     </span>
    </p>
   </div>
   <div class='ocr_carea' id='block_1_46' title="bbox 2221 1981 3871 2059">
    <p class='ocr_par' dir='ltr' id='par_1_46' title="bbox 2221 1981 3871 2059">
     <span class='ocr_line' id='line_1_46' title="bbox 2221 1981 3871 2059; baseline 0.001 -21"><span class='ocrx_word' id='word_1_330' title='bbox 2221 1985 2378 2058; x_wconf 77' lang='grc' dir='ltr'>μένη,</span> <span class='ocrx_word' id='word_1_331' title='bbox 2416 1983 2749 2056; x_wconf 76' lang='grc' dir='ltr'>μεταθεμένη</span> <span class='ocrx_word' id='word_1_332' title='bbox 2807 1981 2864 2038; x_wconf 72' lang='grc' dir='ltr'>δὲ</span> <span class='ocrx_word' id='word_1_333' title='bbox 2911 1983 3077 2052; x_wconf 74' lang='grc' dir='ltr'>αὐτὴν</span> <span class='ocrx_word' id='word_1_334' title='bbox 3134 1986 3248 2058; x_wconf 86' lang='grc'>(62)</span> <span class='ocrx_word' id='word_1_335' title='bbox 3297 1985 3567 2059; x_wconf 81' lang='grc' dir='ltr'>ἀνθρώπῳ</span> <span class='ocrx_word' id='word_1_336' title='bbox 3618 1987 3731 2040; x_wconf 83' lang='grc' dir='ltr'>τινὶ</span> <span class='ocrx_word' id='word_1_337' title='bbox 3794 1987 3871 2048; x_wconf 75' lang='grc' dir='ltr'>εἷς</span> 
     </span>
    </p>
   </div>
   <div class='ocr_carea' id='block_1_47' title="bbox 2215 2070 3874 2149">
    <p class='ocr_par' dir='ltr' id='par_1_47' title="bbox 2215 2070 3874 2149">
     <span class='ocr_line' id='line_1_47' title="bbox 2215 2070 3874 2149; baseline 0 -22"><span class='ocrx_word' id='word_1_338' title='bbox 2215 2070 2420 2142; x_wconf 77' lang='grc' dir='ltr'>ἡδονῆς</span> <span class='ocrx_word' id='word_1_339' title='bbox 2479 2070 2778 2128; x_wconf 71' lang='grc' dir='ltr'>ἀπόλαυσιν</span> <span class='ocrx_word' id='word_1_340' title='bbox 2841 2072 3034 2143; x_wconf 68' lang='grc' dir='ltr'>ζεῦξαι,</span> <span class='ocrx_word' id='word_1_341' title='bbox 3070 2071 3164 2127; x_wconf 74' lang='grc' dir='ltr'>κᾶν</span> <span class='ocrx_word' id='word_1_342' title='bbox 3409 2079 3499 2128; x_wconf 83' lang='grc' dir='ltr'>Δεῖ</span> <span class='ocrx_word' id='word_1_343' title='bbox 3557 2095 3624 2147; x_wconf 84' lang='grc' dir='ltr'>με</span> <span class='ocrx_word' id='word_1_344' title='bbox 3681 2096 3874 2149; x_wconf 83' lang='grc' dir='ltr'>γαμη-</span> 
     </span>
    </p>
   </div>
   <div class='ocr_carea' id='block_1_48' title="bbox 2214 2159 3870 2239">
    <p class='ocr_par' dir='ltr' id='par_1_48' title="bbox 2214 2159 3870 2239">
     <span class='ocr_line' id='line_1_48' title="bbox 2214 2159 3870 2239; baseline 0 -23"><span class='ocrx_word' id='word_1_345' title='bbox 2214 2163 2391 2231; x_wconf 78' lang='grc' dir='ltr'>θῆναι,</span> <span class='ocrx_word' id='word_1_346' title='bbox 2425 2159 2497 2223; x_wconf 84' lang='grc' dir='ltr'>ὡς</span> <span class='ocrx_word' id='word_1_347' title='bbox 2529 2161 2620 2215; x_wconf 74' lang='grc' dir='ltr'>τὸν</span> <span class='ocrx_word' id='word_1_348' title='bbox 2653 2161 2774 2215; x_wconf 75' lang='grc' dir='ltr'>Υἱὸν</span> <span class='ocrx_word' id='word_1_349' title='bbox 2834 2165 2929 2216; x_wconf 81' lang='grc' dir='ltr'>τοῦ</span> <span class='ocrx_word' id='word_1_350' title='bbox 2980 2163 3268 2236; x_wconf 85' lang='grc' dir='ltr'>ἀνθρώπου</span> <span class='ocrx_word' id='word_1_351' title='bbox 3327 2159 3408 2216; x_wconf 87' lang='grc' dir='ltr'>δεῖ</span> <span class='ocrx_word' id='word_1_352' title='bbox 3465 2160 3870 2239; x_wconf 69' lang='grc' dir='ltr'>παραδοθῆναν</span> 
     </span>
    </p>
   </div>
   <div class='ocr_carea' id='block_1_49' title="bbox 2215 2246 3874 2329">
    <p class='ocr_par' dir='ltr' id='par_1_49' title="bbox 2215 2246 3874 2329">
     <span class='ocr_line' id='line_1_49' title="bbox 2215 2246 3874 2329; baseline 0.002 -25"><span class='ocrx_word' id='word_1_353' title='bbox 2215 2248 2361 2304; x_wconf 86' lang='grc' dir='ltr'>ἀλλά</span> <span class='ocrx_word' id='word_1_354' title='bbox 2391 2249 2534 2319; x_wconf 77' lang='grc' dir='ltr'>οὐαὶ,</span> <span class='ocrx_word' id='word_1_355' title='bbox 2568 2246 2638 2302; x_wconf 87' lang='grc' dir='ltr'>δι’</span> <span class='ocrx_word' id='word_1_356' title='bbox 2664 2250 2725 2303; x_wconf 76' lang='grc' dir='ltr'>οὗ</span> <span class='ocrx_word' id='word_1_357' title='bbox 2758 2249 2932 2320; x_wconf 85' lang='grc' dir='ltr'>ἐκείνη</span> <span class='ocrx_word' id='word_1_358' title='bbox 2991 2249 3085 2311; x_wconf 75' lang='grc' dir='ltr'>τὰς</span> <span class='ocrx_word' id='word_1_359' title='bbox 3140 2251 3273 2326; x_wconf 87' lang='grc' dir='ltr'>πρὸς</span> <span class='ocrx_word' id='word_1_360' title='bbox 3327 2251 3419 2305; x_wconf 89' lang='grc' dir='ltr'>τὸν</span> <span class='ocrx_word' id='word_1_361' title='bbox 3475 2253 3705 2329; x_wconf 77' lang='grc' dir='ltr'>νυμφίον</span> <span class='ocrx_word' id='word_1_362' title='bbox 3764 2273 3874 2307; x_wconf 62' lang='grc' dir='ltr'>πα-</span> 
     </span>
    </p>
   </div>
   <div class='ocr_carea' id='block_1_50' title="bbox 2215 2333 3871 2416">
    <p class='ocr_par' dir='ltr' id='par_1_50' title="bbox 2215 2333 3871 2416">
     <span class='ocr_line' id='line_1_50' title="bbox 2215 2333 3871 2416; baseline 0.002 -24"><span class='ocrx_word' id='word_1_363' title='bbox 2215 2333 2422 2412; x_wconf 75' lang='grc' dir='ltr'>ραόἆσα</span> <span class='ocrx_word' id='word_1_364' title='bbox 2479 2341 2770 2409; x_wconf 77' lang='grc' dir='ltr'>συνθήκας,</span> <span class='ocrx_word' id='word_1_365' title='bbox 2827 2341 2925 2408; x_wconf 76' lang='grc' dir='ltr'>τὴν</span> <span class='ocrx_word' id='word_1_366' title='bbox 3005 2340 3198 2409; x_wconf 73' lang='grc' dir='ltr'>ἑαυτῆς</span> <span class='ocrx_word' id='word_1_367' title='bbox 3253 2339 3543 2413; x_wconf 69' lang='grc' dir='ltr'>ἐπιθυμίαν</span> <span class='ocrx_word' id='word_1_368' title='bbox 3601 2339 3871 2416; x_wconf 77' lang='grc' dir='ltr'>π).ῆροῖ;</span> 
     </span>
    </p>
   </div>
   <div class='ocr_carea' id='block_1_51' title="bbox 2215 2427 3871 2505">
    <p class='ocr_par' dir='ltr' id='par_1_51' title="bbox 2215 2427 3871 2505">
     <span class='ocr_line' id='line_1_51' title="bbox 2215 2427 3871 2505; baseline 0.002 -23"><span class='ocrx_word' id='word_1_369' title='bbox 2215 2429 2480 2505; x_wconf 74' lang='grc' dir='ltr'>Συνέφερε</span> <span class='ocrx_word' id='word_1_370' title='bbox 2527 2429 2629 2502; x_wconf 78' lang='grc' dir='ltr'>γὰρ</span> <span class='ocrx_word' id='word_1_371' title='bbox 2689 2427 2874 2501; x_wconf 75' lang='grc' dir='ltr'>ἐκείνῳ</span> <span class='ocrx_word' id='word_1_372' title='bbox 2929 2433 3008 2501; x_wconf 75' lang='grc' dir='ltr'>τῷ</span> <span class='ocrx_word' id='word_1_373' title='bbox 3059 2429 3331 2503; x_wconf 82' lang='grc' dir='ltr'>ἀνθρώπῳ</span> <span class='ocrx_word' id='word_1_374' title='bbox 3389 2429 3604 2502; x_wconf 79' lang='grc' dir='ltr'>(τολμῶ</span> <span class='ocrx_word' id='word_1_375' title='bbox 3667 2430 3871 2502; x_wconf 71' lang='grc' dir='ltr'>εῗπεῖν)</span> 
     </span>
    </p>
   </div>
   <div class='ocr_carea' id='block_1_52' title="bbox 2211 2515 3872 2592">
    <p class='ocr_par' dir='ltr' id='par_1_52' title="bbox 2211 2515 3872 2592">
     <span class='ocr_line' id='line_1_52' title="bbox 2211 2515 3872 2592; baseline 0.002 -20"><span class='ocrx_word' id='word_1_376' title='bbox 2211 2517 2273 2572; x_wconf 86' lang='grc' dir='ltr'>τὸ</span> <span class='ocrx_word' id='word_1_377' title='bbox 2305 2517 2435 2572; x_wconf 76' lang='grc' dir='ltr'>αὐτὸ</span> <span class='ocrx_word' id='word_1_378' title='bbox 2464 2519 2576 2591; x_wconf 85' lang='grc'>(63)</span> <span class='ocrx_word' id='word_1_379' title='bbox 2599 2518 2632 2586; x_wconf 72' lang='grc' dir='ltr'>ἢ</span> <span class='ocrx_word' id='word_1_380' title='bbox 2661 2515 2753 2571; x_wconf 73' lang='grc' dir='ltr'>’ίνα</span> <span class='ocrx_word' id='word_1_381' title='bbox 2783 2517 3045 2579; x_wconf 82' lang='grc' dir='ltr'>κοινωνὸς</span> <span class='ocrx_word' id='word_1_382' title='bbox 3075 2524 3177 2586; x_wconf 74' lang='grc' dir='ltr'>τῆς</span> <span class='ocrx_word' id='word_1_383' title='bbox 3219 2517 3294 2580; x_wconf 79' lang='grc' dir='ltr'>είς</span> <span class='ocrx_word' id='word_1_384' title='bbox 3352 2519 3444 2573; x_wconf 84' lang='grc' dir='ltr'>τὸν</span> <span class='ocrx_word' id='word_1_385' title='bbox 3507 2519 3708 2592; x_wconf 87' lang='grc' dir='ltr'>Κύριον</span> <span class='ocrx_word' id='word_1_386' title='bbox 3769 2542 3872 2575; x_wconf 86' lang='grc' dir='ltr'>πα-</span> 
     </span>
    </p>
   </div>
   <div class='ocr_carea' id='block_1_53' title="bbox 2217 2603 3869 2682">
    <p class='ocr_par' dir='ltr' id='par_1_53' title="bbox 2217 2603 3869 2682">
     <span class='ocr_line' id='line_1_53' title="bbox 2217 2603 3869 2682; baseline 0.002 -21"><span class='ocrx_word' id='word_1_387' title='bbox 2217 2607 2476 2682; x_wconf 88' lang='grc' dir='ltr'>ρανομίας</span> <span class='ocrx_word' id='word_1_388' title='bbox 2525 2614 2623 2676; x_wconf 77' lang='grc' dir='ltr'>τῆς</span> <span class='ocrx_word' id='word_1_389' title='bbox 2673 2603 2975 2660; x_wconf 77' lang='grc' dir='ltr'>ἀκολάστου</span> <span class='ocrx_word' id='word_1_390' title='bbox 3064 2605 3271 2677; x_wconf 78' lang='grc' dir='ltr'>ἐκείνης</span> <span class='ocrx_word' id='word_1_391' title='bbox 3359 2604 3715 2682; x_wconf 78' lang='grc' dir='ltr'>δικαζόμενος</span> <span class='ocrx_word' id='word_1_392' title='bbox 3778 2609 3869 2664; x_wconf 81' lang='grc' dir='ltr'>εὐ-</span> 
     </span>
    </p>
   </div>
   <div class='ocr_carea' id='block_1_54' title="bbox 452 2692 3873 2776">
    <p class='ocr_par' dir='ltr' id='par_1_54' title="bbox 452 2692 3873 2776">
     <span class='ocr_line' id='line_1_54' title="bbox 452 2692 3873 2776; baseline 0 -23"><span class='ocrx_word' id='word_1_393' title='bbox 452 2699 603 2775; x_wconf 78' lang='grc' dir='ltr'>ρεθῇ.</span> <span class='ocrx_word' id='word_1_394' title='bbox 662 2697 779 2754; x_wconf 83' lang='grc' dir='ltr'>Οὐκ</span> <span class='ocrx_word' id='word_1_395' title='bbox 830 2695 1044 2760; x_wconf 77' lang='grc' dir='ltr'>ἀκούεις</span> <span class='ocrx_word' id='word_1_396' title='bbox 1100 2693 1157 2750; x_wconf 72' lang='grc' dir='ltr'>δὲ</span> <span class='ocrx_word' id='word_1_397' title='bbox 1214 2693 1295 2750; x_wconf 74' lang='grc' dir='ltr'>ὅτι</span> <span class='ocrx_word' id='word_1_398' title='bbox 1353 2694 1443 2750; x_wconf 78' lang='grc' dir='ltr'>καὶ</span> <span class='ocrx_word' id='word_1_399' title='bbox 1501 2697 1530 2750; x_wconf 85' lang='grc' dir='ltr'>ὁ</span> <span class='ocrx_word' id='word_1_400' title='bbox 1581 2692 1999 2770; x_wconf 69' lang='grc' dir='ltr'>ἀπολελυμένην</span> <span class='ocrx_word' id='word_1_401' title='bbox 2059 2700 2248 2772; x_wconf 78' lang='grc' dir='ltr'>γαμῶν</span> <span class='ocrx_word' id='word_1_402' title='bbox 2315 2702 2619 2772; x_wconf 71' lang='grc' dir='ltr'>μοιχᾶταις</span> <span class='ocrx_word' id='word_1_403' title='bbox 2675 2695 2737 2750; x_wconf 79' lang='lat' dir='ltr'>Ei</span> <span class='ocrx_word' id='word_1_404' title='bbox 2797 2696 2900 2771; x_wconf 79' lang='grc' dir='ltr'>γὰρ</span> <span class='ocrx_word' id='word_1_405' title='bbox 2984 2695 3074 2750; x_wconf 87' lang='grc' dir='ltr'>καὶ</span> <span class='ocrx_word' id='word_1_406' title='bbox 3153 2695 3508 2767; x_wconf 67' lang='grc' dir='ltr'>ἀπολὲλδται,</span> <span class='ocrx_word' id='word_1_407' title='bbox 3572 2699 3730 2776; x_wconf 77' lang='grc' dir='ltr'>φησὶ,</span> <span class='ocrx_word' id='word_1_408' title='bbox 3795 2696 3873 2753; x_wconf 83' lang='grc' dir='ltr'>δι’</span> 
     </span>
    </p>
   </div>
   <div class='ocr_carea' id='block_1_55' title="bbox 450 2783 1374 2861">
    <p class='ocr_par' dir='ltr' id='par_1_55' title="bbox 450 2783 1374 2861">
     <span class='ocr_line' id='line_1_55' title="bbox 450 2783 1374 2861; baseline -0.003 -18"><span class='ocrx_word' id='word_1_409' title='bbox 450 2786 648 2857; x_wconf 74' lang='grc' dir='ltr'>αἰτίαν,</span> <span class='ocrx_word' id='word_1_410' title='bbox 681 2783 827 2842; x_wconf 87' lang='grc' dir='ltr'>ἀλλά</span> <span class='ocrx_word' id='word_1_411' title='bbox 858 2788 923 2860; x_wconf 79' lang='grc' dir='ltr'>ζῇ</span> <span class='ocrx_word' id='word_1_412' title='bbox 957 2784 1124 2855; x_wconf 78' lang='grc' dir='ltr'>αὐτῆς</span> <span class='ocrx_word' id='word_1_413' title='bbox 1159 2786 1186 2840; x_wconf 90' lang='lat'>6</span> <span class='ocrx_word' id='word_1_414' title='bbox 1217 2785 1374 2861; x_wconf 87' lang='grc' dir='ltr'>ἀνήρ.</span> 
     </span>
    </p>
   </div>
   <div class='ocr_carea' id='block_1_56' title="bbox 521 2873 2104 2954">
    <p class='ocr_par' dir='ltr' id='par_1_56' title="bbox 521 2873 2104 2954">
     <span class='ocr_line' id='line_1_56' title="bbox 521 2873 2104 2954; baseline -0.006 -14"><span class='ocrx_word' id='word_1_415' title='bbox 521 2885 611 2940; x_wconf 83' lang='grc'>42.</span> <span class='ocrx_word' id='word_1_416' title='bbox 657 2886 771 2939; x_wconf 86' lang='lat' dir='ltr'>Cur</span> <span class='ocrx_word' id='word_1_417' title='bbox 816 2881 997 2954; x_wconf 85' lang='lat' dir='ltr'>igitur</span> <span class='ocrx_word' id='word_1_418' title='bbox 1037 2875 1368 2932; x_wconf 89' lang='lat' dir='ltr'>molestiam</span> <span class='ocrx_word' id='word_1_419' title='bbox 1400 2873 1639 2932; x_wconf 86' lang='lat' dir='ltr'>exhibes</span> <span class='ocrx_word' id='word_1_420' title='bbox 1671 2874 1969 2932; x_wconf 66' lang='lat' dir='ltr'>dimissae?</span> <span class='ocrx_word' id='word_1_421' title='bbox 2002 2891 2104 2931; x_wconf 89' lang='lat' dir='ltr'>cur</span> 
     </span>
    </p>
   </div>
   <div class='ocr_carea' id='block_1_57' title="bbox 450 2962 2101 3040">
    <p class='ocr_par' dir='ltr' id='par_1_57' title="bbox 450 2962 2101 3040">
     <span class='ocr_line' id='line_1_57' title="bbox 450 2962 2101 3040; baseline -0.007 -10"><span class='ocrx_word' id='word_1_422' title='bbox 450 2990 565 3031; x_wconf 87' lang='lat' dir='ltr'>non</span> <span class='ocrx_word' id='word_1_423' title='bbox 594 2973 702 3029; x_wconf 89' lang='lat' dir='ltr'>das</span> <span class='ocrx_word' id='word_1_424' title='bbox 735 2975 965 3040; x_wconf 88' lang='lat' dir='ltr'>tempus</span> <span class='ocrx_word' id='word_1_425' title='bbox 992 2971 1120 3023; x_wconf 91' lang='lat' dir='ltr'>tum</span> <span class='ocrx_word' id='word_1_426' title='bbox 1151 2962 1258 3036; x_wconf 91' lang='lat' dir='ltr'>illi,</span> <span class='ocrx_word' id='word_1_427' title='bbox 1283 2967 1350 3020; x_wconf 89' lang='lat' dir='ltr'>ut</span> <span class='ocrx_word' id='word_1_428' title='bbox 1369 2981 1436 3020; x_wconf 90' lang='lat' dir='ltr'>ea</span> <span class='ocrx_word' id='word_1_429' title='bbox 1465 2964 1524 3019; x_wconf 89' lang='lat' dir='ltr'>in</span> <span class='ocrx_word' id='word_1_430' title='bbox 1557 2964 1873 3037; x_wconf 85' lang='lat' dir='ltr'>semetipsa</span> <span class='ocrx_word' id='word_1_431' title='bbox 1904 2979 2101 3019; x_wconf 74' lang='lat' dir='ltr'>erren-</span> 
     </span>
    </p>
   </div>
   <div class='ocr_carea' id='block_1_58' title="bbox 449 3052 2104 3133">
    <p class='ocr_par' dir='ltr' id='par_1_58' title="bbox 449 3052 2104 3133">
     <span class='ocr_line' id='line_1_58' title="bbox 449 3052 2104 3133; baseline -0.007 -14"><span class='ocrx_word' id='word_1_432' title='bbox 449 3064 567 3130; x_wconf 90' lang='lat' dir='ltr'>det,</span> <span class='ocrx_word' id='word_1_433' title='bbox 598 3062 670 3117; x_wconf 94' lang='lat' dir='ltr'>ob</span> <span class='ocrx_word' id='word_1_434' title='bbox 703 3077 830 3133; x_wconf 67' lang='lat' dir='ltr'>qua</span> <span class='ocrx_word' id='word_1_435' title='bbox 861 3056 1108 3114; x_wconf 88' lang='lat' dir='ltr'>dimissa</span> <span class='ocrx_word' id='word_1_436' title='bbox 1137 3058 1261 3125; x_wconf 90' lang='lat' dir='ltr'>est;</span> <span class='ocrx_word' id='word_1_437' title='bbox 1312 3058 1440 3110; x_wconf 89' lang='lat' dir='ltr'>tum</span> <span class='ocrx_word' id='word_1_438' title='bbox 1492 3052 1543 3108; x_wconf 89' lang='lat' dir='ltr'>ei</span> <span class='ocrx_word' id='word_1_439' title='bbox 1592 3053 1694 3124; x_wconf 92' lang='lat' dir='ltr'>qui</span> <span class='ocrx_word' id='word_1_440' title='bbox 1745 3052 1989 3116; x_wconf 87' lang='lat' dir='ltr'>dimisit,</span> <span class='ocrx_word' id='word_1_441' title='bbox 2038 3056 2104 3107; x_wconf 92' lang='lat' dir='ltr'>ut</span> 
     </span>
    </p>
   </div>
   <div class='ocr_carea' id='block_1_59' title="bbox 449 3141 2100 3215">
    <p class='ocr_par' dir='ltr' id='par_1_59' title="bbox 449 3141 2100 3215">
     <span class='ocr_line' id='line_1_59' title="bbox 449 3141 2100 3215; baseline -0.007 -9"><span class='ocrx_word' id='word_1_442' title='bbox 449 3148 852 3206; x_wconf 85' lang='lat' dir='ltr'>misericordia</span> <span class='ocrx_word' id='word_1_443' title='bbox 896 3147 956 3201; x_wconf 91' lang='lat' dir='ltr'>in</span> <span class='ocrx_word' id='word_1_444' title='bbox 1009 3143 1448 3215; x_wconf 90' lang='lat' dir='ltr'>resipiscentem</span> <span class='ocrx_word' id='word_1_445' title='bbox 1509 3147 1726 3210; x_wconf 91' lang='lat' dir='ltr'>motus,</span> <span class='ocrx_word' id='word_1_446' title='bbox 1773 3158 1980 3196; x_wconf 88' lang='lat' dir='ltr'>rursus</span> <span class='ocrx_word' id='word_1_447' title='bbox 2029 3141 2100 3196; x_wconf 90' lang='lat' dir='ltr'>ad</span> 
     </span>
    </p>
   </div>
   <div class='ocr_carea' id='block_1_60' title="bbox 2283 2871 3870 2948">
    <p class='ocr_par' dir='ltr' id='par_1_60' title="bbox 2283 2871 3870 2948">
     <span class='ocr_line' id='line_1_60' title="bbox 2283 2871 3870 2948; baseline 0 -18"><span class='ocrx_word' id='word_1_448' title='bbox 2283 2876 2368 2930; x_wconf 77' lang='grc'>42,</span> <span class='ocrx_word' id='word_1_449' title='bbox 2403 2872 2461 2927; x_wconf 89' lang='grc' dir='ltr'>Τί</span> <span class='ocrx_word' id='word_1_450' title='bbox 2510 2871 2599 2928; x_wconf 77' lang='grc' dir='ltr'>οὗν</span> <span class='ocrx_word' id='word_1_451' title='bbox 2659 2872 2911 2948; x_wconf 82' lang='grc' dir='ltr'>ἐνοχλεῖς</span> <span class='ocrx_word' id='word_1_452' title='bbox 2961 2876 3030 2947; x_wconf 81' lang='grc' dir='ltr'>τῇ</span> <span class='ocrx_word' id='word_1_453' title='bbox 3061 2871 3569 2948; x_wconf 76' lang='grc' dir='ltr'>ἀπολελυμένῃ;τί</span> <span class='ocrx_word' id='word_1_454' title='bbox 3615 2876 3718 2930; x_wconf 79' lang='grc' dir='ltr'>οὐκ</span> <span class='ocrx_word' id='word_1_455' title='bbox 3781 2877 3870 2931; x_wconf 64' lang='grc' dir='ltr'>ἂν-</span> 
     </span>
    </p>
   </div>
   <div class='ocr_carea' id='block_1_61' title="bbox 2214 2961 3868 3044">
    <p class='ocr_par' dir='ltr' id='par_1_61' title="bbox 2214 2961 3868 3044">
     <span class='ocr_line' id='line_1_61' title="bbox 2214 2961 3868 3044; baseline 0.002 -26"><span class='ocrx_word' id='word_1_456' title='bbox 2214 2961 2378 3028; x_wconf 84' lang='grc' dir='ltr'>δίδως</span> <span class='ocrx_word' id='word_1_457' title='bbox 2429 2965 2612 3040; x_wconf 87' lang='grc' dir='ltr'>καιρὸν</span> <span class='ocrx_word' id='word_1_458' title='bbox 2663 2964 2881 3039; x_wconf 82' lang='grc' dir='ltr'>κάκείνῃ</span> <span class='ocrx_word' id='word_1_459' title='bbox 2939 2965 3132 3035; x_wconf 65' lang='grc' dir='ltr'>ἑαυτὴν</span> <span class='ocrx_word' id='word_1_460' title='bbox 3181 2963 3576 3042; x_wconf 85' lang='grc' dir='ltr'>διορθώσασθαι</span> <span class='ocrx_word' id='word_1_461' title='bbox 3638 2965 3718 3044; x_wconf 72' lang='grc' dir='ltr'>ἐφ’</span> <span class='ocrx_word' id='word_1_462' title='bbox 3781 2972 3868 3031; x_wconf 82' lang='grc' dir='ltr'>οἷς</span> 
     </span>
    </p>
   </div>
   <div class='ocr_carea' id='block_1_62' title="bbox 2214 3053 3868 3132">
    <p class='ocr_par' dir='ltr' id='par_1_62' title="bbox 2214 3053 3868 3132">
     <span class='ocr_line' id='line_1_62' title="bbox 2214 3053 3868 3132; baseline 0.003 -25"><span class='ocrx_word' id='word_1_463' title='bbox 2214 3053 2479 3125; x_wconf 84' lang='grc' dir='ltr'>ἀπελύθη,</span> <span class='ocrx_word' id='word_1_464' title='bbox 2539 3056 2627 3110; x_wconf 86' lang='grc' dir='ltr'>καὶ</span> <span class='ocrx_word' id='word_1_465' title='bbox 2693 3055 2783 3109; x_wconf 85' lang='grc' dir='ltr'>τὸν</span> <span class='ocrx_word' id='word_1_466' title='bbox 2839 3053 3190 3110; x_wconf 83' lang='grc' dir='ltr'>ἀπολύσαντα</span> <span class='ocrx_word' id='word_1_467' title='bbox 3244 3055 3716 3132; x_wconf 68' lang='grc' dir='ltr'>σπλαγχνισθίντα</span> <span class='ocrx_word' id='word_1_468' title='bbox 3777 3057 3868 3112; x_wconf 77' lang='grc' dir='ltr'>ἐπὶ</span> 
     </span>
    </p>
   </div>
   <div class='ocr_carea' id='block_1_63' title="bbox 2211 3142 3874 3218">
    <p class='ocr_par' dir='ltr' id='par_1_63' title="bbox 2211 3142 3874 3218">
     <span class='ocr_line' id='line_1_63' title="bbox 2211 3142 3874 3218; baseline 0.003 -22"><span class='ocrx_word' id='word_1_469' title='bbox 2211 3147 2277 3216; x_wconf 77' lang='grc' dir='ltr'>τῇ</span> <span class='ocrx_word' id='word_1_470' title='bbox 2311 3142 2669 3218; x_wconf 77' lang='grc' dir='ltr'>διορθωθείσῃ</span> <span class='ocrx_word' id='word_1_471' title='bbox 2704 3146 2838 3217; x_wconf 84' lang='grc'>(64),</span> <span class='ocrx_word' id='word_1_472' title='bbox 2867 3145 2941 3206; x_wconf 78' lang='grc' dir='ltr'>εἷς</span> <span class='ocrx_word' id='word_1_473' title='bbox 2972 3145 3156 3199; x_wconf 78' lang='grc' dir='ltr'>ἑαυτὸν</span> <span class='ocrx_word' id='word_1_474' title='bbox 3190 3144 3341 3206; x_wconf 75' lang='grc' dir='ltr'>αὖθις</span> <span class='ocrx_word' id='word_1_475' title='bbox 3372 3146 3435 3200; x_wconf 86' lang='grc' dir='ltr'>τὸ</span> <span class='ocrx_word' id='word_1_476' title='bbox 3486 3147 3676 3200; x_wconf 69' lang='grc' dir='ltr'>ἑαυτοῦ</span> <span class='ocrx_word' id='word_1_477' title='bbox 3739 3149 3874 3201; x_wconf 77' lang='grc' dir='ltr'>ἀνα-</span> 
     </span>
    </p>
   </div>
   <div class='ocr_carea' id='block_1_64' title="bbox 447 3229 2098 3310">
    <p class='ocr_par' dir='ltr' id='par_1_64' title="bbox 447 3229 2098 3304">
     <span class='ocr_line' id='line_1_64' title="bbox 447 3229 2098 3304; baseline -0.006 -10"><span class='ocrx_word' id='word_1_478' title='bbox 447 3254 510 3294; x_wconf 88' lang='lat' dir='ltr'>se</span> <span class='ocrx_word' id='word_1_479' title='bbox 563 3240 787 3293; x_wconf 86' lang='lat' dir='ltr'>revocet</span> <span class='ocrx_word' id='word_1_480' title='bbox 834 3251 1008 3290; x_wconf 89' lang='lat' dir='ltr'>suum</span> <span class='ocrx_word' id='word_1_481' title='bbox 1059 3233 1248 3304; x_wconf 88' lang='lat' dir='ltr'>ipsius</span> <span class='ocrx_word' id='word_1_482' title='bbox 1298 3229 1654 3299; x_wconf 80' lang='lat' dir='ltr'>membrum,</span> <span class='ocrx_word' id='word_1_483' title='bbox 1705 3230 1804 3286; x_wconf 90' lang='lat' dir='ltr'>sed</span> <span class='ocrx_word' id='word_1_484' title='bbox 1834 3229 2098 3302; x_wconf 64' lang='lat' dir='ltr'>prwripis</span> 
     </span>
    </p>
   </div>
   <div class='ocr_carea' id='block_1_65' title="bbox 2213 3229 3870 3310">
    <p class='ocr_par' dir='ltr' id='par_1_65' title="bbox 2213 3231 3870 3310">
     <span class='ocr_line' id='line_1_65' title="bbox 2213 3231 3870 3310; baseline 0.002 -24"><span class='ocrx_word' id='word_1_485' title='bbox 2213 3234 2504 3303; x_wconf 86' lang='grc' dir='ltr'>κτήσασθαι</span> <span class='ocrx_word' id='word_1_486' title='bbox 2542 3232 2728 3306; x_wconf 70' lang='grc' dir='ltr'>μίλος,</span> <span class='ocrx_word' id='word_1_487' title='bbox 2763 3231 2908 3288; x_wconf 86' lang='grc' dir='ltr'>ἀλλά</span> <span class='ocrx_word' id='word_1_488' title='bbox 2955 3233 3322 3309; x_wconf 76' lang='grc' dir='ltr'>προαρπάζεις</span> <span class='ocrx_word' id='word_1_489' title='bbox 3380 3235 3470 3288; x_wconf 85' lang='grc' dir='ltr'>τὸν</span> <span class='ocrx_word' id='word_1_490' title='bbox 3519 3235 3706 3310; x_wconf 87' lang='grc' dir='ltr'>καιρὸν</span> <span class='ocrx_word' id='word_1_491' title='bbox 3767 3244 3870 3306; x_wconf 83' lang='grc' dir='ltr'>τῆς</span> 
     </span>
    </p>
   </div>
   <div class='ocr_carea' id='block_1_66' title="bbox 446 3306 2098 3398">
    <p class='ocr_par' dir='ltr' id='par_1_66' title="bbox 446 3318 2095 3398">
     <span class='ocr_line' id='line_1_66' title="bbox 446 3318 2095 3398; baseline -0.005 -16"><span class='ocrx_word' id='word_1_492' title='bbox 446 3332 683 3398; x_wconf 89' lang='lat' dir='ltr'>tempus</span> <span class='ocrx_word' id='word_1_493' title='bbox 715 3322 1182 3394; x_wconf 87' lang='lat' dir='ltr'>_emendationis,</span> <span class='ocrx_word' id='word_1_494' title='bbox 1231 3319 1459 3376; x_wconf 88' lang='lat' dir='ltr'>vivente</span> <span class='ocrx_word' id='word_1_495' title='bbox 1505 3318 1628 3374; x_wconf 91' lang='lat' dir='ltr'>viro</span> <span class='ocrx_word' id='word_1_496' title='bbox 1679 3318 1988 3374; x_wconf 88' lang='lat' dir='ltr'>dimissam</span> <span class='ocrx_word' id='word_1_497' title='bbox 2039 3318 2095 3374; x_wconf 91' lang='lat' dir='ltr'>in</span> 
     </span>
    </p>
   </div>
   <div class='ocr_carea' id='block_1_67' title="bbox 2213 3306 3868 3398">
    <p class='ocr_par' dir='ltr' id='par_1_67' title="bbox 2213 3306 3868 3397">
     <span class='ocr_line' id='line_1_67' title="bbox 2213 3306 3868 3397; baseline 0.002 -22"><span class='ocrx_word' id='word_1_498' title='bbox 2213 3318 2576 3396; x_wconf 87' lang='grc' dir='ltr'>διορθώσεως,</span> <span class='ocrx_word' id='word_1_499' title='bbox 2627 3326 2825 3390; x_wconf 78' lang='grc' dir='ltr'>ζῶντος</span> <span class='ocrx_word' id='word_1_500' title='bbox 2878 3306 3226 3397; x_wconf 26' lang='grc' dir='ltr'>τοῦ-ἀνδρὸς</span> <span class='ocrx_word' id='word_1_501' title='bbox 3283 3325 3378 3393; x_wconf 81' lang='grc' dir='ltr'>τήν</span> <span class='ocrx_word' id='word_1_502' title='bbox 3440 3306 3868 3397; x_wconf 74' lang='grc' dir='ltr'>ἀπολελυμένην</span> 
     </span>
    </p>
   </div>
   <div class='ocr_carea' id='block_1_68' title="bbox 449 3407 2092 3478">
    <p class='ocr_par' dir='ltr' id='par_1_68' title="bbox 449 3407 2092 3478">
     <span class='ocr_line' id='line_1_68' title="bbox 449 3407 2092 3478; baseline -0.004 -7"><span class='ocrx_word' id='word_1_503' title='bbox 449 3412 891 3472; x_wconf 88' lang='lat' dir='ltr'>matrimonium</span> <span class='ocrx_word' id='word_1_504' title='bbox 947 3408 1208 3465; x_wconf 82' lang='lat' dir='ltr'>ducens?</span> <span class='ocrx_word' id='word_1_505' title='bbox 1259 3408 1418 3477; x_wconf 91' lang='lat' dir='ltr'>Sine,</span> <span class='ocrx_word' id='word_1_506' title='bbox 1451 3407 1666 3478; x_wconf 89' lang='lat' dir='ltr'>inquit,</span> <span class='ocrx_word' id='word_1_507' title='bbox 1700 3408 1770 3463; x_wconf 90' lang='lat' dir='ltr'>ad</span> <span class='ocrx_word' id='word_1_508' title='bbox 1804 3407 2092 3464; x_wconf 85' lang='lat' dir='ltr'>viventem</span> 
     </span>
    </p>
   </div>
   <div class='ocr_carea' id='block_1_69' title="bbox 450 3495 2097 3565">
    <p class='ocr_par' dir='ltr' id='par_1_69' title="bbox 450 3495 2097 3565">
     <span class='ocr_line' id='line_1_69' title="bbox 450 3495 2097 3565; baseline -0.005 -5"><span class='ocrx_word' id='word_1_509' title='bbox 450 3504 649 3560; x_wconf 89' lang='lat' dir='ltr'>redeat</span> <span class='ocrx_word' id='word_1_510' title='bbox 678 3500 855 3558; x_wconf 91' lang='lat' dir='ltr'>simul</span> <span class='ocrx_word' id='word_1_511' title='bbox 887 3503 943 3556; x_wconf 91' lang='lat' dir='ltr'>et</span> <span class='ocrx_word' id='word_1_512' title='bbox 970 3499 1283 3554; x_wconf 85' lang='lat' dir='ltr'>reducatur</span> <span class='ocrx_word' id='word_1_513' title='bbox 1314 3495 1521 3552; x_wconf 89' lang='lat' dir='ltr'>melior</span> <span class='ocrx_word' id='word_1_514' title='bbox 1550 3495 1705 3551; x_wconf 89' lang='lat' dir='ltr'>facta</span> <span class='ocrx_word' id='word_1_515' title='bbox 1736 3495 1977 3565; x_wconf 91' lang='lat' dir='ltr'>mulier;</span> <span class='ocrx_word' id='word_1_516' title='bbox 2009 3497 2097 3554; x_wconf 91' lang='lat' dir='ltr'>vel</span> 
     </span>
    </p>
   </div>
   <div class='ocr_carea' id='block_1_70' title="bbox 452 3585 2097 3663">
    <p class='ocr_par' dir='ltr' id='par_1_70' title="bbox 452 3585 2097 3663">
     <span class='ocr_line' id='line_1_70' title="bbox 452 3585 2097 3663; baseline -0.004 -15"><span class='ocrx_word' id='word_1_517' title='bbox 452 3608 686 3663; x_wconf 88' lang='lat' dir='ltr'>semper</span> <span class='ocrx_word' id='word_1_518' title='bbox 717 3607 821 3646; x_wconf 90' lang='lat' dir='ltr'>nec</span> <span class='ocrx_word' id='word_1_519' title='bbox 851 3589 1060 3658; x_wconf 82' lang='lat' dir='ltr'>viduae,</span> <span class='ocrx_word' id='word_1_520' title='bbox 1093 3603 1198 3642; x_wconf 90' lang='lat' dir='ltr'>nec</span> <span class='ocrx_word' id='word_1_521' title='bbox 1230 3585 1429 3641; x_wconf 86' lang='lat' dir='ltr'>uxoris</span> <span class='ocrx_word' id='word_1_522' title='bbox 1461 3600 1672 3641; x_wconf 91' lang='lat' dir='ltr'>nomen</span> <span class='ocrx_word' id='word_1_523' title='bbox 1720 3585 1965 3654; x_wconf 89' lang='lat' dir='ltr'>habens,</span> <span class='ocrx_word' id='word_1_524' title='bbox 2018 3586 2097 3642; x_wconf 89' lang='lat' dir='ltr'>di-</span> 
     </span>
    </p>
   </div>
   <div class='ocr_carea' id='block_1_71' title="bbox 453 3673 2095 3748">
    <p class='ocr_par' dir='ltr' id='par_1_71' title="bbox 453 3673 2095 3748">
     <span class='ocr_line' id='line_1_71' title="bbox 453 3673 2095 3748; baseline -0.005 -10"><span class='ocrx_word' id='word_1_525' title='bbox 453 3680 759 3738; x_wconf 88' lang='lat' dir='ltr'>missionis</span> <span class='ocrx_word' id='word_1_526' title='bbox 807 3695 1019 3745; x_wconf 75' lang='lat' dir='ltr'>causas,</span> <span class='ocrx_word' id='word_1_527' title='bbox 1069 3692 1242 3748; x_wconf 86' lang='lat' dir='ltr'>quam</span> <span class='ocrx_word' id='word_1_528' title='bbox 1297 3673 1549 3746; x_wconf 87' lang='lat' dir='ltr'>praebuit</span> <span class='ocrx_word' id='word_1_529' title='bbox 1597 3673 1829 3742; x_wconf 89' lang='lat' dir='ltr'>marito,</span> <span class='ocrx_word' id='word_1_530' title='bbox 1864 3691 2095 3747; x_wconf 73' lang='lat' dir='ltr'>pmnam</span> 
     </span>
    </p>
   </div>
   <div class='ocr_carea' id='block_1_72' title="bbox 372 3763 2101 3845">
    <p class='ocr_par' dir='ltr' id='par_1_72' title="bbox 372 3763 2101 3845">
     <span class='ocr_line' id='line_1_72' title="bbox 372 3763 2101 3845; baseline -0.005 -17"><span class='ocrx_word' id='word_1_531' title='bbox 372 3785 384 3791; x_wconf 68' lang='lat'><strong>‘</strong></span> <span class='ocrx_word' id='word_1_532' title='bbox 448 3769 764 3845; x_wconf 84' lang='lat' dir='ltr'>persolvat.</span> <span class='ocrx_word' id='word_1_533' title='bbox 791 3769 876 3825; x_wconf 89' lang='lat' dir='ltr'>Tu</span> <span class='ocrx_word' id='word_1_534' title='bbox 907 3783 1062 3838; x_wconf 91' lang='lat' dir='ltr'>vero,</span> <span class='ocrx_word' id='word_1_535' title='bbox 1094 3767 1269 3821; x_wconf 90' lang='lat' dir='ltr'>etiam</span> <span class='ocrx_word' id='word_1_536' title='bbox 1303 3768 1619 3836; x_wconf 85' lang='lat' dir='ltr'>antequam</span> <span class='ocrx_word' id='word_1_537' title='bbox 1652 3763 1943 3837; x_wconf 85' lang='lat' dir='ltr'>intelligat</span> <span class='ocrx_word' id='word_1_538' title='bbox 1974 3782 2101 3836; x_wconf 89' lang='lat' dir='ltr'>pro-</span> 
     </span>
    </p>
   </div>
   <div class='ocr_carea' id='block_1_73' title="bbox 446 3854 2096 3934">
    <p class='ocr_par' dir='ltr' id='par_1_73' title="bbox 446 3854 2096 3934">
     <span class='ocr_line' id='line_1_73' title="bbox 446 3854 2096 3934; baseline -0.004 -18"><span class='ocrx_word' id='word_1_539' title='bbox 446 3860 664 3934; x_wconf 89' lang='lat' dir='ltr'>prium,</span> <span class='ocrx_word' id='word_1_540' title='bbox 710 3859 782 3914; x_wconf 92' lang='lat' dir='ltr'>ob</span> <span class='ocrx_word' id='word_1_541' title='bbox 831 3856 987 3930; x_wconf 88' lang='lat' dir='ltr'>quod</span> <span class='ocrx_word' id='word_1_542' title='bbox 1039 3854 1287 3910; x_wconf 90' lang='lat' dir='ltr'>dimissa</span> <span class='ocrx_word' id='word_1_543' title='bbox 1344 3857 1454 3923; x_wconf 84' lang='lat' dir='ltr'>est,</span> <span class='ocrx_word' id='word_1_544' title='bbox 1505 3857 1833 3925; x_wconf 90' lang='lat' dir='ltr'>peceatum,</span> <span class='ocrx_word' id='word_1_545' title='bbox 1886 3854 2096 3926; x_wconf 90' lang='lat' dir='ltr'>raptim</span> 
     </span>
    </p>
   </div>
   <div class='ocr_carea' id='block_1_74' title="bbox 445 3943 2099 4016">
    <p class='ocr_par' dir='ltr' id='par_1_74' title="bbox 445 3943 2099 4016">
     <span class='ocr_line' id='line_1_74' title="bbox 445 3943 2099 4016; baseline -0.004 -11"><span class='ocrx_word' id='word_1_546' title='bbox 445 3949 638 4005; x_wconf 87' lang='lat' dir='ltr'>iniens</span> <span class='ocrx_word' id='word_1_547' title='bbox 671 3965 805 4004; x_wconf 93' lang='lat' dir='ltr'>cum</span> <span class='ocrx_word' id='word_1_548' title='bbox 837 3963 904 4003; x_wconf 92' lang='lat' dir='ltr'>ea</span> <span class='ocrx_word' id='word_1_549' title='bbox 933 3943 1300 4016; x_wconf 89' lang='lat' dir='ltr'>conjugium,</span> <span class='ocrx_word' id='word_1_550' title='bbox 1335 3943 1708 4000; x_wconf 89' lang='lat' dir='ltr'>audaciorem</span> <span class='ocrx_word' id='word_1_551' title='bbox 1741 3944 1811 3998; x_wconf 93' lang='lat' dir='ltr'>ad</span> <span class='ocrx_word' id='word_1_552' title='bbox 1863 3946 2099 4015; x_wconf 87' lang='lat' dir='ltr'>peccata</span> 
     </span>
    </p>
   </div>
   <div class='ocr_carea' id='block_1_75' title="bbox 444 4033 2096 4104">
    <p class='ocr_par' dir='ltr' id='par_1_75' title="bbox 444 4033 2096 4104">
     <span class='ocr_line' id='line_1_75' title="bbox 444 4033 2096 4104; baseline -0.005 -8"><span class='ocrx_word' id='word_1_553' title='bbox 444 4038 698 4096; x_wconf 89' lang='lat' dir='ltr'>absurde</span> <span class='ocrx_word' id='word_1_554' title='bbox 745 4036 924 4104; x_wconf 82' lang='lat' dir='ltr'>facis;</span> <span class='ocrx_word' id='word_1_555' title='bbox 975 4039 1033 4090; x_wconf 90' lang='lat' dir='ltr'>et</span> <span class='ocrx_word' id='word_1_556' title='bbox 1071 4035 1211 4089; x_wconf 92' lang='lat' dir='ltr'>dum</span> <span class='ocrx_word' id='word_1_557' title='bbox 1266 4033 1491 4088; x_wconf 84' lang='lat' dir='ltr'>vivente</span> <span class='ocrx_word' id='word_1_558' title='bbox 1545 4033 1666 4089; x_wconf 89' lang='lat' dir='ltr'>viro</span> <span class='ocrx_word' id='word_1_559' title='bbox 1699 4048 1933 4104; x_wconf 89' lang='lat' dir='ltr'>semper</span> <span class='ocrx_word' id='word_1_560' title='bbox 1962 4049 2096 4088; x_wconf 89' lang='lat' dir='ltr'>cum</span> 
     </span>
    </p>
   </div>
   <div class='ocr_carea' id='block_1_76' title="bbox 443 4120 2100 4190">
    <p class='ocr_par' dir='ltr' id='par_1_76' title="bbox 443 4120 2100 4190">
     <span class='ocr_line' id='line_1_76' title="bbox 443 4120 2100 4190; baseline -0.004 -7"><span class='ocrx_word' id='word_1_561' title='bbox 443 4127 636 4183; x_wconf 88' lang='lat' dir='ltr'>aliena</span> <span class='ocrx_word' id='word_1_562' title='bbox 697 4124 1033 4190; x_wconf 70' lang='lat' dir='ltr'>mmcharis,</span> <span class='ocrx_word' id='word_1_563' title='bbox 1096 4121 1434 4178; x_wconf 85' lang='lat' dir='ltr'>facilitatem</span> <span class='ocrx_word' id='word_1_564' title='bbox 1493 4120 1657 4177; x_wconf 90' lang='lat' dir='ltr'>illius</span> <span class='ocrx_word' id='word_1_565' title='bbox 1708 4123 1776 4177; x_wconf 89' lang='lat' dir='ltr'>ad</span> <span class='ocrx_word' id='word_1_566' title='bbox 1827 4121 2100 4177; x_wconf 87' lang='lat' dir='ltr'>violanda</span> 
     </span>
    </p>
   </div>
   <div class='ocr_carea' id='block_1_77' title="bbox 441 4209 2099 4288">
    <p class='ocr_par' dir='ltr' id='par_1_77' title="bbox 441 4209 2099 4288">
     <span class='ocr_line' id='line_1_77' title="bbox 441 4209 2099 4288; baseline -0.005 -15"><span class='ocrx_word' id='word_1_567' title='bbox 441 4215 702 4288; x_wconf 84' lang='lat' dir='ltr'>conjugii</span> <span class='ocrx_word' id='word_1_568' title='bbox 732 4214 948 4270; x_wconf 89' lang='lat' dir='ltr'>foedera</span> <span class='ocrx_word' id='word_1_569' title='bbox 976 4212 1231 4267; x_wconf 81' lang='lat' dir='ltr'>absurde</span> <span class='ocrx_word' id='word_1_570' title='bbox 1262 4210 1598 4266; x_wconf 80' lang='lat' dir='ltr'>confirmas.</span> <span class='ocrx_word' id='word_1_571' title='bbox 1633 4209 1780 4266; x_wconf 87' lang='lat' dir='ltr'>Nam</span> <span class='ocrx_word' id='word_1_572' title='bbox 1814 4210 1865 4265; x_wconf 92' lang='lat' dir='ltr'>si</span> <span class='ocrx_word' id='word_1_573' title='bbox 1899 4210 2099 4265; x_wconf 87' lang='lat' dir='ltr'>dimis-</span> 
     </span>
    </p>
   </div>
   <div class='ocr_carea' id='block_1_78' title="bbox 441 4297 2093 4369">
    <p class='ocr_par' dir='ltr' id='par_1_78' title="bbox 441 4297 2093 4369">
     <span class='ocr_line' id='line_1_78' title="bbox 441 4297 2093 4369; baseline -0.004 -8"><span class='ocrx_word' id='word_1_574' title='bbox 441 4322 566 4361; x_wconf 89' lang='lat' dir='ltr'>sam</span> <span class='ocrx_word' id='word_1_575' title='bbox 622 4321 654 4359; x_wconf 92' lang='lat' dir='ltr'>a</span> <span class='ocrx_word' id='word_1_576' title='bbox 701 4300 933 4358; x_wconf 85' lang='lat' dir='ltr'>mortali</span> <span class='ocrx_word' id='word_1_577' title='bbox 982 4300 1103 4355; x_wconf 91' lang='lat' dir='ltr'>viro</span> <span class='ocrx_word' id='word_1_578' title='bbox 1160 4298 1473 4369; x_wconf 88' lang='lat' dir='ltr'>accipiens,</span> <span class='ocrx_word' id='word_1_579' title='bbox 1522 4297 1701 4369; x_wconf 89' lang='lat' dir='ltr'>impie</span> <span class='ocrx_word' id='word_1_580' title='bbox 1750 4297 2093 4366; x_wconf 82' lang='lat' dir='ltr'>moechatur,</span> 
     </span>
    </p>
   </div>
   <div class='ocr_carea' id='block_1_79' title="bbox 443 4385 2097 4462">
    <p class='ocr_par' dir='ltr' id='par_1_79' title="bbox 443 4385 2097 4462">
     <span class='ocr_line' id='line_1_79' title="bbox 443 4385 2097 4462; baseline -0.003 -14"><span class='ocrx_word' id='word_1_581' title='bbox 443 4391 628 4448; x_wconf 88' lang='lat' dir='ltr'>multo</span> <span class='ocrx_word' id='word_1_582' title='bbox 659 4390 850 4462; x_wconf 87' lang='lat' dir='ltr'>magis</span> <span class='ocrx_word' id='word_1_583' title='bbox 880 4387 1056 4460; x_wconf 88' lang='lat' dir='ltr'>impie</span> <span class='ocrx_word' id='word_1_584' title='bbox 1088 4403 1189 4458; x_wconf 89' lang='lat' dir='ltr'>per</span> <span class='ocrx_word' id='word_1_585' title='bbox 1221 4390 1401 4441; x_wconf 88' lang='lat' dir='ltr'>totam</span> <span class='ocrx_word' id='word_1_586' title='bbox 1429 4385 1608 4441; x_wconf 89' lang='lat' dir='ltr'>vitam</span> <span class='ocrx_word' id='word_1_587' title='bbox 1643 4385 2097 4459; x_wconf 77' lang='lat' dir='ltr'>mmchatur,qui</span> 
     </span>
    </p>
   </div>
   <div class='ocr_carea' id='block_1_80' title="bbox 442 4475 2096 4546">
    <p class='ocr_par' dir='ltr' id='par_1_80' title="bbox 442 4475 2096 4546">
     <span class='ocr_line' id='line_1_80' title="bbox 442 4475 2096 4546; baseline -0.003 -10"><span class='ocrx_word' id='word_1_588' title='bbox 442 4478 798 4536; x_wconf 87' lang='lat' dir='ltr'>immortalis</span> <span class='ocrx_word' id='word_1_589' title='bbox 829 4477 933 4532; x_wconf 88' lang='lat' dir='ltr'>viri</span> <span class='ocrx_word' id='word_1_590' title='bbox 967 4490 1602 4546; x_wconf 88' lang='lat' dir='ltr'>sponsam,numquam</span> <span class='ocrx_word' id='word_1_591' title='bbox 1630 4475 2096 4541; x_wconf 84' lang='lat' dir='ltr'>dimissam,cor-</span> 
     </span>
    </p>
   </div>
   <div class='ocr_carea' id='block_1_81' title="bbox 443 4562 2094 4640">
    <p class='ocr_par' dir='ltr' id='par_1_81' title="bbox 443 4562 2094 4640">
     <span class='ocr_line' id='line_1_81' title="bbox 443 4562 2094 4640; baseline -0.002 -15"><span class='ocrx_word' id='word_1_592' title='bbox 443 4583 716 4640; x_wconf 89' lang='lat' dir='ltr'>rumpere</span> <span class='ocrx_word' id='word_1_593' title='bbox 745 4565 978 4622; x_wconf 91' lang='lat' dir='ltr'>audeat.</span> <span class='ocrx_word' id='word_1_594' title='bbox 1012 4562 1135 4620; x_wconf 88' lang='lat' dir='ltr'>Etsi</span> <span class='ocrx_word' id='word_1_595' title='bbox 1167 4563 1322 4619; x_wconf 89' lang='lat' dir='ltr'>enim</span> <span class='ocrx_word' id='word_1_596' title='bbox 1357 4563 1734 4636; x_wconf 89' lang='lat' dir='ltr'>semetipsam</span> <span class='ocrx_word' id='word_1_597' title='bbox 1769 4565 1993 4622; x_wconf 86' lang='lat' dir='ltr'>dimisit</span> <span class='ocrx_word' id='word_1_598' title='bbox 2023 4567 2094 4622; x_wconf 89' lang='lat' dir='ltr'>ad</span> 
     </span>
    </p>
   </div>
   <div class='ocr_carea' id='block_1_82' title="bbox 2205 3410 3865 3488">
    <p class='ocr_par' dir='ltr' id='par_1_82' title="bbox 2205 3410 3865 3488">
     <span class='ocr_line' id='line_1_82' title="bbox 2205 3410 3865 3488; baseline 0.003 -25"><span class='ocrx_word' id='word_1_599' title='bbox 2205 3411 2684 3484; x_wconf 80' lang='grc' dir='ltr'>γαμῶν;Ἑασον,</span> <span class='ocrx_word' id='word_1_600' title='bbox 2719 3410 2903 3488; x_wconf 79' lang='grc' dir='ltr'>φησὶν,</span> <span class='ocrx_word' id='word_1_601' title='bbox 2962 3414 2996 3480; x_wconf 75' lang='grc' dir='ltr'>ἡ</span> <span class='ocrx_word' id='word_1_602' title='bbox 3057 3412 3193 3487; x_wconf 89' lang='grc' dir='ltr'>πρὸς</span> <span class='ocrx_word' id='word_1_603' title='bbox 3246 3412 3338 3466; x_wconf 88' lang='grc' dir='ltr'>τὸν</span> <span class='ocrx_word' id='word_1_604' title='bbox 3401 3416 3575 3481; x_wconf 81' lang='grc' dir='ltr'>ζῶντα</span> <span class='ocrx_word' id='word_1_605' title='bbox 3633 3411 3865 3469; x_wconf 66' lang='grc' dir='ltr'>ἐπανελο</span> 
     </span>
    </p>
   </div>
   <div class='ocr_carea' id='block_1_83' title="bbox 2209 3498 3865 3576">
    <p class='ocr_par' dir='ltr' id='par_1_83' title="bbox 2209 3498 3865 3576">
     <span class='ocr_line' id='line_1_83' title="bbox 2209 3498 3865 3576; baseline 0.004 -25"><span class='ocrx_word' id='word_1_606' title='bbox 2209 3503 2317 3562; x_wconf 84' lang='grc' dir='ltr'>θεῖν</span> <span class='ocrx_word' id='word_1_607' title='bbox 2405 3498 2517 3570; x_wconf 81' lang='grc' dir='ltr'>ἅμα</span> <span class='ocrx_word' id='word_1_608' title='bbox 2592 3499 2680 3552; x_wconf 85' lang='grc' dir='ltr'>καὶ</span> <span class='ocrx_word' id='word_1_609' title='bbox 2759 3499 3128 3576; x_wconf 79' lang='grc' dir='ltr'>ἐπαναχθῆναι</span> <span class='ocrx_word' id='word_1_610' title='bbox 3205 3499 3472 3556; x_wconf 87' lang='grc' dir='ltr'>καλλίονα</span> <span class='ocrx_word' id='word_1_611' title='bbox 3554 3502 3865 3575; x_wconf 70' lang='grc' dir='ltr'>γενομένην</span> 
     </span>
    </p>
   </div>
   <div class='ocr_carea' id='block_1_84' title="bbox 2205 3589 3864 3668">
    <p class='ocr_par' dir='ltr' id='par_1_84' title="bbox 2205 3589 3864 3668">
     <span class='ocr_line' id='line_1_84' title="bbox 2205 3589 3864 3668; baseline 0.003 -26"><span class='ocrx_word' id='word_1_612' title='bbox 2205 3593 2448 3664; x_wconf 88' lang='grc' dir='ltr'>γυναῖκα,</span> <span class='ocrx_word' id='word_1_613' title='bbox 2504 3589 2539 3659; x_wconf 70' lang='grc' dir='ltr'><strong>ἢ</strong></span> <span class='ocrx_word' id='word_1_614' title='bbox 2596 3589 2674 3644; x_wconf 86' lang='grc' dir='ltr'>ἀεὶ</span> <span class='ocrx_word' id='word_1_615' title='bbox 2741 3593 2878 3663; x_wconf 87' lang='grc' dir='ltr'>μήτε</span> <span class='ocrx_word' id='word_1_616' title='bbox 2925 3593 3128 3666; x_wconf 60' lang='grc' dir='ltr'>χήραν,</span> <span class='ocrx_word' id='word_1_617' title='bbox 3191 3593 3330 3663; x_wconf 84' lang='grc' dir='ltr'>μήτε</span> <span class='ocrx_word' id='word_1_618' title='bbox 3393 3591 3618 3667; x_wconf 75' lang='grc' dir='ltr'>γυναῖκα</span> <span class='ocrx_word' id='word_1_619' title='bbox 3683 3593 3864 3668; x_wconf 72' lang='grc' dir='ltr'>ὑπάρ-</span> 
     </span>
    </p>
   </div>
   <div class='ocr_carea' id='block_1_85' title="bbox 2209 3677 3930 3757">
    <p class='ocr_par' dir='ltr' id='par_1_85' title="bbox 2209 3677 3930 3757">
     <span class='ocr_line' id='line_1_85' title="bbox 2209 3677 3930 3757; baseline 0.003 -25"><span class='ocrx_word' id='word_1_620' title='bbox 2209 3697 2435 3752; x_wconf 85' lang='grc' dir='ltr'>χουσαν,</span> <span class='ocrx_word' id='word_1_621' title='bbox 2480 3684 2579 3746; x_wconf 84' lang='grc' dir='ltr'>τῆς</span> <span class='ocrx_word' id='word_1_622' title='bbox 2640 3677 2724 3732; x_wconf 77' lang='grc' dir='ltr'>ἐπὶ</span> <span class='ocrx_word' id='word_1_623' title='bbox 2785 3683 2852 3752; x_wconf 79' lang='grc' dir='ltr'>τῇ</span> <span class='ocrx_word' id='word_1_624' title='bbox 2913 3680 3093 3757; x_wconf 71' lang='grc' dir='ltr'>ἀφίσει</span> <span class='ocrx_word' id='word_1_625' title='bbox 3145 3679 3316 3743; x_wconf 74' lang='grc' dir='ltr'>αῗτίας</span> <span class='ocrx_word' id='word_1_626' title='bbox 3373 3682 3433 3749; x_wconf 74' lang='grc' dir='ltr'>ἦν</span> <span class='ocrx_word' id='word_1_627' title='bbox 3493 3680 3734 3756; x_wconf 66' lang='grc' dir='ltr'>παρέσχε</span> <span class='ocrx_word' id='word_1_628' title='bbox 3794 3687 3930 3754; x_wconf 69' lang='grc' dir='ltr'>τῷν</span> 
     </span>
    </p>
   </div>
   <div class='ocr_carea' id='block_1_86' title="bbox 2210 3764 3878 3843">
    <p class='ocr_par' dir='ltr' id='par_1_86' title="bbox 2210 3764 3878 3843">
     <span class='ocr_line' id='line_1_86' title="bbox 2210 3764 3878 3843; baseline 0.002 -22"><span class='ocrx_word' id='word_1_629' title='bbox 2210 3764 2361 3841; x_wconf 80' lang='grc' dir='ltr'>ἀνδρὶ</span> <span class='ocrx_word' id='word_1_630' title='bbox 2423 3764 2576 3837; x_wconf 86' lang='grc' dir='ltr'>δίκην</span> <span class='ocrx_word' id='word_1_631' title='bbox 2638 3764 2867 3824; x_wconf 83' lang='grc' dir='ltr'>διδόναι.</span> <span class='ocrx_word' id='word_1_632' title='bbox 2931 3768 3004 3822; x_wconf 76' lang='grc' dir='ltr'>Σὺ</span> <span class='ocrx_word' id='word_1_633' title='bbox 3065 3765 3122 3823; x_wconf 75' lang='grc' dir='ltr'>δὲ</span> <span class='ocrx_word' id='word_1_634' title='bbox 3178 3769 3304 3843; x_wconf 80' lang='grc' dir='ltr'>πρὶν</span> <span class='ocrx_word' id='word_1_635' title='bbox 3378 3768 3468 3823; x_wconf 79' lang='grc' dir='ltr'>καὶ</span> <span class='ocrx_word' id='word_1_636' title='bbox 3518 3771 3759 3823; x_wconf 78' lang='grc' dir='ltr'>συνεῖναι</span> <span class='ocrx_word' id='word_1_637' title='bbox 3809 3771 3878 3824; x_wconf 84' lang='grc' dir='ltr'>τὸ</span> 
     </span>
    </p>
   </div>
   <div class='ocr_carea' id='block_1_87' title="bbox 2209 3855 3874 3933">
    <p class='ocr_par' dir='ltr' id='par_1_87' title="bbox 2209 3855 3874 3933">
     <span class='ocr_line' id='line_1_87' title="bbox 2209 3855 3874 3933; baseline 0.002 -22"><span class='ocrx_word' id='word_1_638' title='bbox 2209 3856 2407 3912; x_wconf 75' lang='grc' dir='ltr'>οἰκεῖον</span> <span class='ocrx_word' id='word_1_639' title='bbox 2460 3855 2510 3910; x_wconf 76' lang='grc' dir='ltr'>ἰν</span> <span class='ocrx_word' id='word_1_640' title='bbox 2577 3859 2646 3930; x_wconf 78' lang='grc' dir='ltr'>τῇ</span> <span class='ocrx_word' id='word_1_641' title='bbox 2724 3855 2983 3912; x_wconf 82' lang='grc' dir='ltr'>ἀπολύσει</span> <span class='ocrx_word' id='word_1_642' title='bbox 3063 3857 3387 3932; x_wconf 78' lang='grc' dir='ltr'>ἁμάρτημα,</span> <span class='ocrx_word' id='word_1_643' title='bbox 3450 3859 3702 3933; x_wconf 73' lang='grc' dir='ltr'>ἁρπάζων</span> <span class='ocrx_word' id='word_1_644' title='bbox 3766 3860 3874 3928; x_wconf 81' lang='grc' dir='ltr'>τήν</span> 
     </span>
    </p>
   </div>
   <div class='ocr_carea' id='block_1_88' title="bbox 2209 3944 3875 4022">
    <p class='ocr_par' dir='ltr' id='par_1_88' title="bbox 2209 3944 3875 4022">
     <span class='ocr_line' id='line_1_88' title="bbox 2209 3944 3875 4022; baseline 0.001 -22"><span class='ocrx_word' id='word_1_645' title='bbox 2209 3946 2342 4021; x_wconf 87' lang='grc' dir='ltr'>πρὸς</span> <span class='ocrx_word' id='word_1_646' title='bbox 2393 3944 2556 4014; x_wconf 77' lang='grc' dir='ltr'>αὐτὴν</span> <span class='ocrx_word' id='word_1_647' title='bbox 2609 3945 2878 4020; x_wconf 77' lang='grc' dir='ltr'>συζυγίαν,</span> <span class='ocrx_word' id='word_1_648' title='bbox 2919 3944 3333 4021; x_wconf 70' lang='grc' dir='ltr'>τολμηροτέραν</span> <span class='ocrx_word' id='word_1_649' title='bbox 3381 3946 3518 4022; x_wconf 82' lang='grc' dir='ltr'>πρὸς</span> <span class='ocrx_word' id='word_1_650' title='bbox 3567 3946 3634 4002; x_wconf 65' lang='grc' dir='ltr'>τὰ</span> <span class='ocrx_word' id='word_1_651' title='bbox 3689 3948 3875 4022; x_wconf 82' lang='grc' dir='ltr'>ἀμαρ-</span> 
     </span>
    </p>
   </div>
   <div class='ocr_carea' id='block_1_89' title="bbox 2207 4033 3875 4111">
    <p class='ocr_par' dir='ltr' id='par_1_89' title="bbox 2207 4033 3875 4111">
     <span class='ocr_line' id='line_1_89' title="bbox 2207 4033 3875 4111; baseline 0.002 -22"><span class='ocrx_word' id='word_1_652' title='bbox 2207 4035 2426 4108; x_wconf 85' lang='grc' dir='ltr'>τήματα</span> <span class='ocrx_word' id='word_1_653' title='bbox 2491 4033 2703 4096; x_wconf 84' lang='grc' dir='ltr'>ἀτόπως</span> <span class='ocrx_word' id='word_1_654' title='bbox 2768 4034 2962 4111; x_wconf 78' lang='grc' dir='ltr'>ἐργάζῃ</span> <span class='ocrx_word' id='word_1_655' title='bbox 2996 4053 3008 4065; x_wconf 85' lang='lat'><strong><em>°</em></strong></span> <span class='ocrx_word' id='word_1_656' title='bbox 3073 4040 3272 4104; x_wconf 81' lang='grc' dir='ltr'>ζῶντος</span> <span class='ocrx_word' id='word_1_657' title='bbox 3351 4037 3446 4108; x_wconf 78' lang='grc' dir='ltr'>μὶν</span> <span class='ocrx_word' id='word_1_658' title='bbox 3517 4039 3615 4091; x_wconf 75' lang='grc' dir='ltr'>τοῦ</span> <span class='ocrx_word' id='word_1_659' title='bbox 3674 4035 3875 4111; x_wconf 83' lang='grc' dir='ltr'>ἀνδρὸς</span> 
     </span>
    </p>
   </div>
   <div class='ocr_carea' id='block_1_90' title="bbox 2209 4121 3871 4202">
    <p class='ocr_par' dir='ltr' id='par_1_90' title="bbox 2209 4121 3871 4202">
     <span class='ocr_line' id='line_1_90' title="bbox 2220 4122 3762 4143; baseline 0.001 -6"><span class='ocrx_word' id='word_1_660' title='bbox 2220 4124 2231 4143; x_wconf 82' lang='grc'>.</span> <span class='ocrx_word' id='word_1_661' title='bbox 2275 4125 2288 4142; x_wconf 79' lang='grc'>.</span> <span class='ocrx_word' id='word_1_662' title='bbox 2393 4123 2406 4140; x_wconf 80' lang='grc'>.</span> <span class='ocrx_word' id='word_1_663' title='bbox 2545 4124 2556 4140; x_wconf 85' lang='grc'>.</span> <span class='ocrx_word' id='word_1_664' title='bbox 2756 4123 2765 4143; x_wconf 83' lang='lat'>,</span> <span class='ocrx_word' id='word_1_665' title='bbox 3096 4123 3107 4142; x_wconf 83' lang='lat'>.</span> <span class='ocrx_word' id='word_1_666' title='bbox 3305 4122 3330 4142; x_wconf 87' lang='lat'>.,</span> <span class='ocrx_word' id='word_1_667' title='bbox 3754 4126 3762 4138; x_wconf 89' lang='lat'>.</span> 
     </span>
     <span class='ocr_line' id='line_1_91' title="bbox 2209 4121 3871 4202; baseline 0.002 -25"><span class='ocrx_word' id='word_1_668' title='bbox 2209 4142 2290 4177; x_wconf 77' lang='grc' dir='ltr'>αει</span> <span class='ocrx_word' id='word_1_669' title='bbox 2345 4145 2444 4191; x_wconf 84' lang='grc' dir='ltr'>την</span> <span class='ocrx_word' id='word_1_670' title='bbox 2534 4121 2830 4196; x_wconf 88' lang='grc' dir='ltr'>αλλοτριαν</span> <span class='ocrx_word' id='word_1_671' title='bbox 2915 4145 3214 4200; x_wconf 72' lang='grc' dir='ltr'>μοιχεύων,</span> <span class='ocrx_word' id='word_1_672' title='bbox 3276 4123 3500 4179; x_wconf 83' lang='grc' dir='ltr'>ευκολον</span> <span class='ocrx_word' id='word_1_673' title='bbox 3589 4123 3669 4193; x_wconf 70' lang='grc' dir='ltr'>δὲ,</span> <span class='ocrx_word' id='word_1_674' title='bbox 3729 4127 3871 4202; x_wconf 74' lang='grc' dir='ltr'>ὅπερ</span> 
     </span>
    </p>
   </div>
   <div class='ocr_carea' id='block_1_91' title="bbox 2208 4206 3870 4290">
    <p class='ocr_par' dir='ltr' id='par_1_91' title="bbox 2208 4206 3870 4290">
     <span class='ocr_line' id='line_1_92' title="bbox 2208 4206 3870 4290; baseline 0.003 -25"><span class='ocrx_word' id='word_1_675' title='bbox 2208 4206 2366 4290; x_wconf 78' lang='grc' dir='ltr'>ἔφην,</span> <span class='ocrx_word' id='word_1_676' title='bbox 2399 4212 2534 4285; x_wconf 86' lang='grc' dir='ltr'>πρὸς</span> <span class='ocrx_word' id='word_1_677' title='bbox 2589 4212 2656 4266; x_wconf 78' lang='grc' dir='ltr'>τὰ</span> <span class='ocrx_word' id='word_1_678' title='bbox 2714 4211 2767 4266; x_wconf 74' lang='grc' dir='ltr'>ὲν</span> <span class='ocrx_word' id='word_1_679' title='bbox 2823 4215 2890 4286; x_wconf 81' lang='grc' dir='ltr'>τῇ</span> <span class='ocrx_word' id='word_1_680' title='bbox 2951 4208 3251 4286; x_wconf 72' lang='grc' dir='ltr'>συμϐιώσει</span> <span class='ocrx_word' id='word_1_681' title='bbox 3303 4213 3616 4287; x_wconf 87' lang='grc' dir='ltr'>πταίσματα</span> <span class='ocrx_word' id='word_1_682' title='bbox 3642 4214 3870 4279; x_wconf 82' lang='grc' dir='ltr'>ἀτόπως</span> 
     </span>
    </p>
   </div>
   <div class='ocr_carea' id='block_1_92' title="bbox 2209 4297 3868 4377">
    <p class='ocr_par' dir='ltr' id='par_1_92' title="bbox 2209 4297 3868 4377">
     <span class='ocr_line' id='line_1_93' title="bbox 2209 4297 3868 4377; baseline 0.002 -23"><span class='ocrx_word' id='word_1_683' title='bbox 2209 4302 2410 4357; x_wconf 82' lang='grc' dir='ltr'>ἀσκῶν.</span> <span class='ocrx_word' id='word_1_684' title='bbox 2442 4299 2504 4355; x_wconf 78' lang='grc' dir='ltr'>Εἰ</span> <span class='ocrx_word' id='word_1_685' title='bbox 2561 4297 2617 4354; x_wconf 72' lang='grc' dir='ltr'>δὲ</span> <span class='ocrx_word' id='word_1_686' title='bbox 2675 4301 2702 4355; x_wconf 85' lang='grc' dir='ltr'>ὁ</span> <span class='ocrx_word' id='word_1_687' title='bbox 2759 4301 2859 4370; x_wconf 78' lang='grc' dir='ltr'>τὴν</span> <span class='ocrx_word' id='word_1_688' title='bbox 2909 4301 3054 4375; x_wconf 70' lang='grc' dir='ltr'>παρὰ</span> <span class='ocrx_word' id='word_1_689' title='bbox 3101 4303 3302 4373; x_wconf 74' lang='grc' dir='ltr'>θνητοῦ</span> <span class='ocrx_word' id='word_1_690' title='bbox 3333 4299 3523 4377; x_wconf 87' lang='grc' dir='ltr'>ἀνδρὸς</span> <span class='ocrx_word' id='word_1_691' title='bbox 3580 4301 3868 4360; x_wconf 82' lang='grc' dir='ltr'>ἀπολελυ-</span> 
     </span>
    </p>
   </div>
   <div class='ocr_carea' id='block_1_93' title="bbox 2211 4383 3871 4464">
    <p class='ocr_par' dir='ltr' id='par_1_93' title="bbox 2211 4383 3871 4464">
     <span class='ocr_line' id='line_1_94' title="bbox 2211 4383 3871 4464; baseline 0.003 -20"><span class='ocrx_word' id='word_1_692' title='bbox 2211 4390 2375 4461; x_wconf 77' lang='grc' dir='ltr'>μὲνην</span> <span class='ocrx_word' id='word_1_693' title='bbox 2471 4383 2776 4461; x_wconf 74' lang='grc' dir='ltr'>λαμϐάνων·</span> <span class='ocrx_word' id='word_1_694' title='bbox 2854 4389 3131 4464; x_wconf 89' lang='grc' dir='ltr'>μοιχεύων</span> <span class='ocrx_word' id='word_1_695' title='bbox 3223 4386 3422 4464; x_wconf 74' lang='grc' dir='ltr'>ἀσεϐεῖ,</span> <span class='ocrx_word' id='word_1_696' title='bbox 3480 4389 3683 4464; x_wconf 83' lang='grc' dir='ltr'>πολλῷ</span> <span class='ocrx_word' id='word_1_697' title='bbox 3743 4395 3871 4449; x_wconf 87' lang='grc' dir='ltr'>ἀσε-</span> 
     </span>
    </p>
   </div>
   <div class='ocr_carea' id='block_1_94' title="bbox 2210 4474 3867 4553">
    <p class='ocr_par' dir='ltr' id='par_1_94' title="bbox 2210 4474 3867 4553">
     <span class='ocr_line' id='line_1_95' title="bbox 2210 4474 3867 4553; baseline 0.004 -21"><span class='ocrx_word' id='word_1_698' title='bbox 2210 4474 2460 4551; x_wconf 73' lang='grc' dir='ltr'>ϐέστερον</span> <span class='ocrx_word' id='word_1_699' title='bbox 2520 4475 2608 4532; x_wconf 77' lang='grc' dir='ltr'>διὰ</span> <span class='ocrx_word' id='word_1_700' title='bbox 2677 4477 2796 4553; x_wconf 83' lang='grc' dir='ltr'>βίου</span> <span class='ocrx_word' id='word_1_701' title='bbox 2859 4477 3108 4553; x_wconf 74' lang='grc' dir='ltr'>μοιχεύει</span> <span class='ocrx_word' id='word_1_702' title='bbox 3170 4479 3196 4533; x_wconf 93' lang='lat'>6</span> <span class='ocrx_word' id='word_1_703' title='bbox 3253 4480 3351 4548; x_wconf 73' lang='grc' dir='ltr'>τήν</span> <span class='ocrx_word' id='word_1_704' title='bbox 3425 4483 3523 4534; x_wconf 77' lang='grc' dir='ltr'>τοῦ</span> <span class='ocrx_word' id='word_1_705' title='bbox 3597 4482 3867 4538; x_wconf 74' lang='grc' dir='ltr'>ἀθανάτου</span> 
     </span>
    </p>
   </div>
   <div class='ocr_carea' id='block_1_95' title="bbox 2210 4565 3866 4647">
    <p class='ocr_par' dir='ltr' id='par_1_95' title="bbox 2210 4565 3866 4647">
     <span class='ocr_line' id='line_1_96' title="bbox 2210 4565 3866 4647; baseline 0.004 -26"><span class='ocrx_word' id='word_1_706' title='bbox 2210 4565 2398 4644; x_wconf 83' lang='grc' dir='ltr'>ἀνδρὸς</span> <span class='ocrx_word' id='word_1_707' title='bbox 2478 4567 2695 4645; x_wconf 85' lang='grc' dir='ltr'>νύμφην</span> <span class='ocrx_word' id='word_1_708' title='bbox 2806 4565 3080 4640; x_wconf 75' lang='grc' dir='ltr'>μηδέποτε</span> <span class='ocrx_word' id='word_1_709' title='bbox 3183 4565 3602 4642; x_wconf 70' lang='grc' dir='ltr'>ἀπολελυμένην</span> <span class='ocrx_word' id='word_1_710' title='bbox 3687 4593 3866 4647; x_wconf 85' lang='grc' dir='ltr'>παρα-</span> 
     </span>
    </p>
   </div>
   <div class='ocr_carea' id='block_1_96' title="bbox 441 4651 2098 4743">
    <p class='ocr_par' dir='ltr' id='par_1_96' title="bbox 441 4651 2094 4723">
     <span class='ocr_line' id='line_1_97' title="bbox 441 4651 2094 4723; baseline -0.002 -9"><span class='ocrx_word' id='word_1_711' title='bbox 441 4657 635 4715; x_wconf 89' lang='lat' dir='ltr'>carnis</span> <span class='ocrx_word' id='word_1_712' title='bbox 662 4655 941 4711; x_wconf 86' lang='lat' dir='ltr'>libidines</span> <span class='ocrx_word' id='word_1_713' title='bbox 971 4651 1336 4723; x_wconf 85' lang='lat' dir='ltr'>confugiens,</span> <span class='ocrx_word' id='word_1_714' title='bbox 1368 4655 1429 4707; x_wconf 91' lang='lat' dir='ltr'>tu</span> <span class='ocrx_word' id='word_1_715' title='bbox 1461 4669 1594 4708; x_wconf 89' lang='lat' dir='ltr'>vero</span> <span class='ocrx_word' id='word_1_716' title='bbox 1638 4652 1802 4710; x_wconf 87' lang='lat' dir='ltr'>illam</span> <span class='ocrx_word' id='word_1_717' title='bbox 1847 4671 1920 4710; x_wconf 92' lang='lat' dir='ltr'>ne</span> <span class='ocrx_word' id='word_1_718' title='bbox 1968 4659 2094 4711; x_wconf 89' lang='lat' dir='ltr'>tan-</span> 
     </span>
    </p>
   </div>
   <div class='ocr_carea' id='block_1_97' title="bbox 2213 4651 3867 4743">
    <p class='ocr_par' dir='ltr' id='par_1_97' title="bbox 2213 4653 3867 4734">
     <span class='ocr_line' id='line_1_98' title="bbox 2213 4653 3867 4734; baseline 0.004 -24"><span class='ocrx_word' id='word_1_719' title='bbox 2213 4661 2418 4733; x_wconf 77' lang='grc' dir='ltr'>φθεῖραι</span> <span class='ocrx_word' id='word_1_720' title='bbox 2461 4653 2705 4729; x_wconf 79' lang='grc' dir='ltr'>τολμῶν.</span> <span class='ocrx_word' id='word_1_721' title='bbox 2741 4656 2843 4712; x_wconf 81' lang='grc' dir='ltr'>Καὶ</span> <span class='ocrx_word' id='word_1_722' title='bbox 2899 4655 2942 4711; x_wconf 76' lang='grc' dir='ltr'>εἷ</span> <span class='ocrx_word' id='word_1_723' title='bbox 2995 4656 3188 4726; x_wconf 69' lang='grc' dir='ltr'>ἑαυτὴν</span> <span class='ocrx_word' id='word_1_724' title='bbox 3219 4657 3320 4734; x_wconf 82' lang='grc' dir='ltr'>γάρ</span> <span class='ocrx_word' id='word_1_725' title='bbox 3364 4657 3593 4714; x_wconf 82' lang='grc' dir='ltr'>ἀπολύει</span> <span class='ocrx_word' id='word_1_726' title='bbox 3647 4664 3715 4732; x_wconf 81' lang='grc' dir='ltr'>τῇ</span> <span class='ocrx_word' id='word_1_727' title='bbox 3764 4682 3867 4732; x_wconf 78' lang='grc' dir='ltr'>με-</span> 
     </span>
    </p>
   </div>
   <div class='ocr_carea' id='block_1_98' title="bbox 439 4742 2089 4821">
    <p class='ocr_par' dir='ltr' id='par_1_98' title="bbox 439 4742 2089 4821">
     <span class='ocr_line' id='line_1_99' title="bbox 439 4742 2089 4821; baseline -0.001 -17"><span class='ocrx_word' id='word_1_728' title='bbox 439 4764 565 4821; x_wconf 86' lang='lat' dir='ltr'>gas.</span> <span class='ocrx_word' id='word_1_729' title='bbox 613 4745 769 4801; x_wconf 88' lang='lat' dir='ltr'>Vivit</span> <span class='ocrx_word' id='word_1_730' title='bbox 814 4743 970 4800; x_wconf 91' lang='lat' dir='ltr'>enim</span> <span class='ocrx_word' id='word_1_731' title='bbox 1018 4743 1108 4798; x_wconf 89' lang='lat' dir='ltr'>vir</span> <span class='ocrx_word' id='word_1_732' title='bbox 1136 4743 1286 4813; x_wconf 91' lang='lat' dir='ltr'>ejus,</span> <span class='ocrx_word' id='word_1_733' title='bbox 1320 4758 1425 4798; x_wconf 90' lang='lat' dir='ltr'>nec</span> <span class='ocrx_word' id='word_1_734' title='bbox 1457 4742 1581 4798; x_wconf 90' lang='lat' dir='ltr'>vult</span> <span class='ocrx_word' id='word_1_735' title='bbox 1612 4760 1739 4799; x_wconf 90' lang='lat' dir='ltr'>eam</span> <span class='ocrx_word' id='word_1_736' title='bbox 1773 4744 2089 4802; x_wconf 88' lang='lat' dir='ltr'>dimittere.</span> 
     </span>
    </p>
   </div>
   <div class='ocr_carea' id='block_1_99' title="bbox 440 4831 2092 4907">
    <p class='ocr_par' dir='ltr' id='par_1_99' title="bbox 440 4831 2092 4907">
     <span class='ocr_line' id='line_1_100' title="bbox 440 4831 2092 4907; baseline -0.001 -15"><span class='ocrx_word' id='word_1_737' title='bbox 440 4835 700 4892; x_wconf 88' lang='lat' dir='ltr'>Concede</span> <span class='ocrx_word' id='word_1_738' title='bbox 722 4832 832 4903; x_wconf 90' lang='lat' dir='ltr'>illi,</span> <span class='ocrx_word' id='word_1_739' title='bbox 867 4835 932 4887; x_wconf 91' lang='lat' dir='ltr'>ut</span> <span class='ocrx_word' id='word_1_740' title='bbox 952 4835 1332 4903; x_wconf 83' lang='lat' dir='ltr'>semetipsam</span> <span class='ocrx_word' id='word_1_741' title='bbox 1364 4831 1638 4904; x_wconf 87' lang='lat' dir='ltr'>inspiciat</span> <span class='ocrx_word' id='word_1_742' title='bbox 1667 4850 1924 4905; x_wconf 91' lang='lat' dir='ltr'>quonam</span> <span class='ocrx_word' id='word_1_743' title='bbox 1956 4852 2092 4907; x_wconf 87' lang='lat' dir='ltr'>pro-</span> 
     </span>
    </p>
   </div>
   <div class='ocr_carea' id='block_1_100' title="bbox 439 4921 2089 4998">
    <p class='ocr_par' dir='ltr' id='par_1_100' title="bbox 439 4921 2089 4998">
     <span class='ocr_line' id='line_1_101' title="bbox 439 4921 2089 4998; baseline -0.002 -16"><span class='ocrx_word' id='word_1_744' title='bbox 439 4925 608 4998; x_wconf 90' lang='lat' dir='ltr'>lapsa</span> <span class='ocrx_word' id='word_1_745' title='bbox 640 4923 736 4990; x_wconf 91' lang='lat' dir='ltr'>sit,</span> <span class='ocrx_word' id='word_1_746' title='bbox 769 4922 1041 4978; x_wconf 90' lang='lat' dir='ltr'>morbum</span> <span class='ocrx_word' id='word_1_747' title='bbox 1095 4923 1440 4992; x_wconf 86' lang='lat' dir='ltr'>concoquat,</span> <span class='ocrx_word' id='word_1_748' title='bbox 1493 4921 1789 4978; x_wconf 89' lang='lat' dir='ltr'>carnalem</span> <span class='ocrx_word' id='word_1_749' title='bbox 1831 4939 2089 4979; x_wconf 90' lang='lat' dir='ltr'>amorem</span> 
     </span>
    </p>
   </div>
   <div class='ocr_carea' id='block_1_101' title="bbox 440 5009 2091 5084">
    <p class='ocr_par' dir='ltr' id='par_1_101' title="bbox 440 5009 2091 5084">
     <span class='ocr_line' id='line_1_102' title="bbox 440 5009 2091 5084; baseline 0 -15"><span class='ocrx_word' id='word_1_750' title='bbox 440 5014 617 5084; x_wconf 87' lang='lat' dir='ltr'>eluat,</span> <span class='ocrx_word' id='word_1_751' title='bbox 663 5010 946 5084; x_wconf 89' lang='lat' dir='ltr'>temporis</span> <span class='ocrx_word' id='word_1_752' title='bbox 976 5025 1323 5083; x_wconf 89' lang='lat' dir='ltr'>progressus</span> <span class='ocrx_word' id='word_1_753' title='bbox 1353 5009 1703 5079; x_wconf 89' lang='lat' dir='ltr'>consideret,</span> <span class='ocrx_word' id='word_1_754' title='bbox 1739 5017 1959 5082; x_wconf 89' lang='lat' dir='ltr'>quanta</span> <span class='ocrx_word' id='word_1_755' title='bbox 1991 5031 2091 5070; x_wconf 84' lang='lat' dir='ltr'>au-</span> 
     </span>
    </p>
   </div>
   <div class='ocr_carea' id='block_1_102' title="bbox 439 5099 2089 5172">
    <p class='ocr_par' dir='ltr' id='par_1_102' title="bbox 439 5099 2089 5172">
     <span class='ocr_line' id='line_1_103' title="bbox 439 5099 2089 5172; baseline -0.001 -13"><span class='ocrx_word' id='word_1_756' title='bbox 439 5103 575 5159; x_wconf 87' lang='lat' dir='ltr'>deat</span> <span class='ocrx_word' id='word_1_757' title='bbox 604 5101 864 5158; x_wconf 87' lang='lat' dir='ltr'>facinora</span> <span class='ocrx_word' id='word_1_758' title='bbox 909 5114 923 5155; x_wconf 86' lang='lat'><strong>:</strong></span> <span class='ocrx_word' id='word_1_759' title='bbox 977 5115 1045 5155; x_wconf 89' lang='lat' dir='ltr'>ao</span> <span class='ocrx_word' id='word_1_760' title='bbox 1096 5099 1353 5172; x_wconf 90' lang='lat' dir='ltr'>profecto</span> <span class='ocrx_word' id='word_1_761' title='bbox 1403 5099 1617 5155; x_wconf 88' lang='lat' dir='ltr'>redibit</span> <span class='ocrx_word' id='word_1_762' title='bbox 1659 5101 1732 5155; x_wconf 84' lang='lat' dir='ltr'>ad</span> <span class='ocrx_word' id='word_1_763' title='bbox 1782 5117 2089 5171; x_wconf 90' lang='lat' dir='ltr'>sponsum.</span> 
     </span>
    </p>
   </div>
   <div class='ocr_carea' id='block_1_103' title="bbox 439 5187 2092 5249">
    <p class='ocr_par' dir='ltr' id='par_1_103' title="bbox 439 5187 2092 5249">
     <span class='ocr_line' id='line_1_104' title="bbox 439 5187 2092 5249; baseline -0.002 0"><span class='ocrx_word' id='word_1_764' title='bbox 439 5193 586 5249; x_wconf 89' lang='lat' dir='ltr'>Nam</span> <span class='ocrx_word' id='word_1_765' title='bbox 618 5191 670 5247; x_wconf 91' lang='lat' dir='ltr'>si</span> <span class='ocrx_word' id='word_1_766' title='bbox 700 5189 968 5247; x_wconf 86' lang='lat' dir='ltr'>Christus</span> <span class='ocrx_word' id='word_1_767' title='bbox 1012 5188 1112 5245; x_wconf 87' lang='lat' dir='ltr'>lux</span> <span class='ocrx_word' id='word_1_768' title='bbox 1154 5194 1242 5245; x_wconf 89' lang='lat' dir='ltr'>est</span> <span class='ocrx_word' id='word_1_769' title='bbox 1291 5191 1348 5244; x_wconf 91' lang='lat' dir='ltr'>et</span> <span class='ocrx_word' id='word_1_770' title='bbox 1397 5187 1748 5245; x_wconf 87' lang='lat' dir='ltr'>resurrectio</span> <span class='ocrx_word' id='word_1_771' title='bbox 1797 5194 1854 5245; x_wconf 86' lang='lat' dir='ltr'>et</span> <span class='ocrx_word' id='word_1_772' title='bbox 1901 5191 2092 5246; x_wconf 88' lang='lat' dir='ltr'>incor-</span> 
     </span>
    </p>
   </div>
   <div class='ocr_carea' id='block_1_104' title="bbox 2206 4745 3867 4822">
    <p class='ocr_par' dir='ltr' id='par_1_104' title="bbox 2206 4745 3867 4822">
     <span class='ocr_line' id='line_1_105' title="bbox 2206 4745 3867 4822; baseline 0.002 -21"><span class='ocrx_word' id='word_1_773' title='bbox 2206 4745 2410 4802; x_wconf 75' lang='grc' dir='ltr'>ταθὲσει</span> <span class='ocrx_word' id='word_1_774' title='bbox 2471 4747 2605 4821; x_wconf 89' lang='grc' dir='ltr'>πρὸς</span> <span class='ocrx_word' id='word_1_775' title='bbox 2656 4746 2722 4800; x_wconf 75' lang='grc' dir='ltr'>τὰ</span> <span class='ocrx_word' id='word_1_776' title='bbox 2775 4746 2971 4822; x_wconf 85' lang='grc' dir='ltr'>σαρκὸς</span> <span class='ocrx_word' id='word_1_777' title='bbox 3030 4747 3176 4817; x_wconf 81' lang='grc' dir='ltr'>πάθη</span> <span class='ocrx_word' id='word_1_778' title='bbox 3244 4745 3654 4820; x_wconf 77' lang='grc' dir='ltr'>αὐτομολοῦσα,</span> <span class='ocrx_word' id='word_1_779' title='bbox 3715 4747 3867 4804; x_wconf 83' lang='grc' dir='ltr'>ἀλλά</span> 
     </span>
    </p>
   </div>
   <div class='ocr_carea' id='block_1_105' title="bbox 2209 4835 3862 4910">
    <p class='ocr_par' dir='ltr' id='par_1_105' title="bbox 2209 4835 3862 4910">
     <span class='ocr_line' id='line_1_106' title="bbox 2209 4835 3862 4910; baseline 0.002 -20"><span class='ocrx_word' id='word_1_780' title='bbox 2209 4837 2270 4890; x_wconf 79' lang='grc' dir='ltr'>σὺ</span> <span class='ocrx_word' id='word_1_781' title='bbox 2335 4836 2409 4908; x_wconf 83' lang='grc' dir='ltr'>μή</span> <span class='ocrx_word' id='word_1_782' title='bbox 2473 4837 2642 4889; x_wconf 74' lang='grc' dir='ltr'>ἅπτου</span> <span class='ocrx_word' id='word_1_783' title='bbox 2702 4835 2923 4905; x_wconf 87' lang='grc' dir='ltr'>ταύτης.</span> <span class='ocrx_word' id='word_1_784' title='bbox 2953 4837 3029 4906; x_wconf 80' lang='grc' dir='ltr'><strong><em>Ζῇ</em></strong></span> <span class='ocrx_word' id='word_1_785' title='bbox 3075 4835 3179 4910; x_wconf 73' lang='grc' dir='ltr'>γὰρ</span> <span class='ocrx_word' id='word_1_786' title='bbox 3224 4835 3392 4905; x_wconf 79' lang='grc' dir='ltr'>αὐτῆς</span> <span class='ocrx_word' id='word_1_787' title='bbox 3423 4837 3451 4891; x_wconf 90' lang='lat'>6</span> <span class='ocrx_word' id='word_1_788' title='bbox 3486 4838 3649 4907; x_wconf 70' lang='grc' dir='ltr'>ἀνὴρ,</span> <span class='ocrx_word' id='word_1_789' title='bbox 3678 4838 3772 4892; x_wconf 76' lang='grc' dir='ltr'>καὶ</span> <span class='ocrx_word' id='word_1_790' title='bbox 3801 4839 3862 4894; x_wconf 81' lang='grc' dir='ltr'>ού</span> 
     </span>
    </p>
   </div>
   <div class='ocr_carea' id='block_1_106' title="bbox 2210 4921 3862 5000">
    <p class='ocr_par' dir='ltr' id='par_1_106' title="bbox 2210 4921 3862 5000">
     <span class='ocr_line' id='line_1_107' title="bbox 2210 4921 3862 5000; baseline 0 -20"><span class='ocrx_word' id='word_1_791' title='bbox 2210 4923 2466 5000; x_wconf 81' lang='grc' dir='ltr'>βούλεται</span> <span class='ocrx_word' id='word_1_792' title='bbox 2527 4925 2694 4993; x_wconf 76' lang='grc' dir='ltr'>αὐτὴν</span> <span class='ocrx_word' id='word_1_793' title='bbox 2760 4921 3049 4979; x_wconf 75' lang='grc' dir='ltr'>ἀπολῦσαι.</span> <span class='ocrx_word' id='word_1_794' title='bbox 3097 4924 3465 5000; x_wconf 81' lang='grc' dir='ltr'>Συγχώρησον</span> <span class='ocrx_word' id='word_1_795' title='bbox 3527 4925 3666 5000; x_wconf 76' lang='grc' dir='ltr'>αὐτῇ</span> <span class='ocrx_word' id='word_1_796' title='bbox 3727 4925 3862 4982; x_wconf 54' lang='lat' dir='ltr'>iam</span> 
     </span>
    </p>
   </div>
   <div class='ocr_carea' id='block_1_107' title="bbox 2205 5009 3857 5088">
    <p class='ocr_par' dir='ltr' id='par_1_107' title="bbox 2205 5009 3857 5088">
     <span class='ocr_line' id='line_1_108' title="bbox 2205 5009 3857 5088; baseline -0.001 -19"><span class='ocrx_word' id='word_1_797' title='bbox 2205 5015 2399 5082; x_wconf 67' lang='grc' dir='ltr'>ἑαυτὴν</span> <span class='ocrx_word' id='word_1_798' title='bbox 2459 5014 2566 5083; x_wconf 80' lang='grc' dir='ltr'>ὅπη</span> <span class='ocrx_word' id='word_1_799' title='bbox 2629 5012 2856 5088; x_wconf 72' lang='grc' dir='ltr'>ἐγένετο,</span> <span class='ocrx_word' id='word_1_800' title='bbox 2904 5009 3072 5086; x_wconf 81' lang='grc' dir='ltr'>πέψαι</span> <span class='ocrx_word' id='word_1_801' title='bbox 3123 5014 3186 5068; x_wconf 87' lang='grc' dir='ltr'>τὸ</span> <span class='ocrx_word' id='word_1_802' title='bbox 3241 5012 3433 5087; x_wconf 85' lang='grc' dir='ltr'>πάθος,</span> <span class='ocrx_word' id='word_1_803' title='bbox 3492 5015 3705 5088; x_wconf 68' lang='grc' dir='ltr'>ἇκνῖψαι</span> <span class='ocrx_word' id='word_1_804' title='bbox 3765 5017 3857 5071; x_wconf 84' lang='grc' dir='ltr'>τὸν</span> 
     </span>
    </p>
   </div>
   <div class='ocr_carea' id='block_1_108' title="bbox 2205 5098 3856 5180">
    <p class='ocr_par' dir='ltr' id='par_1_108' title="bbox 2205 5098 3856 5180">
     <span class='ocr_line' id='line_1_109' title="bbox 2205 5098 3856 5180; baseline 0.002 -24"><span class='ocrx_word' id='word_1_805' title='bbox 2205 5098 2380 5177; x_wconf 78' lang='grc' dir='ltr'>ἔρωτα</span> <span class='ocrx_word' id='word_1_806' title='bbox 2457 5106 2565 5157; x_wconf 80' lang='grc' dir='ltr'>τῶν</span> <span class='ocrx_word' id='word_1_807' title='bbox 2655 5121 2888 5178; x_wconf 88' lang='grc' dir='ltr'>σαρκων,</span> <span class='ocrx_word' id='word_1_808' title='bbox 2947 5100 3332 5175; x_wconf 73' lang='grc' dir='ltr'>ἐπισκέψασθαι</span> <span class='ocrx_word' id='word_1_809' title='bbox 3395 5103 3582 5180; x_wconf 85' lang='grc' dir='ltr'>χρόνῳ</span> <span class='ocrx_word' id='word_1_810' title='bbox 3639 5103 3856 5174; x_wconf 77' lang='grc' dir='ltr'>ἡλίκων</span> 
     </span>
    </p>
   </div>
   <div class='ocr_carea' id='block_1_109' title="bbox 2202 5187 3855 5267">
    <p class='ocr_par' dir='ltr' id='par_1_109' title="bbox 2202 5187 3855 5267">
     <span class='ocr_line' id='line_1_110' title="bbox 2202 5187 3855 5267; baseline 0.002 -21"><span class='ocrx_word' id='word_1_811' title='bbox 2202 5187 2413 5264; x_wconf 79' lang='grc' dir='ltr'>τολμᾷν</span> <span class='ocrx_word' id='word_1_812' title='bbox 2474 5190 2737 5266; x_wconf 73' lang='grc' dir='ltr'>ἐγχειρεῖ,</span> <span class='ocrx_word' id='word_1_813' title='bbox 2795 5191 2880 5245; x_wconf 79' lang='grc' dir='ltr'>καὶ</span> <span class='ocrx_word' id='word_1_814' title='bbox 2937 5191 3241 5266; x_wconf 76' lang='grc' dir='ltr'>ἀνακάμψει</span> <span class='ocrx_word' id='word_1_815' title='bbox 3300 5193 3518 5255; x_wconf 83' lang='grc' dir='ltr'>πάντως</span> <span class='ocrx_word' id='word_1_816' title='bbox 3567 5195 3707 5267; x_wconf 78' lang='grc' dir='ltr'>πρὸς</span> <span class='ocrx_word' id='word_1_817' title='bbox 3765 5195 3855 5250; x_wconf 83' lang='grc' dir='ltr'>τὸν</span> 
     </span>
    </p>
   </div>
   <div class='ocr_carea' id='block_1_110' title="bbox 509 5315 2098 5390">
    <p class='ocr_par' dir='ltr' id='par_1_110' title="bbox 509 5315 2098 5389">
     <span class='ocr_line' id='line_1_111' title="bbox 509 5315 2098 5389; baseline -0.009 -12"><span class='ocrx_word' id='word_1_818' title='bbox 509 5320 552 5357; x_wconf 72' lang='grc' dir='ltr'>ίτ</span> <span class='ocrx_word' id='word_1_819' title='bbox 583 5318 724 5376; x_wconf 91' lang='lat' dir='ltr'>Gen.</span> <span class='ocrx_word' id='word_1_820' title='bbox 757 5333 946 5389; x_wconf 66' lang='grc' dir='ltr'><strong>χχχιχ,</strong></span> <span class='ocrx_word' id='word_1_821' title='bbox 982 5318 1068 5372; x_wconf 82' lang='grc'>12.</span> <span class='ocrx_word' id='word_1_822' title='bbox 1146 5316 1187 5352; x_wconf 84' lang='grc'>¹³</span> <span class='ocrx_word' id='word_1_823' title='bbox 1219 5316 1356 5372; x_wconf 90' lang='lat' dir='ltr'>Luc.</span> <span class='ocrx_word' id='word_1_824' title='bbox 1389 5330 1540 5386; x_wconf 76' lang='lat' dir='ltr'>xxxv,</span> <span class='ocrx_word' id='word_1_825' title='bbox 1571 5315 1625 5370; x_wconf 90' lang='grc'>7.</span> <span class='ocrx_word' id='word_1_826' title='bbox 1705 5315 1747 5350; x_wconf 80' lang='grc'>¹⁰</span> <span class='ocrx_word' id='word_1_827' title='bbox 1775 5315 1978 5374; x_wconf 79' lang='lat' dir='ltr'>Matth.</span> <span class='ocrx_word' id='word_1_828' title='bbox 2011 5335 2098 5374; x_wconf 67' lang='grc' dir='ltr'>χχι</span> 
     </span>
    </p>
   </div>
   <div class='ocr_carea' id='block_1_111' title="bbox 2213 5315 2883 5390">
    <p class='ocr_par' dir='ltr' id='par_1_111' title="bbox 2213 5319 2883 5390">
     <span class='ocr_line' id='line_1_112' title="bbox 2213 5319 2883 5390; baseline 0 -17"><span class='ocrx_word' id='word_1_829' title='bbox 2213 5320 2287 5374; x_wconf 73' lang='grc' dir='ltr'>ΞΙι.</span> <span class='ocrx_word' id='word_1_830' title='bbox 2366 5319 2412 5354; x_wconf 78' lang='grc' dir='ltr'>³ο</span> <span class='ocrx_word' id='word_1_831' title='bbox 2442 5319 2648 5376; x_wconf 82' lang='lat' dir='ltr'>Matth.</span> <span class='ocrx_word' id='word_1_832' title='bbox 2682 5335 2798 5390; x_wconf 82' lang='lat' dir='ltr'>XIX,</span> <span class='ocrx_word' id='word_1_833' title='bbox 2828 5319 2883 5373; x_wconf 87' lang='lat'>9.</span> 
     </span>
    </p>
   </div>
   <div class='ocr_carea' id='block_1_112' title="bbox 509 5445 2089 5523">
    <p class='ocr_par' dir='ltr' id='par_1_112' title="bbox 509 5445 2089 5523">
     <span class='ocr_line' id='line_1_113' title="bbox 509 5445 2089 5523; baseline 0 -18"><span class='ocrx_word' id='word_1_834' title='bbox 509 5451 615 5523; x_wconf 86' lang='lat'>(62)</span> <span class='ocrx_word' id='word_1_835' title='bbox 669 5449 873 5523; x_wconf 59' lang='lat' dir='ltr'>A6jtﬁv.</span> <span class='ocrx_word' id='word_1_836' title='bbox 936 5448 1213 5519; x_wconf 86' lang='lat' dir='ltr'>Colbert.,</span> <span class='ocrx_word' id='word_1_837' title='bbox 1275 5445 1492 5515; x_wconf 70' lang='grc' dir='ltr'>ἑαυτήν.</span> <span class='ocrx_word' id='word_1_838' title='bbox 1557 5446 1735 5502; x_wconf 88' lang='lat' dir='ltr'>Paulo</span> <span class='ocrx_word' id='word_1_839' title='bbox 1795 5453 1928 5504; x_wconf 90' lang='lat' dir='ltr'>ante</span> <span class='ocrx_word' id='word_1_840' title='bbox 1989 5450 2089 5506; x_wconf 89' lang='lat' dir='ltr'>de-</span> 
     </span>
    </p>
   </div>
   <div class='ocr_carea' id='block_1_113' title="bbox 435 5518 959 5596">
    <p class='ocr_par' dir='ltr' id='par_1_113' title="bbox 435 5518 959 5596">
     <span class='ocr_line' id='line_1_114' title="bbox 435 5518 959 5596; baseline -0.008 -16"><span class='ocrx_word' id='word_1_841' title='bbox 435 5518 959 5596; x_wconf 64' lang='lat' dir='ltr'>landum,_&#39;e&#39;xptv_cv.</span> 
     </span>
    </p>
   </div>
   <div class='ocr_carea' id='block_1_114' title="bbox 508 5589 2080 5664">
    <p class='ocr_par' dir='ltr' id='par_1_114' title="bbox 508 5589 2080 5664">
     <span class='ocr_line' id='line_1_115' title="bbox 508 5589 2080 5664; baseline -0.004 -14"><span class='ocrx_word' id='word_1_842' title='bbox 508 5595 621 5664; x_wconf 88' lang='lat'>(63)</span> <span class='ocrx_word' id='word_1_843' title='bbox 654 5589 732 5650; x_wconf 84' lang='grc' dir='ltr'>Τὸ</span> <span class='ocrx_word' id='word_1_844' title='bbox 765 5589 916 5648; x_wconf 73' lang='grc' dir='ltr'>α’ύτό.</span> <span class='ocrx_word' id='word_1_845' title='bbox 957 5592 1061 5646; x_wconf 85' lang='lat' dir='ltr'>Hic</span> <span class='ocrx_word' id='word_1_846' title='bbox 1091 5589 1266 5664; x_wconf 88' lang='lat' dir='ltr'>editio</span> <span class='ocrx_word' id='word_1_847' title='bbox 1299 5589 1642 5646; x_wconf 85' lang='lat' dir='ltr'>Parisiensis</span> <span class='ocrx_word' id='word_1_848' title='bbox 1673 5591 1855 5664; x_wconf 85' lang='lat' dir='ltr'>addit,</span> <span class='ocrx_word' id='word_1_849' title='bbox 1906 5591 1947 5645; x_wconf 84' lang='grc' dir='ltr'>εὶ</span> <span class='ocrx_word' id='word_1_850' title='bbox 2005 5592 2080 5664; x_wconf 80' lang='grc' dir='ltr'>μή</span> 
     </span>
    </p>
   </div>
   <div class='ocr_carea' id='block_1_115' title="bbox 437 5661 2082 5740">
    <p class='ocr_par' dir='ltr' id='par_1_115' title="bbox 437 5661 2082 5740">
     <span class='ocr_line' id='line_1_116' title="bbox 437 5661 2082 5740; baseline 0.002 -21"><span class='ocrx_word' id='word_1_851' title='bbox 437 5661 714 5740; x_wconf 71' lang='grc' dir='ltr'>ἐγεννήθη,</span> <span class='ocrx_word' id='word_1_852' title='bbox 749 5681 879 5737; x_wconf 84' lang='lat' dir='ltr'>quae</span> <span class='ocrx_word' id='word_1_853' title='bbox 908 5679 1075 5721; x_wconf 83' lang='lat' dir='ltr'>voces</span> <span class='ocrx_word' id='word_1_854' title='bbox 1107 5677 1212 5719; x_wconf 87' lang='lat' dir='ltr'>nec</span> <span class='ocrx_word' id='word_1_855' title='bbox 1242 5661 1300 5718; x_wconf 89' lang='lat' dir='ltr'>in</span> <span class='ocrx_word' id='word_1_856' title='bbox 1333 5665 1556 5720; x_wconf 86' lang='lat' dir='ltr'>Veneta</span> <span class='ocrx_word' id='word_1_857' title='bbox 1586 5679 1692 5721; x_wconf 88' lang='lat' dir='ltr'>nec</span> <span class='ocrx_word' id='word_1_858' title='bbox 1721 5663 1782 5721; x_wconf 92' lang='lat' dir='ltr'>in</span> <span class='ocrx_word' id='word_1_859' title='bbox 1829 5661 1946 5723; x_wconf 86' lang='lat' dir='ltr'>ullo</span> <span class='ocrx_word' id='word_1_860' title='bbox 1991 5661 2082 5722; x_wconf 61' lang='lat' dir='ltr'>ve4</span> 
     </span>
    </p>
   </div>
   <div class='ocr_carea' id='block_1_116' title="bbox 2201 5449 2829 5524">
    <p class='ocr_par' dir='ltr' id='par_1_116' title="bbox 2201 5449 2829 5524">
     <span class='ocr_line' id='line_1_117' title="bbox 2201 5449 2829 5524; baseline 0 -17"><span class='ocrx_word' id='word_1_861' title='bbox 2201 5454 2320 5507; x_wconf 88' lang='lat' dir='ltr'>tere</span> <span class='ocrx_word' id='word_1_862' title='bbox 2344 5449 2500 5524; x_wconf 87' lang='lat' dir='ltr'>libro</span> <span class='ocrx_word' id='word_1_863' title='bbox 2532 5450 2829 5524; x_wconf 82' lang='lat' dir='ltr'>leguntur.</span> 
     </span>
    </p>
   </div>
   <div class='ocr_carea' id='block_1_117' title="bbox 2269 5521 3859 5598">
    <p class='ocr_par' dir='ltr' id='par_1_117' title="bbox 2269 5521 3859 5598">
     <span class='ocr_line' id='line_1_118' title="bbox 2269 5521 3859 5598; baseline 0.003 -21"><span class='ocrx_word' id='word_1_864' title='bbox 2269 5523 2384 5595; x_wconf 82' lang='grc'>(64)</span> <span class='ocrx_word' id='word_1_865' title='bbox 2433 5521 2824 5598; x_wconf 70' lang='grc' dir='ltr'>Διορθῖυθείσῃ.</span> <span class='ocrx_word' id='word_1_866' title='bbox 2872 5527 3003 5598; x_wconf 64' lang='lat' dir='ltr'>Haec</span> <span class='ocrx_word' id='word_1_867' title='bbox 3052 5521 3357 5598; x_wconf 67' lang='lat' dir='ltr'>scripturis</span> <span class='ocrx_word' id='word_1_868' title='bbox 3407 5523 3678 5598; x_wconf 85' lang='lat' dir='ltr'>codicum</span> <span class='ocrx_word' id='word_1_869' title='bbox 3731 5525 3859 5584; x_wconf 85' lang='lat' dir='ltr'>Col-</span> 
     </span>
    </p>
   </div>
   <div class='ocr_carea' id='block_1_118' title="bbox 2195 5593 3858 5669">
    <p class='ocr_par' dir='ltr' id='par_1_118' title="bbox 2195 5593 3858 5669">
     <span class='ocr_line' id='line_1_119' title="bbox 2195 5593 3858 5669; baseline 0.004 -20"><span class='ocrx_word' id='word_1_870' title='bbox 2195 5593 2343 5650; x_wconf 88' lang='lat' dir='ltr'>bert.</span> <span class='ocrx_word' id='word_1_871' title='bbox 2367 5593 2434 5669; x_wconf 73' lang='lat' dir='ltr'>et</span> <span class='ocrx_word' id='word_1_872' title='bbox 2464 5593 2712 5669; x_wconf 85' lang='lat' dir='ltr'>duorum</span> <span class='ocrx_word' id='word_1_873' title='bbox 2746 5593 3060 5669; x_wconf 79' lang='lat' dir='ltr'>Regiorum</span> <span class='ocrx_word' id='word_1_874' title='bbox 3090 5593 3319 5654; x_wconf 79' lang='lat' dir='ltr'>videtur</span> <span class='ocrx_word' id='word_1_875' title='bbox 3340 5597 3703 5668; x_wconf 61' lang='lat' dir='ltr'>praeferenda</span> <span class='ocrx_word' id='word_1_876' title='bbox 3727 5599 3858 5656; x_wconf 92' lang='lat' dir='ltr'>vul-</span> 
     </span>
    </p>
   </div>
   <div class='ocr_carea' id='block_1_119' title="bbox 2191 5663 2694 5744">
    <p class='ocr_par' dir='ltr' id='par_1_119' title="bbox 2191 5663 2694 5744">
     <span class='ocr_line' id='line_1_120' title="bbox 2191 5663 2694 5744; baseline -0.002 -19"><span class='ocrx_word' id='word_1_877' title='bbox 2191 5669 2357 5740; x_wconf 80' lang='lat' dir='ltr'>gates,</span> <span class='ocrx_word' id='word_1_878' title='bbox 2387 5663 2694 5744; x_wconf 84' lang='grc' dir='ltr'>διορθώσει.</span> 
     </span>
    </p>
   </div>
  </div>
