4134 6224
322 381 444 444 ’753

1551 345 1784 445 mena
1827 380 1929 446 DE
1973 381 2509 447 vmomrrsrs.

3612 387 3733 450 754

320 510 578 590 νυμφίον.
641 511 706 567 Εἰ
759 511 860 588 γὰρ
891 515 1119 588 Χριστὸς
1179 519 1316 594 φῶς,
1368 514 1459 570 καὶ
1519 513 1822 590 ἀνάστασις,
1880 536 1947 570 κα

2083 517 2277 590 ruptio
2321 521 2380 573 et
2426 515 2545 574 vita
2573 519 2631 572 et
2659 518 2868 573 caetera
2923 515 3094 574 nobis
3142 533 3177 574 ι
3223 516 3390 574 Patre
3439 517 3734 576 venientia

320 601 612 680 ἀφθαρσία,
645 603 734 657 καὶ
768 603 906 672 ζωὴ,
962 605 1049 660 καὶ
1107 605 1173 660 τὰ
1231 603 1400 660 λοιπᾶ
1459 603 1517 660 ἐκ
1573 607 1782 683 ΙῙατρὸς
1837 607 1972 680 ἡμῖν

322 691 518 767 ἀγαθὰ,
596 693 630 762 ἡ
686 697 926 766 Χριστοῦ
990 695 1182 762 ἑαυτὴν
1243 694 1581 768 ἀπολύσασα,
1633 694 1685 750 τί
1737 693 1877 751 ἄλλο
1935 696 1970 766 ἢ

324 781 434 835 ἀπὸ
485 781 662 858 φωτὸς
718 781 794 846 εἷς
850 782 1059 852 σκότος,
1119 783 1209 839 καὶ
1253 783 1358 839 ἀπὸ
1387 788 1528 854 ζωῆς
1591 785 1665 848 είς
1725 785 1970 854 θάνατον,

321 869 413 924 καὶ
449 869 554 931 ἀπὸ
587 871 880 947 ἀφθαρσίας
925 871 1000 935 εἷς
1049 875 1272 951 φθορὰν,
1359 874 1464 929 ἀπό
1520 895 1577 930 τε
1635 874 1971 937 ἀναστάσεως

323 958 404 1022 εἷς
491 960 554 1015 τὸ
629 964 726 1015 τοῦ
782 958 912 1032 ᾅδου
969 962 1058 1016 καὶ
1118 965 1346 1026 θανάτου
1433 963 1681 1040 μέγιστον
1770 969 1971 1038 πτῶμα

323 1048 520 1118 ἑαυτὴν
583 1051 618 1119 ἡ
678 1048 836 1106 ἀθλία
889 1049 1200 1123 ἀπᾶλυσεν;
1259 1055 1328 1110 Ἀ
1379 1053 1781 1129 ἆπισκεψαμὲνη
1840 1055 1972 1109 πάν-

316 1160 430 1201 τως
484 1137 696 1208 ἡλίκων
748 1144 928 1195 κακῶν
974 1139 1083 1197 ἐστι
1147 1142 1328 1217 βυθὸς,
1387 1142 1556 1222 φρίξει
1620 1144 1714 1217 μὲν
1772 1143 1972 1220 συγχύ-

321 1249 460 1290 σεως
539 1229 629 1284 καὶ
711 1231 1008 1308 κατηφείας
1084 1232 1322 1307 γέμοντα
1398 1239 1500 1302 τῆς
1556 1233 1818 1310 ἁμαρτίας
1874 1233 1965 1288 τὸν

320 1317 511 1396 ζόφον,
558 1319 620 1372 τὸ
674 1315 730 1374 δὶ
785 1317 957 1395 γλυκὺ
987 1324 1084 1376 τοῦ
1142 1322 1343 1399 φωτὸς,
1375 1320 1425 1376 ἐν
1485 1323 1530 1394 ᾦ
1578 1323 1644 1392 ἦν
1677 1322 1962 1398 πρότερον,

318 1406 492 1462 πλέον
549 1409 818 1478 ποθήσει.
881 1409 978 1463 Καὶ
1033 1411 1096 1465 τὸ
1147 1411 1239 1484 μὲν
1300 1405 1529 1488 φοϐερὸν
1583 1416 1678 1466 τοῦ
1736 1412 1966 1467 Θανάτου

317 1495 409 1550 καὶ
473 1493 714 1572 εἷδεχθὶς
766 1499 864 1566 τῆς
939 1505 1142 1574 φθορᾶς
1215 1498 1528 1568 κατιδοῦσα,
1603 1499 1962 1578 σφοδρότερον

318 1583 406 1639 ἐπὶ
466 1585 567 1652 τὴν
624 1586 767 1654 ζωὴν
826 1585 914 1642 καὶ
943 1588 1044 1656 τήν
1102 1588 1387 1651 ἀθανασίαν
1447 1588 1507 1644 ἐκ
1560 1589 1766 1644 τούτων
1825 1592 1963 1644 ἀπο-

315 1669 576 1744 πηδήσει·
611 1673 687 1738 εἰς
744 1672 802 1730 δὲ
855 1676 918 1730 τὸ
973 1679 1069 1731 τοῦ
1124 1674 1256 1747 ᾅδου
1313 1677 1704 1753 χαλεπώτατον
1764 1683 1966 1752 πτῶμα

317 1761 615 1838 ἆγκύψασα,
695 1770 795 1834 τῆς
883 1765 1028 1840 παρά
1102 1765 1299 1840 Κυρίου
1382 1764 1767 1843 δεδωρημένης
1852 1771 1962 1843 (65)

313 1853 455 1927 αὐτῇ
535 1852 871 1916 ἀναστάσεως
956 1854 1282 1930 θερμότερον
1365 1857 1582 1918 πάντως
1655 1854 1962 1927 ἀνθέξεται.

309 1936 390 1997 Οὸ
445 1941 546 2017 γὰρ
606 1938 670 2011 δὴ
727 1941 897 2004 οὕτως
951 1942 1061 1997 ἐστὶ
1126 1945 1318 2016 μανίας
1374 1944 1680 2013 ὑπόπλεως,
1714 1945 1787 2007 ὡς
1826 1943 1965 2019 μηδὲ

306 2033 388 2101 τῷ
413 2031 602 2105 χρόνῳ
652 2035 748 2086 τοῦ
804 2030 1007 2094 πάθους
1062 2032 1444 2109 λωφήσαντος,
1493 2038 1591 2089 τοῦ
1637 2038 1836 2105 θνητοῦ
1868 2035 1959 2090 τὸν

305 2117 565 2182 ἀθάνατον
616 2127 954 2195 προτιμῆσαι
1002 2120 1278 2199 νυμφίον.
1337 2121 1404 2180 Τί
1465 2121 1554 2177 οὖν
1612 2130 1710 2194 τῆς
1765 2123 1959 2188 ἀθλίας

305 2207 562 2284 ἁρπάξαις
589 2208 681 2264 τὸν
715 2205 976 2278 ὅλισθον;
1035 2211 1086 2265 τί
1119 2218 1218 2280 τῆς
1261 2211 1591 2286 ἐπισκέψεως
1637 2217 1735 2268 τοῦ
1784 2215 1958 2288 ἁμαρ-

302 2298 552 2370 τήματος
607 2298 697 2352 τὸν
758 2300 948 2374 καιρὸν
1005 2299 1422 2374 προαρπάζεις;
1481 2301 1533 2356 τί
1587 2309 1686 2372 τῆς
1749 2301 1959 2376 βουλῆς

299 2387 395 2441 τὸν
426 2387 626 2462 χρόνον
660 2385 919 2449 ὶκκλείεις
959 2392 1094 2462 (66),
1119 2385 1212 2443 ’ίνα
1248 2390 1348 2459 τήν
1398 2392 1472 2463 μή
1533 2389 1953 2464 ἀπολελυμένην

1997 1908 2044 1973 Β

2086 607 2282 664 bona:
2325 624 2452 680 quae
2498 624 2532 664 a
2573 607 2806 665 Christo
2855 608 3007 666 650
3057 607 3436 680 semetipsam
3485 607 3730 679 dimisit,

2085 697 2186 770 qui
2232 697 2388 754 aliud
2442 698 2558 754 nisi
2606 715 2642 755 a
2696 697 2824 755 luce
2887 698 2958 754 ad
3015 695 3602 764 tenebras,etavita
3657 697 3730 752 ad

2085 792 2354 855 mortem,
2387 791 2445 843 et
2475 788 2548 844 ab
2587 788 3022 860 incorruptione
3065 788 3134 843 ad
3185 785 3641 858 corruptionem,
3674 788 3733 842 et

2085 894 2118 933 θ.
2143 877 2566 935 resurrectione
2615 880 2684 935 ad
2730 878 2941 934 inferni
2973 883 3030 933 et
3059 877 3266 933 mortis
3312 876 3725 948 gravissimum

2084 966 2314 1041 lapsum
2338 968 2712 1040 semetipsam
2740 968 2954 1025 misera
2975 967 3241 1023 dimisit?
3261 971 3388 1022 Haec
3419 966 3468 1021 si
3491 981 3734 1038 prorsus

2086 1057 2414 1114 consideret
2453 1061 2808 1130 quantorum
2859 1057 2979 1112 sint
3025 1055 3368 1111 barathrum
3419 1053 3731 1126 malorum,

2085 1146 2345 1202 horrebit
2399 1145 2762 1202 confusionis
2811 1162 2877 1201 ac
2927 1144 3192 1201 maeroris
3251 1143 3454 1216 plenas
3512 1141 3734 1216 peccati

2084 1235 2377 1307 tenebras,
2409 1252 2476 1290 ac
2516 1235 2662 1290 lucis
2701 1234 3070 1302 suavitatem,
3107 1235 3164 1288 in
3197 1250 3312 1305 qua
3341 1232 3504 1306 prius
3533 1249 3735 1289 versa-

2082 1326 2277 1392 batur,
2329 1325 2520 1398 magis
2572 1324 2885 1396 exoptabit.
2930 1323 3132 1380 Mortis
3181 1326 3376 1379 autem
3430 1321 3730 1379 horrorem

2082 1432 2148 1470 ac
2187 1413 2579 1486 corruptionis
2629 1412 3055 1470 deformitatem
3105 1411 3484 1484 perspiciens,
3519 1427 3587 1467 ex
3637 1409 3730 1466 his

2082 1503 2275 1559 acrius
2315 1503 2386 1559 ad
2416 1503 2596 1558 vitam
2641 1506 2699 1558 et
2747 1501 3232 1558 resurrectionem
3281 1499 3523 1567 resiliat,
3555 1517 3620 1556 ac
3665 1500 3728 1555 in

2078 1591 2292 1648 inferni
2339 1591 2720 1664 gravissimas
2750 1589 2951 1646 ruinas
2982 1588 3182 1645 oculos
3229 1589 3519 1660 injiciens,
3551 1589 3724 1644 vehe-

2079 1681 2336 1736 mentius
2367 1695 2703 1736 concessam
2749 1679 2863 1734 sibi
2895 1696 2929 1734 a
2960 1677 3207 1733 Domino
3238 1677 3723 1732 resurrectionem

2077 1769 2514 1841 complectetur.
2535 1769 2660 1824 Non
2687 1767 2846 1824 enim
2878 1767 3022 1822 adeo
3055 1766 3296 1822 insaniae
3327 1765 3499 1838 plena
3528 1769 3636 1833 est,
3665 1768 3728 1820 ut

2077 1875 2148 1914 ne
2179 1863 2306 1914 tum
2338 1859 2576 1930 quidem
2609 1874 2744 1914 cum
2784 1862 3046 1929 tempore
3076 1856 3312 1912 sedatus
3343 1855 3519 1910 fuerit
3565 1869 3729 1910 mor-

2075 1949 2207 2015 bus,
2241 1947 2474 2004 mortali
2504 1944 3008 2002 immortalitatem
3055 1945 3343 2016 praeferat.
3367 1943 3516 2010 Quid
3551 1943 3730 2016 igitur

2072 2038 2298 2093 misera:
2348 2036 2581 2108 lapsum
2615 2035 2934 2108 properas?
2973 2051 3079 2090 cur
3107 2033 3330 2107 peccati
3373 2031 3727 2105 inspiciendi

2071 2129 2302 2197 tempus
2334 2125 2640 2198 praeripis?
2671 2141 2775 2180 cur
2819 2122 3046 2179 consilii
3078 2127 3313 2195 tempus
3343 2121 3626 2189 excludis,
3662 2123 3726 2177 ut

2069 2231 2219 2281 eam,
2243 2232 2371 2288 quae
2406 2231 2440 2269 a
2469 2213 2716 2270 Domino
2748 2213 2996 2269 dimissa
3033 2229 3148 2269 non
3198 2215 3306 2283 est,
3339 2227 3576 2267 uxorem
3610 2210 3723 2266 du-

2068 2320 2227 2372 cens,
2251 2304 2629 2377 temetipsum
2662 2320 2776 2359 non
2805 2303 2992 2357 virum
3015 2301 3118 2357 sed
3151 2299 3484 2356 adulterum
3516 2300 3577 2354 in
3612 2299 3720 2354 Do-

2067 2392 2437 2449 mini‘cubile
2466 2392 2644 2464 impie
2675 2390 3012 2446 ascendisse
3045 2388 3306 2460 arguas?

301 2478 449 2550 παρᾶ
501 2481 598 2531 τοῦ
657 2476 852 2553 Κυρίου
908 2479 1177 2552 γαμήσας,
1237 2479 1426 2534 σαυτὸν
1493 2481 1568 2554 μὴ
1602 2478 1765 2558 ἄνδρα
1796 2479 1941 2536 ἁλλά
1995 2481 2192 2557 μοιχὸν
2255 2481 2455 2556 μοιχὸν
2487 2478 2644 2554 κοίτῃ
2701 2477 2980 2533 Λεσπότου
3027 2470 3236 2539 ἅσεόῶς
3287 2469 3547 2532 ἰπιϐάντα
3576 2474 3713 2530 ἄπο·

305 2563 482 2637 δείξης
507 2585 520 2635 ;

373 2658 462 2712 43.
497 2655 796 2734 Ἀνέπαφος
835 2654 926 2712 οὗν
967 2651 1104 2712 ἔστω
1157 2659 1334 2727 πάσης
1366 2659 1578 2734 χειρὸς,
1611 2658 1946 2736 ἔξοχώτατόν

304 2765 355 2799 τι
415 2743 661 2818 ἀνάθημα
718 2749 850 2800 Θεοῦ
909 2744 1059 2812 οὖσα,
1118 2749 1154 2816 ἡ
1213 2747 1498 2823 παρθένος.
1555 2749 1860 2824 Ἀχραντον
1892 2746 1948 2803 δὲ

303 2831 468 2899 αύτήν
499 2833 586 2886 καὶ
630 2833 843 2905 σώματι
888 2836 977 2889 καὶ
1029 2834 1204 2908 ἐννοίᾳ
1246 2833 1610 2910 φυλάττουσα,
1665 2835 1946 2915 ἀσφαλῶς,

301 2921 467 2999 φημὶ,
513 2921 603 2977 καὶ
651 2926 770 2984 τοῖς
813 2921 863 2978 ἂν
917 2929 1131 2996 Χριστῷ
1173 2921 1430 3000 ἀδελφοῖς
1461 2923 1745 2998 ὁμιλείτω.
1809 2925 1948 3001 [Ιρὸς

297 3013 462 3065 τοῦτο
517 3011 615 3086 γὰρ
649 3009 814 3080 αὐτὴν
865 3007 1102 3087 ἀκριϐῶν
1161 3013 1250 3068 καὶ
1300 3014 1328 3068 ὁ
1382 3016 1604 3090 γνήσιος
1654 3019 1756 3070 τοῦ
1814 3018 1948 3070 Θεοῦ

304 3097 550 3173 Θεράπων
611 3099 781 3175 φησί·
844 3098 1126 3175 Βούλομαι
1186 3100 1244 3157 δὲ
1298 3104 1502 3165 πάντας
1564 3104 1702 3175 ὑμᾶς
1755 3103 1945 3182 φρονί-

301 3207 436 3260 μους
507 3188 600 3260 μὶν
663 3189 792 3242 εἶναι
851 3189 926 3252 εἷς
980 3191 1042 3245 τὸ
1103 3191 1301 3266 ἀγαθὸν
1335 3235 1348 3260 ,
1415 3192 1696 3269 ἀκεραίους
1753 3191 1810 3248 δὲ
1869 3193 1946 3256 εἷς

2130 2661 2216 2716 43.
2253 2661 2479 2717 Intacta
2507 2661 2586 2716 sit
2616 2659 2798 2733 igitur
2826 2657 2986 2715 omni
3019 2659 3241 2729 manui,
3275 2673 3402 2730 qum
3429 2660 3711 2729 praestan-

2058 2751 2357 2806 tissimum
2392 2750 2687 2822 quoddam
2718 2749 2820 2806 Dei
2855 2747 3165 2805 donarium
3196 2752 3305 2813 est,
3337 2747 3519 2819 virgo.
3553 2750 3710 2801 Inta-

2058 2839 2343 2895 minatam
2377 2844 2572 2896 autem
2599 2838 2978 2909 semetipsam
3025 2841 3082 2894 et
3128 2853 3370 2910 corpore
3400 2839 3458 2891 et
3488 2833 3710 2908 cogita-

2058 2929 2216 2984 tioue
2246 2928 2609 2994 custodiens,
2643 2930 2811 2982 caute
2841 2926 3014 2981 etiam
3055 2941 3190 2982 cum
3229 2924 3356 2981 suis
3388 2924 3446 2979 in
3480 2922 3710 2979 Christo

2060 3017 2340 3073 fratribus
2388 3016 2782 3088 colloquatur.
2815 3015 2878 3070 In
2909 3015 3018 3070 hoc
3047 3013 3206 3070 enim
3258 3013 3418 3070 illius
3463 3011 3708 3085 diligen-

2057 3105 2200 3161 tiam
2233 3122 2521 3162 exacuens
2549 3121 2723 3161 verus
2769 3102 2870 3160 Dei
2902 3102 3157 3159 famulus
3188 3102 3268 3158 ait
3300 3117 3313 3158 :
3351 3101 3474 3158 Volo
3525 3105 3712 3157 autem

2055 3211 2238 3251 omnes
2269 3211 2360 3251 vos
2387 3194 2688 3268 prudentes
2732 3193 2952 3266 quidem
2999 3208 3112 3248 esse
3143 3194 3203 3248 in
3244 3191 3400 3261 bono,
3431 3192 3708 3262 simplices

294 3276 355 3371 τό
411 3277 576 3371 κακόν
625 3277 1016 3371 ’Ἦρμοσάμην
1077 3280 1180 3356 γὰρ
1240 3281 1380 3354 ὑμᾶς
1431 3281 1507 3336 ἑνὶ
1565 3279 1738 3358 ἀνδρὶ,
1796 3303 1939 3356 παρ-

2062 3300 2179 3341 vero
2211 3286 2267 3340 in
2297 3301 2388 3340 ma
2399 3283 2456 3341 lo
2474 3285 2541 3338 ²¹.
2564 3282 2834 3355 Despondi
2852 3283 3001 3338 enim
3029 3297 3118 3337 vos
3147 3282 3253 3337 uni
3269 3281 3407 3351 viro,
3435 3281 3707 3351 virginem

296 3366 446 3430 θὲνον
519 3366 680 3443 ἀγνήν
752 3374 1091 3443 παραστῆσαι
1167 3374 1246 3442 τῷ
1325 3375 1560 3446 Χριστῷ·
1659 3367 1936 3450 φοϐοῦμαι

294 3451 350 3510 δὶ
385 3456 605 3527 μήπως,
646 3455 720 3517 ὡς
779 3457 807 3511 ὁ
865 3452 986 3535 ὄφις
1041 3454 1182 3514 Εὕαν
1215 3457 1542 3532 ἐξηπάτησεν
1585 3459 1636 3514 ἐν
1694 3461 1764 3537 τῇ
1813 3483 1940 3517 παν-

292 3542 489 3620 ουργίᾳ
567 3541 750 3611 αὐτοῦ,
814 3543 955 3599 οὕτω
1040 3551 1220 3621 φθαρῇ
1302 3549 1369 3602 τὰ
1447 3552 1702 3623 νοήματα
1785 3552 1934 3624 ὑμῶν

291 3631 400 3686 ἀπὸ
473 3638 576 3701 τῆς
657 3631 968 3704 ἁπλότητος
1040 3639 1138 3701 τῆς
1199 3636 1272 3698 εἰς
1337 3638 1426 3691 τὸν
1480 3639 1732 3713 Χριστόν
1780 3641 1940 3695 Ὥστε

291 3722 400 3796 πρὸ
443 3719 694 3776 ἀπάντων
730 3718 812 3777 δεῖ
857 3723 924 3778 τὰ
964 3725 1212 3798 νοήματα
1258 3732 1357 3796 τῆς
1414 3727 1680 3802 παρθένου
1730 3727 1938 3806 ἅφθορα

292 3808 364 3864 δι’
394 3809 531 3866 ὅλου
560 3808 864 3888 φυλάττειν.
916 3816 1028 3883 Τῆς
1075 3816 1262 3889 ψυχῆς
1311 3815 1410 3891 γὰρ
1458 3815 1693 3892 ἀφθόρου
1747 3817 1938 3891 μενού-

290 3919 414 3969 σης,
449 3897 683 3974 ἄφθορον
733 3901 820 3956 καὶ
851 3901 914 3956 τὸ
946 3906 1106 3976 σῶμα
1151 3902 1494 3982 φυλάττεται.
1527 3909 1638 3976 Τῆς
1669 3903 1725 3961 δὲ
1755 3906 1937 3983 ψυχῆς

292 3993 412 4050 ταῖς
487 3990 801 4065 μοχθηραῖς
866 3989 1090 4054 ἐννοίαις
1169 3992 1487 4068 φθαρείσης,
1543 3993 1640 4049 κᾶν
1702 3997 1936 4071 ἄφθορον

295 4078 430 4152 ὁόζῃ
469 4076 641 4151 μένειν
672 4079 734 4134 τὸ
767 4079 1076 4153 σῶμα,ἀλλ’
1099 4083 1162 4136 οὐ
1192 4083 1400 4158 καθαρὰ
1421 4086 1455 4153 ἠ
1489 4084 1719 4162 ἀφθορία
1746 4087 1940 4142 τούτου

295 4167 601 4241 εὑρίσκεται
645 4173 760 4230 τοῖς
808 4173 915 4223 τῶν
962 4169 1252 4242 νοημάτων
1305 4170 1616 4246 μολύσμασι
1652 4175 1940 4252 φθειρομέ-

291 4257 656 4332 νου,’Δγαπᾷν
691 4258 780 4312 ούν
815 4254 918 4328 δεῖ,
949 4257 1095 4314 ἀλλὰ
1123 4260 1256 4333 μετὰ
1283 4259 1454 4336 λόγου
1474 4263 1562 4316 καὶ
1585 4263 1814 4338 κρίσεως
1838 4261 1940 4338 ἔμ-

296 4364 496 4421 φρονος
544 4347 608 4400 τὸ
663 4346 827 4401 ποσὸν
884 4354 984 4418 τῆς
1043 4347 1254 4424 ἀγάπης
1314 4355 1642 4424 μετροῦντας
1692 4356 1824 4426 (67).
1875 4355 1941 4411 Ἡ

294 4432 476 4508 ἀγάπη
563 4433 666 4510 γὰρ
744 4435 845 4491 ούκ
927 4436 1252 4514 ἀσχημονεῖ’
1337 4439 1448 4512 καὶ,
1526 4440 1761 4498 Λὲλυσαι
1835 4443 1940 4500 ἀπὸ

294 4521 610 4596 γυναικός;
674 4524 748 4596 μὴ
811 4525 960 4595 ζήτει
1015 4532 1282 4602 γυναῖκα.
1366 4529 1606 4585 ’Δτοπον
1667 4527 1723 4586 δὶ
1775 4553 1940 4588 σπου-

295 4604 528 4676 δάζοντα
559 4607 839 4678 λελύσθαι,
889 4615 971 4684 τῷ
1009 4612 1232 4687 ὀνόματι
1279 4623 1378 4685 τῆς
1409 4617 1624 4692 ἀγάπης
1677 4624 1798 4681 τοῖς
1857 4618 1942 4676 δε-

292 4701 454 4786 σμοῖς
510 4701 630 4786 τῶν,
679 4695 889 4786 ἡδονῶν
950 4697 1037 4755 διὰ
1093 4709 1196 4772 τῆς
1253 4705 1536 4774 συνηθείας
1567 4707 1753 4762 δαυτὸν
1788 4730 1938 4786 περι.

292 4779 544 4853 ϐάλλειν,
580 4785 758 4841 ούκὲτι
791 4784 1007 4860 λοιπὸν,
1042 4786 1164 4846 οὔτε
1193 4792 1401 4866 σώματι
1437 4791 1558 4850 οὔτε
1587 4799 1740 4872 ψυχῆ
1771 4779 1939 4854 λελύ-

291 4875 411 4928 σθαι
456 4874 592 4929 κατᾶ
636 4875 734 4945 τήν
793 4875 1114 4954 ἅπαγγελίαν
1165 4877 1483 4955 δυνάμενον.
1543 4882 1682 4942 Οὔτε
1739 4887 1842 4962 γὰρ
1900 4895 1934 4957 ἠ

289 4964 441 5040 ψυχὴ
515 4961 738 5020 λέλυται
819 4972 916 5023 τοῦ
970 4967 1222 5025 τοιούτου
1305 4973 1428 5046 περὶ
1515 4974 1583 5028 τὰ
1636 4961 1781 5046 πάθη
1816 4961 1938 5047 γτῆς

290 5049 549 5122 ζωώδους
608 5055 719 5126 (68)
777 5057 1062 5128 συνηθείας
1090 5056 1499 5136 ἀσχολουμένηο
1534 5059 1656 5119 οὔτε
1683 5065 1744 5120 τὸ
1777 5069 1936 5140 σῶμα

2046 3378 2262 3430 castam
2291 3375 2554 3430 exhibere
2583 3372 2797 3428 Christo
2828 3390 2844 3426 :
2875 3373 3038 3428 timeo
3083 3373 3269 3426 autem
3296 3386 3366 3426 ne
3391 3372 3536 3440 forte
3562 3370 3702 3425 sicut

2044 3479 2261 3536 serpens
2293 3464 2460 3519 Evam
2489 3462 2709 3518 seduxit
2737 3462 2796 3516 in
2825 3460 3034 3516 astutia
3060 3477 3182 3528 sua,
3215 3460 3302 3515 ita
3338 3473 3701 3530 corrumpan-

2046 3560 2140 3608 tur
2189 3554 2580 3622 intelligentiae
2625 3537 2816 3607 vestras
2864 3565 2902 3605 a
2946 3549 3302 3620 simplicitate
3348 3563 3468 3620 qua:
3513 3552 3592 3602 est
3637 3549 3698 3601 in

2050 3642 2266 3699 Christo
2287 3643 2356 3695 ’³.
2390 3644 2578 3708 Quare
2624 3643 2760 3696 ante
2805 3638 3004 3694 omnia
3050 3638 3264 3694 debent
3312 3636 3696 3708 cogitationes

2045 3731 2290 3803 virginis
2309 3730 2658 3802 incorrupta
2676 3727 2914 3785 omnino
2933 3742 3293 3799 permanere.
3311 3726 3523 3782 Anima
3539 3726 3696 3782 enim

2048 3819 2388 3891 incorrupta
2410 3822 2704 3887 manente,
2724 3818 3130 3887 incorruptum
3153 3815 3326 3871 etiam
3350 3831 3560 3886 corpus
3581 3831 3696 3870 ser-

2047 3912 2236 3965 vatur.
2251 3909 2538 3980 Corrupta
2559 3911 2754 3961 autem
2783 3905 2976 3977 pravis
2998 3903 3454 3976 cogitationibus
3479 3903 3694 3970 anima,

2047 3996 2280 4054 etiamsi
2312 3996 2719 4068 incorruptum
2749 3993 3016 4048 videatur
3057 4007 3292 4048 manere
3321 4007 3553 4063 corpus,
3579 4007 3696 4046 non

2049 4091 2246 4142 tamen
2273 4101 2414 4157 pura
2435 4087 2524 4140 est
2542 4082 2702 4138 illius
2724 4083 2958 4138 incorru
2965 4079 3107 4152 ptio,
3122 4095 3255 4134 cum
3277 4078 3695 4152 cogitationum

2048 4175 2324 4232 sordibus
2344 4169 3156 4246 corrumpatur.Diligendum
3173 4183 3312 4240 ergo
3329 4169 3542 4237 est,sed
3561 4185 3696 4224 cum

2047 4263 2271 4321 ratione
2301 4268 2358 4320 et
2379 4262 2604 4335 judicio
2636 4261 2954 4334 prudenter
2985 4257 3196 4314 modus
3221 4255 3525 4312 charitatis
3547 4261 3696 4312 tem-

2047 4354 2346 4425 perandus
2376 4355 2484 4409 est.
2507 4351 2652 4407 Nam
2679 4349 2925 4405 charitas
2953 4363 3065 4404 non
3094 4345 3342 4402 indecore
3369 4361 3426 4402 se
3453 4347 3596 4416 gerit
3613 4347 3694 4415 '3;

2049 4446 2143 4499 et:
2169 4443 2386 4500 Solutus
2409 4459 2465 4499 es
2494 4441 2568 4498 ab
2588 4442 2797 4497 uxore?
2823 4439 2949 4496 Noli
2967 4452 3216 4512 quaerere
3243 4451 3473 4493 uxorem
3489 4435 3556 4490 ³⁸.
3582 4435 3696 4492 Ab-

2049 4533 2298 4588 surdum
2321 4531 2478 4588 enim
2500 4534 2682 4600 est,ut
2698 4528 2797 4602 qui
2817 4527 3046 4586 solutus
3067 4542 3196 4583 esse
3212 4525 3547 4596 studet,sub
3568 4523 3698 4581 cha-

2051 4620 2240 4678 ritatis
2272 4622 2510 4677 nomine
2538 4619 2598 4676 in
2629 4618 2999 4691 voluptatum
3036 4615 3270 4672 vincula
3309 4615 3695 4688 semetipsum

2050 4726 2153 4782 per
2190 4709 2680 4768 consuetudinem
2718 4711 2776 4764 et
2815 4705 3271 4762 familiaritatem
3305 4703 3598 4776 conjiciat,
3632 4719 3697 4760 ac

2042 4804 2168 4875 jam
2186 4815 2291 4856 nec
2314 4814 2552 4870 corpore
2576 4812 2680 4852 nec
2701 4795 2898 4852 animo
2921 4793 3245 4851 secundum
3272 4793 3694 4868 professionem

2049 4889 2278 4948 solutus
2307 4904 2438 4946 esse
2468 4885 2673 4960 possit.
2706 4888 2853 4940 Nam
2875 4899 2980 4940 nec
3003 4883 3200 4938 anima
3220 4883 3412 4939 soluta
3429 4888 3518 4940 est
3539 4883 3697 4955 ejus-

2048 4979 2208 5036 modi
2236 4976 2494 5035 hominis
2526 4975 2679 5032 circa
2721 4972 3057 5030 atl'ectiones
3094 4971 3346 5028 carnalis
3377 4976 3696 5028 consuetu-

2049 5070 2206 5126 dinis
2234 5071 2536 5142 occupata,
2569 5081 2675 5122 nec
2716 5080 2931 5137 corpus
2959 5061 3114 5134 quod
3144 5061 3376 5119 vincula
3414 5063 3697 5134 conjuge-

356 5168 400 5204 "
434 5169 602 5226 Rom.
634 5187 749 5241 xvr,
783 5173 870 5229 19.
949 5175 994 5210 ²²
1024 5175 1074 5231 ΙΙ
1104 5178 1229 5233 Cor.
1262 5193 1341 5250 xx,
1372 5180 1426 5246 2,
1460 5178 1514 5235 3.
1592 5180 1638 5216 ³⁸
1670 5181 1692 5236 I
1723 5183 1852 5240 Cor.
1884 5201 1950 5241 xr:

2062 5187 2095 5240 5.
2173 5186 2220 5220 ²⁸
2252 5186 2274 5241 l
2303 5188 2428 5240 Cor.
2462 5200 2564 5254 vn,
2593 5183 2684 5236 27.

359 5286 472 5358 (65)
532 5283 952 5363 Δεδωρημάνης.
1005 5292 1197 5351 Codex
1261 5294 1651 5371 Colbertinus,
1719 5295 1940 5374 διδομέ-

499 5426 817 5520 Έκκλϋιιςο
850 5432 1245 5520 ροόοι,
1275 5435 1511 5501 ἐκλύεις.

377 5503 1376 5598 (ipsi-efﬁcbﬁec‘sEditimendose,
1411 5515 1758 5598 μετροῦντος,
1784 5517 1939 5588 quod

292 5573 733 5705 amgirgdpligmus
787 5594 896 5652 ope
943 5581 1162 5638 codicis
1211 5573 1530 5642 Colbertini
1577 5591 1635 5643 et
1687 5573 1938 5646 diuorum

385 5715 479 5788 '68)
517 5715 807 5786 Ζωώδοος.
855 5723 965 5782 Hic
1017 5724 1336 5786 editionem
1391 5725 1802 5806 Parisiensem,
1845 5731 1942 5791 cui

2049 5303 2164 5359 duo
2196 5305 2426 5358 tantum
2457 5299 2685 5356 codices
2717 5298 3071 5374 congruunt,
3096 5309 3306 5374 nempe
3327 5291 3694 5374 Colbertinus

2041 5379 2108 5430 "et
2139 5391 2292 5431 unus
2330 5374 2662 5446 Cambelis.,
2694 5365 3693 5446 praeferendam.tamennducimus,

2051 5447 2134 5502 ita
2190 5446 2492 5503 sententiae
2549 5436 2713 5501 serie'
2735 5444 3000 5514 cogente,
3057 5436 3308 5514 editioni
3353 5438 3582 5514 Veneta
3639 5440 3696 5492 et

2048 5523 2298 5590 quatuor
2329 5535 2498 5586 mss.,
2529 5517 2587 5572 in
2618 5503 2838 5590 quibus
2860 5503 3109 5590 legitur,
3129 5503 3427 5590 ζοφῶδους,
3449 5510 3616 5590 tetra
3644 5517 3696 5565 et

2049 5581 2286 5646 obscure
2334 5581 2762 5657 consuetudinis,
2807 5589 2878 5657 ut
2925 5581 3118 5657 reddit
3161 5581 3328 5634 vetus
3379 5581 3692 5651 interpres,

2050 5661 2152 5734 qui
2183 5661 2427 5735 proinde
2456 5678 2573 5719 non
2602 5655 2775 5718 aliter
2803 5655 3052 5728 legebat.
