  <div class='ocr_page' id='page_1' title='image "/cluster/home/n/w/nwhite01/storage/ocr_20150623/30/hvd.32044073501827/385.png"; bbox 0 0 4134 6224; ppageno 0'>
   <div class='ocr_carea' id='block_1_1' title="bbox 420 318 539 378">
    <p class='ocr_par' dir='ltr' id='par_1_1' title="bbox 420 318 539 378">
     <span class='ocr_line' id='line_1_1' title="bbox 420 318 539 378; baseline -0.008 0"><span class='ocrx_word' id='word_1_1' title='bbox 420 318 539 378; x_wconf 77' lang='grc'><strong>755</strong></span> 
     </span>
    </p>
   </div>
   <div class='ocr_carea' id='block_1_2' title="bbox 1367 308 2900 376">
    <p class='ocr_par' dir='ltr' id='par_1_2' title="bbox 1367 308 2900 376">
     <span class='ocr_line' id='line_1_2' title="bbox 1367 308 2900 376; baseline -0.001 -1"><span class='ocrx_word' id='word_1_2' title='bbox 1367 312 1763 376; x_wconf 80' lang='grc' dir='ltr'><strong>ΛΡΡΕΝΒΙΧ</strong></span> <span class='ocrx_word' id='word_1_3' title='bbox 1806 309 2130 374; x_wconf 78' lang='lat' dir='ltr'><strong>OPERUM</strong></span> <span class='ocrx_word' id='word_1_4' title='bbox 2177 308 2244 370; x_wconf 89' lang='lat' dir='ltr'><strong>S.</strong></span> <span class='ocrx_word' id='word_1_5' title='bbox 2289 310 2577 373; x_wconf 81' lang='lat' dir='ltr'><strong>BASILII</strong></span> <span class='ocrx_word' id='word_1_6' title='bbox 2625 311 2900 374; x_wconf 81' lang='lat' dir='ltr'><strong>MAGNI.</strong></span> 
     </span>
    </p>
   </div>
   <div class='ocr_carea' id='block_1_3' title="bbox 3729 312 3845 373">
    <p class='ocr_par' dir='ltr' id='par_1_3' title="bbox 3729 312 3845 373">
     <span class='ocr_line' id='line_1_3' title="bbox 3729 312 3845 373; baseline 0.009 -1"><span class='ocrx_word' id='word_1_7' title='bbox 3729 312 3845 373; x_wconf 77' lang='lat'><strong>756</strong></span> 
     </span>
    </p>
   </div>
   <div class='ocr_carea' id='block_1_4' title="bbox 415 439 2090 520">
    <p class='ocr_par' dir='ltr' id='par_1_4' title="bbox 415 446 2074 520">
     <span class='ocr_line' id='line_1_4' title="bbox 415 446 2074 520; baseline -0.002 -16"><span class='ocrx_word' id='word_1_8' title='bbox 415 448 564 505; x_wconf 90' lang='lat' dir='ltr'><strong>lium</strong></span> <span class='ocrx_word' id='word_1_9' title='bbox 596 463 873 504; x_wconf 87' lang='lat' dir='ltr'><strong>curarum</strong></span> <span class='ocrx_word' id='word_1_10' title='bbox 919 448 1200 520; x_wconf 80' lang='lat' dir='ltr'><strong>suscepit.</strong></span> <span class='ocrx_word' id='word_1_11' title='bbox 1234 448 1358 504; x_wconf 83' lang='lat' dir='ltr'><strong>Etsi</strong></span> <span class='ocrx_word' id='word_1_12' title='bbox 1385 447 1543 505; x_wconf 90' lang='lat' dir='ltr'><strong>enim</strong></span> <span class='ocrx_word' id='word_1_13' title='bbox 1588 446 1928 520; x_wconf 86' lang='lat' dir='ltr'><strong>conjugium</strong></span> <span class='ocrx_word' id='word_1_14' title='bbox 1959 462 2074 502; x_wconf 90' lang='lat' dir='ltr'><strong>non</strong></span> 
     </span>
    </p>
   </div>
   <div class='ocr_carea' id='block_1_5' title="bbox 2200 439 3840 520">
    <p class='ocr_par' dir='ltr' id='par_1_5' title="bbox 2200 439 3840 520">
     <span class='ocr_line' id='line_1_5' title="bbox 2200 439 3840 520; baseline 0 -24"><span class='ocrx_word' id='word_1_15' title='bbox 2200 443 2250 496; x_wconf 69' lang='grc' dir='ltr'>ιὰ</span> <span class='ocrx_word' id='word_1_16' title='bbox 2299 439 2472 517; x_wconf 84' lang='grc' dir='ltr'>δεσμά</span> <span class='ocrx_word' id='word_1_17' title='bbox 2526 447 2631 498; x_wconf 78' lang='grc' dir='ltr'><strong>τῶν</strong></span> <span class='ocrx_word' id='word_1_18' title='bbox 2663 447 2911 519; x_wconf 78' lang='grc' dir='ltr'><strong>γαμικῶν</strong></span> <span class='ocrx_word' id='word_1_19' title='bbox 2961 439 3263 520; x_wconf 77' lang='grc' dir='ltr'>φροντίδων</span> <span class='ocrx_word' id='word_1_20' title='bbox 3295 440 3607 517; x_wconf 80' lang='grc' dir='ltr'>δεξάμενον.</span> <span class='ocrx_word' id='word_1_21' title='bbox 3645 440 3711 498; x_wconf 73' lang='grc' dir='ltr'>Εἴ</span> <span class='ocrx_word' id='word_1_22' title='bbox 3733 444 3840 517; x_wconf 67' lang='grc' dir='ltr'><strong>γάρ</strong></span> 
     </span>
    </p>
   </div>
   <div class='ocr_carea' id='block_1_6' title="bbox 418 535 2075 610">
    <p class='ocr_par' dir='ltr' id='par_1_6' title="bbox 418 535 2075 610">
     <span class='ocr_line' id='line_1_6' title="bbox 418 535 2075 610; baseline -0.004 -15"><span class='ocrx_word' id='word_1_23' title='bbox 418 536 750 610; x_wconf 75' lang='lat' dir='ltr'><strong>appellatur</strong></span> <span class='ocrx_word' id='word_1_24' title='bbox 779 537 902 594; x_wconf 67' lang='lat' dir='ltr'><strong>haec</strong></span> <span class='ocrx_word' id='word_1_25' title='bbox 930 537 1320 606; x_wconf 81' lang='lat' dir='ltr'><strong>consuetudo,</strong></span> <span class='ocrx_word' id='word_1_26' title='bbox 1343 541 1539 594; x_wconf 88' lang='lat' dir='ltr'><strong>tamen</strong></span> <span class='ocrx_word' id='word_1_27' title='bbox 1571 537 1780 593; x_wconf 83' lang='lat' dir='ltr'><strong>insiste</strong></span> <span class='ocrx_word' id='word_1_28' title='bbox 1799 535 1917 591; x_wconf 84' lang='lat' dir='ltr'><strong>illis</strong></span> <span class='ocrx_word' id='word_1_29' title='bbox 1937 551 2075 590; x_wconf 93' lang='lat' dir='ltr'><strong>con-</strong></span> 
     </span>
    </p>
   </div>
   <div class='ocr_carea' id='block_1_7' title="bbox 413 625 2076 699">
    <p class='ocr_par' dir='ltr' id='par_1_7' title="bbox 413 625 2076 699">
     <span class='ocr_line' id='line_1_7' title="bbox 413 625 2076 699; baseline -0.001 -18"><span class='ocrx_word' id='word_1_30' title='bbox 413 626 761 699; x_wconf 88' lang='lat' dir='ltr'><strong>jugatorum</strong></span> <span class='ocrx_word' id='word_1_31' title='bbox 797 625 1128 682; x_wconf 86' lang='lat' dir='ltr'><strong>sollicitudo</strong></span> <span class='ocrx_word' id='word_1_32' title='bbox 1160 645 1355 683; x_wconf 90' lang='lat' dir='ltr'><strong>servos</strong></span> <span class='ocrx_word' id='word_1_33' title='bbox 1383 626 1514 683; x_wconf 92' lang='lat' dir='ltr'><strong>illos</strong></span> <span class='ocrx_word' id='word_1_34' title='bbox 1541 641 1952 698; x_wconf 89' lang='lat' dir='ltr'><strong>corporearum</strong></span> <span class='ocrx_word' id='word_1_35' title='bbox 1984 641 2076 680; x_wconf 86' lang='lat' dir='ltr'><strong>cu-</strong></span> 
     </span>
    </p>
   </div>
   <div class='ocr_carea' id='block_1_8' title="bbox 423 713 2078 790">
    <p class='ocr_par' dir='ltr' id='par_1_8' title="bbox 423 713 2078 790">
     <span class='ocr_line' id='line_1_8' title="bbox 423 713 2078 790; baseline -0.001 -20"><span class='ocrx_word' id='word_1_36' title='bbox 423 733 648 782; x_wconf 88' lang='lat' dir='ltr'><strong>rarum,</strong></span> <span class='ocrx_word' id='word_1_37' title='bbox 683 716 899 787; x_wconf 89' lang='lat' dir='ltr'><strong>quibus</strong></span> <span class='ocrx_word' id='word_1_38' title='bbox 932 717 1282 790; x_wconf 84' lang='lat' dir='ltr'><strong>semetipsos</strong></span> <span class='ocrx_word' id='word_1_39' title='bbox 1313 720 1518 772; x_wconf 89' lang='lat' dir='ltr'><strong>contra</strong></span> <span class='ocrx_word' id='word_1_40' title='bbox 1559 717 1840 771; x_wconf 89' lang='lat' dir='ltr'><strong>rationem</strong></span> <span class='ocrx_word' id='word_1_41' title='bbox 1883 713 2078 786; x_wconf 88' lang='lat' dir='ltr'><strong>illiga-</strong></span> 
     </span>
    </p>
   </div>
   <div class='ocr_carea' id='block_1_9' title="bbox 427 805 2080 875">
    <p class='ocr_par' dir='ltr' id='par_1_9' title="bbox 427 805 2080 875">
     <span class='ocr_line' id='line_1_9' title="bbox 427 805 2080 875; baseline -0.002 -15"><span class='ocrx_word' id='word_1_42' title='bbox 427 809 586 872; x_wconf 89' lang='lat' dir='ltr'><strong>runt,</strong></span> <span class='ocrx_word' id='word_1_43' title='bbox 611 805 761 860; x_wconf 79' lang='lat'><strong>657</strong></span> <span class='ocrx_word' id='word_1_44' title='bbox 800 822 913 860; x_wconf 90' lang='lat' dir='ltr'><strong>non</strong></span> <span class='ocrx_word' id='word_1_45' title='bbox 968 805 1095 861; x_wconf 87' lang='lat' dir='ltr'><strong>sine</strong></span> <span class='ocrx_word' id='word_1_46' title='bbox 1147 807 1323 875; x_wconf 85' lang='lat' dir='ltr'><strong>probo</strong></span> <span class='ocrx_word' id='word_1_47' title='bbox 1372 806 1572 862; x_wconf 80' lang='lat' dir='ltr'><strong>efﬁcit.</strong></span> <span class='ocrx_word' id='word_1_48' title='bbox 1604 806 1938 861; x_wconf 85' lang='lat' dir='ltr'><strong>Absurdum</strong></span> <span class='ocrx_word' id='word_1_49' title='bbox 1991 807 2080 858; x_wconf 87' lang='lat' dir='ltr'><strong>est</strong></span> 
     </span>
    </p>
   </div>
   <div class='ocr_carea' id='block_1_10' title="bbox 426 894 2082 968">
    <p class='ocr_par' dir='ltr' id='par_1_10' title="bbox 426 894 2082 968">
     <span class='ocr_line' id='line_1_10' title="bbox 426 894 2082 968; baseline -0.002 -18"><span class='ocrx_word' id='word_1_50' title='bbox 426 899 644 961; x_wconf 90' lang='lat' dir='ltr'><strong>autem,</strong></span> <span class='ocrx_word' id='word_1_51' title='bbox 681 899 742 949; x_wconf 92' lang='lat' dir='ltr'><strong>ut</strong></span> <span class='ocrx_word' id='word_1_52' title='bbox 773 896 868 966; x_wconf 90' lang='lat' dir='ltr'><strong>qui</strong></span> <span class='ocrx_word' id='word_1_53' title='bbox 903 894 1248 967; x_wconf 78' lang='lat' dir='ltr'><strong>virginalem</strong></span> <span class='ocrx_word' id='word_1_54' title='bbox 1279 896 1460 950; x_wconf 90' lang='lat' dir='ltr'><strong>vitam</strong></span> <span class='ocrx_word' id='word_1_55' title='bbox 1496 898 1949 968; x_wconf 89' lang='lat' dir='ltr'><strong>persequuntur,</strong></span> <span class='ocrx_word' id='word_1_56' title='bbox 1978 909 2082 947; x_wconf 84' lang='lat' dir='ltr'><strong>nu-</strong></span> 
     </span>
    </p>
   </div>
   <div class='ocr_carea' id='block_1_11' title="bbox 423 983 2080 1056">
    <p class='ocr_par' dir='ltr' id='par_1_11' title="bbox 423 983 2080 1056">
     <span class='ocr_line' id='line_1_11' title="bbox 423 983 2080 1056; baseline -0.001 -19"><span class='ocrx_word' id='word_1_57' title='bbox 423 984 681 1056; x_wconf 87' lang='lat' dir='ltr'><strong>ptiarum</strong></span> <span class='ocrx_word' id='word_1_58' title='bbox 713 983 1039 1039; x_wconf 79' lang='lat' dir='ltr'><strong>imitatione</strong></span> <span class='ocrx_word' id='word_1_59' title='bbox 1070 984 1250 1040; x_wconf 87' lang='lat' dir='ltr'><strong>stulte</strong></span> <span class='ocrx_word' id='word_1_60' title='bbox 1284 985 1689 1056; x_wconf 81' lang='lat' dir='ltr'><strong>implicentur;</strong></span> <span class='ocrx_word' id='word_1_61' title='bbox 1717 989 1774 1040; x_wconf 91' lang='lat' dir='ltr'><strong>et</strong></span> <span class='ocrx_word' id='word_1_62' title='bbox 1803 1000 1928 1055; x_wconf 65' lang='lat' dir='ltr'><strong>qua</strong></span> <span class='ocrx_word' id='word_1_63' title='bbox 1963 998 2080 1054; x_wconf 66' lang='lat' dir='ltr'><strong>pra:</strong></span> 
     </span>
    </p>
   </div>
   <div class='ocr_carea' id='block_1_12' title="bbox 424 1071 2080 1146">
    <p class='ocr_par' dir='ltr' id='par_1_12' title="bbox 424 1071 2080 1146">
     <span class='ocr_line' id='line_1_12' title="bbox 424 1071 2080 1146; baseline -0.002 -18"><span class='ocrx_word' id='word_1_64' title='bbox 424 1088 488 1128; x_wconf 85' lang='lat' dir='ltr'><strong>se</strong></span> <span class='ocrx_word' id='word_1_65' title='bbox 510 1072 706 1126; x_wconf 89' lang='lat' dir='ltr'><strong>ferunt</strong></span> <span class='ocrx_word' id='word_1_66' title='bbox 727 1072 874 1127; x_wconf 89' lang='lat' dir='ltr'><strong>satis</strong></span> <span class='ocrx_word' id='word_1_67' title='bbox 903 1072 1013 1128; x_wconf 92' lang='lat' dir='ltr'>sibi</span> <span class='ocrx_word' id='word_1_68' title='bbox 1046 1090 1174 1129; x_wconf 89' lang='lat' dir='ltr'><strong>esse</strong></span> <span class='ocrx_word' id='word_1_69' title='bbox 1203 1074 1403 1146; x_wconf 85' lang='lat' dir='ltr'><strong>sponsi</strong></span> <span class='ocrx_word' id='word_1_70' title='bbox 1436 1074 1525 1129; x_wconf 90' lang='lat' dir='ltr'><strong>sui</strong></span> <span class='ocrx_word' id='word_1_71' title='bbox 1557 1090 1780 1142; x_wconf 90' lang='lat' dir='ltr'><strong>curam,</strong></span> <span class='ocrx_word' id='word_1_72' title='bbox 1809 1071 2080 1127; x_wconf 87' lang='lat' dir='ltr'><strong>homines</strong></span> 
     </span>
    </p>
   </div>
   <div class='ocr_carea' id='block_1_13' title="bbox 425 1161 2077 1233">
    <p class='ocr_par' dir='ltr' id='par_1_13' title="bbox 425 1161 2077 1233">
     <span class='ocr_line' id='line_1_13' title="bbox 425 1161 2077 1233; baseline -0.001 -17"><span class='ocrx_word' id='word_1_73' title='bbox 425 1164 726 1216; x_wconf 82' lang='lat' dir='ltr'><strong>curatores</strong></span> <span class='ocrx_word' id='word_1_74' title='bbox 749 1161 818 1216; x_wconf 90' lang='lat' dir='ltr'><strong>ad</strong></span> <span class='ocrx_word' id='word_1_75' title='bbox 840 1178 1016 1217; x_wconf 92' lang='lat' dir='ltr'><strong>suum</strong></span> <span class='ocrx_word' id='word_1_76' title='bbox 1036 1162 1299 1233; x_wconf 86' lang='lat' dir='ltr'><strong>ipsarum</strong></span> <span class='ocrx_word' id='word_1_77' title='bbox 1319 1163 1575 1220; x_wconf 89' lang='lat' dir='ltr'><strong>dedecus</strong></span> <span class='ocrx_word' id='word_1_78' title='bbox 1592 1163 1703 1219; x_wconf 90' lang='lat' dir='ltr'><strong>sibi</strong></span> <span class='ocrx_word' id='word_1_79' title='bbox 1723 1161 2077 1219; x_wconf 88' lang='lat' dir='ltr'><strong>consocient.</strong></span> 
     </span>
    </p>
   </div>
   <div class='ocr_carea' id='block_1_14' title="bbox 422 1248 2079 1322">
    <p class='ocr_par' dir='ltr' id='par_1_14' title="bbox 422 1248 2079 1322">
     <span class='ocr_line' id='line_1_14' title="bbox 422 1248 2079 1322; baseline 0 -19"><span class='ocrx_word' id='word_1_80' title='bbox 422 1248 584 1313; x_wconf 88' lang='lat' dir='ltr'><strong>Quod</strong></span> <span class='ocrx_word' id='word_1_81' title='bbox 618 1248 666 1305; x_wconf 90' lang='lat' dir='ltr'><strong>si</strong></span> <span class='ocrx_word' id='word_1_82' title='bbox 701 1266 866 1305; x_wconf 89' lang='lat' dir='ltr'><strong>amas</strong></span> <span class='ocrx_word' id='word_1_83' title='bbox 898 1249 1059 1306; x_wconf 90' lang='lat' dir='ltr'><strong>illius</strong></span> <span class='ocrx_word' id='word_1_84' title='bbox 1093 1267 1254 1307; x_wconf 91' lang='lat' dir='ltr'><strong>more</strong></span> <span class='ocrx_word' id='word_1_85' title='bbox 1275 1251 1373 1322; x_wconf 91' lang='lat' dir='ltr'><strong>qui</strong></span> <span class='ocrx_word' id='word_1_86' title='bbox 1404 1269 1576 1308; x_wconf 90' lang='lat' dir='ltr'><strong>verus</strong></span> <span class='ocrx_word' id='word_1_87' title='bbox 1600 1256 1827 1307; x_wconf 88' lang='lat' dir='ltr'><strong>amator</strong></span> <span class='ocrx_word' id='word_1_88' title='bbox 1862 1248 2079 1305; x_wconf 88' lang='lat' dir='ltr'><strong>intelli-</strong></span> 
     </span>
    </p>
   </div>
   <div class='ocr_carea' id='block_1_15' title="bbox 424 1337 2080 1410">
    <p class='ocr_par' dir='ltr' id='par_1_15' title="bbox 424 1337 2080 1410">
     <span class='ocr_line' id='line_1_15' title="bbox 424 1337 2080 1410; baseline 0.001 -17"><span class='ocrx_word' id='word_1_89' title='bbox 424 1337 599 1410; x_wconf 87' lang='lat' dir='ltr'><strong>gitur,</strong></span> <span class='ocrx_word' id='word_1_90' title='bbox 619 1342 830 1395; x_wconf 85' lang='lat' dir='ltr'><strong>caetera</strong></span> <span class='ocrx_word' id='word_1_91' title='bbox 861 1340 1062 1396; x_wconf 92' lang='lat' dir='ltr'><strong>omnia</strong></span> <span class='ocrx_word' id='word_1_92' title='bbox 1103 1345 1476 1397; x_wconf 84' lang='lat' dir='ltr'><strong>contemnere</strong></span> <span class='ocrx_word' id='word_1_93' title='bbox 1506 1340 1744 1398; x_wconf 91' lang='lat' dir='ltr'><strong>omnino</strong></span> <span class='ocrx_word' id='word_1_94' title='bbox 1777 1340 1975 1406; x_wconf 88' lang='lat' dir='ltr'><strong>debes,</strong></span> <span class='ocrx_word' id='word_1_95' title='bbox 2008 1338 2080 1394; x_wconf 92' lang='lat' dir='ltr'><strong>li-</strong></span> 
     </span>
    </p>
   </div>
   <div class='ocr_carea' id='block_1_16' title="bbox 424 1428 2082 1503">
    <p class='ocr_par' dir='ltr' id='par_1_16' title="bbox 424 1428 2082 1503">
     <span class='ocr_line' id='line_1_16' title="bbox 424 1428 2082 1503; baseline 0 -19"><span class='ocrx_word' id='word_1_96' title='bbox 424 1428 631 1484; x_wconf 88' lang='lat' dir='ltr'><strong>benter</strong></span> <span class='ocrx_word' id='word_1_97' title='bbox 647 1431 962 1500; x_wconf 64' lang='lat' dir='ltr'><strong>praeferens</strong></span> <span class='ocrx_word' id='word_1_98' title='bbox 974 1428 1063 1485; x_wconf 91' lang='lat' dir='ltr'><strong>vel</strong></span> <span class='ocrx_word' id='word_1_99' title='bbox 1084 1431 1242 1486; x_wconf 88' lang='lat' dir='ltr'><strong>nuda</strong></span> <span class='ocrx_word' id='word_1_100' title='bbox 1257 1447 1434 1502; x_wconf 85' lang='lat' dir='ltr'><strong>super</strong></span> <span class='ocrx_word' id='word_1_101' title='bbox 1450 1430 1844 1503; x_wconf 83' lang='lat' dir='ltr'><strong>pavimentum</strong></span> <span class='ocrx_word' id='word_1_102' title='bbox 1863 1429 1922 1484; x_wconf 92' lang='lat' dir='ltr'><strong>in</strong></span> <span class='ocrx_word' id='word_1_103' title='bbox 1942 1445 2016 1501; x_wconf 90' lang='lat' dir='ltr'><strong>qu</strong></span> <span class='ocrx_word' id='word_1_104' title='bbox 2027 1446 2082 1485; x_wconf 88' lang='lat' dir='ltr'><strong>a-</strong></span> 
     </span>
    </p>
   </div>
   <div class='ocr_carea' id='block_1_17' title="bbox 425 1515 2080 1592">
    <p class='ocr_par' dir='ltr' id='par_1_17' title="bbox 425 1515 2080 1592">
     <span class='ocr_line' id='line_1_17' title="bbox 425 1515 2080 1592; baseline 0.001 -21"><span class='ocrx_word' id='word_1_105' title='bbox 425 1515 571 1572; x_wconf 84' lang='lat' dir='ltr'><strong>libet</strong></span> <span class='ocrx_word' id='word_1_106' title='bbox 592 1517 785 1588; x_wconf 83' lang='lat' dir='ltr'><strong>specie</strong></span> <span class='ocrx_word' id='word_1_107' title='bbox 813 1521 1199 1591; x_wconf 87' lang='lat' dir='ltr'><strong>paupertatis,</strong></span> <span class='ocrx_word' id='word_1_108' title='bbox 1221 1520 1409 1577; x_wconf 90' lang='lat' dir='ltr'><strong>amico</strong></span> <span class='ocrx_word' id='word_1_109' title='bbox 1436 1519 1861 1592; x_wconf 84' lang='lat' dir='ltr'><strong>perfrui,quam</strong></span> <span class='ocrx_word' id='word_1_110' title='bbox 1883 1517 2080 1575; x_wconf 89' lang='lat' dir='ltr'><strong>studio</strong></span> 
     </span>
    </p>
   </div>
   <div class='ocr_carea' id='block_1_18' title="bbox 425 1604 2083 1680">
    <p class='ocr_par' dir='ltr' id='par_1_18' title="bbox 425 1604 2083 1680">
     <span class='ocr_line' id='line_1_18' title="bbox 425 1604 2083 1680; baseline -0.001 -18"><span class='ocrx_word' id='word_1_111' title='bbox 425 1604 648 1663; x_wconf 88' lang='lat' dir='ltr'><strong>lautius</strong></span> <span class='ocrx_word' id='word_1_112' title='bbox 681 1623 814 1662; x_wconf 91' lang='lat' dir='ltr'><strong>cum</strong></span> <span class='ocrx_word' id='word_1_113' title='bbox 848 1624 914 1663; x_wconf 91' lang='lat' dir='ltr'><strong>eo</strong></span> <span class='ocrx_word' id='word_1_114' title='bbox 946 1607 1347 1680; x_wconf 63' lang='lat' dir='ltr'><strong>vivendi,quaz</strong></span> <span class='ocrx_word' id='word_1_115' title='bbox 1389 1609 1460 1665; x_wconf 90' lang='lat' dir='ltr'><strong>ad</strong></span> <span class='ocrx_word' id='word_1_116' title='bbox 1491 1608 1549 1664; x_wconf 92' lang='lat' dir='ltr'><strong>id</strong></span> <span class='ocrx_word' id='word_1_117' title='bbox 1582 1607 1914 1664; x_wconf 80' lang='lat' dir='ltr'><strong>necessaria</strong></span> <span class='ocrx_word' id='word_1_118' title='bbox 1942 1610 2083 1662; x_wconf 85' lang='lat' dir='ltr'><strong>sunt</strong></span> 
     </span>
    </p>
   </div>
   <div class='ocr_carea' id='block_1_19' title="bbox 432 1694 2080 1768">
    <p class='ocr_par' dir='ltr' id='par_1_19' title="bbox 432 1694 2080 1768">
     <span class='ocr_line' id='line_1_19' title="bbox 432 1694 2080 1768; baseline -0.001 -17"><span class='ocrx_word' id='word_1_119' title='bbox 432 1695 502 1751; x_wconf 90' lang='lat' dir='ltr'><strong>ab</strong></span> <span class='ocrx_word' id='word_1_120' title='bbox 533 1694 875 1753; x_wconf 87' lang='lat' dir='ltr'><strong>hominibus</strong></span> <span class='ocrx_word' id='word_1_121' title='bbox 905 1697 1329 1768; x_wconf 84' lang='lat' dir='ltr'><strong>exquirentem,</strong></span> <span class='ocrx_word' id='word_1_122' title='bbox 1358 1697 1554 1754; x_wconf 92' lang='lat' dir='ltr'><strong>divino</strong></span> <span class='ocrx_word' id='word_1_123' title='bbox 1586 1713 1781 1753; x_wconf 90' lang='lat' dir='ltr'><strong>amore</strong></span> <span class='ocrx_word' id='word_1_124' title='bbox 1811 1697 2080 1751; x_wconf 92' lang='lat' dir='ltr'><strong>indecore</strong></span> 
     </span>
    </p>
   </div>
   <div class='ocr_carea' id='block_1_20' title="bbox 429 1783 2158 1880">
    <p class='ocr_par' dir='ltr' id='par_1_20' title="bbox 429 1783 2158 1880">
     <span class='ocr_line' id='line_1_20' title="bbox 429 1783 2158 1880; baseline 0.001 -41"><span class='ocrx_word' id='word_1_125' title='bbox 429 1785 711 1843; x_wconf 83' lang='lat' dir='ltr'><strong>excidere.</strong></span> <span class='ocrx_word' id='word_1_126' title='bbox 744 1784 889 1841; x_wconf 88' lang='lat' dir='ltr'><strong>Nam</strong></span> <span class='ocrx_word' id='word_1_127' title='bbox 939 1803 1066 1857; x_wconf 76' lang='lat' dir='ltr'><strong>quae</strong></span> <span class='ocrx_word' id='word_1_128' title='bbox 1116 1785 1256 1841; x_wconf 87' lang='lat' dir='ltr'>vivit</span> <span class='ocrx_word' id='word_1_129' title='bbox 1304 1785 1362 1841; x_wconf 91' lang='lat' dir='ltr'><strong>in</strong></span> <span class='ocrx_word' id='word_1_130' title='bbox 1413 1786 1638 1842; x_wconf 90' lang='lat' dir='ltr'><strong>deliciis</strong></span> <span class='ocrx_word' id='word_1_131' title='bbox 1666 1785 1850 1857; x_wconf 87' lang='lat' dir='ltr'><strong>virgo,</strong></span> <span class='ocrx_word' id='word_1_132' title='bbox 1882 1783 2080 1840; x_wconf 89' lang='lat' dir='ltr'><strong>vivens</strong></span> <span class='ocrx_word' id='word_1_133' title='bbox 2110 1814 2158 1880; x_wconf 76' lang='grc' dir='ltr'><strong>Β</strong></span> 
     </span>
    </p>
   </div>
   <div class='ocr_carea' id='block_1_21' title="bbox 430 1873 2076 1947">
    <p class='ocr_par' dir='ltr' id='par_1_21' title="bbox 430 1873 2076 1947">
     <span class='ocr_line' id='line_1_21' title="bbox 430 1873 2076 1947; baseline 0 -19"><span class='ocrx_word' id='word_1_134' title='bbox 430 1874 836 1929; x_wconf 73' lang='lat' dir='ltr'><strong>mortuaest&quot;.</strong></span> <span class='ocrx_word' id='word_1_135' title='bbox 851 1875 976 1930; x_wconf 90' lang='lat' dir='ltr'><strong>Non</strong></span> <span class='ocrx_word' id='word_1_136' title='bbox 995 1874 1177 1947; x_wconf 87' lang='lat' dir='ltr'><strong>igitur</strong></span> <span class='ocrx_word' id='word_1_137' title='bbox 1195 1873 1346 1931; x_wconf 89' lang='lat' dir='ltr'><strong>male</strong></span> <span class='ocrx_word' id='word_1_138' title='bbox 1363 1875 1567 1931; x_wconf 86' lang='lat' dir='ltr'><strong>audiat</strong></span> <span class='ocrx_word' id='word_1_139' title='bbox 1585 1875 1804 1932; x_wconf 89' lang='lat' dir='ltr'><strong>bonum</strong></span> <span class='ocrx_word' id='word_1_140' title='bbox 1819 1877 2076 1930; x_wconf 88' lang='lat' dir='ltr'><strong>vestrum</strong></span> 
     </span>
    </p>
   </div>
   <div class='ocr_carea' id='block_1_22' title="bbox 425 1962 2080 2034">
    <p class='ocr_par' dir='ltr' id='par_1_22' title="bbox 425 1962 2080 2034">
     <span class='ocr_line' id='line_1_22' title="bbox 425 1962 2080 2034; baseline 0.001 -16"><span class='ocrx_word' id='word_1_141' title='bbox 425 1962 779 2034; x_wconf 82' lang='lat' dir='ltr'><strong>virginitatis</strong></span> <span class='ocrx_word' id='word_1_142' title='bbox 820 1980 1054 2032; x_wconf 90' lang='lat' dir='ltr'><strong>nomen,</strong></span> <span class='ocrx_word' id='word_1_143' title='bbox 1083 1965 1193 2020; x_wconf 92' lang='lat' dir='ltr'><strong>sub</strong></span> <span class='ocrx_word' id='word_1_144' title='bbox 1225 1964 1532 2020; x_wconf 87' lang='lat' dir='ltr'><strong>charitatis</strong></span> <span class='ocrx_word' id='word_1_145' title='bbox 1581 1963 1941 2020; x_wconf 78' lang='lat' dir='ltr'><strong>intaminatas</strong></span> <span class='ocrx_word' id='word_1_146' title='bbox 1975 1980 2080 2019; x_wconf 88' lang='lat' dir='ltr'><strong>no-</strong></span> 
     </span>
    </p>
   </div>
   <div class='ocr_carea' id='block_1_23' title="bbox 427 2051 2085 2110">
    <p class='ocr_par' dir='ltr' id='par_1_23' title="bbox 427 2051 2085 2110">
     <span class='ocr_line' id='line_1_23' title="bbox 427 2051 2085 2110; baseline 0.001 -5"><span class='ocrx_word' id='word_1_147' title='bbox 427 2051 586 2106; x_wconf 86' lang='lat' dir='ltr'><strong>mine</strong></span> <span class='ocrx_word' id='word_1_148' title='bbox 623 2051 960 2108; x_wconf 85' lang='lat' dir='ltr'><strong>carnalibus</strong></span> <span class='ocrx_word' id='word_1_149' title='bbox 991 2052 1146 2109; x_wconf 90' lang='lat' dir='ltr'><strong>vitiis</strong></span> <span class='ocrx_word' id='word_1_150' title='bbox 1179 2053 1612 2110; x_wconf 89' lang='lat' dir='ltr'><strong>dedecoratum.</strong></span> <span class='ocrx_word' id='word_1_151' title='bbox 1638 2054 1764 2110; x_wconf 90' lang='lat' dir='ltr'><strong>Non</strong></span> <span class='ocrx_word' id='word_1_152' title='bbox 1806 2053 1962 2108; x_wconf 91' lang='lat' dir='ltr'><strong>enim</strong></span> <span class='ocrx_word' id='word_1_153' title='bbox 1995 2055 2085 2108; x_wconf 85' lang='lat' dir='ltr'><strong>est</strong></span> 
     </span>
    </p>
   </div>
   <div class='ocr_carea' id='block_1_24' title="bbox 425 2138 2085 2210">
    <p class='ocr_par' dir='ltr' id='par_1_24' title="bbox 425 2138 2085 2210">
     <span class='ocr_line' id='line_1_24' title="bbox 425 2138 2085 2210; baseline 0.001 -16"><span class='ocrx_word' id='word_1_154' title='bbox 425 2138 684 2196; x_wconf 88' lang='lat' dir='ltr'><strong>charitas</strong></span> <span class='ocrx_word' id='word_1_155' title='bbox 713 2140 939 2197; x_wconf 73' lang='lat' dir='ltr'><strong>affectio</strong></span> <span class='ocrx_word' id='word_1_156' title='bbox 986 2141 1258 2209; x_wconf 88' lang='lat' dir='ltr'><strong>subdola,</strong></span> <span class='ocrx_word' id='word_1_157' title='bbox 1286 2141 1584 2198; x_wconf 86' lang='lat' dir='ltr'><strong>simulatio</strong></span> <span class='ocrx_word' id='word_1_158' title='bbox 1644 2141 2085 2210; x_wconf 78' lang='lat' dir='ltr'><strong>benevolentiae,</strong></span> 
     </span>
    </p>
   </div>
   <div class='ocr_carea' id='block_1_25' title="bbox 423 2228 2082 2303">
    <p class='ocr_par' dir='ltr' id='par_1_25' title="bbox 423 2228 2082 2303">
     <span class='ocr_line' id='line_1_25' title="bbox 423 2228 2082 2303; baseline 0 -19"><span class='ocrx_word' id='word_1_159' title='bbox 423 2228 697 2300; x_wconf 87' lang='lat' dir='ltr'><strong>voluptas</strong></span> <span class='ocrx_word' id='word_1_160' title='bbox 725 2229 978 2297; x_wconf 89' lang='lat' dir='ltr'><strong>servilis,</strong></span> <span class='ocrx_word' id='word_1_161' title='bbox 1005 2234 1062 2286; x_wconf 89' lang='lat' dir='ltr'><strong>et</strong></span> <span class='ocrx_word' id='word_1_162' title='bbox 1090 2229 1362 2286; x_wconf 81' lang='lat' dir='ltr'><strong>animalis</strong></span> <span class='ocrx_word' id='word_1_163' title='bbox 1394 2233 1737 2303; x_wconf 81' lang='lat' dir='ltr'><strong>propensio;</strong></span> <span class='ocrx_word' id='word_1_164' title='bbox 1769 2231 1871 2286; x_wconf 91' lang='lat' dir='ltr'><strong>sed</strong></span> <span class='ocrx_word' id='word_1_165' title='bbox 1904 2230 2082 2286; x_wconf 89' lang='lat' dir='ltr'><strong>bene-</strong></span> 
     </span>
    </p>
   </div>
   <div class='ocr_carea' id='block_1_26' title="bbox 430 2317 2087 2392">
    <p class='ocr_par' dir='ltr' id='par_1_26' title="bbox 430 2317 2087 2392">
     <span class='ocr_line' id='line_1_26' title="bbox 430 2317 2087 2392; baseline -0.001 -16"><span class='ocrx_word' id='word_1_166' title='bbox 430 2317 688 2376; x_wconf 80' lang='lat' dir='ltr'><strong>volentia</strong></span> <span class='ocrx_word' id='word_1_167' title='bbox 719 2318 899 2374; x_wconf 85' lang='lat' dir='ltr'><strong>nullis</strong></span> <span class='ocrx_word' id='word_1_168' title='bbox 931 2319 1267 2376; x_wconf 90' lang='lat' dir='ltr'><strong>carnalibus</strong></span> <span class='ocrx_word' id='word_1_169' title='bbox 1298 2319 1604 2376; x_wconf 70' lang='lat' dir='ltr'><strong>affectibus</strong></span> <span class='ocrx_word' id='word_1_170' title='bbox 1633 2320 1886 2390; x_wconf 87' lang='lat' dir='ltr'><strong>turbata,</strong></span> <span class='ocrx_word' id='word_1_171' title='bbox 1921 2320 2087 2392; x_wconf 89' lang='lat' dir='ltr'><strong>quies</strong></span> 
     </span>
    </p>
   </div>
   <div class='ocr_carea' id='block_1_27' title="bbox 435 2406 2088 2482">
    <p class='ocr_par' dir='ltr' id='par_1_27' title="bbox 435 2406 2088 2482">
     <span class='ocr_line' id='line_1_27' title="bbox 435 2406 2088 2482; baseline -0.001 -19"><span class='ocrx_word' id='word_1_172' title='bbox 435 2406 736 2474; x_wconf 87' lang='lat' dir='ltr'><strong>vitiorum,</strong></span> <span class='ocrx_word' id='word_1_173' title='bbox 760 2411 818 2464; x_wconf 91' lang='lat' dir='ltr'><strong>et</strong></span> <span class='ocrx_word' id='word_1_174' title='bbox 848 2409 1235 2465; x_wconf 86' lang='lat' dir='ltr'><strong>sanctificatio</strong></span> <span class='ocrx_word' id='word_1_175' title='bbox 1267 2410 1324 2464; x_wconf 95' lang='lat' dir='ltr'><strong>in</strong></span> <span class='ocrx_word' id='word_1_176' title='bbox 1355 2409 1576 2482; x_wconf 88' lang='lat' dir='ltr'><strong>Spiritu</strong></span> <span class='ocrx_word' id='word_1_177' title='bbox 1601 2414 1825 2465; x_wconf 90' lang='lat' dir='ltr'><strong>sancto.</strong></span> <span class='ocrx_word' id='word_1_178' title='bbox 1851 2408 2015 2473; x_wconf 89' lang='lat' dir='ltr'><strong>Quod</strong></span> <span class='ocrx_word' id='word_1_179' title='bbox 2039 2407 2088 2463; x_wconf 91' lang='lat' dir='ltr'><strong>si</strong></span> 
     </span>
    </p>
   </div>
   <div class='ocr_carea' id='block_1_28' title="bbox 439 2496 2088 2567">
    <p class='ocr_par' dir='ltr' id='par_1_28' title="bbox 439 2496 2088 2567">
     <span class='ocr_line' id='line_1_28' title="bbox 439 2496 2088 2567; baseline 0.001 -17"><span class='ocrx_word' id='word_1_180' title='bbox 439 2499 678 2567; x_wconf 87' lang='lat' dir='ltr'><strong>propter</strong></span> <span class='ocrx_word' id='word_1_181' title='bbox 691 2496 1035 2552; x_wconf 86' lang='lat' dir='ltr'><strong>charitatem</strong></span> <span class='ocrx_word' id='word_1_182' title='bbox 1056 2497 1232 2553; x_wconf 82' lang='lat' dir='ltr'><strong>frater</strong></span> <span class='ocrx_word' id='word_1_183' title='bbox 1247 2502 1384 2554; x_wconf 90' lang='lat' dir='ltr'><strong>tuus</strong></span> <span class='ocrx_word' id='word_1_184' title='bbox 1408 2497 1676 2554; x_wconf 90' lang='lat' dir='ltr'><strong>molestia</strong></span> <span class='ocrx_word' id='word_1_185' title='bbox 1693 2497 2088 2563; x_wconf 84' lang='lat' dir='ltr'><strong>afficitur,non</strong></span> 
     </span>
    </p>
   </div>
   <div class='ocr_carea' id='block_1_29' title="bbox 436 2583 2092 2655">
    <p class='ocr_par' dir='ltr' id='par_1_29' title="bbox 436 2583 2092 2655">
     <span class='ocr_line' id='line_1_29' title="bbox 436 2583 2092 2655; baseline 0.001 -16"><span class='ocrx_word' id='word_1_186' title='bbox 436 2585 562 2655; x_wconf 89' lang='lat' dir='ltr'><strong>jam</strong></span> <span class='ocrx_word' id='word_1_187' title='bbox 594 2583 919 2640; x_wconf 89' lang='lat' dir='ltr'><strong>secundum</strong></span> <span class='ocrx_word' id='word_1_188' title='bbox 944 2585 1288 2642; x_wconf 89' lang='lat' dir='ltr'><strong>charitatem</strong></span> <span class='ocrx_word' id='word_1_189' title='bbox 1319 2585 1609 2642; x_wconf 88' lang='lat' dir='ltr'><strong>ambulas.</strong></span> <span class='ocrx_word' id='word_1_190' title='bbox 1629 2586 1760 2643; x_wconf 88' lang='lat' dir='ltr'><strong>Noli</strong></span> <span class='ocrx_word' id='word_1_191' title='bbox 1781 2591 1883 2642; x_wconf 89' lang='lat' dir='ltr'><strong>tua</strong></span> <span class='ocrx_word' id='word_1_192' title='bbox 1903 2586 2092 2643; x_wconf 90' lang='lat' dir='ltr'><strong>chari-</strong></span> 
     </span>
    </p>
   </div>
   <div class='ocr_carea' id='block_1_30' title="bbox 441 2672 2090 2746">
    <p class='ocr_par' dir='ltr' id='par_1_30' title="bbox 441 2672 2090 2746">
     <span class='ocr_line' id='line_1_30' title="bbox 441 2672 2090 2746; baseline 0.001 -17"><span class='ocrx_word' id='word_1_193' title='bbox 441 2675 563 2729; x_wconf 87' lang='lat' dir='ltr'><strong>tate</strong></span> <span class='ocrx_word' id='word_1_194' title='bbox 594 2672 913 2730; x_wconf 90' lang='lat' dir='ltr'><strong>dissolvere</strong></span> <span class='ocrx_word' id='word_1_195' title='bbox 956 2691 1104 2746; x_wconf 91' lang='lat' dir='ltr'><strong>opus</strong></span> <span class='ocrx_word' id='word_1_196' title='bbox 1134 2690 1278 2730; x_wconf 67' lang='lat' dir='ltr'><strong>verae</strong></span> <span class='ocrx_word' id='word_1_197' title='bbox 1331 2675 1657 2746; x_wconf 90' lang='lat' dir='ltr'><strong>charitatis,</strong></span> <span class='ocrx_word' id='word_1_198' title='bbox 1688 2693 1791 2732; x_wconf 92' lang='lat' dir='ltr'><strong>nec</strong></span> <span class='ocrx_word' id='word_1_199' title='bbox 1825 2675 1953 2732; x_wconf 80' lang='lat' dir='ltr'><strong>falsi</strong></span> <span class='ocrx_word' id='word_1_200' title='bbox 1987 2692 2090 2731; x_wconf 86' lang='lat' dir='ltr'><strong>no-</strong></span> 
     </span>
    </p>
   </div>
   <div class='ocr_carea' id='block_1_31' title="bbox 443 2761 2089 2837">
    <p class='ocr_par' dir='ltr' id='par_1_31' title="bbox 443 2761 2089 2837">
     <span class='ocr_line' id='line_1_31' title="bbox 443 2761 2089 2837; baseline 0.002 -20"><span class='ocrx_word' id='word_1_201' title='bbox 443 2761 622 2818; x_wconf 90' lang='lat' dir='ltr'><strong>minis</strong></span> <span class='ocrx_word' id='word_1_202' title='bbox 643 2761 928 2819; x_wconf 89' lang='lat' dir='ltr'><strong>charitate</strong></span> <span class='ocrx_word' id='word_1_203' title='bbox 957 2763 1272 2835; x_wconf 91' lang='lat' dir='ltr'><strong>perniciem</strong></span> <span class='ocrx_word' id='word_1_204' title='bbox 1304 2764 1468 2820; x_wconf 82' lang='lat' dir='ltr'><strong>fratri</strong></span> <span class='ocrx_word' id='word_1_205' title='bbox 1498 2764 1736 2833; x_wconf 85' lang='lat' dir='ltr'><strong>inferas,</strong></span> <span class='ocrx_word' id='word_1_206' title='bbox 1760 2765 1816 2820; x_wconf 92' lang='lat' dir='ltr'><strong>in</strong></span> <span class='ocrx_word' id='word_1_207' title='bbox 1851 2782 2089 2837; x_wconf 89' lang='lat' dir='ltr'><strong>pravam</strong></span> 
     </span>
    </p>
   </div>
   <div class='ocr_carea' id='block_1_32' title="bbox 441 2850 2092 2926">
    <p class='ocr_par' dir='ltr' id='par_1_32' title="bbox 441 2850 2092 2926">
     <span class='ocr_line' id='line_1_32' title="bbox 441 2850 2092 2926; baseline 0.001 -18"><span class='ocrx_word' id='word_1_208' title='bbox 441 2850 609 2908; x_wconf 91' lang='lat' dir='ltr'><strong>illum</strong></span> <span class='ocrx_word' id='word_1_209' title='bbox 632 2851 1028 2923; x_wconf 88' lang='lat' dir='ltr'><strong>suspicionem</strong></span> <span class='ocrx_word' id='word_1_210' title='bbox 1051 2853 1148 2908; x_wconf 90' lang='lat' dir='ltr'><strong>ind</strong></span> <span class='ocrx_word' id='word_1_211' title='bbox 1162 2870 1360 2924; x_wconf 89' lang='lat' dir='ltr'><strong>ucens,</strong></span> <span class='ocrx_word' id='word_1_212' title='bbox 1376 2859 1611 2926; x_wconf 89' lang='lat' dir='ltr'><strong>propter</strong></span> <span class='ocrx_word' id='word_1_213' title='bbox 1631 2871 1805 2926; x_wconf 89' lang='lat' dir='ltr'><strong>quem</strong></span> <span class='ocrx_word' id='word_1_214' title='bbox 1823 2854 2092 2911; x_wconf 86' lang='lat' dir='ltr'><strong>Christus</strong></span> 
     </span>
    </p>
   </div>
   <div class='ocr_carea' id='block_1_33' title="bbox 443 2941 2092 3014">
    <p class='ocr_par' dir='ltr' id='par_1_33' title="bbox 443 2941 2092 3014">
     <span class='ocr_line' id='line_1_33' title="bbox 443 2941 2092 3014; baseline 0.001 -18"><span class='ocrx_word' id='word_1_215' title='bbox 443 2944 712 2997; x_wconf 84' lang='lat' dir='ltr'><strong>mortuus</strong></span> <span class='ocrx_word' id='word_1_216' title='bbox 743 2945 851 2998; x_wconf 89' lang='lat' dir='ltr'><strong>est.</strong></span> <span class='ocrx_word' id='word_1_217' title='bbox 884 2941 942 2996; x_wconf 84' lang='lat' dir='ltr'><strong>Si</strong></span> <span class='ocrx_word' id='word_1_218' title='bbox 981 2943 1116 3014; x_wconf 90' lang='lat' dir='ltr'><strong>quis</strong></span> <span class='ocrx_word' id='word_1_219' title='bbox 1146 2946 1224 3010; x_wconf 92' lang='lat' dir='ltr'><strong>te,</strong></span> <span class='ocrx_word' id='word_1_220' title='bbox 1257 2942 1358 3014; x_wconf 93' lang='lat' dir='ltr'><strong>qui</strong></span> <span class='ocrx_word' id='word_1_221' title='bbox 1407 2943 1712 3000; x_wconf 88' lang='lat' dir='ltr'><strong>scientiam</strong></span> <span class='ocrx_word' id='word_1_222' title='bbox 1761 2943 1942 3000; x_wconf 89' lang='lat' dir='ltr'><strong>habes</strong></span> <span class='ocrx_word' id='word_1_223' title='bbox 1973 2943 2092 2999; x_wconf 89' lang='lat' dir='ltr'><strong>veri</strong></span> 
     </span>
    </p>
   </div>
   <div class='ocr_carea' id='block_1_34' title="bbox 440 3029 2095 3105">
    <p class='ocr_par' dir='ltr' id='par_1_34' title="bbox 440 3029 2095 3105">
     <span class='ocr_line' id='line_1_34' title="bbox 440 3029 2095 3105; baseline 0.001 -19"><span class='ocrx_word' id='word_1_224' title='bbox 440 3029 600 3101; x_wconf 86' lang='lat' dir='ltr'><strong>boni,</strong></span> <span class='ocrx_word' id='word_1_225' title='bbox 627 3030 684 3085; x_wconf 92' lang='lat' dir='ltr'><strong>in</strong></span> <span class='ocrx_word' id='word_1_226' title='bbox 715 3030 892 3087; x_wconf 89' lang='lat' dir='ltr'><strong>idolio</strong></span> <span class='ocrx_word' id='word_1_227' title='bbox 924 3033 1370 3088; x_wconf 88' lang='lat' dir='ltr'><strong>accumbentem</strong></span> <span class='ocrx_word' id='word_1_228' title='bbox 1402 3033 1616 3104; x_wconf 89' lang='lat' dir='ltr'><strong>videat,</strong></span> <span class='ocrx_word' id='word_1_229' title='bbox 1649 3039 1706 3089; x_wconf 89' lang='lat' dir='ltr'><strong>et</strong></span> <span class='ocrx_word' id='word_1_230' title='bbox 1736 3050 1838 3105; x_wconf 91' lang='lat' dir='ltr'><strong>pro</strong></span> <span class='ocrx_word' id='word_1_231' title='bbox 1872 3049 2007 3089; x_wconf 87' lang='lat' dir='ltr'><strong>vera</strong></span> <span class='ocrx_word' id='word_1_232' title='bbox 2039 3035 2095 3088; x_wconf 89' lang='lat' dir='ltr'><strong>et</strong></span> 
     </span>
    </p>
   </div>
   <div class='ocr_carea' id='block_1_35' title="bbox 2183 527 3843 611">
    <p class='ocr_par' dir='ltr' id='par_1_35' title="bbox 2183 527 3843 611">
     <span class='ocr_line' id='line_1_35' title="bbox 2183 527 3843 611; baseline 0.001 -26"><span class='ocrx_word' id='word_1_233' title='bbox 2183 530 2272 586; x_wconf 82' lang='grc' dir='ltr'><strong>καὶ</strong></span> <span class='ocrx_word' id='word_1_234' title='bbox 2307 532 2382 605; x_wconf 80' lang='grc' dir='ltr'>μὴ</span> <span class='ocrx_word' id='word_1_235' title='bbox 2413 533 2592 607; x_wconf 80' lang='grc' dir='ltr'><strong>γάμος</strong></span> <span class='ocrx_word' id='word_1_236' title='bbox 2621 531 2730 587; x_wconf 74' lang='grc' dir='ltr'><strong>ἐστὶ</strong></span> <span class='ocrx_word' id='word_1_237' title='bbox 2759 533 2822 588; x_wconf 87' lang='grc' dir='ltr'><strong>τὸ</strong></span> <span class='ocrx_word' id='word_1_238' title='bbox 2854 527 3048 606; x_wconf 76' lang='grc' dir='ltr'>ὄνομα,</span> <span class='ocrx_word' id='word_1_239' title='bbox 3077 529 3203 587; x_wconf 84' lang='grc' dir='ltr'>ἀλλ’</span> <span class='ocrx_word' id='word_1_240' title='bbox 3233 534 3266 602; x_wconf 84' lang='grc' dir='ltr'>ἡ</span> <span class='ocrx_word' id='word_1_241' title='bbox 3321 531 3545 611; x_wconf 66' lang='grc' dir='ltr'>φροντὶς</span> <span class='ocrx_word' id='word_1_242' title='bbox 3591 536 3702 587; x_wconf 78' lang='grc' dir='ltr'><strong>τῶν</strong></span> <span class='ocrx_word' id='word_1_243' title='bbox 3751 551 3843 604; x_wconf 87' lang='grc' dir='ltr'>γε·</span> 
     </span>
    </p>
   </div>
   <div class='ocr_carea' id='block_1_36' title="bbox 2181 619 3839 700">
    <p class='ocr_par' dir='ltr' id='par_1_36' title="bbox 2181 619 3839 700">
     <span class='ocr_line' id='line_1_36' title="bbox 2181 619 3839 700; baseline -0.002 -24"><span class='ocrx_word' id='word_1_244' title='bbox 2181 620 2512 697; x_wconf 83' lang='grc' dir='ltr'>γαμηκότων</span> <span class='ocrx_word' id='word_1_245' title='bbox 2544 621 2730 684; x_wconf 73' lang='grc' dir='ltr'>αὐτοῖς</span> <span class='ocrx_word' id='word_1_246' title='bbox 2773 620 3035 700; x_wconf 71' lang='grc' dir='ltr'>ἐμφυεῖσα</span> <span class='ocrx_word' id='word_1_247' title='bbox 3066 619 3298 684; x_wconf 77' lang='grc' dir='ltr'>δούλους</span> <span class='ocrx_word' id='word_1_248' title='bbox 3344 625 3450 676; x_wconf 80' lang='grc' dir='ltr'><strong>τῶν</strong></span> <span class='ocrx_word' id='word_1_249' title='bbox 3503 624 3839 694; x_wconf 77' lang='grc' dir='ltr'><strong>σωματικῶν</strong></span> 
     </span>
    </p>
   </div>
   <div class='ocr_carea' id='block_1_37' title="bbox 2185 707 3844 790">
    <p class='ocr_par' dir='ltr' id='par_1_37' title="bbox 2185 707 3844 790">
     <span class='ocr_line' id='line_1_37' title="bbox 2185 707 3844 790; baseline -0.001 -26"><span class='ocrx_word' id='word_1_250' title='bbox 2185 707 2509 787; x_wconf 75' lang='grc' dir='ltr'>φροντίδων,</span> <span class='ocrx_word' id='word_1_251' title='bbox 2569 714 2655 774; x_wconf 85' lang='grc' dir='ltr'>αἶς</span> <span class='ocrx_word' id='word_1_252' title='bbox 2714 710 2934 774; x_wconf 69' lang='grc' dir='ltr'>ἑαυτοὺς</span> <span class='ocrx_word' id='word_1_253' title='bbox 2987 710 3235 790; x_wconf 65' lang='grc' dir='ltr'>φέροντες</span> <span class='ocrx_word' id='word_1_254' title='bbox 3297 709 3512 786; x_wconf 72' lang='grc' dir='ltr'>ἀλόγως</span> <span class='ocrx_word' id='word_1_255' title='bbox 3566 707 3844 785; x_wconf 64' lang='grc' dir='ltr'>προσέδη-</span> 
     </span>
    </p>
   </div>
   <div class='ocr_carea' id='block_1_38' title="bbox 2188 797 3843 875">
    <p class='ocr_par' dir='ltr' id='par_1_38' title="bbox 2188 797 3843 875">
     <span class='ocr_line' id='line_1_38' title="bbox 2188 797 3843 875; baseline -0.001 -21"><span class='ocrx_word' id='word_1_256' title='bbox 2188 821 2304 868; x_wconf 83' lang='grc' dir='ltr'>σαν,</span> <span class='ocrx_word' id='word_1_257' title='bbox 2362 799 2656 875; x_wconf 65' lang='grc' dir='ltr'>ἄπιψόγους</span> <span class='ocrx_word' id='word_1_258' title='bbox 2710 806 2877 856; x_wconf 84' lang='grc' dir='ltr'>ποιεῖ.</span> <span class='ocrx_word' id='word_1_259' title='bbox 2935 803 3176 857; x_wconf 74' lang='grc' dir='ltr'>’Ἄτοπον</span> <span class='ocrx_word' id='word_1_260' title='bbox 3233 797 3290 854; x_wconf 78' lang='grc' dir='ltr'>δὶ</span> <span class='ocrx_word' id='word_1_261' title='bbox 3330 800 3654 874; x_wconf 78' lang='grc' dir='ltr'>παρθενικὸν</span> <span class='ocrx_word' id='word_1_262' title='bbox 3723 798 3843 873; x_wconf 86' lang='grc' dir='ltr'>βίον</span> 
     </span>
    </p>
   </div>
   <div class='ocr_carea' id='block_1_39' title="bbox 2189 887 3847 966">
    <p class='ocr_par' dir='ltr' id='par_1_39' title="bbox 2189 887 3847 966">
     <span class='ocr_line' id='line_1_39' title="bbox 2189 887 3847 966; baseline -0.002 -22"><span class='ocrx_word' id='word_1_263' title='bbox 2189 887 2488 951; x_wconf 85' lang='grc' dir='ltr'>διώκοντας</span> <span class='ocrx_word' id='word_1_264' title='bbox 2531 895 2649 952; x_wconf 89' lang='grc' dir='ltr'>τοῖς</span> <span class='ocrx_word' id='word_1_265' title='bbox 2696 894 2802 945; x_wconf 80' lang='grc' dir='ltr'><strong>τῶν</strong></span> <span class='ocrx_word' id='word_1_266' title='bbox 2834 891 3026 966; x_wconf 89' lang='grc' dir='ltr'>γάμων</span> <span class='ocrx_word' id='word_1_267' title='bbox 3063 891 3376 963; x_wconf 73' lang='grc' dir='ltr'><strong>μιμήμασιν</strong></span> <span class='ocrx_word' id='word_1_268' title='bbox 3412 892 3520 962; x_wconf 87' lang='grc'><strong>(69)</strong></span> <span class='ocrx_word' id='word_1_269' title='bbox 3587 888 3847 958; x_wconf 67' lang='grc' dir='ltr'>ἀνοήτως</span> 
     </span>
    </p>
   </div>
   <div class='ocr_carea' id='block_1_40' title="bbox 2188 975 3850 1052">
    <p class='ocr_par' dir='ltr' id='par_1_40' title="bbox 2188 975 3850 1052">
     <span class='ocr_line' id='line_1_40' title="bbox 2188 975 3850 1052; baseline -0.001 -18"><span class='ocrx_word' id='word_1_270' title='bbox 2188 977 2570 1052; x_wconf 71' lang='grc' dir='ltr'>ἱμπλὲκεσθαι·</span> <span class='ocrx_word' id='word_1_271' title='bbox 2619 979 2708 1033; x_wconf 78' lang='grc' dir='ltr'><strong>καὶ</strong></span> <span class='ocrx_word' id='word_1_272' title='bbox 2767 979 3240 1052; x_wconf 68' lang='grc' dir='ltr'>προσποιουμίνας</span> <span class='ocrx_word' id='word_1_273' title='bbox 3298 981 3366 1052; x_wconf 80' lang='grc' dir='ltr'><strong>τῇ</strong></span> <span class='ocrx_word' id='word_1_274' title='bbox 3410 975 3720 1050; x_wconf 71' lang='grc' dir='ltr'><strong>κηδεμονίᾳ</strong></span> <span class='ocrx_word' id='word_1_275' title='bbox 3748 982 3850 1032; x_wconf 68' lang='grc' dir='ltr'><strong>τοῦ</strong></span> 
     </span>
    </p>
   </div>
   <div class='ocr_carea' id='block_1_41' title="bbox 2186 1064 3850 1145">
    <p class='ocr_par' dir='ltr' id='par_1_41' title="bbox 2186 1064 3850 1145">
     <span class='ocr_line' id='line_1_41' title="bbox 2186 1064 3850 1145; baseline -0.001 -23"><span class='ocrx_word' id='word_1_276' title='bbox 2186 1069 2426 1145; x_wconf 80' lang='grc' dir='ltr'>νυμφίου</span> <span class='ocrx_word' id='word_1_277' title='bbox 2461 1067 2772 1137; x_wconf 79' lang='grc' dir='ltr'>ἀρκεῖσθαι,</span> <span class='ocrx_word' id='word_1_278' title='bbox 2827 1067 3144 1143; x_wconf 80' lang='grc' dir='ltr'>ἀνθρώπους</span> <span class='ocrx_word' id='word_1_279' title='bbox 3191 1064 3499 1140; x_wconf 73' lang='grc' dir='ltr'>κηδεμόνας</span> <span class='ocrx_word' id='word_1_280' title='bbox 3544 1065 3632 1121; x_wconf 76' lang='grc' dir='ltr'><strong>ἰπὶ</strong></span> <span class='ocrx_word' id='word_1_281' title='bbox 3687 1066 3850 1141; x_wconf 78' lang='grc' dir='ltr'>ψόγῳ</span> 
     </span>
    </p>
   </div>
   <div class='ocr_carea' id='block_1_42' title="bbox 2189 1151 3851 1234">
    <p class='ocr_par' dir='ltr' id='par_1_42' title="bbox 2189 1151 3851 1234">
     <span class='ocr_line' id='line_1_42' title="bbox 2189 1151 3851 1234; baseline -0.002 -21"><span class='ocrx_word' id='word_1_282' title='bbox 2189 1158 2391 1213; x_wconf 71' lang='grc' dir='ltr'>ἑαυτῶν</span> <span class='ocrx_word' id='word_1_283' title='bbox 2445 1156 2821 1234; x_wconf 73' lang='grc' dir='ltr'>ἔταιρίζεσθαι.</span> <span class='ocrx_word' id='word_1_284' title='bbox 2874 1157 2938 1215; x_wconf 82' lang='grc' dir='ltr'><strong>Εἰ</strong></span> <span class='ocrx_word' id='word_1_285' title='bbox 2991 1155 3048 1212; x_wconf 74' lang='grc' dir='ltr'>δὲ</span> <span class='ocrx_word' id='word_1_286' title='bbox 3088 1156 3211 1231; x_wconf 73' lang='grc' dir='ltr'>ἐρᾷς</span> <span class='ocrx_word' id='word_1_287' title='bbox 3237 1156 3373 1211; x_wconf 74' lang='grc' dir='ltr'>κατὰ</span> <span class='ocrx_word' id='word_1_288' title='bbox 3398 1159 3512 1230; x_wconf 81' lang='grc'><strong>(70)</strong></span> <span class='ocrx_word' id='word_1_289' title='bbox 3540 1155 3636 1210; x_wconf 88' lang='grc' dir='ltr'><strong>τὸν</strong></span> <span class='ocrx_word' id='word_1_290' title='bbox 3671 1151 3851 1218; x_wconf 75' lang='grc' dir='ltr'>ὅντως</span> 
     </span>
    </p>
   </div>
   <div class='ocr_carea' id='block_1_43' title="bbox 2190 1243 3850 1322">
    <p class='ocr_par' dir='ltr' id='par_1_43' title="bbox 2190 1243 3850 1322">
     <span class='ocr_line' id='line_1_43' title="bbox 2190 1243 3850 1322; baseline -0.001 -21"><span class='ocrx_word' id='word_1_291' title='bbox 2190 1245 2484 1319; x_wconf 81' lang='grc' dir='ltr'>νοούμενον</span> <span class='ocrx_word' id='word_1_292' title='bbox 2530 1243 2783 1322; x_wconf 78' lang='grc' dir='ltr'>ἐραστὴν,</span> <span class='ocrx_word' id='word_1_293' title='bbox 2837 1244 2904 1300; x_wconf 73' lang='grc' dir='ltr'><strong>τὰ</strong></span> <span class='ocrx_word' id='word_1_294' title='bbox 2949 1243 3096 1301; x_wconf 73' lang='grc' dir='ltr'>ἄλλα</span> <span class='ocrx_word' id='word_1_295' title='bbox 3146 1244 3319 1300; x_wconf 90' lang='grc' dir='ltr'>πάντα</span> <span class='ocrx_word' id='word_1_296' title='bbox 3348 1250 3592 1320; x_wconf 80' lang='grc' dir='ltr'>παρορᾷν</span> <span class='ocrx_word' id='word_1_297' title='bbox 3627 1246 3850 1309; x_wconf 76' lang='grc' dir='ltr'>πάντως</span> 
     </span>
    </p>
   </div>
   <div class='ocr_carea' id='block_1_44' title="bbox 2190 1333 3848 1416">
    <p class='ocr_par' dir='ltr' id='par_1_44' title="bbox 2190 1333 3848 1416">
     <span class='ocr_line' id='line_1_44' title="bbox 2190 1333 3848 1416; baseline -0.002 -23"><span class='ocrx_word' id='word_1_298' title='bbox 2190 1335 2447 1416; x_wconf 84' lang='grc' dir='ltr'>ὀφείλεις,</span> <span class='ocrx_word' id='word_1_299' title='bbox 2486 1333 2661 1406; x_wconf 76' lang='grc' dir='ltr'>ηδὲως</span> <span class='ocrx_word' id='word_1_300' title='bbox 2685 1335 2989 1412; x_wconf 71' lang='grc' dir='ltr'>ἀνεχομένη</span> <span class='ocrx_word' id='word_1_301' title='bbox 3023 1335 3113 1390; x_wconf 75' lang='grc' dir='ltr'><strong>καὶ</strong></span> <span class='ocrx_word' id='word_1_302' title='bbox 3139 1337 3320 1411; x_wconf 83' lang='grc' dir='ltr'>γυμνῆ</span> <span class='ocrx_word' id='word_1_303' title='bbox 3369 1335 3454 1390; x_wconf 72' lang='grc' dir='ltr'>ἐπὶ</span> <span class='ocrx_word' id='word_1_304' title='bbox 3511 1333 3748 1404; x_wconf 70' lang='grc' dir='ltr'>ἰδάφους</span> <span class='ocrx_word' id='word_1_305' title='bbox 3796 1333 3848 1390; x_wconf 75' lang='grc' dir='ltr'>ἐν</span> 
     </span>
    </p>
   </div>
   <div class='ocr_carea' id='block_1_45' title="bbox 2190 1421 3848 1501">
    <p class='ocr_par' dir='ltr' id='par_1_45' title="bbox 2190 1421 3848 1501">
     <span class='ocr_line' id='line_1_45' title="bbox 2190 1421 3848 1501; baseline -0.002 -20"><span class='ocrx_word' id='word_1_306' title='bbox 2190 1425 2367 1499; x_wconf 81' lang='grc' dir='ltr'>ὁποίῳ</span> <span class='ocrx_word' id='word_1_307' title='bbox 2419 1423 2624 1496; x_wconf 73' lang='grc' dir='ltr'>δήποτε</span> <span class='ocrx_word' id='word_1_308' title='bbox 2653 1427 2899 1501; x_wconf 75' lang='grc' dir='ltr'>σχήματι</span> <span class='ocrx_word' id='word_1_309' title='bbox 2958 1426 3146 1488; x_wconf 89' lang='grc' dir='ltr'>πενίας</span> <span class='ocrx_word' id='word_1_310' title='bbox 3173 1429 3270 1480; x_wconf 80' lang='grc' dir='ltr'><strong>τοῦ</strong></span> <span class='ocrx_word' id='word_1_311' title='bbox 3324 1421 3607 1500; x_wconf 73' lang='grc' dir='ltr'>ἐρωμένου</span> <span class='ocrx_word' id='word_1_312' title='bbox 3630 1426 3848 1500; x_wconf 87' lang='grc' dir='ltr'>τυγχά-</span> 
     </span>
    </p>
   </div>
   <div class='ocr_carea' id='block_1_46' title="bbox 2188 1501 3850 1587">
    <p class='ocr_par' dir='ltr' id='par_1_46' title="bbox 2188 1501 3850 1587">
     <span class='ocr_line' id='line_1_46' title="bbox 2188 1501 3850 1587; baseline -0.002 -16"><span class='ocrx_word' id='word_1_313' title='bbox 2188 1538 2318 1587; x_wconf 93' lang='grc' dir='ltr'>νειν,</span> <span class='ocrx_word' id='word_1_314' title='bbox 2350 1515 2386 1584; x_wconf 72' lang='grc' dir='ltr'><strong>ἢ</strong></span> <span class='ocrx_word' id='word_1_315' title='bbox 2421 1513 2510 1571; x_wconf 79' lang='grc' dir='ltr'><strong>διὰ</strong></span> <span class='ocrx_word' id='word_1_316' title='bbox 2536 1515 2598 1570; x_wconf 86' lang='grc' dir='ltr'>τὸ</span> <span class='ocrx_word' id='word_1_317' title='bbox 2629 1501 2827 1577; x_wconf 73' lang='grc' dir='ltr'>ἀνὲτως</span> <span class='ocrx_word' id='word_1_318' title='bbox 2855 1512 3058 1569; x_wconf 70' lang='grc' dir='ltr'>ὶθὲλειν</span> <span class='ocrx_word' id='word_1_319' title='bbox 3110 1513 3258 1586; x_wconf 86' lang='grc' dir='ltr'><strong>αύτῷ</strong></span> <span class='ocrx_word' id='word_1_320' title='bbox 3303 1508 3591 1586; x_wconf 74' lang='grc' dir='ltr'>συμϐιοῦν,</span> <span class='ocrx_word' id='word_1_321' title='bbox 3624 1513 3718 1568; x_wconf 81' lang='grc' dir='ltr'><strong>καὶ</strong></span> <span class='ocrx_word' id='word_1_322' title='bbox 3751 1514 3850 1576; x_wconf 71' lang='grc' dir='ltr'>τὶς</span> 
     </span>
    </p>
   </div>
   <div class='ocr_carea' id='block_1_47' title="bbox 2188 1599 3850 1681">
    <p class='ocr_par' dir='ltr' id='par_1_47' title="bbox 2188 1599 3850 1681">
     <span class='ocr_line' id='line_1_47' title="bbox 2188 1599 3850 1681; baseline -0.004 -20"><span class='ocrx_word' id='word_1_323' title='bbox 2188 1607 2326 1681; x_wconf 87' lang='grc' dir='ltr'>πρὸς</span> <span class='ocrx_word' id='word_1_324' title='bbox 2353 1609 2515 1660; x_wconf 74' lang='grc' dir='ltr'>τοῦτο</span> <span class='ocrx_word' id='word_1_325' title='bbox 2548 1601 2737 1681; x_wconf 82' lang='grc' dir='ltr'>χρείας</span> <span class='ocrx_word' id='word_1_326' title='bbox 2766 1603 2913 1680; x_wconf 83' lang='grc' dir='ltr'>παρᾶ</span> <span class='ocrx_word' id='word_1_327' title='bbox 2941 1602 3242 1677; x_wconf 69' lang='grc' dir='ltr'>ἀνθρώπων</span> <span class='ocrx_word' id='word_1_328' title='bbox 3294 1599 3535 1675; x_wconf 81' lang='grc' dir='ltr'>διώκειν,</span> <span class='ocrx_word' id='word_1_329' title='bbox 3567 1605 3665 1656; x_wconf 77' lang='grc' dir='ltr'><strong>τοῦ</strong></span> <span class='ocrx_word' id='word_1_330' title='bbox 3699 1601 3850 1656; x_wconf 71' lang='grc' dir='ltr'>θείου</span> 
     </span>
    </p>
   </div>
   <div class='ocr_carea' id='block_1_48' title="bbox 2189 1689 3852 1768">
    <p class='ocr_par' dir='ltr' id='par_1_48' title="bbox 2189 1689 3852 1768">
     <span class='ocr_line' id='line_1_48' title="bbox 2189 1689 3852 1768; baseline -0.003 -19"><span class='ocrx_word' id='word_1_331' title='bbox 2189 1689 2391 1768; x_wconf 81' lang='grc' dir='ltr'>ἔρωτος</span> <span class='ocrx_word' id='word_1_332' title='bbox 2449 1693 2785 1768; x_wconf 80' lang='grc' dir='ltr'>ἀσχημόνως</span> <span class='ocrx_word' id='word_1_333' title='bbox 2855 1691 3130 1747; x_wconf 65' lang='grc' dir='ltr'>Ξκπίπτειν</span> <span class='ocrx_word' id='word_1_334' title='bbox 3163 1736 3175 1748; x_wconf 94' lang='grc'><strong>.</strong></span> <span class='ocrx_word' id='word_1_335' title='bbox 3233 1692 3296 1747; x_wconf 87' lang='grc' dir='ltr'>Ἡ</span> <span class='ocrx_word' id='word_1_336' title='bbox 3351 1690 3451 1766; x_wconf 75' lang='grc' dir='ltr'><strong>γὰρ</strong></span> <span class='ocrx_word' id='word_1_337' title='bbox 3510 1689 3852 1745; x_wconf 77' lang='grc' dir='ltr'>σπαταλῶσα</span> 
     </span>
    </p>
   </div>
   <div class='ocr_carea' id='block_1_49' title="bbox 2189 1777 3849 1858">
    <p class='ocr_par' dir='ltr' id='par_1_49' title="bbox 2189 1777 3849 1858">
     <span class='ocr_line' id='line_1_49' title="bbox 2189 1777 3849 1858; baseline -0.002 -20"><span class='ocrx_word' id='word_1_338' title='bbox 2189 1781 2473 1858; x_wconf 72' lang='grc' dir='ltr'>παρθένος,</span> <span class='ocrx_word' id='word_1_339' title='bbox 2554 1785 2699 1851; x_wconf 82' lang='grc' dir='ltr'>ζῶσα</span> <span class='ocrx_word' id='word_1_340' title='bbox 2775 1780 3020 1852; x_wconf 71' lang='grc' dir='ltr'>τέθνηκε.</span> <span class='ocrx_word' id='word_1_341' title='bbox 3103 1782 3191 1851; x_wconf 84' lang='grc' dir='ltr'><strong>Μὴ</strong></span> <span class='ocrx_word' id='word_1_342' title='bbox 3255 1779 3691 1858; x_wconf 75' lang='grc' dir='ltr'>βλασφημείσθω</span> <span class='ocrx_word' id='word_1_343' title='bbox 3753 1777 3849 1834; x_wconf 69' lang='grc' dir='ltr'><strong>οὗν</strong></span> 
     </span>
    </p>
   </div>
   <div class='ocr_carea' id='block_1_50' title="bbox 2196 1865 3850 1945">
    <p class='ocr_par' dir='ltr' id='par_1_50' title="bbox 2196 1865 3850 1945">
     <span class='ocr_line' id='line_1_50' title="bbox 2196 1865 3850 1945; baseline -0.002 -19"><span class='ocrx_word' id='word_1_344' title='bbox 2196 1871 2347 1945; x_wconf 80' lang='grc' dir='ltr'>ὑμῶν</span> <span class='ocrx_word' id='word_1_345' title='bbox 2377 1871 2488 1945; x_wconf 74' lang='grc'><strong>(71)</strong></span> <span class='ocrx_word' id='word_1_346' title='bbox 2518 1871 2580 1925; x_wconf 77' lang='grc' dir='ltr'>τὸ</span> <span class='ocrx_word' id='word_1_347' title='bbox 2627 1869 2824 1945; x_wconf 82' lang='grc' dir='ltr'>ἀγαθὸν</span> <span class='ocrx_word' id='word_1_348' title='bbox 2867 1876 2969 1940; x_wconf 83' lang='grc' dir='ltr'><strong>τῆς</strong></span> <span class='ocrx_word' id='word_1_349' title='bbox 3025 1869 3315 1944; x_wconf 84' lang='grc' dir='ltr'>παρθενίας</span> <span class='ocrx_word' id='word_1_350' title='bbox 3368 1865 3564 1942; x_wconf 80' lang='grc' dir='ltr'>ὄνομα,</span> <span class='ocrx_word' id='word_1_351' title='bbox 3623 1867 3850 1943; x_wconf 78' lang='grc' dir='ltr'>ἀγάπης</span> 
     </span>
    </p>
   </div>
   <div class='ocr_carea' id='block_1_51' title="bbox 2189 1951 3848 2036">
    <p class='ocr_par' dir='ltr' id='par_1_51' title="bbox 2189 1951 3848 2036">
     <span class='ocr_line' id='line_1_51' title="bbox 2189 1951 3848 2036; baseline -0.003 -19"><span class='ocrx_word' id='word_1_352' title='bbox 2189 1967 2289 2030; x_wconf 77' lang='grc' dir='ltr'>τῆς</span> <span class='ocrx_word' id='word_1_353' title='bbox 2322 1957 2594 2036; x_wconf 72' lang='grc' dir='ltr'>ἀχράντου</span> <span class='ocrx_word' id='word_1_354' title='bbox 2654 1957 2884 2032; x_wconf 83' lang='grc' dir='ltr'>ὀνόματι</span> <span class='ocrx_word' id='word_1_355' title='bbox 2933 1963 3216 2034; x_wconf 84' lang='grc' dir='ltr'>σαρκικοῖς</span> <span class='ocrx_word' id='word_1_356' title='bbox 3273 1958 3494 2022; x_wconf 80' lang='grc' dir='ltr'>πάθεσιν</span> <span class='ocrx_word' id='word_1_357' title='bbox 3549 1951 3848 2034; x_wconf 75' lang='grc' dir='ltr'>ὑϐριζόμε-</span> 
     </span>
    </p>
   </div>
   <div class='ocr_carea' id='block_1_52' title="bbox 2190 2044 3848 2124">
    <p class='ocr_par' dir='ltr' id='par_1_52' title="bbox 2190 2044 3848 2124">
     <span class='ocr_line' id='line_1_52' title="bbox 2190 2044 3848 2124; baseline -0.004 -18"><span class='ocrx_word' id='word_1_358' title='bbox 2190 2072 2301 2107; x_wconf 92' lang='grc' dir='ltr'>νον.</span> <span class='ocrx_word' id='word_1_359' title='bbox 2335 2051 2414 2108; x_wconf 80' lang='grc' dir='ltr'><strong>Οὐ</strong></span> <span class='ocrx_word' id='word_1_360' title='bbox 2460 2050 2563 2124; x_wconf 82' lang='grc' dir='ltr'><strong>γάρ</strong></span> <span class='ocrx_word' id='word_1_361' title='bbox 2624 2048 2764 2104; x_wconf 73' lang='grc' dir='ltr'>ἐστιν</span> <span class='ocrx_word' id='word_1_362' title='bbox 2817 2050 2852 2119; x_wconf 82' lang='grc' dir='ltr'>ἠ</span> <span class='ocrx_word' id='word_1_363' title='bbox 2907 2046 3086 2123; x_wconf 72' lang='grc' dir='ltr'>ἀγάπη</span> <span class='ocrx_word' id='word_1_364' title='bbox 3144 2045 3380 2111; x_wconf 86' lang='grc' dir='ltr'>διάθεσις</span> <span class='ocrx_word' id='word_1_365' title='bbox 3437 2044 3704 2114; x_wconf 72' lang='grc' dir='ltr'>ὕπουλος,</span> <span class='ocrx_word' id='word_1_366' title='bbox 3756 2047 3848 2100; x_wconf 80' lang='grc' dir='ltr'><strong>καὶ</strong></span> 
     </span>
    </p>
   </div>
   <div class='ocr_carea' id='block_1_53' title="bbox 2197 2132 3854 2219">
    <p class='ocr_par' dir='ltr' id='par_1_53' title="bbox 2197 2132 3854 2219">
     <span class='ocr_line' id='line_1_53' title="bbox 2197 2132 3854 2219; baseline -0.003 -24"><span class='ocrx_word' id='word_1_367' title='bbox 2197 2139 2476 2219; x_wconf 89' lang='grc' dir='ltr'>μόρφωσις</span> <span class='ocrx_word' id='word_1_368' title='bbox 2507 2137 2741 2210; x_wconf 83' lang='grc' dir='ltr'>εὐνοίας,</span> <span class='ocrx_word' id='word_1_369' title='bbox 2773 2137 2862 2192; x_wconf 84' lang='grc' dir='ltr'><strong>καὶ</strong></span> <span class='ocrx_word' id='word_1_370' title='bbox 2891 2133 3061 2206; x_wconf 73' lang='grc' dir='ltr'>ἡδονή</span> <span class='ocrx_word' id='word_1_371' title='bbox 3096 2133 3465 2209; x_wconf 75' lang='grc' dir='ltr'>δουλουμένη,</span> <span class='ocrx_word' id='word_1_372' title='bbox 3491 2134 3582 2190; x_wconf 75' lang='grc' dir='ltr'><strong>καὶ</strong></span> <span class='ocrx_word' id='word_1_373' title='bbox 3615 2132 3854 2204; x_wconf 78' lang='grc' dir='ltr'>ζωώδης</span> 
     </span>
    </p>
   </div>
   <div class='ocr_carea' id='block_1_54' title="bbox 2192 2222 3854 2304">
    <p class='ocr_par' dir='ltr' id='par_1_54' title="bbox 2192 2222 3854 2304">
     <span class='ocr_line' id='line_1_54' title="bbox 2192 2222 3854 2304; baseline -0.004 -21"><span class='ocrx_word' id='word_1_374' title='bbox 2192 2229 2559 2304; x_wconf 77' lang='grc' dir='ltr'>προσπάθειαο</span> <span class='ocrx_word' id='word_1_375' title='bbox 2636 2225 2783 2282; x_wconf 78' lang='grc' dir='ltr'>ἀλλὰ</span> <span class='ocrx_word' id='word_1_376' title='bbox 2855 2230 3125 2300; x_wconf 81' lang='grc' dir='ltr'>σαρκικῶν</span> <span class='ocrx_word' id='word_1_377' title='bbox 3183 2222 3498 2298; x_wconf 74' lang='grc' dir='ltr'>ἰδιωμάτων</span> <span class='ocrx_word' id='word_1_378' title='bbox 3563 2223 3854 2289; x_wconf 81' lang='grc' dir='ltr'>ἀθόλωτος</span> 
     </span>
    </p>
   </div>
   <div class='ocr_carea' id='block_1_55' title="bbox 2196 2311 3855 2392">
    <p class='ocr_par' dir='ltr' id='par_1_55' title="bbox 2196 2311 3855 2392">
     <span class='ocr_line' id='line_1_55' title="bbox 2196 2311 3855 2392; baseline -0.004 -19"><span class='ocrx_word' id='word_1_379' title='bbox 2196 2316 2399 2389; x_wconf 68' lang='grc' dir='ltr'>εὔνοια,</span> <span class='ocrx_word' id='word_1_380' title='bbox 2455 2316 2545 2372; x_wconf 81' lang='grc' dir='ltr'><strong>καὶ</strong></span> <span class='ocrx_word' id='word_1_381' title='bbox 2578 2316 2765 2392; x_wconf 71' lang='grc' dir='ltr'>εἰρήνη</span> <span class='ocrx_word' id='word_1_382' title='bbox 2824 2319 3033 2380; x_wconf 86' lang='grc' dir='ltr'>παθῶν,</span> <span class='ocrx_word' id='word_1_383' title='bbox 3075 2313 3164 2370; x_wconf 80' lang='grc' dir='ltr'>καὶ</span> <span class='ocrx_word' id='word_1_384' title='bbox 3194 2314 3458 2388; x_wconf 78' lang='grc' dir='ltr'>ἁγιασμὸς</span> <span class='ocrx_word' id='word_1_385' title='bbox 3487 2311 3540 2368; x_wconf 72' lang='grc' dir='ltr'>ἐν</span> <span class='ocrx_word' id='word_1_386' title='bbox 3575 2311 3855 2385; x_wconf 80' lang='grc' dir='ltr'>Πνεύματι</span> 
     </span>
    </p>
   </div>
   <div class='ocr_carea' id='block_1_56' title="bbox 2198 2401 3856 2483">
    <p class='ocr_par' dir='ltr' id='par_1_56' title="bbox 2198 2401 3856 2483">
     <span class='ocr_line' id='line_1_56' title="bbox 2198 2401 3856 2483; baseline -0.004 -21"><span class='ocrx_word' id='word_1_387' title='bbox 2198 2406 2353 2483; x_wconf 78' lang='grc' dir='ltr'>ἁγίῳ.</span> <span class='ocrx_word' id='word_1_388' title='bbox 2389 2405 2452 2464; x_wconf 69' lang='grc' dir='ltr'><strong>Εἴ</strong></span> <span class='ocrx_word' id='word_1_389' title='bbox 2481 2404 2536 2461; x_wconf 76' lang='grc' dir='ltr'>δὲ</span> <span class='ocrx_word' id='word_1_390' title='bbox 2561 2402 2632 2460; x_wconf 87' lang='grc' dir='ltr'>δι’</span> <span class='ocrx_word' id='word_1_391' title='bbox 2663 2403 2876 2480; x_wconf 81' lang='grc' dir='ltr'>ἀγάπην</span> <span class='ocrx_word' id='word_1_392' title='bbox 2925 2403 2953 2458; x_wconf 83' lang='grc' dir='ltr'>ὁ</span> <span class='ocrx_word' id='word_1_393' title='bbox 2985 2401 3214 2482; x_wconf 82' lang='grc' dir='ltr'>ἀδελφός</span> <span class='ocrx_word' id='word_1_394' title='bbox 3246 2424 3339 2458; x_wconf 90' lang='grc' dir='ltr'><strong>σου</strong></span> <span class='ocrx_word' id='word_1_395' title='bbox 3399 2401 3683 2472; x_wconf 87' lang='grc' dir='ltr'>λυπεῖται,</span> <span class='ocrx_word' id='word_1_396' title='bbox 3717 2402 3856 2456; x_wconf 80' lang='grc' dir='ltr'>οὐκ-</span> 
     </span>
    </p>
   </div>
   <div class='ocr_carea' id='block_1_57' title="bbox 2197 2491 3858 2570">
    <p class='ocr_par' dir='ltr' id='par_1_57' title="bbox 2197 2491 3858 2570">
     <span class='ocr_line' id='line_1_57' title="bbox 2197 2491 3858 2570; baseline -0.003 -19"><span class='ocrx_word' id='word_1_397' title='bbox 2197 2496 2275 2552; x_wconf 84' lang='grc' dir='ltr'>ἑτι</span> <span class='ocrx_word' id='word_1_398' title='bbox 2303 2497 2440 2550; x_wconf 84' lang='grc' dir='ltr'>κατὰ</span> <span class='ocrx_word' id='word_1_399' title='bbox 2496 2496 2712 2570; x_wconf 82' lang='grc' dir='ltr'>ἀγάπην</span> <span class='ocrx_word' id='word_1_400' title='bbox 2769 2498 3100 2570; x_wconf 75' lang='grc' dir='ltr'>περιπατεῖς.</span> <span class='ocrx_word' id='word_1_401' title='bbox 3163 2493 3252 2561; x_wconf 77' lang='grc' dir='ltr'><strong>Μὴ</strong></span> <span class='ocrx_word' id='word_1_402' title='bbox 3304 2495 3373 2566; x_wconf 79' lang='grc' dir='ltr'><strong>τῇ</strong></span> <span class='ocrx_word' id='word_1_403' title='bbox 3407 2491 3589 2567; x_wconf 72' lang='grc' dir='ltr'>ἀγάπῃ</span> <span class='ocrx_word' id='word_1_404' title='bbox 3650 2495 3721 2564; x_wconf 76' lang='grc' dir='ltr'><strong>τῇ</strong></span> <span class='ocrx_word' id='word_1_405' title='bbox 3787 2494 3858 2565; x_wconf 80' lang='grc' dir='ltr'><strong>σῇ</strong></span> 
     </span>
    </p>
   </div>
   <div class='ocr_carea' id='block_1_58' title="bbox 2196 2576 3859 2659">
    <p class='ocr_par' dir='ltr' id='par_1_58' title="bbox 2196 2576 3859 2659">
     <span class='ocr_line' id='line_1_58' title="bbox 2196 2576 3859 2659; baseline -0.005 -18"><span class='ocrx_word' id='word_1_406' title='bbox 2196 2583 2431 2641; x_wconf 85' lang='grc' dir='ltr'>κατάλυε</span> <span class='ocrx_word' id='word_1_407' title='bbox 2458 2585 2520 2640; x_wconf 88' lang='grc' dir='ltr'>τὸ</span> <span class='ocrx_word' id='word_1_408' title='bbox 2577 2582 2730 2659; x_wconf 65' lang='grc' dir='ltr'>ἔργον</span> <span class='ocrx_word' id='word_1_409' title='bbox 2787 2590 2888 2652; x_wconf 77' lang='grc' dir='ltr'>τῆς</span> <span class='ocrx_word' id='word_1_410' title='bbox 2924 2579 3096 2644; x_wconf 76' lang='grc' dir='ltr'>ὄντως</span> <span class='ocrx_word' id='word_1_411' title='bbox 3129 2583 3361 2656; x_wconf 58' lang='grc' dir='ltr'>ἀγάπης</span> <span class='ocrx_word' id='word_1_412' title='bbox 3409 2577 3550 2654; x_wconf 74' lang='grc' dir='ltr'>μηδὲ</span> <span class='ocrx_word' id='word_1_413' title='bbox 3579 2583 3649 2654; x_wconf 76' lang='grc' dir='ltr'><strong>τῇ</strong></span> <span class='ocrx_word' id='word_1_414' title='bbox 3682 2576 3859 2654; x_wconf 79' lang='grc' dir='ltr'>ψευδ-</span> 
     </span>
    </p>
   </div>
   <div class='ocr_carea' id='block_1_59' title="bbox 2199 2667 3855 2749">
    <p class='ocr_par' dir='ltr' id='par_1_59' title="bbox 2199 2667 3855 2749">
     <span class='ocr_line' id='line_1_59' title="bbox 2199 2667 3855 2749; baseline -0.004 -19"><span class='ocrx_word' id='word_1_415' title='bbox 2199 2673 2402 2748; x_wconf 87' lang='grc' dir='ltr'>ωνύμῳ</span> <span class='ocrx_word' id='word_1_416' title='bbox 2460 2675 2642 2749; x_wconf 76' lang='grc' dir='ltr'>ἀγάπῃ</span> <span class='ocrx_word' id='word_1_417' title='bbox 2676 2670 2921 2728; x_wconf 78' lang='grc' dir='ltr'>ἀπόλλυε</span> <span class='ocrx_word' id='word_1_418' title='bbox 2973 2673 3064 2726; x_wconf 89' lang='grc' dir='ltr'>τὸν</span> <span class='ocrx_word' id='word_1_419' title='bbox 3120 2667 3372 2748; x_wconf 83' lang='grc' dir='ltr'>ἀδελφὸν.</span> <span class='ocrx_word' id='word_1_420' title='bbox 3406 2670 3542 2743; x_wconf 87' lang='grc' dir='ltr'>πρὸς</span> <span class='ocrx_word' id='word_1_421' title='bbox 3597 2671 3855 2739; x_wconf 74' lang='grc' dir='ltr'>κακοήθη</span> 
     </span>
    </p>
   </div>
   <div class='ocr_carea' id='block_1_60' title="bbox 2201 2757 3857 2834">
    <p class='ocr_par' dir='ltr' id='par_1_60' title="bbox 2201 2757 3857 2834">
     <span class='ocr_line' id='line_1_60' title="bbox 2201 2757 3857 2834; baseline -0.004 -14"><span class='ocrx_word' id='word_1_422' title='bbox 2201 2763 2456 2820; x_wconf 85' lang='grc' dir='ltr'>ὑπόνοιαν</span> <span class='ocrx_word' id='word_1_423' title='bbox 2511 2759 2907 2834; x_wconf 76' lang='grc' dir='ltr'>σκανδαλίζων,</span> <span class='ocrx_word' id='word_1_424' title='bbox 2966 2757 3036 2815; x_wconf 86' lang='grc' dir='ltr'>δι’</span> <span class='ocrx_word' id='word_1_425' title='bbox 3087 2760 3146 2815; x_wconf 81' lang='grc' dir='ltr'>ὃν</span> <span class='ocrx_word' id='word_1_426' title='bbox 3207 2760 3234 2815; x_wconf 85' lang='grc' dir='ltr'>ὁ</span> <span class='ocrx_word' id='word_1_427' title='bbox 3289 2759 3518 2834; x_wconf 83' lang='grc' dir='ltr'>Χριστὸς</span> <span class='ocrx_word' id='word_1_428' title='bbox 3574 2758 3857 2814; x_wconf 72' lang='grc' dir='ltr'>ἀπέθανεν.</span> 
     </span>
    </p>
   </div>
   <div class='ocr_carea' id='block_1_61' title="bbox 2200 2843 3861 2926">
    <p class='ocr_par' dir='ltr' id='par_1_61' title="bbox 2200 2843 3861 2926">
     <span class='ocr_line' id='line_1_61' title="bbox 2200 2843 3861 2926; baseline -0.004 -19"><span class='ocrx_word' id='word_1_429' title='bbox 2200 2851 2320 2908; x_wconf 87' lang='grc' dir='ltr'>Ἐάν</span> <span class='ocrx_word' id='word_1_430' title='bbox 2351 2851 2431 2914; x_wconf 88' lang='grc' dir='ltr'><strong>τίς</strong></span> <span class='ocrx_word' id='word_1_431' title='bbox 2464 2873 2522 2907; x_wconf 92' lang='grc' dir='ltr'><strong>σε</strong></span> <span class='ocrx_word' id='word_1_432' title='bbox 2551 2847 2640 2926; x_wconf 66' lang='grc' dir='ltr'><strong>ἴδῃ</strong></span> <span class='ocrx_word' id='word_1_433' title='bbox 2670 2851 2759 2906; x_wconf 82' lang='grc' dir='ltr'>τὸν</span> <span class='ocrx_word' id='word_1_434' title='bbox 2812 2847 3012 2926; x_wconf 82' lang='grc' dir='ltr'>ἔχοντα</span> <span class='ocrx_word' id='word_1_435' title='bbox 3054 2850 3253 2924; x_wconf 84' lang='grc' dir='ltr'>γνῶσιν</span> <span class='ocrx_word' id='word_1_436' title='bbox 3311 2851 3407 2903; x_wconf 78' lang='grc' dir='ltr'><strong>τοῦ</strong></span> <span class='ocrx_word' id='word_1_437' title='bbox 3460 2843 3627 2909; x_wconf 77' lang='grc' dir='ltr'>ὄντως</span> <span class='ocrx_word' id='word_1_438' title='bbox 3679 2845 3861 2901; x_wconf 72' lang='grc' dir='ltr'>καλοῦ</span> 
     </span>
    </p>
   </div>
   <div class='ocr_carea' id='block_1_62' title="bbox 2202 2933 3858 3013">
    <p class='ocr_par' dir='ltr' id='par_1_62' title="bbox 2202 2933 3858 3013">
     <span class='ocr_line' id='line_1_62' title="bbox 2202 2933 3858 3013; baseline -0.007 -15"><span class='ocrx_word' id='word_1_439' title='bbox 2202 2941 2252 2998; x_wconf 73' lang='grc' dir='ltr'>ἒν</span> <span class='ocrx_word' id='word_1_440' title='bbox 2285 2938 2555 3013; x_wconf 71' lang='grc' dir='ltr'>εἴδωλείῳ</span> <span class='ocrx_word' id='word_1_441' title='bbox 2605 2939 3016 3012; x_wconf 87' lang='grc' dir='ltr'>κατακείμενον,</span> <span class='ocrx_word' id='word_1_442' title='bbox 3060 2937 3149 2993; x_wconf 85' lang='grc' dir='ltr'><strong>καὶ</strong></span> <span class='ocrx_word' id='word_1_443' title='bbox 3194 2937 3311 2992; x_wconf 86' lang='grc' dir='ltr'>ἀντῖ</span> <span class='ocrx_word' id='word_1_444' title='bbox 3339 2942 3440 3005; x_wconf 80' lang='grc' dir='ltr'><strong>τῆς</strong></span> <span class='ocrx_word' id='word_1_445' title='bbox 3468 2934 3714 3007; x_wconf 75' lang='grc' dir='ltr'>ἀληθοῦς</span> <span class='ocrx_word' id='word_1_446' title='bbox 3764 2933 3858 2988; x_wconf 67' lang='grc' dir='ltr'>διαὶ</span> 
     </span>
    </p>
   </div>
   <div class='ocr_carea' id='block_1_63' title="bbox 2199 3023 3859 3108">
    <p class='ocr_par' dir='ltr' id='par_1_63' title="bbox 2199 3023 3859 3108">
     <span class='ocr_line' id='line_1_63' title="bbox 2199 3023 3859 3108; baseline -0.005 -22"><span class='ocrx_word' id='word_1_447' title='bbox 2199 3033 2434 3107; x_wconf 78' lang='grc' dir='ltr'>καθαρᾶς</span> <span class='ocrx_word' id='word_1_448' title='bbox 2489 3029 2752 3108; x_wconf 85' lang='grc' dir='ltr'>άφθορίας</span> <span class='ocrx_word' id='word_1_449' title='bbox 2785 3071 2800 3097; x_wconf 92' lang='grc'><strong>,</strong></span> <span class='ocrx_word' id='word_1_450' title='bbox 2867 3029 2930 3084; x_wconf 86' lang='grc' dir='ltr'>τὸ</span> <span class='ocrx_word' id='word_1_451' title='bbox 2981 3024 3209 3083; x_wconf 73' lang='grc' dir='ltr'>εἷ’δωλον</span> <span class='ocrx_word' id='word_1_452' title='bbox 3267 3025 3468 3096; x_wconf 81' lang='grc' dir='ltr'>ταύτης</span> <span class='ocrx_word' id='word_1_453' title='bbox 3521 3023 3575 3080; x_wconf 64' lang='grc' dir='ltr'>ἂν</span> <span class='ocrx_word' id='word_1_454' title='bbox 3634 3025 3859 3096; x_wconf 84' lang='grc' dir='ltr'>σώματι</span> 
     </span>
    </p>
   </div>
   <div class='ocr_carea' id='block_1_64' title="bbox 441 3112 2090 3194">
    <p class='ocr_par' dir='ltr' id='par_1_64' title="bbox 441 3118 2090 3194">
     <span class='ocr_line' id='line_1_64' title="bbox 441 3118 2090 3194; baseline 0.002 -21"><span class='ocrx_word' id='word_1_455' title='bbox 441 3135 591 3192; x_wconf 89' lang='lat' dir='ltr'><strong>pura</strong></span> <span class='ocrx_word' id='word_1_456' title='bbox 620 3118 1055 3192; x_wconf 83' lang='lat' dir='ltr'><strong>incorruptione</strong></span> <span class='ocrx_word' id='word_1_457' title='bbox 1099 3120 1259 3177; x_wconf 89' lang='lat' dir='ltr'><strong>illius</strong></span> <span class='ocrx_word' id='word_1_458' title='bbox 1308 3122 1726 3177; x_wconf 79' lang='lat' dir='ltr'><strong>adumbratam</strong></span> <span class='ocrx_word' id='word_1_459' title='bbox 1765 3121 1824 3178; x_wconf 91' lang='lat' dir='ltr'><strong>in</strong></span> <span class='ocrx_word' id='word_1_460' title='bbox 1855 3137 2090 3194; x_wconf 88' lang='lat' dir='ltr'><strong>corpore</strong></span> 
     </span>
    </p>
   </div>
   <div class='ocr_carea' id='block_1_65' title="bbox 2200 3112 3864 3194">
    <p class='ocr_par' dir='ltr' id='par_1_65' title="bbox 2205 3112 3864 3193">
     <span class='ocr_line' id='line_1_65' title="bbox 2205 3112 3864 3193; baseline -0.006 -17"><span class='ocrx_word' id='word_1_461' title='bbox 2205 3117 2591 3188; x_wconf 83' lang='grc' dir='ltr'>κολακεύοντα,</span> <span class='ocrx_word' id='word_1_462' title='bbox 2644 3117 2776 3193; x_wconf 80' lang='grc' dir='ltr'>οὐχὶ</span> <span class='ocrx_word' id='word_1_463' title='bbox 2825 3119 2860 3188; x_wconf 81' lang='grc' dir='ltr'>ἡ</span> <span class='ocrx_word' id='word_1_464' title='bbox 2915 3113 3216 3188; x_wconf 85' lang='grc' dir='ltr'>συνείδησις</span> <span class='ocrx_word' id='word_1_465' title='bbox 3246 3115 3411 3170; x_wconf 76' lang='grc' dir='ltr'>αὐτοῦ</span> <span class='ocrx_word' id='word_1_466' title='bbox 3441 3114 3668 3181; x_wconf 74' lang='grc' dir='ltr'>ἀσθενὴς</span> <span class='ocrx_word' id='word_1_467' title='bbox 3725 3112 3864 3168; x_wconf 79' lang='grc' dir='ltr'>οὖσα</span> 
     </span>
    </p>
   </div>
   <div class='ocr_carea' id='block_1_66' title="bbox 446 3183 2090 3285">
    <p class='ocr_par' dir='ltr' id='par_1_66' title="bbox 446 3205 2090 3282">
     <span class='ocr_line' id='line_1_66' title="bbox 446 3205 2090 3282; baseline 0.003 -21"><span class='ocrx_word' id='word_1_468' title='bbox 446 3205 835 3262; x_wconf 88' lang='lat' dir='ltr'><strong>simulacrum</strong></span> <span class='ocrx_word' id='word_1_469' title='bbox 882 3207 1206 3277; x_wconf 83' lang='lat' dir='ltr'><strong>colentem;</strong></span> <span class='ocrx_word' id='word_1_470' title='bbox 1239 3226 1431 3266; x_wconf 90' lang='lat' dir='ltr'><strong>nonne</strong></span> <span class='ocrx_word' id='word_1_471' title='bbox 1479 3211 1668 3282; x_wconf 90' lang='lat' dir='ltr'><strong>ipsius</strong></span> <span class='ocrx_word' id='word_1_472' title='bbox 1715 3210 2090 3278; x_wconf 83' lang='lat' dir='ltr'><strong>conscientia,</strong></span> 
     </span>
    </p>
   </div>
   <div class='ocr_carea' id='block_1_67' title="bbox 2200 3183 3864 3285">
    <p class='ocr_par' dir='ltr' id='par_1_67' title="bbox 2213 3183 3864 3285">
     <span class='ocr_line' id='line_1_67' title="bbox 2213 3183 3864 3285; baseline -0.006 -20"><span class='ocrx_word' id='word_1_473' title='bbox 2213 3209 2527 3285; x_wconf 77' lang='grc' dir='ltr'>μολύνεται,</span> <span class='ocrx_word' id='word_1_474' title='bbox 2575 3206 2666 3263; x_wconf 84' lang='grc' dir='ltr'><strong>καὶ</strong></span> <span class='ocrx_word' id='word_1_475' title='bbox 2711 3183 3209 3280; x_wconf 57' lang='grc' dir='ltr'>οῖκοδομηθήσεται</span> <span class='ocrx_word' id='word_1_476' title='bbox 3271 3204 3346 3267; x_wconf 72' lang='grc' dir='ltr'>εἲς</span> <span class='ocrx_word' id='word_1_477' title='bbox 3393 3203 3456 3259; x_wconf 83' lang='grc' dir='ltr'>τὸ</span> <span class='ocrx_word' id='word_1_478' title='bbox 3501 3206 3864 3277; x_wconf 86' lang='grc' dir='ltr'>καταθαρσεῖν</span> 
     </span>
    </p>
   </div>
   <div class='ocr_carea' id='block_1_68' title="bbox 451 3293 2100 3371">
    <p class='ocr_par' dir='ltr' id='par_1_68' title="bbox 451 3293 2100 3371">
     <span class='ocr_line' id='line_1_68' title="bbox 451 3293 2100 3371; baseline 0.004 -23"><span class='ocrx_word' id='word_1_479' title='bbox 451 3309 586 3348; x_wconf 93' lang='lat' dir='ltr'><strong>cum</strong></span> <span class='ocrx_word' id='word_1_480' title='bbox 637 3293 872 3351; x_wconf 82' lang='lat' dir='ltr'><strong>inﬁrma</strong></span> <span class='ocrx_word' id='word_1_481' title='bbox 918 3296 1015 3364; x_wconf 88' lang='lat' dir='ltr'><strong>sit,</strong></span> <span class='ocrx_word' id='word_1_482' title='bbox 1049 3296 1414 3368; x_wconf 86' lang='lat' dir='ltr'><strong>inquinatur,</strong></span> <span class='ocrx_word' id='word_1_483' title='bbox 1449 3303 1624 3370; x_wconf 90' lang='lat' dir='ltr'><strong>atque</strong></span> <span class='ocrx_word' id='word_1_484' title='bbox 1673 3300 1742 3354; x_wconf 89' lang='lat' dir='ltr'><strong>ad</strong></span> <span class='ocrx_word' id='word_1_485' title='bbox 1796 3304 2100 3371; x_wconf 90' lang='lat' dir='ltr'><strong>peccatum</strong></span> 
     </span>
    </p>
   </div>
   <div class='ocr_carea' id='block_1_69' title="bbox 455 3381 2104 3460">
    <p class='ocr_par' dir='ltr' id='par_1_69' title="bbox 455 3381 2104 3460">
     <span class='ocr_line' id='line_1_69' title="bbox 455 3381 2104 3460; baseline 0.004 -22"><span class='ocrx_word' id='word_1_486' title='bbox 455 3381 735 3438; x_wconf 88' lang='lat' dir='ltr'><strong>audacter</strong></span> <span class='ocrx_word' id='word_1_487' title='bbox 765 3384 1116 3456; x_wconf 86' lang='lat' dir='ltr'><strong>patrandum</strong></span> <span class='ocrx_word' id='word_1_488' title='bbox 1137 3385 1523 3441; x_wconf 60' lang='lat' dir='ltr'><strong>adiﬁcabitur</strong></span> <span class='ocrx_word' id='word_1_489' title='bbox 1542 3386 1630 3443; x_wconf 61' lang='lat'><strong>&#39;5?</strong></span> <span class='ocrx_word' id='word_1_490' title='bbox 1657 3387 1747 3443; x_wconf 83' lang='lat' dir='ltr'><strong>Sic</strong></span> <span class='ocrx_word' id='word_1_491' title='bbox 1773 3397 1956 3444; x_wconf 88' lang='lat' dir='ltr'><strong>autem</strong></span> <span class='ocrx_word' id='word_1_492' title='bbox 1982 3405 2104 3460; x_wconf 83' lang='lat' dir='ltr'><strong>pec—</strong></span> 
     </span>
    </p>
   </div>
   <div class='ocr_carea' id='block_1_70' title="bbox 454 3472 2107 3544">
    <p class='ocr_par' dir='ltr' id='par_1_70' title="bbox 454 3472 2107 3544">
     <span class='ocr_line' id='line_1_70' title="bbox 454 3472 2107 3544; baseline 0.002 -15"><span class='ocrx_word' id='word_1_493' title='bbox 454 3473 640 3529; x_wconf 77' lang='lat' dir='ltr'><strong>cantes</strong></span> <span class='ocrx_word' id='word_1_494' title='bbox 672 3472 729 3527; x_wconf 91' lang='lat' dir='ltr'><strong>in</strong></span> <span class='ocrx_word' id='word_1_495' title='bbox 757 3473 990 3542; x_wconf 77' lang='lat' dir='ltr'><strong>fratres,</strong></span> <span class='ocrx_word' id='word_1_496' title='bbox 1022 3477 1070 3529; x_wconf 88' lang='lat' dir='ltr'><strong>et</strong></span> <span class='ocrx_word' id='word_1_497' title='bbox 1099 3474 1465 3544; x_wconf 83' lang='lat' dir='ltr'><strong>percutientes</strong></span> <span class='ocrx_word' id='word_1_498' title='bbox 1494 3477 1884 3532; x_wconf 74' lang='lat' dir='ltr'><strong>conscientiam</strong></span> <span class='ocrx_word' id='word_1_499' title='bbox 1913 3494 2107 3533; x_wconf 83' lang='lat' dir='ltr'><strong>eorum</strong></span> 
     </span>
    </p>
   </div>
   <div class='ocr_carea' id='block_1_71' title="bbox 457 3560 2107 3638">
    <p class='ocr_par' dir='ltr' id='par_1_71' title="bbox 457 3560 2107 3638">
     <span class='ocr_line' id='line_1_71' title="bbox 457 3560 2107 3638; baseline 0.005 -24"><span class='ocrx_word' id='word_1_500' title='bbox 457 3560 763 3630; x_wconf 84' lang='lat' dir='ltr'><strong>inﬁrmam,</strong></span> <span class='ocrx_word' id='word_1_501' title='bbox 803 3563 863 3617; x_wconf 83' lang='lat' dir='ltr'><strong>in</strong></span> <span class='ocrx_word' id='word_1_502' title='bbox 908 3562 1187 3618; x_wconf 78' lang='lat' dir='ltr'><strong>Christum</strong></span> <span class='ocrx_word' id='word_1_503' title='bbox 1225 3565 1478 3629; x_wconf 77' lang='lat' dir='ltr'><strong>peccatis.</strong></span> <span class='ocrx_word' id='word_1_504' title='bbox 1515 3564 1852 3638; x_wconf 78' lang='lat' dir='ltr'><strong>Quapmpter</strong></span> <span class='ocrx_word' id='word_1_505' title='bbox 1889 3569 1942 3622; x_wconf 83' lang='lat' dir='ltr'><strong>si</strong></span> <span class='ocrx_word' id='word_1_506' title='bbox 1987 3584 2107 3623; x_wconf 84' lang='lat' dir='ltr'><strong>esca</strong></span> 
     </span>
    </p>
   </div>
   <div class='ocr_carea' id='block_1_72' title="bbox 458 3649 2107 3720">
    <p class='ocr_par' dir='ltr' id='par_1_72' title="bbox 458 3649 2107 3720">
     <span class='ocr_line' id='line_1_72' title="bbox 458 3649 2107 3720; baseline 0.006 -17"><span class='ocrx_word' id='word_1_507' title='bbox 458 3649 809 3705; x_wconf 68' lang='lat' dir='ltr'><strong>scandalizat</strong></span> <span class='ocrx_word' id='word_1_508' title='bbox 835 3653 1073 3720; x_wconf 80' lang='lat' dir='ltr'><strong>fratrem</strong></span> <span class='ocrx_word' id='word_1_509' title='bbox 1116 3669 1322 3717; x_wconf 84' lang='lat' dir='ltr'><strong>meum,</strong></span> <span class='ocrx_word' id='word_1_510' title='bbox 1354 3669 1464 3708; x_wconf 88' lang='lat' dir='ltr'><strong>non</strong></span> <span class='ocrx_word' id='word_1_511' title='bbox 1504 3653 1850 3711; x_wconf 85' lang='lat' dir='ltr'><strong>manducabo</strong></span> <span class='ocrx_word' id='word_1_512' title='bbox 1879 3672 2107 3713; x_wconf 90' lang='lat' dir='ltr'><strong>carnem</strong></span> 
     </span>
    </p>
   </div>
   <div class='ocr_carea' id='block_1_73' title="bbox 461 3740 2112 3818">
    <p class='ocr_par' dir='ltr' id='par_1_73' title="bbox 461 3740 2112 3818">
     <span class='ocr_line' id='line_1_73' title="bbox 461 3740 2112 3818; baseline 0.005 -25"><span class='ocrx_word' id='word_1_513' title='bbox 461 3740 520 3793; x_wconf 87' lang='lat' dir='ltr'><strong>in</strong></span> <span class='ocrx_word' id='word_1_514' title='bbox 540 3741 916 3809; x_wconf 65' lang='lat' dir='ltr'><strong>aeternumme</strong></span> <span class='ocrx_word' id='word_1_515' title='bbox 931 3743 1161 3810; x_wconf 76' lang='lat' dir='ltr'><strong>fratrem</strong></span> <span class='ocrx_word' id='word_1_516' title='bbox 1184 3757 1366 3796; x_wconf 86' lang='lat' dir='ltr'><strong>meum</strong></span> <span class='ocrx_word' id='word_1_517' title='bbox 1384 3743 1751 3798; x_wconf 65' lang='lat' dir='ltr'><strong>scandalizem</strong></span> <span class='ocrx_word' id='word_1_518' title='bbox 1770 3745 1832 3801; x_wconf 73' lang='grc'><strong>³⁷.</strong></span> <span class='ocrx_word' id='word_1_519' title='bbox 1848 3745 2112 3818; x_wconf 84' lang='lat' dir='ltr'><strong>Nunquid</strong></span> 
     </span>
    </p>
   </div>
   <div class='ocr_carea' id='block_1_74' title="bbox 460 3826 2108 3900">
    <p class='ocr_par' dir='ltr' id='par_1_74' title="bbox 460 3826 2108 3900">
     <span class='ocr_line' id='line_1_74' title="bbox 460 3826 2108 3900; baseline 0.006 -18"><span class='ocrx_word' id='word_1_520' title='bbox 460 3843 571 3883; x_wconf 87' lang='lat' dir='ltr'><strong>non</strong></span> <span class='ocrx_word' id='word_1_521' title='bbox 593 3826 852 3883; x_wconf 80' lang='lat' dir='ltr'><strong>habemus</strong></span> <span class='ocrx_word' id='word_1_522' title='bbox 870 3832 1187 3900; x_wconf 84' lang='lat' dir='ltr'><strong>potestatem</strong></span> <span class='ocrx_word' id='word_1_523' title='bbox 1210 3831 1585 3887; x_wconf 85' lang='lat' dir='ltr'><strong>manducandi</strong></span> <span class='ocrx_word' id='word_1_524' title='bbox 1603 3841 1655 3888; x_wconf 85' lang='lat' dir='ltr'><strong>et</strong></span> <span class='ocrx_word' id='word_1_525' title='bbox 1675 3833 1937 3892; x_wconf 81' lang='lat' dir='ltr'><strong>bibendi’</strong></span> <span class='ocrx_word' id='word_1_526' title='bbox 1956 3835 2108 3892; x_wconf 85' lang='lat' dir='ltr'><strong>Nun-</strong></span> 
     </span>
    </p>
   </div>
   <div class='ocr_carea' id='block_1_75' title="bbox 457 3916 2104 3991">
    <p class='ocr_par' dir='ltr' id='par_1_75' title="bbox 457 3916 2104 3991">
     <span class='ocr_line' id='line_1_75' title="bbox 457 3916 2104 3991; baseline 0.005 -20"><span class='ocrx_word' id='word_1_527' title='bbox 457 3916 588 3988; x_wconf 84' lang='lat' dir='ltr'><strong>quid</strong></span> <span class='ocrx_word' id='word_1_528' title='bbox 615 3932 726 3973; x_wconf 85' lang='lat' dir='ltr'><strong>non</strong></span> <span class='ocrx_word' id='word_1_529' title='bbox 755 3916 1015 3974; x_wconf 78' lang='lat' dir='ltr'><strong>habemus</strong></span> <span class='ocrx_word' id='word_1_530' title='bbox 1041 3923 1356 3991; x_wconf 83' lang='lat' dir='ltr'><strong>potestatem</strong></span> <span class='ocrx_word' id='word_1_531' title='bbox 1386 3937 1626 3979; x_wconf 86' lang='lat' dir='ltr'><strong>sororem</strong></span> <span class='ocrx_word' id='word_1_532' title='bbox 1667 3925 1960 3980; x_wconf 81' lang='lat' dir='ltr'><strong>mulierem</strong></span> <span class='ocrx_word' id='word_1_533' title='bbox 1989 3943 2104 3982; x_wconf 71' lang='lat' dir='ltr'><strong>ctr-</strong></span> 
     </span>
    </p>
   </div>
   <div class='ocr_carea' id='block_1_76' title="bbox 458 4005 2106 4087">
    <p class='ocr_par' dir='ltr' id='par_1_76' title="bbox 458 4005 2106 4087">
     <span class='ocr_line' id='line_1_76' title="bbox 458 4005 2106 4087; baseline 0.006 -26"><span class='ocrx_word' id='word_1_534' title='bbox 458 4005 926 4063; x_wconf 71' lang='lat' dir='ltr'><strong>cumducendi”?</strong></span> <span class='ocrx_word' id='word_1_535' title='bbox 956 4007 1090 4077; x_wconf 89' lang='lat' dir='ltr'><strong>Sed,</strong></span> <span class='ocrx_word' id='word_1_536' title='bbox 1125 4008 1333 4080; x_wconf 90' lang='lat' dir='ltr'><strong>inquil,</strong></span> <span class='ocrx_word' id='word_1_537' title='bbox 1367 4027 1482 4066; x_wconf 93' lang='lat' dir='ltr'><strong>non</strong></span> <span class='ocrx_word' id='word_1_538' title='bbox 1514 4028 1659 4068; x_wconf 91' lang='lat' dir='ltr'><strong>usus</strong></span> <span class='ocrx_word' id='word_1_539' title='bbox 1699 4030 1831 4069; x_wconf 92' lang='lat' dir='ltr'><strong>sum</strong></span> <span class='ocrx_word' id='word_1_540' title='bbox 1864 4013 1974 4070; x_wconf 87' lang='lat' dir='ltr'><strong>hac</strong></span> <span class='ocrx_word' id='word_1_541' title='bbox 2004 4032 2106 4087; x_wconf 87' lang='lat' dir='ltr'><strong>po-</strong></span> 
     </span>
    </p>
   </div>
   <div class='ocr_carea' id='block_1_77' title="bbox 455 4095 2107 4175">
    <p class='ocr_par' dir='ltr' id='par_1_77' title="bbox 455 4095 2107 4175">
     <span class='ocr_line' id='line_1_77' title="bbox 455 4095 2107 4175; baseline 0.005 -24"><span class='ocrx_word' id='word_1_542' title='bbox 455 4097 694 4165; x_wconf 86' lang='lat' dir='ltr'><strong>testate;</strong></span> <span class='ocrx_word' id='word_1_543' title='bbox 720 4095 940 4153; x_wconf 90' lang='lat' dir='ltr'><strong>bonum</strong></span> <span class='ocrx_word' id='word_1_544' title='bbox 974 4101 1063 4153; x_wconf 91' lang='lat' dir='ltr'><strong>est</strong></span> <span class='ocrx_word' id='word_1_545' title='bbox 1092 4097 1232 4152; x_wconf 89' lang='lat' dir='ltr'><strong>mihi</strong></span> <span class='ocrx_word' id='word_1_546' title='bbox 1257 4099 1404 4155; x_wconf 89' lang='lat' dir='ltr'><strong>mori</strong></span> <span class='ocrx_word' id='word_1_547' title='bbox 1433 4101 1646 4172; x_wconf 89' lang='lat' dir='ltr'><strong>potius,</strong></span> <span class='ocrx_word' id='word_1_548' title='bbox 1672 4118 1848 4171; x_wconf 89' lang='lat' dir='ltr'><strong>quam</strong></span> <span class='ocrx_word' id='word_1_549' title='bbox 1880 4107 1943 4157; x_wconf 91' lang='lat' dir='ltr'><strong>ut</strong></span> <span class='ocrx_word' id='word_1_550' title='bbox 1973 4103 2107 4175; x_wconf 91' lang='lat' dir='ltr'><strong>quis</strong></span> 
     </span>
    </p>
   </div>
   <div class='ocr_carea' id='block_1_78' title="bbox 454 4184 2106 4259">
    <p class='ocr_par' dir='ltr' id='par_1_78' title="bbox 454 4184 2106 4259">
     <span class='ocr_line' id='line_1_78' title="bbox 454 4184 2106 4259; baseline 0.004 -19"><span class='ocrx_word' id='word_1_551' title='bbox 454 4184 864 4257; x_wconf 86' lang='lat' dir='ltr'><strong>gloriationem</strong></span> <span class='ocrx_word' id='word_1_552' title='bbox 895 4202 1085 4242; x_wconf 86' lang='lat' dir='ltr'><strong>meam</strong></span> <span class='ocrx_word' id='word_1_553' title='bbox 1116 4185 1448 4258; x_wconf 87' lang='lat' dir='ltr'><strong>virginitate</strong></span> <span class='ocrx_word' id='word_1_554' title='bbox 1485 4193 1709 4259; x_wconf 88' lang='lat' dir='ltr'><strong>partam</strong></span> <span class='ocrx_word' id='word_1_555' title='bbox 1743 4189 1948 4245; x_wconf 87' lang='lat' dir='ltr'><strong>reddat</strong></span> <span class='ocrx_word' id='word_1_556' title='bbox 1975 4190 2106 4248; x_wconf 90' lang='lat' dir='ltr'><strong>ina-</strong></span> 
     </span>
    </p>
   </div>
   <div class='ocr_carea' id='block_1_79' title="bbox 456 4274 2106 4347">
    <p class='ocr_par' dir='ltr' id='par_1_79' title="bbox 456 4274 2106 4347">
     <span class='ocr_line' id='line_1_79' title="bbox 456 4274 2106 4347; baseline 0.004 -17"><span class='ocrx_word' id='word_1_557' title='bbox 456 4291 590 4330; x_wconf 89' lang='lat' dir='ltr'><strong>nem</strong></span> <span class='ocrx_word' id='word_1_558' title='bbox 613 4274 680 4328; x_wconf 74' lang='lat'><strong>”.</strong></span> <span class='ocrx_word' id='word_1_559' title='bbox 718 4274 916 4329; x_wconf 83' lang='lat' dir='ltr'><strong>Tribus</strong></span> <span class='ocrx_word' id='word_1_560' title='bbox 963 4289 1099 4346; x_wconf 89' lang='lat' dir='ltr'><strong>ergo</strong></span> <span class='ocrx_word' id='word_1_561' title='bbox 1151 4275 1274 4330; x_wconf 86' lang='lat' dir='ltr'><strong>Levi</strong></span> <span class='ocrx_word' id='word_1_562' title='bbox 1300 4291 1565 4347; x_wconf 81' lang='lat' dir='ltr'><strong>seorsum,</strong></span> <span class='ocrx_word' id='word_1_563' title='bbox 1596 4284 1646 4332; x_wconf 90' lang='lat' dir='ltr'><strong>et</strong></span> <span class='ocrx_word' id='word_1_564' title='bbox 1675 4292 1870 4334; x_wconf 74' lang='lat' dir='ltr'><strong>uxores</strong></span> <span class='ocrx_word' id='word_1_565' title='bbox 1916 4294 2106 4336; x_wconf 89' lang='lat' dir='ltr'><strong>eorum</strong></span> 
     </span>
    </p>
   </div>
   <div class='ocr_carea' id='block_1_80' title="bbox 452 4362 785 4418">
    <p class='ocr_par' dir='ltr' id='par_1_80' title="bbox 452 4362 785 4418">
     <span class='ocr_line' id='line_1_80' title="bbox 452 4362 785 4418; baseline 0.003 -3"><span class='ocrx_word' id='word_1_566' title='bbox 452 4377 695 4418; x_wconf 83' lang='lat' dir='ltr'><strong>seorsum</strong></span> <span class='ocrx_word' id='word_1_567' title='bbox 721 4362 785 4416; x_wconf 70' lang='grc'><strong>³⁵.</strong></span> 
     </span>
    </p>
   </div>
   <div class='ocr_carea' id='block_1_81' title="bbox 526 4449 2102 4530">
    <p class='ocr_par' dir='ltr' id='par_1_81' title="bbox 526 4449 2102 4530">
     <span class='ocr_line' id='line_1_81' title="bbox 526 4449 2102 4530; baseline 0.007 -25"><span class='ocrx_word' id='word_1_568' title='bbox 526 4450 615 4505; x_wconf 74' lang='grc'>44.</span> <span class='ocrx_word' id='word_1_569' title='bbox 649 4450 849 4521; x_wconf 90' lang='lat' dir='ltr'><strong>Neque</strong></span> <span class='ocrx_word' id='word_1_570' title='bbox 877 4449 968 4506; x_wconf 91' lang='lat' dir='ltr'><strong>his</strong></span> <span class='ocrx_word' id='word_1_571' title='bbox 1001 4450 1383 4507; x_wconf 88' lang='lat' dir='ltr'><strong>dehortamur</strong></span> <span class='ocrx_word' id='word_1_572' title='bbox 1420 4452 1739 4524; x_wconf 91' lang='lat' dir='ltr'><strong>quominus</strong></span> <span class='ocrx_word' id='word_1_573' title='bbox 1777 4455 2102 4530; x_wconf 81' lang='lat' dir='ltr'><strong>diligantur</strong></span> 
     </span>
    </p>
   </div>
   <div class='ocr_carea' id='block_1_82' title="bbox 2208 3286 3866 3372">
    <p class='ocr_par' dir='ltr' id='par_1_82' title="bbox 2208 3286 3866 3372">
     <span class='ocr_line' id='line_1_82' title="bbox 2208 3286 3866 3372; baseline -0.007 -17"><span class='ocrx_word' id='word_1_574' title='bbox 2208 3306 2309 3369; x_wconf 84' lang='grc' dir='ltr'><strong>τῆς</strong></span> <span class='ocrx_word' id='word_1_575' title='bbox 2385 3295 2687 3372; x_wconf 77' lang='grc' dir='ltr'>ἀμαρτίαςς</span> <span class='ocrx_word' id='word_1_576' title='bbox 2764 3293 2923 3354; x_wconf 74' lang='grc' dir='ltr'>Οὕτω</span> <span class='ocrx_word' id='word_1_577' title='bbox 2999 3291 3057 3350; x_wconf 82' lang='grc' dir='ltr'>δὶ</span> <span class='ocrx_word' id='word_1_578' title='bbox 3121 3291 3522 3368; x_wconf 80' lang='grc' dir='ltr'>ἁμαρτάνοντες</span> <span class='ocrx_word' id='word_1_579' title='bbox 3601 3286 3694 3355; x_wconf 82' lang='grc' dir='ltr'><strong>είς</strong></span> <span class='ocrx_word' id='word_1_580' title='bbox 3733 3290 3866 3354; x_wconf 72' lang='grc' dir='ltr'>τοὺς</span> 
     </span>
    </p>
   </div>
   <div class='ocr_carea' id='block_1_83' title="bbox 2213 3377 3864 3465">
    <p class='ocr_par' dir='ltr' id='par_1_83' title="bbox 2213 3377 3864 3465">
     <span class='ocr_line' id='line_1_83' title="bbox 2213 3377 3864 3465; baseline -0.006 -22"><span class='ocrx_word' id='word_1_581' title='bbox 2213 3384 2480 3465; x_wconf 77' lang='grc' dir='ltr'>ἀδελφοὺς</span> <span class='ocrx_word' id='word_1_582' title='bbox 2554 3387 2644 3441; x_wconf 86' lang='grc' dir='ltr'><strong>καὶ</strong></span> <span class='ocrx_word' id='word_1_583' title='bbox 2723 3383 3013 3446; x_wconf 86' lang='grc' dir='ltr'>τύπτοντες</span> <span class='ocrx_word' id='word_1_584' title='bbox 3099 3382 3272 3437; x_wconf 73' lang='grc' dir='ltr'>αὐτῶν</span> <span class='ocrx_word' id='word_1_585' title='bbox 3361 3382 3462 3450; x_wconf 72' lang='grc' dir='ltr'>τὴν</span> <span class='ocrx_word' id='word_1_586' title='bbox 3548 3377 3864 3450; x_wconf 79' lang='grc' dir='ltr'>συνείδησιν</span> 
     </span>
    </p>
   </div>
   <div class='ocr_carea' id='block_1_84' title="bbox 2214 3462 3868 3549">
    <p class='ocr_par' dir='ltr' id='par_1_84' title="bbox 2214 3462 3868 3549">
     <span class='ocr_line' id='line_1_84' title="bbox 2214 3462 3868 3549; baseline -0.006 -18"><span class='ocrx_word' id='word_1_587' title='bbox 2214 3462 2559 3544; x_wconf 73' lang='grc' dir='ltr'>ἀσθενοῦσαν,</span> <span class='ocrx_word' id='word_1_588' title='bbox 2647 3474 2722 3537; x_wconf 81' lang='grc' dir='ltr'><strong>είς</strong></span> <span class='ocrx_word' id='word_1_589' title='bbox 2805 3472 3038 3549; x_wconf 84' lang='grc' dir='ltr'>Χριστὸν</span> <span class='ocrx_word' id='word_1_590' title='bbox 3125 3469 3476 3547; x_wconf 83' lang='grc' dir='ltr'>ἁμαρτάνετε.</span> <span class='ocrx_word' id='word_1_591' title='bbox 3554 3462 3752 3544; x_wconf 77' lang='grc' dir='ltr'>Διόπερ</span> <span class='ocrx_word' id='word_1_592' title='bbox 3819 3468 3868 3522; x_wconf 71' lang='grc' dir='ltr'>εἰ</span> 
     </span>
    </p>
   </div>
   <div class='ocr_carea' id='block_1_85' title="bbox 2219 3555 3868 3642">
    <p class='ocr_par' dir='ltr' id='par_1_85' title="bbox 2219 3555 3868 3642">
     <span class='ocr_line' id='line_1_85' title="bbox 2219 3555 3868 3642; baseline -0.005 -24"><span class='ocrx_word' id='word_1_593' title='bbox 2219 3567 2414 3642; x_wconf 79' lang='grc' dir='ltr'>βρῶμα</span> <span class='ocrx_word' id='word_1_594' title='bbox 2479 3561 2817 3632; x_wconf 84' lang='grc' dir='ltr'>σκανδαλίζει</span> <span class='ocrx_word' id='word_1_595' title='bbox 2869 3563 2960 3617; x_wconf 85' lang='grc' dir='ltr'>τὸν</span> <span class='ocrx_word' id='word_1_596' title='bbox 3023 3557 3254 3638; x_wconf 86' lang='grc' dir='ltr'>ἀδελφόν</span> <span class='ocrx_word' id='word_1_597' title='bbox 3318 3580 3449 3632; x_wconf 88' lang='grc' dir='ltr'>μου,</span> <span class='ocrx_word' id='word_1_598' title='bbox 3481 3555 3543 3612; x_wconf 78' lang='grc' dir='ltr'>οὗ</span> <span class='ocrx_word' id='word_1_599' title='bbox 3601 3559 3678 3630; x_wconf 71' lang='grc' dir='ltr'><strong>μὴ</strong></span> <span class='ocrx_word' id='word_1_600' title='bbox 3706 3558 3868 3635; x_wconf 79' lang='grc' dir='ltr'>φάγω</span> 
     </span>
    </p>
   </div>
   <div class='ocr_carea' id='block_1_86' title="bbox 2213 3643 3869 3731">
    <p class='ocr_par' dir='ltr' id='par_1_86' title="bbox 2213 3643 3869 3731">
     <span class='ocr_line' id='line_1_86' title="bbox 2213 3643 3869 3731; baseline -0.007 -20"><span class='ocrx_word' id='word_1_601' title='bbox 2213 3655 2343 3731; x_wconf 66' lang='grc' dir='ltr'>κρέα</span> <span class='ocrx_word' id='word_1_602' title='bbox 2424 3653 2498 3716; x_wconf 81' lang='grc' dir='ltr'><strong>είς</strong></span> <span class='ocrx_word' id='word_1_603' title='bbox 2582 3653 2672 3708; x_wconf 83' lang='grc' dir='ltr'><strong>τὸν</strong></span> <span class='ocrx_word' id='word_1_604' title='bbox 2755 3651 2946 3721; x_wconf 82' lang='grc' dir='ltr'>αίῶνα,</span> <span class='ocrx_word' id='word_1_605' title='bbox 3017 3648 3112 3704; x_wconf 75' lang='grc' dir='ltr'>’ίνα</span> <span class='ocrx_word' id='word_1_606' title='bbox 3171 3649 3246 3723; x_wconf 78' lang='grc' dir='ltr'><strong>μὴ</strong></span> <span class='ocrx_word' id='word_1_607' title='bbox 3310 3649 3400 3703; x_wconf 87' lang='grc' dir='ltr'>τὸν</span> <span class='ocrx_word' id='word_1_608' title='bbox 3460 3643 3693 3724; x_wconf 84' lang='grc' dir='ltr'>ἀδελφόν</span> <span class='ocrx_word' id='word_1_609' title='bbox 3758 3667 3869 3719; x_wconf 90' lang='grc' dir='ltr'><strong>μου</strong></span> 
     </span>
    </p>
   </div>
   <div class='ocr_carea' id='block_1_87' title="bbox 2215 3735 3869 3815">
    <p class='ocr_par' dir='ltr' id='par_1_87' title="bbox 2215 3735 3869 3815">
     <span class='ocr_line' id='line_1_87' title="bbox 2215 3735 3869 3815; baseline -0.007 -14"><span class='ocrx_word' id='word_1_610' title='bbox 2215 3741 2578 3801; x_wconf 86' lang='grc' dir='ltr'>σκανδαλίσω.</span> <span class='ocrx_word' id='word_1_611' title='bbox 2659 3741 2753 3812; x_wconf 78' lang='grc' dir='ltr'><strong>Μὴ</strong></span> <span class='ocrx_word' id='word_1_612' title='bbox 2807 3740 2907 3796; x_wconf 84' lang='grc' dir='ltr'><strong>οὐκ</strong></span> <span class='ocrx_word' id='word_1_613' title='bbox 2963 3737 3180 3815; x_wconf 69' lang='grc' dir='ltr'>ἔχωμεν</span> <span class='ocrx_word' id='word_1_614' title='bbox 3239 3736 3480 3810; x_wconf 81' lang='grc' dir='ltr'>ἐξουσίαν</span> <span class='ocrx_word' id='word_1_615' title='bbox 3530 3740 3721 3814; x_wconf 86' lang='grc' dir='ltr'>φαγεῖν</span> <span class='ocrx_word' id='word_1_616' title='bbox 3773 3735 3869 3790; x_wconf 82' lang='grc' dir='ltr'><strong>καὶ</strong></span> 
     </span>
    </p>
   </div>
   <div class='ocr_carea' id='block_1_88' title="bbox 2213 3822 3872 3905">
    <p class='ocr_par' dir='ltr' id='par_1_88' title="bbox 2213 3822 3872 3905">
     <span class='ocr_line' id='line_1_88' title="bbox 2213 3822 3872 3905; baseline -0.007 -15"><span class='ocrx_word' id='word_1_617' title='bbox 2213 3840 2395 3904; x_wconf 88' lang='grc' dir='ltr'>πιεῖν;</span> <span class='ocrx_word' id='word_1_618' title='bbox 2467 3832 2558 3901; x_wconf 77' lang='grc' dir='ltr'><strong>Μὴ</strong></span> <span class='ocrx_word' id='word_1_619' title='bbox 2634 3827 2734 3886; x_wconf 72' lang='grc' dir='ltr'><strong>οὒκ</strong></span> <span class='ocrx_word' id='word_1_620' title='bbox 2789 3827 2990 3905; x_wconf 70' lang='grc' dir='ltr'>ἔχομεν</span> <span class='ocrx_word' id='word_1_621' title='bbox 3041 3825 3280 3898; x_wconf 75' lang='grc' dir='ltr'>ἰξουσίαν</span> <span class='ocrx_word' id='word_1_622' title='bbox 3336 3822 3578 3903; x_wconf 78' lang='grc' dir='ltr'>ἀδελφὴν</span> <span class='ocrx_word' id='word_1_623' title='bbox 3634 3829 3872 3898; x_wconf 85' lang='grc' dir='ltr'>γυναῖκα</span> 
     </span>
    </p>
   </div>
   <div class='ocr_carea' id='block_1_89' title="bbox 2213 3911 3872 4000">
    <p class='ocr_par' dir='ltr' id='par_1_89' title="bbox 2213 3911 3872 4000">
     <span class='ocr_line' id='line_1_89' title="bbox 2213 3911 3872 4000; baseline -0.008 -20"><span class='ocrx_word' id='word_1_624' title='bbox 2213 3925 2523 4000; x_wconf 86' lang='grc' dir='ltr'>περιάγειν;</span> <span class='ocrx_word' id='word_1_625' title='bbox 2603 3917 2756 3977; x_wconf 83' lang='grc' dir='ltr'>Ἀλλ’</span> <span class='ocrx_word' id='word_1_626' title='bbox 2825 3917 2886 3972; x_wconf 71' lang='grc' dir='ltr'>οὗ</span> <span class='ocrx_word' id='word_1_627' title='bbox 2944 3916 3227 3992; x_wconf 76' lang='grc' dir='ltr'>κίχρημαι</span> <span class='ocrx_word' id='word_1_628' title='bbox 3282 3917 3350 3989; x_wconf 79' lang='grc' dir='ltr'><strong>τῇ</strong></span> <span class='ocrx_word' id='word_1_629' title='bbox 3410 3912 3620 3985; x_wconf 77' lang='grc' dir='ltr'>ἐξουσίᾳ</span> <span class='ocrx_word' id='word_1_630' title='bbox 3671 3911 3872 3986; x_wconf 77' lang='grc' dir='ltr'>ταύτῃ,</span> 
     </span>
    </p>
   </div>
   <div class='ocr_carea' id='block_1_90' title="bbox 2215 4001 3873 4092">
    <p class='ocr_par' dir='ltr' id='par_1_90' title="bbox 2215 4001 3873 4092">
     <span class='ocr_line' id='line_1_90' title="bbox 2215 4001 3873 4092; baseline -0.008 -24"><span class='ocrx_word' id='word_1_631' title='bbox 2215 4011 2364 4092; x_wconf 87' lang='grc' dir='ltr'>φησί·</span> <span class='ocrx_word' id='word_1_632' title='bbox 2397 4007 2565 4066; x_wconf 87' lang='grc' dir='ltr'>καλόν</span> <span class='ocrx_word' id='word_1_633' title='bbox 2605 4030 2697 4083; x_wconf 86' lang='grc' dir='ltr'><strong>μοι</strong></span> <span class='ocrx_word' id='word_1_634' title='bbox 2733 4004 2949 4081; x_wconf 78' lang='grc' dir='ltr'>μᾶλλον</span> <span class='ocrx_word' id='word_1_635' title='bbox 2979 4005 3333 4076; x_wconf 71' lang='grc' dir='ltr'>άποθανεῖν,ἢ</span> <span class='ocrx_word' id='word_1_636' title='bbox 3363 4003 3426 4058; x_wconf 87' lang='grc' dir='ltr'><strong>τὸ</strong></span> <span class='ocrx_word' id='word_1_637' title='bbox 3449 4001 3724 4092; x_wconf 79' lang='grc' dir='ltr'>καύχημά</span> <span class='ocrx_word' id='word_1_638' title='bbox 3758 4021 3873 4092; x_wconf 76' lang='grc' dir='ltr'><strong>μου</strong></span> 
     </span>
    </p>
   </div>
   <div class='ocr_carea' id='block_1_91' title="bbox 2213 4088 3877 4174">
    <p class='ocr_par' dir='ltr' id='par_1_91' title="bbox 2213 4088 3877 4174">
     <span class='ocr_line' id='line_1_91' title="bbox 2213 4088 3877 4174; baseline -0.008 -16"><span class='ocrx_word' id='word_1_639' title='bbox 2213 4088 2400 4172; x_wconf 78' lang='grc' dir='ltr'>τὸτῆς</span> <span class='ocrx_word' id='word_1_640' title='bbox 2455 4096 2762 4174; x_wconf 83' lang='grc' dir='ltr'>παρθενίας,</span> <span class='ocrx_word' id='word_1_641' title='bbox 2815 4095 2908 4151; x_wconf 73' lang='grc' dir='ltr'>’ίνα</span> <span class='ocrx_word' id='word_1_642' title='bbox 2931 4117 3014 4160; x_wconf 91' lang='grc' dir='ltr'><strong>τις</strong></span> <span class='ocrx_word' id='word_1_643' title='bbox 3065 4095 3299 4169; x_wconf 79' lang='grc' dir='ltr'>κενώσῃ.</span> <span class='ocrx_word' id='word_1_644' title='bbox 3359 4091 3519 4162; x_wconf 80' lang='grc' dir='ltr'>Φυλή</span> <span class='ocrx_word' id='word_1_645' title='bbox 3581 4091 3674 4146; x_wconf 79' lang='grc' dir='ltr'><strong>οὗν</strong></span> <span class='ocrx_word' id='word_1_646' title='bbox 3737 4088 3877 4146; x_wconf 65' lang='lat' dir='ltr'><strong>Aeni</strong></span> 
     </span>
    </p>
   </div>
   <div class='ocr_carea' id='block_1_92' title="bbox 2210 4179 3874 4262">
    <p class='ocr_par' dir='ltr' id='par_1_92' title="bbox 2210 4179 3874 4262">
     <span class='ocr_line' id='line_1_92' title="bbox 2210 4179 3874 4262; baseline -0.008 -15"><span class='ocrx_word' id='word_1_647' title='bbox 2210 4191 2328 4247; x_wconf 81' lang='grc' dir='ltr'>καθ’</span> <span class='ocrx_word' id='word_1_648' title='bbox 2393 4189 2611 4259; x_wconf 73' lang='grc' dir='ltr'>ἑαυτήν,</span> <span class='ocrx_word' id='word_1_649' title='bbox 2690 4186 2782 4242; x_wconf 78' lang='grc' dir='ltr'>καὶ</span> <span class='ocrx_word' id='word_1_650' title='bbox 2848 4186 2903 4240; x_wconf 75' lang='grc' dir='ltr'>αἱ</span> <span class='ocrx_word' id='word_1_651' title='bbox 2984 4188 3235 4262; x_wconf 88' lang='grc' dir='ltr'>γυναῖκες</span> <span class='ocrx_word' id='word_1_652' title='bbox 3318 4182 3497 4238; x_wconf 79' lang='grc' dir='ltr'>αὐτῶν</span> <span class='ocrx_word' id='word_1_653' title='bbox 3555 4181 3677 4235; x_wconf 72' lang='grc' dir='ltr'>καθ’</span> <span class='ocrx_word' id='word_1_654' title='bbox 3743 4179 3874 4234; x_wconf 65' lang='grc' dir='ltr'>ἑαυ-</span> 
     </span>
    </p>
   </div>
   <div class='ocr_carea' id='block_1_93' title="bbox 2209 4281 2326 4344">
    <p class='ocr_par' dir='ltr' id='par_1_93' title="bbox 2209 4281 2326 4344">
     <span class='ocr_line' id='line_1_93' title="bbox 2209 4281 2326 4344; baseline 0.017 -7"><span class='ocrx_word' id='word_1_655' title='bbox 2209 4281 2326 4344; x_wconf 81' lang='grc' dir='ltr'>τάς.</span> 
     </span>
    </p>
   </div>
   <div class='ocr_carea' id='block_1_94' title="bbox 2281 4447 3870 4532">
    <p class='ocr_par' dir='ltr' id='par_1_94' title="bbox 2281 4447 3870 4532">
     <span class='ocr_line' id='line_1_94' title="bbox 2281 4447 3870 4532; baseline -0.008 -14"><span class='ocrx_word' id='word_1_656' title='bbox 2281 4463 2371 4518; x_wconf 75' lang='grc'>44.</span> <span class='ocrx_word' id='word_1_657' title='bbox 2424 4459 2524 4516; x_wconf 80' lang='grc' dir='ltr'>Καὶ</span> <span class='ocrx_word' id='word_1_658' title='bbox 2556 4455 2685 4532; x_wconf 77' lang='grc' dir='ltr'>οὐχὶ</span> <span class='ocrx_word' id='word_1_659' title='bbox 2731 4457 2940 4532; x_wconf 82' lang='grc' dir='ltr'>ἀγαπᾷν</span> <span class='ocrx_word' id='word_1_660' title='bbox 3003 4451 3093 4508; x_wconf 77' lang='grc' dir='ltr'>διὰ</span> <span class='ocrx_word' id='word_1_661' title='bbox 3138 4451 3342 4508; x_wconf 89' lang='grc' dir='ltr'>τούτων</span> <span class='ocrx_word' id='word_1_662' title='bbox 3403 4448 3529 4513; x_wconf 73' lang='grc' dir='ltr'>τοὺς</span> <span class='ocrx_word' id='word_1_663' title='bbox 3589 4447 3870 4529; x_wconf 73' lang='grc' dir='ltr'>ἀδελφοὺς</span> 
     </span>
    </p>
   </div>
   <div class='ocr_carea' id='block_1_95' title="bbox 453 4538 2090 4626">
    <p class='ocr_par' dir='ltr' id='par_1_95' title="bbox 453 4538 2090 4626">
     <span class='ocr_line' id='line_1_95' title="bbox 453 4538 2090 4626; baseline 0.006 -32"><span class='ocrx_word' id='word_1_664' title='bbox 453 4539 687 4626; x_wconf 84' lang='lat' dir='ltr'><strong>fratres,</strong></span> <span class='ocrx_word' id='word_1_665' title='bbox 711 4538 814 4594; x_wconf 89' lang='lat' dir='ltr'><strong>sed</strong></span> <span class='ocrx_word' id='word_1_666' title='bbox 846 4555 1050 4595; x_wconf 91' lang='lat' dir='ltr'><strong>omnes</strong></span> <span class='ocrx_word' id='word_1_667' title='bbox 1083 4538 1320 4610; x_wconf 90' lang='lat' dir='ltr'><strong>quidem</strong></span> <span class='ocrx_word' id='word_1_668' title='bbox 1352 4545 1634 4614; x_wconf 90' lang='lat' dir='ltr'><strong>tanquam</strong></span> <span class='ocrx_word' id='word_1_669' title='bbox 1659 4545 1917 4603; x_wconf 89' lang='lat' dir='ltr'><strong>uterinos</strong></span> <span class='ocrx_word' id='word_1_670' title='bbox 1939 4547 2090 4622; x_wconf 65' lang='lat' dir='ltr'><strong>dilig&quot;</strong></span> 
     </span>
    </p>
   </div>
   <div class='ocr_carea' id='block_1_96' title="bbox 2200 4538 3873 4626">
    <p class='ocr_par' dir='ltr' id='par_1_96' title="bbox 2213 4538 3873 4626">
     <span class='ocr_line' id='line_1_96' title="bbox 2213 4538 3873 4626; baseline -0.008 -20"><span class='ocrx_word' id='word_1_671' title='bbox 2213 4550 2614 4626; x_wconf 75' lang='grc' dir='ltr'>ἀποτρέπομεν,</span> <span class='ocrx_word' id='word_1_672' title='bbox 2695 4543 2841 4602; x_wconf 85' lang='grc' dir='ltr'>ἀλλᾶ</span> <span class='ocrx_word' id='word_1_673' title='bbox 2910 4544 3113 4605; x_wconf 80' lang='grc' dir='ltr'>πάντας</span> <span class='ocrx_word' id='word_1_674' title='bbox 3185 4541 3280 4614; x_wconf 73' lang='grc' dir='ltr'>μὶν</span> <span class='ocrx_word' id='word_1_675' title='bbox 3339 4538 3414 4604; x_wconf 82' lang='grc' dir='ltr'>ὠς</span> <span class='ocrx_word' id='word_1_676' title='bbox 3466 4539 3873 4616; x_wconf 73' lang='grc' dir='ltr'>ὁμογαστρίους</span> 
     </span>
    </p>
   </div>
   <div class='ocr_carea' id='block_1_97' title="bbox 455 4625 2107 4706">
    <p class='ocr_par' dir='ltr' id='par_1_97' title="bbox 455 4625 2107 4706">
     <span class='ocr_line' id='line_1_97' title="bbox 455 4625 2107 4706; baseline 0.008 -23"><span class='ocrx_word' id='word_1_677' title='bbox 455 4625 867 4696; x_wconf 88' lang='lat' dir='ltr'><strong>concedimus;</strong></span> <span class='ocrx_word' id='word_1_678' title='bbox 902 4631 961 4684; x_wconf 91' lang='lat' dir='ltr'><strong>at</strong></span> <span class='ocrx_word' id='word_1_679' title='bbox 992 4628 1206 4684; x_wconf 90' lang='lat' dir='ltr'><strong>uterini</strong></span> <span class='ocrx_word' id='word_1_680' title='bbox 1249 4634 1312 4686; x_wconf 93' lang='lat' dir='ltr'><strong>ut</strong></span> <span class='ocrx_word' id='word_1_681' title='bbox 1343 4635 1510 4688; x_wconf 90' lang='lat' dir='ltr'><strong>caute</strong></span> <span class='ocrx_word' id='word_1_682' title='bbox 1542 4631 1883 4706; x_wconf 88' lang='lat' dir='ltr'><strong>diligantur,</strong></span> <span class='ocrx_word' id='word_1_683' title='bbox 1916 4639 2107 4695; x_wconf 89' lang='lat' dir='ltr'><strong>consi-</strong></span> 
     </span>
    </p>
   </div>
   <div class='ocr_carea' id='block_1_98' title="bbox 2217 4626 3873 4716">
    <p class='ocr_par' dir='ltr' id='par_1_98' title="bbox 2217 4626 3873 4716">
     <span class='ocr_line' id='line_1_98' title="bbox 2217 4626 3873 4716; baseline -0.007 -21"><span class='ocrx_word' id='word_1_684' title='bbox 2217 4642 2427 4716; x_wconf 82' lang='grc' dir='ltr'>ἀγαπᾷν</span> <span class='ocrx_word' id='word_1_685' title='bbox 2485 4637 2923 4716; x_wconf 63' lang='grc' dir='ltr'>συγχωροῦμενξ</span> <span class='ocrx_word' id='word_1_686' title='bbox 2982 4630 3072 4687; x_wconf 78' lang='grc' dir='ltr'><strong>καὶ</strong></span> <span class='ocrx_word' id='word_1_687' title='bbox 3145 4628 3272 4692; x_wconf 78' lang='grc' dir='ltr'>τοὺς</span> <span class='ocrx_word' id='word_1_688' title='bbox 3345 4628 3741 4704; x_wconf 79' lang='grc' dir='ltr'>ὁμογαστρίους</span> <span class='ocrx_word' id='word_1_689' title='bbox 3811 4626 3873 4684; x_wconf 77' lang='grc' dir='ltr'>δὶ</span> 
     </span>
    </p>
   </div>
   <div class='ocr_carea' id='block_1_99' title="bbox 453 4715 2090 4803">
    <p class='ocr_par' dir='ltr' id='par_1_99' title="bbox 453 4715 2090 4788">
     <span class='ocr_line' id='line_1_99' title="bbox 453 4715 2090 4788; baseline 0.007 -17"><span class='ocrx_word' id='word_1_690' title='bbox 453 4715 600 4772; x_wconf 91' lang='lat' dir='ltr'><strong>lium</strong></span> <span class='ocrx_word' id='word_1_691' title='bbox 640 4715 874 4772; x_wconf 89' lang='lat' dir='ltr'><strong>damus.</strong></span> <span class='ocrx_word' id='word_1_692' title='bbox 905 4716 1233 4773; x_wconf 87' lang='lat' dir='ltr'><strong>Periculum</strong></span> <span class='ocrx_word' id='word_1_693' title='bbox 1267 4718 1421 4776; x_wconf 88' lang='lat' dir='ltr'><strong>enim</strong></span> <span class='ocrx_word' id='word_1_694' title='bbox 1453 4725 1562 4788; x_wconf 87' lang='lat' dir='ltr'><strong>est,</strong></span> <span class='ocrx_word' id='word_1_695' title='bbox 1589 4737 1657 4776; x_wconf 91' lang='lat' dir='ltr'><strong>ne</strong></span> <span class='ocrx_word' id='word_1_696' title='bbox 1687 4739 1753 4778; x_wconf 80' lang='lat' dir='ltr'><strong>ex</strong></span> <span class='ocrx_word' id='word_1_697' title='bbox 1785 4730 2090 4783; x_wconf 84' lang='lat' dir='ltr'><strong>consuetu-</strong></span> 
     </span>
    </p>
   </div>
   <div class='ocr_carea' id='block_1_100' title="bbox 2200 4715 3870 4803">
    <p class='ocr_par' dir='ltr' id='par_1_100' title="bbox 2214 4715 3870 4803">
     <span class='ocr_line' id='line_1_100' title="bbox 2214 4715 3870 4803; baseline -0.008 -20"><span class='ocrx_word' id='word_1_698' title='bbox 2214 4729 2418 4802; x_wconf 80' lang='grc' dir='ltr'>ἀγαπᾷν</span> <span class='ocrx_word' id='word_1_699' title='bbox 2473 4721 2730 4803; x_wconf 78' lang='grc' dir='ltr'>ἀσφαλῶς</span> <span class='ocrx_word' id='word_1_700' title='bbox 2785 4715 3260 4795; x_wconf 72' lang='grc' dir='ltr'>συμϐουλεύομεν.</span> <span class='ocrx_word' id='word_1_701' title='bbox 3320 4718 3450 4780; x_wconf 73' lang='grc' dir='ltr'>Δὲος</span> <span class='ocrx_word' id='word_1_702' title='bbox 3509 4716 3629 4803; x_wconf 83' lang='grc' dir='ltr'>γὸρ,</span> <span class='ocrx_word' id='word_1_703' title='bbox 3699 4717 3776 4803; x_wconf 76' lang='grc' dir='ltr'>μὴ</span> <span class='ocrx_word' id='word_1_704' title='bbox 3809 4716 3870 4772; x_wconf 70' lang='grc' dir='ltr'>ἐκ</span> 
     </span>
    </p>
   </div>
   <div class='ocr_carea' id='block_1_101' title="bbox 453 4799 2090 4886">
    <p class='ocr_par' dir='ltr' id='par_1_101' title="bbox 453 4805 2090 4885">
     <span class='ocr_line' id='line_1_101' title="bbox 453 4805 2090 4885; baseline 0.006 -23"><span class='ocrx_word' id='word_1_705' title='bbox 453 4805 589 4862; x_wconf 92' lang='lat' dir='ltr'><strong>dine</strong></span> <span class='ocrx_word' id='word_1_706' title='bbox 610 4808 667 4861; x_wconf 93' lang='lat' dir='ltr'><strong>et</strong></span> <span class='ocrx_word' id='word_1_707' title='bbox 689 4805 904 4861; x_wconf 81' lang='lat' dir='ltr'><strong>ﬁducia</strong></span> <span class='ocrx_word' id='word_1_708' title='bbox 929 4810 1128 4863; x_wconf 87' lang='lat' dir='ltr'><strong>nostra</strong></span> <span class='ocrx_word' id='word_1_709' title='bbox 1151 4808 1515 4866; x_wconf 89' lang='lat' dir='ltr'><strong>occasionem</strong></span> <span class='ocrx_word' id='word_1_710' title='bbox 1539 4827 1782 4868; x_wconf 90' lang='lat' dir='ltr'><strong>sumens</strong></span> <span class='ocrx_word' id='word_1_711' title='bbox 1805 4820 2090 4885; x_wconf 83' lang='lat' dir='ltr'><strong>peccatum</strong></span> 
     </span>
    </p>
   </div>
   <div class='ocr_carea' id='block_1_102' title="bbox 2200 4799 3870 4886">
    <p class='ocr_par' dir='ltr' id='par_1_102' title="bbox 2211 4799 3870 4886">
     <span class='ocr_line' id='line_1_102' title="bbox 2211 4799 3870 4886; baseline -0.008 -13"><span class='ocrx_word' id='word_1_712' title='bbox 2211 4799 2310 4886; x_wconf 64' lang='grc' dir='ltr'>τῆς</span> <span class='ocrx_word' id='word_1_713' title='bbox 2341 4799 2623 4886; x_wconf 80' lang='grc' dir='ltr'>συνηθείας</span> <span class='ocrx_word' id='word_1_714' title='bbox 2650 4812 2737 4867; x_wconf 90' lang='grc' dir='ltr'><strong>καὶ</strong></span> <span class='ocrx_word' id='word_1_715' title='bbox 2761 4814 2858 4866; x_wconf 75' lang='grc' dir='ltr'>τοῦ</span> <span class='ocrx_word' id='word_1_716' title='bbox 2885 4812 3116 4886; x_wconf 84' lang='grc' dir='ltr'>θάρσους</span> <span class='ocrx_word' id='word_1_717' title='bbox 3147 4809 3182 4878; x_wconf 75' lang='grc' dir='ltr'><strong>η</strong></span> <span class='ocrx_word' id='word_1_718' title='bbox 3193 4811 3308 4882; x_wconf 83' lang='grc' dir='ltr'><strong>μῶν</strong></span> <span class='ocrx_word' id='word_1_719' title='bbox 3341 4805 3596 4884; x_wconf 85' lang='grc' dir='ltr'>ἀφορμὴν</span> <span class='ocrx_word' id='word_1_720' title='bbox 3619 4799 3870 4860; x_wconf 72' lang='grc' dir='ltr'>λαϐοῦσα</span> 
     </span>
    </p>
   </div>
   <div class='ocr_carea' id='block_1_103' title="bbox 453 4892 2090 4980">
    <p class='ocr_par' dir='ltr' id='par_1_103' title="bbox 453 4893 2090 4970">
     <span class='ocr_line' id='line_1_103' title="bbox 453 4893 2090 4970; baseline 0.005 -20"><span class='ocrx_word' id='word_1_721' title='bbox 453 4897 726 4967; x_wconf 89' lang='lat' dir='ltr'><strong>operetur</strong></span> <span class='ocrx_word' id='word_1_722' title='bbox 746 4893 804 4949; x_wconf 93' lang='lat' dir='ltr'><strong>in</strong></span> <span class='ocrx_word' id='word_1_723' title='bbox 829 4894 1002 4951; x_wconf 92' lang='lat' dir='ltr'><strong>nobis</strong></span> <span class='ocrx_word' id='word_1_724' title='bbox 1025 4912 1258 4953; x_wconf 89' lang='lat' dir='ltr'><strong>omnem</strong></span> <span class='ocrx_word' id='word_1_725' title='bbox 1282 4898 1685 4970; x_wconf 88' lang='lat' dir='ltr'><strong>cupiditatem.</strong></span> <span class='ocrx_word' id='word_1_726' title='bbox 1711 4899 1991 4960; x_wconf 92' lang='lat' dir='ltr'><strong>Idoneum</strong></span> <span class='ocrx_word' id='word_1_727' title='bbox 2015 4910 2090 4960; x_wconf 64' lang='lat' dir='ltr'><strong>est</strong></span> 
     </span>
    </p>
   </div>
   <div class='ocr_carea' id='block_1_104' title="bbox 2200 4892 3866 4980">
    <p class='ocr_par' dir='ltr' id='par_1_104' title="bbox 2213 4892 3866 4980">
     <span class='ocr_line' id='line_1_104' title="bbox 2213 4892 3866 4980; baseline -0.008 -19"><span class='ocrx_word' id='word_1_728' title='bbox 2213 4908 2248 4978; x_wconf 82' lang='grc' dir='ltr'><strong>ἡ</strong></span> <span class='ocrx_word' id='word_1_729' title='bbox 2281 4903 2516 4980; x_wconf 85' lang='grc' dir='ltr'>ἁμαρτία</span> <span class='ocrx_word' id='word_1_730' title='bbox 2569 4901 2965 4977; x_wconf 84' lang='grc' dir='ltr'>κατεργάσηται</span> <span class='ocrx_word' id='word_1_731' title='bbox 3023 4898 3074 4954; x_wconf 69' lang='grc' dir='ltr'>ιν</span> <span class='ocrx_word' id='word_1_732' title='bbox 3132 4899 3267 4972; x_wconf 75' lang='grc' dir='ltr'>ἡμῖν</span> <span class='ocrx_word' id='word_1_733' title='bbox 3315 4901 3487 4952; x_wconf 83' lang='grc' dir='ltr'>πᾶσαν</span> <span class='ocrx_word' id='word_1_734' title='bbox 3547 4892 3866 4967; x_wconf 71' lang='grc' dir='ltr'>ίπιθυμίαν.</span> 
     </span>
    </p>
   </div>
   <div class='ocr_carea' id='block_1_105' title="bbox 452 4983 2090 5069">
    <p class='ocr_par' dir='ltr' id='par_1_105' title="bbox 452 4983 2090 5063">
     <span class='ocr_line' id='line_1_105' title="bbox 452 4983 2090 5063; baseline 0.004 -23"><span class='ocrx_word' id='word_1_735' title='bbox 452 4983 612 5040; x_wconf 89' lang='lat' dir='ltr'><strong>enim</strong></span> <span class='ocrx_word' id='word_1_736' title='bbox 656 4987 984 5055; x_wconf 87' lang='lat' dir='ltr'><strong>peccatum,</strong></span> <span class='ocrx_word' id='word_1_737' title='bbox 1017 4989 1081 5040; x_wconf 91' lang='lat' dir='ltr'><strong>ut</strong></span> <span class='ocrx_word' id='word_1_738' title='bbox 1109 4985 1198 5042; x_wconf 92' lang='lat' dir='ltr'><strong>vel</strong></span> <span class='ocrx_word' id='word_1_739' title='bbox 1232 4991 1390 5043; x_wconf 85' lang='lat' dir='ltr'><strong>tactu</strong></span> <span class='ocrx_word' id='word_1_740' title='bbox 1440 5004 1723 5044; x_wconf 91' lang='lat' dir='ltr'><strong>manuum</strong></span> <span class='ocrx_word' id='word_1_741' title='bbox 1771 4989 1990 5063; x_wconf 91' lang='lat' dir='ltr'><strong>fratris,</strong></span> <span class='ocrx_word' id='word_1_742' title='bbox 2013 4993 2090 5049; x_wconf 84' lang='lat' dir='ltr'><strong>vel</strong></span> 
     </span>
    </p>
   </div>
   <div class='ocr_carea' id='block_1_106' title="bbox 2200 4983 3860 5069">
    <p class='ocr_par' dir='ltr' id='par_1_106' title="bbox 2211 4983 3860 5069">
     <span class='ocr_line' id='line_1_106' title="bbox 2211 4983 3860 5069; baseline -0.01 -17"><span class='ocrx_word' id='word_1_743' title='bbox 2211 4995 2389 5064; x_wconf 79' lang='grc' dir='ltr'>Ἱκανὴ</span> <span class='ocrx_word' id='word_1_744' title='bbox 2423 4991 2526 5069; x_wconf 85' lang='grc' dir='ltr'><strong>γάρ</strong></span> <span class='ocrx_word' id='word_1_745' title='bbox 2584 4990 2724 5048; x_wconf 74' lang='grc' dir='ltr'>ἐστιν</span> <span class='ocrx_word' id='word_1_746' title='bbox 2775 4991 2811 5060; x_wconf 83' lang='grc' dir='ltr'>ἠ</span> <span class='ocrx_word' id='word_1_747' title='bbox 2859 4986 3116 5065; x_wconf 82' lang='grc' dir='ltr'>ἁμαρτία,</span> <span class='ocrx_word' id='word_1_748' title='bbox 3170 4985 3261 5042; x_wconf 78' lang='grc' dir='ltr'><strong>καὶ</strong></span> <span class='ocrx_word' id='word_1_749' title='bbox 3319 4983 3388 5041; x_wconf 79' lang='grc' dir='ltr'><strong>δι’</strong></span> <span class='ocrx_word' id='word_1_750' title='bbox 3446 4985 3591 5062; x_wconf 84' lang='grc' dir='ltr'>ἀφῆς</span> <span class='ocrx_word' id='word_1_751' title='bbox 3647 4986 3860 5058; x_wconf 83' lang='grc' dir='ltr'>χειρῶν</span> 
     </span>
    </p>
   </div>
   <div class='ocr_carea' id='block_1_107' title="bbox 451 5071 2090 5163">
    <p class='ocr_par' dir='ltr' id='par_1_107' title="bbox 451 5071 2090 5149">
     <span class='ocr_line' id='line_1_107' title="bbox 451 5071 2090 5149; baseline 0.004 -18"><span class='ocrx_word' id='word_1_752' title='bbox 451 5071 654 5131; x_wconf 91' lang='lat' dir='ltr'><strong>osculo</strong></span> <span class='ocrx_word' id='word_1_753' title='bbox 677 5071 963 5129; x_wconf 88' lang='lat' dir='ltr'><strong>hactenus</strong></span> <span class='ocrx_word' id='word_1_754' title='bbox 995 5073 1270 5132; x_wconf 91' lang='lat' dir='ltr'><strong>benevolo</strong></span> <span class='ocrx_word' id='word_1_755' title='bbox 1304 5076 1686 5149; x_wconf 86' lang='lat' dir='ltr'><strong>petulantiam</strong></span> <span class='ocrx_word' id='word_1_756' title='bbox 1711 5080 1903 5136; x_wconf 88' lang='lat' dir='ltr'><strong>carnis</strong></span> <span class='ocrx_word' id='word_1_757' title='bbox 1934 5083 2005 5137; x_wconf 92' lang='lat' dir='ltr'><strong>ad</strong></span> <span class='ocrx_word' id='word_1_758' title='bbox 2038 5099 2090 5138; x_wconf 75' lang='lat' dir='ltr'><strong>es</strong></span> 
     </span>
    </p>
   </div>
   <div class='ocr_carea' id='block_1_108' title="bbox 2200 5071 3866 5163">
    <p class='ocr_par' dir='ltr' id='par_1_108' title="bbox 2211 5072 3866 5163">
     <span class='ocr_line' id='line_1_108' title="bbox 2211 5072 3866 5163; baseline -0.009 -22"><span class='ocrx_word' id='word_1_759' title='bbox 2211 5082 2470 5163; x_wconf 79' lang='grc' dir='ltr'>ἀδελφοῦ,</span> <span class='ocrx_word' id='word_1_760' title='bbox 2529 5080 2618 5137; x_wconf 81' lang='grc' dir='ltr'><strong>καὶ</strong></span> <span class='ocrx_word' id='word_1_761' title='bbox 2677 5077 2764 5136; x_wconf 75' lang='grc' dir='ltr'><strong>διὰ</strong></span> <span class='ocrx_word' id='word_1_762' title='bbox 2840 5076 3171 5163; x_wconf 85' lang='grc' dir='ltr'>φιλόφρονος</span> <span class='ocrx_word' id='word_1_763' title='bbox 3199 5076 3370 5163; x_wconf 22' lang='grc' dir='ltr'>Ατιωςλ</span> <span class='ocrx_word' id='word_1_764' title='bbox 3413 5072 3866 5163; x_wconf 45' lang='lat' dir='ltr'><strong>cedrium-04,15</strong></span> 
     </span>
    </p>
   </div>
   <div class='ocr_carea' id='block_1_109' title="bbox 454 5157 2090 5248">
    <p class='ocr_par' dir='ltr' id='par_1_109' title="bbox 454 5160 2090 5242">
     <span class='ocr_line' id='line_1_109' title="bbox 454 5160 2090 5242; baseline 0.004 -22"><span class='ocrx_word' id='word_1_765' title='bbox 454 5179 583 5236; x_wconf 67' lang='lat' dir='ltr'><strong>quas</strong></span> <span class='ocrx_word' id='word_1_766' title='bbox 611 5160 801 5234; x_wconf 89' lang='lat' dir='ltr'><strong>ipsius</strong></span> <span class='ocrx_word' id='word_1_767' title='bbox 834 5163 1070 5234; x_wconf 89' lang='lat' dir='ltr'><strong>propria</strong></span> <span class='ocrx_word' id='word_1_768' title='bbox 1096 5170 1253 5233; x_wconf 81' lang='lat' dir='ltr'><strong>sunt,</strong></span> <span class='ocrx_word' id='word_1_769' title='bbox 1279 5164 1526 5221; x_wconf 87' lang='lat' dir='ltr'><strong>latenter</strong></span> <span class='ocrx_word' id='word_1_770' title='bbox 1550 5167 1780 5236; x_wconf 83' lang='lat' dir='ltr'><strong>excitet,</strong></span> <span class='ocrx_word' id='word_1_771' title='bbox 1803 5173 1861 5223; x_wconf 93' lang='lat' dir='ltr'><strong>et</strong></span> <span class='ocrx_word' id='word_1_772' title='bbox 1882 5171 2090 5242; x_wconf 89' lang='lat' dir='ltr'><strong>cupidi-</strong></span> 
     </span>
    </p>
   </div>
   <div class='ocr_carea' id='block_1_110' title="bbox 2200 5157 3864 5248">
    <p class='ocr_par' dir='ltr' id='par_1_110' title="bbox 2211 5157 3864 5248">
     <span class='ocr_line' id='line_1_110' title="bbox 2211 5157 3864 5248; baseline -0.01 -20"><span class='ocrx_word' id='word_1_773' title='bbox 2211 5157 2468 5248; x_wconf 82' lang='grc' dir='ltr'>φρόνημα</span> <span class='ocrx_word' id='word_1_774' title='bbox 2507 5175 2608 5240; x_wconf 86' lang='grc' dir='ltr'><strong>τῆς</strong></span> <span class='ocrx_word' id='word_1_775' title='bbox 2657 5157 2862 5244; x_wconf 78' lang='grc' dir='ltr'>σαρκὸς</span> <span class='ocrx_word' id='word_1_776' title='bbox 2906 5165 3041 5240; x_wconf 85' lang='grc' dir='ltr'>πρὸς</span> <span class='ocrx_word' id='word_1_777' title='bbox 3084 5162 3152 5220; x_wconf 83' lang='grc' dir='ltr'><strong>τὰ</strong></span> <span class='ocrx_word' id='word_1_778' title='bbox 3193 5158 3310 5218; x_wconf 70' lang='grc' dir='ltr'>ἴδια</span> <span class='ocrx_word' id='word_1_779' title='bbox 3356 5159 3633 5237; x_wconf 74' lang='grc' dir='ltr'>λαθραίως</span> <span class='ocrx_word' id='word_1_780' title='bbox 3659 5157 3864 5233; x_wconf 67' lang='grc' dir='ltr'>ὶγεῖραι</span> 
     </span>
    </p>
   </div>
   <div class='ocr_carea' id='block_1_111' title="bbox 446 5295 2090 5425">
    <p class='ocr_par' dir='ltr' id='par_1_111' title="bbox 446 5296 2090 5425">
     <span class='ocr_line' id='line_1_111' title="bbox 446 5296 2090 5425; baseline 0.006 -73"><span class='ocrx_word' id='word_1_781' title='bbox 446 5296 792 5425; x_wconf 57' lang='lat' dir='ltr'><strong>II:5113Tim.</strong></span> <span class='ocrx_word' id='word_1_782' title='bbox 823 5314 881 5369; x_wconf 83' lang='grc' dir='ltr'><strong>ν,</strong></span> <span class='ocrx_word' id='word_1_783' title='bbox 911 5299 967 5353; x_wconf 84' lang='grc'><strong>6.</strong></span> <span class='ocrx_word' id='word_1_784' title='bbox 1045 5297 1090 5334; x_wconf 73' lang='grc'>³⁸</span> <span class='ocrx_word' id='word_1_785' title='bbox 1121 5299 1142 5353; x_wconf 91' lang='grc' dir='ltr'><strong>Ι</strong></span> <span class='ocrx_word' id='word_1_786' title='bbox 1173 5298 1302 5354; x_wconf 86' lang='lat' dir='ltr'><strong>Cor.</strong></span> <span class='ocrx_word' id='word_1_787' title='bbox 1336 5317 1461 5371; x_wconf 80' lang='lat' dir='ltr'><strong>vui,</strong></span> <span class='ocrx_word' id='word_1_788' title='bbox 1496 5302 1563 5355; x_wconf 89' lang='grc'><strong>10</strong></span> <span class='ocrx_word' id='word_1_789' title='bbox 1599 5306 1657 5358; x_wconf 90' lang='lat' dir='ltr'><strong>et</strong></span> <span class='ocrx_word' id='word_1_790' title='bbox 1695 5318 1819 5374; x_wconf 90' lang='lat' dir='ltr'><strong>seq.</strong></span> <span class='ocrx_word' id='word_1_791' title='bbox 1896 5305 1939 5341; x_wconf 74' lang='grc'><strong>³⁷</strong></span> <span class='ocrx_word' id='word_1_792' title='bbox 1970 5305 2090 5362; x_wconf 89' lang='lat' dir='ltr'><strong>ibid</strong></span> 
     </span>
    </p>
   </div>
   <div class='ocr_carea' id='block_1_112' title="bbox 2200 5295 3865 5425">
    <p class='ocr_par' dir='ltr' id='par_1_112' title="bbox 2200 5295 3865 5379">
     <span class='ocr_line' id='line_1_112' title="bbox 2200 5295 3865 5379; baseline -0.006 -17"><span class='ocrx_word' id='word_1_793' title='bbox 2200 5307 2234 5379; x_wconf 70' lang='grc' dir='ltr'>ε,</span> <span class='ocrx_word' id='word_1_794' title='bbox 2270 5307 2354 5364; x_wconf 68' lang='lat'><strong>13.</strong></span> <span class='ocrx_word' id='word_1_795' title='bbox 2441 5307 2814 5377; x_wconf 62' lang='lat' dir='ltr'><strong>&quot;100nm,</strong></span> <span class='ocrx_word' id='word_1_796' title='bbox 2856 5304 2994 5377; x_wconf 70' lang='lat'><strong>4,5.</strong></span> <span class='ocrx_word' id='word_1_797' title='bbox 3069 5302 3116 5340; x_wconf 74' lang='grc' dir='ltr'><strong>ίο</strong></span> <span class='ocrx_word' id='word_1_798' title='bbox 3144 5300 3290 5359; x_wconf 89' lang='lat' dir='ltr'><strong>ibid.</strong></span> <span class='ocrx_word' id='word_1_799' title='bbox 3323 5299 3412 5367; x_wconf 78' lang='lat'><strong>12,</strong></span> <span class='ocrx_word' id='word_1_800' title='bbox 3443 5297 3532 5356; x_wconf 75' lang='lat'><strong>15.</strong></span> <span class='ocrx_word' id='word_1_801' title='bbox 3610 5295 3865 5352; x_wconf 69' lang='lat' dir='ltr'><strong>&quot;Zach.</strong></span> 
     </span>
    </p>
   </div>
   <div class='ocr_carea' id='block_1_113' title="bbox 535 5410 670 5438">
    <p class='ocr_par' dir='ltr' id='par_1_113' title="bbox 535 5410 670 5438">
     <span class='ocr_line' id='line_1_113' title="bbox 535 5410 670 5438; baseline 0 -14"><span class='ocrx_word' id='word_1_802' title='bbox 535 5410 549 5438; x_wconf 77' lang='lat'><strong><em>,</em></strong></span> <span class='ocrx_word' id='word_1_803' title='bbox 586 5410 670 5425; x_wconf 68' lang='grc' dir='ltr'><strong>ιυο</strong></span> 
     </span>
    </p>
   </div>
   <div class='ocr_carea' id='block_1_114' title="bbox 524 5502 3870 5586">
    <p class='ocr_par' dir='ltr' id='par_1_114' title="bbox 524 5502 3870 5586">
     <span class='ocr_line' id='line_1_114' title="bbox 524 5502 3870 5586; baseline 0.001 -28"><span class='ocrx_word' id='word_1_804' title='bbox 524 5503 636 5585; x_wconf 81' lang='grc'><strong>(69)</strong></span> <span class='ocrx_word' id='word_1_805' title='bbox 662 5504 1010 5586; x_wconf 44' lang='lat' dir='ltr'><strong>adiungam.</strong></span> <span class='ocrx_word' id='word_1_806' title='bbox 1035 5503 1121 5559; x_wconf 88' lang='lat' dir='ltr'><strong>Ita</strong></span> <span class='ocrx_word' id='word_1_807' title='bbox 1145 5503 1516 5586; x_wconf 79' lang='lat' dir='ltr'><strong>Golbertinus</strong></span> <span class='ocrx_word' id='word_1_808' title='bbox 1537 5510 1595 5586; x_wconf 80' lang='lat' dir='ltr'><strong>et</strong></span> <span class='ocrx_word' id='word_1_809' title='bbox 1613 5523 1689 5586; x_wconf 80' lang='lat' dir='ltr'><strong>ex</strong></span> <span class='ocrx_word' id='word_1_810' title='bbox 1720 5505 1915 5578; x_wconf 83' lang='lat' dir='ltr'><strong>Regiis</strong></span> <span class='ocrx_word' id='word_1_811' title='bbox 1945 5523 2100 5586; x_wconf 78' lang='lat' dir='ltr'><strong>unus</strong></span> <span class='ocrx_word' id='word_1_812' title='bbox 2284 5513 2396 5586; x_wconf 89' lang='lat'><strong>(70)</strong></span> <span class='ocrx_word' id='word_1_813' title='bbox 2427 5511 2590 5570; x_wconf 83' lang='grc' dir='ltr'>Κατά.</span> <span class='ocrx_word' id='word_1_814' title='bbox 2638 5509 2976 5584; x_wconf 72' lang='lat' dir='ltr'><strong>Praspositio</strong></span> <span class='ocrx_word' id='word_1_815' title='bbox 3016 5507 3216 5567; x_wconf 81' lang='lat' dir='ltr'><strong>addita</strong></span> <span class='ocrx_word' id='word_1_816' title='bbox 3245 5522 3315 5565; x_wconf 76' lang='lat' dir='ltr'><strong>ex</strong></span> <span class='ocrx_word' id='word_1_817' title='bbox 3340 5505 3560 5564; x_wconf 77' lang='lat' dir='ltr'><strong>Veneta</strong></span> <span class='ocrx_word' id='word_1_818' title='bbox 3607 5502 3870 5560; x_wconf 86' lang='lat' dir='ltr'><strong>editione</strong></span> 
     </span>
    </p>
   </div>
   <div class='ocr_carea' id='block_1_115' title="bbox 451 5574 2720 5656">
    <p class='ocr_par' dir='ltr' id='par_1_115' title="bbox 451 5574 2720 5656">
     <span class='ocr_line' id='line_1_115' title="bbox 451 5574 2720 5656; baseline 0.004 -25"><span class='ocrx_word' id='word_1_819' title='bbox 451 5574 569 5656; x_wconf 77' lang='lat' dir='ltr'><strong>alia</strong></span> <span class='ocrx_word' id='word_1_820' title='bbox 619 5574 1025 5656; x_wconf 19' lang='lat' dir='ltr'><strong>manu.VEditi,</strong></span> <span class='ocrx_word' id='word_1_821' title='bbox 1055 5575 1418 5656; x_wconf 52' lang='grc' dir='ltr'>πιμήμσω,</span> <span class='ocrx_word' id='word_1_822' title='bbox 1458 5580 1784 5656; x_wconf 73' lang='lat' dir='ltr'><strong>nuptiarum</strong></span> <span class='ocrx_word' id='word_1_823' title='bbox 1806 5574 2099 5656; x_wconf 51' lang='lat' dir='ltr'><strong>&#39;censibus,</strong></span> <span class='ocrx_word' id='word_1_824' title='bbox 2208 5588 2265 5641; x_wconf 93' lang='lat' dir='ltr'><strong>et</strong></span> <span class='ocrx_word' id='word_1_825' title='bbox 2289 5574 2545 5656; x_wconf 76' lang='lat' dir='ltr'><strong>quatuor</strong></span> <span class='ocrx_word' id='word_1_826' title='bbox 2581 5601 2720 5642; x_wconf 88' lang='lat' dir='ltr'><strong>mss.</strong></span> 
     </span>
    </p>
   </div>
   <div class='ocr_carea' id='block_1_116' title="bbox 445 5645 3624 5733">
    <p class='ocr_par' dir='ltr' id='par_1_116' title="bbox 445 5645 3624 5733">
     <span class='ocr_line' id='line_1_116' title="bbox 445 5645 3624 5733; baseline 0 -29"><span class='ocrx_word' id='word_1_827' title='bbox 445 5650 513 5705; x_wconf 89' lang='lat' dir='ltr'><strong>ut</strong></span> <span class='ocrx_word' id='word_1_828' title='bbox 541 5648 734 5706; x_wconf 89' lang='lat' dir='ltr'><strong>reddit</strong></span> <span class='ocrx_word' id='word_1_829' title='bbox 760 5645 1167 5716; x_wconf 83' lang='lat' dir='ltr'><strong>Combeﬂsius,</strong></span> <span class='ocrx_word' id='word_1_830' title='bbox 1192 5645 1367 5706; x_wconf 78' lang='lat' dir='ltr'><strong>stulte</strong></span> <span class='ocrx_word' id='word_1_831' title='bbox 1395 5645 1704 5724; x_wconf 79' lang='lat' dir='ltr'><strong>implicari.</strong></span> <span class='ocrx_word' id='word_1_832' title='bbox 2083 5645 2097 5656; x_wconf 88' lang='grc'><em>’</em></span> <span class='ocrx_word' id='word_1_833' title='bbox 2280 5645 2394 5732; x_wconf 71' lang='lat'><strong>(71)</strong></span> <span class='ocrx_word' id='word_1_834' title='bbox 2421 5657 2622 5733; x_wconf 76' lang='grc' dir='ltr'><strong>’Υμῶνο</strong></span> <span class='ocrx_word' id='word_1_835' title='bbox 2656 5656 2745 5715; x_wconf 84' lang='lat' dir='ltr'><strong>Ita</strong></span> <span class='ocrx_word' id='word_1_836' title='bbox 2771 5669 2916 5718; x_wconf 82' lang='lat' dir='ltr'><strong>mss.</strong></span> <span class='ocrx_word' id='word_1_837' title='bbox 2950 5655 3198 5726; x_wconf 83' lang='lat' dir='ltr'><strong>septem.</strong></span> <span class='ocrx_word' id='word_1_838' title='bbox 3229 5649 3407 5724; x_wconf 84' lang='lat' dir='ltr'><strong>Editi,</strong></span> <span class='ocrx_word' id='word_1_839' title='bbox 3438 5648 3624 5723; x_wconf 75' lang='grc' dir='ltr'>ἡμῶν.</span> 
     </span>
    </p>
   </div>
  </div>
