4134 6224
312 373 430 433 ’157

1541 373 1776 435 LIBER
1817 371 1920 434 DE
1967 371 2502 435 VIRGINITATE.

3599 371 3719 434 758

306 507 399 560 καὶ
431 503 558 566 τοὺς
587 510 688 574 τῆς
720 499 1008 578 ἕπιθυμίας
1050 503 1388 582 ὀφθαλμοὺς,
1421 503 1602 580 ὥσπερ
1647 508 1746 559 τοῦ
1776 501 1950 576 ’Δδὰμ

2068 503 2208 560 tatis
2235 502 2457 572 oculos,
2492 503 2649 560 velut
2673 503 2882 560 Adami
2912 508 3046 576 post
3069 505 3327 578 ’gustum
3371 505 3716 578 voluptatis,

313 595 450 666 μετὰ
495 595 595 663 τὴν
652 597 831 669 γεῦσιν
889 599 987 648 τοῦ
1037 591 1290 664 ¹ἧδοντος,
1325 593 1494 650 πλέον
1554 593 1629 655 εἷς
1684 595 1748 647 τὸ
1797 591 1957 646 κακὸν

309 680 596 752 διανοῖξαι.
633 682 843 740 Οὐκοῦν
875 684 963 736 καὶ
995 685 1030 752 ἡ
1059 683 1421 759 ὁμογάστριος
1453 680 1662 760 ἀδελφὴ
1715 683 1790 755 μή
1847 700 1964 734 συν-

311 776 460 847 εχῶς
489 771 632 848 ἀφῇς
661 772 752 826 καὶ
788 771 1115 848 φιλημάτων
1146 777 1246 827 τοῦ
1303 770 1539 850 ἀδελφοῦ
1595 773 1959 848 ὲμφορείσθω,

315 864 393 936 μὴ
453 861 556 916 άπὸ
609 868 712 930 τῆς
770 861 1051 936 συνεχείας
1096 862 1176 934 τῷ
1207 862 1396 936 χρόνῳ
1426 864 1562 934 (72),
1595 862 1760 938 φημὶ,
1793 860 1962 922 πάθος

306 951 442 1027 φυὲν
472 950 741 1025 ἁνάκύψῃ,
773 950 863 1004 καὶ
898 949 1114 1022 μάλισθ’
1145 949 1272 1005 ὅταν
1302 951 1393 1005 καὶ
1439 951 1502 1006 τὸ
1552 954 1649 1005 τοῦ
1707 952 1962 1022 σώματος

302 1039 519 1102 κάλλος
548 1040 643 1101 τὰς
671 1042 768 1094 τοῦ
798 1035 998 1112 ἔρωτος
1027 1036 1319 1112 λαμπάδας
1368 1037 1420 1094 ἐν
1477 1044 1593 1100 τοῖς
1651 1037 1961 1116 ὀφθαλμοῖς

305 1128 518 1184 τούτων
552 1128 641 1184 ini
672 1125 843 1183 πλέον
874 1127 1090 1202 ἰξάπτῃ.
1123 1130 1235 1197 Τῆς
1266 1128 1367 1205 γὰρ
1419 1127 1479 1182 ἐκ
1529 1128 1723 1182 τούτου
1755 1125 1960 1204 φλογὸς

304 1217 400 1274 καί
435 1217 464 1272 ὁ
493 1213 686 1287 ἔξωθεν
750 1213 916 1291 λόγος
976 1215 1248 1294 ἀφέλκων,
1277 1219 1344 1271 τὰ
1396 1221 1504 1272 τῶν
1559 1214 1766 1287 καλῶν,
1799 1215 1954 1294 φησὶ,

306 1306 597 1384 φιλήματα
627 1303 987 1382 φυλάττεσθαι
1020 1302 1124 1370 δεῖ,
1155 1305 1230 1367 ὡς
1271 1305 1338 1360 τὰ
1391 1309 1500 1360 τῶν
1562 1299 1797 1360 ἲοϐόλων
1857 1301 1955 1374 δή·

304 1415 513 1471 γματα.
547 1398 827 1469 Διαχεῖται
882 1392 1007 1469 γὰρ,
1039 1393 1226 1470 φησὶν,
1261 1394 1289 1448 ὁ
1348 1393 1428 1455 te;
1485 1400 1584 1463 τῆς
1614 1390 1822 1462 ἡδονῆς
1869 1391 1959 1447 διὰ

298 1488 399 1539 τοῦ
452 1483 766 1562 φιλήματος
815 1480 1058 1547 καθόλου
1113 1487 1210 1538 τοῦ
1267 1483 1545 1555 σώματος.
1607 1483 1722 1551 Διὸ,
1755 1482 1956 1538 Ἀσπά-

306 1575 481 1642 ζεσθε,
541 1573 741 1650 φησὶν,
797 1570 1082 1642 ἀλλήλους
1157 1573 1209 1625 ὲν
1268 1571 1408 1646 ἁγίῳ
1487 1569 1805 1646 φιλήματι·
1867 1573 1957 1625 οἷα

303 1666 450 1736 πνοῇ
482 1664 594 1734 (73)
626 1665 722 1716 τοῦ
753 1660 1067 1738 φιλήματος
1097 1667 1196 1730 τῆς
1229 1660 1426 1734 σαρκὸς
1475 1659 1527 1714 ἐν
1571 1664 1639 1734 τῇ
1667 1663 1766 1714 τοῦ
1798 1659 1955 1734 ἁγίου

297 1750 618 1823 Πνεύματος
670 1751 875 1825 καθαρᾷ
931 1745 1132 1821 εὐωδίᾳ
1165 1792 1181 1820 ,
1220 1753 1390 1805 ταῦτα
1445 1746 1721 1819 ἀλλήλοις
1781 1747 1953 1824 ἁρμό-

303 1845 510 1909 ζοντες.

367 1932 459 1985 45.
491 1927 570 1984 Οὐ
606 1926 874 2000 μεμπτὲοι
904 1924 982 1995 δὶ,
1015 1929 1196 2000 οἴμαι,
1227 1927 1317 1982 καὶ
1350 1926 1428 1989 εἷς
1455 1930 1618 1982 τοῦτο
1660 1933 1763 1995 τῆς
1795 1927 1948 2002 ἀκρι-

299 2012 446 2078 ϐείας
477 2014 567 2072 διὰ
592 2017 655 2072 τὸ
694 2014 926 2089 ἄμωμον
962 2017 1062 2084 τῆς
1114 2014 1382 2089 παρθένου
1431 2013 1704 2078 ὶλθόντες.
1738 2014 1796 2070 Ei
1849 2015 1944 2088 μὶν

290 2107 394 2182 γὰρ
432 2108 509 2180 μὴ
565 2107 808 2183 φθάσασα
846 2102 956 2175 ἤδη
1002 2106 1036 2174 ἡ
1090 2104 1348 2180 ἁμαρτία,
1378 2104 1446 2159 τὰ
1501 2104 1696 2173 ἑαυτῆς
1740 2101 1946 2158 παλαί-

295 2215 475 2268 σματα
507 2194 557 2249 ἒν
588 2199 705 2255 τοῖς
738 2193 1055 2268 προσώποις
1084 2193 1298 2255 τούτνις
1329 2194 1465 2246 κατὰ
1493 2193 1584 2247 τὸν
1622 2191 1737 2260 βίον
1782 2195 1942 2264 ἡμῶν

296 2281 708 2357 ἰκαινούργησε,
740 2281 830 2336 καὶ
889 2279 954 2350 δὴ
1011 2281 1270 2354 μέμψεως
1317 2278 1378 2335 ἂν
1434 2283 1574 2354 ἦμεν
1623 2278 1752 2342 ἴσως
1801 2283 1947 2355 παρὰ

292 2392 433 2426 τισιν
469 2368 630 2443 ἄξιοι,
664 2371 738 2431 ὡς
769 2367 902 2446 ἄχρι
948 2369 1146 2424 τούτου
1201 2369 1292 2424 τὸν
1341 2369 1503 2444 λόγον
1555 2370 1942 2444 γυμνάσαντες.

297 2459 363 2518 Ei
423 2457 483 2514 δὶ
540 2463 643 2513 πᾶν
699 2455 840 2519 εἶδος
899 2457 1165 2533 ἁμαρτίας
1220 2459 1356 2512 κατά
1400 2479 1458 2512 τε
1546 2457 1795 2532 μητέρων
1854 2459 1944 2512 καὶ

305 2548 614 2623 θυγατέρων
677 2544 765 2602 διὰ
813 2551 921 2602 τῶν
996 2546 1194 2623 σαρκὸς
1267 2544 1478 2617 ἡδονῶν
1553 2553 1943 2620 καινοτομῆσαι

303 2635 579 2712 ἰξίσχυσεν
641 2636 844 2712 (ὥσπερ
905 2635 995 2691 οὖν
1049 2636 1136 2691 καὶ
1189 2636 1280 2690 τὸν
1342 2638 1448 2708 (74)
1483 2636 1694 2708 ’Δμνὼν
1728 2634 1812 2690 ἐπὶ
1873 2639 1942 2710 τῇ

304 2729 476 2804 φθορᾷ
498 2733 597 2796 τῆς
628 2723 870 2802 ἀδελφῆς
899 2723 1320 2799 ἐστηλίτευσεν),
1355 2725 1455 2779 οὐκ
1484 2722 1621 2795 ἄξιοι
1663 2726 1940 2798 μέμψεως,

300 2817 480 2888 οἶμαι,
512 2817 568 2869 οἷ
591 2813 666 2878 είς
692 2816 756 2868 τὸ
786 2812 1057 2890 ἄχραντον
1112 2821 1213 2884 τῆς
1269 2812 1536 2887 παρθένου
1592 2813 1681 2868 καὶ
1738 2813 1939 2884 ταύτην

293 2905 392 2973 τήν
464 2901 824 2982 προφυλακὴν
901 2901 1302 2978 εἲσηγούμενοι.
1354 2901 1548 2964 Ὀλκὸς
1625 2905 1739 2975 (75)
1814 2904 1938 2979 γὰρ,

301 2993 468 3070 φημὶ,
520 2994 556 3060 ἡ
615 2990 886 3046 ἐντεθεῖσα
933 2995 1030 3046 τοῦ
1079 2991 1311 3069 φίλτρου
1366 2995 1484 3052 τοῖς
1538 2994 1648 3045 τῶν
1704 2991 1940 3066 ἁῤῥὲνων

303 3082 516 3154 σώμασι
550 3080 686 3156 πρὸς
743 3080 812 3134 τὰ
854 3081 1024 3150 θήλεα
1074 3077 1322 3153 δύναμις,
1354 3080 1567 3134 πάντων
1625 3078 1941 3156 ἀλογήσασα

293 3170 540 3243 κρίσεων,
568 3168 851 3241 αὐτόματα
895 3169 968 3230 ὡς
1019 3168 1078 3222 ἂν
1129 3167 1274 3222 εἷ’ποι
1327 3189 1432 3235 τις,
1464 3172 1650 3237 ταῦτα,
1699 3169 1790 3223 καὶ
1849 3171 1938 3224 ἁν-

1983 1875 2032 1941 Β

2070 593 2143 648 ad
2176 592 2396 648 malum
2428 593 2618 665 magis
2648 593 3044 667 aperiat.Ergo
3072 594 3249 651 etiam
3280 593 3511 651 uterina
3549 611 3716 650 soror

2073 697 2447 753 nequaquam
2479 682 2717 738 assidue
2747 689 2904 739 tactu
2934 690 2992 739 et
3020 683 3238 739 osculi
3290 685 3487 740 fratris
3536 686 3714 739 satie-

2069 775 2187 838 tur,
2240 787 2308 827 ne
2353 788 2422 826 ex
2450 773 2898 840 consuetudine,
2930 774 3213 845 temporis
3244 789 3583 845 progressu,
3604 790 3715 829 na-

2069 877 2238 916 scens
2270 861 2474 916 vitium
2508 877 2636 916 sese
2665 868 2912 932 exserat,
2967 863 3221 918 maxime
3269 879 3403 918 cum
3452 862 3714 934 corporis

2069 954 2344 1006 venustas
2391 950 2610 1006 amoris
2660 951 2815 1006 faces
2862 952 2922 1006 in
2952 951 3138 1008 oculis
3165 967 3367 1007 eorum
3397 953 3587 1023 magis
3613 968 3716 1006 ac-

2069 1039 2280 1093 cendit.
2315 1043 2454 1094 Nam
2489 1040 2562 1094 ab
2612 1041 2902 1110 ejusmodi
2952 1040 3192 1096 ﬂamma
3239 1039 3418 1096 etiam
3467 1041 3715 1112 profana

2067 1127 2371 1182 retrahens
2401 1129 2686 1197 doctrina,
2705 1127 3540 1200 pulchrorum,inquit,oscula
3569 1133 3714 1186 sunt

2067 1217 2344 1282 cavenda,
2375 1220 2658 1288 tanquam
2689 1222 3108 1274 venenatorum
3154 1216 3501 1274 animalium
3553 1234 3711 1274 mor-

2067 1321 2191 1359 sus.
2238 1305 2320 1360 Ex
2349 1303 2547 1360 osculo
2579 1304 2760 1375 enim,
2792 1305 3004 1378 inquit,
3041 1305 3396 1362 diffunditur
3422 1321 3713 1362 venenum

2065 1393 2383 1465 voluptatis
2413 1410 2515 1464 per
2542 1399 2731 1450 totum
2781 1412 3013 1466 corpus.
3062 1395 3393 1466 Propterea,
3441 1395 3711 1464 Salutate,

2066 1481 2279 1554 inquit,
2306 1483 2542 1538 invicem
2570 1484 2631 1538 in
2660 1484 2842 1539 osculo
2870 1488 3057 1539 sancto
3088 1485 3156 1552 ³ί,
3187 1483 3367 1539 veluti
3396 1488 3551 1540 statu
3582 1500 3710 1540 car-

2065 1570 2220 1626 nalis
2250 1570 2436 1628 osculi
2466 1572 2619 1629 658
2652 1572 2710 1627 in
2746 1590 2892 1644 pura
2921 1572 3175 1644 Spiritus
3206 1573 3394 1628 sancti
3443 1573 3709 1644 fragran-

2064 1659 2146 1716 tia
2178 1660 2299 1716 hac
2332 1660 2484 1718 inter
2512 1677 2575 1718 se
2598 1661 3044 1733 conjungentes.

2130 1927 2219 1983 45.
2252 1928 2736 1999 Reprehendendi
2781 1932 3001 1995 autem,
3051 1927 3279 2000 opinor,
3330 1943 3706 2001 nequaquam

2057 2017 2452 2088 sumus,quod
2478 2034 2544 2073 eo
2577 2033 2767 2090 usque
2789 2016 3544 2090 diligentiam,virginitatis
3564 2018 3710 2073 inte-

2056 2104 2251 2178 gritati
2281 2106 2678 2173 consulentes,
2710 2107 3126 2178 perducamus.
3157 2106 3304 2162 Nam
3335 2106 3388 2162 ei
3419 2122 3535 2162 non
3575 2106 3707 2176 jam

2056 2195 2454 2266 praecessisset
2484 2199 2808 2267 peccatum,
2843 2211 2946 2250 nec
2975 2212 3084 2251 sua
3124 2194 3454 2250 luctamina
3501 2193 3563 2249 in
3614 2193 3708 2250 his

2055 2284 2321 2353 personis
2346 2285 2626 2340 adversus
2673 2284 2852 2340 vitam
2901 2288 3164 2340 nostram
3215 2281 3704 2355 deprompsisset,

2055 2371 2303 2428 fortasse
2332 2372 2785 2445 reprehensione
2814 2371 2975 2444 digni
3006 2372 3164 2444 apud
3195 2368 3512 2426 nonnullos
3543 2384 3705 2426 esse-

2056 2477 2210 2529 mus,
2244 2461 2397 2532 quod
2429 2477 2496 2516 eo
2527 2477 2709 2532 usque
2739 2476 3071 2516 sermonem
3097 2460 3556 2515 exercuerimus.
3590 2459 3701 2514 Sed

2053 2549 2104 2605 si
2136 2565 2369 2606 omnem
2401 2549 2619 2622 peccati
2651 2549 2905 2622 speciem
2938 2550 2996 2604 in
3029 2553 3246 2605 matres
3267 2552 3324 2604 et
3345 2564 3573 2605 sorores
3603 2565 3707 2620 per

2053 2639 2247 2695 carnis
2276 2641 2604 2711 voluptates
2632 2639 2802 2695 edere
2847 2639 3036 2711 potuit
3085 2637 3601 2710 (quemadmodum
3648 2639 3707 2693 et

2050 2730 2278 2784 Amnon
2295 2729 2342 2764 ⁸³
2360 2728 2432 2784 ob
2453 2734 2722 2800 stuprum
2753 2728 2970 2784 sororis
2987 2727 3243 2784 infamiae
3266 2726 3422 2782 notis
3441 2725 3701 2796 inussit),

2052 2817 2523 2889 reprehensione,
2556 2818 2784 2890 opinor,
2817 2817 2980 2889 digni
3011 2833 3126 2872 non
3157 2832 3391 2885 sumus,
3423 2815 3579 2886 quod
3628 2813 3701 2868 ad

2049 2906 2294 2978 virginis
2324 2907 2714 2979 integritatem
2738 2905 2890 2961 hanc
2911 2905 3090 2962 etiam
3111 2905 3444 2962 cautionem
3465 2903 3706 2958 induca-

2052 3012 2206 3050 mus.
2239 2995 2390 3050 Satis
2438 2994 2594 3050 enim
2639 2993 2955 3050 vehemens
3001 2998 3113 3062 est,
3160 2993 3427 3065 inquam,
3477 2990 3699 3047 insitus

2050 3085 2265 3140 amoris
2292 3082 2636 3156 corporibus
2660 3083 3056 3139 masculorum
3085 3081 3144 3138 in
3169 3080 3420 3138 feminas
3443 3080 3704 3149 aculeus,

2049 3177 2113 3228 ut
2138 3189 2205 3229 ea
2234 3173 2387 3228 inter
2417 3188 2504 3239 se,
2535 3171 2812 3227 omnibus
2843 3172 3197 3243 contemptis
3225 3169 3706 3242 judiciis,sua,ut

293 3259 636 3313 τιτεινόντων
669 3253 882 3312 ἔνδοθεν
913 3261 1021 3312 τῶν
1053 3254 1363 3332 λογισμῶν,
1393 3254 1667 3327 ἀλλήλοις
1697 3255 1931 3330 συμπλέ·

2063 3266 2133 3317 ta
2161 3261 2802 3333 dicam,sponte,etiam
2834 3260 3259 3316 reluctantibus
3283 3259 3446 3314 intus
3475 3257 3702 3327 cogita-

197 3372 208 3382 ·
296 3350 400 3421 (at.
430 3348 557 3405 Ὅτι
584 3344 755 3417 θήλεα
790 3347 884 3420 μὶν
938 3343 1150 3416 θηλᾶων
1209 3347 1486 3418 ἁπτόμενα
1531 3349 1823 3419 σωμάτων,
1853 3347 1944 3402 καὶ

294 3435 494 3512 ἄρῥενα
550 3436 715 3490 πάλιν
771 3434 1032 3510 ἁρῥὶνων.
1086 3433 1335 3504 ἀκίνητον
1395 3429 1509 3511 ἔχει
1565 3436 1664 3504 τὴν
1715 3438 1942 3514 φυσικὴν

293 3526 434 3600 πρὸς
462 3522 689 3595 ἄλληλα
719 3524 926 3598 σχέσινο
959 3521 1106 3592 πλὴν
1139 3523 1185 3578 εί
1221 3525 1294 3597 μή
1336 3544 1417 3585 τις
1467 3526 1602 3579 κατὰ
1657 3525 1942 3603 φαντασίαν

293 3617 392 3669 τοῦ
420 3614 558 3688 πρὸς
588 3613 645 3668 ’ὀν
678 3613 816 3667 κατὰ
839 3613 996 3690 φύσιν
1027 3614 1127 3682 τὴν
1186 3613 1450 3687 ἆρωτικήν
1499 3613 1708 3684 κίνησιν
1762 3611 1943 3686 ἔλαϐε,

293 3705 396 3771 την
434 3703 660 3776 μνήμην
689 3699 1089 3778 ἐρεθιζόμενος,
1119 3701 1371 3777 καὶπρὸς
1417 3704 1478 3757 τὸ
1528 3701 1818 3777 ἀλλότριον
1875 3708 1943 3778 τῇ

299 3791 482 3865 σχέσει
518 3787 740 3865 οἷ’στρου
771 3793 866 3845 τοῦ
897 3791 1032 3864 πρὸς
1061 3791 1123 3846 τὸ
1146 3791 1346 3846 οίκεῖον
1374 3794 1778 3866 παρανομήσειε
1809 3795 1943 3866 (76).

294 3880 449 3950 Θῆλυ
482 3877 540 3934 δὲ
570 3884 730 3952 σῶμα
760 3884 856 3934 τοῦ
909 3877 1132 3956 ἅρῥενος
1187 3878 1580 3954 ἐφαπτόμενον,
1611 3881 1700 3935 καὶ
1741 3883 1944 3937 ἀνάπα-

291 3969 384 4024 λιν
414 3973 512 4023 τοῦ
544 3966 742 4038 θήλεος
775 3967 924 4030 αὖθις
954 3969 1017 4022 τὸ
1050 3966 1229 4044 ἄρρεν,
1261 3966 1358 4023 κᾶν
1390 3970 1445 4023 αἱ
1476 3968 1528 4023 ἐν
1560 3969 1741 4032 αὐτοῖς
1771 3971 1944 4046 ψυχαὶ

292 4055 592 4132 λογισμοῖς
618 4061 785 4112 ταῦτα
814 4057 1179 4135 ἀφορμήσωσι
1209 4061 1342 4130 (77),
1377 4059 1512 4132 πρὸς
1542 4060 1640 4128 τὴν
1690 4057 1944 4132 συμπλο-

294 4147 396 4214 κήν
429 4146 584 4219 ὅμως
627 4147 715 4201 ὑπ’
746 4145 1012 4218 ἀλλήλων
1063 4148 1199 4201 κατά
1244 4147 1308 4201 τὸ
1355 4145 1590 4217 λεληθὸς
1634 4148 1944 4222 ἐρεθίζεται.

295 4236 398 4292 Καὶ
461 4235 590 4289 ὡσεὶ
640 4240 936 4290 στυππεῖον
1000 4236 1097 4308 μὶν
1155 4234 1451 4290 στυππείου
1507 4237 1804 4310 ἁψάμενον,
1855 4239 1945 4292 καὶ

291 4327 400 4399 πῦρ
449 4321 606 4386 αὖθις
652 4323 906 4401 λαμπρὸν
952 4325 1122 4399 πυρὸς
1167 4325 1427 4400 καθαροῦ,
1477 4323 1538 4379 οὐ
1587 4324 1899 4394 καπνίζεται
1929 4347 1942 4361 ο

297 4417 591 4468 στυππεῖον
651 4409 708 4468 δὶ
763 4411 936 4488 πυρὰς
993 4413 1285 4490 όσφρανθὲν
1340 4411 1553 4488 ταχέως
1608 4414 1892 4470 ἁνάπτεται
1927 4458 1944 4486 ,

286 4501 379 4556 καὶ
427 4501 490 4556 οὗ
541 4501 702 4577 χρεία
748 4500 968 4572 πολλῆς
1019 4499 1301 4579 εργωδίας,
1346 4498 1468 4557 οὔτε
1514 4501 1661 4564 τινὸς
1715 4508 1813 4558 τοῦ
1853 4503 1947 4577 ἐμ-

291 4591 555 4654 πνέοντος
584 4587 799 4661 ἕξωθεν,
827 4589 920 4646 ἵνα
967 4591 1030 4646 τὸ
1073 4591 1132 4646 ἐκ
1177 4595 1274 4646 τοῦ
1321 4589 1616 4646 στυππείου
1663 4596 1770 4668 πῦρ
1821 4594 1947 4648 ἁνα-

298 4677 515 4753 λάμψῃ,
573 4677 718 4735 ἀλλὰ
769 4679 931 4754 μόνον
978 4699 1037 4736 τε
1095 4679 1427 4752 συνεπλάκη,
1487 4680 1575 4735 καὶ
1636 4680 1791 4747 εὐθὺς
1838 4679 1955 4758 ἔχει

373 4832 420 4870 ⁸⁸
453 4836 479 4887 Ι
511 4833 666 4891 Petr.
703 4850 760 4905 v,
795 4835 882 4892 14.
957 4835 1004 4871 ⁸³
1031 4834 1081 4893 II
1111 4833 1250 4908 Reg.
1280 4851 1406 4908 xm,
1441 4835 1532 4906 14,
1560 4853 1691 4910 sqq.

369 4987 602 5060 (72)Τῷ
631 4982 837 5062 χρόνῳ.
892 4991 1018 5046 Non
1066 4988 1220 5046 male
1271 4989 1410 5061 Reg.
1456 4992 1620 5061 2879,
1671 4995 1769 5046 τοῦ
1816 4987 1959 5068 χρό-

299 5077 488 5210 ΫἽῙΙῙΒ)
520 5132 693 5210 ῌνρῇρ
727 5131 812 5210 Ita
838 5132 1208 5210 Golbertinus
1239 5136 1297 5190 et
1328 5149 1483 5210 unus
1512 5151 1581 5192 cx
1608 5137 1962 5210 Regiis,Edi-

303 5201 369 5271 ti,
384 5201 589 5278 ςετνοή.⁸
603 5201 876 5278 Libenter
901 5204 1180 5278 legerem,
1201 5205 1395 5274 πνοήν.

376 5273 492 5346 (74)
520 5270 646 5330 Τόν.
692 5270 994 5334 Ατῐὶουιιιὲ
1043 5270 1284 5335 additus
1330 5270 1400 5334 ex
1440 5281 1660 5336 Veneta
1707 5280 1964 5336 editione

305 5350 358 5402 et
389 5361 491 5402 sex
520 5361 672 5402 mss.

374 5418 489 5489 (75)
517 5415 736 5481 Ὀλκός.
789 5419 978 5478 Codex
1025 5419 1325 5488 Mazarin.,
1382 5417 1562 5485 ίκανὴ.
1611 5425 1738 5478 Mox
1786 5423 1964 5479 codex

308 5491 617 5566 recentior
650 5491 990 5566 Combeﬁs.,
1033 5490 1374 5566 ἀλογήσασα,
1422 5491 1684 5565 κρείσσων
1732 5505 1822 5547 και
1866 5504 1964 5563 θη-

304 5557 475 5687 )ἐων,
532 5561 680 5618 nihil
732 5578 846 5618 non
904 5557 1209 5636 sperum},
1247 5565 1414 5619 etiam
1460 5557 1825 5635 feminarum
1878 5557 1966 5624 vi-

363 5649 478 5689 nx.

383 5671 492 5778 ῤ’ῐ)
538 5705 978 5781 Παρανομήσειε.
1034 5707 1166 5766 Hac
1222 5703 1518 5779 scriptura
1572 5707 1781 5767 nititur
1833 5724 1969 5781 qua-

2052 3351 2756 3418 tionibus,ccnnectat.Ac
2788 3348 3015 3404 feminae
3050 3348 3289 3421 quidem
3334 3347 3478 3403 dum
3530 3346 3701 3403 femi-

2056 3457 2264 3496 narum
2295 3444 2548 3511 tangunt
2579 3454 2918 3509 corpora,ac
2948 3453 3157 3494 rursus
3186 3435 3435 3493 masculi
3467 3451 3704 3492 mascu-

2054 3527 2639 3595 lorum,immobilem
2660 3527 2880 3583 habent
2908 3525 3232 3582 naturalem
3263 3525 3417 3581 inter
3445 3541 3506 3581 se
3535 3523 3703 3580 habi-

2053 3617 2352 3685 tudinem;
2387 3617 2502 3674 nisi
2529 3616 2683 3689 quis,
2710 3617 2853 3672 dum
2883 3617 3011 3687 ejus
3044 3614 3328 3671 memoria
3375 3614 3697 3671 secundum

2053 3706 2538 3777 imaginationem
2586 3705 2767 3772 illius,
2824 3705 2884 3760 in
2916 3720 3093 3775 quem
3127 3703 3454 3760 naturalem
3486 3701 3711 3774 accepit

2056 3794 2276 3849 amoris
2308 3799 2556 3866 motum,
2590 3793 2893 3866 pungitur,
2923 3793 3100 3848 etiam
3132 3793 3191 3846 in
3218 3791 3499 3858 alienum,
3531 3793 3709 3846 castro

2055 3883 2128 3938 ad
2158 3883 2215 3937 id
2248 3883 2404 3953 quod
2438 3883 2550 3938 sibi
2581 3881 2854 3938 convenit
2881 3882 3016 3937 dato
3048 3879 3556 3946 sceleste,utatur.
3597 3877 3712 3933 Sed

2055 3971 2296 4042 femina,
2319 3972 2461 4026 dum
2495 3987 2707 4042 corpus
2735 3970 2924 4041 tangit
2955 3968 3223 4036 masculi,
3257 3972 3361 4024 aut
3391 3984 3598 4024 rursus
3629 3967 3712 4022 fe-

2057 4061 2229 4116 minis
2252 4059 2855 4131 masculus,quamvis
2877 4074 3080 4114 eorum
3103 4057 3314 4113 anime
3341 4056 3707 4127 cogitationi-

2051 4151 2164 4205 bus
2198 4149 2318 4205 haac
2349 4149 2993 4216 communiant,,tamen
3024 4165 3059 4203 a
3087 4163 3151 4203 se
3177 4145 3424 4203 invicem
3455 4146 3527 4202 ad
3558 4161 3714 4202 com-

2055 4237 2291 4310 plexum
2305 4255 2518 4296 arcano
2533 4238 2704 4294 modo
2719 4235 3711 4306 stimulantur.thuemadmodum

2055 4332 2270 4401 stuppa
2285 4328 2427 4384 dum
2447 4332 2722 4400 stuppam
2752 4325 3114 4398 attingit,aut
3134 4340 3342 4380 rursus
3364 4323 3551 4395 signis
3571 4321 3721 4378 ruti-

2053 4416 2404 4490 lanspurum
2422 4416 2875 4487 ignem,fumum
2895 4415 3138 4471 minime
3160 4413 3480 4483 concitant;
3497 4417 3715 4485 stuppa

2054 4523 2188 4562 vero
2220 4506 2268 4561 si
2294 4505 2486 4577 ignem
2518 4505 2813 4571 odoretur,
2845 4503 2959 4560 cito
2992 4501 3356 4568 accenditur,
3403 4517 3509 4558 nec
3558 4517 3713 4574 opus

2061 4599 2151 4652 est
2198 4593 2382 4650 multo
2429 4593 2650 4659 labore,
2687 4609 2790 4648 nec
2823 4592 3184 4664 quarendus
3215 4590 3318 4664 qui
3349 4590 3717 4648 extrinsecus

2063 4683 2348 4751 insufflat,
2382 4686 2447 4739 ut
2473 4698 2543 4739 ex
2571 4687 2785 4754 stuppo
2816 4681 2970 4753 ignis
3002 4678 3322 4751 refulgeat;
3354 4679 3456 4736 sed
3487 4683 3720 4735 tantum

2067 4997 2202 5049 tuor
2233 4990 2706 5063 codicibusmss.
2743 4988 2915 5060 Editi,
2949 4987 3347 5063 παρανομήσει.

2139 5064 2252 5136 (47)
2303 5066 2479 5140 Ταξὺτα
2525 5058 2910 5140 ἁφορμήσωσιέ
2963 5058 3292 5140 Restituam
3342 5059 3524 5140 malui
3575 5058 3720 5140 scri-

2069 5131 2303 5208 pturam
2352 5131 2587 5208 Venetia
2631 5131 2926 5205 editionis,
2977 5135 3038 5190 in
3073 5133 3374 5208 Aqua‘haac
3421 5131 3718 5208 leguntur,

2113 5224 2245 5263 uam
2273 5208 2437 5278 sequi
2466 5199 3010 5278 Parisiensem,q'uze
3037 5199 3127 5278 sic
3147 5205 3321 5278 habet
3345 5221 3357 5258 :
3383 5199 3723 5278 todiwvocx

2070 5226 2245 5333 quam
2273 5226 2437 5278 sequi
2466 5226 3010 5278 rarisiensem,quze
3037 5226 3122 5261 sic
3147 5226 3321 5260 naue;
3345 5226 3357 5258 :
3383 5226 3723 5282 woutvaux

2113 5279 2430 5352 φρμήσωσι.
2482 5279 2742 5345 Videtur,
2789 5284 2852 5334 ut
2882 5281 2941 5360 in
2973 5277 3227 5334 editione
3257 5274 3721 5354 Veneta,le.gis.se

2068 5351 2434 5406 Ambrosius.
2461 5351 2556 5407 Sic
2584 5353 2739 5407 enim
2773 5351 2966 5406 reddit
2999 5366 3011 5404 :
3048 5345 3362 5417 Quamlibet
3391 5345 3723 5417 (lacrumae

2072 5424 2190 5478 illi:
2218 5424 2431 5480 animae
2458 5426 2672 5480 ratione
2697 5415 3079 5478 moderentur.
3100 5419 3262 5475 Unus
3292 5433 3361 5471 ex
3389 5415 3586 5486 Regiis
3619 5431 3722 5470 cc-

2073 5495 2326 5571 dicibus,
2364 5497 2530 5571 ταῦτα
2577 5495 2957 5571 φαρμάσσωσιε
3012 5492 3500 5571 Ηκίήίεήηιρςτσῖιι,
3552 5486 3718 5571 ξιοςὶ-

2072 5572 2171 5621 tur
2199 5558 2376 5622 etia'm
2408 5570 2574 5620 ταῦτα
2590 5558 2664 5622 ’ἱιί
2692 5558 2889 5622 codice
2921 5564 3060 5632 Reg.
3110 5558 3300 5632 28_79.'
3325 5558 3522 5632 Habet_
3559 5558 3720 5632 idem

2075 5639 2274 5704 codex,
2324 5635 2376 5690 ἐν
2425 5637 2638 5698 ἑαυταῖς
2684 5641 2798 5696 τοῖς
2825 5641 2925 5702 τῆς
2951 5627 3137 5705 ψυχῆς
3168 5627 3480 5705 λογισμοῖς,
3509 5627 3724 5701 legitur

2075 5710 2279 5778 etiam,
2305 5705 2356 5763 ιν
2389 5708 2625 5782 tau-cote,
2655 5708 2718 5766 in
2741 5704 2996 5764 editione
3023 5704 3262 5760 Veneta.
