4112 6224
485 375 604 436 759

1428 369 1824 433 APPENDIX
1867 368 2197 434 OPERUM
2239 371 2306 433 S.
2351 369 2631 434 BASILII
2676 370 2950 432 MAGNI.
3743 377 3836 439 760

485 509 724 564 admota
751 508 858 576 est,
891 521 958 560 ac
989 504 1190 561 statim
1221 505 1493 560 ﬂammas
1521 504 1710 575 ,babet
1758 505 2082 562 relucentes
2114 521 2128 560 :

2251 501 2571 577 φαινομένας
2628 501 2723 564 τὰς
2779 501 3028 580 φλόγας·
3073 503 3218 558 οὕτω
3262 502 3327 558 τὸ
3383 501 3521 573 θῆλυ
3575 509 3717 577 σῶμα
3758 513 3836 563 τοῦ

488 596 572 653 sic
603 595 920 651 femineum
951 609 1186 666 corpus,
1218 593 1360 649 dum
1393 593 1726 650 masculum
1758 594 1970 666 tangit,
2021 610 2136 649 non

487 689 678 741 mutto
723 683 949 756 indiget
995 682 1192 738 labore
1243 682 1589 739 insufﬂante
1637 684 1709 739 ad
1761 683 2136 739 concubitum

487 773 810 840 amore,sed
838 788 972 827 cum
1007 769 1334 827 naturalem
1369 771 1624 827 habeant
1654 771 1808 827 inter
1827 788 1888 827 se
1909 771 2141 826 habitu-

495 862 718 928 dinem,
750 861 950 916 statim
984 877 1051 915 ac
1083 877 1143 916 se
1187 861 1562 932 contingunt,
1593 877 1900 917 accensam
1923 860 2144 915 habent

492 967 702 1008 arcano
739 951 910 1005 modo
941 949 1259 1020 voluptatis
1291 950 1626 1005 scintillam.
1660 949 2142 1023 QuaprOpter,in-

498 1041 648 1114 quit,
680 1040 944 1110 Alligabit
971 1041 1095 1110 quis
1122 1040 1306 1109 ignem
1336 1042 1400 1095 in
1428 1042 1579 1106 sinu,
1609 1045 1777 1096 vestes
1807 1047 1988 1095 autem
2031 1055 2142 1094 non

491 1130 829 1199 comburat.”
851 1136 945 1183 aut
975 1127 1285 1183 ambulabit
1315 1131 1436 1200 quis
1461 1145 1628 1198 super
1653 1145 1863 1200 prunas
1891 1129 2058 1198 ignis,
2092 1131 2144 1182 et

492 1218 656 1290 pedes
684 1233 800 1272 non
831 1217 1145 1272 comburet?
1197 1218 1289 1273 Sic
1316 1234 1424 1274 non
1455 1221 1566 1274 erit
1595 1220 1860 1275 innoxius
1897 1217 2144 1289 quisquis

492 1308 746 1378 attigerit
764 1305 1058 1362 mulierem
1073 1307 1310 1370 33.0uod
1335 1307 1385 1362 si
1405 1308 1668 1380 seipsum
1696 1307 1934 1364 tradidit
1959 1305 2146 1363 Domi-

495 1412 608 1453 nus
641 1411 744 1466 pro
777 1411 1012 1466 sponsa,
1047 1400 1110 1450 ut
1158 1411 1285 1451 eam
1333 1397 1659 1453 sanctiﬁcat
1701 1413 1866 1469 aquae
1914 1396 2142 1454 lavacro

493 1483 1119 1558 purgatam,illamque
1134 1484 1258 1555 ipse
1270 1485 1505 1557 sibiipsi
1522 1486 2143 1559 exhibeatgloriosam,

493 1571 786 1630 maculam
819 1589 933 1628 non
966 1573 1305 1641 habentem,
1343 1579 1444 1630 aut
1463 1578 1801 1648 rugam,aut
1821 1575 2144 1647 quidquam

498 1661 932 1732 hujuscemodi,
959 1662 1098 1729 imo,
1125 1666 1189 1717 ut
1209 1663 1286 1718 sit
1305 1668 1508 1720 sancta
1528 1668 1584 1719 et
1603 1663 1903 1736 inculpata
1931 1668 1989 1720 et
2019 1682 2145 1720 cor-

501 1767 640 1823 pore
660 1753 716 1806 et
737 1749 944 1822 spiritu
958 1751 1282 1808 3‘:sollicita
1302 1755 1576 1824 quodque
1594 1753 1812 1810 idcirco
1829 1771 1958 1810 esse
1977 1754 2150 1810 debet

2249 589 2469 666 ἄρρενος
2516 591 2890 668 ἐφαπτόμενον
2941 590 3004 646 οὐ
3049 590 3238 666 χρείαν
3286 590 3403 667 ἔχει
3451 591 3656 663 πολλῆς
3696 593 3835 669 έργωο

2250 677 2384 749 δίας,
2420 677 2540 735 οὕτε
2595 684 2695 734 τοῦ
2752 681 2888 755 πρὸς
2945 681 3044 749 τὴν
3100 681 3240 754 μίξιν
3297 679 3615 754 ἐμπνέοντος
3643 676 3838 755 ἔρωτοςι

2248 767 2395 825 ἀλλᾶ
2421 770 2521 838 τήν
2557 770 2783 845 φυσικὴν
2813 767 3010 844 ἔχοντα
3038 771 3172 845 πρὸς
3204 769 3429 840 ἄλληλα
3459 769 3650 846 σχέσιν,
3679 773 3773 844 ἅμα
3796 794 3839 827 τε

2248 858 2448 932 ἥψατο,
2481 857 2570 913 καὶ
2603 857 2799 920 εὐθέως
2834 857 2948 933 ἔχει
2983 857 3338 936 ἐντυφόμενον
3371 859 3507 914 κατὰ
3545 859 3604 914 τὸ
3649 857 3842 931 λεληθὸς

2248 952 2348 1013 τῆς
2381 947 2585 1018 ἡδονῆς
2614 949 2706 1002 τὸν
2744 949 3036 1023 σπινθῆρα.
3079 949 3177 1002 Διά
3222 952 3404 1015 τοῦτο,
3438 949 3614 1026 φησὶν,
3642 946 3842 1018 Ἀποδη-

2251 1057 2329 1092 σει
2381 1058 2463 1099 τις
2518 1041 2624 1112 πῦρ
2685 1036 2736 1091 έν
2795 1035 3012 1109 κόλπῳ,
3043 1037 3110 1092 τὰ
3159 1034 3217 1091 δέ
3271 1037 3466 1109 ἱμάτια
3516 1037 3577 1092 οὐ
3622 1039 3844 1092 κατακαύ-

2252 1145 2370 1195 est;
2404 1125 2439 1195 ἢ
2498 1128 2854 1200 περιπατήσει
2908 1147 2989 1188 τις
3047 1125 3130 1181 ἐπ’
3187 1126 3461 1200 ἀνθράκων
3518 1125 3696 1200 πυρὸς,
3745 1126 3848 1187 τοὺς

2252 1212 2309 1271 δὲ
2365 1213 2540 1278 πόδας
2599 1215 2660 1271 οὗ
2737 1214 3099 1284 κατακαύσει;
3161 1215 3350 1276 Οὕτως
3404 1213 3504 1269 οὐκ
3575 1215 3848 1285 ἆθωωθήσεο

2249 1326 2338 1360 ται
2386 1311 2492 1368 πᾶς
2533 1307 2560 1360 ὁ
2615 1305 2918 1378 ἁπτόμενος
2961 1303 3231 1381 γυναικός.
3269 1303 3331 1360 Ei
3385 1301 3443 1357 δέ
3497 1303 3673 1358 ἑαυτὸν
3721 1304 3852 1376 παρέ-

2256 1392 2422 1449 δωκεν
2505 1395 2638 1471 ὑπὲρ
2713 1397 2815 1463 τῆς
2891 1393 3111 1468 νύμφης
3187 1393 3214 1447 ὁ
3286 1391 3516 1467 Κύριος,
3564 1391 3649 1446 ἵνα
3713 1391 3850 1458 αὐτὴν

2255 1485 2448 1560 ἁγιάσῃ
2499 1484 2793 1558 καθαρίσας
2841 1486 2920 1555 τῷ
2957 1481 3175 1559 λουτρῷ
3201 1485 3300 1537 τοῦ
3351 1479 3567 1550 ὕδατος,
3597 1479 3679 1536 καὶ
3719 1500 3856 1551 παρα-

2256 1576 2430 1648 στήσῃ
2487 1574 2650 1635 αὐτὸς
2708 1573 2880 1645 ἑαυτῷ
2946 1569 3158 1641 ἔνδοξον
3234 1569 3458 1641 ταύτην,
3520 1571 3594 1642 μή
3659 1566 3851 1644 ἔχουσαν

2256 1661 2477 1733 σπῖλον,
2509 1661 2545 1731 ἢ
2579 1659 2788 1738 ῥυτίδα,
2821 1659 2856 1729 ἤ
2887 1681 2939 1714 τι
2968 1663 3076 1714 τῶν
3122 1659 3409 1728 τοιούτων,
3435 1656 3565 1714 ἀλλ’
3588 1655 3728 1732 Ἱναῇ
3757 1658 3856 1732 ἁγία

2255 1753 2345 1807 καὶ
2377 1753 2614 1825 ἄμωμος
2643 1751 2730 1806 καὶ
2766 1751 2979 1823 σώματι
3008 1749 3098 1804 καὶ
3143 1750 3432 1820 πνεύματυ
3459 1747 3551 1802 καὶ
3597 1744 3678 1802 διὰ
3723 1751 3854 1802 τοῦτο

501 1840 689 1910 virgo,
712 1840 1004 1909 quomodo
1035 1841 1262 1912 placeat
1290 1842 1559 1911 Domino,
1593 1847 1658 1898 ut
1686 1843 1763 1898 sit
1791 1847 1999 1899 sancta
2027 1859 2143 1899 cor-

506 1942 643 1953 ..Α-Α
676 1933 728 1953 ιιι
757 1927 964 1953 ...σιξ-ΞΔ..-
997 1931 1042 1953 nu

2262 1847 2520 1915 μεριμνᾷν
2552 1843 2587 1910 ἡ
2619 1839 2877 1915 παρθένος
2911 1836 3136 1916 ὀφείλει,
3169 1841 3288 1900 πῶς
3342 1837 3520 1947 ἀρέσει
3565 1841 3641 1909 τῷ
3688 1835 3856 1910 Κυρίῳ,

506 1942 645 2000 pore
675 1933 732 1982 et
757 1927 968 1999 spiritu
997 1931 1061 1985 ⁸⁸.

573 2017 659 2072 46.
693 2017 892 2089 Neque
921 2018 1038 2074 alia
1065 2019 1302 2091 quidem
1333 2037 1554 2090 cavere,
1587 2022 1659 2076 ad
1690 2021 1803 2078 alia
1851 2037 1985 2079 vero
2034 2021 2148 2077 sibi

501 2103 678 2161 ﬁdere
709 2107 1107 2165 indifferenter
1133 2109 1306 2166 debet
1337 2126 1351 2164 :
1381 2112 1481 2167 sed
1515 2127 1719 2168 omnes
1750 2112 2146 2184 omnino,quie

499 2194 794 2250 maculam
825 2197 874 2252 ei
907 2202 1011 2253 aut
1040 2214 1245 2270 rugam
1278 2199 1554 2272 inferunt,
1588 2201 1925 2257 occasiones
1975 2200 2146 2272 longe

494 2296 810 2350 removere,
845 2289 910 2342 ut
938 2291 996 2342 et
1020 2304 1257 2360 corpore
1287 2290 1440 2346 659
1469 2296 1674 2346 sancta
1703 2289 2039 2358 sit,nullum
2072 2291 2144 2345 ab

489 2389 556 2429 eo
585 2373 647 2429 in
674 2374 931 2431 animam
981 2376 1490 2448 inquinamenlum
1543 2380 1756 2448 ferens,
1799 2384 1856 2436 et
1902 2380 2141 2451 spiritu,

492 2463 656 2519 nulla
680 2463 848 2519 illum
881 2465 1234 2536 cogitatione
1267 2467 1720 2524 infuscans.Non
1755 2467 1911 2523 enim
1943 2486 1974 2523 a
2013 2484 2140 2523 cor-

487 2567 628 2624 pore
659 2558 892 2609 tantum
922 2553 982 2608 in
1023 2555 1282 2610 animam
1333 2561 1640 2611 transeunt
1685 2556 1981 2627 libidines,
2037 2557 2140 2612 sed

488 2641 666 2696 etiam
699 2643 770 2696 ab
801 2643 999 2697 anima
1025 2643 1260 2699 initium
1293 2650 1617 2712 sumentes,
1653 2645 1924 2717 quamvis
1956 2645 2140 2701 inter-

491 2729 632 2785 dum
665 2747 907 2802 corpora
937 2731 1218 2788 inservire
1248 2749 1362 2789 non
1398 2735 1758 2806 possint,per
1778 2734 2144 2807 imaginatio~

492 2833 652 2885 nem,
703 2819 874 2891 quasi
919 2837 1024 2892 per
1079 2837 1321 2893 corpora
1365 2828 1741 2896 peraguntur,
1792 2824 2144 2895 cogitatione

495 2908 902 2980 perficiuntur.
928 2911 1432 2975 Quemadmodum
1462 2912 1617 2967 enim
1651 2913 1750 2984 qui
1784 2913 1976 2969 oleum
2009 2930 2143 2968 cum

496 3014 650 3069 aqua
679 2999 1262 3071 miscent,utriusque
1292 3002 1712 3072 gratiam,dum
1744 3001 1861 3058 vim
1888 3002 2148 3058 inferunt

500 3085 612 3143 hoc
645 3087 912 3156 artiﬁcio,
946 3089 1210 3156 abolent;
1246 3090 1300 3145 id
1331 3092 1482 3161 quod
1516 3090 1574 3148 in
1606 3091 1732 3147 oleo
1779 3091 2144 3147 luminosum

491 3179 582 3231 est
612 3192 778 3247 aquae
810 3177 951 3232 limo
983 3178 1308 3247 turbantes,
1341 3195 1407 3234 ac
1438 3197 1644 3236 rursus
1676 3198 1839 3252 aquae
1872 3185 2143 3236 naturam

2264 1929 2346 1984 ίνα
2373 1929 2409 2004 ᾖ
2441 1929 2560 2004 ἁγία
2589 1928 2677 1984 καὶ
2706 1933 2784 2000 τῷ
2809 1929 3021 2000 σώματι
3052 1927 3141 1982 καὶ
3170 1931 3250 1998 τῷ
3279 1924 3566 1998 πνεύματι.

2327 2023 2416 2076 46.
2451 2019 2594 2094 Οὐχὶ
2624 2016 2750 2073 τάδε
2797 2018 2892 2090 μὶν
2937 2015 3294 2094 φυλάττεσθαι
3347 2012 3447 2086 δεῖ,
3480 2019 3588 2070 τῶν
3637 2011 3690 2068 δέ
3725 2033 3858 2068 mu-

2253 2107 2464 2182 τολμᾷν
2519 2105 2826 2186 ἀδιαφόρως
2877 2104 3114 2183 ὀφείλειο
3160 2101 3307 2158 ἀλλὰ
3347 2102 3523 2166 πάσας
3573 2102 3861 2172 ἁπαξαπλῶς

2252 2200 2349 2261 τὰς
2382 2196 2680 2259 σπιλούσας
2709 2195 2876 2265 αὐτὴν
2915 2197 2951 2265 ἢ
2999 2191 3218 2270 ῥυτίδας
3263 2191 3598 2265 έμποιούσας
3647 2189 3859 2268 ἀφορμὰς

2253 2286 2532 2364 πόρῥωθεν
2566 2280 3054 2352 ἀναστέλλειν,⁹ίνα
3200 2281 3324 2358 ἁγία
3379 2281 3470 2336 καὶ
3528 2285 3605 2352 τῷ
3658 2281 3860 2352 σώματι,

2255 2373 2422 2449 μηδὲν
2453 2375 2558 2430 ἀπὸ
2588 2373 2784 2430 τούτου
2831 2371 2918 2428 ἐπὶ
2967 2373 3066 2442 τὴν
3113 2371 3297 2446 ψυχὴν
3353 2365 3612 2444 μόλυσμα
3640 2367 3859 2445 φέρουσα,

2249 2464 2441 2538 καὶτῷ
2469 2463 2757 2538 πνεύματι,
2795 2459 2989 2537 μηδενὶ
3032 2462 3269 2532 νοήματι
3311 2464 3475 2514 τοῦτο
3529 2455 3767 2522 θολοῦσα.
3797 2455 3860 2512 Οὐ

2249 2557 2353 2630 γὰρ
2387 2555 2491 2610 ἀπὸ
2522 2555 2774 2627 σώματος
2807 2551 2970 2625 μόνον
3002 2548 3089 2604 ἐπὶ
3116 2549 3301 2623 ψυχὴν
3338 2542 3607 2602 διαϐαίνει
3629 2545 3689 2600 τὰ
3715 2544 3860 2613 πάθη,

2250 2641 2397 2700 ἀλλὰ
2424 2644 2513 2698 καὶ
2565 2643 2670 2698 ἀπὸ
2719 2646 2908 2718 ψυχῆρ
2942 2639 3243 2714 ἀρχόμενα,
3274 2636 3365 2691 καὶ
3427 2638 3506 2709 μή
3567 2633 3863 2708 δυναμένων,

2252 2732 2416 2810 φημὶ,
2450 2728 2557 2796 ἔσθ’
2605 2731 2694 2787 ὅτε
2741 2733 3026 2805 ὑπουργεῖν
3074 2731 3181 2782 τῶν
3237 2725 3529 2798 σωμάτων,
3584 2725 3711 2810 κατᾷ
3756 2743 3864 2793 φαν-

2249 2809 2456 2893 τασίαν,
2489 2821 2563 2884 ὡς
2611 2818 2699 2876 διὰ
2756 2818 3022 2892 σωμάτων
3075 2815 3438 2892 ένεργούμενα
3469 2813 3526 2869 ἄν
3569 2817 3636 2886 τῇ
3685 2809 3870 2880 διανοίᾳ

2250 2910 2726 2988 τελεσιουργεῖται.
2761 2910 2850 2970 Ὠς
2883 2908 2985 2982 γὰρ
3014 2906 3064 2960 oi
3095 2905 3158 2960 τὸ
3191 2901 3337 2977 ὕδωρ
3386 2903 3525 2976 μετὰ
3571 2906 3666 2956 τοῦ
3710 2900 3870 2956 ἰλαίου

2252 3003 2541 3069 κυκῶντες,
2562 3001 2661 3069 τὴν
2690 2997 2944 3074 ἑκατέρου
2975 2996 3138 3070 χάριν
3190 2997 3258 3068 τῇ
3310 2991 3530 3064 ἐπινοίᾳ
3563 2990 3872 3066 βιαζόμενοι,

2255 3091 2567 3169 ἀφανίζουσι
2596 3092 2690 3144 τοῦ
2714 3108 2771 3142 τε
2802 3085 2992 3141 ἐλαίου
3028 3085 3090 3138 τὸ
3122 3079 3412 3169 φωτοειδές
3440 3086 3525 3153 τῷ
3555 3077 3770 3169 ἰλυᾷᾠδει
3791 3081 3872 3169 τοῦ

2254 3167 2444 3241 ὕδατος
2504 3178 2974 3254 συνταράσσοντες,
3034 3173 3123 3227 καὶ
3180 3175 3276 3227 τοῦ
3334 3168 3532 3231 ὕδατος
3606 3167 3747 3231 αὖθις
3786 3167 3870 3234 τὴν

489 3263 870 3333 permistione
900 3264 1008 3319 olei
1040 3265 1549 3337 inquinanteszsic
1581 3270 1677 3339 qui
1713 3270 1971 3324 animam
2007 3285 2139 3324 cum

2257 3269 2410 3347 φύσιν
2453 3272 2521 3342 τῇ
2555 3265 2852 3340 συμπλοκῇ
2895 3267 2992 3318 τοῦ
3040 3260 3224 3317 έλαίου
3277 3257 3591 3321 θολοῦντες’
3624 3257 3784 3317 οὕτως
3828 3256 3874 3308 οἱ

489 3367 729 3423 corpore
760 3369 862 3423 per
891 3352 1166 3410 libidines
1191 3356 1756 3428 commiscent,quod
1789 3357 2025 3430 utrique
2059 3358 2145 3413 in-

490 3444 580 3496 est
607 3441 679 3495 ad
710 3440 888 3496 vitam
920 3441 1084 3510 utile,
1118 3459 1293 3514 prave
1320 3450 1591 3500 evertunt
1625 3463 1637 3502 :
1673 3447 1952 3515 animam,
2014 3464 2142 3519 qua

489 3525 787 3584 luminosa
813 3534 903 3585 est
928 3535 986 3585 et
1011 3529 1493 3602 splendida,limo
1521 3535 1842 3591 carnalium
1875 3551 1943 3591 ex
1973 3536 2140 3591 volu-

491 3620 647 3688 ptate
676 3618 991 3674 libidinum
1023 3624 1142 3675 tam
1177 3621 1510 3693 inquinant,
1541 3628 1594 3678 et
1630 3625 1780 3694 quod
1815 3625 1872 3680 in
1905 3642 2145 3697 corpore

495 3723 705 3778 purum
740 3724 804 3762 ac
835 3709 1088 3764 nitidum
1122 3715 1229 3778 est,
1267 3711 1374 3766 hac
1428 3713 1653 3770 ratione
1698 3714 2142 3786 permiscentes,

493 3794 702 3850 inutile
733 3796 881 3852 illud
915 3798 987 3853 ad
1018 3798 1201 3854 vitam
1220 3800 1617 3857 efﬁciunt.8ed
1645 3804 2142 3874 quemadmodum

494 3886 806 3941 commista
834 3887 988 3942 inter
1006 3903 1068 3943 se
1087 3887 1281 3944 oleum
1305 3893 1360 3945 et
1383 3907 1535 3962 aqua
1554 3891 1880 3948 naturalem
1894 3893 2143 3966 gratiam

493 3978 761 4030 evertunt
795 3991 807 4029 :
842 3975 1146 4033 recedente
1177 3982 1372 4034 autem
1403 3995 1607 4036 eorum
1650 3981 1928 4053 tumultu,
1981 3981 2144 4054 quie-

493 4065 613 4118 tem
648 4068 820 4120 nacta
851 4071 1200 4138 separantur
1249 4069 1486 4139 quidem
1536 4070 1608 4125 ab
1659 4069 1930 4141 invicem,
1980 4076 2038 4127 et
2084 4072 2145 4127 in

491 4153 792 4224 propriam
819 4157 1138 4227 utrumque
1171 4161 1461 4225 naturam,
1497 4158 1637 4213 dum
1672 4161 1730 4214 in
1762 4159 2144 4232 semetipsum

493 4242 812 4316 colligitur,
844 4247 1114 4316 recurrit,
1145 4263 1208 4302 ae
1238 4265 1446 4316 purum
1481 4265 1641 4319 aqua:
1674 4249 1892 4305 insidet
1929 4249 2145 4320 oleum,

2249 3360 2348 3428 τὴν
2381 3358 2567 3433 ψυχὴν
2592 3360 2673 3428 τῷ
2701 3356 2914 3428 σώματι
2949 3350 3039 3407 διὰ
3091 3354 3199 3405 τῶν
3253 3353 3438 3412 παθῶν
3505 3351 3872 3424 συγκυκῶντες,

2251 3446 2503 3522 ἑκατέρου
2532 3448 2642 3518 (78)
2673 3445 2734 3498 τὸ
2764 3443 2902 3518 πρὸς
2935 3441 3027 3496 τὸν
3063 3439 3178 3515 βίον
3218 3434 3487 3514 χρειῶδες
3535 3439 3711 3496 κακῶς
3759 3435 3877 3522 ξφα-

2250 3519 2600 3605 νίζουσι,τήν
2633 3555 2690 3588 τε
2720 3533 2906 3608 ψυχήν
2962 3526 3232 3608 φωτοειδῆ
3283 3526 3372 3581 καὶ
3431 3523 3690 3601 λαμπρὰν
3740 3519 3877 3576 οὖσαν

2251 3629 2318 3700 τῇ
2352 3625 2468 3680 ἰλύϊ
2495 3629 2602 3679 τῶν
2631 3626 2898 3696 σαρκικῶν
2933 3619 2983 3690 ἐξ
3013 3615 3218 3689 ἡδονῆς
3255 3618 3439 3670 παθῶν
3477 3612 3621 3686 ὅλην
3675 3611 3877 3700 θολοῦν-

2250 3735 2359 3784 τες,
2393 3713 2483 3769 καὶ
2513 3717 2610 3768 τοῦ
2636 3713 2890 3785 σώματος
2915 3709 2975 3764 τὸ
3005 3706 3235 3782 καθαρὸν
3267 3706 3360 3760 καὶ
3391 3701 3612 3779 διαυγές
3640 3706 3716 3773 τῷ
3742 3699 3877 3774 λόγῳ

2251 3803 2430 3878 τούτῳ
2473 3801 2854 3874 ἀναφύρουσιν,
2888 3799 3110 3875 ἀχρεῖον
3150 3795 3289 3872 πρὸς
3339 3793 3432 3848 τὸν
3487 3792 3610 3870 βίον
3659 3787 3880 3878 δεικνῦν·

2251 3915 2360 3956 τες.
2391 3877 2548 3951 ἋΛλ’
2579 3893 2756 3966 ὥσπερ
2789 3889 3079 3962 κυκώμενα
3113 3887 3227 3959 μετ’
3257 3881 3528 3954 ἀλλήλων
3581 3879 3749 3936 έκεῖνα
3793 3877 3877 3943 τήν

2254 3984 2484 4059 φυσικὴν
2518 3982 2678 4057 χάριν
2738 3976 3062 4034 ἀπόλλυσινο
3103 3974 3564 4059 ἀναχωρήσαντος
3620 3967 3676 4026 δὶ
3727 3966 3878 4059 αὖτῷν

2250 4055 2347 4127 τοῦ
2393 4055 2660 4147 ταράχου,
2707 4066 2945 4145 ἠρεμίας
3003 4063 3388 4140 μεταλαχόντα
3443 4058 3741 4115 διίστανται
3797 4055 3878 4147 μέν

2255 4160 2346 4214 ἀπ’
2375 4144 2664 4231 ἀλλήλων,
2696 4144 2774 4221 εἲς
2807 4154 2864 4212 δὲ
2895 4157 2993 4226 τὴν
3030 4153 3233 4210 οἰκείαν
3275 4149 3526 4225 ἑκάτερον
3562 4150 3719 4225 ᾳόσιν
3766 4144 3885 4220 πρὸς

2255 4250 2412 4304 ἑαυτὸ
2446 4248 2810 4325 συναγόμενον
2840 4246 3146 4321 ἀνατρέχει,
3179 4243 3241 4298 τὸ
3293 4241 3385 4314 μὶν
3437 4237 3628 4294 ἔλαιον
3673 4234 3883 4325 καθαρὸν

493 4347 648 4402 aqua
698 4349 831 4389 vero
878 4334 1245 4405 perlucidum
1281 4336 1346 4390 {lt
1375 4336 1534 4392 illius
1565 4337 1899 4394 vehiculum
1933 4356 1946 4394 :
1980 4337 2063 4394 ita
2090 4343 2143 4394 et

2253 4342 2333 4411 τῷ
2363 4335 2516 4393 ὕδατι
2549 4323 2820 4415 ἰφιζάνον,
2842 4335 2906 4390 τὸ
2937 4332 2995 4390 δὲ
3023 4331 3168 4407 ὕδωρ
3215 4327 3411 4391 διειδὶς
3466 4325 3667 4404 ὄχημα
3711 4323 3885 4379 τούτου

492 4419 690 4475 anima
719 4426 776 4475 et
803 4437 1038 4492 corpus,
1063 4422 1111 4478 si
1139 4424 1635 4480 commisceantur
1665 4426 1816 4482 inter
1840 4443 1901 4482 se
1925 4426 2143 4483 mutuis

2254 4424 2560 4506 γινόμενον·
2587 4428 2728 4483 οὕτω
2758 4427 2845 4482 καὶ
2879 4428 2912 4495 ἡ
2945 4423 3100 4500 ψυχὴ
3142 4421 3233 4477 καὶ
3272 4421 3334 4474 τὸ
3393 4423 3579 4492 σῶμα,
3619 4419 3886 4506 κυκῴμενα

493 4508 977 4582 vitiis,propriam
1012 4516 1328 4584 utrumque
1360 4519 1629 4569 naturam
1656 4515 1727 4570 ab
1751 4516 1932 4572 altero
1959 4517 2143 4589 inqui-

2261 4501 2356 4592 μὶν
2384 4501 2503 4580 τοῖς
2536 4517 2586 4589 ἒξ
2607 4513 2872 4587 ἀλλήλων
2901 4514 3091 4577 πάθεσι
3126 4511 3241 4584 μετ’
3270 4506 3680 4579 ἆλλήλων,τήν
3707 4501 3885 4558 οἰκείαν

497 4601 702 4654 natum
753 4599 1109 4670 corrumpit;
1163 4602 1264 4657 sed
1315 4603 1801 4675 tranquillitatem
1846 4611 2034 4678 nacta,
2086 4607 2143 4662 in

2259 4608 2413 4684 φύσιν
2448 4606 2696 4683 ἑκάτερον
2742 4605 2887 4680 παρᾶ
2929 4600 3152 4676 θατέρου
3202 4598 3542 4700 θολούμενον
3593 4592 3888 4700 διαφθείρει·

501 4687 799 4759 pr0priam
832 4692 1103 4746 naturam
1130 4692 1438 4750 redeuntia
1470 4700 1834 4767 separantur,
1860 4713 1925 4752 ac
1957 4697 2143 4753 anima

2260 4683 2496 4773 ἠρεμίας
2543 4693 2601 4751 δὲ
2639 4692 3044 4761 ἀπολαύσαντα,
3091 4689 3168 4752 είς
3218 4689 3318 4757 τὴν
3369 4685 3574 4742 οἰκείαν
3610 4683 3762 4773 φύσιν
3787 4699 3888 4756 χω·

503 4776 765 4871 quidem,
797 4778 956 4835 velut
987 4781 1192 4855 auriga
1221 4781 1515 4840 luminosa
1559 4802 1666 4841 sua
1715 4785 2143 4858 pulchritudine

2263 4771 2509 4863 ρισθέντα
2561 4781 2882 4852 διίστανται,
2916 4783 2951 4852 ἡ
3159 4779 3336 4871 ψυχὴ,
3367 4775 3609 4871 καθάπερ
3641 4771 3890 4871 ,ἡνίοχοὲ

502 4865 755 4938 desuper
781 4868 1095 4941 aﬂ'ulgente
1144 4888 1356 4944 corpus
1407 4873 1695 4942 illuslrat;
1741 4893 1954 4948 corpus
1995 4892 2143 4943 vero,

2260 4877 2323 4931 τὸ
2379 4871 2668 4954 φωτοειδὶς
2726 4874 2919 4942 ἑαυτῆς
2978 4867 3186 4931 κάλλος
3235 4865 3439 4954 ἄνωθεν
3487 4863 3890 4954 ἐπιλάμποντιῙ)

500 4958 916 5054 μίροιοβηνο,
948 4960 1287 5018 subsidiens
1311 4963 1470 5020 illius
1503 4965 1794 5037 dignitati,
1818 4945 2143 5022 vehiculum

2264 4945 2476 5039 σώματι
2531 4965 2812 5042 φαίνουσα⁸
2853 4962 2916 5017 τὸ
2974 4957 3031 5054 δὶ
3079 4963 3257 5054 σῶμα,
3418 4953 3505 5054 ἂν.
3538 4952 3678 5054 (iugi;
3727 4945 3892 5054 ἔκριζά-

500 5042 662 5101 illius
694 5045 760 5101 ﬁt
785 5047 856 5102 ad
885 5063 1032 5106 usus
1062 5051 1446 5110 necessarios.

2262 5075 2354 5110 vov
2389 5055 2481 5129 μὲν
2655 5052 2856 5124 ταύτης
2910 5049 3048 5122 ἀξίᾳ,
3083 5045 3273 5124 ὄχημα
3329 5042 3387 5101 δὶ
3441 5044 3588 5118 αὐτῇ
3647 5039 3778 5117 πρὸς
3806 5039 3892 5103 τὴν

2264 5144 2487 5199 ἐνταῦθα
2515 5142 2704 5219 χρείαν
2732 5140 3037 5216 γινόμενον.

572 5223 660 5279 47.
693 5224 838 5281 Cum
870 5225 1052 5298 igitur
1082 5233 1351 5285 naturam
1412 5249 1580 5287 suam
1628 5232 1710 5288 ita
1757 5240 2143 5307 comparatam

2337 5236 2425 5290 47.
2454 5231 2661 5290 Οὐκοῦν
2714 5228 2962 5287 τοιοῦτόν
3019 5249 3073 5284 τι
3138 5220 3432 5302 συμϐαῖνον
3481 5220 3538 5280 έν
3596 5225 3666 5296 τῇ
3724 5221 3896 5307 ἑαυτῆς

502 5326 630 5370 esse
659 5313 820 5388 virgo
847 5314 1350 5392 intelligat,neque
1379 5320 1452 5377 iis
1484 5337 1613 5393 quae
1639 5339 1706 5377 ex
1737 5306 1908 5381 carne
1957 5326 2143 5380 oriun-

2265 5322 2419 5399 φύσει
2451 5324 2486 5392 ἡ
2518 5322 2782 5398 παρθένος
2813 5317 3024 5391 ἷδοῦοα,
3055 5314 3176 5374 οὕτε
3202 5320 3320 5380 τοῖς
3366 5312 3424 5370 ἐκ
3470 5309 3677 5399 σαρκὸς
3725 5306 3893 5399 «uites!

501 5404 601 5460 tur
626 5402 783 5462 vitiis
814 5404 1014 5463 lumen
1046 5391 1270 5465 mentis
1294 5391 1892 5484 contur_babit,neque
1924 5413 1997 5469 iis
2031 5430 2143 5486 qua

2263 5391 2328 5468 τὸ
2377 5391 2483 5483 τῆς
2524 5391 2709 5489 ψυχῆς
2759 5409 3024 5489 φωτεινὸν
3073 5405 3420 5485 συνταράξει,
3465 5398 3602 5459 οὔτε
3645 5403 3762 5461 τοῖς
3805 5391 3896 5449 ἀπὸ

579 5519 627 5555 ³³
657 5519 821 5580 Prov.
851 5537 932 5594 vr,
959 5523 1148 5578 27-29.
1223 5525 1268 5568 ’1»
1297 5525 1510 5598 Ephes.
1539 5543 1596 5598 ν,
1630 5528 1820 5584 25-28.
1897 5529 1942 5564 ⁸⁸
1969 5529 1991 5584 Ι
2022 5529 2143 5585 Cor.

2251 5546 2283 5599 ι,
2314 5531 2406 5601 32,
2438 5531 2529 5587 34.

436 5711 438 5713 γ
582 5637 694 5707 (78)
750 5639 1062 5715 Ἐκατέρρυ.
1120 5641 1214 5698 Sic
1273 5643 1500 5702 codices
1568 5661 1686 5703 non
1751 5646 1946 5719 pauci.
1999 5644 2112 5704 Alii

444 5701 792 5767 xjxuséowv.

2253 5663 2311 5705 m
2376 5647 2631 5707 editione
2694 5647 2936 5718 Veneta,
2991 5641 3231 5700 έκατέοα.
3298 5635 3652 5700 Parisiensis
3715 5629 3898 5696 editio,

646 5965 796 6113 1
