4134 6224
308 403 421 463 761

1535 396 1770 460 LIBER
1813 397 1916 458 DE
1958 396 2503 462 WBGINITATE.

3597 393 3720 455 762

305 537 494 608 ψυχῆς
552 530 742 608 ἔχουσι
798 531 897 600 τὴν
927 530 1107 607 ἀρχὴν
1136 534 1356 606 συγχεῖν
1411 529 1474 584 τὸ
1522 530 1716 598 ἑαυτῆς
1745 525 1952 590 κάλλος

2066 547 2132 587 ex
2159 532 2379 601 anima,
2410 530 2910 604 pulchritudinem
2933 544 3104 586 suam
3125 527 3407 586 infuscari
3424 527 3701 600 patietur;

310 623 562 692 ἑνέξεταιο
598 619 723 676 ἀλλ’
754 619 1004 694 ἑκάτερον
1039 619 1092 675 ἰν
1122 624 1191 692 τῇ
1239 617 1352 691 ἰδίᾳ
1403 619 1563 695 χώρᾳ
1589 639 1648 673 τε
1676 618 1767 672 καὶ
1815 615 1960 688 τάξει

306 711 397 767 καὶ
430 709 592 787 χρείᾳ
620 710 738 765 καθ’
789 709 1023 784 ἡσυχίαν
1067 707 1431 788 φυλάττουσα,
1465 707 1682 781 εἰρήνην
1717 707 1812 780 μὲν
1843 711 1960 768 τοῖς

310 803 494 875 μέρεσι
551 801 665 873 (79)
723 800 855 872 μετά
906 797 1096 876 σοφίας
1158 793 1463 874 βραϐεύσει,
1533 795 1585 850 ἐν
1642 795 1848 872 ἠρεμίᾳ
1903 793 1961 850 δὲ

312 890 490 961 μένειν
519 889 632 961 (80)
679 885 768 940 καὶ
795 886 979 961 ψυχὴν
1028 885 1119 939 καὶ
1164 889 1324 957 σῶμα
1380 883 1516 938 κατά
1573 883 1728 960 φύσιν
1788 884 1961 953 ἀσκή-

305 999 462 1046 σασα,
492 977 554 1031 τὸ
584 976 634 1046 ἐξ
665 977 870 1053 ἀμφοῖν
900 975 1222 1049 ἐναρμόνιον
1269 971 1410 1036 εἶδος
1459 973 1692 1047 καθαρὸν
1757 969 1960 1027 ἐπιδεί-

305 1068 405 1138 ξει,
435 1066 498 1120 τὸ
550 1065 644 1138 μὲν
704 1061 998 1139 φωτοειδὲς
1051 1071 1155 1133 τῆς
1200 1066 1384 1138 ψυχῆς
1424 1064 1728 1136 ἀκύμαντον
1756 1082 1815 1116 τε
1868 1061 1956 1116 καὶ

303 1153 587 1218 ἀθόλωτον
647 1151 836 1209 διόλου
891 1150 1257 1232 φυλάττουσα,
1331 1153 1394 1207 τὸ
1454 1149 1512 1206 δί
1556 1155 1651 1206 τοῦ
1704 1150 1958 1224 σώματος

304 1241 452 1300 εἶδος
482 1244 681 1306 παντὸς
712 1245 1010 1316 κινήμαεος
1056 1247 1154 1298 τοῦ
1198 1241 1248 1315 ἐξ
1300 1239 1514 1311 ἡδονῶν
1577 1235 1962 1318 βορϐορώδους

303 1333 539 1407 καθαρὸν
609 1334 916 1403 ἁσκητικῶς
1001 1335 1342 1408 συντηροῦσα
1375 1373 1390 1387 .
1465 1333 1640 1404 Σῶμα
1700 1330 1794 1404 μὶν
1853 1331 1958 1406 γὰρ

301 1420 737 1497 γαστριμαργίαν
790 1420 879 1476 καὶ
943 1421 1112 1495 μᾶθην
1165 1420 1256 1476 καὶ
1330 1420 1425 1483 τὰς
1481 1421 1621 1494 πρὸς
1674 1420 1956 1475 συνουσίαν

300 1508 509 1581 ἡδονὰς
540 1510 935 1586 βρασσόμενον,
992 1509 1128 1564 κατά
1175 1514 1272 1564 τοῦ
1325 1507 1570 1571 κάλλους
1626 1511 1728 1578 τῆς
1771 1512 1958 1584 ψυχῆς

304 1597 624 1655 ἀναδίδωσι·
681 1601 836 1675 ψυχὴ
889 1596 947 1654 δὲ
997 1596 1166 1668 ζῆλόν
1210 1619 1270 1654 τε
1298 1597 1389 1653 καὶ
1421 1598 1611 1673 ὀργὴν,
1675 1596 1956 1672 ὑπόκρισίν

300 1709 363 1744 τε
382 1689 476 1744 καὶ
507 1687 706 1765 ἔχθραν
747 1688 837 1743 ὐπ’
880 1687 1187 1766 ἀφροσύνης
1235 1690 1348 1761 (81)
1406 1686 1749 1760 κλονουμὲνη
1811 1686 1958 1764 φέρει

302 1780 444 1835 κατά
499 1783 596 1834 τοῦ
653 1779 930 1851 σώματος.
984 1778 1080 1832 Καὶ
1135 1774 1274 1832 ἔστιν
1305 1776 1395 1832 ὅτε
1424 1772 1578 1855 φόϐῳ
1599 1781 1707 1832 τῶν
1741 1775 1800 1831 ἐκ
1828 1796 1958 1852 σαρ-

303 1869 402 1930 κὸς
429 1868 617 1922 παθῶν
671 1867 946 1938 νηστείαις
1003 1866 1092 1921 καὶ
1148 1864 1592 1941 σκληραγωγίαις
1636 1866 1704 1920 τὰ
1732 1867 1959 1938 σώματα

302 1958 447 2030 πρὸς
491 1954 609 2011 ’ίδια
657 1957 725 2012 τὰ
767 1957 914 2026 πάθη
975 1954 1362 2032 νεκρώσαντες,
1419 1956 1486 2010 τὰ
1541 1957 1727 2031 ψυχῆς
1763 1954 1874 2009 ἴδια
1903 1954 1954 2008 ἐν

299 2045 479 2119 νεκρῷ
505 2046 721 2120 σώματι
769 2045 1156 2122 περιφίρομεν,
1210 2045 1286 2107 ὡς
1318 2045 1538 2108 αὐτόθεν
1596 2043 1659 2098 τὰ
1703 2042 1955 2120 χωλεῦον

298 2136 442 2211 πρὸς
467 2133 785 2206 τελειότητα
813 2133 1112 2210 φαίνεσθαι,
1182 2133 1264 2188 ὅτι
1293 2136 1402 2207 (82)
1459 2134 1522 2188 τὸ
1550 2129 1731 2208 ἕτερον
1778 2132 1956 2209 χωρὶς

296 2228 402 2280 τοῦ
486 2224 668 2300 ὲτὲρου
744 2223 1106 2298 κατορθωθὶν,
1187 2221 1373 2284 ἀτελὲς
1425 2223 1562 2297 πρὸς
1617 2224 1718 2292 τήν
1771 2223 1953 2294 ἀληθῆ

300 2313 501 2388 ἀρετὴν
526 2313 590 2368 τὸ
619 2307 774 2389 ἔργον
808 2311 1048 2387 ἰλὲγχει.
1110 2309 1250 2369 Οῦτε
1295 2311 1397 2387 γὰρ
1426 2311 1493 2366 τὰ
1522 2312 1776 2384 σώματος
1805 2310 1950 2382 πάθη

298 2399 395 2456 διὰ
421 2405 684 2472 νηστειῶν
716 2399 1052 2474 ἐκτεμόντες,
1083 2401 1182 2470 τὴν
1217 2398 1274 2456 δὲ
1323 2402 1507 2476 ψυχὴν
1555 2405 1670 2462 τοῖς
1702 2397 1864 2463 ἰδίοις
1893 2399 1953 2456 ἐκ

299 2488 480 2560 ζήλου
509 2490 599 2544 καὶ
653 2489 988 2561 ὑποκρίσεως
1025 2489 1117 2544 καὶ
1172 2493 1280 2544 τῶν
1346 2487 1532 2544 ἄλλων
1565 2493 1751 2554 παθῶν
1799 2491 1955 2560 κινή-

302 2599 438 2652 μασι
517 2577 900 2651 τεθολωμὲνην
981 2576 1394 2645 καταλιπόντες,
1480 2581 1760 2654 χρήσιμον
1818 2579 1953 2655 πρὸς

296 2668 499 2744 ἁρετὴν
523 2669 625 2737 τήν
654 2671 752 2722 τοῦ
784 2667 1042 2740 σώματος
1071 2664 1298 2738 ἄσκησιν
1349 2665 1652 2740 δείκνυμεν.
1687 2665 1825 2725 Οὔτε
1851 2669 1953 2737 τήν

297 2757 490 2832 ψυχήν
516 2761 626 2812 τῶν
651 2754 804 2811 ῒδίων
851 2758 994 2827 παθη
1007 2757 1188 2829 μάτων
1237 2758 1583 2832 καθάραντες,
1613 2758 1676 2812 τὸ
1707 2754 1765 2812 δὲ
1794 2761 1954 2829 σῶμα

296 2848 496 2924 ἄφετον
524 2846 661 2920 πρὸς
708 2845 803 2909 τὰς
846 2845 1044 2920 σαρκὸς
1073 2847 1186 2919 (83)
1212 2843 1413 2914 ἡδονὰς
1465 2846 1555 2900 καὶ
1603 2847 1703 2914 τὴν
1749 2845 1950 2915 λοιπὴν

298 2937 500 3009 θρύψιν
554 2936 792 3012 ἀφᾶντες,
847 2932 942 2988 κᾶν
1000 2935 1076 3008 μὴ
1108 2938 1254 3009 παρῇ
1286 2937 1320 3004 ἡ
1371 2935 1507 3010 πρὸς
1535 2936 1791 3010 πορνείαν
1824 2936 1951 2989 ἀκο-

301 3023 491 3095 λασία,
547 3023 757 3080 τέλειον
801 3024 894 3079 τὸν
924 3024 1059 3098 πρὸς
1088 3023 1284 3098 ἀρετὴν
1321 3023 1441 3098 βίον
1468 3025 1630 3097 ἡμῶν
1663 3022 1832 3095 δεῖξαι
1889 3021 1951 3079 ού

300 3110 595 3187 δυνάμεθα.
645 3111 826 3169 Ἀλλὰ
856 3110 940 3167 δεῖ
981 3113 1072 3168 τὸν
1109 3110 1388 3186 μέλλοντα
1415 3114 1615 3176 παντὸς
1663 3113 1950 3189 μολυσμοῦ

293 3204 534 3276 καθαρὸν
591 3203 683 3257 τὸν
741 3208 844 3271 τῆς
901 3203 1099 3278 ἀρετῆς
1156 3199 1362 3277 δρόμον
1417 3199 1708 3277 δεικνύναι,
1755 3208 1836 3274 τῷ
1891 3224 1951 3260 τε

293 3291 436 3347 κατὰ
485 3292 672 3366 ψυχὴν
728 3289 885 3363 καλῷ
942 3289 1287 3366 προστιθέναι
1339 3291 1527 3346 καὶτὰ
1571 3289 1668 3347 τοῦ
1699 3293 1953 3366 σώματος

295 3380 492 3456 ἀγαθὰ,
541 3380 778 3442 καὶτοῖς
807 3379 943 3435 κατᾶ
971 3379 1033 3435 τό
1091 3383 1252 3453 σῶμα
1307 3381 1616 3452 ἁσκητικῶς
1669 3383 1953 3452 πονηθεῖσι

292 3471 363 3525 τὰ
390 3476 492 3539 τῆς
541 3471 726 3544 ψυχῆς
775 3469 1175 3546 κατορθώματα
1223 3474 1626 3544 συμφωνοῦντα
1657 3467 1951 3529 δεικνύναι.

295 3557 438 3618 Οὔτε
466 3559 567 3634 γὶρ
597 3557 902 3623 ἁνύπουλος
929 3559 1017 3614 καὶ
1051 3557 1262 3629 ἀληθὴς
1318 3560 1346 3614 ὁ
1402 3560 1521 3636 βίος
1577 3559 1952 3638 ἁναδειχθείη,

298 3646 566 3724 ἁρμονίαν
597 3652 704 3702 τῶν
735 3654 836 3716 τῆς
863 3649 1050 3722 ψυχῆς
1106 3668 1165 3702 τε
1191 3648 1279 3702 καὶ
1314 3649 1571 3722 σώματος
1623 3648 1804 3722 μελῶν
1862 3649 1952 3705 καὶ

297 3737 620 3816 συμφωνίαν
669 3736 804 3813 πρὸς
862 3735 1089 3807 ἄλληλα
1146 3738 1222 3809 μή
1283 3735 1549 3812 ἐχόντων.
1608 3737 1830 3808 Ἐπειδὴ
1862 3738 1952 3795 καὶ

294 3827 607 3903 ἀμήχανον,
664 3827 840 3900 οἶμαι,
896 3827 964 3881 τά
1019 3846 1080 3880 τε
1134 3825 1272 3880 κατὰ
1323 3829 1508 3902 ψυχὴν
1542 3831 1950 3904 κατορθωθῆναι

294 3913 460 3983 καλὰ,
519 3919 628 3969 τῶν
681 3913 817 3969 κατὰ
873 3918 1034 3988 σῶμα
1091 3911 1522 3988 ὶμποδιζόντων·
1581 3916 1648 3972 τά
1702 3937 1761 3972 τε
1817 3917 1954 3972 κατὰ

297 4009 459 4078 σῶμα
515 4009 766 4080 παρεῖναι
795 4003 958 4073 καλὰ,
995 4004 1072 4078 μή
1104 4005 1540 4080 προηγουμίνων
1569 4011 1678 4062 τῶν
1711 4004 1766 4061 ἐτ
1793 4009 1950 4082 ψυχῇ

296 4092 533 4168 ἀγαθῶν.
567 4090 745 4149 Ἀλλὰ
773 4089 856 4148 δεῖ
885 4094 1070 4168 ψυχήν
1101 4113 1160 4148 τε
1186 4093 1354 4163 αὐτὴν
1397 4095 1533 4171 πρὸς
1584 4094 1778 4164 ἑαυτὴν
1821 4115 1954 4168 συμ-

296 4182 643 4259 φωνήσασαν,
682 4181 768 4236 κοὶ
828 4179 1118 4259 σύμφωνον
1177 4182 1242 4236 τὸ
1274 4187 1437 4256 σῶμα
1464 4183 1602 4257 πρὸς
1633 4184 1826 4254 ἒαυτήν
1860 4182 1952 4240 λαο

297 4264 521 4344 δοῦσαν,
563 4269 706 4326 οὕτω
750 4268 960 4326 τέλειον
1019 4269 1071 4342 ἐξ
1130 4271 1454 4350 ἀμφοτέρων
1512 4275 1699 4348 ψυχῆς
1747 4293 1805 4328 τε
1860 4269 1951 4329 καὶ

299 4359 558 4432 σώματος
629 4360 768 4436 πρὸς
842 4356 935 4415 ἕνα
1009 4356 1213 4436 δρόμον
1272 4359 1535 4424 εὐπειθῶς
1588 4363 1949 4436 κινουμένων,

301 4445 562 4520 ιπιδεῖξαι
617 4447 711 4504 τὸν
774 4448 1036 4526 μακάριον
1099 4449 1236 4525 βίον.
1295 4449 1502 4507 Οὐκοῦν
1558 4451 1593 4521 ἡ
1665 4452 1950 4524 παρθίνος,

300 4535 563 4609 καθάπερ,
609 4533 791 4593 ἔλαιον
822 4535 974 4594 ὕδατι
1016 4537 1118 4607 τὴν
1145 4539 1330 4613 ψυχὴν
1361 4543 1441 4612 τῷ
1472 4540 1685 4613 σώματι
1715 4542 1952 4616 καθαρὰν

2070 622 2168 676 sed
2202 625 2520 696 utrumque
2546 622 2606 677 in
2627 621 2861 696 proprio
2891 621 3018 676 loco
3039 625 3096 676 et
3111 617 3317 676 ordine
3345 621 3405 674 et
3425 633 3536 673 usu
3558 621 3720 673 tran-

2070 711 2250 784 quille
2279 713 2639 784 custodiens,
2674 728 2875 785 pacem
2907 710 3170 784 partibus
3202 708 3496 781 sapienter
3523 707 3718 763 conci-

2069 799 2256 869 liabit,
2289 819 2355 857 ac
2394 819 2607 874 corpus
2654 806 2710 858 et
2749 801 3032 868 animam,
3063 804 3127 856 ut
3171 800 3230 854 in
3280 798 3476 870 quiete
3506 812 3714 852 secun-

2069 891 2211 945 dum
2246 896 2517 947 naturam
2551 895 2848 957 maneant,
2879 905 3176 955 exercens,
3210 905 3278 944 ex
3309 892 3554 958 utroque
3573 901 3718 941 con-

2070 979 2278 1036 cordia:
2308 981 2562 1053 speciem
2595 980 2975 1054 purissimam
3008 979 3317 1045 ostendet;
3353 975 3567 1032 mentis
3592 974 3721 1046 qui-

2069 1069 2200 1125 dem
2219 1069 2588 1140 splendorem
2608 1075 2877 1142 pacatum
2893 1074 2950 1125 et
2965 1069 3203 1125 omnino
3221 1066 3717 1140 imperturbatum

2067 1173 2438 1229 conservans,
2469 1159 2732 1232 corporis
2773 1163 2968 1216 autem
3015 1159 3268 1230 speciem
3311 1156 3382 1212 ab
3415 1155 3577 1211 omni
3605 1170 3718 1209 caa-

2071 1265 2214 1306 noso
2244 1250 2614 1324 voluptatum
2639 1253 2803 1307 motu
2833 1265 3042 1322 puram
3061 1248 3158 1321 pia
3185 1245 3594 1304 exercitatione
3617 1260 3717 1298 cu-

2071 1339 2353 1397 stodiens.
2385 1343 2608 1413 Corpus
2634 1341 2792 1397 enim
2823 1340 3023 1413 gulam
3055 1342 3112 1394 et
3142 1337 3482 1394 ebrietatem
3506 1338 3562 1389 et
3581 1349 3719 1388 con-

2069 1429 2302 1486 cubitus
2328 1431 2656 1501 voluptates
2687 1431 3070 1486 eli‘ervescens
3094 1432 3298 1484 contra
3326 1419 3721 1497 pulchritudi-

2069 1534 2202 1574 nem
2230 1519 2437 1575 animae
2463 1519 2791 1590 depromit;
2825 1517 3024 1574 anima
3043 1533 3174 1572 vero
3204 1513 3640 1570 aemulationem
3663 1513 3722 1565 et

2068 1608 2684 1677 iram,simulationem
2697 1613 2755 1664 et
2770 1606 3139 1662 inimicitiam
3161 1605 3337 1661 stulte
3355 1604 3574 1676 agitata
3594 1615 3721 1672 pro-

2067 1698 2180 1754 fert
2206 1699 2486 1754 adversus
2519 1715 2754 1770 corpus.
2786 1699 2865 1753 Ac
2894 1696 3188 1752 interdum
3221 1695 3430 1762 evenit,
3459 1698 3541 1765 ut,
3560 1701 3720 1767 post-

2073 1803 2250 1860 quam
2277 1789 2349 1842 ob
2383 1791 2606 1843 metum
2639 1787 2834 1843 carnis
2864 1786 3139 1841 vitiorum
3161 1783 3409 1855 jejuniis
3441 1791 3494 1839 et
3525 1790 3719 1842 auste-

2069 1875 2208 1931 riori
2230 1876 2352 1931 vita
2367 1892 2612 1947 corpora
2633 1877 2704 1930 ad
2726 1875 2991 1947 proprias
3009 1873 3286 1928 libidines
3300 1873 3468 1944 quasi
3490 1879 3724 1932 mortua

2067 1965 2518 2035 reddiderimus,
2553 1965 2788 2037 propria
2819 1964 3027 2019 animis
3057 1962 3201 2018 vitia
3229 1962 3288 2018 in
3321 1967 3550 2020 mortuo
3581 1981 3714 2021 cor-

2067 2070 2206 2126 pore
2236 2054 2758 2121 circumferamus;
2811 2053 2966 2108 unde
2996 2069 3102 2108 sua
3132 2055 3340 2122 sponte
3368 2051 3428 2106 id
3461 2055 3615 2124 quod
3648 2053 3720 2109 ad

2067 2142 2482 2214 perfectionem
2503 2141 2812 2210 claudicat,
2839 2142 3220 2197 manifestum
3245 2157 3310 2196 ac
3341 2141 3740 2213 perspicuum,

2064 2235 2172 2288 est.
2210 2231 2474 2287 Alterum
2506 2231 2662 2288 enim
2696 2231 2821 2286 sine
2851 2230 3032 2286 altero
3055 2234 3485 2302 comparatum,
3510 2229 3722 2302 imper-

2065 2321 2279 2377 fectum
2313 2321 2467 2376 060
2496 2321 2568 2376 ad
2600 2336 2796 2375 veram
2825 2319 3102 2374 virtutem
3135 2333 3284 2389 opus
3325 2317 3535 2387 arguit.
3567 2319 3716 2374 Nam

2063 2425 2171 2465 nec
2201 2409 2460 2481 corporis
2490 2407 2630 2464 vitia
2651 2407 2897 2479 jejuniis
2928 2411 3278 2477 resecantes,
3300 2407 3560 2462 animam
3581 2424 3717 2464 vero

2064 2497 2318 2570 propriis
2343 2497 2740 2554 aemulationis
2771 2500 2829 2552 et
2858 2495 3257 2552 simulationis
3286 2500 3344 2551 et
3372 2494 3623 2552 aliorum
3643 2497 3720 2551 vi-

2062 2587 2282 2643 tiorum
2315 2587 2577 2644 motibus
2609 2587 3004 2658 perturbatam
3056 2584 3473 2657 relinquentes,
3507 2585 3712 2642 utilem

2063 2676 2136 2731 ad
2167 2677 2444 2732 virtutem
2499 2675 2762 2748 corporis
2805 2674 3278 2732 exercitationem
3323 2675 3714 2731 ostendimus.

2061 2769 2201 2835 Nec,
2235 2765 2285 2822 si
2316 2766 2575 2822 animam
2608 2782 2641 2821 a
2671 2765 2925 2838 propriis
2953 2763 3110 2820 vitiis
3139 2780 3552 2835 expurgemus,
3587 2781 3713 2820 cor-

2063 2871 2174 2926 pus
2203 2870 2337 2910 vero
2368 2854 2620 2910 liberum
2653 2854 2724 2909 ad
2754 2853 2947 2909 carnis
2977 2851 3308 2924 voluptates
3341 2856 3397 2906 et
3422 2851 3713 2924 reliquam

2060 2943 2351 2999 luxuriem
2365 2942 2990 3008 dimittamus,etiamsi
3012 2958 3124 2996 non
3143 2942 3210 2996 ad
3221 2941 3716 2998 sitfornicationis

2061 3031 2450 3105 impudicitia,
2485 3033 2802 3105 perfectam
2851 3031 2910 3087 in
2959 3030 3172 3086 virtute
3217 3030 3397 3086 vitam
3453 3035 3714 3086 nostram

2062 3121 2333 3178 exhibere
2359 3121 2701 3194 poterimus.
2733 3120 2844 3177 Sed
2877 3123 3126 3193 oportet,
3159 3122 3226 3176 ut
3263 3119 3362 3192 qui
3396 3136 3610 3192 purum
3643 3120 3715 3176 ab

2063 3210 2225 3268 omni
2254 3206 2697 3283 inquinamento
2727 3209 2962 3266 virtutis
2993 3225 3234 3265 cursum
3266 3208 3539 3264 exhibere
3569 3208 3716 3279 vult,

2063 3301 2268 3356 animai
2300 3300 2469 3356 bonis
2499 3299 2676 3356 etiam
2701 3298 2964 3372 corporis
2981 3297 3220 3369 adjiciat
3252 3298 3425 3368 bona,
3448 3301 3505 3352 et
3525 3312 3719 3353 susce-

2061 3389 2178 3462 ptis
2209 3389 2280 3445 ad
2304 3389 2564 3462 corporis
2588 3387 3063 3444 exercitationem
3083 3386 3387 3443 laboribus
3417 3389 3721 3442 consenta-

2062 3495 2174 3536 nea
2203 3477 2410 3535 animm
2467 3478 2739 3551 praeclare
2778 3477 2932 3532 facta
2979 3476 3272 3532 ostendat.
3318 3474 3516 3547 Neque
3559 3473 3716 3532 enim

2063 3569 2293 3626 sincera
2321 3571 2378 3624 et
2413 3584 2548 3624 vera
2597 3568 3036 3624 demonstretur
3077 3565 3216 3636 vita,
3265 3565 3314 3621 si
3345 3565 3716 3621 concordiam

2061 3659 2271 3714 animas
2299 3658 2674 3731 corporisque
2705 3656 2992 3727 membra,
3014 3659 3071 3711 et
3100 3670 3455 3711 consensum
3485 3653 3639 3711 inter
3655 3672 3718 3710 se

2062 3764 2179 3803 non
2211 3747 2482 3804 habeant.
2515 3747 2817 3818 Siquidem
2841 3746 2990 3816 ﬁeri,
3024 3745 3251 3817 opinor,
3278 3761 3393 3801 non
3425 3749 3716 3816 potest,ut

2061 3836 2271 3891 animus
2323 3839 2733 3907 comparentur
2779 3835 2953 3902 bona,
3009 3833 3060 3888 si
3090 3849 3305 3905 corpus
3349 3833 3574 3899 obstet;
3616 3837 3718 3887 aut

2060 3924 2344 3996 corporis,
2377 3924 2426 3979 si
2460 3939 2576 3978 non
2609 3926 2865 3993 praeeunt
2894 3921 3106 3977 animas
3140 3921 3314 3977 bona.
3347 3921 3457 3976 Sed
3490 3925 3718 3992 oportet

2061 4017 2126 4069 ut
2154 4013 2529 4069 consentiens
2577 4012 2708 4084 ipsa
2755 4027 2958 4067 secum
3009 4010 3228 4078 anima,
3275 4026 3340 4066 ac
3387 4025 3714 4082 congruum

2061 4119 2276 4176 corpus
2309 4103 2380 4159 ad
2411 4118 2473 4160 se
2517 4117 2848 4171 assumens,
2899 4100 2982 4157 sic
3011 4117 3081 4157 ex
3129 4103 3398 4170 utroque,
3429 4098 3629 4154 anima
3659 4103 3716 4154 et

2061 4209 2302 4266 corpore
2326 4209 2512 4249 unum
2539 4192 2598 4248 in
2631 4207 2871 4248 cursum
2897 4189 3138 4263 pacifice
3159 4187 3559 4258 tendentibus,
3583 4204 3712 4260 per-

2060 4282 2210 4338 fecte
2255 4282 2490 4338 beatam
2528 4281 2707 4337 vitam
2759 4279 3048 4337 ostendat.
3101 4277 3283 4350 Igitur
3329 4276 3516 4349 virgo,
3553 4276 3716 4333 velut

2061 4369 2258 4427 oleum
2289 4387 2475 4442 aqum,
2500 4369 2580 4426 ita
2607 4369 2864 4426 animam
2885 4383 3094 4440 puram
3116 4365 3342 4439 corpori
3363 4382 3597 4439 semper
3620 4366 3716 4422 in-

2063 4459 2352 4516 sidentem
2383 4458 2630 4526 habens,
2663 4463 2721 4514 et
2767 4457 2894 4513 luce
2926 4456 3088 4512 illius
3137 4456 3471 4526 subjectum
3503 4471 3717 4528 corpus

2061 4566 2292 4622 regens,
2325 4549 2824 4620 quemadmodum
2855 4563 2924 4603 ex
2974 4545 3099 4601 luto
3127 4545 3404 4601 vitiorum
3434 4544 3714 4617 corporis,

303 4627 384 4722 del
416 4626 767 4705 ὶφιζάνουσαν
817 4625 1042 4703 ἔχουσα,
1072 4626 1163 4683 καὶ
1190 4632 1271 4699 τῷ
1303 4629 1443 4706 φωτὶ
1470 4629 1671 4702 ταύτης
1716 4631 1781 4687 τὸ
1815 4632 1952 4688 ὑπο-

2066 4638 2213 4694 nihil
2265 4639 2421 4711 quod
2476 4636 2774 4709 voluptate
2818 4635 3124 4693 turbidum
3181 4635 3278 4703 sit,
3319 4635 3528 4692 animas
3586 4634 3718 4708 pul-

302 4714 553 4789 κείμενον
585 4719 745 4789 σῶμα
794 4716 1122 4791 ἡνιοχοῦσα,
1183 4715 1364 4792 ὥσπερ
1410 4722 1512 4784 τῆς
1562 4720 1667 4776 ἀπὸ
1701 4721 1955 4794 σώματος

308 4802 464 4868 ῒλόος
511 4811 618 4861 τῶν
679 4807 886 4877 παθῶν,
946 4803 1098 4860 ούδὶν
1132 4804 1184 4877 ἕξ
1209 4803 1416 4877 ἡδονῆς
1447 4807 1672 4884 θολερὸν
1729 4816 1810 4884 τῷ
1856 4818 1956 4882 τῆς

305 4897 494 4970 ψυχῆς
523 4893 717 4951 κάλλει
751 4894 983 4968 ἆπιμίξει
1013 4897 1148 4969 (84),
1207 4893 1296 4951 διὰ
1340 4903 1605 4968 νηστειῶν
1650 4899 1740 4954 καὶ
1789 4901 1957 4971 ἀσκή-

308 5004 445 5047 σεως
500 4984 628 5049 τούς
677 5005 735 5040 τε
764 4982 1186 5058 ἀναδιδομᾶνους
1224 4984 1278 5056 ἐξ
1334 4985 1498 5042 αύτοῦ
1533 4987 1810 5062 βρασμοὺς
1858 5010 1956 5044 κα-

307 5074 653 5145 ταστείλασα,
700 5075 791 5130 καὶ
835 5075 931 5131 τοῦ
959 5072 1199 5152 γεώδους
1250 5073 1415 5131 αὐτοῦ
1438 5077 1501 5131 τὸ
1529 5075 1786 5134 πλεῖστον
1842 5083 1961 5142 τοῖς

311 5169 412 5235 τῆς
477 5163 790 5242 ἐγκρατείας
857 5164 1274 5241 κατορθώμασιν
1337 5165 1666 5244 ὁφαγνίσασα
1700 5187 1713 5201 °
1783 5167 1957 5234 οὕτως

381 5385 496 5533 ξἹθ)
519 5391 645 5450 Τοῖς
680 5387 886 5472 μέρεσι.
916 5387 1231 5471 Cod..Reg.
1259 5387 1425 5456 2879,
1453 5383 1818 5470 scientiam.
1874 5457 1886 5471 ο
1924 5457 1936 5470 ⁸

405 5461 476 5514 80
522 5461 731 5516 Mtvm.
789 5461 885 5517 Sic
939 5459 1204 5533 plerique
1261 5477 1404 5517 mss.
1463 5459 1721 5516 codices.
1787 5459 1936 5516 Edlti

321 5459 885 5602 μέδοωένεωξείο
939 5459 1204 5534 plerique
1261 5477 1404 5517 mss.
1463 5459 1721 5516 codices.
1787 5459 1963 5528 Editi,

385 5551 497 5586 νον.

387 5604 499 5676 (81)
524 5600 1008 5678 ’Υπ’μάφροσύνης.
1049 5601 1146 5659 Sic
1193 5604 1319 5678 duo
1355 5600 1770 5678 Combeﬂsiani
1801 5601 1964 5661 codi-

319 5671 588 5754 oes_curn
603 5671 990 5754 elici-"melius
1020 5690 1200 5754 quam
1229 5674 1499 5754 edi_ti_,_tg:’
1516 5671 1854 5754 ⁸ςῐιφουσύνης.

389 5746 500 5822 (82)
528 5745 672 5804 Ὀτι.
703 5745 803 5807 Sic
825 5761 979 5811 mss.
1018 5741 1275 5808 codices.
1305 5741 1484 5821 Editi,
1513 5741 1625 5806 ὅτι.

2063 4727 2387 4784 chritudini
2419 4726 2788 4796 admiscebit,
2811 4727 2912 4781 sed
2944 4742 3046 4798 per
3061 4724 3292 4797 jejunis
3319 4728 3376 4781 et
3404 4723 3716 4781 asceticam

2065 4817 2247 4872 vitam
2279 4817 2654 4886 erumpentes
2699 4830 2731 4870 e
2777 4831 3016 4886 corpore
3047 4815 3302 4870 fervores
3349 4813 3718 4886 comprimet,

2064 4909 2123 4960 et
2153 4904 2309 4977 quod
2341 4903 2398 4958 in
2431 4919 2498 4958 eo
2527 4906 2828 4958 terrenum
2861 4907 2952 4957 est
2981 4917 3198 4973 magna
3241 4917 3311 4958 ex
3340 4907 3506 4975 parte
3535 4901 3720 4959 conti-

2067 4994 2278 5049 nentiae
2310 4992 2484 5048 laude
2513 4991 2897 5063 expurgabit:
2932 4991 3018 5047 sic
3047 4992 3226 5048 etiam
3255 4991 3402 5047 nihil
3424 5008 3492 5048 ex
3510 4992 3718 5048 animm

2064 5083 2246 5155 vitiis,
2278 5080 2653 5139 aemulatione
2682 5085 2740 5136 et
2768 5079 3168 5150 simulatione,
3202 5080 3349 5137 nihil
3380 5080 3722 5154 insipientia

2066 5171 2476 5244 perturbatum
2493 5169 2791 5244 impertiat
2812 5169 3060 5242 corpori,
3089 5171 3190 5227 sed
3221 5171 3293 5228 ab
3321 5172 3480 5228 omni
3502 5171 3719 5236 furore,

2142 5388 2252 5460 (83)
2287 5386 2518 5460 Σαρκός.
2547 5387 2667 5460 _Sic
2712 5387 3323 5460 Colbertinuscodex
3346 5404 3480 5460 cum
3519 5387 3715 5457 editis,

2073 5456 2326 5531 Legitur,
2359 5456 2611 5534 γαστρός,
2643 5461 2703 5515 in
2751 5461 3014 5534 quinque
3057 5457 3188 5534 aliis
3226 5459 3545 5534 codicibus,
3578 5456 3718 5533 quo?

2073 5531 2428 5615 tamtamen
2461 5531 2956 5615 {nunquamque
2987 5531 3298 5587 lectionem
3329 5531 3568 5615 retinet“.

2071 5602 2581 5744 ιῇὶΒᾶἓιΈπιμιξει.
2617 5603 2712 5660 Sic
2759 5601 3020 5676 plerique
3051 5618 3193 5660 mss.
3241 5601 3492 5660 codices.
3538 5603 3713 5675 Editi,

2173 5694 2233 5744 μι
2297 5715 2310 5730 .
2543 5725 2546 5728 .

2173 5694 2310 5748 μιζε.
