4112 6224
155 5763 172 5816 ζ.
183 5747 321 5824 μιν

125 5837 150 5852 φ
177 5835 180 5837 λ

131 5861 137 5869 ς

453 383 574 447 763

1400 380 1788 443 APPENDIX
1836 378 2163 443 OPERUM
2205 379 2271 442 8.
2317 379 2599 444 BASlLII
2642 379 2915 443 MAGNI.

3739 384 3845 445 76‘

457 519 514 572 et
540 515 648 583 ira,
675 519 734 572 et
763 516 1022 572 absurda
1059 514 1378 588 cupiditate
1421 528 1630 586 puram
1660 519 1717 569 et
1748 513 2102 570 luminosam

2220 508 2370 566 οὐδὲν
2419 516 2526 566 τῶν
2585 511 2690 566 ἀπὸ
2747 513 2934 587 ψυχῆς
2984 509 3044 566 ὲκ
3073 509 3244 581 ζήλου
3273 509 3362 566 καὶ
3394 511 3723 586 ὑποκρίσεως
3749 533 3844 568 πα-

454 608 711 660 mentem
763 603 1102 660 hominibus
1155 603 1444 660 ostendet.
1491 602 1654 666 Quod
1704 603 1753 658 si
1785 619 1996 675 purum
2027 603 2101 658 ab

455 693 616 749 omni
649 693 923 750 vitiorum
973 693 1263 750 consortio
1294 693 1623 747 humanum
1671 709 1740 747 ex
1769 709 2008 762 corpore
2049 699 2105 747 ot

457 781 655 837 anima
700 787 980 838 constans
1029 782 1490 837 instrumentum
1541 781 1756 837 habere
1803 781 1993 850 debet,
2040 797 2105 836 ac

459 876 777 944 utrumque
806 873 863 928 in
899 871 1133 944 propria
1155 877 1368 926 natura
1397 887 1504 926 suo
1533 870 1849 942 tranquille
1873 871 2106 942 perfun-

453 977 599 1032 gens
623 976 883 1026 munere,
903 966 1131 1031 oportet
1149 965 1208 1014 ut
1239 959 1390 1032 ipsa,
1408 960 1906 1031 quemadmodum
1927 960 2104 1014 ﬂuen-

455 1054 543 1105 tes
573 1047 634 1104 in
665 1065 879 1122 corpus
910 1065 1011 1121 per
1055 1054 1320 1106 ventrem
1369 1048 1638 1105 turbidos
1668 1048 1897 1121 repellit
1927 1047 2102 1117 rivos,

455 1137 536 1193 ita
565 1141 623 1193 et
649 1154 747 1194 eos
779 1139 878 1210 qui
911 1138 970 1193 in
1019 1139 1279 1194 animam
1331 1139 1522 1194 ﬂuunt
1553 1144 1799 1195 avertat.
1828 1137 1920 1194 Sic
1949 1137 2104 1193 enim

455 1232 690 1282 maneat
717 1225 801 1280 illi
832 1231 1149 1299 utrumque
1170 1227 1230 1283 in
1262 1227 1516 1283 naturali
1535 1232 1694 1284 statu
1712 1227 1789 1282 im
1801 1227 2104 1299 perturba-

455 1319 578 1369 tum
607 1331 620 1369 :
646 1314 862 1386 quippe
886 1332 1043 1384 cum,
1061 1317 1322 1388 quandiu
1343 1317 1482 1372 vitia
1511 1317 1850 1388 obstrepent
1871 1317 2104 1384 animae,

452 1402 714 1475 virginea
743 1402 1117 1475 pulchritudo
1167 1421 1283 1460 non
1313 1406 1501 1476 possit
1548 1403 1667 1461 ullo
1699 1406 1871 1461 modo
1921 1403 2104 1460 videri

452 1491 839 1559 intaminata;
874 1492 961 1548 vel
993 1493 1614 1567 potius,praaterquam
1633 1495 1783 1564 quod
1812 1492 1959 1548 nihil
1984 1509 2105 1549 cor-

454 1580 613 1653 poris
643 1581 901 1652 proderit
931 1582 1286 1653 exercitatio,
1312 1581 1566 1638 multum
1598 1581 1772 1638 etiam
1807 1581 2003 1654 probri
2036 1598 2104 1636 ex

454 1669 727 1725 vitiorum
759 1671 1137 1741 perversitate
1166 1671 1223 1725 in
1259 1670 1458 1727 anima
1487 1675 1780 1727 cernatur.

2211 601 2340 669 θῶν,
2375 598 2528 655 οὐδὲν
2561 599 2612 670 ἐξ
2658 599 2962 678 ἀφροσύνης
3015 601 3412 676 τεταραγμένον
3463 603 3576 673 (85)
3631 605 3708 673 τῷ
3747 603 3844 655 σώε-

2219 711 2344 764 ματι
2398 686 2720 761 μεταδώσει,
2769 689 2964 751 παντὸς
3019 690 3216 762 θυμοῦ,
3274 689 3364 744 καὶ
3396 689 3587 766 ὀργῇς,
3622 692 3708 744 καὶ
3737 690 3844 745 ἆπι⁸

2215 778 2408 851 θυμίας
2440 779 2618 849 πάσης
2647 777 2874 846 ἀτόπου,
2905 779 2997 834 τὸν
3029 783 3154 833 νοῦν
3189 776 3365 848 διειδῆ
3393 800 3450 834 τε
3479 780 3567 834 καὶ
3599 781 3843 856 φωτεινὸν

2211 872 2292 939 τῷ
2327 867 2427 942 βίῳ
2458 864 2723 924 δεικνῦσα.
2773 867 2838 924 Εἰ
2863 865 2919 922 δὲ
2947 868 3300 939 ἀνεπίμικτον
3353 869 3449 941 μὲν
3481 869 3663 922 παθῶν
3708 869 3765 922 τὸ
3796 869 3849 923 ὲκ

2213 958 2398 1032 ψυχῆς
2445 956 2534 1010 καὶ
2568 959 2820 1028 σώματος
2849 956 3190 1031 ἀνθρώπινον
3223 952 3448 1032 ὄργανον
3502 953 3648 1031 ἔχειν
3709 955 3848 1033 ὀφεί-

2215 1042 2323 1114 λει,
2354 1046 2602 1120 ἑκάτερον
2633 1043 2690 1100 δὲ
2714 1044 2766 1101 ἄν
2796 1049 2865 1119 τῇ
2916 1044 3029 1118 ἰδίᾳ
3083 1045 3235 1125 φύσει
3284 1047 3526 1122 ἠρεμοῦν
3557 1046 3656 1114 τήν
3716 1041 3848 1099 ῒδίαν

2214 1133 2402 1208 χρείαν
2463 1131 2726 1207 δεικνύον,
2797 1137 3059 1209 προσήκει
3118 1134 3311 1204 αὐτὴν,
3365 1133 3546 1210 ὣσπερ
3602 1131 3729 1196 τοὺς
3783 1133 3851 1195 εἰς

2214 1228 2376 1296 σῶμα
2450 1222 2666 1298 ῥέοντας
2739 1220 2828 1278 διὰ
2890 1224 3118 1300 γαστρὸς
3179 1221 3440 1300 θολεροὺς
3497 1221 3848 1295 ἀποκρούεται

2215 1311 2465 1388 ὀχετοὺς,
2499 1311 2640 1367 οὕτω
2694 1312 2786 1366 καὶ
2841 1311 2970 1374 τοὺς
2998 1311 3074 1374 εἴς
3131 1313 3316 1387 ψυχὴν
3350 1311 3565 1387 ῥίοντας
3597 1310 3850 1387 ἀποστρὲ-

2213 1421 2349 1471 φιιν.
2385 1401 2544 1458 Οὕτω
2571 1402 2672 1477 γὰρ
2699 1399 2758 1455 ἃν
2797 1400 2946 1473 μενοι
3005 1400 3142 1474 αὐτῇ
3175 1401 3422 1475 ἑκάτερον
3459 1400 3510 1455 ὲν
3542 1404 3609 1474 τῇ
3658 1403 3849 1478 φυσικῇ

2211 1491 2525 1545 καταστάσει
2587 1489 2886 1546 ἀθόλωτον·
2921 1490 2995 1552 ὡς
3041 1487 3147 1551 ἓως
3195 1511 3256 1565 γε
3281 1489 3341 1544 ἃν
3373 1489 3439 1544 τὰ
3468 1491 3614 1560 πάθη
3650 1487 3849 1563 ἆνοχλῇ

2211 1583 2279 1653 τῇ
2338 1582 2516 1653 ψυχῇ,
2573 1583 2670 1634 τοῦ
2727 1577 3048 1653 παρθενικοῦ
3105 1576 3346 1640 κάλλους
3377 1577 3438 1632 οὐ
3473 1575 3769 1650 δυναμένου
3797 1577 3848 1630 δν

2215 1665 2282 1736 δὴ
2330 1669 2532 1743 τρόπον
2577 1667 2848 1743 ἆχρόντου
2908 1666 3168 1745 ὀφθῆναι·
3227 1664 3436 1740 μᾶλλον
3489 1663 3546 1721 δὲ
3604 1666 3740 1738 μετά
3762 1669 3852 1720 τοῦ

457 1755 628 1833 μηδὶν
658 1757 719 1814 ἐκ
745 1766 844 1829 τῆς
871 1761 1007 1814 κατὰ
1035 1760 1096 1815 τὸ
1152 1765 1313 1834 σῶμα
1369 1761 1648 1832 ἀσκήσεως
1704 1756 2052 1836 ὠφελεῖσθαι,
2111 1755 2328 1814 πολλοῦ
2380 1763 2477 1813 τοῦ
2535 1755 2763 1834 αἶ’σλχους
2822 1755 2881 1813 ἐκ
2933 1764 3035 1827 τῆς
3083 1762 3193 1814 τῶν
3251 1761 3437 1821 παθῶν
3481 1756 3672 1819 κακίας
3705 1754 3755 1810 ἐν
3785 1759 3847 1828 τῇ

453 1850 608 1923 ψυχῇ
641 1848 944 1922 ὁρωμένου.

525 1937 616 1994 48.
648 1942 794 1994 Nam
811 1939 860 1994 si
877 1937 1086 1994 limum
1109 1956 1140 1996 e
1172 1956 1412 2011 corpore
1430 1940 1488 1995 in
1508 1940 1770 1996 animam
1793 1955 2103 2011 erumpen-

2285 1938 2371 1994 48.
2405 1937 2553 1993 Ἐπεὶ
2603 1935 2688 1991 ἐὰν
2749 1936 2811 1992 τὸ
2858 1935 2964 1991 ἀπὸ
3030 1902 3286 2009 σώματος
3341 1930 3734 2008 ἀναδιδόμενον
3782 1933 3851 1994 είς

453 2027 852 2094 tem,ascetica
868 2028 1182 2100 disciplina
1201 2030 1270 2084 ad
1289 2033 1511 2085 natura:
1531 2029 1940 2085 necessitatem
1953 2027 2110 2084 velut

454 2115 820 2172 adamussim
836 2133 1134 2184 coercens,
1147 2118 1355 2172 animis
1374 2118 1532 2174 vitiis
1549 2119 1948 2190 perturbatur,
1965 2117 2110 2173 nihil

455 2204 508 2259 ei
542 2205 782 2276 prodest
802 2207 1062 2276 corporis
1095 2207 1343 2278 puritas,
1364 2222 1496 2262 cum
1517 2223 1772 2278 sponsus
1789 2223 1903 2262 non
1923 2206 2113 2278 possit

457 2293 528 2349 ob
547 2293 1046 2365 perturbationem
1070 2295 1344 2350 vitiorum
1369 2295 1429 2350 in
1441 2295 1544 2350 tali
1566 2295 1766 2351 anima
1786 2296 2110 2366 requiesce-

458 2399 557 2450 re;
590 2382 678 2438 vel
705 2383 900 2454 potius
933 2383 1289 2456 sibimetipsi
1314 2389 1481 2440 nocet
1503 2401 1631 2456 qua;
1661 2385 1796 2440 talis
1827 2389 1938 2451 est,
1971 2384 2110 2456 quid

458 2487 590 2526 vere
615 2487 831 2542 sponso
849 2471 1096 2542 placeat,
1117 2474 1189 2527 ob
1213 2473 1569 2543 imperitiam
1590 2489 1705 2528 non
1729 2473 2108 2546 investigans,

456 2575 522 2614 ac
553 2575 966 2630 corporeorum
1021 2561 1296 2632 praeclare
1345 2561 1631 2617 factorum
1665 2563 1927 2618 mercede
1957 2563 2103 2618 θοι

456 2647 660 2704 semeti
670 2664 838 2719 psam
862 2649 935 2704 ob
957 2649 1176 2704 mentis
1195 2650 1540 2720 pravitatem
1566 2651 1940 2707 defraudans.
1964 2652 2111 2707 Nam

456 2736 508 2792 si
557 2741 797 2808 propter
839 2738 1049 2793 animae
1098 2738 1597 2810 pulchritudinem
1649 2739 1911 2811 corporis
1960 2741 2111 2796 inte-

456 2825 665 2898 gritas,
689 2831 1008 2897 exercetur,
1040 2826 1270 2884 inutilis
1298 2833 1390 2884 est
1419 2845 1708 2902 apparens
1739 2829 2000 2900 corporis
2030 2829 2114 2884 in-

456 2913 728 2986 tegritas,
764 2915 962 2971 anima
992 2914 1322 2972 innumeris
1337 2915 1493 2972 vitiis
1523 2920 1820 2990 corrupta.
1851 2919 2108 2982 Quorum

461 3002 620 3058 enim
653 3018 891 3076 corpus,
924 3004 1080 3060 velut
1125 3004 1588 3062 instrumentum
1620 3005 1864 3078 peccati,
1892 3006 2116 3079 accepit

453 3090 749 3160 diabolus,
781 3109 885 3164 per
916 3091 1060 3148 illud
1093 3093 1352 3150 animam
1380 3099 1701 3168 oppugnat.
1733 3097 1992 3162 Quorum
2014 3112 2112 3151 au-

456 3182 574 3234 tem
609 3197 843 3236 carnem
873 3181 1150 3237 invadere
1171 3183 1243 3238 ob
1271 3183 1690 3239 continentiam
1723 3187 1780 3239 et
1804 3184 2111 3239 austerita-

2191 2027 2402 2101 ψυχὴν
2464 2023 2716 2091 ἰλυῶδες,
2767 2021 2858 2080 διά
2886 2024 2988 2090 τῆς
3046 2025 3344 2095 ἀσκήσεως,
3375 2018 3556 2098 ὥσπερ
3613 2021 3694 2083 είς
3726 2022 3849 2078 ὑπο·

2218 2114 2482 2188 στάθμην,
2556 2115 2656 2183 τὴν
2723 2113 2965 2188 ἀνάγκην
3034 2119 3133 2182 τῆς
3189 2112 3396 2188 φύσεως
3445 2110 3853 2179 καταστείλασα,

2217 2208 2332 2266 τοῖς
2365 2203 2416 2259 ἐν
2447 2208 2516 2277 τῇ
2546 2205 2700 2278 ψυχῇ
2732 2205 2918 2258 πάθεσι
2952 2204 3402 2278 συνταράσσηται,
3455 2197 3607 2256 οὐδὲν
3658 2198 3854 2270 ὤνησεν

2219 2294 2254 2362 ἡ
2305 2297 2406 2348 τοῦ
2455 2293 2710 2365 σώματος
2758 2290 3064 2368 καθαρότης
3093 2294 3188 2346 τοῦ
3235 2289 3474 2364 νυμφίου
3524 2289 3601 2362 μὴ
3638 2285 3858 2362 δυναμέ-

2219 2403 2314 2437 νου
2347 2379 2436 2436 διά
2485 2383 2574 2436 τὸν
2621 2382 2862 2456 τάραχον
2911 2384 3019 2435 τῶν
3058 2381 3242 2435 παθῶν
3277 2379 3328 2434 ἐν
3355 2375 3537 2450 τοιᾷδε
3563 2381 3722 2454 ψυχῇ
3751 2379 3863 2432 ἀναο

2221 2469 2501 2534 παύεσθαι·
2581 2468 2791 2542 μᾶλλον
2871 2467 2928 2524 δί
2982 2468 3071 2524 καὶ
3130 2465 3329 2540 πολλῶ
3384 2463 3616 2540 ἔϐλαψεν
3681 2467 3864 2535 ἑαυτὴν

2220 2562 2256 2629 ἡ
2288 2561 2398 2633 (86)
2456 2557 2706 2630 τοιαύτη,
2763 2559 2825 2613 τὸ
2881 2558 2976 2629 μὶν
3032 2555 3254 2629 ἀληθῶς
3281 2556 3504 2631 ἀρέσκον
3541 2560 3622 2628 τῷ
3653 2554 3863 2632 νυμφίῳ

2223 2646 2291 2704 δι’
2343 2645 2687 2703 ἀπαιδευσίαν
2751 2649 2826 2721 μὴ
2881 2645 3253 2723 ἀνιχνεύουσα,
3316 2644 3404 2701 διά
3451 2646 3765 2720 μοχθηρίαν
3813 2641 3865 2698 δὶ

2223 2737 2490 2814 λογισμοῦ
2545 2737 2633 2792 καὶ
2709 2737 2801 2792 τὸν
2859 2737 2990 2810 ὑπὲρ
3045 2739 3370 2809 σωματικῶν
3426 2732 3861 2809 κατορθωμάτων

2225 2827 2412 2901 μισθὸν
2447 2828 2559 2900 (87)
2589 2827 2783 2896 ἑαυτὴν
2810 2824 3223 2899 ζημιώσασα.Εί
3244 2825 3345 2901 γὰρ
3369 2821 3457 2879 διά
3475 2824 3536 2879 τὸ
3557 2830 3663 2893 ἧς
3685 2827 3859 2898 ψυχῆς

2219 2913 2426 2978 κάλλος
2457 2917 2554 2986 τὴν
2585 2920 2682 2971 τοῦ
2732 2916 2986 2988 σώματος
3027 2913 3286 2991 ἀφθορίαν
3319 2915 3610 2985 ἀσκοῦμεν,
3642 2912 3860 2986 περιττὴ

2220 3007 2255 3075 ἡ
2290 3002 2521 3060 δοκοῦσα
2565 3002 2798 3082 ἀφθορία
2849 3007 2946 3058 τοῦ
2990 3003 3265 3076 σώματος,
3295 3009 3394 3072 τῆς
3422 3005 3607 3078 ψυχῆς
3647 3001 3856 3077 μυρίοις

2220 3093 2438 3159 πάθεσιν
2471 3094 2855 3171 φθειρομένης.
2901 3095 2997 3148 Ὧν
3060 3093 3155 3166 μὶν
3210 3093 3312 3168 γὰρ
3341 3092 3405 3147 τὸ
3445 3095 3607 3165 σῶμα
3639 3086 3860 3166 ὄργανον

2220 3183 2486 3257 ἁμαρτίας
2518 3177 2702 3238 λαϐὼν
2735 3183 2763 3236 ὁ
2795 3177 3058 3245 διάϐολος
3087 3183 3220 3255 (88),
3271 3177 3359 3235 διὰ
3387 3179 3580 3236 τούτου
3609 3183 3686 3254 τῇ
3714 3181 3862 3254 ψυχῇ

458 3271 579 3323 tem
609 3268 659 3323 ei
693 3284 806 3324 non
829 3267 984 3340 licet,
1007 3270 1220 3326 horum
1252 3289 1423 3343 saepe,
1445 3272 1573 3328 sine
1605 3289 1864 3344 corpore,
1890 3273 2109 3328 nudam

2223 3272 2538 3329 ἐπιτίθεται.
2589 3274 2682 3326 Ὧν
2742 3269 2800 3326 δὲ
2851 3275 2952 3338 τῇς
3012 3270 3207 3346 σαρκὸς
3263 3265 3517 3339 ζπιϐἤναι
3567 3268 3639 3324 δι’
3673 3269 3862 3376 ipp-5'-

460 3355 720 3412 animam
752 3357 1069 3429 accipiens,
1103 3361 1645 3430 perturbationibus
1672 3361 1730 3416 in
1757 3378 1826 3418 ea
1854 3361 2111 3417 excitan-

459 3444 571 3514 dis,
595 3461 771 3500 suum
792 3446 1018 3517 perﬁcit
1039 3446 1418 3504 desiderium.
1439 3448 1608 3506 Tales
1630 3449 1787 3506 enim
1803 3452 2112 3521 suntquae-

460 3549 696 3605 cunque
722 3550 853 3590 cum
877 3535 1127 3607 jejuniis
1156 3541 1216 3593 et
1264 3537 1630 3594 chameuniis
1659 3544 1715 3594 et
1757 3537 1984 3610 reliqua
2015 3556 2114 3595 ve-

459 3622 722 3678 hementi
755 3639 1035 3695 corporea
1076 3627 1490 3683 exercitatione
1539 3627 1706 3683 illum
1742 3645 1776 3684 a
1799 3644 1973 3685 carne
2011 3630 2112 3685 ab-

460 3711 705 3783 egerint,
723 3711 1039 3768 iracundias
1063 3717 1120 3770 et
1136 3715 1194 3770 fu
1205 3715 1351 3771 roris
1370 3721 1428 3772 et
1447 3715 1843 3773 simulationis
1859 3735 1926 3774 ac
1942 3735 2114 3774 aemu-

460 3799 701 3856 lationis
754 3802 1297 3873 perturbationibus
1345 3821 1479 3861 eum
1530 3805 1586 3861 in
1647 3807 1846 3863 anima
1892 3807 2115 3864 colunt.

461 3889 687 3953 Quanto
719 3894 917 3946 autem
948 3907 1161 3964 corpus
1215 3894 1414 3950 anima
1459 3895 1657 3952 minus
1697 3900 1786 3952 est
1813 3896 2116 3970 dignitate,

460 3981 625 4034 tanto
655 3978 882 4051 opinor,
924 3985 1251 4052 peccatum,
1285 3983 1443 4055 quod
1475 4000 1578 4056 per
1602 4001 1816 4057 corpus
1846 3985 2117 4042 commit-

464 4067 630 4136 titur,
663 4084 729 4124 eo
762 4069 918 4142 quod
948 4085 1053 4142 per
1083 4072 1304 4128 nudam
1337 4073 1836 4143 animam,minus
1868 4075 2116 4132 videtur.

464 4155 589 4214 Illic
618 4157 778 4214 enim
802 4159 1090 4216 naturalis
1111 4159 1278 4217 cibus
1294 4165 1351 4218 et
1378 4163 1676 4234 appetitus
1693 4165 1763 4218 ad
1795 4164 1994 4234 gulam
2017 4169 2120 4222 aut

463 4245 915 4304 fornicationem
949 4264 1162 4322 corpus
1195 4267 1296 4323 per
1344 4251 1589 4306 comites
1618 4251 1947 4323 voluptates
1979 4252 2119 4309 titil-

466 4335 594 4392 lant
624 4352 638 4391 :
672 4336 768 4392 hic
799 4340 996 4394 autem
1028 4337 1156 4394 sine
1186 4337 1308 4395 ulla
1354 4354 1635 4412 corporea
1664 4339 1958 4413 voluptate
1987 4358 2116 4413 per-

466 4424 714 4480 versitas
743 4423 1064 4483 voluntatis
1107 4427 1581 4498 perturbationes
1609 4431 1815 4487 contra
1843 4434 2118 4487 naturam

468 4511 529 4568 in
559 4512 819 4570 animam
861 4512 1109 4572 inducit.
1144 4522 1226 4573 Ac
1269 4517 1530 4590 profecto
1564 4518 1612 4574 si
1641 4518 2002 4591 perturbatio
2031 4525 2120 4578 est

465 4600 675 4657 animus
704 4602 1002 4674 corruptio
1024 4604 1288 4678 virginis,
1310 4607 1668 4680 perturbatio
1689 4609 1865 4667 etiam
1888 4614 1979 4668 est
1998 4610 2120 4668 ani-

2221 3361 2367 3424 τείας
2393 3381 2452 3417 τε
2498 3360 2588 3416 καὶ
2639 3359 3061 3436 σκληραγωγίας
3094 3361 3207 3433 (89)
3261 3359 3360 3414 οὑκ
3407 3358 3714 3434 ἀπετράπη,
3749 3356 3869 3412 τοῦ-

2221 3470 2326 3504 των
2390 3448 2684 3519 πολλάκις,
2719 3448 2895 3525 χωρὶς
2951 3450 3225 3521 σώματος,
3281 3449 3380 3516 τὴν
3436 3447 3621 3521 ψυχὴν
3663 3446 3868 3521 γυμνήν

2222 3535 2492 3615 εἷ’ληφὼς,
2543 3540 2624 3601 οἷς
2680 3537 2731 3594 ἐν
2783 3538 2921 3612 αὐτῇ
2955 3536 3231 3614 ἐργάζεται
3274 3536 3488 3604 πάθεσι,
3531 3535 3634 3604 τήν
3684 3535 3868 3590 ἑαυτοῦ

2223 3626 2512 3700 ἐπιθυμίαν
2573 3626 2741 3683 ἀνύει.
2799 3630 3055 3682 Τοιαῦται
3101 3624 3200 3702 γάρ
3249 3623 3382 3680 είσιν
3436 3625 3556 3679 ’ὀσαι
3603 3622 3870 3695 νηστείαις

2223 3715 2312 3771 καὶ
2372 3715 2692 3792 χαμευνίαις
2742 3715 2833 3770 καὶ
2885 3719 2952 3789 τῇ
3013 3713 3184 3787 λοιπῇ
3245 3714 3524 3786 ὑπερτόνῳ
3549 3714 3691 3768 κατά
3719 3717 3868 3784 σῶμα

2229 3805 2450 3876 ἀσκήσει
2502 3811 2602 3875 τῆς
2661 3805 2854 3878 σαρκὸς
2890 3807 3080 3858 τοῦτον
3133 3799 3522 3875 ἀποδιώξασαι,
3554 3807 3676 3864 τοῖς
3708 3801 3866 3876 ὀργῆς

2226 3917 2316 3952 και
2349 3899 2521 3970 θυμοῦ
2577 3896 2666 3952 καὶ
2727 3893 3060 3969 ὑποκρίσεως
3093 3893 3126 3962 ἢ
3161 3891 3334 3964 ζήλου
3365 3895 3585 3948 πάθεσιν
3619 3893 3786 3948 αὐτὸν
3818 3890 3865 3944 ἐν

2225 3989 2294 4060 τῇ
2325 3989 2480 4060 ψυχῇ
2530 3983 2896 4060 περιέπουσιν.
2953 3985 3104 4056 Ὃσῳ
3136 3981 3194 4038 δὶ
3242 3978 3464 4038 ἔλαττον
3493 3985 3683 4058 ψυχῆς
3717 3985 3867 4052 σῶμα

2225 4079 2293 4148 τῇ
2326 4075 2466 4147 ἀξίᾳ,
2499 4079 2754 4130 τοσοῦτον
2810 4071 3054 4145 ἔλαττον,
3114 4075 3293 4146 οἶμαι,
3348 4072 3411 4128 τὸ
3469 4069 3561 4126 διὰ
3616 4072 3867 4144 σώματος

2227 4163 2530 4240 ἁμάρτημα
2579 4169 2677 4219 τοῦ
2723 4160 2812 4218 διὰ
2839 4169 3052 4239 γυμνῆς
3101 4165 3203 4228 τῆς
3231 4164 3415 4236 ψυχῆς
3472 4160 3871 4238 καταφαίνεται.

2225 4254 2346 4312 ’Ὁτι
2380 4252 2491 4308 ἐκεῖ
2551 4253 2646 4326 μὶν
2693 4254 2890 4330 φυσικὴ
2939 4252 3113 4328 τροφή
3160 4272 3220 4306 τε
3265 4250 3355 4305 καὶ
3399 4245 3572 4324 ὄρεξις
3613 4249 3756 4326 πρὸς
3782 4249 3873 4316 τήν

2225 4340 2652 4419 γαστριμαργίαν
2685 4342 2720 4412 ἢ
2774 4339 3028 4413 πορνείαυ
3081 4341 3145 4395 τὸ
3172 4343 3332 4413 σῶμα
3364 4336 3453 4394 διὰ
3495 4343 3604 4393 τῶν
3655 4334 3870 4412 συντρό-

2228 4453 2342 4510 φων
2399 4429 2613 4502 ἡδονῶν
2670 4427 3053 4508 γαργαλίζεται
3086 4448 3100 4462 ·
3162 4427 3385 4484 ἐνταῦθα
3438 4425 3495 4483 δὶ
3545 4429 3675 4482 ἄνευ
3731 4425 3872 4485 τινὸς

2227 4526 2546 4594 σωματικῆς
2603 4517 2810 4590 ἡδονῆς
2872 4518 3153 4596 μοχθηρία
3209 4518 3576 4593 προαιρισεως
3632 4517 3701 4571 τὰ
3733 4513 3868 4580 πάθη

2227 4610 2373 4686 παρὰ
2401 4608 2555 4688 φύσιν
2583 4613 2652 4683 τῇ
2684 4611 2841 4684 ψυχῇ
2900 4608 3191 4682 ἐπεισάγει.
3252 4607 3350 4661 Καὶ
3383 4603 3432 4660 εἴ
3486 4603 3661 4669 πάθος
3693 4606 3874 4678 ψυχῆς

468 4691 779 4760 ωω,ίύιόι·
807 4697 866 4748 et
887 4696 1278 4767 contentio,et
1309 4700 1515 4755 caetera
1544 4698 1744 4756 omnia
1762 4715 2112 4773 quascunque

2233 4701 2268 4770 ἡ
2323 4685 2424 4768 τῆς
2481 4696 2748 4773 παρθένου
2805 4696 3002 4773 φθορὰ,
3060 4694 3226 4757 πάθος
3283 4697 3472 4769 ψυχῆς
3501 4691 3648 4748 καὶὸ
3682 4691 3872 4764 θυμὸς,

469 4780 614 4836 dixit
640 4780 978 4854 Apostolus,
1009 4784 1202 4842 adhuc
1233 4791 1431 4845 autem
1461 4789 1652 4864 magis
1681 4795 1738 4847 et
1767 4790 2003 4846 invidia.
2032 4789 2123 4847 Si-

468 4867 788 4928 millimum
820 4878 975 4930 certe
1007 4879 1064 4932 et
1093 4876 1193 4948 qui
1216 4882 1376 4934 amat
1403 4881 1460 4934 et
1483 4879 1588 4950 qui
1622 4879 1844 4936 invidet
1861 4881 2121 4937 dolorem

2230 4787 2320 4844 καὶ
2349 4791 2385 4858 ἡ
2438 4783 2570 4865 ἔρις,
2619 4785 2711 4844 καὶ
2755 4788 2822 4842 τά
2854 4784 3002 4842 ἄλλα
3056 4783 3227 4840 πάντα
3253 4781 3348 4839 ὅσα
3394 4779 3607 4859 εἴρηκεν
3655 4782 3685 4836 ὁ
3718 4779 3874 4837 ’Λπό-

2233 4874 2448 4947 στολος,
2500 4872 2579 4934 ἔτι
2610 4874 2668 4932 δὶ
2701 4875 2913 4950 μᾶλλον
2966 4875 2994 4930 ὁ
3050 4872 3266 4952 φθόνος.
3297 4873 3663 4947 Ὁμοιοτάτην
3694 4866 3818 4945 γοῦν
3848 4865 3874 4922 ὅ

468 4959 783 5019 sustinent.
798 4962 1304 5028 Quemadmodum
1325 4967 1482 5026 enim
1508 4970 1765 5028 amantis
1786 4970 2046 5028 animam
2067 4973 2112 5027 el

2228 4987 2288 5025 τε
2343 4965 2478 5041 ἐρῶν
2537 4965 2628 5023 καὶ
2676 4967 2704 5022 ὁ
2755 4965 2966 5042 φθονῶν
3016 4963 3116 5034 τὴν
3148 4959 3346 5033 ὀδύνην
3401 4961 3740 5039 ὑφίστανται.
3793 4961 3872 5016 Ὠς

680 5218 1116 5303 Τεταραγμὲνον.
1155 5223 1280 5303 _'_Sic‘
1313 5241 1468 5303 mss._
1513 5228 1766 5297 quatuor
1802 5230 1860 5303 et_
1905 5225 2112 5284 Veneta

2234 5224 2292 5303 in
2327 5222 2446 5282 ullo
2478 5242 2721 5298 prorsus
2752 5227 2945 5283 vetere
2975 5222 3124 5281 libro
3155 5219 3407 5295 legatur,
3431 5218 3874 5294 expungendum

468 5287 915 5382 editiq,”meliu‘s:
933 5287 1121 5382 quam
1153 5287 1962 5382 'Pa‘t‘isienais;wst‘apayp‘vqf:

540 5359 762 5442 (8Q)_".H.
792 5359 1121 5422 Articulum
1153 5367 1370 5424 habent
1417 5359 1562 5425 mss.
1599 5359 1888 5442 plerique.
1914 5359 2126 5428 'Deerat

469 5430 855 5634 :égzaiflrsev...
893 5506 1098 5578 μισθόν.
1129 5509 1224 5566 Sic
1258 5526 1401 5565 mss.
1437 5516 1708 5582 quatuor.
1741 5512 1915 5581 Editi,
1943 5515 2119 5570 τῶν...

477 5591 746 5731 ἶιιῖἕὸῗν’δ
779 5641 1061 5731 διάϐολος.
1108 5651 1295 5731 Editio
1349 5651 1534 5731 Paris.
1567 5652 1752 5731 addit,
1795 5650 1932 5731 ἔχει,
1963 5657 2121 5728 quod

442 5727 607 5807 {um
638 5723 1036 5779 necessarium
1054 5738 1170 5782 non
1201 5724 1304 5797 sit,
1325 5738 1431 5782 nec
1460 5723 1522 5781 in
1549 5723 1806 5786 editione
1824 5723 2048 5789 'Vene'ta
2066 5731 2124 5788 et

2236 5313 2430 5441 “$816?
2445 5303 2854 5445 ’ἓῗκρατείαᾳη
2889 5363 3336 5494 σκληραγωγίας.
3377 5364 3571 5420 Monet
3597 5359 3876 5419 Combeﬂ-

2236 5441 2360 5494 sius
2392 5443 2450 5494 in
2481 5459 2588 5494 suo
2637 5441 2815 5494 Regio
2862 5441 3061 5494 codice
3135 5455 3245 5494 θαι.
3295 5434 3671 5494 ἀγκράτειαν...
3710 5431 3875 5494 σκλη-

2233 5431 2360 5499 sius
2392 5431 2450 5514 in
2481 5431 2588 5499 suo
2637 5431 2829 5514 Regio,
2862 5431 3061 5497 codice
3111 5431 3245 5514 legi,
3295 5431 3875 5514 ᾲγκράτιιανρκσιλη-

2235 5511 2529 5600 ρςιιωπίαγρ
2562 5531 2693 5600 qua
2721 5506 3012 5600 ἔριίριιπα
3040 5506 3568 5600 ηοξίδιζῖί,άθ,ί·9ξξι.τ;
3593 5506 3876 5600 5.39339?

2229 5577 2697 5662 :viriAdbctiss'imi
2746 5577 3083 5662 dixerimet
3108 5583 3170 5638 in
3217 5581 3327 5636 hoc
3373 5579 3569 5662 codice
3614 5577 3797 5662 litigio
3821 5578 3875 5630 et

2229 5656 2291 5714 in
2323 5657 2454 5716 aliis
2483 5658 2759 5716 omnibus
2785 5656 2871 5715 ita
2899 5655 3186 5729 scriptum
3214 5669 3365 5721 esse,
3393 5655 3458 5708 ut
3482 5651 3542 5708 in
3569 5650 3767 5706 editis.
