4112 6224
327 383 441 443 765

1552 387 1790 450 LIBER
1833 389 1934 450 DE
1977 388 2516 452 VIRGINITATE.

3612 391 3732 454 766

318 513 421 590 γὰρ
451 509 553 567 106
583 511 818 587 ἐρῶντος
865 515 965 584 τὴν
1015 514 1199 590 ψυχὴν
1231 516 1322 571 καὶ
1351 518 1415 572 τὸ
1446 522 1626 590 σῶμα,
1654 519 1968 594 ἀποτυγχά-

2085 536 2322 593 corpus,
2353 521 2402 576 si
2451 520 2790 592 cupiditatis
2839 535 3079 592 compos
3121 536 3237 576 non
3285 521 3408 587 ﬁat,
3457 523 3738 584 tabefacit

321 623 513 664 νοντος
541 605 639 671 τῆς
689 602 1002 677 ἐπιθυμίας,
1049 607 1205 674 τήκει
1237 607 1265 659 6
1297 601 1455 682 ἔρως,
1509 607 1652 662 οὕτω
1698 611 1797 662 τοῦ
1846 609 1976 686 φθο-

318 700 544 757 νοῦντος
573 696 661 750 καὶ
697 696 882 770 ψυχὴν
914 696 1002 750 καὶ
1051 700 1210 768 σῶμα
1255 699 1282 751 ὁ
1315 698 1512 771 φθόνος
1563 699 1834 768 συντήκει.
1869 697 1976 755 06-

319 781 404 839 δὲν
441 783 543 859 γὰρ
597 783 812 856 μᾶλλον
855 785 906 837 oi
953 783 1179 860 ἰρῶντες
1223 786 1693 862 ἀποτυγχάνοντες
1721 794 1821 857 τῆς
1855 786 1973 842 ἐπι-

319 873 518 945 θυμίας
555 873 657 927 ὑπὸ
685 877 783 926 τοῦ
831 871 1056 945 ἔρωτος,
1107 873 1227 943 ﬁci.
1280 875 1602 949 φθονοῦντες
1647 877 1973 952 ἀτυχοῦντες

313 967 417 1030 τῆς
451 959 588 1022 ἰδίας
642 959 954 1033 ἐπιθυμίας,
1001 959 1107 1016 ὐπὸ
1153 965 1250 1016 106
1297 962 1497 1040 φθόνου
1527 964 1618 1018 καὶ
1667 966 1852 1040 ψυχὴν
1880 964 1969 1020 καὶ

319 1054 482 1124 σῶμα
556 1051 968 1120 συντήκονται·
1025 1051 1277 1106 τοιοῦτόν
1347 1073 1401 1107 τι
1476 1053 1646 1116 πάθος
1723 1051 1975 1127 ἄντικρυς

315 1141 648 1215 πάσχοντες,
683 1137 796 1194 οἲον
839 1139 900 1193 ἃν
952 1141 1171 1214 κήρινοι
1221 1137 1531 1215 ἀνδριάντες
1561 1139 1614 1196 ἐν
1645 1141 1797 1197 νυκτῖ
1828 1143 1976 1214 παρά

309 1234 424 1284 τῶν
480 1227 877 1304 κηροπλάστων
940 1227 1346 1307 μορφωθὲντες,
1377 1229 1542 1299 ἡλίου
1597 1228 1977 1295 ἀνατείλαντος

318 1316 427 1373 ὑπὸ
478 1323 581 1386 τῆς
638 1315 879 1387 ἡλιακῆς
937 1317 1154 1381 ἀκτῖνος
1211 1319 1643 1391 κατατηκόμενοι
1701 1321 1922 1383 πάθοιεν
1959 1363 1970 1376 .

313 1405 548 1460 Ἐκεῖνοί
596 1425 657 1460 τε
711 1405 837 1481 γὰρ,
895 1402 999 1468 ἕως
1061 1406 1156 1478 μὲν
1227 1406 1287 1461 ἂν
1345 1410 1380 1477 ἠ
1433 1407 1526 1477 νὺξ
1552 1406 1751 1468 αὐτοὺς
1789 1407 1972 1463 καὶτὸ

312 1495 511 1555 σκότος
538 1493 765 1569 κατέχῃ,
790 1500 1099 1568 πεπηγυῖαν
1131 1494 1182 1550 ἐν
1210 1498 1278 1560 τῆ
1323 1500 1448 1565 σκιᾷ
1497 1495 1599 1550 ὑπὸ
1643 1501 1744 1566 τῆς
1791 1515 1973 1550 νυκτε-

312 1590 474 1659 ρινῆς
499 1582 666 1657 αὔρας
712 1583 814 1651 τήν
863 1584 1075 1659 μορρήν
1125 1583 1199 1646 ὡς
1229 1581 1599 1654 ἐπλάσθησαν,
1659 1583 1711 1639 ἂν
1743 1588 1822 1656 τῷ
1872 1583 1970 1658 ἆμ-

310 1672 629 1750 ιραινυμὲνῳ
683 1676 802 1734 τοῖς
858 1670 1142 1746 πλάσμασι
1198 1673 1362 1746 τόνῳ,
1419 1674 1509 1728 καὶ
1564 1671 1786 1749 στερρὰν
1831 1671 1971 1736 τέως

310 1757 651 1815 δεικνύουσιν
686 1779 697 1790 ο
760 1757 1168 1833 ἆπιλάμψαντος
1229 1757 1287 1816 δὲ
1334 1766 1432 1816 τοῦ
1491 1760 1659 1831 ⁴ἡλίου
1732 1761 1823 1816 καὶ
1877 1761 1971 1816 τὸν

310 1849 516 1903 οἰκεῖον
570 1845 775 1920 δρόμον
822 1847 1098 1918 ἀνύοντος,
1130 1849 1196 1903 τὰ
1242 1849 1337 1922 μὲν
1377 1848 1546 1905 λοιπᾶ
1588 1852 1796 1904 ἅπαντα
1844 1851 1965 1924 τρε-

312 1958 470 2014 φεται
523 1937 627 1992 ὑπὸ
674 1943 773 2006 τῆς
815 1935 1056 2007 ἡλιακῆς
1106 1935 1408 2010 δυνάμεως,
1450 1938 1541 1993 καὶ
1595 1939 1774 2016 φωτὸς
1828 1938 1965 1994 ἀπο-

311 2025 470 2082 λαύει
498 2028 633 2100 (90)°
685 2026 737 2080 oi.
787 2022 845 2080 δὲ
897 2026 1264 2095 συντακέντες,
1294 2025 1391 2088 τάς
1434 2047 1492 2081 τε
1542 2026 1752 2104 μορφὰς
1783 2026 1969 2082 καὶτᾶ

310 2117 578 2190 σχήματα
636 2113 773 2187 μετὰ
818 2118 916 2170 106
963 2113 1368 2192 ἰμφαινομὲνου
1397 2116 1608 2188 ἑκάστῳ
1637 2115 1792 2171 τόνου
1840 2137 1968 2191 συγ-

309 2211 594 2282 χυθέντες,
626 2205 1024 2282 ἠφανίσθησαν.
1058 2203 1127 2263 Ο⁹ί
1162 2226 1221 2260 τε
1269 2204 1541 2283 φθονεροὶ,
1573 2202 1677 2267 ἓως
1708 2206 1768 2260 ἄν
1800 2204 1851 2260 ἰν
1881 2209 1966 2279 τῷ

310 2296 617 2366 σκότῳτοῦ
670 2288 960 2363 διαϐόλου,
1006 2294 1081 2358 ὡς
1127 2294 1179 2349 ἂν
1227 2295 1398 2363 νυκτὶ,
1432 2293 1568 2368 πρὸς
1615 2293 1683 2349 τὰ
1710 2299 1807 2349 106
1833 2293 1964 2371 φθό-

305 2404 408 2438 νου
457 2380 588 2459 ιργα
621 2379 999 2456 βουλεύονται,
1044 2382 1239 2458 παγίας
1283 2381 1421 2446 τὲως
1476 2381 1695 2437 δοκοῦσι
1740 2383 1834 2444 τὰς
1880 2380 1964 2438 ἐν-

305 2471 478 2542 νοίας,
509 2472 600 2526 καὶ
638 2472 708 2526 τὰ
751 2473 1014 2546 σχήματα
1058 2471 1193 2544 μετά
1235 2475 1346 2526 τῶν
1402 2475 1648 2549 μορφῶν,
1699 2469 1773 2533 ὡς
1821 2472 1968 2546 παρὰ

303 2565 390 2632 τῷ
443 2561 627 2635 φθόνῳ
675 2558 1040 2630 ὲπλάσθησαν,
1095 2557 1372 2630 ἀλλήλοις
1417 2556 1706 2614 δεικνύναι·
1750 2557 1965 2615 ιπειδὰν

306 2648 369 2705 δὲ
399 2647 556 2719 δίκην
589 2647 755 2717 ἡλίου
806 2646 1102 2710 σπουδαῖος
1157 2649 1294 2724 ἀνὴρ
1338 2648 1477 2724 πρὸς
1523 2648 1591 2704 τὰ
1630 2655 1728 2719 τῆς
1773 2649 1967 2726 ἀρετῆς

307 2737 446 2813 ἔργα
476 2738 698 2799 ἑωθινὸς
728 2735 1013 2813 ἀνατείλῃ,
1060 2738 1113 2792 οἱ
1159 2739 1254 2810 μὶν
1306 2736 1494 2794 λοιποὶ
1543 2737 1798 2809 ἅπαντες,
1847 2736 1964 2793 ὅσοι

307 2831 411 2882 106
439 2825 746 2904 φιλοκάλου
777 2847 836 2881 τε
863 2826 953 2881 καὶ
999 2825 1254 2901 φιλοθὲου
1308 2826 1430 2902 βίου
1471 2826 1561 2880 τὸν
1612 2825 1813 2900 τρόπον
1845 2827 1968 2881 θαυ-

313 2917 576 2989 μάζουσι,
635 2919 732 2970 τοῦ
790 2915 938 2978 θείου
987 2911 1190 2990 ἓρωτος
1247 2913 1323 2976 εἷς
1382 2919 1582 2988 γνῶσιν
1627 2915 1753 2989 παρ’
1801 2913 1966 2969 αὐτοῦ

315 3004 594 3079 λαμπρῶς
652 3002 1057 3080 ἂμφορούμενοι
1090 3047 1104 3072 ,
1157 3002 1224 3058 τὰ
1277 3006 1376 3072 τῆς
1431 3003 1628 3078 ἀρετῆς
1686 3010 1968 3077 σπέρματα

314 3094 628 3171 τρίψουσιν·
690 3093 743 3147 οἱ
803 3087 860 3147 δὲ
891 3092 1196 3167 ἀχείρωτον
1231 3091 1328 3165 μὶν
1376 3091 1536 3146 αὐτὸν
1571 3089 1660 3146 διὰ
1685 3093 1747 3146 τὸ
1781 3103 1968 3167 θεοφι-

2085 625 2268 679 amor,
2299 610 2382 664 ita
2411 613 2469 663 et
2497 607 2817 663 invidentis
2857 609 3118 664 animam
3151 616 3211 664 et
3240 625 3457 681 corpus
3497 611 3737 669 invidia.

2085 698 2233 753 Nam
2265 699 2366 769 qui
2394 702 2616 763 amant,
2636 714 2772 752 cum
2806 697 2876 752 ab
2901 714 2967 752 eo
2987 698 3142 769 quod
3175 699 3422 769 cupiunt
3441 699 3736 768 aberrant,

2085 787 2269 843 nihilo
2299 787 2486 858 magis
2517 787 2590 840 ob
2621 803 2900 853 amorem,
2935 803 3112 858 quam
3145 787 3328 842 invidi
3363 788 3610 859 propria
3632 805 3738 843 cu-

2083 877 2350 948 piditatis
2382 892 2494 931 non
2546 880 2844 946 compotes
2894 876 2966 931 ob
2998 875 3301 945 invidiam,
3356 881 3413 931 et
3458 876 3658 932 anima
3683 882 3740 934 et

2081 981 2320 1034 corpore
2349 965 2680 1020 tabescunt.
2705 964 2841 1020 Tale
2873 964 3178 1036 quidpiam
3219 965 3473 1036 profecto
3506 967 3738 1036 patiun-

2081 1059 2198 1121 tur,
2231 1053 2402 1126 quale
2452 1053 2739 1122 imagines
2789 1070 2988 1124 cereis,
3042 1071 3170 1125 quae
3219 1060 3391 1110 noctu
3426 1072 3461 1110 a
3497 1056 3736 1112 cerariis

2081 1144 2308 1208 effictas,
2343 1143 2443 1198 ubi
2498 1141 2584 1198 sol
2615 1141 2894 1211 illuxerit,
2945 1142 3123 1198 solari
3165 1143 3328 1198 radio
3379 1143 3731 1214 liquescunt.

2084 1231 2199 1288 Ilia
2216 1233 2396 1299 enim,
2412 1232 2674 1303 quandiu
2694 1248 2793 1288 eas
2811 1233 3046 1303 quidem
3069 1248 3201 1287 mox
3225 1236 3283 1288 et
3306 1233 3562 1288 tenebrae
3586 1235 3732 1289 deti-

2085 1325 2278 1388 neant,
2294 1325 2625 1376 concretam
2643 1321 2702 1375 in
2724 1322 2935 1376 umbra
2952 1322 3255 1376 nocturnis
3277 1321 3435 1376 auris
3457 1321 3731 1393 formam,

2083 1415 2257 1483 prout
2285 1412 2487 1466 efﬁctas
2519 1409 2778 1474 fuerunt,
2810 1409 2868 1464 in
2901 1425 2968 1464 ea
2997 1409 3314 1476 soliditate,
3341 1426 3466 1481 quae
3490 1410 3548 1464 in
3582 1410 3732 1466 ima-

2081 1500 2318 1571 ginibus
2349 1515 2629 1570 apparere
2660 1498 2831 1565 solet,
2879 1499 3111 1554 ﬁrmam
3141 1497 3379 1554 interim
3409 1499 3684 1555 exhibent
3714 1517 3728 1556 :

2081 1589 2181 1644 sed
2209 1587 2582 1644 illucescente
2605 1587 2726 1643 sole
2747 1591 2804 1642 et
2833 1587 3130 1659 preprium
3163 1603 3402 1642 cursum
3425 1587 3731 1659 perficien-

2078 1681 2154 1747 ts,
2189 1681 2395 1733 caetera
2443 1677 2683 1748 quidem
2717 1676 2917 1731 omnia
2963 1675 3018 1730 vi
3047 1674 3222 1731 solari
3280 1676 3644 1746 nutriuntur,
3677 1680 3735 1731 et

2079 1763 2210 1821 luce
2242 1766 2663 1836 perfruuntur;
2691 1763 2802 1819 illis
2830 1780 2968 1820 vero
2995 1763 3412 1836 liquescentes,
3429 1763 3633 1820 formis
3663 1780 3732 1820 ac

2080 1853 2282 1924 figuris
2312 1870 2447 1909 cum
2479 1852 2775 1909 soliditate
2804 1852 2864 1907 in
2887 1868 3242 1923 unaquaque
3263 1856 3581 1924 apparente
3600 1869 3738 1908 con-

2076 1941 2246 2009 fusis,
2281 1946 2656 1998 evanescunt.
2677 1942 2773 1998 Sic
2803 1947 2860 1997 et
2888 1941 3368 2014 invidi,quandiu
3392 1941 3453 1996 in
3473 1941 3732 1998 tenebris

2076 2031 2314 2103 diaboli,
2346 2030 2507 2087 velut
2535 2031 2594 2086 in
2646 2034 2833 2100 nocte,
2866 2031 3094 2086 invidiae
3127 2047 3306 2103 Opera
3348 2031 3729 2103 meditantur,

2074 2119 2292 2176 solidas
2314 2120 2552 2176 interim
2577 2120 2850 2177 videntur
2869 2120 3251 2192 cogitationes
3275 2124 3333 2174 et
3354 2118 3574 2192 ﬁguras
3595 2136 3728 2176 cum

2074 2208 2301 2270 formis.
2333 2213 2509 2280 prout
2534 2208 2606 2264 ab
2637 2206 2862 2264 invidia
2875 2208 3082 2263 efﬁctzn
3099 2209 3357 2272 fuerunt,
3383 2207 3536 2263 inter
3555 2225 3617 2263 se
3641 2208 3729 2263 in-

2071 2298 2256 2354 vicem
2286 2298 2690 2354 demonstrare
2722 2317 2736 2365 ;
2767 2297 2867 2353 sed
2901 2297 2949 2352 si
2973 2297 3060 2351 vir
3090 2297 3330 2368 probus,
3350 2296 3541 2351 instar
3561 2296 3726 2366 solis,

2077 2387 2149 2442 ad
2180 2386 2414 2442 virtutis
2464 2402 2642 2458 opera
2689 2402 2860 2441 mane
2909 2384 3206 2457 effulgeat,
3257 2385 3449 2441 caeteri
3488 2385 3726 2456 quidem

2075 2491 2301 2544 omnes,
2335 2474 2673 2546 quicunque
2705 2473 2899 2545 probis
2919 2490 2986 2529 ac
3016 2473 3299 2546 religiosis
3329 2475 3460 2528 vitae
3481 2475 3724 2529 modum

2075 2564 2465 2635 admirantur,
2497 2564 2599 2620 sed
2630 2563 2812 2618 divini
2842 2562 3060 2618 amoris
3080 2562 3472 2634 cognitionem
3495 2563 3730 2618 abunde

2076 2653 2148 2709 ab
2171 2669 2237 2709 eo
2259 2651 2543 2708 illustrati
2559 2651 2794 2708 virtutis
2814 2651 3043 2706 semina
3068 2651 3338 2706 nutriunt
3369 2669 3382 2707 :
3415 2651 3595 2706 invidi
3617 2669 3728 2706 au-

2074 2745 2216 2809 tem,
2249 2758 2381 2797 cum
2416 2757 2551 2796 eum
2583 2739 3097 2812 inexpugnabilem
3119 2739 3358 2811 quidem
3381 2739 3568 2795 instar
3589 2739 3730 2795 solis

2075 2830 2150 2886 ob
2182 2829 2280 2886 Dei
2313 2846 2598 2894 amorem,
2627 2828 2860 2884 virtutis
2891 2832 3089 2884 autem
3135 2827 3410 2897 operibus
3442 2828 3630 2899 magis
3660 2844 3728 2884 ac

2077 2917 2268 2990 magis
2317 2919 2702 2989 conspicuum
2749 2916 3004 2984 videant,
3054 2917 3207 2972 662
3253 2915 3412 2971 velut
3457 2916 3626 2982 cerei,
3661 2920 3728 2971 ut

2076 3006 2216 3074 dixi,
2247 3010 2305 3062 et
2330 3021 2639 3077 corporum
2691 3003 2892 3060 formis
2941 3009 2999 3059 et
3028 3004 3339 3060 animabus
3389 3003 3612 3060 invidia
3644 3019 3732 3060 re-

2077 3093 2241 3150 fertis
2271 3097 2508 3165 repente
2540 3092 2893 3163 liquescunt.

313 3183 408 3244 λὶς
455 3181 696 3257 καθάπερ
753 3180 943 3251 ἥλιον,
1001 3179 1458 3256 λαμπρυνόμενον
1520 3181 1633 3254 (91)
1691 3177 1749 3235 δὶ
1797 3184 1917 3242 τοῖς
1972 3185 2072 3250 τῆς
2112 3181 2306 3253 ἀρετῆς
2353 3177 2530 3255 ἔργοις
2578 3173 2656 3234 ἔτι
2711 3175 2923 3251 μᾶλλον
2974 3179 3228 3252 ὁρῶντες,
3271 3175 3454 3254 ὣσπερ
3481 3181 3719 3254 κήρινοι,

312 3271 450 3345 οπερ
511 3267 670 3345 ἔφην,
725 3269 823 3331 τάς
879 3289 939 3324 τε
990 3273 1104 3324 τῶν
1163 3266 1433 3342 σωμάτων
1495 3266 1708 3347 μορφὰς
1763 3268 1906 3341 ὁμοῦ
1968 3267 2058 3323 καὶ
2114 3267 2211 3331 τὰς
2276 3266 2454 3343 ψυχὰς
2520 3269 2617 3321 106
2677 3264 2879 3340 φθόνου
2933 3265 3205 3342 γεμούσας
3261 3266 3474 3343 ἀθρόως
3533 3266 3726 3338 ἐτάκη-

317 3379 440 3416 σαν.

385 3469 474 3525 49.
511 3464 817 3535 Γαληναίαν
877 3463 968 3520 06v
1019 3463 1102 3519 δεῖ
1154 3466 1254 3535 τὴν
1306 3466 1406 3534 τῆς
1457 3463 1726 3540 παρθένου
1757 3464 1962 3540 ψυχὴν,

2148 3466 2234 3520 49.
2269 3465 2548 3522 Serenam
2597 3479 2736 3538 ergo
2789 3465 2967 3521 decet
3001 3481 3131 3522 esse
3167 3465 3414 3538 virginis
3461 3465 3743 3539 animam,

307 3555 403 3611 καὶ
448 3555 689 3627 καθάπερ
743 3551 804 3610 ἔκ
849 3574 998 3616 τινος
1049 3554 1437 3630 καθαρωτάτης
1492 3555 1673 3628 πηγῆς
1723 3555 1820 3608 106
1875 3555 1972 3607 v06
2025 3614 2033 3620 ,

306 3649 431 3707 ταῖς
487 3643 655 3707 θείαις
708 3641 940 3707 ἐννοίαις
1004 3640 1399 3716 λιμνάζουσαν,
1457 3641 1766 3714 ἀκύμαντον
1812 3640 1970 3710 εἶναι,

315 3734 449 3807 μήθ’
495 3733 601 3787 ύπὸ
646 3735 755 3787 τῶν
803 3729 994 3802 ἔξωθεν
1042 3728 1112 3786 δι’
1161 3733 1333 3800 ἀκοῆς
1383 3728 1742 3804 βαλλομένων
1790 3727 1968 3805 λόγων

309 3819 750 3894 κυμαινομίνην,
801 3820 928 3893 μήθ’
984 3819 1086 3874 ὑπὸ
1136 3823 1244 3874 τῶν
1302 3819 1692 3893 ἆμπιπτουσῶν
1746 3816 1836 3873 διὰ
1871 3824 1973 3889 τῆς

311 3907 492 3985 ὄψεως
575 3913 879 3987 φαντασιῶν
941 3908 1041 3977 τὴν
1113 3906 1412 3984 γαληναίαν
1481 3909 1595 3980 (92)
1647 3908 1968 3962 κατάστασιν

314 4000 669 4078 φρίσσουσανο
720 3995 793 4052 ἵν’
847 3995 922 4059 ὠς
979 3995 1034 4051 ἐν
1091 3997 1458 4072 καθαρωτάτῳ
1513 3996 1835 4072 κατόπτρῳ,
1879 3996 1972 4050 καὶ

314 4091 513 4152 ἑαυτῆς
543 4089 644 4157 τὴν
676 4083 824 4141 ἱδᾶαν
866 4084 956 4140 καὶ
1002 4089 1101 4140 106
1137 4084 1380 4164 νυμφίου
1424 4085 1488 4141 τὸ
1519 4083 1729 4147 κάλλος
1763 4084 1966 4162 ὁρῶσα,

311 4181 413 4233 106
443 4177 566 4250 περὶ
611 4175 772 4231 αὐτὸν
808 4172 1010 4250 ἔρωτος
1057 4176 1427 4250 γνησιώτερον
1479 4173 1812 4252 ἰμφορῆται.
1845 4174 1968 4228 Διό-

311 4285 417 4340 περ
462 4263 527 4319 ού
574 4260 659 4319 δεῖ
705 4259 818 4327 οὗθ’
863 4260 1043 4339 ἑτέραν
1094 4257 1220 4336 ὄψιν
1251 4267 1332 4335 τῷ
1377 4266 1474 4318 106
1526 4259 1722 4324 ὕδατος
1774 4261 1972 4318 τούτου

309 4349 610 4427 κατῶιτρῳ
662 4349 968 4428 ιγκύπτειν,
1019 4348 1112 4406 ἵνα
1172 4351 1248 4426 μὴ
1300 4351 1402 4420 τήν
1450 4355 1798 4427 προϋποῦσαν
1858 4353 1972 4425 (93)

312 4441 629 4499 ζπισείουσα
657 4439 912 4516 ἀφανίζῃ·
947 4438 1066 4504 οὔθ’
1094 4439 1199 4495 ὑπὸ
1251 4439 1418 4516 ὀργῆς
1446 4438 1482 4509 ἢ
1533 4436 1714 4510 λύπης
1741 4438 1778 4509 ἢ
1807 4459 1969 4494 τινων

313 4533 513 4606 ἑτέρων
545 4530 730 4586 παθῶν
763 4531 876 4602 (94)
909 4527 1055 4591 ὅλως
1105 4527 1485 4602 κυμαίνεσθαι,
1509 4526 1603 4584 ’ἱνα
1653 4529 1729 4602 μὴ
1771 4525 1973 4584 ἄλλοτε

313 4617 552 4684 ἀλλοίας
599 4617 814 4695 μορφὰς
861 4622 940 4689 τῷ
990 4621 1067 4689 νῷ
1125 4618 1238 4691 (95)
1293 4615 1345 4672 iv
1394 4621 1472 4690 τῷ
1525 4613 1680 4690 σάλῳ
1727 4613 1967 4692 δτικνύῃ.

313 4708 447 4765 ἀλλ’
469 4708 551 4764 ἀεὶ
590 4706 849 4768 ὡσαύτως
896 4706 984 4761 καὶ
1037 4705 1088 4761 ιν
1140 4708 1209 4780 τῇ
1258 4707 1397 4761 κατά
1439 4706 1568 4761 Θεὸν
1617 4709 1764 4781 χαρᾷ
1805 4725 1971 4782 κεχυ-

316 4799 515 4872 μιν-ην,
572 4796 880 4869 ἀκύμαντον
935 4795 1030 4869 μὶν
1092 4799 1278 4859 παθῶν
1338 4792 1527 4850 διόλου
1576 4792 1958 4872 φυλάττεσθαι,

318 4886 554 4965 μηδενὸς
583 4884 641 4944 δὶ
669 4885 850 4961 ἑτάρου
891 4881 1038 4944 ἲδῦαν
1068 4885 1119 4941 ἐν
1171 4885 1333 4959 ἑαυτῇ
1361 4884 1396 4956 ἣ
1421 4889 1517 4942 106
1563 4885 1802 4964 νυμφίου
1849 4882 1965 4942 δει-

382 5141 499 5216 (90)
531 5134 853 5216 ’ᾼπολαύειρ
883 5137 992 5216 _Sio
1012 5211 1023 5216 _
1043 5136 1563 5216 pleriqueveteree
1609 5138 1743 5199 libri
1773 5145 1830 5200 et
1857 5142 1968 5200 Ve-

306 5210 449 5274 neta
479 5210 680 5271 editio.
717 5210 1080 5274 Parisiensis.
1113 5210 1434 5269 ἀπολαύσει.

380 5257 1412 5412 ἶόιξῗὶἔρἐέυζᾎίἰὶζζξ
1420 5257 1434 5269 ’
1453 5288 1708 5360 quatuor
1753 5283 1967 5342 codici-

380 5376 450 5412 Is.
508 5355 834 5412 λλαιεπουνό
843 5375 1021 5412 μενον.

303 5355 450 5427 bus,
481 5355 834 5430 ὶλλαμπρυνό
843 5355 1021 5429 μενον.

381 5431 498 5502 (92)
553 5427 886 5501 Γαληναίαν.
939 5427 1196 5503 Legitur,
1230 5428 1520 5503 Αγαληνήν,
1577 5427 1966 5503 inomnihus

303 5499 490 5574 mss,
505 5517 621 5574 uno
637 5499 897 5574 excepto,
911 5499 1289 5574 quiescunda
1302 5516 1478 5574 manu
1497 5499 1697 5574 habet,
1719 5503 1785 5556 ut
1801 5499 1963 5569 editi,

303 5519 486 5572 mss.,
505 5517 621 5559 uno
637 5517 897 5627 excepto,
911 5517 1011 5574 qui
1029 5517 1289 5557 secunda
1302 5517 1478 5557 manu
1500 5517 1697 5566 nanet,
1719 5517 1785 5556 ut
1801 5517 1962 5569 cuiu,

298 5571 633 5655 γαλῃναίαν.
670 5574 895 5655 Ibbem
945 5589 1102 5655 unus
1129 5588 1200 5628 ex
1247 5571 1444 5655 Regiis
1475 5571 1732 5655 secunda
1761 5588 1962 5639 manu,

298 5643 633 5722 κατάστασιν
665 5643 1008 5722 φθείρουσαν.
1060 5644 1195 5709 Qum
1228 5643 1675 5722 _scriptura_etsi
1707 5659 1964 5722 percom-

297 5718 491 5778 mods
533 5713 946 5789 videtur,'eam
989 5719 1190 5776 nmen
1223 5714 1288 5775 in
1329 5713 1664 5796 obstantum
1693 5713 1964 5790 recipere

2081 3570 2148 3609 ac
2175 3553 2335 3611 velut
2365 3570 2433 3611 ex
2464 3555 2718 3626 quodam
2750 3553 3066 3626 purissimo
3089 3555 3302 3610 mentis
3334 3555 3491 3611 fonte
3516 3555 3733 3610 divinis

2081 3642 2537 3715 cogitationibus
2586 3647 2980 3716 stagnantem,
3013 3643 3194 3699 ﬂuctu
3235 3660 3476 3715 prorsus
3507 3660 3725 3712 carere,

2081 3749 2272 3804 neque
2300 3732 2372 3787 ah
2417 3731 2696 3798 externis,
2728 3732 2828 3804 qui
2878 3749 2982 3804 per
3027 3749 3228 3788 aurem
3281 3733 3570 3800 feruntur,
3603 3750 3726 3789 ser-

2080 3821 2358 3877 monibus
2376 3819 2677 3892 agitatam,
2698 3836 2888 3891 neque
2909 3820 2981 3875 ab
3005 3820 3398 3876 incidentibus
3418 3837 3519 3893 per
3539 3821 3735 3878 visum

2079 3907 2442 3982 imaginibus
2490 3908 2562 3963 de
2609 3906 2928 3979 tranquillo
2975 3912 3129 3963 statu
3178 3909 3461 3980 dejeotam
3497 3925 3511 3964 :
3545 3909 3627 3964 ita
3669 3913 3735 3964 ut

2079 3996 2238 4054 velut
2259 3996 2320 4052 in
2347 3995 2666 4069 purissimo
2699 3995 2936 4069 speculo
2967 4001 3024 4052 et
3050 4013 3220 4053 suam
3253 3996 3444 4069 ipsius
3475 3998 3730 4068 speciem

2080 4089 2140 4143 et
2167 4085 2368 4158 sponsi
2418 4083 2919 4157 pulchritudinem
2971 4084 3353 4157 perspiciens,
3401 4083 3564 4140 illius
3603 4101 3738 4141 vero

2080 4191 2278 4231 amore
2309 4174 2499 4246 magis
2523 4172 2857 4245 impleatur.
2881 4175 3067 4238 Quare
3091 4190 3206 4229 non
3238 4179 3467 4247 oportet
3494 4180 3560 4230 ut
3581 4174 3736 4230 alius

2079 4263 2280 4320 vultus
2305 4263 2366 4317 in
2397 4262 2578 4332 hujus
2609 4278 2770 4334 aqua;
2802 4261 3108 4334 speculum
3142 4261 3479 4335 prospiciat,
3512 4279 3584 4318 ne
3603 4261 3732 4318 vul-

2080 4355 2207 4407 tum
2232 4353 2357 4423 jam
2376 4350 2456 4406 ibi
2480 4351 2776 4422 depictum
2796 4350 3135 4407 concutiens
3153 4350 3401 4407 aboleat.
3425 4351 3626 4424 Neque
3646 4351 3737 4409 ira

2081 4444 2184 4496 aut
2212 4438 2410 4496 dolore
2441 4443 2543 4495 aut
2572 4437 2703 4496 aliis
2753 4439 3297 4510 perturbationibus
3326 4440 3536 4512 agitari
3567 4458 3735 4513 pror-

2083 4545 2188 4585 sus
2215 4528 2410 4599 debet,
2443 4518 2509 4583 ut
2536 4544 2608 4584 ne
2631 4526 2776 4584 alias
2807 4533 2982 4600 atque
3011 4527 3158 4585 alias
3182 4530 3426 4598 formas,
3447 4530 3589 4586 dum
3613 4530 3735 4604 agi-

2080 4620 2266 4686 tatur,
2297 4620 2490 4673 mente
2513 4616 2783 4674 exhibeat
2807 4633 2821 4686 ;
2855 4618 2956 4674 sed
2981 4634 3216 4690 semper
3243 4619 3447 4675 eodem
3471 4621 3646 4676 modo
3673 4637 3737 4676 se

2079 4705 2306 4762 habens
2357 4709 2415 4761 et
2463 4705 2659 4762 divino
2707 4705 2945 4778 perfusa
2990 4707 3230 4778 gaudio,
3279 4707 3461 4764 nullis
3491 4725 3732 4780 prorsus

2078 4794 2586 4869 perturbationum
2621 4793 2896 4850 ﬂuctibus
2928 4797 3202 4868 agitetur,
3234 4812 3341 4853 nec
3371 4796 3549 4853 ullius
3579 4797 3723 4854 alte-

2081 4885 2205 4942 rius
2234 4881 2513 4957 spsciem,
2546 4881 2660 4939 nisi
2701 4883 2928 4956 sponsi,
2975 4885 3034 4940 in
3068 4885 3263 4958 seipse
3291 4885 3599 4957 exhibeat;
3654 4886 3736 4945 ita

2080 5152 2262 5215 ausus
2294 5151 2600 5215 aeneum,
2631 5136 2768 5215 quia
2797 5155 2912 5215 non
2960 5139 3105 5198 satis
3135 5153 3352 5215 magna
3385 5139 3731 5197 auctoritate

2078 5212 2306 5286 nititur,
2341 5210 2443 5267 sed
2472 5210 2795 5286 tantumAin
2827 5210 3539 5286 interpretandéisecutus
3569 5227 3726 5286 sum.

2151 5285 2260 5354 (93)
2289 5284 2660 5354 Προϋποῦσαν.
2707 5282 2802 5338 Sic
2836 5282 3004 5342 mssf
3034 5302 3132 5343 sex
3163 5290 3222 5340 et
3267 5283 3487 5340 Veneta
3526 5282 3724 5338 editio.

2076 5355 2448 5420 Parisiensis,
2478 5355 2831 5427 προενοῦσαν.

2146 5428 2256 5499 (94)
2287 5429 2497 5488 Παθῶν.
2522 5422 2896 5499 Ῥοι-ἰείοηεὶε
2947 5427 3125 5483 editio
3157 5425 3338 5496 addit,
3382 5424 3554 5495 τινός,
3595 5422 3724 5480 sine

2074 5496 2211 5572 ulla
2226 5514 2465 5572 prorsus
2497 5496 2864 5572 auctoritate.

2148 5565 2258 5654 (95)
2289 5573 2386 5652 Τῷ.
2406 5572 2504 5640 νῷ.
2539 5569 2651 5654 _Sic
2668 5585 2878 5654 και-ρι’
2899 5573 3122 5654 septem
3159 5574 3244 5654 et.
3274 5569 3487 5654 V.enet’a
3515 5565 3718 5654 editio.

2071 5635 2570 5714 Parisieneis,'106
2597 5642 2718 5697 v06.
2740 5639 2918 5700 Paulo
2949 5635 3080 5713 post
3107 5640 3270 5714 editi,
3293 5635 3576 5695 δεικνύναι.
3609 5639 3721 5696 Sex

2071 5729 2219 5772 mss.
2252 5717 2320 5772 ut
2347 5712 2409 5771 in
2435 5715 2617 5772 textu.
