4134 6224
427 388 543 448 ’167

1368 379 1762 443 APPENDIX
1809 379 2136 443 OPERUM
2180 382 2247 443 S.
2295 381 2582 448 BASILII
2625 386 2901 449 MAGNI.

3726 385 3849 445 768

428 523 494 576 ut
520 517 620 574 ille
667 531 900 587 semper
943 513 1002 568 in
1051 513 1179 585 ipsa
1225 513 1520 585 propriam
1569 513 2068 585 pulchritudinem

2198 512 2390 568 ινόναιο
2427 516 2596 589 μόνου
2801 519 2895 591 μὶν
2951 515 3157 572 ἐκείνου
3206 518 3284 572 ἀεὶ
3333 517 3844 590 κατοπτριζόμενοι.)

433 612 720 679 tanquam
752 605 812 660 in
844 602 1080 676 speculo
1129 602 1452 674 imprimat,
1502 602 1627 658 sola
1658 607 1852 658 autem
1884 602 2083 657 anima

432 698 682 754 formam
715 694 874 750 illius
921 694 981 749 in
1026 710 1132 749 suo
1163 691 1399 765 speculo
1430 692 1813 764 refulgentem
1844 691 2079 760 habeat,

433 789 680 859 ejusque
711 785 909 841 formae
956 782 1389 855 pulchritudine
1441 781 1634 838 ornari
1681 781 1837 837 velit.
1892 783 2080 848 Quare

433 876 829 950 praemuniens
872 873 1032 929 illius
1076 873 1332 928 animam
1364 872 1840 944 sapientissimus
1887 887 2080 926 sermo

429 967 512 1024 ait
548 983 560 1022 :
591 966 651 1021 Si
677 966 907 1037 spiritus
932 967 1252 1035 potestatem
1304 962 1550 1018 habentis
1590 960 1892 1017 ascenderit
1919 976 2082 1032 super

429 1062 503 1123 te,
539 1056 714 1111 locum
760 1059 922 1108 tuum
968 1067 1039 1107 ne
1075 1051 1356 1107 dimiseris
1374 1051 1420 1086 ³⁸
1451 1067 1463 1106 :
1500 1068 1570 1106 ne
1602 1051 1948 1106 ascendente
1979 1066 2078 1121 po-

427 1145 573 1200 tenti
607 1142 956 1215 cogitatione
987 1141 1178 1214 imago
1209 1141 1424 1211 locum,
1447 1145 1512 1196 ut
1542 1140 1601 1195 in
1630 1139 1885 1213 speculo,
1910 1154 2079 1211 repe-

429 1234 608 1299 riens,
639 1232 816 1288 etiam
849 1231 1082 1287 nemine
1133 1234 1417 1302 praesente
1467 1230 1688 1302 peccati
1731 1229 1954 1301 species
1987 1243 2078 1283 re-

431 1326 758 1395 praesentet.
791 1322 900 1376 Sed
935 1321 1127 1376 omuis
1157 1321 1392 1391 quidem
1425 1320 1610 1390 locus,
1633 1319 1846 1390 inquit,
1871 1318 1931 1374 in
1958 1318 2081 1375 ani-

432 1428 529 1467 ma
557 1411 796 1483 virginis
827 1415 1143 1483 conspectu
1166 1410 1377 1465 Christi
1413 1409 1722 1481 repleatur.
1747 1407 1959 1464 Nullus
1982 1425 2079 1463 au-

425 1508 546 1557 tem
576 1501 817 1557 omnino
848 1500 1011 1556 locus
1057 1500 1116 1554 in
1165 1515 1233 1555 ea
1262 1503 1443 1566 vacet,
1477 1515 1593 1570 quo
1624 1499 1948 1554 ascendens
1980 1514 2078 1553 cu-

428 1592 586 1647 riosa
611 1590 887 1663 cogitatio
932 1589 1202 1660 reperiat,
1249 1587 1347 1642 ubi
1380 1603 1448 1643 ea
1478 1604 1606 1658 quae
1656 1605 1765 1643 sua
1796 1591 1954 1653 sunt,
1987 1603 2078 1642 re-

431 1683 764 1752 praesentet.
796 1677 1028 1734 Nullius
1048 1678 1248 1749 igitur,
1273 1682 1338 1732 ut
1371 1677 1529 1732 brevi
1558 1677 1772 1744 dicam,
1791 1677 1911 1732 sive
1932 1693 2078 1749 prae-

430 1769 615 1825 sentis
647 1769 767 1824 sive
818 1767 1098 1833 absentis,
1134 1765 1439 1837 speculum
1471 1766 1548 1822 sit
1582 1764 1827 1838 virginis
1858 1765 2077 1832 anima,

2192 600 2242 656 tv
2293 605 2430 679 αὐτῇ
2482 607 2544 662 τὸ
2592 605 2731 663 ἴδιον
2779 605 3008 677 κάλλος,
3057 607 3230 680 μόνης
3278 604 3335 662 δὲ
3361 614 3460 676 τῆς
3500 610 3692 682 ψυχῆς
3740 607 3842 673 τὴν

2187 693 2384 747 τούτου
2434 697 2651 770 μορφὴν
2682 695 2734 751 ἐν
2782 702 2862 769 τῷ
2891 697 3008 752 κατ’
3055 696 3222 765 αὐτὴν
3271 697 3560 771 κατόπτρῳ
3600 695 3845 770 ἐχούσης

2191 779 2603 856 ἐκλάμπουσαν,
2651 787 2739 841 καὶ
2783 791 2863 860 τῷ
2909 794 3008 856 τῆς
3064 790 3278 862 μορφῆς
3325 785 3489 841 αὐτοῦ
3518 785 3717 841 κάλλει
3751 805 3847 840 κο-

2188 878 2438 944 σμεῖσθαι
2483 875 2770 947 θελούσης.
2803 876 2997 949 Διόπερ
3051 874 3485 951 ἀσφαλιζόμενος
3530 875 3704 944 αὐτῆς
3746 876 3849 942 τὴν

2189 964 2374 1038 ψυχὴν
2425 965 2452 1019 ὁ
2501 967 2814 1043 σοφώτατος
2870 965 3037 1041 λόγος
3089 963 3274 1042 φησίν.
3327 965 3449 1020 Ἐὰν
3499 969 3718 1037 πνεῦμα
3747 967 3849 1018 τοῦ

2191 1052 2594 1124 ὲξουσιάζοντος
2654 1050 2827 1131 ἀναϐῇ
2876 1054 2963 1110 ἐπὶ
3033 1054 3110 1123 σε,
3169 1054 3333 1109 τόπον
3392 1075 3488 1110 σου
3551 1055 3628 1127 μὴ
3677 1055 3846 1130 ἀφῇς·

2184 1140 2329 1218 τίνα-ςε
2351 1145 2386 1212 ἠ
2419 1143 2753 1215 ἀνελθοόσης
2785 1151 2884 1214 τῆς
2931 1145 3048 1199 κατ’
3097 1143 3334 1214 ἐξουσίαν
3368 1143 3598 1212 ἐννοίας,
3641 1145 3676 1213 ἡ
3712 1164 3850 1221 φαν-

2187 1232 2344 1288 τασία
2381 1234 2574 1303 τόπον,
2620 1234 2800 1310 ὥσπερ
2843 1235 2893 1288 ἐν
2941 1235 3252 1309 κατόπτρῳ,
3287 1233 3536 1309 εὐροῦσα,
3580 1231 3672 1288 καὶ
3708 1229 3854 1305 μηδ-

2191 1322 2304 1384 ενὸς
2361 1325 2629 1396 παρόντος
2683 1325 2900 1402 ἐμφήνῃ
2962 1330 3063 1392 τῆς
3138 1322 3402 1398 ἁμαρτίας
3469 1323 3537 1377 τά
3611 1318 3849 1379 εἴδωλα.

2191 1410 2361 1468 Ἀλλά
2387 1420 2490 1474 πᾶς
2523 1414 2617 1486 μὲν
2667 1413 2858 1483 τόπος,
2908 1411 3090 1490 φησὶν,
3140 1411 3191 1466 ἐν
3242 1415 3309 1485 τῇ
3358 1415 3511 1486 ψυχῇ
3561 1418 3662 1479 τῆς
3705 1431 3852 1486 παρ’

2191 1501 2341 1566 θὲνου
2371 1509 2471 1572 τῆς
2502 1500 2678 1575 ὅψεως
2729 1505 2961 1579 Χριστοῦ
3011 1501 3419 1575 πεπληρώσθω.
3453 1497 3661 1570 Μηδεὶς
3696 1497 3755 1554 δὲ
3787 1500 3851 1554 τὸ

2190 1589 2418 1645 σύνολον
2467 1593 2636 1655 τόπος
2690 1590 2741 1645 ἐν
2815 1593 2951 1665 αὑτῇ
3012 1589 3368 1666 σχολαζέτω,
3423 1585 3545 1644 ἔνθα
3604 1583 3852 1643 ἀναϐᾶσα

2189 1681 2478 1756 περίεργος
2508 1675 2682 1735 ἔννοια
2735 1679 2903 1756 εὕροι,
2956 1679 3092 1735 ὅπου
3140 1681 3208 1734 τά
3256 1680 3452 1748 ἑαυτῆς
3487 1678 3851 1755 κατοπτρίζε-

2189 1790 2302 1828 ται.
2357 1768 2606 1839 Μηδενὸς
2649 1768 2762 1839 οὖν,
2795 1769 3070 1824 συνελόντι
3106 1771 3287 1846 φάναι,
3326 1769 3402 1840 μή
3431 1768 3734 1843 παρόντος,
3768 1769 3847 1840 μὴ

431 1859 544 1915 nisi
578 1858 767 1914 sancti
796 1857 986 1929 ipsius
1007 1856 1210 1929 sponsi
1239 1873 1251 1910 :
1285 1872 1390 1912 nec
1416 1854 1538 1911 ulla
1567 1855 1682 1911 alia
1703 1857 1907 1921 forma,
1934 1872 2080 1927 prae-

2198 1858 2425 1921 ἀπόντος
2469 1859 2758 1934 ἀνθρώπου
2806 1859 3107 1930 κάτοπτρον
3157 1855 3294 1912 ἔστω
3342 1859 3376 1927 ἡ
3428 1864 3526 1927 τῆς
3574 1858 3850 1932 παρθένου

428 1952 518 2004 ter
546 1948 697 2003 hanc
744 1947 954 2014 solam,
1004 1946 1064 2000 in
1097 1963 1164 2001 ea
1214 1945 1651 2017 conspiciatur;
1703 1963 1808 2001 nec
1849 1944 1952 2000 ulli
1984 1944 2082 2000 alii

2198 1948 2368 2022 ψυχὴ,
2401 1947 2437 2016 ἢ
2465 1953 2562 2002 τοῦ
2590 1947 2749 2023 ἁγίου
2793 1947 2959 2012 αὐτῆς
3005 1948 3266 2020 νυμφίου·
3307 1943 3551 2019 μηδεμία
3602 1943 3660 2000 δὶ
3692 1944 3845 2015 ἄλλη

431 2037 738 2110 speculum
771 2036 979 2092 animas
1006 2035 1268 2090 studiose
1297 2036 1579 2106 detergat,
1614 2035 1728 2090 nisi
1759 2050 1997 2106 sponso,
2022 2036 2087 2088 ut

430 2126 491 2180 in
523 2141 589 2180 eo
614 2125 858 2198 propria;
879 2123 1339 2197 pulchritudinis
1361 2123 1616 2195 speciem
1637 2126 2084 2194 repraesentans,

431 2215 663 2270 beatam
710 2214 874 2270 illam
924 2211 1154 2268 efﬁciat.
1209 2212 1354 2267 Nam
1399 2212 1448 2267 si
1480 2211 1611 2282 quis
1660 2211 1998 2267 mortalium
2026 2210 2087 2264 in

433 2303 545 2361 hoc
576 2303 813 2376 speculo
845 2302 1046 2359 oculos
1077 2302 1312 2374 deﬁgat,
1349 2317 1586 2358 necesse
1616 2306 1704 2358 est
1733 2305 1799 2357 ut
1828 2317 1996 2357 mens
2027 2299 2086 2354 in

435 2392 597 2449 illius
655 2394 853 2448 forma:
911 2392 1403 2463 contemplatione
1458 2395 1758 2463 occupata,
1834 2392 2088 2463 priorem

438 2481 643 2553 sponsi
673 2481 920 2536 formam
951 2480 1361 2536 absconditam
1392 2483 1448 2536 et
1476 2479 1804 2536 elabentsm
1846 2478 2088 2534 minime

430 2570 556 2640 jam
577 2569 1023 2641 contempletur.
1041 2570 1548 2635 Quemadmodum
1566 2573 1762 2624 autem
1781 2569 1882 2639 qui
1901 2567 2091 2624 adhae-

438 2662 526 2713 ret
555 2657 867 2730 meretrici,
922 2675 1104 2714 unum
1156 2675 1369 2730 corpus
1407 2662 1533 2726 est;
1567 2657 1648 2712 ita
1691 2657 1787 2728 qui
1832 2657 2090 2714 adhaeret

439 2747 708 2816 Domino,
736 2765 889 2804 unus
911 2752 1002 2804 est
1031 2747 1276 2820 spiritus
1308 2764 1442 2803 cum
1473 2746 1572 2802 illo
1593 2747 1658 2813 ³⁷,
1683 2746 1943 2817 corporis
1961 2747 2088 2818 qui-

441 2839 573 2895 dem
605 2839 1144 2911 perturbationibus
1175 2842 1550 2910 expurgatus,
1581 2838 1775 2893 anima
1797 2841 1996 2894 autem
2029 2837 2088 2893 in

325 2927 328 2930 ’
441 2928 708 2984 eamdem
739 2929 939 2985 formae
972 2927 1240 3002 signatus
1273 2927 1793 2999 pulchritudinem.

505 3205 594 3259 50.
629 3204 831 3274 Neque
861 3203 1001 3259 dum
1031 3202 1321 3275 virginem
1353 3203 1425 3258 ad
1467 3219 1664 3258 veram
1692 3201 2086 3274 virginitatem

439 3292 736 3360 ducimus,
767 3309 836 3348 ex
864 3291 1066 3364 sponsi
1097 3290 1363 3362 exemplo
1394 3291 1717 3362 nuptialem
1749 3291 1800 3345 ei
1830 3290 2084 3361 aliquam

441 3379 857 3452 cogitationem
877 3379 1214 3451 injicimus;
1247 3379 1347 3434 sed
1378 3395 1447 3434 ex
1467 3377 1822 3434 matrimonii
1845 3379 2090 3449 conjun-

441 3467 655 3534 ctione,
688 3467 897 3523 animae
928 3466 1232 3522 rationalis
1255 3483 1388 3521 cum
1407 3466 1520 3522 Deo
1537 3467 1721 3522 Verbo
1739 3467 2094 3538 conjunctio-

443 3573 577 3613 nem
609 3557 904 3628 sapienter
955 3557 1452 3613 demonstremus.
1509 3557 1660 3611 068
1702 3558 2118 3622 Quemadmo-

445 3647 585 3702 dum
599 3647 753 3702 enim
771 3663 1014 3718 corpora
1029 3663 1130 3718 per
1142 3645 1466 3718 nuptialem
1490 3646 1960 3715 conjunctionem
1974 3662 2096 3702 eas-

443 3736 576 3791 dem
602 3734 932 3807 voluptates
963 3739 1020 3792 et
1050 3734 1524 3808 perturbationes
1556 3740 1613 3791 et
1659 3737 2092 3808 corruptionem

443 3824 817 3897 participant,
852 3840 986 3880 cum
1019 3824 1078 3879 in
1124 3823 1423 3897 voluptate
1471 3827 1529 3880 et
1557 3825 2096 3897 perturbationibus

443 3917 500 3970 et
527 3913 876 3970 concubitus
925 3913 1300 3986 corruptione
1349 3931 1453 3986 per
1500 3914 1993 3986 conspirationem
2025 3915 2096 3970 ad

444 4003 555 4060 hoc
603 4020 752 4077 opus
799 4006 1128 4070 versantur,
1163 4003 1244 4059 ita
1294 4005 1351 4060 et
1399 4002 1701 4060 rationalis
1751 4004 1949 4059 anima
1995 4020 2098 4076 per

447 4093 783 4166 sponsalem
834 4110 968 4150 cum
1021 4097 1136 4148 Deo
1177 4092 1373 4160 .Verbo
1433 4091 1931 4163 conjunctionem,
1984 4093 2097 4146 vir-

446 4185 592 4254 tute,
623 4182 1061 4254 incorruptione
1091 4185 1146 4237 et
1173 4181 1520 4237 vitiosorum
1551 4181 1868 4238 atfectuum
1897 4181 2096 4237 vacui-

446 4275 567 4329 tate
600 4271 923 4342 perfruitur
952 4272 1012 4326 in
1061 4269 1305 4341 Spiritu,
1355 4274 1422 4325 ut
1451 4269 1560 4324 hac
1597 4269 1887 4325 vacuitate
1917 4274 1974 4325 et
2014 4270 2100 4326 in-

448 4361 824 4431 corruptione
872 4375 977 4432 per
1005 4359 1295 4415 sinceram
1328 4357 1428 4413 Dei
1472 4357 1639 4415 Verbi
1681 4357 1741 4413 in
1785 4373 1853 4414 ea
1883 4359 2099 4416 sancti-

449 4450 679 4506 ﬁcanda
728 4449 1223 4523 conspirationem
1277 4465 1426 4521 pura
1466 4449 1694 4506 evadat.
1739 4449 1928 4513 Quare
1954 4450 2098 4524 {eam

2197 2039 2380 2111 μορφὴ
2429 2035 2479 2090 ἐν
2519 2037 2689 2111 ταύτῃ
2742 2035 2976 2110 ὁράσθω,
3026 2034 3062 2104 ἢ
3112 2033 3250 2109 μόνη
3298 2031 3496 2105 ἐκείνη·
3551 2031 3748 2107 μηδννὶ
3793 2031 3853 2088 δὲ

2196 2126 2361 2201 ἑτέρῳ
2390 2125 2452 2180 τὸ
2479 2129 2578 2190 τῆς
2608 2128 2793 2200 ψυχῆς
2840 2121 3102 2200 ἔσοπτρον
3143 2124 3274 2194 αὐτή
3329 2121 3650 2201 φιλοκάλως
3702 2144 3852 2195 σμη-

2195 2213 2363 2290 χέτω,
2398 2214 2433 2284 ἢ
2466 2213 2602 2269 ὥστε
2632 2213 2828 2270 ἰκεῖνον
2887 2213 3245 2287 ἐλλάμποντα
3283 2213 3462 2285 τούτῳ
3507 2217 3605 2266 τοῦ
3638 2211 3853 2266 οἰκείου

2195 2303 2436 2367 κάλλους
2483 2307 2582 2373 τὴν
2643 2303 2806 2375 ἰδέαν,
2867 2305 3132 2379 μακαρίαν
3189 2303 3357 2371 αὐτὴν
3413 2302 3854 2376 ἀπεργάζεσθαι.

2198 2395 2316 2449 Έάν
2350 2395 2452 2469 γάρ
2482 2397 2590 2448 τῶν
2635 2395 2844 2464 θνητῶν
2891 2415 2975 2456 τις
3023 2397 3102 2464 τῷ
3145 2392 3434 2466 κατόπτρῳ
3478 2389 3660 2462 τούτῳ
3691 2389 3858 2466 ἐγκύ-

2196 2506 2325 2558 πτη,
2357 2483 2560 2559 ἀνάγκη
2597 2485 2715 2556 περὶ
2749 2485 2848 2553 τὴν
2895 2483 3016 2538 θὲαν
3047 2484 3144 2550 τῆς
3193 2480 3392 2536 τούτου
3430 2486 3646 2557 μορφῆς
3682 2480 3854 2554 ἀσχο-

2199 2572 2472 2646 λουμὲνην
2503 2572 2595 2626 τὸν
2644 2576 2792 2640 νοῦν,
2821 2573 2920 2640 τὴν
2971 2571 3236 2646 προτέραν
3284 2570 3379 2624 τοῦ
3424 2567 3664 2645 νυμφίου
3714 2587 3855 2642 μορ-

2199 2665 2306 2740 φὴν
2365 2661 2836 2736 ἱπικεκρυμμὲνην
2889 2659 3279 2732 ὑπεξελθοῦσαν
3340 2656 3533 2712 λοιπὸν
3588 2653 3855 2730 μηδαμοῦ

2200 2755 2441 2825 θεωρεῖν.
2495 2749 2583 2810 Ὠς
2643 2746 2699 2802 δὲ
2752 2749 2779 2802 ὁ
2831 2745 3188 2820 κολλώμενος
3243 2750 3310 2820 τῇ
3370 2745 3542 2822 πόρνῃ
3590 2743 3641 2799 ἔν
3690 2745 3855 2817 σῶμά

2200 2837 2364 2906 ἐστιν,
2398 2836 2570 2900 οὕτως
2603 2838 2631 2893 ὁ
2661 2835 3020 2910 κολλώμενος
3071 2840 3151 2908 τῷ
3199 2834 3380 2909 Κυρίῳ
3408 2834 3462 2888 ἓν
3497 2832 3709 2907 πνεῦμά
3739 2832 3853 2887 ἐστι

2198 2926 2395 3000 τούτῳ,
2443 2927 2509 2981 τά
2559 2927 2651 3000 μὶν
2703 2926 2955 2998 σώματος
3002 2925 3147 2996 πάθη
3198 2923 3618 2997 κεκαθαρμᾶνος,
3658 2923 3761 2991 τὴν
3799 2919 3856 2976 δὶ

2200 3019 2383 3091 ψυχὴν
2465 3016 2541 3078 εἲς
2612 3017 2675 3071 τὸ
2747 3014 2875 3070 αὐτὸ
2949 3017 3048 3084 τῆς
3121 3020 3337 3088 μορφῆς
3416 3012 3860 3090 σφραγισάμενος

2199 3103 2432 3167 κάλλος.

2272 3198 2363 3252 50.
2394 3194 2498 3250 Καὶ
2531 3193 2660 3270 οὐχὶ
2704 3194 2836 3267 πρὸς
2876 3194 2976 3262 τὴν
3027 3189 3196 3255 ὅντως
3241 3189 3526 3265 παρθενίαν
3580 3190 3682 3257 τῆν
3715 3209 3859 3262 παρ-

2205 3285 2355 3348 θένον
2407 3283 2714 3358 ἀνάγοντες,
2762 3279 2850 3336 διὰ
2891 3285 2988 3336 τοῦ
3033 3281 3170 3336 κατά
3213 3281 3306 3335 τὸν
3349 3277 3582 3357 νυμφίον
3631 3275 3861 3358 ὑποδείτ

2199 3395 2407 3450 γματος
2435 3375 2678 3448 γαμικήν
2727 3393 2844 3426 τινα
2887 3366 3092 3426 ἔννοιαν
3138 3370 3274 3444 αὐτῇ
3323 3365 3683 3443 ἕμποιοῦμεν·
3729 3349 3866 3424 ἀλλ’

2201 3463 2307 3518 ἀπὸ
2335 3469 2435 3532 τῆς
2464 3464 2602 3517 κατὰ
2646 3463 2737 3517 τὸν
2777 3463 2953 3538 γάμον
3004 3461 3266 3529 ὲνώσεως,
3297 3460 3398 3528 τὴν
3437 3459 3573 3533 πρὸς
3600 3459 3692 3512 τὸν
3725 3457 3862 3512 Θεὸν

2203 3553 2375 3627 Λόγον
2423 3555 2522 3617 τῆς
2565 3549 2799 3628 λογικῆς
2853 3554 3039 3626 ψυχῆς
3083 3547 3276 3604 ἕνωσιν
3319 3552 3503 3622 σοφῶς
3540 3543 3865 3602 ὑποδείκνυ-

2207 3663 2325 3715 μεν.
2375 3644 2494 3696 ’Ότι
2546 3642 2620 3703 ὡς
2669 3641 2737 3696 τὰ
2794 3639 3022 3713 σώματα
3072 3642 3138 3713 τῇ
3192 3641 3401 3715 γαμικῇ
3441 3635 3700 3707 κοινωνία
3742 3641 3861 3690 τῶν

2204 3729 2375 3786 αῦτῶν
2411 3727 2620 3801 ἡδονῶν
2654 3731 2742 3784 καὶ
2785 3731 2971 3784 παθῶν
3011 3729 3102 3783 καὶ
3152 3732 3356 3803 φθορᾶς
3397 3731 3665 3793 κοινωνεῖ,
3700 3723 3751 3778 ἐν
3786 3729 3857 3797 τῇ

2204 3818 2377 3894 ἡδονῇ
2409 3819 2498 3876 καὶ
2545 3824 2662 3883 τοῖς
2689 3820 2901 3887 πάθεσι,
2934 3817 3023 3872 καὶ
3065 3819 3134 3890 τῇ
3165 3823 3268 3884 τῆς
3303 3815 3497 3889 μίξεως
3536 3815 3731 3892 φθορᾷ,
3767 3810 3860 3867 διὰ

2203 3917 2304 3980 τῆς
2332 3911 2468 3986 πρὸς
2514 3910 2615 3979 τὴν
2659 3908 2848 3984 πρᾶξιν
2901 3904 3201 3980 συμπνοίας
3249 3905 3527 3981 γινόμεναο
3577 3901 3720 3958 οὕτω
3763 3900 3860 3957 καὶ

2205 4002 2240 4069 ἡ
2282 3997 2477 4076 λογική
2513 3998 2688 4072 ψυχὴ,
2709 3997 2779 4072 τῇ
2803 3997 2939 4072 πρὸς
2961 3997 3054 4050 τὸν
3088 3995 3215 4050 Θεὸν
3244 3995 3415 4068 Λόγον
3444 3991 3687 4070 νυμφικῇ
3732 4013 3859 4046 κοι-

2205 4087 2393 4159 νωνίᾳ,
2437 4087 2632 4162 ἀρετῆς
2660 4087 2749 4140 καὶ
2799 4083 3098 4162 ἀφθαρσίας
3144 4082 3234 4137 καὶ
3282 4081 3539 4143 ἀπαθείας
3587 4087 3685 4149 τῆς
3716 4079 3860 4150 ἀλη-

2208 4181 2333 4242 θοῦς
2388 4175 2741 4232 ἀπολαύσειεν
2798 4175 2848 4230 ἐν
2907 4172 3195 4246 Πνεύματιο
3244 4169 3337 4225 ’ίνα
3386 4169 3454 4244 τῇ
3499 4169 3732 4241 ἀπαθείᾳ
3769 4168 3863 4223 καὶ

2205 4265 2274 4341 τῇ
2299 4265 2587 4345 ἀφθαρσίᾳ,
2641 4263 2729 4319 διὰ
2775 4270 2876 4334 τῆς
2915 4263 2973 4318 ἐκ
3021 4262 3116 4316 τοῦ
3167 4265 3301 4316 Θεοῦ
3349 4260 3524 4334 Λόγου
3581 4258 3721 4333 πρὸς
3765 4260 3863 4313 τὸν

2207 4356 2471 4434 ἀγιασμὸν
2555 4353 2717 4410 αὐτοῦ
2791 4351 3152 4428 ἀνυποκρίτου
3229 4347 3530 4423 συμπνοίας
3567 4391 3582 4418 ,
3650 4347 3865 4423 καθαρὰ

2207 4446 2447 4524 γενηται.
2483 4445 2574 4500 Διὸ
2605 4445 2703 4513 τήν
2739 4443 2958 4518 Χριστῷ
2989 4438 3077 4496 διὰ
3106 4446 3204 4510 τῆς
3235 4439 3372 4494 κατὰ
3413 4439 3513 4506 τὴν
3564 4434 3862 4524 παρθενίαν

449 4555 576 4611 quas
607 4539 835 4596 Christo
884 4556 988 4613 per
1031 4537 1386 4613 virginitatis
1415 4538 1867 4612 promissionem
1916 4523 2087 4614 θορυ-

2211 4523 2560 4611 ὗποσχέσεως
2619 4531 2980 4608 ἁρμοσθεῖσαν
3018 4572 3031 4598 ,
3087 4529 3160 4591 ὡς
3215 4525 3275 4582 ἂν
3334 4525 3493 4596 σοφία
3556 4525 3646 4580 καὶ
3707 4523 3863 4614 Δόγω

449 4627 571 4686 lata
599 4632 711 4700 est,
757 4633 824 4687 ut
865 4611 989 4703 qua:
1039 4611 1342 4702 sapientiae
1395 4611 1451 4686 et
1488 4629 1670 4688 Verbo
1723 4611 2087 4704 semetipsan:

2211 4625 2402 4693 ἑαυτὴν
2463 4621 2551 4678 διὰ
2614 4621 2735 4698 βίου
2784 4618 3180 4699 νυμφεύουσαν,
3236 4616 3409 4694 σοφὴν
3455 4611 3861 4704 προσήκεικαὶ

452 4736 556 4792 per
583 4721 765 4775 totam
796 4702 986 4777 Jvitam
1038 4719 1432 4793 desponderit,
1463 4720 1786 4794 sapientem
1831 4702 2087 4778 con—venit

2209 4713 2452 4794 ἔμφρονα
2499 4714 2651 4768 εἶναι·
2686 4713 2865 4782 πάσης
2915 4711 3008 4785 μὲν
3062 4706 3285 4784 ἀλογίας
3329 4725 3388 4760 τε
3417 4705 3502 4794 καὶ
3546 4702 3862 4794 ἀφροσύνης

452 4824 519 4863 ac
548 4809 897 4881 prudentem
929 4826 1080 4882 esse,
1119 4792 1202 4866 ita
1232 4813 1297 4864 ut
1326 4792 1806 4882 omnis‘quidem
1837 4811 2087 4868 stultitia

2205 4806 2269 4862 τὸ
2297 4792 2520 4880 αἶ’σχος
2574 4799 2663 4857 διὰ
2720 4803 2982 4876 συνεχοῦς
3026 4804 3127 4867 τῆς
3158 4795 3210 4852 ἐν
3259 4797 3375 4857 τοῖς
3413 4793 3580 4856 θείοις
3617 4792 3861 4866 μελέτης

451 4901 510 4953 et
537 4896 891 4970 insipientia)
920 4899 1348 4973 turpitudinem
1367 4900 1645 4957 continua
1665 4917 1858 4958 rerum
1885 4901 2087 4958 divina

2210 4889 2605 4965 ἒκϐάλλουσαν,
2637 4895 2714 4964 τῷ
2747 4887 2804 4946 δὲ
2829 4892 2929 4958 τῆς
2961 4885 3152 4966 σοφίας
3181 4882 3475 4973 κάλλει,ιῇΔ
3498 4883 3735 4954 ἥνωται,
3763 4884 3858 4938 τὸν

451 5003 582 5043 rum
614 4988 990 5046 meditatione
1022 4971 1243 5061 ejiciat,
1279 4989 1577 5062 sapientia;
1608 4995 1805 5046 autem
1835 4989 2087 5063 pulchri-

2207 4989 2331 5042 νοῦν
2381 4981 2784 5058 κοσμουμένην.
2841 4974 3063 5046 Ἐπειδὴ
3123 4973 3176 5030 εἷ’
3225 4995 3352 5063 τινι
3392 4971 3550 5045 ἄλλῳ
3597 4973 3862 5063 μακαρίῳ

448 5076 674 5145 tudine,
707 5078 801 5134 cui
832 5060 1148 5151 conjunCta
1173 5082 1283 5147 est,
1315 5060 1572 5136 mentem
1593 5060 1854 5136 exornet:
1880 5079 2025 5136 Nam
2049 5081 2087 5135 si

2209 5071 2495 5130 σπεύδοντι
2525 5072 2681 5143 εἶναι,
2711 5071 2778 5144 τῇ
2829 5071 2924 5123 τοῦ
2977 5067 3213 5143 Χριστοῦ
3266 5062 3502 5139 μάλιστα
3546 5060 3735 5140 νύμφῃ
3766 5061 3864 5151 ἀρ-

445 5165 541 5223 cui
572 5167 672 5223 alii
702 5167 874 5225 beato
906 5185 1034 5225 esse
1065 5169 1380 5242 exoptanti,
1411 5168 1620 5225 Christi
1652 5186 1878 5241 sponsa
1915 5170 2087 5225 maxi-

2213 5163 2538 5239 μόττει,τᾶς
2584 5158 2672 5215 διὰ
2700 5164 2805 5215 τῶν
2859 5157 3159 5227 αἲσθήσεων
3208 5161 3306 5225 τῆς
3354 5155 3538 5228 ψυχῆς
3590 5149 3863 5242 ἐνεργρίας

447 5271 542 5313 me
571 5257 864 5329 convenit,
898 5258 1109 5314 animas
1157 5257 1549 5330 operationes,
1596 5273 1722 5328 qum
1756 5275 1859 5330 per
1887 5275 2087 5314 sensu:

2210 5254 2315 5310 ἀπὸ
2343 5256 2451 5309 τῶν
2481 5248 2676 5324 ἓξωθεν
2735 5246 2822 5304 ἐπὶ
2869 5247 2938 5303 τὰ
2981 5242 3088 5302 ἓσω
3138 5243 3270 5306 ὅλας
3320 5243 3435 5317 (97)
3467 5241 3717 5330 συνήθως
3742 5238 3864 5330 ἄπι-

449 5343 620 5413 fiunt,
654 5363 688 5402 a
717 5348 894 5404 rebus
937 5329 1213 5404 externis
1243 5347 1313 5403 ad
1342 5347 1625 5402 interiora
1671 5329 1906 5404 omnino
1937 5364 2087 5404 revo-

2209 5341 2530 5418 στρέψασαν,
2574 5343 2654 5412 τῷ
2709 5338 2802 5412 μὶν
2840 5333 3061 5415 νυμφίῳ
3111 5333 3164 5390 ἰν
3214 5329 3736 5418 ἀπορῥήτοιςῗκατά
3769 5329 3864 5384 τὸν

449 5439 703 5505 cantem,
729 5453 863 5492 cum
895 5453 1112 5508 spono
1133 5438 1191 5492 in
1215 5435 1443 5492 arcanis
1477 5434 1692 5492 mentis
1713 5435 2013 5505 thalamis,
2036 5441 2087 5493 u1

2207 5415 2332 5491 νοῦν
2352 5415 2612 5502 παστοῖς,
2657 5428 2734 5494 ὡς
2768 5430 2886 5499 Θεῷ
2929 5425 3090 5502 Λόγῳ
3135 5421 3219 5478 ἀεὶ
3271 5418 3517 5495 ὁμιλεῖν,
3563 5417 3619 5475 ἐν
3674 5415 3734 5474 δὶ
3778 5422 3861 5491 τῷ

518 5541 563 5577 ³⁸
592 5541 779 5599 Eccle.
811 5559 868 5611 ι,
900 5543 953 5599 4.
1033 5543 1078 5579 ³⁷
1107 5546 1131 5597 Ι
1161 5545 1287 5599 Cor.
1318 5557 1395 5611 v1,
1429 5541 1515 5613 16,
1545 5541 1632 5597 17.

521 5649 632 5720 (96)
660 5648 860 5720 Μάνου.
889 5651 981 5708 Sic
1028 5666 1169 5708 mss.
1202 5653 1260 5708 et
1305 5647 1482 5707 editio
1512 5647 1751 5709 Veneta.
1802 5649 2089 5710 Parisien-

451 5648 860 5792 giSG‘idhvdjru.
889 5651 981 5708 Sic
1028 5666 1169 5708 mss.
1202 5653 1260 5708 et
1305 5647 1482 5707 editio
1512 5647 1751 5746 Veneta.
1802 5649 2087 5710 Parisien-

2272 5648 2384 5724 (97)
2414 5646 2607 5713 Ὀλας.
2641 5647 2737 5705 Sic
2780 5661 2936 5706 unus
2966 5659 3035 5702 ex
3065 5637 3263 5717 Regiis
3301 5637 3605 5699 codicibus
3636 5636 3858 5698 melius

2208 5735 2388 5792 quam
2417 5721 2580 5792 editi,
2609 5717 2734 5781 ὅλα.

2208 5717 2388 5798 quam
2417 5721 2580 5792 editi,
2609 5717 2734 5781 ὅλα.
