4134 6224
313 351 438 416 769

1535 349 1770 415 LIBER
1810 349 1914 418 DE
1957 345 2492 411 VIRGINITATE.

3602 355 3723 419 ’ΠΟ

307 481 464 556 νόμῳ
514 481 677 538 αὐτου
735 482 963 556 μελετᾷν
1018 483 1230 560 ἡμέρας
1288 483 1378 538 καὶ
1436 481 1647 544 νυκτός⁶
1679 478 1769 536 καί
1836 483 1958 542 τοῖς

2074 493 2202 533 cum
2241 478 2351 534 Deo
2383 479 2592 544 Verbo,
2619 494 2854 551 semper
2879 481 3121 554 versari,
3153 485 3211 539 et
3238 483 3298 539 in
3328 485 3457 556 ejus
3488 487 3581 544 die
3609 504 3716 546 no-

310 572 406 647 μὶν
464 578 878 650 νυμφαγωγοῖς,
908 572 1065 647 νόμῳ
1119 594 1198 646 τε,
1259 571 1426 650 φημὶ,
1457 572 1546 627 καὶ
1605 567 1954 645 Εὖαγγελίῳ,

303 663 392 716 καὶ
428 659 578 726 εἷ’τις
602 661 817 725 τούτοις
844 659 954 718 ἐστί
992 661 1292 736 σύμπνους,
1322 662 1384 716 τὸ
1427 661 1635 723 κάλλος
1680 664 1776 714 τοῦ
1823 679 1958 731 νυμ-

305 750 434 822 φίου
468 747 918 827 ὲκδιηγουμὲνοις
956 751 1346 832 εὐφραίνεσθαι·
1379 756 1501 813 ταῖς
1533 748 1590 805 δὲ
1635 754 1731 804 τοῦ
1781 748 1956 824 Λόγου

309 841 486 916 ἁγίαις
515 843 622 894 τῶν
659 842 950 914 νοημάτων
1001 846 1206 918 γοναῖς,
1241 839 1471 917 λογικήν
1521 840 1607 894 καὶ
1658 839 1829 916 σοφὴν
1875 837 1954 891 ἀεὶ

304 931 395 986 καὶ
445 928 657 1005 μᾶλλον
710 931 1071 1006 εὑρίσκεσθαι,
1104 931 1266 1005 ἄχρις
1319 927 1378 984 ἂν
1423 933 1490 1004 τῇ
1539 929 1674 1006 πρὸς
1717 929 1814 997 τήν
1868 946 1957 980 σο-

307 1020 429 1096 φίαν
461 1020 567 1090 ὅλη
601 1017 670 1074 δι’
703 1018 836 1075 ὅλου
864 1021 1074 1090 ἑνώσει,
1105 1019 1160 1075 ἓν
1192 1020 1371 1092 τούτῳ
1415 1020 1459 1092 ᾦ
1488 1017 1821 1089 κεκόλληται
1870 1037 1962 1091 γι-

305 1112 535 1184 νομένη,
570 1110 676 1164 ἀπὸ
712 1110 804 1183 μὲν
842 1111 1080 1187 φθαρτοῦ
1133 1107 1419 1185 ἄφθαρτος,
1453 1108 1557 1164 ἀπὸ
1611 1105 1669 1162 δὲ
1717 1108 1960 1180 ἀμαθοῦς

307 1199 557 1278 ἔμφρων,
589 1220 670 1270 τε,
695 1199 867 1274 φημὶ,
898 1197 986 1254 καὶ
1021 1199 1160 1278 σοφὴ
1191 1200 1264 1261 ὡς
1293 1197 1502 1275 πλευρὰ
1542 1202 1639 1253 τοῦ
1685 1196 1863 1272 Λόγου
1915 1197 1960 1268 ᾧ

307 1289 618 1360 ἐκολλήθη,
649 1288 740 1344 καὶ
775 1287 1057 1344 συνελόντι
1109 1289 1293 1366 φάναι,
1337 1289 1442 1342 ἀπὸ
1493 1287 1782 1362 ἀνθρώπου
1833 1286 1962 1348 Θεὸς

311 1377 591 1447 ἀθάνατος,
639 1378 712 1440 ὡς
760 1376 966 1440 ἐκεῖνος
1015 1376 1060 1450 ᾧ
1119 1377 1347 1446 ἥνωται,
1389 1381 1508 1439 τοῖς
1554 1381 1716 1430 πᾶσιν
1749 1371 1960 1429 ἀναδει-

312 1469 446 1545 χθῇ.
482 1468 570 1529 Ὡς
622 1467 723 1542 γὰρ
775 1467 804 1521 6
848 1466 1079 1544 νυμφίος
1138 1465 1306 1535 αὐτῆς
1360 1464 1675 1522 καταλιπὼν
1736 1463 1962 1540 θρόνους

314 1556 404 1612 καὶ
458 1555 788 1631 κυριότητας
842 1557 980 1610 κατὰ
1047 1555 1108 1610 τὸ
1156 1556 1348 1626 θνητὸν
1401 1553 1706 1626 ἐκολλήθη,
1760 1551 1852 1608 *ίνα
1907 1551 1958 1608 ἐν

311 1646 446 1720 αὖτῇ
478 1644 614 1700 κατὰ
664 1644 999 1717 συμπάθειαν
1051 1644 1314 1721 γεγονὼς,
1347 1644 1422 1708 εἷς
1482 1645 1741 1699 ἀπάθειαν
1799 1642 1963 1711 αὐτὴν

310 1738 409 1805 τὴν
450 1736 642 1790 ἑαυτοῦ
690 1729 987 1808 μεταϐάλῃ·
1040 1733 1184 1790 οὕτω
1223 1734 1312 1789 καὶ
1370 1733 1504 1805 αὕτη
1548 1732 1628 1806 τῷ
1677 1730 1746 1787 δι’
1798 1731 1964 1800 αὐτὴν

2066 573 2282 640 ctuque
2312 566 2437 639 lege
2495 567 2788 639 meditari,
2820 572 2876 624 et
2919 570 3226 642 pronubis,
3259 571 3447 646 legem
3504 576 3632 633 dico
3664 583 3721 634 et

2068 656 2447 728 Evangelium
2492 662 2549 712 et
2600 657 2649 711 si
2699 657 2832 728 quis
2882 658 3036 716 alius
3084 677 3218 716 cum
3270 661 3355 718 eis
3403 667 3723 738 consentit,

2066 745 2568 818 pulchritudinem
2617 747 2821 818 sponsi
2873 750 3289 808 enarrantibus
3324 752 3626 821 delectari,
3663 771 3730 810 ac

2069 835 2290 892 sanctis
2337 835 2510 891 Verbi
2561 836 2979 908 cogitationum
3030 839 3242 895 fetibus
3281 841 3628 898 rationalem
3661 859 3729 899 ac

2069 925 2395 997 sapientem
2420 941 2652 996 semper
2673 925 2860 998 magis
2893 927 3198 1000 magisque
3229 930 3475 986 inveniri
3502 952 3515 1000 ;
3543 933 3727 989 donec

2070 1018 2250 1070 totam
2287 1030 2348 1069 se
2379 1031 2512 1068 cum
2538 1017 2659 1069 tota
2688 1015 2974 1086 sapientia
3005 1019 3591 1090 conjungens,unum
3627 1022 3732 1078 ﬁat

2071 1120 2204 1158 cum
2235 1119 2300 1159 eo
2349 1103 2442 1159 cui
2474 1103 2749 1172 adhaeret,
2779 1108 2956 1177 atque
3006 1123 3072 1162 ex
3113 1108 3478 1181 corruptibili
3533 1111 3731 1167 incor-

2071 1191 2391 1264 ruptibilis,
2442 1209 2510 1248 ex
2559 1193 2831 1264 imperita
2886 1196 3168 1266 prudens,
3221 1197 3490 1269 inquam,
3522 1217 3588 1255 ac
3633 1218 3730 1256 sa-

2071 1281 2256 1354 piens,
2289 1279 2447 1336 velut
2472 1285 2634 1336 costa
2671 1281 2844 1338 Verbi
2867 1285 2959 1339 cui
2983 1285 3260 1353 adhaeret,
3293 1305 3358 1343 ac
3382 1305 3498 1344 uno
3528 1289 3728 1357 verbo,

2069 1387 2136 1426 ex
2155 1369 2393 1425 homine
2419 1371 2958 1443 Deusimmortalis,
2984 1378 3268 1446 tanquam
3295 1375 3392 1432 ille
3416 1378 3510 1432 cui
3531 1377 3730 1434 adhae-

2070 1466 2177 1529 ret,
2213 1459 2489 1515 omnibus
2539 1460 2824 1516 videatur.
2859 1462 2985 1518 Non
3030 1465 3532 1535 quemadmodum
3565 1466 3728 1526 illius

2071 1567 2349 1620 sponsus,
2382 1549 2600 1605 relictis
2642 1550 2871 1606 thronis
2903 1555 2959 1606 et
3009 1552 3534 1626 dominationibus,
3567 1556 3731 1615 illius

2074 1638 2412 1694 mortalitati
2444 1637 2852 1710 agglutinatus
2882 1644 2996 1708 est,
3030 1645 3094 1696 ut
3125 1659 3310 1698 unum
3342 1660 3478 1699 cum
3507 1644 3610 1700 illa
3625 1662 3733 1717 per

2073 1727 2386 1784 affectuum
2423 1727 2761 1784 societatem
2795 1729 3009 1799 factus,
3043 1747 3170 1786 eam
3216 1736 3642 1789 transmutaret
3669 1734 3730 1789 in

313 1822 740 1898 ἀπεκδυσαμὲνῳ
793 1823 886 1885 τὰς
947 1823 1122 1898 ἀρχὰς
1182 1823 1272 1877 καὶ
1331 1821 1592 1896 ἐξουσίας,
1624 1820 1715 1876 καὶ
1775 1821 1960 1876 ἑαυτὸν

2074 1834 2241 1873 suam
2271 1817 2460 1890 ipsius
2485 1817 2800 1873 affectuum
2824 1819 3176 1875 vacuitatem
3204 1839 3217 1890 ;
3255 1821 3336 1876 ita
3355 1826 3411 1876 et
3439 1821 3569 1894 ipsa
3603 1823 3732 1894 ejus

316 1915 419 1969 ἀπὸ
476 1919 693 1991 μορφῆς
745 1916 878 1988 Θεοῦ
928 1911 1004 1974 εἰς
1059 1913 1273 1988 μορφὴν
1327 1910 1528 1966 δούλου
1589 1909 1677 1966 διὰ
1732 1910 1794 1965 τὸ
1843 1908 1966 1983 περὶ

319 2004 418 2071 τὴν
466 2003 686 2077 νύμφην
748 2000 975 2080 φίλτρον
1033 2001 1348 2071 κενώσαντι,
1406 2001 1541 2055 κατά
1588 2002 1649 2055 τὸ
1708 2001 1968 2056 ἀθάνατον

321 2089 691 2161 κεκολλῆσθαι
723 2089 952 2168 ὀφείλει,
979 2088 1070 2144 ’ίνα
1099 2090 1190 2144 καὶ
1231 2090 1306 2152 εἰς
1353 2091 1445 2144 τὸν
1488 2089 1733 2166 οὐράνιον
1767 2090 1966 2144 παστὸν

322 2179 466 2252 αὐτῷ
521 2180 657 2254 πρὸς
713 2181 804 2234 τὸν
881 2178 1090 2255 Ηατέρα
1175 2179 1378 2234 ἀνιόντι
1445 2178 1764 2252 συνανὲλθῃ.
1821 2179 1968 2232 Ἀντὶ

317 2269 514 2324 τούτου
573 2269 699 2344 γὰρ,
754 2269 909 2346 φησί,
965 2266 1277 2343 καταλείψει
1360 2265 1641 2343 ἅνθρωπος
1711 2269 1800 2322 τὸν
1864 2288 1964 2322 πα-

315 2357 445 2434 τιρα
516 2357 678 2412 αὐτοῦ
753 2359 843 2412 καὶ
917 2358 1014 2427 τὴν
1097 2359 1326 2432 μητέρα,
1378 2357 1468 2412 καὶ
1535 2355 1969 2433 προσκολληθή-

318 2468 464 2502 σεται
521 2450 589 2520 τῇ
648 2446 864 2521 γυναικὶ
941 2446 1140 2516 αὐτοῦ,
1202 2446 1292 2501 καὶ
1359 2443 1567 2500 ἔσονται
1627 2447 1678 2500 οἱ
1737 2443 1831 2500 δύο
1891 2445 1967 2508 εἷς

321 2534 493 2610 σάρκα
539 2534 686 2608 μίαν.
718 2537 890 2610 ’Ὀπερ
949 2535 1262 2610 ἑρμηνεύων
1319 2536 1346 2590 6
1397 2535 1473 2599 εἷς
1525 2535 1816 2612 ἀφθαρσίαν
1881 2535 1967 2590 ἐπὶ

316 2623 475 2696 καλῷ
529 2622 1080 2697 προμνηστευόμενος
1137 2625 1352 2701 Χριστῷ
1407 2626 1508 2694 τὴν
1537 2623 1774 2702 νύμφην,
1810 2625 1962 2701 φησί·

313 2714 386 2767 Τὸ
446 2715 746 2789 μυστήριον
804 2717 964 2767 τοῦτο
1027 2713 1165 2786 μέγα
1223 2711 1370 2768 ἐστί’
1407 2711 1550 2788 λέγω
1609 2710 1666 2767 δὲ
1717 2713 1792 2774 εἷς
1838 2719 1966 2787 Χρι-

318 2803 442 2857 στὸν
501 2803 592 2857 καὶ
651 2802 728 2864 εἷς
779 2803 877 2872 τήν
931 2801 1280 2872 Ἐκκλησίαν.
1325 2803 1404 2859 Οὐ
1453 2802 1557 2877 γὰρ
1599 2801 1965 2872 κατελήλυθεν

320 2892 350 2946 6
408 2892 660 2965 Χριστὸς,
713 2888 806 2945 ’ἶνα
862 2889 1300 2960 προσκολληθεὶς
1354 2893 1422 2964 τῇ
1492 2889 1675 2968 νύμφῃ
1735 2889 1812 2954 είς
1865 2897 1965 2966 γῆν

320 2979 572 3052 ἀπομίνη
629 2981 760 3053 (98)·
802 2978 929 3035 ἀλλ’
970 2977 1061 3034 ’ίνα
1112 2974 1444 3056 παραλαϐὼν
1497 2981 1588 3034 καὶ
1649 2974 1970 3052 μεταϐαλὼν

323 3067 512 3139 αὐτὴν,
549 3068 608 3124 ἐκ
660 3075 764 3144 γῆς
807 3069 884 3131 εἱς
937 3067 1199 3143 οὐρανοὺς
1249 3067 1512 3144 ἀναγάγῃ.
1553 3068 1714 3138 Καὶὴ
1747 3071 1967 3144 Χριστῷ

317 3159 704 3232 νυμφευθεῖσα,
739 3157 868 3234 οὐχὶ
898 3158 1151 3228 Ἰωάννην
1190 3154 1305 3232 ἔχει
1356 3157 1492 3231 αὐτῇ
1539 3158 1673 3234 πρὸς
1722 3158 1787 3213 τὰ
1827 3179 1962 3230 νυμ-

2078 1905 2532 1973 immortalitati,
2566 1906 2665 1977 qui
2700 1911 2940 1978 propter
2970 1906 3131 1964 illam
3165 1910 3324 1965 exuit
3366 1911 3734 1984 principatus

2079 1998 2135 2050 et
2163 1999 2499 2065 potestates,
2531 1999 2587 2050 et
2616 1995 2999 2067 semetipsum
3034 2014 3102 2053 ex
3134 1998 3321 2054 forma
3369 1999 3471 2056 Dei
3511 2001 3582 2057 ad
3616 2001 3732 2057 for-

2078 2100 2235 2139 mam
2269 2083 2418 2139 servi
2451 2085 2522 2139 ob
2555 2100 2814 2141 amorem
2846 2102 3075 2157 sponsae
3107 2087 3426 2144 exinanivit
3454 2089 3732 2159 33,adhaa-

2077 2189 2204 2228 rere
2224 2172 2413 2242 debet,
2447 2176 2511 2227 ut
2536 2177 2594 2228 et
2622 2174 2681 2228 in
2715 2174 3004 2230 scelestam
3040 2176 3368 2232 thalamum
3401 2194 3532 2234 cum
3556 2196 3622 2235 eo
3654 2181 3727 2236 ad

2079 2261 2304 2317 Patrem
2365 2262 2714 2318 ascendente
2771 2263 2948 2319 simul
3009 2265 3306 2320 ascendat.
3350 2267 3579 2338 Propter
3633 2269 3730 2324 hoc

2078 2353 2246 2418 enim,
2280 2351 2494 2422 inquit,
2529 2353 2802 2423 relinquet
2833 2352 2992 2408 homo
3036 2362 3252 2425 patrem
3298 2371 3462 2410 suum
3504 2360 3558 2411 et
3603 2373 3724 2412 ma-

2077 2448 2233 2510 trem,
2264 2447 2316 2495 et
2341 2439 2654 2496 adhwrebit
2684 2443 2851 2497 uxori
2876 2451 3301 2514 malarumque
3331 2445 3440 2501 duo
3472 2447 3531 2500 in
3559 2461 3728 2502 carne

2076 2545 2191 2584 una
2221 2529 2285 2584 39.
2321 2529 2483 2596 Quod
2537 2529 2775 2602 quidem
2825 2531 3218 2604 interpretans
3269 2535 3342 2603 is,
3380 2535 3482 2606 qui
3534 2536 3604 2591 ad
3637 2535 3726 2592 in-

2077 2617 2514 2691 corruptionem
2573 2619 2806 2676 virtutis
2884 2639 3063 2678 causa
3117 2623 3442 2695 despondet
3495 2623 3726 2682 Christo

2077 2725 2379 2780 sponsam,
2433 2709 2558 2764 ait:
2597 2711 2934 2780 Mysterium
2989 2712 3088 2768 hoc
3142 2729 3401 2784 magnum
3451 2721 3578 2769 est:
3607 2714 3725 2770 dico

2077 2803 2264 2853 autem
2298 2799 2358 2854 in
2391 2797 2666 2853 Christum
2696 2806 2746 2854 et
2774 2800 2832 2854 in
2863 2799 3162 2857 Ecclesiam
3191 2802 3253 2856 ιο.
3288 2799 3412 2858 Non
3443 2803 3598 2858 enim
3634 2804 3731 2859 de-

2077 2887 2306 2942 scendit
2332 2885 2615 2955 Christus,
2649 2893 2712 2942 ut
2741 2889 3090 2960 conjunctus
3120 2906 3255 2944 cum
3287 2907 3505 2962 sponsa
3535 2907 3733 2948 mane-

2078 2980 2164 3030 ret
2193 2975 2253 3030 in
2285 2979 2462 3042 terra,
2490 2976 2591 3030 sed
2625 2979 2689 3030 ut
2718 2993 3028 3033 assumens
3075 2983 3130 3034 et
3159 2982 3567 3036 transmutans
3597 2997 3727 3038 eam

2077 3081 2108 3120 e
2129 3063 2302 3119 terris
2329 3065 2386 3118 in
2409 3062 2584 3120 coelos
2607 3065 2928 3120 reduceret.
2963 3066 3033 3120 Et
3053 3083 3179 3140 quae
3209 3067 3440 3124 Christo
3472 3070 3727 3143 despon-

2079 3159 2208 3209 sata
2236 3156 2345 3221 est,
2379 3168 2494 3207 non
2547 3157 2836 3209 Joannem
2869 3153 3059 3210 solum
3091 3155 3268 3212 habet
3300 3157 3412 3213 sibi
3444 3158 3516 3214 ad
3549 3175 3728 3232 spon-

317 3226 455 3325 φικά
504 3246 707 3321 λουτρά
753 3226 918 3320 μόνον
970 3226 1434 3322 ὑπηρετοιίμενον,
1466 3226 1612 3302 άλλᾶ
1659 3246 1747 3301 καὶ
1806 3226 1958 3323 ἀγγέ-

2075 3242 2224 3299 salia
2252 3241 2483 3297 lavacra
2513 3242 2968 3311 ministrantem,
2989 3244 3090 3300 sed
3122 3246 3298 3301 etiam
3335 3226 3725 3320 angelos—epi-

319 3334 454 3400 λους
510 3335 731 3409 ἀνιούσῃ
788 3333 862 3396 εἷς
910 3335 1009 3403 τήν
1055 3338 1152 3389 τοῦ
1203 3335 1409 3410 [ἰατρὸς
1454 3335 1630 3390 ἑστίαν
1657 3335 1746 3390 τὸν
1782 3335 1964 3400 ἆπιθα-

319 3425 522 3498 λάμιον
553 3421 796 3494 ᾅδοντας.
828 3426 1105 3501 ’Ἂφθορος
1136 3422 1225 3478 οὗν
1260 3424 1324 3478 οὐ
1354 3428 1422 3497 τῇ
1455 3425 1588 3499 πρὸς
1616 3425 1706 3478 τὸν
1759 3423 1961 3502 ἄφθαρ-

312 3534 407 3568 τον
441 3515 618 3588 Λόγον
649 3513 834 3569 ἒνώσει
865 3515 899 3583 ἡ
932 3514 1195 3588 παρθένος
1235 3515 1383 3586 μένει
1441 3514 1628 3587 μόνον,
1681 3511 1824 3568 ἀλλά
1871 3515 1960 3570 καὶ

316 3604 452 3675 μετὰ
480 3605 580 3672 τὴν
608 3598 797 3657 ἕνωσιν
831 3601 1060 3676 γίνεται.
1095 3601 1171 3659 Οὐ
1202 3603 1303 3678 γὰρ
1336 3603 1409 3664 ὼς
1459 3604 1486 3657 ὁ
1534 3607 1641 3658 τῶν
1692 3604 1959 3676 σωμάτων

309 3692 547 3768 νυμφίος
603 3693 700 3761 τὴν
754 3688 985 3769 ἄφθορον
1035 3691 1300 3766 παρθένον
1345 3694 1413 3764 τῇ
1461 3692 1752 3770 νυμφεύσει
1814 3691 1960 3771 φθεί-

319 3803 426 3858 ρων
485 3787 716 3858 γυναῖκα
767 3786 933 3836 ποιεῖ·
968 3779 1110 3835 οὕτω
1161 3781 1251 3835 καὶ
1310 3783 1337 3836 ὁ
1389 3786 1496 3836 τῶν
1554 3785 1748 3857 ψυχῶν
1801 3784 1958 3856 ἡμῶν

316 3870 549 3946 νυμφίος
599 3871 700 3939 τὴν
759 3867 997 3948 ἄφθορον
1027 3870 1210 3945 ψυχὴν
1245 3874 1314 3944 τῇ
1347 3871 1484 3946 πρὸς
1515 3870 1671 3925 αὐτὸν
1706 3870 1965 3942 κοινωνίᾳ

317 3958 550 4036 φθείρων
639 3957 984 4037 νυμφεύεται.
1049 3955 1204 4012 Ἀλλ’
1265 3958 1604 4036 ἐφθαρμένην
1691 3956 1778 4013 διὰ
1853 3964 1960 4013 τῶν

315 4052 586 4123 σαρκικῶν
617 4044 830 4117 ἡδονῶν
861 4048 1007 4124 παρά
1059 4043 1320 4102 διαϐόλου
1369 4042 1573 4118 λαϐὼν,
1599 4047 1687 4101 καὶ
1735 4053 1964 4121 γυναῖκα

311 4137 480 4192 αὐτοῦ
539 4133 626 4191 διὰ
671 4143 772 4205 τῆς
824 4137 1032 4212 φθορᾶς
1096 4140 1279 4197 κακῶς
1327 4134 1652 4210 γενομένην,
1701 4139 1767 4209 τῇ
1824 4136 1960 4212 πρὸς

310 4227 472 4282 αὐτὸν
506 4223 765 4296 κοινωνίᾳ
796 4223 1027 4303 ἄφθορον
1071 4224 1131 4280 ἐκ
1179 4225 1435 4298 γυναικὸς
1479 4225 1741 4300 παρθένον
1791 4229 1958 4282 ποιεῖ.

310 4317 526 4386 Ταύτην
584 4315 686 4390 γὰρ
743 4315 842 4383 τὴν
905 4315 1168 4387 μυστικὴν
1230 4312 1620 4389 νυμφαγωγίαν
1672 4316 1820 4387 ἡμᾶς
1871 4313 1960 4369 καὶ

312 4402 400 4460 διὰ
428 4407 525 4460 τοῦ
554 4405 839 4482 προφήτου
870 4399 1163 4476 παιδεύων,
1196 4403 1334 4478 πρὸς
1363 4403 1462 4471 τὴν
1512 4403 1702 4456 ἑαυτοῦ
1749 4403 1959 4481 νύμφην

308 4493 492 4571 φησίν.
554 4492 670 4549 Οὐκ
724 4494 798 4556 ὡς
849 4491 993 4546 οἶκόν
1049 4493 1164 4566 (99)
1213 4512 1278 4566 με
1319 4491 1575 4554 ὲκάλεσας
1615 4493 1705 4546 καὶ
1756 4492 1961 4567 πατέρα

2070 3331 2420 3389 thalamium
2456 3331 2512 3387 in
2548 3331 2735 3387 Patris
2775 3333 3017 3389 domum
3050 3336 3391 3392 ascendenti
3422 3342 3724 3394 canentes.

2072 3424 2416 3494 Incorrupta
2444 3419 2623 3492 igitur
2653 3438 2768 3480 non
2799 3420 2991 3478 solum
3035 3423 3194 3495 virgo
3227 3429 3549 3496 permanet,
3581 3426 3724 3482 dum

2071 3511 2452 3585 conjungitur
2500 3527 2634 3566 cum
2683 3510 3115 3583 incorruptibili
3146 3512 3357 3584 Verbo,
3389 3515 3490 3570 sed
3542 3514 3722 3572 etiam

2073 3605 2381 3672 postquam
2413 3601 2724 3672 conjuncta
2755 3601 2992 3657 est.Non
3025 3601 3723 3675 enim,quemadmodum

2073 3706 2382 3761 corporum
2414 3706 2668 3761 sponsus
2698 3689 3099 3762 incorruptam
3138 3691 3422 3764 virginem
3455 3693 3724 3764 conjugio

2073 3794 2477 3849 corrumpens,
2512 3777 2815 3834 mulierem
2851 3780 2987 3834 fecit
3019 3797 3030 3833 :
3057 3780 3138 3834 ita
3168 3786 3226 3836 ct
3249 3781 3580 3837 animarum
3616 3800 3725 3838 no-

2073 3875 2330 3923 strarum
2353 3866 3185 3938 664sponsusincorruptam
3202 3870 3720 3942 virginem,secum

2071 3956 2478 4028 conjungendo
2519 3971 2922 4027 corrumpens,
2957 3958 3290 4028 desponsat.
3327 3958 3438 4014 Sed
3470 3959 3724 4015 carnali-

2072 4046 2182 4102 bus
2233 4042 2693 4113 voluptatibusa
2736 4043 2966 4100 diabolo
3019 4050 3357 4117 corruptam
3407 4047 3722 4118 accipiens,

2071 4136 2318 4206 ejusque
2366 4148 2602 4188 uxorem
2637 4149 2812 4204 prave
2860 4134 3074 4189 factam
3108 4150 3213 4206 per
3259 4135 3722 4208 corruptionem,

2072 4240 2271 4280 secum
2307 4222 2718 4293 conjungendo
2751 4223 3152 4294 incorruptam
3184 4239 3252 4280 ex
3280 4225 3526 4281 muliere
3555 4224 3726 4299 virgi-

2072 4330 2205 4369 nem
2237 4311 2393 4368 facit.
2428 4314 2559 4364 Haec
2589 4310 2745 4366 enim
2779 4312 3031 4383 mystica
3078 4312 3377 4384 sponsalia
3405 4331 3513 4370 nos
3545 4314 3720 4371 etiam

2072 4421 2172 4475 per
2201 4401 2547 4474 prophetam
2596 4401 2869 4471 edocens,
2903 4401 2974 4457 ad
3009 4418 3180 4457 suam
3221 4401 3410 4476 ipsius
3440 4420 3721 4476 sponsam

2071 4493 2152 4548 ait
2187 4508 2200 4546 :
2234 4493 2420 4548 Nonne
2452 4494 2514 4546 ut
2559 4490 2779 4546 domum
2808 4507 2894 4546 me
2942 4493 3166 4559 vocasti,
3199 4501 3250 4549 et
3274 4499 3499 4565 patrem
3533 4498 3586 4551 et
3615 4494 3724 4549 du-

305 4585 394 4638 καὶ
455 4582 700 4658 ἀρχηγὸν
759 4588 859 4652 τῆς
916 4581 1204 4654 παρθενίας
1262 4602 1404 4651 σου;
1447 4581 1586 4636 Ὠσεὶ
1646 4580 1818 4656 ἔλεγε,
1869 4583 1958 4638 καὶ

2074 4599 2184 4638 cem
2230 4582 2576 4649 virginitatis
2623 4589 2730 4636 tuae
2761 4581 2802 4617 ⁴¹
2832 4579 2860 4635 ?
2891 4581 3067 4647 Quasi
3118 4581 3355 4650 diceret,
3405 4587 3467 4638 ut
3516 4585 3722 4640 ducem

314 4672 562 4747 ἀρχηγὸν
612 4677 713 4741 τῆς
763 4669 1024 4748 ἀφθορίας
1073 4671 1304 4732 σου.Ὠς
1334 4670 1434 4744 γὰρ
1479 4669 1725 4746 ἀρχηγός
1769 4691 1828 4726 τε
1871 4672 1957 4726 καὶ

314 4758 500 4837 ἄρχων
527 4767 630 4828 τῆς
660 4759 796 4814 κατᾶ
817 4761 915 4829 τὴν
965 4760 1207 4834 γαμετὴν
1254 4761 1455 4837 φθοράς
1505 4759 1533 4814 ’ὀ
1583 4760 1742 4835 ἀνὴρ,
1773 4758 1961 4836 κύριος

313 4849 480 4920 αὐτῆς
541 4847 629 4903 διὰ
685 4850 878 4904 τούτου
929 4849 1213 4922 γινόμενος
1271 4847 1441 4908 οὕτως
1482 4847 1731 4923 ἀρχηγός
1783 4870 1840 4903 τε
1872 4850 1960 4903 καὶ

313 4938 500 5014 ἄρχων
527 4944 627 5007 τῆς
674 4938 898 4992 ὲκάστυυ
949 4939 1109 5010 ἡμῶν
1159 4937 1419 5014 ἀφθορίας
1475 4935 1614 4990 ἐστίν
1657 4938 1685 4991 ὁ
1744 4935 1961 5013 Κύριος,

311 5024 401 5082 διά
429 5035 529 5096 τῆς
558 5026 822 5105 ἀφθορίας
845 5047 904 5082 τε
937 5027 1132 5102 Κύριος
1159 5029 1320 5100 ἡμῶν
1353 5025 1440 5081 καὶ
1470 5027 1568 5094 τήν
1597 5025 1775 5102 ἀρχὴν
1829 5027 1960 5082 ἀνα-

311 5115 579 5191 δο·3μενος
755 5116 813 5172 ὃν
867 5115 956 5171 καὶ
1009 5116 1156 5171 οἶκον
1207 5113 1289 5170 δεῖ
1334 5122 1434 5186 τῆς
1487 5115 1746 5193 ἀφθορίας
1796 5118 1958 5190 ἡμῶν

307 5205 679 5282 ἐπιγινώσκειν
729 5203 778 5260 ἐν
830 5205 978 5278 αὐτῷ
1032 5205 1285 5278 μένοντας
1332 5204 1420 5261 καὶ
1475 5205 1786 5276 οἰκοῦντας,
1820 5203 1958 5262 διοτι

2074 4669 2552 4741 ἱιιοοιισυριὶοιιίε
2591 4674 2722 4725 tua).
2755 4671 3265 4736 Quemadmodum
3319 4672 3475 4728 enim
3527 4673 3643 4728 dux
3672 4677 3730 4730 et

2073 4760 2343 4832 princeps
2373 4757 2548 4814 illatae
2571 4759 2734 4815 uxori
2766 4761 3158 4832 corruptionis
3190 4763 3279 4816 vir
3307 4766 3416 4829 est,
3450 4762 3724 4820 dominus

2070 4848 2231 4904 illius
2257 4849 2330 4904 ob
2356 4863 2482 4904 eam
2507 4863 2630 4903 rem
2654 4848 2843 4904 factus
2869 4873 2883 4916 ;
2909 4849 2992 4905 ita
3012 4851 3130 4906 dux
3149 4854 3206 4906 et
3227 4851 3496 4923 princeps
3523 4851 3723 4909 unius-

2071 4939 2359 5011 cujusque
2425 4941 2692 4993 nostrum
2750 4937 3213 5012 incorruptionis
3268 4941 3554 4997 Dominus
3611 4946 3720 4998 est.

2069 5029 2218 5084 Nam
2253 5044 2356 5099 per
2400 5025 2898 5099 incorruptionem
2951 5033 3152 5085 noster
3199 5029 3484 5086 Dominus
3534 5034 3626 5086 est
3655 5047 3722 5086 ac

2071 5118 2404 5190 principatu
2436 5116 2748 5172 redimitur
2779 5133 2792 5172 :
2827 5134 2998 5190 quem
3032 5118 3212 5176 etiam
3257 5123 3325 5174 ut
3357 5119 3599 5176 domum
3631 5119 3724 5174 in-

2069 5205 2466 5280 corruptionis
2519 5209 2734 5263 nostrae
2780 5206 3061 5265 debemus
3106 5225 3440 5280 agnoscere,
3484 5208 3544 5264 in
3592 5207 3722 5279 ipso

374 5371 419 5407 ³⁸
451 5368 706 5442 Philipp.
739 5386 803 5442 ιι,
831 5369 886 5437 6,
915 5371 971 5425 7.
1047 5369 1093 5404 3°
1121 5368 1262 5426 Gen.
1298 5386 1360 5441 ιι,
1389 5370 1479 5425 24.
1555 5369 1600 5404 ⁸ο
1631 5369 1840 5442 Ephes.
1872 5386 1927 5442 v,
1959 5377 1961 5419 1

2124 5371 2168 5408 ⁸³
2199 5369 2416 5426 Jerem.
2453 5385 2535 5435 ιιι,
2569 5369 2621 5424 4.

518 5545 814 5622 ᾋ-πομιν-η.
849 5547 1136 5622 Nonnulli
1154 5548 1412 5622 codices,
1445 5545 1744 5622 ἀπομείνῃ.

379 5618 493 5703 ς99)
517 5618 712 5704 ρῖκον.
747 5619 940 5704 _Monet
977 5619 1407 5704 Nobiliusdegi
1457 5623 1514 5677 in
1563 5618 1866 5678 nonnullis
1896 5619 1962 5677 li-

307 5689 452 5765 bris,
474 5689 712 5763 ὀὶκεῐον,
745 5695 1016 5765 tanquam
1045 5689 1415 5752 domesticum.

2142 5549 2218 5619 (1)
2247 5542 2673 5619 Ἀναδούμενοςι
2693 5545 2787 5602 Sic
2817 5562 2924 5618 ορθ
2973 5546 3149 5619 trium
3201 5545 3467 5619 codicum
3513 5558 3724 5619 emen-

2070 5611 2340 5677 davi'mus
2369 5611 2638 5675 vitiosam
2663 5611 2970 5676 lectionem
3001 5611 3722 5691 vulgatam,&va8o6psvoc,

2071 5695 2364 5766 imperium
2393 5707 2647 5749 renuens.
