4112 6224
431 373 544 434 ’171

1376 365 1773 429 APPENDIX
1815 363 2140 427 OPERUM
2184 366 2251 427 8.
2293 364 2578 429 BASILII
2623 366 2895 430 MAGNI.

3710 377 3819 437 ’ΠΒ

433 514 737 567 manentes
767 513 824 564 et
852 507 1209 573 habitantes,
1243 505 1381 578 quia
1412 505 1473 560 In
1498 506 1611 577 ipso
1633 504 1870 560 vivimus
1895 509 1947 557 ει
1971 517 2077 557 mo-

2198 498 2286 557 Ἑν
2349 498 2496 574 αὐτῷ
2556 503 2732 575 ζῶμεν
2786 501 2877 558 καὶ
2930 502 3231 577 κινούμεθα
3286 504 3375 558 καὶ
3422 502 3599 577 ἐσμὲν,
3630 503 3715 561 ’ἵνα
3756 507 3832 570 ὡς

434 618 623 657 vemur
652 605 703 655 et
732 616 920 656 sumus
951 598 1019 666 δ’,
1057 602 1122 652 ut
1151 598 1210 651 in
1242 613 1308 652 eo
1340 599 1623 667 tanquam
1674 595 1731 649 in
1766 594 1937 649 domo
1967 593 2089 647 vir-

436 690 578 746 tutis
607 689 799 745 omnis
829 694 885 743 et
914 684 1373 758 incorruptionis
1419 701 1521 757 per
1553 688 1738 739 totam
1768 684 1945 738 vitam
1979 682 2088 738 ha—

436 780 710 848 bitantes,
742 796 856 833 non
889 777 1229 833 excidemus
1261 773 1617 845 incorruptis
1648 772 1808 828 illius
1840 771 2085 827 laribus.

434 869 942 936 Quemadmodum
974 866 1129 921 enim
1162 864 1385 919 habitat
1415 868 1472 918 et
1496 861 1761 917 ambulat
1790 862 1848 916 in
1880 860 1954 916 iis
1985 859 2085 931 qui

434 958 594 1029 digni
622 962 761 1013 sunt
788 958 955 1023 ‘3,sic
987 955 1162 1011 etiam
1197 971 1404 1010 rursus
1437 952 1535 1025 qui
1570 952 1733 1025 digni
1767 950 1994 1007 suntin
2022 966 2088 1006 eo

433 1046 1037 1118 habitant.Propterea
1064 1061 1197 1100 cum
1231 1061 1338 1099 nos
1369 1043 1622 1099 assumit
1654 1058 1723 1097 ex
1755 1040 1957 1096 mundi
1992 1055 2087 1094 ne-

432 1136 605 1209 gotiis
638 1137 709 1191 ad
741 1152 875 1190 eum
908 1134 1206 1190 venientes
1237 1138 1293 1189 et
1324 1133 1384 1188 in
1416 1149 1482 1188 eo
1514 1131 1874 1199 habitantes,
1896 1127 2087 1200 provi-

432 1227 577 1280 dens
611 1225 928 1296 quominus
962 1225 1266 1293 cedamus,
1305 1222 1387 1278 ait
1419 1240 1431 1277 :
1466 1222 1681 1277 Manele
1712 1222 1771 1276 in
1801 1221 1963 1284 me,et
1993 1233 2087 1290 ego

430 1317 492 1369 in
520 1314 673 1370 vobis
706 1315 768 1368 “.

499 1403 587 1459 51.
622 1403 717 1458 Sio
748 1406 943 1458 autem
993 1418 1127 1457 cum
1178 1404 1236 1458 et
1283 1399 1526 1473 reliquis
1574 1400 1750 1457 rebus
1804 1411 2085 1471 magnum

423 1493 705 1565 quiddam
738 1496 795 1547 et
824 1490 1372 1563 splendidissimum
1426 1489 1737 1562 virginitas
1782 1486 2080 1559 intelliga-

420 1585 555 1649 tur;
590 1581 685 1636 hio
711 1583 835 1651 jam
879 1578 1329 1635 resurrectionis
1362 1583 1417 1633 et
1454 1576 1922 1650 incorruptibilis
1954 1576 2083 1629 vitae

422 1686 620 1725 semen
655 1670 948 1740 quoddam
975 1667 1386 1740 plurissimum
1406 1684 1535 1723 esse
1566 1666 1915 1723 ostenditur.
1934 1668 2081 1718 Nam

426 1756 473 1810 si
509 1757 564 1809 in
600 1755 1028 1810 resurrectione
1059 1771 1248 1827 neque
1279 1754 1510 1810 nubunt
1540 1770 1730 1825 neque
1753 1753 2083 1818 nubuntur,

426 1845 523 1902 sed
560 1848 695 1900 sunt
726 1843 879 1899 sicut
909 1844 1123 1916 angeli,
1149 1844 1407 1915 fientque
1438 1843 1541 1898 filii
1574 1843 1676 1899 Dei
1707 1843 1752 1877 ⁸⁸
1788 1860 1800 1898 :
1834 1841 1933 1913 qui
1963 1842 2081 1895 vir-

424 1934 732 2008 ginitatem
766 1932 986 1998 colunt,
1006 1932 1197 2005 angeli
1234 1937 1396 2000 sunt,
1421 1932 1479 1987 in
1512 1932 1869 2004 incorruptis
1900 1929 2085 1987 carni-

423 2025 535 2080 bus
564 2023 888 2078 humanam
920 2023 1099 2078 vitam
1132 2021 1634 2089 circumferentes,
1670 2037 1857 2095 neque
1890 2022 2082 2094 angeli

420 2113 659 2185 quidam
691 2111 946 2179 obscuri,
981 2111 1081 2167 sed
1110 2110 1275 2166 valde
1308 2111 1591 2183 insignes.
1626 2110 1773 2167 Nam
1807 2126 1939 2165 cum
1976 2129 2082 2167 an-

422 2201 532 2274 geli
565 2201 691 2256 sine
721 2200 998 2255 carnibus
1030 2200 1089 2254 in
1121 2199 1261 2255 coelo
1307 2200 1828 2270 incorruptionem,
1863 2200 1920 2255 in
1957 2200 2080 2256 loco

421 2295 478 2347 et
510 2294 719 2345 natura
764 2288 1112 2357 inviolabili,
1148 2289 1303 2361 apud
1336 2305 1639 2345 summum
1688 2288 1951 2344 omnium
1989 2306 2081 2345 re-

422 2395 553 2452 gem
586 2379 771 2436 Deum
804 2378 1140 2433 custodiant
1170 2393 1184 2433 :
1220 2377 1317 2433 isti
1351 2378 1411 2433 in
1443 2382 1600 2433 terra
1647 2378 1840 2433 carnis
1871 2378 2081 2450 volup-

422 2469 641 2524 tatibus
674 2467 898 2538 agitati,
930 2470 987 2522 et
1011 2466 1323 2521 tentationi
1354 2466 1573 2521 diaboli
1606 2467 1851 2539 expositi
1882 2484 2081 2540 eaqua-

420 2556 535 2612 lem
569 2555 789 2628 angelis
838 2555 1337 2626 incorruptionem
1374 2572 1475 2627 per
1504 2556 1783 2611 virtutem
1823 2556 2077 2613 Creatori

420 2643 751 2700 mirabilius
784 2648 1178 2699 servaverunt.
1231 2643 1333 2698 Hic
1364 2648 1559 2699 autem
1602 2644 1856 2700 maxime
1902 2644 2076 2718 virgi-

421 2750 561 2789 num
597 2732 945 2788 admiranda
977 2732 1345 2804 virtus,quod
1380 2748 1511 2787 cum
1544 2733 1795 2789 femineo
1826 2733 2077 2790 circum-

419 2825 565 2880 data:
597 2823 716 2877 sint
747 2822 1369 2894 corpore,impressam
1392 2838 1461 2877 ex
1492 2838 1557 2877 eo
1590 2822 1798 2877 animus
1826 2823 2079 2879 formam

420 2912 658 2967 virtutis
689 2910 1106 2967 exercitatione
1138 2909 1481 2982 repulerint,
1515 2911 1887 2984 aequalesque
1921 2929 2078 2968 mas—

421 3000 591 3066 culis,
635 3000 1133 3071 quemadmodum
1196 3003 1252 3055 et
1309 3000 1507 3055 anima
1563 3000 1820 3072 aequales
1871 3006 2076 3057 creatas

422 3095 691 3161 sunt,per
709 3090 986 3145 virtutem
1013 3088 1345 3145 videantur.
1368 3090 1437 3144 Et
1467 3091 1967 3162 quemadmodum
1992 3090 2077 3146 illi

425 3196 527 3251 per
554 3178 789 3232 virtutis
816 3178 1287 3233 exercitationem
1320 3195 1387 3233 ex
1419 3178 1760 3235 hominibus
1810 3180 1867 3234 in
1900 3197 2073 3252 ange-

2202 589 2346 643 οἶκον
2393 588 2551 645 αὑτὸν
2607 592 2803 668 ἀρετῆς
2850 594 3065 663 ἁπάσης
3096 592 3185 648 καὶ
3239 593 3529 669 ἀφθαρσίας
3580 590 3665 648 διὰ
3720 595 3833 671 βίου

2202 678 2493 751 οἰκοῦντες,
2558 682 2632 753 μὴ
2694 680 3044 756 ἆκπίπτωμεν
3094 685 3193 751 τῆς
3250 680 3301 737 ἐν
3365 682 3508 755 αὐτῷ
3564 684 3694 739 κατὰ
3739 688 3826 754 τὴν

2198 767 2492 847 ἀφθαρσίαν
2552 768 2749 833 ἑστίας.
2782 772 2871 833 Ὠς
2929 772 3033 848 γὰρ
3094 770 3293 826 ἐνοικεῖ
3347 771 3435 826 καὶ
3493 771 3830 847 ἐμπεριπατεῖ

2198 862 2314 919 τοῖς
2374 858 2562 928 ἀξίοις,
2591 858 2735 915 οὕτω
2788 861 2955 917 πάλιν
3007 862 3058 916 oi.
3108 859 3245 933 ἄξιοι
3298 859 3347 915 ἐν
3393 861 3569 935 τούτῳ
3613 863 3823 920 οἰκοῦσι.

2200 946 2294 1001 Διὸ
2350 947 2439 1001 καὶ
2498 946 2620 1002 ὅταν
2672 944 2814 1023 λάϐῃ
2858 952 3002 1023 ἡμᾶς
3052 951 3112 1005 ἐκ
3164 955 3273 1005 τῶν
3319 951 3454 1006 κατᾶ
3497 953 3589 1006 τὸν
3638 952 3823 1027 κόσμον

2197 1037 2534 1110 πραγμάτων
2577 1034 2922 1101 εἲσελθόντας
2963 1040 3037 1102 εἰς
3088 1040 3248 1095 αὐτὸν
3295 1040 3383 1094 καί
3423 1040 3474 1096 ἰν
3521 1040 3668 1114 αὖτῷ
3710 1063 3824 1095 χατ-

2198 1126 2502 1190 οικοῦντας,
2530 1129 2626 1179 τοῦ
2656 1125 3002 1182 ἀνεκπτώτου
3028 1130 3188 1201 ἡμῶν
3221 1129 3652 1204 προνοούμενος,
3685 1130 3821 1209 φησί·

2197 1212 2425 1268 Μείνατε
2457 1211 2507 1267 ἰν
2541 1213 2687 1287 ἐμοὶ,
2716 1214 2867 1292 κᾶγὼ
2901 1216 2954 1271 ἐν
2988 1217 3139 1291 ὑμῖν.

2265 1390 2355 1447 51.
2383 1388 2542 1448 Οὕτω
2597 1389 2655 1447 δὲ
2696 1393 2787 1448 καὶ
2833 1399 2949 1457 τοῖς
2997 1393 3216 1460 λοιποῖς
3264 1397 3427 1451 ἅπασι
3482 1398 3621 1473 μέγα
3664 1418 3709 1452 τι
3748 1398 3826 1452 καί

2197 1476 2591 1555 ὑπέρλαμπρον
2650 1488 2875 1559 πρᾶγμα
2939 1487 2973 1553 ἡ
3028 1484 3289 1560 παρθενία
3364 1486 3695 1559 νοούμενον,
3739 1490 3826 1552 τῆς

2194 1566 2609 1644 παλιγγενεσίας
2662 1568 2738 1626 ἔτι
2796 1572 2883 1626 καὶ
2933 1577 3029 1627 τοῦ
3087 1574 3361 1650 ἀφθάρτου
3432 1575 3552 1649 βίου
3609 1574 3823 1640 ἐντεῦθεν

2194 1654 2302 1727 ἤδη
2362 1660 2575 1733 σπέρμα
2630 1680 2682 1715 τι
2739 1662 2972 1737 καθαρὸν
3056 1661 3463 1722 ἀποδείκνυται.
3522 1663 3586 1722 El
3634 1665 3730 1740 γὰρ
3774 1665 3819 1721 ἐν

2192 1750 2261 1819 τῇ
2322 1748 2604 1804 ἀναστάσει
2682 1748 2805 1805 οὔτε
2871 1756 3105 1827 γαμοῦσι
3179 1750 3301 1809 οὕτε
3360 1752 3680 1829 γαμίζονται
3736 1758 3820 1826 (2),

2194 1834 2321 1891 ἀλλ’
2370 1837 2501 1892 εἰσὶν
2559 1839 2633 1902 ὡς
2692 1838 2933 1915 ἄγγελοι,
2992 1840 3081 1896 καὶ
3139 1844 3455 1917 γενήσονται
3506 1843 3613 1898 υἱοὶ
3668 1846 3819 1899 Θεοῦ·

2195 1925 2249 1979 οἱ
2302 1927 2381 1998 (3)
2437 1928 2536 1996 τήν
2595 1932 2882 2001 παρθενίαν
2956 1930 3240 1993 ἀσκοῦντες
3310 1930 3534 2007 ἄγγελοί
3585 1932 3732 2001 είσιν,
3778 1932 3823 1987 ἐν

2195 2013 2489 2090 ἀφθάρτοις
2521 2020 2595 2089 (4)
2638 2017 2789 2093 σαρξὶ
2847 2017 2938 2073 τὸν
2991 2023 3099 2074 τῶν
3149 2018 3452 2094 ἀνηρώπων
3519 2020 3634 2096 βίον
3686 2040 3823 2096 περι-

2192 2100 2494 2167 πολοῦντες
2519 2124 2530 2136 ⁸
2566 2107 2655 2160 καὶ
2688 2104 2907 2183 ἄγγελοι
2961 2108 3063 2162 οὐκ
3113 2109 3320 2182 ἄσημοί
3364 2130 3530 2178 τινες,
3566 2107 3703 2165 ἀλλὰ
3749 2110 3826 2164 καὶ

2194 2188 2400 2267 σφόδρα
2474 2193 2907 2271 ἐπιφανέστατοι.
2962 2198 3085 2253 ’Ὀτι
3157 2196 3370 2252 ἰκείνων
3451 2201 3576 2253 ἄνευ
3634 2202 3823 2273 σαρκῶν

2190 2280 2326 2334 κατὰ
2374 2280 2463 2336 τὸν
2525 2282 2750 2357 οὐρανὸν
2810 2285 2909 2353 τὴν
2964 2285 3258 2363 ἀφθαρσίαν
3289 2286 3378 2340 καὶ
3410 2289 3489 2359 (5)
3542 2287 3691 2359 τόπῳ
3740 2288 3822 2342 καὶ

2190 2364 2435 2443 ἀδιάστῳ
2466 2371 2619 2448 φύσει
2665 2373 2813 2447 παρὰ
2858 2378 2937 2445 τῷ
2983 2369 3323 2447 παμϐασιλεῖ
3371 2380 3478 2430 τῶν
3532 2375 3671 2430 ὅλων
3723 2379 3824 2445 Θεῷ

2191 2458 2597 2537 φυλαττόντων,
2638 2461 2787 2516 οὗτοι
2822 2462 2909 2517 ἐπὶ
2941 2465 3045 2538 γῆς
3076 2464 3273 2537 σαρκὸς
3306 2461 3535 2533 ἡδοναῖς
3578 2463 3821 2540 δνοχλοό-

2194 2568 2369 2620 μενοι,
2421 2549 2507 2603 καὶ
2557 2553 2625 2623 τῇ
2673 2548 2834 2622 πείρᾳ
2903 2556 2999 2607 τοῦ
3051 2546 3315 2608 διαϐόλου
3372 2551 3691 2626 ἆκκείμενοι,
3738 2553 3822 2621 τήν

2189 2637 2485 2713 ἀφθαρσίαν
2544 2637 2829 2714 ίσάγγελον
2882 2637 2951 2694 δι’
2983 2640 3179 2716 ἀρετῆς
3223 2646 3300 2713 τῷ
3344 2647 3561 2716 Ποιητῇ
3607 2639 3821 2716 παραδο-

2188 2725 2404 2799 ξότερον
2436 2722 2779 2803 διεφύλαξαν.
2808 2730 2975 2792 Ἔνθα
3017 2729 3110 2783 καὶ
3162 2727 3398 2803 μάλιστα
3424 2731 3491 2785 τὸ
3540 2735 3645 2786 τῶν
3694 2750 3819 2805 παρ-

2190 2812 2355 2878 θένων
2404 2810 2465 2869 ἄν
2507 2836 2591 2877 τις
2636 2814 2843 2878 κάλλος
2895 2819 3235 2890 θαυμάσειεν,
3270 2817 3355 2873 ὅτι
3404 2818 3552 2885 θῆλυ
3601 2820 3823 2895 περικεί-

2191 2924 2347 2976 μεναι
2376 2904 2556 2975 σῶμα,
2587 2906 2689 2974 τὴν
2724 2905 2818 2978 μὲν
2858 2904 2917 2961 ἐκ
2965 2905 3161 2962 τούτου
3214 2906 3577 2983 ὶγγινομὲνην
3626 2908 3819 2986 μορφήν

2182 2994 2252 3066 τῇ
2302 2996 2456 3067 ψυχῇ
2508 2990 2596 3047 διὰ
2642 3000 2742 3063 τῆς
2792 2994 3071 3066 ἀσκήσεως
3140 2997 3584 3072 ἀπεκρούσαντο·
3618 2997 3718 3051 ἴσαι
3771 2993 3821 3051 δὲ

2181 3086 2301 3143 τοῖς
2335 3079 2541 3157 ἇὶῥρεσι,
2573 3084 2811 3155 καθάπερ
2844 3082 2935 3138 οῦν
2964 3082 3075 3139 ἴσαι
3123 3087 3212 3140 καὶ
3262 3087 3361 3155 τὴν
3406 3088 3596 3163 ψυχὴν
3645 3086 3819 3156 ἐποιή-

2184 3180 2394 3240 θησαν,
2459 3168 2549 3225 διά
2608 3178 2708 3240 τῆς
2781 3173 2977 3246 ἀρετῆς
3044 3174 3411 3253 ἀνεφάνησαν.
3474 3176 3577 3233 Καὶ
3653 3175 3816 3244 ὥσπερ

423 3248 611 3323 lorum
645 3266 910 3321 ordinem
942 3271 1251 3323 transeunt
1280 3284 1293 3334 ;
1326 3267 1406 3323 ita
1439 3272 1494 3323 et
1525 3268 1663 3339 ipsa:
1718 3267 1926 3339 aequali
1957 3248 2072 3324 vir-

2190 3258 2385 3314 bte'ivm
2440 3258 2509 3315 δι’
2573 3262 2854 3332 ἀσκήσεως
2922 3261 2972 3333 ἔξ
3030 3248 3238 3339 ἀνδρῶν
3303 3264 3378 3326 είς
3434 3266 3536 3334 τὴν
3596 3263 3815 3341 ἀγγέλων

423 3356 566 3413 tutis
596 3356 1007 3411 exercitatione
1038 3372 1105 3411 ex
1137 3356 1484 3412 mulieribus
1514 3355 1573 3411 in
1605 3358 1869 3412 eamdem
1893 3374 1959 3412 ac
1988 3356 2072 3412 illi

422 3446 773 3519 dignitatem
818 3445 1231 3514 traducuntur,
1262 3444 1343 3499 ita.
1392 3450 1455 3500 ut
1508 3462 1643 3501 cum
1691 3445 1749 3499 in
1800 3447 2072 3517 praesenti

419 3535 539 3591 vita
569 3532 852 3590 masculis
897 3534 1135 3605 quidem
1170 3533 1368 3588 anima
1411 3532 1663 3605 aequales
1694 3532 1833 3598 sint,
1865 3535 1964 3590 sed
1998 3536 2070 3591 ob

421 3622 652 3678 feminei
686 3620 942 3694 corporis
970 3620 1253 3677 amictum
1278 3620 1337 3676 in
1370 3620 1699 3693 (equalitate
1721 3622 2070 3692 claudicent,

420 3712 477 3766 in
510 3711 704 3767 futuro
734 3710 948 3768 saeculo
979 3709 1236 3782 aequales
1266 3711 1509 3766 omnino
1532 3727 1637 3783 per
1654 3710 1929 3767 virtutem
1954 3711 2070 3780 his,

421 3800 522 3873 qui
554 3800 739 3873 angeli
776 3800 911 3855 facti
953 3799 1190 3870 fuerint,
1223 3804 1280 3855 et
1310 3801 1450 3871 ipsas
1502 3800 1888 3872 reperiantur.
1921 3800 2070 3857 Nam

419 3890 466 3946 si
499 3907 630 3945 cum
664 3888 917 3962 aequales
945 3888 1170 3962 angelis
1202 3888 1595 3955 declarantur,
1618 3906 1808 3961 neque
1841 3890 2073 3945 nubunt

419 3996 604 4050 neque
662 3980 1161 4052 nubuntur;quae
1220 3978 1281 4035 in
1334 3978 1605 4050 presenti
1666 3979 1781 4033 vita
1836 3978 2073 4035 virtutis

415 4068 826 4124 exercitatione
855 4066 913 4122 id
946 4066 1649 4137 consequuntur,hicjam
1682 4064 1937 4137 aequales
1968 4083 2071 4121 an-

416 4155 564 4229 gelis
596 4156 947 4228 semetipsas
980 4156 1246 4210 omnium
1290 4155 1515 4226 judicio
1546 4153 1821 4209 exhibent
1853 4170 1866 4207 :
1900 4155 2072 4225 quip-

417 4259 486 4314 pe
518 4259 650 4297 cum
684 4258 992 4312 corporeas
1046 4241 1294 4296 masculi
1329 4246 1383 4296 et
1419 4241 1648 4296 femime
1697 4241 1768 4295 ad
1800 4240 2071 4295 concubi-

415 4335 542 4385 tum
574 4330 726 4386 665
761 4329 1145 4401 proprietates
1193 4329 1408 4383 virtute
1460 4332 1747 4399 resecent,
1780 4344 1845 4382 ac
1895 4329 2071 4385 nudis

419 4418 729 4472 animabus
762 4419 820 4472 in
853 4422 1008 4473 terra
1038 4434 1169 4471 cum
1205 4415 1547 4470 hominibus
1577 4418 2070 4482 versentur.0uod

418 4508 463 4562 si
498 4506 695 4561 anima
722 4523 790 4560 ex
821 4521 1082 4576 corpore,
1117 4503 1175 4558 in
1210 4519 1322 4573 quo
1354 4503 1535 4574 degit,
1568 4503 1730 4559 nullo
1756 4504 2072 4577 voluptatis

416 4612 592 4651 sensu
626 4610 817 4666 neque
847 4609 985 4666 erga
1016 4608 1239 4647 marem
1290 4609 1477 4663 neque
1508 4609 1648 4665 erga
1687 4594 1963 4649 feminam
1999 4596 2067 4650 ad
2102 4620 2150 4687 Β

418 4684 885 4756 perturbationes
915 4682 1288 4749 informatur,
1321 4698 1435 4736 non
1479 4682 1603 4753 jam
1640 4686 1729 4737 est
1773 4686 2071 4740 masculus

416 4780 469 4831 et
505 4774 740 4837 femina,
773 4790 888 4828 non
924 4770 1286 4844 perturbatio
1318 4774 1375 4826 et
1402 4771 1704 4844 voluptas;
1740 4772 1841 4827 sed
1873 4776 2071 4831 omnia

418 4869 475 4919 et
524 4862 580 4918 in
642 4861 918 4918 omnibus
976 4860 1343 4930 Christus“,
1378 4861 1593 4933 quippe
1648 4878 1779 4917 cum
1843 4868 2069 4920 mortua

420 4952 659 5026 quidem
694 4951 811 5006 sint
860 4966 1104 5023 corpora
1135 4950 1207 5005 ob
1257 4955 1583 5006 cessantem
1619 4956 1675 5007 et
1718 4953 1964 5009 otiosam
1998 4955 2068 5009 ad

419 5038 807 5112 proprietates
862 5036 1105 5093 masculi
1140 5041 1195 5092 et
1247 5037 1476 5092 feminae
1528 5037 1911 5111 voluptatem,
1946 5043 2071 5099 sola

419 5132 616 5183 autem
651 5126 850 5182 anima
891 5126 1228 5199 incorrupte
1258 5143 1362 5199 per
1404 5126 1675 5183 virtutem
1704 5128 1761 5183 in
1816 5129 1908 5184 his
1940 5146 2068 5187 cor-

418 5217 662 5288 poribus
692 5216 886 5287 degat.

490 5353 537 5388 ⁴²
566 5356 693 5409 Act.
725 5368 864 5423 xvu,
895 5353 985 5407 28.
1062 5350 1109 5383 ⁸³
1140 5350 1188 5406 ΙΙ
1220 5350 1348 5407 Cor.
1382 5368 1457 5418 νι,
1495 5352 1580 5405 16.
1656 5351 1700 5386 “
1727 5352 1895 5410 Joan.
1929 5372 2021 5427 xv,
2056 5358 2109 5412 4.

490 5484 569 5557 (2)
626 5484 971 5558 Γαμίζονται.
1049 5483 1417 5541 Colbertinus
1474 5484 1675 5550 codex,
1749 5482 2066 5561 ιγγαμίζον-

420 5574 573 5702 tua)
592 5627 685 5702 _0t.
720 5627 907 5702 Editio
939 5626 1288 5702 Parisiensis
1314 5626 1617 5702 praemittit
1644 5626 1752 5699 καί,
1778 5646 1906 5702 quas
1937 5648 2071 5689 oon-

414 5698 642 5768 junclio
672 5706 730 5756 et
758 5701 815 5754 in
851 5716 991 5755 mss.
1028 5700 1194 5755 deest
1224 5703 1279 5754 et
1308 5702 1367 5756 in
1402 5701 1614 5760 Veneta
1641 5698 1915 5761 editione.

2179 3349 2327 3419 τάξιν
2386 3344 2726 3422 μετέϐησαν·
2778 3350 2921 3406 οὕτω
2978 3352 3066 3406 καὶ
3134 3354 3331 3421 αὗται,
3379 3350 3470 3409 διὰ
3516 3361 3614 3423 τῆς
3662 3355 3810 3423 ἀσκή-

2181 3459 2339 3510 σεως,
2368 3437 2427 3494 tu
2456 3445 2723 3515 γυναικῶν
2775 3440 2851 3502 είς
2902 3441 2965 3495 τὸ
3008 3440 3137 3497 αὐτὸ
3181 3441 3365 3504 αὐτοῖς
3415 3444 3626 3517 ἀξίωμα
3667 3464 3809 3517 μετα-

2182 3522 2363 3597 ϐᾶσαι,
2398 3528 2474 3590 ὡς
2528 3528 2579 3582 ἂν
2636 3528 2716 3601 τῷ
2775 3528 3002 3604 παρόντι
3063 3530 3189 3607 βίῳ,
3221 3530 3291 3606 τῇ
3346 3532 3440 3605 μὶν
3504 3532 3656 3608 ψυχῇ
3707 3529 3808 3591 ἴσας

2180 3622 2296 3678 τοῖς
2329 3614 2542 3693 ἅρῤεσιν
2576 3613 2756 3685 οὔσας,
2790 3617 2858 3692 τῇ
2885 3615 2942 3673 δὲ
2986 3623 3084 3673 τοῦ
3131 3618 3329 3689 θήλεος
3369 3616 3643 3696 περιϐολῇ
3687 3620 3807 3694 πρὸς

2180 3706 2278 3773 τὴν
2326 3703 2551 3775 ἰσότητα
2597 3704 3134 3781 χωλευο·3σας,›ιατᾶ
3178 3707 3271 3763 τὸν
3335 3708 3612 3782 μῦλΑοντα
3656 3709 3809 3765 αἷῶνα

2183 3792 2299 3855 ἴσας
2342 3795 2478 3849 κατὰ
2526 3794 2697 3849 πάντα
2752 3792 2821 3849 δι’
2850 3798 3046 3871 ἀρετῆς
3090 3802 3210 3859 τοῖς
3262 3796 3532 3872 άγγιλοις
3583 3797 3808 3873 γεγονόσι

2180 3883 2269 3939 καὶ
2317 3882 2479 3944 αὐτὰς
2525 3882 2825 3957 εὑρεθῆναι.
2878 3884 2941 3941 Εἰ
2989 3885 3091 3960 γὰρ
3141 3885 3224 3940 ὅτι
3274 3885 3559 3963 ἰσάγγελοι
3610 3884 3809 3942 ἀποδεί-

2179 3993 2394 4027 κνυνται
2422 4016 2436 4042 ,
2482 3968 2605 4027 οὔτε
2651 3977 2916 4046 γαμοῦσιν
2977 3970 3099 4028 οὕτε
3154 3975 3527 4050 γαμίζονται,
3587 3977 3640 4031 αἱ
3692 3974 3811 4030 κατὰ

2178 4061 2271 4117 τὸν
2300 4059 2543 4136 παρόντα
2600 4060 2716 4136 βίον
2765 4066 2926 4117 τοῦτο
2975 4059 3045 4117 δι’
3076 4064 3355 4134 ἀσκήσεως
3398 4065 3809 4139 κατορθώσασαι,

2180 4148 2415 4213 ἐντεῦθεν
2466 4147 2574 4220 ἤδη
2632 4148 2948 4227 ίσαγγὲλους
2997 4152 3191 4213 ἑαυτὰς
3233 4158 3348 4214 τοῖς
3399 4157 3562 4209 πᾶσιν
3620 4150 3810 4208 άπὲδεέ-

2181 4242 2291 4311 ξαν·
2324 4238 2419 4301 τὰς
2470 4239 2563 4311 μὶν
2609 4241 2705 4294 τοῦ
2756 4238 2955 4311 θήλεός
3012 4262 3071 4295 τε
3127 4241 3217 4296 καὶ
3262 4240 3488 4318 ἄῤῥενος
3537 4243 3669 4318 πρὸς
3731 4241 3813 4299 τὰς

2185 4328 2375 4402 μίξεις,
2433 4329 2598 4405 φημὶ,
2656 4333 2764 4383 τῶν
2838 4330 3109 4402 σωμάτων
3178 4328 3455 4401 ἰδιότητας
3514 4330 3583 4386 δι’
3637 4333 3809 4404 ἀρετῆς

2182 4416 2556 4490 ἱκτιμνουσαι,
2590 4422 2823 4493 γυμναῖς
2885 4416 2942 4474 δὶ
2989 4422 3195 4493 ψυχαῖς
3243 4419 3379 4474 κατὰ
3421 4422 3526 4495 γῆν
3570 4426 3681 4483 τοῖς
3733 4420 3808 4473 άν-

2182 4508 2423 4582 θρώποις
2476 4512 2732 4575 συζῶσαι.
2768 4507 2831 4564 Εἰ
2888 4506 2945 4562 δὶ
3001 4505 3127 4565 οὔτε
3175 4508 3314 4585 πρὸς
3361 4509 3426 4563 τὸ
3474 4509 3653 4586 ἄρῥεν,
3701 4503 3810 4562 οὔτε

2180 4598 2315 4668 πρὸς
2352 4598 2415 4651 τὸ
2468 4596 2611 4665 θῆλυ
2657 4598 2794 4651 κατὰ
2842 4599 2941 4666 τήν
2991 4599 3331 4669 συναίσθησιν
3380 4606 3483 4669 τῆς
3533 4598 3584 4655 ἓν
3634 4600 3676 4670 ᾦ
3714 4597 3809 4651 ἐστι

2184 4686 2438 4759 σώματος
2486 4682 2692 4754 ἡδονῆς
2742 4690 2776 4755 ἡ
2830 4687 2983 4762 ψυχὴ
3037 4687 3172 4763 πρὸς
3215 4688 3283 4743 τὰ
3324 4689 3468 4759 πάθη
3509 4691 3808 4766 μορφοῦται,

2182 4773 2281 4829 οὐκ
2335 4768 2410 4828 ἔνι
2464 4772 2621 4849 ἅρῥεν
2682 4775 2773 4829 καὶ
2832 4774 2993 4845 θῆλυ,
3029 4776 3127 4831 οὐκ
3176 4773 3252 4832 ἔτι
3302 4776 3475 4841 πάθος
3504 4778 3593 4833 καί
3631 4774 3806 4846 ἡδονή·

2183 4861 2326 4919 ἀλλᾶ
2355 4863 2528 4917 πάντα
2560 4864 2648 4918 καὶ
2701 4862 2753 4919 iv
2794 4870 2924 4919 πᾶσι
2967 4865 3219 4940 Χριστὸς,
3266 4866 3678 4941 νενεκρωμένων
3724 4863 3805 4936 μὶν

2178 4957 2286 5008 τῶν
2349 4954 2617 5025 σωμάτιον
2674 4950 2762 5007 διὰ
2815 4960 2915 5022 τῆς
2972 4955 3325 5031 ἁνενεργήτου
3385 4956 3522 5031 πρὸς
3580 4954 3643 5008 τά
3681 4950 3807 5006 ἷδιώ-

2185 5063 2325 5116 ματα
2353 5046 2450 5096 τοῦ
2498 5062 2555 5095 τε
2600 5038 2822 5117 ἅῤῥενος
2867 5048 2956 5096 καί
3005 5047 3102 5097 τοῦ
3160 5042 3356 5113 θήλεος
3408 5042 3627 5113 ἡδονῆς,
3658 5040 3806 5115 μόνης

2182 5130 2240 5187 δὶ
2293 5137 2392 5199 τῆς
2451 5134 2638 5205 ψυχῆς
2694 5130 2746 5186 ἐν
2804 5132 3072 5208 ἀφθαρσίᾳ
3125 5130 3195 5187 δι’
3225 5133 3419 5208 ἀρετῆς
3477 5133 3716 5202 συζώσης
3760 5125 3803 5180 ὲν

2177 5219 2418 5282 τούτοις.

2187 5358 2232 5394 ⁸⁸
2259 5356 2464 5413 Matth.
2494 5373 2635 5427 χιιι,
2665 5356 2753 5412 30.
2830 5357 2875 5392 ⁸⁸
2904 5356 3031 5414 Gal.
3065 5375 3150 5430 ιιι,
3180 5359 3268 5413 28.

2250 5490 2328 5561 (4)
2358 5485 2705 5564 ξΑφθάρτοις.
2740 5489 2836 5564 Sic
2866 5490 3045 5564 editio
3094 5491 3313 5548 Veneta
3365 5505 3497 5547 cum
3549 5484 3800 5544 omnibus

2179 5559 2324 5639 mas.-
2356 5559 2730 5639 Bari-“densis,
2765 5559 3100 5639 ιᾷφθάρτρις·
3524 5634 3535 5639 _

2178 5706 2219 5764 γ
2250 5631 2474 5762 (5)ιΚαί.
2504 5629 2894 5708 Gonjunotion
2933 5629 3140 5693 'addita
3190 5650 3258 5693 ex
3310 5649 3453 5692 mss.
3485 5634 3543 5688 et
3569 5629 3797 5686 editione

2224 5722 2329 5764 ene
2358 5724 2411 5763 a.
