4134 6224
284 353 404 414 ’173

1504 348 1739 411 LIBER
1782 346 1885 410 DE
1936 349 2468 413 VIRGINITATE.

3577 344 3696 418 ττι

351 485 441 541 52.
503 482 600 538 Καὶ
660 482 908 539 ἁπτέσθω
961 483 1054 558 μὶν
1113 485 1148 553 ἡ
1205 480 1430 552 τοιαύτη
1461 484 1560 536 τοῦ
1589 481 1928 556 θεράποντος

2111 483 2199 538 52.
2235 485 2313 538 Ac
2345 483 2480 539 talis
2510 483 2748 555 quidem
2796 483 2997 555 sponsi
3029 483 3317 540 famulum
3347 488 3570 559 tangat,
3609 489 3693 545 si—

276 577 376 629 τοῦ
431 572 690 648 νυμφίου·
751 571 804 628 εἴ
853 593 917 648 γε
950 573 1025 646 μὴ
1077 571 1154 627 ἔτι
1207 575 1270 645 ζῇ
1302 570 1470 640 αὐτῆς
1502 569 1552 625 ἐν
1585 569 1742 644 σαρκὶ
1773 571 1807 638 ἡ
1837 573 1935 624 τοῦ

279 663 480 739 θήλεος
529 660 730 733 ἡδονή.
764 661 1062 734 Δεξιοόσθω
1123 659 1180 716 δὶ
1231 657 1519 721 ἀπλάστως
1548 659 1642 714 τὸν
1699 656 1931 736 ἀδελφὸν

280 752 418 808 κατὰ
471 752 572 822 τήν
631 749 859 820 ἐντολὴν
913 754 1010 805 τοῦ
1039 750 1262 825 Κυρίος,
1311 747 1438 810 τοὺς
1469 745 1642 809 πόδας
1671 746 1934 802 νίπτουσα

282 842 503 898 τούτου·
586 839 755 895 ἄλλον
829 838 1141 912 ἐπιμελείας
1216 835 1468 910 δεόμενον
1545 835 1932 913 θεραπεύουσα,

285 930 337 988 ἰν
394 935 606 1007 νεκραῖς
653 934 772 991 ταῖς
814 932 910 983 τοῦ
957 929 1211 1000 σώματος
1241 926 1411 1007 ’χερσὶ
1460 929 1652 1000 νεκροῦ
1690 928 1787 980 τοῦ
1826 924 1933 977 σώ-

289 1041 458 1094 ματος
491 1017 790 1092 ἁπτομένη.
845 1014 1066 1086 Ἐπειδὴ
1111 1016 1212 1092 γὰρ
1261 1015 1524 1091 ἰνίκρωσε
1571 1015 1638 1069 τὰ
1671 1012 1813 1087 μὲλη
1866 1012 1934 1066 τὰ

283 1108 500 1177 ἰπὶτῆς
537 1114 662 1184 γῆς,
721 1107 810 1161 καὶ
871 1109 935 1180 ζῇ
994 1105 1172 1160 οὐκέτι
1234 1103 1391 1176 αὐτὴ,
1449 1107 1518 1177 τῇ
1577 1101 1634 1158 δὲ
1692 1101 1743 1157 ἐν
1797 1101 1936 1172 αὐτῇ

279 1197 530 1273 Χριστὸς,
587 1197 614 1250 ὃ
647 1193 704 1250 δὲ
748 1197 935 1268 νῦνζῇ
980 1193 1032 1248 ἐν
1085 1195 1266 1268 σαρκὶ,
1325 1192 1376 1247 ἰν
1408 1191 1584 1247 πίστει
1629 1195 1714 1265 ζῇο
1763 1210 1934 1266 πρατ-

277 1287 418 1341 τέτω
447 1285 514 1339 τὰ
559 1291 661 1354 τῆς
710 1284 924 1357 ἀρετῆς,
960 1286 1197 1353 Χριστοῦ
1231 1283 1396 1356 μόνον
1426 1286 1626 1351 ζῶντος
1656 1279 1709 1336 ἐν
1765 1279 1925 1354 αὐτῇ,

282 1375 372 1430 καὶ
401 1374 468 1428 τὰ
515 1369 630 1426 ἴδια
670 1372 1034 1448 ἇνεργοῦντος,
1085 1369 1596 1445 συνεσταυρωμένον
1646 1373 1714 1443 τῇ
1757 1371 1932 1445 ἁμαρ-

279 1463 369 1534 τίᾳ
422 1466 640 1534 Χριστῷ
715 1461 805 1516 καὶ
878 1461 1064 1534 νεκρὸν
1151 1459 1515 1538 περιφέρουσα
1593 1462 1772 1530 σῶμα.
1835 1457 1932 1512 Καὶ

281 1550 562 1626 πραττὲτω
617 1549 684 1604 τὰ
733 1554 832 1620 τῆς
890 1547 1116 1617 ἐντολῆς
1166 1552 1263 1602 τοῦ
1307 1547 1566 1622 νυμφίου,
1617 1543 1708 1600 διὰ
1753 1547 1932 1616 πάσης

284 1639 528 1717 πράξεως
552 1639 615 1694 τὸ
644 1645 744 1708 τῆς
776 1641 962 1714 ψυχῆς
1006 1636 1214 1699 κάλλος
1276 1635 1657 1710 λαμπρότερον
1713 1635 1935 1712 ἀναφαί-

284 1750 466 1786 νουσα.
535 1729 698 1786 Ὅταν
756 1729 858 1803 γὰρ
918 1725 1227 1800 ἁπτομένου
1278 1729 1377 1780 τοῦ
1409 1725 1662 1796 σώματος
1694 1725 1770 1798 μή
1805 1745 1936 1796 συμ-

285 1819 428 1892 πάθῃ
483 1819 518 1886 ἡ
589 1817 744 1892 ψυχὴ
821 1815 958 1892 πρὸς
1026 1817 1123 1884 τὴν
1183 1819 1280 1870 τοῦ
1340 1813 1561 1890 ἄρρενος
1619 1813 1932 1891 φαντασίαν,

288 1906 412 1962 ἀλλ’
471 1907 809 1977 ἀναισθήτως
868 1905 1071 1980 τρόπον
1129 1925 1250 1959 τινα
1304 1904 1540 1973 ἅπτηται
1586 1900 1804 1971 τούτου,
1854 1923 1934 1956 νε-

284 1996 387 2070 κρὰ
421 1996 564 2068 μένει
594 1994 645 2049 tv
676 1993 854 2067 τούτῳ
882 1997 917 2064 ἠ
955 1990 1154 2064 ἡδονὴ,
1207 1992 1273 2047 οὐ
1327 1990 1625 2065 δυναμένου
1671 1995 1768 2045 τοῦ
1811 1984 1936 2061 ἔξω·

287 2098 373 2150 θεν
404 2085 710 2157 ἁπτομὲνου
757 2083 926 2154 αὐτὴν
969 2084 1107 2159 πρὸς
1151 2084 1214 2138 τὸ
1261 2083 1463 2138 οἰκεῖον
1505 2081 1673 2146 πάθος
1707 2079 1932 2155 ἰγεῖραι.

283 2175 445 2232 Οὕτω
499 2174 602 2250 γὰρ
657 2173 749 2228 καὶ
807 2171 858 2226 ἰν
912 2175 1029 2234 τοῖς
1084 2171 1351 2248 διωγμοῖς
1412 2169 1625 2228 ἔκδοτοι
1657 2170 1936 2246 παρθένοι,

285 2260 374 2318 διὰ
429 2265 529 2332 τήν
579 2262 700 2335 περὶ
747 2262 840 2316 τὸν
899 2263 1135 2340 νυμφίον
1193 2262 1376 2317 πίστιν
1433 2257 1674 2316 ἀσεϐέσιν
1732 2257 1938 2333 ἀνθρώο

282 2372 408 2415 ποις
464 2349 724 2420 δοθεῖσαι,
780 2350 815 2419 ἢ
875 2351 966 2404 καὶ
1018 2351 1085 2406 τὰ
1143 2353 1370 2424 σώματα
1400 2348 1628 2428 ἄφθοροι
1685 2347 1937 2426 διεφυλά-

283 2451 519 2516 χθησαν,
577 2444 672 2494 τοῦ
733 2437 801 2493 δι’
853 2438 910 2494 ὅν
962 2435 1171 2494 ἔνδοτοι
1229 2441 1474 2514 γενέσθαι
1535 2438 1838 2508 ὖπίστησαν
1871 2437 1933 2492 τὸ

279 2535 388 2584 τῶν
441 2524 643 2584 ἀσεϐῶν
687 2525 896 2604 ἀνδρῶν
943 2527 1284 2604 ἐπιχείρημα
1333 2528 1383 2582 ἂν
1435 2534 1553 2590 ταῖς
1605 2528 1786 2603 σαρξὶν
1838 2525 1932 2580 αὐ-

280 2616 388 2673 τῶν
439 2618 624 2694 νεκρὸν
675 2615 1094 2692 ἀπελέγξαντος,
1147 2617 1234 2672 καὶ
1277 2614 1486 2694 ἅφθορα
1529 2618 1729 2686 αὐτῶν,
1763 2616 1932 2694 φημὶ,

278 2708 369 2762 καὶ
423 2707 490 2762 τὸ.
533 2707 760 2780 σώματα
808 2706 941 2780 μετὰ
991 2706 1272 2782 τεραστίου
1322 2703 1624 2779 δυνάμεως,
1676 2703 1748 2760 δι’
1797 2701 1932 2759 ὅλου

279 2797 636 2873 φυλάξαντος·
689 2796 723 2865 ἢ
774 2793 1204 2870 ἐπιχειρηθεῖσαι
1255 2796 1332 2868 μὴ
1363 2794 1752 2868 συμπαθούσης
1793 2793 1931 2867 πρὸς

276 2887 380 2954 τὴν
435 2882 636 2954 ἡδονὴν
690 2891 788 2954 τῆς
845 2887 1052 2960 ψυχῆς,
1119 2884 1279 2958 νεκρὰ
1328 2886 1404 2958 (6)
1456 2883 1544 2938 καὶ
1592 2883 1659 2938 τὰ
1707 2883 1932 2954 σώματα

278 2972 502 3030 ἐδόκουν
557 2968 888 3048 ὑϐρίζεσθαι,
938 2971 1169 3051 ἄφθορον
1213 2973 1312 3041 τήν
1346 2973 1553 3048 ψυχὴν,
1587 2971 1646 3027 οὗ
1680 2990 1929 3047 συμμορ-

279 3063 561 3140 φουμένην
593 3067 661 3136 τῇ
714 3068 812 3118 τοῦ
863 3057 1180 3136 ὑϐρίζοντος
1227 3059 1424 3137 ἡδονῇ,
1473 3066 1552 3134 τῷ
1579 3061 1796 3138 νυμφίῳ
1839 3059 1928 3114 καὶ

276 3153 456 3208 πίστει
509 3155 596 3207 καὶ
640 3150 901 3228 παρθενίᾳ
952 3150 1332 3227 λαμπρότερον
1379 3148 1735 3221 ἰπιδείξασαι·
1802 3152 1926 3224 βου-

2044 571 2282 642 quidem
2307 573 2563 643 nonjam
2602 571 2746 628 vivit
2769 571 2828 626 in
2855 571 3017 629 illius
3057 589 3231 628 carne
3262 573 3491 630 feminea
3525 577 3694 634 volu-

2041 664 2190 732 ptas.
2226 661 2483 733 Excipiet
2513 667 2705 718 autem
2737 660 2861 717 sine
2909 661 3287 720 simulatione
3315 665 3571 736 fratrem,
3604 683 3696 723 se-

2043 751 2304 805 cundum
2333 754 2684 821 praceptum
2716 750 2958 820 Domini,
2983 750 3161 822 pedes
3184 750 3346 808 illius
3379 753 3581 810 lavans
3607 757 3650 796 ‘7
3679 774 3692 823 ;

2043 837 2220 894 alium
2255 838 2645 894 sollicitudine
2668 838 3028 910 indigentem
3063 848 3247 907 curet,
3280 843 3535 899 mortuis
3565 861 3695 900 cor-

2043 928 2200 999 poris
2232 928 2508 984 manibus
2539 931 2839 982 mortuum
2873 945 3086 1000 corpus
3117 933 3386 1002 tangens.
3406 933 3693 999 Quoniam

2041 1017 2196 1072 enim
2221 1016 2592 1072 mortiﬁcavit
2615 1017 2879 1072 membra
2893 1033 3020 1088 quae
3044 1024 3185 1072 sunt
3207 1035 3384 1090 super
3400 1023 3695 1086 terram",

2044 1122 2148 1162 nec
2171 1107 2296 1177 jam
2328 1106 2458 1178 ipsa
2489 1106 2755 1168 vivit.sed
2788 1105 2930 1162 vivit
2958 1105 3021 1161 in
3052 1122 3118 1162 ea
3149 1107 3504 1176 Christus,et
3535 1112 3691 1182 quod

2043 1182 2200 1250 nunc
2245 1195 2388 1250 vivit
2415 1194 2475 1250 in
2525 1211 2720 1261 carne,
2754 1195 2812 1249 in
2848 1195 2960 1250 ﬁde
3005 1195 3145 1250 vivit
3168 1195 3254 1264 *9;
3288 1203 3552 1254 exerceat
3587 1200 3695 1254 vir-

2041 1284 2187 1340 tutis
2235 1300 2428 1354 opera,
2463 1284 2693 1339 Christo
2725 1283 2915 1339 solum
2969 1284 3198 1340 vivente
3229 1285 3288 1339 in
3320 1285 3441 1353 illa,
3476 1290 3533 1342 et
3561 1304 3689 1359 quae

2043 1391 2147 1429 sua
2174 1377 2313 1430 sunt
2356 1377 2688 1445 peragente,
2719 1377 2955 1444 peccato
2981 1373 3325 1429 cruciﬁxum
3361 1391 3493 1431 cum
3525 1376 3694 1431 Chri-

2042 1467 2131 1519 sto
2162 1466 2220 1517 et
2250 1467 2548 1517 mortuum
2581 1477 2794 1534 corpus
2841 1462 3281 1518 circumferens.
3320 1465 3390 1518 Ac
3430 1465 3694 1535 perﬁciat

2044 1553 2323 1607 mandata
2381 1551 2606 1622 sponsi,
2668 1567 2770 1622 per
2825 1567 3061 1607 omnem
3133 1551 3424 1608 actionem
3487 1553 3698 1610 anima)

2042 1640 2543 1712 pulchritudinem
2603 1639 3062 1712 splendidiorem
3123 1640 3404 1696 efﬁciens.
3455 1643 3698 1707 Quando

2041 1731 2198 1786 enim
2245 1733 2398 1786 tacto
2430 1746 2672 1802 corpore
2702 1729 2949 1785 minime
2992 1730 3370 1802 perturbatur
3399 1729 3599 1786 anima
3625 1731 3698 1785 ad

2047 1818 2288 1874 masculi
2321 1819 2708 1892 speciem,sed
2735 1818 2863 1874 sine
2896 1835 3072 1875 sensu
3096 1819 3530 1890 quodammodo
3553 1818 3699 1875 illud

2048 1908 2256 1981 tangit,
2290 1913 2518 1964 mortua
2554 1911 2751 1962 manet
2780 1907 2840 1962 in
2873 1925 2940 1964 eo
2971 1907 3401 1980 voluptas,cum
3433 1925 3549 1986 non
3573 1925 3704 1981 pos-

2047 1998 2120 2054 sit
2150 1997 2207 2052 id
2242 1997 2396 2069 quod
2425 1997 2788 2052 extrinsecus
2817 1997 3102 2070 tangitur,
3136 2013 3264 2053 eam
3298 1997 3370 2054 ad
3404 1997 3701 2070 propriam

2044 2085 2400 2158 voluptatem
2436 2085 2808 2142 excitare.Sic
2830 2087 2987 2141 enim
3021 2091 3077 2141 et
3106 2086 3165 2141 in
3189 2087 3700 2158 persecutionibus

2046 2175 2370 2248 prostitutas
2392 2175 2750 2248 virgines,ob
2769 2175 2946 2231 ﬁdem
2979 2176 3039 2230 in
3073 2191 3359 2247 sponsum
3382 2175 3579 2246 impiis
3600 2176 3702 2232 ho-

2046 2264 2306 2320 minibus
2354 2264 2604 2332 tradite,
2637 2265 2725 2319 vel
2773 2264 3116 2336 corporibus
3164 2264 3514 2336 incorrupta:
3560 2269 3700 2320 sunt

2044 2357 2303 2422 servatae,
2335 2369 2423 2421 eo,
2458 2357 2695 2424 propter
2741 2368 2916 2423 quem
2959 2353 3110 2408 tradi
3161 2368 3276 2406 non
3326 2351 3695 2421 dubitabant,

2043 2443 2358 2514 impiorum
2392 2441 2697 2496 hominum
2718 2445 2997 2496 conatum
3032 2441 3090 2495 in
3122 2441 3384 2513 ipsorum
3419 2441 3697 2498 carnibus

2042 2531 2274 2586 irritum
2299 2547 2365 2585 ac
2385 2533 2683 2585 mortuum
2704 2530 3066 2594 reddente,et
3097 2529 3438 2602 incorrupta
3459 2530 3696 2586 illarum

2041 2621 2216 2676 etiam
2249 2636 2492 2692 corpora
2522 2617 2853 2675 admirabili
2872 2618 3087 2674 virtute
3107 2618 3346 2674 omnino
3370 2619 3700 2674 custodien-

2041 2713 2120 2775 te,
2154 2707 2241 2763 vel
2272 2708 2388 2762 vim
2419 2723 2627 2780 passae,
2662 2724 2776 2762 non
2810 2705 3210 2763 consentiente
3239 2705 3526 2779 voluptati
3566 2707 3698 2762 ani-

2041 2815 2153 2864 ma,
2185 2797 2452 2869 quamvis
2486 2801 2718 2852 mortua
2748 2814 2989 2870 corpora
3028 2795 3367 2852 viderentur
3412 2795 3691 2866 injuriam

2041 2886 2180 2961 pati,
2211 2887 2613 2958 incorruptam
2641 2886 2898 2941 animam
2929 2902 3033 2941 nec
3064 2886 3136 2941 ad
3166 2884 3523 2957 voluptatem
3555 2889 3682 2939 stu-

2041 2975 2290 3048 pratoris
2321 2975 2766 3043 conformatam,
2801 2991 3019 3046 sponso
3049 2990 3157 3029 suo
3189 2978 3246 3028 et
3286 2973 3398 3028 ﬁde
3431 2977 3488 3028 et
3513 2972 3690 3046 virgi-

2041 3066 2221 3120 nitate
2270 3062 2724 3135 splendidiorem
2779 3063 3109 3119 exhibuere.
3149 3064 3208 3118 In
3262 3061 3481 3134 quibus
3508 3061 3694 3118 voluit

2042 3156 2185 3210 forte
2230 3153 2520 3210 Dominus
2551 3152 2882 3219 ostendere,
2914 3168 3012 3208 eas
3065 3150 3494 3207 confessionem
3527 3150 3689 3206 omni

280 3240 545 3313 ληθιντος
603 3239 739 3302 ’ίσως
803 3239 856 3295 ὲν
913 3239 1095 3304 αὐτοῖς
1145 3237 1502 3311 ἐπιδείξασθαι
1557 3244 1652 3295 τοῦ
1705 3241 1926 3316 Κυρίου,

2046 3245 2188 3300 circa
2239 3259 2451 3314 corpus
2497 3240 2763 3297 exteriori
2811 3240 3003 3297 decori
3057 3240 3361 3313 praeferre;
3397 3240 3552 3296 unde
3583 3256 3690 3296 nec

279 3331 364 3386 ὅτι
413 3331 512 3399 τὴν
565 3328 640 3392 είς
683 3329 841 3384 αὐτὸν
895 3327 1192 3404 ὁμολογίαν
1241 3349 1557 3405 προτιμωσι
1603 3331 1802 3392 παντὸς
1833 3334 1930 3384 τοῦ

277 3420 402 3496 περὶ
482 3423 644 3493 σῶμα
711 3422 910 3492 σεμνοῦ
980 3421 1328 3495 φαινομένου·
1407 3420 1533 3474 οὑτε
1586 3419 1684 3487 τήν
1745 3419 1929 3495 ψυχὴν

278 3510 421 3585 πρὸς
465 3511 564 3578 τήν
632 3506 854 3584 ἄρνησιν
920 3507 1224 3586 φθείρασαι,
1285 3505 1407 3563 οὔτε
1461 3508 1528 3562 τὰ
1585 3508 1810 3582 σώματα
1863 3505 1932 3562 δι’

282 3599 357 3652 ὧν
410 3597 472 3652 οὗ
524 3597 888 3666 συνεπάθησαν
937 3597 1005 3670 τῇ
1058 3594 1230 3670 ἧδονῇ
1279 3598 1395 3651 καθ’
1444 3594 1578 3650 ὅλου
1627 3599 1929 3675 φθαρεῖσαι.

285 3684 351 3743 Et
403 3706 465 3761 γε
536 3687 611 3758 μή
671 3706 749 3747 νις
807 3683 898 3739 τύν
981 3685 1083 3740 ὑπὸ
1137 3683 1369 3740 ἐκτόπου
1427 3685 1620 3758 μανίας
1671 3687 1930 3760 παρθένον

283 3775 716 3853 ὶσφαγιασμὲνην
795 3769 1027 3848 ὑϐρίζειν
1103 3774 1440 3849 βουλόμενον
1527 3775 1762 3852 φθείρειν
1846 3773 1932 3830 διὰ

281 3872 382 3934 τῆς
451 3865 590 3938 πρὸς
662 3864 762 3932 τὴν
842 3863 1030 3940 νεκρὰν
1098 3863 1294 3936 μίξεως
1349 3863 1567 3934 λέξειεν.
1629 3863 1932 3932 Αίκίζεσθνι

285 3951 385 4026 μὲδ
414 3953 517 4029 γὰρ
547 3951 609 4007 ἂν
651 3949 868 4006 δύναιτο
915 3951 1140 4023 ταύτην,
1190 3952 1424 4030 φθείρειν
1473 3950 1531 4006 δὲ
1561 3952 1729 4021 αὐτὴν
1779 3951 1932 4008 οὐδά-

281 4064 415 4098 ποτε
625 4041 846 4096 Ἑαυτὸν
923 4041 1018 4115 μὶν
1086 4045 1188 4117 γὰρ
1241 4043 1445 4121 φθείρει
1496 4043 1586 4098 καὶ
1640 4045 1931 4122 φθείρεται*

280 4128 518 4208 ἄφθορος
571 4127 628 4185 δὲ
687 4129 824 4186 ἐστιν
875 4133 909 4201 ἡ
977 4131 1240 4208 παρθένος
1286 4136 1474 4208 ψυχῆς
1526 4134 1600 4205 μὴ
1632 4131 1930 4207 παρούοης.

280 4223 352 4289 ᾝ
401 4222 590 4293 ὅμοιαι
669 4221 722 4275 αἱ
796 4220 848 4275 ἐν
914 4226 1030 4283 τοῖς
1096 4219 1364 4296 διωγμοῖς
1423 4222 1511 4276 καὶ
1569 4222 1705 4276 κατὰ
1759 4228 1933 4276 πᾶσαν

282 4310 595 4386 περίστασιν
669 4310 758 4364 ὑπ’
821 4308 1030 4387 ἀνδρῶν
1112 4310 1537 4386 ἐνοχλούμεναι,
1617 4312 1716 4380 τὴν
1799 4312 1935 4366 κατὰ

285 4399 453 4475 σαρκο
536 4399 796 4474 νέκρωσιν
873 4396 1093 4474 ἔχουσαι
1155 4403 1251 4474 (8),
1307 4400 1401 4455 κᾶν
1461 4401 1642 4456 ὁτιοῦν
1705 4400 1930 4475 πάσχω-

285 4509 365 4543 σιν
420 4489 521 4560 (9),
555 4489 778 4566 ἄφθοροι
839 4485 1200 4562 διαμένουσιν.
1257 4491 1318 4546 Ὀ
1358 4491 1460 4566 γὰρ
1506 4485 1801 4566 προλαϐὼν
1832 4497 1933 4558 τῆς

2042 3333 2300 3388 animam
2328 3331 2592 3402 negando
2617 3334 3137 3402 corruperunt,nec
3167 3329 3688 3402 corporibus,dum

2041 3420 2324 3493 voluptati
2358 3436 2471 3475 non
2505 3418 2906 3490 consentiunt,
2929 3417 3226 3474 ullatenus
3253 3417 3693 3490 corruptaNiei

2043 3511 2176 3584 quis
2199 3526 2302 3583 per
2318 3509 2638 3564 immanem
2660 3508 2952 3564 insaniam
2974 3507 3184 3580 virgini
3201 3509 3691 3582 occisastuprum

2043 3600 2256 3655 inferre
2309 3597 2532 3662 volens,
2565 3613 2940 3670 corrumpere
3000 3596 3160 3652 illam
3204 3614 3307 3668 per
3353 3597 3512 3653 hunc
3556 3614 3692 3654 cum

2043 3693 2273 3744 mortua
2320 3687 2697 3743 concubitum
2755 3686 3004 3742 dicatur.
3039 3691 3179 3742 Nam
3214 3686 3420 3759 plagas
3452 3688 3691 3758 quidem

2043 3778 2124 3832 illi
2179 3778 2391 3832 inferre
2441 3777 2651 3847 possit,
2687 3791 3060 3846 corrumpere
3110 3792 3244 3830 vero
3294 3793 3692 3847 nequaquam.

2044 3867 2152 3923 Sed
2187 3883 2248 3920 se
2281 3865 2407 3937 ipse
2437 3864 2762 3936 corrumpit
2803 3867 2860 3918 et
2889 3864 3328 3934 corrumpitur;
3356 3863 3696 3934 incorrupta

2043 3959 2237 4009 autem
2267 3956 2358 4007 est
2384 3952 2546 4022 virgo
2579 3951 2775 4004 anima
2809 3967 2922 4005 non
2958 3955 3259 4021 prasente.
3297 3950 3442 4004 Huic
3473 3950 3698 4006 similes

2044 4046 2202 4112 sunt,
2227 4057 2353 4112 quin
2386 4040 2446 4094 in
2477 4038 2990 4112 persecutionibus
3020 4044 3119 4093 aut
3149 4037 3409 4110 quolibet
3438 4043 3700 4112 tempore

2045 4129 2375 4186 molestiam
2412 4145 2444 4183 a
2471 4127 2614 4184 viris
2647 4144 2856 4200 passas,
2889 4143 3020 4182 cum
3055 4142 3229 4182 carne
3277 4127 3399 4182 sint
3429 4133 3696 4199 mortuis,

2046 4218 2332 4292 quidquid
2357 4235 2541 4290 passm
2566 4216 3158 4288 fuerint,incorrupt¢e
3173 4216 3694 4290 permanent.Nam

2045 4307 2404 4382 prmteritum
2433 4305 2558 4360 vitae
2578 4307 2837 4361 asceticze
2861 4309 3096 4377 tempus
3123 4304 3265 4360 satis
3296 4321 3394 4361 eae
3426 4305 3496 4359 ad
3527 4320 3697 4377 expe-

2044 4397 2314 4453 rientiam
2369 4395 2661 4464 excitavit,
2693 4400 2756 4450 ut
2804 4395 2861 4449 in
2912 4411 3086 4450 carne
3124 4395 3406 4462 viventes,
3438 4410 3552 4450 non
3604 4409 3696 4450 se-

2045 4487 2304 4543 cundum
2359 4501 2591 4542 carnem
2628 4483 2880 4539 militent
2910 4484 2970 4538 ⁵⁰.
3009 4483 3229 4540 Idcirco
3277 4488 3514 4540 caeteras
3562 4500 3694 4556 pro-

281 4579 561 4648 ἀσκήσεως
605 4578 829 4652 χρόνος,
888 4577 1168 4654 αὐτάρκως
1209 4578 1372 4641 αὐτὰς
1421 4579 1560 4656 πρὸς
1608 4581 1707 4648 τήν
1741 4585 1930 4655 πεῖραν

2046 4579 2315 4632 vocantes
2347 4574 2415 4628 ad
2451 4574 2703 4628 similem
2737 4572 3014 4628 virtutem
3058 4572 3228 4628 aiunt
3258 4591 3270 4627 :
3303 4575 3522 4645 Spiritu
3566 4589 3697 4627 am-

283 4665 600 4740 ἐγύμνασεν,
669 4664 742 4720 'tv'
819 4666 869 4720 ἐν
941 4666 1099 4742 σαρκὶ
1176 4673 1364 4736 ζῶσαι,
1437 4670 1511 4740 μή
1572 4670 1704 4723 κττὰ
1763 4666 1933 4743 σάρκα

286 4776 701 4831 στρατευωνται.
777 4757 872 4811 Διὸ
947 4757 1034 4811 καὶ
1092 4761 1210 4818 ταῖς
1263 4756 1484 4818 λοιπαῖς
1548 4759 1931 4835 ὑποφωνοῦσαι

285 4845 420 4921 πρὸς
471 4846 569 4914 τήν
626 4844 821 4918 ὁμοίαν
883 4846 1101 4920 ἀρετὴν,
1158 4847 1309 4924 φασὶ,
1369 4852 1640 4920 Ηνευματι
1700 4867 1928 4922 περιπα-

281 4939 445 5006 τεῖτε,
531 4935 620 4989 καὶ
706 4933 992 5007 ἐπιθυμίαν
1071 4935 1265 5010 σαρκὸς
1347 4935 1410 4990 οὗ
1487 4936 1562 5008 μὴ
1635 4935 1928 5005 τελέσητε.

287 5023 495 5079 Οὐκοῦν
555 5025 674 5078 ὅσαι
725 5028 993 5094 τοιαῦται,
1054 5021 1436 5095 δεικνύτωσαν,
1497 5023 1934 5100 φημὶπῖιαὶδιὰ

2044 4666 2248 4734 bulate,
2279 4672 2332 4718 et
2360 4662 2632 4718 desideria
2660 4663 2847 4717 carnis
2873 4679 2943 4717 ne
2971 4663 3273 4734 perﬁciam
3304 4662 3520 4727 “.Quas
3551 4661 3696 4716 tales

2044 4759 2203 4824 sunt,
2237 4753 2645 4808 demonstrent
2676 4753 2829 4807 666
2861 4751 3035 4805 ctiam
3070 4751 3324 4822 hospitio
3369 4751 3696 4806 fraternum

2041 4859 2322 4901 amorem.
2355 4840 2657 4912 Siquidem
2685 4845 2742 4894 et
2772 4839 2958 4894 Maria
2984 4840 3162 4911 pedes
3193 4839 3425 4895 Domini
3455 4839 3697 4895 deoscu-

2042 4936 2171 4990 lans
2201 4933 2404 4996 ",non
2425 4933 2490 4984 ut
2511 4929 2769 4985 hominis
2792 4929 2991 5000 pedes,
3026 4929 3126 4983 sed
3164 4933 3229 4983 ut
3258 4928 3489 4983 Domini
3522 4945 3694 4985 oscu-

2042 5025 2295 5087 labatur,
2326 5023 2578 5075 veterem
2611 5018 2846 5088 quidem
2880 5017 3137 5072 incendii
3169 5017 3524 5090 voluptatem
3559 5035 3696 5090 pru-

355 5176 396 5211 ‘7
426 5175 596 5231 Joan.
628 5192 752 5243 xm,
787 5176 872 5232 14.
949 5177 992 5216 ⁸⁸
1019 5175 1138 5232 Col.
1172 5193 1256 5247 ιιι,
1288 5178 1341 5233 5.
1420 5178 1465 5213 ⁸³
1495 5177 1622 5233 Gal.
1656 5195 1717 5244 ιι,
1748 5179 1838 5234 20.
1915 5179 1932 5214 ⁸

2069 5179 2197 5233 Cor.
2228 5191 2284 5241 ιι,
2318 5173 2372 5227 3.
2448 5171 2492 5207 ⁵1
2522 5169 2647 5226 Gal.
2679 5186 2734 5237 v,
2761 5170 2850 5226 46.
2926 5169 2971 5205 ⁸³
3003 5170 3143 5227 Luc.
3174 5185 3276 5238 vn,
3305 5170 3395 5225 25.

357 5327 651 5402 (6)Νεκρά.
702 5329 1346 5402 Codex_Mazarinasua,
1394 5350 1514 5386 καν.
1565 5333 1698 5397 Quae
1749 5331 1935 5402 scrip-

282 5401 416 5526 tuga
444 5399 612 5457 valde
643 5401 862 5457 arridet
889 5400 1366 5468 Combeﬁsio,sed
1400 5420 1504 5458 cur
1533 5405 1787 5459 arrideat
1819 5399 1933 5460 non

285 5487 336 5525 v1
385 5489 473 5526 eo.

285 5487 473 5529 V1080.

354 5545 430 5670 $7)
464 5538 756 5625 Ορδἐποτε.
793 5543 1068 5631 Nonnulli
1118 5545 1367 5628 codices,
1401 5541 1769 5600 οὐδεπώποτε.
1805 5545 1937 5602 Mox

354 5645 356 5660 ›
385 5618 668 5670 bertmus.
700 5613 842 5669 ἐστιν
877 5616 910 5670 ἦ
943 5616 1224 5670 παρθενία.
1259 5619 1477 5670 Ibidem
1532 5636 1682 5670 unus
1723 5636 1790 5670 ex
1822 5619 1932 5670 Re—

283 5613 668 5683 Colbertinus,
700 5613 842 5669 ἐστὶν
877 5616 910 5686 ἠ
943 5616 1224 5690 παρθενία.
1258 5613 1477 5675 Ibidem
1532 5636 1682 5675 unus
1723 5636 1790 5675 ex
1821 5619 1932 5674 Re—

287 5685 420 5757 giis,
451 5686 486 5757 ἢ
514 5686 728 5762 ὅμοιαι.

2118 5328 2194 5399 (8)
2223 5323 2704 5399 ’Exoucat.__Haec
2734 5323 3070 5399 _scriptura,
3125 5322 3396 5399 quamvis
3453 5319 3514 5399 in
3573 5315 3698 5373 solo

2045 5393 2373 5457 Colb'erti'no
2406 5404 2463 5452 et
2492 5395 2603 5452 alio
2635 5413 2702 5450 ex
2734 5393 2928 5467 Regiis
2961 5393 3479 5467 reperiatur,longe
3501 5396 3700 5446 tamen

2045 5472 2406 5547 praeferenda
2433 5468 2705 5547 vulgata,
2740 5466 2914 5547 θῦσαι.
3029 5466 3041 5467 ί
3516 5533 3556 5547 ﬁ

2116 5531 2701 5617 (9)11ἀσχωσιν“8ἱο⁷
2748 5539 3007 5611 plerique
3059 5551 3263 5590 omnes
3316 5549 3461 5588 mss.
3516 5531 3689 5603 Editi,

2045 5617 2356 5671 πάσνουσιν.
