4134 6224
440 343 555 404 7⁵15
1384 323 1782 390 APPENDIX
1823 320 2154 388 OPERUM
2195 323 2265 385 S.
2310 325 2603 390 BASILII
2651 326 2930 392 MAGNI.
3737 326 3874 388 ’ΠΟ

435 476 640 532 denter
665 470 727 526 in
753 484 816 525 se
845 465 1228 538 exstinguens
1274 458 1550 533 lacrymis
1581 462 1637 516 et
1679 472 2060 529 compescens

2234 453 2498 526 εξιώσεως
2549 458 2614 514 τὸ
2669 456 3031 539 φιλάδελφον.
3091 460 3242 517 Ἐπεὶ
3296 457 3386 516 καὶ
3416 460 3453 529 ἡ
3511 456 3702 534 Μαρία
3727 459 3866 520 τοὺς

435 579 633 622 amore
662 563 857 615 autem
889 557 947 613 in
978 553 1294 612 Dominum
1326 555 1384 607 et
1412 548 1632 608 sanctis
1664 547 1879 605 osculis
1908 546 2067 619 spiri.

2240 543 2366 609 όδας
2392 551 2554 603 τοῦτο
2589 549 2788 624 Κυρίου
2834 548 3092 628 φιλοῦσα,
3120 549 3228 624 οὐχ
3283 549 3359 612 ὡς
3411 545 3604 624 ἀνδρὸς
3659 543 3869 619 πόδας,

433 659 560 711 tum
592 652 650 706 in
690 648 887 706 anima
933 645 1254 718 prudenter
1301 640 1648 698 accendens.
1680 636 1924 694 Vivebat
1973 634 2065 708 igi-

2235 631 2321 689 λλ⁹
2369 633 2443 698 ὡς
2494 636 2698 712 Κυρίου
2742 631 2939 716 ἕφίλειο
2991 643 3105 701 τοῖς
3159 639 3255 711 μὲν
3307 635 3526 712 δάκρυσι
3586 638 3688 706 τὴν
3751 657 3867 692 πα-

429 748 528 798 tur
557 739 854 812 spiritu,et
882 735 1092 807 spiritu
1125 731 1438 788 ambulans
1467 731 1512 765 ⁸³
1534 735 1586 784 el
1616 726 1770 784 circa
1798 741 2061 798 sponsun

2235 722 2352 812 αιᾶν
2371 730 2474 794 τῆς
2496 732 2764 802 πυρκαϊᾶς
2815 725 3022 797 ἡδονὴν
3072 725 3124 783 ἐν
3171 726 3306 800 αὐτῇ
3352 725 3636 804 φρονίμως
3692 747 3867 781 κατα-

431 806 631 887 omnia
656 844 759 900 pro
791 806 1044 898 peccatis
1075 821 1202 878 suis
1245 821 1562 893 prudenter
1591 832 1821 890 gerens.
1853 815 2063 870 Mortul

2234 806 2523 869 ὅεννύουσά
2598 837 2656 870 τε
2733 817 2821 872 καὶ
2902 815 3260 891 μαραίνουσα,
3327 820 3397 890 τῇ
3457 813 3516 870 δὲ
3572 815 3704 892 περὶ
3762 817 3866 871 τὸν

431 924 625 977 autem
674 918 798 972 erat
819 915 1078 985 peccato,
1106 926 1242 966 cum
1272 907 1454 964 maris
1498 911 1555 962 et
1600 905 1831 962 feminae
1861 903 2063 976 cogita.

2241 901 2388 978 ύριον
2423 900 2655 960 διαθέσει
2714 904 2804 961 καὶ
2859 911 2976 968 τοῖς
3029 905 3200 980 ἁγίοις
3262 904 3535 984 φιλήμασι
3576 905 3639 960 τὸ
3703 903 3753 959 ἓν
3791 909 3868 978 τῇ

425 1010 644 1065 tionem
678 1005 739 1060 in
787 1005 946 1059 tactu
999 1001 1214 1072 pedum
1247 1002 1304 1054 et
1351 996 1572 1053 osculis
1605 998 1764 1050 metu
1814 992 2057 1064 perculsa

2237 995 2348 1066 υχῇ
2406 997 2616 1067 πνεῦμα
2673 994 2955 1073 φρονίμως
3014 996 3340 1051 ἁνάπτουσα.
3398 996 3534 1064 ’Έζη
3603 994 3700 1067 μὶν
3765 993 3865 1049 οὖν

428 1096 791 1155 sustulisset.
2193 1079 2481 1154 πνεύματι,
2560 1083 2650 1138 καὶ
2721 1085 2985 1158 πνεύματι
3046 1089 3365 1161 στοιχοῦσα,
3423 1084 3515 1139 καὶ
3575 1084 3703 1159 περὶ
3763 1085 3866 1138 τὸν

425 1183 654 1262 νυμφίον
717 1183 923 1235 ἅπαντα
983 1177 1114 1251 ὑπὲρ
1173 1179 1280 1230 τῶν
1343 1175 1536 1262 εαυτῆς
1595 1174 1873 1247 ἁμαρτιῶν
1934 1167 2068 1242 μετὰ
2123 1169 2386 1233 συνέσεως
2439 1173 2768 1248 πράττουσα.
2820 1174 2998 1250 Νεκρὰ
3071 1171 3130 1228 δὶ
3185 1176 3250 1243 ἦν
3318 1175 3388 1247 τῇ
3447 1172 3693 1250 ἁμαρτίᾳ
3751 1173 3866 1240 τήν

426 1257 777 1342 νοῧνθήλεός
831 1290 890 1324 τε
936 1268 1023 1323 καὶ
1076 1264 1301 1342 ἄρῥενος
1363 1259 1607 1318 ἔννοιαν·
1645 1261 1730 1316 ἐπὶ
1807 1265 1909 1329 τῆς
1987 1259 2128 1336 ἁφῆς
2199 1263 2308 1314 τῶν
2388 1259 2574 1318 ποδῶν
2631 1262 2722 1318 καὶ
2773 1267 2880 1319 τῶν
2936 1260 3268 1341 φιλημάτων
3323 1257 3584 1341 ἐμφόῧως
3640 1265 3866 1338 νεκρὼ-

428 1383 588 1420 σασα.

493 1454 584 1510 53.
618 1452 846 1520 Tangat
871 1462 1007 1520 ergo
1041 1462 1168 1518 quae
1201 1443 1337 1500 talis
1362 1446 1473 1510 est,
1510 1445 1568 1498 et
1600 1455 1740 1513 erga
1769 1437 2082 1495 Dominum

2260 1439 2350 1496 53.
2408 1439 2686 1496 ’Δπτέσθω
2747 1441 2860 1511 οὗν,
2905 1441 3072 1518 φημὶ,
3123 1442 3158 1510 ἡ
3211 1438 3440 1508 τοιαύτη
3502 1439 3554 1494 εἴ
3597 1437 3682 1501 τίς
3744 1440 3862 1494 πού

426 1544 782 1616 praeceptum
857 1535 1122 1608 impleat.
1179 1533 1526 1604 Ubicunque
1597 1533 1794 1586 autem
1853 1531 2058 1598 tangat

2228 1547 2304 1582 στι
2350 1531 2438 1584 καὶ
2483 1529 2732 1600 τοιαύτη,
2781 1529 2870 1586 καὶ
2922 1531 3018 1599 τὴν
3078 1527 3218 1606 πρὸς
3247 1531 3345 1584 τὸκ
3389 1529 3581 1606 Κύριον
3615 1527 3860 1598 ἐντολὴν

422 1615 600 1690 etiam
634 1646 760 1702 quas
785 1626 922 1683 talis
953 1629 1063 1693 est,
1097 1623 1414 1696 prudenter
1449 1619 1670 1693 vigilet,
1704 1635 1778 1674 ne
1807 1617 1954 1673 forte
1984 1633 2054 1672 as

2221 1616 2575 1692 κπληρούτω.
2627 1620 2937 1692 ’Λπτομενη
2973 1617 3030 1674 δὶ
3055 1619 3393 1695 ἁπανταχοῦ,
3426 1618 3517 1674 καὶ
3550 1621 3586 1688 ἡ
3615 1619 3853 1687 τοιαύτη

421 1721 592 1777 siduo
642 1719 914 1774 contactu
948 1712 1228 1786 paulatim
1277 1710 1549 1782 voluptas
1599 1724 1667 1764 ex
1710 1706 1989 1762 carnibus
2020 1703 2053 1759 il

2233 1708 2475 1783 ρονίμως
2525 1711 2760 1788 νηφὲτω,
2800 1711 3014 1782 μήποτε
3069 1709 3350 1782 ἁπτομένη
3411 1712 3658 1784 συνεχῶς
3711 1709 3859 1763 κατὰ

423 1811 615 1884 ipsam
664 1806 811 1863 clam
865 1804 1191 1874 subrepat:
1246 1800 1414 1872 eique
1447 1815 1556 1854 usu
1605 1796 1884 1862 inveniat,
1918 1793 2044 1848 illiu

2219 1797 2373 1872 ιραχὺ
2418 1795 2555 1884 ξρψῃ
2608 1798 2668 1853 ἐκ
2725 1803 2934 1873 σαρκῶν
2982 1797 3058 1860 εἷς
3118 1797 3284 1867 αὐτὴν
3339 1795 3616 1872 λαθραίως
3645 1795 3851 1867 ἡδονὴ,

422 1882 908 1979 νεοπαωοῐιεω,
943 1892 1098 1964 quod
1130 1888 1324 1946 absit!
1359 1888 1553 1944 dicere
1589 1904 1601 1942 :
1657 1885 1942 1940 Veniente
1971 1899 2048 1938 au

2218 1882 2485 1961 ,αἰσυμῧῇ
2540 1887 2674 1962 αύτῇ
2732 1888 2834 1943 ὑπὸ
2889 1891 2985 1942 τοῦ
3031 1887 3116 1942 ἰοῦ
3171 1885 3368 1952 ταύτης
3429 1884 3753 1963 δηχθεῖσαν,
3819 1885 3850 1940 δ

422 1994 538 2045 tem
592 1972 893 2057 voluptate
951 1986 1256 2054 peccatum
1313 1977 1657 2034 revixit“:
1715 1989 1822 2045 ego
1881 1976 2054 2028 auten

2213 1975 2268 2044 ιὴ
2323 1975 2580 2052 γένοιτοί
2638 1976 2837 2052 Λέγειν⁶
2898 1974 3196 2043 Ἐλθούσης
3264 1972 3325 2030 δὲ
3379 1982 3479 2046 τῆς
3531 1972 3740 2045 ἡδονῆς
3809 1977 3845 2046 ἡ

423 2080 658 2134 mortua
701 2089 835 2130 sum
865 2071 930 2138 ⁸⁵,
962 2074 1015 2126 et
1051 2071 1402 2141 praeceptum
1435 2063 1766 2133 cbaritatis,
1801 2061 1955 2134 quod
1988 2077 2051 2116 es

2212 2063 2426 2141 ιμαρτία
2504 2065 2778 2136 ἀνέζησεν·
2857 2064 2962 2142 ἐγὼ
3035 2063 3093 2121 δὲ
3161 2064 3444 2136 ἀπίθανον,
3493 2065 3585 2119 καὶ
3646 2065 3844 2137 εὑρέθη

421 2169 494 2224 ad
525 2166 728 2231 vitam,
778 2162 972 2234 ipsum
1004 2158 1150 2214 mihi
1203 2158 1507 2212 inventum
1555 2157 1646 2210 est
1685 2153 1754 2207 ad
1809 2154 2052 2207 mortem

2215 2175 2286 2209 ιοι
2333 2156 2369 2224 ἡ
2427 2152 2624 2225 ἐντολὴ
2655 2162 2754 2225 τῆς
2789 2154 3026 2230 ἀγάπης,
3067 2157 3101 2224 ἡ
3154 2154 3230 2218 είς
3265 2156 3433 2224 ζωὴν,
3466 2153 3601 2224 αὕτη
3635 2153 3716 2218 εἷς
3743 2155 3847 2219 θά-

421 2257 568 2312 Nam
619 2254 667 2310 si
713 2251 825 2324 ipsi
877 2247 1069 2321 angeli
1117 2247 1357 2316 cadunt,
1390 2246 1492 2316 qui
1541 2241 1794 2314 aequales
1851 2237 2053 2311 angeli:

2220 2263 2367 2298 ατον.
2427 2243 2487 2298 Ei
2547 2245 2648 2319 γὰρ
2704 2244 2795 2298 καὶ
2853 2244 2902 2298 οὶ
2961 2242 3189 2319 ἄγγελοι
3266 2243 3720 2312 καταπίπτουσιν,
3794 2245 3848 2298 οἳ

421 2349 580 2414 sunt,
613 2342 846 2414 lapsum
905 2338 1089 2394 multo
1152 2336 1340 2409 magis
1399 2337 1658 2391 metuere
1718 2331 1958 2395 debent,
2004 2346 2053 2383 ω

2215 2330 2464 2407 σάγγελοι
2521 2333 2584 2388 τὸ
2639 2337 2841 2406 πτῶμα
2864 2331 3064 2406 πολλῷ
3121 2331 3333 2406 μᾶλλον
3377 2327 3657 2410 φοϐεῖσθαι
3692 2332 3847 2411 ὀφεί-

421 2435 567 2488 forte
597 2437 910 2502 postquam
955 2425 1210 2499 aaquales
1263 2423 1489 2496 angelis
1529 2420 1886 2493 virginitatis
1914 2434 2048 2474 exer

2217 2441 2366 2490 .ουσι,
2433 2423 2646 2494 μήποτε
2691 2422 2828 2478 κατὰ
2873 2423 2934 2477 τὸ
2969 2419 3294 2499 ίσαγγὶλους
3353 2421 3547 2484 αὐτοὺς
3577 2420 3646 2496 τῇ
3677 2422 3849 2493 ἀσκή-

421 2520 696 2577 citatione
755 2516 994 2580 fuerint,
1046 2515 1308 2570 videntes
1366 2511 1520 2567 ﬁlias
1577 2508 1886 2566 hominum
1947 2505 2046 2579 pul

2221 2530 2266 2564 ει
2313 2512 2412 2580 τῆς
2461 2510 2750 2587 παρθενίας
2805 2510 3068 2587 γενέσθαι,
3129 2508 3337 2574 ἰδόντες
3392 2512 3488 2572 τὰς
3547 2509 3849 2586 θυγατέρας

420 2611 593 2667 obras
623 2623 748 2664 esse
777 2605 843 2676 ⁸⁸,
876 2605 948 2661 ad
999 2620 1099 2660 eas
1148 2619 1250 2674 per
1296 2599 1490 2658 carnis
1539 2598 1866 2669 voluptates
1916 2595 2047 2652 dela

2217 2603 2289 2653 ῶν
2324 2600 2621 2674 ἅνθρώπων
2682 2599 2764 2655 ὅτι
2813 2597 2999 2673 καλαὶ,
3045 2599 3181 2676 πρὸς
3205 2599 3368 2660 αὐτὰς
3416 2596 3506 2654 διὰ
3550 2603 3658 2654 τῶν
3712 2619 3845 2675 σαρ-

419 2701 659 2765 bantur,
694 2694 898 2765 eisque
946 2692 1178 2748 dicatur
1210 2707 1222 2745 :
1257 2691 1366 2759 Ego
1394 2688 1520 2744 dixi
1549 2705 1568 2744 :
1597 2688 1689 2742 Dii
1719 2687 1847 2742 estis
1886 2689 1934 2742 et
1966 2685 2051 2756 ﬁli

2209 2688 2276 2750 ιὸς
2301 2685 2516 2758 ἡδονῶν
2583 2684 2883 2757 καταϐῶσι⁹
2943 2687 3032 2744 καὶ
3078 2688 3220 2765 ῥηθῇ
3277 2689 3480 2752 αὐτοῖς’
3511 2689 3660 2762 Ἐγὼ
3692 2687 3841 2744 εἴπω

417 2787 645 2844 Excelsi
673 2784 983 2841 omnes.Vo.s
1011 2783 1195 2837 autem
1218 2779 1289 2834 ad
1321 2793 1390 2834 ea
1420 2793 1547 2848 qua
1579 2774 1774 2832 carnis
1805 2778 1946 2830 sunt
1975 2774 2046 2830 de

2215 2777 2304 2832 θεοί
2368 2776 2484 2833 ἐστε
2557 2778 2647 2834 καί
2723 2779 2833 2834 υἱοὶ
2917 2777 3169 2852 Ὑψίστου
3250 2777 3465 2840 πάντες.
3539 2779 3725 2850 Ὑμεῖς
3787 2774 3847 2833 δὶ

355 2921 358 2928 .
419 2876 592 2948 lapsi,
622 2875 765 2930 sicut
794 2872 1042 2928 homines
1075 2867 1362 2925 morimini
1385 2875 1438 2922 et
1467 2868 1613 2922 sicut
1640 2880 1785 2920 unus
1815 2865 1886 2920 de
1914 2881 1984 2934 pr

2214 2867 2266 2922 ni
2323 2869 2390 2923 τὰ
2446 2869 2640 2944 σαρκὸς
2697 2865 2809 2923 ἴδια
2860 2864 3026 2923 πάλιν
3088 2866 3572 2938 ὑπολισθήσαντες,
3614 2867 3693 2928 ὡς
3751 2865 3846 2932 ἄν·

420 2965 635 3037 cipibus
665 2962 866 3019 ceditis
897 2960 1158 3024 ".Quare
1190 2956 1373 3013 multo
1405 2954 1745 3028 praeclarius
1777 2957 1867 3010 est
1894 2952 2052 3024 Virgil

2210 2977 2393 3032 parum
2479 2959 2862 3028 ἀποθνήσκετε,
2941 2958 3032 3012 καὶ
3106 2958 3182 3018 ὡς
3249 2955 3324 3019 εἷς
3391 2961 3498 3011 τῶν
3550 2956 3842 3032 ἀρχόντων

423 3071 557 3112 nem
589 3071 708 3110 suae
739 3051 930 3123 ipsius
961 3047 1258 3106 securitati
1292 3045 1689 3118 providentem
1736 3048 1793 3100 et
1822 3042 2055 3098 alioruu

2214 3045 2422 3103 ;ίπτετε.
2504 3050 2665 3101 Ὥστε
2736 3046 2936 3119 πολλῷ
3006 3045 3238 3102 κάλλιον
3294 3049 3392 3116 τήν
3453 3045 3723 3122 παρθένον
3780 3047 3846 3101 τὸ

421 3141 847 3200 oti‘endiculum
875 3135 1466 3208 caventem,undique
1495 3134 1568 3190 ab
1599 3132 1759 3189 omni
1790 3148 2052 3188 commer

2209 3135 2417 3211 ισφαλὶς
2467 3135 2628 3212 ἑαυτῇ
2683 3135 2778 3190 καὶ
2822 3135 3167 3208 ἀπρόσκοπον
3215 3140 3323 3190 τῶν
3380 3135 3634 3210 ὁρώντων
3696 3154 3841 3210 πρα-

423 3233 510 3288 cio
543 3231 862 3302 prudenter
909 3228 1237 3298 sejunctam
1283 3240 1412 3281 esse
1444 3240 1458 3278 :
1491 3222 1574 3278 ita
1603 3226 1668 3278 ut
1714 3221 1882 3277 malit
1911 3221 2055 3277 inur-

2209 3223 2610 3298 ’ματευομένην,
2688 3224 3025 3300 πανταχόθεν
3103 3224 3454 3296 ἀνεπίμικτον
3521 3225 3675 3278 εἶναι·
3752 3225 3841 3279 αἱ-

420 3318 702 3377 banitatis
749 3315 1236 3388 reprehensiones
1287 3313 1596 3379 sustinere,
1631 3325 1809 3381 quam
1857 3309 1930 3364 ad
1979 3325 2047 3364 vo

2208 3315 2454 3387 νουμένην
2482 3314 2576 3376 τὰς
2606 3313 2692 3368 ἐπὶ
2740 3319 2821 3385 τῷ
2878 3309 3074 3386 ἁδεξίῳ
3136 3311 3368 3386 μέμψεις
3431 3312 3739 3388 βαστάζειν,
3804 3315 3840 3383 ἦ

421 3409 710 3480 luptatem
754 3409 856 3461 aut
904 3403 1238 3476 aliquorum
1291 3402 1577 3457 damnum
1629 3397 1891 3455 abstrahi
1931 3421 1946 3467 ς
2006 3414 2053 3454 ω

2213 3403 2317 3478 πρὸς
2375 3401 2582 3471 ἡδονὴν
2633 3402 2723 3457 xui
2761 3396 2971 3476 βλάϐην
3002 3406 3163 3457 τινῶν
3227 3400 3606 3478 ὑποσύρεσθαι·
3663 3403 3845 3456 πάντα

422 3461 630 3554 οωῖθικα
658 3495 895 3567 quidem
925 3492 1124 3549 omnia
1153 3490 1460 3562 despiciat,
1492 3489 1684 3546 solum
1734 3491 1930 3544 autem
1963 3492 2054 3544 Do'

2207 3461 2608 3547 LivquXOt'itu
2663 3461 3010 3569 παρορῶσαν,
3074 3491 3224 3564 μόνῳ
3283 3489 3341 3546 δὲ
3515 3491 3709 3564 Κυρίῳ
3766 3487 3839 3545 δι’

421 3585 648 3642 minum
679 3598 913 3655 semper
945 3581 1328 3646 intueatur,et
1358 3577 1582 3651 angelis
1607 3577 2053 3649 aequalem,intei

2211 3581 2316 3636 λου
2382 3576 2781 3654 ἆμϐλὲπουσαν·
2841 3581 2930 3636 καὶ
2985 3581 3050 3636 τὸ
3107 3580 3167 3636 ἐκ
3217 3584 3315 3634 τοῦ
3374 3579 3572 3650 θήλεός
3629 3600 3692 3634 τε
3745 3579 3843 3633 καί

417 3674 649 3731 feminea
706 3677 765 3728 et
821 3669 1069 3727 masculi
1125 3667 1492 3736 discrimina,
1527 3665 1883 3738 integritatis
1943 3666 2042 3738 pul

2207 3668 2404 3747 ἵῤῥενος
2474 3669 2759 3747 ίσάγγελον
2815 3677 2918 3740 τῆς
2974 3669 3238 3746 ἀφθορίας
3291 3667 3496 3732 κάλλος
3557 3669 3662 3724 ἀπὸ
3721 3670 3839 3741 (10)

422 3763 843 3830 chritudinem,
903 3777 936 3816 a
985 3758 1258 3832 praesenti
1309 3758 1427 3813 vita
1493 3756 1562 3812 ad
1614 3755 2054 3827 regenerationi:

2215 3758 2275 3815 οὖ
2322 3761 2588 3836 παρόντος
2649 3759 2772 3836 βίου
2831 3759 2905 3822 εἴς
2963 3759 3055 3815 τὸν
3087 3766 3188 3828 τῆς
3219 3757 3634 3836 παλιγγενεσίας
3666 3757 3844 3812 αἰῶνα

419 3869 628 3923 aevum,
661 3849 1074 3907 intaminatam
1105 3849 1233 3920 jam
1285 3863 1442 3903 nunc
1494 3845 1784 3902 ostendat.
1815 3843 2051 3917 Virgini

2203 3848 2451 3927 ίχραντον
2492 3848 2728 3904 ἐντεῢσεν
2762 3846 2872 3919 ἤδη
2906 3845 3208 3906 δεικνῦσαν.
3253 3847 3480 3926 Συνάγει
3535 3849 3637 3922 γὰρ
3670 3849 3835 3920 ἡμῶν

419 3949 510 4000 tas
535 3942 692 3999 enim
725 3941 902 3997 vitam
953 3943 1212 3994 nostram
1249 3937 1318 3992 de
1367 3935 1741 4008 corruptione
1782 3933 1853 3990 ad
1885 3933 2050 3989 incor

2203 3961 2244 3994 .x
2269 3946 2370 4009 τῆς
2431 3939 2632 4017 φθορᾶς
2683 3937 2758 3999 εἷς
2812 3939 2912 4007 τὴν
2972 3937 3272 4014 ἀφθαρσίαν
3327 3939 3362 4007 ἡ
3421 3937 3691 4012 παρθενία
3741 3935 3835 3990 τὸν

421 4032 754 4105 ruptionem
788 4028 1033 4101 colligit.

699 4047 754 4085 m
788 4028 1033 4101 colligit.
2184 4028 2326 4103 βίον.

487 4122 577 4178 53.
613 4120 787 4176 Primi
820 4119 977 4174 enim
1009 4115 1277 4173 homines
1311 4131 1379 4170 ex
1423 4113 1638 4185 parvis,
1671 4117 1737 4168 ut
1780 4111 1920 4181 dixi,
1981 4127 2071 4168 se-

2249 4119 2342 4175 54.
2401 4116 2468 4173 Oi
2522 4117 2624 4192 γὰρ
2686 4119 2890 4190 πρῶτοι
2923 4115 2973 4187 ἒξ
3007 4111 3234 4190 ὀλίγων,
3293 4115 3424 4189 ὅπερ
3483 4111 3640 4187 ἔφην,
3673 4132 3837 4186 σπερ-

419 4211 678 4269 minibus
709 4226 812 4282 per
841 4211 1080 4264 mutuas
1103 4205 1341 4275 nuptias
1385 4207 1566 4258 totam
1593 4201 1932 4258 hominibus
1962 4204 2051 4256 ter

2209 4204 2367 4260 ιάτων
2419 4210 2534 4266 τοῖς
2595 4203 2678 4259 ἐπ’
2731 4201 3006 4274 ἀλλήλοις
3035 4203 3236 4278 γάμοις
3263 4203 3363 4272 τὴν
3392 4210 3494 4280 γῆν
3552 4203 3841 4280 ἀνθρωπό-

417 4317 544 4356 ram
594 4297 983 4369 repleverunt.
1021 4293 1344 4364 Virginitas
1375 4295 1568 4346 autem
1603 4305 1670 4346 ea
1701 4305 1828 4359 quae
1862 4289 1919 4343 in
1951 4293 2049 4345 tot:

2206 4315 2343 4365 ητος
2373 4292 2510 4364 ὅλην
2557 4294 3024 4367 κατέσπειραν.¹Η
3076 4289 3136 4347 δὶ
3187 4295 3255 4348 τὰ
3310 4291 3444 4348 κατὰ
3499 4296 3672 4347 πᾶσαν
3729 4299 3838 4368 γῆν

416 4390 555 4445 orbe
585 4403 688 4458 per
717 4383 1033 4456 voluptatis
1073 4382 1310 4453 nuptias
1337 4384 1464 4436 sata
1485 4380 1665 4445 fuere,
1699 4378 1758 4432 in
1791 4377 2048 4434 ccnlorun

2204 4383 2270 4438 ni
2293 4387 2393 4449 τῆς
2445 4387 2552 4439 τῶν
2597 4382 2788 4458 γάμων
2841 4379 3046 4452 ἡδονῆς
3107 4381 3418 4456 ἐσπαρμένα
3472 4381 3550 4445 εἷς
3605 4381 3674 4436 τὰ
3730 4386 3836 4436 τῶν

417 4479 628 4534 horrea
647 4473 894 4546 eolligit.
930 4473 1091 4528 Hanc
1135 4469 1291 4526 enim
1314 4484 1674 4538 eorum,quaa
1700 4467 1771 4523 ad
1806 4468 2049 4524 incorru‘

2213 4471 2424 4546 ὗρανῶν
2505 4473 2784 4542 ἀποθήκας
2837 4471 3072 4547 συνάγει.
3134 4471 3350 4541 Ταύτην
3410 4471 3513 4547 γὰρ
3568 4471 3670 4540 τὴν
3727 4475 3839 4526 τῶν

416 4567 676 4640 ptionem
709 4567 840 4618 sata
870 4565 1030 4629 sunt,
1051 4558 1457 4615 collectionem
1487 4555 1757 4613 indicans
1785 4557 2048 4614 Dominu:

2209 4562 2531 4638 σπαρμένων
2592 4560 2666 4624 εἰς
2726 4561 3022 4637 ἀφθαρσίαν
3080 4561 3399 4635 συναγωγὴν
3455 4559 3836 4634 αἰνιττόμενος

415 4653 684 4713 dicebat:
714 4653 902 4708 Lovate
936 4647 1122 4705 oculos
1152 4655 1352 4704 vestro:
1379 4654 1429 4703 ει
1460 4645 1638 4703 videte
1667 4648 1919 4717 regiones
1938 4650 2047 4719 quii

2201 4679 2206 4703 ι
2262 4650 2466 4725 Κύριος
2528 4647 2732 4727 ἔλεγεν⁶
2783 4649 3049 4724 Ἐπάρατε
3102 4649 3234 4711 τοὺς
3283 4647 3615 4728 ἀφθαλμοὺς
3677 4649 3833 4723 ὑμῶν

407 4746 529 4818 jam
559 4742 706 4800 alba
732 4743 859 4796 sunt
905 4738 974 4794 ad
1002 4752 1230 4794 messem
1255 4737 1319 4792 ⁸⁸.
1354 4736 1498 4792 Nam
1529 4753 1666 4792 cum
1705 4740 1862 4793 terra
1906 4737 2034 4809 priu

2203 4740 2267 4796 Lai
2332 4737 2499 4808 Ἴδετε,
2587 4741 2670 4794 δσι
2749 4735 2857 4808 ἤδη
2936 4739 2992 4793 αἱ
3051 4743 3234 4814 χῶραι
3292 4737 3480 4794 λευκαί
3531 4738 3633 4792 εἰσι
3695 4739 3835 4811 πρὸς

415 4831 624 4890 incolis
677 4846 906 4900 carens,
938 4828 1206 4884 habitata
1250 4826 1527 4898 deinceps
1575 4824 1809 4893 fuisset,
1861 4826 2047 4884 viden:

2211 4829 2451 4907 ερισμόν.
2520 4830 2765 4900 Ἀπάσης
2811 4828 2913 4904 γὰρ
2969 4831 3068 4893 τῆς
3125 4827 3252 4902 πρὶν
3313 4829 3596 4898 ἀοικήτου,
3654 4826 3837 4882 οἰκου-

417 4921 699 4981 Dominus
731 4927 930 4977 noster
957 4917 1273 4992 plurimam
1301 4917 1421 4990 iam
1451 4931 1581 4973 esse
1611 4915 1919 4972 hominum
1947 4917 2049 4990 δρία

2202 4919 2343 4991 ιὲνης
2376 4917 2568 4974 λοιπὸν
2629 4919 2931 4994 γενομένης
2986 4913 3164 4972 πολὺν
3201 4915 3310 4987 ἤδη
3369 4918 3458 4973 τὸν
3484 4921 3593 4971 τῶν
3627 4916 3834 4992 ἀνθρὼ-

413 5029 543 5072 eam
575 5028 640 5069 ac
669 5010 890 5068 fetibus
921 5009 982 5065 in
1013 5008 1174 5066 omni
1219 5007 1454 5081 regione
1497 5005 1820 5080 gravidam,
1852 5005 2045 5062 harun

2197 5030 2292 5065 των
2353 5008 2555 5084 στάχυν
2613 5009 2701 5063 καὶ
2758 5007 3015 5084 βρίθοντα
3070 5012 3188 5072 τοῖς
3230 5007 3473 5083 ἐκγόνοις
3530 5006 3670 5062 κατὰ
3727 5012 3829 5061 πᾶν

413 5104 712 5178 spicarum
744 5099 1204 5172 colligendarum
1219 5098 1346 5170 jam
1366 5101 1604 5169 tempus
1624 5111 1754 5152 esse
1781 5095 2042 5153 decernit

2201 5098 2352 5172 ιλίμα
2418 5098 2446 5152 ὁ
2505 5097 2700 5172 Κύριος
2756 5099 2918 5171 ἡμῶν
2978 5093 3160 5163 εἰδὼς,
3218 5103 3539 5173 συναγωγῆς
3568 5100 3676 5150 τῶν
3708 5116 3833 5151 στα-

410 5197 602 5263 Quare
629 5190 957 5264 virginitas,
989 5206 1124 5247 cum
1179 5187 1503 5244 secundum
1535 5189 1806 5241 naturam
1847 5185 2042 5258 perspi

2199 5186 2328 5263 ίύων
2385 5186 2590 5242 τούτων
2643 5186 2830 5263 καιρὸν
2876 5186 3006 5241 εἶναι
3041 5184 3238 5241 λοιπὸν
3297 5183 3604 5259 δοκιμάζει.
3636 5185 3831 5257 Διόπερ

411 5285 547 5355 ciat,
571 5280 1074 5355 quemadmodum
1093 5279 1164 5334 ad
1185 5279 1532 5350 prasentem
1555 5273 1734 5330 vitam
1763 5275 2043 5332 ferendau

2199 5297 2209 5346 λ
2258 5273 2514 5352 παρθενία
2571 5275 2708 5330 κατᾶ
2765 5275 2921 5353 φύσιν
2999 5274 3324 5350 γνωρίσασα,
3371 5274 3454 5330 ὅτι
3513 5274 3700 5350 ὥσπερ
3758 5273 3831 5336 είς

410 5371 800 5431 humanitatis
831 5369 1058 5428 semina
1089 5383 1192 5440 per
1222 5366 1566 5438 nuptiarum
1595 5362 1951 5436 voluptatem
1976 5367 2042 5437 ja

2198 5367 2274 5436 τὴν
2331 5370 2427 5422 τοῦ
2484 5365 2752 5441 παρόντος
2792 5367 2914 5439 βίου
2967 5363 3169 5442 σπορὰν
3204 5362 3293 5420 διὰ
3345 5371 3445 5434 τῆς
3496 5369 3606 5420 τῶν
3634 5363 3830 5440 γάμων

483 5517 529 5556 ⁵³
557 5515 683 5574 Gal.
719 5531 782 5583 ιι,
817 5513 903 5570 16.
980 5511 1026 5549 ⁸⁴
1055 5513 1225 5567 Rom.
1252 5523 1353 5580 vn,
1380 5509 1436 5565 9.
1512 5508 1556 5545 ⁸⁵
1586 5509 1730 5568 ibid.
1764 5508 1852 5567 14.
1929 5508 1972 5545 ⁸⁸
1999 5511 2115 5567 Gen

1947 5509 1972 5545 ’⁸
1999 5511 2144 5568 Gen.
2167 5527 2244 5585 vx,
2278 5513 2333 5568 2.
2411 5500 2453 5548 ⁶⁴¹
2485 5509 2639 5571 Psal.
2670 5527 2860 5581 LXXXI,
2890 5511 2945 5580 6,
2975 5509 3032 5564 7.
3108 5509 3151 5545 ⁵⁸
3181 5509 3350 5567 Joan.
3383 5526 3461 5580 IV,
3491 5509 3579 5566 35.

485 5663 600 5736 (10)
627 5657 786 5717 Ἃπό.
819 5657 914 5714 Sic
944 5672 1088 5714 mss.
1121 5670 1242 5713 sex.
1273 5652 1453 5727 Editi,
1484 5651 1606 5710 ὑπό.
