4112 6224
316 327 436 425 'm

1551 370 1786 431 LIBER
1828 369 1931 429 DE
1971 368 2506 432 VIRGINITATE.

3621 377 3741 442 ’ΠΒ

306 493 517 565 ἡδονῆς
570 497 639 551 τὰ
716 497 998 571 σπέρματα
1072 503 1173 567 τῆς
1258 499 1678 576 ἀνθρωποτητος
1739 495 1945 555 κατεϐά·

2080 505 2171 558 cta
2201 507 2362 566 sunt.
2392 503 2474 559 ita
2501 505 2574 560 ad
2608 505 2865 560 futuram
2895 504 3076 561 vitam
3099 506 3328 564 semina
3352 508 3480 564 vitae
3511 516 3727 570 nostra

306 583 461 653 λετο,
511 583 652 639 οὕτω
707 586 795 640 καὶ
848 585 926 648 εἷς
973 587 1065 641 τὸν
1097 585 1209 642 ἐκεῖ
1242 587 1362 663 βίον
1415 589 1484 644 τά
1540 588 1822 663 σπέρματα
1871 593 1972 644 τοῦ

308 673 433 750 βίου
463 675 626 747 ἡμῶν
674 671 764 729 διὰ
808 681 910 746 τῆς
960 674 1225 753 ἀφθορίας
1273 675 1508 732 ἐντεῦθεν
1555 676 1664 749 ἤδη
1697 674 1969 735 καταϐάλ-

305 761 515 832 λεσθαι,
550 761 841 834 σπουδάζει
892 762 962 818 δι’
1013 765 1206 835 ἑαυτῆς
1249 766 1459 841 καθαρᾶ
1503 769 1570 822 τὰ
1616 774 1714 837 τῆς
1763 767 1972 845 ἀφθαρ-

308 852 430 915 σίας
484 854 767 927 σπέρματα
815 854 952 929 πρὸς
1002 855 1094 908 τὸν
1146 850 1418 930 ἄφθαρτον
1471 855 1588 931 βίον
1635 855 1715 930 τῷ
1744 862 1971 933 γεωργῷ

305 941 640 1016 εὐτρεπίζειν
719 944 832 1016 (11)
869 961 882 975 ·
957 943 1380 1019 ἀναχαιτίζουσα
1456 945 1552 1018 μὶν
1639 945 1971 1018 εὐτονωτέρᾳ

299 1038 406 1102 τῆς
463 1030 763 1109 ἀφθαρσίας
814 1030 962 1109 χειρὶ
1022 1031 1395 1110 ἀντιστρόφως
1442 1035 1543 1103 τήν
1573 1038 1681 1090 τῶν
1728 1034 1968 1105 θηλειῶν

303 1122 578 1193 σωμάτων
658 1121 891 1196 φυσικὴν
973 1121 1111 1197 πρὸς
1191 1123 1260 1176 τά
1343 1119 1538 1198 ἄρρενα
1619 1121 1964 1196 συμπλοκήν·

299 1211 504 1274 ἀπαθεῖ
557 1208 614 1264 δὲ
668 1206 894 1284 δυνάμει
945 1208 1009 1265 τὺ
1058 1216 1174 1274 καθ’
1225 1210 1420 1281 ἑαυτὴν
1469 1210 1676 1275 κάλλος
1732 1217 1810 1285 τῷ
1865 1219 1968 1282 τῆς

298 1297 724 1375 παλιγγενεσίας
827 1298 984 1354 αἰῶνι
1092 1299 1473 1376 λαμπρότερον
1556 1303 1918 1374 έτοιμάζουσα
1952 1346 1966 1360 .

290 1383 612 1465 Προέλαϐον
688 1391 821 1464 γοῦν
895 1389 1093 1463 ἀρετῆς
1172 1390 1562 1465 κατορθώματι
1619 1389 1673 1444 αἱ
1705 1391 1968 1464 παρθένοι

290 1479 360 1534 τὸ
422 1476 630 1552 μέλλον
694 1476 747 1532 ἒν
793 1481 862 1552 τῇ
915 1475 1308 1554 παλιγγενεσία
1356 1475 1446 1533 διὰ
1490 1486 1588 1548 τῆς
1636 1484 1747 1535 τῶν
1779 1482 1968 1554 σωμά-

292 1589 408 1622 των
463 1566 862 1640 έξαναστάσεως
932 1561 1248 1640 μεταϐολῆς
1304 1567 1496 1632 αὐταῖς
1553 1566 1779 1643 δυνάμει
1836 1574 1968 1625 Θεοῦ

294 1657 718 1731 κατορθοῦσθαι.
767 1657 1038 1710 Ἐντεῦθεν
1087 1652 1230 1727 ἤδη,
1291 1656 1366 1718 ὡς
1425 1657 1478 1712 οἱ
1526 1655 1792 1733 ἄγγελοι,
1845 1657 1968 1714 οὕτε

291 1749 564 1822 γαμοῦσιν
626 1742 749 1800 οὔτε
796 1745 1144 1821 γαμίζονται,
1204 1743 1353 1800 ἀΛλά
1411 1747 1502 1800 καὶ
1551 1750 1738 1822 ψυχῆς
1777 1748 1966 1821 ἀρετῇ,

292 1835 389 1889 καὶ
469 1835 723 1908 σώματος
795 1832 1033 1911 ἀφθορίᾳ
1090 1831 1372 1911 ἰσάγγελοι
1433 1833 1582 1890 οὖσαι
1619 1881 1631 1894 .

2081 591 2221 648 hinc
2244 594 2367 664 jam
2403 610 2506 665 per
2533 593 2925 666 integritatem
2956 595 3097 665 jaci,
3130 601 3377 652 conatur
3415 615 3518 670 per
3546 617 3734 658 seme-

2083 681 2296 753 tipsam
2332 698 2480 754 pura
2526 682 2879 755 integritatis
2928 685 3157 739 semina
3199 687 3270 742 ad
3320 687 3725 762 incorruptam

2078 770 2255 825 vitam
2289 771 2557 843 agricolae
2595 788 2954 844 praparare;
2988 773 3180 829 valida
3210 775 3448 846 quidem
3496 777 3731 851 integri-

2080 859 2220 915 tatis
2253 877 2431 916 manu
2465 867 2789 917 retrorsum
2829 862 3070 919 trahens
3101 865 3250 919 661
3287 866 3617 923 naturalem
3647 870 3743 932 fex

2081 948 2372 1004 minarum
2424 966 2560 1005 cum
2615 950 2896 1006 masculis
2944 952 3336 1024 complexum,
3366 954 3584 1012 virtute
3631 975 3731 1014 aue

2076 1039 2196 1091 tem
2229 1037 2548 1093 affectionis
2592 1043 2826 1109 experte
2873 1055 3041 1095 suam
3087 1041 3277 1111 ipsius
3326 1042 3729 1116 pulchritudi-

2079 1140 2211 1180 nem
2245 1127 2704 1197 regenerationis
2735 1144 2851 1183 δενο
2899 1129 3355 1200 splendidiorem
3387 1149 3626 1204 parans.
3658 1136 3724 1191 In

2078 1218 2446 1270 antecessum
2495 1232 2632 1289 ergo
2679 1216 2914 1272 virtutis
2964 1219 3172 1275 merito
3220 1219 3475 1292 virgines
3523 1239 3725 1279 conse-

2077 1308 2225 1357 cutae
2255 1308 2415 1370 sunt,
2448 1307 2512 1359 ut
2555 1305 2752 1360 futura
2783 1305 2841 1360 in
2893 1310 3330 1377 regeneratione
3380 1326 3482 1382 per
3529 1328 3726 1367 resur-

2078 1391 2395 1447 rectionem
2444 1409 2752 1464 corporum
2805 1395 3072 1466 mutatio,
3109 1396 3202 1450 Dei
3236 1397 3451 1455 virtute
3480 1397 3542 1454 in
3571 1399 3719 1472 ipsis

2076 1481 2473 1554 perficeretur.
2508 1481 2611 1538 Hic
2642 1483 2799 1538 enim
2830 1487 3114 1555 tanquam
3145 1483 3358 1558 angeli,
3391 1503 3582 1560 neque
3613 1505 3722 1544 nu-

2078 1573 2226 1627 bunt
2264 1587 2452 1642 neque
2511 1573 2834 1639 nubuntur,
2867 1573 2970 1628 sed
3025 1577 3082 1628 et
3136 1573 3344 1630 anima:
3399 1575 3614 1632 virtute
3664 1580 3724 1633 et

2076 1660 2337 1732 corporis
2369 1661 2702 1732 integritate
2747 1661 3003 1733 aequales
3035 1662 3260 1734 angelis
3289 1668 3427 1719 sunt
3456 1665 3522 1720 ³⁸.
3556 1665 3719 1732 Quod

2076 1754 2270 1805 autem
2300 1749 2485 1806 voluit
2501 1749 2787 1806 Dominus
2818 1755 3015 1807 noster
3045 1756 3110 1806 ut
3139 1768 3339 1807 semen
3371 1753 3720 1826 incorrupta

1705 1834 1804 1890 Καί
1879 1836 1960 1891 ὅτι
1990 1875 2039 1940 Β
2071 1837 2198 1894 vita:
2214 1838 2517 1911 virginitas
2548 1855 2578 1894 e
2607 1843 2762 1896 terra
2785 1841 2843 1895 in
2863 1841 3073 1896 coelum
3091 1841 3440 1898 mirabiliter
3468 1842 3723 1901 mittere-

291 1923 516 1998 σπέρμα
560 1926 657 1977 τοῦ
704 1921 982 1998 ἀφθάρτου
1032 1921 1155 1998 βίου
1204 1924 1303 1992 τήν
1354 1923 1641 1998 παρθενίαν
1675 1924 1702 1978 ὁ
1752 1924 1945 2000 Κύριος

2067 1928 2309 1999 tur.jam
2342 1932 2542 1983 nostra
2571 1945 2814 1999 corpora
2840 1929 3192 2002 integritatis
3214 1929 3716 2001 pulchritudinem

289 2013 462 2082 ἡμῶν
519 2009 582 2066 ἐκ
629 2017 736 2086 γῆς
795 2010 870 2072 είς
928 2009 1153 2086 οὐρανὸν
1223 2010 1543 2087 παραδόξως
1601 2015 1949 2086 πεμπόμενον

287 2096 577 2171 ἐϐουλήθη
631 2099 898 2174 γενέσθαι,
952 2097 1328 2173 έμμελετῆσαι
1394 2101 1462 2156 τά
1518 2101 1747 2175 σώματα
1791 2105 1953 2175 ἡμῶν

283 2189 351 2245 τὸ
409 2196 511 2259 τῆς
573 2187 831 2267 ἀφθορίας
889 2187 1100 2251 κάλλος
1174 2187 1262 2244 διὰ
1334 2197 1434 2260 τῆς
1489 2195 1597 2245 τῶν
1671 2191 1948 2265 παρθένων

286 2278 558 2356 ἀφθορίας
611 2277 719 2349 ἤδη
782 2277 1039 2348 θελήσας,
1101 2275 1270 2348 δῆλόν
1329 2278 1470 2334 ἐστιν
1540 2279 1591 2350 ἐξ
1649 2278 1722 2334 ὧν
1777 2279 1951 2336 πάντα

285 2373 370 2440 τῷ
401 2364 560 2441 νόμῳ
589 2368 827 2429 πεισθεὶς
881 2366 1045 2440 μόνον
1093 2368 1184 2422 τὸν
1242 2370 1415 2444 γάμον
1472 2368 1754 2426 ἀπείπατο.
1799 2367 1947 2426 Ἔδει

2063 2033 2165 2088 per
2194 2016 2488 2088 virginum
2515 2016 2919 2089 integritatem
2952 2019 3222 2074 meditari
3253 2019 3542 2088 volens,id
3575 2021 3720 2079 inde

2061 2108 2239 2174 patet,
2275 2105 2430 2176 quod
2462 2120 2594 2159 cum
2629 2105 2687 2159 in
2719 2105 2995 2160 omnibus
3030 2104 3140 2176 legi
3173 2107 3715 2179 paruerit,nuptias

2061 2193 2339 2249 renuerit.
2371 2193 2682 2265 Opertebat
2711 2194 2890 2261 enim,
2923 2198 2987 2248 ut
3016 2211 3086 2250 ex
3113 2193 3454 2267 incorrupta
3482 2194 3713 2267 virgine

2061 2281 2437 2355 incorruptus
2485 2283 2661 2338 etiam
2711 2298 2881 2338 carne
2923 2282 3176 2354 genitus,
3209 2297 3315 2338 nec
3363 2283 3708 2355 nuptiarum

2059 2371 2420 2442 experiretur
2465 2371 2896 2444 corruptionem
2933 2388 2945 2427 ;
2979 2371 3194 2443 quippe
3240 2387 3376 2427 cum
3408 2388 3514 2428 nec
3545 2374 3710 2444 geni-

283 2459 392 2534 γὰρ
424 2456 477 2528 ἐξ
534 2458 777 2534 ἀφθόρου
834 2457 1100 2533 παρθένου
1157 2455 1392 2534 ἄφθορον
1444 2458 1531 2512 καὶ
1593 2458 1728 2513 κατὰ
1780 2459 1945 2534 σάρκα

2060 2464 2183 2515 tum
2215 2476 2283 2516 ex
2329 2460 2689 2532 incorrupta,
2721 2460 2982 2532 corporis
3031 2477 3133 2532 per
3187 2461 3424 2532 nuptias
3468 2478 3708 2533 corrup-

285 2547 574 2622 τεχθέντα,
656 2543 798 2619 μηδὲ
870 2551 970 2615 τῆς
1027 2545 1162 2601 κατὰ
1224 2545 1315 2601 τὸν
1393 2545 1569 2621 γάμον
1623 2549 1945 2624 πειραθῆναι

2060 2549 2199 2604 tioni
2228 2550 2464 2617 servire,
2489 2566 2681 2622 neque
2710 2551 2886 2605 etiam
2918 2567 2988 2605 ex
3008 2551 3300 2622 corruptis
3329 2549 3708 2607 matrimonio

290 2640 518 2711 φθορᾶς
554 2633 654 2690 οὐκ
710 2635 816 2690 ἀπὸ
876 2635 1116 2712 ἀφθόρου
1174 2639 1349 2710 φθορᾷ
1408 2638 1512 2708 (12)
1559 2637 1810 2710 σώματος
1858 2634 1945 2692 διὰ

2060 2637 2398 2694 hominibus
2449 2643 2652 2694 natum
2702 2644 2911 2695 nostra:
2943 2639 3268 2694 secundum
3311 2644 3587 2696 naturam
3617 2641 3709 2695 in-

287 2729 390 2778 τοῦ
430 2725 632 2800 γάμου,
694 2721 822 2779 ἀλλ’
872 2723 979 2778 ἀπὸ
1035 2722 1385 2802 ἐφθαρμένων
1441 2729 1558 2786 τοῖς
1617 2724 1820 2800 γάμοις
1875 2730 1944 2802 τῇ

2060 2728 2415 2799 corruptioni
2449 2729 2678 2784 deceret
2709 2729 3066 2784 ministrare.
3094 2728 3164 2783 Et
3201 2729 3711 2800 quemadmodum

286 2813 427 2868 κατᾶ
481 2813 638 2891 φύσιν
700 2811 931 2892 ἀφθορίᾳ
988 2815 1150 2886 ἡμῶν
1212 2813 1676 2886 ὑπηρετούμενονο
1732 2814 1820 2869 καὶ
1871 2817 1945 2879 ὡς

2060 2817 2244 2871 Adam
2278 2833 2477 2872 semen
2510 2817 2816 2890 przesentis
2845 2817 2970 2872 vitae
3003 2833 3106 2888 per
3133 2817 3475 2888 nuptiarum
3506 2817 3710 2889 volup-

288 2902 317 2956 ὁ
373 2899 554 2975 ’Δδᾶμ
606 2902 822 2977 σπέρμα
885 2899 974 2956 διὰ
1028 2908 1128 2971 τῆς
1181 2905 1286 2956 τῶν
1343 2901 1535 2977 γάμων
1593 2899 1796 2972 ἡδονῆς
1847 2907 1943 2958 τοῦ

2060 2908 2233 2960 tatem
2280 2905 2542 2974 exstitit;
2574 2906 2656 2961 ita
2693 2911 2750 2961 et
2793 2922 2927 2961 eum
2977 2922 3178 2961 semen
3226 2905 3406 2961 futuri
3459 2905 3561 2962 tsvi
3597 2922 3709 2978 per

284 2987 559 3066 παρόντος
619 2991 743 3066 βίου
812 2988 1021 3065 ἐγένετο
1055 3032 1069 3058 ,
1132 2989 1304 3053 οὕτως
1358 2989 1517 3044 αὐτὸν
1579 2991 1795 3064 σπέρμα
1844 2995 1940 3046 τοῦ

2060 2992 2402 3065 virginitatis
2448 2994 2844 3066 integritatem
2899 3010 3028 3050 esse
3081 2993 3404 3065 oportebat,
3450 2998 3514 3050 ut
3562 3010 3708 3066 que-

284 3077 591 3152 μέλλοντος
670 3079 868 3141 αἰῶνος
952 3075 1040 3133 διὰ
1113 3085 1213 3148 τῆς
1266 3079 1403 3133 κατὰ
1475 3079 1576 3147 τὴν
1645 3077 1938 3154 παρθενίαν

2060 3083 2431 3138 madmodum
2476 3084 2765 3138 Adamum
2796 3083 2984 3139 secuti
3021 3099 3252 3148 sumus,
3285 3083 3386 3154 qui
3423 3100 3525 3156 per
3554 3101 3703 3157 nup-

276 3169 576 3246 ἀφθαρσίας
634 3170 872 3244 γενέσθαι
907 3187 922 3200 ο
973 3165 1047 3222 ’ἶν’
1105 3168 1180 3229 ὡς
1233 3166 1420 3241 ἐκείνῳ
1472 3164 1561 3223 διὰ
1587 3173 1694 3223 τῶν
1744 3169 1934 3244 γάμων

2060 3171 2160 3228 :ias
2189 3172 2512 3228 humanam
2545 3173 2602 3226 in
2634 3177 2790 3228 terra
2817 3173 2998 3228 vitam
3030 3171 3362 3239 seminavit,
3384 3171 3466 3228 ita
3495 3172 3702 3229 Domi-

274 3242 556 3332 σπείραντι
590 3242 705 3331 (43)
751 3257 1051 3332 ἀνθρώπων
1101 3257 1192 3312 τὸν
1243 3255 1331 3311 ἐπὶ
1379 3264 1484 3332 γῆς
1539 3258 1658 3333 βίον
1695 3242 1934 3327 ἠκολου-

2060 3277 2212 3328 num,
2275 3261 2375 3332 qui
2445 3279 2547 3333 per
2594 3261 2932 3332 virginalem
2983 3260 3378 3334 integritatem
3436 3262 3699 3319 futurum

275 3350 544 3420 θήσαμεν,
575 3347 716 3400 οὕτω
745 3351 827 3418 τῷ
881 3347 1063 3420 Κυρίῳ
1113 3343 1201 3400 διὰ
1246 3353 1345 3416 τῆς
1390 3347 1720 3421 παρθενικῆς
1759 3347 1931 3422 ἀφθο-

2060 3365 2228 3404 evum
2281 3349 2612 3416 seminavit,
2643 3350 2964 3421 prudenter
3006 3364 3412 3421 sequeremur.
3446 3350 3609 3415 Quod
3645 3349 3699 3406 si

274 3435 400 3512 ρίας
455 3434 733 3510 σπείραντι
790 3435 880 3490 τὸν
932 3433 1045 3490 ἐκεῖ
1106 3433 1297 3506 αἶ’ῶνα,
1358 3434 1641 3513 φρονίμως
1694 3434 1934 3491 ἀκολου-

2060 3454 2160 3493 non
2211 3438 2601 3510 perfunctorie
2654 3443 2712 3494 et
2751 3438 3094 3511 paradisum
3144 3443 3201 3494 et
3243 3437 3423 3494 vitam
3473 3438 3591 3494 illic
3623 3437 3698 3495 ab

271 3527 531 3597 θήσωμεν
565 3563 579 3580 .
640 3523 706 3581 Εἴ
762 3521 819 3578 δὲ
878 3525 954 3597 μὴ
1013 3521 1073 3578 ἐκ
1127 3523 1411 3598 παρέργου
1483 3523 1572 3578 καὶ
1629 3525 1764 3578 κατὰ
1838 3524 1931 3580 τὸν

2060 3528 2269 3583 tdamo
2318 3533 2507 3584 actam
2558 3527 2909 3600 inspexeris,
2952 3527 3206 3599 reperies
3262 3543 3406 3583 sane
3453 3544 3589 3583 eum
3639 3528 3700 3584 in

269 3611 604 3690 παράδεισον
662 3612 752 3669 καὶ
808 3613 900 3668 τὸν
952 3611 1064 3668 ὶκεῖ
1111 3612 1227 3686 βίον
1261 3613 1350 3667 τὸν
1379 3609 1560 3686 Ἀδὰμ
1591 3611 1930 3687 ἐπισκέῲαιο,

2060 3615 2314 3672 )aradiso
2359 3633 2509 3688 opus
2539 3633 2655 3672 non
2706 3616 2984 3672 habuisse
3017 3621 3080 3672 ut
3109 3625 3486 3688 cognosceret
3528 3633 3698 3673 suam

269 3703 457 3779 εὕροις
487 3699 548 3757 ἂν
579 3703 740 3757 αὐτὸν
772 3701 825 3757 ἐν
858 3702 955 3776 μὶν
984 3698 1296 3778 παραδείσῳ
1330 3702 1406 3774 μή
1439 3701 1629 3777 χρείαν
1655 3701 1930 3778 ἐσχηκότα

2060 3719 2278 3759 ixorem
2315 3721 2327 3759 :
2373 3705 2474 3760 sed
2507 3709 2639 3776 post
2687 3704 3223 3777 praevaricationem
3273 3711 3322 3761 et
3359 3709 3606 3761 mortem
3638 3709 3697 3762 et

270 3797 482 3868 γνῶναι
532 3791 724 3847 ἑαυτοῦ
769 3792 869 3860 τήν
914 3795 1179 3867 γυναῖκαο
1239 3789 1373 3864 μετὰ
1421 3787 1478 3845 δὲ
1525 3790 1626 3859 τὴν
1684 3786 1927 3866 παράϐα-

2065 3809 2274 3863 apsum
2307 3809 2338 3848 e
2369 3793 2640 3864 paradiso
2688 3797 2828 3848 tunc
2869 3809 3109 3848 uxorem
3160 3792 3502 3864 cognovisse
3530 3795 3595 3865 5°,
3631 3799 3696 3850 ut

270 3903 382 3953 σιν,
428 3880 520 3935 καὶ
563 3880 657 3936 τὸν
706 3881 930 3936 θάνατον
990 3879 1081 3934 καὶ
1129 3880 1228 3950 τὴν
1285 3874 1550 3934 ἔκπτωσιν
1599 3883 1695 3934 τοῦ
1749 3899 1927 3954 παρα-

2060 3885 2306 3936 iaturam
2332 3882 2460 3952 jam
2501 3881 2809 3936 mortalem
2858 3882 3075 3935 factam
3128 3881 3502 3937 successione
3550 3881 3694 3938 libe-

267 3967 474 4042 δείιιιου⁹
507 3968 631 4024 τότε
658 3970 757 4040 τῆν
802 3973 1033 4045 γυναῖκα
1075 3967 1432 4044 γινώσκοντα·
1479 3965 1573 4022 ’ἶνα
1618 3968 1680 4023 τὸ
1732 3969 1924 4039 θνητὸν

262 4058 465 4115 λοιπὸν
526 4059 625 4131 τῆς
683 4059 894 4134 φύσεως
951 4062 1020 4133 τῇ
1081 4054 1316 4134 διαδοχῇ
1360 4061 1468 4112 τῶν
1513 4054 1719 4112 παίδων
1753 4078 1925 4131 παρα-

265 4149 581 4221 μυθήσηται
617 4190 630 4203 .
689 4149 757 4224 ’ῼ
832 4146 1200 4225 ἀντιστρόφως
1285 4151 1365 4219 τῷ
1449 4144 1525 4209 είς
1595 4143 1922 4221 παράδεισον

260 4236 454 4313 ἄγοντι
486 4239 522 4306 ἡ
556 4233 817 4312 παρθένος
865 4234 1301 4306 ἀκολουθήσασα,
1354 4235 1468 4308 μετ’
1512 4233 1717 4290 ἐκείνου
1766 4235 1926 4309 ἄφθο-

262 4346 356 4402 ρος
389 4323 446 4380 ἐν
503 4322 815 4400 παραδείσῳ
861 4322 970 4397 ἤδη
1021 4330 1216 4402 τρυφᾷ
1265 4327 1504 4402 φυγοῦσα
1537 4325 1632 4397 μὲν
1683 4325 1784 4392 τήν
1824 4319 1924 4395 ἔξω

259 4413 599 4492 παραδείσου
682 4416 918 4492 κατάραν
994 4415 1093 4484 τὴν
1179 4411 1466 4489 λέγουσαν·
1556 4417 1644 4471 Ἐν
1721 4411 1922 4476 λύπαις

256 4507 384 4580 τέξῃ
443 4504 626 4576 τέκνα,
683 4504 772 4560 καὶ
824 4503 891 4559 τὰ
939 4502 1082 4574 ἑξῆς·
1137 4502 1199 4558 οὗ
1247 4500 1516 4575 δυναμένη
1576 4499 1634 4557 δὶ
1687 4508 1922 4557 συνεῖναι

2030 4331 2214 4401 partes
2274 4329 2418 4398 ﬁlios
2469 4329 2537 4396 θί,

2031 4416 2252 4486 valens,
2287 4417 2581 4490 quomodo
2627 4417 2888 4473 Adamus
2945 4432 3113 4473 suam
3161 4415 3496 4490 cognoverit
3541 4431 3687 4471 uxo-

2037 3988 2236 4027 rorum
2288 3971 2711 4027 consolaretur.
2765 3975 2977 4026 Contra
3019 3971 3182 4042 virgo
3231 3986 3364 4025 eum
3415 3987 3690 4042 sequens,

2034 4061 2132 4132 qui
2167 4062 2224 4116 in
2259 4059 2598 4132 paradisum
2630 4059 2812 4126 ducit,
2842 4075 2976 4114 cum
3007 4075 3074 4114 eo
3108 4059 3450 4130 incorrupta
3471 4059 3597 4130 jam
3628 4059 3687 4114 in

2035 4150 2308 4222 paradiso
2339 4149 2668 4224 deiiciatur,
2700 4149 2934 4221 fugiens
2977 4147 3141 4203 illam
3194 4147 3686 4216 maledictionem,

2035 4256 2152 4312 qua
2203 4243 2365 4295 extra
2423 4239 2767 4312 paradisum
2827 4237 3048 4293 dictum
3109 4241 3344 4294 est:In
3397 4236 3688 4293 doloribus

2597 4332 2656 4384 et
2709 4331 2963 4384 caetera:
3028 4343 3134 4382 nec
3192 4325 3310 4382 illic
3366 4325 3690 4398 intelligere

2033 4522 2178 4560 rem.
2234 4511 2434 4577 Neque
2502 4506 2660 4562 enim
2727 4505 2858 4576 hoc,
2917 4523 3050 4561 cum
3104 4505 3230 4577 ipse
3288 4505 3348 4560 in
3410 4505 3682 4577 paradiso

257 4594 372 4650 ἐκεῖ
402 4595 522 4656 πῶς
582 4590 715 4669 ἔγνω
767 4590 946 4666 ’Λδάμ
994 4593 1096 4662 τὴν
1147 4597 1376 4669 γυναῖκα
1407 4591 1608 4677 Ααῦτοῦ.
1651 4589 1791 4650 Οὐδὲ
1818 4593 1920 4668 γὰρ

2060 4599 2209 4666 isset,
2256 4595 2479 4651 dictum
2510 4599 2618 4664 est,
2661 4595 2762 4651 sed
2811 4599 3128 4667 postquam
3170 4595 3298 4667 jam
3345 4595 3537 4651 fuerat
3566 4595 3684 4665 eje-

259 4683 313 4737 ἐν
345 4679 661 4755 παραδείσῳ
712 4677 866 4745 ὄντος
920 4682 1108 4738 αὐτοῦ.
1155 4679 1284 4737 ἀλλ’
1330 4675 1712 4752 ἐκϐληθέντος,
1761 4685 1922 4736 τοῦτο
1953 4675 1987 4677 _
2033 4687 2184 4739 ctus.

272 4771 388 4814 ἐβιᾹὲ

272 4773 321 4790 υ
367 4774 388 4814 ε

268 4773 586 4936 ῳὲἓηόὐχ
615 4861 690 4923 ὡς
722 4857 1008 4934 παρθενίαν
1060 4857 1118 4914 δὲ
1164 4857 1357 4914 λοιπὸν
1410 4862 1488 4931 τῷ
1547 4857 1651 4934 βίῳ
1681 4860 1919 4931 Ῐνομοθε-

2100 4861 2189 4916 55.
2222 4861 2336 4917 Nec
2365 4864 2562 4917 tamen
2583 4861 2705 4917 haec
2726 4860 3003 4932 dicimus,
3036 4860 3345 4933 quasijam
3375 4860 3682 4934 virginita-

258 4953 482 5014 τοῦντες
540 4949 713 5005 ταῦτά
769 4969 944 5028 φαμεν
979 4967 993 4980 θ
1052 4945 1199 5004 ἀλλᾶ
1251 4952 1369 5010 ταῖς
1423 4948 1516 5004 τὸν
1571 4948 1689 5002 κατ’
1746 4947 1914 5017 αὐτὴν

2060 4966 2147 5007 em
2195 4950 2325 5007 vita:
2355 4949 2666 5006 hominum
2712 4950 2902 5008 instar
2930 4949 3076 5022 legis
3118 4952 3494 5023 prescribere
3541 4950 3684 5009 veli-

334 5107 378 5142 "
412 5105 612 5162 Matth.
644 5121 782 5177 χχιι,
813 5103 904 5160 30.
978 5104 1025 5139 ⁶⁰
1052 5106 1195 5161 Gen.
1227 5119 1305 5173 IV,
1339 5104 1390 5159 1.
1463 5103 1508 5139 ⁶¹
1542 5102 1683 5160 Gen.
1717 5118 1801 5171 ιιι,
1835 5102 1922 5157 16.

335 5277 453 5348 (11)
501 5271 874 5348 Εὗτρεπίζειν.
923 5273 1053 5330 Haec
1103 5274 1399 5348 scriptura
1439 5270 1709 5330 editionis
1758 5271 1914 5327 Pari-

259 5344 483 5405 sie'nsis
515 5344 625 5404 nec
666 5347 724 5402 in
757 5345 999 5417 Veneta,
1033 5361 1140 5402 nec
1182 5344 1243 5401 iri
1274 5344 1393 5401 ullo
1441 5360 1691 5417 prorsus
1727 5347 1922 5417 vetere

261 5420 416 5498 libro
449 5414 1057 5498 legitur;.sed_t_am’en
1079 5435 1207 5498 eam
1240 5414 1569 5498 expungere
1599 5414 1920 5498 noluimus,

260 5493 403 5565 quia
434 5487 770 5565 necessaria
799 5489 1028 5565 videtur
1074 5491 1148 5547 ad
1203 5487 1526 5565 con—textus
1562 5487 1921 5543 emendatio-

265 5559 426 5620 nem.
458 5563 642 5634 Eque
690 5563 1092 5619 necessarium
1143 5561 1318 5634 paulo
1349 5566 1483 5618 ante
1512 5559 1725 5632 legere,
1754 5578 1924 5614 κατα-

264 5629 554 5691 ϐάλλεται.
586 5652 704 5691 non
734 5628 1196 5691 καταϐάλλεσθαι.

319 5651 554 5687 ιΑΑεται-
586 5652 704 5687 non
734 5651 1172 5687 καταοαΛΛεσθαι
1184 5673 1196 5687 .

301 5644 554 5704 ἅλλεται,
586 5652 704 5691 non
734 5644 1196 5697 καταὸάλλεσθαι.

339 5708 454 5780 (12)
485 5706 600 5765 Οὐκ
648 5705 753 5760 ἀπὸ
802 5702 1044 5784 ἀφθόρου
1092 5708 1286 5781 φθορᾷ.
1331 5705 1427 5762 Sio
1476 5703 1654 5761 editio
1684 5705 1924 5767 Veneta,

585 5834 850 5896 ΡΑτιιοι.
899 5833 1008 5895 Gs.
1056 5831 1242 5894 XXX.

2027 5272 2359 5360 §olbert.‘et
2387 5290 2542 5360 unus
2563 5289 2640 5357 ex
2660 5274 2888 5360 Regiis;
2908 5275 2977 5358 In.
3005 5273 3267 5360 quinque
3297 5273 3428 5360 aliis
3458 5274 3674 5360 desunt

2031 5343 2151 5399 hazc
2180 5346 2374 5400 verba.
2407 5346 2615 5402 Nescio
2667 5343 2820 5403 unde
2848 5343 3199 5402 Parisiensis
3247 5345 3422 5400 editio
3458 5344 3676 5400 hause-

2032 5417 2130 5483 rit,
2163 5415 2431 5492 ἀφθόρων.
2466 5418 2827 5492 Difﬁcillime
2873 5419 3010 5492 huic
3058 5419 3182 5492 loco
3231 5417 3677 5492 l‘ucemptl‘erre

2033 5505 2126 5580 me
2173 5483 2492 5580 n'o'n'posse
2525 5493 2728 5560 fateor,
2774 5490 2888 5548 nisi
2937 5490 3203 5562 legendo,
3234 5484 3360 5542 ἀλλ’
3392 5483 3510 5540 οὐδ’
3567 5486 3672 5541 ἀπὸ

2031 5556 2402 5652 ἐφθαρμένων.
2714 5556 2724 5560 ’
2870 5632 2880 5642 .
2995 5556 3024 5562 ”
3045 5631 3056 5641 .
3635 5630 3645 5642 .

2105 5633 2216 5760 (id;
2252 5632 2563 5724 Σπείραντι.
2605 5631 2882 5692 Nonnulli
2931 5630 3180 5700 codices,
3231 5626 3528 5703 σπείροντι.
3562 5631 3674 5686 Ibi-

2033 5703 2166 5760 dem
2219 5721 2342 5760 eae.
2374 5706 2694 5760 ανθοωπων.

2033 5703 2166 5760 dem
2195 5703 2342 5778 lege,
2374 5703 2694 5779 ἀνθρώπων.

3272 5829 3349 5888 25
