4134 6224
420 318 543 376 779

1384 305 1780 369 APPENDIX
1827 301 2152 365 OPERUM
2198 302 2265 361 S.
2313 300 2587 361 BASILII
2630 299 2902 362 MAGNI.

3734 311 3867 370 780

426 462 601 513 mus;
640 445 742 500 sed
773 443 872 508 iis,
906 459 1032 514 qua;
1066 441 1378 514 pretiosam
1411 435 1764 510 virginitatis
1794 433 2081 506 margari-

2198 427 2572 500 πολυτίμητον
2647 429 2998 517 μαργειρίτην
3076 431 3465 511 έμπορεύεσθαι
3530 440 3645 512 (14)
3725 461 3870 517 προ-

422 541 546 594 tam
567 533 812 590 mercari
835 528 1633 599 instituerunt,purissimum
1650 525 1808 580 illius
1827 524 2078 579 nitorem

425 623 608 694 undiq
621 639 689 677 ue
712 621 1098 677 ostendimus.
1115 624 1191 674 De
1216 617 1526 688 virginibus
1545 625 1730 670 autem
1745 621 2080 686 praeceptum

427 713 662 770 Domini
688 727 803 768 non
834 710 999 765 habeo
1031 727 1049 764 :
1080 708 1378 764 concilium
1408 713 1589 761 autem
1615 704 1920 774 do,inqu1t,
1953 712 2079 757 tan-

431 818 599 874 quam
642 798 1086 854 misericordiam
1115 802 1429 852 consecutus
1455 812 1492 849 a
1521 795 1751 849 Domino
1778 793 1824 828 ⁸³
1857 808 1869 846 :
1903 789 2083 861 siqui-

432 893 564 946 dem
598 904 703 943 nec
750 886 1035 942 Dominus
1086 890 1297 940 nostris
1347 889 1573 939 naturae
1623 883 1682 937 in
1716 882 1841 952 lege
1889 879 2081 934 autin

431 975 743 1048 Evangelia
775 975 1169 1047 virginitatem
1205 973 1736 1046 prazscripsit.Nam
1771 970 1872 1042 qui
1903 968 2081 1024 talem

433 1067 699 1124 masculo
732 1066 800 1120 ad
837 1065 1218 1134 feminam,et
1247 1079 1454 1118 rursus
1485 1062 1713 1116 femina:
1745 1061 1815 1114 ad
1849 1073 2082 1113 mascu-

431 1159 576 1223 lum,
622 1155 857 1227 qualem
891 1154 1058 1210 initio
1099 1153 1410 1224 descripsit
1453 1152 1658 1220 oratio,
1693 1150 1958 1205 habitum
2009 1149 2084 1202 ob

431 1245 840 1302 necessitatem
885 1242 1247 1297 matrimonii
1296 1240 1619 1312 impressit,
1656 1255 1720 1294 ac
1753 1239 1849 1308 iis,
1885 1238 1986 1309 qui
2015 1253 2085 1292 ex

429 1331 868 1391 immortalibus
902 1332 1178 1386 mortales
1211 1331 1342 1385 facti
1376 1331 1625 1399 fuerant,
1649 1327 2084 1384 successionem

431 1421 664 1496 generis
693 1421 936 1492 paravit,
971 1419 1124 1476 368
1155 1417 1683 1484 immortalitatem,
1712 1421 1777 1471 ut
1807 1414 2082 1481 diximus,

433 1510 817 1580 excogitans:
880 1510 1099 1580 quique
1153 1513 1458 1580 propterea
1517 1505 1680 1572 dixit,
1741 1506 1981 1561 Crescite
2035 1508 2088 1559 et

434 1600 900 1672 multiplicamini
953 1598 1087 1662 ‘33“,
1147 1597 1441 1668 quomodo
1496 1595 1888 1666 virginitatem
1948 1597 2089 1647 tunc

438 1688 818 1762 praescribere
846 1687 1138 1759 potuisset
1165 1704 1178 1752 ;
1211 1701 1344 1741 cum
1386 1685 1710 1756 praesertim
1744 1683 1816 1738 ad
1847 1681 2088 1754 explen-

2189 519 2436 591 θεμέναις
2493 519 2555 574 τὸ
2631 516 2861 575 ἄσπιλον
2941 523 3140 578 τούτου
3214 527 3551 601 πανταχόθεν
3633 516 3866 585 ὑποδει-

2187 607 2424 695 κνύντις.
2485 609 2612 683 Περὶ
2695 607 2752 664 δὲ
2807 615 2912 664 τῶν
2981 613 3262 688 παρθένων
3319 615 3580 691 έπιταγήν
3653 621 3863 695 Κυρίου

2190 697 2290 752 οὐκ
2320 694 2454 772 ἔχω’
2486 699 2714 773 γνώμην
2773 697 2830 753 δὲ
2888 697 3114 774 δίδωμι,
3173 704 3358 780 φησὶν,
3419 705 3492 768 ὡς
3537 694 3863 780 ἠλεημένος

2193 786 2296 841 ὑπὸ
2353 787 2600 861 Κυρίου’
2663 786 2777 841 ἐπεὶ
2859 786 2997 860 μηδὲ
3059 791 3088 844 6
3164 793 3442 864 Δεσπότης
3516 797 3680 868 ἡμῶν
3758 804 3866 866 τῆς

2192 877 2401 955 φύσεως
2451 876 2502 933 έν
2559 877 2715 951 νόμῳ
2762 877 2797 948 ἢ
2831 879 2880 934 έν
2932 881 3254 958 Εὐαγγελίῳ
3305 886 3596 961 παρθενίαν
3653 887 3861 960 ἐνομο-

2193 967 2434 1037 θέτησεν.
2492 968 2547 1020 Ὀ
2603 969 2704 1043 γὰρ
2778 969 3033 1040 τοιαύτην
3083 977 3164 1044 τῷ
3221 993 3280 1027 τε
3345 971 3525 1050 ἅρῥενι
3583 977 3726 1052 πρὸς
3791 979 3858 1032 τὸ

2195 1054 2358 1124 θῆλυ,
2416 1056 2506 1110 καὶ
2558 1054 2820 1110 ἀνάπαλιν
2851 1062 2928 1129 τῷ
2959 1057 3116 1128 θήλει
3149 1061 3285 1134 πρὸς
3314 1063 3376 1117 τὸ
3407 1061 3590 1138 ἅῤῥεν,
3623 1063 3860 1141 οἳανπερ

2195 1141 2245 1198 ἐν
2275 1143 2423 1218 ἀρχῇ
2456 1145 2483 1198 ὁ
2535 1143 2700 1218 λόγος
2755 1143 3014 1216 ὑπέδειξε,
3064 1149 3166 1216 τήν
3217 1151 3402 1225 σχέσιν
3449 1149 3538 1207 διὰ
3584 1155 3649 1208 τὸ
3690 1154 3866 1228 ἀναγ-

2193 1239 2348 1286 καῖον
2391 1237 2486 1288 τοῦ
2529 1234 2710 1308 γάμου
2765 1236 3269 1310 μηχανησάμενος,
3319 1245 3435 1303 τοῖς
3495 1238 3554 1297 δὶ
3613 1242 3668 1313 ἐξ
3720 1244 3861 1307 ἀθα-

2193 1323 2367 1376 νάτων
2417 1327 2636 1392 θνητοῖς
2683 1324 2998 1397 γενομένοις
3048 1327 3146 1394 τὴν
3197 1324 3464 1405 διαδοχὴν
3513 1335 3612 1385 τοῦ
3660 1333 3866 1406 γένους

2197 1409 2566 1479 ἐπισκευάσας,
2623 1413 2722 1480 τήν
2773 1412 2848 1474 ὡς
2909 1411 3121 1486 εἷ’ρηταί
3179 1437 3286 1471 που
3343 1419 3633 1482 ἀθανασίαν
3693 1421 3871 1495 εὐράο

2200 1519 2358 1571 μενος
2414 1500 2548 1572 (15),
2606 1500 2695 1554 καὶ
2755 1497 2844 1556 διὰ
2896 1499 3083 1570 τοῦτο,
3128 1505 3425 1576 Αὐξάνεσθε
3481 1508 3578 1562 καὶ
3636 1506 3870 1578 πληθύ-

2195 1589 2362 1653 νεσθε,
2421 1586 2691 1662 εἰρηκὼς,
2751 1593 2869 1651 πῶς
2946 1591 3060 1646 οἶόν
3117 1613 3176 1647 τε
3230 1595 3297 1663 ἦν
3365 1597 3659 1671 παρθενίαν
3744 1597 3876 1653 τότε

2195 1678 2513 1749 νομοθετεῖν
2551 1695 2565 1745 ;
2597 1677 2694 1731 Καὶ
2753 1677 3010 1750 μάλιστα,
3064 1681 3150 1735 ὅτι
3201 1683 3275 1745 εἰς
3323 1683 3723 1760 ἀναπλήρωσιν
3756 1691 3871 1741 τῶν

441 1781 584 1835 dum
617 1793 819 1833 eorum
873 1775 1090 1843 locum,
1123 1775 1221 1846 qui
1257 1775 1316 1829 in
1344 1773 1512 1828 bellis
1543 1774 1616 1828 ob
1649 1771 1943 1844 propriam
1979 1772 2087 1826 im-

2199 1764 2252 1820 έν
2299 1770 2418 1868 τοῖς
2464 1765 2736 1838 πολέμοις
2783 1763 2873 1868 διὰ
2919 1769 3016 1837 τήν
3069 1769 3272 1826 οἰκείαν
3323 1775 3636 1849 μοχθηρίαν
3688 1773 3873 1830 δαπα-

439 1867 792 1942 probitatem
824 1870 1092 1936 pereunt,
1126 1863 1518 1918 necessariam
1563 1877 1692 1917 esse
1725 1865 2088 1932 posterorum

438 1954 885 2012 multitudinem
937 1952 1206 2008 videret?
1239 1959 1316 2008 Ac
1349 1954 1407 2008 in
1441 1951 1567 2023 lege
1609 1951 1847 2021 quidem
1883 1949 2098 2020 Moysis

438 2045 614 2100 etiam
678 2029 1318 2112 benedictione-digna
1373 2041 1721 2095 censebatur
1776 2038 2095 2094 liberorum

436 2131 988 2204 procreatio'-".Sed
1010 2135 1319 2202 postquam
1345 2129 1539 2184 ﬂoruit
1563 2129 1825 2199 undique
1841 2127 2098 2197 prOpriis

442 2220 736 2277 fructibus
768 2220 1050 2289 mundus,
1085 2235 1150 2274 ac
1182 2223 1345 2273 tanta
1375 2217 1678 2272 hominum
1714 2215 2102 2270 multitudine

442 2314 571 2366 sata
595 2314 684 2364 est
715 2313 965 2373 terra,ut
997 2325 1108 2364 non
1131 2309 1254 2378 jam
1287 2311 1520 2378 caperet
1550 2305 1918 2360 nascentium
1947 2302 2100 2357 mul-

447 2397 857 2465 titudinem,ac
880 2396 1185 2466 impletum
1219 2400 1308 2452 est
1337 2395 1488 2467 quod
1522 2395 1593 2449 de
1623 2395 1871 2449 adventu
1907 2391 2103 2447 Domi-

450 2486 507 2541 ni
544 2486 727 2540 nostri
765 2486 1107 2556 priedictum
1163 2486 1370 2550 fuerat,
1405 2485 1524 2539 fore
1554 2489 1618 2537 ut
1649 2483 1916 2538 homines
1943 2480 2104 2535 illius

454 2572 721 2628 doctrina
752 2573 1070 2645 prudenter
1110 2573 1270 2636 victi,
1301 2572 1676 2627 conciderent
1706 2570 1931 2640 gladios
1962 2584 2104 2623 suos

2203 1853 2460 1925 νωμένων
2490 1854 2588 1922 τὴν
2636 1859 2743 1909 τῶν
2795 1853 3238 1932 ἐπ.γεννωμένων
3285 1863 3398 1935 (16)
3447 1861 3663 1932 πληθὺν
3692 1865 3870 1938 ἀναγ-

2205 1942 2370 1997 καίων
2405 1942 2566 2017 έώρα.
2630 1941 2786 1999 Ἀλλ’
2827 1943 2878 2000 ἐν
2937 1946 3029 2017 μὲν
3089 1951 3168 2019 τῷ
3225 1945 3316 2003 διὰ
3370 1950 3647 2014 Μωϋσέως
3702 1952 3868 2025 νόμῳ

2205 2031 2294 2087 καὶ
2381 2029 2634 2105 εὐλογίας
2718 2033 2861 2102 ἀξιον
2947 2036 3008 2089 τὸ
3084 2034 3479 2108 παιδοποιῆσαι
3551 2039 3867 2113 ἐνομίζετο.

2209 2117 2432 2188 Ἐπειδή
2487 2117 2544 2175 δὲ
2601 2119 2806 2190 ἤνθησε
2851 2123 2945 2193 μὶν
2993 2128 3114 2186 τοῖς
3169 2125 3390 2189 οἰκείοις
3440 2135 3676 2205 καρποῖς
3729 2151 3873 2184 παν-

2206 2205 2410 2283 ταχόσε
2464 2210 2491 2262 6
2547 2210 2792 2280 κόσμος,
2844 2210 2934 2265 καὶ
3002 2212 3238 2288 τοσαύτῃ
3299 2214 3512 2286 πληθύϊ
3562 2218 3873 2290 ἀνθρώπων

2209 2298 2515 2370 κατεσπάρη
2565 2300 2599 2367 ἡ
2650 2305 2744 2373 γῆ,
2803 2300 2876 2362 ὡς
2931 2299 3072 2372 μηδὲ
3126 2309 3329 2378 χωρεῖν
3386 2303 3579 2360 λοιπὸν
3610 2311 3722 2360 τῶν
3759 2306 3876 2361 ἐπι-

2211 2388 2564 2462 γεννωμένων
2618 2387 2680 2442 τὸ
2739 2387 2970 2458 πλῆθος,
3025 2389 3210 2460 ἐνέστη
3261 2390 3318 2447 δὲ
3382 2393 3472 2448 καὶ
3518 2395 3582 2449 τὸ
3640 2393 3732 2450 ἐπὶ
3802 2400 3876 2468 τῇ

2210 2475 2478 2550 παρουσίᾳ
2524 2479 2621 2530 τοῦ
2673 2479 2870 2552 Κυρίου
2913 2481 3075 2550 ἡμῶν
3137 2483 3647 2556 προφητευόμενον,
3684 2485 3770 2539 ὅτι
3823 2487 3880 2539 οἱ

2209 2564 2278 2638 τῇ
2310 2561 2630 2636 διδασκαλίᾳ
2654 2564 2818 2620 αὐτοῦ
2863 2567 3144 2642 φρονίμως
3182 2571 3506 2639 πεισθέντες,
3540 2573 3878 2648 συγκόψουσι

459 2663 516 2716 in
550 2666 744 2717 aratra
791 2666 847 2717 et
877 2661 1110 2718 lanceas
1140 2661 1197 2716 in
1229 2677 1512 2729 vomeres,
1544 2675 1650 2716 nec
1691 2661 1815 2730 jam
1849 2673 2087 2713 sumere

2212 2655 2308 2714 τὰς
2361 2652 2636 2727 μαχαίρας
2690 2653 2864 2708 αὐτῶν
2922 2655 2998 2717 είς
3058 2655 3279 2732 ἄροτρα,
3341 2659 3430 2714 καὶ
3484 2660 3580 2723 τὰς
3650 2657 3877 2730 ζιϐύνας

457 2767 601 2824 gens
624 2757 829 2808 contra
843 2755 1080 2824 gentem
1103 2766 1436 2818 ensem,nec
1460 2748 1675 2805 bellum
1697 2763 1897 2821 gerere
1917 2747 2106 2802 disce-

454 2845 588 2896 rent
621 2842 704 2908 ‘8;
739 2840 1012 2914 praeclare
1061 2839 1386 2910 virginitas,
1431 2842 1636 2894 contra
1687 2842 1863 2908 atque
1911 2835 1970 2890 hi
2003 2835 2107 2906 qui

431 2945 558 3006 .per
608 2945 817 3002 corpus
854 2933 1332 3000 corrumpuntur,
1365 2944 1433 2982 ex
1463 2926 1806 2999 corporibus
1836 2926 2104 2981 incorru-

448 3018 710 3090 ptionem
747 3019 1500 3090 pullulavit.Virginitatem
1535 3023 1751 3083 tamen,
1787 3031 1974 3086 neque
2006 3030 2106 3085 per

448 3107 705 3180 Moysem
723 3105 1765 3178 prasscribitDominus,masculorum
1780 3110 1832 3158 et
1847 3104 2094 3158 femine-

2215 2743 2291 2806 εἷς
2322 2739 2579 2818 δρέπανα,
2627 2743 2716 2796 καὶ
2761 2742 2822 2797 οὐ
2877 2745 2951 2816 μὴ
3005 2740 3248 2801 λάϐωσιν
3299 2744 3376 2803 ἔτι
3418 2742 3565 2811 ἔθνος
3596 2749 3680 2803 ἐπ’
3713 2747 3870 2813 ἔθνος

2219 2832 2514 2906 μάχαιραι,
2547 2830 2635 2885 καὶ
2667 2830 2728 2885 οὐ
2763 2833 2839 2904 μὴ
2893 2835 3133 2904 μάθωσιν
3181 2829 3257 2890 ἔτι
3295 2837 3580 2910 πολεμεῖν·
3614 2836 3802 2900 καλῶς
3833 2843 3872 2910 ἡ

2212 2921 2477 2995 παρθενία
2533 2921 2901 2996 ἀντιστρόφως
2975 2929 3092 2985 τοῖς
3169 2922 3257 2979 διὰ
3330 2927 3583 2997 σώματος
3646 2940 3874 3005 φθειρο-

2218 3011 2400 3084 μένοις
2456 3008 2516 3064 έκ
2573 3011 2838 3082 σωμάτων
2918 3012 3017 3080 τὴν
3093 3013 3350 3090 ἀφθορίαν
3415 3013 3728 3090 βλαστάνει.
3791 3016 3870 3075 Οὐ

2211 3104 2497 3172 νομοθετεῖ
2553 3095 2609 3153 δὲ
2666 3099 2842 3171 ὅμως,
2893 3098 3024 3175 ὅπερ
3084 3096 3241 3179 ἔφην,
3292 3100 3416 3158 οὔτε
3458 3101 3546 3159 διὰ
3593 3106 3877 3169 Μωυσέως

444 3211 612 3251 orum
627 3211 939 3265 corporum
953 3199 1174 3251 natura:
1189 3196 1474 3250 rationem
1490 3195 1734 3258 habens,
1757 3209 1944 3262 neque
1965 3208 2087 3247 eam

2205 3169 2490 3261 παρθενίαν
2536 3187 2564 3240 ὁ
2622 3169 2833 3260 Κύριος⁷
2881 3169 3005 3256 τῆς*
3035 3169 3141 3242 τῶν
3174 3169 3438 3264 ⁷ἆρῥένωι
3487 3192 3578 3246 καὶ
3621 3189 3872 3260 θηλείων

446 3281 505 3336 in
543 3281 855 3352 Evangelia
887 3283 1280 3352 praecipit.Sed
1303 3283 1517 3353 Moysis
1547 3282 1732 3352 legem
1765 3296 2092 3346 resumens,

448 3370 602 3439 quod
629 3370 826 3424 deerat
847 3371 914 3424 ad
937 3375 1269 3425 accuratam
1295 3371 1571 3424 virtutem
1621 3369 1821 3422 edocet
1842 3369 2043 3422 dicens
2077 3383 2090 3421 :

447 3459 665 3512 Dictum
693 3463 771 3512 est
798 3475 816 3511 :
846 3463 963 3514 Non
992 3459 1374 3528 mazchaberis,
1407 3459 1516 3527 Ego
1545 3465 1732 3512 autem
1781 3456 1882 3510 tibi
1927 3456 2043 3510 dico
2076 3472 2092 3510 :

445 3547 566 3602 Non
589 3547 936 3617 concupisces
972 3549 1096 3616 '°,et
1127 3563 1253 3617 quas
1285 3551 1633 3617 sequuntur.
1668 3546 1734 3600 Et
1763 3561 1895 3599 cum
1928 3547 2092 3599 sede-

445 3639 532 3689 ret
563 3634 621 3690 in
655 3640 914 3698 montc,a
943 3633 1405 3690 beatitudinibus
1435 3633 1610 3705 coepit
1638 3650 1702 3688 os
1732 3634 1956 3705 aperire
1987 3651 2000 3699 ;
2035 3637 2092 3688 et

440 3729 754 3794 postquam
780 3723 1240 3795 recensuitleges
1263 3724 1479 3796 Moysis
1501 3727 1559 3778 et
1579 3723 1778 3779 omnia
1799 3725 1870 3778 ad
1895 3739 2088 3778 veram

437 3812 713 3868 virtutem
746 3813 1095 3878 intendit,ac
1111 3813 1387 3868 ducentia
1416 3813 1486 3868 ad
1519 3812 1770 3868 salutem
1806 3818 2090 3883 praecepta

438 3901 783 3969 tradidit";
814 3902 1054 3973 impleto
1095 3902 1372 3957 doctrinae
1403 3901 1751 3962 ministerio,
1783 3901 2088 3956 descendit

438 3991 510 4044 de
541 3995 759 4056 monte,
805 4007 1097 4062 nusquam
1131 3990 1186 4045 in
1228 3991 1532 4061 prrsceptis
1584 3989 1935 4061 virginitate,
1966 3988 2086 4044 sive

435 4078 495 4132 in
553 4079 760 4148 Veteri,
793 4081 913 4136 sive
961 4080 1020 4134 in
1071 4083 1225 4134 Novo
1283 4079 1659 4134 Testamento
1718 4078 2083 4148 praescripta.

436 4167 681 4223 Volebat
703 4169 856 4223 enim
902 4175 1257 4238 praeceptum
1289 4184 1402 4222 non
1437 4184 1566 4222 esse
1597 4166 1936 4236 praeclarum
1971 4167 2083 4220 vir-

435 4256 704 4327 ginitatis
736 4256 1207 4325 institutum,sed
1233 4256 1534 4326 egregium
1567 4253 1775 4308 animas
1803 4254 2080 4309 virtutem

436 4345 691 4400 amantis
749 4346 996 4410 facinus,
1033 4345 1217 4400 libera
1273 4349 1561 4416 potestate
1592 4344 1650 4398 id
1695 4344 1850 4414 quod
1899 4361 2081 4416 supra

433 4437 790 4505 praeceptum
823 4439 877 4488 et
907 4449 1085 4502 supra
1117 4433 1302 4503 legem
1337 4442 1421 4486 est.
1451 4449 1519 4487 ex
1549 4433 1743 4502 seipea
1774 4433 2077 4504 perficien-

2205 3277 2472 3346 σωμάτων
2515 3275 2724 3349 φύσεως
2780 3275 3206 3350 στοχαζόμενος,
3254 3275 3378 3334 οὔτε
3424 3279 3476 3334 έν
3529 3279 3861 3355 Εὑαγγελίῳ

2201 3364 2400 3434 ταύτην
2447 3361 2776 3420 ἐντέλλεται.
2836 3364 3014 3420 Ἀλλὰ
3066 3366 3154 3420 τὸν
3219 3367 3313 3440 μὲν
3363 3367 3636 3429 Μωυσέως
3685 3369 3860 3442 νόμον

2201 3451 2535 3530 ἀνειληφὼς,
2563 3452 2625 3506 τὸ
2677 3451 2865 3507 λεῖπον
2898 3453 3033 3526 πρὸς
3079 3450 3278 3529 ἀκριϐῆ
3313 3457 3506 3527 ἀρετὴν
3549 3455 3859 3512 ἐκδιδάσκει

2203 3537 2395 3614 λέγων·
2485 3540 2761 3616 Ἐῥρέθη·
2837 3541 2914 3599 Οὐ
2993 3543 3326 3619 μοιχεύσεις.
3413 3546 3553 3621 Ἐγὼ
3623 3543 3680 3600 δέ
3771 3568 3858 3601 σοι

2201 3626 2380 3702 λέγω·
2442 3627 2594 3700 Μηδὲ
2651 3629 3033 3705 ἐπιθυμήσῃς,
3083 3633 3173 3686 καὶ
3228 3633 3297 3688 τὰ
3355 3634 3510 3704 ἑξῆς.
3572 3636 3670 3690 Καὶ
3721 3648 3858 3699 καθ-

2203 3717 2316 3781 ίσας
2371 3719 2464 3790 μὲν
2524 3718 2610 3772 ἐπὶ
2665 3723 2763 3772 τοῦ
2822 3715 3002 3793 ὅρους,
3057 3719 3164 3774 ἀπὸ
3225 3727 3584 3795 μακαρισμῶν
3646 3723 3851 3799 ἀνοίγει

2195 3808 2256 3861 τὸ
2288 3807 2481 3880 στόμα’
2522 3804 2764 3862 ἐπελθὼν
2816 3805 2873 3862 δὲ
2900 3809 2967 3862 τὰ
3016 3813 3112 3862 τοῦ
3164 3811 3442 3872 Μωυσέως
3491 3811 3580 3866 καὶ
3639 3815 3854 3868 ἅπαντα

2195 3898 2330 3969 πρὸς
2386 3898 2484 3966 τὴν
2545 3895 2725 3966 ἀληθῆ
2795 3897 2988 3970 ἀρετὴν
3049 3896 3349 3968 ἐπιτείνας,
3409 3900 3498 3954 καὶ
3556 3902 3652 3962 τὰς
3707 3904 3854 3976 πρὸς

2193 3983 2464 4059 σωτηρίαν
2543 3985 2914 4047 συντεινούσας
2985 3984 3208 4047 ἐντολάς
3275 3985 3579 4060 ἐκδιδάξας,
3634 3987 3857 4062 πληροῖ

2189 4073 2289 4140 τήν
2339 4069 2687 4127 διδασκαλίαν
2723 4114 2738 4140 ,
2793 4075 2882 4127 καὶ
2939 4070 3250 4130 καταϐαίνει
3326 4076 3430 4130 ἀπὸ
3503 4081 3600 4132 τοῦ
3658 4075 3850 4152 ὅρους·

2190 4158 2438 4234 οὐδαμοῦ
2468 4159 2520 4216 ἐν
2567 4167 2685 4223 ταῖς
2726 4159 2972 4224 ἐντολαῖς
3019 4164 3328 4239 παρθενίαν,
3357 4162 3470 4220 οὔτ’
3519 4164 3570 4221 ἐν
3606 4164 3848 4238 Παλαιᾷ,

2190 4247 2318 4304 οὔτε
2373 4250 2423 4304 ἐν
2501 4253 2667 4322 Καινῇ
2743 4252 3010 4325 Διαθήκῃ,
3063 4255 3436 4324 νομοθετήσας
3472 4297 3486 4312 .
3547 4249 3845 4310 Ἐϐούλετο

2188 4339 2292 4414 γὰρ
2351 4340 2424 4410 μὴ
2499 4338 2767 4413 ἐπίταγμα
2823 4341 2954 4393 εἶναι
3024 4341 3085 4394 τὸ
3155 4343 3486 4415 κατόρθωμα
3542 4351 3642 4412 τῆς
3700 4364 3845 4418 παρ-

2189 4427 2362 4491 θενίας
2400 4469 2413 4496 ,
2470 4425 2614 4482 ἀλλὰ
2666 4427 3050 4502 πλεονεκτημα
3117 4430 3412 4506 φιλαρέτου
3470 4434 3678 4506 ψυχῆς,
3737 4433 3847 4488 ἀπὸ

430 4522 528 4576 tis.
566 4521 709 4576 Nam
745 4521 960 4591 nuptiaa
1003 4525 1223 4574 natura:
1273 4537 1452 4575 causa
1495 4521 1801 4588 institutas,
1834 4527 1892 4576 et
1930 4522 2076 4592 legis

2198 4515 2529 4585 ιύτεξουσίου
2609 4514 2885 4578 αὐθεντίας
2967 4518 3030 4571 τὸ
3109 4518 3244 4590 ὑπὲρ
3299 4521 3397 4588 τήν
3457 4519 3684 4589 ἐντολήν
3754 4522 3846 4575 καὶ

429 4613 716 4682 praecepta
745 4609 814 4662 ad
849 4612 1115 4662 naturam
1142 4608 1938 4679 accommodata.Virginitas
1969 4625 2072 4664 au-

429 4703 546 4754 tem
580 4701 852 4752 naturam
886 4711 1196 4768 superans,
1233 4696 1380 4768 legis
1409 4696 1673 4752 servituti
1705 4713 1820 4753 non
1852 4697 2074 4751 addici-

427 4789 544 4851 tur,
579 4785 679 4839 sed
717 4800 896 4855 supra
927 4784 1111 4854 legem
1160 4783 1621 4855 incorruptionis
1649 4783 1887 4839 laudem
1915 4800 2072 4840 crea-

427 4873 537 4929 tori
571 4890 636 4929 ac
668 4872 986 4946 legislatori
1019 4873 1528 4946 oii'ert.Propterea
1556 4873 1738 4945 igitur
1765 4873 2074 4939 Dominus,

324 5027 342 5039 ε
428 4963 644 5018 iterum
676 4962 828 5027 dico,
863 4975 1158 5032 nusquam
1201 4961 1595 5033 virginitatem
1627 4961 1936 5032 praecepit;
1971 4963 2074 5017 sed

429 5052 740 5120 concessit,
774 5055 840 5106 ut
883 5051 1380 5122 quemadmodum
1433 5051 1505 5106 ab
1552 5050 1986 5122 incorruptione
2015 5050 2074 5105 in

424 5141 857 5214 corruptionem
879 5145 1086 5212 prazter
1100 5144 1370 5196 naturam
1386 5140 1772 5195 immoderata
1791 5143 2076 5211 potestate

488 5267 534 5302 ⁶²
566 5267 586 5321 Ι
618 5266 745 5322 Cor.
779 5283 877 5328 vn,
908 5266 996 5319 25.
1072 5265 1199 5306 “3-99
1227 5268 1366 5321 Gen.
1401 5281 1439 5334 ι,
1471 5264 1559 5317 28.
1640 5264 1736 5304 ι-ίτ
1768 5268 1932 5321 Deut.
1967 5280 2087 5319 xxv}

2198 5263 2240 5320 1.
2321 5263 2364 5299 1⁸
2396 5262 2569 5318 Mich.
2603 5279 2681 5328 IV,
2711 5262 2765 5316 3.

418 5339 463 5373 ²⁰
494 5338 699 5394 Matth.
731 5355 787 5407 v,
818 5338 840 5392 4
883 5353 1012 5408 sqq.

488 5481 602 5551 (14)
649 5478 1096 5552 Ἐμπορεύεσθαι.
1158 5476 1434 5532 Nonnulli
1495 5477 1746 5545 codices,
1805 5473 2068 5550 ἐμπορεύ-

423 5562 962 5694 σαῖθῶιίεύράμενος.
998 5620 1158 5676 Unus
1189 5636 1258 5676 ex
1287 5619 1500 5692 Regiis,
1535 5619 1854 5692 εὑρόμενος.

2185 4605 2316 4677 ὑπὲρ
2371 4606 2469 4673 τὴν
2529 4604 2684 4680 φύσιν
2759 4604 2850 4682 ἀφ’
2909 4606 3106 4675 ἑαυτῆς
3163 4609 3559 4683 κατορθούσης.
3621 4611 3684 4668 Ὁ
3745 4612 3843 4682 μὲν

2182 4693 2282 4767 γὰρ
2320 4692 2496 4768 γάμος
2549 4699 2649 4761 τῆς
2704 4693 2913 4770 φύσεως
2968 4691 3143 4764 ἕνεκα,
3201 4696 3290 4750 καί
3335 4699 3363 4752 ὁ
3411 4697 3581 4770 νόμος
3631 4695 3846 4753 διατάτ-

2181 4801 2325 4836 τεται
2373 4784 2441 4854 τῇ
2493 4781 2646 4858 φύσει
2692 4783 2754 4836 τὸ
2800 4783 3132 4859 πρόσφορον.
3183 4783 3340 4842 Ἡδὲ
3369 4785 3629 4861 παρθενία
3683 4787 3846 4863 ὐπερ-

2183 4864 2322 4924 ϐᾶσα
2375 4870 2474 4938 τὴν
2531 4869 2702 4938 σύσιν,
2761 4867 3080 4936 ἀδούλωτος
3133 4872 3287 4946 νόμῳ
3341 4873 3506 4944 ἐστὶν,
3566 4875 3698 4949 ὑπὲρ
3744 4878 3837 4932 τὸν

2183 4959 2352 5030 νόμον
2393 4965 2493 5026 τῆς
2553 4957 2814 5034 ἀφθορίας
2869 4961 2932 5014 τὸ
3001 4962 3332 5037 κατόρθωμα
3385 4968 3464 5035 τῷ
3522 4964 3730 5038 ποιητῇ
3780 4985 3840 5020 τε

2182 5049 2269 5102 καὶ
2327 5046 2596 5121 νομοθέτῃ
2651 5048 3068 5125 προσφέρουσα.
3129 5050 3226 5106 Διὰ
3282 5055 3443 5106 τοῦτο
3502 5050 3592 5107 οὖν
3654 5054 3683 5107 6
3748 5055 3842 5127 μὲν

2185 5138 2400 5210 Κύριος,
2457 5135 2563 5212 ἐρῶ
2635 5135 2823 5208 πάλιν,
2899 5135 3142 5212 οὐδαμοῦ
3217 5140 3580 5215 ἐνομοθέτησε
3632 5155 3838 5215 παρθε-

2865 5264 2908 5299 "
2939 5263 3142 5321 Matth.
3173 5282 3230 5335 v,
3259 5267 3367 5335 27;
3401 5267 3577 5324 Exod.
3610 5285 3707 5335 xx,
3743 5271 3830 5325 14.

2251 5478 2365 5558 (1.6)
2422 5478 2529 5558 Τὴν
2591 5479 2699 5558 τῷν
2758 5475 3222 5558 ἐπιγεννωμξνωνο
3280 5485 3530 5558 Deerant
3590 5482 3714 5558 haec
3775 5486 3834 5542 in

2180 5549 2374 5604 editis.
2432 5550 2734 5628 L‘eguntur
2790 5549 2872 5605 in'
2903 5549 3200 5628 omnibus,
3241 5553 3458 5628 nostris
3501 5555 3833 5628 codicibus,

2181 5637 2434 5693 quorum
2465 5625 2662 5679 tamen
2693 5623 2962 5680 nonnulli
2993 5623 3234 5695 habent,
3265 5623 3688 5702 ἐπιγενομένων.
