4112 6224
330 357 444 418 ’181

1568 351 1800 412 LIBER
1843 351 1947 412 DE
1987 351 2116 414 VIR
2126 352 2530 415 GINITATE.

3631 356 3758 418 782

322 486 465 541 νίαν’
495 481 642 541 εἶάσε
673 481 869 556 δὶ,’ίνα
909 481 1090 556 ὥσπερ
1147 481 1252 536 ἀπὸ
1307 479 1602 556 ἀφθαρσίας
1653 480 1730 542 είς
1782 481 1986 558 φθορὰν

2105 499 2246 540 usus
2278 484 2456 540 homo
2486 485 2768 540 violenter
2801 485 3078 539 detrusus
3109 484 3306 554 est,ita
3334 487 3761 558 acorruptione

323 577 475 650 παρὰ
507 575 663 652 φύσιν
697 573 918 646 ἀμέτρῳ
973 577 1043 646 τῇ
1084 569 1302 644 ἐξουσίᾳ
1372 572 1718 646 χρησάμενος
1772 565 1994 640 ἐϐιάσθη

323 667 354 721 ὁ
407 663 714 737 ἄνθρωπος,
766 661 948 723 οὕτως
996 661 1104 716 ἀπὸ
1156 662 1360 737 φθορᾶς
1421 659 1497 723 εἷς
1547 660 1846 735 ἀφθαρσίαν
1899 661 1998 728 τὴν

320 756 518 809 ἑαυτοῦ
577 752 734 829 φύσιν
792 749 1062 825 κρείττονι
1122 756 1222 818 τῆς
1275 748 1484 825 φύσεως
1529 748 1839 824 προαιρέσει
1875 748 1998 822 βιά-

321 863 506 913 σηται.
541 841 645 897 Καὶ
705 840 768 895 ού
824 841 1124 912 νομοθετεῖ
1185 839 1302 910 μὶν,
1336 838 1504 911 φημὶ,
1552 834 1677 892 οὐδὲ
1729 836 1996 891 ἐπιτάττει

319 932 389 986 τὸ
446 929 779 1004 κατόρθωμα
833 932 1037 995 τοῦτο,
1103 925 1375 1001 ἐξαίρετόν
1432 948 1483 981 τι
1543 925 1632 980 καὶ
1693 926 1824 1000 ὑπὲρ
1894 926 1993 994 τήν

319 1021 482 1098 φύσιν
539 1019 629 1073 καὶ
693 1019 829 1093 ὑπὲρ
880 1017 973 1072 τὸν
1032 1015 1204 1088 νόμον
1269 1015 1570 1089 φιλαρέτου
1629 1018 1813 1091 ψυχῆς
1862 1015 1993 1068 εἶναι

316 1111 627 1186 γινώσκων.
680 1106 946 1167 Ἀκούσας
1005 1103 1065 1160 δὲ
1107 1109 1206 1160 τοῦ
1267 1105 1410 1179 πρὸς
1471 1103 1627 1158 αὐτὸν
1689 1104 1990 1178 εἶ’ρηκότος,

318 1201 406 1257 Οὗ
482 1197 749 1271 συμφέρει
838 1201 1135 1270 γαμῆσαι,
1192 1193 1256 1248 τὸ
1359 1193 1624 1270 ὑπερφυὲς
1719 1190 1993 1247 ἐνδεικνύ-

321 1308 486 1363 μενος
574 1293 675 1355 τῆς
761 1283 1108 1360 παρθενίας,
1169 1283 1332 1360 φησίν
1375 1301 1387 1314 °
1447 1283 1527 1340 Οὐ
1598 1283 1793 1343 πάντες
1874 1300 1993 1356 χω-

321 1381 542 1454 ροῦσιν.

392 1468 604 1529 56.“Ως
657 1466 756 1520 καὶ
817 1465 845 1519 6
906 1462 1185 1528 θειότατος
1242 1461 1604 1528 Ἀπόστολος,
1665 1462 1781 1517 κατ’
1839 1460 1995 1535 ἴχνος

323 1556 620 1630 ἑπόμενος,
651 1555 719 1610 τὰ
775 1553 871 1629 μὲν
905 1553 1176 1628 ἀνάγκαῖα
1206 1554 1342 1624 πρὸς
1376 1552 1519 1621 ζωὴν
1581 1551 1635 1605 ἐν
1691 1557 1810 1613 ταῖς
1841 1553 1991 1608 Ἐπι-

323 1645 552 1707 στολαῖς
613 1643 953 1700 διατάσσεται
985 1661 1000 1673 ⁶
1064 1642 1154 1697 καὶ
1227 1642 1326 1711 τήν
1389 1639 1717 1711 Ἐκκλησίαν
1788 1632 1994 1712 ἑκάστῳ

324 1738 572 1812 τάγματι
632 1735 708 1797 ὡς
752 1734 805 1788 ’ἐν
856 1737 1040 1804 σῶμα,
1075 1731 1182 1786 ἀπὸ
1230 1729 1474 1808 κεφαλῆς
1521 1729 1621 1794 ἕως
1663 1728 1865 1804 ἄκρων,
1916 1729 1991 1790 ὠς

334 1825 401 1881 ἄν
431 1845 516 1886 τις
547 1821 716 1891 εἶ’ποι,
751 1822 964 1896 ὀνύχων
1023 1825 1240 1892 κοσμεῖ·
1275 1819 1397 1894 περί
1448 1817 1505 1874 δὲ
1550 1824 1657 1873 τῶν
1685 1819 1988 1892 παρθένων,

320 1911 484 1968 οὐδὲν
539 1914 633 1984 μὶν
697 1913 786 1989 ἀφ’
836 1912 1027 1965 ἑαυτοῦ
1080 1909 1452 1986 ἆποφαίνεται⁴
1490 1907 1845 1980 ἐρωτώμενος
1903 1905 1980 1983 δὲ,

326 2007 583 2076 μιμεῖται
639 2001 735 2056 τὸν
789 1999 1007 2076 Κύριον,
1058 1999 1147 2053 καί
1204 2018 1356 2076 φησι·
1393 1998 1522 2074 Περὶ
1580 1995 1636 2052 δὲ
1690 2002 1797 2052 τῶν
1849 2020 1984 2074 παρ-

321 2093 495 2155 θένων
542 2091 801 2167 ἐπιταγὴν
853 2088 1052 2162 Κυρίου
1103 2088 1203 2143 ούκ
1254 2084 1388 2164 ἔχω.
1443 2084 1701 2159 Ούδαμοῦ
1747 2087 1849 2163 γὰρ
1898 2089 1983 2142 εὑ-

324 2181 524 2257 ρίσκω,
561 2178 684 2236 οὔτε
733 2180 786 2235 ἐν
829 2179 1008 2252 νόμῳ,
1061 2175 1174 2232 οὔτ’
1225 2176 1276 2232 ἐν
1328 2174 1670 2252 Εὐαγγελίῳ,
1704 2181 1865 2230 τοῦτο
1922 2177 1984 2232 τὸ

328 2270 592 2344 μὲγιστον
623 2274 808 2340 κτῆμα
832 2273 934 2335 τῆς
963 2264 1262 2343 φιλαρὲτου
1291 2267 1474 2338 ψυχῆς
1502 2263 1593 2318 τὸν
1623 2263 1816 2338 Κύριον
1868 2263 1984 2318 ἐπι-

323 2361 575 2428 τάξαντα.
637 2359 725 2418 Ὠς
778 2353 835 2409 δὲ
891 2356 920 2408 6
977 2353 1180 2427 Κύριος
1258 2353 1552 2429 ἐρωτηθεὶς
1608 2352 1670 2407 τὸ
1732 2353 1846 2424 μὲν,
1908 2350 1984 2409 Ού

327 2450 533 2508 πάντες
592 2449 862 2521 χωροῦσι,
919 2449 1036 2505 τοῖς
1093 2442 1424 2519 ἑρωτήσασιν
1484 2441 1830 2518 ἀπεκρίνατο,
1883 2441 1987 2496 οὐκ

327 2531 535 2611 ἔκρυψε
565 2532 622 2588 δὲ
647 2531 775 2588 οὕτε
803 2533 864 2587 τὸ
899 2531 1148 2606 μέγεθος,
1180 2529 1301 2586 οὕτε
1324 2531 1416 2586 τὸν
1461 2532 1663 2607 τρόπον
1709 2532 1755 2603 ᾧ
1797 2528 1858 2584 ἄν
1898 2549 1984 2590 τις

328 2625 700 2697 κατορθώσειε
728 2621 1034 2696 παρθενίαν,
1068 2619 1194 2676 ἀλλ’
1225 2619 1509 2696 ἐπενέγκας
1557 2620 1620 2674 τὸ
1666 2620 1849 2694 τρίτον
1907 2619 1985 2673 εἶ-

331 2713 436 2775 δος
464 2719 562 2781 τῆς
592 2710 876 2786 εύνουχίας
907 2708 1194 2782 ὑπέδειξεν·
1248 2709 1392 2765 οὕτω
1439 2709 1607 2785 κάγὼ,
1643 2708 1689 2762 εί
1736 2707 1824 2762 καὶ
1869 2707 2013 2762 ἐπι-ι

329 2804 516 2878 ταγήν
548 2801 750 2875 Κυρίου
781 2799 880 2854 ούκ
911 2797 1048 2875 ἔχω,
1081 2796 1228 2854 ἀλλὰ
1274 2799 1505 2873 γνώμην
1555 2795 1778 2869 δίδωμι.
1810 2799 1985 2850 Ὅπου

330 2893 444 2968 γὰρ
474 2891 605 2964 ὑπὲρ
641 2890 736 2957 τὴν
781 2889 934 2966 φύσιν
968 2885 1157 2961 μέλλει
1189 2888 1426 2964 γίνεσθαι
1473 2891 1634 2942 τοῦτο
1677 2887 1740 2941 τὸ
1789 2887 1984 2962 κατόρ-

331 2993 502 3054 θωμα
528 2979 638 3033 ἐκεῖ
682 2973 1006 3033 ἐκϐάλλεται
1058 2977 1152 3048 μὲν
1201 2977 1337 3030 ἅπαν
1390 2973 1759 3051 δουλοπρεπὲς
1808 2973 1988 3028 ἐπίτα-

328 3088 474 3146 γμα*
527 3067 782 3143 ἐλευθέρα
827 3064 885 3121 δὲ
931 3061 1219 3139 συμϐουλή
1269 3067 1633 3144 ὑποφωνοῦσα
1697 3070 1816 3127 πῶς
1872 3065 1984 3139 χρὴ

324 3161 433 3214 τὸν
492 3157 772 3232 ἐλεύθερον
826 3158 1022 3218 παντὸς
1092 3156 1481 3231 ἐπιτάγματος,
1538 3153 1819 3230 κρείττονα
1881 3154 1986 3208 ἀπὸ

2108 574 2176 627 ad
2211 574 2709 645 incorruptionem
2730 579 3003 629 naturam
3034 590 3202 628 suam
3226 574 3524 646 proposito
3546 580 3760 633 natura

2106 662 2364 728 meliore,
2402 664 2518 718 vim
2555 665 2868 734 quamdam
2901 662 3014 717 sibi
3045 663 3352 731 adhibens,
3389 665 3752 735 perveheret.

2106 752 2220 806 Nec
2250 751 2438 807 instar
2484 751 2630 823 legis
2659 751 2998 822 praescribit,
3031 751 3297 822 inquam,
3332 769 3437 808 nec
3494 753 3760 825 praecipit

2105 840 2213 895 hoc
2245 840 2604 909 institutum,
2639 840 2910 895 eximiam
2945 842 3286 911 quamdam,
3319 858 3385 897 ac
3443 859 3623 914 supra
3653 860 3758 899 na-

2103 936 2296 985 turam
2346 935 2403 985 et
2458 947 2638 1002 supra
2686 930 2896 1002 legem,
2929 930 3136 984 animae
3186 929 3419 986 virtutis
3471 931 3756 988 studiosus

2106 1018 2336 1074 laudem
2369 1034 2500 1073 esse
2531 1020 2746 1074 sciens.
2780 1022 2923 1072 Cum
2948 1023 3143 1073 autem
3177 1018 3443 1075 audisset
3475 1036 3633 1092 eum,
3654 1021 3757 1092 qui

2107 1109 2176 1162 ad
2209 1107 2377 1162 illum
2411 1109 2642 1162 dicebat
2675 1124 2687 1163 :
2721 1108 2836 1163 Non
2868 1107 3091 1179 expedit
3118 1108 3322 1164 nubere
3351 1109 3396 1145 εί
3425 1126 3438 1178 ;
3470 1109 3759 1166 excellen-

2107 1197 2247 1251 tiam
2281 1199 2692 1253 demonstrans
2733 1197 3086 1270 virginitatis
3119 1198 3199 1252 ait
3228 1215 3242 1266 ;
3275 1197 3394 1254 Non
3439 1214 3624 1255 omnes
3669 1215 3757 1255 ca-

2102 1288 2262 1356 piunt
2292 1287 2360 1342 ”.

2171 1466 2785 1531 56.0uemadmodum
2817 1469 2875 1520 et
2904 1465 3311 1520 divinissimus
3339 1466 3658 1538 Apostolus
3688 1465 3759 1520 il-

2105 1555 2219 1610 lius
2247 1554 2495 1627 vestigia
2524 1571 2796 1625 sequens,
2825 1571 2951 1625 quae
2984 1554 3220 1626 quidem
3255 1555 3586 1612 necessaria
3617 1559 3762 1612 sunt

2103 1645 2174 1699 ad
2195 1645 2372 1699 vitam
2391 1645 2446 1698 in
2471 1643 2747 1714 Epistolis
2771 1643 3071 1715 praecipit;
3097 1660 3162 1698 ac
3186 1644 3501 1700 Ecclesium
3525 1644 3584 1698 in
3609 1661 3757 1700 uno-

2102 1750 2337 1805 quoque
2358 1732 2745 1799 ordine,ve|ut
2766 1749 2947 1788 unum
2973 1749 3185 1804 corpus
3210 1749 3241 1786 a
3263 1732 3450 1804 capite
3477 1742 3666 1804 usQue
3684 1734 3751 1788 ad

2101 1829 2412 1889 extremos,
2445 1826 2510 1876 ut
2542 1823 2621 1876 ita
2647 1821 2862 1890 dicam,
2898 1837 3124 1893 ungues
3154 1825 3396 1876 exornat
3423 1838 3437 1877 :
3470 1821 3540 1876 de
3569 1821 3760 1893 virgi-

2097 1911 2270 1966 nibus
2301 1916 2496 1965 aute-m
2520 1909 2664 1964 nihil
2694 1927 2764 1964 ex
2795 1911 2988 1982 seipso
3022 1910 3405 1981 pronuntiat;
3433 1911 3532 1965 sed
3567 1909 3752 1966 inter-

2090 2007 2328 2072 rogatus
2357 1999 2628 2055 imitatur
2650 1999 2964 2054 Dominum
2993 2003 3050 2053 et
3071 1998 3187 2053 ait:
3216 2000 3289 2054 De
3308 1999 3628 2072 virginibus
3656 2017 3753 2055 au-

2089 2095 2196 2144 tem
2220 2093 2548 2160 praeceptum
2580 2089 2797 2143 Domini
2826 2103 2937 2142 non
2959 2087 3127 2143 habeo
3147 2088 3214 2142 ³³.
3247 2089 3551 2160 Nusquam
3585 2089 3744 2144 enim

2093 2179 2316 2250 reperio
2361 2193 2466 2232 nec
2497 2178 2556 2232 in
2591 2176 2730 2247 lege,
2761 2178 2911 2233 669
2947 2193 3052 2232 nec
3105 2177 3164 2231 in
3211 2177 3520 2250 Evangelio
3554 2177 3748 2232 maxi-

2095 2284 2257 2323 mum
2289 2266 2434 2321 illud
2486 2272 2894 2322 ornamentum
2937 2266 3145 2327 animae
3197 2266 3430 2322 virtutis
3462 2267 3741 2323 studiosa:

2093 2356 2498 2430 praescriptum
2533 2373 2563 2409 a
2591 2356 2836 2411 Domino
2870 2355 3072 2411 fuisse.
3100 2355 3603 2418 Quemadmodum
3635 2372 3744 2411 au-

2093 2451 2209 2501 tem
2247 2445 2525 2500 Dominus
2557 2445 2954 2516 interrogatus
2977 2443 3121 2499 illud
3154 2445 3534 2517 quidem,N0n
3555 2461 3744 2501 omnes

2093 2537 2336 2606 capiunt,
2370 2533 2870 2606 interrogantibus
2902 2534 3606 2606 respondit,nequaquam
3647 2551 3746 2588 au-

2093 2629 2210 2679 tem
2244 2621 3466 2694 absconditvirginitatispraestantiammec
3497 2622 3742 2678 modum

2096 2730 2211 2784 quo
2243 2713 2376 2784 quis
2400 2711 2558 2766 illam
2595 2711 3133 2782 consequatur,sed
3166 2711 3406 2766 tertium
3440 2711 3743 2767 eunucho-

2098 2818 2225 2856 rum
2253 2817 2439 2872 genus
2462 2800 2718 2855 ostendit
2747 2817 2758 2855 :
2785 2800 2865 2854 ita
2895 2804 2950 2855 et
2981 2799 3222 2870 ego,etsi
3248 2805 3598 2872 praeceptum
3635 2801 3745 2856 Do-

2097 2891 2242 2946 mini
2275 2907 2386 2944 non
2411 2889 2685 2955 habeo,at
2707 2888 3021 2944 consilium
3045 2889 3118 2942 do
3141 2889 3353 2944 ".Cum
3389 2889 3544 2944 enim
3567 2905 3745 2961 supra

2097 2983 2370 3035 naturam
2394 2979 2589 3033 futura
2619 2979 2695 3034 sit
2726 2978 2844 3032 haec
2874 2978 3081 3045 virtus,
3101 2977 3262 3033 illinc
3296 2994 3469 3033 omne
3499 2976 3746 3051 expelli-

2095 3073 2193 3124 tur
2223 3067 2428 3122 servile
2474 3071 2850 3138 prazceptum,
2884 3083 2949 3120 ac
2999 3065 3224 3121 liberali
3258 3066 3500 3123 consilio
3531 3083 3748 3140 oppor-

2094 3161 2238 3212 tune
2267 3157 2507 3211 docetur
2535 3156 2828 3226 quomodo
2865 3159 3128 3226 oporteat
3157 3172 3312 3225 eum,
3347 3156 3450 3227 qui
3480 3155 3629 3211 liber
3659 3159 3753 3212 est

337 3246 591 3318 ἐξουσίας
637 3246 948 3320 γενόμενον,
998 3244 1133 3318 πρὸς
1179 3243 1470 3320 ἀφθαρσίιον
1521 3241 1837 3318 παραδόξως
1887 3243 1987 3310 τήν

2105 3246 2173 3300 ab
2221 3244 2380 3299 omni
2412 3248 2722 3316 praecepto,
2756 3243 3055 3298 meliorem
3093 3261 3159 3299 ex
3189 3248 3475 3316 potestate
3504 3244 3751 3310 factum,

341 3337 510 3415 φύσιν
548 3334 850 3411 βιάσασθαι,
877 3332 1104 3408 καιρίως
1137 3335 1245 3406 (47)
1279 3332 1562 3406 εἰσάγεται.
1597 3333 1685 3396 Ὡς
1716 3330 1804 3386 οὖν
1835 3333 1863 3386 6
1897 3330 1994 3385 Κύ-

336 3445 467 3502 ριος
494 3423 625 3484 τοὺς
653 3421 889 3498 τρόπους
928 3427 1031 3490 τῆς
1060 3421 1195 3474 κατὰ
1223 3421 1320 3488 τὴν
1370 3417 1654 3493 παρθενίαν
1706 3417 1991 3492 εύνουχίας

337 3513 672 3589 ἐρωτηθεὶς,
705 3511 876 3573 οὕτως
904 3511 931 3564 6
968 3510 1214 3582 μαθητὴς
1243 3516 1344 3578 τῆς
1372 3507 1663 3582 παρθενίας
1702 3509 1800 3576 τήν
1855 3528 1993 3579 συμ-

337 3600 561 3670 ϐουλὴν
615 3601 942 3674 εἰσηγήσατο
1000 3597 1208 3671 λέγων·
1247 3598 1372 3673 11ερὶ
1437 3593 1495 3651 δὲ
1549 3600 1656 3652 τῶν
1712 3597 1991 3672 παρθένων

337 3691 610 3766 ἐπιταγὴν
669 3688 875 3762 Κυρίου
933 3686 1033 3742 οὐκ
1092 3681 1226 3762 ἔχω·
1261 3687 1491 3762 γνώμην
1549 3683 1605 3740 δὲ
1663 3683 1865 3758 δίδωμι
1921 3687 1996 3748 ὡς

334 3779 662 3852 ἠλεημένος
715 3779 819 3832 ὑπὸ
876 3776 1083 3852 Κυρίου
1141 3776 1333 3837 πιστὸς
1392 3775 1548 3830 εἶναι.
1609 3775 1840 3846 Νομίζω
1901 3775 1992 3828 οὖν

335 3874 511 3926 τοῦτο
566 3865 735 3922 καλὸν
802 3864 1064 3940 ὑπάρχειν
1125 3861 1214 3918 διὰ
1286 3864 1384 3932 τήν
1463 3863 1755 3917 ἐνεστῶσαν
1827 3861 1996 3936 ἀνάγ-

335 3979 475 4029 κην,
534 3957 616 4012 ὅτι
673 3953 841 4010 καλὸν
911 3954 1181 4026 ἀνθρώπῳ
1237 3953 1301 4007 τὸ
1377 3951 1549 4014 οὕτως
1629 3953 1782 4009 εἶναι.
1841 3948 1994 4006 Δέδε-

339 4070 437 4104 σαι
495 4044 746 4120 γυναικί;
777 4043 866 4099 καὶ
919 4041 1088 4118 ἔφθης
1144 4046 1222 4114 τῷ
1276 4040 1460 4113 δεσμῷ
1513 4040 1691 4106 τούτῳ
1740 4039 1848 4110 πρὸ
1895 4043 1995 4105 τῆς

339 4135 728 4213 γνώσεωςτοῦ
759 4132 897 4187 κατὰ
951 4133 1050 4201 τήν
1105 4129 1388 4204 παρθενίαν
1438 4128 1612 4184 καλοῦ
1666 4128 1997 4207 προληφθῆ-

339 4243 492 4291 ναι;
545 4225 620 4296 μή
682 4223 832 4292 ζήτει
892 4219 1068 4276 λύσιν.
1124 4217 1358 4273 Λὲλυσαι
1415 4218 1520 4272 ἀπὸ
1563 4215 1855 4294 γυναικόςς
1921 4219 1996 4289 μὴ

345 4315 508 4381 ζήτει
560 4313 804 4384 γυναῖκα.
835 4307 986 4362 Ἀντὶ
1032 4310 1161 4372 τῶν,
1215 4306 1307 4373 Μὴ
1370 4307 1519 4374 ζήτει
1578 4302 1773 4377 δεσμὸν
1835 4303 2000 4374 δεθῆ-

339 4422 464 4454 ναι.
498 4399 620 4455 Ἐὰν
676 4395 736 4451 δὲ
791 4396 877 4450 καὶ
935 4396 1218 4470 γαμήσῃς,
1278 4393 1384 4469 οὐχ
1435 4394 1698 4466 ἥμαρτες.
1759 4393 1856 4448 Καὶ
1909 4392 1999 4448 ἐὰν

340 4489 578 4566 γήμῃὴ
611 4485 894 4562 παρθένος,
951 4483 1059 4558 οὐχ
1111 4484 1344 4556 ἥμαρτε.
1375 4482 1568 4555 Θλίψιν
1631 4481 1688 4538 δὲ
1740 4486 1809 4555 τῇ
1868 4504 2001 4558 σαρ-

2103 3334 2314 3388 miram
2339 3337 2558 3387 natura;
2576 3332 2692 3386 vim
2708 3332 2919 3386 infe're
2932 3333 3002 3386 ad
3018 3332 3753 3404 ineorruptionemQuem-

2103 3423 2420 3477 admodum
2440 3422 2621 3493 igitur
2646 3420 2926 3475 Dominus
2949 3421 3222 3493 virginea:
3245 3421 3614 3478 castrationis
3637 3438 3758 3477 mo-

2104 3512 2208 3567 dos
2240 3512 2634 3583 interrogatus
2659 3510 2914 3582 aperuit:
2938 3511 3020 3565 ita
3050 3510 3376 3582 discipulus
3396 3511 3756 3583 virginitatis

2105 3600 2417 3654 consilium
2474 3600 2727 3663 induxit,
2763 3599 2966 3654 dicens
2995 3600 3040 3634 ³⁸
3071 3616 3084 3654 :
3119 3601 3192 3655 De
3239 3601 3547 3672 virginibus
3575 3609 3758 3656 autem

2102 3693 2438 3761 praeceptum
2489 3689 2708 3743 Domini
2749 3705 2857 3743 non
2908 3688 3116 3747 habeo:
3146 3690 3434 3745 consilium
3484 3698 3662 3746 autem
3692 3690 3758 3746 do

2104 3785 2376 3848 tanquam
2409 3777 2852 3832 misericordiam
2889 3785 3206 3832 consecutus
3236 3795 3268 3832 a
3300 3779 3529 3834 Domino
3561 3783 3620 3833 ut
3647 3780 3760 3834 sim

2105 3866 2306 3937 ﬁdelis.
2343 3865 2614 3920 Existimo
2645 3882 2775 3936 ergo
2803 3867 2900 3920 hoc
2932 3867 3136 3920 bonum
3159 3883 3276 3921 esse
3293 3871 3516 3938 propter
3546 3870 3760 3922 instan-

2108 3965 2214 4012 tem
2243 3955 2640 4019 necessitatem,
2666 3956 2925 4024 quoniam
2957 3955 3157 4008 bonum
3187 3960 3264 4010 est
3296 3955 3604 4010 hominisic
3625 3972 3758 4011 esse.

2107 4045 2374 4115 Alligatus
2397 4058 2454 4097 es
2476 4043 2646 4097 uxori
2667 4045 2691 4095 .9
2713 4059 2778 4097 ac
2808 4048 3253 4114 praeoccupatus
3277 4059 3338 4099 es
3378 4044 3486 4098 hoc
3505 4043 3758 4114 vinculo,

2109 4135 2420 4200 antequam
2455 4146 2725 4184 noscercs
2762 4129 3122 4202 virginitatis
3171 4131 3432 4187 bonum?
3461 4132 3580 4186 noli
3608 4146 3760 4202 qua:-

2107 4237 2230 4275 rere
2252 4220 2595 4274 solutionem.
2631 4219 2848 4274 Solutus
2895 4236 2951 4273 es
2995 4221 3066 4274 ab
3111 4225 3330 4276 uxore?
3359 4221 3477 4276 noli
3518 4236 3765 4292 quaerere

2108 4325 2355 4364 uxorem.
2388 4308 2561 4372 Quasi
2597 4309 2752 4364 dicat
2786 4325 2798 4362 :
2835 4309 2916 4364 Ne
2951 4325 3179 4380 quaeras
3222 4309 3455 4366 vinculo
3480 4309 3665 4382 ligari.
3701 4311 3764 4365 Si

2109 4407 2292 4453 autem
2321 4406 2372 4453 et
2400 4414 2635 4452 uxorem
2668 4398 2920 4464 duxeris,
2951 4416 3063 4454 non
3093 4401 3344 4469 peccasti.
3381 4404 3446 4455 Et
3489 4401 3542 4454 si
3567 4416 3764 4470 nupse-

2111 4491 2186 4543 rit
2217 4489 2387 4558 virgo,
2437 4503 2545 4541 non
2587 4489 2848 4554 peccavit.
2907 4489 3334 4545 Tribulalionem
3366 4493 3549 4544 tamen
3581 4490 3767 4544 carnis

341 4579 401 4634 κὶ
457 4573 663 4646 ἕξουσιν
720 4574 772 4628 οἱ
814 4577 1079 4642 τοιοῦτοι,
1131 4570 1437 4646 ἀνοίγοντες
1498 4571 1708 4633 ἑαυτοῖς
1765 4569 1852 4625 διὰ
1905 4575 1994 4625 τοῦ

2110 4577 2382 4632 habebunt
2437 4576 2773 4647 hujusmodi,
2832 4577 3161 4649 aperientes
3218 4577 3608 4650 sibimetipsis
3669 4595 3772 4649 per

342 4667 537 4743 γάμου
593 4660 796 4717 ὀδυνῶν
857 4661 1236 4736 ἐργαστήριον.
1302 4659 1437 4734 Ἐγὼ
1494 4656 1551 4713 δὲ
1607 4660 1758 4731 ὑμῶν
1819 4658 2004 4737 φείδο-

349 4775 478 4828 μαι.
519 4754 693 4809 Τοῦτο
753 4747 810 4806 δέ
870 4770 1037 4828 φημι,
1093 4746 1343 4828 ἀδελφοὶ,
1391 4749 1418 4803 6
1477 4749 1664 4823 καιρὸς
1720 4748 2008 4804 συνεσταλ-

351 4843 525 4917 μένος
584 4840 693 4895 ἐστὶ
748 4840 832 4894 τὸν
873 4837 1092 4894 λοιπόν.
1142 4840 1210 4893 Αἱ
1265 4837 1368 4913 γὰρ
1419 4841 1600 4912 χῶραι
1657 4835 1868 4906 λευκαὶ,
1919 4837 2009 4891 καὶ

344 4929 470 5002 ἤδη
525 4928 627 4982 εἶσὶ
685 4928 822 5002 πρὸς
883 4927 1140 5002 θερισμὸν
1183 4925 1408 4981 λοιπόν*
1441 4928 1556 4982 Ἵνα
1584 4925 1674 4980 καὶ
1706 4927 1758 4980 οἱ
1790 4924 2010 5001 ἔχοντες

344 5024 617 5099 γυναῖκας
656 5017 730 5079 ὡς
794 5017 870 5089 μή
931 5010 1152 5092 ἔχοντες
1213 5015 1368 5070 ὦσιν.
1402 5013 1524 5088 Οὐχ
1581 5015 1632 5069 οἱ
1685 5017 1758 5088 μή
1793 5009 2013 5090 ἔχοντες

345 5112 431 5173 ὡς
471 5109 525 5161 οἱ
555 5102 789 5181 ἔχοντες.
819 5107 1024 5182 Ὥσπερ
1056 5105 1145 5159 οὖν
1177 5102 1311 5157 ἔνιοι
1348 5105 1422 5176 μὴ
1469 5102 1691 5178 ἔχοντες
1745 5101 1834 5157 διὰ
1875 5124 2010 5179 παρ-

347 5195 542 5265 θενίας
577 5192 890 5270 ὑπόσχεσιν,
924 5194 998 5256 ὡς
1040 5191 1258 5268 ἔχοννες
1297 5193 1396 5261 τὴν
1445 5192 1734 5268 παρθενίαν
1767 5195 1880 5265 (18)
1929 5191 2011 5246 ἐν-

343 5284 664 5362 υϐρίζουσι.
719 5284 816 5337 Καὶ
893 5284 944 5337 οἱ
1015 5280 1339 5352 κλαίοντες,
1390 5282 1462 5340 ὡς
1543 5283 1618 5356 μὴ
1693 5280 2008 5342 κλαίοντες·

418 5451 475 5486 ²¹
506 5449 712 5508 Matth.
743 5463 862 5514 ιιι,
898 5443 985 5500 10.
1062 5441 1109 5476 ²²
1139 5441 1284 5498 ibid.
1320 5443 1408 5498 11.

426 5612 447 5682 (
461 5607 551 5682 17)
582 5605 836 5682 Emptum.
869 5606 1148 5682 Nonnulli
1180 5607 1432 5673 codices,
1457 5603 1699 5682 κύρμος,

1486 5443 1533 5478 ³³
1565 5444 1587 5500 Ι
1618 5445 1747 5502 Cor.
1779 5464 1880 5519 vn,
1911 5449 2003 5504 25.
2080 5449 2127 5484 ²⁴
2153 5449 2294 5506 ibid.

2114 4665 2558 4720 matrimonium
2606 4664 2873 4721 dolorum
2910 4667 3231 4722 officinam.
3268 4669 3380 4736 Ego
3409 4676 3593 4723 autem
3624 4669 3772 4724 vobis

2112 4768 2296 4825 parco.
2340 4754 2444 4809 Hoc
2488 4761 2674 4808 autem
2721 4755 2863 4824 dico,
2911 4755 3142 4827 fratres,
3188 4760 3401 4828 tempus
3441 4758 3568 4829 jam
3610 4757 3774 4814 breve

2114 4851 2210 4898 est.
2247 4841 2390 4898 Nam
2441 4841 2705 4908 regiones
2758 4843 2900 4897 albae
2934 4848 3093 4908 sunt,
3120 4846 3365 4917 jamque
3407 4847 3479 4902 ad
3515 4863 3770 4903 messem

2118 4935 2330 5002 paratae
2362 4931 2406 4965 ²⁶
2433 4946 2446 4984 :
2485 4931 2548 4986 Ut
2567 4934 2618 4984 et
2649 4933 2745 5002 qui
2773 4931 2973 4987 habent
3003 4936 3504 5006 urcores,tanquam
3535 4951 3646 4992 non
3673 4937 3771 4991 ha-

2120 5022 2302 5075 bentes
2332 5019 2466 5073 sint.
2492 5018 2618 5075 Non
2650 5020 2810 5087 dicit,
2845 5025 2910 5076 ut
2941 5021 3039 5092 qui
3073 5039 3187 5077 non
3221 5021 3459 5094 habent,
3491 5027 3774 5096 tanquam

2119 5108 2405 5164 habentes
2454 5107 2592 5163 sint.
2623 5109 3127 5173 Quemadmodum
3175 5112 3435 5184 profecto
3485 5113 3777 5184 nonnulli,

2122 5213 2238 5252 non
2288 5195 2572 5252 habentes
2619 5203 2857 5270 propter
2913 5200 3272 5271 virginitatis
3331 5202 3777 5272 professionem,

2125 5291 2405 5356 tanquam
2441 5286 2744 5358 habentes,
2779 5288 3098 5361 virginitati
3129 5290 3385 5345 dedecus
3419 5289 3684 5345 inurunt.
3717 5289 3781 5346 Et

2375 5450 2420 5486 ³⁸
2452 5448 2593 5504 ibid.
2625 5447 2822 5502 25-36.
2901 5448 2944 5482 ²⁶
2973 5447 3146 5503 Joan.
3175 5465 3247 5517 ιν,
3280 5448 3370 5504 35.

426 5677 451 5746 ζ
458 5679 551 5751 18)
582 5677 694 5746 Τὴν
725 5678 1032 5754 καρθεοίαν.
1065 5680 1161 5738 Sic
1190 5697 1333 5736 mss.
1369 5684 1427 5736 et
1457 5677 1675 5736 Veneta
1704 5681 1903 5738 editio.
1938 5683 1993 5738 M

2118 5682 2179 5739 in
2209 5683 2550 5753 Parisiensi,
2581 5682 2680 5749 τήν
2711 5677 2987 5754 καρθένον.
