4134 6224
422 323 542 410 783

1359 322 1756 385 APPENDIX
1801 323 2125 386 OPERUM
2171 324 2235 386 S.
2281 324 2568 386 BASILII
2613 325 2888 386 MAGNI.

3729 318 3852 380 784

424 456 523 529 qui
550 457 701 526 ﬂent,
733 457 996 525 tanquam
1027 469 1136 509 non
1181 455 1413 524 ﬂentes;
1442 457 1491 510 et
1533 455 1632 526 qui
1658 455 1918 524 gaudent,
1951 464 2076 512 tan-

2203 455 2278 509 ιαὶ
2339 455 2391 509 0i
2447 455 2752 532 χαίροντες,
2809 456 2884 520 ὡς
2943 455 3020 528 μή
3079 451 3404 530 χαίροντες·
3465 450 3555 507 καὶ
3612 450 3667 505 o't
3717 449 3854 524 ἀγο-

426 562 592 618 quam
619 559 726 600 non
761 542 1097 615 gaudentes;
1127 551 1178 598 et
1196 544 1293 615 qui
1321 546 1801 616 emunt,tanquam
1822 561 1934 600 non
1951 561 2078 616 pos-

425 635 702 696 sidentes;
735 637 785 688 et
829 634 926 704 qui
964 637 1202 688 utuntur
1248 633 1347 688 hoc
1393 632 1616 700 mundo,
1661 642 1925 706 tanquam
1968 649 2080 689 non

429 729 680 779 utantur.
713 723 975 778 Praeterit
1020 723 1170 776 enim
1225 723 1408 792 ﬁgura
1464 722 1630 791 huius
1685 723 1900 778 mundi.
1937 724 2080 778 Volo

430 818 611 868 autem
642 827 730 866 vos
759 812 880 866 sine
905 810 1288 867 sollicitudine
1315 827 1446 867 esse.
1496 813 1602 880 Qui
1627 814 1748 869 sine
1777 827 1952 868 uxore
1981 821 2079 881 est,

429 902 701 958 sollicitus
730 909 808 956 est
839 915 962 972 qum
991 909 1118 955 sunt
1150 901 1394 966 Domini,
1420 901 1686 972 quomodo
1715 900 1944 973 placeat
1973 902 2084 956 Do-

430 993 600 1048 mino.
635 991 740 1058 Qui
788 993 974 1045 autem
1019 1006 1143 1044 cum
1174 1004 1350 1045 uxore
1387 993 1486 1060 est,
1515 991 1785 1046 sollicitus
1834 993 1911 1046 est
1961 1004 2085 1061 qua:

429 1084 559 1146 sunt
607 1078 822 1148 mundi,
855 1077 1115 1150 quomodo
1142 1079 1360 1150 placeat
1409 1082 1578 1135 uxori
1596 1097 1616 1142 ;
1653 1083 1705 1136 et
1735 1080 1928 1135 divisse
1956 1087 2084 1134 sunt

429 1170 632 1224 mulier
654 1183 779 1240 qum
800 1169 1006 1240 nupsit,
1042 1172 1093 1224 et
1114 1170 1286 1240 virgo.
1324 1169 1562 1241 Innupta
1590 1171 1787 1241 cogitat
1815 1184 1939 1240 qum
1977 1170 2084 1223 Do-

427 1257 573 1312 mini
600 1258 750 1325 sunt,
783 1264 842 1312 ut
889 1258 964 1312 sit
991 1261 1185 1312 sancta
1216 1273 1442 1329 corpore
1467 1265 1522 1313 et
1557 1258 1786 1328 spiritu.
1821 1258 1956 1324 Qum
1984 1273 2085 1312 au-

431 1356 540 1403 tem
579 1348 755 1418 nupta
812 1354 912 1416 est,
940 1348 1144 1416 cogitat
1208 1361 1336 1418 qua
1389 1351 1518 1401 sunt
1574 1346 1791 1416 mundi,
1821 1345 2087 1418 quomodo

428 1437 640 1508 placeat
667 1436 804 1491 viro.
839 1437 945 1491 Hoc
990 1440 1175 1490 autem
1217 1435 1292 1491 ad
1338 1437 1644 1491 utilitatem
1670 1440 1913 1492 vestram
1941 1434 2084 1502 dico,

434 1541 545 1580 non
575 1528 634 1579 ut
658 1525 911 1597 laqueum
930 1524 1078 1579 vobis
1100 1525 1377 1594 injiciam,
1405 1525 1495 1580 sed
1517 1524 1588 1580 ad
1631 1524 1688 1580 id
1718 1524 1861 1597 quod
1891 1525 2087 1580 hones-

435 1618 554 1670 tum
582 1617 739 1681 est,et
770 1613 910 1685 quod
925 1614 1247 1684 facultatem
1273 1614 1510 1686 praebeat
1540 1615 1662 1669 sine
1691 1613 2088 1686 impedimento

435 1705 730 1760 Dominum
761 1703 1098 1758 obsecrandi.
1133 1703 1195 1758 Si
1224 1705 1346 1774 quis
1375 1707 1558 1758 autem
1583 1708 1800 1774 turpem
1827 1719 1884 1758 se
1911 1702 2090 1758 videri

2193 543 2462 618 ράζοντες,
2514 546 2587 607 ὡς
2647 545 2724 618 μή
2783 545 3136 620 κατέχοντες·
3165 542 3256 598 καὶ
3315 543 3368 596 oi
3424 543 3714 617 χρώμενοι
3774 541 3856 609 τῷ

2191 634 2384 708 κόσμῳ
2438 633 2638 706 τούτῳ,
2674 635 2749 696 ὡς
2805 635 2882 706 μή
2940 631 3386 708 καταχρώμενοι.
3445 631 3684 705 Παράγει
3743 627 3854 701 γὰρ

2189 723 2251 777 τὸ
2307 730 2502 798 σχῆμα
2551 727 2648 779 τοῦ
2704 722 2915 796 κόσμου
2973 722 3191 779 τούτου.
3223 717 3379 776 Θέλω
3431 716 3488 774 δὲ
3541 719 3685 791 ὑμᾶς
3716 715 3854 789 ἀμεο

2194 811 2417 886 ρίμνους
2478 813 2627 868 εἶναι.
2661 814 2721 870 Ὁ
2781 813 2990 886 ἄγαμος
3053 814 3293 887 μεριμνᾷ
3347 807 3414 865 τὰ
3468 811 3566 863 τοῦ
3615 806 3857 882 Κυρίου,

2192 906 2310 963 πῶς
2370 901 2531 976 ἀρέσῃ
2561 905 2672 975 (19)
2727 906 2806 972 τῷ
2861 902 3066 976 Κυρίῳ.
3099 901 3156 954 '0
3216 896 3274 954 δὶ
3325 899 3578 974 γαμήσας
3613 899 3861 970 μεριμνᾷ

2190 991 2258 1046 τὰ
2311 996 2409 1046 τοῦ
2465 991 2700 1063 κόσμου,
2756 994 2874 1051 πῶς
2931 989 3096 1064 ἀρέσῃ
3151 992 3221 1062 τῇ
3283 986 3544 1062 γυναικί·
3607 984 3704 1040 καὶ
3771 1004 3864 1055 μει

2199 1081 2444 1156 μέρισται
2501 1079 2590 1134 καὶ
2640 1082 2676 1149 ἡ
2729 1080 2866 1154 γυνὴ
2912 1081 2947 1148 ἡ
2998 1078 3295 1153 γαμήσασα
3341 1078 3480 1146 (20),
3509 1073 3601 1128 καὶ
3645 1075 3683 1141 ἠ
3715 1092 3858 1147 παρ-

2197 1171 2368 1233 οὲνῡς.
2414 1171 2476 1227 Ἡ
2528 1167 2738 1244 ἄγαμος
2798 1172 3037 1245 μεριμνᾷ
3083 1167 3150 1221 τά
3215 1169 3312 1221 τοῦ
3383 1163 3607 1238 Κυρίου,
3665 1160 3765 1216 ’ἱνα

2197 1259 2321 1333 ἁγία
2378 1257 2467 1312 καὶ
2519 1259 2733 1330 σώματι
2802 1256 2892 1312 καὶ
2970 1255 3262 1328 πνεύματι.
3321 1254 3388 1310 Ἡ
3444 1250 3502 1307 δὲ
3557 1253 3860 1327 γαμήσασα

2201 1351 2432 1423 μεριμνᾷ
2514 1346 2580 1400 τὸ.
2649 1349 2747 1400 τοῦ
2823 1344 3066 1418 κόσμου,
3115 1347 3234 1405 πῶς
3318 1339 3482 1416 ἀρέσῃ
3537 1345 3619 1413 τῷ
3679 1337 3858 1414 ἀνδρί.

2194 1441 2364 1491 Τοῦτο
2423 1432 2481 1490 δὲ
2539 1435 2678 1510 πρὸς
2729 1435 2792 1488 τὸ
2851 1435 3002 1507 ὑμῶν
3082 1433 3260 1488 αὐτῶν
3333 1430 3608 1508 συμφέρον
3685 1427 3856 1503 λέγω,

2199 1526 2307 1601 οὐχ
2357 1523 2452 1579 ’ἶνα
2505 1525 2711 1599 βρόχον
2763 1524 2889 1596 ύμῖν
2937 1517 3211 1594 ἐπιϐάλω,
3262 1518 3408 1576 ἀλλά
3453 1519 3590 1594 πρὸς
3641 1519 3708 1573 τὸ
3769 1515 3858 1572 εὖ·

2197 1634 2418 1691 σχημον
2475 1612 2566 1668 καὶ
2617 1609 2944 1686 εὐπάρεδρον
3004 1612 3074 1682 ὶῷ
3151 1609 3335 1687 Κυρίῳ
3411 1607 3855 1684 ἀπερισπάστως.

2200 1703 2262 1758 Ei
2330 1701 2387 1757 δέ
2441 1723 2526 1766 τις
2581 1701 2921 1776 ἀσχημονεῖν
2998 1698 3086 1754 ἐπὶ
3162 1700 3260 1768 τήν
3327 1698 3590 1773 παρθένον
3657 1697 3856 1751 ἑαυτοῦ

432 1794 711 1850 existimat
737 1807 905 1864 super
927 1794 1152 1864 virgine
1179 1808 1297 1861 sua,
1331 1792 1472 1864 quod
1501 1793 1573 1848 sit
1611 1791 2002 1864 superadulta,
2035 1801 2088 1850 et

2203 1791 2430 1866 νομίζει,
2472 1789 2558 1846 ἐὰν
2611 1791 2648 1865 ᾗ
2708 1791 3044 1867 ὑπέρακμος,
3096 1788 3186 1843 καὶ
3263 1785 3700 1882 οὕτωςιύφείλει
3762 1785 3851 1882 γίο

433 1885 517 1939 ita
546 1889 754 1953 oportet
783 1882 912 1952 ﬁeri
932 1901 950 1946 ;
982 1881 1123 1952 quod
1151 1882 1267 1937 vult
1283 1883 1465 1952 faciat
1499 1897 1510 1936 :
1540 1897 1650 1936 non
1679 1886 1869 1952 peccat
1897 1899 1916 1936 :
1941 1882 2086 1951 jun-

435 1978 646 2044 gantur
676 1968 1087 2037 matrimonio;
1121 1971 1266 2025 sciat
1292 1975 1487 2025 tamen
1519 1985 1580 2026 se
1608 1971 1835 2026 mortali
1869 1971 1989 2026 viro
2021 1987 2087 2026 ac

436 2059 678 2126 mundo,
713 2059 784 2113 ob
819 2058 1126 2114 fruendam
1171 2058 1527 2130 voluptatem
1574 2059 1874 2128 maluisse,
1909 2076 2088 2132 quam

436 2149 686 2206 Domino
730 2148 884 2202 670
918 2147 1166 2220 placere.
1200 2149 1308 2216 Qui
1357 2150 1544 2202 autem
1587 2151 1786 2204 statuit
1822 2151 1880 2203 in
1922 2149 2090 2205 corde

436 2254 534 2294 suo
591 2239 809 2308 ﬁrmus,
867 2253 978 2292 non
1049 2236 1252 2292 habens
1322 2238 1716 2304 necessitatem,
1777 2241 2090 2309 potestatem

439 2330 626 2383 autem
657 2326 859 2381 habens
888 2341 1007 2382 suae
1033 2326 1354 2395 voluntatis,
1376 2331 1426 2382 et
1455 2325 1553 2382 hoc
1572 2327 1849 2398 judicavit
1880 2329 1940 2380 in
1971 2341 2090 2381 cor-

441 2417 505 2471 de
533 2431 631 2470 suo
659 2430 883 2469 servare
912 2417 1182 2485 virginem
1228 2432 1387 2470 suam
1412 2432 1426 2483 ;
1457 2415 1589 2472 bene
1615 2417 1797 2487 faciet.
1832 2417 2015 2487 Igitur
2042 2418 2093 2471 et

443 2505 538 2575 qui
556 2505 747 2574 jungit
789 2504 1152 2560 matrimonio
1181 2505 1453 2574 virginem
1498 2521 1657 2560 suam
1705 2505 1836 2560 bene
1880 2505 2094 2580 friciet;

445 2592 644 2648 melius
671 2596 753 2646 est
779 2593 924 2646 enim
953 2593 1158 2648 nubere
1187 2609 1353 2664 quam
1382 2595 1494 2649 uri.
1521 2595 1583 2648 Et
1615 2595 1710 2664 qui
1737 2610 1844 2649 non
1890 2595 2092 2666 iungit,

443 2682 643 2738 melius
685 2681 871 2752 faciet,
904 2697 1006 2754 pro
1038 2681 1271 2738 mortali
1301 2681 1445 2752 viro,
1478 2681 1638 2738 illam
1686 2682 1932 2739 Domino
1961 2683 2096 2738 des-

449 2772 734 2843 pandens.

513 2949 604 3005 57.
650 2949 939 3006 Dominus
971 2952 1170 3006 autem
1203 2949 1296 3018 iis,
1331 2949 1428 3022 qui
1481 2949 1844 3006 matrimonii
1880 2948 2100 3005 moles-

448 3038 562 3094 tias
594 3039 942 3108 didicerant,
977 3055 1043 3094 ac
1089 3037 1494 3095 difﬁcultatem
1529 3038 1794 3095 soluendi
1827 3039 2102 3110 conjuge-

446 3127 521 3182 lis
550 3127 766 3184 vinculi
796 3143 944 3200 aegre
976 3127 1260 3193 ferebant,
1293 3127 1579 3202 illudque,
1606 3129 1723 3184 Non
1750 3127 1972 3199 expedit
1999 3143 2101 3182 nu-

449 3219 594 3283 bere,
625 3217 919 3283 dicebant,
951 3221 1072 3272 Non
1125 3232 1310 3271 omnes
1339 3219 1567 3289 rapiunt
1605 3218 1705 3272 hoc
1731 3217 1975 3283 verbum,
2009 3216 2098 3271 in-

450 3303 601 3374 quit,
632 3304 724 3359 sed
754 3305 950 3376 quibus
979 3305 1171 3359 datum
1198 3308 1296 3360 est.
1330 3306 1470 3360 Sunt
1520 3307 1669 3360 enim
1709 3305 1974 3371 eunuchi,
2003 3307 2102 3376 qui

451 3392 517 3447 de
545 3393 740 3447 matris
770 3401 929 3448 utero
975 3394 1057 3447 sic
1083 3394 1204 3447 nati
1229 3396 1357 3447 sunt
1386 3393 1431 3428 ³⁷
1464 3410 1476 3448 :
1511 3393 1850 3464 quicunque
1879 3393 2100 3449 scilicet

454 3481 872 3537 concubituum
924 3480 1327 3552 incitamento,
1360 3481 1418 3536 in
1451 3497 1533 3548 se,
1569 3485 1788 3536 natura:
1832 3499 2095 3552 munere,

455 3571 740 3641 abscisso,
772 3569 1010 3641 nuptias
1042 3575 1448 3640 aspernantur.
1486 3572 1548 3625 Et
1573 3579 1699 3626 sunt
1727 3571 1990 3642 eunuchi,
2005 3574 2099 3643 qui

436 3660 575 3731 facti
603 3667 727 3713 sunt
767 3660 836 3713 ab
867 3659 1183 3712 hominibus
1211 3657 1278 3726 ³³⁸,
1312 3658 1575 3714 doctrina
1621 3664 1678 3714 et
1727 3661 1995 3717 custodia
2025 3662 2094 3718 ad

438 3746 838 3820 virginitatem
871 3747 1218 3803 servandam
1244 3747 1482 3804 adducti
1507 3765 1519 3803 :
1559 3749 1748 3820 qualis
1765 3749 2020 3822 profecto
2042 3755 2100 3806 et

435 3837 538 3892 illa
570 3854 696 3910 qum
718 3854 751 3892 a
785 3841 948 3909 patre
980 3841 1247 3892 servatur
1278 3836 1537 3910 virgo,de
1560 3855 1674 3910 quo
1706 3839 1926 3896 dictum
1958 3846 2046 3896 est
2079 3856 2092 3895 :

436 3928 544 3996 Qui
569 3931 751 3983 autem
805 3926 1074 3997 iudicavit
1106 3929 1163 3982 in
1212 3926 1370 3982 corde
1415 3944 1518 3985 suo
1560 3944 1778 3986 servare
1825 3931 2095 4001 virginem

433 4017 753 4084 suam,bene
778 4019 946 4086 faciet
977 4016 1043 4072 2°.
1068 4017 1136 4071 Et
1166 4024 1298 4072 sunt
1326 4017 1590 4085 eunuchi,
1625 4020 1720 4090 qui
1745 4021 1948 4091 seipsos
1975 4035 2094 4075 cas-

429 4109 719 4164 traverunt
765 4108 987 4178 propter
1014 4121 1248 4175 regnum
1297 4105 1562 4162 cazlorum
1593 4106 1637 4142 ³ο
1669 4124 1682 4162 :
1717 4107 1816 4178 qui
1857 4107 2094 4179 quidem

435 4193 568 4251 aliis
599 4195 1036 4266 praestantiores
1063 4199 1225 4260 sunt,
1258 4195 1398 4266 quia
1429 4211 1561 4250 cum
1605 4211 1795 4266 neque
1824 4213 1855 4250 a
1886 4201 2096 4251 natura

429 4285 498 4338 ad
526 4284 854 4339 castitatem
891 4283 1236 4354 adjumenta
1257 4282 1733 4354 habeant,neque
1753 4284 1826 4338 ab
1844 4283 2095 4339 homini-

439 4371 548 4426 bus
577 4371 1015 4440 custodiantur,
1048 4371 1161 4443 ipsi
1196 4372 1545 4441 semetipsos
1583 4376 1820 4443 prOptsr
1847 4388 2090 4441 regnum

433 4458 710 4514 caelorum
746 4459 815 4514 nd
839 4459 1232 4529 virginitatem
1256 4460 2000 4530 exercent,matrimonium
2025 4479 2092 4518 ac

2193 1893 2394 1952 νεσθαι,
2454 1881 2484 1935 ’ὁ
2541 1877 2684 1942 θέλει
2741 1879 3011 1934 ποιείτω·
3063 1878 3176 1952 οὐχ
3251 1873 3590 1950 ἁμαρτάνει·
3649 1874 3855 1949 γαμεί-

2194 1988 2408 2028 τωσαν·
2440 1970 2754 2045 γινωσκέτω
2798 1969 2982 2041 μέντοι
3037 1967 3112 2029 ὡς
3168 1963 3323 2041 ἀνδρὶ
3383 1968 3565 2037 θνητῷ
3631 1961 3850 2036 μᾶλλον

2197 2060 2287 2117 καὶ
2338 2060 2533 2132 κόσμῳ
2589 2061 2701 2130 (21)
2733 2058 2768 2126 ἢ
2821 2057 2886 2112 τὸ
2933 2061 3013 2129 τῷ
3065 2055 3254 2131 Κυρίῳ
3291 2053 3514 2130 ἀρέσκον
3551 2051 3621 2108 δι’
3652 2049 3863 2121 ἡδονῆς

2200 2147 2500 2205 ἀπόλαυσιν
2560 2146 2869 2218 ἐπελέξατο.
2925 2147 3023 2207 ’Ὸς
3083 2142 3140 2200 δὲ
3195 2141 3418 2214 ἕστηκεν
3501 2141 3553 2197 έν
3737 2161 3867 2214 καρο

2201 2237 2290 2311 δίᾳ
2349 2239 2514 2293 αὐτοῦ
2589 2235 2843 2313 έδραῖος,
2900 2235 2975 2308 μὴ
3052 2230 3198 2309 ἔχων
3274 2233 3556 2306 ἀνάγκην,
3618 2229 3867 2301 ἐξουσίαν

2202 2326 2260 2383 δὲ
2314 2321 2430 2404 ἔχει
2488 2327 2608 2402 περῖ
2667 2330 2764 2381 τοῦ
2817 2322 2957 2379 ἰδίου
3006 2324 3342 2396 θελήματος,
3393 2322 3483 2376 καὶ
3550 2321 3717 2375 τοῦτο
3765 2320 3864 2374 κέ-

2200 2438 2380 2493 κρικεν
2439 2416 2490 2471 ἐν
2546 2419 2616 2489 τῇ
2672 2411 2870 2490 καρδίᾳ
2917 2412 3080 2468 αὐτοῦ
3128 2416 3226 2467 τοῦ
3273 2415 3458 2488 τηρεῖν
3505 2411 3606 2480 τήν
3663 2409 3864 2464 εαυτοῦ

2202 2507 2507 2582 παρθένον,
2563 2503 2746 2565 καλῶς
2831 2504 3074 2574 ποιήσει.
3124 2504 3286 2556 ’Ὥστε
3353 2499 3444 2555 καὶ
3517 2501 3545 2554 ὁ
3610 2497 3862 2575 γαμίζων

2201 2597 2300 2664 τὴν
2385 2595 2576 2649 ἑαυτοῦ
2648 2593 2953 2666 παρθένον,
3012 2589 3202 2654 καλῶς
3289 2591 3555 2660 ποιήσει·
3608 2593 3860 2662 κρεῖσσον

2203 2685 2304 2762 γάρ
2359 2689 2604 2759 γαμῆσαι
2661 2684 2772 2755 (22)
2826 2683 2861 2752 ἢ
2921 2682 3258 2755 πυροῦσθαι·
3312 2678 3402 2734 καὶ
3461 2679 3489 2733 ὁ
3553 2678 3631 2752 μή
3689 2676 3865 2750 γαμί-

2210 2779 2338 2844 ζων,
2408 2776 2656 2846 κρεῖσσον
2735 2771 2994 2842 ποιήσει,
3053 2768 3172 2825 ἀντὶ
3243 2769 3443 2838 θνητοῦ
3505 2763 3723 2842 ἀνδρὸς,
3785 2770 3868 2837 τῷ

2208 2860 2392 2938 Κυρίῳ
2419 2861 2620 2930 ταύτην
2653 2858 2967 2937 νυμφεύων.

2278 2954 2369 3006 57.
2403 2951 2460 3003 Ὀ
2485 2947 2544 3004 δὲ
2574 2948 2770 3023 Κύριος
2801 2948 2940 3024 πρὸς
2968 2946 3095 3010 τοὺς
3125 2946 3222 3009 τὰς
3271 2944 3332 3002 έκ
3372 2949 3482 3002 τῶν
3525 2945 3718 3022 γάμων
3763 2945 3867 3013 ἀη-

2212 3037 2328 3102 δίας
2359 3037 2796 3112 καταμαθόντας,
2827 3037 2918 3093 καὶ
2959 3037 3096 3114 πρὸς
3144 3037 3207 3092 τὸ
3257 3033 3520 3091 δύσλυτον
3577 3037 3672 3089 τοῦ
3727 3034 3868 3107 πρὸς

2209 3133 2438 3204 γυναῖκα
2485 3125 2688 3199 δεσμοῦ
2755 3123 3207 3201 σχετλιάσαντας,
3255 3123 3346 3179 καὶ
3391 3124 3476 3193 τὸ,
3525 3121 3602 3178 Οὐ
3660 3119 3869 3197 συμιρέ-

2209 3237 2291 3292 ρει
2344 3223 2612 3293 γαμῆσαι,
2648 3215 2920 3289 εἰπόντας,
2967 3214 3043 3272 Οὐ
3095 3215 3285 3275 πάντες
3332 3215 3582 3288 χωροῦσι
3621 3211 3716 3264 τὸν
3768 3208 3868 3264 λό-

2207 3326 2304 3381 γον
2375 3310 2590 3375 τοῦτον,
2652 3302 2856 3382 φησὶν,
2915 3300 3042 3358 ἀλλ’
3101 3303 3183 3363 οἷς
3257 3297 3493 3356 δέδοται.
3551 3297 3674 3356 Εἷσὶ
3754 3298 3863 3371 γάρ

2207 3395 2480 3468 εὐνοῦχοι,
2543 3391 2734 3454 οἵτινες
2806 3392 2866 3446 ἔκ
2940 3388 3154 3452 κοιλίας
3219 3389 3426 3464 μητρὸς
3495 3387 3862 3463 ἐγεννήθησαν

2206 3481 2401 3544 οὕτως·
2436 3483 2556 3536 ὅσοι
2589 3482 2798 3558 φύσεως
2830 3478 3270 3552 πλεονεκτήματι
3300 3479 3363 3534 τὸ
3402 3477 3536 3552 πρὸς
3586 3477 3682 3538 τὰς
3735 3496 3863 3530 συν-

2206 3569 2388 3632 ουσίας
2419 3570 2654 3645 ἐρεθίζον
2705 3569 3126 3643 ἐκτετμημένοι,
3154 3570 3554 3643 καταφρονοῦσι
3604 3568 3713 3620 τῶν
3765 3563 3866 3638 γά-

2209 3681 2364 3734 μων.
2423 3659 2523 3714 Καὶ
2599 3659 2730 3714 εἰσιν
2801 3658 3092 3734 εὐνοῦχοι,
3157 3655 3350 3719 οῖτινες
3425 3654 3858 3730 εὐνουχίσθησαν

2207 3750 2309 3805 ὑπὸ
2345 3753 2454 3804 τῶν
2502 3749 2825 3824 ἀνθρώπων,
2861 3745 3186 3818 διδασκαλίᾳ
3231 3746 3322 3800 καὶ
3367 3747 3600 3821 τηρήσει
3647 3744 3853 3817 παρθε-

2203 3838 2371 3894 νεύειν
2425 3836 2756 3902 πεισθέντες·
2788 3836 2970 3911 ὥσπερ
3033 3834 3124 3891 οῦν
3178 3835 3269 3890 καὶ
3321 3837 3356 3904 ἡ
3414 3835 3560 3908 παρά
3604 3837 3704 3888 τοῦ
3750 3853 3858 3886 1m-

2201 3929 2329 4004 τρὸς
2376 3929 2692 4005 τηρουμένη
2743 3926 3032 4003 παρθένος,
3080 3927 3206 4001 περὶ
3256 3925 3317 3980 οὗ
3375 3922 3618 4001 εἴρηται·
3650 3924 3752 3984 ’ος
3800 3919 3860 3976 δὶ

2202 4016 2442 4092 κέκρικεν
2503 4016 2553 4072 ἰν
2607 4020 2676 4090 τῇ
2754 4014 2950 4092 καρδίᾳ
3014 4017 3182 4070 αὐτοῦ
3260 4019 3444 4090 τηρεῖν
3504 4014 3604 4082 τήν
3662 4012 3861 4066 ἑαυτοῦ

2202 4107 2501 4180 παρθένον,
2559 4105 2747 4168 καλῶς
2812 4107 3052 4175 ποιήσει.
3139 4102 3240 4159 Καὶ
3327 4101 3460 4158 εἰσιν
3549 4099 3808 4176 εὐνοῦχοι
3845 4141 3862 4168 ,

2204 4194 2395 4258 οἵτινες
2483 4194 2802 4270 εὐνούχισαν
2891 4192 3116 4255 ἑαυτοὺς
3219 4189 3309 4247 διὰ
3388 4192 3488 4261 τὴν
3580 4189 3864 4266 βασιλείαν

2199 4289 2308 4340 τῶν
2334 4283 2599 4358 οὐρανῶν·
2634 4285 2686 4338 οἱ
2716 4280 2806 4338 καί
2852 4280 3144 4346 καλλίονες
3169 4285 3278 4336 τῶν
3339 4278 3528 4336 ἄλλων
3584 4279 3865 4354 ὑπάρχον·

2199 4395 2310 4441 τες,
2345 4370 2483 4428 διότι
2514 4370 2635 4428 οὔτε
2666 4371 2725 4427 έκ
2753 4379 2850 4442 τῆς
2904 4371 3113 4449 φύσεως
3167 4371 3302 4443 πρὸς
3351 4366 3708 4446 σωφροσύνην
3761 4365 3862 4445 ἐερ-

2201 4460 2349 4517 όδιον
2410 4459 2650 4537 ἔχοντες,
2708 4457 2830 4516 οὗτε
2887 4461 3031 4535 παρά
3089 4460 3387 4535 ἀνθρώπων
3468 4456 3860 4533 κρατούμενοι,

430 4547 712 4604 saeculum
748 4551 986 4618 propter
1016 4547 1124 4602 hoc
1148 4563 1392 4619 regnum
1417 4552 1953 4621 contemnentes,ac
1983 4552 2088 4607 toti

2203 4552 2352 4606 αὐτοὶ
2385 4549 2606 4612 ἑαυτοὺς
2653 4547 2741 4605 διά
2784 4551 2884 4618 τὴν
2941 4547 3217 4624 βασιλείαν
3266 4552 3374 4602 τῶν
3427 4545 3667 4621 οὐρανῶν
3719 4545 3864 4619 πρὸς

433 4637 504 4692 ad
531 4635 912 4708 cupiditatem
947 4635 1106 4706 regni
1143 4652 1256 4691 non
1290 4636 1417 4690 sine
1449 4635 1724 4693 athletico
1753 4640 1966 4694 sudore
1996 4639 2053 4694 in
2073 4671 2088 4682 -

425 4726 790 4781 cumbentes.
811 4729 956 4779 Nam
975 4726 1073 4796 qui
1105 4740 1173 4780 ex
1192 4730 1378 4781 matre
1399 4725 1620 4782 ventris
1652 4728 1956 4784 eunuchus
1978 4733 2086 4797 est,

426 4831 561 4871 cum
582 4813 1356 4886 naterasitcastus,nullum
1380 4817 1682 4888 prOprium
1707 4834 1854 4889 opus
1886 4818 1945 4874 in
1981 4819 2088 4874 vir-

425 4903 694 4976 ginitatis
743 4903 953 4959 decore
986 4903 1295 4960 ostendere
1345 4909 1575 4976 potest;
1609 4911 1671 4962 ut
1708 4907 1806 4978 qui
1840 4912 2086 4980 naturai,

427 4999 493 5051 ut
521 4993 662 5065 dixi,
695 4993 1128 5060 hensﬁoio,non
1163 5009 1360 5050 amore
1387 4993 1746 5068 virginitatis
1778 4997 2088 5054 matrimo-

2197 4641 2298 4709 τήν
2329 4639 2622 4714 παρθενίαν
2654 4640 2899 4707 ἀσκοῦσι,
2933 4637 3113 4715 γάμου
3165 4637 3258 4712 μὶν
3288 4636 3376 4691 καὶ
3431 4635 3553 4711 βίου
3595 4631 3684 4688 διὰ
3726 4635 3858 4686 ταύ-

2195 4749 2294 4798 την
2495 4731 2977 4804 καταφρονοῦντες,
3019 4728 3082 4782 τὸ
3120 4724 3166 4781 δ’
3214 4725 3346 4782 ὅλον
3411 4731 3510 4794 τῆς
3577 4721 3860 4798 βασιλείας

2202 4817 2338 4890 μετά
2396 4815 2695 4883 ἀθλητικοῦ
2756 4814 2988 4892 ίδρῶτος
3042 4811 3323 4893 ἐχόμενοι.
3376 4815 3438 4871 Ὁ
3492 4813 3589 4886 μὶν
3631 4813 3738 4888 γὰρ
3799 4812 3859 4867 ἐκ

2196 4906 2411 4970 κοιλίας
2471 4906 2679 4982 μητρὸς
2739 4905 3024 4984 εὐνοῦχος,
3056 4905 3210 4985 φύσει
3270 4906 3502 4979 σώφρων
3559 4902 3854 4977 ὑπάρχων,

2201 4993 2352 5052 οὐδέν
2395 4993 2531 5052 ἴδιον
2567 4991 2724 5072 ἔργον
2750 4994 2802 5051 ἓν
2853 5001 2934 5070 τῷ
2983 5003 3084 5066 τῆς
3129 4993 3425 5070 παρθενίας
3473 4990 3670 5048 κάλλει
3730 4990 3854 5046 ἑπι-

497 5111 542 5146 "
571 5109 777 5166 Matth.
807 5127 923 5182 χιε,
950 5111 1038 5180 10,
1071 5109 1157 5166 11.
1235 5110 1280 5144 ³⁸
1310 5109 1452 5167 ibid.
1487 5111 1572 5168 11.
1651 5112 1698 5146 ²⁹
1728 5112 1750 5167 l
1781 5111 1907 5169 Cor.
1940 5129 2038 5186 vn,
2067 5114 2088 5168 Ξ

2234 5114 2280 5149 ³ο
2314 5113 2516 5170 Matth.
2549 5131 2665 5184 xxx,
2698 5114 2787 5170 42.

493 5227 607 5301 (19)
638 5226 853 5301 ’ᾼρέστμ
882 5226 986 5282 Hic
1017 5230 1074 5282 et
1117 5226 1270 5281 infra
1301 5226 1467 5281 multi
1502 5227 1731 5284 codices
1765 5237 1818 5284 et
1850 5229 2072 5284 Veneta

423 5298 860 5372 eammeam.

495 5372 602 5446 (29)
633 5369 1032 5446 ᾙγαμήσασα.
1073 5369 1204 5423 Ηωο
1238 5371 1647 5446 percommode
1683 5372 1764 5446 in
1831 5389 1969 5446 uno,
2005 5389 2074 5427 ex

420 5440 613 5512 Regiis
659 5439 895 5498 desunt.
931 5447 1000 5497 At
1029 5456 1267 5512 prorsus
1298 5439 1503 5512 vitiose
1547 5458 1651 5512 pro
1683 5441 1777 5498 his
1827 5445 2071 5499 vocibus

420 5508 643 5570 habent
670 5512 938 5569 nonnulli
970 5508 1200 5568 codices
1233 5510 1266 5578 ἠ
1299 5508 1526 5582 ἂγαμος.

492 5585 603 5657 (2|)
633 5583 859 5639 Μᾶλλον
907 5584 996 5637 καὶ
1046 5581 1260 5657 κόσμῳ..
1295 5581 1423 5637 Hec
1479 5583 1695 5657 desunt
1725 5585 1783 5639 in
1815 5585 2069 5642 editione

492 5603 603 5669 (ξι)
633 5603 859 5670 multon
907 5603 996 5637 και
1046 5603 1260 5707 not-31.1%.
1295 5603 1423 5637 nec
1479 5603 1695 5666 aesunt
1726 5603 1783 5639 In
1815 5603 2066 5642 cultione

418 5657 752 5714 Parmensi.
787 5659 1086 5729 Leguntur
1116 5672 1176 5710 1n
1259 5657 1426 5709 eneta
1456 5659 1512 5710 et
1540 5658 1716 5727 Regio
1747 5657 1874 5714 cod.
1902 5658 2066 5727 2879,

2183 5234 2241 5285 et
2270 5228 2568 5285 Ambrosii
2603 5228 3115 5302 interpretatione.

2401 5305 2672 5377 Γαμῆσαι.
2707 5303 2794 5358 Ita
2841 5306 3095 5374 quatuor
3145 5318 3288 5358 mss.
3339 5302 3516 5374 Editi,
3563 5303 3849 5377 γαμίζειν.

2182 5373 2372 5446 Melius
2397 5378 2547 5446 enim
2568 5375 2830 5446 jungere,
2863 5373 3028 5446 quam
3057 5384 3120 5430 ut
3147 5383 3411 5446 urantur.

2252 5444 2367 5515 (23)
2396 5443 2622 5513 Ταύτην.
2657 5443 2777 5518 Ope
2826 5443 3003 5501 unius
3033 5463 3102 5501 ex
3133 5450 3211 5502 Re
3255 5445 3326 5501 iis
3373 5446 3682 5503 emendavi
3717 5445 3849 5502 vul-

2258 5521 2374 5570 tam
2408 5517 2763 5575 scripturam
2794 5464 3441 5575 motomliabet‘iiegius
3472 5519 3652 5575 codex
3673 5519 3846 5575 2879.

2180 5521 2374 5604 gatam
2408 5517 2763 5589 scripturam
2794 5518 3202 5576 τοῦτονλὶιώθι

2181 5605 2410 5642 τουτων.

3274 5517 3441 5592 egius
3472 5519 3652 5576 codex
3673 5519 3846 5586 2879,
