4134 6224
283 395 401 456 785

1509 379 1737 454 LIBER
1779 392 1882 454 DE
1923 391 2458 456 VIRGINITATE.

3568 393 3686 453 786

281 524 552 598 δείξασθαι
583 522 720 601 ἔχει’
750 522 982 601 φύσεως,
1014 522 1145 600 ὅπερ
1177 521 1312 602 ἔφην
1339 526 1451 598 (24)
1510 523 1808 596 πλεονεκτή
1821 544 1926 598 μα-

2061 527 2201 583 tium
2231 527 2438 599 fugiat.
2461 525 2965 591 Quemadmodum
2986 511 3162 582 etiam
3185 527 3243 580 et
3267 522 3368 596 qui
3398 523 3468 579 ab
3495 523 3685 580 homi-

278 638 356 685 τι,
414 615 505 670 καὶ
555 613 684 690 οὐχὶ
713 616 782 688 τῇ
838 614 975 687 πρὸς
1002 614 1099 682 τὴν
1133 612 1421 687 παρθενίαν
1458 611 1690 678 διαθέσει
1720 614 1811 669 τὸν
1843 612 1933 688 γά-

290 727 390 779 μον
424 701 810 781 ἀποστραφείς.
866 704 1069 776 "concp
1129 701 1221 757 οῦν
1251 703 1340 757 καὶ
1395 703 1423 757 ὁ
1480 705 1606 778 παρ’
1632 703 1928 778 ἀνθρώπων

287 793 655 870 εὐνουχισθεὶς
681 794 911 868 τηρήσει
940 794 1040 860 τήν
1086 792 1374 868 παρθενίαν
1435 791 1614 848 ἀσκεῖν
1673 793 1934 868 βιαζόμε-

284 905 394 954 νος,
453 884 557 938 οὐκ
587 879 724 938 ἴδιον
774 882 1105 957 κατόρθωμα
1157 882 1257 950 τήν
1318 880 1578 960 ἀφθορίαν
1605 884 1707 950 τῆς
1731 883 1932 954 παρθε-

283 975 426 1043 νίας,
457 971 604 1030 ana
653 973 761 1028 τῶν
791 970 1100 1048 τηρούντων
1147 968 1395 1026 δεικνύει’
1451 972 1479 1025 ὁ
1539 967 1596 1026 δὲ
1627 971 1810 1026 ἑαυτὸν
1845 969 1930 1025 εὐ-

288 1062 550 1139 νουχίσας
606 1060 874 1136 ἐξαίρετον
933 1057 1086 1136 ἔργον
1119 1056 1210 1114 διὰ
1237 1066 1338 1130 τῆς
1365 1059 1673 1136 ἐγκρατείας
1728 1081 1784 1115 τε
1840 1060 1930 1114 καὶ

285 1152 424 1228 πρὸς
495 1150 665 1206 πάντα
728 1151 1006 1220 ἀσκήσεως
1082 1149 1145 1204 τὸ
1216 1155 1316 1220 τῆς
1380 1148 1670 1226 παρθενίας
1727 1147 1934 1210 κάλλος

285 1240 642 1314 ποιούμενος,
674 1237 835 1301 ἷδίοις
863 1238 954 1294 καὶ
1004 1239 1108 1293 οὐκ
1157 1235 1474 1313 ἀλλοτρίοις
1517 1237 1932 1312 κατορθώμασιν

285 1330 338 1387 ἐν
368 1333 438 1405 τῇ
491 1327 739 1406 βασιλείᾳ
794 1329 1131 1402 σεμνύνεται.
1165 1327 1565 1401 Ἐπισημαίνου
1766 1325 1823 1383 δὲ
1851 1325 1933 1382 ὅτι

283 1419 374 1475 τὸν
425 1418 480 1474 ἐν
532 1423 612 1490 τῷ
660 1415 850 1489 Ἡσαΐᾳ
899 1417 1036 1492 πρὸς
1086 1415 1215 1480 τοὺς
1272 1415 1572 1492 εὐνούχους
1604 1415 1766 1492 λόγον
1808 1416 1935 1471 ἀνα-

287 1503 610 1582 λαμϐάνων,
665 1508 765 1576 τήν
803 1503 1068 1584 διαφορὰν
1126 1503 1466 1581 παραδίδωσι
1495 1512 1596 1576 τῆς
1624 1505 1933 1581 εὐνουχίας,

287 1596 562 1670 ἐπιμένων
615 1602 716 1665 τῆς
773 1592 1124 1658 διδασκαλίας
1179 1599 1257 1666 τῷ
1308 1594 1514 1671 τρόπῳ.
1561 1596 1651 1657 Ὡς
1695 1596 1796 1671 γὰρ
1848 1591 1938 1648 διὸ,

288 1686 567 1747 Μωῦσέως
601 1686 694 1760 μὲν
729 1684 791 1738 τὸ
825 1686 900 1756 μὴ
931 1688 1220 1759 μοιχεῦσαι
1249 1682 1464 1752 ἀπλῶς,
1497 1681 1570 1738 δι’
1597 1681 1935 1760 Εὐαγγελίου

291 1775 349 1832 δὲ
379 1777 441 1832 τὸ
471 1780 589 1838 πῶς
641 1776 717 1849 μὴ
776 1779 1086 1851 μοιχεῦσαι⁶
1135 1773 1224 1830 καὶ
1255 1775 1347 1830 τὸν
1394 1775 1599 1852 τρόπον
1629 1775 1933 1845 ἀνέπτυξενο

288 1865 432 1921 οὕτω
461 1866 550 1920 καὶ
580 1861 671 1919 διὰ
695 1862 917 1920 Ἠσαίου
975 1864 1068 1936 μὲν
1118 1864 1181 1918 τὸ
1239 1864 1638 1940 εὐνουχεῖσθαι,
1672 1865 1725 1921 έν
1760 1866 1931 1939 Εὐαγ-
1967 1903 2016 1968 Β

349 1951 1249 1968 κ......ι..,
1513 1952 1910 1968 ιη...

284 1953 443 2030 γελίῃ
501 1952 558 2009 δὲ
604 1953 668 2008 τὸ
724 1957 862 2024 πῶς,
921 1951 1010 2008 καὶ
1069 1951 1150 2008 ὅτι
1194 1952 1256 2008 οὐ
1319 1952 1608 2026 μονοειδής
1663 1957 1697 2024 ἡ
1760 1955 1938 2012 εὐνού-

285 2042 406 2119 χία,
460 2042 606 2099 ἀλλὰ
665 2043 851 2118 τρίτον
927 2041 1128 2113 ταύτης
1182 2039 1324 2105 εἶδος
1382 2048 1585 2099 νοεῖται
1646 2042 1935 2117 ὑπέδειξεν·

285 2132 427 2189 ὥστε
456 2132 567 2188 ἐκεῖ
599 2133 692 2206 μὲν
719 2134 948 2208 γενικῶς
978 2132 1070 2186 τὸν
1111 2130 1395 2209 εὐνοῦχον,
1455 2131 1681 2198 ἐνταῦθα
1737 2132 1794 2190 δὶ
1848 2135 1937 2190 καὶ

285 2220 478 2285 ΐδικῶς
534 2223 670 2295 ἡμῖν
729 2224 841 2292 (26)
899 2219 1422 2297 χαρακτηρίζεσθαι.
1474 2221 1576 2279 Καὶ
1608 2223 1669 2278 οὐ
1705 2223 1938 2300 μάχεται

284 2317 405 2376 τοῖς
483 2309 752 2386 ἀνώτερον
830 2308 1086 2365 ἃκτεθεῖσι
1162 2309 1229 2365 τὰ
1312 2309 1594 2386 είρημένα.
1673 2312 1749 2370 Οὐ
1835 2315 1938 2390 γὰρ

289 2399 574 2477 εὐνουχίαν
627 2404 916 2474 νομοθετεῖ
967 2400 1002 2470 ἢ
1063 2398 1330 2456 έπιτάττει
1391 2398 1442 2456 ἐν
1473 2405 1553 2474 τῷ
1594 2401 1802 2475 Ἡσαΐᾳ,
1834 2401 1938 2458 ἀλ-

291 2489 367 2548 λὰ
413 2489 572 2546 τίνων
632 2488 774 2560 ἄξιοι
826 2491 1004 2564 γερῶν
1057 2486 1186 2544 εἶσιν
1220 2488 1271 2544 οἱ
1329 2489 1524 2562 ἀγαθοί
1554 2490 1803 2567 εὐνοῦχοι
1834 2506 1940 2562 κη-

294 2579 497 2658 ρύττει.

365 2674 456 2728 58.
508 2666 700 2730 Καλῶς
759 2664 818 2722 δὲ
868 2663 982 2742 ἔχει
1041 2665 1175 2722 αὐτᾶ
1226 2668 1294 2722 τὰ
1347 2666 1622 2744 ῥητά(27)
1652 2669 1940 2744 ἐπισκέψα-

295 2761 441 2815 «Om.
501 2755 642 2814 Τάδε
701 2755 849 2832 λέγει
907 2756 1104 2832 Κύριος
1161 2762 1276 2819 τοῖς
1333 2756 1640 2834 εὐνούχοις,
1697 2766 1815 2824 τοῖς
1845 2782 1943 2838 φυ-

295 2846 656 2921 λασσομένοις
725 2845 793 2900 τὰ
839 2839 1094 2900 Σάϐϐατά
1164 2866 1291 2919 μου,
1344 2847 1433 2901 καὶ
1479 2845 1855 2923 ἐκλεγομένοις
1912 2848 1946 2905 ἃ

298 2936 409 3012 ἐγὼ
466 2937 638 3004 θέλω,
706 2935 797 2990 καὶ
873 2934 1264 3010 ἀντεχομένοις
1331 2941 1434 3005 τῆς
1489 2933 1756 3009 διαθήκης
1817 2958 1941 3012 μουο

298 3027 468 3081 Δώσω
523 3023 708 3087 αὐτοῖς
766 3022 818 3078 ἐν
862 3027 942 3096 τῷ
995 3021 1131 3097 οἵκῳ
1166 3045 1271 3097 μου
1328 3024 1418 3079 καὶ
1449 3024 1500 3080 ἐν
1531 3031 1613 3099 τῷ
1636 3027 1806 3103 τείχει
1841 3049 1946 3102 μου

295 3115 466 3172 τόπον
550 3113 874 3186 ὀνομαστὸν,
950 3112 1179 3188 κρείττω
1255 3115 1386 3168 υἱῶν
1460 3115 1549 3170 καὶ
1620 3117 1944 3192 θυγατέρων.

299 3208 514 3278 ’Όνομα
585 3202 807 3258 αἰώνιον
883 3200 1042 3258 δώσω
1115 3202 1325 3276 αὐτοῖς,
1387 3205 1476 3259 καὶ
1534 3205 1634 3260 οὐκ
1685 3205 1944 3281 ἐκλείψει.

2042 617 2215 673 nibus
2246 617 2434 673 factus
2465 621 2553 673 est
2582 615 2905 685 eunuchus,
2939 633 3073 672 cum
3107 614 3373 672 custodia
3392 613 3685 686 virginita-

2040 709 2159 762 tem
2191 705 2378 763 colere
2427 710 2690 779 cogatur,
2723 705 3114 778 integritatem
3167 703 3518 776 virginitatis
3566 719 3683 760 non

2041 797 2336 868 propriam
2355 813 2524 851 suam
2547 794 2778 851 laudem
2801 811 2930 851 esse
2952 795 3334 863 demonstrat,
3358 794 3459 850 sed
3480 809 3682 851 eorum

2041 885 2139 958 qui
2162 884 2329 940 illum
2347 884 2707 940 custodiunt.
2722 883 2829 950 Qui
2844 887 3039 940 autem
3060 882 3440 956 semetipsum
3463 887 3686 939 castra-

2042 975 2140 1046 vil,
2171 973 2267 1030 hic
2297 991 2432 1030 cum
2467 973 2765 1046 egregium
2791 990 2937 1045 opus
2967 990 3095 1030 esse
3125 972 3474 1045 virginitatis
3506 973 3684 1028 decus

2042 1065 2100 1119 et
2128 1063 2486 1120 continentia
2507 1066 2564 1119 et
2594 1061 2942 1118 accuratain
2965 1061 3238 1118 omnibus
3267 1062 3439 1118 rebus
3467 1061 3685 1118 exerci-

2043 1151 2262 1208 tatione
2294 1153 2516 1225 probet,
2551 1149 2801 1224 propriis
2833 1167 2898 1207 ac
2929 1167 3043 1207 non
3075 1149 3284 1207 alienis
3304 1149 3579 1223 praeclare
3600 1150 3684 1206 fa-

2043 1241 2154 1298 ctis
2183 1241 2243 1298 in
2275 1257 2452 1314 regno
2485 1245 2746 1296 ornatur.
2780 1240 2926 1297 Nota
2956 1244 3150 1296 autem
3199 1239 3494 1296 Christum
3526 1240 3686 1297 Isaia:

2043 1331 2116 1388 ad
2149 1330 2450 1388 eunuchos
2471 1332 2645 1387 verba
2663 1330 2704 1366 ³¹
2736 1333 3151 1401 resumentem,
3175 1329 3558 1386 differentiam
3582 1345 3686 1385 eu-

2046 1420 2377 1476 nuchorum
2409 1421 2735 1488 ostendere,
2786 1419 2868 1475 ita
2899 1424 2961 1475 ut
3008 1420 3067 1474 in
3097 1436 3202 1476 suo
3235 1419 3481 1475 docendi
3530 1434 3686 1474 more

2045 1514 2404 1583 permaneat.
2431 1510 2936 1576 Quemadmodum
2960 1508 3115 1564 enim
3141 1525 3240 1580 per
3262 1509 3521 1580 Moysem
3543 1508 3686 1564 sim-

2042 1599 2274 1672 pliciter
2295 1599 2706 1654 moechandum
2731 1615 2843 1654 non
2866 1613 2995 1654 esse
3027 1614 3039 1653 :
3074 1597 3133 1653 in
3166 1597 3470 1669 Evangelia
3492 1601 3685 1652 autem

2045 1689 2337 1760 quomodo
2368 1705 2482 1744 non
2505 1688 2920 1744 mmchandum
2941 1689 2997 1742 et
3019 1687 3256 1742 modum
3278 1685 3557 1758 explicuit
3577 1685 3687 1740 Do-

2046 1777 2246 1833 minus
2278 1793 2292 1831 :
2325 1776 2408 1833 ita
2437 1781 2493 1832 et
2521 1793 2625 1848 per
2673 1777 2885 1832 Isaiam
2936 1775 3238 1833 eunuchos
3269 1774 3506 1847 quidem
3539 1791 3686 1846 esse,

2045 1866 2106 1921 in
2136 1866 2447 1937 Evangelio
2478 1869 2676 1922 autem
2726 1867 3041 1939 quomodo,
3074 1882 3142 1922 ac
3181 1882 3294 1922 non
3329 1881 3505 1921 unam
3539 1881 3688 1933 esse,

2047 1955 2151 2011 sed
2183 1953 2466 2026 triplicem
2499 1954 2904 2011 cunuchorum
2949 1955 3204 2028 speciem
3233 1953 3688 2024 demonstravit;

2047 2043 2132 2100 ita
2161 2047 2223 2100 ut
2253 2043 2372 2100 illic
2400 2044 2634 2116 quidem
2658 2045 2982 2118 generatim
3015 2044 3345 2113 eunuchus,
3369 2044 3464 2100 hic
3493 2047 3689 2099 autem

2046 2132 2301 2206 propriis
2333 2133 2488 2190 notis
2537 2133 2706 2190 nobis
2752 2133 3109 2208 designetur.
3160 2134 3360 2205 Neque
3393 2133 3511 2188 haec
3541 2131 3697 2188 dicta

2047 2239 2183 2278 cum
2215 2223 2288 2279 iis
2320 2239 2446 2294 quea
2478 2240 2655 2295 supra
2674 2212 3053 2294 exposuimus
3077 2227 3362 2294 pugnant.
3389 2222 3514 2277 Non
3537 2221 3693 2276 enim

2048 2311 2463 2368 castrationem
2495 2311 2621 2384 lege
2651 2314 2841 2368 sancit
2870 2315 2973 2368 aut
3001 2310 3267 2384 praecipit
3297 2311 3357 2366 in
3392 2309 3560 2381 Isaia,
3592 2310 3691 2366 sed

2049 2400 2266 2474 quibus
2299 2400 2461 2474 digni
2490 2400 2613 2458 sint
2653 2400 2906 2474 praemiis
2951 2401 3088 2458 boni
3132 2398 3388 2458 eunuchi
3419 2397 3696 2456 declarat.

2119 2669 2210 2724 58.
2243 2668 2594 2725 Praeclarum
2625 2673 2820 2726 autem
2844 2669 3018 2725 fuerit
3048 2668 3178 2742 ipsa
3197 2667 3695 2740 verbainspicere.

2051 2758 2180 2815 Haec
2226 2758 2370 2814 dicit
2413 2760 2678 2815 Dominus
2727 2758 3014 2830 eunuchis,
3058 2760 3154 2830 qui
3199 2757 3508 2815 custodiunt
3556 2756 3697 2814 Sab-

2054 2846 2180 2902 bata
2209 2863 2355 2918 mea,
2384 2852 2436 2904 et
2464 2849 2673 2920 eligunt
2702 2863 2828 2921 quae
2854 2864 2948 2920 ego
2977 2849 3121 2919 volo,
3152 2855 3205 2904 et
3233 2847 3514 2904 adhmrent
3533 2853 3696 2902 (esta-

2053 2945 2234 2993 menlo
2263 2953 2382 2993 meo
2411 2953 2432 2996 .'
2466 2940 2619 2993 Dabo
2650 2938 2766 2992 illis
2815 2938 2876 2992 in
2903 2937 3058 2994 domo
3089 2953 3210 2994 mea
3238 2941 3289 2994 et
3319 2938 3468 2992 intra
3518 2950 3704 2991 muros

2052 3041 2201 3082 meo:
2229 3026 2409 3082 locum
2456 3027 2825 3094 nominatum,
2877 3026 3157 3082 meliorem
3195 3025 3330 3097 ﬁlii:
3377 3030 3431 3082 et
3457 3024 3701 3097 ﬁliabus.

2055 3115 2262 3172 Nomen
2290 3124 2565 3173 aeternum
2595 3115 2732 3172 dabo
2780 3115 2915 3182 illis,
2949 3120 3002 3171 et
3045 3132 3156 3171 non
3182 3115 3395 3186 deﬁciet
3412 3115 3480 3170 ³².
3525 3113 3710 3186 Igitur

2063 3223 2178 3262 non
2211 3207 2284 3262 iis
2314 3205 2415 3278 qui
2446 3223 2587 3262 casu
2618 3223 2685 3263 ac
2715 3205 3061 3278 simpliciter
3097 3205 3351 3263 eunuchi
3381 3208 3523 3260 sunt
3552 3204 3710 3274 ejus-

303 3293 513 3353 Οὐκοῦν
563 3291 690 3368 οὐχὶ
735 3297 852 3352 τοῖς
881 3291 1018 3347 κατᾶ
1045 3291 1352 3368 περίστασιν
1403 3294 1494 3349 καὶ
1540 3292 1731 3357 ἁπλῶς
1761 3294 1949 3350 εὐνού-

2067 3295 2226 3351 modi
2257 3273 2410 3351 bona
2443 3296 2755 3368 promittit,
2787 3273 2935 3351 (ἐπι
2973 3297 3072 3352 sed
3105 3296 3179 3351 iis
3227 3296 3326 3368 qui
3371 3273 3708 3363 custodiunt,

303 3404 431 3461 χοις
461 3383 532 3438 τὰ
580 3380 840 3458 εἰρημένα
890 3381 1062 3457 ἀγαθὰ
1120 3381 1482 3458 ὑπισχνεῖται,
1534 3381 1678 3439 ἀλλὰ
1704 3389 1822 3448 τοῖς
1851 3406 1956 3462 cpu-

307 3471 700 3546 λασσομὲνοις,
754 3469 912 3548 φησὶ,
968 3470 1034 3525 τὰ
1091 3464 1348 3525 Σάϐϐατᾶ
1406 3492 1532 3544 μου,
1588 3473 1675 3527 καὶ
1736 3471 1956 3547 έκλεγο-

310 3560 496 3636 μένοις
556 3557 590 3615 ἃ
641 3560 753 3636 ἐγὼ
813 3557 981 3616 θέλω.
1033 3554 1312 3614 Σάϐὄατον
1338 3557 1395 3614 δὲ
1426 3561 1527 3616 οὐκ
1555 3560 1607 3616 έν
1639 3555 1798 3638 ἔργῳ,
1830 3561 1957 3618 ἀλλ’

311 3651 362 3707 έν
409 3649 662 3727 πράξεως
723 3647 883 3725 ἀργίᾳ
936 3653 1156 3706 νοεῖται.
1215 3643 1566 3719 Σαϐϐατίζειν
1611 3650 1711 3726 γὰρ
1765 3650 1958 3727 βούλεο

310 3761 396 3796 ται
443 3741 545 3808 τὴν
596 3736 888 3813 παρθένον,
929 3737 1032 3793 οὐκ
1061 3736 1112 3792 ἐν
1143 3741 1224 3810 τῷ
1253 3735 1482 3814 ἐνεργεῖν
1538 3739 1638 3808 τήν
1671 3741 1959 3813 παρθενίαν

315 3829 729 3910 φυλάττουσαν,
790 3824 918 3883 ἀλλ’
979 3825 1032 3882 έν
1080 3830 1160 3899 τῷ
1202 3825 1452 3898 ἀκίνητον
1503 3828 1640 3900 πρὸς
1698 3827 1960 3905 ἐνέργειαν

319 3924 499 3994 μεῖναι
547 3917 648 3986 τήν
692 3914 951 3992 ἀφθορίαν
1002 3919 1312 3991 τηροῦσαν.
1363 3917 1492 3974 Οἴον
1538 3915 1758 3993 ἄγαλμα
1808 3917 1965 3994 φησὶ,

317 4011 450 4062 Θεοῦ
502 4005 564 4061 έκ
630 4008 816 4081 ψυχῆς
880 4005 969 4060 καὶ
1036 4004 1291 4078 σώματος
1339 4007 1374 4075 ἡ
1426 4005 1680 4083 παρθένος
1726 4006 1814 4062 ἐπὶ
1861 4013 1965 4084 γῆς

317 4093 587 4166 ἐπλάσθη.
617 4098 907 4157 Μυστικῶς
936 4093 1072 4165 αὕτη
1105 4089 1493 4166 σαϐϐατιζέτω,
1544 4097 1619 4169 μὴ
1651 4102 1832 4174 χεῖρα,
1887 4097 1963 4171 μὴ

317 4183 480 4253 πόδα,
519 4185 595 4253 μὴ
631 4183 937 4262 ὀφθαλμὸν,
991 4185 1118 4256 μήτ’
1162 4182 1304 4240 ἄλλο
1355 4205 1404 4239 τι
1447 4188 1554 4238 τῶν
1591 4184 1795 4258 μελῶν,
1823 4184 1969 4244 ἀλλὰ

325 4272 468 4349 μηδὶ
515 4277 642 4329 νοῦν
681 4273 1010 4352 φθοροποιὸν
1056 4277 1152 4328 τοῦ
1201 4277 1429 4351 φυσικοῦ
1455 4271 1696 4336 κάλλους
1727 4280 1968 4333 κινοῦσαο

321 4363 449 4420 ἀλλ’
479 4361 758 4433 ἓστηκέτω
930 4363 1005 4426 ὡς
1035 4361 1231 4438 ἀγαθὸν
1260 4361 1493 4440 γλύμμα
1539 4368 1673 4418 Θεοῦ
1715 4365 1970 4437 ἀκίνητον

321 4453 460 4527 πρὸς
519 4457 690 4507 πᾶσαν
742 4449 1032 4530 φαντασίαν
1079 4471 1138 4507 τε
1175 4451 1265 4507 καὶ
1313 4450 1546 4528 ἐπαφὴν,
1593 4451 1664 4508 δι’
1695 4453 1828 4509 ὅλου
1883 4455 1970 4511 ἐπὶ

322 4548 422 4614 τῆς
450 4542 650 4617 πέτρας
682 4542 908 4597 ἑστῶσαν
950 4542 1026 4614 μή
1058 4561 1139 4603 τις
1169 4538 1239 4596 δι’
1263 4539 1565 4619 ὀφθαλμῶν
1594 4542 1630 4612 ἢ
1663 4541 1733 4598 δι’
1780 4543 1970 4616 ἀκοῆς,

2064 3385 2278 3458 inquit.
2311 3385 2558 3441 Sabbata
2587 3400 2726 3455 mea,
2773 3389 2827 3440 ct
2857 3385 3071 3455 eligunt
3101 3399 3227 3457 quae
3255 3400 3351 3457 ego
3383 3384 3519 3441 volo.
3567 3381 3710 3436 Sab-

2066 3475 2268 3530 batum
2301 3480 2498 3530 autem
2531 3490 2647 3530 non
2665 3473 2724 3530 in
2747 3474 3055 3547 opere,sed
3085 3475 3143 3530 in
3169 3474 3359 3547 operis
3386 3471 3713 3530 cessatione

2065 3564 2432 3637 intelligitur.
2465 3564 2792 3620 Sabbatum
2840 3563 2996 3620 enim
3027 3563 3152 3620 vult
3199 3580 3367 3636 agere
3403 3561 3711 3635 virginem,

2069 3672 2185 3711 non
2217 3653 2296 3709 ita
2322 3656 2386 3709 ut
2411 3653 2705 3724 operando
2734 3651 3127 3725 virginitatem
3157 3654 3364 3723 servet,
3393 3652 3492 3708 sed
3517 3655 3582 3707 ut
3603 3651 3714 3706 im-

2072 3741 2310 3799 mobilis
2339 3742 2410 3798 ad
2461 3741 2860 3813 Operationem
2908 3757 3283 3814 permanens,
3316 3739 3711 3813 integritatem

2071 3830 2383 3888 custodiat.
2422 3829 2584 3886 Velut
2611 3829 3018 3900 simulacrum,
3045 3829 3256 3901 inquit,
3282 3829 3403 3895 Dei,
3433 3845 3500 3884 ex
3521 3829 3720 3884 anima

2074 3924 2353 3978 constans
2383 3922 2440 3974 et
2460 3935 2720 3990 corpore,
2740 3918 2899 3991 virgo
2931 3919 2991 3975 in
3009 3923 3165 3974 terra
3193 3918 3444 3974 formata
3463 3919 3572 3973 est.
3596 3916 3718 3988 My-

2075 4010 2218 4067 stice
2246 4008 2375 4082 ipsa
2401 4007 2721 4063 Sabbatum
2743 4011 2897 4080 agat,
2925 4023 3040 4063 non
3071 4023 3336 4074 manum,
3356 4022 3468 4062 non
3491 4005 3719 4078 pedem,

2076 4117 2191 4156 non
2223 4097 2484 4167 oculum,
2513 4112 2700 4169 neque
2730 4095 2888 4152 aliud
2909 4095 3212 4168 quidpiam
3237 4095 3586 4160 membrum,
3619 4092 3721 4148 sed

2078 4205 2183 4246 nec
2210 4192 2464 4244 mentem
2495 4185 2780 4243 naturalis
2809 4185 3270 4258 pulchritudinis
3300 4180 3722 4256 corruptricem

2079 4294 2318 4336 movens
2342 4295 2356 4347 ;
2391 4277 2491 4334 sed
2509 4279 2625 4332 stet
2645 4279 2709 4331 ut
2727 4277 3005 4348 praeclara
3025 4275 3120 4332 Dei
3139 4273 3362 4348 effigies
3387 4273 3632 4329 immota
3650 4271 3721 4327 ad

2079 4383 2312 4426 omnem
2347 4365 2826 4438 imaginationem
2861 4368 2919 4420 et
2947 4368 3193 4434 tactum,
3225 4367 3503 4438 perpetuo
3533 4360 3591 4416 in
3624 4376 3726 4433 pe-

2080 4464 2172 4515 tra
2193 4455 2556 4515 consistens:
2589 4470 2662 4512 ne
2685 4453 2818 4528 quis
2837 4471 2940 4526 per
2964 4453 3194 4511 oculum
3213 4456 3312 4511 aut
3330 4469 3431 4526 per
3451 4450 3722 4509 auditum

2083 4553 2186 4606 aut
2215 4565 2316 4620 per
2331 4545 2514 4602 alium
2537 4544 2791 4617 aliquem
2814 4561 3056 4601 sensum
3079 4543 3327 4600 latenter
3343 4543 3618 4611 inﬂuens,
3637 4541 3726 4596 di-

323 4633 360 4703 ἢ
414 4628 486 4686 δι’
539 4627 717 4696 ἄλλης
766 4629 914 4692 τινὸς
965 4634 1093 4702 μιᾶς
1151 4627 1452 4701 αἷσθήσεως
1504 4629 1778 4709 λαθραίως
1827 4655 1949 4711 παρ·

2077 4640 2306 4694 moveat
2321 4635 2642 4707 impressas
2659 4634 2720 4689 in
2738 4632 2934 4690 anima
2949 4633 3274 4690 secundum
3289 4632 3390 4689 Dei
3405 4631 3728 4705 imaginem

327 4719 556 4795 εκρυιὶς,
607 4719 643 4790 ἢ
690 4719 1035 4795 παρακινήσῃ
1098 4720 1208 4792 (29)
1263 4717 1394 4782 τοὺς
1447 4720 1565 4774 κατ’
1613 4718 1790 4777 εἷ’κόνα
1836 4727 1968 4778 Θεοῦ

328 4807 379 4864 έν
423 4806 580 4883 ψυχῇ
639 4813 1014 4884 χαρακτῆρας,
1061 4808 1097 4879 ἢ
1144 4808 1234 4862 καὶ
1285 4807 1516 4884 συγχέας
1562 4809 1689 4874 τοῦς
1739 4811 1971 4887 ἀρχετύ-

2078 4727 2321 4795 formas,
2338 4728 2440 4781 aut
2469 4721 2766 4795 primariis
2788 4721 2991 4795 figuris
3016 4721 3277 4778 confusis
3299 4737 3438 4778 suas
3463 4720 3729 4794 proprias

2082 4831 2258 4888 prave
2287 4811 2615 4884 insculpat;
2672 4811 2872 4882 sicque
2902 4814 2960 4867 et
2988 4811 3196 4867 anima:
3228 4809 3730 4884 pulchritudinem

326 4918 462 4962 πους
521 4895 698 4960 ἲδίους
758 4917 867 4952 που
922 4899 1102 4959 κακῶς
1157 4893 1445 4973 ὶγχαράξῃ·
1491 4896 1581 4952 καὶ
1629 4899 1692 4954 τὸ
1727 4900 1821 4974 μὲν
1875 4909 1942 4972 τῆ

2084 4905 2440 4975 corrumpat,
2471 4905 2530 4957 et
2559 4917 2793 4972 corpus,
2827 4901 2982 4973 quod
3017 4899 3319 4958 materiale
3349 4903 3458 4968 est,
3484 4917 3586 4974 per
3611 4897 3730 4956 exi-

329 4990 515 5064 ψυχῆς
561 4984 771 5050 κάλλος
818 4983 962 5041 οὕτω
1007 4982 1342 5060 λυμήνηται,
1391 4986 1454 5042 τὸ
1486 4983 1544 5042 δὶ
1575 4992 1735 5063 σῶμα
1786 4987 1949 5046 ὑλικὸ

2083 4992 2254 5050 tiales
2284 4992 2573 5064 quosdam
2606 4993 2797 5046 tactus
2838 4990 3086 5048 maculis
3118 4994 3177 5047 et
3206 4991 3383 5047 nevis
3414 4993 3601 5047 totum
3635 5004 3730 5043 re-

333 5077 581 5152 ὑπάρχον
613 5075 898 5154 φθοραίοις
925 5075 1064 5132 τισὶν
1111 5073 1342 5154 ἐπαφαῖς
1369 5074 1615 5148 κηλίδων
1646 5079 1737 5134 καὶ
1767 5080 1947 5155 μώμω

2087 5081 2260 5156 pleat.
2293 5081 2412 5137 Stet
2441 5081 2620 5154 igitur
2651 5079 2968 5150 immobile,
2993 5080 3258 5153 inquam,
3291 5080 3523 5137 Domini
3546 5079 3730 5136 simu-

331 5166 650 5243 ἁπανταχοῦ
678 5163 985 5241 ἀναπλήσῃ.
1033 5166 1336 5238 Ἐστηκέτω
1384 5167 1475 5223 οὖν
1530 5167 1750 5246 πάγιον,
1807 5169 1973 5248 φημὶ,

355 5264 358 5268 ’
402 5275 449 5311 ³¹
474 5272 593 5330 Isa.
622 5289 734 5342 va,
764 5274 819 5345 4,
847 5274 902 5331 5.
979 5274 1026 5311 ⁸³
1056 5274 1201 5332 ibid.

404 5381 516 5451 (24)
550 5382 746 5457 ”Εφην.
779 5382 888 5439 Pro
913 5381 1028 5457 hac
1058 5396 1218 5457 voce,
1241 5399 1658 5457 quamomnes
1689 5387 1872 5457 nostri
1895 5405 1987 5448 co-

337 5451 498 5535 dices
526 5451 876 5535 agn'oscunt,
911 5454 1089 5512 habet
1115 5451 1291 5513 editio
1323 5455 1691 5528 Parisiensis,
1724 5456 1846 5535 ἔχῃ,
1872 5460 1984 5519 Ve-

339 5530 492 5590 nota,
524 5519 650 5593 ἔᾷη.

407 5595 521 5668 (25)

345 5663 672 5737 σημαίνουσι
682 5710 696 5726 .

434 5740 526 5812 26)
555 5739 744 5814 Ἡμῖν.
787 5741 951 5801 Hanc
997 5759 1200 5803 vocem
1249 5741 1588 5804 addidimus
1618 5759 1688 5804 ex
1729 5745 1993 5819 quinque

613 5615 744 5670 πιση
758 5595 971 5671 pulsos.
1024 5598 1120 5658 Sic
1147 5615 1296 5658 mss.
1329 5599 1611 5674 quinque.
1661 5602 1836 5675 Editi,
1870 5601 1988 5659 ἔπι-

2087 5172 2334 5239 lacrum,
2359 5173 2706 5244 perpetuum
2727 5186 2909 5244 agens
2931 5170 3266 5242 sabbatum,
3288 5173 3353 5226 ut
3383 5184 3572 5242 neque
3590 5167 3732 5224 dum

2093 5387 2390 5448 veteribus
2419 5385 2606 5443 libris.

2305 5457 2380 5532 Τὰ
2409 5456 2567 5532 ῥητά.
2599 5456 2876 5532 Nqnnulli
2905 5455 3157 5532 codices,
3187 5453 3255 5507 τὰ
3285 5449 3521 5532 ῥῄματα.

2168 5521 2281 5600 (28)
2305 5521 2628 5598 Ἑσὲηκέτω.
2659 5529 2802 5585 Tres
2835 5529 3085 5600 codices,
3111 5521 3431 5592 ιψστηκέέω.

2332 5591 2701 5676 Ηαρακινήᾷσῃέ.
2746 5601 2836 5656 Sio
2887 5591 3155 5676 Colbfet
3204 5591 3356 5653 unus
3404 5611 3474 5652 ex
3521 5591 3740 5668 Regiis,

2100 5671 2309 5732 melius
2339 5671 2519 5746 quam
2552 5671 2716 5744 editi,
2745 5671 3123 5744 παρακινήσει.
