4134 6224
303 327 306 332 ’
365 362 484 424 ’187

1306 363 1700 424 APPENDIX
1742 361 2067 424 OPEBUM
2112 362 2182 426 S.
2225 363 2507 426 BASILII
2554 364 2824 425 MAGNI.

3666 359 3796 422 788

365 509 470 566 per
489 509 551 550 se
577 497 862 562 movetur,
881 493 1239 550 naturalium
1259 493 1581 549 formarum
1611 493 1838 564 aliquas
1858 508 2015 549 emo-

2143 491 2190 545 τὸ
2219 495 2316 546 τοῦ
2338 490 2568 568 Κυρίου,
2603 489 2844 567 ἄγαλμα,
2878 485 3200 561 σαϐϐατίζον
3233 489 3301 546 δι’
3336 486 3492 561 ὅλου,
3521 491 3617 544 ἳνα
3645 490 3803 562 μήτε

367 585 514 651 veat,
548 587 650 638 aut
693 599 810 650 eas,
847 583 987 639 dum
1037 584 1095 638 in
1126 583 1254 654 ipso
1305 589 1466 639 motu
1504 581 1777 654 impingit
1819 581 1877 636 in
1910 580 2014 637 ali-

368 687 536 742 quos,
565 671 887 745 perfringat
910 692 923 740 ;
961 688 1147 742 neque
1172 671 1245 726 ab
1267 675 1505 727 externa
1528 689 1704 727 manu
1734 670 2014 743 agitatum

369 761 628 817 naturali
658 762 1097 834 pulchritudine
1127 762 1432 834 spolietur.

441 1029 531 1083 59.
567 1030 733 1086 Forte
763 1029 937 1086 etiam
970 1045 1073 1102 per
1117 1029 1548 1086 sabbatismum
1597 1028 1743 1084 illud
1777 1027 2016 1097 indicat,

373 1119 666 1188 quomodo
691 1118 993 1190 virginitas
1017 1119 1364 1175 naturaliter
1393 1117 1572 1174 simul
1602 1122 1660 1174 et
1682 1116 2021 1174 mirabiliter

373 1205 598 1277 acquiri
629 1206 837 1278 possit.
863 1208 1369 1272 Quemadmodum
1389 1208 1542 1264 enim
1577 1207 1787 1263 salutis
1808 1211 2019 1262 nostrze

374 1295 616 1349 modum
665 1312 979 1367 exponens,
1032 1298 1112 1352 ait
1145 1314 1158 1352 ε
1191 1298 1267 1353 Ne
1315 1299 1524 1353 dixeris
1572 1299 1635 1352 in
1678 1296 1839 1352 corde
1879 1299 1973 1352 tuo
2001 1312 2019 1348 :

378 1383 510 1450 Quis
539 1385 789 1441 ascendet
819 1387 877 1440 in
907 1387 1105 1441 cwlum
1125 1387 1151 1440 ‘I
1183 1387 1238 1442 id
1283 1396 1380 1454 est,
1432 1387 1707 1442 Christum
1738 1384 2019 1440 deducere.

370 1479 477 1530 Aut
507 1475 630 1545 quis
669 1474 950 1532 descendet
979 1477 1040 1530 in
1086 1476 1384 1546 abyssum?
1432 1477 1532 1531 hoc
1557 1487 1638 1531 est
1683 1476 1961 1531 Christum
1989 1492 2023 1529 α

373 1565 604 1620 mortuis
651 1579 922 1620 revocare.
971 1565 1080 1621 Sed
1109 1567 1247 1636 quid
1293 1566 1469 1621 dicit?
1511 1567 1682 1637 Prope
1712 1571 1765 1622 te
1803 1565 2022 1622 verbum

375 1658 450 1708 est
481 1655 541 1707 in
571 1668 662 1708 ore
689 1657 781 1708 tuo
810 1663 863 1709 et
903 1655 963 1709 in
992 1655 1149 1710 corde
1195 1660 1293 1710 tuo
1314 1657 1380 1710 ³³.
1412 1655 1609 1726 Neque
1653 1672 1802 1726 opus
1849 1659 1940 1710 est
1970 1659 2024 1708 te

375 1757 503 1811 quae
536 1742 678 1797 adeo
710 1748 818 1798 ate
848 1748 1068 1798 remota
1089 1743 1465 1814 sunt,ccelum
1491 1749 1593 1798 aut
1621 1747 1867 1816 abyssos
1893 1759 2024 1814 per-

375 1831 624 1884 scrutari
657 1847 669 1884 :
728 1832 830 1886 sed
862 1835 925 1886 tu
955 1832 1144 1888 vicino
1197 1849 1264 1888 ac
1293 1839 1562 1904 prompto
1592 1837 1754 1888 utere
1785 1830 2020 1887 auxilio.
2057 1862 2105 1927 B

377 1917 437 1972 Si
463 1919 614 1972 enim
651 1920 969 1989 conﬁtearis
999 1922 1056 1975 in
1088 1937 1180 1976 ore
1221 1924 1314 1977 tuo
1341 1923 1525 1978 Iesum
1555 1920 1856 1991 Christum,
1888 1929 1938 1976 ει
1969 1921 2029 1974 in

376 2005 534 2062 corde
579 2010 669 2063 tuo
719 2008 1036 2078 credideris,
1085 2010 1227 2081 quod
1272 2012 1414 2066 Deus
1463 2011 1628 2065 illum
1675 2011 1964 2066 suscitavit
1994 2025 2027 2063 ιι

382 2097 639 2167 mortuis,
669 2097 853 2152 salvus
882 2100 992 2155 eris
1013 2100 1078 2154 3‘.
1113 2100 1197 2155 Ita
1217 2105 1274 2155 et
1300 2101 1368 2155 de
1399 2100 1731 2172 virginitate
1753 2099 1924 2155 dicit:
1946 2098 2029 2154 Ne

381 2184 594 2240 dixeris
628 2203 640 2241 :
674 2186 974 2250 Quomodo
1023 2188 1339 2244 ascendam
1389 2188 1449 2243 in
1493 2188 1728 2260 caelum,
1783 2194 1847 2244 ut
1892 2187 2030 2242 inde

379 2273 735 2345 virginitatis
775 2274 1173 2348 integritatem
1227 2277 1557 2333 deducam?
1604 2283 1707 2333 aut
1735 2277 2027 2349 quomodo

383 2364 736 2420 descendam
767 2364 826 2419 in
860 2365 1171 2437 infernum,
1208 2370 1272 2422 ut
1318 2383 1446 2422 eam
1479 2369 1703 2422 dudum
1736 2384 1769 2422 a
1799 2364 2029 2422 diabolo

382 2456 718 2523 corruptam
750 2453 896 2508 mihi
927 2455 1056 2526 ipsa
1103 2471 1440 2526 recuperem
1461 2455 1488 2510 ‘I
1531 2457 1639 2511 Sed
1671 2456 1811 2526 quid
1845 2455 2030 2511 dicit?

383 2555 565 2611 prope
599 2544 652 2596 te
683 2545 793 2608 est,
825 2542 1036 2613 inquit,
1069 2548 1127 2598 et
1174 2544 1498 2599 secundum
1531 2549 1804 2599 naturam
1837 2550 2028 2600 tecum

385 2629 650 2686 nascitur
677 2630 1006 2703 virginitas.
1025 2633 1222 2704 Neque
1252 2635 1431 2706 igitur
1462 2634 1646 2690 maria
1675 2636 1747 2690 ad
1777 2651 1904 2691 eam
1935 2653 2033 2691 ac-

385 2717 733 2790 quirendam
747 2737 894 2792 opus
915 2730 999 2777 est
1022 2724 1654 2795 tetransl‘etare,neque
1676 2724 2032 2780 immensum

388 2823 581 2863 aerem
631 2807 948 2880 pervolare,
981 2827 1169 2881 neque
1223 2817 1386 2866 terrae
1437 2812 1718 2868 circuitus
1749 2829 1818 2868 ea
1863 2812 2034 2868 inda-

389 2897 583 2968 ganda
612 2903 670 2953 et
698 2898 1041 2971 vestiganda
1082 2900 1334 2969 cnietiri,
1375 2906 1477 2956 aut
1506 2918 1535 2957 e
1565 2904 1724 2957 terra
1752 2902 2036 2958 evolando

389 2986 603 3045 cvslum
635 2988 707 3042 ad
740 3003 869 3044 eam
919 2989 1326 3046 inveniendam
1357 2992 1781 3060 conscendere;
1815 2992 1939 3059 sed,
1977 2995 2039 3047 ut

393 3076 532 3148 dixi,
565 3076 846 3133 omittens
876 3085 1102 3134 remota
1129 3080 1323 3151 spatia
1360 3081 1636 3150 scrutari,
1667 3082 2039 3152 temetipsum

392 3165 698 3222 considera
729 3167 919 3238 qualis
951 3167 1054 3236 sis,
1087 3173 1144 3222 et
1173 3185 1301 3224 eam
1332 3169 1389 3224 in
1422 3174 1498 3240 te,
1515 3172 1840 3226 secundum
1865 3175 2036 3225 natu-

2125 579 2214 658 ἀφ’
2263 579 2454 636 ἑαυτοῦ
2509 581 2828 653 κινούμενον
2862 583 3205 657 παρακινήσῃ
3251 603 3381 648 που,
3428 582 3464 651 ἢ
3510 578 3566 634 ἐν
3605 583 3676 653 τῇ
3709 600 3796 632 κι-

2126 671 2276 740 νήσει
2333 670 2440 724 τισὶ
2504 670 3017 746 προσαραττόμενον
3066 669 3417 746 παραθραύσῃ
3474 668 3625 730 τινας
3676 673 3791 722 τῶν

2126 764 2364 836 φυσικῶν
2413 761 2801 835 χαρακτήρων,
2859 762 2998 832 μήτε
3053 760 3201 834 παρὰ
3254 763 3352 825 τῆς
3409 753 3601 829 ἔξωθεν
3656 777 3788 831 χειν

2128 850 2220 920 ρὸς
2276 847 2635 922 σαλευόμενον
2705 847 3032 922 ἀποσυληθῇ
3101 850 3164 903 τὸ
3219 855 3318 917 τῆς
3370 847 3583 925 φύσεως
3641 844 3786 901 κάλ-

2129 937 2244 999 λος.

2197 1031 2288 1084 59.
2339 1028 2500 1103 Τάχα
2528 1025 2586 1082 δὲ
2616 1025 2704 1082 διὰ
2731 1031 2828 1083 τοῦ
2858 1021 3234 1100 σαϐϐατισμοῦ
3262 1025 3352 1082 καὶ
3381 1027 3444 1080 τὸ
3493 1030 3612 1087 πῶς
3670 1022 3790 1079 ἔστι

2128 1117 2420 1187 κτήσασθαι
2461 1129 2749 1194 παρθενιαν
2801 1121 3040 1187 φυσικῶς
3085 1138 3142 1171 τε
3183 1116 3296 1189 ἅμα
3325 1115 3414 1170 καὶ
3461 1112 3794 1190 παραδόξως

2130 1205 2438 1262 αἰνίττεται.
2487 1207 2575 1268 Ὠς
2617 1208 2722 1282 γὰρ
2768 1206 2860 1260 τὸν
2893 1207 3019 1282 ὅρον
3049 1213 3151 1276 τῆς
3183 1205 3455 1280 σωτηρίας
3486 1207 3651 1276 ἡμῶν
3689 1203 3790 1258 ὲκ-

2128 1295 2429 1370 τιθέμενος,
2464 1295 2617 1370 φησί’
2672 1298 2760 1366 Μὴ
2817 1295 2972 1371 εἴπῃς
3031 1295 3082 1351 ὲν
3138 1299 3209 1369 τῇ
3267 1292 3465 1370 καρδίᾳ
3516 1313 3634 1348 σου·
3691 1293 3800 1354 Τίς

2131 1380 2453 1456 ἀναϐήσεται
2533 1385 2608 1447 είς
2680 1387 2773 1440 τὸν
2849 1380 3071 1461 οὐρανόν
3125 1405 3139 1455 ;
3224 1382 3468 1439 τουτέστι
3545 1382 3787 1454 Χριστὸν

2133 1479 2476 1550 καταγαγεῖν.
2535 1476 2602 1528 "II
2660 1475 2744 1535 τίς
2803 1469 3167 1544 καταϐήσεται
3221 1472 3300 1535 εἷς
3356 1473 3455 1540 τήν
3508 1466 3795 1538 ἄϐυσσονς

2132 1567 2373 1619 τουτέστι
2432 1565 2661 1638 Χριστὸν
2723 1561 2783 1618 ἐκ
2837 1567 3038 1636 νεκρῶν
3100 1564 3379 1638 ἀναγαγεῖν
3417 1607 3431 1620 .
3494 1558 3672 1617 Ἀλλὰ
3737 1558 3799 1613 τί

2135 1653 2315 1727 λέγει;
2396 1651 2585 1727 Ἐγγύς
2649 1672 2745 1706 σου
2817 1651 2880 1706 τὸ
2938 1652 3091 1726 ῥῆμά
3144 1651 3253 1705 ἔστι
3315 1649 3366 1704 ἐν
3421 1653 3501 1721 τῷ
3557 1645 3801 1721 στόματί

2135 1761 2256 1810 σου,
2315 1739 2406 1794 καὶ
2466 1739 2517 1794 ἐν
2575 1745 2643 1814 τῇ
2699 1737 2893 1813 καρδίᾳ
2923 1760 3041 1796 σου.
3100 1740 3204 1796 Καὶ
3235 1739 3296 1794 οὐ
3323 1737 3511 1814 χρείαν
3544 1732 3696 1813 ἔχεις
3725 1736 3802 1790 τὰ

2136 1829 2278 1884 οὕτω
2323 1850 2418 1883 σου
2473 1829 2699 1904 μακρὰν,
2734 1828 2960 1902 οὐρανὸν
3013 1831 3050 1900 ἢ
3108 1823 3373 1888 ἀϐύσσους
3430 1827 3800 1900 περιεργάζε-

2137 1922 2277 1973 σθαιο
2328 1914 2475 1973 ἀλλὰ
2502 1922 2582 1989 τῷ
2614 1916 2772 1993 ἐγγὺς
2801 1922 2893 1972 καὶ
2925 1918 2987 1972 σὺ
3014 1925 3221 1993 χρῆσαι
3253 1915 3412 1988 δεξιῷ
3448 1917 3796 1991 βοηθήματν

2139 2009 2260 2064 Ἐὰν
2347 2007 2446 2082 γὰρ
2526 2005 2886 2083 ὁμολογήσῃς
2961 2006 3014 2061 ἐν
3081 2011 3160 2078 τῷ
3225 2005 3456 2080 στόματί
3526 2025 3624 2059 σου
3682 2005 3801 2073 Ἰη-

2139 2101 2262 2152 σοῦν
2331 2097 2558 2172 Χριστὸν
2627 2098 2762 2169 (30),
2836 2096 2927 2151 καὶ
3002 2095 3288 2170 πιστεύσῃς
3359 2095 3411 2150 ἐν
3467 2098 3536 2169 τῇ
3592 2091 3806 2168 καρδίᾳ

2140 2207 2256 2260 σου,
2313 2183 2397 2240 ὅτι
2453 2186 2481 2240 ὁ
2535 2185 2662 2247 Θεὸς
2716 2184 2874 2240 αὐτὸν
2929 2182 3146 2260 ἤγειρεν
3203 2183 3262 2238 ἐκ
3317 2187 3549 2260 νεκρῶν,
3605 2184 3802 2251 σωθή-

2139 2295 2229 2350 σῃ.
2283 2274 2440 2332 Οὕτω
2487 2274 2576 2329 καὶ
2630 2274 2715 2330 ἐπὶ
2762 2281 2864 2345 τῆς
2911 2274 3200 2350 παρθενίας
3247 2273 3403 2350 φησί.
3465 2274 3558 2342 Μὴ
3609 2269 3798 2344 εἷ’πῃςο

2141 2370 2264 2426 Πῶς
2295 2359 2478 2418 ἀναϐῶ
2523 2363 2600 2428 εἰς
2646 2364 2736 2419 τὸν
2793 2363 3040 2438 οὐρανὸν,
3075 2361 3275 2427 ἐκεῖθεν
3306 2365 3409 2433 τὴν
3449 2369 3548 2431 τῆς
3594 2364 3804 2434 παρθε-

2141 2453 2255 2516 νίας
2307 2475 2411 2527 μου
2460 2453 2717 2529 ἀφθορίαν
2764 2455 3126 2530 καταγαγεῖο;
3177 2452 3212 2522 ἦ
3261 2456 3377 2514 πῶς
3408 2445 3803 2521 καταϐήσομαι

2143 2543 2218 2606 εἷς
2269 2543 2366 2611 τὴν
2427 2537 2680 2610 ἄϐυσσον,
2736 2540 2829 2597 ’ίνα
2873 2543 3074 2612 ταύτην
3134 2540 3305 2597 πάλαι
3336 2540 3482 2614 παρὰ
3530 2534 3804 2593 διαϐόλου

2144 2637 2430 2710 φθαρεῖσαν
2499 2631 2707 2706 ἐμαυτῇ
2773 2631 3204 2704 ἀνακτήσωμαι;
3274 2628 3452 2686 Ἀλλά
3502 2627 3555 2683 τί
3602 2627 3802 2702 λέγεις

2144 2720 2330 2796 Ἐγγύς
2363 2741 2457 2775 σου
2489 2719 2619 2775 ἐστὶ·
2681 2721 2836 2796 φησὶ,
2892 2719 2982 2774 καὶ
3012 2721 3147 2774 κατὰ
3201 2717 3357 2797 φύσιν
3387 2738 3471 2772 σοι
3507 2721 3807 2791 συγγεννᾶ-

2143 2832 2229 2866 ται
2273 2813 2310 2881 ἡ
2358 2811 2634 2886 παρθενία.
2687 2809 2825 2867 Οὑτε
2855 2809 2944 2864 οὗν
2998 2807 3212 2883 πελάγη
3247 2807 3323 2871 είς
3350 2807 3450 2875 τὴν
3479 2813 3671 2875 κτῆσιν
3701 2804 3809 2859 αὐ-

2143 2908 2244 2971 τῆς
2295 2901 2484 2975 χρείαν
2542 2897 2688 2974 ἔχεις
2746 2903 2996 2973 περᾶσαι,
3057 2894 3170 2952 οὔτ’
3227 2896 3358 2972 ἀέρα
3413 2916 3519 2951 που
3578 2892 3809 2968 ἄπειρον

2148 2989 2459 3062 διαπτῆναι,
2521 2985 2642 3044 οὔτε
2697 2995 2801 3063 γῆς
2849 2984 3137 3062 περιόδους
3169 2985 3545 3061 ίχνηλατοῦσα
3592 2983 3804 3053 ταύτην

2147 3079 2648 3154 ἀναμετρήσασθαιο
2709 3079 2742 3147 ἢ
2797 3077 3025 3153 οὐρανὸν
3083 3074 3144 3130 ἐκ
3197 3082 3298 3149 γῆς
3361 3074 3660 3143 ἀναπτᾶσα,
3719 3073 3806 3135 εἰς

2148 3169 2352 3245 εὕρεσιν
2387 3168 2552 3237 αὑτῆς
2601 3161 2944 3239 ἐμϐατεῦσαι·
2997 3163 3146 3238 ἀλλ’,
3197 3164 3328 3239 ὅπερ
3362 3161 3576 3238 εἴρηκα,
3609 3162 3810 3240 ἀφεῖσα

393 3270 539 3323 ram,
571 3253 833 3310 invenies
881 3255 1182 3311 latentem.
1231 3263 1312 3312 Ac
1356 3258 1405 3312 si
1454 3259 1540 3314 vis
1584 3258 1741 3314 illam
1786 3259 1940 3329 apud
1984 3263 2033 3314 te

2147 3230 2220 3313 td:
2267 3260 2419 3331 μήκη
2631 3230 3102 3331 περιεργάζεσθαι,
3130 3230 3360 3322 ’σαυτῆν
3509 3230 3812 3327 ἔχειςέπίο

389 3341 786 3398 inviolabilem
809 3361 1171 3416 permanere,
1198 3362 1299 3417 per
1321 3351 1504 3401 totam
1525 3347 1701 3402 vitam
1716 3347 2034 3402 Sabbatum

391 3430 642 3502 age,hoe
657 3436 765 3502 est,
782 3448 952 3488 mane
985 3434 1139 3504 quod
1164 3439 1301 3488 nata
1331 3450 1413 3489 es.
1439 3435 1519 3490 Nc
1542 3451 1771 3490 moveas
1794 3452 2035 3491 manum

386 3520 458 3575 ad
494 3523 713 3575 tactum
733 3521 856 3588 viri,
880 3537 1067 3593 neque
1097 3521 1366 3594 implices
1384 3540 1513 3595 quae
1541 3541 1653 3579 non
1683 3528 1823 3579 sunt
1844 3525 2038 3597 impli-

391 3614 542 3674 cata,
576 3625 680 3664 nec
710 3609 902 3665 soluta
923 3610 1180 3682 colliges,
1207 3628 1395 3683 neque
1417 3612 1756 3685 incorrupta
1775 3615 2040 3670 membra

393 3697 605 3754 diversi
636 3699 788 3756 672
817 3700 1050 3771 generis
1082 3701 1364 3756 membris
1386 3700 1743 3772 implicando
1775 3719 2038 3757 corrum-

392 3803 534 3858 pas;
570 3790 670 3843 sed
704 3805 876 3845 mane
910 3789 965 3844 in
998 3789 1177 3845 cubili
1208 3790 1266 3845 id
1299 3792 1454 3862 quod
1496 3808 1578 3858 es,
1609 3791 1752 3846 nihil
1785 3791 2041 3864 amplius

393 3876 643 3947 require.
701 3878 1018 3934 Sabbatum
1081 3895 1187 3951 age
1235 3881 1390 3951 apud
1445 3881 1839 3952 temetipsam,
1894 3879 2040 3936 nihil

394 3965 618 4022 faciens
649 3967 802 4038 quod
836 3967 1194 4024 dissolvatid
1231 3969 1382 4040 quod
1416 3971 1738 4025 secundum
1772 3976 2044 4026 naturam

395 4057 505 4110 est.
537 4053 784 4112 Necesse
807 4072 922 4112 non
953 4055 1136 4113 habes
1159 4074 1358 4114 muros
1378 4064 1434 4113 et
1450 4063 1616 4130 septa
1645 4058 1959 4129 transilire,
1982 4063 2044 4113 ut

395 4143 790 4215 virginitatem
816 4146 1063 4202 veneris.
1095 4148 1244 4212 Quin
1276 4147 1476 4217 etiam,
1510 4147 1559 4203 si
1591 4147 1711 4202 haec
1743 4163 1903 4218 agas,
1929 4147 2038 4203 for-

391 4235 551 4288 tasse
581 4235 816 4291 amittes
848 4235 1260 4306 virginitatem.
1287 4236 1398 4292 Sed
1421 4234 1480 4290 in
1512 4234 1688 4290 cubili
1721 4235 2042 4291 Sabbatum

393 4338 594 4394 agens,
628 4341 837 4394 puram
879 4325 1245 4395 temetipsam
1292 4325 1609 4392 custodies,
1643 4323 1843 4395 sicque
1875 4323 2043 4380 facile

390 4411 1304 4484 virginitatem,pretiosissimam
1325 4412 1757 4484 possessionem
1773 4413 2039 4470 habebis.

392 4499 520 4555 Non
551 4498 709 4555 enim
756 4500 1104 4556 inveniendo
1156 4505 1257 4556 aut
1305 4501 1566 4557 faciendo
1617 4501 1838 4573 aliquid
1885 4503 2039 4573 novi,

2145 3349 2356 3421 σκεψαι,
2389 3347 2474 3400 καὶ
2523 3344 2574 3400 ἂν
2625 3348 2794 3419 σαυτῇ
2841 3345 2976 3400 κατά
3023 3343 3180 3418 φύσιν
3232 3341 3433 3412 ταύτην
3483 3336 3805 3413 κρυπτομέ-

2142 3459 2240 3507 νην
2275 3437 2546 3509 εὑρήσεις.
2580 3435 2679 3489 Καὶ
2707 3433 2752 3489 εἰ
2800 3433 2987 3510 βούλει
3033 3432 3234 3502 ταύτην
3285 3432 3433 3506 παρά
3461 3430 3548 3485 σοὶ
3599 3426 3806 3484 ἄσυλον

2148 3526 2340 3600 μένειν,
2375 3522 2463 3579 διὰ
2491 3523 2611 3600 βίου
2638 3518 2948 3592 σαϐϐάτιζε·
2980 3522 3250 3589 τουτέστι,
3313 3521 3437 3592 μένε
3489 3519 3518 3574 ὃ
3578 3518 3805 3594 ἐγεννή-

2148 3628 2269 3684 θης.
2304 3614 2395 3683 Μὴ
2429 3615 2656 3688 κινήσῃς
2688 3618 2851 3688 χεῖρα
2882 3613 3019 3688 πρὸς
3047 3612 3187 3690 ἁφὴν
3221 3607 3436 3686 ἀνδρὸς,
3472 3610 3612 3682 μήτε
3660 3605 3806 3662 πλέ-

2148 3705 2237 3778 ξῃς
2267 3703 2334 3758 τὰ
2368 3701 2630 3773 ἄπλεκτα,
2682 3699 2821 3775 μηδὲ
2863 3703 2930 3755 τὰ
2973 3699 3248 3774 λελυμένα
3305 3695 3602 3773 συνδήσῃς,
3660 3694 3810 3770 μηδὲ

2149 3794 2357 3870 ἄφθορα
2413 3790 2553 3865 μέλη
2605 3790 2926 3867 δτερογενέσι
2979 3787 3367 3864 συμπλέκουσα
3417 3785 3603 3860 μέλεσι
3654 3785 3811 3864 φθεί-

2151 3903 2244 3956 ρῃς
2274 3881 2418 3937 ἀλλὰ
2451 3881 2573 3954 μένε
2621 3880 2707 3936 ἐπὶ
2754 3887 2854 3950 τῆς
2904 3881 3097 3949 κοίτης
3129 3880 3158 3934 ὃ
3190 3881 3253 3950 εἶ,
3290 3875 3459 3952 μηδεν
3491 3875 3660 3932 πλέον
3705 3897 3807 3932 πε-

2152 3972 2459 4048 ριεργάζου·
2510 3965 2815 4040 Σαϐϐἀτιζε
2861 3971 2980 4034 καθ’
3037 3971 3256 4040 ἑαυτὴν,
3293 3965 3461 4042 μηδὲν
3510 3964 3810 4042 ἐνεργοῦσα

2149 4060 2211 4114 τὸ
2263 4059 2544 4132 παραλύον
2601 4059 2663 4115 τὸ
2711 4058 2846 4114 κατὰ
2897 4057 3076 4136 φύσιν.
3138 4057 3250 4113 Οὐκ
3279 4055 3425 4132 ἔχεις
3453 4054 3681 4131 τοίχους
3712 4055 3808 4109 καὶ

2151 4144 2481 4222 περιϐόλους
2543 4145 2963 4220 ὑπεράλλεσθαι,
3015 4145 3108 4201 ’ίνα
3137 4148 3236 4214 τήν
3293 4145 3581 4217 παρθενίαν
3635 4143 3813 4218 θηρά-

2151 4259 2264 4312 σῃς.
2342 4235 2516 4294 Ἀλλὰ
2587 4241 2754 4291 ταῦτα
2836 4237 2928 4309 μὲν
2977 4236 3310 4311 πράττουσα,
3369 4233 3458 4288 καὶ
3516 4230 3812 4294 ἇπολέσεις

2153 4325 2284 4390 ἴσως
2311 4327 2410 4395 τὴν
2445 4324 2756 4400 παρθενίαν.
2789 4324 2912 4382 Ἐπὶ
2962 4331 3060 4394 τῆς
3089 4323 3280 4394 κοίτης
3342 4319 3400 4376 δὲ
3457 4315 3816 4389 σαϐϐατίζου-

2153 4437 2237 4484 σα,
2287 4417 2518 4488 καθαρὰν
2575 4415 2742 4483 αὐτὴν
2777 4413 3053 4492 φυλάξεις,
3108 4413 3199 4468 καὶ
3231 4412 3376 4468 οὕτω
3410 4413 3503 4484 μὶν
3538 4407 3814 4477 εὐκόλως,

2151 4504 2304 4580 φησὶ,
2363 4506 2461 4572 τήν
2524 4503 2809 4576 παρθενίαν
2877 4509 3064 4575 κτῆμα
3117 4502 3455 4574 τιμιώτατον
3513 4497 3670 4569 ἕξεις.
3730 4498 3812 4554 Οὐ

395 4605 524 4644 eam
573 4588 681 4643 tibi
730 4588 1057 4644 vindicabis
1091 4605 1103 4644 :
1134 4591 1235 4646 sed
1282 4606 1527 4646 manens
1576 4589 1948 4659 intaminata,
1989 4592 2033 4647 ic'

2153 4593 2254 4668 γὰρ
2306 4592 2577 4669 ἐκφύσασά
2631 4614 2683 4647 τι
2739 4592 2773 4661 ἢ
2835 4590 3177 4666 ἐργασαμένη
3230 4612 3283 4646 τι
3340 4589 3550 4658 καινὸν,
3603 4588 3813 4658 ταύτην

398 4677 554 4750 quod
585 4693 653 4733 ex
684 4681 846 4733 utero
878 4681 1015 4734 nata
1043 4694 1104 4733 es
1137 4678 1297 4751 virgo
1328 4680 1480 4734 bona
1503 4695 1736 4752 semper
1763 4680 2037 4737 omnibus

397 4766 707 4824 videberis.
740 4767 851 4823 Sed
888 4768 936 4824 si
969 4767 1206 4824 amittas
1237 4768 1386 4824 hanc
1427 4769 1778 4841 virginitatis
1807 4787 2044 4842 posscs-

398 4855 645 4927 sionem,
677 4856 911 4914 etiamsi
947 4856 1044 4912 illa
1074 4857 1272 4914 omnia
1302 4858 1481 4914 facias
1513 4875 1640 4931 qum
1673 4859 2043 4926 dixi,ccelum

397 4950 454 5001 et
483 4950 722 5016 terram,
757 4964 917 5003 mare
945 4951 1001 5002 et
1031 4949 1336 5020 abyssum,
1369 4965 1434 5004 ac
1466 4952 1654 5004 totum
1687 4965 1877 5004 aerem
1911 4967 2044 5021 per-

392 5033 642 5106 vageris,
675 5035 836 5092 nullo
876 5035 1040 5092 illam
1076 5038 1249 5093 modo
1282 5053 1627 5109 recuperare
1645 5039 1770 5108 jam
1801 5037 2041 5108 poteris.

394 5125 693 5193 Quomodo
724 5125 881 5182 enim
914 5126 1069 5197 quod
1101 5131 1443 5198 corruptum
1491 5129 1600 5192 est,
1626 5127 1750 5196 jam
1779 5125 2042 5182 incorru-

389 5213 560 5288 ptu'm
586 5215 734 5272 ﬁet?
763 5216 1056 5287 quomodo
1087 5233 1214 5288 quae
1240 5217 1431 5272 virum
1454 5215 1744 5287 cognovit,
1767 5217 2043 5288 tanquam

461 5351 508 5387 ³⁸
534 5354 705 5407 Rom.
734 5368 793 5420 x,
825 5351 945 5406 6-8.
1024 5352 1070 5388 ³⁴
1097 5351 1240 5407 ibid.
1275 5351 1329 5405 9.

457 5487 576 5573 $30)
625 5487 833 5555 Ἰησοῦν
891 5483 1143 5559 Χριστόν.
1190 5485 1329 5542 Tres
1379 5483 1630 5553 codices,
1683 5479 1877 5558 Κύριον
1930 5483 2040 5554 Ἰη-

389 5577 576 5703 ﬂigi)
605 5627 888 5703 Τὰγμήκη,
919 5630 1039 5703 _Sed
1071 5627 1249 5703 editio
1297 5627 1517 5685 Veneta
1544 5630 1602 5684 et
1631 5626 1860 5703 codices
1891 5643 2037 5686 mss.

389 5698 746 5760 Pa'ris'iensi's
780 5698 989 5769 editio,
1037 5699 1102 5753 τὰ
1134 5698 1291 5773 μένη,
1343 5716 1478 5757 cum
1525 5700 1771 5759 asterico
1816 5716 2040 5757 naevum

2145 4683 2525 4758 περιποιήσεις
2583 4685 2772 4755 σαυτῇο
2834 4679 2980 4736 ἀλλὰ
3038 4681 3260 4753 μείνασα
3317 4675 3610 4754 ἄχραντος,
3660 4676 3691 4730 ὅ
3749 4674 3811 4730 ἐκ

2151 4770 2382 4846 γαστρὸς
2429 4769 2718 4846 ἐγεννήθης
2772 4769 3060 4843 παρθένος,
3121 4767 3202 4822 ἀεὶ
3261 4767 3432 4842 ἀγαθή
3463 4770 3580 4828 τοῖς
3643 4769 3810 4819 πᾶσιν

2155 4858 2384 4936 ὀφθήσῃ.
2449 4857 2791 4914 Ἀπολέσασα
2827 4855 2886 4913 δὶ
2915 4861 3074 4912 τοῦτο
3105 4863 3204 4926 τῆς
3248 4853 3539 4928 παρθενίας
3752 4852 3814 4906 τὸ

2153 4955 2358 5021 κτῆμα,
2409 4950 2506 5002 κᾶν
2554 4947 2730 5003 ἐκεῖνα
2761 4948 2934 5003 πάντα
2986 4943 3279 5018 ποιήσῃςᾶ
3335 4942 3552 5019 εἷ’ρηκα,
3582 4940 3811 5016 οὐρανόν

2151 5036 2211 5092 τὲ
2238 5037 2326 5092 καὶ
2380 5043 2506 5112 γῆν,
2557 5035 2825 5100 θάλασσάν
2879 5056 2938 5090 τε
2980 5033 3070 5090 καὶ
3120 5027 3372 5105 ἄϐυσσον,
3398 5031 3486 5087 καὶ
3517 5029 3653 5106 ἀέρα
3677 5029 3812 5086 ὅλον

2154 5123 2522 5202 διαπεράσῃς,
2573 5123 2751 5180 οὐδενὶ
2811 5124 3002 5201 τρόπῳ
3049 5126 3211 5178 τοῦτο
3273 5122 3674 5193 ἀνακτήσασθαι
3733 5116 3814 5175 ἔτι

2155 5211 2380 5289 δυνήσῃ.
2438 5218 2564 5276 Πῶς
2607 5214 2708 5288 γὰρ
2738 5214 2800 5270 τὸ
2831 5213 3028 5291 φθαρὶν
3061 5208 3140 5268 ἔτι
3190 5207 3428 5290 ἄφθορον
3477 5210 3813 5287 γενήσεται;

2152 5488 2479 5633 ἶῃῗέὲἲῑᾶἓὲξ
2507 5556 2822 5633 παρθενίας.
2869 5556 2996 5615 Duo
3027 5555 3278 5624 codices,
3329 5553 3430 5622 τῆς
3475 5545 3804 5630 ἀφθαρσίας,

2150 5628 2275 5688 Ι)ύο
2307 5628 2430 5703 alii,
2461 5636 2560 5699 τῆς
2587 5628 2873 5707 ἂιρθορίας.
