4134 6224
317 393 436 453 789

1546 378 1779 439 LIBER
1823 380 1924 440 DE
1971 379 2512 444 VIRGINITATE.

3615 375 3736 458 790

313 527 430 584 πῶς
476 517 534 575 δὲ
560 519 623 573 τὸ
651 519 849 592 γνῶσιν
900 509 1092 587 ἀνδρὸς
1127 508 1352 588 εἰληφὸς
1403 509 1480 570 ὡς
1513 509 1588 582 μὴ
1622 505 1847 586 εἰληφὸς
1877 507 1973 564 λο-

2092 529 2208 568 non
2238 516 2591 586 cognoverit,
2615 519 2980 589 reputabitur
3003 521 3030 577 ?
3062 523 3354 594 quomodo
3376 525 3529 594 quod
3551 543 3710 585 seme

315 612 631 688 για-θήσεται
661 625 676 677 ;
709 609 826 666 πῶς
879 600 937 657 δὲ
983 598 1222 688 καθάπαξ
1268 599 1330 652 τὸ
1373 598 1574 688 τρωθὲν
1626 597 1884 671 ἐπιθυμίᾳ
1913 618 1970 652 τε

315 685 405 756 καὶ
435 696 609 771 ἡδονῇ
658 694 747 749 καὶ
799 692 956 756 πάθει
989 691 1062 751 ὡς
1107 685 1347 762 ἄτρωτον
1399 685 1476 742 ἔτι
1515 689 1819 761 γενήσεται,
1860 691 1966 741 τῶν

317 790 639 862 σημάντρων
679 786 776 852 τῆς
821 784 1023 860 φθορᾶς
1071 778 1121 833 ἐν
1171 776 1238 850 τῇ
1289 775 1442 850 ψυχῇ
1490 776 1579 830 καὶ
1627 781 1707 848 τῷ
1755 774 1966 850 σώματι

315 877 386 934 δι’
416 877 552 933 ὅλου
587 873 858 946 μενόντων
899 890 912 941 ;
945 869 1214 925 Μετάνοια
1260 868 1354 937 μὲν
1399 867 1499 941 γὰρ
1539 865 1761 943 ἀφίησιν
1794 867 1968 941 ἁμαρ-

313 968 451 1023 τίαν·
483 968 584 1035 τήν
632 961 691 1019 δέ
740 958 1082 1039 ἐφθαρμένην
1132 957 1206 1019 ὡς
1261 957 1337 1029 μὴ
1371 955 1709 1032 ἐφθαρμένην
1743 961 1969 1025 ποιῆσαι

312 1054 481 1112 πάλιν
515 1051 869 1121 ἀδυνατοῦσα,
914 1046 1004 1103 διὰ
1051 1046 1171 1122 βίου
1223 1043 1494 1120 ὀδύρεται.
1529 1044 1620 1098 Διὸ
1651 1041 1837 1111 ἐπειδὴ
1875 1043 1969 1117 μέ-

314 1165 499 1222 γιστον
529 1147 692 1198 τοῦτο
720 1141 784 1195 τὸ
832 1145 1039 1210 κτῆμα,
1092 1134 1183 1190 καὶ
1227 1135 1288 1190 τὸ
1337 1129 1574 1198 ἔπαθλον
1625 1138 1743 1194 τοῖς
1773 1152 1970 1208 κατορ-

316 1219 500 1290 θοῦσιν
550 1230 680 1287 αὐτὸ
733 1225 1099 1298 ἐνδοξότατον,
1143 1227 1213 1298 τῇ
1262 1219 1588 1292 διδασκαλίᾳ
1632 1226 1730 1276 106
1772 1221 1968 1294 Κυρίου

315 1321 617 1387 πεισθέντες
659 1312 1073 1388 σαϐϐατίσωμεν
1121 1311 1315 1384 οὕτως,
1366 1312 1439 1373 ὡς
1469 1312 1496 1366 ὸ
1541 1309 1705 1386 λόγος
1758 1311 1847 1364 ἀπ’
1881 1312 1973 1386 ἀρ-

315 1420 427 1489 χῆς
453 1409 559 1472 ἕως
600 1406 792 1470 τέλους
846 1399 1135 1461 ὑπέϐαλεν
1170 1402 1438 1477 ἄχραντὸν
1475 1421 1533 1455 τε
1562 1399 1650 1489 καὶ
1702 1400 1971 1489 ἀνέπαφον

313 1487 492 1571 πάσης
524 1495 757 1569 κηλῖδος
788 1495 851 1550 τὸ
901 1493 1124 1572 φυσικὸν
1170 1490 1376 1552 κάλλος
1406 1493 1503 1544 106
1537 1487 1680 1553 θείου
1711 1487 1968 1563 ἀγάλμα-

313 1612 410 1653 τος
443 1588 512 1644 δι’
563 1587 698 1642 ὅλου
743 1588 1057 1658 τηροῦντες.
1115 1581 1210 1649 Μὴ
1267 1580 1430 1652 μόνον
1470 1577 1528 1634 δὲ
1577 1573 1968 1663 σαϐϐατιζέτω,

316 1680 502 1758 φησὶν,
537 1679 572 1748 ἡ
606 1675 884 1751 παρθένος,
935 1670 1081 1727 ἁλλά
1128 1668 1218 1724 καὶ
1267 1667 1565 1758 ἐκλεγέσθω
1590 1665 1622 1721 ἃ
1653 1665 1758 1742 ἐγὼ
1801 1664 1966 1758 θέλω,

313 1756 374 1824 Γί
405 1765 464 1823 δὲ
517 1765 658 1821 ἄλλο
702 1765 737 1832 ἢ
772 1760 1033 1838 ἀφθορίαν
1083 1760 1110 1814 ὁ
1144 1758 1343 1832 Κύριος
1391 1756 1532 1821 θέλει
1567 1779 1582 1828 ;
1613 1757 1675 1826 ἣν
1713 1756 1847 1829 μετά
1874 1759 1970 1811 τοῦ

317 1851 658 1923 σαϐϐατίζειν
718 1851 777 1906 έα
847 1848 1177 1954 συγκρίσεως
1230 1853 1328 1954 τῆς
1385 1846 1436 1900 ἐν
1476 1844 1793 1951 ,τῷηγάμιμ
1846 1856 2047 1954 φθρ.Β

319 1946 414 2020 ράς
473 1944 526 1999 ἰν
569 1945 640 2015 τῇ
697 1937 957 2015 παρθενίᾳ
989 1935 1345 2008 ἐκλεξαμένη,
1405 1934 1492 1988 καὶ
1543 1939 1642 2003 τῆς
1697 1934 1834 2009 πρὸς
1863 1932 1967 2020 τὸν

318 2019 517 2111 Κύριον
547 2031 634 2087 ἐπὶ
683 2035 802 2092 ταῖς
850 2025 1094 2087 ἐντολαῖς
1144 2022 1408 2094 διαθήκης
1454 2023 1818 2099 ἀντεχομένη,
1850 2019 1969 2111 ,λή-

310 2109 466 2197 ψεται
520 2121 646 2195 παρ’
693 2119 858 2174 «6106
888 2116 939 2172 ἐν
990 2119 1072 2188 τῷ
1102 2112 1240 2186 οἷ’κῳ
1269 2112 1358 2168 καὶ
1409 2111 1462 2167 έν
1490 2117 1570 2185 τῷ
1599 2111 1771 2187 τείχει
1804 2109 1968 2165 «6106

310 2213 480 2268 τόπον
509 2209 835 2282 ὀνομαστὸν,
888 2207 978 2261 τὸν
1025 2203 1308 2280 κρείττονα
1359 2202 1491 2256 υἱῶν
1518 2199 1607 2256 καὶ
1637 2200 1964 2276 θυγατέρων.

312 2302 390 2362 06
422 2302 523 2378 γὰρ
559 2300 722 2373 μόνον
747 2301 866 2358 τοῖς
897 2294 1230 2370 φυλάσσουσι
1258 2293 1326 2347 τὰ
1353 2285 1606 2345 Σάϐϐατά
1657 2310 1759 2363 μου
1787 2288 1969 2343 εὐνού-

315 2377 444 2467 χοις
491 2388 584 2445 καὶ
639 2384 1027 2462 ὲκλεγομένοις
1073 2381 1105 2436 ἃ
1135 2380 1239 2456 ἐγὼ
1299 2378 1464 2447 σέλω,
1519 2377 1662 2434 ἀλλὰ
1707 2378 1797 2432 καὶ
1856 2378 1970 2432 ἀντ-

311 2477 601 2554 εχομένοις
629 2483 730 2546 τῆς
774 2472 1037 2544 διαθήκης
1075 2492 1202 2544 μου,
1247 2467 1405 2524 δώσω
1434 2468 1501 2523 τὰ
1531 2467 1811 2544 εἰρημένα.
1850 2468 1969 2523 Με-

317 2568 554 2642 μνῆσθαι
605 2565 696 2620 οὖν
737 2569 837 2633 τῆς
893 2559 1160 2632 διαθήκης
1207 2562 1304 2613 106
1346 2557 1584 2635 νυμφίου
1633 2559 1668 2626 ἡ
1700 2556 1968 2632 παρθένος

317 2657 524 2730 νύκτωρ
583 2654 673 2709 καὶ
734 2653 850 2726 μεθ’
902 2649 1112 2725 ἡμέραν
1167 2646 1396 2722 ὀφείλει,
1445 2644 1714 2716 διαθήκης
1759 2647 1818 2715 ἣν
1850 2647 1966 2718 (33)

323 2746 454 2822 ὑπὲρ
511 2743 678 2812 αὐτῆς
735 2741 1088 2810 ἀποθνήσκων
1147 2737 1278 2810 ὑπὲρ
1336 2735 1597 2814 ἀφθορίας
1653 2734 1822 2822 αὐτῆς
1882 2731 1968 2809 ἐγ-

315 2834 538 2912 γράφως
583 2829 810 2896 διέθετο.
843 2829 946 2887 Καὶ
980 2827 1304 2902 μεμνημένη
1353 2828 1452 2912 τῆς
1485 2823 1536 2879 έν
1565 2828 1642 2896 τῷ
1687 2821 1758 2878 δι’
1797 2823 1963 2893 αὐτὴν

320 2911 534 2995 θανάτῳ
573 2921 742 2977 «6106
793 2916 1079 2988 διαθήκης,
1129 2915 1213 2970 ὅτι
1255 2911 1563 2992 παρέδωκεν
1614 2914 1797 2968 ἑαυτὸν
1832 2913 1965 2989 ὑπὲρ

318 3012 485 3082 αὐτῆς
510 3009 606 3066 ’ἶνα
663 3007 831 3077 αὐτὴν
888 3004 1113 3082 ἁγιάσῃ,
1147 3005 1290 3081 παρᾶ
1319 3004 1493 3058 πάντα
1521 3003 1612 3058 τὸν
1671 3000 1790 3078 βίον
1842 3001 1966 3057 ἀντ-

320 3101 530 3178 εχέσθω
579 3105 682 3168 τῆς
729 3095 992 3166 διαθήκης
1049 3094 1244 3149 αὺτοῦ·
1281 3094 1548 3163 τοττέσνι,
1605 3094 1681 3166 μή
1713 3089 1966 3156 ἀθετείτω

316 3192 416 3260 τήν
446 3185 536 3246 ἰπὶ
562 3191 642 3262 τῷ
687 3186 898 3258 θανάτῳ
943 3183 1106 3240 «6106
1156 3183 1288 3260 ὑπὲρ
1335 3185 1434 3252 τῆς
1483 3181 1753 3257 σωτηρίας
1797 3181 1966 3249 αὐτῆς

2079 602 2448 662 vulneratum
2507 611 2597 662 est
2639 608 2959 678 cupiditate
3014 615 3072 668 et
3122 611 3417 682 voluptate
3465 618 3522 669 et
3567 616 3726 688 vitio,

2081 692 2250 763 quasi
2282 693 2576 766 integrum
2602 714 2810 752 rursus
2843 699 2960 769 ﬁet,
2985 718 3117 756 cum
3151 701 3315 770 signa
3336 703 3728 774 corruptionis

2079 779 2134 835 in
2169 782 2365 840 anima
2398 789 2454 839 et
2479 801 2718 857 corpore
2741 788 2965 860 jugiter
2986 791 3412 862 permaneant?
3439 792 3728 849 Paeniten-

2080 873 2158 929 tia
2189 875 2346 930 enim
2378 875 2620 933 dimittit
2641 884 2944 949 peccatum
2969 907 2984 949 ;
3017 883 3119 938 sed
3141 899 3210 939 ex
3239 889 3512 956 corrupta
3533 885 3729 940 incor-

2080 969 2312 1035 ruptam
2343 965 2556 1021 iterum
2589 967 2775 1023 facere
2808 985 2923 1024 non
2954 970 3174 1040 valens,
3206 989 3306 1044 per
3335 977 3516 1029 totam
3547 973 3728 1029 vitam

2079 1050 2454 1109 lamentatur.
2517 1055 2706 1118 Quare
2764 1073 2897 1113 cum
2949 1062 3440 1131 praestantissima
3480 1063 3560 1118 sit
3609 1063 3730 1118 hac

2080 1142 2395 1212 possessio,
2420 1160 2486 1199 ac
2517 1145 2824 1215 praemium
2849 1146 2963 1213 bis,
2989 1149 3089 1219 qui
3113 1166 3241 1205 eam
3264 1155 3729 1224 consequuntur,

2079 1229 2248 1304 longe
2307 1231 2827 1306 gloriosissimum,
2887 1237 3162 1293 doctrinas
3212 1239 3444 1295 Domini
3502 1256 3729 1296 morem

2077 1325 2372 1391 gerentes,
2408 1321 2487 1378 ita
2517 1323 2830 1379 sabbatum
2872 1341 3139 1397 agamus,
3174 1329 3256 1382 uti
3287 1327 3406 1383 haec
3439 1329 3623 1384 oratio
3654 1329 3728 1384 ab

2078 1409 2244 1466 initio
2269 1410 2552 1466 hactenus
2570 1413 3348 1483 submonuit,intaminatam
3371 1423 3427 1472 et
3451 1416 3729 1474 intactam

2080 1499 2151 1554 ab
2180 1500 2339 1554 omni
2367 1500 2598 1557 macula
2636 1502 2963 1559 naturalem
3011 1503 3506 1575 pulchritudinem
3541 1505 3728 1562 divini

2079 1589 2379 1644 simulacri
2411 1596 2693 1662 perpetuo
2725 1598 3041 1648 servantes.
3065 1594 3177 1649 Nec
3206 1595 3516 1650 sabbatum
3549 1595 3725 1650 modo

2080 1682 2233 1750 agat,
2268 1679 2478 1750 inquit,
2513 1680 2696 1752 virgo,
2728 1681 2829 1736 sed
2860 1681 3039 1737 etiam
3071 1682 3249 1756 eligat
3279 1701 3405 1755 quis
3436 1700 3540 1756 ego
3569 1683 3723 1739 volo.

2079 1767 2226 1830 Quid
2257 1773 2452 1824 autem
2485 1767 2645 1824 aliud
2677 1769 2790 1826 nisi
2820 1771 3215 1843 integritatem
3248 1772 3370 1828 vult
3396 1771 3680 1828 Dominus
3702 1772 3728 1826 ?

2080 1872 2254 1928 quam
2277 1857 2512 1928 quidem
2541 1858 2715 1913 simul
2747 1847 2877 1914 cilm
2903 1860 3284 1930 sabbatismo,
3310 1862 3366 1917 in
3398 1861 3729 1934 virginitate

2078 1945 2325 2017 eligens,
2355 1963 2471 2017 pris
2527 1947 2788 2019 conjugii
2839 1950 3236 2022 corruptione,
3282 1968 3348 2006 ac
3402 1950 3549 2007 inito
3593 1967 3729 2007 cum

2083 2035 2320 2092 Domino
2352 2035 2550 2091 foederi
2573 2039 2629 2091 in
2664 2038 2955 2094 mandatis
2977 2041 3358 2096 observandis
3393 2041 3730 2108 adhaerens,

2077 2123 2324 2196 accipiet
2354 2125 2426 2180 ab
2457 2140 2524 2180 eo
2557 2125 2614 2180 in
2656 2125 2830 2182 domo
2854 2132 2911 2182 et
2941 2144 3108 2184 muro
3139 2129 3268 2198 ejus
3298 2128 3494 2185 locum
3539 2129 3728 2185 nomi-

2078 2217 2304 2285 natum,
2338 2214 2800 2286 praestantiorem
2830 2215 2967 2272 filiis
3015 2222 3072 2273 et
3101 2217 3356 2273 ﬁliabus.
3390 2217 3514 2273 Non
3554 2219 3712 2273 enim

2077 2303 2447 2358 servantibus
2478 2303 2670 2358 solum
2695 2305 2938 2360 sabbata
2955 2321 3085 2361 mea
3107 2305 3394 2361 eunuchis
3426 2310 3483 2361 et
3507 2303 3729 2376 eligen-

2077 2391 2234 2447 tibus
2265 2409 2388 2462 quae
2407 2409 2513 2465 ego
2544 2393 2809 2460 volo,sed
2841 2396 2899 2448 et
2915 2394 3346 2450 adbzerentibus
3371 2396 3726 2450 testamento

2076 2497 2205 2538 meo
2235 2481 2385 2537 dabo
2430 2497 2556 2554 quae
2611 2482 2767 2538 dicta
2797 2486 2936 2538 sunt
2956 2483 3020 2538 ⁸⁸.
3073 2483 3208 2553 Ejus
3255 2482 3438 2555 igitur
3467 2482 3724 2550 fcederis,

2075 2570 2231 2641 quod
2262 2585 2396 2626 eum
2447 2586 2661 2642 sponso
2708 2570 2889 2627 ictum
2935 2576 3044 2636 est.
3079 2575 3252 2628 noctu
3303 2571 3522 2644 diuque
3569 2571 3730 2642 virgo

2076 2658 2416 2714 meminisse
2446 2659 2638 2730 debet,
2672 2660 2923 2728 fcsderis,
2956 2661 3221 2732 inquam,
3263 2662 3418 2732 quod
3459 2677 3563 2733 pro
3595 2661 3728 2732 ipsa

2077 2747 2335 2804 moriens
2391 2747 2463 2803 ad
2512 2748 2884 2805 tribuendam
2931 2749 2986 2806 ei
3037 2749 3434 2822 integritatem
3486 2749 3724 2822 scriptis

2075 2835 2342 2894 sancivit.
2393 2836 2656 2908 Denique
2703 2855 2928 2894 memor
2970 2839 3204 2896 foederis
3256 2839 3586 2896 confirmati
3627 2855 3737 2911 per

2077 2931 2324 2982 mortem
2357 2943 2534 2998 quam
2562 2943 2665 2998 pro
2697 2943 2764 2982 ea
2783 2927 3024 3000 pertulit
3051 2928 3140 3000 (ut
3169 2927 3324 2984 enim
3358 2927 3409 2984 ei
3437 2928 3734 2984 conferret

2075 3015 2470 3087 sanctitatem,
2503 3033 2607 3088 pro
2651 3033 2720 3072 ea
2760 3017 3025 3089 seipsum
3074 3017 3359 3089 tradidit),
3392 3034 3494 3090 per
3545 3020 3732 3072 totam

2073 3106 2253 3161 vitam
2286 3105 2474 3161 fcsdus
2503 3104 2663 3162 illius
2692 3110 2899 3173 servet,
2931 3107 3040 3164 hoc
3069 3111 3270 3175 est,ne
3301 3106 3526 3163 irritam
3551 3105 3728 3162 faciat

2075 3194 2578 3266 dispensationem
2606 3195 2666 3250 in
2690 3195 2881 3266 ipsius
2905 3199 3088 3253 morte
3111 3213 3214 3268 pro
3239 3212 3347 3252 sua
3370 3195 3558 3252 salute
3588 3211 3733 3250 con-

316 3255 656 3336 τελεσθεῖσαν
702 3255 1036 3348 οἰκονομίαν.
1094 3255 1269 3330 Ἀλλί
1307 3271 1494 3342 ἐπειδὴ
1548 3255 1960 3346 ἀπεμπωλήσα-

2084 3288 2454 3340 summatam.
2514 3285 2633 3339 lmo
2679 3300 2816 3340 vero
2865 3285 3146 3357 quoniam
3177 3301 3347 3340 suam
3396 3283 3730 3340 libertatem

319 3390 411 3424 σαν
442 3370 545 3436 τὴν
577 3369 772 3437 ἑαυτῆς
805 3367 916 3440 (34)
968 3360 1299 3438 ἐλευθερίαν,
1348 3361 1513 3432 αὐτὴν
1545 3360 1625 3434 τῷ
1655 3361 1847 3416 ἑαυτοῦ
1878 3358 1969 3415 αἶ’-

323 3479 448 3533 ματι
504 3456 815 3533 ἐξηγόρασε,
860 3453 950 3509 καὶ
1003 3451 1325 3528 έξαγοράσιος
1382 3451 1481 3507 οὐκ
1532 3451 1812 3523 ἐλευθερίᾳ
1867 3449 1967 3524 μό-

317 3569 404 3603 νον
435 3545 748 3619 τετίμηκεν,
799 3542 945 3600 ἀλλὰ
973 3543 1065 3597 καὶ
1095 3542 1308 3619 νύμφην
1360 3542 1532 3614 ἑαυτῷ
1580 3536 1825 3618 ἁρμόσας
1876 3541 1968 3616 βα-

321 3634 507 3693 σιλίδα
535 3641 762 3704 ποιῆσαι
805 3626 1228 3707 ὑπερϐαλλούσῃ
1276 3629 1462 3706 χάριτι
1500 3631 1824 3702 κατηξίωσε.
1873 3630 1970 3684 Διὰ

317 3729 482 3781 τοῦτο
509 3721 814 3799 ἀντεχέσθω
859 3728 960 3791 τῆς
1007 3717 1271 3791 διαθήκης
1319 3719 1503 3774 «6106'
1536 3722 1834 3788 τουτέστιν,
1877 3717 1972 3774 ’ίνα

322 3811 629 3888 κοινότερον
659 3809 1007 3883 εἳπω,ὥσπερ
1035 3809 1182 3872 τινὸς
1211 3808 1488 3884 προικῴου
1517 3813 1616 3874 τῆς
1644 3810 1780 3884 πρὸς
1801 3810 1968 3877 αὐτὴν

325 3900 595 3973 διαθήκης
624 3901 812 3969 «6106,
841 3897 1128 3976 ἐγγράφως
1159 3897 1250 3952 καὶ
1279 3897 1530 3971 νομίμως
1554 3899 1842 3960 συστάντος
1872 3901 1973 3953 106

322 3990 526 4066 γάμου,
558 3989 639 4046 ἀεὶ
673 3989 980 4064 ἀντεχέσθω
1018 3987 1155 4062 πρὸς
1205 3987 1273 4041 τὰ
1302 3985 1698 4062 ἐπερωτήματα
1741 3987 1829 4042 καὶ
1877 3987 1971 4050 τὰς

325 4081 593 4150 συνθήκας
623 4077 726 4147 τῆς
772 4071 1152 4151 συμϐιώσεως,
1206 4075 1400 4145 ἑαυτὴν
1452 4074 1600 4148 αὐτῷ
1652 4075 1886 4151 ἄμωμον
1919 4076 1972 4132 ἰν

326 4175 464 4224 πᾶσι
490 4166 828 4243 παρέχουσα,
862 4165 936 4228 ὡς
967 4162 1026 4219 ἃν
1059 4163 1221 4235 ἀξίως
1242 4163 1404 4220 «6106
1435 4163 1659 4230 ἐνταῦθα
1680 4169 1973 4240 συζήσασα,

326 4256 418 4313 καὶ
448 4261 556 4312 τῶν
587 4255 699 4311 ἐκεῖ
727 4260 849 4331 παρ’
879 4253 1044 4309 «6106
1075 4254 1288 4328 ἀγαθῶν
1317 4251 1663 4312 ἀπολαύσειε.
1722 4328 1727 4334 _

393 4349 490 4404 60.
519 4351 646 4408 Τοῖς
693 4346 794 4420 γὰρ
849 4342 1284 4420 φυλασσομένοις
1327 4343 1393 4397 τὰ
1432 4337 1685 4398 Σάϐϐατά
1715 4365 1820 4417 μου
1850 4345 1980 4418 (πλί-

327 4433 413 4491 λιν
469 4434 598 4507 ὶρῶ,
660 4435 815 4511 φησὶ,
875 4432 965 4488 καὶ
1019 4437 1136 4494 τοῖς
1198 4430 1778 4510 έκλεγομένοιςᾶὲγὼ
1810 4434 1977 4506 θέλω,

327 4526 417 4580 καὶ
449 4525 836 4599 ἀντεχομένοις
863 4529 963 4593 τῆς
1005 4519 1272 4593 διαθήκης
1307 4543 1435 4595 μου,
1465 4520 1624 4579 δώσω
1674 4523 1725 4580 ἐν
1777 4529 1857 4598 τῷ
1905 4522 1982 4580 οἷ’-

2073 3372 2456 3439 vendiderat,i
2465 3389 2630 3445 psam
2645 3389 2749 3429 suo
2762 3373 3048 3446 sanguine
3067 3373 3732 3446 redemit,redemptam-

2075 3478 2186 3534 que
2231 3481 2347 3518 non
2380 3461 2645 3518 libertate
2687 3461 2880 3518 solum
2929 3462 3258 3532 honoravit,
3300 3463 3400 3519 sed
3447 3477 3727 3534 sponsam

2076 3552 2254 3608 etiam
2293 3551 2524 3623 sibiipsi
2556 3556 2836 3623 aptatam,
2872 3552 3136 3623 reginam
3167 3551 3526 3609 constituere
3557 3551 3730 3607 bene-

2079 3641 2210 3697 ﬁcio
2227 3641 2396 3712 longe
2414 3639 2901 3711 praestantissimo
2917 3640 3193 3714 dignatus
3206 3645 3316 3697 est.
3332 3642 3520 3706 Quare
3533 3643 3728 3696 custo-

2081 3730 2202 3785 diat
2217 3730 2346 3801 ejus
2365 3729 2582 3784 faadus:
2608 3729 2718 3784 hoc
2737 3733 2844 3796 est,
2870 3734 2934 3784 ut
2957 3747 3062 3786 usu
3084 3728 3737 3802 communioreloquar,

2083 3817 2361 3890 quoniam
2385 3815 2574 3888 ipsius
2592 3817 2744 3873 673
2767 3818 3108 3890 conjugium
3130 3817 3287 3873 velut
3310 3818 3416 3873 dos
3439 3817 3733 3888 quaedam,

2083 3924 2209 3979 quae
2233 3922 2335 3979 pro
2356 3906 2711 3962 fcederecum
2737 3924 2804 3963 ea
2825 3906 2970 3962 inito
2990 3907 3125 3962 data
3139 3905 3478 3976 sit,scriptis
3492 3904 3736 3960 etmodo

2081 3995 2333 4070 legitimo
2344 3994 2818 4064 eonstat;idcirco
2832 3995 3245 4068 stipulationes
3261 3993 3628 4051 etconvictus
3643 4009 3742 4064 pa-

2085 4091 2178 4143 cta
2200 4089 2478 4158 perpetuo
2493 4090 2885 4157 servet,seque
2901 4084 3022 4141 eiin
3045 4084 3322 4140 omnibus
3335 4082 3604 4139 exhibeat
3619 4097 3673 4136 ω
3685 4097 3744 4136 a-

2085 4175 2228 4233 cula:
2251 4173 2444 4231 omnis
2465 4180 2856 4246 expertemzut
2878 4190 3011 4230 cum
3033 4173 3211 4230 vitam
3237 4173 3366 4245 ipso
3387 4171 3626 4244 dignam
3641 4169 3741 4225 hic

2087 4265 2289 4338 egerit,
2314 4263 2435 4320 illic
2447 4264 2623 4320 etiam
2646 4263 2816 4319 bonis
2840 4264 2909 4319 ab
2932 4279 2997 4320 eo
3026 4261 3362 4336 praeparatis
3383 4261 3742 4334 perfruatur.

2156 4355 2246 4409 60.
2298 4354 2442 4410 Nam
2507 4353 2980 4410 custodientibus
3029 4353 3282 4410 Sabbata
3331 4368 3462 4408 mea
3511 4350 3747 4423 (rursus

2089 4444 2374 4516 repetam)
2405 4460 2470 4499 ac
2518 4441 2894 4515 eligentibus,
2945 4442 3158 4515 inquit,
3193 4459 3320 4515 quae
3364 4457 3469 4514 ego
3499 4438 3653 4510 volo,
3687 4441 3747 4495 et

2092 4532 2526 4589 adhaerentibus
2556 4535 2906 4589 testamento
2948 4548 3100 4602 meo,
3132 4532 3282 4589 dabo
3315 4531 3375 4586 in
3407 4531 3580 4587 domo
3615 4542 3749 4584 mea

326 4635 412 4687 κῳ
465 4634 571 4687 μου
627 4613 718 4668 καὶ
772 4611 824 4666 ἐν
884 4616 966 4684 τῷ
1035 4610 1212 4687 τείχει
1273 4632 1376 4686 μου
1431 4613 1599 4668 τόπον
1659 4609 1973 4688 ὅνομαστὸν,

2094 4625 2151 4678 et
2179 4621 2239 4676 in
2271 4637 2440 4677 muro
2475 4637 2604 4677 meo
2636 4621 2831 4678 locum
2863 4622 3254 4690 nominatum,
3275 4617 3746 4693 praestantiorem

327 4701 611 4774 κρείττονα
667 4701 804 4756 υἱῶν
861 4701 948 4756 καὶ
1010 4699 1335 4777 θυγατέρων.
1381 4702 1468 4764 Ὦς
1524 4703 1624 4778 γὸρ
1683 4702 1745 4759 ἂν
1779 4704 1855 4777 μὴ
1891 4701 1982 4759 δο-

329 4797 475 4847 κοῖεν
504 4791 579 4854 ὡς
612 4788 884 4866 ἅσπερμοί
939 4810 998 4845 τε
1042 4788 1132 4844 καὶ
1183 4789 1373 4866 ἄγονοι
1423 4788 1775 4848 ἐπονείδιστοι
1825 4794 1981 4863 εἶναι,

330 4881 474 4937 οὕτω
517 4882 636 4954 μὶν,
699 4880 886 4958 φησὶν,
934 4878 1132 4935 οἰκεῖοί
1168 4899 1228 4934 τε
1274 4879 1364 4934 καὶ
1418 4879 1569 4957 φίλοι
1627 4903 1730 4955 μτυ
1774 4876 1985 4939 ἔσονται

328 4970 404 5032 ὡς
436 4969 489 5025 έν
518 4975 601 5043 τῷ
626 4968 763 5042 θ’ίκῳ
791 4969 882 5025 καὶ
928 4967 1078 5032 ἐντὸς
1116 4973 1215 5024 106
1243 4969 1462 5046 τείχους
1493 4973 1607 5046 (35)
1642 4992 1746 5046 μου
1781 4971 1978 5047 μένειν.

326 5058 603 5130 Τοσαύτης
680 5056 738 5115 δὲ
809 5057 980 5133 τιμῆς
1044 5059 1174 5134 παρ’
1232 5058 1357 5132 ἐμοὶ
1413 5061 1764 5134 κριθήσονται
1822 5061 1983 5138 ἄξιοι,

327 5147 405 5214 ὠς
455 5153 628 5204 πᾶσαν
686 5147 952 5225 εὐγένειαν
1010 5145 1222 5204 παίδων
1275 5150 1352 5223 μὴ
1407 5145 1661 5216 δύνασθαι
1705 5156 1785 5225 τῷ
1831 5151 1985 5226 τόπῳ

323 5242 433 5296 τῶν
485 5236 810 5313 ἀξιωμάτων
857 5238 1036 5296 αὐτῶν
1094 5235 1466 5313 ἁμιλλᾶσθαι.
1524 5240 1692 5296 Δώσω
1739 5241 1841 5319 γὰρ
1892 5243 1987 5298 «6-

410 5339 456 5376 ³⁸
487 5341 598 5397 Isa.
633 5356 744 5413 rm,
778 5341 832 5410 4,
862 5341 918 5397 5.

428 5438 518 5512 33)
548 5437 673 5512 ᾚν.
704 5437 985 5512 Nonnulli
1017 5439 1268 5512 codices,
1295 5439 1382 5512 ἧς.

431 5506 524 5581 34)
582 5506 1098 5581 ’Δπεμπωλήσασαν
1157 5506 1265 5580 τήν
1320 5506 1544 5580 ἒαυτῆς.
1614 5512 1708 5569 Sic
1764 5513 1998 5570 Colber-

333 5581 710 5656 tinus_codex
739 5597 876 5656 cum
927 5585 1161 5656 duobus
1193 5583 1412 5656 Regiis.
1463 5583 1572 5639 Alii
1609 5585 1862 5656 codices,
1890 5585 1996 5640 ἀπ-

338 5649 718 5728 εμπωλήσασα
753 5652 873 5728 -τήν
934 5655 1151 5725 ἑαυτῆς.
1210 5649 1400 5712 Εάῖιίο
1458 5649 1857 5728 Ρατίεἱθηεὶ8,’
1890 5657 1997 5712 ἀπ-

340 5721 682 5798 ημπολήσας
707 5725 809 5794 τὴν
829 5725 1044 5790 ἑαυτοῦ.
1068 5721 1232 5788 Unde
1251 5728 1640 5787 Combetisius
1673 5729 1745 5786 de
1765 5721 1998 5788 Christo

2092 4709 2230 4766 filiis
2259 4714 2316 4766 et
2347 4708 2604 4766 filiabus.
2635 4710 2782 4766 Nam
2817 4727 2889 4766 ne
2919 4710 3228 4768 vidcantur
3262 4713 3328 4766 ut
3358 4706 3658 4765 infecundi
3692 4711 3751 4761 et

2093 4797 2344 4868 steriles,
2371 4799 2429 4856 in
2481 4799 2794 4870 opprobrio
2838 4814 2989 4870 esse,
3022 4798 3124 4866 ita,
3173 4798 3389 4871 inquit,
3426 4795 3749 4853 familiares

2093 4893 2151 4945 et
2208 4887 2380 4944 amici
2449 4887 2566 4944 mei
2625 4891 2817 4958 erunt,
2877 4891 2942 4944 ut
2998 4887 3056 4943 in
3126 4887 3296 4944 domo
3373 4903 3504 4944 mea
3574 4889 3630 4942 et
3687 4884 3749 4940 in

2095 4994 2264 5034 muro
2318 4993 2446 5033 meo
2497 4981 2796 5034 maneant.
2846 4978 3034 5034 Tanto
3088 4980 3284 5034 autem
3329 4975 3550 5033 honore
3597 4973 3754 5046 apud

2095 5083 2189 5124 me
2219 5067 2382 5140 digni
2417 5066 2810 5139 habebuntur,
2847 5070 2912 5123 ut
2940 5065 3103 5122 nulla
3132 5083 3448 5139 puerorum
3480 5063 3757 5122 nobilitas

2095 5173 2231 5213 cum
2266 5172 2467 5212 eorum
2499 5155 2804 5228 dignitatis
2834 5156 2960 5214 loco
2993 5156 3325 5228 comparari
3355 5153 3560 5228 possit.
3593 5151 3754 5207 Dabo

2095 5245 2258 5303 enim
2300 5244 2422 5303 illis
2449 5245 2670 5316 locum,
2702 5246 2920 5321 inquit,
2953 5262 3072 5303 non
3123 5242 3506 5302 habitationis
3535 5240 3756 5310 solum,

2104 5446 2327 5502 dictum
2378 5449 2594 5517 putans
2646 5445 2929 5503 reddebat
2977 5461 2990 5500 :
3039 5443 3150 5498 Sua
3198 5443 3311 5517 ipse
3357 5436 3636 5517 diqepdita
3683 5441 3762 5517 ti-

2107 5519 2334 5606 ?ertqte.
2378 5506 2584 5575 'Habet
2639 5518 2819 5574 editio
2889 5520 3132 5580 Veneta,
3190 5506 3602 5583 ἀπεμπωλήσας
3662 5513 3762 5582 τὴν

2106 5589 2305 5787 ὲῗῗὲῑ
2311 5631 2324 5646 ⁸
2353 5659 2535 5721 Ἐντὸς
2593 5663 2692 5714 106
2757 5661 3008 5734 τείχους.
3077 5652 3356 5711 Nonnulli
3408 5653 3654 5727 mdices’
3713 5652 3764 5712 ἐν

2107 5749 2187 5786 τω
2210 5751 2269 5786 τε
2291 5750 2393 5787 κει.

2107 5749 2187 5786 τω
2210 5749 2393 5787 τεικει.
