4134 6224
363 343 478 406 791

1303 342 1701 406 APPENDIX
1747 341 2071 406 OPERUM
2115 343 2182 404 Β.
2228 341 2510 404 BASILII
2553 341 2828 404 MAGNI.

3661 343 3784 403 792

365 476 469 533 sed
513 478 570 531 et
614 490 956 547 progressus
1003 491 1070 530 ac
1117 473 1442 547 dignitatis,
1487 475 1568 530 ita
1616 480 1682 531 ut
1730 474 2007 530 omnibus

2131 476 2238 534 τοῖς
2290 491 2484 541 τοπον,
2546 471 2730 548 φησὶν,
2787 470 2887 526 οὐκ
2933 471 3204 542 οἰκήσεως
3267 470 3455 544 μόνον,
3505 469 3653 527 ἀλλά
3689 476 3783 528 καὶ

366 565 722 638 conspicuus
743 563 875 621 illos
907 564 1116 636 magis,
1143 580 1318 637 quam
1344 562 1662 620 liberorum
1694 563 2010 634 successio,

366 653 672 726 dignitatis
727 653 1039 724 splendore
1087 653 1374 709 nobilitct.
1429 654 1497 708 Et
1546 653 1685 726 quid
1737 653 2012 725 amplius,

366 743 580 816 inquit,
597 744 667 798 de
692 743 950 816 mysticis
968 742 1256 799 eunuchis
1280 743 1462 799 habeo
1485 743 1836 799 dicendum?
1858 744 2014 798 Dabo

367 830 486 888 illis
518 849 727 888 nomen
748 835 1050 900 aeternum,
1075 833 1228 902 quod
1264 831 1408 902 ipsis
1434 831 1586 887 ultra
1607 832 1860 888 ﬁliorum
1879 848 2014 887 suc-

367 921 691 978 cessionem
723 921 1002 987 manebit,
1036 937 1141 976 nec
1172 920 1418 976 deﬁciet.
1444 921 1548 976 Hic
1577 922 1733 978 enim
1755 920 2017 994 corporei

369 1009 473 1064 ﬁlii
532 1015 766 1082 patrum
821 1011 1144 1066 subeuntes
1217 1026 1454 1081 nomen,
1519 1011 2016 1083 quemadmodum

368 1098 712 1154 exstinctam
770 1115 973 1155 eorum
1015 1103 1311 1155 senectute
1357 1099 1655 1172 excipiunt
1698 1100 1901 1166 vitam,
1935 1099 2019 1154 ita

367 1186 655 1243 deﬁcienti
687 1197 918 1259 patrum
950 1188 1326 1244 morientium
1360 1189 1584 1244 nomini
1617 1190 2017 1259 succedentes,

368 1275 511 1330 illud
531 1276 589 1331 in
604 1275 815 1348 seipsis
837 1278 1217 1333 exsuscitant.
1243 1277 1457 1334 Deinde
1477 1278 1676 1342 iidem,
1701 1281 2016 1350 postquam

367 1364 525 1419 brevi
557 1369 818 1437 tempore
841 1366 1019 1421 vitam
1040 1383 1392 1438 proavorum
1412 1370 1469 1423 et
1500 1383 1714 1423 nomen
1737 1367 2017 1438 quodam-

369 1453 543 1508 modo
575 1453 994 1526 reparaverint,
1017 1459 1212 1510 tamen
1243 1455 1355 1528 ipsi
1385 1472 1618 1528 quoque
1649 1456 1722 1512 ob
1745 1461 2013 1512 naturam

369 1541 678 1599 mortalem
710 1556 953 1614 prorsus
974 1543 1211 1615 sublati,
1235 1561 1548 1617 progressu
1569 1544 1852 1617 temporis
1875 1545 2017 1600 deﬁ-

371 1631 546 1701 cient,
578 1647 764 1703 genus
786 1631 914 1687 sine
936 1631 1171 1688 nomine
1191 1632 1612 1706 relinquentes.
1637 1634 1798 1701 Quod
1821 1638 2016 1690 autem

372 1736 406 1774 a
435 1735 530 1776 me
553 1736 686 1775 cum
707 1719 1030 1792 primorum
1054 1720 1314 1777 locorum
1333 1722 1618 1796 dignitate
1637 1723 1810 1779 datur
1828 1739 2016 1779 eunu-

2125 567 2413 635 προκοπῆς
2462 559 2552 614 καὶ
2607 559 2753 632 ἀξίας
2787 602 2801 629 ,
2864 559 2937 622 ὡς
2989 565 3120 616 πᾶσι
3178 555 3546 636 περίϐλεπτον
3607 557 3780 629 ὄντα,

2123 650 2256 724 ὐπὶρ
2329 651 2428 718 τήν
2503 653 2606 704 τῶν
2686 646 2896 704 παίδων
2967 647 3235 726 διαδοχὴν
3301 648 3495 714 αὐτοὺς
3553 654 3624 724 τῇ
3683 654 3781 704 τοῦ

2123 736 2428 810 ἀξιώματος
2482 736 2721 811 εὐγενείᾳ
2774 735 3070 810 σεμνύνειν.
3137 737 3235 790 Καὶ
3289 735 3343 791 τί
3390 735 3585 806 πλέον,
3617 737 3782 810 φησὶ,

2123 826 2246 902 περί
2299 831 2406 881 τῶν
2462 830 2734 898 μυστικῶν
2784 825 3058 903 εὐνούχων
3110 825 3227 901 ἔχω
3281 823 3504 900 λέγειν;
3560 828 3784 899 ’Ὀνομα

2125 915 2348 970 αίῶνιον
2381 913 2538 970 δώσω
2588 914 2795 984 αὐτοῖς,
2844 914 2875 969 ὅ
2935 915 3065 990 ὑπὲρ
3123 916 3226 984 τήν
3285 912 3553 990 διαδοχὴν
3587 915 3780 977 αὐτοῖς

2123 1009 2231 1060 τῶν
2279 1003 2509 1080 ἐκγόνων
2569 1005 2819 1078 ἀρκέσει,
2886 1003 2977 1059 καὶ
3035 1005 3142 1059 οὐκ
3199 1003 3458 1078 ἐκλείψει.
3519 1005 3784 1068 Ἐνταῦθα

2130 1094 2224 1167 μὶν
2277 1094 2375 1168 γὰρ
2438 1095 2490 1149 οἱ
2542 1098 2652 1149 τῶν
2709 1094 2976 1167 σωμάτων
3017 1090 3225 1165 παῖδες,
3283 1095 3348 1148 τὸ
3385 1099 3495 1148 τῶν
3527 1093 3780 1168 πατέρων

2128 1179 2492 1256 ὑποδυόμενοι
2557 1179 2771 1258 ὄνομα,
2849 1182 3030 1256 ὥσπερ
3080 1177 3444 1256 σϐεννυμένην
3495 1181 3575 1255 τῷ
3633 1185 3788 1256 γήρᾳ

2122 1277 2330 1329 τούτων
2355 1270 2701 1348 διαδέχονται
2723 1273 2824 1342 τήν
2851 1272 3018 1343 ζωήν,
3051 1271 3194 1328 οὕτω
3219 1272 3309 1327 καὶ
3337 1273 3400 1327 τὸ
3446 1267 3624 1345 ὄνομα
3669 1277 3786 1326 τῶν

2125 1363 2262 1438 πρὸς
2320 1360 2544 1416 θάνατον
2594 1362 2907 1438 φερομένων
2937 1362 3186 1436 πατέρων
3219 1359 3471 1416 ἐκλεῖπον
3501 1361 3788 1416 ὕπεισιόν-

2123 1472 2210 1514 τες
2243 1450 2293 1506 ἐν
2326 1449 2509 1513 αὐτοῖς
2544 1455 2938 1525 ζωοπυροῦσιν.
2979 1451 3091 1506 Εἶτ’
3141 1449 3223 1504 ἐπ’
3254 1449 3445 1526 ὀλίγον
3479 1448 3630 1504 οὗτοι
3679 1451 3785 1519 τήν

2123 1541 2359 1611 τεζωὴν
2405 1545 2501 1596 τοῦ
2547 1544 2656 1596 τῶν
2706 1539 3068 1616 προπατόρων
3117 1541 3306 1615 γένους
3363 1541 3454 1593 καὶ
3497 1540 3561 1594 τὸ
3602 1535 3790 1611 ὄνομά

2126 1617 2238 1704 (36)
2269 1635 2349 1702 τῷ
2378 1629 2566 1705 τρόπῳ
2609 1627 3115 1705 παραμυθούμενοι,
3166 1628 3322 1702 ὅμως
3352 1627 3454 1684 ὑπὸ
3500 1635 3601 1698 τῆς
3650 1641 3787 1698 θνηο

2101 1727 2226 1789 ,τῆς
2276 1718 2486 1798 φύσεως
2535 1716 2981 1797 διαφορούμενοι,
3030 1718 3123 1773 καὶ
3171 1717 3323 1774 αὐτοὶ
3365 1718 3442 1780 εἷς
3472 1719 3534 1772 τὸ
3580 1738 3786 1772 παντε-

371 1806 499 1863 ehis
531 1825 743 1864 nomen
775 1825 879 1880 pro
910 1808 1071 1865 omni
1102 1811 1334 1881 generis
1365 1815 1760 1880 successione,
1799 1812 2013 1868 iterum

2131 1807 2242 1877 λὶς,
2299 1807 2586 1885 προϊόντος
2639 1812 2735 1864 τοῦ
2793 1807 3018 1884 χρόνου,
3075 1806 3446 1882 ἐκλείψουσιν,
3493 1806 3786 1879 ἀνώνυμον

368 1896 519 1967 dico,
561 1896 787 1970 jugiter
834 1899 1225 1969 permanebit,
1256 1900 1338 1956 ita
1385 1903 1450 1956 ut
1478 1905 1535 1957 et
1559 1900 1674 1973 ipsi
1720 1905 1776 1957 et
1805 1917 2010 1958 omnes

367 1985 467 2058 qui
524 2002 624 2042 eos
677 1987 977 2059 videbunt,
1035 2003 1104 2044 ex
1143 1994 1353 2046 eventu
1396 1990 1743 2062 dijudicent,
1789 1996 2008 2063 quanto

363 2075 740 2147 praestantius
787 2075 865 2132 sit
907 2077 1017 2132 hoc
1067 2093 1280 2134 nomen
1327 2079 1467 2134 ﬁliis
1517 2084 1573 2136 et
1618 2079 1876 2148 ﬁliabus,
1909 2080 2010 2152 qui

360 2179 516 2236 saepe
545 2181 732 2237 genus
776 2182 952 2222 suum
993 2172 1053 2223 et
1097 2167 1488 2240 turpitudinis
1535 2168 1662 2226 loco
1706 2175 1764 2225 et
1790 2169 2013 2242 peccati

361 2254 599 2310 nomine
629 2254 980 2326 probrosum
1021 2257 1298 2313 reddunt.
1332 2257 1554 2314 Nomen
1585 2258 1765 2325 enim,
1796 2258 2011 2330 inquit,

359 2358 464 2414 pro
493 2342 776 2415 humano,
821 2343 1247 2401 immortalium
1296 2346 1641 2419 angelorum
1693 2348 1844 2404 dabo
1874 2347 2012 2417 illis,

359 2447 465 2487 nec
496 2431 756 2500 deﬁciet;
804 2433 887 2488 ita
915 2438 982 2490 ut
1011 2433 1221 2490 cmlum
1267 2439 1325 2490 et
1375 2435 1502 2492 εαξιί
1550 2435 2013 2508 pulcherrimum

360 2517 557 2575 locum
585 2519 838 2576 habeant
881 2523 950 2577 ad
984 2521 1398 2580 habitandum.
1452 2525 1515 2580 In
1561 2523 2012 2597 praeclarissimo

361 2611 559 2663 autem
591 2607 719 2664 coeli
749 2608 898 2680 loco,
938 2611 996 2666 id
1029 2617 1140 2678 est,
1184 2612 1245 2666 in
1277 2613 1448 2669 domo
1481 2630 1629 2685 mea,
1664 2614 1820 2670 intra
1847 2620 2014 2686 septa

362 2711 492 2752 mea
513 2695 869 2768 habitantes,
885 2700 1138 2772 nonjam
1163 2699 1354 2756 solum
1373 2701 1714 2775 angelorum
1737 2711 2009 2760 naturam

361 2789 420 2842 et
465 2787 814 2860 dignitatem
874 2789 1263 2848 immortalem
1312 2791 1569 2849 habeant
1611 2793 1867 2866 (semper
1897 2794 2009 2865 ipsi

361 2874 475 2932 sibi
504 2876 626 2933 vice
659 2894 1070 2936 successorum
1111 2880 1168 2935 in
1201 2882 1559 2954 sempiterna
1606 2881 1724 2938 vita
1751 2883 1810 2938 in
1842 2888 2007 2940 aster-

356 2980 500 3022 num
551 2967 956 3038 sufﬁcientes),
997 2969 1099 3026 sed
1146 2974 1204 3026 et
1249 2969 1444 3026 locum
1488 2971 1811 3028 sortiantur
1855 2973 2010 3028 inter

358 3053 599 3127 angelos
628 3056 800 3115 valde
830 3057 1150 3131 insignem,
1183 3064 1240 3115 et
1269 3076 1484 3117 nomen
1515 3067 1755 3134 propter
1784 3061 2006 3118 eximia:

357 3142 590 3201 virtutis
620 3147 993 3218 splendorem
1027 3147 1358 3204 indelebile.
1405 3149 1657 3205 Caveant
1687 3155 1907 3219 autem,
1935 3166 2006 3206 ne

362 3233 858 3303 quemadmodum
891 3252 960 3293 ex
1008 3236 1348 3293 hominibus
1379 3243 1434 3294 et
1464 3255 1498 3294 a
1528 3243 1683 3294 terra
1710 3238 1769 3294 in
1800 3237 2010 3294 malum

369 3324 427 3376 et
458 3320 802 3394 angelorum
851 3324 1199 3395 dignitatem
1251 3327 1662 3397 ascenderunt,
1707 3343 1916 3383 rursus
1946 3327 2020 3382 ab

367 3408 596 3481 angelis
641 3414 698 3466 et
725 3409 870 3467 coelo
902 3411 961 3467 in
991 3417 1208 3469 terram
1251 3430 1390 3470 casu
1442 3415 1698 3470 maximo
1727 3415 2021 3472 decidant.

365 3496 500 3552 Vidi
552 3498 733 3570 enim,
782 3498 999 3572 inquit,
1060 3516 1194 3556 eum
1242 3501 1340 3574 qui
1388 3501 1705 3575 aliquando
1754 3503 1813 3560 in
1863 3505 2023 3561 caelis

369 3587 745 3659 coruscabat,
778 3593 844 3644 ut
868 3589 1089 3662 fulgur,
1120 3590 1192 3646 de
1240 3591 1383 3647 cmlo
1435 3593 1742 3649 cadentem
1765 3594 1829 3649 ³⁸.
1863 3595 2026 3660 Quod

371 3692 506 3731 cum
540 3677 810 3748 audiunt,
861 3679 1019 3735 omni
1071 3679 1297 3736 ratione
1327 3686 1530 3738 cautos
1577 3699 1707 3739 esse
1737 3684 2026 3740 convenit.

369 3768 472 3826 His
495 3771 676 3842 igitur
705 3771 873 3846 digni
899 3773 1153 3844 prmmiis
1179 3775 1546 3832 invenientur
1565 3777 1625 3832 in
1648 3793 1826 3850 regno
1846 3778 2027 3834 divini

373 3861 705 3917 secundum
725 3867 984 3918 mentem
1008 3863 1280 3920 eunuchi.
1302 3864 1501 3939 Neque
1522 3865 1731 3922 iisdem
1755 3867 2036 3923 carebunt

369 3949 468 4021 qui
496 3951 810 4024 tyrannica
833 3969 1014 4008 manu
1037 3954 1096 4009 in
1120 3957 1324 4012 tenera
1349 3962 1515 4012 artata
1546 3955 1830 4014 violenter
1849 3974 2034 4014 eunu-

368 4037 463 4095 chi
513 4040 650 4097 facti
697 4046 858 4098 sunt.
912 4041 1026 4098 Sed
1057 4043 1117 4098 in
1169 4043 1273 4099 illa
1327 4061 1604 4118 corporea
1654 4048 2031 4106 castrationev

370 4146 499 4202 quas
523 4134 734 4202 praeter
755 4147 958 4188 eorum
978 4131 1345 4188 voluntatem
1371 4133 1518 4206 ipsis
1539 4133 1803 4208 contigit,
1828 4137 2037 4194 volun"

369 4219 522 4275 taria
595 4221 927 4278 secundum
981 4221 1248 4278 animum
1293 4223 1645 4278 castratione
1691 4225 2041 4297 semetipsos

373 4308 778 4379 castraverint,
812 4309 894 4367 ita
939 4314 1003 4366 ut
1031 4310 1347 4380 sabbatum
1379 4313 1534 4367 674
1565 4316 1745 4383 agant
1775 4313 1847 4369 ab
1878 4301 2037 4372 omni

373 4397 657 4469 nequitia,
690 4399 913 4471 eligant
963 4415 1031 4454 ea
1062 4416 1188 4471 qua:
1238 4399 1364 4455 vult
1393 4399 1704 4472 Dominus,
1751 4408 1809 4457 et
1838 4404 2032 4460 adhzs-

373 4491 539 4541 reant
568 4489 921 4544 testamento
944 4489 1360 4545 mandatorum
1387 4489 1536 4560 cjus,
1563 4489 1778 4547 virtute
1811 4508 2037 4565 nequa~

2125 1898 2514 1960 καταλιπόντες
2559 1898 2622 1952 τὸ
2669 1898 2844 1972 γένος.
2893 1898 2972 1954 Τὸ
3018 1896 3076 1952 δὲ
3105 1898 3232 1973 παρ’
3262 1896 3397 1969 ἐμοῦ
3431 1897 3567 1970 μετά
3594 1895 3694 1952 τοῦ
3728 1895 3784 1951 ἐν

2126 1988 2422 2064 πρωτείοις
2466 1987 2660 2049 τόποις
2713 1992 2829 2048 τοῖς
2896 1984 3180 2062 εὐνούχοις
3238 1983 3524 2059 διδόμενον
3579 1981 3784 2059 ὄνομα,

2126 2085 2238 2141 ἀντὶ
2269 2086 2448 2156 πάσης
2480 2085 2672 2160 γένους
2707 2081 2994 2160 διαδοχῆς,
3026 2081 3193 2138 πάλιν
3227 2082 3335 2160 ἐρῶ
3379 2081 3570 2140 διόλου
3619 2083 3785 2160 ἀρκέο

2127 2195 2228 2248 σει,
2274 2173 2412 2230 ὥστε
2457 2173 2652 2236 αὐτούς
2698 2193 2756 2228 τε
2778 2174 2870 2228 καὶ
2900 2175 3100 2235 πάντας
3130 2173 3256 2235 τοὺς
3287 2174 3532 2246 ὁρῶντας
3581 2172 3785 2235 αὐτοὺς

2125 2262 2185 2319 ἐκ
2233 2265 2334 2332 τῆς
2387 2257 2656 2324 ἐκϐάσεως
2709 2263 2808 2332 τήν
2873 2257 3184 2338 ὑπερϐολὴν
3241 2263 3642 2338 ἀποφήνασθαι,
3703 2262 3787 2324 ὡς

2123 2358 2365 2425 κρεῖττον
2425 2347 2595 2413 ὅντως
2627 2350 2773 2406 ἔσται
2817 2351 2947 2405 υἱῶν
3007 2351 3098 2406 καὶ
3151 2350 3454 2428 θυγατέρων
3510 2356 3620 2405 τῶν
3648 2348 3793 2406 πολι

2125 2440 2282 2502 λάκις
2338 2441 2426 2495 καὶ
2459 2438 2722 2514 ἐπίψογον
2753 2439 2816 2494 τὸ
2873 2439 3029 2514 γένος
3061 2440 3148 2495 καὶ
3187 2438 3344 2512 τόπῳ
3373 2438 3644 2515 αἲσχύνης
3688 2438 3788 2493 καὶ

2125 2530 2351 2603 ὀνόματι
2410 2526 2678 2602 ἁμαρτίας
2745 2527 3072 2586 ποιούντων.
3127 2531 3346 2601 ’Όνομα
3401 2529 3526 2605 γὰρ,
3582 2529 3784 2606 φησὶν,

2125 2619 2240 2673 ἀντὶ
2297 2623 2395 2674 τοῦ
2453 2617 2834 2694 ἀνθρωπείου,
2890 2619 2953 2673 τὸ
3007 2623 3116 2672 τῶν
3189 2617 3458 2673 ἀθανάτου
3527 2615 3788 2692 ἀγγέλων

2123 2705 2284 2762 δώσω
2339 2708 2550 2776 αὐτοῖς,
2608 2707 2698 2761 καὶ
2752 2706 2851 2762 οὐκ
2877 2705 3142 2782 ἐκλείψει·
3205 2707 3344 2762 ὥστε
3391 2705 3617 2782 οὐρανὸν
3678 2707 3780 2780 μὲν

2120 2797 2209 2852 καὶ
2257 2801 2352 2852 τοῦ
2397 2795 2628 2872 οὐρανοῦ
2673 2795 2736 2850 τὸ
2784 2793 3079 2851 κάλλιπον
3125 2791 3273 2871 ἔχειν
3331 2794 3526 2860 αὐτοὺς
3568 2793 3782 2850 ἐνδιαί-

2116 2907 2288 2959 τημα·
2351 2885 2437 2943 Ἐν
2497 2883 2554 2940 δὲ
2603 2889 2683 2954 τῷ
2739 2882 3022 2958 καλλίστῳ
3064 2889 3162 2940 τοῦ
3211 2885 3463 2960 οὐρανοῦ,
3495 2883 3776 2940 τουτέστιν

2117 2975 2170 3031 ἐν
2200 2980 2279 3047 τῷ
2307 2975 2442 3047 οἷ’κῳ
2471 2979 2550 3047 τῷ
2599 2971 2738 3046 ἐμῷ,
2783 2973 2930 3036 ἐντὸς
2970 2969 3285 3050 περιϐόλων
3318 2974 3600 3036 οἰκοῦντας
3632 2977 3774 3046 (37),

2117 3065 2213 3121 οὐκ
2239 3063 2488 3140 ἀγγέλων
2524 3062 2684 3136 μόνον
2733 3061 2888 3139 φύσιν
2941 3061 3136 3119 λοιπὸν
3178 3063 3267 3118 καὶ
3300 3064 3514 3138 ἀξίωμα
3567 3063 3776 3118 ἀθάναο

2119 3175 2211 3209 τον
2245 3150 2415 3228 ἔχειν,
2471 3152 2546 3214 ώς
2607 3149 2748 3224 μηδὲ
2786 3151 2972 3228 χρείαν
3032 3149 3176 3228 ἔχειν
3222 3149 3491 3227 διαδοχῆς
3539 3151 3645 3226 (ἀεὶ
3683 3151 3786 3207 αὐ-

2125 3243 2251 3305 τοὺς
2302 3241 2352 3297 ἐν
2412 3241 2621 3302 ἑαυτοῖς
2679 3239 2730 3296 ἐν
2791 3242 3003 3313 ἀειζώῳ
3059 3241 3166 3316 βίῳ
3207 3241 3324 3296 ἀντὶ
3377 3238 3654 3316 διαδόχων
3713 3238 3788 3296 δι’

2130 3331 2326 3392 αἰῶνος
2359 3331 2694 3403 ἀρκοῦντας),
2755 3327 2902 3384 ἀλλά
2930 3329 3019 3384 καὶ
3048 3331 3216 3385 τόπον
3249 3325 3396 3406 ἔχειν
3428 3329 3479 3386 ἐν
3518 3335 3638 3392 τοῖς
3689 3329 3790 3405 ἀγα

2129 3419 2310 3497 γέλοις
2367 3418 2789 3492 ἐπισημότατον,
2840 3417 2932 3473 καί
2979 3415 3155 3492 ὄνομα
3216 3417 3306 3474 διά
3331 3421 3430 3489 τήν
3461 3424 3558 3474 τοῦ
3587 3440 3795 3495 κατορ-

2135 3509 2388 3580 θώματος
2442 3506 2787 3584 περιφάνειαν
2846 3506 3225 3579 ἀνεξάλειπτον
3262 3551 3277 3568 .
3335 3505 3789 3586 Ἀσφαλιζέσθω-

2137 3620 2229 3653 σαν
2278 3595 2336 3652 δὶ
2384 3597 2461 3670 μὴ
2516 3597 2591 3660 ὡς
2638 3595 2689 3667 ἐξ
2722 3597 3134 3673 ἀνθρώπωνκαὶ
3165 3601 3270 3672 γῇς
3299 3598 3378 3660 εἷς
3410 3598 3635 3672 οὐρανὸν
3695 3597 3796 3652 καὶ

2137 3684 2382 3764 ἀγγέλων
2435 3685 2582 3757 ἀξίαν
2622 3681 2910 3759 ἀνέδησαν,
2957 3686 3135 3749 οὕτως
3168 3687 3272 3742 ἀπὸ
3304 3686 3544 3762 ἀγγέλων
3571 3686 3664 3742 καὶ
3696 3686 3796 3742 οὐ-

2141 3781 2304 3855 ρανοῦ
2363 3776 2441 3839 είς
2487 3777 2586 3844 τὴν
2627 3783 2729 3850 γῆν
2773 3775 2836 3831 τὸ
2892 3776 3142 3852 μέγιστον
3191 3776 3532 3832 καταπέσωσι
3563 3781 3796 3849 πτῶμα.

2139 3863 2296 3923 Εἶδον
2328 3867 2454 3940 γάρ,
2486 3863 2640 3942 φησὶ,
2669 3864 2760 3918 τὸν
2790 3863 2841 3918 ἐν
2879 3864 3129 3940 οὐρανοῖς
3175 3886 3308 3921 ποτε
3338 3863 3798 3939 διαστράπτοντα,

2142 3955 2216 4016 ὡς
2245 3954 2520 4026 ἀστραπὴν
2569 3952 2801 4008 πεσόντα
2831 3951 2888 4009 ἐκ
2915 3957 3012 4008 τοῦ
3043 3955 3293 4027 οὐρανοῦ.
3355 3955 3526 4029 Ὅπερ
3559 3953 3798 4008 ἀκούον-

2141 4063 2238 4104 τας
2270 4039 2653 4118 ἀσφαλίζεσθαι
2693 4039 2887 4105 αὐτοὺς
2931 4041 3204 4106 παντοίως
3258 4043 3547 4118 προσήκει.
3589 4041 3800 4099 Τοιούο

2143 4137 2250 4188 τῶν
2288 4132 2381 4205 μὶν
2416 4131 2508 4185 οὖν
2539 4130 2678 4201 ἄξιοι
2728 4151 2901 4206 γερων
2934 4132 3324 4207 εὑρεθήσονται
3348 4130 3399 4186 ἐν
3425 4136 3495 4205 τῇ
3544 4131 3804 4207 βασιλείᾳ

2146 4221 2198 4276 οἱ
2221 4220 2357 4275 κατὰ
2382 4223 2510 4274 νοῦν
2545 4225 2681 4284 θεῖοι
2729 4219 3004 4294 εὐνοῦχοι.
3039 4219 3154 4277 Οὐκ
3181 4219 3568 4291 ἀποτεύξονται
3599 4216 3662 4274 δὲ
3688 4224 3804 4275 τῶν

2149 4309 2354 4383 ὁμοίων
2405 4305 2528 4364 οὔτε
2583 4309 2640 4362 oi
2689 4312 2984 4383 τυραννικῇ
3043 4308 3192 4384 χειρὶ
3232 4308 3283 4365 ἐν
3342 4306 3572 4383 παιδικῇ
3602 4307 3806 4382 ἡλικίᾳ

2153 4397 2344 4473 βιαίως
2391 4396 2846 4471 εὐνουχισθέντες.
2906 4396 3064 4453 Ἀλλ’
3096 4415 3141 4453 ει
3173 4397 3223 4454 ἐν
3251 4403 3330 4471 τῷ
3387 4401 3498 4470 (38)
3557 4399 3808 4472 ἀκουσίῳ

2148 4494 2248 4556 τῆς
2277 4487 2412 4541 κατά
2443 4491 2600 4559 σῶμα
2629 4481 2911 4560 συμϐάσης
2935 4485 3119 4550 αὐτοῖς
3147 4486 3433 4562 εὐνουχίας
3487 4487 3580 4542 τὸν
3643 4485 3808 4543 ἐκούο

377 4590 553 4647 quam
577 4574 636 4631 in
655 4575 850 4632 animo
877 4575 1202 4648 infecundi,
1222 4577 1415 4633 locum
1447 4577 1749 4634 habebunt
1772 4579 1830 4635 in
1855 4581 2020 4640 domc

2138 4596 2252 4630 σιον
2325 4576 2462 4630 κατά
2530 4579 2651 4629 νοῦν
2728 4575 3091 4650 εὐνουχισμὸν
3173 4573 3397 4638 ἑαυτοὺς
3459 4573 3807 4652 εὐνουχίσω-

375 4664 609 4722 Domini
669 4665 973 4723 meliorem
1022 4666 1162 4724 ﬁliis
1211 4672 1270 4724 et
1317 4667 1586 4738 ﬁliabus;
1639 4687 1743 4727 nec
1784 4674 1908 4744 jam
1961 4678 2027 4729 ut

374 4753 601 4826 lignum
632 4754 866 4812 aridum
897 4754 969 4813 ob
1001 4757 1196 4814 carnis
1219 4757 2025 4818 infecunditatemhabebun-

376 4850 510 4912 tur;
534 4845 634 4902 sed
654 4849 720 4902 ut
742 4845 994 4903 virentes
1014 4845 1504 4919 plantaa,justitia:
1528 4849 1798 4922 plurimis
1825 4851 2025 4908 fructi-

379 4934 488 4991 bus
521 4937 781 5008 undique
810 4936 1020 4993 ornati.
1052 4938 1305 4994 Plantati
1333 4941 1502 5006 cnim,
1537 4938 1744 5010 inquit,
1777 4942 1837 4996 in
1865 4941 2027 4998 domo

377 5025 602 5082 Domini
625 5025 982 5095 videbuntur,
1016 5029 1076 5083 in
1105 5029 1268 5084 atrii:
1298 5027 1494 5086 domu:
1525 5031 1637 5085 Dei
1666 5032 1842 5087 nostri
1866 5032 2028 5102 ﬂore-

381 5113 515 5170 bunt
554 5114 618 5170 ‘7.
666 5114 793 5171 Non
847 5115 1052 5188 igitur,
1113 5117 1303 5174 dicam
1355 5117 1588 5190 iterum,
1633 5118 2027 5192 virginitatem

379 5203 570 5263 instar
613 5203 760 5280 legis
809 5206 1186 5279 praescripsit,
1229 5208 1331 5264 sed
1383 5207 1565 5264 libero
1613 5224 1743 5265 eam
1789 5208 2030 5268 arbitrio

452 5307 499 5342 ³⁸
529 5306 667 5363 Luc.
699 5322 757 5375 x,
791 5304 877 5370 18.
956 5305 998 5340 3"
1029 5304 1184 5360 Psal.
1218 5321 1331 5375 χοι,
1367 5307 1450 5360 12.

451 5406 565 5479 (36)
597 5405 693 5479 Τιρ
719 5399 930 5479 τρόπῳ.
965 5404 1298 5479 [ﬁgendum
1328 5403 1560 5479 videtur
1585 5400 1930 5479 τινὶ-τρόπῳ.

459 5474 569 5549 (37)
597 5474 914 5549 Οἶκοῦντας.
948 5474 1068 5530 Βία
1089 5475 1307 5549 Regius
1334 5476 1500 5549 2879,
1529 5479 1586 5549 et
1615 5474 1889 5549 Golbert.
1921 5475 2033 5532 Alii

384 5544 518 5609 cum
536 5544 790 5618 editione
803 5547 1040 5614 Veneta,
1062 5544 1357 5618 οἷκοῦντες.
1381 5546 1744 5618 Parisiensis,
1768 5546 2028 5605 οἰκοῦσιν.

455 5621 570 5695 (38)
601 5617 664 5674 Et
691 5616 743 5673 ἂν
769 5621 870 5690 τῷ.
904 5619 1098 5676 Prima
1125 5617 1370 5695 voculaL
1399 5635 1525 5695 qum
1555 5616 1806 5695 deestlin
1835 5621 2032 5695 editis,

385 5691 704 5766 desumpta
732 5695 822 5748 est
849 5706 919 5748 ex
946 5706 1064 5746 uno
1114 5691 1312 5748 codice
1340 5691 1536 5766 Regio,
1586 5692 1680 5748 cui
1727 5693 1881 5751 favet
1909 5692 2032 5750 hac

2135 4686 2216 4720 σιν
2272 4667 2406 4737 (39),
2465 4665 2538 4726 ὡς
2591 4659 2931 4734 σαϐϐατίζειν
3012 4664 3108 4738 μὶν
3162 4665 3298 4739 πρὸς
3346 4669 3519 4720 πᾶσαν
3578 4664 3803 4740 κακίαν,

2138 4761 2446 4837 ἐκλέγεσθαι
2508 4759 2566 4816 δὲ
2625 4761 2657 4816 ἃ
2707 4760 2852 4826 θέλει
2879 4762 3156 4839 ὸΚύριος,
3199 4763 3291 4819 καὶ
3346 4762 3668 4839 ἀντέχεσθαι
3695 4765 3802 4834 τῆς

2139 4849 2404 4923 διαθήκης
2437 4857 2544 4907 τῶν
2578 4850 2809 4906 ἐντολῶν
2854 4852 3044 4924 αὐτοῦ,
3101 4851 3200 4908 οὐκ
3229 4855 3340 4927 (40)
3381 4849 3569 4928 ἄγονοι
3597 4854 3804 4930 ἀρετῆς

2136 4941 2272 4996 κατὰ
2322 4943 2505 5015 ψυχὴν
2562 4939 2891 5015 εὐρεθέντες,
2945 4941 3113 4996 τόπον
3162 4939 3368 5012 ἕξουσιν
3413 4939 3467 4996 ἐν
3523 4945 3608 5014 τῷ
3662 4938 3802 5017 οἴκῳ

2135 5035 2233 5085 τοῦ
2292 5031 2490 5106 Κυρίου
2545 5029 2829 5106 κρείττονα
2889 5030 3019 5085 υἱῶν
3077 5030 3169 5085 καὶ
3227 5029 3563 5107 θυγατέρων
3615 5029 3800 5088 οὐκέτι

2143 5122 2236 5194 μὲν
2288 5121 2362 5184 ὡς
2404 5119 2562 5190 ξύλον
2620 5121 2810 5194 ζηρὸν,
2872 5117 2962 5176 διά
3006 5120 3107 5189 τήν
3133 5119 3270 5176 κατά
3291 5121 3464 5194 σάρκα
3519 5117 3802 5192 ἀπαιδίαν,

2141 5210 2454 5283 ὁρώμενοι,
2513 5209 2589 5272 ὡς
2649 5205 2706 5264 δὲ
2763 5206 2968 5279 εὐθαλῆ
3040 5209 3179 5288 φυτά
3234 5207 3473 5275 πολλοῖς
3523 5213 3649 5274 τοῖς
3701 5215 3805 5280 τῆς

2141 5408 2391 5465 aliorum
2425 5409 2738 5482 scriptura,
2772 5407 2859 5464 ἐὰν
2888 5412 2988 5481 τῷ.

2215 5483 2324 5570 (3ἱξ)
2383 5479 2812 5555 Εὐνουχίσωσιν.
2869 5479 3140 5555 Quinque
3192 5499 3336 5541 mss.
3396 5483 3656 5557 codices,
3703 5479 3802 5539 εύ-

2140 5572 2234 5606 νου
2287 5573 2504 5610 ισουσιν.

2140 5696 2153 5701 _
2209 5572 2323 5694 (ἕο)
2353 5625 2487 5701 Οὐκ.
2538 5625 2728 5701 Editio
2767 5625 3118 5701 Parisiensis
3164 5625 3496 5700 praemittit,
3525 5622 3642 5701 καί,
3687 5625 3797 5688 sed

2138 5696 2258 5755 haec
2289 5697 2625 5769 conjunctio
2656 5699 2823 5756 deest
2849 5697 2912 5756 in
2942 5696 3252 5759 Veneta'et
3277 5715 3428 5759 mss.
