4112 6224
226 407 352 468 793

1456 411 1688 475 IIBER
1728 412 1830 474 DE
1873 412 2415 478 VIRGINITATE.

3535 418 3653 478 794

226 533 580 607 δικαιοσύνης
609 540 840 612 καρποῖς
887 538 1229 614 πανταχόθεν
1275 539 1668 614 κοσμούμενοι.
1703 547 1875 620 Hecu-

1997 543 2357 616 relinquens,
2382 559 2498 615 quo
2518 542 2681 616 digni
2707 543 2827 600 sint
2858 543 3093 616 praemio
3117 543 3218 615 qui
3248 548 3522 602 naturam
3552 565 3652 605 su-

225 623 484 696 τευμένοι
543 626 668 700 γὰρ,
707 626 894 703 φησὶν,
953 625 1006 681 ἐν
1051 632 1132 700 τῶ
1189 625 1322 702 ο’ίκῳ
1381 629 1584 705 Κυρίου
1643 630 1882 709 όφθήσον

1994 633 2347 705 peraverint,
2361 631 2619 706 mysticae
2637 633 3009 689 castrationis
3031 632 3296 705 exemplo
3313 634 3650 692 declaravit.

224 735 341 782 ται,
373 712 426 768 ἐν
459 720 580 778 ταῖς
608 713 803 778 αύλαῖς
841 719 938 770 τοῦ
992 721 1126 772 Θεοῦ
1169 719 1332 790 ἡμῶν
1383 717 1784 791 ἐξανθνςσουσιν.
1814 721 2050 779 Οὐκοῦν.
2083 720 2248 776 πάλιν
2295 714 2436 796 Ἐρῶ,
2471 721 2569 776 οὐκ
2619 719 2980 794 ἐνομοθέτησε
3037 721 3347 798 παρθενίαν,
3383 720 3528 778 ἀλλά
3583 727 3652 797 τῇ

229 803 448 877 ἱξουσίᾳ
477 807 655 884 ἀφεὶς,
679 808 825 870 τίνος
855 807 993 880 ἄξιοί
1023 809 1154 864 εἰσιν
1189 811 1241 864 οἱ
1272 811 1782 884 ὑπερακοντίσαντες
1809 815 1911 882 τήν
1943 813 2122 890 φύσιν,
2150 817 2230 884 τῷ
2258 812 2447 887 τρόπῳ
2474 819 2574 882 τῆς
2607 820 2872 886 μυστικῆς
2903 812 3187 887 εύνουχίας
3219 811 3512 885 ὑπέδειξεν.

302 899 393 953 61.
427 897 496 954 Οἱ
554 894 612 952 δὲ
665 901 743 971 μή
799 901 1087 969 νοήσαντες
1141 901 1226 971 τὸ,
1282 901 1380 956 Καὶ
1438 901 1570 956 εἰσιν
1626 901 1878 978 εὐνοῦχοι

230 982 432 1048 οἹτινες
515 985 739 1048 ἑαυτοὺς
838 987 1155 1064 εὐνούχισαν
1241 987 1332 1044 διὰ
1413 993 1513 1060 τὴν
1601 990 1876 1066 βασιλείαν

226 1079 340 1128 τῶν
402 1074 668 1150 οὐρανῶν,
709 1075 933 1138 ἑαυτοὺς
982 1073 1198 1140 ἀτόπως
1249 1078 1693 1154 ἠκρωτηρίασαν,
1745 1080 1892 1154 αύτῷ

226 1167 310 1235 τῷ
335 1161 480 1239 ἔργῳ
513 1163 806 1220 ἀκολασίαν
857 1166 1058 1221 ἑαυτῶν
1119 1168 1382 1243 μακρόθεν
1433 1175 1889 1246 κατηγοροῦντες.

229 1253 300 1311 Ol
329 1253 432 1328 γὰρ
461 1254 524 1308 τὸ
555 1253 728 1310 ὅπλον
756 1259 855 1310 τοῦ
887 1261 1146 1330 σαρκικοῦ
1203 1256 1404 1333 ἔρωτος
1451 1256 1546 1314 ’ίνα
1589 1261 1664 1332 μή
1715 1260 1887 1335 παρὸν

227 1341 421 1418 ἐνεργῇ
467 1343 885 1420 ἀπορρίψαντες,
943 1343 1110 1416 δῆλοί
1159 1347 1316 1419 εἰσιν,
1361 1346 1444 1403 ὅτι
1509 1348 1723 1424 ὁρμῶσι
1793 1350 1886 1421 μὲν

225 1433 369 1506 πρὸς
399 1433 499 1502 τὴν
536 1431 704 1506 μίξιν,
736 1433 1134 1512 ἀφοπλίσαντες
1186 1433 1245 1492 δὲ
1292 1436 1537 1507 ἑαυτοὺς,
1570 1438 1634 1492 οὐ
1681 1442 1760 1510 τῷ
1809 1439 1886 1510 μή

230 1520 553 1597 βούλεσθαι,
599 1521 746 1578 ἀλλά
791 1528 871 1596 τῷ
926 1527 1002 1598 μή
1047 1523 1302 1581 δύνασθαι
1335 1523 1401 1596 δὴ
1450 1527 1888 1604 παρθενεύουσιν.

223 1612 287 1665 '0
337 1609 398 1666 δὲ
446 1613 588 1674 θεῖος
629 1613 802 1686 νόμος
841 1612 902 1668 ού
951 1616 1051 1684 τὴν
1092 1615 1310 1690 πρᾶξιν,
1343 1613 1490 1672 ἀλλά
1530 1619 1629 1687 τήν
1685 1615 1886 1672 ἔννοιαν

225 1700 423 1774 κρίνειο
455 1699 539 1754 ὅτι
589 1705 716 1769 πᾶς,
770 1700 877 1778 οὐχ
933 1703 962 1757 ὁ
1023 1704 1323 1778 μοιχεύσας
1371 1709 1450 1776 τῷ
1509 1701 1670 1780 ἔργῳ,
1703 1705 1830 1762 ἀλλ’
1859 1708 1887 1760 6

231 1787 370 1844 ἰδὼν
420 1789 558 1864 πρὸς
616 1795 678 1845 τὸ
737 1789 1095 1865 ἐπιθυμῆσαι,
1149 1790 1258 1864 ἤδη
1321 1792 1662 1870 ἐμοίχευσεν.
1718 1796 1782 1852 ἸΙ
1832 1793 1890 1850 δὲ

229 1879 492 1947 ἀποκοπή
551 1883 659 1934 τῶν
715 1880 922 1955 μορίων
981 1881 1212 1936 πλείονα
1265 1887 1367 1948 τῆς
1417 1883 1468 1938 ἰν
1505 1887 1585 1956 τῷ
1616 1883 1888 1962 ὀφθαλμῷ

229 1966 528 2040 ἕπιθυμίας
574 1969 674 2037 τήν
730 1969 981 2044 μοιχείαν
1022 1975 1118 2024 τοῦ
1166 1971 1608 2045 ἀποτεμνομένου
1651 1994 1886 2050 κατηγο-

2015 926 2018 928 ν
2059 905 2150 958 61.
2183 904 2289 968 Qui
2323 910 2520 960 autem
2569 921 2686 960 non
2737 903 3151 960 intellexerunt
3184 904 3325 959 illud
3365 922 3377 961 :
3414 909 3488 962 Et
3523 921 3654 972 sunt

1997 991 2236 1047 eunuchi
2263 995 2362 1065 qui
2389 996 2594 1066 seipsos
2622 996 3000 1049 castravarunt
3025 1001 3256 1064 propter
3282 1011 3525 1068 regnum
3551 1011 3659 1050 cae-

1999 1081 2180 1136 lorum
2195 1083 2259 1152 ³⁷,
2279 1083 2906 1155 semetipsosabsurde
2928 1082 3380 1150 mutilaverunt,
3399 1084 3508 1140 hoc
3529 1085 3658 1157 ipso

1999 1169 2254 1227 facinore
2303 1171 2599 1228 lasciviam
2631 1189 2800 1228 suam
2831 1171 3065 1227 eminus
3115 1172 3476 1229 incusantes.
3509 1173 3656 1230 Nam

1998 1259 2101 1330 qui
2148 1259 2605 1316 instrumentum
2639 1261 2858 1316 amoris
2890 1259 3144 1316 carnalis
3198 1261 3534 1332 projiciunt,
3561 1278 3654 1327 ne,

1999 1348 2048 1403 si
2090 1349 2264 1417 adsit,
2296 1355 2591 1421 operetur,
2624 1366 2722 1406 eos
2771 1350 3150 1406 manifestum
3198 1356 3288 1406 est
3335 1351 3656 1423 cupiditate

1999 1437 2237 1510 quidem
2269 1439 2340 1494 ad
2385 1439 2765 1494 concubitum
2796 1439 2955 1508 ferri,
2987 1439 3264 1494 detractis
3313 1447 3510 1495 autem
3542 1439 3655 1495 sibi

1999 1527 2204 1595 armis,
2250 1544 2367 1582 non
2415 1529 2571 1598 quod
2624 1528 2836 1595 nolint,
2881 1527 2982 1583 sed
3033 1528 3188 1598 quod
3239 1546 3357 1584 non
3404 1529 3656 1600 possint,

1997 1616 2395 1688 virginitatem
2421 1617 2628 1673 colere.
2654 1616 2853 1672 Divina
2872 1621 3068 1671 autem
3090 1616 3182 1670 lex
3205 1634 3319 1672 non
3343 1617 3656 1686 actionem,

1999 1707 2100 1762 sed
2133 1705 2545 1778 cogitationem
2571 1706 2832 1777 judicat;
2867 1705 3006 1776 quia
3036 1705 3309 1776 quisquis
3350 1722 3465 1760 non
3504 1705 3656 1760 facto

1999 1794 2316 1850 mcecbatus
2356 1799 2465 1862 est,
2501 1797 2602 1850 sed
2632 1795 2778 1850 vidit
2820 1795 2892 1850 ad
2939 1794 3499 1866 concupiscendum,
3525 1794 3654 1865 jam

1997 1882 2326 1939 moechatus
2383 1885 2554 1940 est”.
2588 1883 2984 1940 Membrorum
3046 1887 3244 1938 autem
3303 1881 3653 1955 genitalium

1996 1973 2270 2038 exsectio,
2293 1972 2578 2044 gravioris
2604 1971 2903 2037 adulterii,
2924 1987 3100 2043 quam
3135 1972 3289 2043 quod
3324 1989 3426 2043 per
3455 1972 3648 2028 oculo-

228 2062 340 2132 ρεῖ.
387 2059 512 2115 Ὀτι
563 2057 805 2113 ἀπιστῶν
855 2059 1050 2132 ἑαυτῷ,
1101 2059 1146 2114 εἷ
1189 2067 1290 2130 τῆς
1345 2059 1636 2124 ἀκολασίας
1686 2065 1882 2137 κρατή-

1997 2078 2129 2116 rum
2160 2062 2703 2134 concupiscentiam
2735 2061 3088 2131 admittitur,
3103 2065 3403 2117 exsectum
3436 2062 3652 2134 arguit.

225 2167 334 2214 σει,
393 2145 629 2218 ἀπέτεμε
681 2151 843 2202 τοῦτο
904 2147 950 2220 ᾧ
1005 2149 1104 2217 τήν
1171 2155 1271 2219 τῆς
1348 2151 1635 2224 ἐπιθυμίας
1693 2155 1883 2226 πρᾶξιν

224 2234 532 2311 ἐργάσεται.
567 2234 800 2292 Μᾶλλον
834 2233 892 2292 δὲ
938 2238 1317 2311 πεπεισμένος,
1351 2239 1434 2294 ὅτι
1476 2240 1742 2314 παρόντος
1773 2243 1884 2314 (41)

223 2324 482 2399 ἀκρατῶς
511 2323 812 2401 ἐνεργήσει,
843 2325 1129 2404 ἀφώπλισε
1162 2328 1256 2400 μὶν
1303 2327 1372 2402 τῇ
1411 2328 1559 2403 τομῇ
1604 2336 1707 2400 τῆς
1755 2330 1882 2384 ἀκο-

225 2411 424 2476 λασίας
472 2415 534 2468 τὸ
587 2409 837 2490 ὄργανον,
879 2414 970 2470 ’ίνα
1024 2417 1100 2490 μή
1162 2413 1298 2483 δοκῇ
1344 2417 1748 2474 ἀκολασταίνειν
1795 2417 1885 2474 διά

220 2507 324 2556 τοῦ
383 2503 662 2576 σώματος,
713 2503 1096 2560 ἀκολασταίνει
1156 2504 1214 2561 δὲ
1271 2506 1424 2580 ὅμως
1481 2511 1549 2581 τῇ
1599 2506 1878 2581 ἐπιθυμίᾳ,

221 2591 315 2647 καὶ
350 2592 602 2667 ἀκρατῶς
633 2597 805 2648 πᾶσαν
855 2594 1127 2670 μοιχεύει.
1162 2600 1269 2666 Βοᾷ
1314 2596 1414 2672 γάρ
1465 2597 1556 2652 καὶ
1605 2599 1741 2652 οιατά
1779 2604 1883 2666 τῆς

217 2678 488 2755 ἀκρασίας
537 2681 706 2736 αὐτοῦ
788 2681 1069 2758 πόρρωθεν
1117 2684 1181 2738 τὸ
1234 2683 1562 2761 ἐγχείρημα.
1605 2686 1699 2741 Διὸ
1750 2686 1884 2759 μετά

220 2769 328 2838 τήν
359 2771 543 2841 τομήν
576 2768 1041 2847 ἀκολαστοτέρους
1070 2770 1130 2826 ἄν
1163 2793 1248 2836 τις
1294 2771 1440 2828 εἴποι
1472 2774 1708 2848 γίνεσθαι
1755 2775 1882 2830 τού-

217 2877 376 2919 τους.
407 2858 488 2915 Ού
522 2855 809 2933 δυνάμενοι
855 2861 958 2937 γάρ
1002 2867 1217 2936 κρατεῖν
1266 2863 1490 2930 ἑαυτῶν,
1524 2863 1636 2919 εἶτα
1687 2859 1882 2940 φοϐού-

224 2967 388 3018 μενοι
442 2949 762 3024 φωραθῆναι
817 2948 906 3004 ἐπὶ
961 2954 1043 3022 τῷ
1099 2949 1266 3026 ἔργῳ,
1288 2949 1376 3006 ⁹ίνα
1427 2950 1518 3026 ἐξῇ
1568 2952 1752 3017 αὐτοῖς
1808 2954 1882 3016 ὡς

224 3033 528 3110 βούλονται
575 3041 643 3110 τῇ
689 3035 954 3112 ἐπιθυμίᾳ
999 3047 1324 3115 κεχρῆσθαι,
1356 3038 1544 3098 δοῦλοι
1597 3039 1743 3104 ὄντες
1781 3048 1882 3113 τῆς

220 3121 464 3195 ἡδονῆς,
517 3125 578 3180 ού
629 3125 878 3190 θέλοντες
948 3125 1006 3184 δὲ
1045 3126 1283 3202 κώλυμα
1335 3136 1437 3200 τῆς
1485 3130 1562 3193 εἷς
1611 3131 1734 3202 ἑξῆς
1789 3133 1880 3187 καὶ

221 3213 308 3268 ἀεὶ
344 3210 707 3278 ἀπολαύσεως
738 3216 922 3279 αὐτοῖς
948 3217 1012 3273 τὸ
1061 3216 1407 3292 ἀποτέλεσμα
1450 3223 1546 3274 τοῦ
1596 3218 1752 3296 ἔργνυ
1796 3241 1882 3296 γε·

220 3303 438 3372 νέσθαι,
472 3303 847 3378 ἀποκύψαντες
873 3306 967 3360 τὸν
1001 3303 1232 3382 ἔλεγχον
1264 3314 1363 3377 τῆς
1412 3306 1700 3384 ἐνεργείας,
1734 3307 1882 3365 ἐλευ-
1918 3310 1943 3323 ’⁸

218 3393 572 3466 θεριάζουσιν
614 3394 860 3466 ἀκρατῶς
890 3396 1026 3470 πρὸς
1069 3396 1165 3458 τὰς
1215 3395 1412 3468 μίξεις.
1445 3403 1507 3451 Εἰ
1557 3394 1614 3452 δὲ
1661 3398 1689 3452 6
1729 3397 1880 3476 ξίφος

227 3452 240 3454 _
284 3452 295 3466 _
399 3452 417 3461 ,
683 3452 692 3466 ,
847 3452 857 3456 -
933 3452 943 3470 ,
1014 3452 1024 3457 -
1151 3452 1162 3458 -
1215 3452 1226 3468 ,
1288 3452 1308 3466 ,
1378 3452 1390 3459 .
1731 3452 1753 3468 ,

218 3479 539 3556 ἐπενεγκὼν
605 3486 1061 3560 τεθωρακισμένῳ
1132 3485 1262 3558 τινὶ,
1315 3485 1410 3540 κᾶν
1459 3487 1488 3541 6
1536 3487 1711 3560 θώραξ
1767 3457 1878 3543 δίω-
1909 3452 1952 3520 C

220 3569 369 3644 λύσῃ
398 3573 502 3640 τήν
534 3591 591 3626 τε
625 3571 850 3647 πληγὴν
883 3573 972 3628 καὶ
1017 3574 1112 3629 τὸν
1156 3573 1314 3652 φόνον
1355 3575 1617 3650 γενέσθαι,
1651 3575 1726 3641 ώς
1771 3598 1879 3655 φο-

219 3661 348 3721 νεὺς
404 3659 560 3732 ὅμως
618 3661 717 3731 τήν
776 3659 932 3733 δίκην
981 3663 1303 3741 ὑφίσταταιο
1353 3663 1444 3718 καὶ
1499 3665 1526 3719 ὁ
1577 3670 1771 3740 γυμνῷ
1821 3663 1879 3720 δὲ

217 3749 537 3825 ἐπενεγκεῖν
595 3747 769 3814 θέλων
812 3752 876 3806 τὸ
915 3750 1088 3829 ξίφος,
1137 3752 1252 3808 εἶτα
1309 3749 1397 3808 ’διά
1459 3754 1768 3830 περίστασιν
1814 3756 1876 3810 τὸ

216 3838 380 3916 ξίφος
428 3845 534 3908 τῆς
583 3839 771 3915 χειρὸς
825 3835 1096 3912 ἐκϐαλὼν,
1146 3841 1220 3904 ὡς
1257 3841 1449 3920 φονεὺς
1496 3842 1631 3898 κατά
1674 3843 1737 3898 τό
1801 3841 1879 3898 δί-

214 3929 379 3984 καίον
429 3927 694 4001 κρίνεται,
726 3927 808 3984 ὅτι
851 3930 916 3984 οὐ
963 3929 1027 3985 τὸ
1075 3928 1229 4006 ἔργον
1281 3930 1427 3987 ἀλλά
1471 3933 1571 4001 τήν
1615 3931 1878 4008 βούλήσιν

215 4018 395 4094 κρίνει
429 4017 460 4072 ὁ
490 4017 681 4090 νόμος·
713 4019 802 4073 καὶ
854 4020 882 4073 6
921 4018 1271 4092 ὡπλισμένος
1309 4018 1412 4095 ἄρα
1461 4025 1540 4093 τῷ
1568 4018 1877 4096 παιδογόνῳ

220 4107 432 4182 μορίῳ,
469 4105 565 4160 κᾶν
601 4107 677 4178 μὴ
711 4105 916 4182 δυνηθῇ
949 4111 1059 4181 (42)
1099 4107 1426 4186 ἐγχειρήσας
1472 4112 1571 4180 τήν
1601 4114 1670 4185 τῇ
1701 4111 1876 4167 πίστει

215 4193 706 4271 τεθωρακισμένην
767 4197 840 4259 ὡς
897 4195 1150 4272 βούλεται
1215 4202 1452 4276 φθεῖραι,
1510 4199 1586 4263 ὡς
1658 4199 1876 4278 φθείρας

216 4282 514 4345 κολάσεως
572 4280 760 4356 ἄξιος·
806 4282 990 4358 ὥσπερ
1049 4284 1140 4340 οὖν
1199 4287 1286 4341 καὶ
1358 4287 1386 4340 ὁ
1450 4289 1660 4363 γυμνὴν
1710 4288 1880 4363 εὑρὼν

217 4373 363 4448 πρὸς
391 4373 620 4450 φθορὰν,
655 4373 764 4428 εἶτα
793 4373 1042 4448 ὁρμήσας
1097 4375 1193 4448 μὲν
1225 4375 1362 4451 πρὸς
1389 4376 1452 4431 τὸ
1502 4371 1686 4453 ἔργον,
1718 4373 1880 4433 ἐκϐα-

218 4461 336 4519 λὼν
373 4459 433 4517 δὶ
463 4465 533 4535 τῇ
563 4465 710 4536 τομῇ
739 4463 803 4518 τὸ
843 4460 1041 4532 ὅπλον,
1071 4465 1162 4519 καὶ
1198 4466 1274 4538 μή
1305 4466 1606 4540 γενομένης
1636 4469 1752 4542 (43)
1780 4471 1880 4533 τῆς

218 4553 461 4629 ιρθορᾶς,
494 4549 570 4613 ὡς
613 4551 712 4620 τήν
759 4551 960 4630 φθορὰν
997 4549 1362 4630 ἐργασάμενος
1403 4554 1540 4610 κατά
1581 4556 1642 4610 τὸ
1675 4553 1878 4612 δίκαιον

217 4641 495 4716 κρίνεται.
529 4640 617 4696 Ἐν
649 4641 696 4712 ᾧ
727 4637 924 4697 λοιπὸν
952 4641 1172 4714 κάκείνη
1204 4643 1384 4717 τούτῳ
1427 4642 1514 4700 ἐπὶ
1563 4648 1631 4720 τῇ
1677 4643 1884 4700 ἀκολαι-

215 4729 308 4802 σίᾳ
361 4729 470 4785 ούκ
517 4728 736 4805 ἀλόγως
781 4733 1340 4808 συγκατηγορουμὲνη
1385 4734 1710 4809 εὑρίσκεται.
1761 4739 1884 4798 Πῶς

1993 2149 2138 2206 Nam
2172 2151 2402 2223 sibiipsi
2422 2151 2722 2220 difﬁdens,
2749 2167 2822 2206 an
2856 2151 3044 2221 possit
3073 2150 3372 2206 lasciviam
3396 2150 3649 2218 vincere,

1992 2238 2050 2294 id
2074 2239 2476 2312 abscidit,quo
2498 2239 2878 2312 cupiditatem
2903 2239 2974 2295 ad
2999 2243 3196 2294 actum
3221 2242 3378 2294 esset
3399 2239 3653 2309 perduc-

1992 2331 2184 2385 turus.
2217 2329 2316 2385 Vel
2374 2329 2569 2401 potius
2617 2346 2752 2385 cum
2805 2345 3152 2400 persuasum
3206 2327 3448 2383 haberet
3479 2343 3542 2382 se
3581 2343 3648 2382 eo

1989 2424 2276 2490 praesente
2306 2418 2601 2490 impudice
2631 2417 2853 2488 aliquid
2877 2417 3191 2482 facturum,
3214 2415 3460 2472 sustulit
3483 2431 3646 2472 exse-

1991 2507 2182 2564 ctione
2203 2509 2664 2564 instrumentum
2698 2505 2966 2573 lasciviae,
2989 2521 3060 2561 ne
3077 2505 3374 2560 videretur
3394 2519 3496 2576 per
3515 2521 3642 2560 cor-

1990 2614 2104 2668 pus
2142 2597 2427 2664 lascivire,
2451 2597 2550 2652 sed
2600 2600 2796 2652 tamen
2845 2594 3178 2651 luxuriatur
3205 2593 3529 2666 cupiditate
3574 2609 3642 2650 ac

1990 2685 2344 2758 impotenter
2390 2701 2523 2740 cum
2565 2683 2827 2757 qualibet
2875 2683 3218 2740 mmchatur.
3249 2683 3396 2738 Nam
3441 2682 3638 2754 ipsum

1992 2775 2220 2832 facinus
2249 2774 2484 2831 eminus
2513 2773 2728 2830 clamat
2775 2773 3056 2829 adversus
3087 2774 3212 2843 ejus
3239 2771 3639 2842 intemperan-

1989 2862 2153 2920 tiam.
2205 2865 2393 2929 Quare
2443 2867 2576 2935 post
2622 2861 3069 2929 abscissionem,
3118 2858 3641 2915 incontinentiores

1989 2951 2122 3008 illos
2157 2953 2363 3008 merito
2385 2951 2519 3024 quis
2541 2951 2772 3007 dixerit.
2789 2951 2935 3007 Nam
2956 2965 3086 3004 cum
3114 2966 3176 3004 se
3197 2947 3498 3003 continere
3524 2963 3637 3002 non

1989 3041 2240 3114 possint,
2261 3057 2328 3096 ac
2351 3045 2626 3113 praeterea
2649 3042 2924 3094 metuant'
2942 3054 3013 3094 ne
3042 3036 3557 3109 deprehendantur
3578 3033 3638 3089 in

1989 3130 2234 3202 ﬂagitio,
2255 3133 2319 3186 ut
2347 3128 2642 3186 licentiam
2674 3127 2926 3183 habeant
2953 3125 3196 3182 libidine
3220 3126 3292 3182 ad
3324 3125 3636 3181 arbitrium

1989 3219 2224 3286 utendi;
2257 3220 2409 3275 servi
2441 3217 2675 3290 quidem
2706 3215 3042 3288 voluptatis,
3072 3215 3175 3271 sed
3216 3213 3480 3270 nolentes
3512 3229 3637 3285 per-

1990 3307 2298 3364 fectionem
2331 3307 2525 3380 operis
2572 3305 3062 3377 impedimentum
3093 3303 3208 3360 sibi
3249 3319 3380 3360 esse
3428 3304 3641 3359 futuras

1991 3397 2268 3470 deinceps
2293 3414 2362 3453 ac
2404 3401 2696 3469 perpetua:
2726 3393 3067 3466 voluptatis,
3085 3394 3349 3449 abscisso
3395 3392 3642 3449 actionis

1993 3484 2621 3559 argumento,licenter
2644 3483 2952 3538 insaniunt
2983 3483 3054 3537 ad
3085 3482 3454 3538 concubitus.
3478 3481 3640 3547 Quod

1989 3576 2038 3630 si
2092 3576 2193 3648 qui
2253 3574 2448 3646 gladio
2507 3572 2652 3646 petit
2706 3570 2965 3644 aliquem
3022 3571 3260 3627 thorace
3317 3571 3639 3634 munitum,

1987 3664 2219 3720 etiamsi
2249 3663 2457 3719 thorax
2494 3661 2776 3732 impediat
2821 3661 3001 3716 ictum
3035 3676 3101 3715 ac
3130 3660 3368 3729 caedem,
3400 3657 3639 3716 homici-

1985 3755 2072 3809 (ιω
2102 3758 2300 3810 tamen
2348 3752 2570 3808 crimen
2602 3749 2856 3806 sustinet
2887 3767 2900 3806 :
2933 3754 2991 3805 et
3019 3749 3117 3820 qui
3170 3749 3328 3804 nudo
3379 3747 3639 3819 gladium

1983 3842 2109 3898 vult
2139 3841 2398 3912 infigere,
2422 3839 2633 3895 deinde
2663 3854 2801 3894 casu
2832 3837 3092 3910 gladium
3127 3853 3156 3893 θ
3189 3853 3370 3892 manu
3401 3836 3640 3902 excutit,

1986 3935 2052 3987 ut
2084 3929 2378 3986 homicida
2419 3927 2628 3984 merito
2670 3926 2997 3998 judicatur,
3018 3925 3156 3997 quia
3189 3941 3304 3980 non
3338 3940 3508 3996 opus,
3539 3923 3640 3978 sed

1983 4020 2344 4077 voluntatem
2376 4017 2468 4074 lex
2487 4017 2755 4088 judicat:
2788 4015 2872 4072 sic
2901 4013 3078 4070 etiam
3115 4013 3396 4085 profecto,
3419 4012 3520 4083 qui
3551 4027 3644 4066 ar-

1985 4113 2180 4165 matus
2210 4105 2450 4180 genitali
2480 4104 2764 4174 membro,
2783 4103 3010 4160 etiamsi
3037 4103 3282 4158 adortus
3303 4101 3439 4156 fidei
3465 4099 3644 4156 lorica

1985 4203 2688 4269 armatam,corrumpere
2719 4193 2881 4249 illam
2915 4193 2986 4249 ad
3015 4191 3326 4248 arbitrium
3359 4206 3474 4246 non
3506 4205 3642 4261 pos-

1988 4289 2090 4357 sit,
2113 4293 2178 4344 ut
2206 4290 2512 4358 corruptor
2549 4285 2756 4342 merito
2789 4283 3060 4355 punitur;
3095 4287 3153 4336 ct
3182 4279 3282 4352 qui
3315 4280 3536 4334 nudam
3567 4278 3639 4335 ad

1989 4382 2259 4450 stuprum
2282 4375 2522 4442 invenit,
2544 4391 2610 4430 ac
2638 4373 2849 4430 deinde
2871 4373 2944 4428 ad
2975 4387 3124 4443 opus
3155 4368 3518 4442 aggreditur,
3537 4366 3640 4423 sed

1991 4483 2156 4523 arma
2183 4464 2514 4522 abcissione
2545 4463 2777 4534 abjecit,
2799 4462 2974 4518 etiam
3002 4465 3206 4531 stupro
3238 4475 3356 4514 non
3387 4460 3644 4529 peracto,

1990 4555 2181 4628 stupri
2214 4559 2418 4610 auctor
2442 4552 2650 4610 merito
2672 4551 2998 4622 judicatur.
3027 4549 3310 4605 Ceterum
3341 4547 3469 4619 ipsa
3497 4560 3644 4616 quo-

1992 4661 2105 4717 que
2127 4645 2230 4700 hac
2257 4643 2318 4699 in
2341 4659 2402 4699 re
2424 4643 2647 4698 crimen
2676 4638 3062 4711 impudicitiae
3085 4653 3221 4694 cum
3243 4635 3346 4692 illo
3366 4633 3642 4692 sustinet.

1992 4733 2293 4800 Quomodo
2333 4730 2492 4787 enim
2523 4729 2575 4786 ei
2605 4729 2908 4786 credemus
2938 4729 3087 4785 615
3146 4724 3446 4798 repulsam
3477 4723 3552 4778 ab
3580 4738 3649 4778 ea

216 4822 326 4897 γὰρ
358 4818 730 4892 πιστεύσομεν
764 4820 926 4894 αὐτῇ,
960 4820 1043 4876 ὅτι
1075 4823 1330 4877 ἀπώσατο
1362 4822 1420 4878 ἂν
1461 4825 1562 4894 τήν
1607 4831 1708 4894 τῆς
1756 4825 1882 4902 φθο-

1993 4822 2177 4878 fuisse
2206 4820 2396 4892 stupri
2427 4819 2684 4891 plagam,
2703 4835 2877 4888 quam
2910 4817 3086 4873 infert
3114 4815 3482 4887 impudicus,
3511 4828 3645 4902 cum

215 4915 316 4984 ρᾶς
367 4908 522 4981 παρὰ
564 4912 662 4963 τοῦ
712 4909 1018 4965 ἀκολάστου
1067 4909 1472 4990 ἐπιφερομένην
1524 4911 1767 4988 πληγὴν,
1804 4915 1880 4988 μή

1993 4927 2159 4968 arma
2185 4926 2300 4966 non
2330 4908 2567 4965 adsint?
2596 4907 2704 4963 Ubi
2753 4906 2910 4962 enim
2962 4905 3243 4960 adversus
3290 4919 3447 4968 eum,
3482 4900 3584 4973 qui
3616 4916 3651 4955 a

215 4996 505 5073 παρόντος
551 4999 649 5052 τοῦ
694 4995 910 5068 ὅπλου;
964 5000 1131 5054 Ἔνθα
1183 5000 1280 5073 μὲν
1347 5000 1450 5075 γὰρ
1499 5002 1638 5078 πρὸς
1677 5001 1770 5056 τὸν
1823 5001 1882 5058 ἐκ

1992 5006 2206 5058 natura
2233 5003 2499 5055 armatus
2518 5001 2630 5065 est,
2653 4995 2882 5052 fortiter
2910 5011 3014 5066 pro
3047 4993 3384 5065 integritate
3402 4989 3645 5047 dimica-

217 5086 440 5164 φύσεως
499 5084 849 5159 ὡπλισμένον
919 5087 1050 5163 ὑπὲρ
1111 5095 1214 5158 τῆς
1279 5089 1542 5168 ἀφθορίας
1609 5096 1882 5168 καρτερῶς

1992 5095 2109 5160 tur,
2133 5088 2510 5146 manifestum
2539 5091 2630 5142 est
2662 5083 2951 5142 castitatis
2977 5088 3291 5139 certamen.
3309 5080 3421 5148 Ubi
3451 5085 3647 5168 antem

220 5175 620 5249 ἀπομάχεται,
665 5175 892 5252 φανερὰν
965 5176 1030 5232 τὸ
1109 5176 1273 5233 ἆθλον
1327 5165 1440 5250 *τῆς
1499 5165 1876 5258 σωφροσύνης.

2013 5177 2234 5236 nermis
2261 5178 2348 5233 vir
2377 5181 2571 5246 est,ac
2605 5174 2945 5230 indifferens
2975 5189 3111 5228 cum
3151 5188 3216 5227 eo
3261 5169 3534 5227 omnibus
3563 5165 3651 5221 vel

214 5265 395 5328 Ἐνθα
450 5262 512 5317 δὶ
561 5265 677 5337 (44)
733 5262 941 5330 ἄοπλος
991 5265 1086 5338 μὶν
1139 5267 1166 5322 ὁ
1218 5268 1378 5344 ἀνὴρ,
1410 5257 1706 5348 ἀδιάφορος
1735 5266 1793 5325 δὲ
1840 5271 1876 5340 ἡ

1992 5269 2187 5343 potius
2217 5284 2287 5325 ex
2315 5281 2513 5324 amore
2546 5263 2861 5337 voluptatis
2901 5266 3195 5335 proﬂuens
3240 5257 3600 5315 consuetudo
3631 5271 3648 5325 ;

291 5365 340 5400 ³⁸
373 5361 590 5421 Matth.
621 5380 741 5434 xIx,
772 5365 858 5421 12.
933 5364 980 5402 ⁸⁸
1009 5365 1219 5423 Matth.
1249 5385 1307 5440 v,
1337 5369 1430 5425 28.

287 5463 413 5541 (41)
458 5459 754 5541 ηαρόντος.
801 5463 935 5541 Haec
983 5468 1238 5541 quatuor
1280 5467 1548 5525 codicum
1595 5467 1882 5541 scriptura

2000 5465 2162 5541 editi,
2187 5462 2670 5541 γινομένης-,Βίου
2699 5458 2884 5541 multo
2933 5463 3064 5541 post
3110 5455 3271 5520 editi,
3304 5468 3645 5525 κατηγορου-

221 5531 428 5615 potior
457 5531 692 5615 videtur
717 5537 974 5615 vulgata,
1002 5531 1241 5615 πάντως.
1291 5609 1330 5615 __
1507 5612 1547 5615 _
1571 5610 1609 5615 υ
1647 5611 1658 5615 _
1716 5531 1755 5615 Ἀ

2005 5531 2647 5615 μέγηλιδιιιτξεροάὲοθε
2677 5537 2742 5615 ιιι
2770 5531 2828 5615 is
2859 5535 3038 5615 texta:
3251 5601 3293 5615 _.

227 5591 421 5744 ἐξ)
452 5607 695 5680 Δυνηθῇ.
742 5591 1179 5682 είῖριὸινίρίιά
1202 5591 1456 5670 codices.
1507 5610 1684 5682 Editi,
1731 5607 1882 5680 δυνη-

286 5701 332 5748 ιν
409 5719 539 5756 ξ--.
760 5746 772 5756 .
936 5751 983 5756 κ-
1100 5752 1116 5756 -
1568 5754 1604 5756 __

2005 5591 2467 5697 ’(4’4)ιξὲίὲο1ε
2511 5602 2857 5662 Parisiensis
2903 5601 3100 5667 editio,
3132 5617 3195 5673 γε
3242 5601 3301 5654 et
3345 5591 3641 5672 ἀδιάφορος

1999 5700 2137 5756 προς
2164 5700 2380 5736 τουτον.

299 5750 427 5825 (43)
455 5749 550 5818 Μὴ
580 5746 898 5824 γενομένης.
927 5751 1022 5809 Sic
1059 5752 1262 5825 plures
1293 5769 1440 5813 mss.
1471 5754 1683 5812 melius
1711 5768 1890 5826 quam
