2056 3112
248 209 307 238 795

716 207 916 237 APPENDIX
938 206 1102 237 OPERUM
1125 206 1158 236 S.
1181 206 1323 236 BASILII
1346 205 1479 236 MAGNI.
1882 206 1929 235 796

250 274 362 302 incerta
372 276 401 302 et
416 274 505 302 dubia
520 274 600 301 illius
611 273 739 307 castitas,
749 282 783 301 ac
798 273 925 309 plurima
935 274 1074 301 adversus

1134 272 1200 309 πρὸς
1225 273 1331 305 τοῦτον,
1358 270 1464 308 μᾶλλον
1495 269 1523 297 δὲ
1552 270 1582 297 ἐκ
1603 273 1654 304 τῆς
1675 269 1849 307 προσπαθείας
1873 272 1929 309 πρὸς

249 327 314 346 eam
326 319 466 355 suffragia
474 319 510 346 ab
521 318 658 346 omnibus
668 317 853 353 impudicitia
862 318 976 353 accipit.
984 319 1076 353 Atque

250 363 311 390 hmo
326 363 446 398 quidem
462 364 496 390 de
517 363 552 390 iis
569 362 619 397 qui
645 362 758 398 integra
773 371 832 389 una
859 370 925 389 cum
950 362 1075 389 testibus

250 407 389 443 genitalia
403 409 600 435 resecuerunt.
612 406 678 434 Jam
695 407 744 442 qui
760 407 839 434 solos
855 410 944 434 testes
959 406 1075 434 abscin-

250 452 334 486 dunt,
350 460 418 479 cum
441 460 542 479 eorum
572 451 711 486 genitalia
739 452 872 479 membra
899 451 935 479 ad
964 453 1075 478 statum

249 497 362 524 virilem
378 499 406 523 et
421 496 456 523 ad
472 495 595 523 coeundi
618 495 788 523 facultatem
815 503 980 531 pervenere,
996 495 1076 531 ipsos

250 541 333 569 aiunt
348 540 444 568 acrius
460 548 493 568 ac
509 540 704 576 impotentius
720 541 755 568 ad
772 540 961 568 concubitum
976 539 1076 568 conci-

250 585 317 618 tari,
334 593 385 612 nec
408 584 475 612 illos
490 584 635 612 concitari
652 585 749 620 modo,
765 593 865 612 verum
890 586 979 612 etiam
1003 584 1077 612 citra

250 629 424 665 periculum,
451 632 483 656 ut
512 629 584 664 ipsis
613 629 736 664 videtur,
757 630 857 657 obvias
885 636 1077 665 quascunque

249 681 446 708 corrumpere.
464 673 570 701 Dicunt
594 674 672 701 enim
699 682 794 709 poros,
811 674 930 702 resectis
954 673 1077 701 inferius

248 717 393 746 testiculis
409 718 460 753 qui
476 726 492 746 a
508 718 617 746 lumbis
634 726 666 746 ac
683 719 803 746 renibus
824 718 935 754 reliquo
955 717 1076 754 genitali

249 762 380 790 membro
394 770 494 790 semen
507 762 728 796 administrant,
742 765 808 798 post
822 763 1013 790 resectionem
1025 771 1076 790 su-

249 807 348 843 perius
373 807 509 843 oppilari,
527 807 654 835 fervente
669 815 735 835 vero
754 807 783 834 in
800 808 920 835 renibus
944 807 1076 841 libidine,

249 854 337 887 atque
349 852 389 879 ita
400 860 499 879 semen
512 851 541 878 in
553 852 673 879 modum
683 860 794 887 spumas
805 852 1077 888 exagitante,virum

249 896 284 924 ad
299 895 472 931 ejiciendam
483 895 649 931 genituram
662 896 790 930 incitari,
802 897 1077 932 eumdemque,cum

249 948 349 968 semen
373 939 518 967 ebulliens
534 940 683 967 effundere
711 948 768 967 non
784 943 883 975 queat,
894 948 927 967 eo
943 939 1019 975 quod
1041 939 1076 967 ad

248 984 343 1012 coitus
355 986 452 1011 actum
466 983 522 1011 sibi
536 983 673 1018 servavit,
682 984 802 1012 armari.
814 984 867 1012 Ubi
879 987 977 1012 autem
989 983 1079 1012 semel

248 1028 367 1056 testium
382 1028 588 1056 castrationem
601 1027 767 1056 illecebram
783 1028 819 1056 ad
835 1027 993 1056 fallendum
1009 1037 1077 1055 mu-

247 1073 348 1101 lierem
355 1075 451 1100 astute
460 1073 564 1107 effecit,
572 1072 819 1108 intemperantius
826 1073 851 1100 ei
858 1073 1075 1101 commiscetur.

249 1117 297 1146 Vir
312 1117 431 1153 quidem
447 1117 497 1152 qui
514 1119 627 1144 natura;
641 1119 685 1144 est
700 1117 821 1153 integer,
834 1117 978 1145 testiculis
993 1126 1009 1145 a
1025 1125 1077 1144 su-

249 1170 339 1198 perna
355 1164 436 1197 parte
451 1163 616 1198 genituram
632 1161 855 1197 cxcipieutibus,
871 1161 997 1197 indeque
1012 1169 1076 1189 eam

248 1206 468 1242 spargentibus,
480 1215 548 1233 mox
562 1206 675 1234 semine
690 1206 801 1241 elapso,
810 1206 997 1242 resolutaque
1007 1214 1077 1233 con-

248 1251 441 1286 cupiscentia,
455 1250 675 1286 interquiescit:
689 1251 740 1278 sed
757 1250 806 1286 qui
824 1259 881 1278 non
897 1251 986 1278 habet
1000 1251 1078 1278 unde

248 1295 278 1322 id
308 1295 385 1330 quod
413 1294 524 1329 titillat,
549 1297 679 1328 evacuet,
696 1295 743 1322 vix
771 1295 914 1330 impetum
944 1294 1077 1327 remittit,

249 1339 359 1375 quoad,
375 1342 408 1366 ut
423 1339 530 1372 ferunt,
547 1338 671 1374 hujusce
691 1339 802 1366 rabiem
825 1339 958 1374 fatigatio
974 1339 1077 1367 solvat.

250 1384 349 1419 Neque
364 1383 393 1411 id
405 1383 502 1411 solum
515 1385 626 1410 naturai
642 1383 725 1419 ratio,
738 1384 789 1411 sed
801 1384 889 1411 etiam
901 1384 1080 1420 experientia

252 1429 358 1457 seaculo
374 1431 474 1457 nostro
490 1431 595 1456 testata
610 1432 654 1457 est
668 1437 674 1457 :
687 1429 937 1464 quemadmodum
953 1429 1026 1457 mihi
1038 1429 1080 1457 vir

253 1473 376 1509 quidam
391 1473 577 1508 venerabilis,
594 1475 622 1502 et
646 1473 761 1501 canities
785 1482 818 1502 ac
843 1474 973 1502 moribus
992 1483 1080 1502 senex

248 1519 283 1546 de
300 1518 504 1553 muliere,quas
520 1517 746 1554 exomologesim
766 1519 843 1555 apud
869 1526 935 1546 eum
962 1519 1078 1554 fecerat,

251 1563 406 1590 enarravit.
415 1563 518 1590 Aiebat
528 1562 606 1590 enim
618 1563 770 1591 mulierem
785 1563 841 1591 sibi
852 1563 973 1597 dixisse,
984 1572 1080 1592 eunu-

254 1607 353 1639 chum,
370 1606 417 1634 oui
433 1616 450 1634 a
464 1607 525 1634 viro
548 1607 607 1635 sive
623 1616 640 1634 a
655 1608 774 1635 domino
794 1608 960 1636 concredita
976 1608 1071 1635 fuerat

1129 315 1231 351 ἡδονὴν
1258 316 1355 354 ῥέουσα
1377 319 1435 347 τοῖς
1458 318 1537 342 πᾶσιν
1562 316 1580 349 ἡ
1601 313 1709 350 ὁμιλία,
1725 313 1824 350 ἄδηλος
1850 315 1891 351 μὶν
1914 317 1927 350 ἠ

1129 361 1307 400 σωφροσύνη,
1338 360 1468 391 πλείστας
1497 359 1526 387 δὲ
1552 359 1599 390 τὰς
1639 360 1746 398 ψήφους
1775 360 1791 393 ὴ
1820 359 1930 387 ἀκολασία

1130 406 1202 443 παρὰ
1216 406 1322 433 πάντων
1338 405 1397 432 κατ’
1411 405 1495 439 αὐτῆς
1512 404 1685 443 ἀποφέρεται.
1701 403 1789 431 Ἀλλᾶ
1803 406 1878 431 ταῦτα
1892 405 1929 440 μὲν

1130 451 1174 478 ἐπὶ
1189 453 1242 478 τῶν
1259 450 1310 478 ὅλα
1326 451 1396 486 ὁμοῦ
1423 449 1489 485 μετὰ
1503 451 1557 476 τῶν
1587 447 1708 485 διδύμων
1738 449 1930 485 ἆποκοψαμένων

1129 496 1162 523 τὰ
1180 496 1272 533 μόρια.
1289 494 1355 526 Τοὺς
1371 494 1421 532 γὰρ
1451 494 1518 531 μετᾶ
1541 494 1571 521 τὸ
1599 492 1770 531 ἀνδρωθῆναι
1795 494 1858 531 πρὸς
1882 505 1930 521 συν-

1130 540 1220 567 ουσίαν
1243 540 1276 567 τὰ
1303 538 1454 576 παιδογόνα
1484 538 1566 576 μόρια
1603 538 1703 575 μόνους
1729 538 1793 569 τοὺς
1820 536 1932 574 διδύμους

1131 584 1315 621 ἀποτεμόντας
1339 584 1402 622 φασὶ
1428 582 1588 621 δριμύτερον
1613 593 1643 610 τε
1670 583 1715 610 καὶ
1744 581 1853 620 ἄσχετον
1878 583 1935 620 πρὸς

1130 631 1179 661 τὰς
1204 629 1344 660 συνουσίας
1371 628 1534 665 οἷπρεῖσθαι
1560 629 1628 663 (45),
1645 627 1689 654 καὶ
1714 628 1765 655 οὐκ
1792 627 1934 665 οῗσ-τρεῖσθαι

1133 674 1227 711 μόνον,
1243 672 1316 701 ἀλλά
1344 673 1399 708 καὶ,
1417 673 1454 704 ὡς
1484 672 1576 703 αὐτοῖς
1597 671 1684 706 δοκεῖ,
1708 670 1852 703 ἀκινδύνως
1876 672 1935 711 φθεί-

1132 730 1186 757 ρειν
1213 719 1261 750 τὰς
1287 717 1589 755 προστυχούσας.Φσισῖ
1610 717 1661 754 γὰρ
1687 716 1739 751 ὅτι,
1764 716 1934 744 ἆποκοπίντων

1131 765 1250 795 κάτωθεν
1266 765 1320 790 τῶν
1337 761 1471 798 διδύμων,
1486 763 1512 789 οἳ
1528 765 1578 797 τῆς
1601 764 1686 799 γονῆς
1712 762 1765 789 ἀπὸ
1792 760 1883 800 ὀσφύος
1899 761 1934 787 καὶ

1132 811 1234 847 νεφρῶν
1265 807 1308 835 ἐπὶ
1338 807 1368 834 τὸ
1398 802 1511 834 λοιπὸν”
1534 806 1630 844 μόριον
1670 804 1791 833 διάκονοι
1824 805 1935 842 γίνονται,

1134 853 1231 889 μύουσι
1262 852 1309 888 μὲν
1337 851 1403 888 μετᾶ
1425 852 1473 885 τὴν
1497 852 1585 887 τομὴν
1612 850 1666 877 ἄνω
1691 851 1717 877 οἱ
1732 850 1824 887 πόροι,
1843 850 1937 884 ζιούσης

1133 896 1161 925 δὲ
1183 897 1208 924 ἐν
1232 899 1291 927 τοῖς
1313 899 1420 935 νεφροῖς
1444 897 1494 930 τῆς
1519 895 1665 932 ίπιθυμίας
1683 894 1728 922 καὶ
1742 895 1792 929 τήν
1808 895 1884 932 γονήν
1900 893 1937 920 οὖ-

1132 952 1185 972 τως
1216 940 1410 978 ἐξαφριζούσης
1439 940 1507 976 (46),
1533 939 1679 977 οἷστρεῖται
1707 940 1754 976 μὶν
1783 939 1848 975 πρὸς
1868 949 1936 965 κατι-

1133 984 1219 1020 ϐολὴν
1245 988 1294 1016 τίς
1318 988 1402 1023 γονῆς
1426 985 1440 1012 ὁ
1465 985 1545 1020 ἀνὴρ,
1565 983 1609 1011 καὶ
1635 985 1665 1011 τὸ
1696 982 1872 1022 βρασσόμενον
1898 983 1938 1009 άπ-

1132 1031 1272 1068 οχιτεῦσαι
1288 1033 1395 1065 σπέρμα
1410 1028 1459 1055 οὐκ
1487 1025 1570 1065 ἔχων,
1588 1027 1727 1062 ὁπλίζεται
1753 1028 1802 1064 μὶν
1825 1026 1904 1062 τούτῳ
1923 1026 1936 1052 ’ὁ

1131 1075 1218 1110 ἑαυτῷ
1233 1075 1301 1111 πρὸς
1325 1073 1372 1104 τὰς
1398 1073 1539 1103 συνουσίας
1568 1071 1682 1110 ἐφύλαξε
1710 1072 1781 1108 πρὸς
1807 1072 1854 1105 τὴν
1879 1073 1936 1106 πρᾶ-

1132 1119 1181 1154 ξιν.
1199 1118 1300 1156 Δὲλεαρ
1317 1116 1346 1145 δὲ
1360 1118 1408 1152 τὴν
1422 1120 1476 1145 τῶν
1491 1115 1612 1154 διδύμων
1630 1116 1773 1154 εὖνουχίαν
1795 1114 1829 1152 τῇ
1848 1114 1937 1153 γυναικὶ

1132 1163 1169 1194 εἰς
1199 1162 1303 1198 ἀπάτην
1334 1160 1428 1193 δεινῶς
1449 1162 1645 1198 ποιησάμενος,
1674 1159 1880 1197 ἀκολαστότερον
1902 1158 1939 1194 μί-

1131 1218 1233 1246 γνυται.
1250 1209 1280 1236 Ὀ
1311 1207 1357 1244 μὲν
1388 1207 1438 1244 γὰρ
1463 1207 1531 1233 κατά
1555 1206 1632 1245 φύσιν
1647 1205 1719 1244 ἔχων
1737 1206 1817 1242 ἀνὴρ,
1833 1202 1938 1238 διαδεξα-

1135 1252 1221 1289 μένων
1247 1254 1302 1279 τῶν
1333 1250 1454 1288 διδύμων
1485 1249 1586 1282 ἄνωθεν
1613 1251 1662 1284 τὴν
1691 1250 1786 1288 γονὴν,
1815 1249 1856 1276 καὶ
1882 1248 1938 1285 πρὸς

1134 1298 1234 1334 σπορὰν
1265 1297 1385 1328 ἐντεῦθεν
1424 1295 1674 1333 παραπιμψάντων,
1699 1295 1762 1331 ἑξῆς
1801 1293 1942 1322 ἐκπεσόντος

1132 1344 1181 1369 τοῦ
1210 1341 1313 1379 σπόρου
1333 1339 1520 1378 διαφορηθεὶς,
1534 1340 1583 1374 τὴν
1614 1339 1758 1376 ἐπιθυμίαν
1789 1336 1942 1374 καταμαραῖ-

1133 1396 1216 1414 νεται·
1235 1387 1248 1413 ὁ
1278 1384 1307 1413 δὲ
1331 1385 1382 1413 οὐκ
1408 1384 1480 1422 ἔχων
1510 1384 1569 1416 ὅθεν
1597 1385 1629 1411 τὸ
1643 1383 1810 1422 γαργαλίζον
1838 1382 1940 1418 κενώσῃ,

1136 1431 1216 1468 μόγις
1228 1433 1276 1458 τοῦ
1299 1431 1383 1457 πόνου
1410 1429 1530 1468 ὖφίησιν,
1547 1428 1628 1466 ἄχρις
1653 1429 1682 1455 ἃν
1703 1429 1827 1465 κάματος
1848 1429 1940 1458 τοῦτον,

1134 1475 1208 1515 φασὶ,
1225 1474 1366 1503 λυσσῶντα
1394 1474 1507 1512 tum.
1537 1476 1626 1501 Ταῦτα
1654 1473 1708 1511 οὐχ
1736 1473 1750 1500 ὁ
1775 1476 1825 1507 τῆς
1853 1470 1942 1510 φύσεως

1135 1514 1215 1559 λόγος
1247 1519 1340 1557 μόνον,
1356 1518 1430 1548 ἀλλὰ
1458 1518 1502 1546 καὶ
1522 1519 1540 1553 ἠ
1560 1521 1642 1555 πεῖρα
1671 1516 1700 1545 δὲ
1727 1518 1798 1554 πρὸς
1822 1517 1864 1544 τὸν
1891 1514 1940 1553 βίον

1134 1566 1213 1601 ἡμῶν
1231 1563 1410 1601 ἐμαρτύρατο.
1427 1563 1465 1594 ὡς
1488 1563 1557 1600 πρὸς
1587 1562 1636 1599 ἐμὲ
1663 1573 1705 1593 τις
1727 1564 1783 1589 τῶν
1811 1559 1942 1595 αἶδῑσίμων

1136 1609 1180 1637 καὶ
1196 1608 1281 1644 πολίᾷ
1295 1609 1340 1636 καὶ
1365 1609 1417 1645 βίῳ
1441 1607 1559 1638 παλαιὸς
1585 1607 1663 1643 ἀνὴρ,
1680 1604 1943 1644 ὲξομολογησαμὲνης

252 1651 399 1687 impudice
415 1659 514 1679 secum
530 1652 714 1679 commisceri
729 1651 860 1680 solitum.
872 1655 912 1680 Ac
927 1652 1074 1688 audacior,

1134 1654 1199 1692 πρὸς
1234 1653 1312 1680 αὐτὸν
1351 1653 1488 1690 γυναικὸς,
1528 1651 1720 1690 ἀπεφθέγξατο.
1749 1652 1869 1690 "anm:
1901 1649 1944 1685 γὶρ

250 1696 357 1730 aiebat,
369 1696 405 1723 ad
422 1695 565 1731 ﬂagitium
587 1698 659 1730 erat,
668 1697 744 1730 quod
770 1698 898 1731 partum,
911 1699 1010 1732 utpote
1025 1705 1076 1724 eu-

250 1740 378 1774 nuchus,
394 1748 452 1767 non
474 1740 600 1767 timeret.
617 1740 716 1776 Neque
731 1740 756 1768 is
771 1740 878 1775 solum,
891 1741 940 1769 sed
957 1744 986 1768 et
1000 1741 1076 1769 alius

251 1784 372 1820 quidam
388 1792 422 1812 ex
437 1784 543 1819 iis,qui
559 1785 660 1812 eadem
677 1793 710 1812 ac
730 1793 783 1812 nos
797 1785 939 1820 sentiunt,
948 1786 992 1813 vir
1007 1794 1077 1814 sane

248 1829 298 1865 qui
314 1837 372 1857 non
388 1829 445 1856 cito
461 1829 644 1863 mentiretur,
661 1829 790 1857 narravit
805 1830 947 1865 virginem
973 1839 1078 1866 quam-

249 1875 317 1902 dam
333 1872 468 1901 Ecclesiaz
480 1873 652 1901 canonicam
667 1874 743 1909 apud
755 1882 786 1902 se
801 1874 990 1903 lamantatam
1003 1883 1077 1909 esse,

249 1918 326 1954 quod
347 1917 502 1946 eunuchus
519 1918 638 1953 quidam
654 1919 719 1954 ejus
735 1918 831 1947 cubile
852 1920 1024 1955 ascendens,
1042 1919 1079 1947 li-

248 1962 383 1991 bidinose
399 1970 464 1990 eam
481 1962 632 1998 amplexus
648 1964 736 1995 esset,
752 1965 892 1999 totusque
913 1963 967 1991 toti
987 1963 1078 1991 inhae-

249 2016 328 2042 rens,
346 2015 415 2035 cum
431 2015 487 2035 non
505 2009 603 2043 posset
623 2007 777 2043 cupiditati
793 2008 971 2043 satisfacere,
982 2008 1080 2036 denti-

248 2052 305 2080 bus
321 2060 394 2080 usus
409 2054 496 2086 esset,
513 2052 671 2080 ferventem
693 2052 723 2080 in
742 2060 830 2081 carne
844 2053 1017 2081 concubitus
1032 2062 1078 2081 ru-

249 2097 329 2124 biem
344 2096 475 2124 furenter
490 2096 639 2125 morsibus
659 2097 804 2125 indicans.
821 2097 953 2125 Addebat
968 2100 1079 2126 castra-

249 2141 338 2169 tionis
360 2141 497 2169 illecebra
512 2141 668 2177 virginem,
681 2142 716 2169 ob
738 2142 968 2177 simplicitatem,
986 2145 1081 2171 tenta-

251 2185 329 2213 tione
353 2185 533 2221 implicatam
559 2186 665 2220 fuisse;
696 2186 746 2214 sed
775 2188 842 2222 post
870 2187 1080 2222 experientiam

252 2230 416 2257 aversatam
438 2238 513 2263 esse,
530 2238 583 2257 nec
609 2238 707 2258 coram
731 2238 762 2258 se
788 2230 895 2266 solum,
912 2232 962 2259 sed
991 2233 1080 2260 etiam

251 2280 349 2300 coram
368 2272 504 2308 pluribus
520 2273 604 2301 illata
623 2273 680 2301 sibi
704 2273 784 2302 illius
809 2275 968 2311 cupiditate
984 2276 1081 2312 inqui-

253 2319 393 2345 namenta
408 2317 569 2345 deﬂevisse.
587 2318 692 2346 Verum
708 2321 753 2346 est
771 2321 870 2348 autem
886 2320 1012 2349 duorum
1028 2321 1079 2349 ho-

251 2361 366 2389 minum
390 2361 592 2390 testimonium
603 2363 640 2397 ‘°;
657 2365 689 2390 ut
703 2371 740 2391 ne
755 2364 855 2400 plures
880 2365 953 2393 alios
977 2374 1077 2394 recen-

249 2409 359 2442 sentes,
376 2408 483 2442 praster
500 2406 590 2434 animi
611 2407 703 2435 nostri
718 2409 891 2438 sententiam
909 2410 1080 2446 prolixiores

250 2459 356 2479 simus.

1132 1699 1181 1733 τὴν
1210 1700 1325 1735 γυναῖκα
1352 1696 1420 1734 πρὸς
1451 1696 1530 1724 αὐτὸν
1553 1695 1701 1733 εἰρηκέναι,
1716 1695 1758 1723 ὅτι
1786 1695 1943 1723 ὁπεπιστευ-

1135 1743 1214 1779 μένος
1225 1742 1309 1776 αὐτὴν
1325 1741 1398 1778 παρὰ
1411 1743 1459 1768 τοῦ
1474 1739 1571 1778 ἀνδρὸς
1590 1739 1643 1767 εἴτε
1667 1738 1802 1767 δεσπότου
1825 1738 1943 1774 εὐνοῦχος

1134 1787 1171 1818 ὡς
1187 1787 1255 1824 ἀνὴρ
1271 1786 1339 1818 αὐτῇ
1368 1784 1527 1816 ἀκολάστως
1556 1784 1693 1822 ἐμίγνυτο.
1709 1785 1763 1813 Καὶ
1792 1781 1942 1818 κατετόλμα,

1134 1831 1211 1871 φησὶ,
1227 1831 1311 1858 πλέον
1340 1834 1390 1866 τῆς
1419 1830 1552 1868 πράξεως,
1568 1828 1613 1857 διὰ
1639 1830 1670 1857 τὸ
1696 1830 1797 1867 ἄγονον
1813 1828 1890 1856 αὐτοῦ
1913 1825 1945 1861 τῷ

1133 1870 1236 1913 ἆτοκίῳ
1258 1877 1363 1913 θαρσῶν
1381 1877 1446 1912 (47),
1463 1876 1526 1913 Οὐχ
1551 1876 1629 1906 οὗτος
1654 1874 1683 1902 δὶ
1703 1875 1799 1912 μόνον,
1815 1874 1883 1902 ἀλλᾶ
1907 1870 1944 1899 »αἱ

1133 1920 1224 1959 ἕτερός
1241 1932 1282 1952 τις
1297 1923 1351 1948 τῶν
1375 1920 1529 1957 epotisme
1544 1921 1622 1956 ἡμῖν,
1639 1919 1688 1947 οὐκ
1712 1919 1742 1947 ἂν
1767 1920 1872 1957 ταχὶως
1891 1919 1945 1954 ψευ-

1134 1970 1261 2003 σάμενος,
1289 1965 1405 2002 ε’ίρηκεν·
1423 1964 1464 1992 ὅτι
1494 1965 1627 2002 παρθὲνος
1654 1975 1697 1996 τις
1724 1968 1776 1999 τῆς
1793 1962 1944 1997 Ἐκκλησία(

1133 2011 1259 2045 κανονική
1276 2010 1344 2047 πρὸς
1371 2009 1451 2037 αὐτὸν
1479 2008 1648 2046 ἀπωδύρετο,
1678 2008 1720 2036 δτι
1749 2009 1806 2045 (48)
1838 2007 1878 2034 ἐπὶ
1902 2009 1945 2039 τῆς

1133 2055 1228 2091 κοίτης
1257 2055 1341 2090 αὐτῆς
1369 2052 1515 2092 γενόμενός
1548 2064 1589 2085 τις
1626 2053 1769 2091 εὐνοῦχος,
1799 2050 1945 2090 περιεπύσ-

1135 2110 1195 2128 σετο
1221 2100 1268 2136 μὲν
1290 2099 1375 2133 αὐτὴν
1398 2098 1537 2135 ἐμπαθῶς,
1552 2099 1596 2126 καὶ
1621 2097 1708 2137 ἒμφὺς
1733 2097 1801 2128 δ’λος
1825 2093 1945 2133 amicei

1137 2145 1174 2181 μὴ
1203 2144 1275 2182 εἶχεν
1302 2143 1377 2174 ὅπως
1405 2143 1439 2170 τὰ
1464 2146 1515 2178 τῆς
1544 2142 1689 2179 ἐπιθυμίας
1717 2142 1873 2180 ἐργάσηται,
1898 2140 1947 2167 τοῖς

1135 2188 1242 2217 ὀδοῦσιν
1265 2188 1409 2226 ἐκέχρητο,
1428 2188 1538 2222 ζέουσαν
1565 2187 1591 2215 ἐν
1616 2189 1650 2224 τῇ
1680 2187 1757 2225 σαρκὶ
1787 2189 1839 2221 τῆς
1863 2184 1945 2222 μίξιως

1134 2235 1183 2268 τήν
1209 2233 1308 2261 λύσσαν
1330 2235 1389 2264 τοῖς
1413 2231 1551 2270 δήγμασιν
1574 2232 1673 2271 ἀγρίως
1691 2231 1839 2271 ἐμφαίνων·
1855 2230 1890 2261 ὡς
1909 2227 1946 2255 δε-

1136 2278 1212 2307 λέατι
1240 2279 1296 2315 (49)
1320 2279 1370 2312 τῆς
1400 2276 1555 2315 εὐνουχίας,
1574 2275 1618 2304 διὰ
1638 2277 1669 2304 τὸ
1694 2275 1882 2313 ἁπειρόκακον,
1904 2271 1945 2308 ἐμ-

1135 2322 1283 2350 πλακεῖσαν
1314 2323 1364 2357 τήν
1392 2321 1524 2359 παρθένον
1553 2323 1594 2357 τῷ
1630 2322 1787 2358 πειρασμῷ,
1812 2319 1876 2356 μετὰ
1905 2317 1946 2349 τὴν

1134 2370 1230 2405 πεῖραν
1255 2366 1461 2404 ἀποστραφῆναι
1485 2376 1513 2393 τε
1536 2366 1582 2393 τὸν
1601 2364 1753 2403 ἄνθρωπον,
1768 2364 1814 2392 καὶ
1838 2363 1868 2390 οὗ
1889 2361 1946 2400 πρὸς

1134 2414 1229 2440 τοῦτον
1248 2412 1340 2448 μόνον,
1356 2410 1429 2439 ἀλλά
1441 2410 1486 2438 καὶ
1501 2411 1570 2447 πρὸς
1588 2409 1717 2441 πλείονας
1738 2410 1773 2437 τὰ
1799 2408 1945 2446 μολύσμιτα

1133 2460 1183 2492 τῆς
1200 2456 1303 2484 ἑκείνου
1317 2456 1376 2483 κατ’
1391 2455 1474 2490 αὐτῆς
1500 2454 1644 2492 ἐπιθυμίας
1665 2453 1818 2492 ὀδύρεσθαι.
1838 2453 1886 2481 Καὶ
1904 2450 1943 2478 δύο

251 2494 278 2522 δὲ
295 2495 444 2532 ἀνθρώπων
459 2496 475 2530 ἦ
503 2495 636 2533 μαρτυρία
660 2496 767 2533 ἀληθής
791 2497 932 2535 ἐστιν,⁴ίνα
958 2502 996 2538 μή
1020 2502 1064 2529 καὶ
1089 2502 1214 2540 δττὲρους
1236 2500 1363 2531 πλείονας
1382 2499 1589 2538 καταλέγοντες,
1606 2499 1679 2538 παρὰ
1697 2500 1729 2527 τὸ
1755 2498 1867 2537 ἀρέσκον
1888 2497 1942 2532 ἡμῖν

255 2540 431 2577 μηκύνωμεν.

289 2611 311 2628 ⁸ο
326 2611 430 2639 Matth.
448 2621 526 2649 xvm,
544 2615 586 2642 16.

287 2684 344 2718 (45)
373 2684 564 2726 ὈΞστρεῖυ-θαι.
595 2688 645 2726 Sic
672 2688 862 2726 mss.7_Editi,
897 2689 1082 2726 οίστροῦσθαι.

253 2719 332 2760 ldcm
350 2720 436 2754 paulo
452 2719 519 2760 post
534 2724 661 2752 occurrit
682 2724 727 2753 bis
743 2719 903 2754 discrimen
919 2719 996 2755 inter
1010 2719 1081 2755 mss.

251 2756 368 2783 codices
384 2760 412 2783 et
428 2756 530 2787 editos.

291 2791 348 2829 πᾶ)
368 2792 598 2856 ἐξὲἓὲριζούσης.
629 2796 676 2824 Sic
711 2804 784 2825 mss.
816 2798 954 2834 quatuor.
994 2798 1081 2833 Editi,

512 2867 559 2895 Sic
583 2875 654 2896 mss.
681 2869 711 2897 et
738 2867 828 2897 editio
850 2868 971 2899 Veneta.
1001 2869 1083 2898 Pari-

432 2922 546 3092 Χ

1139 2690 1418 2728 siensisLoapcqua,
1440 2726 1447 2728 _
1481 2725 1486 2728 _
1541 2726 1545 2728 ἓ
1620 2724 1625 2728 _
1654 2721 1666 2728 υ
1759 2724 1767 2728 _
1853 2724 1859 2728 _
1915 2721 1930 2728 ι,

1173 2728 1231 2763 (48)
1246 2721 1317 2767 Ὅτιζ
1341 2726 1417 2767 Editi
1440 2725 1560 2767 habent,
1576 2721 1706 2767 λιμὶβτι,
1720 2724 1770 2753 sed
1795 2721 1946 2759 conjunctis

1138 2760 1197 2791 non
1213 2760 1358 2798 reperitur
1370 2764 1401 2791 in
1416 2762 1563 2791 veteribus
1576 2760 1689 2798 librist
1730 2796 1735 2798 ν
1754 2795 1761 2798 _
1822 2795 1828 2798 _

1173 2799 1228 2834 (49)
1245 2794 1367 2827 stum.
1383 2799 1431 2828 Sic
1449 2798 1565 2827 codices
1585 2805 1658 2825 mss.
1674 2795 1846 2825 Parisiensis
1858 2794 1946 2826 editio,

1139 2832 1284 2862 διλιάματι
1301 2833 1340 2862 δέ.

1156 2844 1284 2871 ιΛιαματι
1301 2844 1340 2863 οι.
