4112 6224
268 403 394 462 797

1505 411 1739 472 LIBER
1784 411 1883 471 DE
1926 408 2458 470 VIRGINITATE.

3573 407 3690 467 798

349 537 440 592 62.
492 537 837 611 Συγγνώμης
897 535 988 591 οῦν
1042 537 1201 611 ἄξιοι,
1256 539 1329 602 ὣς
1386 542 1561 614 οἶμαι,
1599 543 1802 614 ἡμεῖς’
1833 539 1925 595 οὐκ

2113 542 2203 596 6?.
2237 540 2353 597 Nos
2398 539 2578 612 igitur
2629 542 2696 596 ut
2743 555 2892 606 reor,
2925 555 3134 594 sumus
3163 538 3329 596 venia
3373 538 3557 611 digni,
3589 542 3690 612 qui

270 623 356 686 εἷς
411 626 475 679 τὸ
531 621 800 700 ἄχραντον
856 629 957 692 τῆς
1015 627 1282 702 παρθὲνου
1343 631 1504 704 μόνον
1567 631 1930 707 προφυλακῆς

270 713 438 789 χάριν
497 713 768 788 ἐκθέμενοι
827 721 1015 789 ταῦτα,
1048 715 1192 772 ἀλλά
1248 719 1338 773 καὶ
1395 720 1472 783 εἷς
1521 721 1581 774 τὸ
1623 717 1928 774 ἀναστεῖλαι

269 803 525 868 πολλοὺς
550 801 658 875 ἤδη
703 805 988 870 τοιούτους
1035 805 1471 871 ἑπιπολάσαντας
1518 813 1586 883 τῇ
1638 807 1934 880 Ἐκκλησία

270 892 575 970 εὐνούχους
625 892 1036 958 σπουδάσαντες.
1073 899 1312 972 Φανερὸν
1359 899 1484 974 γὰρ,
1531 899 1616 952 ὅσι
1671 895 1932 969 δαίμονος

273 981 534 1054 μεθοδεία
572 984 634 1038 τὸ
684 982 861 1060 ἔργον·
901 982 1043 1039 διότι
1076 987 1104 1040 6
1157 987 1251 1060 μὲν
1305 985 1468 1042 πάλιν
1650 987 1764 1063 βίος
1806 987 1932 1060 παρ’

268 1071 518 1144 ’Έλλησι
569 1073 818 1143 τούτους,
875 1073 984 1128 νυνὶ
1039 1072 1097 1129 δὲ
1152 1077 1280 1150 παρ’
1341 1079 1474 1150 ἡμῖν
1547 1076 1761 1138 ἀτόπως
1831 1077 1930 1131 ὑπ-

266 1159 441 1233 έδειξε
493 1163 628 1236 (51),
677 1162 768 1217 καὶ
829 1164 1186 1242 σωφροσύνης
1255 1167 1348 1238 μὶν
1406 1162 1582 1239 ὄνομα
1631 1166 1785 1221 κάκεῖ
1828 1166 1928 1234 τήν

261 1253 475 1324 τομὴν,
506 1251 776 1307 κάνταῦθα
830 1253 894 1306 τὸ
953 1254 1084 1309 αὐτὸ
1143 1254 1278 1310 κατά
1333 1262 1433 1325 τῆς
1467 1254 1676 1330 φύσεως
1709 1254 1930 1310 ἐνεωτέ-

265 1361 408 1416 ρισε.
441 1342 627 1404 Δεινὸς
656 1341 760 1418 γάρ
792 1341 936 1398 ἐστιν
971 1344 998 1398 6
1035 1341 1342 1417 μεθοδεύων
1371 1347 1531 1418 ἡμῶν
1562 1347 1662 1414 τήν
1715 1343 1792 1407 εἷς
1835 1345 1927 1400 τὸν

265 1429 474 1504 Κύριον
531 1431 712 1485 πίστιν
764 1429 853 1486 διὰ
903 1436 1000 1486 τοῦ
1056 1433 1432 1498 πιστευθέντος
1513 1434 1684 1490 καλοῦ
1739 1434 1927 1489 κακίαν

269 1516 619 1593 ἐργάσασθαι·
652 1519 716 1574 τὸ
775 1520 906 1575 αὐτὸ
955 1517 1014 1576 δὲ
1063 1518 1176 1576 ἔστι
1235 1528 1426 1596 μαθεῖν
1475 1523 1534 1578 ἐκ
1579 1528 1686 1578 τῶν
1725 1522 1928 1600 παρελ-

268 1609 502 1663 θόντων.
538 1609 626 1670 Ὠς
681 1609 783 1684 γὰρ
835 1606 902 1663 δι’
939 1608 1014 1664 ὦν
1074 1605 1182 1666 ἔδει
1239 1613 1352 1684 (52)
1410 1613 1537 1667 Θεὸν
1585 1617 1806 1687 γνῶναι,
1842 1609 1932 1667 διὰ

268 1697 487 1752 τούτων
548 1697 808 1773 ἀγνοῆσαι
865 1697 996 1760 τοῦς
1055 1701 1182 1774 παρ’
1235 1698 1475 1771 ’Ἐλλησι
1537 1701 1926 1776 παρεσκεύασεν

267 1787 326 1858 (6
385 1786 481 1859 μὶν
529 1785 628 1861 γὰρ
679 1785 886 1859 κόσμος
917 1792 1014 1842 τοῦ
1044 1791 1425 1862 κοσμήσαντος
1482 1790 1762 1866 πρόκειται
1822 1793 1929 1864 μῆ-

270 1890 439 1944 νυμα’
476 1873 528 1926 οἱ
585 1869 642 1927 δε
703 1875 808 1928 ἀπὸ
865 1879 962 1928 τοῦ
1011 1873 1255 1938 κάλλους
1299 1882 1406 1932 τῶν
1457 1879 1748 1955 ὁρωμένων
1799 1879 1925 1954 οὐχὶ

271 1959 563 2037 ἀναλόγως
609 1963 672 2016 τὸ
716 1961 927 2026 κάλλος
974 1969 1072 2018 τοῦ
1102 1971 1336 2036 ποιητοῦ
1365 1966 1570 2022 τούτων
1604 1970 1716 2042 (53)
1742 1965 1925 2038 ἐδόξα-

267 2071 390 2122 σαν,
445 2049 573 2105 ἀλλ’
627 2046 988 2122 ἐσεϐάσθησαν
1068 2056 1156 2108 καὶ
1241 2053 1562 2130 ἐλάτρευσαν
1634 2061 1702 2130 τῇ
1759 2057 1924 2112 κτίσει

265 2139 418 2213 παρὰ
471 2139 563 2193 τὸν
617 2140 916 2210 κτίσαντα)·
945 2141 1036 2195 καὶ
1087 2143 1162 2206 ὡς
1209 2141 1279 2198 δι’
1304 2143 1376 2198 ὧν
1411 2141 1518 2198 ἔδει
1574 2150 1767 2220 γνῶναι
1794 2147 1926 2220 Χρι-

266 2229 419 2294 στὸν,
481 2224 550 2282 δι’
599 2227 816 2283 ἐκείνων
880 2229 1142 2307 ἀγνοῆσαι
1201 2233 1612 2308 παρασκευάζει,
1673 2233 1763 2289 διὰ
1817 2240 1922 2291 τῶν

264 2322 689 2392 κηρυσσουσῶν,
725 2318 890 2397 φημῖ,
930 2325 1156 2398 Γραφῶν
1203 2321 1296 2376 τὸν
1348 2324 1576 2398 Χριστὸν
1627 2325 1924 2400 αἱρετικαῖς

268 2406 506 2469 ἐννοίαις
560 2407 658 2474 τῆν
721 2403 940 2482 ἄγνοιαν
993 2407 1190 2464 τούτου
1247 2408 1435 2474 δεινῶς
1499 2415 1922 2488 μηχανώμενος·

267 2492 363 2548 καὶ
431 2494 507 2555 ὡς
579 2499 658 2566 τῷ
732 2499 1141 2571 πεπιστευμένῳ
1217 2499 1444 2572 ὀνόματι
1525 2505 1621 2554 τοῦ
1694 2507 1925 2577 Χριστοῦ

268 2583 525 2638 ἀπιστίαν
557 2605 617 2639 τε
645 2585 732 2639 καὶ
776 2584 996 2660 ἄρνησιν
1043 2585 1140 2641 τοῦ
1188 2589 1422 2664 Χριστοῦ
1469 2590 1790 2666 πανούργως
1843 2592 1925 2648 ἐν·

270 2671 508 2748 σπείρει,
538 2672 680 2728 οὕτω
707 2674 793 2728 οιαὶ
827 2671 916 2729 διὰ
943 2679 1040 2730 τοῦ
1075 2675 1340 2750 ὀνόματος
1380 2679 1482 2747 τῆς
1531 2687 1792 2752 μυστικῆς
1839 2680 1925 2735 εύ-

267 2761 525 2836 νουχίας,
575 2760 802 2835 ὂνόματι
867 2764 1223 2842 σωφροσύνης
1282 2766 1597 2831 ἀποκόπους
1645 2769 1736 2823 καὶ
1793 2771 1925 2824 ἀκο-

270 2849 510 2913 λάστους
558 2851 855 2927 ἐργάζεται.
906 2854 1117 2911 Οὐκοῦν
1177 2853 1302 2911 οὐδὲ
1347 2856 1560 2920 τούτοις
1616 2856 1928 2936 ἀδιαφόρως

266 2938 721 3015 συναγελάζεσθαι
778 2944 880 3011 τήν
931 2943 1193 3019 παρθένον
1244 2948 1536 3020 προσήκει.
1571 2946 1636 3002 Εἴ
1674 2949 1776 3022 γὰρ
1827 2951 1925 3018 θή-

267 3039 421 3084 Αειαι
455 3028 707 3100 θηλείαις
750 3031 837 3086 ἐπὶ
885 3034 986 3102 τῆς
1037 3032 1204 3104 αὐτῆς
1263 3037 1454 3106 κοίτης
1488 3033 1800 3098 ἰνδιαθέτως
1832 3059 1924 3092 πε-

267 3118 693 3195 ριπλεκόμεναι,
749 3120 975 3193 ζεούσης
1031 3122 1205 3178 αὐτῶν
1267 3119 1478 3189 ἔνδοθεν
1546 3133 1646 3194 τῆς
1719 3127 1922 3200 ἀκμῆς,

270 3206 552 3270 πολλάκις
611 3207 669 3263 ὲκ
711 3217 814 3279 τῆς
864 3211 998 3285 πρὸς
1047 3209 1272 3282 ἄλληλα
1316 3217 1427 3268 τῶν
1458 3217 1726 3288 σωμάτων
1760 3215 1924 3290 ἁφῆς,

1957 1923 2006 1989 Β

2040 630 2164 686 haec
2194 628 2658 700 exposuerimus,
2694 646 2809 685 non
2851 629 3302 700 praemunienda:
3335 628 3488 683 676
3521 628 3691 683 modo

2039 717 2310 791 virginea:
2344 718 2695 790 integritatis
2727 718 2938 790 gratia,
2969 719 3069 772 sed
3102 717 3276 772 etiam
3315 721 3378 772 ut
3408 715 3692 787 plurimos

2040 809 2328 880 ejusmodi
2347 808 2775 878 eunuchos,qui
2793 809 2917 879 jam
2936 808 2996 862 in
3019 806 3276 862 Ecclesia
3298 805 3690 870 invaluerunt,

2039 912 2302 954 coercere
2319 913 2683 953 conaremur.
2700 897 3082 968 Perspicuum
3102 900 3191 951 est
3207 896 3362 951 enim
3379 911 3530 966 opus
3546 893 3692 948 illud

2041 986 2322 1042 daemonis
2352 1004 2480 1043 esse
2510 987 2820 1057 astutiam;
2855 985 3330 1058 quandoquidem
3367 983 3524 1056 prior
3553 987 3694 1038 artas

2039 1077 2341 1131 eunuchos
2373 1077 2524 1148 apud
2575 1075 2842 1149 gentiles,
2875 1093 2941 1132 ac
2972 1075 3145 1130 etiam
3189 1091 3346 1129 nunc
3394 1073 3550 1147 apud
3586 1090 3693 1128 nos

2041 1165 2293 1220 absurde
2321 1165 2666 1236 introduxit,
2688 1165 3092 1237 castitatisque
3113 1180 3348 1233 nomen,
3372 1163 3526 1233 quod
3552 1166 3692 1217 tunc

2041 1251 2709 1324 hujusmodiexsectioni
2724 1255 2926 1309 datum
2946 1251 3320 1322 fuerat,idem
3337 1251 3511 1307 etiam
3531 1267 3690 1306 nunc

2041 1349 2243 1398 contra
2270 1349 2539 1398 naturam
2573 1343 2886 1399 innovavit.
2929 1344 3030 1398 Est
3076 1341 3232 1398 enim
3264 1340 3448 1397 solere
3480 1340 3553 1408 is,
3586 1341 3686 1411 qui

2040 1437 2252 1488 nostra:
2292 1432 2350 1487 in
2399 1432 2712 1488 Dominum
2743 1432 2877 1487 fidei
2909 1431 3241 1497 insidiatur,
3275 1446 3378 1502 per
3423 1429 3478 1484 id
3530 1430 3684 1501 quod

2037 1522 2220 1578 virtus
2243 1539 2370 1578 esse
2397 1521 2912 1586 creditur,malum
2934 1521 3183 1594 operari,
3206 1521 3359 1591 quod
3393 1519 3586 1589 ipsum
3620 1535 3688 1575 ex

2040 1611 2350 1684 prmteritis
2379 1612 2840 1666 animadvertere
2874 1610 2930 1664 in
2963 1613 3237 1680 promptu
3267 1616 3374 1664 est.
3399 1608 3687 1672 Quemad-

2039 1702 2281 1757 modum
2313 1701 2469 1757 enim
2502 1717 2570 1756 ex
2603 1701 2818 1772 quibus
2848 1699 3033 1754 Deum
3060 1697 3332 1770 cognosci
3363 1697 3685 1768 oportebat,

2039 1806 2142 1862 per
2172 1807 2237 1846 ea
2269 1790 2464 1860 efﬁcit,
2484 1795 2549 1845 ut
2573 1795 2750 1844 Deum
2775 1787 3022 1860 gentiles
3046 1787 3385 1859 ignorarent
3405 1785 3688 1856 (mundus

2039 1879 2194 1934 enim
2227 1879 2512 1934 Creatoris
2554 1879 2916 1950 propositum
2952 1879 3041 1932 est
3072 1881 3554 1944 monumentum;
3587 1873 3686 1929 isti

2036 1973 2232 2024 autem
2256 1983 2320 2024 ex
2345 1967 2784 2039 pulchritudine
2805 1983 3007 2023 eorum
3031 1981 3160 2037 quae
3175 1965 3688 2035 Videntur,ncqua-

2034 2075 2232 2129 quam,
2261 2063 2325 2113 ut
2355 2074 2456 2130 per
2487 2061 2630 2126 erat,
2663 2055 3162 2129 pulchritudinem
3195 2053 3426 2109 illorum
3462 2052 3688 2125 Opiﬁcis

2033 2147 2526 2220 glorificaverunt,
2540 2147 2640 2202 sed
2665 2146 2974 2202 coluerunt
2993 2150 3050 2200 et
3063 2144 3391 2200 servierunt
3406 2147 3684 2198 creatum

2034 2236 2232 2308 potius
2263 2253 2439 2308 quam
2464 2236 2708 2292 creatori
2727 2237 2816 2306 ⁴¹);
2837 2239 2894 2292 et
2913 2233 3404 2306 quemadmodum
3431 2247 3534 2302 per
3554 2248 3682 2302 quae

2033 2326 2338 2397 oportebat
2357 2325 2652 2381 Christum
2674 2340 3044 2398 cognoscere,
3065 2340 3164 2393 per
3182 2338 3248 2377 ea
3271 2321 3404 2376 fecit
3431 2325 3494 2375 ut
3515 2321 3683 2392 igno-

2034 2419 2284 2483 raretur,
2335 2431 2433 2487 per
2462 2415 2816 2487 Scripturas,
2837 2429 2964 2484 quae
2995 2411 3289 2467 Christum
3339 2409 3681 2481 pra-.dicant,

2033 2502 2193 2559 illius
2223 2503 2651 2576 ignorationem
2681 2502 2970 2558 haareticis
3001 2500 3309 2557 sententiis
3339 2502 3528 2554 astute
3559 2515 3682 2553 ma-

2034 2591 2309 2648 chinatus
2339 2609 2352 2646 :
2385 2597 2442 2647 et
2473 2591 2969 2664 quemadmodum
3001 2589 3218 2646 credito
3249 2586 3461 2643 Christi
3495 2586 3683 2642 nomi-

2037 2682 2118 2751 ni,
2152 2679 2620 2738 incredulitatem
2652 2687 2709 2737 et
2740 2679 3108 2753 negationem
3131 2677 3344 2734 Christi
3375 2676 3684 2732 vaferrime

2035 2770 2274 2839 insevit;
2309 2770 2392 2826 ita
2423 2775 2478 2826 ct
2509 2787 2611 2842 per
2632 2787 2841 2826 nomen
2878 2769 3133 2842 mystica:
3165 2765 3683 2830 castrationis,sub

2033 2859 2228 2931 specie
2258 2861 2676 2932 temperantia,
2708 2860 2998 2931 spadones
3029 2862 3086 2914 et
3128 2856 3455 2928 impudicos
3485 2854 3682 2909 efficit.

2036 2949 2218 3020 Igitur
2248 2966 2318 3005 ne
2350 2965 2483 3004 cum
2516 2949 2608 3004 his
2639 2949 2877 3020 quidem
2917 2945 3316 3002 indifferenter
3344 2943 3681 3014 congregari

2033 3039 2320 3111 virginem
2341 3042 2629 3096 convenit.
2648 3038 2793 3093 Nam
2813 3038 2861 3094 si
2886 3054 3018 3093 cum
3045 3035 3274 3092 feminae
3291 3050 3424 3090 cum
3448 3031 3683 3088 feminis

2034 3127 2094 3183 in
2119 3129 2322 3183 eodem
2341 3127 2487 3184 lecto
2510 3133 2776 3184 amanter
2791 3128 3254 3198 conjunguntur,
3274 3123 3683 3179 effervescente

2035 3216 2198 3273 intus
2227 3217 2459 3272 illarum
2490 3217 2832 3290 cupiditate,
2853 3231 3006 3287 saepe
3037 3231 3106 3270 ex
3137 3217 3340 3268 mutuo
3373 3226 3680 3283 corporum

266 3296 416 3373 πρὸς
448 3296 482 3350 ἆ
511 3294 852 3368 ἰπλάσθησαν
880 3295 1026 3374 ἔχειν
1060 3301 1286 3374 σώματα
1318 3305 1525 3378 σχέσιν,
1556 3306 1654 3373 τῆν
1699 3307 1922 3378 μνήμην

2040 3304 2198 3362 tactu
2229 3324 2431 3362 earum
2463 3305 2806 3378 imaginatio
2839 3305 2909 3360 ad
2942 3320 3010 3360 ea
3037 3319 3301 3375 corpora,
3334 3301 3689 3373 quibuscum

271 3381 668 3459 διερεθίζονται
702 3389 905 3459 (ἱκανὸς
934 3390 1035 3465 γάρ
1088 3389 1228 3444 ἐστιν
1276 3393 1303 3446 ὁ
1351 3395 1664 3466 νομοθετῶν
1709 3393 1760 3448 ἐν
1813 3400 1931 3457 τοῖς

273 3471 501 3545 μέλεσιν
540 3478 702 3549 ⁴ἡμῶν
731 3478 831 3546 τὴν
878 3477 1167 3554 ἁμαρτίαν,
1204 3481 1364 3552 μέσος
1417 3487 1524 3537 τῶν
1577 3487 1785 3556 σαρκῶν
1841 3483 1936 3540 λαο

273 3562 481 3638 οραίως
513 3568 772 3640 χωρήσας
820 3565 878 3621 ἐκ
924 3575 1023 3637 τῆς
1076 3567 1302 3646 φιλικῆς
1358 3571 1495 3644 πρὸς
1545 3568 1771 3642 ἄλληλα
1824 3576 1932 3628 τῶν

271 3652 495 3721 θηλέων
529 3655 637 3726 (54)
677 3653 766 3709 καὶ
817 3652 1150 3733 φιλόφρονος
1197 3655 1423 3728 ἡδονῆς,
1476 3658 1779 3735 ὑποκλέψαι
1834 3663 1926 3734 μὶν

265 3743 373 3827 τήν
411 3741 738 3820 φιλόφρονα,
768 3746 868 3812 τήν
903 3742 960 3799 δὲ
1004 3750 1114 3800 τῶν
1147 3752 1356 3821 σαρκῶν
1391 3747 1586 3824 ἄῤῥενα
1615 3749 1930 3827 πανούργως

267 3826 600 3903 ἕνσπεῖραι)·
635 3830 933 3905 πόσῳ
973 3830 1141 3912 πλέον
1189 3831 1271 3889 δεῖ
1321 3836 1386 3889 τὰ
1433 3833 1629 3912 ἀρῥενα
1679 3826 1924 3912 σώματα,

263 3918 364 3972 κᾶν
423 3917 690 3993 εύνούχαν
742 3921 802 3991 ᾖ,
857 3922 958 3989 τήν
1032 3921 1290 3998 παρθένον
1361 3923 1761 4002 φυλάττεσθαις
1821 3927 1924 3983 Κᾶν

266 4006 540 4082 εὐνοῦχος
567 4009 670 4084 γὰρ
701 4010 758 4079 ᾗ,
791 4006 920 4063 ἀλλ’
950 4011 1081 4085 ἀνήρ
1114 4010 1222 4068 ἐστι
1252 4015 1352 4084 τήν
1391 4014 1569 4092 φύσιν.

340 4185 436 4241 63.
469 4185 558 4248 Ὡς
611 4184 712 4261 γὰρ
757 4187 786 4241 6
838 4187 968 4262 βοῦς
1018 4189 1044 4243 6
1093 4193 1412 4265 κερατιστὴς
1464 4191 1803 4267 ἀποτμηθεὶς
1861 4197 1927 4251 τά

261 4274 492 4348 κέρατα,
529 4272 751 4360 οὐχὶᾼτῇ
820 4277 1095 4354 ἀφαιρέσει
1153 4284 1258 4335 τῶν
1308 4282 1547 4357 κεράτων
1591 4281 1762 4347 ’ίππος
1808 4283 1925 4360 ἐγέ-

261 4383 419 4434 νετο,
464 4360 592 4417 ἀλλ’
644 4357 720 4418 ἔτι
781 4365 911 4440 βοῦς
969 4365 1078 4423 ἐστι
1135 4365 1230 4423 κᾶν
1296 4371 1371 4443 μὴ
1429 4365 1533 4447 ἔχῃ
1585 4371 1650 4428 τὰ
1703 4357 1920 4449 κέρατα·

264 4452 420 4507 οὕτω
474 4451 562 4506 καὶ
595 4453 624 4507 6
653 4451 824 4528 ἅρσην
1004 4458 1420 4533 ἀποκοψάμενος
1468 4462 1641 4516 πάντα
1694 4462 1761 4516 τὰ
1819 4461 1924 4536 μό-

263 4561 384 4618 ρια,
421 4539 484 4595 οὐ
538 4545 607 4615 τῇ
664 4541 939 4621 ἀφαιρέσει
988 4545 1193 4602 τούτων
1252 4551 1388 4626 γυνή
1450 4548 1658 4626 ἐγένετο
1717 4552 1918 4614 οὗτοςο

2042 3397 2449 3452 habitudinem
2469 3415 2504 3453 a
2520 3401 2656 3451 natu
2668 3413 2729 3450 ra
2740 3390 3587 3466 accepere,irritatur(idoneus
3604 3393 3695 3444 cst

2041 3486 2197 3541 enim
2217 3486 2319 3557 qui
2335 3486 2523 3558 legem
2543 3485 2764 3558 peccati
2786 3484 2844 3539 in
2870 3482 3151 3539 membris
3174 3480 3392 3536 nostris
3415 3483 3608 3535 movet
3625 3478 3690 3545 δέ,

2041 3578 2106 3630 ut
2137 3575 2366 3631 medius
2396 3575 2548 3631 inter
2571 3590 2775 3630 carnes
2806 3574 3052 3628 latenter
3082 3573 3389 3642 obrepens,
3409 3585 3478 3624 ex
3501 3567 3693 3624 amica

2039 3667 2097 3720 et
2117 3665 2268 3720 comi
2292 3663 2643 3720 feminarum
2667 3663 2818 3719 inter
2838 3679 2900 3718 se
2917 3661 3319 3726 delectatione,
3334 3657 3692 3714 subtrahens

2039 3759 2224 3809 ortam
2255 3770 2324 3809 ex
2362 3751 2770 3826 benevolentia
2793 3749 3170 3822 voluptatem,
3208 3747 3531 3804 masculam
3564 3764 3688 3802 car-

2037 3842 2203 3897 nium
2239 3841 2639 3896 fraudulenter
2667 3839 2928 3909 inserat),
2957 3842 3175 3909 quanto
3203 3837 3392 3908 magis
3423 3852 3456 3890 a
3484 3851 3688 3906 corpo-

2037 3931 2204 3986 ribus
2244 3928 2545 3997 masculis,
2577 3928 2806 3984 etiamsi
2855 3926 3260 3982 cunuchorum
3305 3925 3444 3990 sint,
3476 3921 3685 3994 virgini

2037 4017 2403 4075 cavendum?
2428 4017 2574 4073 Nam
2618 4017 2726 4073 etsi
2769 4014 3078 4072 eunuchus
3110 4017 3219 4083 est,
3251 4013 3338 4067 vir
3367 4016 3562 4067 tamen
3595 4014 3687 4066 est

2035 4111 2266 4164 natura.

2104 4197 2188 4252 63,
2218 4195 2724 4263 Quemadmodum
2746 4193 2903 4250 enim
2927 4194 3053 4264 bos,
3077 4192 3177 4265 qui
3200 4207 3380 4247 cornu
3410 4190 3562 4258 ferit,
3584 4189 3681 4244 ab-

2034 4285 2240 4344 scissis
2261 4285 2558 4356 cornibus,
2577 4299 2948 4355 nequaquam
2975 4282 3086 4338 hac
3125 4298 3408 4338 cornuum
3457 4279 3680 4336 abscis-

2033 4377 2199 4432 sione
2228 4377 2418 4432 factus
2449 4378 2540 4430 est
2565 4390 2782 4445 equus;
2815 4371 2915 4427 sed
2938 4371 3128 4427 adhuc
3150 4371 3254 4427 bos
3281 4376 3388 4437 est,
3409 4370 3680 4442 quamvis

2033 4483 2148 4522 non
2181 4465 2439 4537 amplius
2482 4463 2696 4519 habeat
2732 4478 2953 4518 cornua
2985 4477 2999 4516 :
3034 4461 3113 4517 ita
3155 4466 3214 4516 et
3256 4459 3554 4517 masculus
3585 4459 3677 4514 cui

2030 4558 2262 4610 exsecta
2279 4557 2421 4609 sunt
2442 4551 2720 4626 genitalia
2733 4549 2948 4620 omnia,
2966 4565 3342 4622 nequaquam
3364 4548 3472 4605 hac
3489 4564 3680 4605 exsec-

264 4630 516 4727 ἀλλ’-ἔτι
559 4629 728 4727 (tipch
777 4631 888 4689 ἐστὶ
932 4636 1029 4704 τήν
1078 4637 1255 4713 φύσιν,
1288 4637 1384 4693 κᾶν
1435 4641 1510 4712 μὴ
1561 4639 1665 4715 ἔχῃ
1721 4640 1788 4696 τὰ
1820 4642 1921 4715 μό-

2038 4647 2190 4701 tione
2216 4645 2407 4700 factus
2438 4649 2528 4700 est
2557 4643 2795 4712 femina,
2827 4641 2925 4696 sed
2968 4657 3201 4712 semper
3229 4639 3531 4696 masculus
3570 4645 3679 4708 est,

266 4721 382 4777 ὸια.
418 4720 520 4777 Καὶ
551 4721 627 4784 ὡς
671 4721 700 4776 6
737 4726 1058 4799 κερατιστῆς
1104 4726 1552 4802 ἀποκεκομμένος
1597 4730 1665 4785 τὰ
1705 4729 1922 4804 κέρατα,

267 4811 596 4884 κερατιστῆς
629 4808 781 4883 ὅμως
825 4810 938 4868 ἐστὶ
979 4814 1071 4868 τὸν
1121 4816 1290 4889 θυμὸν
1341 4818 1742 4894 (παρεκκλίνων
1793 4825 1924 4895 γοῦν

256 4899 360 4952 τὸν
404 4897 624 4974 αὐχένα,
655 4900 746 4954 καὶ
793 4902 892 4970 τὴν
933 4903 1177 4981 κεφαλὴν
1227 4906 1363 4982 πρὸς
1409 4908 1508 4976 τὴν
1561 4909 1739 4984 ὁρμὴν
1781 4929 1922 4984 σχη-

262 4989 539 5060 ματίζων,
595 4988 697 5056 τὴν
755 4989 986 5060 ἀπειλὴν
1046 4991 1292 5068 ἀσμένως
1353 4993 1715 5054 ἐνδείκνυται·
1775 4995 1925 5054 ἀλλὰ

340 5147 387 5182 ⁴¹
424 5146 590 5204 Rom.
622 5165 663 5220 ι,
691 5149 783 5205 25.
861 5149 908 5185 ⁸³
937 5149 1104 5208 Rom.
1136 5167 1240 5224 vn,
1267 5151 1360 5209 23.

337 5307 452 5378 (50)
483 5305 1038 5383 ualivLLegsndum
1069 5312 1321 5383 videtur,
1349 5309 1543 5383 πάλαι,
1565 5318 1633 5372 ut
1662 5318 1720 5373 et
1748 5315 1925 5376 inter-

254 5381 631 5454 praevertit:1
658 5381 818 5438 Emi.

287 5523 299 5534 _
333 5452 454 5519 (51)
484 5448 765 5534 Ὑπίδειξε.
778 5453 1200 5534 ἓξοηηρηοειιιρ
1230 5457 1458 5517 codices
1507 5475 1652 5517 mss.
1683 5459 1916 5518 Colber-

254 5523 452 5600 tin_t_1_8_,
484 5521 751 5600 ἀπέδειξε.Δ
778 5526 951 5594 Editi,
989 5523 1244 5600 ἐπέδειξε.

331 5595 450 5678 (52)
484 5593 652 5678 Ἔδει.
682 5593 790 5678 ’Βίρ
849 5593 968 5678 tres
1024 5593 1393 5678 πλέθροις-αθ
1448 5602 1572 5661 ι]ωο
1627 5604 1919 5678 scriptura

249 5665 444 5741 paulo
470 5673 605 5741 post
633 5669 1035 5727 confirmatur.
1070 5673 1245 5741 Editi,
1276 5665 1473 5732 ἐδόκει.

330 5739 454 5813 (53)
476 5739 722 5798 Τούτων.
753 5741 844 5800 Sic
893 5743 1091 5817 plures
1120 5739 1267 5805 mss.
1297 5751 1520 5806 Veneta
1559 5747 1758 5818 editio,
1788 5750 1918 5802 τοῦ·

2033 4733 2302 4805 quamvis
2335 4749 2450 4788 non
2480 4731 2695 4788 habeat
2733 4729 3030 4802 genitalia.
3062 4731 3132 4785 Et
3177 4729 3677 4801 quemadmodum

2032 4823 2139 4880 bos
2169 4839 2348 4879 cornu
2383 4821 2618 4884 feriens,
2649 4819 2930 4875 abscissis
2960 4818 3258 4889 cornibus,
3284 4819 3374 4875 ira
3401 4825 3595 4875 tamen
3628 4824 3686 4874 et

2033 4911 2227 4968 furore
2258 4926 2433 4966 cornu
2485 4908 2666 4982 petit;
2715 4906 3007 4979 siquidem
3057 4907 3346 4965 inclinans
3375 4910 3678 4974 cervicem,

2032 5005 2090 5057 et
2117 5005 2295 5074 caput
2349 4998 2678 5056 feriendum
2726 5013 3106 5070 componens,
3146 4998 3340 5054 minas
3389 5015 3504 5055 non
3554 4997 3682 5054 sine

2031 5337 2146 5375 τον.
2182 5319 2552 5384 Parisiensis,
2577 5320 2794 5377 τούτου.

2029 5460 2061 5516 λ
2099 5391 2212 5516 ξ54)
2268 5393 2388 5448 Τῶν
2455 5389 2690 5462 θηλέων.
2755 5391 3030 5451 Nonnulli
3092 5390 3355 5457 codices,
3406 5389 3514 5443 τῶν
3574 5396 3676 5456 θη-

2069 5483 2214 5518 εων.

2274 5534 2452 5608 Πόσῳ.
2519 5536 2612 5593 Sic
2677 5536 2906 5592 codices
2973 5533 3261 5591 nonnulli.
3329 5531 3506 5601 Editi,
3570 5530 3671 5584 πό-

2029 5626 2210 5750 σοῖἑϐ)
2242 5679 2607 5753 :‘Apa‘quSic
2639 5678 2858 5753 habent
2896 5677 3003 5732 hoc
3045 5677 3169 5732 loco
3219 5679 3275 5731 ct
3317 5673 3492 5746 paulo
3542 5677 3676 5746 post

2027 5747 2172 5808 mss.
2194 5747 2421 5822 plures.
2455 5749 2633 5821 Editi,
2663 5747 2851 5824 ἄρα-ης.
