4134 6224
405 400 523 460 799

1359 397 1757 458 APPENDIX
1799 394 2125 457 OPEhUM
2149 396 2238 456 ‘S.
2281 394 2564 458 BASILII
2607 395 2882 459 MAGNI.

3704 391 3826 452 800

405 513 624 604 gaudio
658 527 927 598 intentat,
955 531 1129 598 atque
1159 525 1335 582 etiam
1367 543 1518 598 saepe
1549 526 1702 594 ferit,
1735 525 1967 582 irruens
1998 541 2066 582 ea

2196 524 2262 578 ιαὲ
2296 519 2496 595 ἔπληξε
2524 523 2798 588 πολλάκις
2831 523 3076 590 ἐπελθὼν
3103 527 3186 597 τῷ
3210 523 3357 600 μέρει
3409 528 3514 592 τῆς
3555 519 3831 598 κεφαλῆς,

407 625 574 691 parte
604 617 814 690 capitis
855 617 916 671 in
948 633 1063 687 qua
1105 633 1285 672 cornu
1317 621 1582 672 armatus
1632 617 1840 684 fuerat,
1874 633 1940 672 ac
1970 615 2061 670 fu-

409 709 529 765 rori
561 706 851 763 satisfacit
880 706 988 760 hac
1012 705 1256 761 feriendi
1281 705 1501 776 specie;
1527 705 1609 761 sic
1629 705 1784 760 enim
1813 704 2068 760 afficitur

2172 615 2290 668 καθ’
2321 614 2350 668 ’ὸ
2381 618 2460 686 τῷ
2485 614 2668 690 κέρατι
2702 614 2967 685 ὥπλιστο,
2999 613 3369 692 πληροφορῶν
3402 612 3494 666 τὸν
3534 611 3707 684 θυμὸν
3763 609 3835 680 τῇ

2177 704 2438 781 φαντασίᾳ
2491 713 2592 774 τῆς
2647 705 2910 781 ἐνεργείας
2944 722 2958 737 θ
3015 703 3158 758 οὕτω
3212 703 3312 780 γὰρ
3375 699 3670 764 διατίθεται
3729 698 3833 752 ὑπὸ

408 799 631 869 impetu
671 797 972 867 abpertus,
1005 813 1119 850 non
1151 796 1321 866 quasi
1362 795 1713 866 simpliciter
1743 795 1930 860 feriat,
1964 795 2066 850 sed

2196 801 2276 863 ῖῆς
2309 797 2490 868 ὁρμῆς
2521 795 3017 871 συναρπαζόμενος,
3052 793 3160 868 ούχ
3188 793 3263 854 ὡς
3312 789 3577 861 πλήσσων
3612 787 3832 855 ἁπλῶς,

411 887 580 959 quasi
612 902 815 955 cornu,
847 888 911 939 ut
947 887 1139 950 antea,
1173 883 1449 940 dilaceret
1481 900 1494 940 ε
1530 884 1612 939 ita
1643 887 1700 939 et
1741 882 2064 949 masculus,

414 975 508 1032 cui
540 976 801 1031 abscissa
841 972 1136 1045 genitalia,
1166 973 1469 1029 masculus
1513 978 1710 1028 tamen
1743 977 1832 1028 est
1860 972 2071 1028 vitiosa

413 1065 680 1121 libidine.
723 1063 942 1119 Idcirco
976 1064 1124 1118 677
1158 1068 1215 1118 et
1242 1062 1368 1134 ipse
1408 1062 1588 1119 simili
1634 1063 1806 1119 modo
1837 1078 1966 1118 sese
1995 1061 2067 1117 ad

411 1155 704 1211 actionem
736 1167 1119 1223 componens,
1152 1169 1411 1207 amorem
1445 1152 1632 1224 spirat
1659 1155 1717 1208 et
1744 1153 2071 1208 absurdum

415 1243 692 1298 furorem.
709 1240 858 1304 Quin
883 1240 1058 1296 etiam
1082 1241 1314 1296 irruens
1329 1242 1402 1296 ad
1429 1239 2072 1313 complexum,etiamsi

416 1347 535 1387 non
585 1334 925 1401 corrumpat
980 1329 1091 1385 hac
1141 1333 1304 1401 parte
1333 1328 1649 1402 virginem,
1679 1333 1875 1385 tamen
1907 1328 2073 1400 quasi

419 1422 778 1490 corrumpat,
809 1418 891 1474 ita
921 1419 1238 1489 cupiditate
1279 1437 1382 1491 per
1432 1418 1914 1490 imaginationem
1946 1419 2072 1473 afﬁ-

420 1508 592 1564 citur.
620 1507 785 1563 Illam
823 1513 1017 1562 autem
1048 1507 1121 1562 ad
1154 1513 1459 1578 peccatum
1492 1508 1896 1576 vehememius
1926 1507 2075 1562 inci—

421 1600 576 1662 tans,
610 1595 934 1666 corrumpit
982 1600 1160 1651 totam
1207 1602 1486 1664 mentem,
1519 1615 1586 1653 ac
1617 1598 1812 1670 ipsum
1863 1613 2075 1668 corpus

423 1686 496 1740 ad
529 1684 718 1755 stupri
749 1685 1036 1740 actionem
1069 1691 1240 1741 (nstro
1272 1687 1555 1757 percellit.

2177 881 2324 938 ἀλλὰ
2379 884 2467 939 καὶ
2527 887 2639 959 (57)
2673 884 2746 946 ὡς
2804 884 2866 938 τὸ
2897 883 3022 960 πρὶν
3063 886 3142 955 τῷ
3172 881 3351 956 κέρατι
3385 877 3654 955 διαιρῶ-ιγ
3681 877 3835 932 οὕτω

2177 973 2329 1027 καὶὸ
2362 974 2529 1049 ἄρσην
2567 972 3015 1046 ἀποκεκομμένος
3067 971 3136 1026 τά
3195 971 3380 1044 μόρια,
3439 969 3610 1043 ἅρσην
3672 965 3836 1039 ὅμως

2180 1060 2290 1115 ἐστὶ
2319 1065 2388 1135 τῇ
2423 1061 2685 1136 ἐπιθυμίᾳ
2711 1067 2810 1118 τοῦ
2840 1060 3067 1125 πάθους,
3099 1060 3193 1114 Διὸ
3229 1057 3320 1114 καὶ
3359 1057 3520 1120 αὐτὸς
3570 1055 3712 1111 κατᾶ
3770 1055 3836 1109 τὸ

2181 1149 2374 1224 ὅμοιον
2433 1150 2919 1226 σχηματισάμενος
2979 1149 3118 1224 πρὸς
3180 1149 3281 1217 τήν
3352 1147 3565 1223 πρᾶξιν,
3627 1142 3841 1220 ἔρωτος

2181 1239 2329 1294 πνέει
2386 1241 2476 1294 καὶ
2536 1239 2767 1295 ἐκτόπου
2820 1238 3034 1312 μανίας.
3069 1235 3248 1294 Ἀλλὰ
3301 1236 3391 1290 καὶ
3445 1236 3634 1308 ὁρμῶν
3693 1233 3842 1307 πρὸς

2179 1329 2280 1397 τὴν
2341 1329 2694 1402 συμπλοκὴν,
2753 1326 2847 1383 κᾶν
2911 1328 2987 1401 μὴ
3042 1326 3232 1404 φθείρῃ
3289 1328 3368 1397 τῷ
3430 1327 3578 1399 μέρει
3639 1320 3839 1393 ἐκείνῳ

2185 1417 2436 1492 ἐνοχλῶν
2461 1421 2530 1492 τῇ
2564 1416 2779 1490 θηλείᾳ,
2811 1416 2966 1490 ὅμως
2994 1415 3153 1477 αὐτὸς
3186 1414 3280 1488 μὶν
3341 1413 3414 1475 ὡς
3460 1411 3706 1490 φθείρας,
3738 1411 3844 1479 τήν

2186 1505 2475 1580 ἐπιθυμίαν
2527 1507 2699 1569 οὕτως
2748 1505 2851 1560 ὑπὸ
2877 1512 2980 1575 τῆς
3037 1502 3327 1584 φαντασίας
3384 1499 3671 1556 διάκειται.
3723 1500 3847 1568 Τὴν

2186 1594 2243 1651 δὲ
2272 1596 2406 1670 πρὸς
2453 1598 2554 1665 τήν
2613 1596 2879 1669 ἁμαρτίαν
2938 1593 3258 1669 πικρότερον
3318 1589 3592 1666 ἐρεθίζων,
3627 1587 3844 1665 φθείρει

2189 1686 2283 1759 μὲν
2318 1684 2448 1740 ὅλον
2472 1685 2560 1739 τὸν
2591 1688 2744 1753 νοῦν,
2775 1684 2864 1738 καὶ
2893 1683 2956 1739 τὸ
2988 1686 3147 1756 σῶμα
3177 1679 3233 1736 δὲ
3263 1679 3399 1754 πρὸς
3427 1679 3526 1748 τὴν
3560 1680 3660 1746 τῆς
3702 1687 3844 1751 φθο-

2185 1779 2281 1849 ρᾶς
2309 1776 2498 1850 πρᾶξιν
2531 1773 2753 1849 οἷστρεῖ.

488 1861 580 1915 64.
614 1862 802 1927 Quare
827 1861 875 1916 si
911 1861 1277 1933 prepositum
1317 1866 1407 1918 est
1437 1862 1652 1935 virgini
1680 1863 2074 1934 incorruptam

2255 1866 2343 1920 64.
2388 1863 2480 1918 Διὸ
2539 1860 2687 1937 εἴπερ
2745 1860 2946 1925 σκοπός
3001 1859 3111 1916 ἐστι
3167 1862 3236 1933 τῇ
3289 1856 3552 1954 παρθένῳο
3591 1853 3839 1954 ἄφθορον

420 1966 589 2005 suam
613 1949 947 2006 interiorem
970 1950 1365 2022 virginitatem
1396 1956 1822 2018 servare,caute
1843 1967 2077 2022 semper

420 2055 483 2094 se
513 2044 676 2110 gerat
714 2038 890 2094 etiam
936 2039 996 2094 in
1048 2039 1358 2111 colloquiis
1405 2057 1540 2097 cum
1578 2041 1667 2097 his
1715 2041 2076 2096 hominibus.

420 2127 568 2183 Nam
602 2127 652 2183 si
684 2128 1147 2184 admonitionem
1169 2128 1418 2200 Sirachi,
1438 2146 1562 2200 qua:
1584 2129 1655 2185 ad
1686 2129 2080 2200 integritatem

419 2217 664 2290 virginis
686 2217 964 2274 conducit
985 2218 1322 2290 recipimus,
1351 2220 1518 2287 Quasi
1536 2219 1841 2286 eunuchus,
1865 2219 2080 2290 inquit,

421 2307 776 2378 complectens
834 2309 1112 2376 virginem
1161 2316 1212 2363 et
1261 2310 1622 2378 ingemiscens
1645 2309 1691 2344 ‘3
1735 2326 1749 2364 :
1797 2308 2082 2364 nimirum

428 2395 568 2470 quia
589 2397 746 2468 quod
778 2395 901 2451 vult
925 2397 1113 2452 facere
1145 2413 1259 2453 non
1287 2401 1498 2470 potest.
1531 2397 1673 2454 Item
1701 2399 2083 2454 :Desiderium

425 2483 671 2541 eunuchi
720 2493 799 2539 est
845 2485 1194 2556 devirginare
1221 2486 1556 2558 puellam“.
1589 2487 1707 2543 Etsi
1755 2487 1909 2543 enim
1959 2504 2082 2542 ma-

429 2578 602 2644 trem,
627 2572 844 2644 inquit,
883 2575 956 2629 ob
986 2573 1471 2632 infecunditatem
1502 2577 1689 2632 facere
1720 2594 1835 2632 non
1867 2578 2081 2648 potest,

427 2667 489 2718 at
531 2661 930 2734 virginitatem
980 2663 1031 2719 ei
1077 2665 1205 2719 vult
1249 2664 1491 2734 eripere.
1526 2667 1776 2721 Laudari
1822 2682 1959 2736 ergo
2010 2665 2084 2720 ob

429 2751 761 2808 castitatem
794 2768 908 2807 non
937 2752 1150 2808 debent
1178 2752 1241 2822 ii,
1261 2752 1476 2824 quibus
1497 2753 1765 2810 abscissa
1785 2753 2082 2826 genitalia.

429 2841 632 2912 Neque
661 2840 817 2896 enim
849 2857 1054 2912 equos,
1087 2842 1242 2912 quod
1275 2858 1457 2898 cornu
1490 2859 1605 2898 non
1642 2842 1854 2898 feriant
1882 2841 2086 2898 lauda-

430 2946 591 2998 mus;
611 2931 712 2986 sed
731 2947 831 2986 eos
854 2930 1115 3003 quidem,
1131 2930 1180 2987 si
1200 2947 1315 2987 non
1339 2931 1662 2998 calcitrent,
1679 2931 2081 2988 laudabimus:

434 3019 495 3075 in
523 3019 712 3076 bobus
742 3023 960 3087 autem,
993 3019 1043 3075 si
1068 3036 1250 3075 cornu
1283 3037 1398 3076 non
1431 3020 1661 3091 feriant,
1687 3020 2089 3077 mansuetudi-

435 3124 571 3164 nem
604 3108 814 3164 merito
849 3110 1184 3180 probamus.
1215 3113 1342 3164 Non
1374 3109 1531 3165 enim
1570 3110 1631 3164 in
1662 3127 1776 3181 quo
1808 3110 1940 3182 quis
1971 3126 2088 3165 non

435 3197 771 3269 potest,sed
804 3197 864 3252 in
884 3214 1161 3269 quo,cum
1185 3200 1390 3270 possit,
1407 3199 1478 3254 ad
1501 3199 1777 3270 injuriam
1803 3203 2089 3271 potestate

439 3301 555 3340 non
581 3287 786 3352 utitur,
803 3286 1249 3342 admirationem
1273 3287 1468 3342 habet.
1489 3289 1650 3354 Quod
1675 3287 1724 3342 si
1753 3287 2088 3343 existimant

439 3372 869 3428 abscissionem
898 3373 1242 3445 genitalium
1267 3376 1337 3430 ad
1361 3376 1776 3430 removendum
1799 3376 1870 3431 ab
1894 3378 2093 3432 anima

439 3465 746 3534 peccatum
763 3464 1116 3530 conducere;
1139 3468 1348 3519 eruant
1363 3463 1537 3519 etiam
1556 3463 1883 3536 oculos,qui
1906 3467 2093 3521 multa

442 3555 646 3607 contra
665 3551 948 3608 rationem
980 3551 1312 3620 intuentur;
1338 3553 1657 3624 praecidant
1678 3570 1890 3609 manus
1913 3553 2090 3610 simul

441 3644 500 3696 ct
532 3641 706 3712 pedes
730 3657 743 3696 :
772 3640 1081 3696 obstruant
1101 3641 1277 3697 etiam
1300 3658 1493 3710 aures,
1519 3646 1582 3696 ut
1605 3641 1751 3698 nihil
1776 3645 1985 3698 horum
2008 3643 2094 3698 in-

441 3733 838 3786 strumentum
861 3731 964 3786 fiat
984 3731 1225 3802 peccati.
1252 3730 1349 3786 Vel
1372 3729 1421 3786 si
1441 3730 1601 3787 istud
1626 3731 1864 3802 quidem
1889 3733 2091 3788 absur-

443 3820 585 3875 dum
615 3823 704 3875 est
733 3818 911 3874 simul
943 3823 998 3874 et
1029 3819 1341 3891 furiosum,
1373 3819 1508 3876 totis
1548 3821 1829 3877 membris
1860 3822 2091 3878 undeli-

444 3909 543 3964 bet
563 3907 863 3973 abscissis,
882 3908 1174 3979 reliquum
1197 3925 1410 3981 corpus
1440 3909 1650 3966 inutile
1670 3909 1859 3967 instar
1877 3912 2088 3979 trunci,

446 4003 513 4054 ut
533 3996 766 4065 dicitur,
786 3996 1024 4054 omnino
1047 3997 1331 4069 projicere
1351 4015 1485 4054 cum
1509 3998 1637 4070 ipsa
1661 3999 1784 4055 vitii
1807 4017 2002 4069 causa,
2027 4017 2093 4056 ac

446 4089 644 4142 tamen
675 4087 746 4143 ob
780 4086 1069 4158 imagines
1097 4104 1201 4158 per
1242 4089 1507 4143 membra
1537 4088 1698 4160 prius
1728 4089 2094 4145 introductae

449 4174 645 4232 animo
677 4190 944 4247 peccare;
978 4175 1167 4231 satius
1197 4180 1289 4232 est
1309 4176 1539 4244 relicto;
1573 4176 1654 4231 ita
1683 4181 1748 4232 ut
1778 4178 2092 4234 formatum

450 4267 560 4330 est,
581 4279 842 4335 corpore,
863 4267 1044 4329 casta,
1082 4267 1145 4318 ut
1175 4281 1355 4335 supra
1384 4264 1606 4319 dictum
1637 4268 1747 4332 est,
1779 4283 1846 4320 ac
1875 4277 2096 4338 tempe-

451 4353 604 4407 ranti
636 4354 860 4409 ratione
890 4353 1157 4408 membra
1185 4354 1385 4408 omnia
1422 4369 1641 4425 regere,
1664 4353 1941 4410 virtutem
1980 4373 2097 4412 non

452 4439 822 4496 necessitatis
839 4441 938 4496 sed
961 4441 1278 4496 voluntatis
1303 4445 1513 4496 nostra:
1536 4439 1848 4512 paaclarum
1880 4460 2098 4502 munus

451 4527 790 4584 efficientes.
805 4529 1004 4600 Neque
1023 4545 1156 4585 vero
1177 4529 1247 4584 de
1269 4529 1540 4585 omnibus
1558 4531 1796 4588 omnino
1811 4535 2098 4590 eunuchis

2186 1953 2382 2022 ἑαυτῆς
2408 1955 2506 2022 τὴν
2561 1948 2710 2007 ἔνδον
2770 1950 3054 2023 παρθενίαν
3109 1947 3360 2028 φυλάξαι,
3392 1939 3703 2022 ἀκριϐούτω
3744 1941 3840 1996 καὶ

2185 2044 2283 2104 τὰς
2314 2043 2450 2118 πρὸς
2498 2040 2724 2104 τούτους
2769 2039 2850 2094 ἀεὶ
2906 2037 3151 2112 ὁμιλίας.
3183 2036 3248 2092 Ei
3302 2036 3403 2112 γὰρ
3455 2035 3542 2089 καὶ
3573 2033 3676 2101 τὴν
3737 2034 3843 2086 τοῦ

2190 2132 2371 2208 Σιρᾶχ
2414 2130 2723 2207 παραίνεσιν
2783 2123 3248 2203 συμϐαλλομένην
3311 2123 3388 2186 εἷς
3445 2124 3508 2178 τὸ
3566 2119 3851 2198 ἄχραντον

2186 2227 2290 2292 τῆς
2345 2219 2612 2295 παρθένου
2841 2215 3139 2292 δεχόμεθα,
3195 2216 3285 2276 Ὠς
3342 2212 3627 2288 εὐνοῦχος,
3679 2210 3845 2288 φησί,

2190 2304 2613 2386 περιλαμϐάνων
2701 2306 2985 2381 παρθένον,
3040 2304 3130 2360 καὶ
3204 2303 3491 2372 στενάζων
3540 2301 3762 2361 πάντως
3794 2295 3856 2354 δὲ

2192 2398 2273 2455 ὅτι
2307 2399 2374 2454 ού
2405 2395 2623 2453 δύναται
2652 2396 2680 2451 ’ὀ
2715 2395 2968 2471 βούλιτθι
3000 2395 3217 2466 πρᾶξαι.
3251 2392 3374 2462 Καὶ,
3408 2388 3707 2461 Ἐπιθυμία
3757 2387 3853 2442 εύ-

2191 2488 2396 2564 νούχου
2427 2486 2877 2563 ἆποπαρθενῶσαι
2933 2479 3168 2540 νεάνιδα.
3201 2481 3266 2540 Ei
3317 2481 3408 2536 καὶ
3459 2479 3670 2554 μητέρα
3715 2479 3852 2553 γὰρ,

2193 2578 2349 2658 φησὶ,
2383 2574 2472 2631 διὰ
2525 2578 2587 2632 τὸ
2645 2572 2838 2651 ἄγονον
2896 2574 2960 2628 ού
3018 2577 3186 2644 ποιεῖ,
3222 2569 3348 2626 ἀλλ’
3372 2569 3850 2658 ἀποπαρθενεῦσαι

2193 2655 2359 2737 αὐτὴν
2415 2665 2582 2722 θέλει.
2615 2663 2691 2723 Ού
2746 2663 2928 2718 τοίνυν
2988 2660 3074 2716 ἐπὶ
3125 2658 3447 2738 σωφροσύνῃ
3506 2655 3848 2712 ἐπαινεῖσθαι

2193 2758 2458 2834 προσήκει
2487 2753 2618 2816 τοὺς
2674 2753 3159 2825 ἀποκοπτομὲνους
3214 2748 3280 2804 τά
3329 2749 3515 2822 μόρια.
3548 2742 3689 2804 Οὐδὲ

2191 2832 2320 2908 τοὺς
2367 2844 2572 2908 ’ίππους
2620 2845 2693 2905 ὡς
2747 2843 2822 2916 μὴ
2868 2838 3243 2915 κερατίζοντας
3300 2836 3644 2909 ἐπαινοῦμεν,
3696 2832 3851 2888 ἀλλὰ

2193 2937 2418 2992 τούτους
2453 2935 2545 3008 μὲν
2577 2933 2624 2987 εἲ
2676 2933 2751 3005 μὴ
2803 2931 3147 3000 λακτίζουσιν
3199 2925 3570 2998 ἐπαινέσομεν·
3602 2922 3732 2985 τοὺς
3790 2921 3849 2977 δὲ

2201 3027 2351 3101 βοῦς,
2385 3023 2432 3078 εἷ’
2477 3025 2588 3096 (59)
2645 3021 2719 3094 μὴ
2770 3019 3131 3094 κερατίζουσι,
3163 3024 3262 3086 τῆς
3315 3012 3852 3101 ἡμερότητοςλκατὶι

2197 3099 2360 3188 λόγον
2416 3108 2803 3183 ἀποδεξόμεθα.
2838 3107 2914 3167 Ού
2972 3107 3073 3184 γὰρ
3129 3106 3182 3162 ἐν
3237 3106 3282 3177 ᾧ
3333 3105 3407 3178 μὴ
3460 3099 3685 3158 δύναταί
3741 3122 3850 3168 τις,

2200 3202 2326 3259 ἀλλ’
2357 3203 2408 3257 έν
2442 3202 2487 3274 ᾧ
2521 3197 2814 3273 δυνάμενος
2843 3199 2945 3253 οὐκ
2973 3196 3048 3260 εἷς
3081 3194 3295 3251 ἀδικίαν
3327 3196 3592 3269 κέχρήττι
3623 3194 3695 3265 τῇ
3759 3188 3857 3245 δυ-

2199 3290 2378 3364 νάμει,
2435 3289 2784 3362 θαυμάζεται.
2817 3287 2886 3344 Ei’
2937 3284 2995 3341 δὶ
3042 3283 3247 3341 οἴονταί
3297 3305 3349 3338 τι
3405 3283 3505 3351 τὴν
3561 3281 3857 3348 ἀποκοπὴν

2198 3385 2306 3434 τῶν
2343 3378 2547 3453 μορίων
2583 3376 2660 3439 εἷς
2688 3377 2788 3446 τὴν
2844 3378 2947 3441 τῆς
3002 3377 3190 3450 ψυχῆς
3247 3370 3656 3446 ἀναμαρτησίαν
3713 3390 3861 3441 συμ-

2201 3463 2519 3536 ϐάλλεσθαι,
2554 3465 2934 3539 ἐκκοψάτωσαν
2977 3463 3066 3519 καὶ
3115 3463 3244 3525 τοὺς
3292 3458 3632 3540 ὀφθαλμοὺς,
3666 3456 3862 3513 πολλὰ

2199 3557 2344 3632 παρὰ
2392 3555 2559 3631 λόγον
2638 3549 3013 3627 ἐμϐλέποντας
3071 3555 3184 3626 (60)
3213 3572 3226 3586 ·
3281 3548 3856 3626 ἀκρωτηριασάτωσαν

2201 3643 2257 3700 δὲ
2313 3645 2407 3708 τὰς
2460 3648 2652 3719 χεῖρας
2713 3644 2854 3713 ὁμοῦ
2911 3643 2999 3697 καὶ
3057 3640 3186 3703 τοὺς
3217 3637 3407 3704 πόδας*
3439 3633 3859 3694 ἒπιὸυσάτωσαν

2202 3733 2260 3790 δὲ
2286 3734 2375 3789 καὶ
2403 3734 2502 3802 τὴν
2535 3734 2726 3803 ἀκοὴν,
2753 3730 2846 3787 ’ίνα
2880 3728 3048 3804 μηδὲν
3079 3729 3286 3786 τούτων
3347 3731 3572 3805 ὄργανον
3629 3725 3858 3802 γένηται

2201 3821 2488 3900 ἁμαρτίας.
2521 3823 2597 3878 ’Π
2647 3825 2808 3876 τοῦτο
2870 3821 2966 3894 μὲν
3025 3817 3225 3894 ἄλογον
3286 3819 3398 3892 ἅμα
3434 3816 3523 3871 καὶ
3560 3813 3856 3890 μανιῶδες,

2203 3912 2306 3969 ὅλα
2355 3913 2424 3967 τὰ
2477 3909 2615 3985 μέλη
2675 3910 3014 3985 πανταχόθεν
3073 3909 3492 3983 περικόψαντας,
3523 3905 3585 3961 τὸ
3637 3902 3706 3973 δὴ
3764 3903 3859 3960 λε-

2200 4004 2456 4078 γόμενον,
2514 4004 2728 4072 κορμοῦ
2785 3997 2940 4066 δίκην
2998 4000 3060 4053 τὸ
3117 3995 3313 4052 λοιπὸν
3385 3999 3544 4069 σῶμα
3623 3995 3858 4069 ἀχρεῖον

2203 4088 2396 4151 ἅπλῶς
2426 4088 2726 4165 ἀπορρῖψαι
2779 4088 2913 4162 μετὰ
2957 4091 3052 4143 τνῦ
3100 4086 3301 4155 αῗτίου,
3343 4084 3494 4158 ὅμως
3539 4088 3660 4145 ταῖς
3717 4103 3863 4160 προ-

2205 4173 2501 4242 λαῦούσαις
2531 4174 2619 4232 διὰ
2670 4181 2780 4232 τῶν
2841 4173 3026 4250 μελῶν
3086 4175 3399 4254 φαντασίαις
3450 4173 3550 4242 τὴν
3608 4169 3860 4227 διάνοιαν

2205 4266 2529 4343 ἁμαρτάνειν
2565 4285 2580 4300 ⁸
2633 4264 2888 4328 ἐάσαντας
2947 4263 3004 4320 δὲ
3062 4267 3195 4339 (61),
3255 4264 3329 4326 ὡς
3396 4261 3663 4331 ἐπλάσθη,
3720 4262 3863 4316 xxxi

2203 4358 2295 4412 τὸν
2329 4354 2580 4432 ἀνωτέρω
2611 4353 2800 4428 λόγον,
2827 4355 3064 4431 σώφρονι
3099 4352 3353 4429 λογισμῷ
3394 4353 3637 4427 ἡνιοχεῖν
3686 4349 3865 4404 πάντα

2203 4448 2272 4502 τὰ
2324 4444 2489 4519 μέλη,
2523 4445 2622 4499 οὑκ
2671 4442 2930 4520 ἀνάγκης,
2961 4441 3108 4499 ἀλλᾶ
3160 4441 3528 4518 προαιρέσεως
3583 4439 3864 4514 ἡμετέρας

2204 4535 2268 4589 τὸ
2321 4533 2653 4609 κατόρθωμα
2683 4531 2745 4586 τὸ
2773 4529 2945 4587 καλὸν
2991 4530 3378 4604 ποιουμένους.
3410 4529 3487 4588 Ού
3536 4527 3663 4603 περὶ
3719 4529 3866 4584 πάν-

455 4633 522 4673 ea
553 4616 806 4674 diximus
837 4634 962 4689 quas
1011 4618 1296 4675 hactenus
1339 4619 1740 4690 exposuimus,
1763 4623 1864 4678 sed
1913 4624 1984 4679 de
2026 4623 2086 4680 iis

2204 4643 2312 4678 των
2347 4619 2404 4676 δὲ
2451 4620 2690 4678 καθόλου
2749 4619 3027 4696 εὐνούχων
3080 4620 3149 4676 τὰ
3202 4617 3591 4693 προεκτεθέντα
3636 4617 3865 4694 εἴρηκα-

455 4705 578 4778 qui,
602 4709 666 4762 ul
697 4707 810 4763 sibi
839 4707 1136 4765 licentiam
1168 4707 1478 4766 concilient
1498 4726 1630 4766 cum
1654 4711 1888 4767 feminis
1911 4713 1982 4768 ad
2006 4730 2096 4769 ar-

453 4795 695 4851 bitrium
726 4796 977 4869 vivendi,
1008 4797 1359 4870 semetipsos
1387 4799 1565 4855 stulte
1593 4805 1995 4858 exsecuerunt.
2023 4805 2099 4858 Ac

409 4950 413 4954 ,
452 4885 774 4957 generatim
804 4889 873 4943 de
902 4888 996 4957 iis,
1030 4888 1129 4960 qui
1161 4888 1473 4944 mulierum
1503 4889 1933 4948 familiaritates
1964 4907 2100 4964 per-

452 4979 806 5046 sequuntur,
840 4977 960 5032 haec
989 4978 1264 5034 diximus.
1291 4978 1569 5035 Novimus
1608 4979 1766 5036 enim
1816 4982 2100 5054 quemad-

454 5065 697 5121 modum
727 5065 834 5120 viri
865 5066 1139 5124 mulieres
1171 5073 1374 5124 sancte
1411 5072 1682 5141 tangunt,
1716 5069 1800 5127 ita
1827 5074 1885 5128 et
1914 5086 2099 5127 eunu-

523 5211 569 5246 ⁴³
600 5209 777 5267 Eccli.
806 5227 941 5282 xxx,
972 5211 1063 5266 21.
1139 5212 1186 5247 “
1216 5211 1388 5268 Eccli.
1421 5229 1517 5282 xx,
1552 5214 1602 5269 1.

524 5357 637 5430 (57)
668 5353 849 5412 Ἀλλὰ
902 5353 1011 5413 καί.
1064 5357 1410 5430 Conjunctio
1471 5357 1672 5415 addita
1717 5375 1787 5414 ex
1833 5359 2111 5432 pluribus,

453 5443 598 5484 mss.

669 5501 784 5584 2-755
813 5499 1104 5584 παρθένου.
1142 5506 1459 5584 Qupﬂmss”
1485 5504 1586 5568 τῆς
1612 5498 1923 5584 παρθείίας.

526 5568 813 5648 (59)-Τοῦς
853 5568 911 5626 δὲ
953 5573 1102 5648 βοῦς,
1136 5572 1202 5630 εἰ.
1232 5572 1325 5648 Sic
1372 5587 1481 5648 ope
1527 5568 1745 5648 codicis
1791 5573 2103 5630 Colbertini

457 5644 901 5719 emendavimus
955 5644 1226 5719 vitiosam
1273 5644 1592 5719 lectionem
1628 5645 1949 5719 vulgatam,
1981 5651 2100 5709 τοῖς

457 5709 514 5768 δὶ
548 5714 726 5789 βουσι.
767 5717 992 5774 Ibidem
1041 5717 1129 5776 his
1176 5733 1368 5789 voces,
1396 5713 1533 5772 κατά
1578 5709 1766 5794 λόγον,
1797 5709 2014 5777 desunt
2040 5720 2101 5776 in

2212 4733 2332 4787 μεν,
2365 4709 2512 4767 ἀλλά
2567 4710 2692 4786 περὶ
2742 4715 2850 4765 τῶν
2892 4707 2965 4764 ἵν’
3023 4709 3264 4781 ἐξουσίαν
3334 4709 3544 4770 ἑαυτοῖς
3601 4727 3870 4782 πραγμα-

2205 4800 2522 4871 τεύσωνται,
2553 4799 2630 4862 ὡς
2685 4797 2935 4854 θέλουσιν
2995 4796 3214 4872 ὁμιλεῖν
3270 4797 3532 4873 γυναιξὶν,
3581 4797 3868 4870 ἀποκοψα-

2213 4890 2388 4965 μένων
2444 4884 2680 4951 ἀτόπως.
2716 4889 2823 4945 Καὶ
2881 4887 3120 4944 καθόλου
3175 4886 3300 4964 περὶ
3342 4893 3450 4944 τῶν
3481 4886 3575 4949 τὰς
3607 4887 3747 4960 πρὸς
3805 4886 3869 4940 τὸ

2210 4979 2352 5046 θῆλυ
2388 4974 2668 5053 διατριϐὰς
2704 4975 3149 5052 μεταδιωκόντων
3181 4976 3348 5033 ταῦτά
3393 4997 3589 5056 φαμεν.
3622 4971 3870 5048 Οἴδαμεν

2212 5069 2338 5146 γὰρ,
2373 5067 2454 5125 ὅτι
2516 5069 2590 5131 ὡς
2636 5067 2804 5145 άγίως
2853 5069 3114 5125 ἅπτονται
3162 5064 3351 5143 ἄνδρες
3397 5069 3694 5142 γυναικῶν,
3725 5065 3871 5120 οὕτω

2213 5359 2486 5432 pluribus
2518 5377 2663 5432 mss.

2286 5427 2891 5558 ﬂvﬁpexemm.
2957 5433 3052 5491 Sic
3111 5431 3312 5505 plures
3381 5429 3632 5489 codices.
3706 5427 3875 5498 Edili,

2215 5499 2541 5579 Wﬁdmcl

2212 5571 2240 5701 ὲ
2270 5577 2396 5662 _(61)
2428 5576 2514 5634 At.
2559 5578 2654 5636 Sic
2702 5578 2880 5637 editio
2925 5577 3152 5635 Veneta
3203 5579 3263 5632 et
3299 5591 3441 5633 mss.
3493 5571 3874 5639 Parisiensis,

2246 5667 2313 5701 ιι.

2246 5667 2313 5705 ει.
