4134 6224
294 310 408 371 801

1536 307 1768 369 LIBER
1806 306 1911 367 DE
1950 306 2481 370 VIRGINITATE.

3587 315 3711 378 802

293 437 382 494 καὶ
414 438 467 492 οἱ
497 438 754 513 εὐνοῦχοι
780 440 861 510 τῷ
887 437 940 508 ἐξ
970 435 1238 499 ἀκουσίως
1268 438 1408 510 (61')
1438 429 1811 509 συμϐεϐηκότι
1841 435 1941 490 αύ-

2058 436 2216 506 chos,
2250 437 2353 510 qui
2379 442 2513 511 post
2541 438 2804 511 corporis
2848 439 3262 498 castrationem
3313 460 3430 498 non
3458 443 3716 504 libenter

292 531 409 589 τοῖς
439 526 577 581 κατά
602 527 664 580 τὸ
692 529 850 598 σῶμα
880 523 1357 598 εὖνουχισμῷ,τὸν
1379 524 1622 579 ἑκούσιον
1641 530 1742 594 τῆς
1764 527 1949 599 ψυχῆς

295 617 659 692 εὖνουχισμὸν
690 615 930 693 σώφρονι
965 612 1218 691 λογισμῷ
1265 614 1487 676 ἑαυτοὺς
1521 613 1949 689 εὐνουχίσαντες,

296 710 550 782 καθαρῶς
603 705 837 780 γυναιξὶν
897 702 1179 777 ὁμιλοῦσι.
1239 702 1351 760 Τοῖ’)
1406 701 1464 758 δὲ
1520 697 1780 780 ἀκριϐοῦς
1840 704 1953 775 ἅμα

303 798 392 851 καὶ
453 796 730 870 ἁχράντου
785 790 942 848 ἓνεκα
1000 793 1436 870 μαρθτυρόμεθα,
1495 790 1577 846 ὅτι
1629 793 1703 854 ὡς
1758 789 1950 869 ἄνδρες

300 884 458 956 ἥδιον
516 877 1073 962 συναναστρεφόμενοι
1131 882 1358 959 γυναιξὶ,
1393 881 1618 944 δικαίως
1674 883 1793 946 καθ’
1822 883 1949 936 ἑαυ-

294 979 404 1030 τῶν
436 973 670 1049 αίσχράς
705 972 959 1033 ὑπονοίας
986 975 1248 1026 κινοῦσινο
1282 971 1426 1026 οὕτω
1455 970 1545 1026 καὶ
1595 972 1645 1026 οὶ
1696 971 1949 1046 εὐνοῦχοι

294 1069 415 1128 ταῖς
470 1067 580 1118 τῶν
634 1065 903 1138 γυναικῶν
965 1055 1266 1138 διατριϐαῖς
1323 1058 1660 1138 έμφωλεύειν
1721 1057 1954 1115 σπουδά-

299 1159 504 1224 ζοντες,
539 1151 602 1207 οὐ
656 1152 928 1228 καθαροὺς
985 1149 1208 1212 ἑαυτοὺς
1267 1150 1535 1204 ὑπονοιῶν
1595 1147 1950 1206 ἀπολύουσιν.

297 1243 365 1299 Οἱ
392 1241 494 1319 γὰρ
523 1242 624 1311 τὴν
653 1241 791 1316 πρὸς
841 1238 984 1310 θῆλυ
1031 1238 1257 1312 ὁμιλίαν
1311 1238 1410 1292 οὑκ
1455 1235 1773 1313 ἀδιάφορον,
1805 1235 1954 1293 ἀλλά

297 1327 706 1408 προθυμοτέραν
759 1327 1106 1401 ποιούμενοι,
1138 1327 1238 1382 οὐκ
1283 1325 1499 1389 ἀτόπως
1559 1326 1618 1380 ἂν
1684 1327 1788 1382 ὑπὸ
1844 1330 1949 1381 τῶν

297 1419 740 1497 προεκκειμένων
792 1421 894 1491 τῇς
951 1417 1164 1494 φύσεως
1223 1414 1505 1492 λογισμῶν
1565 1415 1653 1470 ἐπὶ
1716 1415 1780 1470 τὸ
1838 1419 1955 1490 χεῖ-

301 1529 392 1584 ρον
425 1509 541 1582 (62)
574 1503 783 1581 ἀνδρῶν
813 1504 1249 1575 στηλιτεύοιντο.
1279 1507 1399 1562 ⁶Ὀτι
1449 1503 1534 1560 ἐπ’
1570 1503 1788 1559 ἐκείνων
1856 1505 1949 1578 μὲν

300 1594 572 1668 ἡέξουσία
619 1599 716 1650 νοῦ
775 1591 1025 1659 δύνασθαι
1079 1594 1187 1668 πρὸ
1243 1592 1546 1669 ἀφθαλμῶν
1591 1598 1800 1658 τιθεῖσα
1853 1593 1953 1647 αύ-

300 1691 416 1748 τοῖς
472 1686 534 1740 τὸ
593 1682 942 1757 ἀποτέλεσμα
995 1687 1092 1738 τοῦ
1172 1684 1588 1758 ἁμαρτήματος,
1649 1677 1805 1761 φόϐῳ
1855 1686 1951 1737 τοῦ

302 1777 618 1848 πτώματος,
649 1779 750 1844 τῆς
781 1773 920 1828 κατά
957 1773 1057 1842 τήν
1122 1771 1385 1848 βούλησιν
1440 1771 1638 1834 αὐτοὺς
1686 1771 1949 1845 ἁμαρτίας

304 1861 639 1920 ἀναστέλλει.
675 1864 932 1920 Ἐνταῦθα
963 1859 1021 1916 δὲ
1067 1864 1101 1932 ἡ
1153 1859 1423 1934 ἀδυναμία
1478 1864 1574 1916 τοῦ
1624 1859 1945 1916 ἀποτελέσαι

297 1953 327 2007 ’ὁ
365 1950 686 2027 βούλονται,
718 1949 1039 2024 τολμηροὺς
1070 1951 1267 2012 αὐτοὺς
1308 1949 1445 2026 πρὸς
1502 1950 1601 2018 τὴν
1645 1949 1944 2005 ἀπόλαυσιν

293 2049 393 2112 τῆς
418 2041 706 2114 ἐπιθυμίας
736 2045 989 2108 ποιοῦσα,
1019 2040 1120 2109 τὴν
1154 2038 1213 2094 ἐκ
1249 2046 1349 2108 τῆς
1404 2037 1722 2114 βουλήσεως
1769 2039 1946 2113 ἀμαρ-

291 2131 413 2187 τίαν
444 2130 496 2186 έν
527 2130 712 2192 αὐτοῖς
742 2125 821 2186 ἔτι
855 2127 1069 2203 μᾶλλον
1103 2127 1312 2199 ἐξάπτει
1347 2131 1482 2203 (63).

364 2224 453 2278 65.
487 2217 700 2292 Μηδεὶς
731 2216 788 2274 δὲ
819 2217 1206 2274 ἐπισκωπτέτω
1243 2223 1322 2290 τῷ
1353 2217 1524 2294 λόγῳ,
1559 2217 1633 2280 ὡς
1681 2217 1829 2292 παρᾶ
1882 2217 1944 2272 τὸ

287 2311 494 2386 πρέπον
525 2314 605 2382 τῷ
625 2310 933 2384 παρθενικῴ
962 2305 1081 2376 ἤθει
1113 2306 1190 2368 εἷς
1240 2308 1340 2375 τὴν
1401 2306 1629 2382 θεωρίαν
1687 2313 1787 2377 τῆς
1841 2305 1944 2385 φύ-

290 2419 426 2461 σεως
453 2402 550 2454 τοῦ
581 2396 800 2474 ἅῤῥενος
848 2392 1228 2471 ἐμϐαθύνοντι.
1271 2397 1498 2472 Ηρῶτον
1555 2395 1674 2469 μὲν,
1705 2393 1790 2450 ὅτι
1849 2397 1942 2451 οὐ·

294 2485 456 2562 δεμία
481 2486 623 2542 οὕτω
652 2485 821 2558 νηπία
862 2485 972 2541 ἐστὶ
1011 2484 1294 2562 παρθένος,
1324 2480 1515 2555 ἡϐῶσα
1570 2490 1649 2558 τῷ
1707 2484 1941 2559 σώματι,

295 2579 372 2639 ὡς
406 2577 618 2636 ἀγνοεῖν
647 2596 698 2630 τι
727 2580 835 2630 τῶν
865 2574 916 2630 έν
947 2578 1014 2649 τῇ
1048 2573 1200 2650 φύσει
1244 2573 1469 2643 ἐκείνου,
1503 2575 1565 2629 οὗ
1620 2581 1719 2644 τῆς
1770 2573 1939 2629 πλευ-

293 2671 391 2743 ρᾶς
447 2663 958 2736 ἀπεσπάσθη.Ἕως
1017 2664 1110 2738 μὲν
1169 2665 1269 2740 γὰρ
1327 2663 1494 2732 ἀτελῆ
1552 2684 1610 2718 τε
1661 2664 1751 2718 γαὶ
1793 2660 1943 2738 ἄωρά

290 2755 405 2810 ἐστι
459 2753 596 2830 πρὸς
650 2755 749 2823 τήν
805 2755 1036 2832 φυσικὴν
1083 2753 1343 2828 ἐνέργειαν
1373 2752 1442 2808 τὰ
1476 2751 1617 2826 μέλη
1679 2757 1774 2807 τοῦ
1835 2774 1940 2806 σω-

295 2864 466 2917 ματος
498 2841 685 2912 αὖτῆς,
716 2841 806 2896 καὶ
839 2839 905 2910 δὴ
938 2842 967 2896 ὁ
996 2841 1166 2913 νόμος
1196 2847 1296 2911 τῆς
1339 2841 1604 2916 ἁμαρτίας
1654 2839 1936 2915 σχολάζει,

295 2933 388 2988 καὶ
418 2930 637 3008 ἄγνοιαν
663 2932 798 2993 ἳσως
829 2929 888 2985 ἄν
917 2951 1001 2993 τις
1055 2928 1196 2986 ε’ίποι
1249 2937 1350 3000 τῆς
1411 2936 1641 3001 φυσικῆς
1696 2930 1942 3004 πράξεως

287 3020 428 3084 τέως
453 3025 734 3096 προσεῖναι
763 3025 879 3082 τοῖς
915 3018 1158 3093 μέλεσιν,
1191 3018 1236 3073 εί
1283 3018 1373 3073 καὶ
1422 3018 1506 3073 ὅτι
1553 3017 1789 3092 μάλιστα
1842 3017 1940 3073 αύ-

286 3111 546 3184 τομάτως
578 3112 687 3182 (64)
719 3111 754 3179 ἡ
789 3110 946 3187 φύσις
977 3109 1114 3186 πρὸς
1144 3109 1207 3163 τὸ
1241 3108 1440 3163 οἰκεῖον
1469 3106 1698 3184 βαδίζει,
1729 3109 1802 3170 ὡς
1850 3106 1938 3163 ἐπὶ

2059 531 2418 598 susceptam,
2443 527 2829 583 voluntariam
2863 529 3071 584 animae
3102 531 3521 588 castrationem
3552 541 3714 591 casta

2061 633 2126 671 ac
2143 617 2488 687 temperanti
2507 617 2858 689 cogitatione
2874 617 3260 692 sibimetipsis
3284 621 3715 696 interunt,pure

2061 721 2194 760 cum
2228 705 2574 761 mulieribus
2607 707 2844 762 versari.
2871 707 2981 762 Sed
3004 708 3294 766 cautionis
3328 711 3506 767 simul
3538 718 3597 769 et
3625 715 3714 769 in-

2060 794 2352 868 tegritatis
2395 811 2574 852 causa
2603 800 3025 869 contestamur,
3054 800 3551 868 quemadmodum
3583 802 3715 872 viri,

2061 885 2160 956 qui
2193 885 2442 940 libenter
2470 901 2603 940 cum
2637 885 2986 942 mulieribus
3033 893 3360 957 versantur,
3404 894 3605 964 turpes
3655 894 3714 948 in

2060 974 2410 1046 semetipsos
2459 975 2827 1047 suspiciones
2877 981 3111 1032 movent
3147 993 3159 1032 :
3192 978 3275 1033 ita
3303 983 3360 1034 et
3408 982 3714 1039 eunuchos

2061 1062 2159 1132 qui
2194 1064 2250 1117 in
2284 1063 2598 1120 mulierum
2638 1065 3044 1121 contuberniis
3078 1065 3326 1122 latibula
3356 1085 3466 1123 sua
3493 1072 3718 1126 consti-

2061 1155 2224 1206 tuere
2243 1152 2468 1221 volunt,
2495 1170 2673 1225 puros
2696 1154 3040 1226 semetipsos
3070 1173 3104 1210 a
3133 1156 3570 1227 suspicionibus
3600 1177 3715 1216 non

2061 1244 2506 1312 praestareNam
2540 1241 2638 1313 qui
2669 1242 2822 1298 678
2855 1259 2988 1299 cum
3012 1243 3360 1300 mulieribus
3390 1263 3504 1302 non
3538 1248 3715 1304 indif-

2061 1328 2331 1396 ferenter,
2382 1331 2484 1386 sed
2541 1332 2752 1403 cupide
2798 1336 3128 1402 versantur,
3177 1350 3295 1389 non
3345 1335 3600 1392 absurde
3649 1354 3718 1393 ex

2062 1419 2393 1474 manifestis
2453 1424 2675 1475 naturze
2737 1420 3068 1476 rationibus
3126 1423 3294 1494 pejus
3359 1440 3534 1496 quam
3603 1426 3716 1482 viri

2059 1509 2480 1579 vituperentur.
2513 1513 2658 1566 Nam
2705 1510 2765 1564 in
2815 1509 2957 1568 viris
3015 1510 3265 1566 facultas
3319 1529 3438 1585 qua
3490 1515 3718 1586 praediti

2060 1602 2219 1665 sunt,
2252 1597 2394 1652 dum
2427 1598 2511 1654 eis
2541 1602 2676 1654 ante
2706 1598 2907 1654 oculos
2949 1599 3116 1670 ponit
3146 1599 3436 1658 actionem
3468 1605 3719 1674 peccati,

2058 1683 2262 1756 lapsus
2292 1690 2451 1742 metu
2485 1703 2584 1743 eos
2615 1705 2650 1742 a
2683 1695 2943 1759 peccato,
2978 1689 3136 1760 quod
3158 1689 3456 1746 voluntate
3487 1693 3720 1763 perﬁci-

1978 1811 2028 1876 B
2061 1779 2177 1842 tur,
2227 1775 2492 1832 reﬂectit.
2545 1776 2646 1831 llic
2715 1779 2915 1832 autem
2973 1777 3322 1847 impotentia
3372 1780 3716 1851 perficiendi

2059 1864 2212 1934 quod
2244 1863 2468 1934 volunt,
2501 1865 2755 1920 audaces
2785 1865 2918 1921 illos
2949 1866 3022 1921 ad
3063 1867 3480 1938 perfruendam
3512 1868 3714 1925 libidi-

2057 1968 2191 2007 nem
2243 1952 2526 2020 efﬁciens,
2562 1957 2889 2024 peccatum,
2935 1955 3091 2024 quod
3136 1954 3437 2012 voluntate
3481 1958 3716 2029 perﬁci-

2055 2045 2174 2111 tur,
2206 2042 2398 2098 adhuc
2425 2041 2616 2114 magis
2646 2043 2706 2097 in
2739 2043 2826 2098 eis
2857 2041 3141 2098 accendit.

2124 2221 2214 2275 65.
2246 2220 2428 2276 Nemo
2457 2223 2656 2276 autem
2686 2219 2912 2276 vellicet
2959 2219 3117 2275 hunc
3171 2236 3502 2277 sermonem
3536 2224 3710 2294 quasi

2055 2310 2253 2366 minus
2275 2309 2683 2365 convenienter
2698 2309 2974 2381 virgineis
2993 2309 3257 2365 moribus
3279 2309 3339 2364 in
3363 2311 3714 2382 speculatio-

2054 2417 2187 2456 nem
2239 2404 2462 2456 naturze
2509 2399 2757 2456 masculi
2810 2403 3093 2471 penetret.
3127 2403 3272 2455 Nam
3323 2401 3512 2472 primo
3547 2401 3712 2459 nulla

2053 2491 2196 2546 adeo
2227 2490 2422 2546 infans
2453 2493 2542 2544 est
2571 2489 2756 2561 virgo,
2790 2491 2963 2545 modo
2994 2489 3222 2560 pubens
3253 2489 3330 2544 sit
3358 2506 3624 2562 corpore,
3647 2496 3711 2548 ut

2052 2579 2373 2651 quidquam
2405 2577 2632 2650 ignoret
2661 2579 2735 2633 ad
2767 2581 3041 2634 naturam
3065 2577 3224 2634 illius
3245 2577 3710 2651 attinens,cujus

2051 2685 2084 2724 e
2112 2668 2292 2724 latere
2324 2666 2527 2724 avulsa
2555 2670 2645 2723 est
2673 2667 2737 2722 ‘5.
2771 2667 3062 2732 Quamdiu
3095 2667 3249 2723 enim
3279 2667 3626 2740 imperfecta
3655 2673 3714 2725 et

2050 2757 2371 2813 immatura
2399 2761 2538 2814 sunt
2568 2757 2640 2813 ad
2665 2755 2993 2812 naturalem
3023 2757 3418 2828 operationem
3437 2759 3711 2814 membra

2048 2846 2207 2902 illius
2238 2846 2524 2918 corporis,
2555 2862 2620 2900 ac
2650 2845 2740 2902 lex
2770 2844 2992 2917 peccati
3018 2845 3261 2901 feriatur
3295 2863 3310 2916 ;
3343 2846 3487 2901 forte
3531 2847 3709 2903 etiam

2051 2935 2182 3007 quis
2210 2935 2637 3008 ignorationem
2670 2933 2961 2990 naturalis
2990 2933 3238 2989 actionis
3261 2933 3496 2990 interim
3520 2950 3709 2991 mem-

2048 3024 2170 3098 bris
2201 3024 2395 3080 inesse
2425 3022 2636 3078 dixerit
2669 3040 2681 3079 :
2715 3023 2826 3078 etsi
2860 3038 3038 3094 quam
3071 3021 3325 3078 maxime
3357 3027 3568 3079 natura
3601 3041 3710 3080 sua

2054 3117 2261 3185 sponte
2287 3112 2662 3186 progreditur
2693 3112 2767 3168 ad
2799 3111 2856 3167 id
2891 3112 3044 3183 quod
3076 3111 3188 3168 sibi
3234 3113 3523 3183 convenit,
3555 3117 3620 3168 ut
3649 3113 3710 3170 in

287 3204 399 3255 τῶν
428 3198 649 3275 ἀλόγων
683 3192 821 3253 ἔστιν
857 3194 1015 3271 ἴδεῖν,
1044 3196 1418 3272 αὐτοδιδάκτῳ
1449 3201 1517 3272 τῇ
1558 3197 1712 3276 φύσει
1761 3197 1943 3254 εὐστο-

2059 3179 2245 3258 ὺ-τιιιὶε
2277 3179 2471 3257 videre
2499 3205 2612 3269 est,
2662 3217 2791 3272 quae
2839 3179 3044 3256 edocta
3082 3217 3192 3256 sua
3240 3206 3448 3272 sponte
3497 3179 3712 3258 natura

292 3287 546 3364 χούντων
581 3286 734 3350 εὐθὺς
765 3287 900 3363 πρὸς
929 3288 1025 3349 τὰς
1061 3287 1252 3362 μίξεις.
1287 3287 1392 3344 Καὶ
1449 3285 1641 3342 παιδία
1692 3285 1749 3342 δὶ
1805 3288 1945 3365 ἐφω-

289 3379 432 3455 ράθη
496 3375 550 3432 ἰν
611 3378 682 3449 τῇ
737 3376 911 3452 ἀωρίᾳ
958 3381 1066 3431 τῶν
1130 3375 1311 3450 μελῶν
1370 3378 1470 3445 τὴν
1520 3373 1773 3452 ἀνδρικὴν
1806 3376 1948 3450 μίξιν

293 3465 634 3540 μιμούμενα.
668 3463 914 3520 Ἐπειδὰν
949 3462 1006 3520 δέ
1055 3460 1242 3540 ἡϐήσῃ
1300 3469 1488 3536 ταῦτα,
1520 3466 1609 3520 καὶ
1667 3463 1948 3536 ἐπιτήδεια

289 3556 433 3631 πρὸς
493 3556 558 3624 ἣν
615 3553 822 3629 πέφυκε
878 3554 1061 3630 σχέσιν
1123 3555 1287 3630 ὀφθῇ,
1321 3554 1476 3619 εὐθὺς
1536 3556 1564 3609 ὁ
1619 3556 1790 3628 νόμος
1847 3562 1945 3625 τῆς

291 3652 566 3728 ἁμαρτίας
598 3651 839 3721 εἰσῆλθε,
871 3653 1182 3723 νομοθετῶν
1218 3652 1312 3724 μὲν
1370 3651 1576 3726 ἑκάστῳ
1636 3651 1788 3726 μέλει
1845 3655 1943 3723 τήν

289 3741 516 3818 πρᾶξιν,
550 3739 971 3816 ἁντιστρατεύων
999 3738 1057 3794 δὲ
1086 3741 1154 3795 τὰ
1188 3739 1329 3813 μέλη
1361 3744 1458 3795 τοῦ
1504 3742 1679 3815 νόμου
1724 3746 1802 3814 τῷ
1846 3747 1946 3815 νῶ,

289 3831 384 3885 καὶ
420 3827 855 3904 αἰχμαλωτίζων
887 3834 966 3902 τῷ
997 3829 1151 3903 νόμῳ
1179 3836 1280 3899 τῆς
1309 3831 1577 3904 ἁμαρτίας
1607 3827 1696 3885 διὰ
1723 3834 1830 3885 τῶν
1867 3853 1953 3904 με.

291 3917 408 3973 λῶν
469 3916 696 3973 ἕκαστον
758 3919 1066 3994 ἄνθρωπον.
1100 3919 1196 3973 Καὶ
1249 3918 1348 3973 οὐκ
1394 3918 1452 3974 ἄν
1497 3941 1548 3973 τι
1588 3924 1695 3974 τῶν
1741 3919 1947 3993 μελῶν,

285 4006 457 4080 νόμον
519 4003 647 4082 ἔχον
709 4009 818 4080 (65)
878 4004 1225 4076 διδάσκαλον,
1251 4014 1352 4077 τῆς
1408 4009 1544 4080 πρὸς
1596 4011 1662 4079 ἣν
1714 4010 1945 4086 πέφυκεν

288 4096 562 4170 ἁμαρτίας
593 4094 814 4171 ἄγνοιαν
869 4097 1287 4174 προφασίσαιτο.
1320 4094 1496 4153 Ἀλλά
1548 4097 1616 4153 τά
1664 4118 1723 4152 τε
1779 4098 1945 4174 χείλη

289 4182 430 4238 οἶδεν
493 4183 547 4239 ἐν
603 4189 723 4246 τοῖς
783 4182 1069 4260 ἐρωτικοῖς
1112 4185 1248 4260 πρὸς
1293 4186 1353 4254 ἣν
1382 4184 1587 4260 πέφυκε
1616 4185 1829 4261 χρείαν,
1855 4205 1947 4258 καὶ

284 4271 515 4328 ἕκαστον
546 4274 653 4328 τῶν
691 4272 871 4346 μελῶν
911 4278 1168 4328 τοσοῦτον
1201 4274 1262 4328 τὸ
1314 4279 1411 4328 τοῦ
1460 4275 1800 4350 ἕτερογενοῦς
1852 4275 1946 4350 μέ-

285 4360 388 4424 λος
416 4362 691 4438 γνωρίζει,
716 4363 841 4417 ὅτον
875 4363 1031 4417 ἑαυτὸ
1079 4363 1215 4417 κατά
1264 4362 1418 4441 φύσιν
1465 4362 1764 4421 ἐπισταται.
1797 4363 1947 4422 Ἐπεὶ

287 4451 392 4505 οὐκ
429 4450 491 4506 ἂν
525 4449 648 4506 οὔτε
678 4450 990 4524 ἐπεθύμησε
1037 4453 1136 4521 τήν
1181 4456 1280 4506 τοῦ
1329 4451 1530 4524 μέλους
1579 4452 1867 4528 ἐνέργειαν,
1902 4454 1947 4508 εἰ

2056 3293 2256 3348 statim
2273 3291 2330 3346 in
2350 3290 2699 3347 concubitus
2717 3289 3156 3353 fernntur.Quin
3172 3289 3347 3345 etiam
3361 3290 3713 3362 deprehensi

2057 3385 2198 3438 sunt
2227 3381 2482 3436 infantes
2533 3379 2816 3435 membris
2864 3378 3199 3434 immaturis
3229 3378 3459 3435 virilem
3490 3395 3708 3437 concu-
3744 3368 3748 3371 “

2057 3472 2247 3528 bitum
2276 3469 2518 3525 imitari.
2553 3470 2697 3525 Cum
2729 3473 2924 3524 autem
2955 3468 3223 3523 membra
3253 3469 3604 3540 pubescunt,
3639 3485 3706 3526 ac

2056 3562 2298 3618 ideonea
2315 3561 2589 3616 videntur
2609 3560 2680 3615 ad
2708 3558 3115 3614 habitudinem
3134 3558 3206 3614 ad
3229 3575 3407 3630 quam
3430 3564 3710 3631 generata
3789 3615 3798 3624 κ

2057 3655 2216 3717 sunt,
2249 3651 2449 3706 statim
2498 3649 2589 3705 lex
2636 3649 2857 3721 peccati
2904 3647 3128 3714 introit,
3160 3648 3542 3720 praescribens
3573 3649 3706 3703 uni-

2057 3740 2262 3811 cuique
2289 3739 2552 3795 membro
2581 3738 2893 3804 actionem,
2915 3738 3182 3792 membra
3211 3737 3492 3792 adversus
3514 3736 3706 3807 legem

2059 3829 2273 3885 mentis
2318 3828 2378 3882 in
2441 3827 2624 3883 aciem
2674 3827 2949 3896 educens,
3002 3841 3105 3897 per
3169 3825 3436 3880 membra
3491 3841 3707 3880 unum-

2060 3931 2354 3991 quemque
2375 3915 2668 3971 hominem
2692 3914 2985 3985 captivum
3009 3912 3121 3984 legi
3154 3912 3375 3983 peccati
3405 3913 3706 3968 addicens.

2058 4009 2172 4064 Nec
2183 4005 2371 4061 ullum
2390 4019 2530 4060 sane
2552 4002 2884 4058 membrum
2901 4000 3239 4073 magistram
3256 4000 3480 4056 habens
3493 4000 3706 4073 legem,

2057 4095 2300 4170 peccati,
2324 4093 2394 4149 ad
2427 4091 2582 4164 quod
2614 4094 2826 4146 natura
2847 4091 3049 4157 fertur,
3097 4088 3525 4160 ignorationem
3563 4107 3708 4161 prae-

2055 4189 2258 4243 textat.
2276 4184 2383 4240 Sed
2408 4182 2565 4238 labia
2583 4180 2780 4237 sciunt
2805 4179 2867 4235 in
2903 4178 3201 4235 amatoriis
3232 4177 3408 4234 rebus
3435 4179 3505 4234 ad
3529 4194 3706 4249 quem

2058 4291 2234 4334 usum
2274 4277 2484 4329 natura
2525 4270 2736 4325 idonea
2785 4268 2925 4334 sint,
2955 4285 3021 4322 ac
3069 4266 3390 4338 unicuique
3439 4268 3706 4324 membro

2056 4369 2286 4422 tantum
2336 4359 2575 4417 alterius
2623 4374 2798 4414 sexus
2854 4355 3188 4412 membrum
3239 4356 3540 4428 cognitum
3598 4360 3708 4422 est,

2056 4457 2343 4528 quantum
2365 4449 2751 4520 semetipsum
2775 4450 2986 4502 natura
3006 4445 3532 4518 cognoscit.Neque
3554 4445 3710 4502 enim

284 4540 472 4614 ἠγνόει
500 4541 601 4609 τήν
635 4539 790 4617 φύσιν
825 4541 988 4596 αξ)τοῦ
1019 4540 1106 4594 καὶ
1137 4541 1237 4609 τήν
1265 4542 1477 4616 χρείαν.
1515 4543 1676 4596 Ὥστε
1715 4543 1816 4597 οὐκ
1859 4543 1943 4598 εύ-

2058 4541 2300 4602 membri
2332 4544 2530 4596 actum
2553 4537 3016 4609 concupisceret,
3041 4536 3092 4591 si
3117 4536 3412 4608 ignoraret
3434 4540 3709 4592 naturam

288 4629 456 4699 θύνης
507 4626 670 4700 ἄξιοι,
699 4631 762 4684 τὸ
808 4629 1210 4706 γινωσκόμενον
1265 4632 1411 4705 παρά
1455 4637 1575 4693 ταῖς
1632 4633 1940 4705 παρθένοις,

285 4717 645 4791 σιωπώμενον
680 4716 738 4772 δὲ
789 4715 876 4773 διά
921 4719 984 4773 τὸ
1030 4718 1342 4796 ἀναγκαῖον,
1376 4719 1428 4774 ἐν
1476 4725 1650 4795 καιρῷ
1705 4721 1938 4777 ἀναπτύ-

285 4810 487 4881 ξαντες.
523 4811 735 4874 νΕπειθ’
765 4811 848 4865 ὅτι
907 4808 957 4865 εἴ
1003 4811 1094 4866 καὶ
1154 4811 1402 4888 ἀγνοοῦσι
1455 4813 1554 4882 τήν
1594 4816 1692 4867 τοῦ
1722 4810 1944 4888 ἅρῥενος

285 4897 462 4975 φύσιν,
497 4899 572 4961 ὡς
604 4895 663 4953 ἂν
698 4899 776 4972 μή
812 4897 947 4968 αὕτη
997 4901 1031 4968 ἡ
1086 4896 1271 4974 ἄγνοια
1323 4897 1514 4974 δέλεαρ
1573 4901 1794 4975 γένηται
1847 4901 1941 4956 αύ-

362 5047 409 5081 “
430 5049 572 5103 Gen.
607 5062 672 5115 ιι,
700 5045 792 5102 22.

374 5191 498 5260 61’)
527 5189 614 5262 Ἐξ
641 5185 932 5250 ἀκουσίως.
968 5190 1134 5262 Forte
1161 5189 1213 5262 ὶξ
1245 5187 1520 5245 ἀκουσίου.
1549 5191 1710 5246 Εῡιτ.

373 5263 467 5346 σε)
500 5261 620 5345 Ἐπὶ
648 5262 713 5346 re
741 5265 948 5346 χεῖρον.
992 5261 1218 5346 Ῡὶιίοεε
1257 5280 1499 5346 prorsus
1546 5264 1712 5345 addit
1748 5261 1938 5346 editio

283 5331 652 5408 Parisiensis,
689 5331 1140 5408 ἀεί’-φερομένων.

286 5411 482 5478 ιαηθο
502 5405 575 5478 in
606 5422 751 5478 mss.
784 5405 1085 5478 leguntur.

350 5477 468 5546 (63)
501 5476 768 5546 Ἐξάπτει.
819 5476 979 5533 Hanc
1033 5477 1384 5550 scripturam
1436 5480 1552 5534 duo
1583 5482 1808 5533 tantum
1842 5493 1935 5532 co-

283 5547 441 5603 dices
473 5553 819 5621 agnoscunt,
842 5547 1184 5621 quorumrin
1216 5551 1397 5606 altero
1425 5551 1683 5607 secunda
1704 5552 1935 5606 tantum

283 5635 462 5676 manu
484 5620 781 5693 leguntur.
821 5620 1047 5680 Habent
1070 5620 1194 5694 alii,
1227 5622 1538 5696 ἐνάγειβοᾶ
1570 5627 1765 5679 tamen
1789 5621 1936 5676 nihil

1176 5334 1306 5391 Haec
1332 5335 1489 5392 enim
1521 5353 1627 5392 nec
1661 5335 1717 5390 in
1748 5334 1937 5392 Vene-

2052 4634 2426 4696 illius.Quare
2448 4626 2612 4698 digni
2635 4625 3087 4698 reprehensione
3105 4641 3220 4680 non
3245 4624 3534 4691 sumus,si
3557 4626 3711 4696 quod

2051 4720 2378 4794 virginibus
2409 4715 2709 4788 cognitum
2740 4719 2850 4782 est,
2876 4715 2977 4770 sed
3011 4715 3084 4770 ob
3117 4713 3531 4770 necessitatem
3563 4717 3715 4770 tace-

2053 4810 2235 4879 tur,id
2257 4809 2316 4863 in
2337 4811 2601 4877 tempore
2631 4802 3043 4875 explicuimus.
3069 4802 3291 4859 Deinde
3319 4818 3454 4858 vero
3478 4802 3711 4860 etiamsi

2052 4899 2391 4974 ignorarent
2407 4891 2653 4950 masculi
2677 4895 2972 4959 naturam,
2996 4908 3068 4947 ne
3093 4891 3217 4948 haec
3247 4891 3540 4964 ignoratio
3562 4892 3714 4965 ipsis

2053 5191 2245 5247 visum
2277 5188 2367 5243 est
2398 5181 2771 5240 mutandum.

2121 5262 2232 5333 (64)
2265 5252 2621 5334 ῥὺτομάτως.
2654 5251 2929 5334 139011⁸0Ιῇ
2962 5253 3215 5334 codices,
3247 5250 3552 5334 αὐτομάτη.
3610 5318 3622 5330 ,

2121 5321 2426 5404 (65')__Ti...'
2444 5321 2617 5404 ἔχον.
2659 5326 2752 5404 Sic
2777 5321 3211 5404 ‘Colbertinus;
3252 5321 3441 5404 Editio
3496 5321 3704 5404 Paria,

2045 5390 2198 5466 nc‘...
2218 5390 2406 5476 lgxwv;
2444 5390 2664 5476 Vénetg
2695 5398 2892 5476 habet,
2922 5390 3141 5476 ἔχοντα.
3175 5396 3442 5476 Quinque
3474 5391 3706 5476 codices

2049 5465 2192 5554 mss.
2225 5465 2347 5554 τίῖἐ.
2381 5470 2598 5554 ἔχοντα.
2629 5470 2804 5525 Paulo
2836 5465 3312 5542 ante'legendum
3345 5465 3596 5530 videtur,
3627 5465 3707 5534 τῷ

2046 5547 2202 5623 νόμὼ
2227 5550 2324 5601 τοῦ
2356 5547 2472 5600 νοῦ.
