4120 6230
459 328 580 391 803

1405 316 1798 379 APPENDIX
1839 315 2168 376 OPERUM
2209 314 2276 375 S.
2321 315 2610 376 BASILII
2654 316 2930 378 MAGNI.

3768 326 3896 386 804

457 459 683 536 peccati
704 457 978 515 illecebra
995 456 1117 524 fiat,
1143 471 1259 510 non
1291 451 1543 508 absurde
1571 450 1643 506 ad
1665 465 1865 506 earum
1891 447 2100 505 securi-

2222 451 2340 508 ταῖς
2397 447 2742 536 ἁμαρτίαις,
2779 447 2879 505 οὐκ
2929 448 3145 526 ἀλόγως
3208 448 3285 515 εἷς
3342 450 3636 531 ἀσφάλειαν
3693 457 3898 520 αὑταῖς

457 555 637 608 tatem
669 553 965 618 naturam,
1000 549 1063 600 ut
1112 560 1174 599 se
1223 541 1420 609 habet,
1455 539 1998 606 consideravimus;
2053 541 2117 591 ut

457 638 956 714 quemadmodum
990 632 1288 704 simplices
1321 633 1460 686 sunt
1491 629 1644 686 sicut
1693 627 1998 694 columbis,
2033 626 2115 681 ita

453 732 628 788 etiam
649 728 965 801 prudentes
996 724 1150 779 sicut
1171 736 1412 792 serpens
1432 719 1734 787 “,omnem
1757 715 2113 788 integritatis

455 838 574 877 sua:
599 816 874 887 injuriam
893 813 1194 886 preposita
1217 808 1483 864 doctrina
1501 807 1825 863 institutus:
1849 810 2108 861 caveant.

455 912 542 966 Ad
574 910 716 974 haec,
741 922 870 962 cum
905 901 1235 958 communis
1266 897 1618 971 virginitatis
1648 897 2110 974 expurgatricem

454 1000 820 1056 orationnem
843 989 1299 1063 susceperimus,
1320 993 1385 1043 ut
1407 987 1733 1060 virginibus
1767 973 2111 1042 benevolen-

453 1090 616 1156 tiam,
651 1089 726 1142 ita
774 1088 832 1140 et
878 1080 1157 1138 masculis
1207 1079 1491 1135 debemus
1523 1095 1536 1134 :
1575 1076 2016 1149 oportebatque,
2047 1077 2110 1130 ut

450 1178 571 1234 illis
603 1175 738 1249 quid
775 1175 980 1228 noceat
1010 1171 1274 1242 quidque
1303 1167 1489 1240 prosit
1521 1164 1914 1233 ostendimus,
1947 1163 2029 1220 ita
2053 1167 2112 1220 et

447 1268 578 1324 istis
609 1263 950 1330 ostendere;
985 1265 1048 1316 ut
1070 1273 1440 1331 nequaquam
1477 1253 1851 1313 castrationis
1884 1253 2108 1308 nomini

449 1355 817 1414 attendentes
844 1353 902 1407 in
933 1349 1290 1408 contrarium
1325 1346 1695 1416 delabantur,
1728 1345 1827 1400 sed
1862 1358 2108 1415 cognos-

449 1450 644 1503 centes
677 1443 819 1516 quid
851 1445 1048 1514 peccet
1088 1438 1397 1511 illegitima
1429 1435 1676 1492 virilium
1711 1433 2020 1498 abscissio,
2054 1435 2112 1487 et

447 1535 583 1608 quis
615 1533 827 1604 dignus
860 1531 935 1586 sit
965 1528 1196 1585 Domini
1228 1525 1652 1598 approbatione
1674 1521 2007 1589 eunuchus,
2036 1521 2109 1576 ad

444 1641 644 1681 veram
676 1620 912 1693 quidem
937 1616 1352 1674 castrationem
1385 1614 1582 1670 animo
1615 1609 2109 1681 informentur,ab

447 1712 703 1769 absurdo
735 1714 927 1765 autem
975 1706 1230 1761 virilium
1276 1704 1738 1760 exsecandorum
1773 1701 2023 1773 impetu,
2059 1697 2105 1754 si

449 1801 620 1858 multi
666 1799 942 1869 deinceps
992 1795 1050 1850 in
1099 1795 1210 1850 hoc
1258 1793 1464 1849 vitium
1510 1793 1792 1860 ferantur,
1840 1803 2109 1846 sermone

447 1890 688 1948 cohibiti
719 1887 1038 1960 prudenter
1069 1885 1462 1940 reﬂectantur.

518 2071 608 2126 66.
643 2067 826 2140 Igitur
856 2082 982 2136 quae
1009 2079 1140 2120 vere
1170 2061 1330 2133 virgo
1362 2063 1471 2131 est,
1505 2059 1553 2115 si
1584 2057 1685 2114 tali
1719 2073 1852 2113 eum
1885 2054 2101 2127 dilgen-

445 2158 528 2215 tia
576 2158 754 2214 vitam
798 2154 1090 2220 instituet,
1144 2151 1214 2207 ab
1256 2149 1416 2204 omni
1460 2147 1706 2204 masculi
1751 2147 1902 2201 679
1941 2148 2099 2199 tactu

445 2265 656 2322 puram
686 2263 748 2302 se
776 2260 1009 2315 semper
1038 2239 1350 2306 custodiet,
1390 2241 1446 2294 et
1494 2253 1627 2293 cum
1679 2234 1914 2292 feminis
1963 2234 2100 2288 dor-

446 2321 658 2404 miens,
691 2335 762 2390 ad
795 2333 1017 2404 sipsam
1047 2344 1324 2386 conversa
1355 2330 1608 2383 mentem
1654 2326 1710 2380 in
1745 2323 1886 2380 cmlo
1918 2321 2098 2377 habe-

443 2427 552 2496 bit,
585 2439 829 2493 eamque
859 2426 1019 2476 extra
1063 2435 1274 2490 corpus
1309 2421 1493 2472 totam
1537 2415 1777 2471 omnino
1825 2412 2096 2479 evehens,

445 2515 649 2570 eadem
681 2512 836 2566 dicet
864 2527 929 2564 ac
962 2508 1059 2563 ille
1107 2507 1207 2578 qui
1261 2506 1406 2561 dixit
1438 2521 1451 2561 ε
1486 2504 1625 2560 Νονί
1660 2501 2095 2574 memetipsam,

443 2604 567 2659 sive
592 2601 652 2657 in
700 2615 939 2671 corpore
988 2597 1205 2662 nescio,
1238 2594 1357 2650 sive
1403 2599 1564 2650 extra
1621 2608 1833 2664 corpus
1876 2589 2093 2661 nescio,

446 2693 595 2747 Deus
643 2689 773 2758 scit,
805 2690 1035 2759 raptam
1081 2700 1210 2741 esse
1263 2684 1322 2738 in
1373 2681 1709 2755 paradisum
1757 2684 1815 2736 et
1858 2679 2095 2734 audisse

442 2797 656 2836 arcana
686 2778 860 2834 verba
881 2777 944 2830 ‘7.
969 2775 1112 2830 Nam
1145 2772 1401 2844 profecto
1432 2771 1482 2828 si
1512 2769 1746 2842 vigilem
1778 2767 1938 2825 illius
1957 2785 2097 2841 erga

441 2887 504 2927 se
535 2884 793 2925 amorem
817 2881 1071 2938 sponsus
1103 2879 1132 2919 e
1164 2861 1306 2918 coelo
1339 2861 1552 2929 videat,
1584 2860 1755 2931 eique
1787 2859 1975 2914 noctis
2006 2863 2092 2914 te-

439 2962 652 3017 nebras
684 2954 998 3030 perspiciat
1027 2969 1142 3008 non
1174 2951 1543 3007 occasionem
1572 2965 1700 3006 esse
1721 2947 1963 3020 peccati,
1992 2947 2092 3003 sed

439 3049 619 3105 divini
662 3045 732 3102 ad
781 3043 1233 3115 colloquendum
1282 3057 1417 3096 cum
1461 3054 1678 3112 sponso
1728 3038 1852 3109 otii,
1904 3037 1984 3092 ita
2031 3042 2095 3093 ut

441 3137 630 3194 noctis
684 3135 921 3208 quidem
975 3132 1232 3188 tenebris
1281 3129 1699 3196 circumdetur,
1733 3142 1846 3198 quo
1899 3126 2093 3182 minus

2223 536 2324 604 τήν
2384 535 2539 614 φύσιν
2596 538 2669 599 ὡς
2719 534 2832 614 ἔχει
2867 539 3364 614 ἐθεωρήσαμεν,⁹ίν’
3395 542 3574 618 ὥσπερ
3634 542 3898 620 ἀκέραιοί

2225 624 2356 679 εἰσιν
2386 624 2513 680 ὡσεὶ
2546 627 2656 700 (66,
2687 630 3018 704 περιστεραὶ,
3056 629 3198 684 οὕτω
3230 632 3319 685 καί
3369 631 3443 693 ὡς
3493 633 3521 686 ὁ
3566 629 3695 711 ὄφις
3750 635 3897 712 φρό-

2219 735 2373 786 νιμοι
2426 715 2600 783 οὖσαι,
2646 721 2816 771 πᾶσαν
2871 719 2969 786 τὴν
3021 718 3157 773 κατὰ
3206 726 3305 788 τῆς
3370 720 3635 798 ἀφθορίας
3701 724 3894 778 αὐτῶν

2219 801 2431 858 ἀδικίαν
2464 805 2521 859 ἐκ
2569 811 2670 875 τῆς
2719 807 3034 881 ὲγκειμένης
3083 805 3436 874 διδασκαλίας
3482 811 3899 888 ὑποφωνούμε-

2219 914 2304 947 ναι
2336 892 2848 972 προφυλάσσωνται.
2881 896 3024 968 Πρὸς
3056 895 3114 952 δὲ
3139 898 3376 968 τούτοις,
3412 898 3494 955 ὅτι
3538 908 3643 970 τῆς
3689 909 3895 970 κοινῆς

2219 984 2509 1060 παρθενίας
2570 986 2934 1060 καθαρτήριον
3008 987 3099 1042 τὸν
3173 985 3336 1063 λόγον
3396 989 3749 1064 ποιούμενοι,
3815 993 3897 1055 ὡς

2217 1078 2338 1135 ταῖς
2367 1074 2657 1149 παρθένοις
2688 1074 2766 1137 εἰς
2796 1077 2910 1148 (67)
2939 1072 3181 1145 εὔνοιαν,
3222 1077 3364 1132 οὕτω
3417 1079 3505 1134 καὶ
3561 1086 3682 1142 τοῖς
3732 1078 3898 1156 ἄρρε-

2221 1183 2300 1216 σιν
2362 1161 2723 1240 ὀφειλόμεθα·
2775 1165 2865 1218 καὶ
2916 1160 3024 1219 ἔδει
3085 1168 3220 1241 (68),
3283 1168 3358 1230 ὡς
3415 1166 3648 1232 ἐκείναις
3708 1171 3777 1224 τό
3828 1192 3892 1226 τε

2224 1249 2466 1327 βλάπτον
2499 1252 2590 1307 καὶ
2620 1251 2871 1331 ὠφελοῦν
2926 1251 3304 1329 ὑπεδείξαμεν,
3340 1256 3483 1312 οὕτω
3534 1258 3625 1313 καὶ
3668 1259 3898 1322 τούτοις

2224 1337 2661 1412 ὑποδεῖξαι-ἵνα
2724 1345 2798 1416 μή
2863 1343 3089 1416 ὀνόματι
3145 1344 3432 1421 εύνουχίας
3495 1350 3895 1426 προσέχοντες,

2221 1428 2298 1492 εἷς
2327 1430 2390 1484 τὸ
2421 1429 2658 1486 ἐναντίον
2714 1431 3036 1487 ἐκπίπτωσι·
3072 1432 3198 1489 ἀλλ’
3243 1434 3545 1509 ἐγνωκότες
3586 1438 3652 1491 τὸ
3704 1439 3897 1517 ἀμάρ-

2216 1540 2368 1592 τημα
2395 1518 2454 1574 ἐκ
2501 1527 2600 1590 τῆς
2655 1521 2976 1597 παρανόμου
3028 1523 3314 1588 ἀποκοπῆς
3360 1528 3466 1579 τῶν
3519 1526 3760 1601 μορίων,
3795 1528 3891 1583 καὶ

2217 1606 2307 1661 τὸν
2385 1606 2674 1686 ἀποδοχῆς
2752 1609 3068 1683 ἀξιούμενον
3147 1611 3293 1687 παρᾶ
3365 1619 3462 1668 τοῦ
3521 1614 3726 1691 Κυρίου
3795 1616 3887 1672 εύο

2217 1701 2440 1772 νοῦχον,
2472 1697 2801 1776 ὠφεληθῶσι
2867 1699 2960 1773 μὲν
3012 1700 3152 1775 πρὸς
3208 1702 3306 1770 τήν
3340 1701 3521 1774 ἀληθῆ
3578 1703 3882 1781 εὐνουχίαν

2215 1787 2307 1842 τὸν
2342 1792 2464 1842 νοῦν
2522 1791 2625 1853 τῆς
2658 1785 2714 1842 δὲ
2744 1785 2952 1862 ἀλόγου
2993 1790 3128 1866 πρὸς
3160 1791 3258 1859 τήν
3290 1792 3575 1861 ἀποκοπὴν
3628 1799 3739 1848 τῶν
3778 1817 3883 1868 μο-

2217 1876 2346 1947 ρίων
2413 1878 2593 1952 ὁρμῆς
2649 1875 2896 1940 πλείονες
2953 1884 3033 1952 τῷ
3081 1875 3265 1955 χρόνῳ
3322 1880 3540 1944 ἀτόπως
3565 1882 3880 1958 γινόμενοι,

2220 1965 2322 2020 ὑπὸ
2351 1969 2448 2021 τοῦ
2481 1965 2650 2041 λόγου
2679 1966 3006 2043 στυφόμενοι
3035 1970 3320 2046 φρονίμως
3364 1970 3766 2029 ἀνασταλῶσιν.

2283 2057 2372 2110 66.
2409 2055 2471 2112 Εἰ
2532 2054 2622 2110 οῦν
2676 2057 2909 2130 τοσαύτῃ
2952 2060 2986 2127 ἡ
3037 2055 3208 2120 ὅντως
3267 2058 3530 2134 παρθένος
3583 2064 3880 2132 συζήσεται

2211 2139 2482 2220 ἀκριϐείᾳ,
2512 2146 2726 2215 ἁπάσης
2764 2147 2858 2219 μὲν
2892 2146 3116 2222 ἄρρενος
3174 2150 3317 2226 ἁφῆς
3373 2151 3608 2219 καθαράν
3673 2153 3875 2219 ἑαυτὴν

2213 2229 2281 2286 δι’
2315 2232 2448 2288 ὅλου
2481 2233 2724 2311 φυλάξει,
2755 2235 2845 2289 καὶ
2901 2235 3033 2308 μετᾶ
3092 2235 3330 2306 θηλειῶν
3390 2234 3448 2292 δὲ
3503 2237 3877 2313 καθεύδουσα,

2210 2322 2346 2394 πρὸς
2412 2324 2604 2392 ἑαυτὴν
2667 2323 3012 2400 ἐστραμμένη
3075 2323 3126 2380 ἐν
3187 2327 3404 2400 οὐρανῷ
3457 2324 3562 2400 ἕξει
3590 2330 3686 2384 τὸν
3713 2329 3866 2400 νοῦν,

2206 2411 2294 2465 καὶ
2325 2409 2430 2482 ἔξω
2459 2417 2556 2466 τοῦ
2586 2413 2838 2486 σώματος
2879 2410 3009 2468 ὅλον
3039 2418 3230 2469 τοῦτον
3253 2414 3533 2478 παντελῶς
3565 2420 3868 2492 ποιήσασα,

2205 2501 2271 2554 τὰ
2299 2499 2432 2555 αὐτὰ
2481 2500 2590 2576 ἐρεῖ
2645 2506 2725 2574 τῷ
2775 2501 3004 2556 εἷπόντισ
3039 2499 3177 2559 Οἶδα
3207 2502 3470 2576 ἐμαυτὴν,
3504 2503 3613 2560 εἴτε
3651 2505 3706 2560 ἐν
3761 2509 3873 2561 σώο

2208 2611 2357 2662 ματι,
2391 2590 2491 2644 οὐκ
2511 2587 2650 2658 οἶδα,
2692 2588 2798 2646 sifts
2849 2589 3004 2652 ἐκτὸς
3053 2595 3151 2645 τυῦ
3200 2593 3473 2666 σώματος,
3506 2593 3604 2649 οὐκ
3654 2592 3797 2651 οῖδα·
3832 2598 3863 2651 ὁ

2204 2678 2335 2742 Θεὸς
2390 2675 2557 2748 οἶδεν,
2617 2677 2700 2760 ὅτι
2768 2680 3026 2754 ἡρπάγην
3079 2679 3156 2742 εἲς
3216 2682 3306 2736 τὸν
3361 2679 3710 2758 παράδεισον,
3765 2685 3863 2739 καὶ

2202 2765 2414 2837 ἤκουσα
2470 2765 2678 2844 ἄρρητα
2737 2767 2975 2845 ῥήματα.
3009 2770 3232 2832 Πάντως
3278 2771 3381 2847 γὰρ
3433 2773 3702 2846 ἄγρυπνον
3760 2775 3861 2829 τὸν

2202 2857 2327 2932 περὶ
2382 2857 2542 2912 αὐτὸν
2602 2858 2772 2927 αὐτῆς
2826 2857 3004 2932 ἔρωτα
3065 2860 3266 2914 ἄνωθεν
3298 2860 3348 2930 ἐξ
3380 2860 3623 2937 οὐρανῶν
3654 2863 3682 2916 ὁ
3714 2885 3867 2936 νυμο

2204 2946 2327 3020 φίος
2361 2947 2525 3022 ὁρῶν,
2558 2947 2649 3000 καὶ
2681 2945 2764 3001 ὅτι
2797 2947 2859 3001 τὸ
2887 2946 3078 3012 σκότος
3103 2955 3204 3018 τῆς
3234 2950 3426 3013 νυκτὸς
3485 2949 3583 3006 οὔκ
3634 2949 3863 3030 ἐφόδιον

2205 3035 2491 3108 ἁμαρτίας,
2525 3033 2669 3090 ἀλλὰ
2721 3036 2936 3111 σχολῆς
2995 3037 3142 3099 Θείας
3176 3040 3287 3112 (69)
3344 3042 3444 3104 τῆς
3502 3041 3639 3114 πρὸς
3696 3040 3866 3096 αὐτὸν

2209 3122 2437 3197 ὁμιλίας
2483 3130 2742 3196 ποιεῖται,
2773 3120 3218 3201 περιϐεϐλημένη
3256 3127 3349 3201 μὲν
3399 3133 3479 3201 τῷ
3535 3136 3635 3197 τῆς
3674 3130 3881 3194 νυκτὸς

441 3242 650 3281 sensus
700 3220 1085 3278 exterioribus
1137 3219 1312 3273 rebus
1362 3219 1797 3289 perturbentur,
1831 3215 1931 3271 sed
1977 3219 2098 3270 tota

2213 3212 2518 3285 σκότῳ,εἷς
2574 3212 2638 3267 τὸ
2701 3214 2776 3285 μὴ
2827 3213 2924 3277 τὰς
2981 3213 3260 3285 αῗσθήσεις
3302 3217 3448 3293 παρᾶ
3505 3221 3613 3272 σῶν
3677 3217 3876 3290 ἔξωθεν

443 3319 638 3370 mente
670 3310 1001 3366 illustretur
1027 3306 1229 3379 sponsi
1259 3305 1410 3374 luce,
1435 3321 1503 3361 ac
1524 3305 1738 3360 mentis
1766 3302 2102 3375 lampadem

441 3420 546 3476 per
575 3406 757 3458 totam
792 3403 1020 3454 noctem
1051 3395 1311 3452 studiose
1358 3393 1508 3450 clam
1562 3394 1843 3459 adornet;
1897 3390 2104 3446 merito

441 3492 608 3547 illam
643 3488 827 3559 rapiet
851 3503 1037 3557 usque
1059 3485 1130 3540 ad
1156 3483 1393 3539 tertium
1422 3480 1628 3537 ccelum
1653 3480 1711 3534 in
1737 3481 2100 3552 paradisum,

441 3582 613 3653 eique
660 3577 838 3633 verba
884 3573 1173 3646 ejusmodi
1224 3572 1513 3644 loquetur,
1566 3587 1692 3641 qua:
1749 3569 1808 3624 in
1863 3585 2104 3640 corpore

446 3669 686 3742 quidem
706 3665 899 3722 adhuc
917 3662 1248 3718 viventibus
1267 3678 1382 3716 non
1400 3657 1751 3716 enarrabilia
1769 3674 1897 3714 esse
1920 3657 2103 3713 decla-

442 3763 637 3814 ratum
668 3759 777 3823 est,
806 3754 857 3810 ei
889 3751 1165 3822 autem,si
1197 3753 1392 3806 tantos
1424 3765 1770 3822 progressus
1796 3747 2104 3814 habeat,ut

440 3847 664 3904 nesciat
714 3850 913 3900 utrum
963 3843 1023 3897 in
1070 3856 1312 3913 corpore
1363 3855 1435 3894 an
1487 3842 1649 3894 extra
1679 3853 1894 3910 corpus
1924 3837 2097 3906 vivat,

438 3933 793 3995 enarrabilia
811 3933 869 3989 in
895 3930 1169 4004 mysterio
1201 3927 1522 3986 erunt.Illic
1545 3943 1779 3984 omnem
1803 3926 2099 3998 virginum

434 4027 680 4083 chorum
739 4021 989 4079 inveniri
1020 4019 1225 4075 volens
1256 4022 1313 4074 et
1343 4033 1609 4090 preeans,
1645 4017 1715 4070 ad
1747 4032 1815 4072 ea
1843 4015 2101 4070 cavenda

437 4133 564 4188 qua:
627 4110 979 4186 virginitatis
1039 4107 1540 4182 pulchritudinem
1592 4105 1918 4178 inquinant,
1978 4103 2098 4158 haec

437 4204 750 4268 edisserui,
783 4219 896 4257 non
931 4204 996 4255 ut
1023 4198 1118 4253 his
1150 4194 1593 4252 considerandis
1625 4194 1926 4248 discamus
1951 4209 2097 4265 quo-

435 4295 608 4350 modo
639 4295 902 4364 oporteat
942 4287 1016 4343 ad
1064 4303 1128 4341 ea
1171 4303 1299 4357 quas
1344 4287 1552 4339 nocent
1603 4281 1816 4351 delabi,
1869 4282 1968 4336 sed
2030 4284 2098 4336 ut

438 4383 645 4438 modos
675 4381 953 4451 lapsuum
986 4375 1193 4441 edocti,
1239 4375 1528 4444 quomodo
1577 4369 1890 4426 resiliendo
1917 4370 2095 4424 decli-

436 4470 617 4526 nandi
651 4468 772 4523 sint
804 4463 1248 4537 perspiciamus.
1292 4460 1490 4530 Neque
1521 4459 1679 4514 enim
1733 4475 1830 4514 eos
1863 4458 1963 4529 qui
1996 4476 2092 4514 ar~

2215 3300 2576 3376 ἰνοχλεῖσθαι·
2611 3303 2994 3380 πεφωτισμὲνη
3049 3300 3106 3358 δὲ
3162 3309 3242 3376 τῷ
3271 3309 3367 3360 τοῦ
3423 3306 3663 3384 νυμφίου
3708 3309 3877 3383 φωτὶ,

2214 3391 2343 3446 ὅλον
2375 3392 2466 3446 τὸν
2491 3394 2615 3445 νοῦν
2645 3391 2734 3446 καὶ
2764 3393 2862 3461 τήν
2894 3391 3102 3448 ἐκείνου
3163 3391 3427 3467 λαμπάδα
3477 3392 3549 3449 δι’
3598 3394 3740 3467 ὅλης
3785 3418 3876 3451 νυ-

2212 3481 2337 3542 κτὸς
2397 3478 2716 3557 φιλοκάλως
2747 3479 2799 3534 ἐν
2825 3480 3124 3559 ἀποκρύφῳ
3176 3487 3477 3557 κοσμοῦσα,
3513 3486 3740 3558 ἁρπάσει
3783 3488 3872 3542 καὶ

2210 3569 2408 3638 ταύτην
2470 3566 2694 3631 δικαίως
2752 3567 2855 3632 ἕως
2911 3575 3010 3625 τοῦ
3047 3572 3232 3646 τρίτου
3265 3573 3491 3647 οὐρανοῦ
3524 3573 3598 3636 εἷς
3629 3577 3744 3648 (70)
3775 3578 3869 3630 τὸν

2211 3655 2562 3734 παράδεισον,
2589 3657 2678 3712 καὶ
2704 3657 2935 3730 λαλήσει
2967 3659 3103 3735 αὐτῇ
3129 3665 3372 3733 τοιαῦτα,
3406 3661 3438 3715 ἃ
3484 3669 3603 3725 τοῖς
3662 3664 3760 3736 μὲν
3814 3665 3867 3720 ἐν

2213 3748 2457 3821 σώμασιν
2507 3741 2584 3801 ἔτι
2644 3751 2804 3816 ζῶσιν
2868 3748 3077 3826 ἄρρητα
3135 3749 3538 3828 ἀποπέφανται·
3572 3750 3751 3826 ἐκείνῃ
3811 3752 3872 3809 δὲ

2207 3841 2467 3892 τοσοῦτον
2521 3836 2866 3911 προκοψάσῃ,
2899 3838 2974 3900 ὡς
3037 3840 3113 3912 μή
3171 3837 3362 3894 εἰδέναι
3405 3838 3596 3895 λοιπὸν
3659 3839 3766 3897 ε’ίτε
3812 3842 3866 3898 ἐν

2211 3927 2421 3999 σώματι
2456 3924 2559 3980 ε’ίτε
2588 3924 2739 3987 ἐκτὸς
2768 3925 2966 3981 τούτου
2997 3924 3112 4002 ἔχει
3142 3928 3206 3983 τὸ
3240 3927 3355 4003 ζῇν,
3391 3927 3530 4005 ῥητά
3559 3929 3609 3984 ἐν
3647 3953 3866 4003 μυστηο

2208 4014 2312 4090 ρίῳ
2366 4017 2669 4091 γενήσεται.
2726 4015 2798 4069 Οὗ
2858 4015 2924 4084 δὴ
2981 4018 3068 4071 καὶ
3096 4015 3267 4072 πάντα
3303 4018 3394 4073 τὸν
3443 4023 3551 4073 τῶν
3583 4021 3868 4093 παρθένων

2207 4105 2376 4180 χορὸν
2429 4105 2710 4180 εὑρεθῆναι
2772 4103 3110 4180 βουλόμενός
3164 4126 3222 4161 τε
3275 4108 3366 4161 καὶ
3426 4107 3728 4183 εὐχόμενος
3787 4110 3864 4172 εἷς

2206 4191 2564 4271 προφυλακὴν
2614 4198 2722 4248 τῶν
2779 4195 2842 4248 τὸ
2898 4201 2999 4263 τῆς
3055 4195 3342 4270 παρθενίας
3372 4195 3580 4259 κάλλος
3606 4200 3868 4272 χραινόν-

2203 4304 2334 4352 των,
2369 4280 2648 4354 διεξῆλθον
2680 4282 2747 4337 τὰ
2772 4282 3055 4358 εἰρημένα,
3087 4283 3192 4360 οὐχ
3217 4283 3309 4339 ’ἱνα
3366 4288 3435 4359 τῇ
3486 4285 3695 4341 τούτων
3729 4289 3867 4342 θεω-

2207 4371 2295 4447 ρίᾳ
2354 4371 2610 4444 μάθωμεν
2662 4376 2780 4433 πῶς
2993 4372 3128 4448 πρὸς
3173 4373 3238 4427 τὰ
3272 4371 3582 4448 βλάπτοντα
3614 4373 3865 4440 ὀλισθαίο

2203 4480 2335 4530 νειν,
2367 4458 2497 4515 ἀλλ’
2521 4458 2613 4514 τίνα
2641 4460 2730 4514 τὸν
2763 4461 2965 4536 τρόπον
2995 4466 3102 4515 τῶν
3125 4461 3361 4527 όλίσθων
3397 4464 3682 4536 μαθόντες,
3723 4463 3864 4519 ’ἴδω-

436 4565 553 4614 tem
603 4555 892 4611 medicam
942 4549 1230 4617 ediscunt,
1265 4547 1550 4619 magistri,
1586 4548 1724 4602 dum
1775 4563 1996 4603 venena
2038 4551 2096 4603 et

2213 4570 2300 4621 μεν
2354 4554 2470 4610 πῶς
2524 4546 2606 4603 δεῖ
2660 4548 2868 4604 τούτων
2929 4549 3330 4621 ἀποπηδῶντας
3387 4551 3678 4609 ἐκκλίνειν.
3723 4553 3865 4611 Οὐδὲ

437 4646 636 4703 omnia
670 4660 783 4698 uno
827 4641 998 4697 verbo
1047 4635 1303 4694 exitialia
1353 4635 1748 4706 considerant,
1777 4637 1849 4692 ad
1882 4637 2092 4693 horum

436 4751 610 4792 usum
643 4732 1123 4796 adhortantur,ut
1146 4727 1450 4784 noxiorum
1483 4725 1810 4798 cognitione
1830 4727 1899 4782 ad
1928 4726 2092 4783 mali»

435 4826 580 4880 tiam
611 4821 808 4879 animo
832 4817 1127 4887 instructi,
1165 4833 1270 4889 pro
1303 4814 1549 4871 medicis
1582 4815 1708 4870 vita:
1729 4819 1926 4888 pestes
1961 4833 2090 4872 eva-

437 4914 576 4970 dant
603 4929 617 4981 ;
651 4911 752 4967 sed
787 4912 851 4966 ut
883 4909 953 4964 de
983 4907 1078 4976 iis,
1112 4923 1239 4980 quas
1271 4904 1600 4961 naturalem
1629 4908 1891 4961 nostram
1920 4906 2094 4962 facul-

436 5007 618 5059 tatem
649 5002 940 5064 evertunt,
961 4995 1171 5064 edocti,
1193 4996 1554 5067 praecaveant
1576 5009 1644 5050 ea
1673 4993 1982 5050 contrariis
2005 4996 2091 5051 fa-

439 5090 780 5158 cultatibus,
813 5091 869 5143 et
898 5087 948 5142 si
980 5083 1323 5156 corporibus
1354 5084 1816 5156 supervenerint,
1850 5083 2096 5141 scientia

513 5220 557 5254 ⁴⁶
586 5215 790 5273 Matth.
821 5230 879 5282 x,
914 5213 1001 5266 16.
1076 5212 1119 5246 ⁸⁷
1151 5211 1199 5266 ΙΙ
1229 5210 1357 5267 Cor.
1390 5227 1490 5280 xu,
1524 5211 1577 5265 3.

508 5362 623 5433 (66)
653 5352 1125 5433 ’Qeet._l_‘tonnull‘i
1175 5351 1426 5433 codices,
1473 5349 1553 5433 ᾡς
1604 5349 1677 5406 αἱ.
1731 5350 1910 5407 Paulo
1955 5356 2091 5408 ante

436 5421 753 5497 legendum
784 5429 1034 5492 videtur,
1066 5422 1264 5497 aiatait;
1285 5421 1570 5497 ἁμαρτίας.

527 5506 618 5576 67)
650 5503 762 5563 Εἰς.
797 5497 1129 5576 Erwpositio
1160 5496 1360 5576 addita
1389 5493 1455 5576 ex
1486 5493 1756 5576 βίαι-ξομε
1797 5493 2088 5576 mss..lbi-

434 5563 566 5702 gigni
584 5563 869 5701 8nonnulli
899 5563 1148 5637 codices,
1181 5563 1324 5621 οὕτω
1356 5565 1443 5620 καὶ
1473 5563 1589 5627 τοῖς
1617 5564 1697 5619 ἀεὶ
1729 5565 1909 5621 παισὶν
1943 5564 2090 5645 ὀφει-

513 5668 578 5702 ιλε
617 5667 666 5702 α.

513 5667 666 5722 μευα.

2201 4638 2302 4714 γάρ
2360 4644 2476 4700 τοῖς
2534 4640 2632 4708 τὴν
2695 4638 2943 4714 ἰατρικὴν
3003 4644 3269 4713 μετιοῦσι,
3297 4643 3364 4696 τὰ
3395 4639 3717 4718 δηλητήρια
3774 4644 3861 4698 καὶ

2202 4726 2374 4782 πάντα
2418 4726 2658 4790 συνόλως
2688 4727 2754 4783 τὰ
2783 4729 3047 4784 νοσοποιὰ
3099 4730 3150 4784 οἱ
3211 4727 3526 4785 διδάσκαλοι
3589 4738 3862 4809 θεωροῦν-

2201 4837 2308 4887 τες,
2342 4815 2430 4872 ἒπὶ
2485 4818 2586 4888 τήν
2647 4821 2848 4893 χρῆσιν
2899 4817 3107 4874 τούτων
3150 4818 3338 4882 αὐτοῖς
3367 4819 3861 4895 παρακελεύονται,

2198 4905 2291 4961 ’ἱνα
2317 4909 2386 4980 τῇ
2419 4907 2616 4983 γνώσει
2646 4911 2754 4961 τῶν
2810 4905 3160 4984 βλαπτόντων
3207 4909 3344 4984 πρὸς
3400 4909 3586 4964 κακίαν
3650 4909 3865 4989 ἐφοδια-

2206 4996 2416 5060 σθὲντες
2445 4997 2537 5051 τὸν
2565 5000 2688 5051 νοῦν
2720 4996 2838 5051 ἀντὶ
2871 4996 3071 5071 ῗατρῶν
3105 4997 3383 5071 λυμεῶνες
3425 5003 3522 5054 τοῦ
3577 5000 3703 5075 βίου
3757 4999 3860 5056 δεί-

2204 5089 2435 5159 χθῶσιν,
2472 5081 2598 5138 ἀλλ’
2623 5082 2713 5138 ἵνα
2742 5084 2810 5139 τὰ
2841 5085 3147 5161 φθοροποιὰ
3176 5092 3276 5156 τῆς
3310 5093 3541 5164 φυσικῆς
3573 5090 3740 5162 ἡμῶν
3775 5086 3863 5143 δυ-

2272 5356 2383 5426 (68)
2416 5349 2586 5426 Ἔδει,
2617 5353 2710 5408 Sic
2741 5370 2883 5426 mss.
2918 5359 3057 5409 tres.
3093 5355 3268 5423 Editi,
3301 5351 3402 5412 ἔτι.

2277 5421 2674 5509 ςῦολξξχολῆς
2727 5421 3263 5509 petaelNonnulli'
3318 5428 3573 5500 codices,
3646 5429 3857 5505 σχολὴν

2203 5492 2380 5560 Oetae.
2400 5492 2585 5566 Alitis,
2619 5492 2831 5566 σχολὴν
2862 5495 3025 5560 θείαν.

2272 5571 2386 5643 (70)
2416 5570 2512 5632 Εις
2544 5567 2932 5641 ϐοὶῢοιιῐίῐιυε,
2959 5568 3047 5624 καὶ
3083 5567 3177 5633 εἷς.
