4120 6230
286 315 410 378 805

1518 310 1752 372 LIBER
1795 311 1900 371 DE
1941 310 2476 373 VlRGlNlTATE.

3581 320 3702 383 806

279 445 498 519 νάμεως
531 442 812 518 μαθόντες,
843 439 1329 519 προφυλάττωνται
1364 442 1458 515 μὲν
1507 445 1675 496 ταῦτα
1724 441 1932 496 ἀντιθέ-

2051 445 2106 497 et
2136 445 2258 498 arte
2290 441 2518 498 tollant.
2553 442 2698 498 Cum
2729 445 2848 500 tres
2877 444 3074 516 igitur,
3109 462 3212 518 pro
3241 448 3458 520 triplici
3478 456 3671 508 castra
3690 501 3714 513 -

275 558 395 599 τοις
424 533 741 607 δυνάμεσιν,
795 526 1101 604 ἐπισυμϐὰν
1154 533 1264 604 (71)
1313 528 1370 585 δέ
1414 551 1518 584 που
1548 535 1666 592 τοῖς
1701 528 1936 602 σώμασι,

279 624 369 680 διὰ
396 628 500 688 τῆς
530 622 841 694 ἐπιστήμης
873 621 1128 676 ἀνέλωσι.
1157 623 1334 695 Τριῶν
1371 617 1484 687 οῦν,
1518 619 1655 674 κατᾶ
1695 619 1786 673 τὸν
1817 617 1905 692 τρί
1931 650 1936 654 ε

273 735 369 771 τον
418 720 519 781 τῆς
569 710 858 786 εὐνουχίας
909 709 1135 785 τρόπον,
1182 707 1321 763 ὁδῶν
1372 705 1432 770 ἃς
1463 709 1491 762 6
1524 707 1726 783 Κύριος
1772 708 1934 779 ἡμῶν

277 800 549 872 ὑπέδειξεν
605 800 692 855 ἐπὶ
744 799 1032 876 παρθενίαν
1081 800 1231 870 ἡμᾶς
1273 797 1550 872 ἀγουσῶν,
1581 794 1651 851 δι’
1700 798 1772 865 ἦς
1815 794 1940 871 βού-

279 891 457 960 λεται,
491 890 677 969 φησὶν,
707 890 734 944 6
769 886 1065 961 δυνάμενος
1099 891 1301 962 χωρεῖν
1327 886 1600 962 χωρείτω.
1633 882 1934 954 Ἀποδεκτὴ

287 981 382 1055 μὲν
415 981 520 1056 γὰρ
550 978 642 1034 καὶ
672 981 707 1048 ἡ
742 975 830 1033 διὰ
878 981 1003 1050 μιᾶς
1031 979 1138 1031 τῶν
1185 973 1280 1030 δύο
1328 974 1529 1044 ταύτην
1572 977 1686 1048 (72)
1718 971 1937 1028 ὁδεύου-

283 1090 368 1124 σα·
408 1069 794 1144 μακαριωτέρα
843 1063 900 1120 δὲ
929 1069 964 1136 ἡ
1019 1063 1107 1120 διὰ
1146 1072 1245 1134 τῆς
1288 1065 1598 1140 κρείττονος
1642 1059 1934 1139 τρέχουσα.

284 1162 457 1217 Πᾶσαι
493 1156 551 1213 δὲ
581 1158 636 1212 αἱ
669 1155 740 1211 δι’
770 1159 838 1225 ἧς
879 1153 1085 1225 δήποτε
1117 1152 1245 1209 ὁδοῦ
1296 1152 1382 1209 ἐπὶ
1432 1153 1632 1224 ταύτην
1683 1152 1936 1206 ἐλαύνου-

283 1269 394 1318 σαι,
425 1251 526 1302 τοῦ
558 1246 796 1320 ἀμώμου
849 1240 981 1306 ἴσως
1031 1243 1083 1299 ἐν
1130 1246 1199 1318 τῇ
1251 1241 1362 1310 ὁδῷ
1401 1241 1819 1318 προνοείτωσαν,
1845 1239 1938 1296 ’ίνα

2047 531 2224 587 tionis
2251 533 2448 597 modo,
2479 531 2581 587 vias
2614 533 2782 589 nobis
2807 551 2840 589 a
2869 533 3112 591 Domino
3144 539 3390 594 ostensa;
3423 541 3494 594 ad
3525 542 3694 615 virgi.

2048 621 2292 676 nitatem
2322 637 2424 676 nos
2453 622 2796 692 perducant,
2826 639 2930 694 per
2958 639 3136 694 quam
3168 626 3344 692 volet,
3377 627 3696 702 inquit,qui

2049 713 2241 782 potest
2269 709 2852 767 incendereincedat.
2883 714 2964 767 Ac
3005 712 3316 770 laudabilis
3346 717 3578 786 quidem
3612 725 3701 777 est
3791 733 3794 735 λ

2047 815 2172 870 quas
2196 815 2298 871 per
2328 798 2568 855 alteram
2602 817 2667 856 ex
2698 801 2930 856 duabus
2963 802 3257 872 prioribus
3287 806 3357 859 ad
3391 807 3696 879 virginita-

2046 893 2165 943 tem
2215 888 2417 961 sergit,
2469 891 2570 945 sed
2617 891 2840 946 beatior
2899 907 3026 962 quas
3080 908 3182 962 per
3232 897 3695 966 praestantiorem

2047 978 2248 1033 currit.
2295 978 2510 1035 Omnes
2542 983 2734 1034 autem
2769 996 3123 1052 quacunque
3161 981 3254 1037 via
3284 984 3354 1038 ad
3388 986 3696 1056 virginita-

2047 1071 2164 1122 tem
2194 1070 2630 1142 tendant,a2que
2663 1071 3100 1126 intaminatsain
3131 1072 3224 1128 via
3245 1089 3374 1129 esse
3395 1076 3693 1145 studeant;

2047 1161 2114 1212 ut
2145 1173 2275 1212 cum
2292 1175 2496 1230 puram
2523 1159 2592 1214 ab
2607 1160 2767 1214 omni
2793 1159 3023 1214 macula
3047 1177 3324 1231 sponsam
3350 1180 3568 1234 sponso
3589 1181 3698 1236 ap-

2048 1247 2487 1316 taverint,illius
2512 1249 2682 1304 donis
2705 1247 3020 1321 gloriosius
3042 1249 3101 1303 in
3135 1250 3276 1306 caelo
3300 1253 3692 1323 perfruantur.

281 1337 462 1407 πάσης
505 1333 738 1406 κηλῖδος
796 1334 1035 1410 καθαρὰν
1067 1333 1166 1402 τὴν
1194 1331 1411 1410 νύμφην
1442 1334 1522 1404 τῷ
1577 1329 1796 1409 νυμφίῳ
1826 1325 2154 1405 ἀρμόσασαι,
2185 1337 2291 1388 τῶν
2324 1335 2446 1410 παρ’
2479 1334 2642 1390 αὐτοῦ
2671 1334 2911 1409 χαρίτων
2945 1333 3283 1414 ἐνδοξότερον
3315 1339 3430 1394 κατ’
3471 1339 3697 1416 οὐρανὸν

281 1427 392 1498 (73)
424 1420 804 1478 ἀπολαύσωσι.

350 1514 443 1569 67.
471 1509 655 1568 Ταῦτά
684 1531 790 1582 σοι,
827 1510 872 1563 ὧ
912 1507 1030 1585 ἱερὰ
1073 1509 1311 1586 κεφαλὴ,
1365 1507 1439 1570 εἷς
1487 1506 1809 1577 κατανόησιν
1842 1509 1937 1561 τοῦ

2117 1511 2206 1565 67.
2245 1511 2372 1567 Haac
2403 1511 2531 1579 tibi,
2559 1528 2590 1566 o
2621 1529 2855 1567 sacrum
2889 1516 3087 1585 caput,
3119 1515 3190 1569 ad
3222 1516 3417 1570 veram
3451 1517 3693 1589 virgini-

280 1601 454 1662 ὄντως
485 1600 536 1655 ἐν
561 1597 820 1676 παρθενίᾳ
851 1596 1114 1666 κάλλους,
1147 1598 1220 1659 ὡς
1252 1598 1279 1652 6
1303 1598 1491 1671 καιρὸς
1536 1593 1803 1665 ἐνεδίδου,
1839 1596 1936 1650 ὑπ-

283 1691 511 1768 έγραψα,
544 1688 643 1744 οὐκ
690 1689 795 1743 ἀπὸ
842 1691 949 1743 τῶν
994 1687 1151 1742 θείων
1208 1688 1394 1760 μόνον,
1447 1684 1614 1755 ἀλλὰ,
1661 1686 1798 1740 κατᾶ
1843 1685 1934 1738 τὸν

283 1781 598 1858 σοφώτατον
648 1776 888 1845 Παῦλον,
941 1774 1374 1852 αῗχμαλωτίζειν
1415 1778 1561 1848 ἡμᾶς
1611 1781 1714 1829 πᾶν
1754 1773 1938 1846 νόημα

289 1866 628 1945 βουλόμενον
678 1866 756 1928 εἷς
811 1866 1052 1934 ὑπακοὴν
1091 1869 1188 1919 τοῦ
1236 1868 1490 1940 Χριστοῦ,
1539 1863 1631 1918 καὶ
1682 1864 1785 1917 ἀπὸ
1831 1867 1937 1917 τῶν

275 1955 502 2029 ἔξωθεν,
535 1955 706 2011 πάντα
731 1956 823 2010 τὸν
856 1958 1097 2030 Χριστοῦ
1148 1954 1397 2028 μαθητὴν
1438 1953 1573 2029 πρὸς
1624 1951 1937 2028 ἐγκράτειαν

288 2044 654 2109 δυσωπεῖσθαι
713 2043 1068 2118 βουλόμενος.
1115 2043 1212 2097 Καὶ
1258 2041 1366 2096 τῶν
1415 2039 1696 2111 Ἑλλήνων
1743 2040 1847 2115 γὰρ
1883 2039 1934 2094 οἱ

284 2135 448 2212 σοφοὶ
477 2135 538 2188 τὸ
565 2154 622 2189 τε
663 2129 948 2194 πολυειδὲς
975 2139 1075 2202 τῆς
1107 2129 1310 2202 ἡδονῆς
1341 2133 1429 2186 καὶ
1476 2132 1574 2201 τὴν
1609 2131 1746 2204 πρὸς
1775 2134 1935 2185 τοῦτο

287 2226 478 2300 μάχην
533 2226 670 2296 ἡμῖν
729 2219 820 2276 διὰ
879 2225 1110 2294 μυθικοῦ
1167 2220 1487 2292 πλάσματος
1545 2219 1930 2292 αἰνιττόμενοι,

283 2312 474 2390 ὕδραν,
507 2314 605 2381 τὴν
655 2312 874 2388 γενικὴν
910 2310 960 2365 ἐν
1009 2315 1089 2382 τῷ
1141 2311 1353 2383 σώματι
1394 2307 1622 2379 ἡδονὴν,
1673 2307 1838 2384 ἕρπον
1879 2331 1930 2364 τι

283 2401 692 2478 πολύμορφον,
751 2399 802 2454 ἐν
859 2396 976 2454 ’ἑλει
1027 2397 1272 2475 φωλεῦον
1331 2395 1782 2474 φυσιολογοῦντες
1841 2398 1930 2452 ἀν-

285 2490 548 2546 έπλασαν.
581 2489 678 2543 Καὶ
721 2487 922 2558 ταύτης
968 2488 1068 2556 τὴν
1121 2487 1217 2560 μὶν
1247 2485 1436 2550 ἁπλῶς
1477 2485 1814 2560 τεμνομένην
1846 2508 1935 2542 κε-

284 2579 465 2658 φαλὴν
497 2576 884 2654 τριπλασίονας
918 2574 1037 2630 ἀντὶ
1065 2581 1164 2645 τῆς
1201 2581 1326 2648 μιᾶς
1360 2574 1568 2653 ἐκφύειν
1610 2573 1930 2650 παρέδοσαν

282 2670 385 2737 τήν
419 2665 476 2722 δὲ
527 2673 756 2740 καυτῆρι
810 2665 1150 2739 τεμνομένην
1202 2665 1532 2741 ἀναιρεῖσθαι
1571 2666 1812 2736 καθάπαξ
1844 2687 1933 2744 φι-

287 2756 542 2836 λοσόφως
596 2753 893 2826 ὑπέδειξαν.
945 2755 1068 2810 ’Ότι
1112 2759 1213 2822 νῆς
1260 2754 1378 2817 καθ’
1429 2750 1562 2808 ὅλου
1608 2751 1835 2826 ἡδονῆς,
1880 2753 1930 2808 ἐν

290 2847 384 2920 μὲν
515 2848 614 2915 τῆς
659 2845 856 2920 σαρκὸς
907 2841 1071 2916 ὑλικῇ
1122 2842 1298 2920 φύσει,
1354 2841 1532 2917 ὥσπερ
1581 2842 1633 2897 ἐν
1677 2839 1788 2898 ἕλει
1831 2841 1935 2897 δει-
1964 2878 2007 2948 C

351 2941 379 2948 _
588 2933 601 2948 .
784 2937 812 2948 ..
857 2934 870 2948 .
913 2933 926 2948 ι
1077 2941 1084 2948 .
1209 2932 1222 2948 ι
1385 2929 1408 2948 ι.
1438 2933 1449 2948 .
1498 2932 1510 2948 .
1579 2931 1590 2948 ι
1758 2930 1802 2948 ιι.
1886 2932 1900 2948 .

285 2941 383 2991 νοῦ
412 2956 558 2997 τινος
588 2933 815 3009 ἑρπετοῦ
847 2933 928 2987 ἀεὶ
976 2932 1353 3010 φωλευούσης,
1381 2929 1449 2986 δι’
1498 2931 1725 3003 ἱκάστης
1755 2930 1811 2987 δὲ
1849 2932 1933 2987 αἷ-

287 3027 554 3097 σθήσεως,
585 3024 825 3097 καθάπερ
857 3021 978 3077 τινὰ
1033 3021 1156 3094 μίαν
1204 3019 1448 3099 κεφαλήν
1481 3020 1540 3076 ἐκ
1587 3021 1805 3096 βάθους,
1837 3023 1934 3090 τὴν

288 3111 466 3182 ίδικὴν
500 3111 588 3167 διά
616 3133 674 3166 τε
705 3109 880 3184 ὄψεως
911 3110 997 3165 καὶ
1031 3109 1270 3184 γεύσεως
1316 3109 1405 3163 καὶ
1447 3113 1555 3164 τῶν
1589 3107 1798 3164 λοιπῶν
1832 3132 1937 3165 πο-

286 3202 590 3279 λυμόρφως
621 3198 826 3270 ἡδονὴν
856 3202 964 3274 (74)
1019 3197 1372 3274 ἀνισχούσης,
1406 3197 1494 3253 ἐὰν
1546 3197 1596 3252 ἐν
1639 3199 1936 3254 ἀπολαύσει

280 3313 341 3348 τε
368 3292 458 3346 καὶ
499 3290 672 3366 κόρῳ,
724 3288 874 3367 φασὶ,
907 3291 1004 3342 τοῦ
1051 3288 1169 3342 καθ’
1219 3288 1412 3355 ἑαυτὴν
1462 3285 1622 3356 ἡδέος
1664 3291 1779 3362 (75)
1813 3291 1940 3344 Exui-

286 3402 416 3451 στην
468 3378 712 3455 κεφαλήν
761 3375 1108 3450 ἐθελήσωμεν
1160 3377 1398 3450 τέμνειν,
1453 3377 1514 3431 οὐ
1572 3376 1787 3450 μᾶλλον
1840 3380 1940 3448 τὴν

285 3474 538 3548 φανεῖσαν
588 3471 882 3540 τεμοῦμεν,
932 3468 966 3537 ἢ
1019 3465 1274 3528 πλείονας
1321 3464 1438 3520 ἀντὶ
1469 3473 1567 3536 τῆς
1604 3472 1729 3541 μιᾶς
1759 3467 1940 3542 τούτῳ

288 3567 390 3629 τῆς
417 3565 596 3632 τομῆς
625 3562 702 3629 τῷ
749 3556 936 3631 τρόπῳ
991 3555 1296 3630 βλαστῆσαι
1343 3557 1668 3630 ποιήσομεν.
1695 3559 1817 3614 Ἐὰν
1862 3556 1940 3628 δὲ,

292 3648 535 3720 καθάπερ
565 3653 819 3720 καυτῆρι,
865 3648 934 3718 τῇ
985 3643 1265 3720 ἐγκρατείᾳ
1309 3644 1408 3712 τὴν
1456 3645 1808 3701 ἀναφανεῖσαν
1855 3647 1940 3702 ἐκ-

295 3739 571 3810 τέμωμεν,
621 3731 962 3804 ἀϐλάστητον
1015 3731 1183 3800 αὐτὴν
1216 3731 1293 3793 εἲς
1343 3733 1478 3802 ἅπαξ
1507 3739 1687 3811 σοφῶς
1717 3734 1942 3810 ἀναιρή-

301 3845 466 3897 σομεν
523 3827 657 3896 (76).
718 3824 774 3877 Ὀ
836 3822 930 3895 μὶν
985 3821 1089 3898 γὰρ
1144 3821 1242 3888 τὴν
1289 3819 1340 3875 ἐν
1397 3825 1466 3894 τῇ
1515 3822 1712 3896 γεύσει,
1763 3824 1940 3900 φασὶν,

301 3911 528 3984 ἡδονὴν,
557 3912 704 3989 φέρε,
736 3915 816 3983 τῷ
847 3915 1145 3985 παρασχεῖν
1189 3909 1249 3964 τὸ
1280 3910 1397 3964 κατ’
1439 3909 1603 3980 αὐτὴν
1637 3909 1762 3984 ἡδὺ,
1793 3913 1944 3989 κόρῳ

301 4001 512 4058 ἀνελεῖν
550 3998 865 4077 βουληθείς,
899 3999 959 4054 οὐ
1004 3997 1215 4072 μᾶλλον
1270 3997 1469 4069 ταύτην
1523 4000 1755 4073 ἀνεῖλεν,
1788 4002 1821 4072 ἢ
1857 4001 1945 4058 διὰ

298 4098 397 4161 τῆς
427 4088 782 4150 ἀπολαύσεως
831 4085 1257 4160 ἀκολαστοτέραν
1304 4089 1440 4162 πρὸς
1482 4090 1542 4144 τὸ
1573 4088 1942 4166 ἐπιθυμούμε-

297 4202 388 4235 νον
431 4180 508 4234 ἀεὶ
556 4177 972 4253 παρεσκεύασεν.
1006 4177 1066 4233 Ὁ
1117 4173 1173 4230 δὲ
1220 4180 1299 4248 τῷ
1353 4177 1427 4249 μὴ
1479 4175 1662 4232 δοῦναι
1692 4180 1754 4234 τὸ
1783 4180 1939 4250 ἧδον,

301 4270 480 4342 ὥσπερ
513 4267 642 4344 πυρὶ
670 4271 740 4341 τῇ
789 4265 1070 4342 ἐγκρατείᾳ
1108 4265 1307 4334 ταύτην
1360 4263 1636 4338 κολάσαςῖ
1652 4269 1724 4330 ὡς
1768 4268 1826 4324 ἂν
1865 4273 1941 4344 μὴ
1973 4243 2020 4308 D

298 4358 671 4433 τυγχάνουσαν
721 4357 793 4409 ὧν
835 4356 992 4408 ποθεῖ
1032 4353 1385 4430 ἀνενέργητόν
1437 4376 1496 4410 τε
1542 4357 1631 4409 καὶ
1672 4361 1942 4434 τετηγμξ-

296 4467 392 4515 νην
449 4447 566 4520 (77)
617 4443 858 4514 καθάπαξ
919 4440 1190 4513 ὑπέδειξε.
1256 4443 1355 4497 Καὶ
1413 4445 1662 4517 περιττὸς
1696 4490 1710 4515 ,
1767 4451 1892 4526 φασὶ
1927 4497 1940 4522 ,

302 4533 512 4608 μᾶλλον
546 4531 602 4588 δὲ
630 4531 830 4587 ἀδικῶν
881 4531 955 4593 εἷς
1002 4529 1227 4602 ἄσκησιν
1279 4530 1481 4594 ἐκεῖνος
1505 4534 1532 4588 ὁ
1564 4532 1726 4609 λόγος
1760 4538 1787 4592 ὁ
1817 4541 1943 4593 καθ.

296 4626 431 4696 απαξ
490 4623 952 4698 ἀποφαινόμενος·
1015 4620 1102 4694 ὅγι
1161 4621 1224 4674 τὸ
1271 4618 1492 4693 ἕτοιμον
1550 4622 1626 4686 είς
1676 4623 1939 4698 ἐξουσίαν,

296 4712 458 4788 ἀργὸν
494 4711 571 4775 εἷς
598 4709 906 4784 ἐπιθυμίαν.
941 4710 1123 4784 ’Δργεῖ
1173 4711 1267 4781 μὶν
1314 4710 1418 4786 γὰρ
1471 4713 1506 4779 ἡ
1539 4714 1590 4765 ἐν
1621 4717 1689 4788 τῇ
1735 4716 1937 4789 γεύσει,

367 4895 411 4930 ⁸⁸
442 4897 492 4951 Il
523 4893 651 4950 Cor.
682 4908 740 4962 x,
765 4891 819 4946 5.

365 5071 476 5143 (71)
559 5060 920 5140 Ἐπισυμϐἀν.

295 5137 481 5198 ϐάντα.

366 5217 479 5284 (72)
509 5209 748 5284 Ταύτην.
782 5210 916 5284 Sola
947 5211 1126 5278 Paris,
1160 5211 1362 5280 editio,
1395 5210 1533 5284 πρὸς
1562 5213 1789 5284 ταᾷτην.

309 5356 320 5375 ’
515 5286 640 5338 Κατ’
691 5280 942 5356 οὐρανόν.
993 5284 1087 5339 nic
1139 5284 1370 5356 primus
1423 5280 1530 5341 tus.
1594 5280 1768 5354 Edit‘i,
1827 5290 1944 5342 κατ’

299 5378 534 5412 υοανων.

335 5377 935 5502 ρόῒςνᾟπλυμόρφως
995 5419 1360 5502 ἡδονήνη-Βῇο
1389 5425 1636 5502 Colbert.
1688 5433 1743 5485 et
1802 5435 1940 5502 Reg.

290 5495 673 5577 2879,'multo
705 5495 902 5570 aptius
950 5514 1130 5569 quam
1179 5498 1344 5568 editi,
1395 5495 1757 5577 πολυμόρφον
1816 5495 1941 5571 ﬁsa.

293 5594 420 5628 νων.

364 5644 474 5717 (75)
519 5645 623 5696 Τοῦ
669 5639 788 5707 καθ’
835 5639 1029 5708 ἑαυτὴν
1102 5636 1288 5708 ἡδέος.
1346 5639 1437 5696 Sic
1486 5641 1750 5717 plerique
1807 5645 1943 5704 libri

1018 5067 1300 5125 Nonnulli
1381 5068 1633 5139 codices,
1709 5069 1944 5146 ἐπισυμ-

2050 1599 2188 1654 tatis
2216 1599 2715 1671 pulchritudinem
2734 1601 3318 1668 considerandam,ut
3339 1620 3441 1674 per
3461 1609 3697 1676 tempus

2047 1687 2240 1753 licuit,
2272 1688 2706 1755 edisserui,non
2740 1705 2807 1742 ex
2838 1689 3051 1744 divinis
3083 1689 3277 1746 solum
3306 1691 3539 1763 litteris,
3572 1695 3696 1762 sed,

2049 1777 2372 1833 secundum
2397 1777 2907 1849 sapientissimum
2928 1778 3199 1844 Paulum,
3215 1780 3312 1850 qui
3337 1797 3442 1836 nos
3463 1798 3698 1838 omnem

2047 1865 2404 1922 intellectum
2439 1867 2511 1922 ad
2561 1867 2952 1923 obediendum
2983 1869 3214 1924 Christo
3246 1871 3543 1941 captivum
3573 1873 3698 1929 vult

2047 1955 2258 2012 ducere
2288 1957 2350 2022 ⁸⁸,
2385 1972 2620 2011 omnem
2651 1956 2860 2011 Christi
2893 1957 3253 2028 discipulum
3286 1960 3356 2014 ad
3390 1960 3700 2018 continen-

2043 2043 2190 2099 tiam
2218 2044 2420 2101 volens
2449 2044 2715 2101 incitare.
2749 2046 2894 2100 Nam
2927 2051 2982 2102 et
3010 2051 3342 2104 Graecorum
3374 2051 3694 2123 sapientes,

2044 2133 2186 2189 dum
2219 2132 2637 2190 multiformem
2653 2133 3098 2206 voluptatem,et
3118 2138 3420 2208 pugnandi
3441 2155 3576 2195 cum
3594 2141 3696 2197 illa

2045 2222 2332 2278 rationem
2365 2223 2536 2278 nobis
2586 2222 2852 2278 fabuloso
2884 2230 3219 2280 commento
3271 2225 3558 2296 indicant,
3588 2229 3692 2302 hy-

2047 2311 2237 2380 dram,
2277 2310 2637 2383 voluptatem
2691 2313 2952 2384 corporis
3001 2314 3318 2384 generatim
3369 2321 3690 2388 sumptam,

2042 2401 2204 2457 velut
2233 2404 2563 2474 serpentem
2609 2402 2925 2472 quemdam
2977 2402 3132 2459 680
3182 2402 3600 2461 multiformem
3634 2407 3693 2462 in

2043 2490 2258 2562 palude
2281 2490 2720 2546 delitescentem
2753 2491 2946 2546 ductis
2996 2508 3064 2547 ex
3097 2496 3306 2548 natura
3362 2493 3692 2552 rationibus

2045 2579 2554 2651 ﬁnxerunt.Atque
2585 2579 2764 2650 hujus
2796 2579 3031 2651 quidem
3067 2585 3243 2652 caput
3275 2598 3390 2637 uno
3422 2583 3542 2639 ictu
3567 2601 3693 2640 am-

2045 2668 2558 2740 putatum,triplex
2574 2684 2642 2723 ex
2664 2685 2780 2724 uno
2801 2670 2966 2724 nasci
2995 2669 3369 2726 tradiderunt
3393 2689 3406 2738 ;
3430 2674 3690 2729 cauterio

2046 2761 2242 2812 autem
2273 2762 2624 2826 resectum,e
2656 2758 2848 2814 medio
2869 2775 3112 2830 prorsus
3130 2758 3252 2814 tolli
3287 2760 3580 2831 sapienter
3599 2779 3696 2817 os-

2046 2847 2381 2902 tenderunt.
2415 2847 2561 2903 Nam
2591 2864 2728 2903 cum
2772 2847 3045 2902 universa
3089 2846 3358 2918 voluptas
3408 2849 3466 2904 in
3499 2851 3694 2906 carnis

2047 2935 2332 2991 materiali
2362 2935 2757 3006 natura,velut
2784 2935 2845 2990 in
2877 2935 3091 3006 palude
3109 2936 3435 2993 horrendus
3451 2939 3694 3010 quidam

2047 3039 2292 3095 serpens
2339 3041 2573 3096 semper
2615 3024 2989 3090 delitescens,
3038 3041 3141 3096 per
3210 3042 3695 3100 unumquemque

2048 3129 2311 3184 sensum,
2345 3113 2502 3169 velut
2534 3130 2718 3168 unum
2747 3113 3045 3185 quoddam
3079 3119 3253 3186 caput
3279 3130 3349 3169 ex
3379 3117 3694 3187 profundo,

2048 3200 2410 3272 singularem
2441 3219 2544 3273 per
2571 3201 2762 3257 visum
2797 3206 2852 3257 et
2881 3207 3121 3273 gustum
3154 3201 3530 3275 reliquosque
3560 3222 3694 3261 sen-

2049 3307 2153 3345 sus
2180 3290 2583 3362 multipliciter
2595 3290 2950 3362 voluptatem
2969 3292 3221 3361 proferat
3247 3293 3324 3347 :si
3347 3294 3696 3364 perlruendo

2051 3395 2117 3434 ac
2147 3378 2436 3443 satietate,
2468 3379 2652 3445 aiunt,
2675 3378 2835 3433 illius
2865 3378 3198 3434 dulcedinis
3229 3383 3698 3455 unumquodque

2051 3473 2225 3540 caput
2254 3467 2502 3542 velimus
2535 3473 2874 3540 amputare;
2909 3485 3025 3524 non
3061 3469 3251 3540 magis
3309 3474 3507 3542 caput,
3538 3473 3696 3544 quod

2051 3574 2179 3612 sese
2207 3557 2481 3624 exseruit,
2515 3561 2920 3629 amputamus,
2951 3557 3101 3629 quod
3135 3559 3479 3629 amputandi
3525 3562 3698 3617 modo

2052 3646 2386 3718 perﬁcimus
2410 3651 2474 3701 ut
2495 3645 2664 3718 plura
2687 3663 2789 3717 pro
2811 3663 2928 3701 uno
2961 3649 3418 3703 nascantur.Sed
3449 3649 3497 3704 si
3517 3649 3696 3706 veluti

2052 3735 2330 3801 cauterio,
2363 3736 2442 3789 ita
2493 3735 2872 3800 continentia,
2925 3735 3201 3806 prodiens
3252 3741 3429 3809 caput
3475 3755 3700 3795 resece-

2052 3823 2509 3895 mus,sapienter
2539 3839 2571 3876 a
2600 3823 2768 3878 nobis
2800 3821 3099 3878 sublatum
3133 3823 3425 3893 pullulare
3456 3843 3700 3896 prorsus

2051 3930 2168 3969 non
2202 3912 2430 3984 poterit.
2465 3912 2608 3966 Nam
2631 3912 2726 3981 qui
2754 3915 2984 3982 gustus,
3013 3911 3698 3984 inquiunt,voluptatem,

2051 4001 2296 4072 exempli
2329 4017 2526 4066 causa,
2561 3999 2932 4054 concedendo
2955 4000 3108 4068 quod
3135 3999 3184 4053 ei
3219 4017 3396 4055 suave
3427 4005 3592 4057 estet
3613 4020 3702 4057 sa-

2049 4093 2248 4149 tietate
2278 4091 2479 4148 tollere
2512 4089 2774 4157 vult,non
2800 4089 2991 4161 magis
3021 4105 3146 4145 eam
3183 4088 3545 4162 tollit,quam
3570 4109 3699 4163 per-

2052 4183 2296 4238 fruendo
2328 4179 2902 4251 intemperantiorem
2932 4178 3071 4233 facit
3102 4179 3171 4234 ad
3197 4178 3254 4233 id
3289 4181 3440 4252 quod
3468 4197 3703 4252 semper

2054 4269 2551 4342 concupiscit.Qui
2574 4273 2768 4323 autem
2800 4285 2917 4322 non
2950 4269 3322 4323 concedendo
3346 4269 3500 4340 quod
3523 4287 3702 4326 suave

2053 4367 2160 4426 est,
2197 4359 2357 4414 illam
2393 4355 2751 4412 continentia
2781 4361 3068 4427 tanquam
3099 4355 3232 4428 igne
3263 4359 3703 4427 coercet,utmi-

2053 4451 2212 4506 nime
2243 4451 2565 4520 compotem
2595 4462 2798 4501 eorum
2824 4461 2951 4516 quae
2985 4445 3700 4516 concupiscit,invalidam

2053 4556 2119 4594 ac
2149 4539 2502 4594 tabefactam
2536 4552 2780 4608 prorsus
2821 4533 3052 4606 redigit.
3089 4537 3158 4588 Ac
3208 4539 3582 4606 prmpostera,
3613 4535 3704 4591 in-
3741 4606 3746 4611 η

2052 4625 2376 4701 quiunt,vel
2408 4625 2604 4697 potius
2640 4624 2843 4694 iniqua
2875 4625 2930 4678 in
2960 4623 3196 4678 virtutis
3229 4624 3703 4681 exercitationem

2051 4717 2255 4784 oratio,
2287 4732 2410 4787 quae
2443 4713 2570 4769 sine
2602 4712 2937 4783 exceptione
2969 4713 3328 4783 pronuntiat,
3360 4715 3513 4784 quod
3539 4731 3706 4787 para-

2048 5078 2290 5132 veteres.
2324 5069 2503 5138 Editi,
2531 5069 2629 5122 τοῦ
2659 5066 2778 5121 κατ’
2811 5063 2977 5134 αὐτὴν
3010 5063 3210 5136 ἡδέως.

2122 5147 2233 5216 (76)
2268 5141 2678 5216 Ἀναιρήσομεν.
2724 5139 2820 5196 Sic
2840 5139 3113 5216 plerique
3146 5157 3289 5216 mss.
3343 5141 3495 5216 Edti,
3554 5161 3700 5195 αναι-

2053 5209 2327 5300 ρήσιυμεν.
2387 5209 2758 5300 Ρειιιιρήροεοῑ..κ
2789 5209 2952 5300 editi,
3004 5209 3211 5300 ᾖδονην
3260 5213 3464 5287 φερέτω
3521 5232 3698 5300 σπαρα-

2050 5279 2310 5370 σχεῖν’τῷ
2340 5285 2456 5339 κατ’
2487 5279 2655 5351 αὐτὴν
2691 5279 2815 5351 ἡδεῖ
2843 5279 3134 5370 καὶνὶκόρῳ..
3165 5279 3290 5339 Non
3324 5279 3697 5366 parentque:

2049 5355 2136 5415 vis
2168 5355 2398 5416 codices
2430 5375 2575 5413 mss.
2609 5361 2844 5428 excepto
2870 5355 3410 5423 Colbertino.cujus
3444 5355 3696 5426 scriptu-

2053 5448 2200 5497 ram,
2230 5437 2296 5487 ut
2325 5435 2519 5502 aptam
2552 5429 2623 5484 ad
2651 5429 3085 5484 emendandum
3119 5431 3476 5495 contextum,
3512 5428 3702 5483 secuti

2053 5521 2283 5560 sumus.

2123 5576 2237 5642 (77)
2267 5569 2636 5648 Τετηγμένην.
2677 5569 2782 5648 Sic_
2814 5571 2943 5627 cod.
3001 5566 3378 5625 Mazarinisus
3436 5572 3493 5624 et
3522 5569 3699 5627 alius.

2054 5648 2232 5719 Editi,
2263 5643 2634 5718 τετμημένην,
2659 5643 2918 5699 excisam.
