4112 6224
427 251 578 378 .807

1404 305 1800 367 APPENDIX
1848 301 2177 366 OPERUM
2217 303 2285 364 S.
2329 303 2608 368 BASILII
2651 307 2929 370 MAGNI.

460 452 581 504 tam
612 446 790 503 habet
811 441 1146 518 perfruendi
1166 437 1598 514 potestatem,id
1629 437 1854 493 lentum
1885 450 2015 492 esse
2037 434 2098 490 ad

2225 431 2352 510 φέρε
2405 434 2597 508 εἵπεῖν,
2643 435 2813 508 ἡδονὴ
2861 439 2998 515 πρὸς
3047 439 3220 496 ἐκεῖνο
3265 441 3330 496 οὗ
3355 442 3456 510 τήν
3501 441 3746 512 ἐξουσίαν
3774 446 3878 509 τῆς

461 535 1020 609 concupiscendum.
1059 533 1234 588 Lenta
1264 528 1418 585 enim
1447 532 1538 583 est
1583 531 1815 599 gustus,
1866 523 2113 595 exempli

460 643 659 692 causa,
689 623 958 696 voluptas
989 620 1058 677 ad
1089 619 1146 673 id
1179 618 1350 688 cujus
1394 615 1734 688 perfruendi
1765 616 2109 686 potestatem

459 716 634 772 habet
667 732 680 783 ;
713 714 813 768 sed
846 727 978 767 cum
1002 723 1236 778 semper
1250 706 1456 762 edocta
1487 705 1566 760 sit
1594 719 1963 775 eorum,quaa
1986 718 2113 758 con-

454 804 728 878 cupiscit,
761 815 1001 872 compos
1041 796 1506 867 intemperanter
1559 793 1703 860 ﬂeri,
1754 789 2112 847 insatiabilis

459 896 528 950 ad
559 891 978 966 perfruendum
997 885 1286 958 quidquid
1320 881 1891 956 concupiscit,variis
1919 880 2110 936 modis

460 983 769 1055 abripitur.
801 979 990 1043 Quare
1019 993 1136 1032 non
1169 975 1254 1031 sic
1302 973 1766 1045 unumquodque
1795 969 2111 1042 voluptatis

459 1075 636 1144 caput
666 1066 1095 1141 amputandum
1127 1079 1258 1120 esse
1286 1063 1517 1125 dicunt,
1548 1063 1648 1118 sed
1683 1075 1788 1132 per
1816 1057 2110 1116 abstinen-

456 1161 622 1230 tiam,
655 1175 770 1214 non
805 1155 1178 1212 concedendo
1210 1153 1364 1225 quod
1401 1167 1579 1208 suave
1609 1154 1718 1206 est.

524 1250 614 1304 68.
651 1246 892 1303 Divinas
923 1247 1116 1300 autem
1151 1258 1341 1298 sermo
1372 1239 1622 1296 vitulum
1658 1255 1762 1312 pro
1783 1236 2108 1296 sacerdotio

455 1338 611 1410 apud
627 1333 1135 1408 sapientissimum
1150 1332 1407 1403 Moysem
1422 1333 1708 1397 mactans,
1725 1343 1828 1401 per
1841 1325 2108 1382 membra

455 1442 707 1500 quorum
740 1425 805 1480 ﬁt
821 1420 1486 1491 bolocaustum,virtutie
1511 1418 1841 1475 exercendae
1865 1416 2105 1472 modum

455 1515 709 1572 naturali
739 1513 968 1569 ratione
996 1510 1275 1575 ostendit,
1308 1511 1450 1565 dum
1493 1507 1710 1579 jecoris
1739 1506 1976 1578 quidem
2009 1521 2105 1562 ex-

453 1608 704 1661 tremam
736 1606 987 1673 partem,
1021 1615 1136 1655 non
1165 1602 1355 1654 totum
1383 1598 1573 1667 jecur,
1608 1600 1663 1651 et
1703 1595 1936 1667 adipem
1976 1609 2105 1665 quae

449 1697 709 1750 ventrem
742 1689 951 1762 operit,
987 1705 1101 1744 non
1135 1687 1331 1760 ipsum
1364 1689 1646 1756 ventrem,
1672 1699 1880 1740 renum
1905 1687 2102 1738 autem

453 1798 566 1837 non
591 1779 824 1851 adipem
859 1775 1349 1872 modo,sed_ipsos
1372 1774 1550 1872 etiam
1584 1789 1718 1828 cum
1749 1772 1920 1845 adipe
1936 1787 2104 1872 renes
2136 1805 2184 1872 Β

450 1871 586 1942 igne
615 1867 884 1925 consumi
907 1867 1100 1938 jubet.
1142 1865 1289 1921 Nam
1323 1880 1458 1920 cum
1499 1865 1672 1934 jecur
1713 1877 1999 1934 organum
2031 1861 2108 1916 sit

451 1955 936 2030 concupiscentiae
967 1954 1322 2026 (secundum
1355 1953 1510 2025 quod
1543 1957 1602 2008 et
1629 1952 1701 2008 de
1731 1968 1798 2008 eo
1815 1950 1910 2022 qui
1935 1965 2109 2023 prave

452 2049 524 2106 ad
557 2045 1093 2119 concupiscendum
1125 2043 1424 2100 sauciatus
1453 2045 1562 2109 est,
1613 2041 1848 2108 dicitur,
1896 2041 2018 2096 Eri:
2045 2045 2107 2094 ut

448 2153 642 2194 cervus
699 2138 906 2205 sagitta
936 2148 1230 2204 percussus
1262 2135 1321 2189 in
1343 2134 1533 2205 jacere
1561 2131 1679 2201 ⁸⁸⁸),
1709 2128 1887 2185 veluti
1919 2135 2104 2185 extre-

451 2243 610 2284 mam
643 2229 892 2298 partem,
927 2222 1289 2295 singularem
1320 2222 1390 2276 ad
1425 2221 1788 2293 peccandum
1829 2218 2105 2291 concupi-

449 2315 761 2386 scentiam,
796 2314 856 2369 in
889 2329 1004 2383 qua
1033 2316 1090 2368 et
1120 2311 1253 2367 bilis
1280 2308 1782 2383 reperitur,solam
1814 2308 1945 2379 igne
1962 2324 2102 2364 con-

449 2421 702 2472 sumere,
737 2402 1030 2474 reliquum
1063 2400 1446 2472 autem,quod
1477 2416 1510 2454 a
1541 2398 1643 2454 bili
1675 2402 1732 2454 et
1766 2413 1942 2470 prava
1964 2413 2101 2453 con-

449 2492 812 2566 cupiscentia
842 2507 1056 2564 purum
1089 2493 1196 2558 est,
1231 2489 1298 2546 ad
1333 2490 1620 2544 bonarum
1655 2503 1849 2544 rerum
1882 2503 2100 2543 concu-

447 2581 796 2655 piscentiam
833 2594 1066 2635 servare
1096 2578 1423 2634 secundum
1458 2581 1729 2632 naturam
1790 2575 2097 2645 convenit;

445 2670 664 2727 ventris
695 2673 893 2724 autem
919 2667 1075 2739 quod
1107 2666 1475 2739 superfluum
1508 2665 1781 2732 est,unde
1812 2665 1882 2720 ad
1904 2664 2046 2719 vitia
2067 2681 2101 2719 a

447 2760 672 2815 ratione
704 2757 896 2814 aliena
927 2754 1393 2828 pinguescimus,
1426 2753 1766 2820 auferendo,
1806 2753 1962 2825 quod
1994 2769 2100 2809 ne-

445 2849 765 2906 cessarium
799 2851 889 2903 est
911 2844 1322 2901 tantummodo
1339 2859 1568 2900 servare
1603 2860 1615 2898 :
1647 2843 1706 2898 in
1739 2843 1975 2899 renibus
1996 2859 2099 2898 au-

441 2945 703 3010 tem,non
737 2936 928 2993 solum
956 2935 1344 3007 adipem,qua3
1369 2934 1670 3005 ingentem
1693 2933 1840 2988 08]
1869 2933 2097 3004 copiam

443 3029 725 3102 genitura
758 3026 828 3082 ad
854 3024 1370 3096 intemperantiam
1394 3022 1836 3096 despumat,sed
1860 3027 1918 3078 et
1938 3023 2099 3095 ipsos

443 3134 612 3175 renes
641 3115 993 3172 sacriﬁcare.
1037 3114 1100 3169 In
1133 3113 1247 3181 his,
1301 3112 1568 3184 inquam,
1617 3127 1810 3168 sermo
1859 3111 2092 3168 divinus

443 3205 750 3277 aptissime
779 3204 850 3258 ad
885 3207 1154 3258 naturam
1185 3207 1244 3258 et
1273 3203 1428 3273 quod
1476 3203 1547 3256 ad
1592 3201 1772 3256 vitam
1824 3215 2091 3256 necessa-

365 3299 370 3303 ’
442 3295 618 3364 rium,
651 3297 707 3350 et
738 3294 892 3364 quod
927 3292 1272 3364 praeclarum
1317 3292 1390 3347 ad
1441 3291 2000 3364 concupiscendum,
2037 3295 2095 3346 et

440 3383 594 3455 quod
628 3397 843 3453 purum
877 3382 948 3437 ad
982 3381 1429 3452 temperantiam
1466 3379 1933 3436 monstrat.Nam
1957 3396 2092 3436 cum

439 3471 567 3528 sine
596 3471 726 3527 cibo
756 3470 816 3525 in
850 3485 1090 3542 corpore
1113 3469 1228 3524 vivi
1261 3486 1375 3525 non
1407 3468 1614 3540 possit,
1647 3485 1934 3540 organum
1953 3469 2091 3540 cibi,

435 3564 701 3617 ventrem
734 3559 960 3615 nudum
991 3561 1062 3614 ab
1094 3559 1255 3615 omni
1305 3574 1549 3630 prorsus
1597 3557 1856 3630 ingluvie
1912 3557 2090 3614 relin-

440 3666 648 3724 quens,
683 3647 936 3721 adipem,
969 3664 1096 3719 quae
1127 3647 1296 3702 illum
1326 3647 1693 3719 operil,recte
1723 3647 2091 3704 aufert.Rur-

441 3756 542 3796 sus
572 3741 768 3795 autem
796 3754 928 3794 cum
960 3737 1087 3793 ﬁeri
1115 3754 1228 3793 non
1263 3736 1467 3809 possit,
1502 3740 1570 3793 ut
1599 3737 1916 3809 quidquam
1951 3736 2091 3793 boni

439 3844 848 3901 assequamur,
884 3826 996 3883 nisi
1031 3825 1359 3883 naturalem
1392 3825 1553 3882 illius
1583 3827 1890 3899 appetendi
1915 3825 2091 3882 facul-

438 3922 617 3975 tatem
649 3917 999 3983 habeamus,
1031 3915 1246 3971 malam
1279 3914 1539 3986 quidem,
1579 3915 1841 3986 inquam,
1875 3932 2088 3972 concu-

437 4007 737 4080 piscentia:
767 4004 1209 4078 speciem,velut
1229 4010 1548 4062 extremam
1583 4009 1804 4077 partem
1828 4021 1961 4062 cum
1985 4005 2088 4061 bili

437 4099 680 4164 resecat,
714 4095 935 4152 bonum
968 4098 1164 4151 autem
1197 4095 1269 4151 ad
1301 4094 1552 4150 virtutes
1604 4094 2090 4166 concupiscentia

436 4203 622 4260 genus
662 4201 878 4257 purum
928 4189 985 4240 et
1028 4184 1316 4240 intactum
1370 4182 1670 4254 relinquit.
1722 4183 1802 4238 De
1851 4183 2092 4239 renibus

438 4281 657 4340 autem,
691 4273 972 4345 quoniam
1013 4288 1118 4328 nec
1151 4273 1220 4327 ad
1271 4271 1474 4338 vitam,
1522 4275 1586 4326 ut
1629 4276 1846 4342 venter,
1879 4289 1984 4328 nec
2017 4274 2087 4329 ad

435 4362 972 4434 concupiscentiam
996 4360 1313 4416 necessarii
1337 4360 1702 4426 videntur,ut
1718 4359 1818 4431 qui
1836 4360 2094 4434 singula-

437 4468 559 4507 rem
588 4450 659 4506 ad
692 4450 1044 4505 concubitus
1075 4447 1612 4519 concupiscentiam
1670 4447 1858 4504 solam
1901 4451 2090 4506 susci-

2223 523 2577 589 ἀπολαύσεως
2633 525 2768 603 ἔχει,
2831 529 3159 600 ἐξουσιάζειν
3215 527 3272 585 δὲ
3330 529 3579 607 ἀκρατῶς
3631 535 3744 607 (78)
3801 535 3875 588 ὧν

2228 610 2482 685 βούλεται
2515 614 2808 672 ἀπολαύειν
2835 617 2916 672 ἀεὶ
2949 615 3286 694 διδαχθεῖσα,
3319 618 3608 694 ἀκόρεστος
3650 624 3762 693 (79)
3798 621 3878 686 εἷς

2222 701 2458 775 ἐξουσίαν
2487 705 2622 778 πρὸς
2654 712 2758 761 πᾶν
2801 707 2863 761 τὸ
2908 705 3240 781 ἐπιθυμηθὶν
3278 705 3656 786 πολυμόρφως
3686 710 3880 785 ἐξάγε-

2218 812 2328 849 ται.
2362 793 2458 848 Κιό
2487 816 2642 870 φασιν
2677 795 2785 872 οὐχ
2815 796 2958 852 οὕτω
2987 797 3196 869 τέμνειν
3249 797 3476 865 ἑκάστην
3527 805 3629 868 τῆς
3664 797 3879 869 ἡδονῆς

2219 883 2482 958 κεφαλὴν,
2512 881 2660 938 ἀλλὰ
2704 889 2785 958 τῷ
2835 885 2911 958 μὴ
2947 884 3264 961 χαρίζεσθαι
3292 888 3354 942 τὸ
3383 885 3518 956 ἧδον
3561 885 3654 942 διὰ
3682 909 3878 964 καρτε-

2219 971 2337 1046 ρίας
2365 973 2652 1045 προσήκει.

2285 1241 2375 1298 68.
2408 1241 2469 1299 Ὁ
2500 1238 2558 1296 δὲ
2607 1242 2752 1306 θεῖος
2802 1240 2968 1318 λόγος
3012 1241 3104 1297 τὸν
3140 1243 3275 1320 ὑπὲρ
3324 1244 3625 1320 ἱερωσύνης
3657 1245 3878 1323 μόσχον

2216 1331 2361 1406 παρὰ
2387 1335 2468 1403 τῷ
2494 1333 2794 1408 σοφωτάτῳ
2820 1335 3026 1406 Μωϋσῇ
3071 1334 3407 1411 σφαγιάζων,
3443 1331 3532 1389 διὰ
3575 1340 3689 1390 τῶν
3738 1336 3881 1392 ὀλο-

2215 1419 2596 1493 καυτουμένων
2629 1418 2812 1494 μελῶν
2842 1422 2933 1476 τὸν
2983 1428 3086 1491 τῆς
3135 1423 3416 1492 ἀσκήσεως
3445 1424 3649 1497 τρόπον
3701 1447 3874 1504 φυσι-

2213 1514 2326 1572 κῶς
2382 1507 2710 1565 ὑπεδείκνυεθ
2759 1513 2856 1565 τοῦ
2907 1510 3003 1582 μὶν
3048 1510 3258 1580 ἥπατος
3287 1512 3378 1566 τὸν
3416 1507 3605 1584 λοϐὸν,
3638 1515 3730 1569 καὶ
3766 1516 3881 1592 οὐχ

2215 1597 2345 1654 ὅλον
2375 1599 2437 1653 τὸ
2476 1600 2646 1673 ἧπαρ,
2696 1598 2788 1654 καὶ
2834 1605 2934 1669 τῆς
2980 1596 3195 1663 κοιλίας
3235 1601 3297 1656 τὸ
3345 1601 3622 1657 καλύπτον
3666 1605 3878 1674 ταύτην

2215 1687 2396 1765 στέαρ,
2426 1688 2516 1742 καὶ
2548 1689 2650 1742 οὐκ
2699 1685 2865 1756 αὐτὴν
2913 1689 3011 1758 τὴν
3061 1686 3298 1744 κοιλίαν’
3330 1695 3437 1745 τῶν
3481 1688 3539 1746 δέ
3566 1697 3778 1769 νεφρῶν
3813 1694 3880 1749 οὗ

2213 1780 2275 1832 τὸ
2306 1779 2463 1854 στέαρ
2498 1777 2685 1850 μόνον,
2711 1775 2859 1833 ἀλλὰ
2903 1776 2994 1832 καί
3040 1778 3240 1842 αὐτοὺς
3291 1779 3383 1833 σὺν
3414 1784 3493 1851 τῷ
3524 1781 3701 1837 στέατι
3745 1783 3882 1847 τοὺς

2215 1864 2442 1944 νεφροὺς
2498 1865 2928 1922 ὁλοκαυτοῦσθαι
2984 1867 3378 1943 προστάσσων.
3435 1872 3554 1924 Ὅτι
3612 1875 3711 1925 τοῦ
3775 1873 3875 1945 μὶν

2214 1954 2424 2024 ἥπατος
2475 1955 2708 2030 ὀργάνου
2765 1955 3054 2028 ἐπιθυμίας
3105 1956 3452 2032 ὑπάρχοντος
3501 1959 3643 2029 (καθ’
3689 1960 3718 2013 ὃ
3778 1960 3877 2014 καὶ

2213 2042 2335 2117 περί
2365 2049 2462 2100 τοῦ
2491 2048 2670 2107 κακῶς
2720 2045 2858 2121 πρὸς
2905 2044 3197 2118 ἐπιθυμίαν
3253 2046 3552 2123 βληθέντος
3598 2047 3659 2102 ἃν
3714 2047 3876 2125 εἶ’ρη-

2212 2155 2322 2203 ται,
2371 2134 2452 2189 ὅτι
2511 2136 2645 2208 Ἔσῃ
2703 2133 2780 2197 ὡς
2836 2131 3037 2212 ἔλαφος
3085 2134 3374 2208 τοξεύματι
3423 2134 3727 2212 πεπληγὼς
3793 2138 3874 2200 είς

2209 2223 2272 2278 τὸ
2301 2224 2493 2298 ἧπαρ),
2526 2224 2766 2298 καθάπερ
2822 2217 3012 2295 λοϐὸν,
3045 2223 3145 2292 τὴν
3199 2221 3376 2292 ίδικήν
3419 2225 3556 2298 πρὸς
3589 2225 3866 2300 ἁμαρτίαν

2211 2310 2501 2384 ἐπιθυμίαν
2550 2311 2746 2384 μόνην,
2781 2310 2833 2366 ἐν
2882 2313 2921 2383 ᾗ
2965 2310 3055 2366 καὶ
3106 2313 3140 2380 ἡ
3175 2309 3325 2388 χολὴ
3379 2312 3700 2388 εὑρίσκεται,
3731 2313 3871 2369 ὁλο-

2207 2405 2458 2470 καυτοῦν,
2491 2401 2592 2470 τὴν
2625 2397 2682 2455 δέ
2711 2399 2911 2469 λοιπὴν
2944 2401 3179 2476 καθαράν
3227 2397 3409 2475 χολῆς
3448 2402 3537 2456 καὶ
3573 2404 3869 2478 μοχθηρᾶς

2207 2488 2495 2563 ἐπιθυμίας
2526 2488 2600 2552 εἷς
2649 2490 2748 2558 τὴν
2779 2494 2886 2544 τῶν
2931 2489 3117 2544 καλῶν
3165 2488 3456 2563 ἐπιθυμίαν
3509 2497 3697 2566 τηρεῖν
3726 2492 3872 2546 κατᾶ

2209 2580 2364 2658 φύσιν
2395 2581 2682 2654 προσήκει,
2711 2580 2811 2651 τῇς
2845 2576 2902 2634 δὲ
2928 2576 3144 2641 κοιλίας
3186 2579 3248 2634 τὸ
3287 2580 3538 2654 περιττὸν
3571 2579 3689 2636 ὅθεν
3721 2582 3870 2657 πρὸς

2207 2667 2432 2744 ἀλογίαν
2484 2667 2812 2741 πιαινόμεθα
2859 2667 3246 2744 ἀφαιροῦντας.
3276 2669 3338 2724 τὸ
3370 2670 3658 2745 ἀναγκαῖον
3690 2671 3866 2743 μόνον

2209 2755 2517 2836 φυλάττειν·
2550 2755 2638 2812 ἐπὶ
2697 2754 2755 2812 δέ
2808 2761 2916 2812 τῶν
2969 2761 3203 2835 νεφρῶν,
3264 2756 3326 2812 οὐ
3372 2758 3437 2813 τὸ
3485 2758 3642 2834 στέαρ
3687 2760 3866 2831 μόνον

2207 2844 2351 2901 πολὺ
2407 2844 2622 2916 πλῆθος
2673 2845 2748 2908 εἷς
2801 2843 3098 2900 ἀκολασίαν
3153 2843 3436 2922 ἐξαφρίζον
3488 2852 3678 2921 γονῆς,
3711 2845 3870 2903 ἀλλὰ

2207 2937 2296 2991 καὶ
2371 2935 2566 3000 αὐτοὺς
2619 2935 2746 2998 τοὺς
2800 2933 3030 3012 νεφροὺς
3093 2935 3441 3009 καθαγιάζειν
3472 2953 3487 2968 ·
3543 2935 3865 3012 φυσικώτα-

2203 3047 2271 3080 τα
2299 3027 2433 3099 (80),
2468 3025 2633 3103 φημὶ,
2661 3026 2785 3099 περί
2816 3045 2874 3080 τε
2901 3029 2998 3079 τοῦ
3042 3023 3339 3100 ἀναγκαίου
3386 3023 3524 3099 πρὸς
3568 3025 3735 3094 ζωήν,
3767 3027 3862 3080 καὶ

2200 3118 2298 3169 τοῦ
2329 3112 2634 3192 φιλοκάλου
2663 3114 2801 3189 πρὸς
2833 3112 3147 3187 ἐπιθυμίαν,
3178 3114 3269 3168 καὶ
3317 3117 3415 3168 τοῦ
3453 3115 3588 3188 πρὸς
3634 3134 3862 3192 σωφρο-

2205 3203 2364 3275 σῦνην
2417 3207 2656 3276 καθαροῦ
2710 3201 3083 3275 αἰνιξάμενος.
3147 3200 3369 3272 Ἐπειδὴ
3426 3201 3526 3278 γὰρ
3585 3200 3857 3259 ἀδύνατον

2202 3291 2378 3369 χωρὶς
2421 3297 2629 3369 τροφῆς
2683 3289 2736 3346 ἐν
2788 3293 3002 3365 σώματι
3056 3294 3176 3366 ζῇν,
3217 3292 3280 3347 τὸ
3311 3287 3539 3367 ὄργανσν
3588 3298 3689 3361 τῆς
3725 3313 3864 3367 τρο-

2202 3382 2454 3460 φῆςιτῆν
2496 3378 2729 3449 κοιλίαν’
2784 3380 2949 3459 φημὶ,
3001 3381 3213 3456 γυμνὴν
3261 3381 3386 3436 ἄνευ
3433 3380 3607 3451 πάσης
3636 3401 3863 3456 γαπ-τρι-

2205 3471 2438 3548 μαργίας
2464 3468 2802 3538 καταλιπὼν,
2832 3469 2894 3525 τὸ
2945 3468 3312 3525 ἐπικαλύπτον
3366 3468 3522 3544 στέαρ
3554 3468 3720 3538 αὐτὴν
3758 3491 3862 3525 κα-

2201 3559 2312 3622 λῶς
2346 3561 2672 3636 ἀφαιρεῖται.
2723 3557 2896 3614 Πάλιν
2953 3556 3011 3614 δέ
3059 3556 3249 3628 ἐπειδή
3301 3557 3594 3634 ἀμήχανόν
3640 3579 3690 3612 τι
3740 3563 3860 3614 τῶν

2199 3647 2383 3704 καλῶν
2431 3651 2580 3721 ἡμᾶς
2635 3646 2805 3723 ἔχειν,
2866 3647 2942 3720 μή
2986 3646 3275 3720 ἐπιθυμίας
3331 3645 3559 3720 δύναμιν
3619 3649 3861 3725 φυσικὴν

2198 3737 2335 3810 πρὸς
2369 3736 2498 3792 αὐτὸ
2534 3734 2923 3808 κεκτημένους,
2975 3736 3036 3790 τὸ
3089 3737 3185 3808 μὶν
3230 3734 3436 3810 φαῦλον
3483 3733 3649 3803 εἶδος,
3681 3737 3859 3812 φημὶ,

2196 3832 2297 3894 τῆς
2327 3823 2638 3898 ἐπιθυμίας,
2687 3825 2926 3900 καθάπερ
2977 3819 3153 3880 λοϐὸν
3186 3825 3325 3898 μετὰ
3355 3831 3454 3894 τῆς
3484 3823 3668 3901 χολῆς
3717 3825 3862 3881 ἀπο-

2197 3915 2403 3988 τέμνει,
2433 3913 2495 3969 τὸ
2529 3911 2587 3968 δὲ
2617 3913 2785 3970 καλὸν
2829 3914 2983 3990 γένος
3013 3916 3111 3983 τῆς
3153 3914 3292 3989 πρὸς
3317 3913 3412 3976 τὰς
3447 3913 3637 3987 ἀρετάς
3668 3913 3867 3978 ἐπιθυ-

2201 4004 2327 4078 μίας
2357 4003 2586 4078 καθαρὸν
2637 4001 2949 4072 ἀπολείπει,
3005 4001 3127 4060 Ἐπὶ
3186 4001 3245 4058 δὲ
3298 4007 3407 4058 τῶν
3465 4007 3694 4078 νεφρῶν,
3737 4002 3861 4058 ἐπεὶ

2200 4090 2322 4148 οὕτε
2368 4093 2504 4169 πρὸς
2557 4093 2700 4162 ζωὴν
2756 4092 2831 4154 ὡς
2863 4095 2897 4162 ἡ
2961 4089 3170 4159 κοιλία,
3201 4089 3329 4147 οὔτε
3384 4092 3522 4167 πρὸς
3565 4090 3859 4164 ἐπιθυμίαν

2198 4182 2476 4258 ἀναγκαῖοι
2526 4183 2779 4258 ὁρῶνται,
2827 4181 2926 4250 τήν
2987 4183 3216 4256 μερικὴν
3269 4182 3406 4255 πρὸς
3445 4182 3545 4242 τάς
3574 4181 3864 4242 συνουσίας

2202 4272 2374 4346 μόνην
2425 4270 2711 4344 ἐπιθυμίαν
2766 4267 3192 4344 ὑποδεξάμενοι,
3243 4270 3307 4325 οὗ
3357 4270 3421 4324 τὸ
3468 4270 3651 4342 στέαρ,
3684 4270 3862 4344 φημὶ,

2203 4362 2368 4434 μόνον
2424 4359 2655 4426 τούτων,
2685 4357 2833 4414 ἀλλὰ
2887 4361 2980 4415 καὶ
3039 4358 3235 4424 αὐτοὺς
3289 4359 3420 4434 πυρὶ
3458 4356 3865 4434 παραδίδωσιν,

2201 4449 2282 4506 ὅτι
2317 4447 2541 4504 δυνατὸν
2592 4446 2715 4504 ἄνευ
2761 4452 2992 4528 νεφρῶν,
3021 4447 3296 4504 τουτέστιν
3345 4445 3467 4503 ἄνευ
3507 4448 3724 4523 γάμων,
3765 4453 3870 4522 ζῇν

437 4539 620 4612 piant,
654 4554 771 4594 non
798 4537 1014 4605 solum,
1047 4537 1314 4608 inquam,
1349 4536 1585 4610 adipem
1618 4537 1875 4606 illorum,
1899 4541 2000 4596 sed
2032 4545 2090 4596 et

2209 4561 2253 4596 τε
2277 4539 2364 4594 καὶ
2397 4538 2488 4593 τὸν
2521 4538 2803 4613 παρθενίας
2842 4538 2958 4614 βίον
3013 4535 3297 4614 ίσάγγελον
3349 4535 3587 4601 ἐντεῦθεν
3619 4535 3729 4607 ἤδη
3769 4536 3868 4593 διὰ

437 4630 599 4702 ipsos
632 4627 751 4700 igni
785 4626 1048 4693 tradidit,
1082 4626 1224 4698 quia
1253 4643 1575 4699 possumus
1607 4628 1735 4683 sine
1764 4628 2088 4700 renibus,id

442 4723 553 4789 est,
586 4717 712 4774 sine
743 4715 990 4788 nuptiis,
1022 4715 1214 4772 vivere
1244 4720 1302 4772 et
1340 4715 1700 4790 virginitatis
1751 4717 2090 4776 institutum

436 4806 660 4880 angelis
691 4805 913 4878 aequale
943 4807 1116 4862 etiam
1153 4823 1330 4875 nunc,
1364 4806 1629 4878 quandiu
1649 4806 2087 4876 vivimus,exer-

438 4912 587 4952 cere.
621 4895 721 4951 His
751 4895 1030 4952 omnibus
1057 4895 1118 4950 in
1147 4895 1305 4951 omni
1327 4895 1617 4967 sapientia
1645 4895 1908 4952 eruditos
1926 4898 2090 4954 decet

437 4985 721 5040 universae
741 4982 1217 5056 voluptati,velut
1237 4983 1435 5057 hydrae
1461 4984 1781 5041 multorum
1802 4985 2090 5058 capitum-

436 5072 733 5145 sapienter
790 5073 1084 5140 resistere,
1130 5089 1236 5129 nec
1293 5090 1398 5146 per
1441 5074 1696 5146 speciem
1747 5076 2086 5132 exsecrandi

435 5161 786 5236 prodeuntia
817 5177 1051 5234 semper
1081 5178 1182 5235 per
1213 5179 1427 5220 sensus
1476 5163 1670 5236 capita
1715 5165 1993 5236 perficere
2025 5169 2089 5221 ut

505 5287 572 5322 ‘3‘
609 5287 770 5344 Prov.
809 5303 907 5356 vu,
939 5288 1031 5343 23.

443 5483 455 5496 .
511 5413 625 5496 (7S)
677 5416 962 5486 Δκρατῶς.
1011 5414 1182 5496 Editi
1214 5415 1759 5496 praemittunthaat,
1794 5433 1923 5488 quis
1954 5436 2097 5477 con-

431 5487 666 5558 junctis
695 5503 808 5558 non
844 5487 1138 5558 reperitur
1167 5487 1226 5558 in
1257 5488 1552 5544 veteribus
1582 5487 1770 5544 libris.

437 5555 1007 5690 ἆκςςῖἓέσξὶζόρεστος.
1047 5559 1140 5615 Sic
1169 5557 1434 5631 plerique
1466 5559 1696 5618 codices
1723 5576 1868 5618 mss.
1920 5562 2094 5636 Editi,

2201 4629 2322 4704 βίου
2377 4629 2578 4683 ἀσκεῖν.
2643 4627 2730 4698 Ἐξ
2785 4628 2858 4682 ὧν
2920 4627 3170 4682 ἀπάντων
3232 4626 3285 4682 ἐν
3339 4625 3483 4701 πάσῃ
3538 4626 3701 4704 σοφίᾳ
3729 4647 3867 4681 παις

2199 4716 2524 4791 δευομένους
2577 4718 2841 4792 προσήκει
2899 4717 3038 4792 πρός
3085 4737 3145 4772 τε
3171 4717 3272 4785 τήν
3315 4715 3450 4787 ὅλην
3482 4713 3712 4786 ἡδονὴν,
3746 4717 3864 4771 ὧσ-

2195 4828 2294 4882 περ
2354 4808 2489 4884 πρὸς
2544 4807 2644 4874 τήν
2697 4803 3081 4884 πολυκέφαλον
3135 4802 3322 4880 ὕδραν,
3385 4803 3711 4876 ἱσταμένους
3763 4827 3861 4860 σο-

2197 4901 2342 4973 φῶς,
2395 4894 2456 4951 οὗ
2489 4898 2738 4971 σχήματι
2794 4898 2893 4951 τοῦ
2924 4894 3198 4967 ἐκτέμνειν
3247 4895 3344 4957 τὰς
3375 4891 3466 4949 διὰ
3511 4897 3621 4948 τῶν
3655 4891 3856 4964 dicor}-

2197 5009 2329 5042 σεων
2362 4984 2728 5046 ἐκκυπτούσας
2760 4983 2842 5039 ἀεὶ
2893 4983 3158 5061 κεφαλὰς,
3189 4984 3325 5060 πρὸς
3375 4985 3474 5053 τὴν
3515 4985 3622 5038 τῶν
3656 4981 3854 5038 πλειό-

2195 5097 2303 5132 νων
2338 5074 2578 5152 βλάστην
2624 5075 2704 5129 ἀεὶ
2761 5073 2922 5134 αὐτὰς
2969 5071 3247 5148 ἐρεθίζειν
3300 5071 3444 5128 ἀλλὰ
3487 5071 3559 5146 τῇ
3595 5072 3856 5147 καρτερίᾳ

2196 5165 2286 5222 καὶ
2336 5163 2693 5238 ἐπιτεταμένῃ
2743 5160 3021 5238 ἐγκρατείᾳ
3069 5159 3304 5238 οτεῤῥῶς
3364 5159 3647 5216 ἐπικαίειν·
3681 5163 3748 5214 τά
3794 5180 3853 5214 τε

2281 5420 2396 5489 (80)
2428 5413 2930 5489 Φυσικῴταταζβίο
2961 5417 3081 5469 tres
3111 5411 3348 5489 codices
3373 5427 3518 5489 mss.
3573 5411 3856 5489 Nonnulli

2208 5483 2312 5548 alli
2338 5483 2473 5547 cum
2503 5488 2757 5544 editione
2795 5485 3037 5559 Veneta,
3080 5483 3446 5559 φυσικῳτάτη.
3481 5484 3859 5559 Parisiensis,

2207 5560 2607 5641 φυσικώτατος.
2642 5559 2863 5616 Ibidem
2894 5554 3142 5616 Golbert.
3176 5561 3236 5614 et
3264 5555 3430 5627 Mam,
3464 5554 3599 5631 φησί
