4120 6230
305 351 425 413 809

1389 356 1656 417 SERMO
1701 358 1802 418 DE
1846 360 2627 429 CONTUBERNALIBUS.

3595 387 3714 450 810

309 499 539 574 σώματα
569 501 729 575 ἡμῶν
763 500 944 557 θυσίαν
978 503 1162 579 ἁγίαν,
1194 502 1476 581 εὐάρεστον
1519 510 1599 578 τῷ
1629 510 1764 579 Θεῷ,
1795 509 1933 572 καθά

2076 495 2245 569 plura
2267 514 2498 572 semper
2517 508 2930 576 renascantur;
2957 509 3056 565 sed
3076 513 3404 570 constantia
3425 519 3482 572 et
3499 516 3722 579 intenta

305 610 404 663 περ
466 591 682 666 μόσχον
739 591 868 668 ὑπὶρ
940 592 1258 667 ἱερωσύνης,
1321 596 1761 672 προσφέροντας,
1821 597 1936 652 δποε

2068 587 2432 645 continentia
2481 592 2703 649 fortiter
2748 597 3108 671 comburere,
3133 617 3199 656 ac
3243 619 3487 676 corpora
3518 617 3720 668 nostra

309 679 406 751 μὲν
438 680 540 749 τήν
595 681 884 758 μοχθηρὰν
936 680 1248 756 ἐπιθυμίαν,
1285 682 1465 760 ὥσπερ
1508 681 1697 745 λοϐόν·
1731 685 1866 741 ὅπου
1900 684 1936 742 δῖ

2066 675 2322 733 hostiam
2372 685 2660 752 sanctam,
2703 683 2819 739 Deo
2869 675 3414 759 placentem,veluti
3466 695 3717 756 vitulum

300 768 364 823 τὸ
394 770 646 843 περιττὸν
677 773 777 836 τῆς
807 778 1039 849 τροφῆς,
1073 772 1149 835 ὡς
1177 772 1334 848 στὲαρ
1364 773 1463 842 τήν
1513 773 1730 830 κοιλίαν
1782 773 1955 830 καλός

297 875 452 911 πτον⁹
497 859 638 914 ὅπου
688 856 745 914 δὶ
793 857 929 930 ὅλην
989 858 1129 934 ὁμοῦ
1176 863 1276 930 τήν
1324 863 1460 938 πρὸς
1511 863 1749 938 γαμικὰς
1781 864 1951 936 μίξεις

297 944 592 1019 ἱπιθυμίαν
626 991 640 1017 ,
703 947 885 1024 ὥσπερ
949 951 1176 1027 νεφροὺς
1238 953 1372 1023 μετά
1423 955 1518 1006 τοῦ
1575 957 1950 1028 χορηγοῦντος

294 1033 514 1100 τούτοις
551 1037 619 1090 τὰ
669 1038 953 1111 σπέρματα
994 1038 1237 1109 στὲασος,
1283 1044 1362 1112 τῷ
1408 1039 1536 1113 Θείῳ
1583 1042 1696 1114 (81)
1724 1044 1821 1110 τῆς
1865 1041 1950 1118 ἐγ-

295 1124 548 1196 κρατείας
602 1123 734 1198 πυρὶ
781 1123 1112 1182 ἀναλίσκειν·
1150 1124 1244 1182 ’ἶνα
1297 1127 1433 1183 κατὰ
1481 1129 1573 1184 τὸν
1631 1131 1950 1203 προτεθέντα

294 1218 394 1281 τῆς
465 1213 754 1290 παρθενίας
837 1216 1038 1270 σκοπὸν
1075 1259 1090 1284 ,
1141 1217 1316 1288 πάσης
1393 1217 1486 1290 μὶν
1561 1217 1776 1295 φαύλης
1830 1217 1947 1275 ἐπι-

293 1299 516 1374 θυμίας,
594 1302 773 1374 πάσης
852 1301 908 1358 δέ
988 1301 1192 1374 ἡδονῆς
1258 1307 1564 1376 ἁσκητικῶς
1647 1307 1950 1382 κρείττονες

292 1389 636 1468 ἐποφθὲντες,
695 1396 792 1447 τοῦ
843 1393 1204 1469 προκειμένου
1262 1393 1349 1450 ἐπὶ
1405 1402 1523 1457 τοῖς
1571 1395 1762 1460 ἄθλοις
1815 1398 1944 1472 βρα-

294 1473 447 1534 ϐείου
501 1479 593 1534 καὶ
640 1484 738 1535 τοῦ
795 1488 895 1551 τῆς
951 1482 1244 1560 ἀφθαρσίας
1301 1485 1563 1560 στεφάνου
1612 1486 1750 1558 ἄξιοι
1797 1485 1944 1563 εὐρε-

292 1569 497 1641 θῶμεν,
549 1565 638 1624 διὰ
688 1571 868 1642 Ἰησοῦ
925 1577 1178 1646 Χριστοῦ,
1239 1570 1308 1628 δι’
1366 1574 1428 1628 οὗ
1476 1577 1511 1643 ἡ
1549 1572 1676 1648 δόξα
1731 1574 1819 1630 καὶ
1867 1580 1946 1649 τῷ

292 1658 462 1730 Πατρί
495 1657 588 1713 σὺν
639 1663 720 1731 τῷ
771 1659 908 1737 ἁγίῳ
961 1661 1236 1736 Πνεόματι
1279 1661 1355 1726 εἷς
1399 1662 1527 1726 τοὺς
1576 1663 1776 1727 αἰῶνας
1809 1666 1942 1739 (82).

289 1746 488 1820 Ἀμήν.

357 1883 590 1961 (suae
620 1881 771 1961 θείῳ.
805 1883 940 1961 Sola
968 1885 1153 1961 Paris,
1178 1887 1381 1961 editio,
1402 1890 1491 1961 fu‘p
1521 1884 1640 1961 βίῳ.

2065 781 2170 838 pro
2201 769 2527 857 sacerdotio
2567 771 2894 842 offerentes,
2931 777 3102 832 modo
3151 797 3391 850 pravam
3424 785 3718 857 cupidita-

2062 858 2201 922 tem,
2227 856 2380 912 velut
2413 865 2729 917 extremam
2761 868 3011 934 partem,
3046 869 3215 923 modo
3247 856 3611 943 superﬂuum
3643 877 3718 933 ci-

2061 943 2227 1010 bum,
2257 950 2535 1018 tanquam
2588 950 2818 1016 adipem
2852 956 2953 1025 qui
2985 962 3245 1013 ventrem
3299 961 3510 1033 operit,
3540 967 3714 1022 modo

2058 1035 2243 1089 totam
2269 1036 2444 1091 simul
2469 1039 2753 1110 nuptialis
2776 1043 3126 1101 concubitus
3149 1051 3710 1123 concupiscentiam,

2056 1122 2236 1178 veluti
2269 1143 2435 1182 renes
2467 1144 2596 1183 cum
2629 1133 3040 1202 suppeditante
3072 1135 3189 1192 illis
3219 1141 3550 1210 genituram
3587 1122 3712 1199 adi;

2057 1228 2147 1284 pe,
2180 1214 2375 1270 divino
2419 1218 2788 1274 continentia:
2830 1221 2963 1293 igne
2993 1240 3366 1297 consumere;
3402 1235 3467 1286 ut
3497 1249 3711 1288 secun-

2056 1301 2197 1358 dum
2230 1306 2594 1376 propositum
2647 1310 3000 1381 virginitatis
3033 1330 3293 1386 scopum,
3326 1321 3488 1374 omni
3532 1339 3709 1392 prava

2055 1393 2374 1464 cupiditate
2407 1411 2472 1450 ac
2504 1396 2660 1451 omni
2690 1397 2986 1471 voluptate
3025 1407 3356 1475 superiores
3395 1424 3500 1479 per
3529 1409 3704 1467 vitam

2055 1481 2366 1537 asceticam
2411 1485 2644 1555 reperti,
2679 1489 2969 1558 promisso
3015 1495 3434 1553 certaminibus
3464 1500 3702 1568 praemio

2054 1575 2109 1626 et
2139 1570 2494 1642 integritatis
2527 1588 2738 1630 corona
2769 1577 2930 1650 digni
2970 1578 3340 1639 inveniamur
3369 1601 3472 1658 per
3498 1586 3702 1644 Jesum

2054 1658 2374 1727 Christum,
2411 1662 2504 1716 cui
2550 1661 2737 1734 gloria
2778 1669 2834 1721 et
2883 1666 3039 1723 Patri
3071 1685 3205 1726 cum
3248 1679 3451 1730 sancto
3481 1675 3701 1746 Spiritu

2051 1748 2113 1805 in
2145 1750 2380 1806 secula.
2411 1755 2615 1807 Amen.

359 1956 452 2025 (82
479 1953 613 2018 Τοὺς
637 1953 862 2017 αἰῶνας.
897 1957 1033 2014 Sola
1063 1953 1243 2016 Paris.
1276 1953 1664 2031 editio-addit,
1693 1961 1800 2013 τῶν
1831 1956 2064 2012 αἰώνων.

859 2206 1416 2295 MONITUM
1483 2208 1592 2293 IN
1671 2203 2301 2293 SERMONEM
2373 2203 3099 2316 SEQUENTEM.

807 2358 1146 2432 (GALLAND.,
1181 2359 1430 2416 Veterum
1466 2362 1704 2415 Patrum
1743 2354 2031 2424 Biblioth.,
2063 2357 2106 2409 t.
2141 2353 2266 2427 VII,
2302 2353 2549 2428 Proleg.,
2582 2373 2638 2430 p.
2671 2374 2794 2429 vm,
2828 2362 2886 2415 et
2917 2376 2972 2432 p.
3005 2360 3158 2432 330.)

349 2634 502 2691 682
527 2637 570 2691 Ι.
595 2635 816 2692 Prodiit
835 2635 1158 2706 Florentia,
1179 2653 1333 2693 anno
1357 2636 1516 2702 1703,
1536 2651 1606 2691 ex
1631 2632 1828 2691 codice
1849 2630 1931 2689 bi-
1959 2631 2007 2697 B
2035 2632 2158 2686 tare
2188 2647 2303 2688 non
2351 2632 2762 2691 erubescerent
2793 2653 2807 2692 :
2841 2651 2970 2708 quae
3008 2636 3246 2709 quidem
3295 2637 3356 2694 in
3405 2639 3513 2696 hoc
3565 2658 3692 2698 ser-

274 2723 579 2781 bliothecaa
591 2724 872 2782 Medicinae
886 2742 1080 2782 sermo
1095 2727 1167 2782 De
1179 2723 1928 2798 syni:actis,BasilioMagno

275 2811 741 2878 attributus.Qui
772 2815 970 2870 autem
1000 2813 1159 2870 hunc
1189 2814 1418 2886 primus
1437 2817 1629 2869 Grtsce
1648 2809 1926 2884 vulgavit,

273 2901 364 2957 vir
379 2901 748 2959 doctissimus
763 2903 1022 2975 Angelus
1035 2903 1215 2959 Maria
1226 2904 1407 2959 Bandi
1418 2900 1928 2973 nius,sententiam

277 3007 449 3048 suam
470 2991 542 3047 de
565 2991 912 3064 hujusmodi
934 2991 1218 3064 opusculo
1242 3008 1536 3066 exponens
1580 2992 1694 3048 ista
1720 2989 1926 3062 praelo-

276 3081 480 3150 quitur
500 3079 577 3152 (a)
606 3098 620 3137 :
647 3102 676 3133 ‹‹
699 3080 1106 3138 Incredibilem
1129 3080 1512 3137 adhibuimus
1537 3078 1923 3152 diligentiam,

275 3165 566 3230 ἀνέκδοτος
611 3173 769 3226 esset
796 3173 1014 3240 (sermo
1057 3169 1132 3226 De
1181 3169 1516 3242 :ym’sactis),
1537 3183 1738 3238 necne,
1770 3164 1924 3222 utin

277 3257 588 3331 propatulo
610 3257 1053 3316 collocaremus.
1075 3258 1332 3315 Primum
1355 3259 1516 3314 enim
1537 3257 1734 3314 omnia
1747 3260 1805 3314 8.
1827 3260 1928 3311 Ba-

277 3347 395 3403 silii
417 3364 592 3419 opera
609 3347 1034 3417 volutavimus;
1058 3348 1118 3403 in
1136 3348 1352 3419 quibus
1369 3363 1502 3402 cum
1525 3345 1727 3401 nullus
1748 3348 1923 3413 esset;

276 3437 428 3492 duas
450 3435 582 3493 illas
598 3438 657 3493 S.
675 3437 921 3492 Joannis
936 3435 1333 3510 Cbrysostomi
1355 3435 1668 3506 orationes,
1681 3434 1925 3490 alteram

276 3522 368 3585 Εἰς
416 3521 544 3586 τοός
601 3520 828 3599 ἔχοντας
885 3525 1185 3598 παρθένους
1234 3521 1627 3593 συνεισάκτους,
1678 3522 1922 3579 alteram

274 3611 368 3674 Εἷς
397 3613 494 3674 τὰς
532 3611 763 3687 ἐχούσας
814 3609 1009 3687 ἄνδρας
1055 3613 1456 3678 συνεισάκτους,
1487 3611 1923 3684 consuluimus,

275 3707 338 3759 ut
367 3703 417 3759 si
449 3703 594 3760 forte
637 3703 978 3760 alterutrius
1017 3707 1175 3760 esset
1204 3703 1622 3776 fragmentum,
1653 3706 1712 3758 et
1739 3717 1920 3772 error,

272 3797 337 3848 ut
365 3809 520 3864 saepe
549 3791 763 3858 evenit,
795 3791 854 3847 in
884 3791 1126 3847 titulum
1157 3790 1508 3863 irrepsisset,
1541 3806 1880 3846 erueremus
1905 3805 1919 3844 :

274 3882 374 3938 sed
407 3879 555 3937 nihil
576 3879 768 3937 simile
791 3880 849 3936 in
873 3880 988 3936 illis
1009 3898 1044 3937 a
1067 3880 1237 3937 nobis
1258 3884 1556 3952 repertum
1579 3883 1687 3936 est.
1711 3879 1921 3935 Occur-

2039 2735 2212 2775 mone
2252 2721 2393 2777 totis
2434 2722 2778 2795 eloquentia-.-
2807 2725 3034 2782 viribus
3066 2727 3346 2798 omnique
3375 2743 3692 2800 argumen-

2035 2812 2232 2864 torum
2291 2827 2502 2880 genere
2572 2813 2940 2886 proﬂigatur.
3001 2816 3163 2881 Quod
3217 2822 3414 2873 autem
3483 2817 3686 2874 Basilii

2035 2913 2234 2953 revera
2287 2915 2434 2970 opus
2488 2890 2586 2967 sit,
2639 2902 2934 2959 afﬁrmare
2982 2909 3137 2960 certo
3185 2921 3300 2960 non
3350 2905 3685 2963 audemus:

2034 2990 2234 3042 tamen
2265 3005 2400 3044 cum
2431 2988 2541 3062 ipsi
2592 2990 2886 3046 tribuatur
2915 2991 2975 3046 in
3001 2992 3221 3064 codice,
3254 2993 3384 3064 ejus
3431 2995 3686 3051 auctori-

2033 3079 2212 3132 tatem
2241 3078 2452 3144 secuti,
2473 3078 2584 3134 sub
2614 3080 2743 3150 ejus
2775 3080 3014 3137 nomine
3045 3082 3418 3152 proferimus,
3444 3100 3688 3156 preser-

2034 3165 2141 3220 tim
2175 3183 2308 3222 cum
2341 3167 2412 3223 ab
2443 3168 2573 3238 ejus
2595 3184 2838 3240 operum
2861 3169 3010 3244 stylo
3041 3170 3286 3227 minime
3317 3171 3686 3228 abhorreat.»

2032 3252 2327 3311 Hactenus
2355 3255 2424 3310 V.
2458 3257 2518 3312 C.

2105 3343 2174 3398 II.
2225 3348 2291 3398 Et
2338 3345 2629 3416 ejusmodi
2682 3346 2921 3419 quidem
2973 3348 3311 3419 conjectura
3356 3349 3428 3404 de
3477 3349 3685 3422 Magno

2031 3432 2246 3489 Basilio
2278 3434 2569 3491 sermonis
2611 3437 2687 3492 De
2711 3439 3006 3507 synisactis
3049 3442 3306 3506 auctore,
3339 3454 3457 3493 non
3488 3439 3681 3494 solum

2032 3537 2144 3578 ms.
2179 3523 2396 3579 codicis
2440 3523 2555 3580 fide
2603 3541 2669 3580 ac
2721 3525 2858 3597 styli
2909 3525 3322 3595 similitudine,
3353 3527 3452 3582 sed
3504 3526 3683 3583 etiam

2029 3611 2296 3682 ejusdem
2344 3612 2532 3668 sancti
2563 3613 2827 3670 Doctoris
2871 3613 3204 3670 testimonio
3243 3613 3679 3686 quodammodo

2028 3699 2202 3755 inniti
2248 3701 2498 3756 videtur.
2540 3701 2782 3758 Constat
2833 3703 2992 3758 enim
3045 3702 3351 3771 Basiliam,
3400 3703 3510 3759 sub
3560 3701 3678 3757 ini-

2028 3789 2175 3845 tium
2225 3791 2598 3862 episcopatus
2629 3792 2700 3847 de
2739 3793 3126 3848 instauranda
3171 3790 3486 3863 disciplina
3513 3789 3678 3846 solli-

2028 3878 2237 3946 citum,
2283 3879 2435 3934 inter
2489 3879 2745 3951 reliquas
2802 3881 3107 3953 regiminis
3163 3880 3477 3952 pastoralis
3533 3896 3673 3934 san-

273 3971 439 4027 rebat
485 3970 544 4026 S.
575 3968 889 4042 Gregorius
935 3969 1334 4025 Nazianzenus
1389 3967 1818 4041 synisactarum
1867 3974 1994 4061 etcI
2032 3967 2255 4023 stiones
2317 3968 2620 4024 decretum
2701 3970 2761 4024 in
2837 3969 3049 4042 primis
3115 3969 3326 4025 tulisse
3404 3968 3686 4024 adversus

273 4063 654 4132 agapetarum
697 4059 1015 4115 insectator
1043 4058 1398 4129 acerrimus;
1433 4057 1536 4114 sed
1567 4057 1667 4130 qui
1710 4057 1819 4114 hac
1850 4057 1922 4112 de
1960 4055 1994 4061 “
2033 4055 2311 4112 mulieres
2341 4066 2650 4127 extraneas,
2687 4057 2941 4132 virgines
2973 4057 3105 4114 illas
3134 4057 3402 4113 videlicet
3433 4072 3685 4128 quarum

273 4165 334 4205 re
364 4147 605 4204 metrico
645 4151 875 4203 tantum
925 4147 1260 4218 scripserat,
1294 4163 1528 4203 omnem
1582 4163 1744 4218 spem
1777 4163 1923 4218 pra:-

271 4237 520 4294 cidebat.
563 4236 827 4292 Tandem
885 4239 1092 4306 praeter
1144 4235 1444 4291 Svicerum
1486 4235 1584 4307 (ὁ),
1623 4235 1925 4291 Muratorii

271 4325 628 4400 perlegimus
657 4325 1140 4381 dissertationem
1168 4323 1333 4380 illam
1363 4325 1439 4380 De
1465 4325 1763 4397 synisactt's
1791 4341 1927 4379 cru-

267 4415 780 4487 ditissimam,quaa
804 4413 1087 4470 Anecdotis
1105 4413 1234 4484 ejus
1246 4413 1460 4470 Graecis
1481 4413 1703 4469 inserta
1723 4416 1812 4470 est
1832 4413 1928 4495 (ε),

273 4505 320 4560 si
352 4520 472 4576 qua
517 4503 663 4559 forte
712 4503 866 4574 apud
912 4502 1110 4574 ipsum
1159 4501 1340 4574 hujus
1390 4501 1590 4558 Basilii
1639 4502 1932 4558 sermonis

274 4591 496 4650 mentio
527 4591 688 4648 fieret
715 4592 855 4648 :sed
887 4590 984 4647 hic
1015 4607 1250 4663 quoque
1281 4591 1496 4646 mirum
1519 4592 1591 4647 de
1621 4591 1720 4648 illo
1751 4591 1929 4648 silen-

271 4682 444 4739 tium.
472 4679 636 4737 Unde
667 4680 726 4735 in
775 4695 905 4736 eam
955 4679 1310 4736 sententiam
1364 4679 1533 4736 facile
1562 4680 1933 4764 devenimus,

272 4774 338 4826 ut
361 4783 698 4825 sermonem
731 4766 887 4824 hunc
914 4770 1200 4840 tanquam
1227 4767 1516 4824 ineditum
1547 4767 1782 4839 publica
1803 4768 1933 4826 luce

276 4859 640 4914 donaremus
659 4872 871 4928 :eoque
891 4856 1173 4913 libentius
1193 4857 1348 4929 quod
1370 4873 1438 4914 ea
1459 4873 1551 4914 res
1573 4857 1632 4914 in
1656 4859 1784 4929 ipso
1801 4875 1934 4930 aga-

277 4955 372 5003 tur
395 4946 458 5002 in
481 4961 658 5017 quam
681 4949 766 5002 tot
782 4945 972 5002 sancti
992 4945 1185 5001 Patres
1205 4945 1499 5002 calamum
1522 4946 1929 5019 arripuerunt;

280 5035 544 5109 pessima
579 5033 863 5090 nimirum
894 5033 994 5090 illa
1023 5035 1407 5099 consuetudo,
1433 5035 1640 5106 primis
1664 5035 1933 5092 Ecclesia

277 5122 510 5180 saeculis
564 5124 719 5180 inter
771 5122 1133 5180 Christianos
1192 5123 1442 5192 invecta,
1501 5141 1619 5196 qua
1673 5125 1933 5198 virgines

273 5229 413 5271 cum
447 5211 611 5281 viris,
644 5229 711 5269 ac
745 5211 1008 5268 vicissim
1035 5211 1144 5268 viri
1178 5228 1312 5268 cum
1343 5211 1670 5285 virginibus
1697 5215 1932 5272 cohabi-

344 5339 426 5410 (a)
457 5336 701 5410 Bandin.
712 5377 728 5410 ρ
754 5336 978 5394 Prmfat.
1003 5335 1076 5393 ad
1105 5337 1344 5393 Monum.
1368 5337 1497 5393 θοοὶ.
1523 5335 1639 5394 Gr..
1667 5339 1810 5394 tom.
1837 5339 1933 5409 III,

276 5407 415 5483 pag.
442 5425 564 5483 xxi,
596 5407 627 5480 §
658 5409 749 5483 ιν,

347 5476 427 5552 (7))
455 5476 700 5551 Svibér.,
730 5477 883 5552 Thes.
911 5476 1076 5552 σείει,
1107 5495 1163 5547 v,
1198 5476 1572 5552 Συνείσακτος.

371 5548 417 5619 cl
450 5548 904 5621 Murat,'Anecd.
939 5548 1069 5616 δι’..
1089 5566 1220 5622 pag.
1253 5551 1379 5607 218.

371 5623 431 5692 d)
462 5623 688 5694 Cujac.,
724 5622 969 5694 0b:erv.,
1004 5622 1074 5684 ll,
1103 5623 1193 5677 29.

369 5700 418 5766 ε)
454 5693 744 5765 Gothofr.,
777 5693 859 5748 lib
892 5709 1009 5759 xvx,
1033 5695 1164 5750 Cod.
1200 5693 1417 5764 Theod.,
1448 5695 1541 5752 tit.
1578 5711 1640 5764 11,
1673 5697 1816 5750 tom.
1853 5696 1942 5763 Vl,

570 5825 839 5883 Pnaon.
893 5822 1005 5882 GI.
1049 5820 1234 5882 XXX.

2031 4145 2414 4202 contubernio
2470 4147 2788 4204 utebantur
2837 4146 3162 4220 presbyteri
3211 4145 3427 4218 aliique
3475 4143 3688 4200 minis-

2037 4235 2183 4291 terio
2250 4235 2519 4291 Ecclesiae
2587 4237 2930 4310 mancipati,
2991 4237 3254 4308 adeoque
3313 4233 3688 4290 continentiae

2037 4323 2159 4394 lege
2189 4325 2452 4380 obstricti
2489 4341 2500 4380 :
2537 4326 2776 4396 perinde
2831 4343 2897 4380 ac
2922 4325 2970 4381 si
3001 4323 3352 4396 virginitatis
3401 4321 3688 4395 professio

2037 4413 2231 4469 locum
2299 4414 2624 4486 suspicioni
2691 4414 3092 4487 praecluderet.
3153 4413 3426 4470 Mulieres
3493 4415 3692 4466 autem

2039 4500 2416 4564 commixtos:
2447 4504 2908 4577 interpretamur
2934 4508 3248 4574 extraneas,
3277 4502 3417 4574 quia
3446 4500 3531 4556 sic
3562 4500 3694 4556 red-

2039 4591 2316 4647 diderunt
2361 4592 2513 4648 hanc
2557 4610 2756 4650 vocem
2806 4593 3215 4665 Hieronymus,
3252 4592 3520 4659 Ruﬁnus,
3555 4589 3694 4645 Ful-

2040 4680 2275 4752 gentius
2327 4682 2657 4738 Ferrandus
2689 4681 2909 4754 aliique
2950 4685 3195 4747 veteres,
3227 4684 3292 4735 ut
3343 4683 3477 4752 post
3521 4677 3694 4748 Cuja-

2041 4770 2198 4825 cium
2248 4770 2333 4842 (ιι)
2387 4787 2667 4826 monuere
2735 4771 2844 4826 viri
2911 4770 3101 4840 docti,
3163 4768 3556 4826 Gothofredus
3597 4767 3694 4837 (ε),

2043 4859 2244 4931 Lupus
2281 4859 2647 4931 (/),Svicerus
2677 4860 2753 4931 (ρ)
2784 4876 2850 4915 ac
2882 4874 3085 4915 recens
3114 4858 3471 4914 Prudentius
3502 4856 3695 4911 Mara-

2043 4964 2157 5004 nus
2188 4948 2292 5020 (h),
2323 4949 2420 5020 qui
2455 4948 2537 5004 ait
2580 4949 2776 5004 vocari
2827 4955 3116 5005 extraneas
3166 4947 3442 5005 mulieres
3489 4963 3697 4998 συνεισ-

2045 5037 2260 5106 άκτους,
2294 5044 2360 5093 ut
2391 5037 2465 5093 iis
2494 5042 2866 5110 opponantur
2896 5054 3044 5109 quas
3093 5037 3253 5096 dedit
3299 5041 3532 5106 natura,
3567 5049 3694 5088 ma-

2043 5127 2257 5192 tribus,
2285 5127 2610 5195 sororibus,
2634 5126 2834 5182 amitis
2861 5143 2875 5184 :
2906 5127 3006 5183 has
3036 5127 3190 5183 enim
3225 5125 3490 5183 concedit
3509 5138 3698 5179 canon

2042 5216 2253 5273 tertius
2284 5215 2514 5272 concilii
2557 5215 2794 5288 Nicaeni,
2817 5216 2958 5288 quia
3005 5221 3146 5273 sunt
3197 5213 3518 5269 ἀνύποπτοι·
3552 5210 3698 5267 alias

2045 5345 2197 5414 part.
2229 5358 2269 5409 ι,
2303 5356 2436 5413 pag.
2462 5341 2554 5414 96.

2118 5416 2188 5483 (1)
2221 5401 2610 5485 L’ub.”schot.,
2649 5413 2722 5468 ad
2774 5427 2906 5468 can.
2937 5412 2970 5466 3
3019 5428 3180 5468 conc.
3213 5410 3363 5479 Nic.,
3397 5406 3544 5477 Opp.
3575 5405 3620 5456 t.
3655 5401 3698 5470 ι,

2049 5485 2472 5627 μᾶῗένὶοοικ,
2509 5555 2851 5627 The:.eccl.,
2883 5557 3025 5627 tom.
3062 5555 3132 5621 ΙΙ,
3166 5548 3493 5627 pag_.__tt55.

2125 5613 2483 5756 (PdMaranf,
2534 5627 2605 5684 ad
2654 5626 2800 5698 Opp.
2835 5613 3051 5693 'Basil.,
3099 5613 3375 5690 totuflll,
3415 5634 3544 5692 pag.
3577 5613 3700 5680 149,

2057 5716 2132 5755 no
2166 5741 2178 5754 .
2253 5741 2264 5754 .

3347 5824 3423 5880 9.6
