4112 6224
448 315 563 378 811

1398 312 1796 374 ΑΡΡΕΝΒῘΧ
1839 312 2164 376 OPEltUM
2211 315 2274 375 S.
2323 313 2605 375 BASlLll
2649 314 2926 377 MAGNI.
3719 318 3816 379 812

443 461 580 510 vero
611 441 986 509 συνεισάκτους
1005 461 1122 502 non
1145 444 1306 514 item,
1330 457 1479 514 quas
1499 447 1810 516 propterea
1832 442 2100 516 prohibet
2128 444 2183 512 Α
2215 447 2459 516 uterque
2508 443 2855 501 scholiastes
2884 442 3255 516 Gregorium,
3301 458 3418 499 non
3468 441 3811 516 Paregorium,

451 555 766 686 Μῗῧῖηὲοά
797 630 862 682 ιιι
880 625 1032 680 viam
1055 621 1480 696 regrediamur,
1496 637 1630 677 cum
1655 621 1855 677 Basilii
1877 622 2107 678 decreto

455 721 735 776 adversus
799 717 1092 771 extraneas
1159 709 1438 766 mulieres
1504 711 1809 782 presbyter
1864 711 2107 783 quidam

451 803 961 882 septuagenarius,
1013 799 1362 872 Paregorius
1412 799 1671 866 nomine,
1713 798 1958 855 minime
2005 816 2108 870 pa-

450 897 689 964 ruisset,
711 893 943 949 litteras
965 891 1111 946 satis
1133 905 1336 962 graves
1361 888 1431 944 ad
1466 888 1662 959 ipsum
1684 889 1845 944 dedit
1863 892 2108 944 sanctus

448 991 639 1053 Pater,
660 984 718 1038 in
753 982 972 1054 quibus
1020 979 1134 1036 ista
1183 995 1299 1050 prae
1330 977 1554 1033 caeteris
1587 977 1764 1033 habet
1784 977 1870 1048 (a)
1892 996 1905 1034 :
1930 1000 1959 1028 «
1991 982 2108 1034 Nec

448 1073 623 1148 primi
671 1089 776 1128 nec
823 1069 955 1136 soli,
1007 1066 1301 1140 Paregori,
1335 1066 1715 1137 sancivimus,
1756 1072 1822 1123 ut
1869 1083 1943 1122 ne
1991 1083 2109 1122 una

449 1180 584 1221 cum
612 1161 757 1216 viris
801 1158 1136 1215 habitarent
1179 1153 1477 1210 mulieres.
1509 1155 1617 1210 Sed
1665 1154 1792 1228 lege
1823 1170 2104 1211 canonem

352 1311 354 1314 ,
451 1269 485 1308 a
505 1250 728 1308 sanctis
747 1246 965 1304 nostris
986 1245 1255 1302 Patribus
1274 1244 1499 1300 editum
1524 1243 1582 1298 in
1607 1244 1828 1316 synodo
1849 1243 2104 1312 Nicena,

452 1340 553 1412 qui
577 1338 885 1394 manifeste
917 1333 1166 1392 sancivit
1185 1339 1486 1390 extranea:
1508 1331 1784 1388 mulieres
1815 1349 1930 1388 non
1953 1348 2104 1404 esse,

452 1425 510 1486 ὅς
569 1426 811 1502 φανερῶς
860 1420 1207 1496 ἀπηγόρευσε
1265 1417 1638 1480 συνεισάκτους
1701 1420 1775 1492 μὴ
1837 1419 1990 1474 εἶναι,
2037 1450 2106 1461 -.

454 1517 644 1581 Quare
691 1510 1097 1586 praecepimus,
1130 1513 1467 1566 sanctorum
1518 1510 1756 1564 Patrum
1805 1509 2104 1566 decretum

453 1605 870 1674 sequentes,ut
894 1617 927 1656 a
957 1597 1305 1654 muliercula
1351 1597 1662 1669 separaris.
1695 1596 1900 1651 Τούτου
1929 1593 2102 1652 ἕνεκεν

451 1688 874 1766 προσετάξαμεν,
919 1682 1176 1760 ἑπόμενοι
1222 1689 1292 1758 τῇ
1343 1682 1572 1760 διαταγῇ
1623 1688 1732 1740 τῶν
1779 1686 1944 1762 ἁγιων
1995 1691 2104 1741 Πα-

451 1779 644 1852 τέρων,
701 1782 1044 1852 χωρισθῆναι
1091 1795 1148 1829 σε
1201 1777 1297 1828 τοῦ
1353 1774 1593 1849 γυναίου.
1624 1805 1697 1818 -
1734 1777 1890 1848 Ejice
1929 1776 2107 1849 igitur

2217 549 2418 590 senem
2448 531 2618 588 illum
2649 533 3057 606 presbyterum
3079 531 3378 606 appellant
3399 549 3414 589 :
3438 536 3499 588 at
3527 549 3590 589 ex
3616 536 3817 593 vetustis

2215 622 2517 678 codicibus
2546 638 2692 678 mss.
2715 621 3088 694 vulgatisque
3130 621 3490 678 novissimus
3538 622 3816 681 Basilisco-

2217 727 2349 766 rum
2382 711 2570 766 editor
2600 711 2983 783 posteriorem
3016 710 3328 767 lectionem
3361 711 3620 768 retinuit.

2288 800 2380 855 IV.
2405 799 2539 864 Qum
2571 817 2704 856 cum
2737 800 2820 857 ita
2849 817 2912 856 se
2942 800 3229 869 habeant;
3265 817 3420 868 cum,
3455 801 3696 872 inquam,
3723 819 3819 859 ma-

2216 905 2370 962 gnus
2418 888 2672 945 Basilius
2721 889 2832 946 sui.
2863 888 3239 962 episcopatus
3287 889 3458 946 initio
3507 891 3823 948 sanctionem

2216 978 2501 1034 adversus
2546 977 2825 1035 mulieres
2861 977 3240 1040 συνεισάκτους
3271 978 3540 1047 ediderit,
3573 996 3634 1034 ac
3661 995 3824 1036 senem

2216 1068 2619 1140 presbyterum
2669 1083 2797 1123 eam
2839 1067 2912 1123 ob
2957 1083 3200 1124 causam
3252 1067 3463 1124 acriter
3512 1068 3826 1141 objurgarit;

2215 1156 2642 1229 depositionem
2676 1162 2954 1229 praeterea
2978 1157 3244 1213 minatus
3269 1161 3446 1229 atque
3473 1158 3655 1231 ipsam
3683 1158 3826 1214 etiam

2215 1244 2883 1302 excommunicationem
2914 1249 3040 1301 tum
3071 1245 3186 1318 ipsi
3219 1249 3346 1301 tum
3380 1262 3517 1302 eum
3548 1246 3830 1319 recipienti-

2216 1335 2348 1402 bus,
2380 1335 2430 1389 si
2460 1333 2788 1390 sacerdotio
2819 1333 2983 1408 fungi
3028 1335 3176 1390 citra
3222 1334 3683 1392 emendationem
3709 1335 3828 1392 fuis-

2215 1428 2306 1480 set
2333 1439 2515 1479 ausus
2550 1441 2563 1479 :
2598 1423 2807 1495 quidni
2849 1440 2952 1494 pro
2983 1422 3262 1480 concione
3291 1423 3403 1479 hoc
3431 1423 3562 1496 ipso
3593 1425 3657 1480 de
3683 1441 3829 1496 argu-

2215 1517 2412 1568 mento
2443 1512 2620 1567 verba
2667 1511 2869 1568 fecerit
2914 1517 3156 1568 sanctus
3203 1513 3390 1582 Pater,
3425 1529 3655 1583 pravam
3698 1513 3831 1569 illam

2215 1606 2392 1674 atque
2439 1600 2778 1657 indecorem
2828 1601 3319 1658 consuetudinem
3361 1601 3723 1658 vehementer
3762 1603 3832 1657 in-

2215 1694 2505 1758 sectatus;
2540 1693 2599 1745 et
2648 1689 2889 1761 quidem
2939 1705 3007 1746 ea
3054 1689 3307 1746 maxime
3353 1693 3711 1762 tempestate,
3738 1706 3835 1763 qua

2215 1778 2553 1835 istiusmodi
2601 1777 2728 1834 lues
2761 1781 2944 1835 totum
2993 1795 3140 1850 pene
3171 1778 3466 1835 Orientem
3515 1783 3832 1852 pervaserat,

451 1867 616 1922 illam
647 1883 678 1922 e
707 1866 826 1921 tuis
857 1866 1104 1934 aedibus,
1133 1868 1192 1921 et
1221 1865 1281 1920 in
1313 1866 1671 1921 monasterio
1702 1865 2016 1922 constitue.
2041 1895 2109 1906 -—
2139 1835 2186 1900 B
2218 1872 2284 1922 ut
2331 1883 2400 1923 ex
2435 1866 2618 1923 variis
2666 1866 3019 1938 scriptorum
3071 1866 3606 1924 ecclesiasticarum
3655 1883 3831 1923 monu-

451 1957 510 2012 Si
541 1973 723 2013 ausus
766 1955 948 2011 fueris
997 1955 1144 2010 citra
1190 1954 1664 2010 emendationem
1713 1953 2107 2010 sacerdotium

454 2046 559 2102 tibi
591 2045 904 2115 vindicare,
929 2043 1246 2100 anathema
1281 2043 1398 2100 eris
1440 2043 1603 2098 omni
1642 2043 1890 2116 p0pulo;
1922 2048 1980 2099 et
2009 2043 2109 2116 qui

457 2141 513 2190 te
540 2133 883 2206 receperint,
905 2132 1389 2190 excommunicati
1412 2149 1515 2204 per
1534 2148 1769 2188 omnem
1793 2132 2108 2190 Ecclesiam

457 2228 648 2280 erunt.
691 2243 721 2272 ι)
767 2221 1063 2278 Hactenus
1111 2225 1354 2277 sanctus
1398 2220 1630 2277 Doctor.
1671 2222 1861 2292 Hujus
1910 2225 2106 2277 autem

456 2311 717 2384 epistolae
747 2309 1057 2368 Basilianm
1084 2311 1405 2367 meminere
1435 2310 1505 2366 ad
1531 2326 1820 2380 canonem
1868 2309 2107 2366 tertium

455 2401 685 2458 concilii
714 2399 928 2456 Nicani
951 2401 1204 2456 Zonaras
1235 2405 1292 2456 et
1323 2398 1657 2466 Balsamon,
1684 2404 1748 2455 ut
1773 2415 1841 2454 ex
1873 2403 2108 2455 Bevere-

451 2491 528 2563 gii
559 2490 846 2546 Pandectis
886 2504 1163 2547 canonum
1211 2487 1601 2560 intelligimus
1623 2488 1736 2561 (b):
1774 2488 1871 2544 ubi
1912 2493 2106 2545 tamen

518 2683 596 2757 (ὁ)
625 2683 919 2756 Bevereg.,
949 2683 1216 2740 Pandect.
1248 2699 1470 2750 canam,
1502 2683 1649 2740 tem.
1684 2685 1730 2754 Ι,
1764 2699 1899 2756 pag.

2217 1956 2434 2012 mentis
2480 1955 2919 2028 comperimus?
2948 1959 3191 2024 Verum,
3231 1960 3296 2012 ut
3342 1955 3424 2012 ita
3468 1955 3568 2023 sit,
3588 1955 3719 2011 viris
3760 1960 3832 2011 ta-

2218 2062 2352 2102 men
2383 2045 2568 2100 doctis
2598 2060 2666 2101 ac
2695 2045 2945 2101 eruditis
2990 2061 3115 2101 rem
3145 2044 3539 2102 deﬁniendum
3580 2044 3835 2117 permitti-

2218 2151 2372 2190 mus.
2407 2133 2568 2198 Quod
2602 2139 2895 2206 superest,
2925 2133 2985 2190 in
3018 2133 3361 2206 hujusmodi
3401 2151 3666 2191 sermone
3703 2134 3834 2191 Basi-

2215 2221 2374 2279 liano
2403 2223 2681 2278 vertendo
2711 2239 2950 2295 Operam
2983 2239 3151 2279 suam
3198 2223 3398 2295 posuit
3433 2223 3685 2280 Joannes
3712 2223 3836 2296 Bap-

2217 2310 2360 2367 tista
2388 2303 2750 2368 Galliciolius
2797 2311 2864 2366 V.
2898 2310 2984 2384 C.,
3020 2311 3122 2384 qui
3169 2328 3380 2370 novam
3419 2313 3839 2369 accuratiorem-

2218 2415 2332 2472 qus
2399 2399 2594 2472 Magni
2667 2400 2925 2473 Gregorii
2992 2417 3238 2472 operum
3313 2401 3626 2459 editionem
3695 2399 3838 2458 nobis

2218 2504 2559 2562 comparare
2591 2489 2650 2545 in
2681 2489 2805 2546 dies
2839 2489 3051 2563 pergit.

517 2614 596 2755 (ag
626 2610 828 2682 Basil.,
857 2612 1030 2684 epist.
1060 2612 1150 2679 55,
1185 2611 1260 2668 al.
1297 2613 1420 2679 198,
1453 2616 1599 2684 Opp.
1631 2615 1776 2668 tom.
1813 2611 1908 2682 III,
1930 2628 2073 2738 pag.
2112 2613 2231 2668 149.

518 2687 574 2755 (b
625 2685 919 2755 Bevereg.,
949 2683 1216 2740 Pandect.
1248 2699 1470 2750 canam,
1502 2689 1649 2740 tom.
1684 2685 1730 2754 Ι,
1764 2699 1899 2755 pag.
1969 2687 2022 2740 2.

1617 2959 1745 3012 TOI‘
1782 2959 1875 3012 EN
1915 2959 2150 3010 ΛΓΙΟΙΣ
2180 2959 2457 3013 ΙΙΑΊῬΟΣ
2498 2960 2690 3011 ΗΜΩΝ

991 3104 1940 3236 ΒΑΣΙΛΕΙΟΥ
2039 3107 2386 3237 ΤΟΥ
2485 3105 3319 3238 ΜΕΓΑΛΟΥ

1121 3337 1522 3435 ΛΟΓΟΣ
1583 3338 1883 3434 ΠΕΡΙ
1944 3336 2203 3434 ΤΩΝ
2259 3337 3184 3437 ΣΥΝΕΙΣΑΚΤΩΝ.

1930 3639 2025 3735 S.
2097 3641 2196 3736 P.
2267 3641 2377 3737 N.

1376 3843 2150 3995 BASILII
2253 3845 2857 3997 MAGN
2872 3846 2942 3996 Ι

1185 4087 1602 4182 SERMO
1673 4087 1835 4180 DE
1903 4086 3118 4186 CONTUBERNALIBUS.

514 4420 669 4475 688
695 4420 745 4474 1.
767 4416 1197 4489 Aggrediamur
1227 4417 1284 4470 et
1305 4429 1431 4484 nos,
1458 4411 1732 4486 precibus
1753 4416 2092 4471 sanctorum
2125 4438 2128 4466 ‹

2282 4419 2330 4473 1.
2365 4417 2680 4493 ’Δρξώμεθα
2726 4419 2813 4473 καὶ
2867 4421 3031 4492 ἡμεῖς
3075 4417 3340 4486 λαλῆσαι,
3388 4425 3510 4480 ταῖς
3556 4423 3666 4472 τῶν
3698 4416 3850 4492 ἁγίων

444 4508 662 4567 Christi
698 4521 996 4564 servorum
1030 4519 1132 4576 per
1167 4501 1448 4574 Spiritum
1489 4506 1759 4558 sanctum
1791 4502 1863 4558 ab
1896 4504 2098 4576 unige-

448 4599 568 4654 nito
613 4596 716 4653 Dei
765 4594 909 4651 Filio
940 4592 1167 4649 Christo
1197 4589 1440 4647 Domino
1472 4595 1670 4647 nostro
1720 4592 1996 4662 roborati,
2029 4594 2100 4649 de

447 4689 661 4761 pietate
690 4689 747 4741 et
777 4683 1064 4740 modestia
1093 4681 1308 4738 habere
1338 4681 1680 4738 orationem.
1717 4681 1796 4738 De
1825 4682 2013 4754 gratia
2042 4686 2099 4738 et

448 4777 692 4832 veritate
721 4773 897 4828 verba
941 4771 1247 4842 faciamus,
1273 4786 1487 4843 magna
1527 4771 1854 4827 confirmati
1886 4771 2096 4844 gratia.

449 4866 511 4922 In
535 4863 763 4920 Christo
788 4878 852 4918 os
879 4859 1230 4934 aperientes,
1254 4876 1596 4933 promamus
1627 4860 1967 4916 thesaurum
1993 4859 2100 4915 ali-

449 4971 624 5026 quem
658 4967 902 5024 parvum
937 4951 997 5005 in
1029 4950 1202 5006 corde
1231 4953 1431 5006 nostro
1461 4950 1784 5022 repositum
1811 4967 1824 5005 :
1853 4965 2098 5022 parvum

448 5041 710 5112 quidem,
737 5039 1003 5108 inquam,
1036 5035 1240 5091 sensili
1285 5036 1637 5106 substantia,
1670 5037 1770 5093 sed
1817 5054 2096 5110 magnum

445 5126 739 5202 cognobili
788 5129 1020 5181 natura.
1049 5123 1376 5179 Aﬂ‘eramus
1434 5125 1613 5180 etiam
1662 5125 1921 5182 defaecati
1972 5127 2100 5182 auri

443 5224 754 5284 staterem;
789 5217 846 5270 et
889 5212 1048 5269 hunc
1097 5212 1478 5284 expolientes,
1514 5214 1682 5287 quasi
1735 5214 1793 5269 in
1844 5215 2097 5283 fornace,

443 5310 668 5366 sincero
698 5301 970 5361 videlicet
998 5319 1200 5370 sensu,
1234 5300 1735 5374 fulgentissimum
1767 5303 1936 5359 illum
1968 5305 2098 5360 uni-

441 5397 629 5454 versis
657 5395 820 5451 vobis
869 5392 1272 5449 ostendamus.
1313 5391 1583 5464 Prompta
1615 5394 1771 5449 enim
1823 5410 2010 5462 mens,
2045 5399 2102 5449 et

440 5493 719 5562 promptus
770 5485 1001 5556 spiritus
1048 5485 1145 5549 est,
1195 5496 1322 5538 caro
1369 5489 1551 5538 autem
1599 5481 1834 5553 infirma
1854 5483 1921 5538 “.
1972 5482 2099 5540 Uti-

516 5632 561 5665 ⁴⁹
592 5629 794 5684 Matth.
826 5643 978 5691 xxvx,
1011 5626 1098 5680 41.

2210 4507 2444 4581 Χριστοῦ
2503 4504 2717 4561 δούλων
2770 4507 2957 4583 εὐχαῖς
3026 4505 3096 4562 δι’
3153 4509 3311 4582 ἁγίου
3368 4506 3689 4580 Πνεῦματος
3756 4504 3846 4558 ὑπὸ

2207 4599 2303 4648 τοῦ
2357 4600 2680 4672 μονογενοῦς
2723 4595 2819 4651 τοῦ
2870 4601 3004 4652 Θεοῦ
3049 4597 3178 4650 Υἱοῦ
3224 4597 3459 4670 Χριστοῦ
3507 4600 3610 4650 τοῦ
3665 4592 3852 4669 Κυρίου

2209 4685 2366 4754 ἡμῶν
2427 4682 2888 4758 ἐνδυναμούμενοι
2923 4731 2936 4756 ,
2992 4685 3212 4762 ῥήματα
3281 4680 3558 4747 εὐσεϐείας
3609 4683 3699 4738 καὶ
3756 4702 3850 4734 σω-

2211 4771 2530 4847 φροσῦνηςσ
2596 4774 3093 4850 Ἀποφθεγξώμεθα
3178 4772 3376 4848 λόγους
3477 4771 3713 4849 χάριτος
3773 4766 3851 4822 καὶ

2211 4861 2467 4932 ἀληθείας
2524 4863 2625 4916 ὑπὸ
2678 4869 2776 4932 τῆς
2811 4862 3053 4938 μεγάλης
3100 4859 3562 4934 ἔνδυναμοῦμενοι
3612 4860 3848 4936 χάριτος.

2208 4950 2535 5021 Ἀνοίξαντες
2605 4951 2668 5005 τὸ
2744 4951 2919 5024 στόμα
2993 4950 3046 5006 ἐν
3133 4952 3351 5024 Χριστῷ
3428 4949 3849 5026 προκομὶσωμεν

2211 5041 2476 5116 θησαυρόν
2544 5062 2665 5094 τινα
2724 5042 2916 5116 μικρὸν
3006 5040 3423 5114 ἐναποκείμενον
3508 5045 3583 5114 τῇ
3672 5034 3851 5112 καρδῖᾳ

2209 5132 2388 5202 ἡμῶν,
2428 5130 2619 5206 μικρὸν
2673 5130 2765 5204 μὲν
2815 5133 2883 5204 τῇ
2933 5129 3167 5206 αἴσθητῇ
3218 5130 3534 5197 ὑποστάσει,
3585 5127 3747 5204 μίγαν
3801 5121 3852 5178 δὶ

2207 5222 2276 5292 τῇ
2334 5221 2504 5292 νοητῇ
2532 5205 2710 5296 φύσει
2739 5238 2750 5252 ’
2813 5219 2902 5273 καὶ
2941 5205 3308 5291 τέροϐἀλωμεν
3347 5217 3583 5294 χρυσίου
3624 5216 3847 5289 καθαροῦ

2209 5309 2467 5381 στατῆρα,
2522 5308 2612 5362 καὶ
2670 5308 3056 5383 καθαρίσαντες
3112 5312 3324 5380 τοῦτον,
3382 5306 3567 5380 ὥσπερ
3631 5304 3684 5361 ἐν
3741 5322 3850 5378 χω-

2206 5397 2490 5472 νευτηρίῳ,
2544 5402 2622 5470 τῷ
2681 5397 2966 5472 εἰλικρινεῖ
3004 5400 3362 5476 φρονήματι,
3421 5394 3853 5471 τηλαυγὲστατον

2207 5490 2363 5543 πᾶσιν
2413 5485 2544 5560 ὑμῖν
2584 5484 2960 5560 ἐπιδείξωμεν.
3010 5486 3298 5562 Πρόθυμος
3353 5486 3454 5560 γὰρ
3498 5486 3529 5538 ὁ
3581 5488 3733 5553 νοῦς,
3770 5478 3850 5534 καὶ
