4112 6224
195 407 318 469 813
1282 403 1548 463 SERMO
1593 404 1696 464 DE
1738 403 2526 470 CONTUBEltNALlBUS.
3487 413 3609 475 814

192 540 258 595 τὸ
354 541 568 612 πνεῦμα
660 535 944 609 πρόθυμον
977 577 992 603 ,
1051 534 1278 604 ἀσθενὴς
1373 530 1432 588 δὲ
1527 535 1563 603 ἢ
1661 535 1843 608 σάρξ.

1974 553 2090 593 iam
2122 537 2278 593 enim
2311 539 2434 595 ﬁeri
2467 555 2687 612 posse),
2719 544 2785 596 ut
2816 539 2876 596 in
2907 541 3160 598 summis
3202 541 3436 600 arcibus
3466 562 3612 602 con-

193 625 430 684 Ἦθέλον
487 626 587 702 γὰρ
640 624 776 680 εἰναι
845 621 1068 678 δυνατὸν
1149 623 1280 698 ὑπὲρ
1349 626 1457 677 τῶν
1535 621 1846 696 ὑπερτάτων

194 715 556 791 ἀκρωτηρίων
589 712 878 770 ἆπιστάντα
925 710 1184 768 σαλπίσαι
1246 731 1312 784 με
1368 711 1548 786 ὥσπερ
1607 708 1696 766 διὰ
1749 715 1846 766 τοῦ

195 807 510 878 στόματος,
566 802 657 858 καὶ
720 803 952 878 βροντῆς
1021 798 1177 871 δίκην
1231 801 1366 855 κατὰ
1421 801 1597 870 πάσης
1653 799 1848 871 ἐξαπο-

199 893 412 951 στεῖλαι
466 900 565 963 τῆς
626 889 952 964 οἰκουμένης
997 891 1066 945 τὰ
1091 897 1192 960 τῆς
1220 890 1575 967 σωφροσύνης
1606 889 1845 966 ῥήματα,

197 983 351 1047 ὅπως
408 982 489 1044 εἲς
546 979 842 1056 μαρτυρίαν
899 977 1106 1034 ἔσονται
1167 984 1295 1033 πᾶσι
1359 983 1477 1040 τοῖς
1545 978 1848 1053 παραφθεί-

203 1093 358 1149 ρουσι
408 1073 508 1140 τὴν
558 1068 837 1140 ἀλήθειαν.
871 1066 1027 1123 ’Λλλ’
1057 1065 1316 1123 ἀδύνατον
1369 1068 1432 1122 τὸ
1478 1073 1722 1142 πρᾶγμαο
1758 1065 1848 1121 ἅν-

199 1165 422 1237 θρωπος
479 1161 582 1236 γάρ
643 1157 757 1232 εἶμι
813 1151 1123 1232 ὀλιγόϐιος,
1171 1157 1260 1211 καὶ
1309 1153 1534 1226 εὐτελὴς
1597 1157 1694 1230 μὶν
1749 1158 1849 1226 τὴν

199 1250 446 1322 ἠλικίαν,
481 1249 676 1323 μικρὸς
737 1245 796 1302 δὲ
849 1249 950 1316 τήν
1009 1246 1218 1324 φωνην,
1251 1246 1342 1300 καὶ
1401 1243 1592 1308 ἄλλως
1640 1243 1698 1300 δὶ
1751 1266 1851 1300 τα-

199 1341 389 1402 πεινὸς
437 1340 539 1408 τὴν
596 1337 804 1412 ψυχὴν,
860 1333 1102 1398 πολλαῖς
1159 1333 1448 1410 ἁμαρτίαις
1501 1333 1850 1412 ἅμπεφυρμᾶ-

198 1452 315 1492 νος.
347 1425 530 1484 una.
578 1424 674 1482 κᾶν
739 1426 974 1501 βροντῆς
1026 1421 1185 1493 δίκην
1236 1422 1312 1486 είς
1349 1422 1483 1496 ὕψος
1513 1421 1697 1498 ἐπάρω
1751 1424 1849 1491 τὴν

201 1519 416 1596 φωνὴν,
472 1514 562 1572 καί
653 1515 841 1590 βοήσω
937 1511 1187 1588 μεγάλα,
1247 1511 1347 1566 οὐκ
1419 1512 1850 1584 ἀκουσθήσομαι.

199 1607 438 1680 Χριστὸς
495 1603 600 1680 γὰρ
649 1604 678 1658 6
729 1603 1028 1677 μονογενὴς
1083 1605 1185 1655 τοῦ
1241 1605 1376 1656 Θεοῦ
1435 1601 1577 1667 Υἱὸς,
1610 1602 1638 1655 6
1681 1601 1853 1672 πήξας

199 1697 331 1758 τοὺς
393 1691 652 1769 οὐρανοὺς
711 1691 840 1746 ὡσεὶ
897 1691 1169 1764 καμάραν,
1212 1691 1303 1744 καὶ
1355 1688 1692 1762 θεμελιώσας
1749 1691 1848 1758 τήν

200 1793 306 1864 γῆν
368 1783 456 1839 ἰπὶ
510 1787 618 1837 τῶν
683 1778 910 1849 ὑδάτων,
943 1780 1029 1834 καὶ
1086 1779 1384 1854 στερεώσας
1418 1781 1516 1849 τήν
1552 1777 1847 1843 θάλασσαν·

204 1863 235 1932 6
293 1879 423 1950 πῦρ,
495 1871 585 1927 καὶ
661 1871 827 1938 θεῖον,
879 1869 970 1924 καὶ
1051 1869 1289 1945 γίενναν,
1340 1868 1431 1923 καὶ
1516 1863 1707 1946 φόϐον,
1761 1869 1850 1923 καὶ

203 1963 414 2040 τρόμον
477 1959 709 2016 αῗωνίων
761 1956 1056 2032 κριτηρίων
1110 1956 1401 2030 ἑτοιμάσας
1459 1963 1574 2020 τοῖς
1616 1956 1854 2034 ἁμαρτά-

203 2075 416 2120 νουσιν,
447 2051 602 2112 οὗτος
632 2046 702 2104 δι’
731 2047 1081 2123 Εὖαγγελίων
1118 2047 1260 2114 βοῶν
1319 2045 1408 2102 καὶ
1458 2046 1850 2123 παραγγέλλων

207 2139 574 2218 παρακούεται
635 2140 769 2208 (83).
830 2135 1156 2192 ’Δπόστολοι
1216 2133 1262 2190 δ’
1310 2134 1375 2190 αὖ
1447 2135 1611 2190 πάλιν
1685 2137 1850 2212 ἅγιοι,

193 2231 403 2288 τὲλειοι
431 2233 530 2284 τοῦ
564 2230 803 2301 Χριστοῦ
860 2225 1121 2298 μαθηταὶ,
1153 2226 1246 2280 καὶ
1277 2223 1386 2279 υἱοὶ
1448 2225 1676 2301 βροντῆς
1730 2225 1852 2280 ὀνο-

205 2320 532 2395 μασθέντες,
592 2314 664 2372 δι’
712 2313 1016 2371 ἐπιστολῶν
1096 2321 1394 2393 γράφοντες
1458 2313 1548 2369 καὶ
1605 2335 1852 2389 παρακα-

198 2409 428 2470 λοῦντες
487 2409 988 2484 καταφρονοῦνται·
1045 2403 1171 2460 ἀλλ’
1201 2400 1323 2458 οὔτε
1373 2407 1653 2482 προφῆται
1706 2404 1852 2479 ἅγιοι

197 2503 297 2554 τοῦ
355 2497 514 2568 Θεοῦ,
548 2493 671 2550 οὔτε
716 2494 909 2567 νόμος,
963 2490 1088 2548 οὔτε
1138 2489 1417 2568 ἅνθρωποι
1474 2497 1852 2557 νουθετοῦντες

203 2587 543 2662 ιντρὲπουσιο
582 2584 672 2638 καὶ
727 2581 809 2646 τίς
865 2579 1036 2644 ἄλλος
1091 2577 1377 2650 δυνήσεται
1435 2576 1537 2656 ἄρα
1586 2581 1648 2634 τὸ
1693 2578 1854 2650 τηλι-

203 2681 401 2732 κοῦτον
442 2673 644 2744 ἀπηνὶς
676 2669 1074 2747 διορθώσασθαι
1121 2670 1206 2724 καὶ
1259 2667 1528 2745 ἀνήμερον
1581 2674 1854 2744 «pinu;

204 2768 336 2823 Ὅτε
398 2763 592 2818 Λοιπὸν
648 2764 866 2836 τραῦμα
916 2759 1052 2814 κατά
1108 2758 1287 2828 πάσης
1320 2757 1513 2832 γέγονε
1540 2765 1640 2827 τῆς
1673 2757 1855 2812 οἰκου-

213 2855 406 2927 μένης,
435 2851 525 2906 καί
560 2870 652 2924 μοι
686 2851 824 2923 (83")
859 2845 1012 2903 δοκεῖ
1037 2844 1286 2908 πολλοὺς
1335 2843 1537 2919 λόγους
1568 2849 1856 2922 καυτήρων

209 2941 370 3012 δίκην
445 2941 777 3016 προσάπτειν
851 2941 932 3008 τῷ
1002 2936 1181 2999 πάθει.
1233 2935 1584 3010 Ἐπικεχυται
1643 2935 1743 3010 γὰρ
1793 2935 1856 2990 τὸ

209 3032 453 3103 νόσημα,
507 3029 596 3083 καὶ
663 3026 964 3100 κεκράτηκε
1027 3021 1326 3092 πλείστων,
1368 3021 1462 3077 ’ίνα
1515 3023 1591 3096 μὴ
1644 3023 1854 3078 πάντων

210 3120 382 3195 λιγω,
441 3117 531 3172 καὶ
571 3117 754 3191 ὥσπερ
805 3111 982 3188 ἀχλὺς
1033 3110 1412 3182 σκοτεινοτάτη
1488 3110 1685 3188 ἐπέσχε
1748 3117 1856 3166 τῶν

208 3207 445 3265 πολλῶν
499 3206 563 3262 τὸ
623 3203 915 3281 βλεπτικὸν
968 3208 1070 3271 τῆς
1129 3199 1387 3262 διανοίας.
1445 3200 1586 3275 Ἐγὼ
1643 3197 1702 3255 δι
1752 3200 1859 3275 ἐρῶ

1955 626 2192 693 sistens,
2225 627 2556 702 clangerem
2588 629 2756 703 quasi
2790 647 2908 696 ore,
2953 635 3010 686 et
3040 631 3284 687 tonitrui
3317 633 3389 687 ad
3422 633 3612 690 instar

1956 714 2014 770 in
2046 716 2379 773 universam
2411 723 2626 774 terram
2661 719 2985 774 emitterem
3033 721 3332 776 modestiae
3383 723 3559 779 verba
3592 741 3608 794 ;

1957 820 2073 875 quo
2104 805 2162 860 in
2195 807 2602 862 testimonium
2626 813 2825 863 essent
2843 809 3142 879 omnibus,
3169 810 3270 881 qui
3301 811 3610 868 veritatem

1957 893 2310 952 adulterant.
2343 902 2417 951 At
2446 896 2602 950 enim
2639 897 2793 951 istud
2819 896 2942 952 ﬁeri
2975 898 3200 968 nequit.
3242 897 3426 954 Homo
3451 917 3613 955 nam.

1958 997 2070 1052 que
2103 1000 2234 1039 sum
2267 985 2423 1040 brevi
2455 985 2716 1040 victurus
2750 989 3030 1057 tempore,
3063 992 3120 1042 et
3166 991 3333 1043 astate
3375 989 3612 1060 quidem

1958 1070 2148 1141 exilis,
2181 1073 2417 1144 gracilis
2464 1080 2656 1128 autem
2697 1089 2856 1142 voce,
2888 1092 2953 1130 ac
2983 1077 3331 1147 oaeteroquin
3359 1083 3612 1151 angusto

1959 1160 2176 1230 animo,
2200 1169 2258 1216 et
2290 1163 2493 1218 multis
2523 1164 2939 1235 coinquinatus
2969 1165 3337 1222 criminibus.
3361 1169 3612 1223 Verum-

1957 1251 2158 1304 tamen
2181 1251 2450 1321 quamvis
2468 1252 2706 1307 tonitrui
2731 1253 2800 1308 ad
2826 1252 3240 1323 instar,vocem
3271 1254 3330 1309 in
3356 1255 3613 1310 sublime

1960 1337 2248 1408 tollerem,
2309 1339 2749 1413 clamaremque‘
2789 1341 3184 1412 vehementer,
3235 1359 3611 1416 nequaquam

1962 1427 2220 1482 audirer.
2251 1427 2522 1485 Christus
2542 1431 2758 1486 etenim
2790 1431 3128 1502 unigenitus
3159 1432 3261 1487 Dei
3282 1433 3486 1503 Filius,
3511 1434 3614 1505 qui

1961 1515 2138 1571 oculos
2186 1522 2250 1571 ut
2298 1517 2580 1573 fornicem
2613 1520 2930 1590 compegit,
2971 1519 3354 1592 fundavitque
3397 1527 3612 1576 terram

1961 1619 2139 1674 super
2176 1605 2368 1676 aquis,
2401 1611 2458 1660 et
2495 1605 2752 1660 ﬁrmavit
2802 1623 2962 1663 mare
2995 1623 3008 1662 :
3044 1609 3144 1679 qui
3178 1609 3373 1680 ignem
3405 1615 3461 1664 et
3492 1609 3614 1665 sul-

1959 1694 2114 1766 phur
2130 1697 2188 1750 et
2216 1694 2632 1766 gehennam,et
2651 1700 2872 1751 metum
2912 1697 3331 1767 horroremque
3361 1701 3612 1753 esterno-

1960 1800 2090 1838 rum
2123 1783 2549 1855 suppliciorum
2581 1787 2931 1856 praeparavit
2961 1785 3033 1840 iis
3057 1784 3157 1856 qui
3176 1789 3456 1857 peccant:
3487 1787 3615 1857 ipse

1962 1888 2064 1944 per
2118 1873 2429 1944 Evangelia
2473 1872 2737 1929 clamans
2789 1878 2847 1929 et
2899 1874 3144 1944 jubeus,
3201 1874 3619 1932 contemnitur.

1963 1960 2224 2032 Apostoli
2255 1961 2432 2017 etiam
2463 1963 2672 2029 sancti,
2706 1962 2947 2035 perfecti
2978 1962 3196 2019 Christi
3234 1963 3531 2035 discipuli.
3565 1969 3623 2021 et

1961 2050 2065 2105 lilii
2101 2049 2343 2105 tonitrui
2375 2050 2670 2122 appellati,
2695 2067 2798 2124 per
2835 2052 3115 2123 epistolas
3147 2052 3474 2108 scribentes
3519 2069 3618 2108 ex-

1962 2139 2383 2211 hortantesque
2405 2146 2786 2212 spernuntur.
2814 2140 2963 2205 Quin
2985 2139 3104 2196 imo
3129 2157 3232 2196 nec
3257 2145 3493 2196 sanctos
3516 2140 3622 2196 Dei

1963 2228 2301 2301 prophetas,
2333 2245 2440 2284 nec
2470 2228 2678 2300 legem,
2706 2246 2810 2285 nec
2853 2229 3122 2286 homines
3169 2235 3611 2286 commonentes

1962 2323 2301 2372 reverentur
2335 2334 2348 2372 :
2374 2318 2576 2388 ecquis
2606 2317 2759 2373 alius
2784 2319 2996 2389 poterit
3025 2334 3161 2390 ergo
3193 2334 3316 2373 rem
3347 2323 3466 2374 tam
3499 2317 3610 2372 im-

1963 2423 2196 2462 manem
2228 2411 2284 2461 et
2313 2406 2611 2462 eﬂ‘eratam
2643 2406 2699 2461 in
2750 2423 2981 2478 equum
3015 2410 3236 2462 statum
3284 2422 3554 2462 revocare
3582 2405 3610 2461 ‘?

1963 2499 2248 2550 Praeterea
2277 2495 2622 2565 hujusmodi
2649 2494 2866 2550 vulnus
2892 2495 3228 2551 unisersum
3260 2495 3459 2551 orbem
3483 2511 3613 2568 per-

1962 2585 2148 2640 vasit:
2175 2583 2437 2656 mihique
2465 2584 2664 2641 videor
2690 2585 2866 2640 verba
2886 2584 3260 2656 ingeminans
3281 2585 3451 2656 quasi
3477 2601 3615 2641 cau-

1963 2673 2112 2729 teria
2141 2673 2275 2729 huic
2323 2675 2488 2730 malea
2545 2674 2832 2730 aﬁ‘ectioni
2879 2673 3177 2730 adhibere.
3231 2674 3486 2730 Diffusus
3527 2679 3617 2730 est

1964 2762 2122 2818 enim
2154 2763 2418 2831 morbus,
2451 2763 2854 2835 plurimosque
2884 2763 3156 2831 obtinuit,
3192 2767 3256 2818 ut
3300 2779 3374 2818 ne
3421 2763 3609 2818 dicam

1965 2867 2207 2920 omnes;
2255 2856 2312 2906 et
2341 2851 2520 2907 veluti
2552 2852 2738 2924 caligo
2771 2852 3037 2924 quaedam
3077 2851 3441 2907 tenebricosa
3473 2848 3616 2905 aciei

1967 2940 2179 2996 mentis
2213 2939 2606 3012 plurimorum
2641 2942 2829 2996 oti'usa
2857 2945 2964 2996 est.
3001 2945 3115 3012 Ego
3145 2945 3343 2996 tamen
3375 2956 3509 2995 cum
3544 2938 3620 2992 li-

1967 3029 2189 3084 bertate
2237 3028 2464 3100 loquar,
2512 3029 2845 3102 lampadem
2894 3029 3130 3100 pietatis
3169 3029 3363 3085 verbis
3394 3027 3617 3084 sanctis

1967 3134 2066 3174 ore
2097 3119 2441 3185 accendens,
2472 3124 2529 3174 et
2555 3119 2882 3174 veneranda
2915 3135 3146 3174 morum
3177 3118 3412 3173 virtutis
3434 3133 3626 3173 exem-

1971 3205 2067 3278 pla
2097 3223 2379 3262 enarrans
2414 3225 2426 3262 :
2461 3223 2576 3262 non
2607 3207 2878 3263 homines
2919 3207 3075 3262 684
3113 3207 3356 3275 veritus,
3387 3206 3488 3262 sed
3551 3207 3624 3260 ob

213 3298 352 3371 μετᾶ
407 3276 735 3371 παρῤησιας,
793 3287 1057 3364 λαμπάδα
1113 3284 1388 3351 εὐσεϐείας
1446 3286 1536 3343 διὰ
1591 3289 1860 3362 στόματος

1974 3295 2175 3352 oculos
2200 3296 2418 3352 habens
2440 3297 2706 3370 eum,qui
2728 3296 2853 3353 sine
2874 3313 3261 3370 personarum
3283 3293 3629 3352 discrimine

214 3387 458 3464 ῥήμασιν
508 3383 686 3458 ἁγίοις
743 3380 1001 3452 ἐξάπτων,
1032 3379 1121 3434 καὶ
1175 3379 1341 3450 σεμνὰ
1393 3377 1610 3451 τρόπων
1664 3377 1859 3464 ἀρετῆς

209 3461 630 3550 παραδείγματα
681 3467 1064 3544 διηγούμενος,
1128 3467 1204 3540 μὴ
1256 3464 1541 3542 ἄνθρωπον
1596 3461 1860 3520 εὐλαϐού-

216 3586 406 3639 μενος,
456 3560 604 3618 ἇλλά
658 3560 764 3636 πρὸ
824 3556 1128 3635 ὀφθαλμῶν
1188 3552 1334 3631 ἔχων
1386 3555 1478 3610 τὸν
1536 3553 1867 3630 ἀπροσωπο-

215 3654 449 3725 λήπτως
479 3651 734 3726 κρίνοντα
766 3653 970 3718 ζῶντας
999 3647 1087 3702 καὶ
1121 3643 1366 3716 νεκροὺς,
1416 3644 1505 3699 καὶ
1566 3645 1630 3700 οὗ
1668 3644 1867 3720 βουλό-

220 3763 383 3816 μενος
442 3739 706 3800 κοινωνὸς
759 3740 1005 3811 γενέσθαι
1058 3739 1167 3789 τῶν
1222 3731 1275 3788 ἐν
1329 3738 1408 3804 τῷ
1462 3738 1615 3806 κακῷ
1666 3730 1869 3806 δικτύῳ

217 3830 683 3906 σαγηνευθέντων,
715 3828 865 3887 ὅπως
893 3821 1046 3894 δίκην
1081 3821 1250 3892 ἡλίου
1283 3823 1312 3877 6
1366 3817 1536 3897 λόγος
1584 3822 1679 3884 τὰς
1711 3822 1869 3877 ἀκτῖ-

1965 3385 2198 3457 judicat
2225 3385 2384 3441 vivos
2415 3390 2472 3442 et
2500 3391 2802 3454 mortuos;
2836 3402 2902 3442 eo
2935 3386 3090 3458 quod
3123 3384 3304 3440 nolim
3339 3385 3634 3456 particeps

1975 3474 2097 3528 fieri
2131 3491 2356 3543 eorum,
2390 3474 2490 3546 qui
2524 3475 2678 3530 malo
2727 3476 2836 3530 hoc
2867 3475 2977 3531 reti
3009 3473 3415 3546 comprehensi
3444 3476 3586 3528 sunt
3617 3490 3632 3528 :

1977 3567 2042 3618 ut
2072 3562 2215 3618 solis
2263 3565 2320 3618 in
2369 3562 2610 3619 modum
2663 3564 2850 3619 oratio
2897 3563 3093 3618 radios
3125 3562 3634 3628 circumfundens,

1977 3651 2235 3722 disjiciat
2263 3653 2536 3708 tenebras
2567 3653 2780 3708 mentis
2811 3668 3032 3719 eorum,
3057 3652 3160 3724 qui
3189 3669 3257 3707 ex
3286 3668 3432 3724 puro
3463 3651 3637 3707 corde

1979 3741 2245 3810 audiunt,
2278 3749 2328 3796 el
2361 3741 2675 3798 infirmitas
2706 3742 2828 3798 haec
2867 3740 3233 3797 convalescat
3261 3740 3389 3813 ipse
3419 3740 3636 3796 oratio-

1980 3828 2072 3884 nis
2106 3829 2454 3900 fulgoribus.

213 3943 310 3983 νας
333 3918 654 3985 ἐκπετάσας,
686 3913 916 3988 διαλύσῃ
943 3913 1006 3968 τὸ
1039 3909 1279 3990 ζοφῶδες
1306 3915 1404 3976 τῆς
1434 3909 1672 3975 διανοίας
1693 3915 1800 3966 τῶν
1833 3912 2226 3972 είσκκουόντων
2258 3915 2319 3971 ἔκ
2345 3921 2582 3991 καθαρᾶς
2606 3914 2854 3991 καρδίας,
2885 3917 2974 3971 καὶ
3005 3917 3066 3970 τὸ
3111 3916 3282 3977 πάθος
3312 3915 3491 3990 παύσῃ
3517 3919 3639 3977 ταῖς

221 4011 389 4066 αὖτοῦ
422 4011 802 4083 μαρμαρυγαῖς
817 4047 828 4060 .

285 4103 346 4157 2.
402 4097 553 4165 Ῥίζα
621 4095 721 4170 γὰρ
799 4091 1011 4147 πάντων
1085 4095 1192 4145 τῶν
1263 4093 1442 4144 κακῶν
1505 4091 1540 4158 ἡ
1602 4088 1874 4168 φιλαργυ-

219 4189 334 4262 pia,
386 4185 554 4261 φησὶν
608 4184 636 4238 6
682 4185 824 4243 θεῖος
855 4179 1233 4241 Ἀπόστολος·
1268 4178 1491 4248 άληθῶς
1551 4178 1674 4254 ῥίζα
1729 4179 1876 4235 πολ-

219 4277 356 4338 λοῦς
380 4272 621 4334 κλάδους
675 4270 944 4345 πονηρίας
994 4268 1308 4346 ἐκφέρουσα,
1343 4265 1413 4321 δι’
1461 4269 1524 4336 ἢν
1585 4268 1650 4322 τὰ
1704 4271 1879 4324 πάντα

219 4366 272 4421 ἂν
340 4369 422 4437 τῷ
479 4365 708 4435 πονηρῷ
769 4359 873 4434 βίῳ
920 4355 1290 4414 ἐπιτελεῖται.
1351 4354 1502 4424 Ῥίζα
1561 4353 1618 4410 δὲ
1659 4359 1877 4412 πάντων

219 4461 333 4510 τῶν
383 4457 569 4507 κακῶν
601 4453 637 4519 ἡ
670 4448 978 4526 φιλογυνία,
1008 4446 1096 4500 καὶ
1155 4445 1376 4521 ἡγεμὼν
1430 4451 1531 4514 τῆς
1575 4444 1878 4513 ἀπωλείας,

217 4548 254 4614 ἡ
288 4549 400 4598 τῶν
432 4537 819 4616 ἀγαπητρίδων
879 4535 1026 4608 λέγω
1076 4531 1142 4602 δὴ
1198 4534 1382 4606 μανία,
1431 4533 1552 4608 ῥίζα
1601 4533 1881 4590 ἀπώλειαν

225 4633 630 4709 βλαστάνουσα,
692 4628 780 4682 καὶ
833 4625 1119 4696 ἐξανθοῦσα
1171 4622 1384 4696 μανίαν.
1441 4621 1715 4691 Ἰουδαϊκή
1776 4625 1880 4700 γὰρ

2053 4099 2108 4152 2.
2142 4095 2319 4153 Radix
2347 4113 2585 4169 namque
2614 4099 2862 4153 omnium
2888 4095 3167 4152 malorum
3189 4101 3270 4150 cst
3304 4095 3552 4150 avaritia
3574 4094 3638 4164 “,

1987 4186 2070 4241 ait
2100 4185 2333 4241 divinus
2369 4185 2675 4258 Apostolus
2711 4203 2723 4242 :
2757 4187 2921 4241 radix
2953 4186 3211 4258 profecto
3242 4184 3390 4240 bene
3421 4182 3642 4238 multos

1989 4274 2291 4347 proferens
2323 4274 2596 4345 nequitiae
2627 4291 2846 4340 ramos,
2880 4291 2982 4346 per
3013 4289 3189 4346 quam
3222 4271 3498 4328 omniain
3523 4272 3643 4326 vita

1990 4380 2241 4435 nequam
2275 4363 2631 4420 efﬁciuntur.
2669 4365 2938 4419 Attamen
2971 4362 3134 4419 radix
3166 4361 3433 4418 omnium
3468 4359 3646 4415 malo-

1989 4469 2117 4508 rum
2155 4452 2554 4508 mulierositas
2599 4456 2709 4521 est,
2742 4457 2800 4508 et
2849 4453 2966 4508 dux
3010 4450 3302 4519 interitus,
3337 4451 3500 4504 furor
3527 4449 3648 4516 ille,

1991 4542 2258 4614 inquam,
2293 4541 2836 4597 amasiuncularum
2869 4558 2880 4597 :
2917 4541 3081 4596 radix
3110 4539 3412 4595 interitum
3449 4537 3650 4610 pullu-

1993 4630 2142 4700 lans,
2176 4634 2233 4686 et
2264 4631 2519 4686 furorem
2562 4630 2890 4702 geminans.
2941 4630 3189 4685 Judaica
3235 4632 3326 4684 est
3374 4628 3530 4683 enim
3580 4628 3653 4683 de

219 4722 488 4796 τυγχάνει
538 4717 598 4771 ἐκ
637 4713 900 4786 Σοδόμων
957 4718 1357 4787 μετενεχθεῖσα,
1398 4711 1585 4774 καθότι
1637 4712 1862 4767 ὕπουλόε

478 4809 491 4824 ι
809 4806 819 4824 ι
1026 4805 1077 4824 -υ
1140 4797 1188 4824 z’r
1227 4813 1327 4824 _--r
1382 4800 1693 4824 2_,m\1___,
1760 4802 1776 4824 9,
1835 4804 1848 4824 ι

1994 4719 2265 4775 Sodomis
2296 4719 2508 4785 delata,
2544 4720 2697 4790 quod
2733 4719 3118 4774 adulterinam
3153 4717 3472 4789 quamdam
3499 4721 3556 4771 et
3589 4715 3652 4770 fi-

221 4833 346 4867 τινα
402 4809 496 4864 καὶ
547 4806 926 4876 πεποιημένην
983 4805 1082 4870 τῆς
1139 4797 1329 4871 ἔξωθεν
1378 4800 1716 4855 ἐπιπλάστου
1750 4802 1880 4877 ἀγά-

225 4922 344 4969 πης
370 4900 474 4966 τὴν
507 4895 792 4973 φαντασίαν
835 4891 1113 4960 κέκτηται.
1149 4890 1247 4944 Καί
1304 4911 1396 4962 μοι
1449 4884 1632 4943 λαϐὼν
1689 4890 1886 4961 κόμιζε

230 4990 434 5044 λοιπὸν
478 4986 556 5047 εἷς
609 4985 768 5056 μέσον
817 4981 880 5036 τὸ
935 4983 1031 5034 τοῦ
1062 4976 1401 5036 Ἀποστόλου
1456 4976 1648 5052 λόγιον
1687 4977 1884 5051 ἐκεῖνο,

226 5081 294 5133 τὸ
369 5078 567 5153 φὲσκον
600 5091 614 5104 ·
677 5073 762 5139 Μὴ
850 5069 950 5124 οὐκ
1031 5065 1232 5142 ἔχομεν
1317 5067 1554 5140 ἐξουσίαν
1641 5065 1885 5144 ἀδελφὴν

225 5170 471 5242 γυναῖκα
525 5159 850 5236 περιάγειν,
909 5159 984 5219 ὡς
1037 5157 1126 5210 καὶ
1184 5157 1235 5210 οἱ
1317 5155 1501 5212 λοιποῗ
1589 5156 1889 5212 ἀπόστολοι

230 5256 331 5310 καὶ
363 5258 596 5329 Κηφᾶς
630 5249 676 5321 ᾧ
713 5245 1076 5321 ἐπερείδονται
1129 5247 1180 5300 οἱ
1229 5249 1310 5317 τῷ
1361 5251 1460 5314 τῆς
1517 5244 1893 5319 ταλαιπωρίας

232 5344 403 5398 πάθει
457 5337 885 5409 δεδουλωμένοι,
914 5335 978 5389 τὸ
1031 5333 1215 5396 καλῶς
1271 5334 1405 5409 πρὸς
1452 5331 1717 5410 ὠφέλειαν
1763 5354 1893 5410 γρα-

231 5433 362 5510 φιν,
422 5433 494 5502 τῇ
552 5429 755 5482 ἑαυτῶν
820 5422 1216 5498 ματαιοφρονίᾳ
1275 5422 1407 5498 πρὸς
1460 5420 1733 5478 ἀπώλειαν
1792 5426 1892 5497 ψυ-

311 5576 365 5612 ⁸ο
395 5577 418 5631 Ι
448 5574 599 5628 Tim.
629 5587 711 5643 v1,
745 5571 833 5627 10.
909 5571 953 5606 ⁶¹
986 5571 1112 5626 Cor.
1142 5584 1220 5640 ix,
1250 5567 1306 5622 5.

308 5719 438 5793 (83)
472 5713 866 5792 Παρακούεται.
901 5712 1078 5784 Editi,
1122 5708 1542 5787 παρακοόσεται.
1577 5712 1731 5769 Εῡιτ.

1997 4808 2218 4863 ctitiam
2239 4807 2496 4862 exterius
2520 4806 2792 4863 sublestee
2811 4806 3118 4862 charitatis
3137 4805 3392 4876 speciem
3415 4804 3652 4859 habeat.

1996 4900 2296 4965 Caeterum,
2332 4897 2527 4968 profer
2553 4901 2618 4951 tu
2667 4895 2808 4950 mihi
2858 4897 2942 4952 sis
2986 4895 3047 4950 in
3081 4893 3342 4948 medium
3382 4893 3652 4948 testimo-

1998 4985 2161 5040 nium
2206 4983 2352 5039 illud
2405 4983 2663 5056 Apostoli
2696 4985 2849 5055 quod
2888 4983 2971 5040 ait
3003 5000 3015 5038 :
3057 4983 3320 5053 Nunquid
3347 4999 3458 5038 non
3486 4981 3655 5036 habe-

1997 5090 2118 5129 mus
2166 5077 2517 5144 paucitatem
2563 5076 2854 5129 mulierem
2907 5089 3146 5128 sororem
3191 5069 3656 5137 circumducendi,

1999 5163 2143 5216 sicut
2172 5165 2224 5215 et
2243 5162 2432 5215 caeleri
2451 5161 2684 5231 apostoli
2712 5170 2763 5216 et
2797 5160 3055 5231 Cephas"
3079 5159 3107 5213 ?
3137 5159 3239 5213 Cui
3272 5172 3481 5228 nempe
3504 5154 3657 5208 inni-

2001 5254 2207 5304 tuntur
2236 5249 2294 5303 hi
2328 5249 2425 5321 qui
2487 5249 2834 5306 miserandae
2865 5248 3005 5303 huic
3037 5264 3199 5302 noxae
3231 5240 3651 5306 deserviunt,id

2005 5338 2160 5410 quod
2209 5338 2427 5409 optime
2477 5338 2550 5393 ad
2601 5336 2917 5393 utilitatem
2967 5336 3250 5408 scriptum
3295 5336 3404 5397 est,
3450 5329 3658 5384 insana

2004 5431 2200 5482 mente
2231 5443 2341 5482 sua
2386 5427 2456 5482 ad
2509 5427 2819 5482 interitum
2871 5425 3201 5482 animarum
3247 5424 3653 5485 assumentes;

2091 5717 2238 5786 (83')
2268 5713 2366 5769 Καὶ
2401 5735 2518 5787 μοι.
2554 5716 2714 5786 Lege,
2739 5710 2827 5766 καὶ
2859 5708 3003 5782 ἰμοί.
3037 5711 3195 5768 EDIT.
