4120 6230
403 333 522 398 815

1349 324 1733 388 APPENDIX
1784 321 2109 384 OPERUM
2156 320 2221 380 S.
2268 321 2549 382 BASILII
2596 322 2868 384 MAGNI.

3705 331 3834 391 816

402 469 459 522 et
488 463 862 522 conferamus
893 460 1141 517 invicem
1192 475 1260 515 ea
1290 474 1416 530 quae
1467 456 1536 512 ab
1579 454 1883 528 apostolis,
1916 469 2048 510 cum

2172 454 2289 526 χῶν
2359 447 2822 524 ἐκλαμϐάνοντες.
2881 455 2981 511 Καὶ
3066 454 3402 530 ἐξετάσωμεν
3491 457 3841 532 παράλληλα

405 554 481 611 iis
512 570 640 626 quae
675 567 831 608 nunc
859 567 892 605 a
935 548 1312 605 credentibus
1344 546 1469 602 ﬁeri
1501 547 1954 603 consueverunt.
1987 544 2065 597 Ac

409 643 669 717 primum
700 640 975 712 quisnam
1026 637 1202 693 fuerit
1251 636 1503 708 scriptor
1552 635 1928 690 attendamus
1965 648 1978 687 :
2013 635 2069 686 et

406 737 608 789 utrum
634 746 735 802 per
756 727 1063 801 epistolam
1089 727 1297 782 beatus
1317 723 1632 796 Apostolus
1663 739 1783 778 rem
1811 720 2067 776 indulse-

406 822 502 889 rit,
561 818 648 875 vel
709 835 824 873 non
881 817 1076 889 potius
1135 830 1234 870 eos
1294 813 1633 882 coercuerit,
1701 814 1888 866 semet
1943 810 2067 881 ipse

410 907 707 980 exemplar
736 905 1016 962 exhibens
1049 903 1217 959 nobis
1241 903 1551 958 universis.
1577 901 1860 958 Novimus
1891 897 2064 954 nimi-

411 1015 541 1055 rum
574 1013 708 1053 eum
731 1011 864 1052 cum
897 994 1039 1048 viris
1072 991 1534 1064 religiosissimis
1565 1007 1668 1062 per
1696 992 1885 1045 totum
1919 992 2065 1043 tem-

409 1104 521 1158 pus
553 1086 734 1140 fuisse
765 1086 1201 1151 conversatum,
1235 1096 1341 1136 nec
1372 1096 1506 1136 cum
1540 1078 1902 1151 turpissimis
1931 1093 2066 1130 mu-

405 1174 651 1231 lieribus
681 1171 932 1243 degisse,
969 1187 1041 1225 ne
1071 1187 1134 1226 se
1165 1169 1323 1225 istud
1366 1169 1603 1240 quidem
1645 1166 1834 1222 dicere
1860 1165 2066 1220 erube-

403 1267 589 1321 scant.
620 1262 847 1316 Pudore
875 1260 1292 1315 suﬂ'undantur
1322 1258 1423 1329 qui
1457 1275 1517 1313 se
1544 1257 1704 1329 ipsos
1738 1256 1900 1311 Petro
1926 1270 2064 1326 apo-

402 1351 688 1410 stolorum
713 1349 988 1422 principi,
1011 1353 1068 1404 et
1091 1347 1253 1420 regni
1286 1345 1562 1403 caelorum
1594 1345 1879 1415 clavigero
1901 1359 2064 1399 com-

401 1445 629 1514 parant,
668 1444 726 1494 et
756 1438 962 1493 dicunt
995 1453 1008 1494 :
1042 1437 1101 1491 Si
1148 1437 1245 1492 ille
1294 1435 1488 1490 habuit
1537 1434 1824 1502 dilectam,
1867 1436 1922 1488 et
1965 1448 2063 1487 nos

398 1531 635 1602 vestigia
673 1528 790 1598 ejus
843 1535 1154 1581 sectamur.
1187 1522 1344 1579 Belle
1394 1523 1550 1579 enim
1603 1538 1758 1577 vero.
1792 1521 2062 1576 Resusci-

399 1623 461 1675 ta
489 1622 552 1672 tu
586 1615 731 1671 mihi
760 1631 922 1687 ergo,
955 1612 1455 1685 quemadmodum
1504 1610 1602 1666 ille
1653 1609 1960 1665 Tabitham
1993 1624 2061 1663 ex

400 1705 650 1762 mortuis
693 1720 796 1776 per
853 1702 1027 1757 ﬁdem
1080 1701 1140 1756 in
1189 1700 1508 1756 Dominum
1555 1703 1822 1756 nostrum
1853 1697 2056 1753 Jesum

401 1795 700 1850 Christum
733 1792 801 1858 ⁵³,
834 1795 900 1846 ut
930 1791 1162 1846 credam
1194 1789 1323 1857 tibi,
1358 1790 1512 1860 quod
1547 1792 1601 1843 et
1629 1792 1692 1843 tu
1723 1785 1943 1860 Spiritu
1977 1787 2058 1842 sis

367 1883 632 1956 plenus,
678 1879 936 1952 repletus
989 1879 1190 1934 divina
1234 1879 1472 1933 virtute.
1528 1875 1764 1948 Expelle
1809 1880 1871 1931 tu
1907 1874 2051 1930 mihi

401 1955 692 2028 daemones
749 1985 898 2041 quos
942 1955 1040 2023 ille
1083 1966 1310 2039 expulit
1363 1971 1422 2022 et
1477 1967 1734 2037 morbos,
1796 1964 2053 2035 aliasque

399 2063 562 2118 efﬁce
592 2061 944 2124 curationes,
965 2063 1108 2131 quot
1137 2058 1325 2114 eﬂecit
1352 2056 1450 2112 ille
1482 2057 1538 2111 in
1564 2055 1799 2112 nomine
1825 2054 2050 2112 Domini

401 2151 585 2207 nostri
615 2151 756 2206 Jesu
787 2148 1001 2205 Christi
1035 2165 1048 2202 :
1084 2147 1252 2202 mitto
1289 2146 1444 2201 enim
1476 2144 1722 2216 reliqua.
1772 2146 1888 2200 Hoc
1918 2161 2049 2200 cum

400 2239 545 2294 mihi
570 2238 922 2306 ostenderis,
954 2241 1101 2291 tunc
1131 2235 1238 2290 tibi
1265 2235 1522 2301 credam,
1558 2235 1713 2305 quod
1750 2249 1864 2288 non
1896 2233 2053 2305 igne-

397 2343 590 2385 sceres
639 2329 711 2383 ad
764 2326 918 2382 hanc
961 2327 1305 2381 venenatam
1339 2323 1610 2379 bestiam.
1641 2325 1850 2379 Annon
1881 2323 2052 2378 audis

399 2417 538 2489 quid
571 2417 729 2473 dicat
773 2415 1056 2472 Dominus
1107 2417 1307 2470 noster
1343 2413 1512 2470 Jesus
1560 2411 1828 2468 Christus
1879 2427 1893 2467 :
1947 2413 2052 2480 Qui

399 2508 656 2562 intuetur
683 2504 970 2559 mulierem
999 2518 1068 2558 ea:
1094 2503 1552 2572 concupiscentia,
1587 2502 1710 2572 jam
1746 2499 2051 2557 maechatus

393 2599 476 2650 est
510 2611 634 2650 eam
664 2594 726 2648 in
752 2593 913 2649 corde
942 2592 1106 2648 suo“
1125 2589 1152 2644 ‘I
1182 2589 1476 2646 Fabulane
1506 2588 1778 2645 videntur
1805 2589 1908 2646 tibi
1933 2589 2050 2645 haec

395 2685 572 2739 verba
629 2679 985 2753 Evangelii?
1033 2677 1237 2735 Viden’
1294 2695 1409 2751 quo
1469 2683 1639 2749 pacto
1701 2694 1817 2734 non
1877 2679 2048 2734 modo

394 2778 593 2829 actum
623 2769 1009 2837 interdixerit,
1035 2769 1136 2824 sed
1167 2772 1226 2824 et
1251 2767 1536 2823 rationem
1571 2766 1822 2822 intuitus
1853 2766 2049 2838 prohi-

393 2861 607 2929 buerit,
658 2860 852 2916 sciens
908 2856 1184 2914 scandalo
1234 2873 1364 2913 esse
1388 2858 1600 2913 animae
1630 2856 1887 2911 hominis
1919 2855 2049 2912 illas

394 2950 641 3007 insidias
661 2948 688 3004 ?
716 2949 790 3003 At
819 2947 929 3003 tibi
955 2944 1157 3002 morbo
1182 2946 1386 3001 affecto
1411 2945 1576 3001 lusus
1598 2961 1664 3000 ea
1684 2961 1778 3001 res
1797 2944 2045 3000 videtur.

393 3037 690 3096 Hebetasti
719 3037 876 3093 enim
909 3036 1172 3092 animum
1201 3033 1587 3106 impudentia,
1619 3033 1796 3089 veluti
1826 3033 2044 3089 larvam

2177 544 2294 602 τοῖς
2329 539 2680 610 ἀποστόλοις,
2725 542 2815 596 καὶ
2859 548 2976 606 τοῖς
3032 543 3123 598 νῦν
3181 545 3492 602 πιστεύουσι
3550 549 3618 603 τὰ
3665 570 3840 624 πρατ-

2176 627 2399 702 τόμενα.
2433 629 2533 693 Τίς
2591 631 2657 699 ἦν
2691 632 2718 686 ὁ
2751 633 2975 710 γράφων
3037 639 3254 709 πρῶτον
3319 635 3600 710 μάθωμεν,
3637 639 3731 692 καὶ
3792 639 3838 693 εἰ

2179 714 2248 772 δι’
2280 716 2574 787 ἐπιπολῆς
2617 720 2645 773 ὁ
2697 722 2962 793 μακάριος
3020 722 3362 787 Ἀπόστολος
3420 724 3701 802 ἐπέτρεψε,
3743 728 3840 782 καὶ

2178 805 2306 881 οὐχῖ
2374 805 2586 879 μᾶλλον
2642 807 2910 865 ἐκώλυσεν
2973 811 3406 885 αὖτοὺς,ἒαυτὸν
3465 815 3636 870 τύπον
3697 838 3841 894 παρ-

2179 894 2448 970 εχόμενος
2479 902 2637 952 πᾶσιν
2688 899 2848 972 ἡμῖν’
2885 897 3110 974 θ’ίδαμεν
3165 901 3266 978 γὰρ
3328 903 3486 958 αὐτὸν
3550 905 3686 977 μετὰ
3745 906 3840 960 ἂν·

2177 981 2318 1060 δρῶν
2347 980 2755 1042 εὐλαϐεστάτων
2803 987 2978 1044 πάντα
3019 990 3113 1045 τὸν
3152 991 3352 1066 χρόνον
3405 992 3842 1072 ἀναστραφέντα,

2174 1074 2263 1128 xui
2323 1073 2452 1150 οὐχὶ
2513 1075 2649 1148 μετὰ
2731 1083 2999 1151 γυναικῶν
3062 1081 3481 1156 ἀπρεπεστάτων
3546 1080 3847 1158 διάγοντα*

2175 1159 2301 1216 οὔτε
2357 1161 2452 1217 κᾶν
2513 1161 2790 1220 αἰδοῦνται
2837 1171 3000 1222 τοῦτο
3057 1166 3328 1244 λέγοντει.
3362 1170 3648 1247 Αἷσχύνην
3681 1194 3852 1228 κατα-

2174 1251 2483 1326 χεέσθωσαν
2543 1253 2593 1307 οἱ
2654 1253 2874 1317 ἑαυτοὺς
2932 1256 3124 1334 Πέτρῳ
3183 1263 3264 1330 τῷ
3319 1263 3680 1335 πρωτοστάτῃ
3725 1268 3840 1318 τῶν

2171 1338 2642 1408 ἀποστόλων,καὶ
2697 1341 3018 1421 κλειδούχῳ
3075 1353 3178 1416 τῆς
3241 1345 3522 1422 βασιλείας
3571 1354 3679 1405 τῶν
3743 1351 3842 1406 οὐ·

2173 1432 2348 1504 ρανῶν
2438 1432 2837 1505 συγκρίνοντες,
2901 1433 2991 1488 καὶ
3089 1434 3385 1514 φάσκοντες
3421 1456 3434 1470 '
3485 1437 3549 1493 Εί
3627 1437 3839 1503 ἐκεῖνος

2171 1519 2312 1592 εἶχεν
2373 1518 2678 1594 ἀγαπητὴν,
2738 1521 2829 1576 καὶ
2890 1524 3058 1596 ἡμεῖς
3135 1531 3252 1588 τοῖς
3341 1525 3544 1581 ἐκείνου
3620 1525 3833 1604 ἴχνεσιν

2171 1605 2672 1682 ἐπακολουθοῦμεν.
2733 1611 2832 1665 Καὶ
2888 1613 3036 1687 τάχα
3099 1611 3284 1676 καλῶς
3341 1611 3511 1690 ἔχεις.
3570 1618 3833 1694 Ἔγειρόν

2173 1700 2416 1771 μοιγοῢν
2451 1697 2524 1760 ὡς
2557 1697 2721 1761 αὐτὸς
2752 1700 2852 1769 τήν
2901 1695 3139 1757 Ταϐιθάν
3197 1702 3259 1759 ἐκ
3314 1708 3515 1778 νεκρῶν
3577 1703 3667 1760 διὰ
3725 1711 3832 1773 τῆς

2166 1784 2398 1850 πίστεως
2423 1793 2522 1856 τῆς
2552 1786 2628 1851 εἷς
2655 1788 2746 1842 τὸν
2809 1788 3007 1865 Κύριον
3066 1793 3228 1864 ἡμῶν
3294 1791 3506 1864 Ἰησοῦν
3565 1796 3834 1870 Χριστὸν,

2159 1873 2252 1929 ἵνα
2298 1876 2568 1930 πιστεύσω
2617 1898 2724 1947 σοι,
2758 1878 2840 1932 ὅτι
2882 1879 2975 1934 καὶ
3027 1879 3088 1934 σὺ
3140 1879 3590 1960 πνευματοφόρος
3635 1885 3702 1955 εἴ,
3736 1885 3832 1940 ἐκ-

2162 1962 2546 2037 πεπλησμένος
2599 1966 2746 2030 θείας
2805 1963 3110 2042 δυνάμεως.
3166 1970 3453 2041 Ἐξέλασόν
3527 1994 3620 2046 μοι
3697 1975 3831 2037 τοὺς

2164 2049 2445 2127 δαίμονας,
2479 2053 2568 2116 οὓς
2624 2054 2827 2118 ἐκεῖνος
2879 2055 3128 2130 ἐξήλασε,
3183 2061 3280 2124 τὰς
3337 2061 3550 2127 νόσους,
3578 2062 3669 2117 καὶ
3730 2065 3831 2127 τὰς

2164 2142 2348 2218 ἐτέρας
2406 2138 2625 2220 ἕργασαι
2685 2147 2992 2221 θεραπείας,
3056 2146 3184 2210 ὅσας
3254 2147 3560 2205 ἐπετέλεσεν
3618 2149 3832 2216 ἐκεῖνος

2161 2228 2212 2283 ἐν
2273 2235 2350 2304 οῷ
2410 2231 2636 2304 ὀνόματι
2695 2237 2794 2288 τοῦ
2851 2235 3052 2310 Κυρίου
3107 2238 3266 2309 ἡμῶν
3323 2238 3500 2309 Ἰησοῦ
3553 2240 3820 2315 Χριστοῦο

2161 2318 2232 2373 ἐῶ
2263 2319 2367 2396 γὰρ
2395 2318 2591 2378 τᾶλλα.
2635 2323 2800 2378 ’Ὀταν
2837 2344 2931 2396 μοι
2966 2320 3168 2399 δείξῃς,
3199 2324 3322 2381 τότε
3374 2347 3460 2381 σοι
3518 2328 3822 2400 πιστεύσω,

2161 2407 2244 2462 ὅτι
2304 2408 2364 2464 οὐ
2421 2414 2686 2483 πυροῦσαι
2735 2411 2873 2487 πρὸς
2926 2412 2990 2467 τὸ
3051 2415 3268 2488 θηρίον.
3325 2420 3390 2471 Ἣ
3443 2416 3546 2472 οὐκ
3601 2417 3824 2481 ἀκούεις

2159 2497 2211 2552 τί
2245 2497 2390 2574 λέγει
2422 2499 2449 2553 ὁ
2482 2497 2678 2575 Κύριος
2729 2502 2889 2573 ἡμῶν
2939 2502 3150 2571 Ἰησοῦς
3199 2505 3454 2580 Χριστὸς,
3487 2504 3569 2560 ὅτι
3600 2507 3662 2564 Ὁ
3715 2506 3821 2580 ἐμ-

2160 2580 2366 2660 ϐλέψας
2438 2588 2651 2661 γυναικὶ
2731 2591 2870 2663 πρὸς
2943 2591 3008 2645 τὸ
3076 2590 3432 2666 ἐπιθυμῆσαι,
3480 2592 3591 2665 ἤδη
3651 2594 3822 2668 ἐμοί-

2159 2695 2349 2751 χευσεν
2403 2674 2570 2745 αὐτὴν
2619 2675 2673 2732 ἐν
2728 2681 2797 2752 τῇ
2851 2676 3049 2754 καρδίᾳ
3106 2680 3314 2752 αὐτοῦς
3375 2684 3442 2737 Ἣ
3505 2685 3673 2756 μῦθός
3729 2706 3818 2740 σοι

2157 2765 2538 2842 καταφαίνεται
2594 2766 2662 2820 τὰ
2731 2771 2828 2822 τοῦ
2906 2767 3240 2845 Εὐαγγελίου
3303 2770 3561 2847 ῥήματας
3624 2774 3816 2850 Ὁρᾷς,

2159 2852 2310 2916 ὅπως
2341 2853 2401 2908 οὐ
2445 2855 2609 2927 μόνον
2653 2855 2716 2910 τὸ
2755 2857 3010 2932 πράττειν
3059 2856 3351 2930 ἐκώλυσεν,
3384 2858 3530 2917 ἀλλὰ
3567 2863 3658 2917 καὶ
3717 2864 3816 2919 τὸν

2157 2949 2480 3017 χαρακτῆρα
2536 2951 2634 3014 τῆς
2692 2940 2869 3020 ὅψεως
2935 2947 3061 3017 ὁρᾷν
3131 2948 3447 3024 άπέτρεψεν,
3501 2947 3660 3014 εἰδὼς
3725 2951 3816 3008 ὅτι

2157 3028 2456 3086 σκάνδαλον
2508 3032 2578 3106 τῇ
2631 3037 2728 3088 τοῦ
2787 3031 2984 3110 ἀνδρὸς
3031 3039 3186 3111 ψυχῇ
3237 3037 3300 3092 τὸ
3345 3034 3599 3114 ἴνεδρονς
3632 3039 3819 3098 Ἀλλά

391 3128 558 3184 faciei
589 3127 900 3197 imponens
923 3129 1058 3179 tuae.
1092 3124 1333 3196 Ignoras
1381 3138 1636 3194 namque
1665 3123 1724 3177 in
1757 3126 2044 3193 quantum

2159 3124 2350 3191 σοιτῷ
2394 3119 2664 3196 πάσχοντι
2704 3122 2956 3198 παίγνιον
3001 3124 3383 3202 καταφαίνεται
3438 3126 3502 3182 τὸ
3558 3132 3810 3204 πρᾶγμα·

391 3215 765 3287 naufragium
811 3211 1110 3268 incideris.
1144 3215 1527 3267 Revertamur
1577 3211 1649 3266 ad
1705 3215 2041 3267 sanctorum

391 3303 810 3378 prophetarum
841 3299 1137 3368 instituta,
1161 3316 1274 3370 quo
1299 3299 1471 3355 modo
1504 3315 1676 3354 omne
1701 3303 1936 3370 tempus
1963 3301 2046 3356 vi-

391 3400 463 3450 tua
495 3392 553 3447 in
588 3390 891 3446 montibus
921 3393 977 3445 et
1007 3389 1271 3444 cavernis
1299 3391 1710 3458 transegerunt
1735 3411 1750 3456 ;
1771 3389 1989 3443 nedum
2013 3407 2046 3445 a

389 3481 664 3545 videnda,
694 3493 896 3535 verum
929 3477 1103 3533 etiam
1153 3493 1187 3531 a
1235 3475 1548 3548 cogitanda
1596 3474 1842 3532 muliere
1881 3476 1940 3532 in
1973 3476 2045 3532 1i-

393 3570 678 3626 bertatem
705 3565 934 3623 asserti.
959 3565 1112 3623 Num
1136 3569 1192 3620 et
1217 3563 1299 3619 ha
1322 3563 1425 3618 tibi
1453 3580 1619 3636 nugas
1644 3565 1884 3622 omnino
1905 3581 2045 3622 cen-

396 3659 685 3716 sebuntur
713 3661 736 3713 Ρ
763 3655 960 3711 Sentio
991 3653 1148 3710 enim
1199 3657 1256 3709 te
1304 3652 1682 3725 opinionibus
1723 3654 2043 3712 multarum

398 3747 666 3804 inanium
692 3745 988 3801 rationum
1015 3743 1279 3799 animum
1316 3741 1693 3798 delinientem
1723 3748 1912 3799 tuum.
1937 3745 2046 3801 Be-

396 3853 538 3895 vooa
568 3837 626 3892 in
661 3833 1005 3891 memoriam
1037 3832 1383 3904 ejectionem
1413 3848 1444 3887 e
1475 3831 1768 3903 paradiso,
1798 3833 2047 3890 ruinam~

395 3944 508 4001 que
564 3924 791 3992 diluvii,
841 3927 898 3978 et
941 3922 1329 3978 Sodomorum
1377 3921 1702 3976 versionem
1763 3922 1923 3994 (quia
1972 3923 2046 3978 ob

395 4015 701 4072 mulierem
735 4012 888 4069 mala
927 4011 1126 4068 omnia
1171 4009 1241 4065 ab
1289 4009 1456 4066 initio
1506 4011 1578 4065 ad
1630 4027 1817 4082 usque
1868 4012 2044 4068 ﬁnem

391 4105 782 4176 contingunt),
817 4100 1121 4158 Samsonis
1144 4099 1296 4170 justi
1329 4099 1775 4171 proditiones,et
1795 4105 2046 4158 structas

389 4195 670 4252 adversus
700 4190 912 4262 Joseph
945 4188 1288 4262 praeclarum
1343 4187 1512 4242 illum
1563 4187 1860 4242 hominem
1912 4189 2045 4250 insi.

387 4285 536 4338 dies.
559 4283 767 4337 Veniat
797 4278 901 4334 tibi
934 4279 991 4333 in
1027 4281 1282 4332 mentem
1315 4274 1589 4330 interitus
1619 4274 1786 4331 electi
1817 4280 2046 4348 generis

385 4373 746 4429 Judmorum.
774 4369 840 4423 Et
871 4368 921 4423 si
952 4367 1074 4422 haec
1103 4365 1211 4421 tibi
1244 4381 1358 4420 non
1393 4365 1763 4436 persuadent,
1797 4381 2043 4436 persua-

387 4462 520 4516 deat
551 4459 786 4530 sapiens
817 4455 1096 4512 Salomon
1145 4454 1204 4508 in
1257 4452 1407 4508 hanc
1439 4453 1791 4510 sententiam
1825 4454 2039 4529 alicubi
2074 4501 2120 4565 Β

387 4549 400 4565 1
669 4563 677 4565 .
720 4548 792 4565 Iv},
826 4562 910 4565 -____
969 4548 1006 4565 ,Δ
1058 4543 1258 4565 “null-..
1312 4542 1712 4565 _L_l.'-“_l----a
1767 4544 1922 4565 ,Δημιμ
1959 4564 1964 4565 ,
1989 4564 1996 4565 κ

385 4549 680 4621 loquens:
720 4548 914 4603 Vinum
957 4548 1008 4599 et
1054 4543 1258 4598 mulier
1304 4542 1712 4599 abalienabunt
1757 4544 1925 4602 corda
1945 4564 2040 4604 sa-

381 4642 634 4712 pientum
662 4637 723 4691 ⁸⁸.
759 4634 1124 4707 Sapienlum,
1156 4631 1372 4703 inquit,
1402 4647 1475 4687 ne
1507 4635 1564 4687 et
1595 4631 1732 4688 huic
1777 4651 2040 4706 oppones

383 4727 706 4800 quidpiam,
741 4729 797 4781 et
827 4724 1121 4794 abjectum
1175 4720 1399 4793 aliquid
1454 4721 1674 4778 sentias
1723 4723 1794 4779 de
1841 4725 2036 4782 verbo.

380 4816 594 4872 Vinum
638 4815 794 4871 enim
847 4812 1148 4869 hominem
1198 4809 1558 4883 ingrediens,
1615 4815 2038 4887 stuporemque

381 4904 684 4963 ebrietatis
714 4903 774 4959 in
807 4902 906 4958 illo
937 4900 1217 4971 efﬁciens,
1249 4898 1430 4958 veluti
1464 4899 1676 4956 ﬂuvius
1709 4903 2035 4973 exundans,

379 4998 639 5050 mentem
670 5008 904 5048 omnem
936 4990 1160 5062 impetu
1194 5005 1300 5045 suo
1332 4989 1568 5061 abripit,
1601 4993 1657 5045 et
1687 4989 1746 5045 in
1776 4990 2034 5048 furorem

377 5082 675 5140 hominem
710 5079 978 5153 impellit.
1010 5079 1224 5134 Eadem
1252 5095 1380 5149 quae
1411 5078 1636 5148 vinum,
1672 5077 1792 5151 agit
1823 5081 2037 5136 mulier

375 5174 434 5229 in
467 5173 787 5229 hominem.
813 5169 1207 5236 Quamobrem
1233 5167 1645 5239 parmmiastes
1677 5169 2036 5240 comparavit

375 5264 574 5321 vinum
602 5279 735 5317 cum
768 5259 1048 5328 muliere;
1076 5264 1131 5314 et
1153 5273 1359 5314 omnes
1379 5256 1553 5312 etiam
1586 5256 1878 5329 prophetae
1901 5275 2032 5314 cum

375 5353 509 5408 aliis
540 5357 714 5423 atque
743 5348 875 5406 aliis
906 5347 1098 5417 malis,
1123 5351 1181 5402 et
1209 5345 1510 5401 venenatis
1535 5344 1748 5401 belluis
1770 5346 2030 5403 contule-

373 5446 514 5497 runt
525 5457 708 5513 genus
719 5436 1298 5506 mulierum,virorum
1313 5433 1614 5489 animabus
1628 5434 2026 5504 perniciosum.

440 5656 484 5690 ⁸³
514 5657 640 5707 Act.
675 5669 754 5721 ιχ,
783 5653 872 5706 40.
948 5651 993 5686 ⁸³
1021 5647 1222 5705 Matth.
1255 5666 1310 5716 ν,
1342 5647 1435 5704 28.
1513 5648 1557 5684 ⁵⁸
1589 5647 1765 5705 Ecoli.
1799 5665 1916 5716 xxx,
1943 5651 1997 5705 2.

2159 3208 2445 3282 ἐπήρωσας
2502 3208 2604 3284 γάρ
2666 3230 2760 3264 σου
2828 3210 2890 3266 τὸ
2966 3213 3223 3290 φρόνημα
3285 3218 3354 3289 τῇ
3431 3215 3813 3292 ἀναισχυντίᾳ,

2155 3297 2502 3370 προσωπείου
2535 3295 2690 3368 δίκην
2744 3303 2824 3372 τῷ
2879 3302 3162 3376 προσώπῳ
3213 3323 3310 3358 σου
3361 3302 3814 3380 ἐμπεριθίμενος·

2155 3386 2365 3461 ἀγνοεῖς
2424 3388 2527 3462 γὰρ
2587 3387 2768 3461 ἡλίκῳ
2823 3390 3070 3464 ναυαγίῳ
3122 3393 3561 3467 περιπίπτωκας.
3612 3396 3816 3451 Ἐπαν-

2155 3476 2400 3549 ἐλθωμεν
2434 3475 2520 3530 ἐπὶ
2551 3476 2679 3540 τοὺς
2710 3482 2817 3533 τῶν
2852 3477 3017 3554 ἁγίων
3076 3486 3373 3558 προφητῶν
3426 3491 3812 3560 χαρακτῆρας,

2157 3563 2306 3628 ὅπως
2355 3564 2447 3620 τὸν
2508 3565 2715 3621 ἅπαντα
2767 3568 2966 3642 χρόνον
3037 3575 3136 3638 τῆς
3200 3575 3343 3641 ζωῆς
3403 3571 3454 3626 ἐν
3508 3569 3654 3647 ὄρεσι
3714 3576 3811 3630 καὶ

2157 3651 2452 3724 σπηλαίοις
2505 3650 2798 3729 διέτριϐον,
2860 3655 2923 3711 οὗ
2980 3656 3144 3731 μόνον
3204 3664 3303 3714 τοῦ
3382 3660 3508 3736 ὁρᾷν
3581 3669 3815 3738 γυναῖκα

2155 3741 2654 3817 ἀπαλλαττόμενοι,
2707 3742 2854 3800 ἀλλά
2891 3746 2992 3823 γὰρ
3049 3747 3139 3802 καὶ
3184 3753 3286 3803 τοῦ
3339 3747 3701 3823 ἐνθυμεῖσθαι.
3734 3753 3809 3810 Ἣ

2154 3831 2245 3886 καὶ
2275 3831 2437 3887 τοῦτό
2471 3853 2554 3887 σοι
2609 3833 2828 3896 πάντως
2879 3833 3051 3910 λῆρος
3099 3839 3529 3916 καταφανήσεται
3559 3866 3574 3910 ς
3605 3838 3812 3898 Βλέπω

2155 3921 2258 3997 γάρ
2291 3943 2348 3976 σε
2394 3924 2483 3976 καὶ
2537 3922 2830 3977 ἀντιθέσεσι
2877 3921 3105 3981 πολλῶν
3158 3919 3348 4002 λόγων
3384 3933 3551 3984 κενῶν
3609 3932 3809 3986 σαυτὸν

2155 4009 2670 4096 παραμυθούμενον.
2725 4015 3006 4084 Μνήσθητι
3057 4021 3159 4084 τῆς
3206 4015 3265 4072 ἐκ
3318 4021 3416 4072 τοῦ
3473 4017 3809 4096 παραδείσου

2157 4094 2415 4169 ἐκϐολῆς,
2475 4101 2564 4154 καὶ
2620 4104 2716 4156 τοῦ
2771 4102 2999 4178 ὀλέθρου
3084 4109 3182 4159 τοῦ
3255 4094 3662 4180 κατακλυσμοῦ,
3712 4109 3808 4164 καὶ

2155 4196 2254 4258 τῆς
2302 4193 2408 4242 τῶν
2464 4187 2785 4262 Σοδομιτῶν
2836 4199 3239 4270 καταστροφῆς,
3291 4195 3372 4250 ὅτι
3429 4193 3519 4251 διὰ
3572 4202 3808 4272 γυναῖκα

2155 4276 2328 4332 πάντα
2381 4279 2448 4333 τὰ
2501 4277 2641 4332 κακὰ
2698 4278 2748 4350 ἐξ
2797 4280 2974 4355 ἀρχῆς
3025 4280 3189 4357 μέχρι
3219 4282 3414 4346 τίλους
3445 4284 3670 4360 γίνεται.
3703 4295 3807 4356 τῆς

2153 4370 2249 4421 τοῦ
2282 4366 2523 4441 Σαμψὼν
2553 4371 2649 4422 τοῦ
2681 4365 2892 4424 δικαίου
2921 4367 3339 4444 προδοσίας,καὶ
3361 4379 3460 4442 τῆς
3481 4376 3804 4451 τοῦΊωσήφ

2155 4452 2362 4510 ἐκείνου
2419 4460 2516 4511 τοῦ
2565 4454 2815 4532 ἐναρέτου
2872 4455 3195 4529 ἐπιϐουλῆς.
3248 4463 3637 4535 Μνημόνευσον
3703 4472 3807 4534 τῆς

2149 4549 2244 4598 τοῦ
2278 4543 2533 4600 ἐκλεκτοῦ
2581 4544 2768 4617 γένους
2816 4550 2926 4602 τῶν
2973 4545 3248 4603 Ἰουδαίων
3289 4549 3583 4613 ἀπωλείας.
3619 4552 3686 4608 Ei
3743 4551 3804 4609 δὲ

2148 4632 2312 4706 ταῦτά
2370 4655 2427 4688 σε
2481 4633 2541 4688 οὐ
2599 4635 2794 4702 πείθει,
2857 4634 3124 4710 Σολομὼν
3185 4638 3213 4692 ὁ
3263 4638 3429 4714 σοφός
3471 4661 3527 4695 σε
3556 4642 3802 4697 πεισάτω

2150 4719 2256 4776 ὧδέ
2344 4744 2421 4792 πη
2507 4721 2682 4798 λέγων
2717 4743 2730 4756 ·
2792 4726 2948 4787 Οἶνος
3030 4727 3118 4780 καὶ
3202 4730 3338 4802 γυνὴ
3417 4717 3800 4801 ’ἀποστήσουσι

2147 4809 2371 4886 καρδίας
2420 4818 2620 4888 σοφῶν.
2682 4818 2898 4891 Σοφῶν,
2957 4815 3123 4883 εἶπεν,
3172 4814 3264 4871 ’ίνα
3324 4818 3401 4891 μή
3467 4819 3558 4874 καὶ
3611 4821 3800 4893 τούτῳ

2147 4903 2418 4975 παρενθῇς
2446 4923 2520 4970 τι,
2553 4903 2640 4956 καὶ
2671 4901 2906 4966 εὐτελῶς
2962 4905 3232 4980 φρονήσῃς
3275 4907 3399 4979 περὶ
3455 4912 3554 4962 τοῦ
3599 4908 3794 4984 ῥητοῦ.

2145 4993 2204 5048 Ὁ
2261 4992 2362 5066 γὰρ
2422 4992 2565 5053 οἶνος
2618 4989 2697 5053 εἷς
2753 4992 2845 5046 τὸν
2903 4988 3184 5068 ἄνθρωπον
3242 4992 3642 5064 εἷ’σδύνων,καὶ
3699 4999 3798 5054 κά-

2147 5101 2309 5155 ρωσιν
2375 5081 2542 5153 μέθης
2599 5079 2652 5134 ἐν
2693 5079 2840 5152 αὐτῷ
2899 5079 3280 5155 ἐργαζόμενος,
3316 5083 3494 5158 ὥσπερ
3538 5089 3793 5161 ποταμὸς

2143 5167 2522 5244 πλημμυρῶν,
2557 5168 2686 5223 ὅλον
2718 5171 2780 5224 τὸ
2829 5169 3086 5247 φρόνημα
3121 5175 3202 5242 τῷ
3252 5172 3440 5228 ἑαυτοῦ
3496 5173 3796 5250 ῥοιζήματι

2141 5258 2458 5335 παρασύρει,
2516 5259 2606 5313 καὶ
2664 5258 2741 5322 εἷς
2801 5257 2986 5332 μανίαν
3039 5259 3157 5334 ἄγει
3210 5261 3303 5315 τὸν
3360 5262 3664 5338 ἄνθρωπον,
3712 5266 3798 5324 Τὰ

2142 5347 2276 5403 αὐτά
2328 5349 2418 5402 καὶ
2465 5351 2501 5418 ἡ
2550 5348 2684 5424 γυνή
2737 5353 2816 5420 τῷ
2875 5347 3005 5421 ο’ίνῳ
3063 5345 3440 5424 διαπράττεται
3498 5355 3637 5407 κατὰ
3693 5360 3798 5410 τοῦ

2142 5438 2450 5513 ἀνθρώπου.
2485 5438 2576 5491 Διὸ
2609 5435 2676 5505 δὴ
2716 5437 2805 5491 καὶ
2853 5437 2882 5490 ὁ
2925 5441 3330 5511 παροιμιαστής
3370 5440 3798 5516 παρεπλησίασε
