4120 6230
342 393 461 452 817

1432 391 1698 454 SERMO
1744 393 1844 454 DE
1888 394 2679 459 CONTUBERNALIBUS.

3635 397 3755 458 818

337 523 431 579 τὸν
467 525 618 578 οἶνον
648 526 717 596 τῇ
749 523 990 597 γυναικί⁸
1022 524 1112 578 καὶ
1137 525 1334 586 πάντες
1365 521 1422 578 δὲ
1451 525 1502 579 οἱ
1533 530 1809 600 προφῆται
1837 523 2118 603 διαφόροις
2143 533 2332 592 κακοῖς
2359 528 2448 583 καὶ
2483 529 2700 604 θηρίοις
2735 524 2982 592 ῗοόόλοις
3020 525 3466 604 παρεπλησίασαν
3498 528 3563 582 τὸ
3599 529 3754 604 γίνος

348 617 456 668 τῶν
486 616 778 687 γυναικῶν,
809 612 871 666 τὸ
902 609 1148 668 ἀπόλλον
1178 612 1273 675 τὰς
1305 612 1486 687 ψυχὰς
1518 617 1622 668 τῶν
1657 613 1975 689 ἀνθρώπων.

412 705 467 758 3.
503 701 660 757 Ἀλλ’
721 698 846 756 οὗδὶ
893 703 1060 756 ταῦτα
1103 723 1160 756 σε
1199 701 1390 756 πείθεισ
1449 702 1696 777 παίγνιον
1751 703 1851 779 γὰρ
1913 705 1986 765 ὡς
2017 709 2068 775 Α

347 790 492 846 ἔοικε
548 789 721 846 πάντα
779 812 863 845 σοι
921 792 1351 866 καταφαίνεται.
1419 788 1656 854 Ἔϐυσας
1713 795 1812 867 γὰρ
1862 793 1989 847 ὡσεῖ

341 878 570 942 ἀσπίδος
618 887 811 956 κωφῆς
878 880 945 936 τὰ
992 882 1106 935 ὦτά
1162 902 1290 950 σου,
1368 882 1443 954 μὴ
1516 881 1809 936 εἴσακούων
1881 886 1988 936 τῶν

341 969 499 1024 θείων
534 974 786 1048 Γραφῶν.
820 969 915 1024 Καὶ
968 966 1162 1025 λοιπὸν
1196 967 1254 1024 δὲ
1283 969 1373 1025 καὶ
1405 969 1566 1031 αὐτὸς
1617 969 1692 1032 εἷς
1742 968 1987 1045 θηριώδη

340 1059 545 1131 τρόπον
595 1055 942 1132 μετήλλαξας
993 1078 1089 1113 σου
1135 1059 1235 1127 τὴν
1282 1057 1472 1136 φύσιν,
1529 1063 1598 1133 τῇ
1647 1063 1744 1114 τοῦ
1796 1060 1991 1135 θηρίου

341 1147 586 1219 συνοικίᾳ
643 1148 955 1221 ὁμότροπος
1015 1146 1152 1222 αὐτῇ
1219 1146 1506 1222 γενόμενος
1538 1167 1550 1178 ·
1623 1149 1691 1216 ἧς
1760 1149 1828 1202 τὰ
1895 1147 1988 1221 μὶν

342 1235 563 1312 ῥήματα
601 1232 830 1304 είίλαλα,
861 1236 948 1290 καὶ
980 1237 1016 1305 ἡ
1049 1237 1203 1313 φωνὴ
1250 1233 1430 1307 ἡδεῖα,
1462 1238 1497 1306 ἡ
1531 1232 1588 1290 δὶ
1619 1237 1772 1310 ψυχὴ
1804 1235 1988 1310 ἀγρία,

339 1325 430 1380 καὶ
460 1327 524 1381 τὸ
572 1325 832 1403 φρόνημα
879 1323 1209 1399 δρακόντων,
1259 1324 1349 1379 καὶ
1391 1323 1769 1400 ήπροαίρεσις
1819 1322 1988 1399 ἐρπη-

338 1417 564 1483 στικῶν,
619 1413 709 1469 καὶ
765 1413 828 1468 τὸ
889 1414 1118 1490 βλέμμα
1178 1413 1504 1486 πυρίπνουν,
1562 1413 1742 1468 καὶτὸ
1774 1410 1991 1490 φίλημα

340 1497 583 1558 ἷοϐόλοψ
629 1501 719 1558 καὶ
767 1503 914 1577 ἀγὼν
964 1503 1126 1577 αὐτῇ,
1160 1501 1313 1564 ὅπως
1360 1506 1429 1576 τῇ
1465 1507 1570 1557 τῶν
1605 1499 1788 1576 λόγων
1815 1499 1990 1556 κολα-

340 1590 498 1662 κείᾳ,
543 1591 634 1648 καὶ
691 1595 762 1665 τῇ
820 1598 922 1659 τῆς
979 1591 1304 1666 προσόψεως
1363 1591 1557 1665 ἀπάτῃ,
1618 1593 1706 1646 καὶ
1765 1595 1834 1665 τῇ
1891 1595 1988 1645 τοῦ

338 1678 655 1758 φιλήματος
712 1675 1001 1757 προσϐολῇ
1056 1679 1292 1755 ἐκπτόσῃ
1336 1682 1401 1735 τὸ
1439 1680 1626 1754 θηρίον
1657 1680 1747 1735 τὸν
1802 1680 1881 1734 ίὸν
1911 1679 1987 1742 εἷς

333 1770 426 1824 τὸν
468 1774 566 1824 τοῦ
596 1767 788 1825 ἀθλίου
820 1767 1088 1846 λάρυγγα.
1147 1771 1450 1844 Παρασύρει
1479 1774 1608 1845 γοῦν
1642 1767 1836 1824 λοιπὸν
1885 1770 1985 1839 τήν

337 1855 602 1925 διάνοιαν,
645 1857 736 1912 καὶ
788 1863 950 1933 καροῖ
993 1856 1056 1913 td
1105 1859 1385 1936 φρόνημα,
1435 1858 1525 1913 καὶ
1573 1858 1701 1913 αὐτὸ
1739 1859 1802 1913 τὸ
1853 1859 1983 1933 ἠγε-

340 1948 560 2020 μονικὸν
615 1946 1033 2024 ἀκρωτηριάζει,
1079 1946 1170 2002 καὶ
1215 1947 1448 2018 ἐξίστησι
1516 1948 1609 2002 τὸν
1678 1951 1826 2002 νοῦν
1895 1945 1985 2001 καὶ

2169 709 2223 762 2.
2277 710 2349 763 At
2381 725 2568 780 neque
2601 710 2713 764 ista
2749 708 2850 764 tibi
2887 709 3278 780 persuadent;
3328 706 3556 762 ludicra
3593 707 3750 762 enim

2105 798 2350 852 fortasse
2397 799 2596 853 omnia
2643 798 2748 852 tibi
2791 797 3085 852 videntur.
3143 797 3442 852 Obturasti
3500 811 3752 867 namque

2101 887 2563 954 quemadmodum
2595 886 2800 957 aspzdz‘s
2828 887 3012 941 surda:
3041 887 3085 920 ⁵⁵
3115 903 3286 941 aures
3317 889 3473 952 tuas,
3506 902 3620 940 non
3654 901 3753 940 ex-

2101 973 2347 1029 audiens
2374 975 2599 1030 divinas
2635 975 2968 1046 Scripturas
2997 992 3009 1029 :
3044 991 3110 1029 ac
3159 978 3438 1045 praeterea
3483 978 3602 1030 tute
3632 973 3756 1045 ipse

2104 1061 2352 1117 ferinum
2407 1065 2466 1118 in
2517 1064 2759 1119 modum
2806 1067 3077 1118 naturam
3122 1063 3366 1119 mutasti
3401 1068 3588 1134 tuam,
3625 1064 3760 1118 fera)

2100 1150 2480 1208 contubernio
2513 1152 2777 1208 moribus
2808 1150 3022 1208 similis
3066 1151 3228 1207 illius
3275 1151 3553 1208 ell‘ectus:
3588 1152 3758 1222 cujus

2101 1239 2339 1310 quidem
2371 1242 2544 1296 verba
2575 1241 2866 1314 elegantia
2897 1245 3058 1312 sunt,
3087 1246 3145 1296 et
3172 1257 3279 1296 vox
3303 1241 3591 1311 jucunda,
3625 1241 3759 1296 ani-

2100 1344 2197 1382 ma
2229 1343 2360 1384 vero
2393 1330 2663 1401 agrestis,
2697 1336 2755 1386 et
2785 1346 2953 1386 mens
2993 1331 3340 1396 draconum,
3387 1329 3756 1402 propositum

2100 1417 2528 1489 serpentinum,
2559 1419 2802 1475 obtutus
2849 1420 3043 1492 ignem
3094 1419 3347 1491 spirans,
3389 1422 3445 1474 et
3485 1417 3754 1474 osculum

2098 1521 2388 1563 venenum
2418 1508 2718 1578 ejaculans
2750 1510 2920 1579 cujus
2971 1508 3228 1564 studium
3277 1523 3449 1563 omne
3496 1512 3602 1575 est,
3639 1524 3752 1579 quo

2101 1595 2275 1650 modo
2309 1597 2429 1651 fera
2457 1598 2765 1652 verborum
2797 1596 3322 1665 assentationibus,
3356 1596 3558 1650 fraude
3589 1610 3752 1668 aspe-

2100 1687 2254 1749 ctus,
2287 1688 2344 1740 et
2369 1684 2553 1740 osculi
2582 1685 2968 1757 impressione
2989 1701 3276 1740 venenum
3299 1684 3359 1738 in
3393 1683 3591 1738 miseri
3617 1688 3751 1755 gut-

2096 1776 2194 1827 tur
2226 1774 2514 1830 infundat.
2547 1774 2774 1846 Abripit
2819 1791 2954 1847 ergo
3007 1778 3268 1829 actutum
3312 1771 3750 1844 cogitationem,

2098 1861 2456 1918 intellectum
2489 1863 2783 1929 obtundit,
2819 1863 3103 1918 rationem
3136 1862 3328 1933 ipsam
3359 1862 3755 1926 obtruncat,et

2098 1954 2352 2006 mentem
2385 1951 2668 2022 percellit.
2703 1952 2768 2006 Et
2804 1950 2980 2006 voluti
3016 1949 3408 2006 medicamina
3438 1963 3568 2021 qua
3605 1948 3753 2003 dan-

337 2035 520 2113 ὥσπερ
598 2037 666 2092 τὰ
735 2037 994 2114 φάρμακα
1068 2037 1137 2091 τὰ
1212 2034 1472 2110 διδόμενα
1523 2037 1660 2112 πρὸς
1715 2035 1982 2110 ἀναίρεσιν

2096 2042 2192 2093 tur
2221 2039 2560 2096 hominibus
2583 2044 2648 2096 ut
2678 2057 2707 2095 e
2741 2041 2932 2096 medio
2958 2037 3468 2109 tollantur,veneni
3501 2036 3756 2093 acrimo-

332 2131 450 2187 τοῖς
511 2126 845 2200 ἀνθρώποις,
907 2132 1094 2180 σκοτοῖ
1139 2127 1240 2196 τὴν
1299 2126 1528 2198 σύνεσιν,
1583 2129 1672 2180 καὶ
1721 2125 1850 2181 ὅλον
1888 2125 1980 2180 τὸν

331 2215 621 2290 ἄνθρωπον
652 2214 731 2277 εἷς
783 2215 1135 2285 ἀναισθησίαν
1184 2214 1480 2290 παρασύρει
1531 2219 1601 2289 τῇ
1653 2219 1750 2270 τοῦ
1803 2212 1982 2284 δηλη-

328 2301 526 2378 τηρίου
559 2302 860 2376 ἀποτομία,
890 2309 972 2376 τῷ
1002 2303 1150 2376 αὖτῷ
1183 2302 1336 2379 λόγῳ
1365 2304 1453 2358 καὶ
1484 2306 1518 2374 ἡ
1551 2305 1688 2379 γυνὴ
1743 2301 1833 2358 διὰ
1881 2307 1982 2359 τοῦ

332 2393 651 2468 φιλήματος
679 2387 1046 2448 καταϐλάπτει
1071 2393 1164 2448 τὸν
1198 2390 1424 2468 λογικὸν
1458 2390 1740 2469 ἄνθρωπον
1791 2391 1981 2467 ἀλόγῳ

331 2481 484 2555 ὁρμῇ
540 2481 875 2556 ὑπαχθέντα,
927 2481 1019 2537 καὶ
1072 2482 1136 2537 τὸ
1196 2479 1284 2537 διά
1329 2480 1556 2538 πολλῶν
1615 2479 1833 2559 χορδῶν
1890 2480 1980 2536 καὶ

329 2569 532 2644 ἀρετῶν
616 2569 965 2645 συγκείμενον
1043 2570 1318 2640 κινητικὸν
1397 2567 1652 2645 ὄργανον,
1719 2572 1780 2624 τὸ
1855 2570 1982 2624 αὐτ-

330 2657 593 2727 εξούσιον,
623 2659 686 2713 τὸ
711 2657 943 2722 θεοειδὲς
971 2665 1070 2728 τῆς
1099 2662 1306 2735 ψυχῆς,
1354 2657 1423 2714 δι’
1454 2660 1572 2724 ἑνὸς
1601 2657 1830 2735 δολεροῦ
1881 2658 1979 2735 ῥή-

335 2768 526 2820 ματος,
584 2746 620 2816 ἢ
671 2747 908 2822 χειλᾶων
949 2748 1300 2823 συρίσματος,
1351 2751 1385 2820 ἢ
1434 2749 1735 2827 ὀφθαλμῶν
1780 2749 1980 2822 νεύμα-

331 2856 446 2901 τος,
499 2837 679 2912 ὥσπερ
727 2858 780 2891 τι
830 2836 1046 2913 ἄψυχον
1115 2834 1345 2913 ὄργανον
1405 2835 1512 2893 ὧδε
1577 2838 1792 2894 κάκεῖσε
1843 2839 1980 2893 ὅπου

338 2923 593 2998 βούλεται
653 2927 973 3003 περιφέρει,
1045 2925 1136 2981 καὶ
1209 2925 1390 3002 ὥσπερ
1463 2925 1704 2991 θάλασσα
1776 2926 1980 3000 κυμαί-

331 3032 516 3082 νουσα,
566 3012 696 3068 ὅλον
739 3015 803 3068 τὸ
855 3019 1016 3088 σῶμα
1057 3021 1176 3078 ταῖς
1224 3017 1393 3086 αὐτῆς
1422 3017 1619 3091 ὁρμαῖς
1661 3016 1977 3092 παρασύρει.

335 3103 436 3158 Καὶ
468 3099 609 3157 ἔστιν
640 3100 771 3158 ἰδεῖν
805 3102 998 3159 λοιπὸν
1029 3105 1122 3160 τὸν
1175 3102 1388 3177 ἄθλιον,
1439 3107 1529 3161 τὸν
1583 3104 1834 3172 ἆλεεινὸν,
1885 3105 1976 3161 τὸν

333 3192 528 3253 παντὸς
559 3189 746 3248 οἷ’κτου
793 3190 961 3263 ἄξιον,
1021 3194 1115 3249 τὸν
1176 3195 1390 3250 συνετὸν
1443 3194 1495 3250 ἐν
1555 3197 1836 3273 φρονήσει,
1886 3194 1979 3249 τὸν

335 3279 412 3342 εἷς
469 3277 633 3348 ἄκρον
704 3286 1094 3356 γραμματικῆς
1156 3283 1467 3358 ἐπιστήμης
1535 3280 1813 3358 ἔμπειρον,
1887 3283 1977 3338 καὶ

334 3377 653 3446 σοφιστικῆς
700 3372 950 3446 τεχνίτην
995 3369 1369 3445 διδασκαλίας,
1409 3375 1500 3429 τὸν
1554 3373 1800 3450 ἰατρικῆς
1858 3393 1979 3446 μετ⁹

331 3445 530 3532 ἔχοντα
585 3445 915 3532 ἐπιστήμης,
975 3462 1068 3516 τὸν
1138 3462 1407 3517 παντοίων
1466 3445 1728 3538 ἔμπειρον
1793 3480 1972 3536 γραμ-
2007 3445 2049 3512 C

335 3548 540 3620 μάτων,
597 3549 632 3618 ἢ
689 3549 776 3603 καὶ
833 3553 941 3604 τῶν
995 3549 1152 3605 θείων
1211 3550 1393 3626 λόγων
1451 3552 1747 3626 ἀναγνώσει
1789 3550 1974 3606 ἑαυτὸν

331 3633 720 3706 ἐπιδεδωκότα,
774 3636 862 3692 καὶ
920 3638 1012 3693 τὸν
1049 3641 1262 3715 μονήρη
1307 3640 1424 3711 βίον
1478 3641 1752 3703 πολλάκις
1811 3639 1977 3696 ἐπαν-

333 3723 614 3797 ιλόμενον,
664 3727 751 3781 καὶ
806 3725 1132 3797 Ἐκκλησίας
1165 3727 1498 3804 προῦχοντα,
1542 3729 1721 3804 ὥσπερ
1754 3751 1802 3784 τι
1839 3734 1976 3798 ζῶον

332 3812 546 3878 εὐτελὲς
577 3815 808 3890 σχοινίῳ
852 3812 1160 3888 δεδεμένον,
1203 3817 1294 3872 καὶ
1342 3816 1448 3873 ὦδε
1497 3820 1650 3874 κάκεῖ
1693 3818 1976 3895 ριπιζόμε-

331 3922 445 3957 νονο
480 3899 642 3970 ἔδησε
679 3903 779 3978 γὰρ
813 3901 903 3959 διὰ
949 3912 1050 3975 τῆς
1093 3905 1429 3962 ἐπιπλάστου
1478 3909 1710 3983 ἀγάπης,
1764 3907 1974 3980 μᾶλλον

334 3987 410 4057 δὲ,
445 3990 491 4045 εί
521 3988 604 4046 δεῖ
648 3991 884 4062 τάληθὲς
935 3992 1138 4069 λέγειν,
1173 4003 1271 4065 τῆς
1318 3996 1571 4071 αἰσχρᾶς.
1623 3996 1724 4053 Καὶ
1775 3995 1977 4072 γίνεται

333 4077 529 4134 λοιπὸν
579 4079 863 4158 ἐπιταφίου
916 4086 1120 4157 θρήνου
1151 4085 1178 4139 ὁ
1220 4085 1468 4148 τοιοῦτος
1499 4084 1665 4157 όίξιος,
1725 4087 1812 4140 καὶ
1875 4091 1976 4155 ζῶν

329 4165 681 4240 κλαιόμενος,
742 4169 830 4224 καὶ
908 4171 1191 4227 ἄποθανὼν
1256 4174 1623 4246 πενθούμενος
1659 4217 1670 4230 .
1733 4175 1827 4228 Καὶ
1878 4177 1976 4248 γαρ

334 4262 439 4325 ζῶν
500 4257 784 4330 ἀπέθανεν,
857 4259 1039 4336 ὥσπερ
1119 4261 1173 4317 ἐν
1241 4263 1396 4338 τάφῳ
1449 4269 1527 4335 τῷ
1585 4262 1709 4336 ίδίῳ
1767 4265 1977 4335 σώματι

329 4351 618 4400 κατοικῶν’
699 4348 785 4402 καὶ
866 4349 1172 4422 ἀποθανὼν,
1254 4348 1450 4414 δισσῶς
1507 4353 1750 4412 ἀπέθανε.
1807 4353 1978 4429 κρίσει

330 4435 553 4508 γεέννης
584 4437 754 4510 πυρὸς
789 4436 1006 4492 αἶωνίου
1037 4438 1430 4513 κολαζόμενος.

405 4526 459 4579 4.
487 4523 553 4578 Τί
586 4528 673 4578 νῦν
732 4526 931 4601 Αέγεις,
960 4529 1004 4582 ὦ
1032 4533 1141 4584 τῶν
1174 4529 1376 4586 ἀθλίων
1409 4530 1725 4607 ἀθλιώτερε,
1784 4533 1830 4586 ὦ
1879 4539 1980 4602 τῆς

331 4611 524 4673 κακίας
580 4618 802 4687 γεῖτον;
860 4621 972 4671 Ποῦ
1028 4639 1124 4674 σου
1180 4621 1248 4675 τὰ
1277 4619 1445 4694 σεμνὰ
1479 4617 1823 4696 βαδίσματα,
1875 4625 1981 4676 ποῦ

334 4721 432 4755 σου
479 4703 594 4774 (84)
647 4701 723 4765 εἷς
777 4701 937 4780 ἄκρον
989 4705 1250 4779 παιδεία;
1300 4713 1406 4765 ποῦ
1464 4706 1521 4764 δὲ
1577 4711 1605 4764 ὁ
1660 4717 1728 4781 τῆ
1791 4710 1980 4788 σοφίας

2095 2128 2192 2184 nia
2221 2129 2430 2185 rationi
2462 2130 2734 2185 tenebras
2756 2129 3092 2192 offundunt,
3117 2132 3429 2199 totumque
3450 2125 3753 2181 hominem

2094 2217 2154 2273 in
2186 2222 2484 2290 stuporem
2520 2222 2703 2290 agunt
2729 2235 2742 2273 :
2768 2218 2924 2273 haud
2959 2234 3128 2274 secus
3159 2215 3370 2272 mulier
3399 2229 3630 2286 quoque
3648 2229 3752 2285 per

2093 2305 2359 2362 osculum
2393 2306 2545 2362 male
2575 2307 2758 2362 afﬁcit
2789 2305 3137 2362 rationalem
3181 2302 3485 2359 hominem
3518 2301 3750 2356 irratio-

2091 2395 2209 2450 nali
2242 2395 2464 2468 impetu
2496 2395 2768 2464 delatum,
2801 2395 3119 2466 ipsumque
3165 2391 3370 2448 multis
3422 2390 3660 2447 chordis
3689 2393 3748 2446 et

2091 2484 2314 2541 viribus
2343 2489 2621 2541 constans
2639 2484 2855 2540 mobile
2875 2479 3502 2555 organum,arbitrium
3524 2478 3744 2550 ipsum,

2091 2579 2150 2630 et
2177 2575 2433 2631 divinam
2465 2574 2674 2630 animae
2725 2572 3040 2644 imaginem
3071 2569 3244 2626 unico
3293 2567 3496 2624 doloso
3545 2567 3742 2636 verbo,

2092 2667 2195 2718 aut
2225 2663 2517 2720 labiorum
2547 2662 2742 2727 sibilo,
2762 2661 2853 2717 vel
2884 2658 3188 2717 oculorum
3211 2658 3396 2726 uictu,
3421 2673 3526 2713 ceu
3557 2656 3747 2728 quod-

2090 2753 2224 2807 dam
2251 2753 2509 2808 inanima
2540 2767 2828 2824 organum
2853 2750 2965 2805 huc
2986 2747 3146 2813 illuc,
3171 2764 3286 2821 quo
3317 2745 3463 2811 vult,
3490 2744 3742 2801 circum-

2090 2841 2234 2913 agit,
2266 2846 2323 2897 et
2349 2840 2526 2897 veluti
2558 2856 2720 2900 mare
2757 2843 3109 2903 exaestuans,
3140 2841 3327 2893 totum
3361 2851 3571 2906 corpus
3602 2850 3740 2905 pro-

2091 2931 2216 3004 prio
2247 2931 2464 3002 abripit
2493 2930 2736 3002 impetu.
2771 2931 2959 2994 Quare
2987 2926 3125 2982 licet
3164 2926 3363 2981 videre
3394 2923 3549 2978 hunc
3579 2924 3745 2978 caste-

2089 3021 2300 3092 roquin
2333 3019 2637 3085 miserum,
2663 3019 2820 3074 hunc
2853 3017 3147 3072 infelicem
3172 3013 3556 3080 hominem,et
3581 3011 3740 3068 omni

2088 3109 2331 3182 dignum
2360 3107 2781 3174 misericordia,
2807 3107 2964 3162 hunc
2986 3105 3310 3178 sapientem
3337 3101 3742 3173 intelligentia,

2087 3199 2245 3255 hunc
2257 3214 2435 3271 quam
2459 3198 2714 3254 maxime
2733 3196 3120 3269 grammatica
3141 3193 3458 3267 pollentem
3478 3190 3743 3262 scientia,

2087 3293 2144 3345 et
2172 3288 2504 3361 sophistica
2530 3286 2881 3358 magistrum
2904 3282 3414 3357 disciplinae,hunc
3437 3279 3742 3336 medicina:

2087 3377 2296 3450 peritia
2325 3375 2652 3444 callentem,
2686 3374 2842 3430 hunc
2872 3373 3048 3429 variis
3087 3373 3386 3429 imbutum
3415 3368 3647 3436 litteris,
3680 3372 3739 3424 et

2088 3467 2186 3539 qui
2219 3483 2280 3523 se
2310 3465 2399 3523 vel
2431 3465 2761 3521 divinorum
2792 3477 3129 3520 sermonum
3159 3459 3398 3518 lectioni
3423 3456 3733 3528 dediderit,

2087 3573 2153 3612 ac
2185 3556 2570 3612 monasticam
2600 3554 2779 3610 vitam
2811 3553 3026 3626 sapius
3058 3551 3231 3607 fuerit
3272 3549 3594 3622 professus,
3625 3546 3732 3602 Ec-

2086 3645 2275 3701 clesia;
2304 3645 2443 3702 item
2477 3643 2789 3716 praefuerit,
2812 3658 2916 3697 ceu
2937 3639 3049 3696 vile
3067 3639 3362 3711 quoddam
3387 3637 3728 3708 jumentum

2087 3740 2241 3790 reste
2271 3733 2624 3798 devinctum,
2651 3741 2704 3788 el
2735 3731 2851 3786 huc
2877 3730 3136 3800 illucque
3155 3728 3535 3800 exagitatum.
3559 3723 3730 3780 Illum

2086 3823 2242 3878 enim
2284 3823 2597 3878 devincivit
2643 3818 2974 3876 adulterina
3022 3816 3328 3887 charitate,
3369 3818 3543 3886 atque
3591 3813 3735 3868 adeo

2087 3910 2264 3983 turpi,
2297 3910 2346 3967 si
2378 3909 2511 3966 licet
2548 3909 2704 3980 quod
2734 3923 2932 3963 verum
2979 3909 3069 3961 est
3103 3905 3312 3960 dicere.
3343 3901 3736 3967 Quamobrem

2088 4001 2152 4055 ﬁt
2181 4001 2292 4056 iste
2326 3997 2557 4054 funebri
2603 3995 3016 4052 lamentatione
3047 3993 3294 4065 dignus;
3353 3993 3416 4045 ut
3464 3992 3522 4044 et
3571 3987 3738 4043 vivus

2086 4089 2387 4156 deﬂeatur,
2421 4091 2481 4142 ot
2510 4088 2778 4141 mortuus
2817 4083 3106 4154 lugeatur.
3157 4079 3336 4134 Vivus
3371 4077 3529 4133 enim
3585 4090 3742 4130 mor-

2087 4185 2224 4233 tuus
2253 4181 2400 4242 erat,
2431 4174 2732 4247 proprium
2763 4188 2973 4244 corpus
3003 4169 3170 4242 quasi
3203 4167 3542 4240 sepulcrum
3572 4163 3742 4219 inha-

2088 4268 2284 4323 bitans
2309 4282 2322 4321 :
2343 4266 2464 4321 vita
2490 4280 2622 4320 vero
2655 4262 2971 4318 defunctus
3002 4257 3314 4331 dupliciter
3341 4258 3610 4313 mortuus
3631 4257 3744 4320 est,

2090 4373 2260 4430 pcena
2287 4355 2565 4430 gehennae
2597 4353 2751 4426 ignis
2774 4350 2974 4408 aeterni
3007 4350 3347 4405 damnatus.

2161 4537 2214 4590 4.
2246 4535 2393 4600 Quid
2424 4549 2580 4590 nunc
2632 4531 2743 4598 ais,
2775 4547 2806 4586 ο
2855 4527 3176 4584 infelicium
3227 4523 3538 4581 hominum
3595 4521 3748 4577 infe-

2089 4624 2394 4688 licissima,
2426 4639 2459 4678 ο
2491 4620 2726 4678 sceleris
2766 4615 3172 4677 contermina?
3207 4614 3313 4671 Ubi
3344 4616 3486 4670 sunt
3533 4610 3618 4666 tui
3662 4609 3751 4666 illi

2091 4729 2296 4785 graves
2320 4712 2587 4767 incessus
2609 4710 2636 4764 ?
2659 4709 2757 4765 ubi
2783 4713 2886 4764 tua
2916 4707 3020 4762 illa
3049 4720 3285 4762 summa
3314 4701 3566 4760 eruditio
3587 4701 3615 4756 ?
3646 4698 3750 4756 ubi

334 4789 616 4862 κάματος;
672 4797 778 4846 ποῦ
835 4815 932 4849 σου
989 4798 1052 4851 τὸ
1111 4799 1305 4870 σεμνὸν
1337 4803 1444 4855 τῶν
1498 4799 1751 4875 τρόπων;
1784 4805 1889 4856 ποῦ
1917 4803 1980 4856 τὸ

2099 4803 2155 4857 in
2187 4801 2536 4873 sapientiam
2571 4799 2879 4870 lmpensus
2909 4793 3119 4851 labor?
3149 4792 3250 4848 ubi
3281 4788 3601 4847 venerandi
3633 4803 3753 4844 mo-

336 4875 632 4950 ιίίτακτον;
692 4886 797 4936 ποῦ
875 4884 930 4938 αἱ
1004 4885 1319 4950 πλειστάκις
1396 4887 1818 4952 ἐπιτελεσθεῖσαι
1882 4891 1981 4944 ὑπὸ

338 4971 436 5022 σοῦ
467 4969 763 5043 χαμευνίαι
794 4979 892 5041 τῆς
923 4973 1247 5054 φιλοσοφίας
1277 4973 1474 5052 χάριν;
1535 4983 1641 5032 ποῦ
1671 4981 1703 5046 ἡ
1739 4980 1941 5041 σύνεσις
1968 4999 1982 5047 ;

334 5060 442 5110 ποῦ
472 5057 536 5110 τὸ
587 5055 885 5135 φιλόθεον;
936 5068 1040 5117 ποῦ
1095 5065 1158 5120 τὸ
1207 5065 1566 5141 φιλόχριστόν
1618 5089 1754 5138 σου;
1813 5066 1988 5124 Ἀλλά

340 5143 555 5200 τούτων
594 5149 801 5220 μακρὰν
834 5149 1018 5226 ἐγένου
1064 5153 1214 5227 κακῷ
1252 5155 1428 5228 θηρίῳ
1459 5159 1800 5228 συνοικήσας,
1855 5157 1991 5231 μᾶλ-

340 5231 435 5322 λον
471 5231 530 5289 δὲ
575 5235 764 5293 ἑαυτὸν
817 5241 892 5303 εἷς
936 5243 1025 5296 τὸν
1075 5250 1177 5312 τῆς
1220 5243 1495 5309 ἀπωλείας
1534 5248 1796 5321 τάρταρον
1852 5245 1991 5322 ἐνὲῥ-

342 5320 528 5411 ῥίψας.
590 5325 679 5388 Τίς
737 5327 840 5403 γάρ
899 5351 955 5385 σε
1015 5332 1309 5406 ἠνάγκασεν
1370 5334 1444 5396 εἰς
1491 5335 1554 5389 τὸ
1605 5320 1704 5401 τῆς
1755 5320 1994 5411 παρανο-

348 5410 474 5500 μίας
532 5411 885 5490 ίργαστήριον
941 5418 1193 5489 εἷ’σιᾶναι;
1228 5422 1325 5480 Τίς
1374 5420 1431 5478 δέ
1487 5444 1546 5478 σε
1574 5410 1869 5500 ἠνάγκασεν
1921 5425 1998 5488 εἰς

339 5499 435 5555 τὸν
496 5500 663 5573 αὐτῆς
723 5503 968 5580 κόλπον,
1028 5507 1208 5586 ὥσπερ
1273 5511 1349 5574 εἰς
1401 5513 1560 5589 βυθὸν
1617 5499 2001 5592 ἀγριαινοόσης

418 5616 464 5651 ⁸⁸
493 5618 652 5675 Psal.
685 5638 819 5693 Lvn,
851 5624 908 5680 5.

421 5712 539 5785 (84)
570 5716 947 5780 Desideratur
974 5721 1261 5782 articulus
1293 5723 1353 5793 ἠ.
1383 5724 1538 5782 Enrr.

2094 4907 2184 4946 res
2207 4890 2234 4945 ?
2266 4890 2365 4946 ubi
2399 4887 2730 4944 modestia?
2762 4885 2888 4952 ubi,
2923 4900 3072 4956 quas
3126 4895 3530 4953 saepenumero
3562 4875 3752 4933 fecisti

2095 4979 2260 5035 humi
2292 4979 2631 5034 cubationes
2665 4979 2902 5047 propter
2934 4969 3412 5044 philosOpbiam?
3443 4968 3541 5024 ubi
3574 4965 3747 5021 intel-

2094 5067 2386 5140 ligentia?
2413 5065 2510 5122 ubi
2543 5065 2730 5136 pietas
2758 5063 2817 5118 in
2855 5063 3032 5118 Deum
3055 5062 3081 5114 ‘I
3112 5061 3215 5116 ubi
3265 5075 3431 5114 amor
3479 5057 3540 5112 in
3589 5052 3756 5111 Chri-

2099 5163 2257 5214 stum
2278 5157 2305 5212 ?
2337 5158 2402 5210 At
2431 5155 2582 5211 enim
2603 5153 2672 5208 ab
2699 5151 2857 5208 hisce
2882 5151 3054 5207 rebus
3077 5149 3246 5221 longe
3277 5145 3566 5204 recessisti
3589 5141 3754 5199 malae

2101 5247 2232 5302 ferae
2265 5262 2408 5302 usus
2441 5241 2845 5307 contubernio,
2879 5245 3054 5311 atque
3088 5239 3232 5294 adeo
3277 5242 3332 5292 te
3366 5237 3492 5306 ipse
3521 5234 3577 5288 in
3618 5246 3755 5303 per-

2104 5335 2348 5391 ditionis
2392 5336 2681 5390 tartarum
2740 5328 3096 5404 precipitem
3155 5325 3342 5397 egisti.
3405 5322 3548 5388 Quis
3597 5317 3756 5374 enim

2107 5425 2297 5496 coegit
2328 5427 2408 5494 te,
2444 5423 2527 5479 uti
2574 5417 3064 5494 praevaricationis
3109 5417 3361 5469 intrares
3406 5408 3704 5466 ofﬁcinam
3737 5408 3761 5460 ἒ

2111 5515 2330 5587 Ecquis
2357 5529 2489 5570 vero
2521 5510 2760 5584 impulit
2787 5513 2866 5576 te,
2895 5511 2960 5563 ut
2988 5505 3187 5562 sinum
3217 5500 3377 5557 illius
3423 5496 3593 5570 quasi
3628 5509 3764 5569 pro-
