4120 6230
388 364 504 425 819

1330 359 1723 420 ΛΡΡΕΝΠΙΧ
1767 359 2093 421 OPERUM
2144 359 2209 419 S.
2258 359 2546 420 BASILll
2595 360 2867 419 MAGNI.

3692 360 3814 420 820

389 495 640 551 fundum
672 492 880 549 furiosi
914 492 1096 549 maris
1126 492 1402 549 subires?
1434 492 1583 551 685
1619 493 1916 548 Numnam
1977 490 2051 546 li-

2169 487 2444 561 θαλάσσης
2475 486 2716 545 εἰσδῦναι
2747 509 2760 561 ;
2822 490 2914 559 Μὴ
2971 489 3076 566 γάρ
3110 488 3210 545 οὐκ
3236 491 3375 559 ἦσθα
3432 489 3777 561 αὖτεξοῦσιος

392 584 641 641 bertatis
671 584 912 640 carebas
944 582 1184 639 arbitrio
1206 581 1233 636 ?
1276 586 1395 638 Tuo
1429 586 1486 638 te
1516 582 1710 654 gladio
1734 581 2047 655 jugulasti.

394 673 680 740 Quoniam
715 672 981 743 noluisti,
1015 675 1340 743 antequam
1388 672 1629 727 morbus
1660 672 1813 726 vires
1856 670 2056 742 acqui-

401 766 574 832 reret,
606 762 898 817 dimittere
944 779 976 816 a
1009 765 1063 815 te
1095 760 1243 816 hanc
1282 778 1492 817 noxam
1521 781 1534 829 ;
1570 760 1784 816 veritus
1815 760 2055 816 omnino

398 869 461 908 es
496 869 566 906 ne
598 856 823 907 secreta
844 856 945 907 tua
965 849 1066 905 illa
1086 849 1147 905 in
1171 849 1541 921 triumphum
1576 854 1771 922 ageret
1791 849 2054 922 expulsa.

409 944 479 995 At
511 940 789 1012 quianam
821 939 902 994 illi
936 940 1350 995 committebas
1381 943 1625 1009 secreta,
1660 956 1786 1011 quae
1817 940 1971 1011 apud
2004 944 2059 994 te

407 1030 625 1102 optime
675 1029 932 1101 reposita
980 1028 1187 1083 erant?
1235 1028 1508 1098 Nunquid
1557 1028 1865 1084 arctabant
1912 1032 1968 1083 te
1998 1028 2056 1083 in

398 1117 694 1176 thesauris
743 1117 1042 1189 sapientiae
1090 1121 1207 1173 tua:
1256 1117 1604 1173 recondita?
1653 1116 1890 1188 Deinde,
1923 1133 2058 1172 eum

402 1207 503 1278 qui
534 1207 605 1260 ab
639 1205 804 1262 oculo
837 1207 1073 1262 dextero
1106 1223 1213 1262 suo
1245 1206 1589 1262 scandalum
1615 1206 2063 1279 patiaturjubet

399 1295 732 1366 Sospitator
761 1312 827 1349 ac
850 1296 1136 1351 Dominus
1162 1296 1545 1351 nosterJesus
1570 1294 1838 1351 Christus
1864 1295 2062 1366 unige-

402 1383 565 1439 nitus
589 1383 691 1439 Dei
723 1383 926 1449 Filius,
950 1390 1017 1439 ut
1037 1401 1141 1456 per
1160 1400 1221 1439 se
1246 1385 1370 1455 ipse
1397 1382 1706 1439 abscindat
1728 1384 2060 1439 membrum

405 1474 560 1544 quod
596 1473 943 1529 scandalum
978 1472 1166 1544 parit;
1203 1478 1259 1529 et
1289 1478 1348 1528 tu
1384 1490 1503 1528 rem
1537 1472 1815 1528 inlestam
1850 1477 1908 1527 et
1946 1472 2061 1527 ini-

407 1560 635 1629 micam,
670 1578 796 1632 (με
830 1578 944 1616 non
978 1562 1147 1617 modo
1195 1562 1544 1619 scandalum
1576 1561 1675 1617 sed
1710 1565 1767 1616 et
1817 1564 2064 1617 mortem

409 1648 587 1704 infert
616 1648 847 1716 animm,
881 1666 996 1704 non
1029 1648 1189 1720 ejicis
1223 1650 1327 1705 abs
1357 1650 1459 1704 te?
1488 1648 1712 1705 Dilecta
1757 1649 1910 1704 enim
1941 1654 2064 1705 esto

412 1753 517 1809 per
564 1735 861 1791 Christum
912 1736 1265 1793 salutatione
1312 1743 1534 1794 tenus:
1579 1739 1734 1809 quod
1775 1738 1823 1794 si
1857 1739 2065 1794 animm

418 1822 596 1895 obsit,
630 1840 702 1879 ne
733 1824 1024 1881 salutetur
1052 1842 1118 1882 ea
1147 1826 1403 1896 quidem.
1438 1825 1677 1896 Invisat,
1710 1826 1864 1895 licet,
1886 1843 2066 1899 aegro-

420 1915 588 1984 tum;
636 1930 741 1969 nec
788 1918 986 1970 tamen
1034 1915 1182 1971 bene
1210 1914 1427 1972 valenti
1458 1914 1804 1972 otl‘endiculo
1832 1916 1930 1985 sit,
1964 1933 2069 1972 seu

431 2006 695 2073 tempore
743 2005 1025 2074 angustiae
1074 2009 1131 2059 et
1176 2003 1621 2075 persecutionis,
1652 2005 1772 2060 sive
1802 2005 1977 2060 etiam
2008 2003 2070 2060 in

427 2089 692 2147 ecclesia.
725 2092 1010 2156 Quoniam
1043 2109 1248 2150 omnes
1287 2111 1442 2149 unus
1488 2110 1696 2149 sumus
1726 2092 1787 2148 in
1818 2092 2068 2164 Christo,

426 2180 527 2235 sed
561 2197 717 2237 nunc
749 2198 863 2237 non
894 2198 1119 2238 sumus.
1144 2182 1217 2238 Ut
1237 2183 1376 2255 quid
1394 2183 1421 2237 ?
1448 2182 1722 2254 quoniam
1746 2200 1852 2239 nos
1874 2182 2068 2238 renui-

424 2285 578 2336 mus,
607 2271 979 2342 praeferentes
1011 2272 1275 2327 fraternae
1305 2271 1600 2328 dilectioni
1627 2272 1827 2329 odium
1860 2272 2071 2327 frater-

418 2374 584 2415 num.
615 2360 696 2415 Ne
728 2360 1072 2416 scandalum
1110 2362 1352 2433 parietis
1377 2363 1666 2429 mundo,o
1688 2379 1793 2418 vos
1814 2361 1914 2433 qui
1938 2378 2066 2416 mu-

414 2446 589 2503 lieres
619 2449 676 2503 in
710 2450 1094 2506 contubernio
1125 2450 1375 2508 habetis.
1428 2451 1708 2523 Nunquid
1756 2452 1911 2507 enim
1961 2450 2067 2505 tibi

414 2552 652 2591 uxorem
683 2537 895 2593 ducere
927 2538 1230 2609 Scriptura
1262 2557 1377 2595 non
1413 2539 1707 2595 indulsit?
1737 2539 1894 2594 Facti
1925 2540 2068 2595 estis

412 2624 703 2679 etJudaeis
725 2628 782 2680 et
799 2625 1117 2697 gentilibus
1136 2632 1194 2683 et
1216 2627 1481 2683 Ecclesiae
1509 2628 1609 2683 Dei
1631 2627 2065 2684 oli‘endiculum.

412 2711 619 2767 Utrum
650 2714 947 2770 adversari
982 2715 1199 2772 divinis
1217 2716 1477 2772 nitimini
1501 2717 1842 2788 Scripturis,
1868 2734 1933 2772 ac
1955 2717 2066 2773 Do-

413 2800 639 2856 minum
673 2802 1100 2859 exstimulatis‘?
1120 2809 1207 2859 An
1238 2805 1500 2860 fortiores
1523 2805 1667 2861 estis
1698 2804 1797 2861 illo
1814 2805 1840 2860 ‘I
1860 2806 2065 2877 Respi-

408 2889 519 2945 cite
548 2889 953 2949 infirmitatem
984 2897 1260 2962 vestram,
1303 2894 1628 2950 erubescite
1668 2895 1936 2950 morbum
1967 2910 2065 2950 ve-

407 2982 619 3049 strum,
639 2985 835 3037 curate
857 2998 956 3038 vos
988 2988 1252 3055 tempore
1274 2988 1948 3055 opportuno,antequam
1973 2999 2065 3040 re-

406 3072 576 3139 pente
608 3070 777 3141 quasi
810 3070 1008 3143 fulgur
1037 3071 1411 3144 ingeminans
1442 3073 1744 3145 contingat
1775 3073 2063 3129 adventus

402 3158 565 3227 ejus;
593 3162 728 3214 ante
760 3158 1059 3216 ﬂammam
1092 3160 1268 3232 ignis,
1318 3165 1453 3217 ante
1493 3163 1763 3217 tenebras
1814 3160 2062 3217 exterio-

2166 578 2631 653 Αὐτοκατάκριτον
2712 580 2904 634 σαυτὸν
2984 578 3324 649 πεποίηκας.
3402 576 3627 648 Ἐπειδή
3716 579 3814 633 οὐκ

2165 663 2488 739 ἠϐουλήθης
2557 669 2663 743 πρὸ
2719 675 2818 738 τῆς
2879 672 2981 722 τοῦ
3037 667 3243 732 πάθους
3296 670 3479 741 ἀκμῆς
3534 667 3814 724 ἀπολῦσαι

2166 758 2270 812 ἀπὸ
2330 762 2425 811 σοῦ
2482 759 2543 812 τὸ
2606 756 2895 833 ἀργαλέον,
2948 757 3131 822 πάτως
3184 779 3287 813 που
3344 752 3674 829 ηὖλαϐήθης
3734 761 3810 831 μὴ

2166 867 2262 900 σου
2336 847 2401 901 τά
2464 850 2737 922 μυστήρια
2808 842 3144 922 θριαμϐεύσῃ
3210 841 3556 917 ἐκϐληθεῖσα.
3632 846 3697 901 Τί
3757 845 3815 901 δὲ

2168 937 2305 1009 αὐτῇ
2337 936 2425 991 καὶ
2474 936 2719 992 ἀνετίθου
2770 939 3042 1010 μυστήρια
3087 937 3155 991 τὰ
3202 935 3254 991 ἐν
3308 936 3392 991 σοὶ
3440 933 3627 997 καλῶς
3673 935 3814 991 ἀπο-

2166 1025 2415 1098 κείμενα;
2447 1026 2538 1095 Μὴ
2589 1026 2692 1101 γὰρ
2750 1024 3119 1101 στενοχωρίαν
3166 1027 3398 1101 παρεῖχί
3454 1046 3537 1079 σοι
3604 1023 3654 1079 ἐν
3717 1027 3816 1095 θη-

2166 1121 2385 1189 σαυροῖς
2418 1113 2607 1193 σοφίας
2638 1137 2733 1170 σου
2764 1112 3187 1190 φυλαττόμενας
3244 1114 3374 1172 Εἶτα
3409 1115 3501 1169 τὸν
3559 1114 3654 1187 μὶν
3715 1115 3821 1169 ὑπὸ

2166 1208 2263 1258 τοῦ
2304 1201 2445 1258 ἰδίου
2494 1201 2669 1274 δεξιοῦ
2732 1203 3024 1279 ὀφθαλμοῦ
3076 1201 3586 1277 σκανδαλιζόμενον,
3639 1224 3823 1275 παρα⁴

2169 1291 2444 1349 κελεύεται
2490 1292 2517 1347 ὁ
2574 1295 2771 1367 Σωτὴρ
2819 1294 2909 1348 καὶ
2954 1293 3161 1370 Κύριος
3205 1295 3365 1366 ἡμῶν
3421 1293 3634 1363 Ἰησοῦς
3683 1294 3788 1368 Χρι

2170 1382 2293 1444 στὸς
2346 1383 2374 1436 ὁ
2436 1384 2735 1459 μονογενὴς
2794 1383 2919 1445 Υἱὸς
2973 1387 3071 1438 τοῦ
3102 1386 3257 1452 Θεοῦ,
3289 1382 3446 1437 αὐτὸν
3500 1378 3570 1436 δι’
3625 1383 3827 1437 ἑαυτοῦ

2171 1469 2451 1526 ἐκκόπτειν
2507 1471 2571 1526 τὸ
2628 1468 2983 1541 σκανδαλίζον
3048 1468 3237 1543 μὲλος.
3288 1470 3363 1525 Σὺ
3394 1468 3450 1525 δὲ
3482 1469 3683 1545 ἐχθρὸν
3730 1469 3826 1523 καὶ

2172 1558 2405 1615 ἐναντίον
2458 1566 2701 1636 πρᾶγμα,
2759 1559 2823 1615 τὸ
2875 1560 2952 1633 μὴ
3013 1560 3176 1633 μόνον
3238 1556 3614 1630 σκανδαλίζον,
3672 1556 3829 1612 ἄλλα

2170 1650 2261 1704 καὶ
2294 1651 2554 1704 θανατοῦν
2603 1650 2701 1718 τὴν
2753 1650 2957 1724 ψυχὴν,
3014 1648 3114 1704 οὐκ
3171 1644 3459 1710 ἐκϐάλλεις
3516 1648 3624 1703 ἀπὸ
3682 1651 3823 1715 σοῦ;

2173 1739 2461 1813 Ἀγαπητή
2522 1739 2625 1813 γὰρ
2677 1735 2796 1806 ἤτω
2845 1735 2935 1793 διὰ
2993 1738 3223 1813 Χριστὸν
3272 1737 3377 1801 ἓως
3428 1741 3524 1792 τοῦ
3581 1737 3822 1813 χαίρειν·

2175 1826 2263 1881 ἰὰν
2296 1824 2351 1881 δὲ
2404 1826 2620 1902 βλάπτῃ
2671 1829 2877 1902 ψυχήν,
2948 1824 3087 1901 μηδὲ
3114 1827 3177 1882 τὸ
3207 1825 3418 1903 χαίρειν
3450 1827 3611 1900 αὐτῇο
3657 1824 3832 1899 μόνον

2181 1916 2565 1989 ἐπισκέψασθαι
2641 1916 3007 1987 ἀσθενοῦντα,
3068 1915 3158 1970 καὶ
3224 1916 3301 1987 μή
3356 1916 3449 1970 τὸν
3510 1916 3833 1989 ὑγιαίνοντα

2178 2001 2553 2074 σκανδαλίσαι,
2608 2003 2643 2073 ἢ
2701 2002 2753 2058 ἐν
2811 2008 2984 2079 καιρῷ
3031 2001 3293 2078 θλίψεως,
3347 2002 3622 2078 διωγμοῦ,
3680 2002 3717 2072 ἢ
3773 2002 3830 2057 ἐν

2180 2090 2462 2165 ἰκκλησίᾳ·
2541 2090 2728 2161 ἐπειδὴ
2806 2094 2999 2155 πάντες
3075 2095 3154 2156 εἷς
3234 2092 3391 2165 ἐσμεν
3464 2092 3516 2147 ἰν
3586 2094 3833 2168 Χριστῷ,

2179 2181 2323 2237 ἀλλὰ
2366 2186 2458 2237 νῦν
2493 2182 2595 2237 οὐκ
2650 2180 2828 2254 ἐσμὲν.
2884 2181 2981 2236 Διὰ
3030 2182 3123 2251 τί;
3180 2179 3367 2251 ἐπειδή
3401 2183 3562 2253 ἡμεῖς
3594 2180 3659 2236 οὐ
3696 2182 3835 2257 βου-

2179 2269 2408 2343 λόμεθα,
2468 2272 2907 2346 προτιμήσαντες
2957 2272 3059 2340 τήν
3119 2267 3475 2347 μισαδελφίαν
3531 2276 3634 2340 τῆς
3693 2268 3832 2347 φιλ-

2177 2357 2455 2435 αδελφίας.
2491 2361 2581 2429 Μὴ
2616 2356 2992 2429 σκανδαλίζετε
3040 2359 3135 2415 τὸν
3194 2360 3424 2432 κόσμον,
3458 2360 3511 2413 οἱ
3560 2359 3657 2421 τὰς
3706 2381 3833 2413 συν-

2177 2448 2455 2512 εισάκτους
2502 2442 2745 2523 ἔχοντες.
2807 2450 2900 2518 Μή
2952 2450 3053 2525 γὰρ
3096 2448 3275 2521 γῆμαί
3322 2451 3442 2518 σεὴ
3476 2450 3664 2523 Γραφὴ
3722 2448 3834 2503 οὐκ

2178 2537 2473 2614 ἐπέτρεψες
2531 2536 2789 2613 Γεγόνατε
2852 2537 2942 2592 καὶ
2995 2535 3279 2601 Ἰουδαίοις
3316 2582 3332 2608 ,
3407 2537 3498 2593 καὶ
3553 2537 3828 2608 ”Ελλτ,σι,

2176 2626 2265 2681 καὶ
2323 2630 2391 2700 τῇ
2442 2625 2741 2699 Ἐκκλησία
2777 2631 2873 2681 τοῦ
2906 2631 3039 2682 Θεοῦ
3069 2626 3424 2703 πρόσκομμα,
3473 2628 3546 2682 Ἦ
3601 2626 3831 2681 ἀντιπί-

2174 2736 2324 2770 πτειν
2354 2721 2474 2779 ταῖς
2506 2715 2684 2791 ἁγίαις
2735 2722 2971 2794 Γραιραῖς
3020 2716 3367 2792 ἰπιχειρεῖτε,
3426 2716 3512 2772 καὶ
3572 2720 3830 2789 παραζη-

2178 2803 2339 2859 λοῦτε
2383 2805 2475 2859 τὸν
2546 2804 2780 2881 Κόριοη
2850 2808 2938 2875 Μὴ
3010 2804 3358 2881 ἴσχυρότεροι
3436 2804 3600 2860 αὐτοῦ
3667 2804 3831 2873 icta;

2176 2890 2520 2967 Ἐμϐλέψατε
2587 2893 2663 2957 εἰς
2726 2895 2824 2963 τὴν
2893 2895 3095 2949 ἑαυτῶν
3141 2893 3435 2968 ἀσθένειαν,
3492 2893 3833 2969 αἰσχύνθητε

2173 2982 2235 3036 τὸ
2294 2982 2496 3037 ἑαυτῶν
2553 2984 2745 3054 πάθος,
2806 2982 3166 3057 θεραπεύσατε
3217 2982 3480 3051 ἑαυτοὺς,
3536 2982 3588 3038 ἐν
3643 2988 3831 3057 καιρῷ

2175 3070 2396 3145 εὐθέτῳ,
2452 3071 2578 3145 πρὶν
2636 3072 2671 3142 ἢ
2738 3070 2957 3143 ἕξάπινα
2989 3073 3062 3135 ὡς
3122 3073 3367 3149 ἀστραπὴ
3421 3070 3588 3149 ἀθρόα
3616 3070 3735 3142 ἥξει
3790 3075 3831 3141 ἡ

2174 3161 2339 3215 αὐτοῦ
2371 3160 2660 3236 παρουσία.
2712 3162 2838 3236 πρὶν
2882 3161 2917 3231 ἢ
2969 3160 3270 3237 πυρφόρος,
3330 3161 3457 3236 πρὶν
3518 3162 3714 3223 σκότος
3760 3161 3829 3216 τὸ

401 3260 516 3315 res,
544 3251 679 3302 ante
727 3250 1317 3317 consummationem,
1351 3254 1486 3306 ante
1514 3266 1771 3306 vermem
1805 3250 1905 3321 qui
1939 3266 2056 3305 non

2171 3247 2453 3324 ἐξώτερον,
2531 3251 2659 3326 πρὶν
2734 3249 3013 3306 συντέλεια
3069 3252 3157 3305 καὶ
3218 3248 3439 3322 σκώληξ
3487 3248 3824 3323 ἀκοίμητος.

401 3334 671 3391 moritur.
706 3336 1041 3394 Trementes
1070 3340 1366 3409 dicimus;
1411 3357 1545 3396 cum
1594 3340 1803 3396 timore
1833 3340 2054 3410 audite,

401 3437 508 3479 nec
536 3439 640 3495 pro
673 3424 992 3482 deridiculo
1023 3443 1115 3483 res
1146 3428 1431 3485 habeatur
1464 3444 1477 3485 :
1514 3428 1618 3484 filii
1667 3429 1770 3485 Dei
1814 3432 2058 3487 tartaro-

397 3527 531 3566 rum
561 3510 814 3569 vinculis
843 3514 1161 3571 traduntur
1186 3521 1422 3589 propter
1454 3516 1783 3574 mulierem.

469 3618 524 3673 5.
555 3622 632 3674 At
658 3619 814 3676 enim
852 3620 1013 3677 dices
1045 3638 1057 3677 :
1105 3622 1252 3679 Cum
1285 3624 1391 3679 bac
1422 3624 1719 3694 habitans,
1759 3642 1874 3681 non
1908 3625 2055 3681 mihi

400 3706 753 3764 detrimento
783 3715 890 3765 est.
932 3712 988 3765 8i
1020 3712 1259 3768 draconi
1290 3730 1424 3769 cum
1457 3714 1660 3785 aspide
1689 3716 1921 3787 degenti
1955 3716 2053 3771 de-

400 3795 745 3852 trimentum
777 3797 1007 3854 nullum
1037 3806 1146 3869 est,
1172 3803 1411 3857 omnino
1442 3819 1545 3858 nec
1576 3802 1681 3859 tibi
1711 3804 1841 3860 erit.
1867 3804 2053 3860 Draco

397 3883 555 3940 enim
583 3884 684 3958 qui
716 3903 851 3943 cum
900 3889 1168 3945 dracaena
1197 3890 1374 3946 simul
1404 3892 1583 3965 degit,
1618 3898 1864 3949 mortem
1897 3893 2051 3949 acci-

396 3973 481 4043 pit
509 3973 602 4029 sui
634 3977 962 4033 mercedem
994 3978 1293 4036 convictus
1326 3997 1339 4036 :
1387 3980 1730 4051 hujusmodl
1760 3987 1851 4038 est
1893 3984 2051 4038 enim

394 4061 555 4119 illius
589 4064 719 4119 ferae
752 4064 981 4121 feminea
1013 4072 1243 4123 natura.
1288 4068 1431 4125 Vide
1480 4084 1641 4141 ergo,
1674 4086 1746 4126 ne
1794 4071 1937 4142 quid
1970 4070 2049 4126 si-

393 4151 530 4207 mile
559 4151 778 4208 habeat
823 4157 883 4209 et
935 4154 1201 4212 mulieris
1233 4156 1557 4229 negotium.
1594 4158 1964 4214 Proleramus
1996 4162 2053 4213 et

393 4241 694 4312 specimen
726 4243 1046 4313 quoddam,
1083 4248 1146 4299 ut
1167 4246 1482 4301 rationales
1513 4246 1781 4302 homines
1807 4247 2049 4303 convin-

393 4345 596 4383 camus
629 4347 642 4384 :
669 4329 929 4386 Tametsi
976 4331 1132 4402 ignis
1177 4333 1456 4405 stipulam
1488 4350 1603 4389 non
1635 4334 1920 4405 accendit,
1955 4340 2048 4390 at-

392 4422 591 4472 tamen
623 4416 675 4472 si
704 4416 793 4472 vel
822 4435 1044 4473 marem
1068 4419 1325 4491 lapidem
1354 4422 1581 4477 feminas
1615 4422 2048 4493 asperseris,in-

396 4504 671 4560 cendium
722 4506 807 4561 ﬁt.
857 4506 968 4561 Sed
1018 4508 1295 4578 quoniam
1356 4510 1571 4576 dicitis,
1620 4516 1678 4566 et
1739 4510 2044 4569 mulierem

2166 3338 2468 3414 Τρὲμοντες
2499 3337 2757 3414 λὲγομεν·
2812 3341 2949 3412 μετὰ
2999 3334 3174 3417 φόϐου
3204 3338 3447 3410 ἀκούετε,
3483 3336 3614 3413 μηδ’
3642 3337 3697 3393 ἐν
3727 3359 3825 3413 γε-

2167 3424 2308 3498 λοίῳ
2336 3429 2699 3505 καταφανήτω
2729 3428 2789 3482 τὸ
2821 3432 3064 3505 πρᾶγμα·
3108 3427 3214 3483 υἱοὶ
3263 3432 3421 3502 Θεοῦ,
3452 3433 3656 3504 σειραῖς
3687 3448 3825 3504 ταρ-

2163 3516 2332 3591 τάρου
2363 3514 2748 3590 παραδίδονται
2780 3513 2869 3572 διὰ
2891 3522 3134 3593 γυναῖκα.

2234 3625 2287 3678 5.
2322 3620 2481 3677 Ἀλλ’
2509 3622 2650 3697 ἐρεῖς
2684 3644 2799 3695 μοι,
2856 3624 2938 3678 ὁτι
2972 3628 3250 3679 Συνοικῶν
3280 3623 3445 3697 ταύτῃ
3476 3622 3538 3678 οὐ
3577 3620 3825 3698 βλαπτο-

2171 3730 2289 3781 μαι.
2332 3708 2397 3766 Εἰ
2448 3711 2475 3765 ὁ
2525 3705 2735 3787 δράκων
2787 3716 3049 3767 συνοικῶν
3107 3716 3175 3786 τῇ
3235 3709 3419 3767 ἀσπίδι
3455 3710 3517 3767 οὗ
3570 3709 3823 3787 βλάπτε-

2160 3818 2270 3871 ται,
2328 3797 2544 3861 πάντως
2599 3800 2686 3854 καὶ
2734 3797 2797 3854 σὺ
2829 3799 2890 3855 οὐ
2944 3794 3223 3876 βλαϐήσῃσ
3276 3802 3305 3855 ὁ
3355 3802 3461 3875 γὰρ
3494 3798 3711 3876 δράκων
3741 3805 3816 3875 τῇ

2163 3883 2420 3962 δρακαίνῃ
2451 3888 2855 3963 συγγινόμενος,
2887 3886 3107 3943 θάνατον
3161 3883 3428 3963 λαμϐάνει
3476 3889 3567 3943 τὸν
3618 3889 3817 3961 μισθὸν

2159 3983 2259 4045 τῆς
2307 3972 2685 4049 συμϐιώσεως,
2734 3975 2992 4047 τοιαύτης
3038 3976 3249 4055 φύσεως
3298 3979 3667 4054 τυγχάνοντος
3714 3970 3855 4032 τοῦ’

2162 4063 2358 4135 θήλεος
2408 4064 2623 4139 θηρίου.
2655 4068 2796 4139 ’Ὁρα
2821 4070 2974 4140 γοῦν,
3013 4068 3227 4139 μήποτε
3258 4067 3453 4141 ὅμοιόν
3484 4065 3595 4121 ἑστι
3625 4068 3716 4121 καὶ
3750 4067 3816 4121 τὸ

2157 4160 2257 4222 τῆς
2309 4155 2565 4229 γυναικὸς
2613 4161 2862 4229 πρᾶγμα.
2935 4156 3315 4231 Παραθώμεθα
3379 4153 3436 4210 δὲ
3486 4152 3819 4228 ἀποδείξεις,

2159 4241 2478 4318 ἆλὲγχοντες
2507 4242 2635 4307 τοὺς
2665 4241 2921 4320 λογικοὺς
2967 4244 3305 4318 ἀνθρώπους.
3340 4244 3404 4299 Εἰ
3447 4245 3511 4299 τὸ
3553 4248 3659 4316 πῦρ
3711 4246 3815 4315 τήν

2156 4331 2413 4405 καλάμην
2452 4333 2552 4388 οὑκ
2595 4332 2839 4403 ἀνάπτει,
2891 4331 3039 4388 ἀλλὰ
3083 4332 3174 4387 καὶ
3223 4334 3316 4388 τὸν
3354 4330 3525 4410 ἄρῥην
3552 4330 3711 4397 λίθον
3767 4333 3820 4388 εἴ

2156 4421 2389 4485 σπείσεις
2446 4426 2514 4496 τῇ
2565 4420 2779 4494 θηλείᾳ,
2836 4423 3075 4496 πυρκαϊὰ
3128 4421 3351 4497 γίνεται.
3407 4421 3560 4479 Ἀλλ’
3617 4420 3813 4493 ἐπειδὴ

2156 4508 2345 4586 λέγετε
2374 4511 2463 4565 καὶ
2495 4516 2727 4586 γυναῖκα
2757 4517 3052 4589 σωφρονεῖν
3086 4508 3365 4576 δύνασθαι·
3412 4516 3573 4566 τοῦτο
3619 4516 3808 4589 σαφῶς

400 4609 573 4665 posse
599 4594 861 4650 modeste
892 4610 1101 4666 agere;
1144 4597 1254 4652 hoc
1282 4598 1507 4670 liquido
1540 4600 1671 4656 novi
1706 4618 1719 4656 :
1753 4606 1808 4657 et
1837 4600 1925 4656 vir
1953 4619 2046 4658 so-

2169 4600 2465 4673 ίπίσταμαι.
2518 4600 2617 4655 Καὶ
2668 4600 2804 4674 ἀνὴρ
2852 4600 3027 4673 μένων
3070 4603 3192 4665 καθ’
3220 4601 3409 4656 ἑαυτὸν
3439 4600 3810 4677 εὐσχημονεῖν

397 4681 493 4739 lus
551 4682 767 4754 degens
825 4682 1069 4740 honeste
1120 4702 1289 4757 agere
1342 4692 1571 4759 potest;
1612 4689 1767 4745 istud
1830 4690 2048 4761 optime

400 4776 770 4843 compertum
796 4772 1001 4829 habeo.
1032 4774 1129 4829 Vir
1151 4782 1345 4833 autem
1371 4796 1505 4835 cum
1527 4780 2046 4852 muliere,malum;

396 4865 454 4915 et
482 4860 695 4915 mulier
723 4877 856 4917 cum
893 4862 1037 4934 viro,
1073 4864 1480 4925 vehementius
1512 4870 1754 4925 malum.
1803 4871 1963 4936 Quod
1998 4870 2047 4926 si

393 4966 601 5006 rursus
623 4949 855 5018 mulier,
880 4954 1335 5026 consanguineis
1367 4959 1491 5014 suis
1524 4958 1761 5026 relictis,
1783 4975 1918 5015 cum
1950 4977 2045 5016 ex-

389 5043 554 5095 terno
586 5038 823 5096 homine
856 5040 1071 5098 habere
1102 5046 1555 5103 contubernium
1586 5047 1723 5103 velit
1770 5048 2047 5105 sublestae

388 5128 695 5185 charitatis
725 5146 939 5199 causa;
976 5132 1135 5188 istud
1169 5135 1322 5191 enim
1354 5152 1485 5192 vero
1527 5136 1721 5193 mislio
1755 5142 1843 5194 est
1872 5138 2046 5193 illici-

388 5221 457 5274 ιω
480 5217 704 5291 copulae
730 5218 1070 5276 incendium
1097 5223 1425 5279 excitantis.
1452 5224 1707 5281 Lahente
1728 5225 1884 5281 enim
1908 5231 2046 5281 tem-

387 5322 547 5379 pore,
578 5322 647 5362 ex
676 5305 773 5362 illo
814 5309 1219 5365 contubernali
1266 5310 1532 5366 convictu
1573 5315 1851 5382 concepta
1882 5312 2045 5366 ﬂam-

387 5412 503 5463 ma,
520 5396 828 5452 materiem
854 5396 1180 5453 incendunt
1203 5416 1217 5465 ;
1241 5404 1297 5454 et
1320 5398 1723 5455 habitaculum
1753 5405 2040 5469 exurunt;

388 5488 564 5555 atque
593 5484 735 5540 adeo
768 5484 1002 5556 propria
1031 5487 1387 5543 comburunt
1415 5503 1658 5560 corpora
1687 5488 1747 5543 in
1778 5488 2045 5560 gebenna

392 5576 792 5647 perpetuoque
818 5572 1127 5645 supplicio.

464 5680 518 5736 6.
577 5678 679 5737 Dic
710 5678 878 5747 mihi,
934 5680 1245 5741 veterrima
1310 5687 1593 5743 venenata
1647 5683 1858 5757 bestia,
1914 5701 2039 5759 quae

2159 4686 2398 4744 δύναται·
2460 4692 2623 4744 τοῦτο
2671 4684 2914 4763 ἀκριϐῶς
2961 4689 3274 4763 ἐπίσταμαι.
3336 4690 3501 4763 Ἀνὴρ
3561 4687 3618 4745 δὶ
3670 4690 3813 4763 μετὲι

2154 4779 2420 4853 γυναικὸς,
2470 4778 2655 4833 κακόν’
2711 4779 2801 4833 καὶ
2850 4780 2985 4853 γυνὴ
3040 4779 3173 4852 μετὰ
3232 4776 3451 4853 ἀνδρὸς,
3501 4776 3811 4853 δεινότερον

2154 4869 2343 4924 κακόν.
2393 4868 2486 4924 Ἀν
2529 4866 2697 4923 πάλιν
2745 4868 2881 4942 γυνὴ
2926 4872 3037 4922 τῶν
3089 4864 3243 4921 ἰδίων
3273 4867 3551 4923 ἀποστᾶσα
3612 4888 3810 4944 συγγε-

2154 4954 2259 5010 νῶν
2305 4956 2436 5028 ξὲνῳ
2481 4953 2630 5033 ἀνδρὶ
2682 4962 2951 5011 συνοικεῖν
3000 4955 3255 5031 ἐπιχειρῇ
3310 4964 3409 5026 τῆς
3467 4955 3808 5011 ἐπιπλάστου

2155 5043 2364 5118 ἂγάπης
2392 5044 2589 5114 ἕνεκεν,
2617 5050 2776 5100 τοῦτο
2818 5045 2957 5119 μίξις
3010 5044 3206 5100 λοιπὸν
3249 5045 3499 5120 συζυγίας
3544 5046 3807 5118 ἀθεμίτου

2153 5136 2418 5208 πυρκαϊάν
2506 5134 2892 5208 ἐργαζομένης.
2979 5136 3071 5206 Τῷ
3146 5134 3336 5210 χρόνῳ
3410 5134 3516 5210 γὰρ
3573 5134 3808 5208 ἀναθερ-

2158 5225 2477 5296 μαινόμενοι
2528 5227 2597 5296 τῇ
2631 5224 2931 5295 ὁμοσκήνῳ
2990 5218 3313 5296 συμϐιώσει,
3373 5223 3668 5279 ἀνάπτουσι
3703 5225 3803 5292 τήν

2154 5310 2315 5382 ὕλην,
2360 5312 2450 5366 καὶ
2509 5311 2870 5385 ἐμπυρίζουσι
2915 5312 3015 5380 τήν
3076 5312 3274 5386 οἰκίαν,
3338 5311 3549 5386 μᾶλλον
3622 5311 3679 5368 δὶ
3737 5314 3807 5369 τὰ

2152 5402 2353 5455 ἑαυτῶν
2383 5400 2612 5475 σώματα
2642 5401 2886 5455 καίουσιν
2915 5400 2991 5464 εἰς
3018 5399 3232 5476 γέενναν
3291 5402 3381 5456 καὶ
3441 5401 3665 5457 αἰωνίαν
3714 5424 3810 5458 κο-

2153 5486 2330 5544 λασιν.

2217 5686 2273 5741 6.
2306 5680 2441 5760 Λέγε
2474 5704 2590 5759 μοι,
2622 5684 2668 5740 ὧ
2697 5682 3103 5763 πολυμήχανον
3136 5686 3349 5763 θηρίον,
3379 5688 3415 5759 ἡ
3444 5688 3508 5744 τὸ
3530 5692 3630 5745 τοῦ
3657 5707 3808 5766 προ-
