4112 6224
302 414 411 474 811

1385 413 1652 476 SERMO
1695 412 1797 474 DE
1843 414 2622 479 CONTUBERNALIBUS.

3603 428 3722 489 82!

303 536 475 596 ϐάτου
522 537 729 613 ἔνδυμα
773 535 996 616 ἔχουσα,
1050 542 1137 596 καὶ
1187 542 1251 597 τὸ
1297 549 1400 612 τῆς
1439 539 1667 604 ἀσπίδος
1695 543 1947 620 φρόνημα

2068 547 2481 601 vestimentum
2513 548 2637 602 ovis
2669 546 2870 614 babes,
2903 552 2961 602 et
2986 549 3209 620 aspidis
3244 555 3497 609 mentem
3529 555 3587 611 in
3616 573 3722 628 pe-

302 627 742 705 ένστερνισμένη’
793 631 844 684 τί
894 631 1220 707 περιχρίεις,
1269 630 1322 686 τί
1361 631 1648 707 ὑποχρίεις
1678 634 1904 701 σεαυτήν
1940 650 1954 700 ;

301 717 356 774 τί
388 720 681 794 χρώμασιν
713 717 1034 794 ἀλλοτρίοις
1065 719 1303 796 ἀψύχοις
1339 716 1780 798 προσλαμϐάνεις
1816 740 1957 796 μορ-

305 809 410 887 φῆν
467 807 763 878 εἰδωλικήν
801 809 896 879 ,τί
961 810 1262 885 βασανίζεις
1317 831 1412 865 σου
1467 811 1563 872 τὰς
1617 811 1851 886 τρίχαςς
1903 808 1956 864 τί

299 897 636 974 προσθέτους
681 896 1029 971 πλοκάμους,
1075 898 1166 953 καὶ
1216 894 1549 975 κορύϐαντας
1591 899 1679 954 ἐπὶ
1707 897 1953 974 κεφαλῆς

303 985 618 1062 ἀλλοτρίων
677 989 1072 1062 προσθεμάτων
1137 989 1227 1042 καὶ
1301 993 1504 1064 νεκρῶν
1571 989 1662 1044 καὶ
1733 988 1950 1062 ἀλόγων

304 1077 461 1146 ζώων
492 1076 730 1147 ἂνιστᾷς,
777 1073 866 1131 διὰ
909 1083 1012 1146 τῆς
1058 1074 1326 1153 κεφαλῆς,
1377 1079 1465 1133 καὶ
1513 1074 1715 1152 ὄψεως,
1745 1074 1955 1132 καὶδιά

297 1172 402 1235 τῆς
433 1170 547 1221 τῶν
577 1163 892 1240 ἀλλοτρίων
926 1166 1158 1238 ἱματίων
1210 1165 1491 1230 ποικιλίας
1520 1167 1834 1240 ἐξαπατῶσα
1862 1167 1952 1221 καὶ

301 1251 724 1328 ἒκμαλάσσουσα
763 1253 854 1309 καί
911 1250 1335 1330 ἒλλεϐορίζουσα
1382 1257 1477 1318 τὰς
1517 1256 1699 1332 ψυχὰς
1726 1260 1837 1310 τῶν
1868 1256 1955 1310 ἀν·

302 1344 542 1419 Θρώπων
578 1344 681 1413 ςἫ
708 1343 808 1420 γὰρ
836 1343 1060 1406 ἄπιστος
1088 1347 1223 1419 γυνὴ
1277 1343 1663 1422 πολυτρόπους
1703 1345 1950 1420 ἀψύχους

299 1431 438 1496 ὕλας
469 1431 794 1508 συνάγουσα,
843 1433 934 1488 καὶ
988 1433 1305 1510 χρωμάτων
1343 1433 1623 1496 ποικιλίας
1673 1432 1761 1489 διὰ
1814 1455 1948 1488 παν-

295 1519 553 1577 τοδαπῶν
603 1523 918 1598 χρωμάτων
967 1523 1057 1577 καὶ
1114 1519 1358 1592 ἀσϐόλης
1409 1525 1500 1579 καὶ
1560 1519 1818 1579 ἀσϐέστου
1861 1521 1951 1578 καί

301 1612 570 1685 βοτανῶν,
604 1610 636 1665 ἃ
663 1615 742 1683 τῷ
769 1609 894 1684 ἰδίῳ
932 1612 1144 1684 σώματι
1193 1609 1384 1683 ἔξωθέν
1429 1612 1562 1682 έστι,
1595 1612 1952 1688 προσκολλή-

297 1721 462 1769 σασα,
509 1697 872 1774 πολύμορφον
924 1700 1103 1777 ὥσπερ
1133 1723 1184 1757 τι
1217 1702 1429 1779 Θηρίον,
1475 1703 1668 1772 ἑαυτὴν
1701 1702 1952 1777 ἀπειργά-

298 1811 448 1847 σατο.
481 1791 545 1848 Ἡ
583 1787 640 1845 δὶ
683 1791 848 1858 πιστή
904 1791 1063 1866 γυνὴ,
1094 1792 1302 1846 τούτων
1350 1789 1558 1869 ὀφείλει
1590 1793 1710 1864 ξένη
1745 1789 1948 1866 τυγχά-

296 1900 430 1949 νειν,
463 1877 561 1934 καῒ
593 1877 829 1951 μάλιστα
872 1881 908 1948 ἡ
958 1877 1414 1955 ἐπαγγελλομένη
1447 1880 1579 1936 εἶναι
1622 1882 1943 1954 Χριστιανή.
1983 1919 2031 1985 Β

295 1974 362 2023 ἸΙ
390 1968 812 2044 καταγινώσκεις
838 1971 936 2022 106
984 1968 1138 2037 Θεοῦ,
1171 1967 1216 2022 ὦ
1251 1970 1428 2044 γύναι,
1471 1971 1556 2024 δτι
1600 1968 1858 2039 τοιαύτην
1889 1989 1948 2024 σε

298 2055 530 2112 ἔπλασεν
558 2076 572 2127 ;
604 2058 768 2135 Ἀφες
819 2057 894 2118 ὡς
945 2055 1222 2128 ἰπλάσθης
1271 2059 1426 2112 εἶναι·
1463 2056 1634 2131 μηδὲν
1679 2059 1843 2132 ἑαυτῇ
1876 2055 1944 2112 δι’

299 2145 645 2222 εὐμηχανίας
696 2149 977 2222 προσθῇς.
1039 2147 1113 2219 μὴ
1169 2147 1272 2222 γὰρ
1333 2146 1692 2223 ἐμπειροτὲρα
1745 2147 1794 2201 εἶ
1844 2149 1945 2200 τοῦ

297 2232 817 2311 δημιουργήσαντός
865 2256 943 2293 σε.
989 2233 1105 2289 Τίνι
1158 2232 1216 2290 δὲ
1262 2235 1353 2290 καὶ
1403 2235 1587 2312 ἀρέσαι
1630 2234 1942 2311 βουλομένη

291 2329 462 2380 ταῦτα
518 2329 738 2394 ποιεῖς;
787 2326 884 2396 Τῷ
933 2322 1086 2399 ἀνδρί
1121 2343 1136 2393 ;
1171 2323 1269 2379 ούκ
1320 2319 1467 2400 ἔχεις
1515 2321 1704 2400 ἄνδρα,
1765 2324 1841 2386 ὥς
1886 2345 1947 2400 γε

292 2411 452 2485 ἔφης,
487 2415 533 2467 ὧ
585 2412 837 2488 παρθένε’
867 2413 914 2468 εί
946 2410 1003 2468 δὶ
1049 2413 1139 2467 καὶ
1189 2409 1357 2489 ἔχεις,
1410 2411 1522 2468 οἶδέ
1571 2435 1668 2468 σου
1711 2415 1811 2482 τήν
1844 2433 1946 2468 πο·

291 2502 626 2579 λυμήχανον
657 2501 921 2560 σύνθεσιν.
958 2501 1023 2558 Τί
1070 2500 1400 2575 δελεάσμασι
1447 2503 1822 2578 πολυτρόποις
1852 2502 1945 2578 ὀρ-

286 2593 576 2668 γανώσασα
601 2592 663 2646 τὸ
703 2594 884 2664 σῶμα,
928 2590 1174 2666 Θηρεύεις
1222 2592 1318 2654 τὰς
1370 2591 1549 2668 ψυχὰς
1598 2597 1704 2646 τῶν
1735 2593 1944 2665 ἀνθρώ-

290 2701 412 2736 πων
445 2679 586 2756 πρὸς
615 2678 890 2735 ἀπώλειαν
917 2701 933 2752 ;
979 2678 1068 2734 καὶ
1099 2683 1217 2743 πῶς
1243 2680 1336 2734 τὸν
1386 2681 1617 2754 Χριστόν
1668 2680 1946 2737 ἰπικαλεῖ-

291 2771 415 2824 σθαι
445 2768 686 2842 τολμᾷς,
717 2770 753 2840 ἢ
787 2767 1080 2838 ἐκκλησίας
1112 2765 1268 2823 ούδὸν
1302 2774 1508 2837 πατεῖν,
1554 2770 1756 2840 ξοάνων
1811 2790 1945 2845 μορ-

290 2859 395 2937 φάς
453 2857 686 2933 ἀψύχων
755 2856 808 2912 ἂν
865 2855 984 2930 ὅλῳ
1039 2861 1118 2930 τῷ
1173 2857 1388 2930 σώματι
1445 2854 1536 2912 διὰ
1584 2862 1792 2934 χρυσοῦ
1848 2861 1944 2914 τοῦ

293 2945 690 3020 ἀπολλυμένου
741 2945 998 3024 φέρουσα,
1063 2944 1278 3019 μᾶλλον
1342 2943 1399 3001 δὲ
1428 2947 1821 3020 πομπευομένη
1857 2947 1946 3002 ὑπ’

295 3037 504 3109 αὑτῶν,
525 3037 614 3091 καὶ
640 3033 860 3105 πολλὴν
889 3035 1198 3113 συστροφὴν
1219 3033 1536 3092 ἀκολάστων
1568 3033 1774 3112 ἀνδρῶν
1807 3036 1946 3111 πρὸς

290 3126 395 3195 τὴν
428 3125 625 3194 ὶαυτῆς
647 3122 909 3198 ἔκθεσμον
944 3122 1066 3179 θέαν
1099 3122 1438 3202 ἐφελκομένη
1465 3144 1479 3194 ;

361 3217 418 3272 7.
445 3210 626 3269 una
668 3211 774 3268 τίνι
822 3216 989 3268 ταῦτα
1029 3210 1345 3286 λαλοῦμεν;
1380 3217 1598 3290 Λογικῷ
1629 3213 1752 3286 ζώῳ
1774 3213 1944 3288 ἕρπη-

2067 638 2224 689 ctore
2255 634 2411 689 foves
2445 651 2458 688 :
2493 636 2633 706 quid
2661 641 2716 691 te
2747 637 3160 694 circumlinis?
3189 639 3328 710 quid
3378 645 3436 697 te
3484 643 3723 714 pingis?

2067 723 2208 794 quid
2238 722 2446 779 alienis
2477 724 2773 781 coloribus
2801 725 3082 783 inanimis
3121 730 3374 800 speciem
3405 737 3606 804 captas
3638 734 3722 789 si-

2068 812 2363 868 mulacri?
2391 813 2534 884 quid
2586 819 2826 886 torques
2877 815 3071 872 crines
3121 817 3304 873 tuos?
3334 819 3474 890 quid
3507 821 3725 877 cincin-

2066 918 2172 957 nos
2197 902 2546 973 adscititios,
2578 903 2881 972 cirrosque
2903 905 3078 976 capiti
3102 906 3362 978 imponis
3392 909 3720 967 alienorum

2064 997 2572 1062 ornamentorum,
2621 993 3007 1049 animantium
3059 1001 3428 1053 mortuorum
3479 1003 3535 1055 et
3573 1000 3720 1056 irra-

2061 1078 2367 1135 tionalium
2399 1099 2413 1148 ;
2448 1080 2657 1152 capite,
2691 1082 3109 1155 obtutu,atque
3138 1085 3506 1143 exoticorum
3538 1089 3714 1144 indu-

2065 1173 2395 1224 mentorum
2427 1169 2704 1226 varietate
2721 1171 3318 1242 decipiens,mulcens
3341 1179 3400 1231 et
3421 1177 3721 1234 fascinans

2062 1256 2295 1313 animos
2328 1257 2635 1312 hominum
2657 1257 2686 1312 ‘I
2717 1259 2974 1315 Infldelis
3004 1260 3220 1317 etenim
3271 1263 3505 1332 mulier,
3565 1265 3712 1322 alias

2062 1349 2240 1416 atque
2269 1344 2415 1400 alias
2447 1346 2739 1403 inanimes
2789 1349 3067 1404 materias
3114 1349 3419 1423 colligens,
3469 1357 3529 1408 et
3560 1354 3721 1409 fuco-

2063 1450 2193 1490 rum
2225 1435 2519 1490 ascissens
2564 1436 2900 1502 varietates,
2948 1454 3052 1508 per
3095 1440 3442 1511 omnigeuos
3487 1441 3713 1499 colores

2059 1528 2119 1578 et
2150 1522 2456 1594 fuliginem
2490 1528 2547 1579 et
2567 1525 2784 1580 calcem
2817 1531 2873 1580 et
2901 1526 3113 1583 herbas
3146 1529 3296 1599 (quae
3328 1530 3401 1585 ab
3428 1531 3556 1602 ejus
3588 1547 3713 1587 cor-

2061 1628 2200 1683 pore
2225 1617 2500 1668 extranea
2529 1617 2692 1680 sunt)
2723 1612 2904 1670 veluti
2931 1615 3179 1671 bestiam
3206 1619 3518 1686 quamdam
3552 1621 3713 1674 mul-

2059 1700 2356 1756 tiformem
2389 1717 2452 1756 se
2478 1701 2610 1772 ipsa
2637 1701 2836 1757 efficit.
2868 1705 2940 1757 At
2968 1719 3096 1774 qua:
3128 1705 3321 1761 ﬁdelis
3351 1710 3441 1760 est
3475 1705 3710 1775 mulier,

2059 1789 2132 1844 ab
2165 1789 2258 1846 his
2286 1789 2486 1861 procul
2517 1805 2644 1846 esse
2675 1791 2866 1860 debet,
2898 1796 2956 1847 et
2993 1793 3247 1848 maxime
3277 1809 3407 1865 quas
3449 1809 3512 1850 se
3543 1795 3709 1851 Chri-

2061 1878 2312 1933 stianam
2345 1895 2474 1934 esse
2506 1880 2870 1951 profiteatur.
2903 1881 2989 1935 An
3019 1879 3480 1953 Deumincusas,
3511 1900 3544 1939 o
3577 1900 3707 1939 mu-

2064 1965 2188 2034 lier,
2221 1967 2376 2037 quod
2410 1971 2466 2022 te
2495 1968 2785 2037 ejusmodi
2833 1968 3093 2024 fecerit?
3141 1973 3370 2040 Patere,
3413 1971 3463 2026 si
3511 1972 3706 2044 qualis

2056 2059 2251 2110 creata
2283 2053 2466 2110 fuisti.
2498 2055 2656 2111 Nihil
2687 2055 2798 2112 tibi
2847 2057 3342 2115 machinamentis
3391 2061 3648 2117 asciscas
3683 2079 3697 2118 :

2055 2158 2246 2215 neque
2274 2143 2429 2200 enim
2462 2144 2783 2216 sapientior
2809 2162 2871 2202 es
2900 2148 3200 2203 conditore
3231 2149 3468 2205 tuo.Cui
3499 2154 3697 2207 autem

2055 2231 2280 2304 placere
2311 2237 2588 2304 satagens
2618 2233 2822 2289 isthaec
2848 2235 3033 2290 efﬁcis
3051 2235 3080 2290 Ἰ
3105 2235 3319 2292 Viros?
3347 2241 3407 2293 at
3447 2254 3564 2294 non
3596 2239 3701 2294 ha-

2056 2321 2178 2391 bes,
2211 2325 2276 2377 ut
2304 2321 2540 2393 quidem
2574 2323 2682 2392 ais,
2725 2323 2910 2394 virgo.
2954 2324 3117 2387 Quod
3175 2324 3226 2380 si
3266 2325 3444 2381 etiam
3498 2326 3704 2398 habes,

2057 2411 2349 2482 perpendo
2378 2415 2674 2466 versutum
2697 2416 2880 2468 artem
2907 2413 3247 2478 tuam.0uid
3279 2414 3586 2472 fomitibus
3605 2433 3706 2472 va-

2055 2498 2159 2554 riis
2189 2515 2402 2570 corpus
2433 2499 2758 2568 instruens,
2789 2501 3020 2556 venaris
3050 2502 3282 2559 animas
3313 2502 3619 2560 hominum
3644 2507 3706 2562 in

2057 2585 2443 2658 perditionem
2467 2587 2495 2642 ?
2517 2590 2632 2644 Aut
2659 2604 2779 2661 qua
2815 2589 3039 2646 ratione
3088 2590 3388 2648 Christum
3436 2592 3708 2650 invocare

2055 2677 2261 2743 audes,
2293 2676 2380 2732 vel
2412 2676 2672 2733 ecclesias
2702 2677 2893 2734 solum
2926 2679 3151 2737 calcare
3167 2681 3711 2752 tu,quzeinanima-

2055 2781 2186 2821 rum
2220 2773 2547 2822 statuarum
2576 2767 2796 2822 formas
2820 2771 2938 2824 toto
2968 2785 3210 2841 corpore
3231 2769 3413 2827 refers
3443 2787 3548 2842 per
3577 2787 3704 2827 cor-

2053 2853 2332 2926 ruptibile
2366 2871 2578 2910 aurum
2607 2872 2621 2924 ;
2654 2861 2831 2928 atque
2858 2857 3003 2914 adeo
3041 2859 3114 2914 ab
3145 2858 3265 2915 illis
3313 2860 3371 2914 in
3420 2875 3701 2932 pompam

2053 2943 2382 3010 deduceris,
2408 2947 2467 3000 et
2495 2943 2888 3016 plurimorum
2933 2947 3453 3018 intemperantium
3505 2948 3700 3004 homi-

2054 3048 2198 3087 num
2227 3031 2481 3089 intuitus
2510 3032 2584 3088 ad
2609 3037 2667 3090 te
2695 3033 2948 3106 turpiter
2976 3035 3452 3107 conspiciendam
3485 3051 3702 3110 'provo-

2052 3119 2201 3177 cas?
2236 3127 2268 3154 ’

2120 3212 2176 3266 7.
2208 3210 2278 3266 At
2305 3209 2401 3265 cui
2431 3210 2632 3266 isthtsc
2667 3209 2966 3281 loquimur
2987 3211 3016 3266 7
3043 3211 3298 3269 Animali
3344 3229 3556 3286 nempe
3605 3231 3700 3271 ra-

295 3306 496 3358 στικῶν
531 3299 836 3378 δρακόντων
867 3300 1182 3378 προαίρεσιν
1209 3300 1416 3378 ἔχοντι.
1465 3287 1603 3361 Οὔτε
1633 3324 1690 3358 σε
1718 3304 1774 3358 αἱ
1804 3287 1937 3377 Γραο

2060 3297 2208 3355 tione
2239 3299 2451 3365 utenti,
2481 3301 2637 3372 quod
2687 3302 3048 3373 reptantium
3087 3303 3410 3360 draconum
3457 3303 3701 3360 institu-

287 3393 384 3468 φαῖ
418 3391 716 3464 πείθουσιν,
773 3388 957 3461 οὖτεὴ
988 3391 1173 3467 γέεννα
1202 3386 1380 3470 φοϐεῖ,
1437 3389 1559 3447 οὔτε
1604 3395 1639 3462 ἠ
1692 3396 1799 3447 τῶν
1849 3393 1941 3448 ἀν-

287 3482 528 3557 θρώπων
555 3480 805 3545 νουθεσία
847 3479 1206 3550 κατανύσσει;
1262 3479 1372 3539 Κᾶν
1407 3483 1507 3550 τὴν
1541 3481 1736 3551 ἑαυτῆς
1787 3481 1942 3558 φύσιν

290 3567 597 3640 αἰδέσθητι,
654 3563 926 3642 μετάϐαλέ
974 3589 1070 3624 σου
1128 3569 1228 3638 τήν
1296 3565 1443 3644 ὄψιν,
1498 3571 1573 3644 μή
1634 3569 1943 3646 ἀπεργάζου

287 3657 496 3728 ταύτην
530 3654 818 3714 εἷδωλικὸν
850 3664 1195 3734 χαρακτῆρα,
1231 3659 1306 3731 μὴ
1343 3661 1516 3731 μιμοῦ
1543 3659 1641 3721 τὰς
1668 3660 1768 3729 τὴν
1801 3658 1944 3715 ἆται-

293 3749 454 3823 ρικήν
486 3746 575 3802 καὶ
607 3747 889 3823 μοιχιαίαν
934 3745 1200 3822 αἰσχύνην
1251 3746 1650 3824 ὑπερχομένας.
1711 3749 1943 3804 Ἐκεῖναι

291 3837 396 3911 γὰρ
426 3843 528 3906 τῆς
559 3835 786 3909 ἀνομίας
817 3837 1105 3912 θυγατέρες
1143 3834 1528 3912 τυγχάνουσαι,
1583 3832 1707 3900 ἔθος
1757 3834 1944 3892 τοιοῦ-

293 3946 391 3980 σον
422 3925 678 4002 πράττειν
708 3922 918 4001 ἔχουσι.
955 3925 1052 3980 Σοὶ
1093 3921 1152 3980 δὲ
1195 3925 1277 3988 τίς
1327 3924 1584 3996 τοιαύτην
1642 3923 1944 3981 ἐνετείλατο

290 4015 394 4084 τὴν
427 4012 836 4090 παραγγελίαν;
884 4011 987 4089 ἄρα
1029 4017 1184 4068 ποῖαι
1243 4013 1450 4091 Γραφαὶ
1497 4014 1856 4092 προφητικαῖ,
1907 4013 1943 4084 ἢ

291 4109 431 4158 ποῖα
459 4100 794 4179 Βύαγγέλια,
840 4107 996 4157 ποῖαι
1051 4100 1109 4157 δὲ
1139 4101 1498 4158 ἀποστολικαὶ
1554 4100 1944 4179 παραγγελίαις

291 4192 442 4267 Ἐγὼ
497 4189 641 4263 οἶδα,
698 4192 780 4246 ὅτι
840 4192 896 4246 αἱ
943 4192 1082 4246 θεῖαι
1133 4191 1336 4270 Γραφαὶ
1397 4191 1487 4246 καὶ
1542 4192 1638 4254 τὰς
1683 4190 1735 4262 ἒξ
1791 4186 1944 4255 ἔθους

290 4280 532 4356 ἰχούσας
608 4284 768 4336 10610
839 4279 1092 4357 πράττειν
1170 4280 1488 4356 ἀπείργουσι
1560 4285 1658 4336 τοῦ
1750 4279 1944 4354 μηκέτι

291 4369 565 4426 ἐπιτελεῖν
622 4369 718 4432 τὰς
775 4367 1229 4449 είδωλομόρφους
1279 4369 1654 4444 ἐξομοιώσεις.
1713 4368 1944 4441 Εἴρηται

295 4458 435 4532 μετά
461 4457 792 4536 παρρησίας,
842 4457 971 4516 ἀλλ’
1021 4457 1174 4515 οὐδὲν
1226 4461 1343 4514 κατ’
1396 4459 1545 4533 ἀξίαν
1570 4463 1680 4515 τῶν
1710 4478 1946 4536 πραττο-

296 4548 504 4621 μένων.

368 4727 424 4783 8.
476 4724 634 4784 Ἀλλ’
690 4726 801 4798 ipsi
851 4745 958 4789 τιςο
1031 4725 1284 4803 Σκληρὸς
1339 4727 1368 4782 ὁ
1427 4723 1596 4801 λόγος
1652 4726 1828 4790 οὗτος⁶
1864 4725 1948 4791 τίς

295 4811 522 4870 δύναται
587 4815 757 4870 αὐτοῦ
823 4814 1077 4884 ἀκούειν;
1151 4814 1253 4872 Καὶ
1326 4815 1390 4870 τὸ
1449 4815 1796 4890 ὑποκριτικὸν
1854 4815 1945 4870 καὶ

294 4903 700 4980 ἂπεχθέστατον
755 4903 914 4981 γένος
951 4909 1114 4960 τοῦτο
1145 4901 1332 4982 εἷ’ρηκέ
1362 4925 1493 4958 ποτε
1520 4904 1657 4979 πρὸς
1687 4905 1776 4958 τὸν
1827 4911 1946 4958 Σω-

289 4998 459 5069 τῆρα·
494 4991 624 5048 ἀλλ’
656 4989 767 5049 ἴστε
795 4991 1046 5060 ἅπαντες,
1079 4994 1200 5048 τίνα
1250 4993 1433 5055 αὐτοῖς
1479 4993 1762 5069 ἀπόκρισιν
1808 4990 1947 5047 ἔδω-

286 5101 406 5137 κεν.
445 5081 635 5143 Οὕτως
665 5081 753 5136 καὶ
787 5081 1030 5137 ἆνταῦθα·
1065 5083 1094 5136 ὁ
1129 5079 1469 5158 βουλόμενος
1518 5082 1946 5145 κατανυσσέσθω.

291 5169 464 5242 Λόγοι
490 5168 590 5242 γὰρ
624 5176 831 5248 σοφῶν,
862 5170 939 5232 ὡς
967 5169 1034 5225 τὰ
1067 5171 1382 5245 βούκεντρα,
1430 5169 1519 5224 καὶ
1552 5170 1626 5233 ὡς
1672 5167 1802 5238 ἧλοι
1855 5190 1949 5224 πε-

285 5259 640 5333 πυρωμένοι,
673 5259 837 5334 φησὶν
871 5261 906 5329 ἡ
941 5261 1151 5338 Γραφή.
1185 5261 1416 5332 Νομίζω
1459 5258 1741 5331 ἀξιόπιστα
1784 5263 1952 5314 ταῦτα

290 5347 618 5422 τυγχάνειν,
652 5346 702 5402 εἴ
730 5347 820 5404 καὶ
858 5348 1048 5424 μέτρια
1077 5353 1156 5421 τῷ
1186 5348 1359 5424 λόγῳ,
1392 5347 1530 5422 πρὸς
1556 5350 1658 5418 τήν
1702 5353 1810 5403 τῶν
1857 5349 1954 5412 τὰς

289 5436 681 5500 συνεισάκτους
742 5437 985 5514 ἐχόντων
1050 5439 1266 5512 μανίαν.
1308 5436 1688 5494 Ἀνακοπτέτω
1718 5437 1895 5492 τοίνυν
1923 5437 1952 5492 ὁ

291 5523 472 5600 λόγος
505 5525 598 5582 τὸν
629 5529 1005 5604 χρεμετισμὸν
1051 5525 1283 5604 χαλινοῦ
1313 5523 1494 5598 δίκην,
1523 5525 1614 5581 καὶ
1665 5525 1742 5590 εἷς
1805 5525 1950 5598 τάξιν

373 5745 419 5782 ⁸³
446 5744 617 5804 Joan.
644 5763 721 5821 vx,
749 5748 842 5805 61.
917 5747 961 5785 ⁸⁷
989 5747 1182 5806 Εοοὶο.·
1209 5763 1312 5815 xu.
1346 5747 1432 5804 lt.

2050 3392 2177 3443 tum
2209 3404 2323 3460 prae
2354 3403 2416 3444 se
2464 3389 2595 3446 fert.
2639 3389 2756 3445 Nec
2802 3389 2912 3445 tibi
2957 3390 3273 3463 Scriptura:
3325 3394 3703 3464 persuadent,

2051 3493 2244 3549 neque
2272 3476 2542 3549 gehenna
2573 3477 2854 3548 percellit,
2891 3495 3086 3550 neque
3125 3479 3434 3537 hominum
3483 3483 3709 3538 monita

2052 3566 2487 3638 compungunt?
2515 3567 2730 3624 Saltem
2761 3571 3036 3624 naturam
3065 3572 3230 3625 tuam
3261 3575 3709 3628 reverere.Muta

2053 3659 2357 3726 aspectum
2392 3664 2556 3711 tuum
2589 3672 2604 3711 :
2638 3672 2751 3713 neu
2783 3659 2965 3713 istum
2991 3657 3204 3713 feceris
3226 3657 3366 3714 idoli
3388 3659 3703 3715 indicium:

2052 3760 2163 3800 neu
2196 3744 2446 3800 imiteris
2471 3761 2726 3816 eas,qute
2757 3746 3148 3802 meretriciam
3181 3746 3302 3803 sive
3326 3747 3702 3803 fornicariam

2052 3832 2479 3903 turpitudinem
2511 3833 3004 3904 profitenturJllas
3027 3835 3182 3889 enim
3215 3834 3546 3905 iniquitatis
3570 3835 3700 3890 filia:

2052 3937 2187 3976 cum
2217 3919 2523 3988 sint,istud
2547 3921 2737 3977 facere
2759 3921 2818 3976 in
2844 3921 3106 3978 moribus
3132 3923 3352 3978 habent
3381 3939 3396 3978 :
3431 3923 3538 3978 tibi
3568 3939 3699 3980 vero

2055 4010 2328 4083 quisnam
2350 4009 2689 4080 hujusmodi
2711 4010 3002 4066 ambitum
3025 4010 3268 4066 detulit?
3287 4011 3426 4075 Quae
3455 4015 3596 4067 sunt
3615 4029 3702 4068 er-

2053 4116 2126 4172 go
2155 4099 2504 4171 prophetica
2543 4098 2876 4170 Scriptura,
2908 4104 3010 4154 aut
3037 4115 3165 4170 quas
3207 4099 3538 4172 Evangelia,
3573 4116 3699 4172 quae

2053 4191 2289 4245 demum
2321 4187 2655 4260 apostolica;
2687 4187 3106 4244 obtestationes
3126 4187 3155 4242 ?
3177 4187 3306 4244 Scio
3337 4189 3703 4260 ego,divinas

2054 4279 2410 4352 Scripturas,
2442 4278 2576 4335 illas
2604 4278 2780 4335 etiam
2841 4277 3120 4334 mulieres
3176 4295 3304 4351 qua
3359 4279 3471 4335 hoc
3514 4279 3705 4336 facere

2057 4372 2506 4435 consueverunt,
2531 4367 3168 4439 deterrere,quominus
3197 4367 3391 4424 adhuc
3411 4367 3702 4424 idolorum

2054 4456 2115 4512 in
2145 4473 2208 4514 se
2237 4456 2660 4514 similitudines
2691 4458 3039 4530 exprimant.
3072 4456 3303 4514 Dictum
3335 4473 3470 4514 cum
3528 4455 3702 4513 liber-

2055 4550 2175 4602 tate
2231 4549 2360 4615 est;
2423 4545 2571 4602 nihil
2627 4549 2825 4603 tamen
2883 4562 2989 4618 pro
3046 4547 3256 4604 merito
3312 4561 3516 4603 eorum
3573 4561 3700 4618 quas

1977 4655 2026 4720 ι)
2055 4637 2227 4692 ﬁunt.

2123 4727 2179 4780 8.
2229 4727 2299 4780 At
2355 4725 2510 4781 dicet
2564 4724 2862 4796 quispiam
2918 4742 2931 4780 :
2991 4726 3174 4780 Durus
3229 4733 3306 4781 est
3357 4725 3446 4781 hic
3500 4739 3702 4792 sermo,

2054 4816 2179 4888 quis
2205 4815 2382 4884 potest
2409 4829 2534 4869 sum
2559 4813 2754 4869 audire
2799 4813 2889 4868 "‘i
2936 4813 3122 4870 Etiam
3173 4813 3427 4887 populus
3467 4814 3566 4870 ille
3597 4813 3701 4884 hy-

2055 4904 2281 4977 pocrita
2309 4902 2867 4975 infensissimusque
2886 4903 3044 4959 istud
3069 4902 3388 4975 aliquando
3409 4904 3556 4959 dixit
3575 4902 3701 4959 Sal-

2053 4992 2258 5048 vatori.
2290 4992 2402 5047 Sed
2433 4992 2622 5046 nostis
2650 5007 2856 5047 omnes
2887 4991 3221 5063 cujusmodi
3256 5007 3602 5066 responsum
3632 4991 3702 5046 il-

2056 5081 2130 5138 lis
2162 5081 2409 5136 dederit.
2444 5079 2608 5136 Haud
2641 5080 2813 5136 aliter
2840 5085 2897 5136 et
2925 5081 3059 5149 hic;
3094 5083 3196 5154 qui
3241 5083 3370 5139 vult
3417 5097 3706 5154 compun-

2058 5175 2252 5243 gatur.
2283 5170 2574 5225 Sermones
2601 5172 2753 5226 enim
2797 5172 3141 5242 sapientium
3189 5180 3450 5244 tanquam
3495 5169 3712 5226 stimuli

2062 5261 2244 5328 boum,
2276 5267 2328 5314 et
2356 5268 2630 5329 tanquam
2668 5259 2813 5315 clavi
2866 5260 3160 5316 candentes
3207 5261 3271 5327 ⁵⁷,
3321 5258 3515 5330 inquit
3561 5255 3712 5312 Scri-

2060 5353 2253 5422 ptura.
2285 5347 2552 5403 Arbitror
2598 5349 2744 5405 satis
2795 5348 2916 5403 haec
2967 5349 3158 5404 valere
3205 5361 3396 5418 posse,
3439 5343 3710 5418 quamvis

2063 5437 2352 5494 mediocri
2383 5453 2655 5494 sermone
2684 5437 3127 5509 comprehensa,
3177 5436 3458 5491 adversus
3504 5449 3709 5490 eorum

2064 5527 2405 5596 stultitiam,
2454 5527 2556 5599 qui
2607 5527 2880 5584 mulieres
2925 5525 2984 5581 in
3033 5523 3418 5580 contubernio
3467 5522 3709 5582 habent.
