4120 6230
382 359 504 421 823

1332 361 1728 422 APPENDIX
1773 360 2097 424 OPERUM
2142 361 2208 422 S.
2255 360 2538 422 BASlLll
2586 363 2852 424 MAGNI.

3687 363 3813 424 824

385 497 672 553 Inhabeat
700 496 882 570 igitur
911 498 1094 554 oratio
1126 497 1426 554 hinnitum
1461 499 1622 554 hunc
1650 499 1795 553 freni
1828 498 1896 552 ad
1946 497 2033 551 in-

2155 496 2333 557 ἀγίτω
2382 496 2481 563 τὴν
2515 491 2721 568 ἄλογον
2753 496 2932 570 ὁρμὴν
2966 496 2983 567 (
3023 497 3080 563 5)
3135 496 3235 548 τοῦ
3262 492 3570 570 γυναικείου
3601 491 3809 568 ῥεύμα-

387 589 528 652 star,
560 589 618 642 et
647 585 706 640 in
741 586 1004 642 ordinem
1036 590 1210 659 cogat
1241 587 1595 643 infrunitum
1635 587 1920 659 impetum
1953 602 2042 641 eo-

390 691 545 741 rum,
577 674 678 746 qui
710 692 744 730 a
770 675 1040 730 muliebri
1074 680 1220 731 aestu
1256 675 1491 748 longius
1525 677 1918 748 abripiuntur.
1952 674 2042 730 Ti-

392 779 520 818 mor
547 764 886 836 propositus
917 768 1005 820 est
1033 771 1090 820 et
1118 769 1357 835 tremor,
1389 770 1445 820 et
1476 765 1631 838 ignis
1672 765 1902 820 stridet.
1934 769 2039 818 Ne-

395 869 487 909 mo
519 857 855 909 contemnat
904 870 917 906 :
966 854 1204 909 tametsi
1255 853 1410 910 enim
1464 855 1564 926 qui
1616 855 1774 910 ferus
1819 854 1918 919 sit,
1968 853 2040 908 ab

395 939 530 1013 igne
561 942 919 1009 domabitur,
952 943 1187 998 tametsi
1223 948 1475 999 mentem
1510 945 1606 1014 qui
1637 945 1908 1000 draconis
1941 945 2040 999 ha-

393 1029 550 1100 beat,
579 1034 835 1086 tartarus
867 1036 1229 1103 praeparatus
1273 1038 1365 1089 est
1397 1051 1411 1089 :
1447 1033 1684 1090 tametsi
1730 1033 2043 1090 Sodomiti-

390 1135 525 1174 cum
558 1136 656 1174 cor
684 1125 868 1192 gerat,
902 1121 1056 1193 ignis
1088 1122 1316 1178 ccelitus
1345 1122 1516 1194 pluit.
1550 1123 1686 1178 Coeli
1719 1123 1876 1179 enim
1913 1125 2046 1179 uni-

384 1207 533 1262 versi
564 1209 733 1279 quasi
767 1209 901 1281 igne
932 1209 1274 1282 locupletati
1317 1216 1477 1268 sunt.
1509 1212 1692 1270 Nemo
1741 1212 2040 1284 loquentis

387 1311 583 1350 vocem
615 1297 898 1352 obaudire
929 1298 1230 1366 detrectet,
1264 1299 1364 1354 sed
1389 1299 1528 1370 quid
1560 1300 1803 1355 terroris
1830 1299 2041 1355 habeat

383 1383 470 1439 vis
503 1400 845 1441 sermonum
879 1387 1230 1456 consideret,
1266 1388 1482 1459 Deique
1505 1388 1797 1460 judicium
1821 1388 1934 1444 sibi
1965 1389 2037 1445 ob

381 1472 584 1530 oculos
615 1479 795 1544 ponat
826 1492 841 1530 :
872 1475 1148 1531 Iudicium
1179 1479 1384 1550 quippe
1411 1479 1532 1534 sine
1551 1478 1960 1545 misericordia,
1986 1479 2040 1534 ei

385 1565 486 1634 qui
511 1579 623 1618 non
645 1565 779 1634 fecit
807 1565 1248 1620 misericordiam
1277 1566 1341 1621 ⁵⁸.

455 1651 509 1706 9.
542 1652 710 1707 Nunc
751 1655 986 1724 tempus
1035 1658 1126 1710 est
1177 1653 1347 1724 mihi,
1399 1659 1465 1710 ut
1525 1659 1582 1710 et
1623 1656 1912 1712 nonnulla
1961 1657 2033 1712 ad

383 1756 486 1796 vos
516 1741 693 1797 verba
724 1742 958 1812 faciam,
991 1759 1023 1797 ο
1057 1743 1298 1815 viri,qui
1330 1745 1575 1801 fratrum
1610 1746 1832 1802 inimici
1868 1747 2031 1814 estis,

381 1833 444 1884 at
474 1828 794 1885 mulierum
827 1831 998 1886 amici
1026 1850 1041 1902 ;
1073 1833 1173 1903 qui
1208 1834 1264 1888 in
1299 1833 1655 1891 feculentum
1679 1837 2028 1892 feminarum
2062 1867 2109 1931 B

384 1934 645 1974 amorem
676 1920 1126 1989 excandescitis,
1157 1925 1215 1977 et
1243 1922 1300 1977 in
1335 1939 1544 1995 puram
1568 1925 1814 1980 fratrum
1837 1925 2029 1981 chari-

380 2011 560 2062 tatem
589 2007 827 2078 penitus
858 2009 1191 2066 refrixistis.
1241 2013 1316 2067 At
1358 2013 1538 2080 dices,
1584 2015 1740 2085 quod
1791 2019 2031 2086 prepter

379 2093 680 2152 Christum
713 2097 825 2154 hoc
855 2097 1056 2167 facias,
1085 2115 1288 2155 curam
1318 2116 1529 2173 gerens
1575 2102 1795 2158 inﬁrmi
1847 2104 2027 2174 vasis,

377 2183 472 2238 Nae
503 2184 662 2240 istud
697 2187 846 2241 novi.
882 2187 998 2243 Cur
1028 2203 1166 2261 ergo
1198 2189 1362 2245 fratri
1394 2195 1497 2246 tuo
1527 2192 1771 2263 pauperi
1794 2197 2032 2264 propter

377 2270 679 2328 Christum
708 2273 866 2330 idem
901 2293 1015 2332 non
1050 2282 1295 2348 praestas
1321 2297 1335 2346 ;
1364 2280 1507 2351 quin
1537 2278 1656 2336 imo
1688 2281 1900 2338 fratres
1926 2298 2026 2336 ceu

380 2359 581 2418 hostes
611 2362 860 2420 insidias
909 2369 1204 2422 struentes
1242 2367 1510 2439 respicis,
1560 2373 1616 2425 et
1659 2386 1785 2442 quae
1833 2386 2032 2426 revera

383 2449 630 2507 insidias
661 2455 1209 2526 struuut,tanquam
1234 2473 1463 2514 sorores
1483 2459 1511 2513 ?
1531 2459 1641 2514 Sed
1662 2459 1821 2515 dices
1844 2460 1987 2515 mihi
2013 2478 2027 2516 :

382 2538 490 2602 Qui
523 2556 763 2609 possum
792 2542 1029 2598 fratrem
1053 2560 1284 2600 mecum
1318 2563 1622 2603 assumere
1643 2549 1671 2602 ?
1699 2548 1802 2604 illa
1833 2566 1924 2604 me
1951 2551 2030 2604 fo-

381 2627 594 2697 vehat;
625 2628 728 2685 illa
758 2629 903 2686 mihi
935 2631 1381 2703 blandiebatur;
1414 2635 1516 2691 illa
1547 2637 1691 2692 mihi
1722 2642 1914 2694 vestes
1938 2654 2034 2693 va-

384 2715 504 2772 rias
537 2717 690 2773 686
722 2721 1086 2792 praeparabat
1117 2741 1131 2790 ;
1167 2722 2030 2794 placentas,scriblitas,of1‘ulas

383 2803 683 2861 faciebat:
729 2806 894 2864 illius
939 2825 1048 2864 vox
1087 2810 1376 2881 jucunda,
1418 2816 1476 2867 et
1519 2813 1771 2871 intuitus
1817 2815 2029 2871 mollis.

379 2891 584 2950 Nescis
615 2895 758 2966 quid
791 2896 1031 2968 cogites.
1065 2899 1492 2956 insanientium
1523 2901 1645 2957 haec
1666 2907 1805 2958 sunt
1835 2905 2030 2960 verba.

386 2979 552 3038 Illius
583 2981 781 3039 dulcia
808 2985 985 3040 verba
1009 3002 1144 3042 mox
1176 2987 1306 3044 felle
1336 2990 1628 3047 amariora
1659 2992 2032 3050 invenientur

380 3068 526 3140 tibi;
559 3069 723 3129 illius
753 3073 950 3130 mollis
1003 3080 1277 3147 aspectus
1307 3078 1368 3134 in
1416 3081 1620 3136 tartari
1672 3081 1930 3138 claustra
1976 3087 2032 3138 te

379 3159 716 3228 contrudit;
748 3165 809 3216 at
838 3162 1086 3218 fratrum
1119 3181 1285 3221 amor
1314 3183 1560 3239 regnum
1591 3169 1695 3224 tibi
1729 3175 2030 3242 comparat

2148 584 2241 645 τός
2294 583 2791 659 παρασυρομένων.
2845 578 3026 645 Φόϐος
3084 581 3367 656 πρόκειται
3421 581 3514 636 καὶ
3569 583 3806 656 τρόμος,

2149 672 2239 726 καὶ
2268 673 2331 726 τὸ
2361 677 2467 748 πῦρ
2507 673 2735 748 ἀπηχεῖ.
2785 669 2992 742 Μηδεὶς
3035 671 3463 748 καταφρονείτω.
3525 670 3638 726 Κᾶν
3696 672 3804 746 γάρ

2147 783 2232 823 τις
2290 758 2569 838 θηριώδης
2623 763 2912 838 τυγχάνῃ,
2977 761 3080 816 ὑπὸ
3131 761 3302 836 πυρὸς
3360 757 3801 832 δαμασθήσεται·

2150 850 2246 906 κᾶν
2295 850 2398 926 γάρ
2427 872 2510 914 τις
2553 847 2930 926 δρακοντώδης
2986 852 3084 919 τήν
3137 849 3477 923 προαίρεσιν,
3533 850 3809 925 τάρταρος

2150 940 2501 1012 ἡτοίμασται·
2535 938 2631 994 κᾶν
2693 937 3064 1012 Σοδομιτικήν
3097 936 3321 1013 καρδίαν
3373 940 3662 1016 περιφέρῃ,
3697 944 3809 1012 πῦρ

2149 1029 2240 1083 ἀπ’
2267 1027 2492 1102 ούρανοῦ
2522 1026 2731 1104 βρέχει·
2782 1027 2905 1083 ὅλοι
2954 1027 3056 1103 γὰρ
3107 1028 3162 1082 οἱ
3205 1026 3421 1101 οὐρανοὶ
3455 1027 3588 1102 πυρὶ
3641 1039 3810 1096 τεθη-

2148 1117 2519 1191 σαυρισμένοι.
2567 1115 2772 1188 Μηδεὶς
2817 1124 2919 1187 τῆς
2959 1121 3055 1172 τοῦ
3107 1113 3368 1191 λέγοντος
3419 1117 3605 1194 φωνῆς
3652 1134 3808 1187 παρ-

2149 1205 2411 1278 ακουέτω,
2443 1203 2590 1261 ἀλλὰ
2611 1213 2714 1275 τῆς
2743 1211 2850 1261 τῶν
2879 1204 3062 1280 λόγων
3098 1203 3379 1277 δυνάμεως
3408 1205 3682 1260 σκοπείτω
3734 1205 3802 1260 τὸ

2148 1290 2401 1372 φοϐερὸν,
2443 1295 2534 1350 καὶ
2589 1296 2688 1364 τὴν
2747 1299 2844 1350 τοῦ
2902 1299 3036 1350 Θεοῦ
3092 1294 3269 1367 κρίσιν
3326 1294 3434 1370 πρὸ
3495 1292 3802 1372 ὀφθαλμῶν

2146 1383 2339 1460 ἐχέτω·
2417 1385 2505 1447 Ὦς
2569 1383 2788 1446 ἀνέλεος
2867 1385 2903 1453 ἡ
2983 1382 3160 1460 κρίσις
3227 1387 3308 1454 τῷ
3368 1383 3445 1456 μὴ
3503 1384 3805 1452 ποιήσαντι

2146 1468 2323 1531 ἔλεον.

2213 1655 2268 1708 9.
2328 1652 2530 1707 Λοιπὸν
2561 1649 2618 1706 δέ
2651 1672 2744 1724 μοι
2783 1652 2974 1725 καιρὸς
3004 1650 3094 1706 καὶ
3120 1649 3258 1725 πρὸς
3288 1649 3430 1722 ὑμᾶς
3465 1650 3661 1726 μέτρια
3719 1649 3800 1704 εἷ-

2141 1747 2285 1808 πεῖν,
2317 1739 2361 1795 ὧ
2393 1738 2693 1815 ἄνθρωποι,
2743 1741 2796 1794 οἱ
2842 1744 2948 1794 τῶν
2997 1736 3247 1816 ἀδελφῶν
3281 1736 3494 1814 ἐχθροὶ,
3542 1738 3635 1792 καὶ
3684 1742 3800 1792 τῶν

2140 1835 2408 1906 γυναικῶν
2439 1829 2616 1907 φίλοι,
2649 1829 2701 1885 οἱ
2729 1828 2804 1887 εἷς
2832 1830 2928 1898 τήν
2959 1832 3070 1884 τῶν
3100 1832 3367 1905 γυναικῶν
3421 1825 3651 1901 θολεράν
3704 1848 3798 1903 φι-

2141 1918 2259 1975 λίαν
2321 1920 2526 1988 ζέοντες
2560 1962 2576 1986 ,
2633 1917 2723 1973 καὶ
2781 1917 2856 1982 εἷς
2915 1920 3014 1988 τήν
3073 1917 3310 2007 καθαρὰν
3367 1920 3475 1971 τῶν
3536 1913 3795 1994 ἀδελφῶν

2140 2009 2352 2084 ἀγάπην
2418 2008 2781 2084 ψυχρότατοι.
2838 2006 2995 2062 Ἀλλ’
3051 2002 3216 2082 ἐρεῖς,
3271 2004 3354 2060 ὅτι
3415 2002 3505 2059 διὰ
3549 2005 3790 2078 Χριστὸν

2141 2097 2270 2152 αὐτὸ
2318 2098 2571 2170 πράττεις
2619 2097 3026 2171 προνοούμενος
3073 2099 3174 2149 τοῦ
3222 2095 3477 2159 ἀσθενοῦς
3542 2094 3796 2160 σκεύους,

2139 2186 2244 2242 Ναὶ
2299 2183 2437 2242 οἶδα.
2485 2185 2583 2239 Διά
2629 2185 2681 2240 τί
2709 2184 2890 2240 τοίνυν
2916 2184 3007 2239 καὶ
3037 2187 3118 2255 τῷ
3149 2180 3370 2260 ἀδελφῷ
3416 2202 3513 2236 σου
3561 2185 3642 2252 τῷ
3699 2177 3794 2236 διὰ

2141 2276 2370 2349 Χριστὸν
2403 2276 2688 2347 πενομένῳ
2716 2274 2777 2329 τὸ
2809 2273 2936 2328 αὐτὸ
2964 2273 3026 2327 οὐ
3058 2277 3257 2342 ποιεῖς,
3298 2268 3444 2326 ἀλλά
3469 2269 3598 2331 τοὺς
3629 2266 3794 2324 ἀδελ-

2141 2365 2274 2442 φοὺς
2329 2365 2404 2428 ὡς
2452 2358 2778 2424 ἐπιϐούλους
2826 2364 2993 2437 ὁρᾷς,
3042 2360 3137 2422 τὰς
3187 2358 3246 2415 δὲ
3301 2353 3652 2430 ἐπιϐούλους,
3715 2358 3795 2420 ὡς

2141 2451 2413 2532 ἀδελφάςς
2475 2452 2627 2510 Ἀλλ’
2657 2452 2796 2527 ἐρεῖς
2833 2469 2947 2524 μοι·
3009 2454 3134 2512 Πῶς
3167 2446 3402 2522 δύναμαι
3428 2444 3795 2532 τὸννάδελφὸν

2145 2544 2259 2616 μετ’
2291 2531 2555 2615 ἐμαυτοῦ
2620 2536 3064 2615 προσλαϐέσθαι;
3124 2539 3298 2608 ἐκείνη
3384 2557 3452 2609 με
3516 2531 3793 2601 ἕθαλπεν·

2141 2631 2319 2701 ἐκείνη
2383 2653 2448 2704 με
2507 2628 2862 2686 ἐκολάκευεν·
2932 2627 3106 2698 ἐκείνη
3170 2647 3264 2700 μοι
3321 2625 3513 2699 ἱμάτια
3563 2623 3798 2680 ποικίλα

2139 2720 2514 2790 κατεσκεύαζε,
2600 2719 2808 2795 θρυπτὰ
2881 2719 2972 2774 καὶ
3051 2714 3347 2792 στρεπτοὺς
3403 2716 3490 2770 καὶ
3550 2713 3796 2784 νεήλατα

2143 2809 2342 2865 ἐποίει·
2379 2808 2586 2879 ἐκείνης
2615 2811 2649 2878 ἡ
2683 2809 2837 2884 φωνὴ
2864 2804 3044 2877 ἡδεῖα,
3076 2806 3166 2861 καὶ
3211 2806 3276 2860 τὸ
3329 2802 3555 2880 βλέμμα
3601 2822 3795 2881 τρυφεο

2143 2899 2256 2971 ρόν.
2289 2898 2400 2954 Οὐκ
2448 2895 2596 2960 οἶδας
2641 2898 2694 2953 τί
2741 2901 2976 2973 φρονεῖς.
3024 2900 3204 2951 Ταῦτα
3233 2893 3688 2964 ἐνθουσιαζόντων
3728 2894 3796 2948 τά

2143 2988 2384 3065 ῥήματα.
2417 2986 2660 3057 Ἐκείνης
2688 2987 2756 3042 τὰ
2791 2985 3030 3062 γλυκερὰ
3073 2984 3294 3061 ῥήματα
3323 2982 3549 3058 ὕστερον
3599 2981 3797 3056 πικρός

2139 3099 2268 3153 τερα
2325 3076 2506 3154 χολῆς
2574 3075 2916 3151 εὑρεθήσεταί
2980 3095 3088 3130 σοι·
3147 3072 3358 3143 ἐκείνης
3410 3073 3472 3127 τὸ
3519 3071 3789 3150 τρυφερὸν

2146 3167 2373 3242 βλέμμα
2427 3165 2501 3228 εἷς
2557 3162 2826 3240 ταρτάρου
2886 3185 2944 3218 σε
2972 3163 3200 3239 κλεῖθρα
3245 3162 3485 3237 κατάγει·
3532 3163 3569 3230 ἡ
3604 3157 3664 3214 δὲ
3691 3164 3790 3215 τοῦ

383 3217 835 3313 οωιοιιιω.έὶιιίά
855 3217 1565 3323 οιγρεαιεὲἶὲέιυίιὲῗιῖεᾞι
1573 3217 2030 3315 ιξέιᾎιζιῖιῖῖιῖνῖξ

2430 3217 2635 3331 ἐγειτέῆ
2673 3217 2948 3330 βασιλείαν
2997 3217 3236 3329 οὐρανῶν
3289 3273 3374 3306 σοι
3396 3217 3680 3326 ’προξένεὶ
3733 3249 3795 3303 Τί

383 3337 566 3390 tatem
589 3337 844 3394 antefers
860 3339 1056 3396 fratris
1077 3343 1346 3412 genuinas
1369 3344 1640 3402 charitati
1659 3346 2033 3419 ‘IQuid,quod

385 3423 597 3493 perdit,
631 3426 896 3494 sectaris,
933 3429 1088 3498 quod
1121 3429 1368 3487 salutem
1401 3433 1591 3500 affert,
1633 3435 1904 3506 rejiciens
1925 3437 1952 3492 ?
1975 3438 2035 3494 Si

387 3510 546 3567 enim
587 3511 697 3568 viri
744 3514 1011 3571 Ninitivaa
1061 3517 1162 3588 qui
1196 3520 1267 3574 ad
1321 3521 1618 3592 propheta;
1668 3525 2033 3596 praedicatio-

393 3615 528 3656 nem
559 3601 956 3669 crediderunt,
987 3611 1297 3678 surgentes
1329 3609 1387 3664 in
1409 3610 1637 3680 judicio
1681 3615 2036 3672 condemna-

394 3687 547 3744 bunt
574 3706 695 3758 eos,
719 3691 819 3762 qui
849 3694 1042 3750 verbis
1068 3695 1300 3752 Domini
1325 3700 1508 3754 nostri
1538 3702 1672 3758 .lesu
1705 3702 1920 3759 Christi
1943 3705 2034 3760 di-

394 3780 484 3832 cto
514 3779 820 3836 audientes
849 3797 978 3838 esse
1010 3783 1346 3856 noluerunt,
1399 3790 1638 3847 omnino
1680 3792 1859 3848 etiam
1889 3809 2036 3865 gen-

390 3866 541 3922 tium
573 3869 998 3942 sapientes,qui
1031 3872 1414 3947 philosophiae
1455 3885 1746 3935 navarunt
1775 3898 2033 3953 operam,

388 3958 446 4010 et
475 3955 958 4016 mulierositatem
990 3963 1241 4018 aversati
1272 3969 1918 4033 sunt,condemnabunt
1936 3988 2036 4028 eos

388 4043 489 4115 qui
524 4045 582 4100 in
609 4062 744 4102 vera
773 4048 1146 4122 philosophia
1173 4060 1504 4126 versantur,
1557 4062 1615 4113 et
1657 4075 1792 4114 cum
1821 4061 2034 4116 intem-

389 4135 731 4204 perantibus
763 4137 1129 4196 mulierculis
1159 4141 1386 4214 seipsos
1417 4143 2034 4220 implicant,quoniam

389 4221 473 4278 illi
503 4240 606 4295 per
633 4227 1083 4297 grammaticam
1117 4228 1425 4287 scientiam
1457 4238 1515 4288 et
1563 4235 1912 4292 rhetoricam
1946 4239 2034 4293 fa-

387 4311 666 4369 cultatem
700 4316 854 4387 (quae
880 4317 1132 4373 stultitia
1161 4325 1249 4375 est
1287 4323 1441 4392 apud
1475 4322 1680 4396 Deum)
1729 4327 2034 4383 continen-

390 4400 532 4457 tiam
565 4404 771 4460 sectati
801 4408 1203 4473 sunt,tametsi
1226 4409 1506 4467 inanibus
1529 4413 1701 4470 idolis
1732 4416 2031 4474 servirent.

387 4490 495 4544 Sed
528 4495 584 4544 et
611 4491 696 4547 illi
727 4493 827 4565 qui
857 4493 917 4549 in
950 4496 1214 4552 stultitiae
1248 4500 1436 4556 stadio
1468 4508 1732 4572 currunt,
1764 4522 1798 4561 a
1831 4523 1892 4562 re
1923 4507 2032 4562 hu-

2142 3347 2241 3414 τὴν
2291 3348 2390 3409 τῆς
2448 3341 2902 3418 ἅσπιδοχελώνης
2959 3340 3198 3397 ὕπουλον
3247 3340 3460 3414 ἀγάπην
3519 3342 3798 3414 προτιμᾷς

2142 3441 2244 3504 τῆς
2269 3438 2366 3489 τοῦ
2403 3431 2641 3510 ἀδελφοῦ
2669 3432 2892 3508 γνησίας
2923 3430 3139 3506 ἀγάπης
3162 3458 3176 3500 ;
3201 3429 3256 3486 τί
3283 3431 3345 3485 τὸ
3376 3425 3622 3484 ἀπόλλον
3659 3424 3797 3482 διώ-

2144 3545 2255 3593 κες,
2286 3524 2348 3578 τὸ
2395 3528 2567 3591 σῶζον
2608 3521 3033 3595 ἀπωθούμενοςς
3079 3519 3144 3574 Εἰ
3190 3521 3294 3596 γὰρ
3339 3515 3528 3592 ἄνδρες
3578 3521 3798 3571 Νινευῖ-

2142 3634 2230 3668 ται
2279 3614 2332 3667 οἱ
2379 3611 2467 3667 ἐπὶ
2504 3617 2584 3683 τῷ
2626 3616 2725 3666 τοῦ
2770 3611 3056 3687 προφήτου
3106 3609 3417 3684 κηρύγματι
3464 3603 3796 3661 πιστεύσαν-

2143 3724 2255 3770 τες,
2287 3701 2600 3764 ἀναστάντες
2653 3700 2706 3755 ἐν
2735 3704 2805 3774 τῇ
2837 3699 3010 3774 κρίσει
3037 3701 3418 3772 κατακρινοῦσι
3470 3693 3600 3756 τοὺς
3652 3713 3796 3768 παρ-

2144 3792 2469 3854 ακούσαντας
2525 3795 2632 3846 τῶν
2689 3793 2786 3845 τοῦ
2836 3786 3038 3864 Κυρίου
3093 3789 3256 3860 ἡμῶν
3315 3787 3495 3856 Ἰησοῦ
3551 3787 3794 3859 Χριστοῦ

2147 3882 2427 3958 ῥημάτων,
2457 3882 2676 3942 πάντως
2735 3898 2840 3934 που
2869 3876 2960 3933 καὶ
3020 3877 3072 3932 οὶ
3127 3881 3234 3931 τῶν
3289 3872 3572 3946 Ἐλλήνων
3605 3871 3795 3948 σοφοὶ,

2144 3973 2197 4027 οἱ
2224 3972 2324 4039 τήν
2365 3968 2686 4048 φιλοσοφίαν
2737 3969 3084 4038 ἀσκήσαντες,
3147 3965 3237 4020 καὶ
3304 3965 3405 4034 τὴν
3473 3960 3790 4048 μισογυνίαν

2143 4045 2421 4133 ἑλόμενοι,
2463 4045 2844 4134 κατακρινοῦσι
2889 4055 3018 4121 τοὺς
3054 4054 3105 4110 ἐν
3135 4057 3205 4128 τῇ
3237 4052 3474 4124 ἀληθινῇ
3504 4049 3669 4127 σοφίᾳ
3697 4045 3796 4103 ὄν-

2140 4171 2258 4216 τας,
2330 4149 2420 4203 καὶ
2487 4145 3006 4222 συμπεπλεγμένους
3084 4141 3449 4219 γυναικαρίοις
3516 4139 3794 4200 ἀσώτοις·

2142 4239 2226 4294 ὅτι
2259 4237 2452 4294 ἐκεῖνοι
2485 4234 2574 4292 διὰ
2601 4235 2993 4312 γραμματικὴν
3024 4231 3307 4307 ἐμπειρίαν
3350 4230 3437 4285 καὶ
3490 4227 3795 4303 ῥητορικὴν

2145 4327 2445 4398 δεινότητα,
2496 4327 2616 4396 ἥτις
2662 4325 2841 4400 μωρία
2887 4323 3035 4398 παρά
3078 4326 3159 4394 τῷ
3206 4319 3320 4392 Θεῷ
3369 4317 3534 4389 ἐστιν,
3589 4316 3798 4392 ἐγκρά-

2141 4439 2285 4474 τειαν
2335 4417 2603 4488 ἤσκησαν,
2662 4415 2855 4486 καίπερ
2917 4409 3173 4474 εἰδώλοις
3215 4409 3451 4482 ἀψύχοις
3492 4405 3795 4483 λατρεύον-

2140 4531 2246 4572 τες.
2282 4505 2457 4566 Ἀλλὰ
2501 4506 2592 4561 καὶ
2639 4506 2691 4559 οἱ
2723 4503 2775 4559 ἐν
2804 4508 2885 4575 τῷ
2921 4509 3021 4571 τῆς
3053 4500 3242 4574 μανίας
3270 4494 3471 4567 σταδίῳ
3499 4497 3797 4571 τρέχοντες

379 4577 646 4648 jusmodi
671 4585 1022 4654 temperant,
1057 4602 1128 4640 ne
1158 4587 1533 4658 respicientes
1555 4592 1790 4663 quidem
1825 4595 2033 4652 mulie-

2145 4601 2538 4673 καταφρονοῦσι
2582 4594 2678 4649 τοῦ
2722 4594 3061 4666 πράγματος,
3117 4585 3257 4660 μηδὲ
3305 4587 3368 4641 τὸ
3405 4584 3666 4673 ’σύνολον
3712 4584 3790 4646 εἷς

387 4683 534 4736 rem,
565 4670 967 4742 corruptibilis
1009 4674 1232 4744 praemii
1282 4679 1491 4748 gratia.
1541 4680 1656 4738 Vos
1698 4687 1893 4740 autem
1927 4685 2028 4757 qui

2145 4669 2360 4762 γυναῖκα
2404 4679 2792 4758 ἐμϐλέποντες,
2844 4684 2940 4735 τοῦ
2993 4681 3230 4755 φθαρτοῦ
3287 4669 3545 4762 βραϐείου
3598 4671 3787 4762 χάριν·

389 4758 668 4826 mysteria
679 4774 874 4815 rerum
889 4761 1212 4818 caelestium
1233 4768 1622 4834 noscitatis,et
1636 4771 1811 4827 futuri
1831 4774 2029 4830 smeuli

385 4845 689 4904 horribilia
711 4850 1003 4922 supplicia
1028 4854 1790 4924 praeaudistis,honestatem
1816 4879 2032 4934 nequa-

386 4950 566 5006 quam
596 4938 1010 5006 servastis,nec
1030 4941 1452 4999 continentiam
1482 4949 2032 5018 custodistis,stulta

386 5023 611 5082 ratione
633 5026 883 5100 abrepti,
897 5031 1402 5090 contubernalium
1418 5036 1687 5094 videlicet
1700 5040 2025 5098 sodalitate.

460 5119 546 5174 10.
580 5121 648 5176 Et
676 5137 932 5192 quonam
967 5129 1133 5196 pacto
1159 5128 1366 5197 poterit
1395 5129 1530 5200 quis
1562 5147 1630 5186 ex
1661 5133 1824 5188 vobis
1846 5135 2032 5192 Eccle-

384 5208 483 5265 siae
514 5210 973 5270 sollicitudinem
1011 5231 1228 5286 gerere,
1282 5222 1338 5273 et
1377 5219 1713 5278 imbuendis
1766 5223 2032 5280 doctrina

384 5299 686 5372 religionis
736 5301 1074 5359 hominibus
1122 5311 1321 5377 aptum
1379 5307 1438 5362 in
1506 5309 1757 5366 ecclesia
1817 5311 2032 5368 habere

383 5406 734 5459 sermonem,
769 5409 900 5449 cum
935 5393 1059 5465 ipse
1091 5394 1148 5448 in
1180 5399 1551 5452 antecessum
1586 5400 1881 5472 propriam
1914 5419 2028 5458 non

383 5482 723 5553 expurgarit
751 5483 1171 5538 conscientiam
1205 5483 1232 5538 7
1259 5485 1343 5539 Ad
1377 5501 1549 5555 quem
1581 5489 1790 5545 merito
1821 5489 2033 5548 dixerit

452 5596 497 5630 ⁸⁸
524 5596 651 5651 Jac.
684 5613 746 5666 ιι,
781 5599 868 5652 13.

452 5694 568 5764 (85)
588 5693 801 5751 Deesse
829 5695 1062 5752 videtur
1080 5698 1188 5750 τῶν
1220 5692 1348 5757 ὖπό.
1377 5698 1535 5757 Enrr.

2141 4760 2297 4848 ὗμεῖς
2351 4770 2408 4828 δὶ
2467 4771 2533 4828 τὰ
2598 4771 2868 4844 μυστήρια
2908 4764 3013 4821 τῶν
3070 4761 3399 4838 ἐπουρανίων
3449 4760 3789 4848 πραγμάτων

2140 4844 2474 4938 ἐπιγνόντες,
2505 4862 2595 4916 καὶ
2625 4860 2691 4914 τὰ
2717 4862 2813 4914 τοῦ
2848 4854 3145 4929 μέλλοντος
3178 4851 3374 4912 αἰῶνος
3419 4844 3628 4938 φοϐερὰ
3667 4869 3789 4922 κρι-

2139 4937 2303 5030 τήρια
2333 4949 2788 5027 προακούσαντες,
2818 4947 2915 5015 τὴν
2963 4941 3318 5020 σωφροσύνην
3368 4938 3466 4994 οὐκ
3512 4937 3791 5030 ἐτηρήσα-

2137 5025 2497 5111 15,068311‘w
2544 5035 2851 5114 ἐγκράτειαν
2901 5031 3216 5111 ἐφυλάξατε,
3270 5028 3482 5103 ματαίῳ
3530 5025 3789 5104 λογισμῷ

2145 5130 2473 5207 ὑπαχθέντες
2504 5132 2570 5202 τῇ
2601 5130 2707 5181 τῶν
2741 5125 3060 5198 ὁμοσκήνων
3094 5119 3346 5194 ἑταιρείᾳ.

2359 5220 2457 5274 Καὶ
2509 5221 2626 5280 πῶς
2681 5237 2765 5279 τις
2807 5214 2858 5284 ἐξ
2912 5213 3062 5285 ὑμῶν
3123 5207 3406 5279 δυνήσεται
3458 5202 3794 5274 Ἐκκλησίας

2139 5313 2581 5386 προνοήσασθαι,
2631 5305 2721 5360 καί
2770 5305 2862 5359 τὸν
2912 5302 3036 5376 περὶ
3091 5300 3450 5386 κατηχήσεως
3508 5291 3682 5386 λόγον
3734 5293 3788 5348 ἐν

2140 5383 2404 5469 ἐκκλησίᾳ
2453 5395 2714 5467 λαλῆσαι,
2760 5393 2919 5456 αὐτὸς
2969 5391 3045 5464 μή
3094 5385 3496 5465 προκαθαρίσας
3531 5386 3633 5455 τὴν
3667 5383 3791 5440 ἐαυ-

2137 5492 2235 5543 τοῦ
2293 5485 2638 5557 συνείδησιν;
2695 5482 2838 5556 Πρὸς
2913 5475 2971 5536 ξίν
3045 5479 3106 5534 ἄν
3172 5498 3254 5539 τις
3314 5475 3557 5552 εὐλόγως
3615 5470 3786 5530 εἴποι.
