4120 6230
1372 406 1638 468 SERMO
1679 404 1780 464 DE
1825 403 2614 468 CONTUBERNALIBUS.

3575 409 3696 470 826

279 536 572 614 Ὑποκριτὰ
605 580 620 607 ,
679 531 876 592 ἔκϐαλε
972 540 1191 611 πρῶτον
1277 538 1375 606 τὴν
1455 535 1616 591 δοκὸν
1697 533 1759 589 ἐκ
1837 536 1924 587 τοῦ

2047 551 2341 594 nonnemo
2370 555 2383 594 :
2417 540 2731 611 Hypocrita,
2765 541 2897 608 εἰὶσε
2937 541 3185 611 primum
3225 539 3440 594 trabem
3467 555 3540 595 ex
3567 556 3698 596 oeu-

278 625 572 702 όφθαλμοῦ
669 646 766 680 σου
801 671 816 693 ,
872 625 965 680 καὶ
1037 625 1165 681 τότε
1249 622 1454 699 δυνήσῃ
1537 619 1786 680 ἐκϐαλεῖν
1869 619 1932 676 τὰ

276 716 484 794 κάρφος
539 715 603 770 τὸ
653 714 706 769 ἐν
755 718 834 786 τῷ
882 713 1156 791 ὀφθαλμῷ
1205 714 1302 770 τόῦ
1350 712 1588 788 ἀδελφοῦ
1648 733 1762 766 σου.
1808 714 1931 771 Πῶς

280 802 340 860 δὲ
397 805 488 860 καὶ
545 805 667 880 περὶ
719 804 1075 881 σωφροσύνης
1112 801 1416 877 τολμήσεις
1468 800 1729 868 λαλῆσαι,
1771 799 1931 861 αὐτὸς

275 894 679 969 γυναικομανία
709 889 1126 965 δεδουλωμένος
1153 913 1166 963 ;
1199 892 1235 962 ἢ
1261 897 1378 955 πῶς
1426 893 1495 948 τὰ
1549 891 1672 966 περὶ
1719 887 1929 944 δικαιο-

275 970 439 1052 σύνης
483 979 718 1052 διδάξαι,
751 980 911 1044 αὐτὸς
964 981 1068 1036 ὑπὸ
1113 988 1218 1051 τῆς
1265 979 1478 1042 ἀδικίας
1523 979 1929 1054 κρατούμενος;

276 1071 626 1147 Θεραπευέτω
654 1070 836 1126 τοίνυν
869 1075 1086 1146 πρῶτον
1117 1072 1180 1126 τὸ
1231 1071 1423 1126 ἑαυτοῦ
1477 1073 1694 1145 τραῦμα
1745 1068 1774 1123 ὁ
1823 1087 1934 1122 τοι·

283 1165 465 1229 οῦτος,
496 1160 586 1215 καὶ
615 1159 742 1217 τότε
771 1157 1056 1230 δυνήσεται
1085 1159 1179 1215 τὸν
1234 1163 1332 1216 τοῦ
1386 1155 1624 1236 ἀδελφοῦ
1681 1155 1932 1230 μώλωπα

274 1247 548 1314 ἰάσασθαι,
583 1247 775 1324 λόγοις
829 1247 996 1312 θείοις
1022 1248 1124 1317 τὴν
1157 1248 1342 1324 ψυχὴν
1395 1246 1559 1302 αὐτοῦ
1601 1242 1928 1322 ἐπιρρώσας·

274 1339 338 1394 τὸ
367 1337 469 1413 γάρ
502 1343 601 1407 τῆς
625 1340 814 1414 ψυχῆς
863 1340 1081 1412 τραῦμα
1121 1342 1240 1401 τοῖς
1293 1335 1472 1412 ἁγίοις
1522 1335 1709 1410 Λόγοις
1762 1353 1931 1408 παρα-

280 1428 618 1502 μυθούμενον
675 1429 1020 1505 κουφίζεται.
1086 1425 1398 1502 Παρακάλει
1469 1426 1648 1483 τοίνυν
1725 1424 1927 1486 πάντας

269 1518 400 1580 τοὺς
431 1517 770 1594 ἀνθρώπους,
801 1516 930 1580 τοὺς
981 1517 1078 1591 μὶν
1125 1517 1526 1591 πυρουμένους,
1560 1515 1610 1572 εἷ
1664 1513 1928 1592 βούλοιν-

262 1628 353 1675 το,
381 1611 577 1681 γαμεῖν
637 1605 693 1661 ἐν
753 1610 970 1679 Χριστῷ
1017 1607 1405 1681 (γινώσκοντας
1440 1607 1650 1680 μέντοι,
1699 1604 1774 1667 ὡς
1833 1603 1928 1677 μία

269 1694 348 1750 ἑνὶ
375 1692 645 1766 ἐπλάσθη,
677 1699 896 1772 πρῶτος
929 1693 987 1751 δὲ
1017 1695 1215 1772 Λάμεχ
1244 1693 1320 1751 ὢν
1360 1695 1419 1751 ἐκ
1465 1699 1562 1751 τοῦ
1607 1695 1764 1761 Κάϊν,
1799 1689 1926 1749 ἔλα-

271 1777 361 1837 ϐεν
421 1783 594 1855 ἑαυτῷ
652 1781 748 1839 δύο
804 1789 1089 1861 γυναῖκας’
1133 1785 1198 1840 τὸ
1256 1783 1314 1840 δὲ
1363 1786 1537 1856 ἑαυτῷ
1594 1777 1780 1839 λαϐεῖν
1813 1781 1924 1836 ἐστι

2043 629 2094 680 lo
2126 633 2237 692 tuo,
2267 630 2318 682 et
2364 632 2495 683 tunc
2530 630 2733 700 poteris
2788 630 2984 699 ejicere
3036 631 3324 700 festucam,
3358 642 3483 699 quae
3527 637 3607 683 est
3637 631 3695 682 in

2042 714 2201 769 oculo
2230 717 2426 786 fratris
2456 719 2542 772 tui
2588 718 2652 772 5°.
2704 719 3006 783 Quomodo
3038 734 3172 773 vero
3205 722 3263 773 et
3292 718 3363 772 dc
3396 717 3700 772 honestate

2039 801 2198 874 loqui
2234 806 2498 873 audebis,
2534 807 2659 878 ipse
2681 806 3095 877 intemperanti
3121 805 3434 862 mulierum
3468 805 3698 860 insania

2042 899 2346 966 correptus
2368 895 2396 948 ‘I
2421 897 2537 950 Aut
2565 897 2862 966 quomodo
2895 913 2959 951 ea
2992 895 3427 967 quaejustitiam
3463 895 3693 962 decent,

2041 983 2301 1054 edocere,
2326 984 2451 1056 ipse
2482 985 2554 1040 ab
2585 985 2878 1056 injustitia
2909 985 3258 1041 devinctus?
3279 985 3699 1041 Medeaturita-

2041 1087 2153 1141 que
2185 1073 2442 1144 primum
2490 1074 2590 1146 qui
2643 1073 2988 1145 hujusmodi
3021 1079 3128 1144 est,
3160 1073 3298 1130 huic
3344 1072 3608 1140 vulneri;
3641 1077 3698 1128 et

2039 1164 2181 1215 tunc
2211 1162 2424 1232 poterit
2463 1163 2732 1218 fraternae
2778 1163 2950 1219 vibici
3011 1163 3285 1220 adhibere
3317 1162 3692 1227 medicinam,

2038 1249 2229 1306 verbis
2261 1251 2474 1308 divinis
2506 1251 2668 1308 illius
2718 1253 2976 1309 animam
3025 1251 3428 1308 corroborans.
3473 1250 3694 1305 Anima:

2038 1338 2253 1395 etenim
2281 1339 2496 1396 vulnus
2527 1341 2748 1396 sanctis
2778 1341 2970 1397 verbis
3015 1341 3346 1409 delinitum,
3388 1339 3690 1396 allevatur.

2038 1428 2428 1492 Quamobrem
2461 1428 2696 1486 hortare
2726 1447 2932 1486 omnes
2985 1429 3274 1495 homines,
3308 1445 3410 1485 eos
3455 1429 3689 1501 quidem

2038 1517 2140 1589 qui
2173 1521 2442 1587 uruntur,
2469 1523 2535 1573 ut
2560 1519 2608 1574 si
2639 1519 2838 1586 velint,
2861 1535 3102 1575 uxorem
3134 1519 3354 1574 ducant
3384 1518 3440 1573 in
3459 1518 3692 1574 Christo

2038 1607 2311 1679 (scientes
2351 1613 2552 1663 tamen
2599 1609 2753 1680 quod
2789 1625 2908 1664 una
2936 1608 3038 1663 uni
3072 1609 3319 1663 formata
3348 1607 3542 1677 fuerit,
3584 1612 3689 1662 La-

2037 1696 2203 1752 mech
2237 1713 2369 1752 vero
2403 1697 2652 1769 primus,
2685 1697 2845 1769 quia
2873 1698 3009 1752 Cain
3043 1712 3230 1768 genus
3261 1696 3691 1763 ducebat,acce-

2033 1794 2118 1856 ρει
2162 1785 2277 1841 .ςίὁὶ
2312 1786 2454 1842 duas
2502 1802 2702 1842 uxores
2731 1787 2801 1843 ‘°.
2856 1785 2975 1841 Sibi
3026 1790 3221 1841 autem
3272 1785 3554 1856 accipere,
3606 1787 3696 1838 est

267 1871 332 1926 τὸ
366 1872 442 1942 μὴ
475 1871 612 1927 κατά
641 1871 1042 1971 θέλημαυθεοῦ.
1076 1874 1138 1928 Ἦ
1198 1873 1304 1949 γὰρ
1361 1871 1702 1948 πολυγαμία,
1735 1871 1920 1946 γάμου

2036 1891 2152 1930 non
2182 1875 2504 1931 secundum
2539 1875 2640 1930 Dei
2671 1875 3124 1947 beneplacitum.
3157 1873 3490 1946 Polygamia
3522 1888 3696 1929 nam-

275 1961 372 2032 μὲν
407 1957 525 2036 ἔχει
548 1961 611 2016 τὸ
641 1956 836 2034 ὄνομα,
870 1956 982 2017 ἔστι
1014 1959 1073 2017 δὲ
1124 1959 1584 2038 φιλευπρόσωπος
1635 1959 1879 2038 πορνεία)
1907 1981 1919 1994 ·

268 2047 399 2111 τοὺς
428 2045 486 2105 δὲ
535 2047 1048 2126 ἐγκρατευομένους,
1080 2049 1303 2114 τελείως
1353 2051 1404 2106 ἐν
1450 2052 1665 2127 Χριστῷ
1720 2050 1922 2122 ἀσκεῖν,

273 2139 362 2193 καὶ
401 2139 478 2212 μὴ
508 2143 588 2211 τῷ
621 2140 718 2214 μὲν
770 2138 999 2214 ὀνόματι
1058 2137 1400 2218 φιλοσοφεῖν,
1430 2141 1492 2195 τὸ
1525 2137 1582 2194 δὲ
1613 2137 1770 2214 ἔργον
1800 2137 1924 2193 ἐπι-

267 2227 702 2302 κεκαλυμμένως
743 2229 1022 2305 πράττειν.
1057 2226 1217 2300 Μηδὶ
1273 2228 1439 2285 πάλιν
1496 2233 1613 2291 τοῖς
1667 2232 1776 2283 τῶν
1829 2227 1920 2282 ἀν-

269 2317 508 2392 θρώπων
545 2315 858 2394 ὀφθαλμοῖς
888 2319 1210 2395 προσέχετε,
1232 2317 1316 2374 ὅτι
1347 2317 1455 2395 οὐχ
1485 2319 1698 2394 ὁρᾶσθε,
1711 2315 1919 2392 τοίχων

277 2406 418 2478 ὑμᾶς
448 2405 787 2481 πανταχόθεν
836 2405 1278 2482 περικλειόντωνο
1306 2405 1452 2462 ἀλλά
1499 2407 1598 2476 τὴν
1645 2409 1742 2460 τοῦ
1789 2409 1921 2461 Θεοῦ

270 2493 504 2563 ἀπειλήν
565 2489 980 2572 φοϐήθητε,ὅτι
1027 2497 1202 2551 πάντα
1253 2495 1451 2570 γυμνὰ,
1508 2494 1598 2550 καὶ
1653 2514 1922 2570 τετραχη-

273 2581 506 2656 λισμένα
557 2583 786 2638 ἐνώπιον
850 2583 1014 2640 αὐτοῦ
1071 2585 1194 2654 εἰσι,
1225 2584 1292 2640 τὸ.
1338 2584 1395 2640 ἐν
1443 2583 1594 2640 νυκτὶ
1623 2583 1713 2639 καὶ
1741 2585 1923 2660 ἡμέρᾳ

276 2671 380 2726 ὑπὸ
409 2675 519 2728 τῶν
553 2673 851 2749 ἀνθρώπων
883 2674 1252 2750 πραττόμενα.

347 2852 435 2908 11.
465 2849 564 2906 Καί
597 2871 690 2924 μοι
750 2852 1019 2925 θαυμάσαι
1069 2849 1192 2907 λίαν
1241 2847 1443 2907 ἔπεισιν
1493 2848 1922 2924 ὖκπληττομένῳ

276 2939 377 3007 τήν
409 2938 760 3011 ἀναισθησίαν
790 2945 898 2995 τῶν
961 2941 1388 3014 μυωπαζόντων,
1419 2944 1538 3004 πῶς
1591 2941 1646 2994 αἱ
1705 2938 1921 3010 θήλειαι

277 3025 497 3099 ἰκουσίᾳ
522 3030 719 3105 γνώμῃ
774 3029 964 3091 ἑαυτὰς
1017 3029 1094 3093 εἷς
1141 3026 1389 3085 δουλείαν
1443 3025 1791 3097 ἔκδεδώκασι,
1839 3048 1920 3082 τι·

277 3123 386 3190 μῆς
453 3119 556 3173 ὑπὸ
602 3122 699 3173 τοῦ
753 3117 1124 3191 τετιμηκότος
1183 3118 1586 3194 ἀγορασθεῖσαι.
1641 3116 1921 3180 Πολλάκις

275 3205 378 3280 γάρ
406 3227 490 3267 τις
520 3206 658 3282 κόρη
690 3212 807 3268 τοῖς
839 3204 999 3269 ίδίοις
1041 3209 1260 3282 γονεῦσι
1321 3207 1396 3280 μὴ
1454 3205 1923 3280 ἐξυπηρετησαμέ-

272 3272 362 3364 vn,
390 3294 481 3349 καὶ
511 3272 748 3368 ἀμοιϐὰς
777 3293 1000 3352 δικαίων
1031 3272 1211 3351 ⁴πιόνων
1247 3272 1332 3369 μὴ.
1383 3272 1763 3351 ἀποδεδώκυῖα
1809 3272 1924 3358 τοῖς
1953 3272 1998 3341 C

275 3383 469 3453 ἑαυτῆς
499 3386 876 3458 γεννήτορσιν,
909 3383 1043 3456 αὕτη
1078 3381 1344 3440 σπουδαία
1374 3383 1451 3450 εἷς
1488 3385 1581 3440 τὸν
1641 3384 1926 3460 ἀγαπητὸν

275 3473 492 3551 εὑρέθη,
526 3475 615 3530 καί
667 3475 840 3531 πάντα
896 3475 1099 3548 τρόπον
1152 3475 1467 3551 ἀγωιίζεται
1517 3474 1664 3548 αὖτῷ
1717 3475 1924 3552 ἀρέσαι,

273 3564 363 3618 καὶ
395 3563 527 3641 οὐχὶ
556 3569 672 3638 Θεῷ
706 3559 938 3628 εὐσεϐῶς
972 3562 1286 3634 δουλεῦσαι,
1317 3563 1527 3640 νόκτωρ
1556 3585 1614 3620 τε
1660 3565 1750 3620 καὶ
1809 3565 1926 3639 μεθ’

272 3653 481 3729 ἡμέραν
531 3651 978 3729 ταλαιπωροῦσα,
1011 3654 1100 3708 καὶ
1155 3651 1355 3715 στολὰς
1414 3651 1780 3724 ἐξαλάσσουσα
1836 3653 1927 3708 αὐ-

270 3746 350 3814 τῷ
378 3741 470 3796 καὶ
518 3742 1004 3812 κατασκευάζουσα·
1038 3742 1128 3798 καὶ
1184 3740 1376 3798 πολλὰ
1431 3739 1574 3798 ἄλλα
1629 3741 1926 3818 πράγματά

271 3829 432 3895 ἔστιν,
465 3830 498 3884 ’ἀ
532 3831 629 3886 οὐκ
657 3831 985 3906 ἀγνοοῦμεν,
1018 3831 1164 3887 ἀλλὰ
1191 3835 1283 3885 νῦν
1315 3828 1496 3906 λέγειν
1543 3831 1608 3886 οὐ
1657 3829 1925 3905 βουλόμε-

275 3929 358 3982 ea“
394 3917 455 3973 οὐ
487 3921 591 3994 γὰρ
625 3919 780 3992 θέμις
837 3921 904 3974 τά
948 3927 1127 3998 κρυφῆ
1180 3918 1439 3996 γινόμενα
1495 3920 1584 3974 ὑπ’
1613 3918 1787 3974 αὐτῶν
1850 3919 1926 3984 εἰς

274 4006 437 4080 μέσον
470 4009 638 4083 ἄγειν,
671 4009 704 4063 ’ὰ
732 4009 821 4064 καὶ
852 4013 930 4080 τῷ
979 4008 1154 4085 λέγειν
1201 4008 1404 4084 αἰσχρὰ
1449 4009 1731 4084 τυγχάνει.
1764 4009 1821 4062 Ὀ
1866 4005 1925 4064 δὶ

271 4093 493 4169 λοιπὸν,
527 4098 705 4172 ὥσπερ
744 4119 827 4159 τις
883 4097 1044 4173 ἰχθὺς
1104 4093 1507 4175 ἀμφιϐλήστρῳ
1564 4100 1715 4170 κακῷ
1769 4117 1924 4173 περι-

271 4180 526 4256 ϐληθεὶς,
581 4183 669 4242 διὰ
716 4192 825 4242 τῶν
878 4187 1112 4259 ἱματίων
1195 4185 1286 4240 καὶ
1368 4193 1469 4256 τῆς
1547 4185 1924 4264 θανατηφόρου

277 4274 579 4349 ὑπηρεσίας
637 4278 737 4341 τῆς
814 4276 950 4330 κατᾶ
1025 4275 1528 4351 ἀνθρωπαρέσκειαν
1606 4275 1923 4349 γινομένης,

269 4364 361 4418 καὶ
435 4365 498 4419 οὗ
557 4365 692 4420 κατά
765 4359 1101 4434 θεοσέϐειαν,
1163 4361 1497 4419 δεδούλωται
1564 4366 1646 4435 τῷ
1699 4362 1920 4439 γυναίῳ,

274 4451 492 4525 μεθύων
521 4452 584 4507 τὸ
616 4452 893 4530 φρόνημα,
945 4452 1034 4507 καὶ
1077 4449 1502 4528 κραδαινόμενος
1534 4450 1678 4513 ὅλως
1735 4450 1920 4508 ἐκλύε-

268 4561 355 4595 ται
393 4542 496 4595 ὑπὸ
537 4545 646 4595 τῶν
686 4541 1003 4617 γυναικείων
1042 4541 1320 4618 ῥημάτων,
1347 4539 1438 4596 καὶ
1487 4537 1642 4596 οὕττε
1688 4560 1919 4616 προσευ-

2033 1979 2164 2035 que,
2217 1963 2476 2036 conjugii
2537 1964 2776 2036 quidem
2831 1980 3042 2020 nomen
3093 1963 3286 2030 habet,
3318 1963 3418 2019 sed
3449 1961 3696 2018 honesta

2033 2052 2338 2108 fornicatio
2390 2056 2523 2121 est),
2557 2069 2656 2109 eos
2703 2069 2839 2110 vero
2889 2053 2992 2124 qui
3041 2051 3465 2109 continentiam
3515 2051 3692 2124 proﬁ-

2029 2143 2251 2205 tentur,
2285 2144 2350 2196 ut
2393 2142 2640 2213 perfecte
2691 2142 2751 2197 in
2797 2142 3028 2198 Christo
3074 2144 3400 2205 exerceant,
3429 2157 3534 2196 nec
3563 2157 3691 2196 ver-

2032 2229 2105 2284 bo
2133 2229 2372 2300 quidem
2407 2229 2914 2303 philosophentur,
2946 2246 3068 2286 rem
3095 2234 3292 2286 tamen
3324 2228 3690 2284 clandestino

2031 2322 2382 2390 perpetrant.
2419 2319 2616 2390 Neque
2647 2337 2856 2376 rursus
2885 2319 3148 2374 animum
3191 2316 3472 2373 humanis
3501 2316 3688 2373 oculis

2032 2407 2332 2476 advertite,
2360 2408 2514 2480 quod
2558 2424 2768 2480 nempe
2812 2425 2926 2464 non
2974 2406 3316 2472 videamini,
3362 2407 3688 2478 parietibus

2030 2512 2132 2552 vos
2161 2495 2618 2569 circumquaque
2647 2496 3136 2553 concludentibus
3170 2513 3183 2552 :
3227 2495 3327 2551 sed
3363 2495 3460 2550 Dei
3494 2493 3688 2551 minas

2032 2585 2294 2653 metuite,
2327 2587 2482 2657 quod
2513 2587 2700 2642 omnia
2728 2587 2880 2642 nuda
2927 2594 2978 2642 et
3022 2587 3344 2658 resupinato
3373 2601 3559 2640 coram
3589 2585 3688 2640 illo

2028 2679 2158 2730 sunt
2211 2675 2276 2743 ⁸³,
2339 2691 2466 2748 quae
2525 2675 2779 2732 interdiu
2839 2679 2897 2732 et
2963 2680 3138 2731 noctu
3204 2674 3276 2731 ab
3343 2673 3685 2729 hominibus

2033 2763 2204 2819 ﬁunt

2104 2854 2189 2908 11.
2225 2858 2304 2910 Ac
2345 2853 2491 2909 mihi
2537 2854 2816 2910 admirari
2875 2854 3252 2911 vehementer
3303 2852 3486 2916 subit,
3540 2851 3681 2905 dum

2033 2941 2349 2998 stoliditate
2401 2957 2601 2998 eorum
2649 2943 2932 3014 percellnr
2987 2942 3087 3014 qui
3148 2945 3446 3012 tantopere
3499 2955 3683 2995 caecu-

2029 3031 2187 3086 tiunt
2219 3047 2232 3086 :
2266 3046 2524 3102 quanam
2552 3031 2823 3088 videlicet
2867 3031 3090 3086 ratione
3145 3027 3500 3086 muliercula:
3533 3027 3686 3082 ultro

2033 3136 2096 3175 se
2137 3118 2278 3192 ipsa:
2323 3120 2382 3175 in
2433 3121 2775 3176 servitutem
2823 3121 3062 3190 dedant,
3113 3119 3295 3190 pretio
3349 3119 3420 3173 ab
3471 3134 3538 3173 eo
3588 3116 3689 3189 qui

2036 3208 2438 3278 estimaverit,
2488 3214 2785 3282 coemptas.
2833 3210 2996 3282 Saepe
3039 3208 3195 3265 enim
3259 3207 3570 3279 contingit,
3625 3209 3692 3261 ut

2035 3297 2232 3370 puella
2263 3298 2548 3370 quispiam
2579 3298 2703 3355 suis
2725 3298 3070 3371 parentibus
3091 3312 3464 3369 nequaquam
3501 3296 3690 3350 famu-

2037 3386 2176 3456 lata,
2210 3403 2315 3444 nec
2345 3391 2583 3443 mutuas
2607 3387 2901 3458 justorum
2947 3386 3215 3443 laborum
3246 3385 3402 3441 vices
3435 3383 3690 3456 propriis

2036 3475 2399 3548 genitoribus
2430 3477 2704 3544 reddens,
2732 3493 2800 3532 ea
2829 3476 3096 3533 studiosa
3128 3475 3186 3530 in
3218 3473 3496 3530 dilectum
3529 3472 3690 3528 inve-

2037 3566 2252 3636 niatur,
2271 3570 2328 3622 et
2356 3581 2560 3623 omnes
2587 3582 2796 3622 nervos
2817 3565 3083 3621 intendat
3107 3568 3170 3621 ut
3200 3564 3251 3620 ei
3283 3563 3548 3636 placeat;
3571 3578 3688 3617 non

2035 3659 2231 3711 tamen
2264 3654 2378 3711 Deo
2409 3654 2679 3728 religiose
2708 3655 3034 3722 deserviat;
3067 3653 3166 3709 diu
3200 3657 3497 3725 noctuque
3530 3649 3690 3707 solli-

2034 3744 2169 3809 cita,
2202 3743 2373 3814 eique
2422 3743 2769 3800 indumenta
2799 3743 3049 3801 subinde
3080 3746 3424 3815 permutans
3455 3744 3509 3797 et
3542 3756 3684 3812 pra;-

2034 3849 2271 3905 parans.
2306 3831 2462 3903 (Aliae
2503 3836 2644 3887 sunt
2686 3832 2826 3888 item
2877 3848 2971 3887 res
3015 3831 3370 3902 complures,
3404 3845 3553 3900 quas
3587 3845 3691 3882 ne-

2033 3937 2326 3994 quaquam
2345 3919 2706 3991 ignoramus,
2734 3921 2836 3976 sed
2860 3936 3007 3993 quas
3039 3919 3232 3976 dicere
3261 3933 3417 3972 nunc
3443 3915 3687 3970 minime

2033 4009 2348 4065 volumus:
2383 4024 2572 4080 neque
2615 4008 2772 4064 enim
2823 4009 2911 4063 fas
2959 4010 3070 4075 est,
3099 4010 3163 4061 ut
3209 4022 3336 4078 quae
3378 4003 3579 4059 furtim
3613 4002 3686 4057 ab

2032 4098 2151 4154 illis
2177 4097 2424 4164 ﬁunt,in
2457 4097 2713 4153 medium
2747 4097 3138 4169 proferantur,
3163 4111 3294 4151 cum
3317 4110 3384 4149 ea
3407 4091 3494 4147 vel
3526 4091 3687 4146 dictu

2032 4187 2153 4244 sint
2181 4187 2424 4260 turpia.)
2457 4186 2556 4243 Ille
2597 4203 2730 4242 vero
2769 4185 2936 4257 quasi
2988 4185 3232 4256 quidam
3282 4181 3460 4255 piscis
3513 4179 3686 4235 malis

2033 4276 2222 4350 plagis
2254 4275 2538 4342 irretitus,
2571 4291 2675 4348 per
2702 4274 3050 4330 vestimenta
3089 4276 3147 4328 et
3193 4270 3563 4328 mortiferum
3598 4268 3686 4324 fa-

2031 4367 2348 4437 mulatum,
2378 4365 2478 4438 qui
2510 4380 2576 4422 ea
2633 4369 2829 4421 mente
2878 4363 3185 4419 exhibetur
3238 4365 3303 4416 ut
3341 4358 3686 4415 hominibus

2027 4456 2348 4528 placeatur,
2382 4471 2496 4511 non
2545 4469 2679 4511 vero
2722 4453 3046 4510 secundum
3096 4451 3390 4524 pietatem,
3419 4448 3686 4517 captivus

2029 4546 2184 4602 cedit
2214 4543 2479 4611 mulieri;
2513 4548 2708 4600 mente
2734 4542 3190 4609 temulentus,ac
3222 4539 3462 4596 omnino
3495 4537 3690 4610 lapsa-

269 4637 382 4705 χῆς
412 4629 602 4703 καιρὸν
653 4627 848 4684 λοιπὸν
908 4628 1271 4706 ἐπιγινώσκει,
1305 4626 1428 4685 οὔτε
1483 4629 1570 4684 ἐὰν
1619 4628 1765 4706 κύψῃ
1823 4634 1922 4686 τοῦ

2035 4634 2264 4690 bundus
2295 4637 2606 4690 enervatur
2633 4650 2667 4688 a
2696 4631 2968 4688 muliebri
3003 4632 3232 4696 affectu,
3267 4634 3326 4686 et
3373 4645 3479 4684 nec
3521 4627 3687 4684 dein-

271 4717 688 4796 προσεύξασθαι,
741 4717 852 4774 οἶδε
905 4719 958 4775 τί
1015 4724 1184 4787 ποιεῖ,
1231 4717 1684 4796 ἐνοπτριζόμενος
1742 4739 1923 4797 χαρα-

269 4814 450 4884 κτῆρα
481 4807 757 4882 ἑταιρικῆς
788 4805 1102 4871 διαθέσεως.
1133 4809 1208 4864 Τὰ
1253 4806 1420 4881 ὅμοια
1471 4805 1527 4863 δὲ
1573 4809 1664 4862 καὶ
1707 4809 1772 4864 τὸ
1826 4809 1920 4884 γύ-

268 4917 420 4952 ναιον
452 4897 765 4972 σύμ-πάσχει
796 4902 876 4969 τῷ
923 4899 1212 4974 πάσχοντι.
1247 4897 1351 4954 Καὶ
1399 4903 1616 4973 Γραφῆς
1662 4897 1922 4974 ἀναγινω-⁸

269 4985 542 5058 σκομένης
573 4981 903 5042 ἀϐλεπτοῦσι
955 4988 1055 5057 τήν
1114 4985 1384 5042 διάνοιαν*
1420 4985 1508 5041 καί
1546 4985 1598 5040 έν
1657 4984 1925 5059 ἐκκλησίᾳ

269 5072 654 5150 προσομιλιῶν
688 5074 1070 5149 λαλουμένων,
1099 5076 1198 5131 οὐκ
1227 5073 1402 5131 οἷ’δασι
1437 5075 1490 5130 τί
1537 5075 1813 5148 ἀκούουσι,
1841 5077 1922 5150 τῷ

270 5163 539 5234 ἀλλήλων
572 5163 788 5240 αἰσχρῷ
819 5165 976 5229 πάθει
1009 5163 1434 5239 δεδουλωμένοι·
1469 5165 1640 5227 οὕτως
1667 5162 1764 5220 τοῦ
1793 5163 1927 5242 ἐρω-

268 5257 427 5308 τικοῦ
470 5252 559 5308 καὶ
613 5251 916 5326 μανιώδους
957 5253 1164 5317 πάθους
1209 5255 1308 5324 τὴν
1361 5256 1546 5330 ψυχὴν
1589 5258 1922 5329 πηροῦντος,

271 5341 369 5412 ὡς,
405 5339 450 5396 εί
482 5337 729 5408 δυνατὸν,
760 5342 851 5397 καὶ
875 5347 984 5398 τῶν
1035 5340 1189 5399 ἰδίων
1235 5343 1517 5418 ὀνομάτων
1565 5342 1921 5408 ἐπιλανθάνε-

271 5432 416 5487 σθαι.
447 5435 716 5486 Τοσοῦτον
755 5433 791 5502 ἡ
842 5433 977 5508 γυνὴ
1027 5438 1348 5489 συνοικοῦσα
1396 5432 1477 5508 τῷ
1533 5429 1686 5507 ἀνδρὶ
1744 5431 1924 5508 ἐκτρέ-

269 5541 361 5577 πει
390 5520 482 5575 τὸν
513 5523 635 5575 νοῦν
667 5525 764 5576 τοῦ
815 5523 1127 5600 ἀνθρώπουο
1157 5527 1415 5583 τοσοῦτον
1449 5523 1479 5579 ὁ
1520 5523 1658 5599 ἀνὴρ
1711 5523 1923 5598 γυναικὶ

2034 4740 2170 4796 ceps
2200 4722 2482 4780 orationis
2512 4727 2746 4793 tempus
2776 4720 3096 4793 cognoscit,
3123 4736 3248 4788 nec,
3273 4719 3323 4775 si
3355 4719 3592 4790 quidem
3613 4718 3683 4772 ad

2033 4813 2321 4870 orandum
2369 4813 2737 4885 procumbat,
2769 4810 2910 4882 quid
2945 4809 3117 4866 faciat
3146 4807 3441 4879 intelligit,
3473 4805 3686 4878 imagi-

2033 4919 2168 4959 nem
2218 4901 2414 4958 animo
2460 4917 2702 4957 versans
2749 4898 3185 4955 contubernalis
3238 4896 3506 4952 rationis.
3559 4897 3684 4964 Quo

2035 4992 2207 5048 modo
2241 4990 2338 5046 ille
2377 4981 2651 5056 afﬁcitur,
2681 4988 2839 5044 haud
2881 4988 3051 5044 aliter
3079 4991 3136 5042 et
3163 4983 3515 5043 mulierculas
3546 5000 3690 5039 con-

2031 5081 2208 5153 tingit
2231 5095 2244 5134 :
2267 5083 2324 5136 et
2352 5081 2492 5136 dum
2517 5078 2824 5152 Scriptura
2852 5077 3084 5151 legitur,
3109 5076 3423 5132 cacutiunt
3445 5073 3640 5129 animo
3671 5091 3684 5137 ;

2033 5171 2294 5241 dumque
2314 5168 2372 5224 in
2391 5168 2634 5225 ecclesia
2655 5167 2908 5224 homiliae
2932 5165 3523 5233 habentur,nesciunt
3544 5160 3685 5232 quid

2034 5260 2295 5328 audiant,
2327 5257 2486 5330 turpi
2512 5257 2816 5314 affectione
2846 5257 3094 5313 invicem
3137 5254 3373 5327 captivi,
3407 5252 3491 5307 sic
3523 5264 3688 5304 amo-

2034 5349 2115 5404 ris
2139 5347 2474 5419 furorisque
2501 5347 2704 5403 morbo
2731 5347 2987 5403 animam
3011 5343 3466 5406 obtundente,ut
3486 5337 3534 5392 si
3558 5334 3686 5391 ﬁeri

2032 5441 2254 5509 posset,
2297 5453 2542 5493 suorum
2601 5437 2779 5492 etiam
2828 5436 3132 5492 nominum
3182 5429 3684 5486 obliviscerentur.

2031 5525 2303 5599 Eousque
2340 5525 2552 5583 mulier
2602 5541 2735 5582 cum
2784 5524 3019 5583 homine
3061 5519 3392 5587 convivens,
3427 5512 3684 5572 hominis

344 5720 390 5755 "
419 5721 628 5784 Matth.
654 5742 758 5798 vn,
788 5727 927 5798 3-5;
959 5728 1096 5786 Luc.
1127 5743 1208 5799 νι,
1238 5725 1327 5797 41,
1357 5726 1449 5782 42.
1522 5725 1570 5763 ⁵ο
1597 5724 1808 5798 Genes,
1839 5741 1915 5798 IV,

2035 5767 2036 5775 η
2111 5725 2157 5763 ⁶¹
2191 5725 2368 5784 Hebr.
2409 5741 2484 5794 xv,
2521 5727 2602 5782 13.
