4112 6224
484 386 601 448 827

490 524 743 575 mentem
790 523 992 578 evertit
1043 540 1055 578 :

493 611 644 675 tans,
668 609 727 664 in
760 610 1049 667 insaniam
1082 607 1567 681 concupiscentiae
1598 606 1906 662 mulierem
1938 603 2142 675 impel-

486 695 555 752 lit
587 716 599 753 :
633 714 890 771 eousque
913 705 1102 772 potest
1135 698 1344 754 mulier
1373 714 1505 753 cum
1538 696 1659 752 viro
1689 694 2138 751 contubernium

487 785 730 858 habens,
756 788 841 844 vel
865 790 961 844 Dei
987 789 1173 860 ipsius
1196 786 1487 843 memoria)
1511 786 1862 842 oblivionem
1897 784 1992 838 ind
2006 800 2142 838 uce-

490 889 570 929 re.
604 876 988 932 Facessamus
1019 878 1090 932 ab
1122 876 1409 947 gehenna,
1453 882 1511 930 et
1556 875 1690 946 igne
1734 873 2090 943 sempiterno
2124 870 2136 926 l

490 962 560 1018 Ut
589 964 727 1035 quid
763 964 1055 1037 spirantes
1087 965 1278 1021 adhuc
1300 970 1522 1021 vosmet
1544 963 1658 1036 ipsi
1688 963 1746 1018 in
1779 978 1981 1018 orcum
2014 962 2142 1016 hor-

488 1051 832 1125 ribilemque
863 1058 1148 1110 tartarum
1183 1053 1508 1110 defoditis?
1550 1052 1659 1119 Qui
1692 1049 2141 1108 contubernales

491 1141 713 1197 habetis
761 1146 820 1198 et
862 1160 993 1198 cum
1028 1142 1147 1198 illis
1190 1142 1642 1207 conversamini,
1676 1140 1958 1196 dediscite
1988 1139 2139 1195 hanc

488 1228 703 1284 malam
749 1230 1098 1299 doctrinam,
1132 1249 1259 1304 quae
1291 1231 1591 1288 interitum
1624 1229 1917 1302 propinat,
1949 1233 2007 1285 et
2046 1246 2140 1284 sa-

486 1316 669 1374 lutem
704 1319 917 1390 prodit.
952 1323 1260 1376 Imitemur
1280 1320 1608 1393 apostolos;
1654 1319 1957 1375 imitemur
2001 1334 2139 1390 pro-

488 1406 716 1478 phetas,
748 1413 804 1463 et
834 1427 936 1481 per
966 1410 1214 1483 vestigia
1256 1426 1455 1466 eorum
1500 1410 1861 1476 incedamns,
1895 1424 2001 1463 nec
2033 1424 2139 1463 nos

489 1496 742 1568 decipiat
771 1499 1054 1554 feminina
1082 1516 1234 1554 esca.
1267 1499 1382 1555 Nos
1421 1500 1533 1571 ipsi
1564 1515 1791 1565 rursus,
1826 1513 1896 1552 ne
1928 1497 2136 1553 mulie-

488 1601 607 1640 rem
652 1587 821 1657 quasi
854 1604 987 1642 esca
1017 1590 1075 1643 in
1110 1588 1373 1643 fraudem
1407 1589 1755 1644 inducamus
1787 1587 1859 1642 ob
1900 1586 2135 1642 inanem

486 1673 757 1744 gloriam,
792 1680 847 1730 et
892 1677 1362 1748 superstitiosam
1414 1677 1834 1733 humilitatem.
1868 1676 1979 1733 Sed
2012 1692 2138 1731 om-

486 1761 584 1817 nia
615 1765 942 1819 secundum
973 1782 1169 1821 veram
1214 1766 1583 1839 solidamque
1612 1764 2007 1821 humilitatem
2039 1781 2135 1820 so-

1426 384 1819 446 APPENDIX
1863 381 2187 445 OPERUM
2234 383 2299 442 S.
2344 381 2628 442 BASlLll
2675 381 2945 444 MAGNI.

1108 536 1367 591 eousque
1417 519 1502 573 vir
1553 533 1687 573 cum
1723 515 1940 572 femina
1968 516 2134 571 habi-

2254 511 2526 581 συσκηνῶν
2584 511 2722 587 πρὸς
2767 513 2956 585 μανίαν
3005 511 3292 587 ἐπιθυμίας
3338 515 3453 590 ἄγει
3494 518 3595 585 τὴν
3622 522 3875 591 γυναῖκαι

3772 388 3875 448 828

2249 604 2505 655 τοσοῦτον
2538 600 2717 677 ἰσχύει
2749 604 2885 676 γυνή
2920 600 3071 677 ἀνδρὶ
3113 626 3454 675 συνοικοῦσα,
3500 608 3591 662 καὶ
3640 612 3744 676 τῆς
3799 613 3877 662 τοῦ

2250 694 2381 744 Θεοῦ
2444 691 2670 762 μνήμης
2721 689 2899 762 λήθην
2965 692 3282 765 ἐμποιῆσαι.
3339 694 3712 768 Ἐξελάσωμεν
3774 696 3878 749 ἑαυ-

2248 778 2376 839 τοὺς
2409 779 2513 833 ἀπὸ
2542 781 2765 853 γεέννης
2792 780 2879 834 καὶ
2910 783 3081 856 πυρὸς
3122 781 3368 839 αἰωνίου.
3411 784 3476 841 Τί
3530 789 3727 854 ζῶντες
3776 786 3881 838 ἑαυ-

2247 867 2375 929 τοὺς
2406 867 2481 922 εἰς
2510 863 2643 939 ᾅδην
2695 870 2783 923 καὶ
2820 864 3049 948 φοϐερὸν
3092 872 3358 948 τάρταρον
3407 873 3802 946 κατορύσσετε;
3829 875 3880 931 0i

2248 958 2345 1020 τὰς
2403 952 2779 1021 συιιισάκτους
2835 953 3078 1035 ἔχοντες.
3110 962 3198 1015 καὶ
3260 960 3447 1025 αὐταῖς
3501 968 3882 1030 συνοικοῦντες,

2252 1046 2561 1119 ἀπομάθετι
2586 1048 2650 1102 τὸ
2678 1048 2842 1102 κακὸν
2894 1048 3143 1122 μάθημα,
3173 1050 3236 1104 τὸ
3279 1057 3379 1120 τῆς
3426 1050 3709 1114 ἀπωλείας
3757 1054 3881 1127 πρό-

2252 1137 2422 1208 ξενον,
2452 1137 2542 1191 καὶ
2570 1136 2632 1191 τὸ
2660 1144 2760 1207 τῆς
2809 1138 3082 1212 σωτηρίας
3124 1136 3471 1214 προδοτικόν.
3506 1142 3882 1215 Μιμησώμεθα

2247 1223 2377 1289 τοὺς
2433 1225 2794 1294 ἀποστόλους,
2858 1228 3226 1301 μιμησώμιθα
3276 1228 3403 1292 τοὺς
3455 1232 3765 1307 προφήτας,
3807 1230 3881 1284 καὶ

2247 1317 2367 1369 κατ’
2416 1312 2574 1390 ἴχνος
2616 1315 2790 1371 αὐτῶν
2854 1315 3262 1390 βαίνωμεν,χαὶ
3324 1318 3400 1391 μὴ
3459 1320 3609 1391 ἡμᾶς
3639 1320 3883 1373 ἀπατάτω

2245 1404 2307 1459 τὸ
2338 1411 2439 1473 τῆς
2470 1406 2725 1479 γυναικὸς
2784 1401 2995 1481 δέλεαρ·
3036 1403 3177 1479 μηδὲ
3232 1405 3395 1462 πάλιν
3452 1413 3682 1483 γυναῖκα
3736 1410 3884 1481 ἡμεῖς

2247 1493 2400 1548 αὐτοὶ
2434 1491 2772 1566 δελεάζωμεν
2806 1491 2894 1548 διὰ
2932 1500 3033 1564 τῆς
3064 1492 3390 1566 κενοδοξίας,
3422 1496 3511 1551 καὶ
3543 1495 3883 1561 ἐθελοταπει-

2247 1584 2606 1660 νοφροσύνης·
2638 1580 2782 1637 ἀλλὰ
2811 1583 2985 1637 πάντα
3015 1583 3149 1638 κατᾶ
3207 1581 3477 1654 ἀληθινήν
3520 1586 3607 1640 καὶ
3675 1581 3881 1660 βεϐαίαν

2244 1669 2739 1748 ταπεινοφροσύνην
2819 1672 3115 1747 σωφρόνως
3195 1672 3279 1749 ὑφ’
3335 1675 3497 1746 ἡμῶν
3579 1674 3883 1751 πραττέσθω

2248 1759 2298 1815 ἓν
2332 1758 2691 1836 Χρισρῷ,⁹ίνα
2739 1758 3053 1834 δυνηθῶμεν
3112 1760 3368 1838 ῥυσθῆναι
3420 1762 3479 1818 ιχ
3530 1767 3629 1818 τοῦ
3671 1762 3882 1819 ἐνεστῶ-

486 1848 610 1953 brie
643 1868 676 1906 a
708 1852 875 1907 nobis
906 1858 1264 1927 peragantur
1311 1855 1367 1910 in
1419 1854 1648 1910 Christo
1674 1897 1687 1923 ,
1735 1859 1800 1909 ut
1842 1853 2137 1926 possimus

2254 1870 2338 1911 τος
2386 1853 2581 1923 καιροῦ
2637 1853 2904 1923 πονηροῦ,
2952 1851 3087 1904 κατᾶ
3139 1851 3202 1904 τὸ
3255 1848 3473 1924 θὶλημα
3528 1856 3625 1906 τοῦ
3687 1854 3881 1928 Πατρὸς

486 1937 724 1994 liberari
749 1958 781 1995 a
804 1942 1071 2012 praesenti
1100 1948 1363 2015 tempore
1392 1943 1565 2013 malo,
1583 1944 1753 2014 juxta
1781 1941 2139 1998 voluntatem

2254 1941 2281 2008 ὖ,
2294 1942 2430 2011 μῶν,
2463 1937 2550 1992 καὶ
2584 1937 2788 2011 Κυρίου
2820 1939 2993 2005 Ἰησοῦ
3025 1940 3259 2013 Χριστοῦ
3306 1944 3404 1995 τοῦ
3447 1946 3767 2015 μονογενοῦς
3795 1940 3883 1997 αὖ·

487 2028 698 2096 Patris,
725 2034 782 2085 et
811 2032 1039 2087 Domini
1073 2033 1257 2089 nostri
1289 2033 1428 2089 Jesu
1455 2032 1669 2089 Christi
1693 2031 1817 2087 Filii
1854 2032 1984 2103 ejus
2014 2030 2142 2086 uni-

2254 2032 2343 2082 τοῦ
2402 2028 2551 2097 Υἱοῦ,
2584 2024 2654 2081 δι’
2696 2028 2757 2082 οὗ
2806 2029 2895 2083 καὶ
2958 2029 3074 2101 μεθ’
3104 2028 3169 2082 αὗ
3202 2025 3349 2100 δόξα,
3380 2030 3599 2105 κράτος,
3630 2032 3769 2102 τιμὴ
3813 2036 3884 2103 τῷ

486 2116 711 2188 geniti:
746 2134 847 2191 per
878 2136 1052 2192 quem
1092 2126 1150 2177 et
1196 2138 1329 2177 cum
1380 2139 1495 2194 quo
1543 2121 1749 2195 gloria,
1800 2119 2135 2191 imperium,

2254 2115 2465 2192 ἀοράτῳ
2523 2117 2689 2192 Ηατρὶ
2743 2115 2834 2171 σὺν
2896 2117 3032 2192 ἁγίῳ
3089 2118 3178 2172 καὶ
3228 2116 3568 2194 παρακλήτῳ
3598 2120 3884 2193 Πνεύματι,

489 2206 673 2263 honor
703 2208 980 2266 invisibili
1014 2211 1169 2266 Patri
1202 2228 1334 2267 cum
1366 2216 1566 2267 sancto
1597 2215 1653 2267 et
1684 2210 1974 2282 paracleto
2011 2208 2139 2281 Spi-

2254 2210 2339 2260 νῦν
2398 2205 2487 2260 καὶ
2541 2206 2615 2268 εἰς
2669 2206 2801 2269 τοὺς
2860 2206 3173 2280 σύμπαντας
3234 2206 3435 2271 αἰῶνας
3486 2212 3597 2263 τῶν
3652 2208 3879 2265 αἰώνων.

488 2295 629 2365 ritu,
665 2315 845 2367 nunc,
878 2304 935 2355 et
966 2300 1022 2354 in
1058 2300 1255 2356 omnia
1287 2300 1501 2357 saecula
1529 2299 1898 2358 saeculorum.
1932 2301 2137 2355 Amen.
2250 2296 2447 2369 Ἀμήν.

1365 2608 1481 2740 S.
1593 2606 2182 2737 BASlLlI
2288 2592 3003 2735 ΜΑ6Ν1⁸⁸⁷

864 2841 1441 2933 RATIONES
1508 2838 2380 2932 SYLLOGISTICZE
2447 2837 2910 2930 CONTRA
2975 2837 3510 2953 ARIANOS,

1582 3020 1761 3094 Quod
1793 3019 1987 3081 Filius
2014 3019 2078 3079 in
2111 3016 2338 3079 divinis
2367 3016 2448 3078 sit
2478 3019 2643 3079 Deus
2672 3017 2795 3098 (86)

802 3183 1149 3253 (lnterprete
1180 3136 1488 3237 Francisco
1517 3180 1823 3248 Turriano,
1856 3182 1914 3235 S.
1939 3178 2245 3321 {Idm—1A1;
2531 3177 2807 3234 Lectione:
2835 3178 3112 3250 antiquae,
3144 3178 3241 3236 ed.
3279 3177 3573 3250 Basnagii,

2069 3290 2082 3305 .
2150 3290 2165 3321 ,
2244 3288 2257 3303 .
2396 3290 2409 3303 .

2069 3290 2082 3305 .
2120 3288 2165 3321 ι,
2198 3288 2257 3321 ιι.
2290 3288 2409 3305 ιν...

548 3581 591 3636 Ι.
626 3581 686 3637 Si
715 3581 897 3639 Filius
927 3588 1017 3639 est
1045 3588 1254 3639 natura
1288 3584 1455 3650 Deus,
1503 3587 1560 3638 et
1592 3582 1760 3638 Pater
1789 3585 1881 3637 est
1910 3583 2120 3637 natura
2151 3584 2192 3649 ρ
2230 3580 2402 3636 Pater
2429 3580 2602 3636 etiam
2626 3583 2715 3637 est
2734 3580 3093 3654 unigenitus,
3112 3581 3250 3654 quia
3271 3581 3753 3655 incomparabilis
3771 3586 3871 3651 est,

476 3669 652 3738 Deus,
688 3687 803 3726 non
848 3674 937 3728 est
983 3671 1137 3728 alius
1168 3672 1323 3728 Deus
1352 3670 1553 3739 Filius,
1596 3671 1749 3726 alius
1802 3686 1935 3725 vero
1976 3670 2128 3725 Deus
2237 3673 2295 3725 et
2323 3669 2514 3726 omnis
2545 3674 2813 3727 creatura
2843 3687 2956 3726 non
3001 3670 3237 3740 similis,
3270 3672 3371 3728 sed
3421 3670 3731 3729 dissimilis
3773 3672 3873 3728 erit

473 3758 661 3815 Pater.
687 3760 788 3816 Sin
822 3766 1017 3817 autem
1052 3778 1166 3817 non
1199 3766 1288 3817 est
1318 3765 1528 3816 natura
1548 3760 1704 3816 Deus
1728 3760 1910 3815 Filius
1935 3777 1948 3815 :
1974 3759 2129 3815 Deus

474 3848 711 3920 dicitur,
746 3850 900 3906 sicut
921 3850 1021 3922 qui
1045 3850 1191 3907 falso
1216 3850 1496 3907 dicuntur
1517 3850 1682 3920 dii,et
1704 3866 1819 3905 non
1842 3854 1932 3905 est
1952 3848 2125 3904 Deus.

546 3938 619 3995 ΙΙ.
651 3940 709 3994 Si
743 3956 893 3996 unus
924 3939 1210 3996 Dominus
1247 3940 1431 3996 Filius
1463 3944 1694 4009 natura,
1720 3937 2005 3994 Dominus
2026 3954 2127 3992 au-

471 4032 590 4083 tem
619 4027 795 4084 etiam
829 4029 994 4086 Pater
1025 4036 1254 4100 natura,
1287 4028 1665 4086 manifestum
1704 4033 1795 4084 est
1824 4027 1980 4099 quod
2012 4043 2129 4082 non

473 4116 589 4175 alia
618 4123 850 4175 natura.
901 4118 1063 4183 Quod
1105 4121 1155 4175 si
1187 4135 1339 4174 unus
1372 4123 1522 4175 Deus
1553 4122 1745 4183 Pater,
1778 4116 1994 4172 dicitur
2021 4133 2130 4172 au-

474 4209 596 4263 tem
628 4211 782 4263 Deus
811 4208 990 4263 etiam
1022 4206 1225 4274 Filius,
1258 4223 1374 4262 non
1406 4205 1522 4262 alia
1546 4210 1777 4276 natura,
1811 4206 1910 4259 sed
1943 4221 2078 4259 una.

547 4297 647 4351 III.
679 4296 740 4351 Si
772 4312 927 4352 unus
958 4295 1244 4352 Dominus
1288 4299 1521 4361 natura,
1573 4310 1705 4349 cum
1756 4291 1927 4348 multi
1964 4291 2126 4360 θέσει,

477 4383 589 4439 hoc
619 4389 729 4453 est,
761 4385 1052 4457 positione
1082 4400 1188 4440 seu
1237 4385 1548 4456 adoptione
1575 4387 1855 4439 vocentur
1882 4383 2128 4452 domini,

475 4475 535 4526 et
566 4488 720 4527 unus
753 4472 936 4529 Filius
963 4477 1191 4543 natura,
1226 4488 1358 4528 cum
1392 4471 1561 4527 multi
1594 4471 1972 4526 nominentur
2002 4470 2129 4542 ﬁlii,

473 4558 574 4630 qui
606 4564 850 4617 vocatur
878 4561 1170 4633 positione
1200 4559 1478 4617 dominus
1512 4560 1604 4617 vel
1636 4559 1796 4615 ﬁlius
1827 4560 1897 4615 ad
1930 4559 2133 4615 imita-

473 4649 696 4704 tionem
726 4650 877 4722 ejus,
911 4651 1013 4723 qui
1046 4656 1277 4718 natura,
1310 4655 1549 4707 vocatur
1590 4666 1604 4707 :
1655 4650 1941 4722 positione
1971 4650 2128 4705 enim

473 4737 619 4793 nihil
650 4739 895 4809 dicetur,
922 4740 1035 4797 nisi
1067 4740 1393 4807 antecedat,
1420 4740 1574 4812 quod
1607 4745 1833 4795 natura.
1859 4738 1918 4794 Si
1950 4738 2131 4810 igitur

472 4843 582 4883 nos
614 4845 822 4886 sumus
854 4829 957 4884 lilii
990 4831 1086 4885 Dei
1119 4830 1281 4897 Θὲσει,
1308 4831 1366 4885 id
1398 4833 1506 4898 est,
1532 4829 1864 4902 adoptione,
1888 4843 2130 4884 necesse

472 4920 566 4974 est
596 4917 760 4989 prius
790 4935 917 4975 esse
948 4924 1159 4975 natura
1190 4919 1421 4975 Filium.

547 5008 635 5064 IV.
669 5009 806 5073 Quae
834 5025 965 5065 vere
994 5014 1134 5065 sunt
1179 5010 1419 5065 omnina
1464 5007 1829 5079 substantiae,
1863 5024 1933 5063 ea
1979 5010 2128 5063 notas

468 5102 610 5154 sunt
636 5114 859 5165 eorum,
889 5116 1137 5170 quorum
1171 5104 1310 5155 sunt
1342 5099 1599 5155 nomina.
1640 5097 1878 5170 Proprie
1926 5100 2122 5153 autem

466 5191 525 5243 et
553 5204 685 5243 vere
704 5192 873 5244 Pater
901 5195 991 5244 est
1011 5188 1164 5244 Deus
1191 5193 1248 5244 et
1278 5188 1459 5243 Filius
1490 5193 1547 5244 et
1566 5188 1817 5259 Spiritus
1849 5187 2119 5244 sanctus:

460 5278 665 5334 eadem
698 5278 877 5350 igitur
907 5278 1239 5333 substantia
1269 5277 1421 5333 sicut
1450 5282 1507 5333 et
1540 5278 1797 5334 nomina.

539 5367 603 5422 νε
642 5368 702 5424 Si
735 5384 849 5423 non
887 5372 975 5424 est
1003 5367 1398 5440 generationis
1430 5366 1822 5439 unigenitum,
1855 5366 1955 5422 sed
1988 5381 2120 5437 pro-

2240 3758 2563 3831 unigenita,
2595 3757 2765 3814 multi
2798 3759 2979 3832 igitur
3007 3759 3293 3833 unigeniti
3323 3766 3497 3817 erunt
3526 3761 3683 3818 sicut
3709 3760 3877 3817 Filius

2238 3852 2328 3904 est
2349 3849 2444 3903 Dei
2476 3847 2839 3921 unigenitus.

2312 3940 2406 3993 VI.
2444 3936 2627 3993 Filius
2657 3954 2773 3993 non
2805 3937 3150 4010 simpliciter
3193 3941 3283 3994 est
3328 3937 3694 4011 unigenitus,
3723 3938 3814 3994 sed
3842 3954 3871 3992 a

2238 4028 2410 4081 Patre
2441 4025 2820 4098 unigenitus;
2870 4025 3052 4083 Filius
3101 4026 3283 4101 igitur
3322 4028 3666 4101 unigenitus
3695 4032 3796 4095 est,
3823 4030 3876 4082 et

2240 4131 2355 4171 non
2387 4120 2657 4171 creatura
2689 4115 3011 4189 unigenita.

2310 4207 2431 4261 VII.
2466 4204 2526 4260 Si
2573 4203 2710 4258 κατά
2762 4197 3076 4276 μετάϐασιν,
3128 4205 3188 4261 id
3234 4208 3325 4262 est
3372 4205 3795 4273 dimissionem,
3822 4209 3873 4260 et

2238 4292 2595 4365 permissum
2617 4292 2823 4361 Patris,
2842 4297 2900 4349 et
2932 4310 3048 4350 non
3079 4295 3405 4351 secundum
3439 4299 3711 4351 naturam
3733 4296 3872 4350 creat

2240 4381 2444 4451 Filius,
2481 4381 2627 4437 nihil
2659 4380 2819 4437 aliud
2852 4398 3029 4453 quam
3074 4383 3268 4439 minor
3312 4384 3601 4440 creaturis
3648 4384 3719 4440 ab
3762 4383 3876 4455 ipso

2240 4470 2433 4538 factis,
2450 4470 2626 4527 etiam
2660 4471 2987 4527 secundum
3009 4476 3283 4527 naturam
3306 4475 3428 4540 est;
3454 4488 3707 4543 quorum
3731 4470 3871 4527 enim

2238 4574 2354 4615 non
2379 4564 2468 4615 est
2482 4562 2706 4615 creator
2725 4560 3051 4616 secundum
3075 4564 3370 4629 naturam,
3394 4561 3687 4633 quomodo
3704 4565 3876 4617 creata

2239 4649 2567 4705 secundum
2597 4653 2870 4705 naturam
2890 4648 2920 4704 ?

2307 4737 2457 4794 VIII.
2493 4738 2550 4793 Si
2582 4738 2738 4795 Deus
2766 4742 3062 4811 operatur,
3094 4738 3248 4796 sicut
3277 4738 3478 4796 nullus
3501 4739 3676 4808 alius,
3702 4743 3755 4796 et
3782 4751 3868 4809 ge-

2237 4844 2475 4896 nerans,
2499 4826 2655 4883 sicut
2685 4827 2886 4884 nullus
2917 4826 3068 4885 alius
3099 4829 3435 4900 generabit;
3470 4828 3628 4886 Deus
3656 4825 3867 4885 enimin

2240 4917 2539 4985 omnibus,
2573 4920 2629 4973 et
2658 4917 2731 4973 ad
2762 4917 2962 4973 omnia
2990 4924 3080 4973 est
3108 4918 3593 4991 incomparabilis
3625 4923 3686 4975 ut
3716 4918 3865 4973 Deus.

2309 5005 2402 5063 IX.
2426 5006 2588 5071 Quod
2614 5006 2698 5073 ﬁt,
2718 5023 2833 5062 non
2855 5011 2943 5063 est
2962 5022 3031 5063 ex
3052 5007 3388 5063 substantia
3408 5007 3676 5064 facientis
3698 5023 3711 5073 ;
3732 5002 3866 5077 quod

2232 5100 2547 5168 generatur
2594 5110 2662 5151 ex
2708 5096 3043 5152 substantia
3085 5095 3421 5169 generantia
3470 5102 3562 5153 est
3593 5115 3607 5153 :
3634 5112 3744 5153 non
3792 5094 3869 5147 est

2232 5184 2413 5257 igitur
2441 5184 2599 5239 idem
2634 5184 2818 5239 facere
2848 5188 2905 5241 et
2935 5184 3196 5257 gignere.

2302 5274 2377 5329 X.
2407 5273 2467 5329 Si
2488 5272 2667 5328 Filius
2689 5276 2778 5328 est
2797 5289 2866 5329 ex
2886 5273 3024 5343 Deo,
3042 5290 3157 5330 non
3179 5278 3269 5331 est
3290 5277 3491 5330 autem
3513 5278 3783 5346 tanquam
3803 5281 3864 5322 ex

2233 5365 2422 5435 Patre,
2447 5363 2549 5420 sed
2572 5366 2857 5436 tanquam
2876 5380 2944 5419 ex
2963 5380 3350 5432 causa,causa
3372 5369 3571 5420 autem
3605 5368 3669 5419 ut
3697 5361 3866 5416 simus

466 5462 598 5530 pter
627 5457 1149 5531 incomparabilem
1182 5455 1587 5515 excellentiam
1619 5460 1710 5513 est
1756 5454 2119 5528 unigenitus,
2230 5453 2408 5510 etiam
2438 5469 2567 5520 nos,
2594 5453 2743 5510 Deus
2773 5456 2883 5521 est,
2903 5467 2974 5509 ex
2994 5452 3126 5525 ipso
3156 5452 3315 5510 enim
3337 5457 3481 5510 sunt
3510 5451 3704 5510 omnia
3722 5465 3735 5517 ;
3757 5460 3861 5503 non

541 5634 664 5713 (86),
690 5635 800 5713 Ill_a
845 5643 1193 5713 argumenta
1239 5653 1357 5697 non
1409 5634 1657 5709 digessit
1700 5633 1828 5707 ipse
1874 5629 2153 5707 Basilius,
2191 5630 2296 5689 sed
2327 5646 2397 5689 ex
2440 5630 2632 5705 ipsius
2679 5629 2954 5706 operibus
3000 5628 3179 5688 ducta
3224 5629 3365 5686 sunt
3412 5631 3473 5686 et
3520 5627 3584 5686 in
3612 5625 3859 5685 ordinem

472 5706 712 5765 redacta
740 5707 821 5765 ΒΑ
850 5727 908 5767 Ν.
