4120 6230
303 391 430 450 829

1387 388 1878 451 ARGUMENTA
1924 384 2236 448 CONTRA
2276 385 2643 447 ARIANOS.

3592 379 3716 440 830

307 522 489 595 igitur
517 520 686 577 aliter
716 521 887 577 Pater
914 520 1065 588 Filii,
1096 524 1153 577 et
1182 520 1352 576 aliter
1380 523 1598 591 noster,
1623 521 1725 576 sed
1758 520 1955 590 potius
1984 522 2039 585 Α
2068 518 2266 591 igitur,
2301 533 2433 573 cum
2468 519 2541 573 sit
2561 517 2841 588 splendor
2863 516 3072 582 Patris,
3099 530 3213 569 non
3247 512 3582 583 aliquando,
3607 514 3710 568 sed

309 610 629 677 similiter;
662 614 720 666 et
748 610 1043 682 quomodo
1075 626 1192 665 non
1224 614 1315 665 est
1344 609 1453 665 hoc
1486 607 1855 664 absurdum?

2068 611 2389 663 coaeternus
2421 611 2509 662 est
2541 623 2553 660 :
2590 622 2721 661 cum
2757 605 2833 661 sit
2862 606 3016 661 Deus
3046 609 3101 659 et
3123 601 3529 667 Paterlumen,
3560 602 3714 656 sicut

382 699 477 755 XI.
510 699 563 755 Si
600 698 744 754 nihil
777 704 867 754 est
896 697 1089 755 simile
1136 702 1193 754 et
1232 697 1455 769 aequale
1484 699 1600 754 Deo
1631 703 1837 769 praeter
1865 696 1961 751 Fi-
2068 694 2150 750 ait
2180 696 2350 751 David
2396 712 2409 752 :
2442 697 2504 751 In
2535 697 2747 751 lumine
2766 704 2859 751 tuo
2879 694 3176 751 videbimus
3205 690 3390 748 lumen
3413 691 3494 758 6‘;
3530 694 3588 745 et
3607 690 3713 745 Da-

312 790 483 857 lium,
519 791 576 844 et
603 805 718 843 non
750 792 840 844 est
858 786 1065 859 Filius,
1085 804 1275 859 neque
1310 788 1440 858 Deo,
1461 802 1649 859 neque
1680 784 1960 842 creaturis
2072 784 2185 840 niel
2219 803 2231 841 :
2268 787 2330 840 Et
2360 787 2541 842 lumen
2572 787 2745 857 ipsius
2764 790 2843 841 est
2861 786 2945 855 “6;
2978 792 3033 839 et
3058 782 3374 855 Apostolus
3408 797 3421 835 :
3456 781 3562 848 Qui
3589 795 3712 834 cum

314 878 425 935 erit
454 877 690 933 similis.

381 969 511 1023 XII.
546 966 709 1031 Quod
735 970 824 1021 est
844 965 903 1020 in
926 966 1115 1023 forma
1144 965 1268 1033 Dei,
1289 965 1345 1020 in
1371 965 1701 1022 substantia
1722 964 1819 1022 Dei
1842 968 1963 1033 est;

312 1073 427 1113 non
458 1056 619 1110 enim
652 1058 742 1111 est
771 1053 933 1110 aliud
967 1055 1175 1122 forma,
1209 1058 1265 1109 et
1294 1053 1453 1109 aliud
1486 1053 1818 1109 substantia
1837 1053 1961 1125 Dei,

310 1160 384 1201 ne
415 1144 774 1216 compositus
799 1143 895 1199 sit.
921 1144 1101 1214 Igitur
1119 1142 1215 1214 qui
1246 1147 1336 1199 est
1355 1144 1681 1199 secundum
1714 1144 1964 1199 formam

310 1230 579 1303 aqualis,
612 1234 671 1287 et
702 1232 1028 1287 secundum
1063 1231 1456 1288 substantiam
1490 1231 1618 1287 erit.

386 1317 535 1372 XIII.
569 1317 630 1373 Si
662 1318 896 1388 genitus
921 1317 1117 1373 minor
1137 1324 1226 1374 est
1256 1334 1343 1389 eo,
1362 1318 1459 1390 qui
1493 1318 1718 1391 genuit,
1742 1335 1857 1375 non
1880 1323 1969 1374 est

314 1406 709 1474 accusandus,
744 1406 844 1479 qui
874 1408 1112 1479 genitus
1145 1411 1270 1475 est;
1304 1407 1618 1464 inﬁrmitas
1649 1413 1844 1464 autem
1881 1412 1972 1463 est

313 1496 622 1569 genitoris,
655 1500 758 1551 aut
800 1496 955 1551 enim
1005 1495 1299 1562 invidens,
1333 1514 1447 1552 non
1498 1498 1634 1553 fecit
1660 1497 1967 1571 aequalem,

316 1590 421 1642 aut
451 1584 591 1657 quia
623 1602 739 1641 non
773 1585 982 1658 potuit,
1019 1602 1133 1640 non
1157 1586 1360 1658 genuit
1388 1585 1667 1643 similem.

386 1674 533 1729 XIV.
567 1674 627 1729 Si
671 1673 843 1729 Pater
890 1680 1026 1730 ante
1077 1675 1290 1731 Filium
1339 1682 1484 1744 erat,
1533 1677 1770 1732 omnino
1804 1681 1973 1734 Pater

313 1763 560 1820 alterius
592 1767 758 1830 erat;
793 1763 921 1819 sine
953 1763 1099 1819 Filio
1130 1764 1285 1819 enim
1318 1782 1434 1820 non
1466 1765 1758 1822 diceretur
1780 1767 1968 1821 Pater.

2070 878 2142 931 sit
2169 875 2430 946 splendor
2456 876 2662 945 gloriae
2684 877 2748 942 ⁸⁷,
2784 880 2892 931 etc.

2143 964 2332 1021 XXIV.
2366 966 2421 1020 Si
2452 981 2685 1038 germen
2738 964 3068 1021 substantia
3114 967 3224 1030 est,
3277 963 3541 1034 ipsorum
3588 958 3716 1031 opi-

2075 1054 2246 1110 nione
2276 1055 2428 1110 sicut
2470 1054 2833 1125 ingenitum;
2880 1070 3115 1126 germen
3148 1056 3342 1109 autem
3376 1051 3473 1107 Dei
3505 1054 3596 1106 est
3625 1048 3716 1103 Fi-

2076 1142 2233 1213 lius;
2267 1146 2357 1198 est
2386 1143 2566 1216 igitur
2598 1143 2934 1199 substantia
2966 1143 3089 1198 Dei.

2146 1233 2311 1288 XXV.
2346 1232 2405 1287 Si
2438 1231 2756 1302 voluntate,
2791 1249 2907 1288 non
2956 1236 3166 1287 natura
3195 1230 3349 1286 Deus
3378 1227 3591 1283 Filium
3626 1244 3722 1299 ge-

2077 1322 2225 1393 nuit,
2257 1320 2345 1376 vel
2395 1338 2527 1377 cum
2572 1321 2753 1377 voluit
2798 1320 2999 1388 semel,
3042 1320 3318 1392 deinceps
3366 1336 3479 1374 non
3531 1316 3726 1388 potuit

2075 1410 2239 1478 velle,
2273 1409 2360 1465 vel
2384 1411 2597 1465 iterum
2627 1410 2831 1475 voluit,
2854 1414 2911 1465 et
2939 1410 3149 1463 iterum
3181 1408 3404 1479 genuit.
3436 1407 3492 1460 Si
3526 1410 3721 1461 autem

2078 1518 2194 1555 non
2243 1504 2331 1555 est
2380 1517 2498 1554 una
2539 1499 2810 1555 voluntas
2858 1499 3005 1569 ejus,
3040 1498 3137 1553 sed
3190 1497 3439 1562 diversa,
3472 1513 3587 1551 non
3630 1498 3721 1550 est

2079 1589 2360 1660 simplex;
2396 1606 2500 1644 nec
2532 1588 2709 1643 unius
2740 1592 2961 1653 auctor,
2995 1587 3118 1655 sed,
3152 1590 3216 1641 ut
3247 1585 3388 1653 vult,
3420 1585 3577 1640 facit.

2149 1679 2359 1734 XXVI.
2392 1678 2451 1733 Si
2481 1678 2634 1733 Deus
2666 1694 2781 1731 non
2810 1680 3067 1746 generat,
3092 1680 3192 1729 aut
3221 1674 3359 1746 quia
3390 1690 3502 1729 non
3536 1677 3725 1744 potest

2080 1769 2340 1833 omnino,
2375 1771 2476 1823 aut
2508 1768 2646 1838 quia
2669 1783 2783 1821 non
2816 1765 2980 1835 vult;
3013 1763 3113 1819 sed
3144 1764 3191 1818 si
3215 1763 3448 1834 quidem
3482 1779 3596 1817 non
3622 1778 3693 1832 po
3714 1793 3726 1804 ε

387 1851 503 1909 XV.
539 1852 599 1909 Si
632 1852 976 1953 qui.Filium
1028 1854 1300 1927 cognovit
1328 1856 1656 1911 secundum
1689 1856 1971 1911 subst-an-
2004 1892 2051 1957 Β
2079 1864 2214 1931 test,
2249 1876 2363 1915 non
2412 1857 2601 1913 solum
2637 1873 2751 1912 non
2803 1859 3017 1928 potest,
3053 1856 3153 1910 sed
3185 1857 3425 1925 superat
3464 1869 3597 1908 eum
3630 1867 3728 1923 ge-

314 1941 487 2008 tiam,
520 1940 793 2013 cognovit
823 1942 1001 1998 etiam
1051 1943 1305 2013 Patrem,
1336 1943 1397 1999 Si
1443 1959 1531 1999 me
1557 1946 1725 2012 enim,
1757 1945 1971 2017 inquit,

320 2032 727 2102 cognoscentis,
758 2035 811 2086 et
839 2032 1064 2087 Patrem
1110 2048 1294 2087 meum
1339 2034 1736 2103 cognosceretis
1754 2035 1821 2089 ⁸⁸.
1864 2033 1973 2107 Igi-

321 2123 421 2175 tur
448 2116 747 2191 ὁμοούσιος
778 2123 868 2175 est
899 2120 1055 2176 Patri
1089 2120 1305 2191 Filius;
1340 2121 1486 2176 nihil
1519 2123 1676 2178 enim
1707 2122 1977 2196 incorpo-

324 2224 493 2265 reum
522 2224 592 2264 ex
620 2208 898 2264 dissimili
931 2211 1271 2266 substantia
1300 2212 1573 2283 cognosci
1606 2216 1813 2283 potest.

393 2296 536 2352 XVI.
567 2297 623 2352 Si
656 2297 893 2354 credere
921 2298 1219 2355 Christum
1252 2315 1380 2355 esse
1428 2300 1641 2355 Filium
1673 2301 1772 2357 Dei
1804 2300 1981 2357 habet

318 2387 529 2455 vitam,
561 2403 675 2443 non
708 2388 943 2443 credere
973 2388 1305 2444 necessario
1337 2388 1513 2444 habet
1545 2394 1815 2445 mortem.

392 2475 573 2532 XVII.
603 2475 865 2540 Quorum
897 2482 1038 2533 sunt
1066 2478 1278 2535 eaedem
1311 2474 1597 2552 ἐνέργειαι,
1628 2478 1687 2534 id
1718 2482 1806 2535 est
1837 2494 1980 2550 ope-

323 2567 604 2637 rationes,
649 2566 859 2623 horum
916 2568 1093 2624 etiam
1139 2569 1475 2624 substantia
1525 2586 1683 2625 una:
1719 2569 1977 2640 operatio

322 2661 520 2711 autem
552 2655 743 2712 Patris
775 2661 832 2713 et
861 2655 992 2711 Filii
1024 2673 1163 2728 una,
1196 2662 1263 2713 ut
1290 2656 1435 2713 illud
1461 2674 1474 2713 :
1499 2660 1786 2715 Faciamus
1806 2658 1980 2714 homi-

320 2745 551 2814 nem“;
584 2748 642 2801 et
669 2762 877 2802 rursus
910 2764 924 2803 :
959 2745 1095 2815 Quae
1137 2748 1307 2817 [aciei
1336 2748 1525 2817 Pater,
1565 2749 1683 2805 hazc
1710 2752 1762 2804 et
1789 2749 1981 2807 Filius

320 2834 586 2890 similiter
628 2835 762 2907 facit
780 2834 864 2905 “;
914 2852 1035 2892 una
1082 2834 1263 2909 igitur
1309 2837 1641 2894 substantia
1690 2838 1880 2895 Patris
1920 2843 1977 2896 st-

324 2922 475 2979 Filii.

395 3011 604 3069 XVIII.
638 3013 699 3070 Si
728 3012 983 3086 cognitio
1014 3013 1204 3071 Patris
1233 3018 1290 3071 et
1320 3013 1450 3070 Filii
1471 3015 1591 3071 vita
1621 3021 1835 3073 (eterna
1865 3021 1978 3090 est,

326 3117 562 3158 necesse
592 3106 682 3159 est
730 3103 909 3159 unius
954 3102 1131 3160 etiam
1180 3108 1401 3160 natura
1430 3120 1601 3176 esse;
1651 3122 1777 3178 qua:
1820 3106 1977 3163 enim

324 3190 566 3248 diversae
596 3192 943 3249 substantiis
974 3197 1133 3262 sunt,
1157 3210 1271 3249 non
1303 3211 1422 3250 una
1442 3193 1776 3267 cognitione
1798 3194 1977 3269 perci-

200 3332 221 3349 ,
320 3279 586 3351 piuntur,
619 3296 809 3353 neque
841 3281 1115 3339 similiter
1140 3282 1432 3339 vivificare
1465 3288 1733 3355 possunt.

390 3368 539 3426 XIX.
574 3370 633 3426 Si
665 3370 860 3443 imago
887 3371 1077 3427 Patris
1114 3387 1245 3428 vere
1277 3377 1368 3428 est
1397 3372 1604 3441 Filius,
1647 3389 1732 3428 on:
1746 3373 1839 3429 nis
1871 3390 1973 3430 au-

318 3459 436 3514 tem
468 3457 663 3532 imago
685 3458 772 3515 vel
794 3459 1141 3517 substantia;
1177 3464 1289 3526 est,
1314 3459 1398 3516 vel
1421 3461 1642 3524 formae.
1664 3462 1752 3518 vel
1778 3463 1975 3535 ﬁgurae

315 3545 404 3602 vel
434 3548 673 3619 speciei,
706 3547 795 3604 vel
826 3548 1039 3605 coloris
1066 3549 1259 3621 imago
1288 3549 1477 3605 :Deus
1508 3554 1707 3606 autem
1730 3549 1790 3607 in
1815 3551 1977 3608 nullo

316 3633 529 3691 horum
560 3641 670 3704 est,
712 3637 814 3693 sed
846 3636 904 3692 in
936 3638 1274 3694 substantia
1305 3638 1498 3695 solum
1536 3657 1549 3694 :
1583 3638 1768 3696 Filius
1800 3639 1980 3711 igitur

320 3738 454 3779 cum
487 3724 568 3779 sit
596 3724 792 3799 imago
823 3727 1192 3795 substantiae,
1225 3727 1490 3799 ejusdem
1522 3729 1864 3785 substantiae
1888 3723 1981 3786 est

321 3827 457 3867 cum
490 3816 685 3871 Patre.

392 3903 526 3957 XX.
557 3901 615 3958 Si
646 3903 815 3959 Pater
860 3903 1103 3961 omnino
1153 3922 1269 3961 non
1321 3908 1513 3977 potest
1558 3905 1807 3961 conferri
1841 3923 1975 3962 cum

322 3988 489 4062 Filio,
522 3990 582 4046 in
615 3993 895 4049 omnibus
928 3999 1120 4050 autem
1152 3994 1324 4051 etiam
1359 3994 1607 4050 conferri
1639 4012 1753 4051 non
1786 4000 1977 4067 potest

322 4094 456 4134 cum
488 4084 793 4150 creatura;
829 4098 944 4139 non
975 4081 1145 4138 aliter
1195 4100 1329 4139 cum
1376 4082 1542 4152 Filio,
1578 4082 1747 4140 aliter
1777 4090 1975 4142 autem

321 4183 456 4223 cum
489 4173 781 4238 creatura,
826 4170 927 4226 sed
959 4170 1271 4241 similiter;
1306 4188 1423 4229 non
1471 4171 1655 4245 igitur
1682 4177 1770 4229 est
1801 4173 1974 4229 dissi-

320 4255 481 4312 milis
510 4256 691 4328 Patri,
725 4258 826 4314 sed
877 4263 935 4315 et
981 4258 1196 4317 similis
1244 4264 1523 4316 creaturae
1571 4265 1628 4317 et
1677 4263 1974 4333 quomodo

323 4360 441 4399 non
474 4348 563 4402 est
597 4345 708 4402 hoc
739 4347 1064 4403 absurdum
1088 4347 1117 4402 ?

390 4436 551 4490 XXI.
583 4434 644 4490 Si
676 4451 811 4491 cum
843 4436 1049 4492 dicunt
1077 4436 1285 4493 Filium
1314 4453 1443 4495 esse
1472 4442 1823 4507 creaturam,
1856 4455 1973 4496 non

317 4524 599 4593 tanquam
633 4540 812 4580 unam
844 4540 911 4580 ex
941 4525 1226 4583 creaturis
1248 4526 1471 4598 dicunt,
1506 4544 1687 4600 quare
1707 4544 1840 4584 cum
1866 4545 1973 4585 nos

2088 1949 2349 2005 nerativa
2396 1952 2453 2003 et
2501 1947 2761 2019 perfecta
2805 1951 3051 2013 natura;
3102 1944 3412 2015 inﬁrmior,
3462 1943 3728 2014 inquam,

2085 2042 2194 2107 est,
2229 2053 2406 2109 quam
2436 2042 2645 2091 natura
2673 2051 2954 2106 generans
2985 2038 3042 2089 et
3093 2034 3369 2106 perfecta.
3402 2033 3503 2088 Sin
3536 2035 3730 2087 autem

2086 2144 2217 2184 cum
2250 2125 2471 2197 alioqui
2498 2131 2712 2197 posset,
2735 2124 2922 2180 noluit
2941 2128 3135 2179 tamen
3161 2143 3175 2191 ;
3209 2123 3361 2194 quod
3398 2124 3605 2176 natura
3625 2137 3730 2191 po-

2089 2218 2219 2287 tuit,
2250 2215 2548 2271 voluntate
2569 2212 2852 2270 cohibuit.
2873 2212 3059 2276 Quare
3080 2211 3186 2267 etsi
3212 2210 3470 2266 nondum
3503 2207 3730 2281 genuit,

2087 2306 2268 2381 igitur
2294 2304 2492 2360 volens
2523 2302 2826 2376 generabit
2856 2301 3194 2374 aliquando.

2160 2394 2377 2451 XXVII.
2409 2394 2465 2449 Si
2495 2393 2804 2464 aliquando
2826 2408 2941 2446 non
2966 2390 3075 2446 fuit
3102 2389 3301 2459 Filius,
3334 2388 3529 2461 ipsum
3561 2385 3732 2454 illud,

2088 2483 2422 2555 aliquando,
2457 2482 2565 2538 erit
2594 2486 2727 2555 post
2756 2480 2945 2551 illum,
2977 2480 3077 2553 qui
3130 2479 3451 2552 generavit,
3485 2493 3599 2532 non
3631 2492 3733 2529 au-

2086 2578 2205 2629 tem
2241 2577 2557 2645 antequam
2591 2572 2826 2644 genitus
2857 2570 2972 2639 sit;
3008 2586 3121 2625 non
3165 2569 3346 2640 igitur
3375 2572 3509 2623 ante
3539 2564 3740 2621 omnia

2087 2661 2267 2718 Filius
2299 2662 2428 2718 sine
2456 2662 2645 2727 Patre,
2677 2662 2778 2716 sed
2828 2664 2960 2733 post
3006 2658 3174 2729 illud,
3207 2656 3544 2729 aliquando,
3578 2669 3738 2727 repe-

2087 2750 2273 2805 rietur
2306 2766 2319 2804 :
2354 2754 2411 2805 et
2441 2748 2732 2821 quomodo
2772 2764 2889 2803 non
2928 2747 3036 2802 hoc
3067 2745 3390 2802 absurdum
3424 2742 3554 2798 est?

2156 2838 2423 2894 XXVIII.
2457 2837 2603 2893 Cum
2635 2853 2743 2892 nos
2772 2835 3025 2890 dicimus
3054 2834 3284 2889 Patrem
3320 2847 3572 2902 semper,
3623 2845 3729 2883 ne-

2088 2943 2250 2983 cesse
2292 2930 2382 2983 est
2434 2925 2611 2982 etiam
2660 2940 2886 2997 semper
2932 2940 3061 2979 esse
3113 2921 3345 2977 Filium.
3377 2921 3556 2974 Aiunt
3593 2917 3680 2974 illi
3715 2933 3729 2973 :

2089 3016 2274 3088 Igitur
2304 3014 2442 3086 quia
2484 3030 2718 3087 semper
2763 3017 2852 3069 est
2900 3011 3103 3080 Filius,
3150 3012 3387 3068 Creator
3415 3014 3472 3064 et
3519 3006 3733 3063 creatio

2089 3120 2341 3176 semper,
2374 3108 2545 3176 atque
2570 3102 2651 3159 ita
2681 3102 2791 3159 erit
2820 3101 3033 3158 creatio
3064 3105 3351 3157 coaeterna
3379 3098 3531 3153 Patri
3565 3101 3621 3152 et
3652 3096 3735 3151 Fi-

2089 3193 2187 3250 lio.
2220 3198 2294 3249 At
2325 3192 2425 3265 qui
2458 3192 2599 3249 dicit
2641 3192 2998 3260 Creatorem,
3032 3207 3149 3246 non
3197 3188 3376 3245 simul
3407 3186 3550 3243 dicit
3576 3201 3735 3242 crea-

2088 3283 2307 3339 tionem
2344 3300 2358 3339 :
2390 3299 2506 3338 non
2538 3282 2696 3337 enim
2727 3297 2861 3337 cum
2892 3280 3238 3336 aediﬁcatore
3269 3276 3447 3333 simul
3479 3280 3568 3331 est
3597 3276 3736 3331 aedi-

2088 3372 2648 3444 ficium,nequecum
2664 3370 2870 3443 opifice
2884 3368 3099 3441 navigii
3114 3366 3393 3424 simulest
3414 3365 3706 3437 navigium
3722 3407 3734 3419 .

2087 3461 2313 3517 Creatio
2340 3460 2496 3517 enim
2527 3461 2587 3516 in
2620 3466 2877 3517 creatore
2898 3462 2989 3516 est
3019 3476 3032 3514 :
3068 3457 3226 3531 quod
3252 3460 3449 3513 autem
3478 3459 3732 3523 creatur,

2089 3555 2222 3624 post
2252 3555 2568 3607 creatorem
2604 3554 2693 3607 est
2726 3567 2738 3606 :
2773 3555 2997 3622 patrem
3016 3556 3207 3604 autem
3235 3547 3446 3615 dicere,
3483 3562 3596 3601 non
3628 3562 3731 3616 po-

2090 3641 2201 3695 sito
2233 3638 2375 3707 ﬁlio,
2406 3638 2775 3712 impossibile
2796 3644 2885 3695 est
2917 3655 2929 3693 :
2965 3642 3023 3694 et
3042 3637 3137 3708 qui
3170 3640 3391 3709 patrem
3426 3634 3592 3703 dixit,
3617 3650 3732 3689 non

2089 3727 2439 3800 simpliciter
2469 3727 2634 3795 dixit,
2668 3728 2769 3784 sed
2800 3726 3051 3799 alicujus
3082 3730 3308 3798 patrem
3340 3723 3507 3780 dixit.

2158 3815 2366 3871 XXIX.
2398 3816 2553 3871 Deus
2585 3819 2643 3871 et
2683 3816 2992 3880 Dominus,
3036 3820 3093 3871 et
3122 3814 3512 3886 omnipotens,
3548 3815 3604 3867 et
3631 3815 3737 3865 Sa-

2087 3903 2266 3960 baoth
2297 3908 2353 3959 et
2384 3904 2631 3972 Adonai,
2664 3908 2721 3959 et
2741 3903 2863 3959 Eloi
2895 3902 3111 3958 dicitur
3140 3903 3198 3956 in
3223 3900 3535 3973 Scripturis
3558 3899 3733 3965 Deus,

2085 3993 2384 4066 ingenitus
2414 4010 2548 4048 vero
2595 4008 2987 4065 nequaquam.
3042 3992 3101 4048 Si
3134 3991 3267 4062 quis
3296 4007 3429 4046 vero
3458 3989 3569 4044 hoc
3598 4005 3735 4044 cou-

2086 4083 2272 4151 cedet,
2308 4086 2374 4138 ut
2402 4081 2722 4155 ingenitus,
2752 4086 2810 4137 et
2858 4080 2993 4137 aliis
3046 4080 3385 4136 nominibus
3416 4076 3734 4151 propositis

2085 4171 2338 4241 dicatur,
2372 4170 2838 4227 accommodabit
2884 4171 3006 4227 haec
3034 4168 3273 4236 Judwis,
3318 4172 3377 4225 et
3418 4166 3730 4235 omnibus;

2086 4260 2231 4317 solis
2259 4276 2392 4317 vero
2419 4259 2769 4317 Christianis
2791 4258 3259 4316 accommodabit
3280 4258 3472 4314 dicere
3501 4257 3732 4313 Patrem

2085 4349 2319 4406 Christi.
2354 4350 2413 4405 Si
2444 4349 2626 4424 igitur
2656 4350 2811 4422 quod
2843 4350 3035 4406 solum
3068 4366 3174 4405 nos
3214 4348 3287 4405 ab
3318 4346 3449 4404 aliis
3480 4350 3735 4418 separat,

2086 4438 2298 4496 falsum
2330 4444 2439 4509 est,
2473 4444 2531 4496 et
2561 4458 2677 4497 non
2721 4456 2923 4496 verum
2951 4458 2964 4509 ;
2996 4445 3054 4496 et
3104 4455 3317 4495 nomen
3366 4443 3452 4494 est
3485 4435 3649 4503 θέσει,
3678 4435 3739 4490 id

2083 4532 2195 4601 est,
2230 4529 2546 4601 positione,
2577 4534 2635 4586 et
2681 4547 2797 4586 non
2847 4547 2938 4586 res
2971 4533 3203 4599 natura,
3257 4527 3405 4584 falsa
3454 4531 3542 4583 est
3572 4526 3736 4594 fides,

319 4610 578 4667 dicimus
633 4628 763 4668 esse
816 4612 1079 4686 γέννημα,
1134 4614 1191 4670 id
1243 4618 1335 4671 est
1385 4630 1646 4686 germen,
1692 4622 1975 4691 tanquam
2010 4622 2234 4688 Dvana
2263 4623 2353 4675 est
2396 4636 2551 4691 spes.
2597 4619 2775 4690 Cujus
2823 4619 2979 4675 enim
3032 4618 3387 4692 principium
3440 4620 3530 4673 est
3575 4614 3738 4670 inﬁr-

321 4714 509 4756 unum
541 4716 609 4756 ex
638 4701 1008 4772 germinibus
1040 4702 1426 4775 intelligunt?

387 4787 562 4845 XXII.
592 4789 651 4844 Si
678 4805 791 4845 non
843 4790 1034 4863 gignit
1084 4796 1255 4860 Deus,
1289 4807 1362 4849 ne
1391 4793 1704 4852 ﬂuxionem
1738 4796 1965 4865 subeat,

315 4890 506 4950 neque
532 4876 723 4947 κτίζει,
770 4878 828 4934 id
860 4884 970 4951 est,
1004 4886 1181 4951 creat,
1214 4881 1335 4938 sive
1383 4881 1541 4954 iacit,
1574 4900 1645 4940 ne
1685 4885 1967 4958 defatige-

312 4968 413 5020 tur
439 4983 455 5035 ;
484 4966 576 5022 sin
608 4972 803 5023 autem
835 4973 996 5025 creat
1037 4969 1183 5026 nihil
1228 4972 1526 5044 patiendo,
1560 4972 1747 5030 multo
1779 4974 1968 5048 magis

313 5052 469 5109 nihil
501 5055 778 5126 patiendo
808 5057 1025 5129 gignit.

379 5141 586 5199 XXIII.
616 5143 672 5198 Si
706 5145 857 5201 sicut
889 5146 1168 5219 splendor
1196 5164 1263 5204 ex
1295 5150 1456 5205 omni
1480 5151 1705 5208 lumine
1732 5167 1970 5225 genera-

302 5233 423 5297 tur,
456 5232 543 5288 sic
572 5248 642 5289 ex
672 5234 838 5291 Patre
869 5234 1129 5307 quidem,
1154 5236 1379 5294 lumine
1404 5244 1600 5297 autem
1634 5258 1749 5298 non
1782 5258 1967 5315 quan-

298 5320 515 5393 doque,
541 5322 643 5379 sed
673 5323 797 5380 sine
816 5323 1254 5399 intercapedine
1273 5329 1579 5401 temporis,
1602 5334 1661 5386 et
1683 5336 1968 5390 coaeterne

297 5422 437 5465 cum
469 5408 595 5483 illo,
621 5428 737 5469 non
758 5411 916 5470 enim
936 5418 1027 5471 est
1046 5414 1250 5475 lumen
1270 5417 1400 5475 sine
1421 5418 1761 5491 splendore;
1784 5420 1967 5479 Filius

367 5646 416 5682 ⁶²
446 5646 617 5705 Joan.
664 5662 778 5715 xw,
824 5648 880 5705 7.

304 5716 327 5772 Ι
367 5649 420 5774 ’Ξ
446 5649 617 5705 Joan.
664 5662 778 5715 xw,
824 5649 880 5705 7.
991 5649 1038 5686 ⁸⁸
1083 5649 1229 5709 Gen.
1283 5668 1322 5720 ι,
1371 5652 1462 5711 26.

1573 5653 1815 5712 “Joan.
1866 5672 1922 5729 ν,
1974 5657 2059 5714 19.

2080 4723 2267 4778 mum,
2300 4707 2478 4763 etiam
2513 4707 2648 4764 finis
2678 4711 2767 4764 est
2797 4707 3026 4764 debilis.

2146 4795 2309 4853 XXX.
2344 4800 2570 4853 Rursus
2593 4796 2957 4870 interrogant
2980 4796 3178 4853 Ariani
3204 4814 3217 4853 :
3242 4795 3636 4861 Exsistensne,
3656 4811 3729 4849 an

2078 4900 2196 4940 non
2227 4884 2518 4942 exsistens
2546 4885 2782 4958 genitus
2812 4890 2903 4942 est
2935 4884 3114 4941 Filius
3136 4884 3163 4940 ?
3188 4884 3450 4940 Obscura
3481 4889 3539 4940 et
3568 4885 3732 4939 rudis

2076 4972 2486 5047 interrogatio;
2510 4974 2648 5047 quia
2664 4975 2821 5031 enim
2841 4976 3022 5047 pudet
3037 4974 3397 5047 interrogare
3416 4974 3733 5046 quando,et

2076 5063 2135 5119 in
2157 5069 2414 5136 tempore
2432 5064 2585 5121 088
2602 5063 2882 5121 dicunttb
2902 5057 2998 5132 ὤν,
3020 5064 3078 5119 id
3102 5064 3528 5133 est,exsistens.
3546 5062 3730 5117 Vicis-

2077 5156 2188 5211 sim
2237 5154 2418 5227 igitur
2466 5156 2864 5229 interrogandi
2919 5158 3106 5211 sunt:
3153 5155 3527 5211 Exsistensne
3577 5152 3731 5207 Deus

2076 5248 2247 5301 Pater
2278 5244 2489 5301 Filium
2536 5246 2760 5318 genuit,
2813 5263 2886 5301 an
2921 5263 3037 5301 non
3087 5246 3376 5301 exsistcns
3424 5240 3635 5296 Pater?
3666 5240 3725 5294 Si

2076 5335 2232 5391 enim
2263 5337 2555 5392 exsistens
2587 5335 2775 5405 Pater,
2803 5335 3179 5393 exsistentem
3204 5333 3406 5406 genuit
3436 5347 3449 5386 :
3485 5331 3575 5385 sin
3597 5344 3727 5383 vero

2074 5440 2191 5480 non
2240 5425 2550 5495 exsistens,
2598 5425 2856 5499 genitus,
2907 5430 2965 5483 et
3013 5441 3129 5481 non
3180 5427 3390 5479 natura
3419 5420 3587 5477 Pater
3615 5422 3726 5475 est.

2171 5660 2217 5696 "
2249 5659 2401 5717 Psal.
2451 5678 2644 5727 xxxvx,
2693 5661 2748 5717 9.
2862 5660 2906 5697 ⁸⁸
2954 5658 3096 5716 Dan.
3155 5674 3219 5728 xI,
3269 5658 3360 5714 22.
3472 5655 3517 5694 ⁸⁷
3549 5654 3727 5715 Hebr.
