4112 6224
435 363 548 422 831

389 554 392 556 γ
435 495 681 551 Omnem
700 499 895 550 autem
921 467 1348 550 contentionem
1370 490 1914 548 excluduntdivinzr
1934 488 2081 544 Scri-
2111 489 2163 555 Α

436 589 638 657 ριυιιω,
672 600 806 639 cum
828 584 1058 655 Moyses
1089 581 1244 638 clare
1265 582 1454 636 dicat:
1482 583 1597 652 Qui
1616 589 1715 645 est,
1737 578 1890 634 misit
1910 594 1996 634 me
2010 577 2085 642 ‘3;

433 679 491 729 et
521 671 893 744 Evangelium
927 689 940 726 :
975 676 1044 729 In
1070 671 1349 743 principio
1379 679 1497 726 erat
1531 670 1761 726 Verbum
1778 669 1859 734 ‘9;
1892 671 1949 722 et
1971 683 2086 722 non

436 761 615 818 semel
647 766 787 830 erat,
827 761 927 816 sed
962 765 1189 832 quater.
1225 760 1292 814 Et
1323 775 1526 814 rursus
1557 757 1704 814 alias
1733 773 1745 810 :
1777 759 1888 826 Qui
1913 759 1992 811 est
2019 771 2088 810 ex

437 852 540 906 Deo
561 851 644 917 7°;
677 863 731 904 et
765 867 776 904 :
813 849 918 917 Qui
941 855 1018 902 est
1042 849 1099 902 in
1121 849 1252 902 sinu
1283 850 1472 902 Patris
1489 847 1532 882 τί
1560 867 1573 914 ;
1610 847 1744 901 etin
1777 845 1889 899 alio
1913 843 2077 898 loco:

437 941 544 1008 Qui
572 948 647 994 est
675 940 739 994 in
767 939 898 993 enato
921 938 1003 1004 7';
1037 941 1093 992 et
1124 938 1184 991 in
1228 935 1573 1008 Apocalypsi
1609 951 1624 990 :
1659 936 1764 1004 Qui
1783 938 1880 1004 est,
1913 937 1963 988 et
1991 935 2086 1004 qui

432 1036 572 1099 erat,
610 1031 660 1084 et
685 1029 781 1098 qui
811 1031 1071 1082 venturus
1101 1035 1180 1081 est
1201 1027 1285 1096 73;
1337 1030 1394 1080 et
1426 1026 1632 1080 beatus
1681 1024 1899 1079 Paulus
1933 1039 1945 1076 :
1982 1023 2088 1090 Qui

434 1126 513 1173 est
539 1116 798 1187 splendor
825 1117 1020 1184 gloria:
1042 1116 1127 1184 7‘;
1157 1117 1214 1170 et
1246 1131 1258 1170 :
1294 1114 1430 1170 Cum
1451 1114 1510 1168 in
1531 1114 1714 1186 forma
1734 1113 1831 1168 Dei
1852 1120 1985 1168 esset
2000 1112 2082 1179 ’τες

433 1209 491 1260 et
520 1204 732 1259 iterum
765 1204 836 1258 de
876 1202 1020 1258 Filio
1051 1219 1065 1257 :
1101 1203 1212 1272 Qui
1255 1210 1332 1258 est
1356 1218 1522 1274 super
1564 1205 1746 1258 omnia
1795 1206 1955 1267 Deus,
1988 1203 2087 1272 qui

434 1296 517 1348 est
547 1292 856 1348 benedictus
888 1293 947 1347 in
975 1292 1199 1348 secula.
1227 1292 1400 1347 Amen
1419 1292 1482 1346 ⁷³.

507 1380 706 1436 XXXI.
742 1380 797 1436 Si
833 1398 1006 1436 verus
1049 1389 1138 1436 est
1168 1385 1344 1448 Deus,
1374 1384 1432 1436 et
1460 1379 1682 1447 lumen,
1715 1384 1772 1434 et
1801 1378 2084 1434 immuta-

432 1470 592 1537 bilis,
624 1475 681 1526 et
711 1471 922 1537 bonus,
953 1474 1010 1524 et
1058 1472 1319 1536 sanctus,
1351 1473 1408 1524 et
1450 1468 1757 1535 Dominus,
1791 1472 1848 1524 et
1876 1467 2083 1537 Filius,

434 1559 555 1614 haec
584 1564 779 1614 autem
813 1575 946 1614 cum
999 1562 1170 1614 Pater
1217 1558 1391 1613 etiam
1426 1557 1522 1624 sil,
1552 1574 1663 1613 non
1697 1557 1970 1613 similiter
1999 1561 2087 1611 est

434 1647 577 1718 haec,
611 1647 710 1702 sed
749 1644 1034 1718 μειζόνως,
1059 1647 1116 1700 id
1149 1651 1238 1702 est
1260 1646 1446 1715 magis
1471 1663 1484 1712 ;
1517 1647 1628 1701 erit
1649 1663 1786 1716 ergo
1807 1645 1944 1700 talis
1967 1661 2082 1700 non

431 1740 669 1807 propter
685 1734 1026 1790 substantiae
1047 1734 1447 1806 praestantiam
1470 1738 1526 1790 et
1543 1733 1966 1804 excellentiam,
1982 1734 2082 1789 sed

432 1823 736 1894 qualitatis
755 1826 1300 1894 exsuperationem;
1334 1823 1668 1878 substantia
1690 1823 1846 1878 enim
1869 1839 1982 1878 non
2003 1821 2085 1876 di-
2113 1853 2160 1917 B

431 1912 582 1967 citur
607 1911 816 1985 magis,
845 1916 947 1967 aut
968 1911 1168 1967 minus
1191 1910 1305 1966 alia
1329 1911 1662 1966 substantia
1687 1932 1702 1980 ;
1739 1912 1927 1967 bonus
1949 1927 2081 1966 vero

431 2001 606 2071 bono,
637 2006 695 2056 et
718 2002 921 2072 justus
944 2002 1109 2073 justo
1145 2001 1333 2071 magis
1383 2001 1598 2056 dicitur
1630 2019 1643 2056 :
1676 2000 1852 2073 igitur
1878 2017 2081 2056 eorum

433 2089 535 2162 qui
565 2090 743 2162 geniti
777 2095 937 2157 sunt,
968 2090 1170 2146 eadem
1195 2093 1284 2145 est
1309 2093 1520 2145 natura
1549 2091 1720 2161 cujus
1749 2093 1836 2146 est
1863 2090 1963 2162 qui
1985 2105 2080 2161 ge-

430 2179 582 2246 nuit,
615 2179 724 2234 etsi
762 2178 933 2234 aliter
962 2179 1197 2250 genitus
1245 2178 1457 2234 habeat
1484 2178 1545 2232 τὸ
1576 2178 1708 2231 εἶναι
1743 2195 1756 2210 ο
1790 2195 1895 2235 nec
1925 2180 2080 2234 enim

431 2265 571 2322 Abel
603 2267 704 2339 qui
735 2285 803 2323 ex
851 2267 1266 2338 conjunctione
1311 2266 1419 2321 viri
1449 2272 1507 2323 et
1553 2266 1818 2324 mulieris
1847 2268 2082 2340 genitus

430 2359 542 2424 est,
575 2355 819 2411 diversae
851 2360 1070 2411 naturae
1103 2355 1216 2410 fuit
1264 2371 1443 2427 quam
1493 2355 1680 2412 Adam
1713 2356 1813 2428 qui
1846 2373 1960 2412 non
1993 2361 2083 2412 est

429 2445 691 2517 genitus,
724 2445 824 2500 sed
862 2445 1171 2500 formatus.

500 2535 746 2589 XXXII.
779 2533 837 2588 Si
867 2534 1022 2604 quod
1047 2538 1138 2589 est
1168 2549 1366 2604 causa,
1390 2537 1480 2588 est
1501 2534 1694 2604 majus
1720 2537 1776 2589 et
1807 2533 2081 2590 differens

431 2621 764 2678 substantia
781 2621 851 2677 ab
869 2638 959 2688 eo,
974 2623 1143 2693 cujus
1160 2639 1338 2678 causa
1355 2626 1472 2692 est;
1495 2623 1690 2678 omnis
1707 2627 1898 2678 autem
1919 2629 2083 2696 pater

428 2714 519 2766 est
550 2728 752 2777 causa,
778 2715 838 2766 et
869 2711 1060 2766 omnis
1084 2711 1242 2766 ﬁlius
1267 2715 1358 2767 est
1388 2726 1456 2766 ex
1486 2727 1664 2766 causa
1696 2727 1708 2766 :
1742 2715 1941 2784 patres
1971 2711 2080 2783 igi-

429 2807 525 2856 tur
556 2801 809 2870 majores
838 2805 898 2855 et
939 2800 1274 2856 dil‘lerentes
1325 2800 1660 2856 substantia
1687 2805 1828 2856 sunt
1855 2818 1886 2856 a
1919 2801 2080 2872 ﬁliis,

430 2893 490 2945 et
520 2906 636 2944 non
670 2889 848 2945 unius
880 2889 1222 2946 substantia:
1257 2906 1270 2945 :
1304 2894 1364 2945 at
1391 2906 1507 2945 non
1537 2895 1628 2946 est
1655 2907 1855 2946 verum
1887 2890 2017 2946 hoc.

501 2977 756 3034 XXXIII.
789 2979 1158 3051 Interrogant
1201 2978 1420 3046 Ariani,
1455 2996 1527 3034 an
1579 2979 1770 3046 Pater,
1803 2983 2080 3050 generato

429 3066 847 3136 Filio,desierit
872 3083 1187 3139 generare;
1222 3068 1270 3123 si
1299 3069 1687 3140 respondetur
1712 3067 2075 3136 desiisse,in-

427 3154 648 3226 ferunt,
680 3154 926 3227 coepisse
957 3154 1140 3228 igitur
1182 3171 1498 3228 generare;
1532 3172 1702 3214 omne
1733 3156 1889 3212 enim
1923 3157 2080 3228 quod

1379 360 1772 423 APPENDIX
1815 357 2141 421 OPERUM
2186 357 2252 418 S.
2299 356 2581 417 BASlLll
2627 357 2902 417 MAGNI.

3725 362 3850 422 832

2196 486 2370 543 finem
2413 485 2610 552 habet,
2660 485 2960 558 inquiunt,
3006 487 3185 543 etiam
3238 488 3415 546 habet
3461 491 3846 564 principium.

2197 576 2420 642 Quibus
2451 576 2962 646 respondebimus,
2991 576 3042 632 si
3092 594 3330 634 necesse
3359 584 3468 647 est,
3501 582 3660 652 quod
3691 582 3848 638 desi-

2197 667 2303 732 nit,
2338 665 2689 737 principium
2716 666 2964 733 habere;
2997 670 3054 722 et
3086 668 3240 738 quod
3262 669 3618 740 principium
3651 669 3850 735 habet,

2197 770 2434 809 necesse
2463 754 2602 808 item
2636 754 2850 810 habere
2883 755 3082 810 tinem.
3117 756 3306 827 Igitur
3335 758 3528 829 angeli
3559 763 3618 814 et.
3649 760 3854 813 omnia

2198 842 2560 914 incorporea,
2593 859 2719 914 quae
2769 849 3070 915 coeperunt
3118 861 3268 912 esse,
3303 861 3540 902 necesse
3569 851 3662 902 est
3690 848 3852 902 desi-

2196 947 2332 986 nere
2360 947 2489 986 esse
2517 947 2530 986 :
2565 935 2625 986 at
2643 930 2752 987 hoc
2778 932 3104 988 absurdum
3127 939 3235 988 est.
3261 934 3458 989 Potest
3487 934 3671 1006 igitur
3691 937 3850 1008 quod

2195 1019 2364 1090 ccepit
2394 1035 2546 1085 esse,
2576 1037 2692 1076 non
2725 1019 3016 1092 desinere,
3045 1027 3102 1077 et
3121 1023 3276 1093 quod
3309 1023 3548 1093 desinit,
3580 1041 3700 1080 non
3734 1041 3854 1081 cm-

2197 1107 2372 1180 pisse.
2405 1108 2566 1172 Quod
2617 1109 2664 1163 si
2699 1126 2816 1165 non
2851 1126 2865 1164 :
2899 1109 3025 1181 ipse
3074 1111 3253 1167 etiam
3306 1111 3507 1178 Filius,
3539 1113 3587 1170 si
3621 1113 3852 1185 princi-

2195 1198 2356 1270 pium
2388 1197 2584 1268 habet,
2625 1202 2682 1254 et
2713 1198 2890 1254 ﬁnem
2941 1199 3202 1270 habebit,
3237 1201 3497 1272 ipsorum
3549 1204 3852 1274 opinione.

2264 1287 2497 1344 XXXIV.
2543 1288 2757 1344 Eadem
2810 1293 2899 1344 est
2947 1295 3158 1346 natura
3200 1305 3429 1357 eorum,
3475 1307 3602 1362 quae
3652 1294 3857 1364 genita

2194 1381 2353 1444 sunt,
2386 1380 2443 1432 et
2489 1377 2848 1448 generantia,
2882 1378 3148 1450 quamvis
3195 1377 3366 1436 aliter
3413 1380 3854 1453 cmporitjesse,

2195 1466 2295 1536 qui
2326 1465 2561 1537 genitus
2588 1471 2716 1536 est;
2746 1483 2862 1522 non
2894 1468 3051 1524 enim
3083 1467 3224 1524 Abel
3259 1473 3435 1526 natus
3463 1486 3533 1525 ex
3562 1471 3854 1542 conjunc-

2193 1555 2373 1620 tione,
2407 1554 2522 1610 alia
2573 1562 2786 1610 natura
2832 1557 2942 1612 fuit
2992 1563 3200 1629 praeter
3246 1563 3520 1615 naturam
3566 1561 3706 1615 Ade
3736 1577 3854 1616 non

2194 1644 2477 1716 generati,
2510 1645 2611 1700 sed
2640 1645 2894 1700 formati.

2265 1731 2493 1786 XXXV.
2527 1733 2688 1798 Quod
2721 1733 2779 1787 in
2803 1732 3166 1806 incorporeis
3190 1737 3280 1790 est
3299 1751 3484 1790 unum
3507 1736 3852 1807 operatione

2194 1825 2252 1875 et
2280 1820 2820 1891 voluntate,dicitur
2841 1822 3177 1878 substantia
3199 1840 3403 1879 unum.
3428 1824 3700 1881 Salvator
3714 1841 3849 1880 cum

2191 1909 2336 1964 dixit
2359 1927 2372 1965 :
2404 1915 2514 1981 Ego
2535 1917 2588 1966 et
2611 1911 2776 1966 Pater
2794 1927 2965 1966 unum
2993 1928 3186 1968 sumus
3209 1912 3276 1981 ⁸³⁸⁸,
3298 1929 3415 1968 uno
3436 1913 3720 1985 quopiam
3751 1929 3848 1968 eo-

2192 2015 2346 2068 rum,
2381 2016 2509 2071 qua:
2541 2003 2677 2054 ante
2711 1999 2930 2071 scripta
2961 2005 3120 2071 sunt,
3147 2001 3313 2056 dixit.
3347 2001 3534 2074 Igitur
3561 2002 3614 2057 si
3637 2019 3846 2074 opera-

2190 2088 2347 2144 tione
2377 2104 2561 2143 unum
2593 2089 2819 2158 dicunt,
2865 2103 3104 2146 necesse
3131 2094 3244 2160 est,
3276 2089 3612 2146 substantia
3664 2107 3844 2147 unum

2191 2177 2422 2245 dicant;
2456 2193 2658 2233 eorum
2681 2178 2862 2246 enim,
2886 2194 3016 2250 quae
3047 2183 3186 2233 sunt
3211 2178 3453 2234 diversae
3475 2180 3845 2246 substantiae,

2191 2281 2492 2336 nunquam
2515 2265 2625 2321 erit
2647 2266 2906 2338 operatio
2929 2265 3144 2322 similis
3171 2283 3184 2322 :
3208 2267 3302 2322 sin
3321 2271 3518 2324 autem
3538 2267 3849 2324 voluntate

2191 2371 2401 2421 unum,
2434 2371 2546 2409 non
2577 2353 2771 2410 solum
2818 2371 3187 2426 quaecunque
3216 2356 3384 2411 Pater
3423 2355 3572 2426 vult,
3606 2372 3849 2413 necesse

2189 2447 2280 2500 est
2308 2448 2362 2498 et
2396 2443 2613 2499 Filium
2660 2442 2845 2512 velle;
2894 2445 2996 2499 sed
3037 2445 3215 2500 etiam
3263 2461 3632 2518 quacunque
3663 2445 3850 2501 Filius

2190 2532 2330 2603 vult,
2365 2547 2600 2588 necesse
2632 2537 2720 2588 est
2749 2537 2808 2589 et
2834 2533 3064 2589 Patrem
3091 2533 3258 2590 velle.
3294 2533 3539 2591 Jubebit
3583 2551 3722 2606 ergo
3755 2536 3845 2590 Fi-

2189 2620 2304 2676 lius
2332 2621 2510 2690 Patri,
2534 2621 2604 2678 de
2624 2621 2841 2693 quibus
2861 2621 3008 2688 vult,
3029 2626 3088 2678 et
3112 2624 3186 2678 de
3217 2623 3436 2695 quibus
3451 2623 3730 2692 jubetur;
3755 2624 3845 2679 sin

2190 2715 2385 2766 autem
2416 2709 2605 2766 solum
2621 2710 2890 2781 jubetur,
2913 2714 3176 2779 coactus,
3197 2715 3255 2766 et
3285 2727 3400 2767 non
3430 2709 3642 2768 volens
3663 2712 3847 2768 mini-

2189 2803 2352 2855 strat.
2386 2798 2442 2854 Si
2471 2815 2608 2855 vero
2637 2814 2826 2872 neque
2852 2797 3175 2868 voluntate,
3198 2815 3305 2856 nec
3335 2801 3677 2871 operatione
3704 2806 3850 2856 sunt

2190 2905 2396 2958 unum,
2429 2889 2699 2960 sequitur
2719 2888 2981 2960 ipsorum
3007 2888 3303 2960 opinione,
3328 2904 3460 2945 esse
3489 2905 3680 2946 unum
3701 2889 3844 2945 sub-

2189 2977 2428 3043 stantia,
2459 2977 2518 3032 id
2549 2980 2660 3045 est,
2691 2975 2988 3047 ὁμουὺσιον
3020 2980 3281 3047 Patrem,
3309 2981 3368 3034 et
3410 2977 3650 3049 Filium,
3683 2979 3842 3051 quod

2190 3066 2304 3138 ipsi
2337 3065 2559 3134 dicunt,
2593 3064 2959 3138 impossibile
2989 3082 3143 3124 esse.

1469 3415 1766 3494 Ejusdem
1797 3417 1862 3477 S.
1897 3414 2110 3476 Basilii
2138 3421 2356 3476 contra
2383 3414 2782 3488 Eunomium,

934 3538 1090 3610 Quod
1118 3539 1432 3610 ingenitum
1459 3556 1572 3594 non
1605 3539 1998 3608 substantiam,
2028 3539 2122 3595 sed
2152 3535 2396 3613 ὕπαρξιν,
2431 3537 2488 3595 id
2517 3543 2596 3596 est
2622 3539 3031 3610 assistentium,
3061 3537 3332 3596 declarat.

499 3797 540 3854 Ι.
575 3797 633 3853 Si
687 3797 1016 3870 ingenitum
1051 3802 1140 3854 est
1186 3799 1545 3866 substantia,
1586 3804 1643 3856 et
1689 3800 1950 3872 genitum
1993 3804 2080 3856 est
2111 3803 2154 3870 C

424 3887 780 3955 substantia,
805 3890 862 3942 et
891 3885 1112 3942 idcirco
1135 3904 1248 3943 non
1275 3892 1415 3944 sunt
1442 3889 1706 3959 ejusdem
1740 3889 2081 3945 substantiae

425 3976 598 4032 Pater
625 3981 682 4032 et
713 3975 918 4043 Filius,
967 3993 1208 4032 necesse
1256 3982 1346 4034 est
1378 3979 1610 4049 penitus
1660 3979 1859 4034 omnia
1888 3979 2085 4051 genita

425 4064 604 4122 unius
635 4059 995 4121 substantiae
1029 4067 1336 4122 esse.Sunt
1366 4067 1542 4138 igitur
1569 4068 1765 4139 genita
1796 4066 2081 4140 ὁμοούσια,

425 4154 482 4210 id
516 4159 626 4222 est,
657 4155 926 4227 ejusdem
957 4156 1305 4212 substantiae
1336 4172 1462 4212 cum
1492 4156 1636 4213 Filio
1682 4157 1778 4212 Dei
1804 4176 1818 4226 ;
1848 4161 1906 4212 et
1939 4174 2085 4229 quo-

2194 3799 2369 3855 modo
2399 3815 2516 3854 non
2543 3801 2632 3854 est
2662 3796 3072 3869 blasphemum
3091 3797 3120 3852 Ἱ

2262 3891 2334 3944 ΙΙ.
2367 3887 2424 3942 Si
2457 3887 2784 3959 ingenitum
2832 3885 2970 3960 πρὸς
3016 3885 3107 3940 τὸν
3156 3883 3415 3959 γεννητὸν
3460 3883 3575 3938 υἱὸν
3608 3881 3850 3940 ἀντιδια-

2194 3971 2558 4048 στελλόμενον
2590 3981 2679 4032 est
2722 3976 3078 4041 substantia,
3112 3979 3170 4030 et
3216 3975 3538 4030 increatum
3576 3974 3713 4047 πρὸς
3742 3976 3850 4043 τὴν

2192 4065 2364 4119 κτίσιν
2397 4058 2976 4136 ἀντιδιαστελλόμινον
3023 4063 3359 4120 substantia
3381 4067 3509 4133 est;
3543 4069 3635 4120 est
3665 4064 3862 4136 igitur

2194 4155 2525 4228 ingenitum
2557 4154 2892 4210 substantia
2921 4157 2979 4209 et
3005 4153 3286 4209 increata.

1898 4281 2108 4339 Caetera
2140 4281 2361 4338 desunt.

497 4381 542 4415 ⁸⁸
569 4382 746 4437 Exod.
777 4398 863 4449 In,
897 4380 985 4438 14.
1105 4382 1150 4415 ⁶⁹
1174 4381 1344 4436 Joan.
1378 4398 1416 4450 ι,
1451 4381 1504 4437 4.

1615 4381 1660 4416 7°
1687 4385 1855 4436 Joan.
1906 4399 2026 4447 vm,
2079 4383 2167 4440 47.

2279 4384 2320 4418 ⁷¹
2352 4382 2521 4438 Joan.
2555 4397 2597 4451 1,
2629 4381 2715 4436 18.
2827 4379 2873 4413 ⁷³
2899 4381 3066 4438 Joan.
3098 4394 3184 4448 ιιι,
3236 4378 3322 4434 13.
3431 4377 3476 4413 ⁷³
3506 4379 3689 4451 Apoc.
3721 4395 3764 4448 ι,
3795 4380 3864 4435 4.

425 4451 471 4486 ⁷*
500 4451 673 4507 Hebr.
705 4469 748 4519 ι,
777 4454 832 4508 3.
908 4453 953 4487 ⁷⁵
984 4451 1235 4524 Philipp.
1270 4469 1332 4520 II,
1359 4453 1410 4507 6.
1489 4453 1534 4487 ⁷⁸
1562 4455 1729 4508 Rom.
1764 4471 1841 4523 1x,
1873 4454 1927 4508 5.
2004 4455 2083 4508 ⁷⁷.

2201 4471 2242 4508 1.
2275 4472 2331 4520 x,
2363 4455 2458 4511 30.

1680 4717 2088 4778 EXPOSITIO
2133 4716 2246 4777 SS.
2292 4718 2412 4776 PP.
2459 4717 2589 4776 NN.

861 4861 1263 4958 MAGNI
1330 4865 1787 4960 BASILII
1856 4867 2010 4959 ET
2081 4863 2678 4959 GBEGOBII
2744 4859 3412 4975 THEOLOGI,

1652 5048 1740 5107 De
1770 5051 1983 5108 sancta
2011 5051 2073 5108 et
2099 5045 2450 5108 orthodoxa
2477 5044 2625 5106 ﬁde.

501 5324 659 5382 689
692 5325 874 5383 Credo
905 5326 964 5382 in
1014 5326 1264 5396 Patrem,
1313 5331 1372 5384 et
1419 5329 1656 5401 Filium,
1706 5335 1764 5387 et
1803 5331 2084 5404 Spiritum
2115 5332 2164 5400 D
2195 5331 2560 5405 hypostases,
2593 5327 3004 5402 respondebis,
3043 5325 3200 5399 quod
3251 5341 3530 5397 personas
3563 5326 3876 5395 interpre-

425 5414 731 5487 Sanctum,
763 5415 1114 5473 Trinitatem
1139 5414 1457 5489 ὁμοούσιον,
1490 5419 1907 5491 inseparatam,
1930 5421 2084 5478 indi-

423 5501 638 5574 visam,
671 5503 1065 5574 inconfusam,
1097 5511 1156 5562 et
1185 5507 1740 5579 incomprehensam
1773 5526 1952 5565 unam
1983 5528 2086 5567 na-

423 5594 646 5661 turam,
678 5595 736 5648 et
784 5595 1206 5668 substantiam,
1233 5599 1292 5652 et
1333 5611 1602 5670 regnum,
1634 5601 1753 5655 tres
1783 5614 2087 5670 personas.

431 5681 494 5738 Si
527 5685 729 5738 autem
753 5681 1153 5758 interrogeris,
1170 5684 1312 5757 quid
1336 5683 1635 5744 declarent
1663 5703 1947 5760 persona,
1972 5687 2092 5746 sive

2192 5424 2389 5476 tamur
2417 5424 2700 5488 mentem,
2732 5419 2994 5486 verbum,
3018 5419 3075 5473 et
3104 5414 3404 5487 spiritum.
3426 5414 3588 5471 Mens
3611 5420 3881 5487 generat

2192 5509 2463 5579 verbum,
2493 5513 2551 5567 et
2581 5510 2825 5566 verbum
2854 5508 2983 5564 sine
3013 5504 3225 5578 spiritu
3259 5519 3375 5560 non
3425 5502 3722 5577 egreditur
3748 5523 3767 5571 ;
3803 5503 3878 5561 in

2196 5616 2263 5656 eo
2311 5599 2470 5656 enim
2525 5599 2868 5672 agnoscitur
2920 5596 3078 5654 Deus
3123 5593 3340 5664 vivere,
3395 5594 3553 5666 quod
3609 5601 3886 5665 generat

2197 5689 2442 5746 verbum
2471 5688 2716 5754 ἀπαθῶς.
2750 5685 2915 5756 Quod
2946 5685 2997 5745 si
3043 5684 3134 5742 vis
3180 5681 3465 5756 exemplis
3495 5681 3710 5740 clarius
3745 5681 3888 5745 hoc
