4112 6224
267 317 381 380 83⁵7

1333 297 1667 362 EUNOMII
1715 299 1946 360 LIBER
1990 281 2607 364 APOLOGETICUS.

3552 309 3675 374 838

337 443 466 508 ϐοῦς
529 445 690 517 ἡμῶν
767 436 1023 498 πίστεωςο
1110 431 1364 519 ηρόσχεε
1429 433 1579 521 γοῦν,
1638 430 1668 484 ὁ
1723 429 1908 556 άναγι-

337 521 584 563 νιξισκων-
671 511 766 563 ’ἱνα
862 511 938 563 nil
1041 525 1399 563 παρατραπης
1494 523 1596 563 της
1699 503 1822 556 ευθι
1847 521 1908 563 ας

2090 436 2223 486 sunt
2251 435 2443 504 impia,
2473 438 2529 489 et
2568 451 2601 490 a
2629 442 2819 494 sancta
2864 439 3066 510 pieque
3109 447 3299 497 nostra
3328 442 3432 512 ﬁde
3460 445 3674 505 aliena.

2091 503 2319 558 Attende
2347 507 2525 563 igitur
2566 515 2620 562 et
2664 524 2812 563 cave.
2847 513 3159 563 auicunmm
3204 512 3318 563 haec
3360 516 3506 563 lenis.
3542 536 3611 563 πε
3641 539 3674 563 ιι

671 511 766 566 ’ἱνα
861 511 939 585 μή
1041 500 1399 583 παρὰτρὰὲτῇς
1443 500 1455 506 ⁷
1494 509 1596 573 τῆς
1699 500 1822 556 εὐθε

337 589 516 663 ὁδοῦ.]

339 716 390 771 1.
421 711 498 768 Τὸ
531 709 643 782 (94)
679 707 772 780 μὶν
804 703 1156 778 συκοφαντεῖν
1186 699 1280 754 καὶ
1311 692 1628 753 διαϐάλλειν
1676 695 1828 758 τινὰς
1863 694 1914 769 ἐξ

267 800 574 859 ἀκολάστου
602 793 862 873 γλώττης
891 794 981 847 καὶ
1011 790 1242 865 γνώμης
1293 787 1638 863 ἀγνώμονος,
1691 786 1916 873 palen-

270 896 380 968 ρῶν
409 889 499 946 καὶ
533 871 1041 967 φιλαπεχθημόνων
1091 878 1252 955 ἔργον
1303 874 1530 968 εῗδοτεςο
1570 875 1643 968 ,τὸ
1684 871 1742 930 δὶ
1788 874 1917 937 τοὺς

269 965 328 1037 εκ
375 965 643 1046 διαϐολῆς
693 974 829 1029 εἶναι
882 968 1133 1041 δόξαντας
1177 965 1454 1042 πονηροὺς
1508 965 1655 1039 πάσῃ
1715 975 1918 1041 προθυ-

272 1069 369 1146 μίᾳ
396 1066 680 1142 πειρᾶσθαι
727 1062 792 1118 τὸ
840 1057 1043 1135 ψεῦδος
1097 1061 1218 1146 τοῖς
1267 1053 1522 1146 ἒλὲγχοις
1570 1053 1917 1146 ἀποτρέπειν,

268 1137 502 1236 άνδρῶν1
537 1150 871 1232 σωφρόνων,
927 1148 1020 1204 καὶ
1099 1144 1242 1236 μετὰ,
1284 1140 1580 1236 τῆςλῗδίας
1630 1137 1920 1236 εὐϐουλίας

267 1231 379 1319 τὴν-
398 1250 510 1301 τῶν
540 1231 770 1300 πολλῶν
801 1236 1095 1318 ἀσφάλειαν
1127 1234 1252 1310 περὶ
1290 1231 1508 1290 πολλοῦ
1550 1232 1917 1319 ποιουμένων

271 1316 565 1414 ὴθχόμεθα
625 1331 720 1406 μὲν
790 1316 942 1403 λόγῳ
997 1326 1096 1394 τὴν
1155 1327 1356 1414 γνῶσιν
1414 1321 1620 1414 ἀμφοῖν
1677 1316 1919 1414 ἔχοντες,

276 1408 560 1501 μήτετῆς
616 1419 884 1495 προτερας
940 1415 1073 1472 ποτὶ
1125 1413 1366 1488 γενέσθαι
1404 1409 1620 1501 μοίρας,
1677 1408 1765 1501 καὶ
1821 1414 1921 1501 τῆς

272 1497 496 1589 ὖστὲρας
545 1512 644 1580 τὴν
695 1513 887 1583 πεῖραν
937 1503 1234 1589 διαφυγεῖν.
1293 1497 1516 1589 Ἐπειδή
1553 1497 1611 1554 δὲ
1662 1499 1738 1589 μή
1786 1497 1926 1589 κατά

273 1584 504 1680 γνώμην
534 1601 646 1674 (92)
677 1591 899 1666 ἐκϐῆναι
957 1587 1153 1663 συνέϐη
1207 1591 1269 1645 τὸ
1325 1587 1504 1680 τέλος,
1532 1584 1804 1680 ποικίλως
1833 1585 1923 1680 καὶ

274 1674 640 1768 πολυτρόπως
701 1684 790 1740 διά
834 1705 894 1739 τε
942 1681 1122 1758 λόγων
1170 1680 1259 1734 καὶ
1312 1678 1557 1768 πράξεων
1589 1676 1735 1768 παρὰ
1790 1674 1926 1768 πολ-

2091 503 2322 583 Attende
2347 507 2535 583 igitur
2566 515 2638 583 et
2664 524 2812 583 cave,
2847 503 3159 583 quicunque

2312 519 2322 586 ξ
2347 512 2535 588 igitur_
2566 515 2638 588 et
2664 524 2812 588 cave,
2847 513 3159 583 quicunque
3204 512 3318 571 haec
3360 516 3510 588 legis,
3542 536 3611 576 ne
3640 539 3676 577 α

2095 577 2242 630 recta
2269 577 2356 631 via
2385 579 2709 651 avertaris.]
2800 577 2803 578 ⁷
2853 577 2870 580 “
3061 577 3079 583 “
3401 607 3406 611 ι

2100 699 2151 752 1.
2183 699 2476 756 Petulanti
2509 701 2710 775 lingua
2751 709 2811 760 et
2841 711 3034 763 mente
3083 725 3260 780 prava
3290 709 3421 768 aliis
3451 711 3678 770 calum-

2029 786 2244 844 niando
2301 790 2649 863 obtrectare,
2706 810 2840 850 cum
2919 813 3121 853 eorum
3181 799 3489 858 hominum
3549 820 3680 860 esse

2029 876 2309 949 sciamus,
2343 880 2444 950 qui
2476 880 2728 952 improbi
2756 884 3005 956 odioque
3027 887 3192 958 digni
3223 894 3383 959 sunt,
3411 891 3676 948 vicissim

2029 966 2186 1021 omni
2220 973 2432 1024 conatu
2466 973 2523 1024 et
2553 971 2752 1027 studio
2781 977 3016 1044 totaque
3047 979 3244 1032 mente
3273 977 3333 1034 in
3365 978 3424 1034 id
3456 981 3682 1036 incum-

2028 1053 2190 1123 bere,
2221 1060 2284 1111 ut
2317 1072 2420 1127 per
2448 1057 2810 1116 calumniam
2863 1078 2966 1134 pro
3016 1063 3192 1120 malis
3223 1066 3407 1122 habiti
3439 1071 3677 1125 menda-

2029 1141 2186 1198 cium
2219 1145 2372 1200 veris
2404 1149 2766 1218 argumentis
2797 1166 2832 1205 a
2877 1167 2941 1207 se
2983 1153 3336 1224 propellant,
3370 1154 3680 1214 hominum

2028 1231 2320 1289 bonorum
2348 1250 2478 1290 esse
2511 1237 2800 1304 novimus,
2825 1244 2883 1295 et
2901 1241 3137 1311 quidem
3168 1242 3399 1312 talium,
3424 1245 3524 1317 qui
3547 1261 3679 1303 cum

2032 1320 2144 1377 sibi
2176 1323 2448 1394 privatim
2479 1325 2627 1381 bene
2647 1327 2985 1384 consultum
3014 1331 3283 1403 cupiunt,
3304 1337 3431 1389 tum
3463 1334 3680 1392 multo-

2031 1426 2163 1465 rum
2197 1427 2431 1483 quoque
2452 1413 2748 1483 publicam
2773 1416 3276 1475 confirmationem
3305 1422 3502 1495 magni
3533 1423 3681 1479 faci-

2033 1503 2162 1554 unt.
2194 1501 2557 1572 Optabamus
2577 1503 2775 1575 itaque
2799 1508 2864 1560 ut
2891 1505 3017 1561 sola
3038 1508 3436 1579 speculatione
3457 1516 3685 1568 utrum-

2035 1604 2150 1660 que
2178 1588 2287 1644 hoc
2319 1591 2619 1662 cognitum
2651 1593 2866 1650 habere
2896 1595 3066 1651 nobis
3097 1597 3478 1669 contingeret,
3503 1605 3559 1656 et
3579 1617 3683 1656 ne-

2035 1693 2148 1749 que
2178 1694 2313 1733 cum
2347 1679 2526 1750 priori
2558 1679 2744 1736 ullum
2778 1684 3139 1739 consortium
3171 1685 3547 1760 haberemus,
3577 1693 3688 1746 eta

275 1782 396 1862 λοῖς
456 1765 1015 1868 ’κατασκευασθείσησ
1062 1773 1223 1868 ημῶν
1292 1765 1531 1868 gaudio;
1589 1765 1922 1868 δυσφημίας,

2049 1766 2377 1836 posterioris
2393 1768 2568 1824 etiam
2593 1771 2988 1845 experimento
3009 1772 3308 1830 immunes
3331 1792 3461 1832 esse
3491 1795 3688 1850 posse-

275 1852 532 1945 ἀλγεινῆς
579 1865 674 1938 μὶν
727 1865 888 1935 ἡμῖν,
960 1853 1231 1945 βλαϐεράς
1289 1852 1346 1910 δὲ
1409 1858 1527 1945 τοῖς
1585 1852 1928 1945 πιστεύουσιν

278 1940 380 2015 ὑπδ
424 1975 589 2012 τινων
639 1955 896 2026 πονηρῶν
945 1947 1038 2004 καὶ
1092 1943 1260 2020 μηδὲν
1308 1942 1606 2000 ὀκνούντων
1662 1941 1838 2017 λέγειν
1894 1940 1929 2010 ἢ

284 2049 542 2122 πράττειτ
586 2042 888 2119 ἀνθρώπων
936 2040 1071 2113 (93),
1110 2035 1200 2091 καὶ
1229 2040 1338 2090 τὼν
1369 2031 1761 2122 άκεραιοτὲρων
1813 2035 1934 2122 ταῖς

282 2119 390 2191 τῶν
443 2131 718 2210 διαφόρων
790 2126 1148 2203 κατηγορίαις
1193 2124 1295 2193 τήν
1336 2121 1609 2210 Ῠάλῖςθειαν
1674 2119 1930 2210 μετρούν-

281 2245 414 2295 των,
467 2205 750 2294 οὖνκρίσει
795 2219 892 2279 τὰς
939 2215 1058 2280 καθ’
1119 2215 1281 2287 ἡμῶν
1328 2205 1589 2272 διαϐολὰς
1637 2209 1931 2283 προσιεμέ-

280 2335 389 2369 νων
423 2331 440 2346 ο
517 2313 654 2384 ἡμῖν
726 2327 784 2363 τε
841 2305 1026 2367 αὐτοῖς
1109 2303 1414 2359 λυσιτελεῖν
1474 2299 1737 2372 ᾠήθημεν
1795 2297 1932 2373 πρὸς

280 2397 614 2476 ἀπολογίαν,
676 2395 766 2452 καὶ
811 2399 932 2457 τοῖς
961 2389 1333 2452 ἀϐασανίστως
1389 2388 1734 2465 λεγομένοις,
1792 2387 1932 2460 πρὸς

281 2489 600 2570 ἀσφάλειαν,
655 2481 919 2562 ἔγγραφον
973 2482 1052 2570 εἷς
1107 2482 1275 2570 cpe;
1311 2476 1678 2570 ἐκθεσθαιτῇς
1728 2477 1929 2531 ἑαυτῶν

282 2566 447 2651 δόξης
473 2579 576 2647 τὴν
609 2571 934 2649 ὁμολογίαν,
966 2568 1021 2627 εἷ’
1051 2591 1170 2632 πως
1201 2566 1292 2624 διὰ
1327 2568 1530 2638 ταύτης
1554 2567 1654 2637 τήν
1685 2586 1744 2621 τε
1791 2585 1930 2640 προ-

281 2664 557 2726 λαϐοῦσαν
606 2663 1048 2739 ἀποτρεψαίμεθα
1100 2656 1478 2737 βλασφημίαν,
1538 2656 1630 2712 καὶ
1678 2656 1817 2729 πρὸς
1869 2655 1932 2710 τὸ

281 2758 479 2816 λοιπὸν
507 2755 636 2820 τοὺς
679 2755 774 2827 μὲν
801 2749 1077 2828 πονηροὺς
1107 2746 1535 2822 ἀτολμοτέρους,
1563 2744 1692 2808 τοὺς
1721 2743 1778 2800 δὲ
1808 2743 1931 2801 λίαν

281 2847 530 2924 εὐχερεῖς
585 2839 1016 2919 άσφαλεστὲρους
1074 2835 1627 2924 παρασκευάσαιμεν,
1669 2839 1788 2924 τοῖς
1840 2835 1934 2907 μὲν

2042 1872 2198 1911 mus.
2232 1856 2379 1920 Quia
2408 1873 2540 1913 vero
2573 1859 2752 1916 finem
2776 1859 2943 1916 illum
2975 1878 3042 1918 ex
3073 1863 3252 1918 animi
3286 1867 3580 1924 sententia
3601 1885 3692 1925 as-

2042 1945 2208 2015 sequi
2237 1962 2352 2001 non
2401 1945 2589 2013 licuit,
2627 1950 2777 2004 vafra
2825 1954 2882 2006 et
2926 1951 3083 2007 varie
3129 1957 3249 2008 tam
3289 1955 3483 2012 verbis
3514 1973 3689 2030 quam

2041 2034 2212 2090 factis
2241 2041 2582 2107 comparata
2605 2039 2772 2094 nobis
2793 2041 2948 2110 apud
2974 2039 3192 2096 multos
3224 2045 3515 2101 mendacii
3541 2047 3691 2103 infa-

2042 2121 2182 2192 mia,
2226 2139 2434 2194 magno
2485 2126 2742 2196 profecto
2773 2144 2906 2182 cum
2958 2129 3156 2185 dolore
3204 2139 3423 2200 nostro,
3457 2133 3691 2191 illorum

2039 2226 2200 2280 vero,
2232 2212 2332 2284 qui
2365 2213 2540 2269 {idem
2569 2215 2701 2271 istis
2726 2217 2966 2283 habent,
2998 2219 3252 2287 damno;
3287 2237 3538 2294 cumque
3571 2223 3695 2281 hinc

2043 2300 2191 2356 ﬁant
2221 2319 2257 2358 a
2285 2302 2600 2360 malitiosis
2620 2310 2678 2360 et
2707 2307 2998 2378 ejusmodi
3021 2306 3384 2378 hominibus,
3410 2311 3508 2382 qui
3533 2311 3701 2383 quid-

2039 2391 2350 2473 visticere
2381 2397 2484 2448 aut
2514 2393 2704 2449 facere
2747 2411 2862 2450 non
2911 2404 3208 2466 verentur,
3239 2402 3364 2454 tum
3399 2416 3431 2455 a
3462 2400 3698 2473 simpli-

2043 2462 2324 2546 c'ib'ribus,
2358 2482 2459 2552 qui
2510 2482 2812 2539 veritatem
2860 2501 2928 2540 ex
2977 2485 3392 2544 dissidentium
3425 2489 3698 2547 crimina-

2042 2570 2307 2626 tionibus
2330 2571 2680 2642 metiuntur,
2703 2576 2761 2628 et
2790 2573 2952 2629 nullo
2972 2575 3198 2645 judicio
3224 2593 3465 2648 sparsas
3495 2585 3698 2638 contra

2043 2675 2150 2715 nos
2174 2660 2505 2716 calumnias
2527 2660 2994 2719 admittuntetin
3019 2672 3492 2722 manussumunt
3514 2683 3527 2722 :
3553 2669 3698 2726 utile

2043 2748 2214 2804 nobis
2245 2749 2392 2821 ipsis
2409 2750 2685 2807 duximus
2703 2752 2913 2824 partim
2935 2752 3172 2824 quidem
3201 2755 3272 2809 ad
3293 2756 3476 2811 nostri
3502 2757 3698 2814 defen-

2043 2838 2514 2910 sionem,partim
2534 2857 2668 2896 vero
2681 2841 2855 2896 etiam
2872 2843 2940 2896 ad
2957 2858 3177 2914 ea,qusa
3191 2842 3336 2898 alias
3350 2843 3696 2917 simpliciter

279 2921 562 3011 τὸν-ψευδῆ
613 2929 792 3006 λέγειν
842 2925 1074 2994 ἐπιδεὶς,
1103 2931 1221 2989 τοῖς
1255 2923 1312 2981 δὲ
1338 2925 1402 2980 τὸ
1444 2923 1712 2979 πιστεύειν
1762 2921 1933 3001 ἀσφα-

283 3025 376 3087 λὶς
405 3020 805 3092 ὗποδείξαντες,
850 3013 1414 3088 συναποδεικνυμὲνης
1476 3016 1544 3088 τῇ
1594 3013 1719 3088 παρ’
1769 3015 1932 3086 ἡμῶν

2042 2931 2101 2983 et
2133 2928 2258 2983 sine
2280 2932 2437 2984 certa
2460 2929 2803 3000 probatione
2823 2931 3119 3000 dicuntur,
3143 2931 3545 2990 conﬁrmanda
3565 2951 3695 3006 pro-

2041 3019 2228 3088 beque
2257 3017 2598 3089 munienda,
2628 3023 2693 3074 ut
2730 3019 2950 3092 scripto
2983 3020 3465 3093 comprehensam
3497 3039 3692 3080 coram

283 3113 520 3185 ἀληθείᾳ
568 3117 668 3180 τῆς
721 3108 838 3164 κατ’
864 3106 1067 3184 ἀμφοῖν
1111 3103 1410 3166 κολάσεως.
1462 3107 1525 3158 Ἦ
1577 3101 1681 3178 γὰρ
1707 3102 1843 3179 πρὸς
1871 3102 1931 3156 τὸ

2049 3106 2206 3162 vobis
2237 3111 2449 3162 nostra
2471 3107 2773 3164 sententia;
2796 3124 3220 3180 exponeremus
3241 3127 3346 3167 con
3357 3111 3692 3180 fessionem,

837 3161 1387 3279 κοιινῖἠν.’ἆμφοτὲροις
1408 3161 1793 3269 κατεργάίςετάι
1830 3161 1931 3260 τὴν

2049 3195 2222 3268 siquo
2241 3161 2530 3269 pactoper
2868 3161 3201 3254 calumnias
3241 3161 3694 3272 antevertentes:

283 3289 583 3366 τιμωρίαν.
2047 3283 2157 3341 hoc
2177 3289 2284 3355 est,
2299 3284 2462 3358 prius
2489 3302 2726 3358 sparsas
2748 3290 2806 3342 et
2824 3291 3094 3359 acceptas
3117 3287 3380 3357 amoliri;
3406 3292 3533 3345 tum
3561 3306 3694 3347 vero

283 3381 350 3438 in
381 3384 683 3454 posterum
715 3374 1040 3433 malitiosos
1083 3373 1217 3432 illos
1261 3372 1531 3430 homines
1569 3371 1767 3428 minus
1815 3373 2087 3445 audaces,
2121 3373 2255 3430 illos
2303 3391 2459 3445 vero,
2508 3373 2610 3447 qui
2654 3373 2825 3431 valde
2870 3379 3011 3432 sunt
3055 3375 3371 3449 simplices,
3407 3377 3698 3452 facileque

281 3470 608 3544 capiuntur
658 3470 718 3524 et
763 3467 1198 3540 permoventur,
1253 3461 1530 3520 certiores
1577 3466 1753 3535 atque
1799 3463 2260 3520 confirmatiores
2307 3464 2550 3520 reddere
2583 3480 2894 3537 possemus
2945 3466 3456 3523 :demonstrando
3483 3468 3697 3526 iterum

282 3559 410 3616 illis
443 3557 702 3631 quidem,
737 3571 912 3628 quam
947 3554 1026 3611 sit
1053 3551 1337 3610 horribile
1368 3551 1678 3608 mendacia
1709 3551 1919 3622 dicere,
1952 3552 2213 3625 falsaque
2244 3567 2506 3610 asserere
2539 3571 2551 3610 :
2587 3553 2750 3611 hisce
2796 3571 2952 3624 vero,
2985 3571 3162 3627 quam
3191 3556 3269 3613 sit
3297 3556 3696 3629 periculosum

282 3648 441 3706 falsa
469 3646 728 3714 credere,
757 3647 997 3701 ostensa
1027 3641 1206 3699 simul
1257 3658 1326 3698 ea
1372 3652 1500 3714 quas
1533 3657 1566 3697 a
1595 3639 1768 3697 nobis
1816 3644 1935 3697 stat
1978 3643 2242 3711 veritate,
2273 3646 2332 3698 et
2379 3659 2505 3715 qua
2535 3643 2804 3716 utrisque
2851 3645 3167 3702 metuenda
3210 3649 3300 3702 est
3328 3662 3520 3719 poena.
3553 3653 3695 3706 Nam

285 3735 581 3795 mendacii
614 3733 953 3792 communio
983 3747 1353 3789 communem
1385 3730 1559 3787 etiam
1593 3730 1905 3802 utriusque
1934 3730 2169 3788 conficit
2199 3747 2453 3803 poenam.

360 3827 416 3882 2.
448 3822 718 3897 Αἴτοῦμεν
751 3824 862 3897 (94)
895 3818 953 3876 δὲ
1007 3820 1113 3896 πρὸ
1166 3818 1381 3874 πάντων
1417 3819 1579 3892 ὑμᾶς,
1607 3819 1735 3882 τούς
1760 3839 1819 3873 τε
1844 3821 1934 3873 νῦν

284 3911 713 3987 ἀκουσομένους,
780 3910 872 3966 καὶ
928 3907 1055 3971 τοὺς
1113 3907 1190 3971 είς
1223 3909 1334 3982 (95)
1371 3905 1592 3984 ὕστερον
1625 3905 1940 3980 ἐντευξομέ-

282 4023 435 4070 νους,
471 4003 546 4074 μὴ
574 4004 654 4073 τῷ
681 3997 884 4070 πλήθει
928 3995 1220 4071 διακρίνειν
1279 3995 1480 4061 ἐθέλειν
1529 3998 1625 4065 τῆς
1681 3993 1939 4067 ἀληθείας

279 4093 351 4148 τὸ
381 4087 600 4166 ψεῦδος,
628 4093 698 4164 τῇ
754 4085 968 4144 πλείονι
1031 4086 1196 4162 μοίρᾳ
1240 4086 1302 4141 τὸ
1347 4090 1592 4160 κρεῖττον
1650 4087 1940 4141 συνάπτον·

285 4201 416 4253 τας,
455 4181 596 4252 μήτε
629 4179 765 4252 μὴὶν
811 4176 1110 4251 ἀξιώμασιν
1158 4177 1193 4246 ἢ
1221 4195 1383 4231 τινων
1441 4173 1726 4246 ἀλαζονείᾳ
1771 4194 1939 4250 προσ-

284 4270 551 4345 ἑχοντας,
600 4265 973 4341 ἀμαυροῦσθαι
1018 4266 1117 4334 τήν
1171 4261 1431 4320 διάνοιαν·
1487 4263 1616 4338 ἢτῇ
1641 4262 1783 4336 τάξει
1829 4266 1938 4316 τῶν

281 4352 685 4435 προλαϐόντων
736 4358 849 4428 (96)
905 4355 968 4409 τὸ
1019 4351 1214 4409 πλεῖον
1244 4355 1532 4428 νέμοντας,
1581 4353 1938 4432 ἀποφράττειν

283 4450 387 4510 τὰς
418 4446 585 4509 ἀκοάς
614 4450 731 4508 τοῖς
780 4443 1042 4521 ὑστέροις·
1077 4445 1176 4512 τήν
1224 4441 1282 4499 δὲ
1326 4447 1423 4498 τοῦ
1473 4450 1733 4517 Σωτῆρος
1781 4445 1942 4515 ἡμῶν

284 4541 476 4609 Ἰησοῦ
547 4539 778 4611 Χριστοῦ
851 4531 1200 4590 διδασκαλίαν
1266 4533 1466 4596 παντὸς
1558 4533 1654 4606 μὶν
1729 4533 1939 4608 ἀνθρώ-

285 4647 413 4683 πων
445 4628 558 4700 (97)
593 4625 849 4698 ἀριθμοῦ,
881 4622 1058 4692 πάσης
1091 4620 1148 4678 δὲ
1169 4621 1491 4701 φιλοτιμίας
1521 4621 1556 4692 ἢ
1581 4619 1939 4700 φιλονεικίας,

288 4716 585 4786 συνηθείας
634 4734 692 4768 τε
742 4711 808 4767 αὖ
864 4713 954 4766 καὶ
1041 4712 1368 4787 συγγενείας,
1455 4712 1543 4766 καὶ
1623 4705 1943 4781 συλλήϐδην

289 4806 490 4874 εἰπεῖν,
550 4804 766 4857 πάντων
825 4799 924 4856 ὅσα
947 4805 1065 4864 τοῖς
1123 4807 1223 4870 τῆς
1269 4803 1453 4876 ψυχῆς
1484 4799 1792 4876 κριτηρίοις
1825 4797 1941 4853 ἐπι-

2117 3821 2172 3876 2.
2204 3820 2468 3877 Petimus
2500 3825 2694 3878 autem
2746 3825 2880 3879 ante
2918 3823 3118 3878 omnia
3155 3827 3281 3879 tum
3315 3840 3349 3879 a
3377 3824 3563 3894 vobis,
3597 3824 3700 3897 qui

2049 3927 2206 3966 nunc
2234 3911 2358 3966 haec
2387 3911 2530 3966 estis
2561 3911 2843 3982 audituri,
2878 3916 3005 3968 tum
3035 3913 3212 3968 etiam
3243 3913 3316 3969 ab
3348 3912 3489 3984 illis,
3513 3915 3614 3986 qui
3636 3915 3698 3971 in

2049 4004 2349 4073 posterum
2379 3999 2438 4054 in
2470 4001 2673 4056 eadem
2705 4000 2986 4070 incident,
3006 4017 3192 4073 eaque
3222 4001 3436 4073 legent,
3459 4018 3531 4058 ne
3553 4003 3702 4059 mul-

2048 4087 2318 4144 titudinis
2350 4088 2574 4145 ratione
2621 4089 2844 4158 habita,
2875 4091 3200 4146 secundum
3254 4106 3383 4146 eam
3433 4107 3635 4148 verum
3665 4109 3701 4147 a

2051 4177 2199 4234 falso
2230 4177 2560 4234 discernere
2602 4177 2813 4250 velitis,
2849 4178 3056 4249 majori
3089 4179 3241 4236 692
3294 4178 3515 4236 scilicet
3544 4181 3698 4253 parti

2048 4266 2106 4321 id
2139 4267 2292 4338 quod
2329 4266 2540 4324 melius
2570 4271 2680 4340 est,
2710 4267 2990 4324 nimirum
3021 4269 3323 4324 victoriam
3354 4272 3412 4324 et
3440 4267 3701 4326 veritatis

2049 4355 2475 4426 testimonium,
2507 4357 2882 4414 attribuenda
2913 4375 2926 4414 :
2963 4373 3103 4415 neve
3149 4357 3421 4430 dignitati
3453 4363 3555 4414 aut
3577 4359 3698 4429 jac-

2053 4446 2247 4501 tantiae
2279 4447 2674 4519 quorumdam
2705 4446 2912 4518 dediti,
2946 4446 3131 4502 aciem
3164 4447 3382 4503 mentis
3411 4447 3576 4503 vobis
3607 4464 3704 4505 re-

2051 4534 2216 4590 tundi
2238 4535 2571 4607 patiamini:
2596 4535 2702 4602 vel,
2720 4535 2861 4590 dum
2882 4534 3014 4607 plus
3035 4551 3200 4607 aequo
3223 4534 3413 4590 ordini
3439 4535 3702 4607 priorum

2052 4625 2358 4680 doctorum
2399 4623 2681 4690 tribuitis,
2713 4639 2886 4679 aures
2933 4623 3359 4695 posterioribus
3390 4624 3703 4681 obturetis.

2053 4712 2203 4778 Quin
2239 4712 2455 4784 potius,
2490 4716 2557 4766 ut
2586 4710 2904 4768 Salvatoris
2937 4713 3122 4768 nostri
3151 4712 3292 4768 Jesu
3323 4712 3538 4768 Christi
3568 4714 3704 4770 doc-

2053 4801 2267 4856 trinam
2301 4800 2460 4855 omni
2493 4800 2803 4856 hominum
2841 4816 3104 4869 numero,
3137 4801 3296 4856 omni
3331 4817 3566 4875 quoque
3587 4819 3707 4857 am-

290 4898 518 4949 σκοπεῖν
550 4889 735 4947 εἴωθεν
785 4891 1250 4966 προτιμήσαντας,
1281 4894 1350 4964 τῇ
1383 4890 1519 4966 πρὸς
1559 4892 1658 4959 τὴν
1683 4886 1931 4960 άλήθειαι

2055 4889 2256 4945 bitioni
2287 4889 2376 4945 vel
2418 4888 2810 4946 contentionis
2839 4889 3026 4958 tudio,
3067 4891 3226 4946 omni
3273 4907 3504 4963 quoque
3534 4890 3708 4947 fami-

290 4982 482 5053 εὐνοίᾳ
507 4980 706 5056 κρίνειν
739 4980 808 5034 τά
836 4977 1106 5054 λεγόμενα
1131 4981 1265 5052 (98).
1325 4977 1570 5054 Μεγίστη
1622 4979 1726 5054 γὰρ
1779 4984 1944 5054 μοῖρα

288 5072 436 5147 πρὸς
477 5071 579 5139 τήν
643 5071 743 5139 τῆς
804 5067 1066 5138 ἀληθείας
1128 5065 1419 5144 διάγνωσιν
1487 5071 1522 5138 ἡ
1581 5069 1716 5144 πρὸς
1772 5069 1941 5139 αὐτην

288 5157 592 5220 οἰκείωσις.

365 5284 482 5356 (91)
513 5281 795 5356 Basilius,
823 5281 925 5337 lib.
959 5298 979 5337 ι
1009 5285 1202 5356 οοηενᾳ
1228 5283 1462 5356 Eunom.
1497 5299 1630 5356 pag.
1663 5283 1789 5337 209.

365 5349 482 5424 (92)
517 5359 624 5411 Ms.
657 5349 995 5424 Ten'isson”
1028 5349 1293 5422 σπουδήν.

2054 4977 2296 5034 liaritati
2328 4981 2382 5033 et
2415 4977 2774 5049 cognationi,
2806 4981 2981 5049 atque
3012 4983 3078 5034 ut
3109 4979 3456 5035 summatim
3490 4979 3704 5049 dicam,

2054 5067 2330 5122 omnibus
2363 5065 2484 5121 illis
2515 5066 2712 5132 rebus,
2747 5083 2874 5138 quae
2907 5066 3083 5122 menti
3116 5067 3175 5121 in
3207 5067 3521 5139 iudicando
3551 5071 3710 5123 tene-

2050 5156 2187 5210 bras
2219 5154 2515 5210 oti‘undere
2566 5153 2778 5222 solent,
2831 5155 3171 5226 praferatis,
3207 5159 3382 5227 atque
3435 5154 3517 5210 ita
3562 5153 3707 5209 bene

2132 5279 2246 5352 (95)
2277 5276 2370 5339 Εἰς
2403 5278 2621 5352 omittit
2643 5277 2820 5352 Basil.
2853 5279 3086 5352 eticud.

2133 5346 2246 5422 (96)
2280 5353 2363 5422 Ita
2393 5354 2544 5405 recte
2575 5349 2748 5422 B_asi_l.
2799 5351 3104 5407 Tenisson.
3150 5346 3527 5418 Lindenbrog.
3560 5349 3708 5400 Nam

365 5415 487 5499 (93)
516 5421 890 5499 Ιᾶηάνδρῷν.
919 5415 991 5480 1ο
1015 5441 1160 5481 mss.
1189 5415 1419 5482 vetusto
1445 5425 1575 5494 fuit,
1605 5424 1768 5493 ἀνῶν,
1801 5441 1931 5497 quor

2064 5415 2902 5499 Gllg:_:malp,ltpoc1166vtwv.

285 5498 601 5572 significat
631 5496 690 5550 ἀν
699 5496 956 5572 θρώπων.

365 5564 488 5639 ἰ94)
520 5569 608 5626 Ita
635 5564 868 5626 codices
898 5564 1092 5636 Gudii,
1124 5566 1559 5640 Lindenbrogii,
1588 5567 1953 5638 Tenissonii;

285 5641 437 5699 licet
460 5642 616 5714 apud
652 5641 934 5698 Basiliam
966 5654 1102 5713 pag,
1131 5641 1237 5694 210
1266 5644 1376 5709 est,
1409 5639 1686 5711 αἰτοῦμαι.

2155 5494 2244 5561 97)
2276 5483 2421 5549 Cod.
2443 5483 2752 5551 Tenisson.
2789 5494 3024 5562 iterum,
3056 5483 3288 5562 ἀνδρῶν.

2155 5496 2244 5561 97)
2276 5496 2412 5549 Cod.
2443 5496 2752 5551 Tenisson.
2789 5496 3024 5554 iterum,
3056 5496 3288 5562 ἀνδρῶν.

2134 5496 2245 5636 (98)
2278 5564 2485 5632 Verba,
2533 5569 2600 5632 τῆ
2651 5562 2786 5636 πρός
2825 5563 2923 5631 τὴν
2967 5555 3448 5636 ἀληθειαν-εὐνοίᾳ
3503 5555 3706 5634 κρίνειν

2064 5630 2448 5709 τὰλεγόμενα,
2472 5630 2629 5708 apud
2663 5630 2913 5694 Caveum
2945 5633 3098 5690 male
3127 5630 3554 5688 desiderantur.
