4112 6224
497 274 618 361 839

1436 292 1830 353 APPENDIX
1877 268 2200 351 OPERUM
2247 291 2313 350 s.
2363 291 2647 352 BASlLlI
2693 292 2965 353 MAGNI.

3773 301 3873 364 810

498 446 633 504 erga
666 428 966 485 veritatem
1000 426 1216 498 affecti,
1250 425 1320 481 de
1350 424 1423 480 iis
1456 440 1582 496 quae
1615 423 1895 479 dicuntur
1914 419 2209 493 judicium
2240 421 2468 480 feratis.
2512 423 2738 479 Etenim
2766 424 2837 479 ad
2870 424 3120 482 solidam
3150 427 3416 484 veritatis
3445 431 3811 501 cognitionem
3829 440 3873 493 et

497 518 979 593 diiudicationem
1012 515 1331 589 plurimum
1366 514 1521 577 facit.
1557 513 1605 568 si
1640 513 1773 585 quis
1801 511 1993 584 ipsius
2023 510 2287 567 veritatis
2317 518 2602 584 tanquam
2636 513 2957 570 domestica
2988 514 3388 573 familiaritate
3427 518 3753 576 delectetur.

568 611 619 664 3.
656 609 936 663 Praeterea
953 622 1250 677 rogamus,
1268 619 1338 659 ne
1362 603 1530 659 nobis
1554 600 1964 673 indignemini,
1987 600 2132 672 quod

2329 601 2382 657 3.
2443 601 2587 669 Πρὸς
2618 598 2684 669 δὴ
2716 601 2935 664 τούτοις
3114 600 3244 675 μηδ’
3275 606 3412 677 ἡμῖν
3446 606 3803 681 χαλεπαίνειν,
3831 611 3869 665 εἲ

496 713 685 771 neque
716 697 923 765 fastus,
958 710 1147 765 neque
1188 696 1381 747 metus
1430 691 1719 747 rationem
1752 688 1935 746 ullam
1966 688 2143 743 habe-

496 804 651 856 mus,
685 786 786 842 sed
834 784 994 841 omni
1044 781 1353 853 temporali
1402 780 1600 853 gratiae
1643 783 1698 835 et
1729 777 2146 851 tranquillitati

494 876 657 931 illam
691 874 966 929 ﬁduciam
1020 870 1203 926 animi
1234 869 1517 941 intrepidi
1568 868 1986 941 praeponimus,
2019 882 2146 937 quae

494 968 733 1038 propter
778 964 1042 1018 futurum
1088 965 1306 1017 statum
1358 975 1534 1030 penes
1566 958 1769 1014 fideles
1817 961 1928 1027 est,
1959 961 2016 1012 et
2046 955 2146 1011 illa

494 1054 670 1124 mala,
705 1069 829 1125 qua:
864 1056 1014 1107 Deus
1045 1049 1248 1122 impiis
1279 1053 1438 1105 certo
1470 1048 1758 1116 minatur,
1789 1048 1980 1119 magis
2011 1061 2145 1100 cen-

491 1158 689 1200 semus
736 1140 1020 1207 timenda,
1054 1154 1233 1210 quam
1266 1135 1589 1209 quamlibet
1628 1142 1919 1192 terrenam
1960 1134 2141 1190 afﬂic-

2254 685 2423 763 τύφου
2460 689 2556 761 μὶν
2584 686 2959 762 ἀμελήσαντες
2988 691 3078 745 καὶ
3110 687 3303 769 φόϐου,
3346 701 3447 763 τῆς
3498 692 3555 750 δὲ
3602 700 3874 773 παραυτίκα

2254 778 2482 852 χάριτος
2512 777 2603 832 καὶ
2635 776 2934 855 ἀσφαλείας
2965 780 3067 848 τήν
3093 780 3226 857 ὑπὲρ
3246 786 3354 837 τῶν
3385 781 3698 855 μελλόντων
3722 784 3874 842 ἄδειαν

2254 870 2689 944 προτιμήσαντες
2724 912 2738 937 ,
2806 868 2896 923 καὶ
2973 870 3153 941 πάσης
3228 870 3464 946 ἐπιγείου
3538 876 3872 940 κακοπαθείας

2254 958 2483 1013 θανάτου
2520 978 2578 1012 τε
2634 958 2976 1034 προσκαίρου
3036 955 3412 1037 φοϐερωτέραν
3470 965 3570 1033 τὴν
3616 966 3748 1020 κατᾶ
3784 971 3873 1020 τῶν

2254 1041 2463 1103 ἀσεϐῶν
2508 1045 2813 1121 ὡρισμένην
2872 1046 3105 1119 ἀπειλήν
3157 1050 3289 1104 εἶναι
3339 1050 3615 1128 κρίναντες
3644 1097 3659 1123 ,
3703 1056 3876 1117 παντὸς

2251 1132 2705 1209 ἐπικαλύμματος
2775 1137 2990 1211 γυμνὴν
3052 1136 3369 1212 ἑκτιθὲμεθα
3435 1142 3537 1211 τήν
3620 1140 3877 1212 ἀλήθειαν,

2252 1222 2389 1282 Οὔτε
2430 1225 2554 1300 γὰρ,
2616 1225 2754 1280 κατά
2808 1226 2901 1281 τὸν
2952 1225 3290 1283 Ἀπόστολον
3322 1228 3512 1299 εἰπεῖν,
3559 1228 3679 1301 ἄξια
3706 1232 3769 1286 τὰ
3790 1253 3877 1286 πα-

2250 1315 2469 1387 Θήματα
2555 1317 2652 1368 τοῦ
2737 1318 2828 1370 νῦν
2913 1320 3105 1390 καιροῦ
3188 1317 3326 1390 πρὸς
3408 1319 3506 1388 τὴν
3595 1316 3879 1392 μέλλουσαν

2250 1400 2725 1466 ἀποκαλύπτεσθαι
2811 1400 2988 1475 δόξαν.
3073 1401 3202 1462 Οὐδ’
3289 1407 3316 1461 ὁ
3396 1406 3615 1480 σύμπας
3697 1409 3879 1481 κόσμος

2250 1490 2384 1566 πρὸς
2441 1487 2737 1544 ἀπόλαυσιν
2771 1492 2787 1564 (
2800 1493 2847 1564 1)
2877 1492 2966 1545 καὶ
3000 1489 3335 1561 δεσποτείαν,
3369 1492 3668 1570 ίσόρῥοπον
3700 1493 3876 1550 ἀντάλι

2250 1578 2435 1655 λαγμα
2460 1585 2563 1648 τῆς
2595 1576 2733 1642 ἰδίας
2766 1580 2993 1634 ἑκάστου
3024 1582 3232 1655 ψυχῆς,
3264 1580 3413 1638 πολὺ
3464 1584 3587 1638 καθ’
3646 1585 3873 1657 ἑκάτερον

487 1232 730 1301 tionem,
752 1229 1064 1301 ipsamque
1086 1228 1228 1283 adeo
1250 1225 1634 1297 temporalem
1664 1230 1909 1280 mortem
1935 1243 1948 1293 ;
1981 1228 2038 1279 et
2059 1222 2144 1279 sic

487 1319 677 1391 ipsam
708 1318 1014 1373 veritatem
1065 1316 1227 1372 omni
1272 1315 1555 1371 velamine
1600 1314 1939 1371 destitutam
1975 1328 2143 1385 expo-

488 1408 706 1463 nimus.
740 1410 927 1479 Neque
952 1407 1121 1473 enim,
1148 1410 1213 1459 ut
1243 1420 1375 1459 cum
1408 1402 1683 1475 Apostolo
1706 1403 1929 1473 loquar,
1960 1402 2145 1473 dignm

482 1505 612 1553 sunt
658 1496 984 1566 afﬂictiones
1032 1495 1323 1567 praesentis
1378 1494 1569 1549 seculi
1613 1492 1682 1548 ad
1729 1508 1850 1549 eam
1906 1492 2141 1563 gloriam

482 1601 603 1658 qum
635 1584 941 1656 aliquando
971 1583 1309 1638 revelabitur
1328 1583 1393 1618 “-
1429 1582 1628 1653 Neque
1659 1597 1800 1637 sane
1830 1581 2142 1637 universus

482 1674 577 1729 hic
610 1673 867 1728 mundus
917 1672 1133 1743 dignus
1181 1676 1291 1742 est,
1322 1671 1423 1742 qui
1471 1671 1807 1727 conferatur
1852 1686 1987 1725 cum
2039 1668 2132 1724 illo

2249 1666 2548 1723 ἀπόλαυσίν
2580 1689 2639 1724 τε
2667 1670 2754 1723 καὶ
2785 1668 3012 1724 κόλασιν
3049 1665 3504 1745 ὑπερϐαλλόντων
3557 1673 3628 1728 τὰ
3656 1674 3877 1748 παρόντα

480 1763 785 1818 commodo
816 1765 875 1818 et
921 1761 1203 1828 dominio,
1238 1777 1366 1833 quae
1396 1763 1681 1832 tanquam
1714 1775 1942 1830 aequam
1976 1774 2132 1814 com-

2241 1761 2349 1811 τῶν
2382 1754 2881 1831 προσδοκωμένων.

481 1851 883 1924 pensationem
916 1850 1153 1923 prepria
1184 1849 1654 1921 uniuscujusque
1698 1849 1896 1904 anima
1927 1847 2172 1919 accipiet
2203 1864 2216 1903 :
2245 1864 2379 1903 cum
2413 1849 2485 1903 ab
2531 1848 2605 1905 iis
2655 1866 2784 1921 quae
2834 1848 3111 1921 utrinque
3152 1852 3545 1923 exspectanda
3575 1856 3737 1924 sunt,
3765 1857 3876 1909 tum

481 1941 672 2014 quoad
707 1941 967 2014 praemia,
1000 1945 1126 1996 tum
1161 1940 1351 2011 quoad
1384 1956 1637 2011 paenam,
1670 1937 1842 2010 longe
1872 1937 2182 2010 praesentia
2214 1941 2589 2010 superentur.

548 2032 599 2086 4.
633 2031 745 2086 Sed
780 2046 871 2095 ne,
907 2029 1047 2085 dum
1077 2029 1239 2085 hisce
1268 2029 1492 2085 diutius
1523 2029 1688 2100 justo
1721 2029 2128 2095 immoramur,

2311 2028 2366 2083 4.
2399 2024 2560 2082 Ἀλλ’
2596 2024 2689 2080 ’ίνα
2734 2046 2795 2102 γε
2825 2026 2901 2099 μὴ
2931 2026 3150 2089 τούτοις
3184 2025 3271 2082 ἐπὶ
3300 2025 3493 2083 πλεῖον
3524 2025 3869 2107 ἐνδιατρίϐον-

474 2136 808 2177 sermonem
833 2118 1084 2173 nimium
1109 2118 1528 2189 producamus,
1553 2118 1624 2173 ad
1648 2118 1840 2189 ipsam
1866 2134 1971 2173 nos
1996 2133 2130 2173 oon-

2239 2135 2351 2184 τες,
2383 2116 2521 2190 πέρα
2553 2118 2625 2187 (2)
2657 2119 2753 2171 τοῦ
2806 2114 3006 2191 μέτρου
3041 2114 3369 2190 μηκύνωμεν
3418 2116 3511 2173 τὸν
3564 2117 3751 2195 λόγον,
3806 2118 3879 2174 ἐπ’

472 2208 759 2265 vertimus
809 2207 945 2262 ﬁdei
995 2208 1447 2277 confessionem,
1480 2223 1549 2263 ex
1597 2224 1714 2279 qua
1761 2207 1855 2276 iis,
1898 2205 2000 2278 qui
2033 2222 2131 2261 no-

2239 2203 2408 2275 αύτήν
2437 2201 2547 2275 ἤδη
2586 2205 2914 2280 τρεψώμεθα
2963 2211 3062 2275 τῆς
3115 2203 3349 2270 πίστεως
3402 2208 3503 2275 τὴν
3568 2206 3876 2285 ὁμολογίαν,

474 2302 655 2354 stram
687 2295 869 2353 velint
908 2296 1057 2351 scire
1088 2296 1467 2366 sententiam,
1505 2300 1842 2368 promptum
1873 2299 1930 2351 et
1958 2311 2130 2367 expe-

2239 2290 2290 2363 ἐξ
2314 2294 2382 2362 ἧς
2413 2292 2657 2367 εὐμαρὴς
2702 2292 2792 2348 καὶ
2844 2290 3001 2369 ῥᾳδία
3047 2294 3247 2369 γένοιτ’
3286 2293 3347 2349 ἃν
3377 2301 3495 2359 τοῖς
3532 2296 3880 2371 βουλομένοις

474 2387 662 2443 ditum
686 2386 796 2442 erit
814 2401 945 2442 eam
974 2401 1310 2457 agnoscere.
1336 2384 1746 2441 Necessarium
1770 2388 1967 2442 autem
1990 2400 2131 2456 quo-

2239 2385 2335 2447 τῆς
2411 2381 2682 2459 ἡμετέρας
2744 2383 2974 2457 γνώμης
3049 2383 3396 2455 κατανόησις.
3458 2385 3774 2462 Ἀναγκαῖον
3827 2384 3878 2441 δὶ

473 2494 589 2549 quo
619 2475 886 2533 fortassis
912 2474 1087 2531 fuerit
1111 2475 1421 2548 nobis,qui
1455 2477 1526 2531 de
1557 2475 1719 2530 hisce
1749 2474 1924 2531 rebus
1953 2473 2129 2530 verba

2239 2469 2368 2534 iam:
2390 2470 2518 2532 τοὺς
2546 2471 2670 2544 περὶ
2695 2470 2903 2526 τούτων
2934 2469 3135 2547 λόγους
3181 2474 3563 2548 ποιουμένους,
3597 2474 3689 2530 καί
3727 2473 3877 2549 δόξης

473 2565 744 2633 facimus,
788 2570 846 2620 et
896 2564 1142 2637 prepriee
1192 2564 1495 2620 sententiae
1548 2564 1835 2621 rationem
1886 2563 2127 2619 reddere

2239 2558 2436 2622 οἲκείας
2494 2559 2715 2622 εὐθύνας
2777 2559 3081 2636 ὑπᾶχοντας
3119 2606 3134 2631 ,
3194 2564 3271 2635 μὴ
3317 2568 3437 2626 ταῖς
3490 2568 3602 2619 τῶν
3659 2563 3872 2620 πολλῶν

473 2659 763 2721 tenemur,
798 2669 869 2709 ne
900 2658 1120 2709 temere
1151 2652 1333 2708 semel
1380 2651 1781 2709 multitudinis
1808 2668 1916 2708 nos
1946 2652 2126 2707 deda-

2239 2647 2459 2720 ἀμελῶς
2487 2648 2709 2711 ἑαυτοὺς
2740 2650 2818 2720 (3)
2850 2647 3114 2705 ἐκδιδόναι
3166 2651 3437 2727 γνώμαις,
3484 2653 3590 2722 τήν
3642 2650 3701 2708 δὲ
3753 2674 3875 2727 κρα-

472 2760 606 2800 mus
637 2742 1053 2814 opinionibus;
1087 2742 1189 2797 sed
1222 2747 1289 2797 ut
1331 2742 1489 2813 piam
1522 2741 1682 2796 illam
1725 2740 2125 2809 traditionem,

2239 2741 2430 2792 τοῢσαν
2462 2740 2542 2811 (4)
2600 2736 2799 2803 ἄνωθεν
2854 2737 2913 2793 ἐκ
2956 2743 3065 2794 τῶν
3117 2740 3368 2815 Πατέρων
3418 2737 3615 2808 εὐσεϐῆ
3647 2739 3877 2818 παράδο-

469 2851 598 2907 quae
632 2840 782 2888 retro
830 2831 1141 2903 cogitando
1189 2830 1326 2885 inde
1359 2847 1392 2886 a
1424 2830 1693 2887 Patribus
1739 2846 1927 2902 usque
1973 2829 2121 2884 obti-

2239 2848 2337 2898 σιν,
2370 2826 2550 2902 ὥσπερ
2603 2827 2722 2882 τινὰ
2765 2826 3023 2903 γνώμονα
3071 2830 3147 2902 (5)
3194 2830 3285 2883 καὶ
3340 2829 3544 2885 κανόνα
3568 2831 3873 2906 προεκτιθε-

471 2923 618 2990 nuit,
646 2920 805 2977 velut
825 2920 1145 2993 quamdam
1172 2920 1462 2976 amussim
1486 2935 1551 2974 ac
1579 2918 1837 2991 regulam
1866 2918 2123 2989 praemit-

2239 2914 2456 2989 μένους,
2518 2911 2731 2991 ἀκριϐεῖ
2782 2914 2960 2989 τούτῳ
3003 2923 3312 2994 συγχωρεῖν
3342 2922 3585 2995 χρῆσθαι
3612 2919 3874 2997 κριτηρίῳ

467 3018 686 3079 tamus,
718 3015 893 3082 atque
931 3025 1001 3065 ea
1020 3008 1229 3065 deinde
1277 3024 1379 3065 ceu
1429 3012 1631 3064 exacta
1671 3007 1882 3079 judicii
1917 3023 2124 3063 norma

2239 3007 2365 3081 πρὸς
2391 3006 2491 3075 τήν
2522 3010 2631 3062 τῶν
2664 3003 2979 3081 λεγομένων
3018 3005 3307 3066 ἐπίκοισιν.

468 3102 553 3158 uti
586 3100 772 3156 cuivis
801 3100 1214 3171 permittamus
1244 3098 1316 3154 ad
1343 3113 1541 3154 eorum
1568 3114 1697 3169 quae
1728 3097 2009 3152 dicuntur
2038 3096 2122 3151 di-

473 3188 919 3243 iudicationem.

461 3205 919 3261 Juaicauonem.

532 3278 587 3331 5.
622 3276 926 3333 Credimus
958 3276 1017 3329 in
1062 3291 1240 3330 unum
1291 3279 1485 3340 Deum,
1521 3276 1744 3330 Patrem
1771 3274 2117 3345 omnipoten-

2293 3276 2348 3331 5.
2420 3272 2749 3345 Πιστεύομεν
2818 3275 2895 3347 (6)
2975 3290 3051 3336 εις
3112 3270 3203 3329 ἕνα
3253 3275 3407 3342 Θεὸν,
3465 3272 3686 3350 Πατέρα
3740 3294 3868 3329 πανο

461 3374 590 3431 tem,
621 3380 695 3420 ex
721 3379 825 3434 quo
853 3372 981 3419 sunt
1011 3364 1220 3419 omnia.
1255 3363 1322 3418 Et
1352 3365 1410 3417 in
1444 3379 1617 3417 unum
1649 3364 2000 3430 unigenitum
2030 3364 2116 3416 Fi-

2239 3361 2546 3439 εοκράτορα,
2581 3361 2630 3434 ἐξ
2672 3360 2733 3417 οὗ
2788 3362 2854 3417 τὰ
2909 3362 3098 3419 πάντα.
3160 3363 3256 3418 Καὶ
3315 3363 3391 3426 εἲς
3447 3361 3541 3419 ἕνα
3603 3367 3864 3439 μονογενῆ

462 3455 598 3509 lium
635 3453 753 3519 Dei,
788 3454 957 3506 Deum
1011 3453 1262 3521 Verbum,
1296 3452 1588 3507 Dominum
1639 3455 1888 3506 nostrum
1934 3452 2115 3507 Iesum

2239 3418 2347 3506 Γίὸν
2404 3415 2502 3505 τόῢ
2533 3415 2713 3519 ’Θξοῖῃ
2747 3452 2874 3507 Θεὸν
2907 3453 3105 3528 Λόγον,
3152 3453 3243 3507 τὸν
3278 3415 3477 3528 Κύριον
3537 3415 3704 3525 ἡμῶν
3756 3415 3867 3522 ,Ἰηὶ

460 3541 758 3607 Christum,
786 3555 887 3610 per
924 3555 1081 3610 quem
1109 3548 1239 3594 sunt
1273 3541 1478 3593 omnia.
1529 3540 1594 3593 Et
1642 3540 1702 3593 in
1732 3555 1904 3594 unum
1934 3540 2113 3611 Spiri-

2239 3545 2346 3595 ιοῦν
2380 3539 2633 3615 Χριστὸν⁶
2665 3537 2735 3595 δι’
2789 3541 2850 3595 οὗ
2906 3541 2970 3595 τὰ
3026 3542 3218 3598 πάντα.
3269 3540 3375 3597 Καὶ
3408 3540 3485 3603 εἷς
3538 3538 3595 3598 ἰν
3649 3545 3863 3613 Πνεῦμα

458 3638 573 3686 tum
623 3632 876 3685 sanctum
922 3629 1290 3695 Paracletum,
1324 3629 1387 3684 in
1437 3644 1539 3700 quo
1588 3628 1862 3685 universae
1906 3630 2109 3698 gratiae

2239 3630 2385 3705 ἱγιον,
2414 3628 2505 3683 τὸν
2538 3628 2919 3705 Παράκλητον,
2954 3629 3005 3685 ἐν
3050 3632 3096 3703 ᾧ
3126 3631 3302 3701 πάσης
3349 3632 3583 3707 χάριτος
3630 3628 3859 3702 διανομή

455 3719 774 3775 distributio
824 3719 989 3791 juxta
1037 3720 1444 3790 proportionem
1498 3722 1663 3789 prout
1712 3718 1930 3790 expedit
1973 3719 2105 3774 uni-

2239 3718 2349 3773 ιατᾶι
2374 3717 2473 3787 τὴν
2504 3717 2840 3796 συμμετρίαν
2871 3718 3004 3793 πρὸς
3023 3719 3085 3774 τὸ
3118 3720 3389 3798 συμφέρον
3414 3720 3630 3792 ὲκάσ-τῳ
3661 3717 3862 3774 δίδοται

453 3810 650 3879 cuique
677 3808 846 3863 datur
873 3812 1220 3863 sanctorum.

2239 3812 2322 3862 τῶν
2355 3806 2541 3883 ἁγίων.

524 3898 579 3952 6.
614 3896 743 3953 Haec
773 3896 952 3967 igitur
981 3901 1068 3952 est
1101 3895 1203 3951 illa
1224 3893 1551 3968 simplicior
1570 3895 1881 3963 confessio,
1902 3899 1959 3952 et
1987 3912 2107 3951 om-

2284 3898 2337 3953 6.
2397 3897 2459 3953 Ἣ
2523 3894 2617 3968 μὶν
2704 3894 2793 3951 οὖν
2870 3894 3214 3972 ἁπλουστέρα
3269 3895 3360 3951 καὶ
3416 3897 3583 3966 κοική
3647 3894 3861 3951 πάντων

457 3986 644 4054 nium,
679 3987 1125 4058 quibusounque
1158 3985 1268 4041 boc
1298 4001 1451 4041 curae
1480 3988 1569 4040 est
1599 3984 1989 4041 utvideantur
2019 3984 2107 4040 vel

2239 3985 2414 4055 πίστις,
2447 3980 2593 4047 ὅσοις
2624 3985 2685 4040 τὸ
2718 3982 2895 4041 δοκεῖν
2929 3987 2965 4057 ἢ
3011 3985 3076 4041 τὸ
3106 3986 3241 4041 εἶναι
3270 3988 3620 4058 Χριστιανοῖς
3681 3984 3863 4057 ἐπεμε-

458 4075 575 4132 sint
604 4075 947 4141 Christiani,
981 4073 1316 4130 communis
1348 4072 1515 4143 ﬁdes,
1549 4077 1615 4127 ut
1665 4073 2009 4144 compendio
2040 4089 2106 4128 ac

2239 4074 2329 4145 ιὶς,
2362 4074 2436 4135 ὡς
2470 4071 2521 4127 ἐν
2567 4071 2842 4148 ἐπιδρομῇ
2894 4071 3428 4152 κεφαλαιωὸἐπερον
3463 4074 3662 4142 εἰπεῖν,
3712 4073 3863 4141 αὕτη,

453 4163 788 4237 generalius
803 4163 1106 4234 aliquanto
1120 4161 1581 4232 dicam,omissis
1595 4161 1818 4217 caeteris
1830 4177 2103 4231 quorum,

2239 4162 2555 4235 ιειπομένων
2591 4160 2667 4218 ἔτι
2698 4167 2805 4217 τῶν
2837 4161 3120 4239 δευτέρων,
3154 4164 3228 4217 ὦν
3283 4160 3372 4217 διὰ
3418 4162 3483 4218 τὸ
3514 4162 3660 4226 τεως
3699 4163 3864 4233 ἀναμ-

453 4254 590 4324 quia
628 4252 821 4308 adhuc
871 4256 1035 4307 extra
1081 4251 1538 4307 controversiam
1587 4253 1914 4320 versantur,
1948 4267 2106 4306 men-

2239 4245 2550 4321 ιισϐήτητον
2609 4253 2686 4325 (7)
2742 4249 3031 4325 παρέλκειν
3108 4250 3390 4327 ἡγούμεθα
3456 4251 3556 4319 τὴν
3621 4253 3865 4323 μνήμην.

453 4342 671 4397 tionem
706 4342 891 4396 facere
940 4340 1304 4410 superfluum
1347 4338 1708 4409 judicamus.
1744 4338 1860 4396 Nos
1890 4355 2023 4395 vero
2055 4340 2103 4396 si

2239 4343 2397 4413 Ξμεῖς
2448 4337 2493 4394 δ’
2534 4339 2580 4393 εί
2633 4340 2729 4413 μὲν
2778 4340 3034 4416 ἑωρῶμεν
3087 4339 3378 4416 ἐπάναγκες
3415 4340 3549 4394 εἶναι
3584 4345 3712 4401 τοῖς
3738 4338 3866 4406 ἅπαξ

450 4430 688 4500 quidem
720 4429 1055 4484 videremus
1104 4427 1429 4484 necessario
1462 4427 1803 4483 incumbere
1833 4426 1970 4496 illis,
2005 4429 2103 4500 qui

2244 4428 2305 4492 ἀς
2370 4429 2546 4502 φωνὰς
2616 4426 3101 4504 παραδεξαμένοις,
3172 4428 3586 4504 ἀπαράτρεπτον
3655 4425 3867 4483 συνδια-

451 4516 631 4574 semel
666 4517 826 4589 ipsas
855 4533 1024 4572 voces
1059 4520 1216 4572 ratas
1238 4516 1591 4583 habuerunt,
1616 4521 1674 4572 et
1694 4533 1813 4573 una
1833 4534 1964 4573 cum
2000 4535 2102 4574 no-

2239 4519 2401 4585 ’ώζειν
2455 4522 2570 4579 τοῖς
2627 4518 2856 4591 ὀνόμασι
2920 4519 3020 4587 τήν
3080 4516 3260 4588 ἀληθῆ
3321 4514 3601 4585 διάνοιαν,
3659 4518 3696 4585 ἢ
3745 4514 3868 4574 τοὺς

451 4605 713 4663 minibus
744 4622 941 4660 verum
978 4622 1212 4678 quoque
1260 4620 1503 4661 sensum
1555 4604 1917 4663 indivulsum
1948 4611 2102 4663 tene-

2239 4610 2356 4678 ,μᾶς
2388 4600 2633 4672 ἀσεϐείας
2680 4607 2889 4685 γραφὴν
2942 4607 3323 4683 γραψαμὶνους
3386 4606 3521 4680 μετά
3581 4607 3687 4676 τὴν
3730 4606 3867 4677 ὁμο⁹

521 4776 568 4812 ⁸⁴
600 4776 761 4833 Rom.
795 4793 920 4844 vm,
954 4777 1039 4833 18.

521 4963 635 5035 (99)
667 4963 941 5036 Basilius,
975 4980 1108 5036 pag.
1138 4964 1264 5018 211.

526 5030 719 5106 (1)Ἰὶει
748 5030 1109 5091 rectius—ms.
1144 5052 1247 5106 pro
1283 5030 1602 5088 ὐπόλαυσιν.

456 5102 728 5233 “Quae:
760 5123 872 5162 ms.
927 5102 1316 5178 Lindenbrog.
1365 5122 1468 5177 pro
1497 5102 1661 5180 παρά,
1695 5106 1848 5176 quod
1881 5105 2103 5163 Caveas

525 5250 600 5320 (3)
632 5248 745 5314 AL,
777 5247 863 5301 καὶ
901 5246 1123 5307 αὐτούς.

524 5317 603 5391 (4)
634 5320 928 5391 Basilius,
943 5335 1074 5391 pag.
1106 5317 1229 5391 212.

527 5321 603 5462 (4)
634 5321 909 5384 Basilius,
943 5335 1074 5391 pag.
1106 5321 1229 5373 212.
1362 5386 1373 5397 .

527 5392 582 5462 (5
639 5394 752 5447 Hac
800 5389 935 5447 fidei
994 5387 1265 5462 formula
1298 5390 1475 5443 etiam
1526 5388 1726 5462 Arium
1775 5387 2103 5462 Alexandro

451 5459 845 5520 Alexandrino
903 5462 1103 5519 fucum
1162 5459 1370 5515 fecisse
1437 5463 1602 5515 notat
1657 5459 1911 5516 Basilius
1968 5476 2101 5533 pag.

454 5533 603 5674 21ῗό)
636 5605 906 5676 Basilius,
958 5621 1091 5678 pag.
1141 5603 1266 5674 212,
1313 5601 1375 5657 C.
1425 5632 1494 5644 ——
1544 5600 1893 5659 Whistonus
1935 5603 2106 5675 jubet

2130 4967 2177 5031 D
2213 4965 2360 5090 farre
2394 4963 2727 5036 symbolum
2756 4965 2909 5036 quod
2950 4968 3138 5022 exstat
3165 4965 3458 5022 Constitut.
3490 4966 3737 5037 apostol.
3769 4981 3862 5031 vn,

2282 5106 2360 5178 (7)
2395 5110 2480 5178 I_ta
2511 5110 2667 5161 recte
2704 5123 2847 5162 mss.
2898 5124 3025 5178 quae
3072 5106 3319 5177 inspexi,
3350 5105 3487 5162 licet
3513 5106 3863 5163 Whistonus

2211 5175 2352 5249 legit
2373 5175 2839 5253 Adpotocﬁrmoy,
2889 5175 3063 5253 vertit
3107 5175 3266 5253 enim
3299 5175 3632 5253 i_,0mi_tting
3661 5187 3720 5235 at
3745 5195 3866 5250 pre-

2212 5247 2332 5303 sent
2363 5247 2453 5304 the
2482 5247 2800 5306 additional
2828 5251 3048 5307 articles
3092 5248 3270 5304 which
3311 5247 3445 5305 have
3476 5247 3617 5305 been
3645 5247 3860 5306 contro-

2211 5318 2421 5397 versed.
2455 5320 2567 5375 Sed
2584 5338 2702 5397 per
2727 5320 2793 5375 τὰ
2822 5316 3069 5397 δεύτερα.
3086 5320 3409 5397 Eunomius
3456 5318 3743 5397 intelligit
3772 5336 3860 5397 ca-

2213 5390 2338 5461 pita
2380 5390 2704 5465 posteriora
2750 5409 2876 5465 qua
2926 5390 2986 5448 in
3036 5390 3313 5465 Symbolo
3361 5390 3774 5465 sequebantur
3798 5393 3863 5445 de

2214 5463 2644 5545 resurrectione
2669 5469 2728 5545 e_t
2762 5462 3147 5545 vita‘aatern'a,
3178 5463 3251 5519 de
3280 5462 3498 5545 quibus
3527 5462 3862 5545 pullatum;

2213 5537 2338 5589 erat
2356 5535 2912 5606 controversiaErat
2935 5540 3134 5592 autem
3155 5533 3589 5606 gravissimade
3608 5534 3758 5591 Filio
3775 5533 3866 5589 Dei

2212 5608 2269 5661 et
2287 5605 2502 5677 Spiritu
2525 5611 2749 5676 sancto,
2770 5609 2840 5665 de
2859 5607 3074 5680 quibus
3092 5605 3271 5666 verba
3290 5605 3533 5679 symboli
3558 5606 3864 5679 ascripsit.
