4120 6230
273 389 382 460 841

1341 400 1676 464 ΕὉΝΟΜῘῙ
1718 402 1948 465 LIBER
1990 403 2608 466 APOLOGETICUS.

3562 403 3682 468 842

272 527 464 606 λογίαν
516 531 718 601 ταύτην
779 528 1096 606 ἐλευθέρυυς
1148 532 1398 610 ἀφιέντας
1467 536 1574 587 τῶν
1634 532 1913 610 ἰγκΑημά-

2031 540 2179 604 rent,
2205 537 2399 609 parive
2449 537 2802 594 necessitate
2833 541 3099 609 oportere
3149 553 3270 604 eos,
3297 537 3396 610 qui
3431 554 3535 593 nos
3566 537 3683 593 im-

273 642 401 691 των,
432 618 832 696 καθαρευούσης
881 620 1056 675 αὑτῶν
1113 627 1214 691 τῆς
1275 618 1515 684 διανοίας
1571 623 1748 694 πάσης
1807 629 1924 688 καθ’

271 711 430 782 ἡμῶν
463 714 706 785 πονηρᾶς
745 711 1025 779 ὑπονοίας,
1057 714 1248 766 τοῦτον
1283 712 1407 786 ὅρον
1462 712 1552 766 καὶ
1602 713 1768 788 πέρας
1811 717 1919 767 τῶν

273 795 424 853 ῗδίων
482 796 542 852 ἂν
593 796 968 872 ἐποιησάμεθα
1026 797 1228 875 λόγων,
1261 797 1476 878 ἀσφαλῆ
1534 802 1632 872 τὴν
1684 802 1919 876 ἡσυχίαν

274 889 406 961 ἡμῖν
465 885 816 962 έγγυωμένης
870 893 970 957 τῆς
1027 886 1354 964 ὁμολογίας.
1387 886 1609 958 Ἐπειδὴ
1667 887 1724 944 δὲ
1785 892 1924 964 μήτε

275 974 365 1030 διὰ
412 975 703 1030 κακόνοιαν
760 972 798 1045 ἤ
851 997 971 1030 τινα
1027 977 1255 1050 γνώμης
1335 977 1648 1054 μοχθηρίαν
1719 977 1920 1054 ἑτέραν,

271 1063 634 1140 παρατρέπειν
691 1062 781 1118 καὶ
835 1061 1161 1141 διαφθείρειν
1212 1065 1337 1134 ,τὴν
1411 1063 1618 1120 ἔννοιαν
1705 1065 1920 1142 ἐπιχει-

271 1157 478 1228 ροῦσιν,
537 1151 812 1227 αὐτάρκης
871 1151 1006 1226 πρὸς
1061 1151 1322 1207 πίστωσιν
1381 1156 1480 1222 τῆς
1541 1153 1801 1225 ἀληθείας
1835 1155 1920 1228 (ού

273 1241 374 1317 γὰρ
431 1237 490 1295 ἃν
549 1234 853 1302 Σαϐέλλιος
912 1241 940 1296 ὁ
989 1236 1172 1312 Λίϐυς,
1204 1241 1294 1296 καὶ
1326 1241 1654 1318 Μάρκελλος
1684 1244 1710 1298 ὁ
1745 1242 1920 1299 Γαλά-

274 1351 391 1400 της,
423 1329 513 1384 καὶ
545 1329 839 1400 Φωτεινὸς,
871 1327 907 1399 ἤ
936 1351 1019 1391 τις
1045 1328 1216 1394 ἄλλος
1247 1333 1353 1386 τῶν
1382 1333 1479 1401 τήν
1512 1331 1679 1402 αὐτὴν
1706 1332 1922 1398 τούτοις

280 1419 466 1494 μανίαν
503 1417 795 1490 μανέντων,
829 1416 1113 1495 συλλόγων
1161 1419 1448 1496 ἱερατικῶν
1497 1421 1585 1475 καὶ
1634 1422 1920 1484 κοινωνίας

279 1506 611 1582 μυστηρίων,
642 1508 730 1561 καὶ
763 1502 1073 1583 περιϐόλων
1108 1506 1570 1578 έκκλησιαστικῶν
1622 1508 1917 1584 ετίργοντο),

279 1598 550 1670 μήθ’ἠμῖν
569 1596 724 1666 ἱκανὴ
751 1597 887 1670 πρὸς
913 1593 1159 1652 διάλυσιν
1179 1601 1286 1652 τῶν
1304 1597 1701 1674 ἐπενεχθέντων
1723 1598 1921 1674 ἐγκλη-

278 1687 480 1760 μάτων·
514 1682 660 1740 ἀλλὰ
689 1683 771 1739 δεῖ
796 1705 960 1740 τινων
990 1680 1383 1763 ἀκριϐεστέρων
1418 1685 1600 1762 λόγων
1634 1687 1770 1761 πρὸς
1815 1691 1920 1757 τήν

270 1782 368 1845 τῆς
406 1772 643 1837 διανοίας
685 1772 1008 1845 ἐξάπλωσιν·
1042 1775 1431 1849 πειρασόμεθα,
1465 1777 1540 1840 ὡς
1598 1776 1657 1831 ἂν
1708 1775 1818 1831 οἷοί
1863 1799 1921 1832 τε

2034 625 2267 700 pietatis
2290 631 2662 698 accusarunt,
2685 631 2813 700 post
2835 627 3052 682 editam
3078 626 3230 682 hanc
3252 627 3683 682 confessionem

2032 717 2103 773 ab
2127 716 2430 773 intentatis
2449 717 2794 772 criminibus
2817 733 3055 772 rursum
3082 733 3187 772 nos
3211 715 3532 784 absolvere,
3549 733 3683 787 pur-

2030 809 2163 877 gato
2189 804 2468 861 nimirum
2492 806 2755 878 ipsorum
2783 806 2978 860 animo
3003 807 3074 860 ab
3099 805 3258 860 omni
3282 823 3457 878 prava
3479 809 3683 860 contra

2032 911 2138 950 nos
2176 894 2509 966 suspicione
2544 913 2556 950 :
2592 911 2899 967 possemus
2943 895 3181 967 quidem
3213 894 3522 950 verborum
3575 911 3681 948 no-

2030 988 2286 1039 strorum
2319 984 2521 1039 statim
2557 983 2728 1039 finem
2768 989 2823 1039 et
2861 984 3180 1038 terminum
3212 984 3307 1039 hic
3339 985 3548 1051 facere,
3582 988 3681 1038 tu-

2029 1075 2155 1126 tum
2180 1072 2330 1127 693
2366 1072 2737 1143 quietemque
2764 1073 3086 1143 spondente
3114 1072 3283 1126 nobis
3313 1072 3514 1126 eadem
3549 1088 3682 1126 con-

2031 1160 2302 1216 fessione.
2336 1160 2546 1216 Verum
2580 1160 2717 1232 quia
2751 1177 2938 1231 neque
2969 1160 3109 1228 illis,
3142 1160 3239 1231 qui
3273 1159 3682 1215 malevolentia

2029 1253 2131 1304 aut
2162 1248 2272 1304 alio
2305 1251 2560 1320 quodam
2591 1251 2728 1306 vitio
2759 1267 2960 1306 verum
3001 1267 3239 1305 sensum
3269 1254 3594 1320 pervertere
3626 1253 3683 1304 et

2028 1354 2401 1409 corrumpere
2433 1343 2740 1405 conantur,
2765 1340 2834 1394 ad
2881 1340 3050 1394 fidem
3087 1339 3315 1394 veritati
3356 1338 3681 1394 faciendam

2029 1426 2249 1481 sufficit
2279 1426 2521 1499 (alioqui
2553 1428 2706 1482 enim
2738 1427 3029 1483 Sabellius
3063 1427 3252 1498 Libys,
3287 1432 3344 1483 et
3373 1427 3680 1482 Marcellus

2029 1514 2253 1578 Galate,
2279 1519 2335 1570 et
2365 1515 2671 1580 Photinus,
2695 1520 2795 1570 aut
2827 1515 3141 1586 quisquam
3167 1513 3318 1569 alius
3348 1530 3417 1568 ex
3438 1513 3554 1568 illis
3582 1514 3684 1584 qui

2029 1605 2231 1659 eodem
2264 1620 2397 1658 cum
2439 1603 2586 1673 ipsis
2630 1604 2820 1659 furore
2853 1603 3279 1670 insaniverunt,
3313 1606 3620 1673 propterea
3649 1618 3683 1655 a

2029 1693 2212 1748 sacris
2261 1693 2649 1749 conventibus
2683 1696 2739 1747 et
2777 1691 3194 1763 mysteriorum
3245 1689 3680 1757 communione,

2029 1782 2289 1854 adeoque
2320 1782 2734 1837 ecclesiasticis
2765 1781 2948 1853 septis
2994 1797 3108 1834 non
3161 1778 3545 1848 arcerentur),
3576 1794 3679 1833 ne-

273 1865 418 1936 ῶμεν
477 1862 552 1925 εἲς
603 1863 910 1941 τούμφανὲς
959 1863 1168 1938 ἀνάγειν
1223 1866 1285 1934 ἣν
1341 1864 1494 1919 αὐτοὶ
1541 1865 1664 1941 περὶ
1711 1865 1913 1920 τούτων

428 1953 440 1971 Ι
645 1946 669 1969 ν
899 1949 983 1971 δι»
1109 1949 1134 1971 Ἰ
1413 1953 1462 1971 Al
1653 1955 1667 1971 \
1745 1953 1834 1971 κιε-

2030 1887 2142 1942 que
2173 1871 2342 1926 nobis
2373 1872 2441 1924 ad
2479 1871 2638 1926 illata
2667 1874 2869 1926 contra
2901 1886 3007 1925 nos
3039 1868 3286 1924 crimina
3308 1867 3682 1922 dissolvenda

271 1953 611 2028 νυγχάνομεν
643 1946 864 2028 ἔχοντες
896 1949 1074 2025 δόξαν,
1098 1949 1222 2022 ἤτοι
1248 1953 1584 2029 προτιθέντες
1608 1955 1704 2023 τήν
1745 1953 1912 2027 λέξιν,

275 2041 368 2104 εἶθ’
395 2039 615 2116 ὕστερον
669 2039 1098 2103 ἐκκαλύπτοντες
1151 2042 1251 2110 τήν
1308 2040 1538 2113 ἔννοιαν,
1569 2043 1605 2112 ἢ
1647 2045 1736 2098 καὶ
1783 2063 1918 2117 προ-

266 2131 540 2204 κειμέναις
599 2135 718 2192 ταῖς
775 2128 1003 2195 ἐννοίαις
1056 2131 1152 2194 τὰς
1185 2132 1364 2210 φωνᾶς
1397 2130 1817 2210 ἐφαρμόζοντες,
1855 2133 1915 2188 ού

268 2217 676 2293 λυμαινομένης
705 2222 771 2293 τῇ
806 2217 1032 2291 ἀληθείᾳ
1059 2223 1162 2289 τῆς
1211 2221 1350 2275 κατὰ
1404 2223 1506 2290 τὴν
1536 2221 1680 2292 τάξιν
1714 2221 1912 2292 ταύτην

2029 1959 2330 2014 sufﬁciens
2361 1959 2538 2014 fuerit
2570 1977 2582 2015 :
2614 1976 2819 2014 verum
2869 1976 3019 2031 opus
3065 1961 3154 2012 est
3201 1954 3679 2027 exquisitioribus

2029 2052 2086 2102 et
2124 2047 2502 2104 solidioribus
2556 2048 2910 2120 quibusdam
2964 2046 3293 2102 rationibus
3344 2045 3415 2100 ad
3467 2060 3680 2099 sensus

2028 2136 2146 2192 veri
2177 2137 2624 2208 explicationem
2659 2163 2671 2194 :
2707 2137 3054 2192 conabimur
3085 2136 3284 2205 itaque
3315 2134 3506 2204 quoad
3541 2149 3678 2203 pos-

2027 2241 2233 2281 sumus
2264 2225 2320 2280 in
2355 2227 2729 2282 manifestam
2778 2226 2968 2280 lucem
3017 2223 3276 2294 proferre
3321 2237 3448 2277 eam
3499 2237 3678 2291 quam

269 2305 594 2384 ιναλλαγῆς,
625 2307 939 2384 ἀρκούντων
969 2306 1184 2379 δηλαδὴ
1210 2313 1317 2364 τῶν
1352 2308 1526 2364 αὐτῶν
1581 2313 1719 2383 ἡμῖν
1778 2311 1913 2385 πρός

2027 2313 2138 2385 ipsi
2177 2319 2448 2370 tenemus
2508 2315 2669 2370 hisce
2715 2316 2783 2369 de
2833 2313 3008 2367 rebus
3056 2309 3433 2377 sententiam,
3469 2308 3557 2362 vel
3614 2312 3679 2364 ut

265 2416 322 2450 τε
346 2397 445 2464 τήν
476 2396 740 2470 ἡμετέραν
773 2395 946 2451 αὐτῶν
979 2395 1305 2472 ἀπολογίαν,
1337 2397 1428 2452 καὶ
1472 2399 1567 2452 τὸν
1615 2403 1720 2453 τῶν
1767 2401 1913 2472 ἡμᾶς

2027 2402 2283 2472 primum
2317 2403 2669 2472 infmedium
2715 2402 3029 2458 afferamus
3056 2400 3233 2455 verba
3265 2397 3674 2463 confessionis,

267 2485 630 2558 γραψαμένων
660 2482 911 2561 ἔλεγχον.

2027 2496 2081 2546 et
2113 2491 2192 2546 ita
2239 2491 2448 2547 deinde
2479 2507 2547 2546 ex
2587 2492 2672 2546 eis
2721 2505 2999 2546 eruamus
3029 2504 3229 2544 verum
3283 2501 3553 2553 sensum;
3586 2484 3675 2541 vel

263 2575 440 2631 etiam
477 2579 540 2630 ut
571 2576 860 2648 praejactis
892 2575 1201 2632 sententiis
1241 2581 1509 2649 aptemus
1538 2594 1707 2634 voces
1742 2596 1754 2634 :
1787 2593 1903 2634 non
1935 2583 2002 2635 ut
2049 2579 2356 2636 veritatem
2399 2580 2687 2637 convellat
2715 2580 2837 2635 haec
2861 2579 3064 2648 juxsta
3096 2577 3306 2632 seriem
3338 2576 3491 2630 hanc
3522 2592 3555 2629 a
3584 2591 3672 2630 me

262 2662 537 2720 instituta
566 2665 969 2734 commutatio,
994 2665 1096 2721 sed
1128 2669 1193 2720 ut
1223 2665 1345 2721 haec
1375 2666 1505 2739 ipsa
1536 2666 1619 2722 ita
1649 2671 1894 2722 tractata
1921 2668 1992 2722 ad
2029 2672 2347 2740 utrumque
2372 2669 2692 2740 sufficiant,
2727 2667 3008 2723 nimirum
3041 2670 3104 2721 ut
3133 2670 3189 2721 et
3214 2667 3478 2719 nostram
3513 2668 3672 2719 tuea-

264 2769 398 2808 mur
426 2751 781 2825 apologiam,
813 2757 871 2808 et
900 2769 999 2809 eos
1031 2770 1286 2826 quoque,
1319 2755 1418 2825 qui
1453 2771 1558 2809 nos
1591 2760 1964 2825 accusarunt,
1998 2773 2404 2830 coargaamus.

332 2845 385 2894 7.
417 2842 495 2912 (8)
542 2843 639 2902 Εἷς
696 2840 875 2894 τοίνυν
944 2841 1076 2896 κατά
1126 2862 1184 2896 τε
1240 2843 1469 2919 φυσικὴν
1527 2839 1759 2913 ἔννοιαν,
1819 2843 1908 2897 καὶ

261 2929 396 2983 κατᾶ
425 2929 524 2997 τὴν
550 2933 657 2982 τῶν
691 2927 942 3004 Πατέρων
974 2927 1325 2985 διδασκαλίαν
1359 2932 1494 3002 ἡμῖν
1545 2930 1907 3006 ὡμολόγηται

263 3016 410 3079 Θεός·
447 3019 584 3090 μήτε
638 3019 765 3094 παρ’
819 3019 1034 3088 ἑαυτοῦ,
1069 3020 1208 3091 μήτε
1263 3019 1390 3094 παρ’
1448 3020 1633 3094 ἑτέρου
1691 3020 1910 3094 γενόμε-

261 3125 372 3165 νος.
408 3104 690 3178 Ἑκάτερον
736 3106 837 3181 γὰρ
895 3104 1069 3160 αὐτῶν
1125 3103 1316 3175 ἐπίσης
1374 3103 1658 3160 ἀδύνατον·
1719 3103 1905 3175 ἐπειδή

2088 2845 2144 2902 7.
2181 2846 2372 2902 Unum
2407 2845 2587 2918 igitur
2613 2849 2736 2900 tam
2764 2845 3090 2900 secundum
3123 2840 3449 2898 naturalem
3482 2838 3669 2894 notio-

2019 2951 2177 3006 nem,
2200 2951 2378 3006 quam
2411 2935 2734 2990 secundum
2778 2938 3012 2988 Patrum
3046 2931 3372 2986 doctrinam
3415 2927 3667 2984 confessi

2020 3041 2224 3080 sumus
2259 3025 2463 3091 Deum,
2488 3022 2588 3094 qui
2622 3038 2810 3092 neque
2840 3037 2873 3075 a
2899 3020 3092 3090 seipso
3120 3035 3310 3090 neque
3341 3017 3412 3072 ab
3439 3015 3552 3071 alio
3583 3021 3671 3072 est

2019 3113 2228 3168 factus.
2262 3112 2590 3184 Utrumque
2622 3110 2779 3165 enim
2830 3109 3037 3164 horum
3089 3124 3253 3179 aeque
3283 3103 3668 3178 impossibile,

261 3213 324 3267 γε
382 3191 462 3248 δεῖ
515 3193 653 3248 κατὰ
708 3193 965 3264 ἀλήθειαν
1023 3193 1084 3248 τὸ
1141 3214 1199 3248 τε
1254 3195 1446 3248 ποιοῦν
1490 3199 1586 3248 τοῦ
1615 3195 1906 3270 γινομένου

2027 3201 2499 3272 quandoquidem
2533 3200 2663 3270 ipsa
2682 3199 2895 3253 veritas
2924 3196 3195 3268 requirit,
3219 3199 3284 3250 ut
3307 3211 3483 3250 causa
3513 3193 3673 3264 prior

263 3282 660 3358 προϋπάρχειν,
692 3283 782 3338 καὶ
811 3284 874 3337 τὸ
901 3281 1230 3354 ποιούμενον
1283 3287 1380 3336 τοῦ
1437 3287 1724 3346 ποιοῦντος
1772 3283 1904 3337 εἶναι

266 3367 538 3444 δεύτερον’
577 3373 714 3444 μήτε
771 3368 828 3424 δὶ
885 3371 1016 3426 αὐτὸ
1075 3371 1268 3426 ἑαυτοῦ
1320 3372 1583 3447 πρότερον
1616 3373 1650 3442 ἢ
1684 3370 1903 3445 ὕστερον

262 3459 396 3513 εἶναι
459 3457 738 3526 δύνασθαι,
802 3461 939 3533 μήτε
992 3457 1174 3535 ἕτερόν
1230 3481 1283 3514 τι
1335 3461 1440 3535 πρὸ
1497 3465 1591 3515 τοῦ
1636 3465 1789 3516 Θεοῦ.
1839 3467 1907 3515 Ἥ

258 3547 361 3621 γὰρ
391 3550 452 3601 ἂν
491 3546 664 3602 έκεῖνο
690 3547 796 3622 πρὸ
833 3552 931 3602 τοῦ
963 3545 1214 3622 δευτέρου
1243 3549 1306 3602 τὸ
1335 3554 1434 3616 τῆς
1463 3547 1717 3618 θεότητος
1750 3544 1904 3624 ἔσχεν

258 3634 492 3707 ἀξίωμα.
525 3637 603 3693 Τὸ
656 3635 757 3712 γάρ
812 3656 897 3690 τοι
957 3632 1174 3689 δυνατὸν
1223 3637 1355 3690 εἶναι
1388 3635 1565 3711 λέγειν
1604 3638 1689 3703 ὑφ’
1723 3636 1906 3712 ἐτέρου

258 3744 308 3778 τι
368 3723 608 3799 γίνεσθαι
667 3723 868 3794 ἀληθὲς
915 3721 998 3792 ὃν,
1032 3723 1118 3778 ἐπὶ
1139 3729 1379 3800 γενητῶν
1415 3723 1472 3778 ἂν
1527 3723 1649 3800 ἔχοι
1692 3727 1905 3800 χώραν,

258 3812 390 3867 κάπὶ
448 3818 556 3867 τῶν
615 3814 716 3868 ὑπὸ
774 3819 905 3869 Θεοῦ
959 3813 1264 3888 γενομένων
1335 3813 1583 3869 τάττοιτο
1659 3812 1905 3877 δικαίως.

262 3905 466 3961 Οὐκοῦν
507 3905 584 3977 (9)
616 3903 662 3958 εἰ
697 3906 836 3978 μήτε
859 3903 1018 3964 αὐτὸς
1048 3903 1260 3970 ἑαυθοῦ,
1298 3906 1428 3976 μήθ’
1463 3903 1645 3978 ’έτερόν
1700 3927 1752 3959 τι
1809 3904 1907 3958 αὐ-

261 3993 358 4047 τοῦ
411 3991 783 4068 προϋπάρχειν
843 3989 1128 4062 δέδεικται,
1171 3994 1278 4068 πρὸ
1335 3991 1392 4048 δὶ
1450 3993 1664 4048 πάντων
1723 3993 1904 4055 αὐτός’

265 4079 561 4136 ἀκολουθεῖ
613 4080 792 4154 τούτῳ
855 4082 918 4136 τὸ
969 4083 1297 4156 ἀγέννητον·
1361 4081 1574 4154 μᾶλλον
1635 4080 1692 4137 δὲ
1748 4083 1908 4145 αὐτὸς

261 4171 406 4225 ὶστιν
437 4170 592 4225 ούσία
622 4169 938 4244 ἀγέννητος.
974 4170 1230 4244 Περιττὸν
1291 4171 1384 4243 μὶν
1439 4168 1576 4233 ⁸ίσως
1634 4169 1725 4225 καὶ
1771 4192 1908 4247 παρ-

263 4259 423 4314 έλκον
477 4257 616 4330 δόξει
673 4258 782 4313 τισὶ
851 4259 920 4312 τὰ
973 4256 1208 4318 πολλοῖς
1271 4256 1692 4334 ὁμολογούμενα
1747 4281 1911 4315 κατα-

261 4350 539 4418 σκευάζειν
597 4349 670 4410 ὡς
729 4343 1032 4423 ἀμφίϐολα.
1067 4347 1144 4404 Οὐ
1199 4347 1305 4419 μῆν
1357 4346 1499 4402 ἀλλά
1528 4368 1591 4422 γε
1647 4346 1736 4402 διά
1781 4349 1912 4412 τοὺς

261 4436 453 4514 σοφίαν
486 4436 771 4509 οἷόμένους
792 4437 891 4505 τὴν
921 4435 1057 4511 πρὸς
1102 4437 1169 4490 τὰ
1211 4435 1413 4513 φανερὰ
1467 4437 1673 4511 μάχην,
1707 4439 1742 4507 ἢ
1773 4438 1909 4512 πρὸς

266 4528 474 4600 μέμψιν
506 4525 596 4580 καὶ
646 4526 998 4602 συκοφαντίαν
1048 4524 1605 4597 παρεσκευασμένους,
1637 4524 1720 4580 δεῖ
1761 4547 1909 4588 τινος

261 4610 645 4691 ἀκριϐεστέρας
673 4615 1101 4690 παρατηρήσεως
1125 4615 1284 4687 ἡμῖν.

2019 3291 2095 3345 sit
2124 3289 2352 3357 effectu,
2378 3294 2434 3344 et
2462 3294 2528 3344 ut
2561 3290 2776 3342 factum
2811 3287 2888 3342 sit
2917 3284 3208 3358 porterius
3238 3283 3365 3355 ipso
3400 3282 3667 3337 faciente.

2019 3379 2133 3436 Nec
2164 3379 2286 3434 fieri
2319 3383 2510 3449 potest
2540 3381 2603 3432 ut
2629 3393 2814 3431 unum
2842 3375 3166 3447 quidquam
3199 3377 3255 3427 et
3285 3372 3442 3427 idem
3476 3371 3552 3426 sit
3578 3386 3668 3426 se-

2015 3467 2144 3539 ipso
2167 3468 2329 3540 prius
2349 3472 2450 3522 aut
2471 3466 2786 3538 posterius,
2813 3464 2969 3519 sicut
2989 3466 3045 3518 et
3065 3462 3269 3517 eadem
3296 3459 3519 3514 ratione
3543 3457 3666 3512 ﬁeri

2016 3558 2241 3628 nequit,
2263 3562 2324 3611 ut
2347 3555 2505 3611 aliud
2530 3555 2856 3626 quidquam
2879 3552 3062 3606 Deum
3088 3548 3504 3605 antecesserit:
3531 3547 3668 3602 alio-

2017 3647 2118 3718 qui
2151 3645 2308 3701 enim
2343 3644 2451 3700 hoc
2482 3644 2677 3715 ipsum
2701 3640 3023 3696 divinitatis
3050 3639 3395 3711 dignitatem
3419 3635 3664 3691 habuis-
3694 3633 3696 3636 ’

2017 3738 2106 3789 set
2126 3739 2255 3788 ante
2277 3733 2421 3787 illud
2445 3732 2600 3803 quod
2626 3729 2917 3802 posterius
2939 3732 3048 3784 est.
3066 3728 3204 3795 Hoc,
3221 3727 3485 3796 inquam,
3501 3739 3664 3794 mque

2017 3820 2380 3894 impossibile
2424 3825 2531 3875 est.
2578 3818 2804 3873 Etenim
2855 3817 3150 3872 afﬁrmare
3201 3813 3324 3868 ﬁeri
3377 3828 3570 3884 posse,
3603 3815 3667 3864 ut

2017 3911 2173 3981 quod
2206 3924 2334 3965 vere
2366 3912 2476 3978 est,
2501 3908 2572 3962 ab
2602 3906 2714 3960 alio
2738 3905 2954 3959 factum
2981 3903 3079 3969 sit,
3103 3902 3296 3956 locum
3321 3901 3376 3954 id
3402 3899 3579 3953 habet
3608 3897 3667 3951 in

2018 3999 2090 4055 iis
2121 4015 2243 4070 quae
2294 3995 2560 4069 generari
2590 3999 2648 4050 et
2687 3992 2811 4048 ﬁeri
2862 3993 3132 4064 possunt,
3164 4003 3386 4058 suoque
3424 3987 3560 4056 jure
3591 3985 3674 4039 ita

2020 4085 2234 4140 dicitur
2271 4084 2341 4139 de
2387 4083 2462 4137 iis
2511 4098 2636 4152 qum
2670 4097 2704 4134 a
2736 4085 2848 4135 Deo
2881 4079 3030 4132 facta
3081 4079 3240 4130 sunt.
3285 4073 3588 4138 Quocirca,
3622 4073 3673 4127 si

2020 4189 2126 4228 nec
2152 4174 2278 4244 ipse
2308 4172 2501 4243 seipso
2533 4169 2694 4241 prior
2734 4168 2864 4234 fuit,
2897 4181 3087 4238 neque
3115 4163 3274 4219 aliud
3306 4162 3444 4234 quid
3476 4161 3700 4232 ipsum.

2021 4261 2359 4328 antecessit,
2402 4265 2464 4315 ut
2504 4260 2629 4331 jam
2663 4262 2754 4312 est
2800 4256 3295 4320 demonstratum,
3330 4251 3498 4322 sique
3548 4250 3673 4320 ipse

2022 4356 2156 4406 ante
2185 4350 2381 4405 omnia
2409 4348 2642 4404 exsistit
2667 4365 2679 4402 :
2704 4359 3069 4415 consequens
3101 4345 3191 4397 est
3220 4340 3416 4412 ipsum
3449 4338 3674 4411 ingeni-

2019 4445 2146 4495 tum
2178 4455 2308 4494 esse
2340 4455 2352 4493 :
2386 4438 2504 4492 imo
2558 4436 2755 4506 potius
2798 4434 2926 4506 ipse
2957 4435 3048 4490 est
3077 4429 3336 4486 essentia
3383 4428 3668 4500 ingenita.

2021 4529 2095 4584 Su
2107 4542 2530 4600 pervacaneum
2554 4525 2792 4596 quidem
2822 4521 3093 4577 fortassis
3113 4526 3169 4574 et
3190 4517 3498 4573 abundans
3529 4532 3674 4571 non-

1941 4577 1988 4642 D
2020 4577 2836 4684 illaque:
2885 4609 3042 4681 apud
3089 4607 3397 4680 plerosque
3445 4609 3585 4661 sunt
3615 4605 3673 4658 in

258 4706 549 4771 confesso,
579 4704 663 4761 ita
710 4709 959 4760 tractare
990 4720 1055 4758 ac
1086 4705 1136 4759 si
1165 4707 1366 4759 essent
1413 4704 1612 4761 dubia.
1651 4706 1856 4762 Verum
1889 4706 2045 4763 enim
2077 4721 2213 4760 vero
2266 4708 2503 4775 propter
2538 4701 2671 4757 illos
2721 4700 2820 4772 qui
2869 4697 3222 4770 sapientiam
3255 4710 3382 4751 esse
3413 4698 3676 4760 censent,

259 4799 468 4850 contra
500 4809 623 4848 rem
656 4793 1028 4849 manifestam
1060 4808 1345 4864 pugnare,
1377 4792 1467 4848 vel
1497 4795 1668 4849 etiam
1701 4800 1938 4866 propter
1966 4795 2113 4851 alios
2143 4793 2242 4866 qui
2277 4793 2349 4847 ad
2380 4791 2771 4846 vellicandum
2802 4792 2860 4843 et
2889 4785 3371 4842 calumniandum
3402 4781 3679 4839 instructi

257 4886 423 4946 sunt,
455 4897 692 4937 necesse
721 4885 807 4936 est
839 4885 905 4934 ut
932 4881 1336 4935 observatione
1369 4885 1606 4936 utamur
1638 4883 2022 4938 accuratiore.

331 4971 386 5023 8.
419 4969 737 5043 Ἀγέννητον
767 4965 824 5021 δὶ
855 4966 1128 5040 λέγοντες,
1161 4967 1264 5020 οὐκ
1313 4966 1540 5038 ὀνόματι
1577 4968 1740 5040 μόνον
1798 4971 1917 5024 κατ’

259 5055 508 5111 ἐπίνοιαν
568 5055 910 5129 ἀνθρωπίνην
965 5054 1239 5127 σεμνύνειν
1297 5055 1525 5127 οἰόμεθα
1584 5054 1712 5125 δεῖν,
1772 5058 1913 5112 ἀπο-

258 5145 507 5201 τιννύναι
537 5142 595 5199 δὶ
622 5145 738 5199 κατ’
769 5143 1029 5214 ἀλήθειαν
1054 5147 1164 5217 (10)
1194 5146 1256 5198 τὸ
1295 5145 1509 5198 πάντων
1559 5145 1912 5220 ἀναγκαιότα-

253 5255 355 5289 τον
387 5229 618 5311 ὄφλημα
645 5237 725 5304 τῷ
755 5239 871 5306 Θεῷ
900 5234 999 5301 τὴν
1027 5237 1124 5287 τοῦ
1169 5233 1298 5286 εἶναι
1332 5233 1360 5286 ὅ
1392 5233 1533 5287 ὶστιν
1584 5233 1912 5310 ὁμολογίαν.

255 5325 338 5378 Τὰ
363 5323 464 5398 γάρ
516 5343 601 5377 τοι
648 5323 765 5376 κατ’
799 5319 1038 5375 ἐπίνοιαν
1084 5320 1355 5396 λεγόμενα
1400 5321 1450 5374 έν
1513 5321 1750 5396 ὀνόμασι
1815 5325 1914 5378 αό-

253 5433 349 5467 νον
383 5415 493 5485 (11)
524 5411 613 5466 καὶ
666 5414 920 5486 προφορᾷ
973 5412 1036 5464 τὸ
1092 5411 1225 5464 εἶναι
1275 5408 1496 5485 ἔχοντα,
1527 5416 1647 5472 ταῖς
1708 5418 1916 5489 φωναῖς

333 5561 408 5641 (ἕ)
439 5555 696 5641 Basilius
727 5573 859 5641 pag.
885 5557 1013 5613 214.

336 5622 411 5699 ζ9)
443 5629 611 5703 apud
655 5622 958 5699 Ba‘silium,
1007 5644 1140 5701 pag.
1180 5628 1307 5695 215,
1359 5622 1441 5700 ἄρ’
1491 5646 1606 5698 ουν,
1658 5632 1715 5685 et
1765 5646 1922 5703 mox,

272 5697 417 5774 μήτε
444 5697 629 5775 ἓτερον
641 5741 652 5754 .

592 5831 867 5890 Panos.
914 5826 1025 5888 Gn.
1070 5826 1262 5888 XXX.

2098 4971 2149 5024 8.
2174 4968 2416 5031 Quando
2456 4970 2649 5021 autem
2681 4963 3007 5035 ingenitum
3044 4962 3299 5016 dicimus
3335 4961 3538 5028 Deum,
3562 4976 3675 5014 non

2024 5058 2380 5115 arbitramur
2426 5055 2662 5110 nomine
2690 5059 2862 5108 tenus
2894 5052 3103 5106 saltem
3132 5053 3298 5121 juxta
3347 5050 3677 5104 humanum

2025 5150 2418 5202 commentum
2448 5160 2576 5199 esse
2606 5141 2917 5198 colendum
2945 5157 2957 5194 :
2986 5140 3086 5195 sed
3121 5155 3321 5194 revera
3351 5138 3460 5192 hoc
3492 5137 3676 5191 maxi—

2005 5252 2118 5290 -me
2168 5233 2566 5290 necessarium
2618 5230 2885 5286 debitum
2918 5229 3035 5284 Deo
3084 5227 3557 5299 persolvendum,
3589 5224 3678 5277 in-

2027 5341 2278 5397 genuam
2310 5323 2536 5378 scilicet
2564 5319 3016 5386 confessionem,
3050 5317 3206 5389 quod
3241 5314 3520 5369 nimirum
3550 5312 3678 5382 ipse

2027 5415 2106 5470 sit
2135 5414 2244 5468 hoc
2269 5415 2466 5485 ipsum
2500 5411 2654 5483 quod
2689 5411 3186 5475 est.Quaacunque
3215 5404 3371 5458 enim
3401 5417 3540 5456 voce
3570 5399 3675 5456 ali-

2131 5559 2216 5626 10)
2247 5556 2501 5612 Basilius
2533 5553 2820 5628 βαρ-216,
2853 5545 3150 5628 έκτινγύναι
3181 5541 3238 5597 δὲ
3268 5542 3436 5616 αύτῷ.

2130 5617 2217 5701 u')
2250 5631 2335 5684 Ita
2368 5617 2567 5696 Basili,
2597 5617 2695 5681 sed
2729 5617 2896 5690 mss,
2934 5617 3141 5691 μόνοις.

3279 5817 3356 5874 27
