4120 6230
225 381 351 443 845

1302 378 1634 444 ΕΠΝΟΜΙΙ
1677 379 1910 441 LIBER
1951 379 2569 441 APOLOGETICUS.

3518 397 3640 456 846

224 513 420 582 σώζειν
453 511 538 566 καὶ
589 510 686 580 τὴν
747 508 953 566 οὐσίαν.
1002 511 1074 566 Ἠ
1127 509 1329 582 ταύτης
1379 508 1721 586 μεταδιδόναι
1765 509 1872 565 τινὶ

1999 511 2344 585 perationem
2380 515 2698 585 quamdam
2731 515 3003 574 admittat
3038 519 3109 574 ad
3157 517 3342 592 aliud,
3368 525 3638 594 quando-

228 602 626 680 πειρωμένους,
708 597 1053 675 μεταδιδόναι
1131 602 1222 657 καὶ
1305 604 1407 670 τῆς
1480 599 1872 677 προσηγορίας,

228 692 408 768 ὥσπερ
432 691 639 761 καὶτῆς
661 688 1131 753 οὐσίας.Χωλεύοι
1157 691 1260 766 γὰρ
1282 689 1342 744 ἃν
1377 689 1560 746 αὐτοῖν
1593 693 1628 760 ἡ
1661 689 1874 768 φιλοτι-

230 781 350 855 μία,
378 779 712 853 λειπομένην
739 777 1053 854 παρέχουσα
1103 779 1308 854 θατέρῳ
1343 780 1491 852 μέρει
1540 780 1639 848 τήν
1690 780 1875 854 χάριν,

232 871 366 944 μετὰ
396 873 492 924 τοῦ
525 866 656 943 μηδ’
687 869 834 940 ἄξιον
863 867 1175 944 ἐργάζεσθαι
1208 868 1390 942 Λόγου
1435 869 1534 938 τὴν
1592 865 1876 945 διαφορὰν,

228 955 794 1035 ἀκριϐολογουμένους
826 958 948 1034 περὶ
973 959 1073 1027 τήν
1115 957 1509 1034 προσηγορίαν,
1557 957 1608 1012 εἷ’
1651 978 1712 1032 γε
1759 957 1877 1012 ὀνο-

233 1071 362 1123 ματι
400 1048 552 1122 μόνῳ
582 1049 611 1102 6
642 1049 738 1120 μὲν
771 1048 1054 1122 ὑπερέχοι,
1087 1047 1115 1101 6
1146 1044 1204 1101 δὶ
1243 1045 1545 1104 ἐλαττοῖτο.
1577 1045 1642 1104 Εἰ
1677 1044 1734 1101 δὲ
1780 1054 1880 1116 τῆς

232 1138 401 1208 αὐτῆς
437 1133 776 1212 μεταδιδόναι
810 1142 996 1214 φωνῆς
1026 1135 1054 1190 6
1084 1142 1182 1205 τῆς
1222 1134 1547 1200 ἀκολουθίας
1601 1135 1877 1212 ἀναγκάζει

231 1225 418 1302 λόγος,
482 1222 917 1299 μεταδιδότωσαν
967 1222 1388 1302 φιλοτιμότερον
1439 1224 1660 1294 καὶτῆς
1695 1223 1879 1295 ἰσότη-

230 1337 346 1389 τος,
408 1314 518 1390 οὐχ
567 1313 952 1391 εὐρισκομένου
1007 1313 1156 1378 τινὸς
1210 1313 1262 1369 έν
1313 1312 1425 1387 ὅσῳ
1473 1315 1730 1385 Θήσονται
1777 1314 1877 1383 τὴν

229 1406 531 1482 ὑπεροχήν.

1989 601 2224 674 quidem
2259 603 2422 660 nulla
2452 605 2811 677 comparatio
2833 621 2900 662 ex
2925 607 3043 663 illis
3064 609 3150 678 fit,
3176 609 3275 665 ubi
3302 611 3472 682 plane
3496 613 3638 669 nihil

1985 696 2074 746 est
2103 708 2444 764 commune;
2478 694 2743 750 essentia:
2771 697 2971 768 utique
3003 699 3284 770 majestas
3308 701 3638 756 communi-

1987 780 2232 837 cationis
2264 782 2484 838 subibit
2521 788 2760 839 sortem.
2792 785 2849 839 Si
2882 802 3011 842 vero
3044 787 3154 842 hoc
3202 804 3400 844 revera
3429 789 3510 845 ita
3540 789 3640 861 sit,

1987 886 2120 942 ergo
2150 875 2205 927 et
2237 888 2448 928 nomen
2479 873 2670 945 ipsum
2704 891 3016 932 commune
3048 878 3182 944 erit,
3216 879 3298 934 ita
3329 883 3393 934 ut
3437 895 3641 935 neces-

1988 960 2140 1017 sario
2173 967 2435 1033 oporteat
2483 979 2603 1026 eos,
2638 964 2737 1034 qui
2788 964 2896 1019 hac
2947 965 3170 1021 ratione
3219 973 3517 1039 urgentur,
3551 981 3640 1035 vel

1986 1051 2176 1122 ipsam
2233 1052 2685 1123 appellationem
2740 1053 3357 1111 incommunicabilem
3407 1073 3642 1112 conser-

1988 1156 2121 1194 vare
2153 1155 2217 1194 ac
2238 1141 2410 1195 tueri.
2433 1141 2491 1195 Si
2516 1157 2647 1196 vero
2678 1141 2968 1198 voluerint
2999 1143 3186 1199 eidem
3222 1145 3540 1200 essentiam
3569 1146 3643 1201 ab

1992 1229 2149 1283 omni
2175 1228 2351 1283 etiam
2382 1229 2905 1285 communicatione
2928 1235 3146 1287 sartam
3173 1236 3382 1288 tectam
3407 1250 3641 1289 conser-

1992 1333 2146 1385 vare,
2168 1315 2258 1371 vel
2291 1317 2338 1372 si
2372 1317 2691 1388 quidquam
2733 1317 3021 1389 impertiri
3053 1320 3124 1375 de
3169 1337 3234 1376 ea
3265 1320 3431 1377 alteri
3463 1339 3640 1378 cona-

1993 1405 2233 1475 buntur,
2259 1405 2500 1477 perinde
2532 1406 2752 1478 aliquid
2789 1409 2859 1462 de
2892 1407 3285 1479 appellatione
3321 1410 3648 1482 largiantur

228 1512 469 1553 necesse
497 1498 609 1562 est,
643 1494 1143 1568 quemadmodum
1175 1495 1246 1550 de
1279 1493 1408 1566 ipsa
1439 1493 1661 1549 faciunt
1692 1493 1971 1549 essentia.
2008 1493 2425 1550 Claudicaverit
2460 1496 2614 1552 enim
2645 1496 2811 1568 ipsis,
2845 1496 2958 1552 nisi
2991 1497 3211 1554 scilicet
3239 1498 3348 1554 hoc
3380 1500 3640 1569 fecerint,

225 1585 492 1656 ambitio,
524 1601 654 1656 quae
688 1583 853 1639 alteri
904 1583 1055 1655 parti
1086 1583 1220 1639 doni
1270 1581 1522 1654 alicujus
1554 1582 1847 1639 defectum
1890 1582 2126 1651 tribuit;
2160 1587 2216 1638 et
2244 1585 2468 1640 accedit
2499 1602 2634 1654 una,
2669 1587 2825 1656 quod
2879 1602 3069 1658 neque
3100 1586 3343 1658 dignum
3376 1589 3518 1659 quid
3553 1589 3638 1643 fa-

227 1673 391 1729 ciunt
422 1673 730 1744 majestate
757 1671 954 1742 Verbi,
988 1671 1223 1743 quando
1273 1677 1386 1726 tam
1437 1669 1678 1728 subtiles
1725 1675 1862 1725 sunt
1894 1670 1952 1725 in
1987 1671 2401 1742 distinguenda
2444 1672 2856 1744 appellatione,
2891 1673 2940 1728 si
2972 1673 3209 1744 quidem
3258 1675 3352 1729 hic
3400 1676 3639 1746 quidem

227 1763 352 1819 solo
385 1763 622 1818 nomine
661 1761 739 1817 sit
768 1761 976 1832 major,
1009 1760 1156 1816 alter
1186 1775 1317 1816 vero
1349 1759 1562 1816 minor.
1596 1759 1655 1815 Si
1691 1776 1821 1816 vero
1871 1763 2306 1832 consequentiae
2337 1762 2482 1816 ratio
2528 1762 2658 1818 illos
2689 1761 2844 1834 cogit
2874 1767 2939 1817 ut
2967 1763 3234 1818 eamdem
3268 1763 3500 1834 utrique
3532 1764 3640 1819 tri-

230 1851 415 1908 buant
463 1866 686 1922 vocem,
739 1849 1066 1923 largiantur
1113 1849 1313 1917 etiam,
1346 1848 1502 1920 quod
1553 1852 1642 1904 est
1688 1848 2198 1917 honorificentius,
2250 1851 2664 1921 aequalitatem,
2695 1868 2830 1907 cum
2881 1868 2998 1907 non
3049 1852 3349 1908 inveniant
3397 1852 3640 1909 ubinam

229 1946 488 1997 statuere
519 1939 747 2012 possint
776 1938 938 1994 illam
972 1937 1494 2010 prmeminentiam.

304 2030 389 2085 10.
451 2027 530 2085 Οὐ
555 2027 660 2103 γὰρ
689 2022 756 2095 δὴ
785 2025 932 2080 τουτ’
973 2022 1032 2078 ἂν
1085 2021 1308 2096 εἷ’ποιεν,
1350 2025 1425 2088 ὡς
1454 2023 1610 2092 κοινή
1643 2023 1737 2096 μὶν
1770 2025 1878 2096 ἂμ-

2061 2027 2145 2081 10.
2182 2027 2303 2084 Non
2336 2028 2492 2084 enim
2525 2030 2783 2100 profecto
2838 2029 2946 2085 hoc
2991 2030 3264 2102 dixerint,
3293 2032 3449 2102 quod
3481 2048 3642 2087 com-

232 2122 351 2196 ’ροῖν
379 2119 414 2187 ἡ
449 2113 624 2182 οὐσία,
654 2114 798 2185 τάξει
831 2111 909 2182 δὲ,
940 2114 1029 2168 καὶ
1059 2117 1176 2177 τοῖς
1207 2111 1266 2168 έκ
1294 2107 1503 2188 χρόνου
1535 2107 1869 2187 πρεσϐείαις,

1999 2117 2187 2172 munis
2219 2117 2457 2188 quidem
2498 2117 2784 2174 ambobus
2815 2119 3072 2174 essentia
3115 2125 3228 2187 est,
3261 2120 3463 2175 ordine
3505 2136 3640 2176 vero

228 2209 257 2262 6
319 2208 414 2280 μέν
473 2205 581 2260 ἔστι
631 2208 868 2280 πρῶτος,
929 2203 957 2256 6
1016 2200 1072 2257 δὲ
1103 2199 1368 2277 δεύτερος’
1430 2200 1617 2272 ἐπειδή
1675 2223 1734 2277 γε
1792 2199 1874 2256 δεῖ

1999 2209 2038 2259 at
2068 2205 2141 2260 iis
2172 2223 2297 2277 qua:
2324 2222 2392 2261 ex
2425 2211 2686 2278 tempore
2723 2213 3070 2280 promanant
3100 2209 3520 2280 praerogativis,
3549 2209 3640 2263 hic

225 2301 474 2372 προεῖναι
505 2293 719 2366 πάντῳς
751 2295 864 2367 (17)
915 2296 1032 2353 τοῖς
1083 2291 1407 2366 ὑπερέχουσι
1463 2291 1526 2345 16
1581 2297 1680 2360 τῆς
1712 2291 1872 2366 ὑπερ-

1999 2294 2222 2365 ]υἰόθω
2256 2297 2434 2366 prior,
2459 2295 2556 2352 ille
2578 2313 2709 2351 vero
2741 2297 3027 2366 posterior
3053 2314 3156 2352 seu
3189 2299 3486 2352 secundus
3510 2302 3636 2352 est:

227 2392 372 2461 οχῆς
404 2382 601 2452 αἴτιον,
633 2383 702 2437 οὐ
760 2381 1098 2451 συνέζευκται
1131 2377 1188 2434 δὲ
1243 2383 1312 2454 τῇ
1341 2379 1499 2450 οὐσίᾳ
1526 2383 1622 2434 τοῦ
1654 2384 1786 2434 Θεοῦ
1845 2380 1872 2434 6

1999 2383 2461 2455 quandoquidem
2481 2384 2539 2439 in
2560 2384 2650 2439 his
2671 2401 2797 2455 qua:
2819 2385 3216 2456 praaeminent,
3242 2386 3641 2456 praeexsistere

227 2475 427 2550 χρόνος
459 2474 594 2547 (18),
644 2469 743 2526 οὐκ
786 2468 942 2540 αἶ’ὼν,
1003 2468 1064 2524 οὐ
1121 2468 1288 2540 τὰξις.
1342 2471 1414 2524 ’Ἡ
1471 2489 1530 2522 τε
1585 2469 1689 2542 γὰρ
1729 2467 1876 2538 τάξις

228 2562 454 2638 δευτέρα
495 2565 593 2616 τοῦ
647 2561 960 2628 τάττοντος,
1018 2555 1168 2613 οὐδὲν
1228 2555 1286 2612 δὲ
1341 2561 1448 2612 τῶν
1478 2561 1575 2611 τοῦ
1605 2561 1738 2612 Θεοῦ
1790 2557 1875 2634 ὑφ’

227 2652 415 2728 ἑτέρου
441 2649 711 2707 τέτακται.
741 2651 810 2707 “Ὀ
840 2668 900 2704 τε
928 2647 1125 2724 χρόνος
1169 2647 1404 2723 ἀστέρων
1437 2645 1569 2700 ποιά
1631 2645 1714 2707 τίς
1765 2645 1874 2700 ἐστι

227 2742 465 2812 κίνησις.
519 2740 770 2815 Ἀστίρες
802 2735 858 2792 δὶ
888 2737 949 2792 οὐ
987 2743 1087 2806 τῆς
1119 2737 1410 2812 ἀγεννήτου
1462 2733 1625 2808 μόνον
1672 2733 1876 2804 οὐσίας,

229 2829 320 2886 καὶ
349 2833 566 2900 νοητῶΑ
596 2827 866 2896 ἀπάντων,
899 2825 1046 2882 ἀλλὰ
1089 2825 1178 2880 καὶ
1237 2829 1344 2879 τῶν
1401 2825 1632 2898 πρώτων
1693 2823 1876 2896 σωμά-

231 2942 340 2976 των
367 2917 640 2995 γεγόνασιν
673 2915 907 2992 ὕστεροι.
950 2915 1078 2987 Περὶ
1128 2913 1231 2988 γὰρ
1280 2913 1492 2967 αἰώνων
1547 2913 1600 2966 τί
1661 2909 1744 2966 δεῖ
1789 2911 1879 2966 καὶ

235 3008 436 3083 λέγειν,
491 3010 592 3071 τῆς
643 3010 860 3082 Γραφῆς
902 3007 1080 3080 σαφῶς
1129 3000 1573 3077 διαγορευούσης,
1623 3001 1729 3076 πρὸ
1770 3004 1879 3054 τῶν

234 3099 448 3154 αἰώνων
483 3095 743 3170 ὑπάρχειν
774 3094 864 3148 τὸν
915 3093 1066 3160 Θεὸν,
1097 3091 1186 3145 καὶ
1229 3091 1335 3145 τῶν
1367 3095 1566 3145 κοινῶν
1598 3087 1882 3164 λογισμῶν

235 3185 752 3260 έπιμαρτυρούντων
780 3204 793 3252 ς
853 3182 932 3239 Οὐ
958 3235 962 3238 ε
989 3181 1092 3255 γὰρ
1152 3179 1314 3254 μόνον
1353 3174 1558 3246 ἀσεϐὲς,
1616 3176 1762 3234 ἄλλα
1791 3179 1877 3232 καὶ

231 3274 442 3349 κομιδῇ
486 3269 921 3348 καταγέλαστον,
986 3268 1112 3332 τοὺς
1167 3265 1224 3323 ’ἐν
1288 3267 1450 3341 μόνον
1509 3265 1879 3342 παραδεξαμέ-

231 3386 358 3427 νους
391 3361 708 3439 ἀγέννητον,
739 3361 774 3430 ἢ
829 3359 1207 3434 προϋπάρχειν
1238 3379 1290 3411 τι
1321 3355 1521 3410 τούτου
1552 3357 1794 3432 φάσκειν,
1843 3355 1879 3424 ἢ

230 3455 598 3528 συνυπάρχειν
648 3448 854 3523 ἕτερον.
910 3445 1035 3505 Εἴτε
1080 3447 1180 3522 γὰρ
1231 3447 1583 3522 προϋπάρχοι
1613 3466 1688 3516 τι,
1719 3449 1880 3500 τοῦτο

233 3541 462 3602 δικαίως
511 3538 716 3614 λέγοιν⁹
759 3535 818 3591 ἂν
868 3536 1173 3610 ἀγέννητον,
1231 3534 1291 3588 οὐ
1348 3535 1410 3588 τὸ
1459 3531 1723 3608 δεύτερον·
1778 3530 1885 3588 εἴτε

235 3632 598 3705 συνυπάρχοι,
646 3629 714 3700 τῇ
755 3625 891 3701 πρὸς
932 3625 1152 3699 θάτερον
1185 3623 1443 3693 κοινωνίᾳ
1471 3627 1568 3677 τοῦ
1616 3623 1886 3695 συνυπάρ-

237 3740 360 3795 χειν
392 3717 664 3791 έκάτερον,
724 3715 1142 3792 ἀφαιρεθήσεται
1171 3711 1232 3766 τὸ
1262 3709 1315 3766 ἓν
1354 3711 1517 3784 μόνον
1553 3712 1683 3765 εἶναι
1713 3710 1802 3765 καὶ
1827 3711 1890 3764 τὸ

241 3807 540 3883 ἀγέννητον
571 3805 726 3872 εἶναι,
759 3805 847 3857 οἷα
879 3799 945 3870 δὴ
977 3801 1110 3874 μετὰ
1138 3807 1237 3870 τῆς
1283 3800 1468 3861 οὐσίας
1501 3797 1888 3872 ἅποκλήρωσίν

241 3917 365 3951 τινα
390 3894 482 3949 καὶ
530 3893 871 3968 περιγραφὴν
904 3891 1105 3968 ἀμφοῖν
1137 3889 1587 3963 συνεισαγόντων,
1621 3889 1892 3958 συνθήκην

246 4005 304 4039 τε
334 3981 421 4051 αῦ,
452 3982 541 4037 καὶ
570 3983 633 4037 τὸ
659 3986 760 4049 τῆς
792 3980 1063 4049 συνθήκης
1089 3975 1286 4032 αἴτιον.

1986 2472 2225 2527 omnino
2248 2477 2473 2544 oportet
2503 2490 2740 2529 causam
2766 2474 2895 2545 ejus
2928 2474 3400 2546 praeeminentiae.
3425 2475 3639 2530 Essen-
3697 2511 3700 2514 η

1986 2561 2077 2614 tiae
2109 2565 2306 2616 autem
2351 2562 2452 2617 Dei
2502 2579 2616 2617 non
2677 2563 2958 2635 competit
3005 2579 3110 2618 nec
3161 2563 3503 2634 adjunctum
3553 2567 3642 2620 est

1989 2653 2242 2721 tempus,
2270 2667 2384 2705 non
2408 2667 2618 2719 avum,
2645 2668 2757 2707 non
2792 2652 2932 2707 ordo
2959 2669 2971 2707 :
2999 2652 3139 2708 ordo
3166 2652 3321 2708 enim
3352 2652 3642 2723 posterior

1987 2745 2075 2794 est
2105 2739 2412 2794 ordinante
2446 2757 2458 2796 :
2492 2740 2639 2795 nihil
2687 2745 2882 2796 autem
2916 2756 3114 2796 eorum
3151 2757 3277 2813 quae
3329 2740 3428 2796 Dei
3478 2745 3638 2808 sunt,

1989 2829 2061 2883 ab
2094 2826 2205 2883 alio
2229 2833 2318 2883 est
2339 2829 2706 2898 ordinatum;
2731 2836 2786 2885 et
2808 2836 3040 2902 tempus
3068 2829 3376 2885 stellarum
3404 2829 3641 2901 quidem

1991 2921 2186 2972 motus
2217 2922 2334 2986 est;
2369 2917 2548 2973 stellae
2581 2935 2713 2974 vero
2759 2936 2876 2974 non
2927 2919 3121 2974 solum
3155 2923 3285 2986 post
3319 2917 3642 2990 ingenitam

1991 3005 2304 3060 essentiam
2357 3011 2413 3061 et
2459 3006 2655 3062 omnia
2705 3007 3121 3079 intelligibilia,
3155 3008 3255 3063 sed
3302 3006 3480 3063 etiam
3514 3009 3647 3078 post

1993 3095 2182 3166 prima
2211 3111 2454 3166 corpora
2499 3096 2868 3164 exstiterunt,
2905 3096 3141 3168 illisque
3191 3095 3470 3152 omnibus
3503 3099 3648 3150 sunt

1993 3185 2364 3255 posteriores.
2402 3188 2476 3239 De
2508 3185 2770 3242 monibus
2813 3190 3007 3241 autem
3043 3201 3145 3242 seu
3181 3201 3297 3240 aevo
3329 3183 3470 3255 quid
3506 3183 3649 3239 atti-

1994 3278 2094 3327 net
2143 3273 2351 3339 dicere,
2386 3289 2518 3328 cum
2567 3273 2870 3345 Scriptura
2920 3275 3137 3330 diserte
3185 3273 3461 3338 afﬁrmet,
3512 3278 3645 3327 ante

1995 3359 2206 3415 saecula
2231 3377 2359 3416 esse
2381 3361 2564 3417 Deum
2585 3362 2658 3429 ⁸⁸;
2689 3363 2843 3434 quod
2867 3363 3022 3417 idem
3047 3378 3393 3418 communes
3416 3377 3650 3432 quoque

1996 3453 2350 3504 attestantur
2397 3450 2910 3507 ratiocinationes?
2940 3451 3140 3523 Neque
3189 3451 3346 3506 enim
3396 3449 3648 3520 impium

1995 3539 2432 3608 tantummodo,
2456 3541 2554 3595 sed
2585 3539 2756 3612 plane
2789 3557 3024 3612 quoque
3074 3544 3129 3596 et
3175 3539 3396 3595 atl'atim
3430 3539 3650 3594 ridicu-

1998 3626 2122 3681 lum
2159 3631 2269 3692 est,
2303 3628 2351 3682 si
2385 3627 2466 3683 illi
2499 3629 2597 3700 qui
2650 3629 2887 3700 quidem
2921 3630 3255 3684 concedunt
3305 3645 3487 3683 unum
3519 3643 3648 3684 esse

2000 3716 2351 3786 ingenitum,
2399 3717 2786 3772 nihilominus
2835 3718 3129 3772 affirmare
3185 3733 3297 3772 non
3356 3717 3654 3788 dubitant,

2003 3803 2087 3858 vel
2121 3809 2252 3858 ante
2285 3804 2429 3859 illud
2482 3805 2776 3861 exstitisse
2808 3806 2946 3876 quid
2979 3805 3162 3874 aliud,
3186 3805 3274 3860 vel
3307 3821 3425 3859 una
3475 3805 3656 3860 exsti-

2003 3891 2165 3946 tisse.
2199 3891 2330 3947 Sive
2360 3893 2516 3948 enim
2566 3894 2730 3964 prius
2761 3894 2901 3963 quid
2949 3893 3212 3961 exsistat,
3238 3893 3347 3947 hoc
3371 3894 3502 3962 jure
3534 3909 3656 3947 me-

2008 3979 2231 4050 ritoque
2290 3979 2403 4035 dici
2461 3981 2674 4052 poterit
2731 3981 3079 4051 ingenitum,
3124 3997 3238 4035 non
3297 3979 3442 4034 illud
3505 3980 3660 4050 quod

245 4073 540 4147 posterius
569 4071 714 4127 fuit:
740 4069 862 4125 sive
894 4086 1012 4124 una
1043 4068 1184 4140 quid
1215 4067 1495 4122 exsistere
1527 4066 1738 4138 potuit,
1774 4067 1996 4122 ratione
2025 4067 2186 4124 illius
2218 4067 2534 4136 societatis,
2563 4085 2739 4140 quam
2769 4073 3090 4140 utrumque
3123 4072 3386 4138 respectu
3419 4068 3662 4124 alterius

243 4163 444 4230 habet,
478 4160 618 4233 quia
647 4163 848 4214 utrum
880 4173 998 4212 una
1029 4157 1161 4221 fuit,
1194 4159 1252 4211 et
1283 4154 1531 4210 alterum
1577 4170 1691 4209 non
1726 4154 1853 4210 sine
1881 4155 2066 4210 altero
2102 4157 2236 4223 fuit;
2271 4157 2407 4213 hinc
2447 4175 2587 4214 sane
2617 4164 2910 4213 evertetur
2940 4156 3295 4228 tolleturque
3323 4155 3472 4212 illud
3505 4158 3660 4228 quod

242 4252 404 4307 Deus
433 4265 616 4305 unum
649 4247 789 4319 quid
821 4245 917 4314 sit,
949 4249 1006 4300 et
1035 4243 1271 4315 quidem
1323 4241 1684 4313 ingenitum;
1715 4242 1771 4297 id
1807 4245 1964 4313 quod
2003 4246 2245 4316 perinde
2275 4251 2385 4316 est,
2419 4263 2485 4302 ac
2516 4247 2664 4304 695
2701 4247 2750 4302 si
2783 4251 3096 4319 postquam
3130 4247 3293 4320 prius
3326 4247 3499 4302 certis
3531 4245 3663 4301 ofﬁ-

241 4340 352 4396 ciis
381 4354 510 4410 quae
539 4333 954 4391 distributione
1001 4347 1105 4404 per
1151 4335 1371 4386 sortem
1405 4331 1558 4386 facta
1587 4330 2182 4404 eircumscripserunt
2221 4335 2409 4406 ipsam
2443 4337 2751 4392 amborum
2782 4336 3123 4403 essentiam,
3169 4341 3376 4408 postea
3423 4334 3662 4391 illorum

247 4425 570 4500 quamdam
603 4422 1068 4490 conventionem,
1099 4421 1344 4491 ejusque
1372 4419 1776 4475 conventionis
1806 4436 2046 4477 causam
2079 4423 2354 4480 inferant.

323 4516 412 4570 11.
444 4509 623 4568 Ἀλλά
672 4511 779 4584 μὴν
835 4505 958 4563 οὐδὲ
1005 4506 1328 4581 ένυπάρχειν
1373 4527 1423 4560 τι
1453 4506 1620 4580 ταύτῃ
1651 4503 1886 4572 δυνατὸνε

2080 4513 2164 4567 11.
2193 4513 2339 4576 Quin
2373 4513 2490 4569 imo
2514 4529 2702 4586 neque
2730 4514 2854 4569 ﬁeri
2878 4518 3068 4586 potest
3091 4518 3156 4569 ut
3179 4512 3502 4584 quidquam
3528 4511 3666 4568 huic

251 4605 369 4659 οἷον
404 4599 546 4663 εἶδός
594 4619 792 4675 φαμεν,
836 4598 872 4667 ἢ
917 4597 1076 4673 ὄγκον
1111 4595 1200 4650 καὶ
1233 4597 1346 4670 (19)
1402 4593 1769 4668 πηλικότητα,
1813 4593 1902 4650 διὰ

251 4694 318 4749 16
350 4690 526 4759 πάντη
572 4690 844 4759 συνθήκης
891 4685 1172 4762 ἐλεύθερον
1215 4685 1346 4739 εἶναι
1404 4685 1496 4739 τὸν
1529 4686 1680 4741 Θεόν.
1731 4684 1797 4741 Ei‘
1844 4681 1903 4739 δί

254 4781 467 4838 τούτων
506 4777 596 4833 καὶ
642 4782 750 4833 τῶν
798 4776 1059 4832 τοιούτῶν
1117 4795 1169 4829 τι
1205 4776 1344 4848 μήτε
1396 4770 1529 4842 ἔστι,
1594 4775 1731 4848 μήτε
1773 4775 1906 4829 ποτὶ

249 4870 455 4947 γένοιτ’
484 4868 568 4937 ἂν,
616 4868 803 4942 εὐαγὲς
851 4865 1134 4936 ἐπινοῆσαι
1191 4850 1680 4938 συμπεπλελμένον
1710 4869 1778 4938 τῇ
1812 4863 1905 4919 οὐ-

257 4963 354 5032 σίᾳ
381 4963 518 5034 (20),
547 4965 709 5021 ποῖος
741 4953 819 5014 ἔτι
864 4959 1218 5033 συγχωρήσει
1248 4956 1417 5032 λόγος
1447 4957 1583 5032 πρὸς
1611 4957 1709 5025 τὴν
1743 4957 1907 5030 ἀγέν-

253 5071 423 5118 νητον
456 5050 680 5121 ὁμοιοῦν
702 5049 802 5116 τήν
832 5048 1132 5123 γεννητήν;
1163 5053 1263 5115 τῆς
1289 5049 1405 5100 κατ’
1428 5044 1614 5100 οὐσίαν
1643 5045 1908 5118 ὁμοιότη-

253 5161 354 5203 τος
399 5140 434 5209 ἢ
483 5136 812 5212 συγκρίσεως
862 5137 897 5206 ἢ
941 5134 1222 5197 κοινωνίας
1257 5132 1530 5208 μηδεμίαν
1568 5135 1846 5209 ὑπεροχὴν
1873 5136 1908 5206 ἢ

260 5227 526 5306 διαφορὰν
556 5225 990 5296 καταλιπούσης,
1021 5223 1246 5294 ἰσότητα
1275 5221 1333 5278 δὶ
1380 5229 1562 5300 σαφῶς
1614 5222 1913 5298 έργαζομέο

257 5338 384 5390 νης,
420 5315 554 5388 μετὰ
611 5311 669 5370 δὶ
709 5318 809 5380 τῆς
865 5313 1118 5385 ἰσότητος
1168 5313 1455 5389 ἀγέννητον
1506 5307 1912 5390 ἀποφαίνούσης

327 5475 372 5512 ⁸⁸
404 5473 561 5531 Psal.
594 5489 794 5544 Lxxm,
827 5473 914 5529 12.

341 5627 457 5698 (17)
489 5625 825 5699 Maleiapud
859 5624 1141 5699 Basilium
1176 5641 1234 5698 p.
1255 5624 1394 5699 230,
1426 5625 1707 5699 προσεῖναι
1747 5622 1818 5681 ἰν.

349 5693 464 5771 (18⁷)
495 5697 606 5754 Ms.
639 5693 1034 5770 Lindenbrog,
1067 5695 1128 5750 οὐ
1161 5693 1380 5772 χρόνος,
1414 5693 1614 5752 eodem
1652 5712 1851 5754 sensu.

2013 4601 2279 4656 essentia:
2328 4602 2490 4673 insit,
2527 4603 2862 4674 cujusmodi
2912 4603 3167 4658 dicimus
3225 4618 3355 4658 esse
3408 4602 3666 4672 speciem

2014 4689 2100 4744 vel
2126 4689 2334 4745 molem
2366 4695 2466 4745 aut
2491 4692 2902 4762 quantitatem,
2927 4697 3234 4763 propterea
3257 4690 3408 4762 quod
3436 4691 3669 4762 penitus

2017 4779 2088 4834 ab
2121 4779 2282 4835 omni
2314 4779 2734 4851 compositione
2769 4779 2914 4835 liber
2946 4779 3022 4834 sit
3051 4780 3226 4834 Deus.
3248 4779 3307 4834 Si
3329 4795 3459 4834 vero
3482 4794 3671 4850 neque

2019 4869 2182 4940 pium
2215 4871 2324 4938 est,
2349 4884 2532 4939 neque
2561 4869 2775 4940 poterit
2800 4884 2928 4924 esse
2953 4884 3235 4939 unquam,
3261 4868 3472 4924 borum
3507 4872 3562 4923 et
3591 4867 3670 4922 si-

2020 4955 2248 5012 milium
2282 4957 2420 5027 quid
2471 4956 2860 5027 comminisci,
2885 4956 3041 5028 quod
3087 4957 3143 5012 id
3177 4957 3384 5011 divinis
3436 4972 3672 5026 compe-

2019 5051 2105 5102 tat
2145 5046 2435 5115 essentiie,
2459 5061 2608 5116 quis,
2632 5060 2848 5115 quaeso,
2873 5045 3017 5100 ratio
3046 5045 3344 5110 concedet
3391 5043 3669 5115 amplius,

2025 5141 2087 5190 ut
2116 5135 2461 5190 substantiae
2494 5133 2763 5205 ingenitae
2785 5134 3042 5206 genitam
3065 5133 3462 5189 assimilemus
3479 5133 3506 5186 ?
3537 5148 3669 5186 cum

2026 5223 2349 5280 similitudo
2396 5222 2480 5279 vel
2533 5223 2896 5294 comparatio
2944 5228 3046 5277 aut
3097 5223 3369 5291 societas,
3403 5238 3528 5292 qua:
3586 5225 3676 5274 est

2024 5313 2348 5370 secundum
2401 5312 2742 5384 essentiam,
2787 5311 3008 5370 nullam
3059 5308 3556 5384 praeeminentiam
3586 5306 3677 5362 vel

2135 5627 2220 5696 19)
2251 5624 2502 5682 Basilius
2532 5639 2665 5696 pag.
2695 5617 2906 5696 2333}.

2135 5627 2198 5682 19
2251 5627 2502 5682 Basilius
2532 5639 2664 5696 pag.
2695 5627 2822 5686 233,
2849 5627 2906 5687 ἤ.

2129 5627 2220 5770 2οἒ
2254 5698 2504 5754 Basilius
2535 5695 2722 5761 addit,
2750 5695 2846 5746 106
2878 5693 3029 5745 Θεοῦ·
