4112 6224
491 325 608 386 847

1445 320 1840 383 APPENDIX
1883 322 2208 384 ()PERUM
2255 323 2317 383 S.
2363 322 2646 385 BASILII
2693 323 2984 390 MAGNI.

3780 327 3879 387 848

492 456 883 514 differentiam
916 455 1226 528 relinquat,
1257 453 1646 526 aequalitatem
1692 457 1890 510 autem
1922 455 2148 527 perspi-

2262 454 2352 510 τὸν
2399 454 2767 529 ὁμοιούμενον
2813 455 2850 526 ἢ
2909 453 3355 532 συγκρινόμενον.
3407 452 3601 519 Οὐδεὶς
3629 453 3688 510 δὶ
3735 454 3879 520 οὕτως

494 565 601 606 cue
633 549 882 617 astruat,
908 563 1027 602 una
1054 560 1190 601 vero
1220 559 1353 600 cum
1398 543 1734 616 aequalitate
1766 543 2148 601 manifestum

495 641 690 710 faciat,
715 637 1110 695 assimilatum
1144 650 1308 708 aque
1339 638 1605 707 oportere
1637 650 1765 690 esse
1796 634 2146 708 ingenitum.

495 727 680 784 Nemo
710 732 902 780 autem
936 725 1081 779 adeo
1106 723 1351 778 demens
1379 725 1436 777 et
1467 721 1645 794 impie
1675 722 1865 778 audax
1895 739 2024 778 esse
2053 739 2152 794 po-

496 820 635 882 test,
667 818 732 869 ut
763 813 1048 886 aequalem
1105 811 1358 866 afﬁrmet
1388 811 1545 866 Patri
1593 811 1825 878 Filium,
1860 827 1992 867 cum
2026 813 2153 885 ipse

496 903 783 961 Dominus
821 902 1035 957 diserte
1084 900 1425 973 pronuntiet
1458 915 1472 956 :
1501 901 1678 956 Pater
1723 902 1818 973 qui
1863 902 2013 956 misit
2041 915 2150 970 me,

495 996 673 1066 major
695 1007 781 1048 me
808 993 885 1048 est
905 991 970 1044 ⁸⁸.
996 988 1098 1045 Vel
1133 993 1196 1044 ut
1226 988 1458 1062 copulet
1489 989 1659 1044 alteri
1699 1005 1767 1045 ex
1812 990 2152 1046 nominibus

497 1082 769 1145 alterum,
803 1083 1055 1150 utroque
1085 1082 1293 1134 contra
1322 1079 1394 1134 ad
1443 1094 1504 1134 se
1553 1077 1697 1134 illud
1732 1079 1997 1134 certatim
2031 1082 2152 1134 tra-

495 1171 691 1240 hente,
741 1167 974 1238 sibique
1023 1166 1460 1240 appropriante,
1502 1183 1694 1240 neque
1742 1165 1922 1223 altero
1974 1166 2152 1224 ullam

497 1257 833 1314 societatem
879 1259 1145 1329 respectu
1201 1255 1444 1312 alterius
1491 1257 1860 1312 admittente.
1891 1255 1946 1311 Si
1996 1257 2153 1313 enim

496 1344 818 1418 ingenitus,
852 1360 968 1399 non
999 1344 1112 1400 erit
1143 1343 1298 1399 ﬁlius
1335 1361 1348 1400 :
1383 1348 1441 1399 et
1480 1344 1529 1400 si
1561 1344 1742 1416 ﬁlius,
1775 1361 1890 1400 non
1919 1345 2031 1400 erit
2061 1345 2154 1399 in-

498 1435 754 1508 genitus.
787 1437 860 1488 At
888 1433 1043 1505 quod
1076 1449 1231 1490 unus
1262 1432 1358 1488 ille
1389 1437 1734 1489 cunctorum
1770 1438 1921 1490 Deus
1952 1434 2031 1490 sit
2062 1434 2153 1489 in-

2259 545 2488 616 ἀνόητος
2517 547 2605 601 καὶ
2637 547 2774 624 πρὸς
2812 542 3054 602 ἀσέϐειαν
3086 545 3394 623 τολμηρὸς,
3429 547 3569 602 ὥστε
3593 544 3706 601 ἴσον
3737 547 3879 603 εἰπεῖν

2257 638 2336 706 τῷ
2394 637 2560 711 Πατρὶ
2619 637 2708 691 τὸν
2772 637 2917 705 Υἱὸν,
2977 636 3140 692 αὐτοῦ
3187 640 3283 691 τοῦ
3344 636 3546 711 Κυρίου
3606 633 3876 710 διαρῥήδην

2261 723 2528 784 εἰπόντος·
2598 728 2658 781 '0
2722 727 2906 801 Πατὴρ
2977 726 3005 780 ὁ
3069 725 3288 798 πέμψας
3359 745 3445 798 με,
3517 725 3716 796 μείζων
3797 746 3882 797 μου

2263 811 2402 867 ἐστίν
2432 815 2566 887 (21)·
2600 813 2635 882 ἢ
2695 814 2936 884 συζεῦξαι
2996 815 3204 889 θατέρῳ
3258 817 3368 867 τῶν
3421 813 3705 884 ὀνομάτων
3753 814 3882 868 θάτε-

2264 922 2378 978 ρον,
2411 901 2764 966 άνθᾶλκοντος
2793 903 3049 979 ἑκατέρου
3079 903 3216 974 πρὸς
3256 902 3437 971 ἑαυτὸ,
3465 902 3554 957 καὶ
3606 899 3737 974 μηδ’
3788 901 3883 957 ἔτι·

2265 1011 2361 1066 ρου
2415 991 2774 1067 προσιεμένου
2822 991 2923 1060 τήν
2971 991 3108 1068 πρὸς
3161 990 3382 1066 θάτερον
3413 990 3723 1047 κοινωνίαν.
3776 993 3885 1047 Ἀν-

2261 1099 2320 1134 τε
2350 1079 2453 1156 γὰρ
2485 1079 2792 1156 ἀγὲννητος,
2813 1080 2923 1157 οὐχ
2951 1080 3092 1136 υἱός⁶
3126 1079 3186 1136 ἄν
3217 1101 3275 1135 τε
3305 1080 3443 1152 υἱὸς,
3474 1080 3575 1135 οὐκ
3603 1081 3888 1154 ἀγὲννητος.
3913 1093 3923 1144 )

2264 1166 2440 1224 Ἀλλὰ
2495 1167 2578 1223 ὅτι
2631 1169 2725 1241 μὶν
2787 1169 2860 1230 εἷς
2918 1169 2946 1224 ὁ
3002 1172 3110 1224 τῶν
3170 1169 3403 1224 άπάντον
3464 1169 3592 1230 Θεὸς
3622 1169 3889 1244 ἀγέννητος

2265 1256 2354 1311 καὶ
2401 1255 2744 1332 ἀσύγκριτος,
2795 1255 3064 1313 πλειόνων
3114 1254 3281 1312 ὄντων
3335 1262 3443 1313 τῶν
3470 1256 3890 1332 παραλελειμμί-

2255 1334 2366 1400 ’νων
2417 1345 2731 1422 ἀποχρῆναι
2764 1347 3010 1421 ἡγοῦμαι
3043 1347 3156 1418 (22)
3188 1345 3254 1400 τὰ
3303 1345 3530 1422 ῥηθέντα
3585 1345 3724 1421 πρὸς
3773 1346 3890 1401 ἀπο-

2268 1431 2452 1504 δειξιν.

499 1523 734 1597 genitus
765 1527 821 1580 et
849 1521 1336 1594 incomparabilis,
1371 1521 1640 1595 pluribus
1693 1522 1933 1580 omissis
1981 1540 2110 1596 quae
2159 1523 2271 1582 dici
2313 1528 2574 1597 possent,
2607 1525 2878 1581 sufﬁcere
2925 1524 3048 1581 hinc
3096 1541 3223 1596 qua
3275 1525 3398 1596 jam
3445 1526 3603 1582 dicta
3647 1529 3804 1592 sunt,
3829 1525 3888 1580 ad

501 1612 1060 1670 demonstrationem
1100 1611 1390 1668 existimo.

575 1701 660 1756 12.
695 1700 856 1766 Quod
897 1703 1093 1756 autem
1128 1699 1309 1756 Filius
1341 1699 1419 1756 sit
1446 1716 1601 1756 unus
1648 1702 1706 1755 et
1753 1700 1964 1756 unicus
1996 1700 2154 1773 (uni-

2334 1702 2420 1757 12.
2453 1701 2574 1757 ’Ὀτι
2605 1697 2663 1754 ὃὶ
2716 1700 2805 1755 καὶ
2865 1702 2942 1762 εἷς
2963 1699 3086 1761 Υἱὸς
3119 1701 3442 1776 (μονογενὴς
3472 1699 3617 1777 γὰρ),
3654 1699 3776 1770 ἐνῆν
3808 1701 3890 1773 μὲν

503 1791 740 1864 genitus
783 1789 940 1844 enim
985 1790 1117 1861 est),
1149 1788 1344 1845 allatis
1392 1789 1453 1844 in
1501 1789 1762 1845 medium
1811 1793 2149 1847 sanctorum

2262 1790 2353 1851 τὰς
2383 1793 2490 1843 τῶν
2524 1788 2686 1863 ἁγίων
2717 1789 2898 1865 φωνὰς
2958 1788 3388 1862 παραθεμένους,
3419 1787 3490 1844 δι’
3539 1787 3610 1844 ὦν
3664 1791 3776 1844 υἱὸν
3815 1789 3893 1843 καὶ

500 1879 764 1946 vocibus,
789 1879 1006 1950 quibus
1035 1883 1162 1935 tum
1191 1878 1464 1952 genimen
1496 1881 1620 1934 tum
1645 1882 1974 1934 creaturam
2008 1896 2151 1951 prrs-

503 1970 720 2039 dicant,
751 1971 808 2024 et
836 1984 938 2040 per
968 1967 1208 2023 nomina
1239 1967 1638 2040 discrepantia
1677 1966 1946 2025 essentia:
1975 1967 2150 2023 etiam

501 2057 958 2129 discrepantiam
991 2056 1363 2113 manifestam
1398 2057 1621 2112 faciunt
1654 2073 1666 2111 :
1699 2072 2007 2128 possemus
2039 2055 2154 2112 ista

502 2147 727 2204 ratione
776 2146 933 2201 omni
985 2162 1154 2218 porro
1203 2162 1346 2201 cura
1395 2149 1452 2201 et
1501 2145 1700 2201 labore
1751 2146 2150 2217 supersedere.

504 2236 716 2292 Verum
749 2238 988 2307 propter
1017 2231 1148 2289 illos
1174 2234 1268 2305 qui
1304 2233 1455 2289 hanc
1485 2233 1918 2306 generationem
1951 2250 2154 2306 corpo-

505 2323 689 2380 ralem
733 2339 863 2379 esse
902 2321 1238 2394 opinantur,
1267 2325 1322 2378 et
1353 2321 1904 2394 equivocationibus
1936 2321 2154 2394 impin-

508 2417 675 2485 gunt,
708 2411 1107 2467 necessarium
1141 2411 1405 2467 fortassis
1431 2412 1562 2480 erit,
1585 2411 1760 2468 etiam
1795 2412 1864 2466 de
1893 2410 1988 2466 his
2018 2427 2157 2482 pau-

509 2501 592 2556 cis
623 2499 991 2570 breviterque
1033 2499 1245 2555 dicere.
1271 2499 1534 2556 Dicimus
1565 2499 1762 2571 itaque
1792 2499 1999 2556 Filium
2027 2515 2157 2556 esse

510 2587 827 2658 genimem,
843 2587 1009 2656 juxta
1033 2586 1467 2657 Scripturarum
1488 2588 1838 2656 doctrinam,
1855 2604 1970 2643 non
1994 2586 2156 2644 aliud

511 2675 652 2748 quid
684 2677 1001 2731 essentiam
1033 2674 1437 2748 intelligendo,
1463 2675 1603 2732 item
1636 2676 1795 2732 aliud
1827 2677 1968 2750 quid
1999 2677 2156 2748 quod

509 2768 721 2836 praeter
749 2763 943 2834 ipsum
974 2763 1369 2837 signiﬁcetur;
1396 2765 1498 2820 sed
1531 2764 1698 2820 illum
1722 2781 1852 2821 esse
1880 2765 2031 2821 hanc
2051 2765 2156 2838 by-

508 2851 794 2924 postasin,
819 2868 998 2924 quam
1029 2869 1242 2908 nomen
1277 2853 1472 2925 ipsum
1503 2853 1817 2926 signiﬁcat,
1852 2855 1933 2910 ita
1963 2860 2027 2910 ut
2055 2871 2158 2926 ap-

505 2941 742 3013 pellatio
785 2941 897 3014 ipsi
927 2941 1198 2997 essentia:
1231 2942 1535 2998 veritatem
1581 2947 1832 3009 astruat,
1863 2942 2156 3015 siquidem

503 3031 760 3088 essentia
808 3046 924 3086 non
956 3029 1153 3088 verius
1185 3047 1364 3104 quam
1404 3031 1533 3103 ipsa
1562 3031 1950 3105 appellatione
1991 3048 2157 3087 mon-

2259 1879 2504 1954 γέννημα
2531 1879 2619 1933 καὶ
2679 1877 2897 1951 ποίημα
2950 1876 3409 1954 καταγγέλλουσι,
3465 1884 3584 1935 ταῖς
3641 1883 3751 1934 τῶν
3784 1878 3895 1933 dvo-

2268 1968 2447 2041 μάτων
2514 1965 2799 2045 διαφοραῖς
2843 1968 2932 2022 καὶ
2994 1968 3094 2036 τήν
3143 1974 3244 2036 τῆς
3297 1967 3480 2030 οὐσίας
3536 1965 3891 2042 παραλλαγήν

2263 2053 2679 2134 ἑμφανίσαντας,
2734 2054 3093 2131 ἀπηλλάχθαι
3151 2054 3436 2134 φροντίδος
3492 2057 3604 2130 (23)
3649 2055 3738 2111 καὶ
3767 2076 3893 2130 πρα-

2262 2146 2512 2220 γμάτων·
2546 2145 2642 2200 Διά
2689 2142 2747 2200 δὲ
2790 2143 2920 2207 τοὺς
2954 2147 3268 2218 σωματικὴν
3328 2147 3426 2215 τὴν
3478 2145 3725 2222 γέννησιν
3777 2145 3896 2200 ὁποι

2264 2229 2676 2307 λαμϐάνοντας,
2732 2234 2820 2288 καὶ
2877 2239 2997 2298 ταῖς
3055 2233 3398 2307 ὁμωνυμίαις
3455 2233 3893 2308 προσ-πταίοντας,

2263 2323 2550 2398 ἀναγκαῖον
2601 2321 2733 2384 ἴσως
2783 2321 2873 2376 καὶ
2905 2321 3026 2398 περὶ
3052 2322 3259 2377 τούτων
3287 2320 3375 2377 διὰ
3407 2322 3659 2398 βραχέων
3714 2322 3891 2378 εἰπεῖν.

2266 2411 2514 2484 Γιννημα
2545 2414 2652 2484 (24)
2709 2410 2888 2465 τοίνυν
2946 2411 3035 2465 τὸν
3094 2411 3216 2465 Υίόν
3277 2432 3448 2488 φαμεν
3505 2413 3644 2466 κατὰ
3664 2411 3762 2479 τήν
3794 2413 3890 2464 τῶν

2266 2504 2489 2574 Γραφῶν
2541 2497 2908 2571 διδασκαλίαν,
2957 2500 3068 2575 οὐχ
3109 2496 3288 2574 ἕτερον
3344 2499 3435 2573 μιν
3479 2520 3534 2554 τι
3561 2501 3663 2568 τὴν
3723 2498 3895 2554 οὐσίαν

2263 2593 2526 2655 νοοῦντες,
2581 2584 2761 2664 ἕτερον
2823 2586 2880 2643 δὲ
2934 2608 2986 2642 τι
3030 2590 3157 2663 παρ’
3187 2587 3353 2657 αὐτὴν
3383 2589 3446 2643 τὸ
3477 2588 3895 2660 σημαινόμενον,

2265 2675 2390 2733 ἀλλ’
2430 2676 2596 2746 αὐτὴν
2629 2678 2882 2746 εἶναιτὴν
2918 2676 3207 2732 ὑπόστασιν
3265 2679 3331 2748 ἢν
3364 2676 3614 2749 σημαίνει
3645 2674 3898 2750 τοῦνομα,

2267 2763 2711 2838 δπαληθευούσης
2759 2769 2828 2839 τῇ
2887 2763 3041 2838 οὐσίᾳ
3095 2773 3196 2836 τῆς
3249 2766 3645 2841 προσηγορίας.
3705 2765 3899 2834 Ταύτην

2268 2851 2324 2908 δὲ
2534 2856 2880 2930 γεγεννῆσθαι
2943 2855 3037 2927 μὶν
3093 2853 3193 2910 οὐκ
3239 2855 3397 2909 οὖσαν
3457 2854 3564 2928 πρὸ
3613 2861 3720 2921 τῆς
3774 2850 3907 2915 ἰδίας

2268 2943 2592 3014 συστάσεως,
2646 2944 2776 2998 εἶναι
2804 2940 2863 2998 δὲ
2915 2948 3255 3020 γεννηθεῖσαν
3287 2943 3393 3018 πρὸ
3423 2943 3667 3016 πάντων,
3723 2942 3906 3018 γνώμῃ

2263 3035 2361 3086 τοῦ
2393 3035 2525 3087 Θεοῦ
2554 3031 2644 3086 καὶ
2676 3033 2904 3108 Πατρός.

502 3123 742 3175 stratur.
775 3118 1037 3175 Dicimus
1066 3123 1265 3175 autem
1297 3136 1467 3192 porro
1517 3121 1667 3176 hanc
1697 3120 2090 3176 substantiam
2124 3121 2385 3193 genitam
2415 3138 2567 3193 esse,
2597 3138 2733 3179 cum
2764 3139 2880 3179 non
2912 3126 3067 3179 esset
3113 3128 3248 3179 ante
3293 3121 3588 3196 propriam
3621 3121 3904 3179 constitu-

500 3209 752 3275 tionem;
788 3213 1100 3281 postquam
1131 3225 1262 3264 vero
1293 3210 1491 3280 genita
1524 3209 1650 3276 fuit,
1684 3209 1977 3265 exstitisse
2007 3209 2165 3264 illam
2199 3214 2334 3266 ante
2364 3211 2584 3280 omnia,
2616 3212 2845 3268 decreto
2875 3210 2975 3266 Dei
3007 3215 3066 3266 et
3095 3211 3303 3267 Patris.

577 3297 662 3352 13.
713 3297 773 3353 Si
821 3313 954 3353 vero
1007 3296 1180 3353 alicui
1239 3297 1346 3353 hoc
1393 3298 1589 3370 ipsum
1640 3314 1789 3354 ausu
1837 3298 2149 3355 temerario

2335 3300 2420 3354 13.
2454 3297 2521 3355 Εἴ·
2553 3295 2610 3353 δὲ
2646 3303 2727 3370 τῷ
2780 3296 2930 3353 δοκεῖ
2973 3296 3257 3373 τολμηρὸν
3317 3297 3448 3352 εἶναι
3478 3297 3541 3353 τὸ
3570 3297 3762 3373 ῥηθὲν,
3795 3297 3900 3352 ἐπι.

505 3385 726 3442 dictum
757 3386 1006 3454 videtur,
1033 3386 1362 3442 consideret
1390 3387 1516 3458 ipse
1563 3403 1783 3454 secum,
1819 3391 2020 3442 utrum
2051 3401 2151 3442 ve-

509 3492 637 3531 rum
670 3476 779 3532 hoc
809 3475 886 3530 sit
929 3492 1000 3531 an
1035 3474 1270 3531 falsum.
1303 3475 1359 3530 Si
1407 3475 1592 3546 prius,
1625 3475 1919 3546 ejusmodi
1969 3492 2153 3532 ausus

506 3565 679 3637 culpa
709 3569 868 3621 caret
894 3563 1126 3636 proprio
1149 3563 1322 3619 istius
1344 3563 1604 3620 hominis
1623 3562 1868 3636 judicio,
1893 3565 2153 3636 quando-

497 3655 734 3726 quidem
787 3653 932 3708 nihil
983 3668 1182 3708 rerum
1232 3667 1523 3723 verarum,
1550 3653 1704 3725 quod
1751 3669 1858 3709 suo
1911 3653 2150 3725 quidem

493 3748 758 3814 tempore
804 3747 861 3798 et
910 3742 1081 3798 modo
1132 3740 1369 3807 dicitur,
1404 3741 1618 3798 habere
1648 3741 1884 3814 culpam
1937 3747 2146 3813 potest.

493 3832 593 3887 Sin
621 3847 757 3887 vero
798 3830 1014 3887 falsum
1064 3834 1173 3895 est,
1207 3846 1446 3886 summa
1492 3831 1748 3902 profecto
1800 3831 2150 3888 necessitate

493 3921 622 3989 erit,
655 3925 721 3976 ut
751 3920 905 3992 quod
937 3919 1054 3975 illis
1087 3935 1214 3990 qua:
1244 3919 1366 3974 dixi
1409 3921 1772 3976 contrarium
1803 3924 1914 3990 est,
1944 3937 2148 3977 verum

493 4014 792 4083 putemus.
825 4009 942 4066 Hoc
971 4025 1106 4064 vero
1136 4012 1247 4076 est,
1275 4007 1484 4064 Filium
1535 4010 1803 4082 genitum
1853 4025 1981 4066 esse
2011 4026 2146 4066 cum

387 4151 393 4157 .
493 4105 665 4156 antea
695 4098 1021 4166 exsisteret,
1051 4097 1108 4152 id
1149 4098 1302 4168 quod
1354 4113 1470 4152 non
1523 4097 1713 4153 solum
1763 4098 2146 4154 absurditatis

490 4188 579 4245 vel
611 4187 1012 4260 blasphemiae,
1037 4185 1138 4242 sed
1171 4186 1350 4241 etiam
1381 4202 1628 4240 summae
1659 4202 1774 4240 non
1807 4189 1998 4256 potest
2029 4203 2144 4244 non

489 4294 618 4334 esse
639 4276 950 4332 fatuitatis.
971 4275 1083 4330 Res
1105 4274 1264 4330 enim
1286 4290 1414 4345 quaa
1436 4279 1545 4340 est,
1569 4273 1732 4344 quid,
1753 4289 1974 4344 quaeso,
1995 4291 2144 4346 opus

490 4367 666 4421 habet
695 4365 1091 4436 generatione,
1124 4363 1240 4417 nisi
1286 4363 1358 4416 ad
1407 4361 1862 4417 similitudinem
1890 4361 2142 4434 alicujus

2262 3388 2543 3460 σκιψάσθω
2585 3389 2711 3462 παρ’
2759 3387 2931 3455 ἑαυτῷ
2981 3386 3207 3462 πότερον
3253 3387 3325 3448 ὡς
3363 3385 3567 3458 ἀληθὶς
3597 3386 3684 3454 8v,
3715 3387 3750 3457 ἢ
3781 3390 3901 3460 ψεῦο

2263 3471 2372 3536 δος.
2425 3474 2490 3532 Εἴ
2548 3477 2641 3550 μὶν
2674 3476 2775 3553 γὰρ
2805 3477 2868 3531 τὸ
2927 3475 3213 3551 πρότερον,
3261 3474 3574 3539 ἀνυπαίτιος
3630 3478 3670 3546 ἡ
3726 3474 3903 3547 τόλμα

2259 3563 2394 3620 κατά
2434 3566 2534 3634 τήν
2586 3564 2751 3620 αὐτοῦ
2798 3565 2997 3640 κρίσιν,
3039 3562 3259 3640 ἐπείπερ
3293 3561 3464 3637 μηδὲν
3518 3567 3627 3618 τῶν
3689 3562 3902 3638 ἀλῃθῶν

2259 3649 2310 3706 ἐν
2362 3657 2538 3729 καιρῷ
2584 3652 2674 3707 καὶ
2711 3651 2890 3729 μέτρῳ
2940 3651 3241 3727 λεγόμενον
3291 3652 3558 3711 ὑπαίτιον.
3604 3653 3670 3710 Εἴ
3704 3651 3763 3708 δὲ
3789 3656 3904 3726 ψεῦ-

2259 3737 2373 3809 δος,
2406 3741 2606 3818 ἀνάγκη
2669 3738 2846 3812 δήπου
2878 3747 3042 3813 πᾶσα,
3098 3740 3306 3795 τούτων
3336 3740 3648 3796 τούναντίον
3714 3739 3907 3809 ἀληθὲς

2257 3831 2528 3904 ἡγεῖσθαι.
2580 3833 2749 3885 Τοῦτο
2800 3827 2847 3884 δ’
2895 3827 3056 3897 ἰστὶν,
3103 3829 3228 3884 ὐντα
3255 3831 3596 3905 γεγεννῆσθαι
3628 3831 3727 3885 τὸν
3763 3829 3904 3883 Γίὸν.

2253 3920 2425 3992 ’Ὁπερ
2458 3919 2560 3973 οὐκ
2601 3918 2827 3980 ἀτοπίας
2876 3917 3039 3992 μόνον
3093 3918 3128 3987 ἢ
3184 3915 3554 3996 βλασφημίας,
3607 3916 3764 3974 ἀλλὰ
3819 3916 3904 3971 καὶ

2254 4007 2430 4076 πάσης
2461 4007 2708 4077 εὐηθείας
2741 4002 3053 4082 ὑπερϐολὴν
3086 4008 3145 4062 ἄν
3178 4001 3324 4082 ἔχοι.
3353 4009 3448 4078 Τῷ
3499 4007 3598 4082 γὰρ
3631 4005 3755 4062 ὄντι
3797 4009 3904 4080 (26)

2251 4095 2302 4150 τί
2335 4092 2418 4149 δεῖ
2443 4096 2720 4170 γενισεως,
2754 4095 2800 4150 εί
2837 4096 2911 4169 μὴ
2944 4095 3080 4172 πρὸς
3109 4093 3290 4172 ἕτερόν
3321 4116 3373 4150 τι
3409 4095 3904 4173 μεταῤῥυθμίζοιτο

2251 4184 2387 4239 κατὰ
2415 4184 2512 4254 τήν
2549 4183 2812 4259 ὶμψύχων
2843 4205 2903 4239 τε
2953 4185 3045 4240 καὶ
3102 4184 3329 4260 ἀψύχων
3392 4185 3666 4258 σωμάτων
3731 4184 3906 4261 φύσιν,

2253 4275 2386 4348 ἅπερ
2429 4273 2671 4347 γενέσθαι
2721 4271 2921 4349 λέγοιτ’
2960 4271 3019 4328 ἄν
3073 4272 3320 4344 ἀληθῶς,
3367 4269 3495 4328 ὄντα
3533 4274 3628 4345 μὶν
3665 4275 3701 4329 ἃ
3744 4275 3905 4338 ὶστιν,

2250 4363 2353 4417 οὐκ
2382 4359 2508 4418 ὄντα
2555 4359 2612 4418 δὲ
2660 4361 2694 4416 ἅ
2740 4360 2987 4438 γίνεται;
3041 4359 3179 4420 Οὔτε
3223 4362 3325 4438 γὰρ
3354 4363 3414 4417 τὸ
3447 4361 3667 4436 σπέρμα
3702 4362 3904 4438 ἄνθρω-

491 4452 732 4510 alterius
756 4453 833 4508 rei
860 4451 1501 4520 transformeturjuxta
1526 4466 1720 4506 rerum
1743 4451 2140 4508 animatarum

2262 4472 2371 4520 πος,
2427 4449 2548 4507 οὔτε
2594 4449 2748 4516 λίθος
2802 4451 2976 4514 οἶκοςο
3032 4451 3232 4526 γίνεται
3265 4448 3340 4521 δὲ,
3374 4453 3435 4506 τὸ
3459 4452 3554 4525 μὶν
3588 4449 3902 4528 ἄνθρωπος,

490 4544 803 4597 naturam?
829 4541 962 4604 Quae
994 4539 1234 4611 quidem
1265 4555 1397 4594 vere
1424 4538 1547 4594 ﬁeri
1581 4539 1696 4595 dici
1728 4545 1975 4612 possunt
2003 4558 2137 4599 cum

2262 4539 2306 4594 τὸ
2336 4537 2393 4594 δὲ
2446 4541 2616 4602 οἶκος.
2680 4539 2742 4594 Εἰ
2802 4536 2859 4596 δὶ
2909 4538 3115 4594 τούτων
3164 4535 3414 4608 ἕκαστον,
3471 4542 3552 4602 οἷς
3595 4542 3695 4595 καὶ
3731 4561 3903 4614 παρα-

487 4630 767 4687 exsistant
797 4631 949 4700 quod
1001 4631 1160 4695 sunt,
1186 4644 1302 4684 non
1333 4631 1530 4684 autem
1563 4627 1850 4685 exsistant
1895 4646 1962 4686 ea
2009 4648 2137 4703 quae

2262 4622 2470 4683 ῗάλλειν
2515 4629 2613 4697 τήν
2661 4629 2787 4683 rio?)
2834 4630 3041 4704 γενισιν
3094 4627 3307 4683 πάντων
3359 4623 3770 4699 εὐσεϐέστατον,
3811 4628 3906 4683 οὐκ

2263 4713 2272 4728 ί
2461 4716 2471 4734 Ι
2670 4718 2683 4734 Ι
2731 4717 2743 4734 Ί
2855 4717 2868 4734 \
2964 4715 2978 4734 Ί
3047 4722 3070 4733 υ
3211 4717 3223 4734 Ι
3401 4718 3421 4734 Η
3577 4717 3589 4734 Ι
3799 4719 3825 4734 Ψ
3868 4719 3880 4734 \

486 4721 657 4775 ﬁunt.
690 4718 914 4774 Etenim
963 4717 1225 4774 hominis
1274 4732 1476 4772 semen
1509 4734 1623 4774 non
1656 4719 1858 4774 statim
1892 4719 2017 4792 ipse
2046 4726 2135 4777 est

2262 4713 2371 4771 ἱντα
2417 4716 2619 4792 γίνεται
2665 4717 2751 4790 (οὐ
2808 4717 2910 4792 γὰρ
2959 4715 3131 4772 ἐκεῖνο
3170 4717 3369 4793 γίνεται
3401 4718 3430 4772 ’ὁ
3485 4717 3759 4793 πρότιρον
3792 4719 3903 4789 ἦν),

487 4809 680 4873 homo,
715 4824 902 4880 neque
932 4807 1080 4879 lapis
1112 4806 1361 4861 domus:
1399 4806 1462 4860 ﬁt
1491 4811 1683 4861 autem
1716 4807 1950 4862 tandem
1987 4807 2133 4864 illud

2262 4804 2401 4859 τοίαν
2437 4803 2638 4875 δέξεται
2674 4804 2810 4862 ἷάσιν
2844 4807 2872 4862 ὁ
2902 4806 2994 4861 τὸν
3039 4806 3161 4860 Υὶὸν
3217 4805 3348 4862 ὃντά
3406 4813 3765 4882 γεγεννῆσθαι
3816 4806 3900 4862 λι-

485 4898 724 4968 quidem
757 4896 952 4964 homo,
978 4897 1073 4951 hic
1103 4911 1234 4950 vero
1256 4895 1488 4950 domus.
1513 4895 1570 4948 Si
1594 4909 1728 4950 vero
1751 4909 1932 4951 unum
1955 4897 2136 4966 quod-

483 4985 626 5041 libet
654 5001 856 5042 eorum
888 4985 1106 5056 quibus
1153 4982 1470 5039 assimilari
1518 4981 1645 5037 Filii
1693 4983 2130 5054 generationem

2241 4912 2389 4968 γων;
2424 4892 2490 4948 Εἴ
2517 4895 2619 4970 γὰρ
2671 4896 2787 4969 (27)
2836 4895 2940 4969 πρὸ
2991 4901 3091 4965 τῆς
3134 4897 3432 4970 γεννήσεως
3479 4897 3566 4967 ἢν,
3599 4897 3897 4972 άγίννητος

2264 4983 2355 5051 ἦν.

482 5077 749 5133 omnium
779 5080 869 5133 est
897 5075 1254 5148 piissimum,
1290 5089 1424 5129 cum
1455 5089 1570 5129 non
1617 5074 1737 5130 sint
1766 5075 1954 5148 prius,
1984 5075 2223 5132 tandem
2267 5078 2463 5130 tamen
2497 5073 2640 5146 quid
2673 5074 2816 5132 ﬁant
2844 5076 2986 5147 (non
3015 5075 3174 5132 enim
3206 5075 3331 5132 ﬁeri
3361 5076 3478 5132 dici
3511 5082 3712 5150 potest
3743 5076 3892 5150 quod

553 5213 598 5248 ⁸⁸
627 5212 796 5270 Joan.
827 5227 944 5276 xxv,
972 5210 1064 5264 28.

556 5349 662 5416 (21)
691 5345 836 5402 Huic
883 5344 1038 5400 dicto
1080 5339 1340 5416 Basilius
1370 5355 1522 5416 pag.
1551 5341 1681 5408 235,
1703 5341 1946 5416 opponit
1995 5341 2130 5397 Phi-

483 5409 626 5492 lip'p.
643 5409 716 5486 ἰι,
738 5419 792 5487 6,
805 5414 1235 5492 _Non_rapinam
1258 5409 1578 5468 arbitratus
1601 5417 1690 5469 est
1710 5409 1842 5467 εἶναι
1868 5409 1962 5467 ’ίσα
1989 5416 2127 5487 Θεῷ,

483 5489 595 5546 esse
621 5505 782 5561 aequa
792 5489 901 5546 tem
935 5489 1062 5561 Dea.

554 5563 663 5632 (22)
681 5553 873 5617 'Basil.
908 5559 1121 5632 p.233,
1154 5555 1407 5632 ἀποχρῇν
1438 5553 1685 5632 ἡγοῦμαι
1713 5553 1826 5610 καί.

698 5621 952 5690 Basilius
981 5631 1081 5686 lib.
1110 5621 1177 5700 ἰι,
1213 5621 1426 5700 ρ.’”238,
1463 5621 1788 5702 φροντίδων.

2310 5342 2423 5415 (24)
2454 5341 2629 5415 Dasil.
2662 5359 2718 5415 p.
2750 5343 2874 5413 242,
2905 5343 3032 5398 244.

2311 5413 2423 5486 (25)
2456 5413 2632 5486 Basil.
2665 5413 2722 5486 p.
2755 5415 2860 5470 246
2890 5419 2947 5470 et
2974 5415 3102 5471 248.

2329 5485 2420 5558 26)
2451 5485 2706 5558 Basilius
2734 5501 2867 5558 pag.
2893 5487 3020 5542 248.

2309 5489 2421 5628 (26γ
2451 5489 2706 5568 Basilius
2734 5501 2867 5558 pag.

2329 5556 2398 5609 27
2451 5556 2629 5614 Basxl.
2665 5559 2875 5630 p.252.

2403 5417 2423 5628 ξ
