4120 6230
261 419 382 481 849

1333 419 1669 482 EUNOMII
1713 420 1944 482 LIBER
1986 419 2598 481 APOLOGETICUS.

3569 422 3691 483 850

260 556 438 605 antea
486 550 680 622 erat):
717 549 1076 620 cujusmodi,
1109 567 1327 623 quaeso,
1371 551 1723 608 medicinam
1777 552 2068 622 admittet,
2103 553 2205 624 qui
2255 553 2488 619 Filium,
2536 567 2670 607 cum
2718 555 2852 607 ante
2900 551 3207 618 exstiterit,
3239 550 3384 607 dicit
3428 550 3690 622 genitum

260 653 390 694 esse
411 638 438 692 ?
467 637 524 692 Si
554 638 713 693 enim
743 643 880 693 ante
908 639 1340 708 generationem
1375 643 1521 710 erat,
1554 645 1678 695 erat
1709 639 1906 709 utique
1936 639 2257 712 ingenitus.

334 727 422 782 14.
454 723 634 780 Ἀλλὰ
659 723 832 780 πάλαι
857 745 917 800 γε
945 723 1128 789 καλῶς
1175 724 1562 802 ὡμολόγηται,
1605 724 1774 800 μηδὲν
1805 722 1908 781 ἓτε-

2109 728 2196 782 14.
2227 731 2441 783 Verum
2485 730 2716 782 vetusta
2759 729 2912 782 recte
2959 726 3138 782 habet
3185 728 3498 795 confessio,
3530 727 3687 798 quod

261 834 353 890 ρον
387 812 686 888 ἀγέννητον
713 813 1024 890 εἶναιπαρὰ
1067 815 1159 870 τὸν
1209 815 1364 872 Θεόν.
1393 821 1460 870 Ἣ
1514 815 1693 871 τοίνον
1753 835 1914 888 μετα-

261 901 532 966 θέσθωσαν
589 908 690 972 τῆς
752 901 1081 978 ὁμολογίας,
1112 900 1295 978 ἕτερον
1352 904 1658 980 εἰσάγοντες
1699 904 1920 981 ἀγέννη-

254 1010 350 1046 τον
383 1009 397 1022 ⁸
450 989 487 1060 ἢ
540 990 760 1054 τούτοις
819 991 1147 1065 ἑμμένοντες
1210 993 1674 1067 παραιτεῖσθωσαν
1745 992 1918 1070 λέγειν

257 1074 387 1134 ὄντα
445 1082 797 1156 γεγεννῆσθαι
847 1081 941 1135 τὸν
1001 1081 1147 1136 Υίόνο
1184 1081 1297 1136 ἐπεὶ
1347 1080 1489 1154 μηδέ
1518 1087 1794 1158 συγχωρεῖ
1823 1085 1921 1136 τοῦ

257 1170 379 1224 υἱοῦ
435 1171 523 1224 καὶ
587 1174 686 1224 τοῦ
741 1171 1076 1247 γεννήματος
1131 1173 1167 1240 ἡ
1231 1171 1573 1248 προσηγορία
1627 1173 1765 1247 πρὸς
1818 1173 1918 1240 τήν

171 1263 176 1268 ’
255 1259 575 1334 ἆγὲννητον.
642 1261 792 1316 Πᾶσα
842 1260 944 1335 γὰρ
993 1260 1208 1333 γένοιτο
1291 1260 1558 1336 σύγχυσις
1636 1259 1921 1334 ὀνομάτων

251 1369 313 1403 τε
370 1348 459 1403 καὶ
517 1347 880 1424 πραγμάτων,
917 1354 1042 1422 μιᾶς
1107 1349 1205 1422 μὶν
1261 1349 1450 1411 οὐσίας
1499 1346 1665 1419 οὔσης
1716 1370 1776 1404 τε
1827 1350 1914 1404 καὶ

255 1435 564 1511 λεγομένης
646 1436 960 1511 ὀιγεννήτου,
1018 1435 1444 1514 ἐπεισαγομὲνῃς
1504 1435 1562 1493 δὲ
1623 1442 1701 1509 τῷ
1771 1435 1920 1513 λόγῳ

259 1526 428 1582 πάλιν
490 1524 696 1599 ὶτᾶρας,
731 1526 843 1580 εἶτα
898 1525 1099 1596 ταύτης
1159 1528 1424 1602 γεννητῆς
1477 1525 1915 1599 ὀνομαζομένης,

257 1616 468 1670 Υἱοῦτε
518 1617 594 1688 μή
645 1614 989 1691 γεννηθὶντος
1040 1614 1157 1669 κατ’
1187 1613 1406 1684 αὐτοὺς,
1436 1615 1528 1669 καὶ
1576 1615 1788 1690 Πατρὸς
1838 1615 1914 1687 μή

259 1705 646 1780 γεννήσαντος,
678 1703 941 1777 ὀνόματα,
975 1700 1083 1778 εἴγε
1145 1704 1220 1776 μή
1282 1702 1558 1778 γεννηθεὶς
1612 1703 1703 1772 ἦν.
1761 1700 1914 1773 Πλὴν

255 1794 306 1850 εἴ
366 1795 442 1867 μή
496 1814 602 1866 τις,
633 1793 769 1847 κατὰ
820 1793 912 1848 τὸν
980 1789 1170 1867 λόγον,
1228 1793 1397 1848 κακὸν
1455 1797 1606 1865 κακῷ
1658 1791 1913 1868 ῗώμενος,

257 1883 470 1957 μείζονι
526 1881 590 1936 τὸ
621 1875 867 1949 ἔλαττον,
900 1880 1195 1951 αὐξητικὴν
1252 1882 1289 1952 ἢ
1336 1877 1744 1954 μεταϐλητικὴν
1803 1881 1916 1937 ἐπι-

245 1975 464 2043 νοήσειε
495 1972 726 2047 γάνεσιν,
758 1971 897 2046 πρὸς
955 1971 1120 2025 ἅπασι
1169 1975 1286 2032 τοῖς
1345 1968 1539 2033 ἄλλοις
1583 1973 1708 2044 μήτ’
1737 1969 1910 2026 ἐκεῖνο

244 2059 438 2124 καλῶς
498 2059 889 2136 λογισάμενος,
946 2059 1021 2123 ὡς
1077 2057 1185 2114 εἴτε
1241 2057 1460 2129 αὐξάνοι
1515 2080 1592 2126 τι,
1626 2061 1911 2135 προσθήκῃ

241 2151 396 2214 τινὸς
442 2154 549 2204 τῶν
607 2147 796 2220 ἔξωθεν
847 2149 1126 2220 αὐξήσειεν
1185 2149 1265 2204 ἄν.
1299 2147 1464 2202 Πόθεν
1519 2145 1610 2202 οὗν
1641 2149 1704 2203 τὸ
1734 2169 1902 2225 προσ-

242 2240 418 2309 τεθὲν,
452 2237 496 2294 εἶ
559 2240 636 2312 μὴ
685 2238 775 2293 καὶ
823 2234 1011 2312 ἕτερον
1063 2235 1668 2310 ὑποθοίμεθα;”Δλλὰ
1710 2237 1760 2292 εἲ
1810 2239 1905 2310 μὶν

243 2327 430 2395 τοῦτο,
462 2325 650 2383 πολλὰ
676 2327 744 2382 τὰ
772 2321 902 2381 ὅντα
930 2325 1019 2380 καὶ
1051 2325 1323 2401 ἀγὲννητα
1353 2320 1481 2380 ὄντα
1523 2325 1598 2387 εἰς
1645 2323 1905 2400 συμπλή-

246 2437 413 2493 ρωσιν
446 2417 564 2480 ἑνὸς
591 2415 826 2471 ἐπινοεῖν
854 2414 1170 2490 ἀναγκαῖον.
1202 2413 1271 2469 Εἴ
1297 2410 1345 2468 δ’
1375 2412 1434 2468 tu
1463 2417 1559 2469 τοῦ
1616 2415 1690 2487 μὴ
1751 2411 1906 2478 ὄντος

243 2509 282 2576 ἡ
316 2504 560 2577 αὔξησις,
592 2504 818 2580 πότερον
855 2503 1076 2578 ἄμεινον
1106 2503 1406 2578 ὁμολογεῖν
1443 2507 1545 2558 πᾶν
1583 2503 1657 2576 μὴ
1717 2502 1775 2558 ’ὁν
1815 2525 1901 2580 γει

245 2597 536 2670 γεννῆσθαι
621 2592 815 2669 γνώμῃ
888 2596 984 2646 τοῦ
1053 2587 1488 2669 παραγαγόντος,
1547 2590 1584 2661 ἢ
1653 2590 1900 2648 σύνθετον

253 2682 430 2760 λέγειν
474 2683 573 2752 τήν
615 2682 797 2737 οὐσίαν
832 2681 883 2753 ἐξ
913 2678 1069 2745 ὄντος
1100 2681 1190 2736 καὶ
1226 2681 1301 2754 μὴ
1335 2676 1528 2752 ὅντοςς
1565 2679 1688 2738 Ε’ίτε
1735 2703 1902 2755 μετα·

248 2768 504 2841 ϐάλοιτο,
534 2769 766 2846 μηδενὸς
788 2767 944 2834 ὄντος
977 2770 1053 2833 εἷς
1083 2772 1112 2826 ὃ
1147 2765 1630 2845 μεταϐληθείη,εἷς
1655 2771 1718 2825 τὸ
1744 2771 1819 2845 μή
1843 2769 1900 2825 ὃν

250 2862 304 2932 ἐξ
337 2860 578 2936 ἀνάγκης
613 2854 1109 2933 μεταϐληθήσεται.
1143 2860 1246 2915 Καὶ
1282 2864 1398 2921 πῶς
1428 2859 1531 2914 οὐκ
1573 2856 1783 2930 εὔηθες,
1811 2857 1904 2915 ’ἵνα

251 2952 332 3024 μή
365 2949 613 3027 λέγωμεν
645 2944 852 3021 ἀσεόὶς,
880 2950 944 3005 τὸ
974 2948 1030 3004 ὃν
1065 2948 1141 3012 εἷς
1187 2948 1250 3003 τὸ
1297 2949 1373 3021 μή
1423 2946 1482 3002 ὃν
1526 2949 1902 3024 κεχωρηκέναι

251 3037 476 3115 λέγειν;
509 3037 626 3094 δὲον
659 3038 960 3114 ἀφεμὲνους
989 3044 1091 3108 τῆς
1123 3037 1360 3113 ἀμέτρου
1387 3037 1592 3107 ταύτης
1635 3036 1903 3108 εὐηθείας,

252 3128 554 3202 παρανοίας
587 3124 644 3183 δὶ
686 3126 922 3200 μᾶλλον,
954 3126 1250 3206 σωφρόνως
1291 3123 1684 3200 παραδέξασθαι
1727 3125 1901 3198 τάλη-

252 3218 365 3281 Θές.

2032 816 2178 871 nihil
2212 819 2420 888 praeter
2448 816 2634 871 Deum
2677 815 2751 871 sit
2797 815 3141 887 ingenitum.
3169 819 3284 872 Aut
3312 817 3495 889 igitur
3526 831 3685 870 rece-

2031 905 2174 960 dant
2224 905 2296 961 ab
2347 904 2448 961 illa
2477 905 2865 974 confessione,
2899 909 2955 961 et
2985 905 3144 962 aliud
3196 906 3336 978 quid
3389 906 3688 978 proferant

2033 995 2190 1066 quod
2224 995 2376 1051 690
2408 994 2486 1051 sit
2517 994 2877 1067 ingenitum;
2910 995 2997 1051 vel
3029 995 3080 1051 si
3117 995 3400 1051 inhaerere
3431 995 3515 1051 illi
3548 1013 3684 1052 sen-

2029 1083 2224 1140 tentiae
2251 1083 2466 1151 volent,
2500 1089 2740 1140 caveant
2770 1083 2830 1139 in
2865 1089 3166 1156 posterum
3200 1084 3280 1139 ita
3312 1084 3495 1155 loqui,
3527 1086 3680 1156 quod

2030 1171 2210 1228 Filius
2258 1189 2392 1228 cum
2442 1177 2616 1229 antea
2665 1172 2864 1239 fuerit,
2894 1173 3128 1246 genitus
3175 1173 3271 1240 sit,
3302 1173 3445 1245 quia
3493 1173 3597 1228 ﬁlii
3630 1177 3686 1229 et

2031 1260 2347 1333 geniminis
2375 1260 2690 1333 appellatio
2723 1279 2837 1317 non
2871 1262 3203 1336 ingreditur
3224 1279 3410 1317 unum
3441 1266 3499 1318 et
3530 1263 3682 1318 idem

2031 1350 2363 1420 subjectum
2386 1367 2520 1406 cum
2545 1350 2940 1424 appellatione
2959 1352 3228 1424 ingeniti.
3252 1352 3493 1407 Summa
3524 1351 3681 1407 enim

2027 1443 2083 1496 et
2103 1445 2363 1495 extrema
2378 1440 2642 1496 confusio
2660 1439 2796 1496 oriri
2823 1445 3016 1512 potest
3033 1446 3151 1496 tam
3177 1440 3481 1496 nominum
3503 1456 3676 1511 quam

2027 1545 2245 1596 rerum,
2280 1527 2329 1585 si
2378 1545 2512 1585 cum
2563 1547 2681 1585 una
2717 1545 2915 1585 revera
2955 1530 3032 1585 sit
3061 1534 3118 1584 et
3149 1529 3379 1585 dicatur
3420 1529 3678 1585 essentia

2025 1616 2308 1690 ingenita,
2330 1619 2506 1674 verbo
2538 1622 2737 1673 autem
2769 1617 2884 1674 alia
2914 1622 3121 1690 praeter
3150 1617 3312 1674 illam
3344 1617 3678 1673 introduca-

2026 1709 2142 1773 tur,
2168 1710 2488 1778 posteaque
2516 1705 2638 1761 haec
2668 1706 2864 1777 genita
2894 1706 3250 1774 nominetur,
3270 1705 3451 1761 Filius
3481 1710 3673 1761 autem

2027 1811 2144 1851 non
2176 1796 2253 1851 sit
2282 1796 2518 1868 genitus
2555 1795 2728 1866 juxta
2764 1794 3030 1867 ipsorum
3074 1794 3451 1862 sententiam,
3484 1810 3675 1866 neque

2025 1888 2195 1941 Pater
2241 1884 2605 1958 generaverit
2653 1884 2890 1940 nomine
2946 1889 3145 1952 tenus,
3176 1884 3225 1940 si
3273 1883 3510 1956 quidem
3559 1899 3675 1939 non

2022 1974 2272 2030 exsistat
2301 1974 2537 2047 genitus
2571 1991 2584 2030 :
2619 1978 3002 2046 praeterquam
3045 1972 3159 2030 nisi
3191 1973 3345 2046 quis,
3371 1973 3540 2044 juxta
3570 1972 3676 2028 tri-

2020 2067 2147 2118 tum
2175 2077 2530 2130 sermonem,
2556 2061 2778 2118 malum
2810 2062 3008 2118 minus
3036 2060 3190 2118 malo
3213 2078 3427 2117 curans
3449 2061 3677 2132 majori.

2016 2150 2431 2224 excogitaverit
2480 2149 2737 2222 aliquam
2775 2151 3238 2223 generationem,
3269 2166 3400 2223 qua:
3447 2149 3546 2205 ﬁat
3580 2167 3681 2221 per

2017 2239 2580 2313 augmentationem,
2613 2244 2716 2295 aut
2761 2240 3340 2296 transmutationem.
3373 2239 3443 2294 Et
3487 2254 3678 2309 neque

2015 2328 2127 2385 hoc
2160 2330 2332 2385 modo
2364 2333 2573 2402 prater
2603 2329 2802 2384 omnia
2831 2327 2946 2384 alia
2989 2327 3170 2400 probe
3202 2325 3674 2394 ratiocinaretur,

2015 2424 2320 2493 propterea
2353 2418 2509 2490 quod
2541 2417 2591 2472 si
2630 2418 2773 2489 quid
2822 2420 3258 2488 augmentatur,
3283 2431 3523 2472 necesse
3573 2417 3670 2484 sit,

2014 2513 2079 2564 ut
2100 2506 2356 2564 auctario
2379 2505 2574 2578 aliquo
2605 2511 2838 2562 externo
2861 2511 3248 2578 augmentum
3272 2505 3482 2577 capiat.
3507 2503 3672 2560 Unde

2012 2597 2196 2669 igitur
2227 2595 2440 2668 poterit
2458 2610 2587 2652 esse
2617 2595 2721 2650 illa
2746 2595 2992 2664 additio,
3015 2595 3135 2652 sive
3164 2595 3224 2651 id
3247 2595 3400 2667 quod
3435 2593 3668 2666 apposi-

2010 2689 2138 2741 tum
2169 2688 2464 2755 censetur,
2485 2683 2600 2740 nisi
2624 2683 2848 2754 aliquid
2879 2683 3038 2740 aliud
3070 2684 3235 2757 prius
3257 2683 3504 2756 subjecti
3540 2682 3665 2738 loco

2012 2773 2348 2848 ponamus?
2375 2772 2552 2844 Atqui
2584 2773 2634 2829 si
2667 2789 2757 2829 res
2795 2773 2878 2828 ita
2909 2790 2970 2829 se
3001 2773 3196 2844 habet,
3225 2788 3464 2828 necesse
3497 2770 3670 2826 fuerit

2012 2861 2343 2934 excogitare
2376 2861 2582 2932 multa,
2615 2877 2739 2932 quas
2772 2877 2944 2917 suum
2985 2877 3115 2918 esse
3145 2861 3204 2916 in
3237 2865 3423 2917 semet
3452 2859 3669 2916 habent

2014 2956 2071 3007 et
2098 2951 2363 3023 ingenita
2385 2954 2544 3019 sunt,
2569 2954 2634 3006 ut
2659 2967 2842 3006 unum
2867 2949 3016 3006 illud
3043 2951 3291 3023 perfecte
3313 2949 3665 3021 compleant.

2011 3041 2109 3096 Sin
2141 3056 2272 3096 vero
2295 3046 2677 3111 augmentum
2711 3038 2856 3095 illud
2884 3039 3109 3096 accedit
3137 3057 3206 3095 ex
3235 3038 3431 3110 aliqua
3455 3055 3516 3094 re
3539 3055 3666 3110 qua:

2013 3145 2130 3186 non
2174 3132 2284 3199 est,
2317 3132 2540 3196 utrum,
2566 3144 2782 3199 quaeso,
2815 3131 3055 3200 praestat
3098 3127 3384 3198 conﬁteri,
3405 3144 3477 3182 an
3509 3127 3666 3199 quod

2017 3235 2129 3275 non
2163 3217 2293 3288 fuit,
2319 3217 2377 3272 id
2410 3217 2574 3289 gigni
2606 3217 2836 3274 decreto
2867 3216 3029 3274 illius
3049 3217 3152 3289 qui
3180 3217 3239 3272 id
3273 3215 3566 3289 produxit,
3590 3231 3663 3271 an

243 3326 383 3365 vero
413 3307 625 3375 dicere,
656 3306 974 3364 essentiam
1005 3309 1272 3363 constare
1302 3321 1369 3362 ex
1400 3310 1530 3362 ente
1582 3309 1636 3363 et
1685 3323 1800 3363 non
1833 3311 1986 3378 ente,
2020 3308 2122 3365 sed
2171 3323 2240 3363 ex
2284 3323 2347 3362 re
2394 3305 2594 3378 aliqua
2623 3323 2746 3378 quze
2791 3311 2881 3363 est
2922 3305 3010 3362 vel
3060 3306 3192 3375 fuit,
3226 3310 3284 3362 et
3309 3323 3422 3362 non
3455 3308 3542 3362 est
3571 3305 3662 3361 vel

237 3414 357 3454 non
391 3397 542 3453 fuit?
571 3396 751 3468 Sique
798 3399 1250 3464 transmutatur,
1285 3394 1448 3451 nulla
1495 3411 1556 3451 re
1606 3395 1921 3453 exsistente
1951 3398 2011 3453 in
2044 3413 2219 3469 quam
2253 3394 2440 3468 possit
2465 3395 2874 3467 transmutari,
2913 3396 3411 3453 transmutabitur
3459 3411 3660 3451 neces-

240 3485 402 3543 sario
433 3486 492 3542 in
524 3486 580 3541 id
614 3485 766 3558 quod
801 3501 916 3542 non
949 3487 1058 3541 est.
1090 3483 1162 3540 Et
1190 3483 1506 3556 quomodo,
1541 3501 1761 3558 quaso,
1794 3502 1910 3542 non
1943 3485 2020 3542 sit
2049 3485 2355 3556 stolidum,
2389 3501 2462 3540 ne
2493 3485 2762 3541 dicamus
2791 3484 3065 3558 impium,
3089 3485 3383 3542 afﬁrmare
3411 3485 3466 3541 id
3501 3486 3657 3557 quod

237 3578 354 3646 est,
377 3573 592 3631 abiisse
620 3573 681 3630 in
711 3573 931 3648 aliquid
964 3573 1120 3645 quod
1153 3590 1268 3629 non
1301 3573 1430 3630 est?
1460 3576 1583 3629 Imo
1607 3590 1741 3631 vero
1772 3574 2122 3632 conveniens
2150 3579 2241 3630 est
2270 3577 2335 3629 ut
2365 3574 2550 3630 missa
2580 3580 2632 3630 et
2664 3574 2894 3646 abjecta
2923 3574 3242 3631 immodica
3269 3574 3380 3631 hac
3411 3573 3659 3630 stultitia

239 3667 348 3720 aut
379 3663 573 3736 potius
602 3663 855 3729 insania,
888 3662 1084 3718 debita
1121 3661 1409 3719 modestia
1437 3662 1494 3717 id
1529 3663 1683 3735 quod
1713 3679 1917 3719 verum
1950 3667 2039 3720 est
2067 3666 2419 3735 acceptetur.

320 3754 407 3808 15.
432 3749 607 3808 Ἀλλὰ
626 3751 775 3806 οὗτοι
808 3749 902 3823 μὶν
929 3749 1154 3812 τπύταις
1186 3751 1275 3804 καὶ
1304 3747 1503 3822 πολλῷ
1531 3747 1750 3805 πλείοσι
1771 3749 1897 3806 τού-

2086 3752 2171 3806 15.
2203 3750 2416 3807 Verum
2449 3751 2509 3806 hi
2541 3750 2811 3808 homines
2844 3769 2959 3808 non
2989 3752 3189 3808 vident
3212 3751 3373 3809 hisce
3403 3757 3461 3807 et
3489 3752 3660 3824 longe

241 3862 354 3896 των
414 3838 662 3902 ἀτοπίαις
719 3834 866 3901 ὄντες
895 3835 1146 3894 ὑπόδικοι
1178 3836 1444 3910 λελήθασί
1495 3860 1629 3917 σφας
1683 3838 1896 3907 αὐτοὺς,

246 3929 360 4005 οὐχ
388 3931 538 4002 ἡμᾶς
589 3927 808 4002 τόλμης
859 3927 1099 3990 εὐθύναις
1145 3925 1368 3990 δικαίως
1422 3929 1740 4005 ὑπάγοντες,
1775 3925 1901 3984 ἀλλ’

245 4017 478 4082 ἑαυτοὺς
522 4013 766 4074 ἀσεϐείας
816 4015 1173 4092 ἐγκλήμασιν.
1207 4017 1397 4090 Ἡμεῖς
1427 4015 1484 4072 δὲ
1513 4023 1629 4081 τοῖς
1686 4017 1787 4074 ὑπό
1844 4039 1901 4074 τε

241 4113 355 4164 τῶν
386 4107 554 4184 ἁγίων
584 4105 756 4162 πάλαι
789 4109 923 4183 (28),
954 4106 1044 4162 καὶ
1069 4111 1161 4162 νῦν
1220 4106 1308 4185 ἀφ’
1339 4109 1501 4180 ἡμῶν
1551 4107 1725 4162 αὐτῶν
1763 4108 1899 4162 ἀπο-

243 4194 618 4273 δεδειγμένοις
667 4194 1013 4270 ὂμμὲνοντες,
1068 4197 1208 4269 μήτε
1256 4201 1358 4265 τῆς
1402 4195 1583 4258 οὐσίας
1627 4201 1724 4251 τοῦ
1768 4199 1902 4252 Θεοῦ

242 4285 618 4364 προσιεμὶνης
675 4284 950 4360 γέννησιν,
1009 4284 1084 4348 ὡς
1145 4284 1456 4362 ἇγεννήτου,
1500 4287 1638 4359 μήτε
1687 4283 1902 4340 διάστα-

247 4397 335 4431 σιν
368 4375 404 4444 ἢ
443 4373 708 4450 μερισμὸν
740 4374 815 4436 ὡς
864 4372 1159 4452 ἀφθάρτου,
1195 4375 1335 4447 μήτε
1386 4375 1479 4448 μὲν
1529 4373 1710 4450 ἒτίρας
1755 4374 1905 4437 τινὸς

245 4464 622 4538 ὑποκειμένης
654 4461 730 4527 εἷς
763 4463 892 4518 Υἱοῦ
920 4461 1190 4539 γίννησιν,
1213 4463 1289 4536 μή
1323 4457 1452 4518 ὄντα
1472 4463 1644 4542 φαμὶν
1666 4469 1906 4540 γεγεννῆ-

243 4565 376 4619 σθαι
403 4552 496 4608 τὸν
528 4551 676 4609 Υἱόν.
707 4551 785 4610 Οὐ
811 4555 1231 4625 κοινοποιοῦμεν
1266 4553 1377 4626 (29)
1405 4549 1530 4607 οὐδὶ
1579 4555 1676 4607 τοῦ
1723 4557 1907 4608 Mavo-

247 4645 450 4718 γενοῦ(
505 4642 604 4710 τὴν
655 4639 840 4696 οὐσίαν
891 4641 1027 4711 πρὸς
1079 4641 1146 4696 τὰ
1197 4640 1257 4696 ἐκ
1290 4641 1366 4713 μὴ
1398 4637 1563 4697 ὄντων
1622 4640 1907 4717 γενόμενα,

246 4730 482 4807 ἐπείπερ
542 4728 641 4785 οὐκ
696 4728 850 4784 οὐσία
902 4729 966 4785 τὸ
1029 4731 1105 4804 μή
1157 4725 1236 4786 ὅν.
1266 4732 1346 4804 Τῇ
1379 4727 1436 4786 δὲ
1463 4734 1558 4786 τοῦ
1585 4732 1910 4801 ποιήσαντος

246 4819 459 4898 γνώμῃ
487 4821 587 4889 τὴν
621 4815 880 4897 διαφορὰν
909 4823 1027 4881 τοῖς
1056 4824 1215 4875 πᾶσιν
1277 4819 1612 4896 ὁριζόμενοι,
1640 4821 1909 4891 τοσαύτην

248 4910 414 4981 αὐτῷ
469 4909 706 4982 νέμομεν
754 4908 1056 4985 ὑπεροχὴν,
1091 4909 1222 4980 ὅσην
1269 4906 1414 4983 ἔχειν
1464 4909 1749 4987 ἀναγκαῖον
1806 4913 1912 4963 τῶν

249 4995 423 5054 ἰδίων
453 4998 779 5073 ποιημάτων
827 4997 919 5053 τὸν
969 4999 1228 5069 ποιητήν.
1264 4998 1440 5052 Πάντα
1475 4999 1576 5075 γὰρ
1636 4995 1706 5053 δι⁸
1750 4997 1913 5053 αὐτοῦ

247 5088 613 5166 γεγεννῆσθαι
667 5085 803 5142 κατᾶ
857 5085 947 5142 τὸν
1007 5084 1270 5162 μακάριον
1303 5085 1555 5158 Ἰωάννην
1602 5085 1913 5164 ὁμολογοῦ-

253 5198 386 5252 μεν,
435 5177 995 5254 συναπογεννηθείσης
1032 5177 1229 5242 ἄνωθεν
1286 5175 1432 5250 αὐτῷ
1481 5183 1580 5246 τῆς
1637 5172 1909 5251 δημιουρ-

245 5273 426 5344 γικῆς
487 5263 785 5340 δυνάμεως,
817 5265 942 5323 ὥστ’
1003 5267 1135 5322 εἶναι
1179 5266 1306 5322 Θεὸν
1369 5272 1632 5343 μονογενῆ
1691 5266 1905 5321 πάντων

246 5359 375 5411 τῶν
412 5355 529 5429 μετ’
556 5355 714 5413 αὐτόν
751 5357 843 5411 καὶ
899 5359 1009 5412 τῶν
1067 5353 1136 5411 δι’
1165 5356 1333 5412 αὐτοῦ
1377 5356 1697 5432 γενομένων.
1729 5354 1910 5419 Μόνος

185 5444 196 5458 ⁸
245 5443 364 5522 γὰρ
398 5447 468 5517 τῇ
497 5444 596 5499 τοῦ
625 5445 886 5521 άγενήτου
917 5442 1139 5520 δυνάμει
1187 5443 1461 5520 γεννηθεὶς
1505 5443 1596 5499 καὶ
1653 5443 1905 5518 κτισθεὶς,

337 5588 382 5624 ⁸⁷
411 5588 587 5645 Joan.
621 5604 661 5656 ι,
688 5589 744 5646 3.

339 5729 464 5802 (28)
493 5729 748 5790 Basilius
775 5747 910 5806 pag.
939 5731 1070 5803 253,
1098 5729 1190 5787 καὶ
1218 5729 1409 5788 πάλαι.

2009 3839 2279 3914 pluribus
2331 3839 2798 3896 absurditatibus
2844 3857 2974 3897 esse
3023 3857 3085 3897 se
3133 3841 3438 3911 obnoxios,
3471 3857 3660 3913 neque

2011 3930 2292 4000 nosjuste
2313 3929 2373 3984 in
2395 3930 2617 3984 crimen
2648 3929 2905 3985 audaciae
2937 3947 3003 3986 ac
3032 3929 3508 4002 praesumptionis
3540 3945 3658 3985 me-

2011 4018 2122 4073 rito
2155 4017 2466 4081 abducere,
2490 4017 2592 4072 sed
2623 4017 2785 4090 ipsos
2811 4022 2998 4074 semet
3023 4018 3344 4090 impietatis
3366 4034 3660 4075 accusare.

2011 4105 2130 4162 Nos
2158 4121 2293 4161 vero
2341 4105 2402 4160 in
2434 4105 2528 4161 his
2560 4122 2688 4178 quas
2744 4105 2882 4162 olim
2934 4124 2968 4162 a
3013 4107 3234 4163 sanctis
3271 4107 3574 4178 .Patribus,
3607 4112 3666 4163 et

2012 4211 2170 4251 nunc
2203 4211 2236 4250 a
2266 4194 2436 4251 nobis
2485 4195 2908 4263 demonstrata,
2940 4211 3356 4269 permanemus
3389 4212 3402 4252 :
3436 4200 3490 4252 et
3529 4212 3662 4252 cum

2013 4301 2207 4356 neque
2236 4283 2491 4342 essentia
2519 4283 2621 4341 Dei
2653 4284 2930 4342 admittat
2971 4286 3432 4360 generationem,
3463 4291 3668 4360 utpote

2015 4390 2144 4445 quas
2175 4379 2265 4430 est
2292 4372 2579 4447 ingenita,
2613 4391 2806 4448 neque
2854 4376 3219 4445 distantiam,
3252 4381 3355 4433 aut
3401 4375 3666 4448 partitio-

2017 4477 2174 4532 nem,
2209 4463 2501 4534 siquidem
2540 4467 2629 4521 est
2675 4463 3172 4538 incorruptibilis;
3207 4482 3460 4538 cumque
3507 4465 3672 4522 nulla

2018 4549 2132 4606 alia
2156 4551 2283 4608 dari
2315 4552 2504 4625 possit
2533 4553 2605 4609 ad
2638 4553 2767 4610 Filii
2808 4553 3266 4628 generationem,
3298 4556 3550 4612 dicimus
3581 4554 3672 4610 Fi-

2017 4639 2164 4696 lium
2197 4641 2461 4714 genitum
2493 4657 2622 4698 esse
2670 4659 2803 4700 cum
2837 4649 3008 4701 antea
3038 4662 3154 4702 non
3185 4646 3522 4712 exsisteret;
3556 4661 3672 4700 non

2021 4730 2176 4801 quod
2227 4747 2604 4787 communem
2649 4732 2939 4788 faciamus
2997 4734 3314 4790 essentiam
3375 4733 3674 4806 Unigeniti

2021 4835 2156 4874 cum
2190 4818 2289 4890 iis,
2312 4835 2439 4891 qua
2463 4820 2534 4876 de
2564 4819 2749 4876 nihilo
2771 4822 2922 4878 facta
2942 4827 3082 4878 sunt
3104 4821 3415 4894 (siquidem
3439 4839 3555 4879 non
3585 4834 3675 4879 est

2023 4907 2281 4964 essentia
2310 4909 2367 4964 id
2400 4910 2556 4981 quod
2605 4926 2722 4965 non
2761 4911 2893 4983 est),
2928 4912 3029 4967 sed
3078 4911 3207 4984 ejus
3237 4911 3336 4984 qui
3386 4913 3524 4969 fecit
3569 4913 3672 4985 de;-

2023 5000 2180 5052 creto
2239 5013 2342 5053 seu
2396 4998 2709 5065 sententia,
2747 5001 2887 5055 dum
2949 5000 3336 5058 differentiam
3397 5001 3674 5058 omnibus

2027 5086 2204 5141 rebus
2233 5085 2532 5141 definitam
2576 5087 2972 5160 assignamus,
2993 5089 3108 5162 ipsi
3139 5093 3362 5146 tantam
3396 5107 3512 5161 pres
3544 5089 3674 5146 aliis

2025 5174 2302 5230 omnibus
2332 5174 2732 5232 excellentiam
2765 5177 3108 5248 tribuimus,
3129 5184 3408 5251 quantam
3435 5179 3674 5251 quidem

2019 5263 2290 5336 Opiﬁcem
2323 5253 2538 5320 habere
2570 5280 2810 5322 necesse
2835 5271 2924 5324 est
2952 5284 3068 5340 prae
3099 5267 3354 5340 propriis
3385 5283 3513 5339 quas
3543 5266 3679 5321 fecit

2021 5353 2316 5426 operibus.
2366 5354 2591 5412 Etenim
2642 5357 2842 5413 omnia
2887 5373 2992 5430 per
3039 5357 3235 5430 ipsum
3286 5355 3438 5411 facta
3484 5371 3612 5411 esse
3633 5348 3676 5389 ⁸⁷

2024 5446 2351 5502 secundum
2381 5446 2622 5503 beatum
2651 5447 2938 5505 Joannem
2969 5447 3338 5517 confitemur,
3368 5445 3679 5516 congenita

2106 5731 2214 5803 (29)
2247 5731 2422 5790 Basil.
2455 5750 2588 5806 pag.
2620 5734 2744 5790 255.
