4112 6224
455 387 570 448 851

1409 382 1798 444 APPENDIX
1843 384 2164 446 OPERUM
2214 385 2280 445 S.
2327 383 2610 444 BASlLII
2654 383 2933 445 MAGNI.

3757 384 3872 444 852

459 518 687 574 scilicet
732 517 846 588 ipsi
877 517 950 573 ab
998 517 1165 573 initio
1193 517 1425 572 creandi
1457 517 1732 575 facultate
1767 535 1780 575 :
1814 523 1879 574 ut
1927 519 2007 573 ita
2038 519 2114 574 sit

2241 515 2560 578 εελειότατος
2621 515 2837 591 γέγονεν
2895 515 3161 590 ὑπουργὸς
3209 516 3325 588 (30)
3372 516 3508 588 πρὸς
3540 521 3709 569 πᾶσαν
3773 513 3874 584 δηο

460 608 617 664 Deus
648 606 1011 676 unigenitus,
1042 609 1305 678 respectu
1353 606 1614 661 omnium
1666 624 1867 663 earum
1917 623 2110 662 rerum

2227 603 2518 680 μιουργίαν
2548 603 2638 659 καὶ
2669 605 2894 680 γνώμην
2926 607 3020 658 τοῦ
3053 601 3283 677 Πατρός.

461 712 586 766 qua:
621 701 752 768 post
783 696 974 767 ipsum
1009 699 1063 750 et
1094 711 1195 767 per
1225 695 1419 767 ipsum
1454 695 1612 750 factae
1644 700 1802 750 sunt.
1836 696 1976 751 Cum
2010 695 2166 750 enim
2212 694 2336 766 ipse
2368 693 2528 750 solus
2559 694 2802 765 ingeniti
2842 693 3099 765 potentia
3141 693 3373 766 genitus
3408 693 3504 762 sit,
3538 697 3595 748 et
3643 697 3874 749 creatus

459 787 947 857 perfectissimus,
983 786 1119 841 hinc
1151 786 1418 843 minister
1449 786 1557 841 fuit
1587 787 1644 842 in
1673 791 1796 842 tota
1826 787 2115 842 creatione
2143 789 2201 842 et
2229 786 2460 842 decreto
2491 785 2678 840 Patris
2709 784 3087 856 perficiendo.

539 876 622 932 16.
653 875 711 929 Si
741 891 875 931 vero
922 875 1072 946 ideo,
1105 874 1242 945 quia
1280 876 1452 931 Pater
1498 879 1556 930 et
1603 875 1783 930 Filius
1813 879 2114 942 vocantur,

463 968 769 1036 propterea
816 964 1136 1019 humanam
1171 970 1226 1019 et
1268 964 1626 1036 corporalem
1679 965 2114 1038 generationem

467 1057 697 1125 oportet
725 1053 1050 1125 concipere,
1071 1058 1126 1109 et
1157 1054 1238 1110 ita
1259 1054 1328 1109 de
1350 1070 1416 1110 ea
1447 1054 1718 1125 cogitare,
1743 1059 1800 1109 et
1826 1053 2118 1110 subducta

466 1142 691 1198 ratione
721 1158 789 1198 ex
832 1142 905 1197 iis
936 1159 1064 1214 quae
1114 1142 1185 1197 ab
1235 1142 1576 1199 hominibus
1621 1143 1772 1198 ﬁunt
1819 1143 2115 1215 operibus,

466 1233 984 1288 transmutationis
1033 1232 1375 1288 nominibus
1424 1237 1480 1288 et
1527 1233 1904 1304 passionibus
1934 1231 2116 1288 Deum

466 1321 778 1392 subjicere,
809 1321 1102 1393 siquidem
1151 1338 1385 1395 quoque
1415 1327 1640 1377 creator
1687 1321 1860 1385 Deus,
1895 1324 2120 1393 oportet

468 1425 575 1464 nos
606 1407 688 1463 illi
723 1409 1097 1464 substernere
1129 1409 1458 1479 materiam,
1486 1414 1551 1464 ut
1581 1425 1775 1480 opera,
1799 1425 1926 1480 qua":
1959 1407 2116 1478 facit,

467 1501 740 1554 eventum
770 1498 1159 1569 effectumque
1189 1515 1362 1553 suum
1395 1498 1738 1566 sortiantur,
1764 1497 1861 1568 qui
1894 1497 2119 1552 Graeco-

467 1604 601 1643 rum
631 1591 721 1642 est
761 1605 942 1643 error.
976 1587 1158 1643 Homo
1187 1587 1342 1642 enim
1375 1587 1473 1658 qui
1523 1603 1592 1642 ex
1644 1585 1881 1658 propria
1929 1585 2121 1658 gignit

469 1677 743 1746 essentia,
778 1693 894 1731 non
927 1692 1066 1732 sane
1099 1677 1421 1748 quidquam
1469 1675 1746 1731 struxerit
1774 1674 1900 1730 sine
1932 1679 2118 1729 mate-

471 1763 577 1820 ria.
611 1766 773 1830 Quod
807 1765 855 1820 si
889 1765 998 1820 hoc
1047 1766 1238 1820 dicere
1287 1764 1631 1835 recusarint,
1665 1763 1968 1820 nominum
2000 1763 2119 1818 elo-

473 1854 766 1910 cutionem
797 1854 944 1909 nihil
966 1854 1204 1909 omnino
1228 1858 1520 1920 curantes,
1544 1854 1711 1925 sique
1734 1853 2118 1908 nihilominus

472 1947 700 1998 servata
727 1943 968 1998 veritate
1005 1943 1192 2014 dignae
1244 1943 1392 1998 697
1450 1943 1518 1996 de
1570 1947 1682 1996 Deo
1732 1941 1987 1996 notionis
2036 1945 2122 1996 at-

480 2031 795 2088 tribuerint
821 2029 931 2087 soli
962 2031 1170 2086 divinae
1210 2033 1478 2104 potentiae
1511 2031 1745 2086 creandi
1777 2031 2034 2086 ofﬁcium
2069 2033 2127 2084 et

478 2121 820 2177 facultatem
861 2137 873 2175 :
922 2120 1236 2192 quomodo,
1277 2136 1494 2192 quaeso,
1553 2119 1742 2174 locum
1803 2119 2016 2174 habere
2063 2119 2122 2175 in

476 2216 592 2266 Deo
623 2211 838 2282 poterit
867 2210 1062 2281 passio
1091 2208 1772 2264 transsubstantiationis
1803 2213 1859 2264 et
1889 2209 2125 2281 partici-

477 2301 732 2372 pationis
781 2300 1070 2366 essentia},
1115 2304 1346 2372 propter
1399 2298 1849 2372 appellationem
1900 2299 2145 2367 Patris",

475 2391 690 2461 Ecquis
710 2390 867 2446 enim
894 2405 1094 2445 eorum
1128 2389 1228 2462 qui
1261 2394 1418 2444 recte
1439 2390 1719 2458 sentiunt,
1743 2405 1956 2444 sanave
1987 2390 2128 2443 sunt

475 2484 691 2545 mente,
721 2478 957 2534 difﬁteri
991 2484 1202 2550 potest,
1229 2478 1383 2550 quod
1427 2479 1693 2550 quedam
1728 2478 1967 2533 nomina
1996 2481 2125 2532 tan-

474 2573 602 2623 tum
634 2568 952 2639 quamdam
985 2567 1204 2623 habent
1233 2568 1710 2622 communionem
1739 2566 1963 2622 ratione
1991 2582 2125 2637 pro-

2301 875 2384 928 16.
2419 872 2484 928 Εἰ
2517 869 2562 926 δ’
2604 870 2684 926 ὅτι
2748 872 2935 947 Πατὴρ
2989 871 3079 925 καὶ
3127 871 3274 940 Υἱὸς,
3307 867 3396 925 διὰ
3449 875 3609 926 τοῦτο
3666 871 3876 944 ἆνθρω’

2226 962 2384 1032 πίνην
2413 960 2500 1015 καὶ
2556 962 2874 1034 σωματικὴν
2906 962 3017 1036 χρὴ
3067 959 3164 1028 τήν
3225 961 3471 1034 γέννησιν
3522 958 3747 1032 ἐννοεῖν,
3779 960 3881 1014 κάκ

2224 1054 2333 1106 τῶν
2367 1049 2416 1105 έν
2455 1050 2766 1125 ἀνθρώποις
2825 1051 3118 1126 γεννήσεων
3176 1048 3569 1124 ἀναγομένους,
3599 1054 3718 1113 τοῖς
3781 1055 3883 1118 τῆς

2230 1138 2520 1214 μετουσίας
2555 1138 2786 1213 ὀνόμασι
2817 1137 2907 1193 καί
2937 1139 3158 1202 πάθεσιν
3195 1139 3415 1214 ὑπάγειν
3444 1139 3537 1194 τὸν
3586 1140 3715 1194 Θεὸν
3747 1140 3880 1212 (31),

2229 1226 2416 1299 έπειδή
2450 1228 2538 1284 καὶ
2572 1225 2908 1305 δημιουργὸς
2929 1225 3271 1299 ὁΘεὸς,ὕλην
3289 1222 3619 1283 ὑποϐάλλειν
3645 1225 3729 1283 δεῖ
3748 1229 3886 1304 πρὸς

2225 1319 2428 1394 γένεσιν
2461 1323 2567 1373 τῶν
2618 1315 3180 1393 δεδημιουργημένων
3230 1317 3367 1372 κατὰ
3409 1319 3507 1387 τήν
3539 1315 3881 1388 Ἑλληνικὴν

2225 1405 2463 1478 πλάνην.
2499 1408 2560 1464 Ὀ
2592 1408 2696 1482 γὰρ
2731 1406 2789 1460 ἐκ
2817 1413 2916 1476 τῆς
2950 1403 3088 1468 ἰδίας
3118 1405 3302 1470 οὐσίας
3349 1410 3552 1481 γεννῶν
3596 1404 3886 1481 ἅνθρωπος

2229 1497 2331 1552 οὐκ
2388 1495 2446 1550 ἃν
2508 1494 2647 1566 ὕλης
2706 1495 2882 1570 χωρὶς
2962 1493 3438 1570 δημιουργήσειεν.
3483 1495 3543 1550 Et
3603 1493 3661 1550 δὲ
3714 1501 3881 1552 τοῦτο

2227 1590 2600 1660 παραιτοῖντο,
2635 1581 2803 1657 μηδὲν
2845 1590 2946 1653 τῆς
2993 1588 3101 1638 τῶν
3163 1582 3444 1657 ὀνομάτων
3503 1583 3884 1662 φροντίζοντες

2227 1678 2528 1751 προφορᾶς,
2585 1674 2683 1742 τὴν
2745 1670 2802 1727 δί
2853 1677 2934 1746 τῷ
2994 1677 3109 1745 6εῷ
3187 1672 3610 1748 περιπίπτουσαν
3671 1669 3878 1729 ἔννοιαν

2230 1761 2582 1831 διασώζοντες
2639 1761 2975 1836 ἐπιτρέποιεν
3035 1760 3245 1833 ἐξουσίᾳ
3301 1761 3438 1836 μόνῃ
3496 1761 3881 1837 δημιουργεῖν,

2233 1856 2349 1914 πῶς
2382 1849 2441 1905 ἃν
2473 1846 2594 1927 ἔχοι
2629 1852 2814 1926 χώραν
2845 1852 2907 1906 τὸ
2936 1857 3035 1920 τῆς
3068 1850 3350 1924 μετουσίας
3388 1850 3556 1913 πάθος
3607 1849 3694 1906 ἐπὶ
3744 1856 3882 1906 Θεοῦ

2234 1940 2322 1997 διὰ
2351 1942 2449 2010 τήν
2480 1945 2576 1996 τοῦ
2634 1941 2844 2015 ΙΙατρὸς
2901 1939 3313 2016 προσηγορίαν;
3348 1941 3446 2002 Τίς
3503 1942 3607 2017 γὰρ
3666 1941 3770 1996 οὐκ
3822 1940 3882 1995 ἂν

2234 2027 2600 2104 ὁμολογήσειε
2653 2033 2760 2084 τῶν
2815 2027 2871 2083 εὖ
2917 2029 3289 2106 φρονούντων,
3320 2028 3402 2084 ὅτι
3450 2034 3556 2084 τῶν
3593 2029 3884 2103 ὀνομάτων

2230 2120 2298 2174 τὰ
2327 2119 2419 2192 μὶν
2451 2120 2586 2173 κατά
2613 2120 2712 2187 τήν
2751 2117 3055 2196 έκφώνησιν
3114 2117 3203 2173 καὶ
3260 2119 3543 2196 προφορὰν
3599 2121 3697 2189 τήν
3761 2140 3888 2174 κοι-

2232 2207 2425 2262 νωνίαν
2485 2202 2600 2282 ἔχει
2648 2206 2835 2280 μόνον,
2871 2207 2974 2262 οὐκ
3029 2203 3105 2262 ἔτι
3166 2204 3223 2262 δὲ
3273 2207 3409 2262 κατὰ
3434 2208 3533 2276 τὴν
3565 2207 3886 2280 σημασίαν;

2230 2298 2321 2360 Ὧς
2370 2294 2676 2374 ὀφθαλμὸς,
2708 2294 2796 2350 ἐπί
2845 2317 2902 2350 τε
2955 2297 3242 2372 ἀνθρώπου
3271 2297 3360 2351 καὶ
3393 2301 3525 2352 Θεοῦ
3556 2295 3886 2372 λεγόμενοςο

2231 2390 2327 2442 τοῦ
2388 2387 2482 2460 μὲν
2533 2386 2637 2462 γὰρ
2695 2385 2947 2458 σημαίνει
2985 2407 3037 2440 τι
3072 2384 3257 2462 μέρος,
3280 2391 3375 2441 τοῦ
3407 2383 3464 2441 δὲ
3491 2386 3623 2441 ποτὲ
3656 2387 3757 2459 μὲν
3791 2388 3886 2441 ἂν.

2231 2472 2458 2548 τίληψιν
2517 2476 2606 2529 xvi
2668 2471 2915 2549 φυλακὴν
2961 2479 3068 2530 τῶν
3117 2471 3370 2545 δικαίων,
3393 2475 3526 2530 ποτὶ
3555 2473 3615 2530 ὀὶ
3639 2476 3742 2544 την
3773 2481 3887 2530 τῶν

2233 2564 2622 2638 πραττομένων
2654 2567 2876 2636 γνῶσιν.

476 2656 862 2713 nuntiationis
893 2661 950 2712 et
978 2656 1345 2725 elocutionis,
1379 2673 1493 2711 non
1525 2660 1720 2711 autem
1755 2655 1942 2727 quoad
1977 2653 2508 2728 significationem?
2538 2653 2612 2709 Ut
2641 2652 2870 2721 oculus,
2903 2653 3003 2726 qui
3037 2654 3105 2710 de
3149 2653 3386 2710 homine
3409 2658 3467 2711 et
3496 2654 3614 2710 Deo
3643 2655 3892 2728 dicitur,

476 2745 639 2802 illius
670 2747 908 2817 quidem
941 2751 1165 2818 partem
1197 2746 1518 2817 quamdam
1549 2749 1732 2815 notat,
1763 2744 1942 2816 hujus
1971 2759 2104 2799 vero
2137 2742 2429 2799 interdum
2474 2742 2780 2813 auxilium,
2813 2747 2870 2798 et
2899 2741 3223 2798 custodiam
3248 2745 3570 2814 justorum,
3605 2761 3894 2801 nonnun-

477 2851 655 2908 quam
686 2835 877 2907 ipsam
914 2835 1179 2890 notitiam
1212 2851 1412 2890 eorum
1443 2851 1574 2905 qum
1607 2838 1881 2906 aguntur.

551 2926 636 2978 17.
672 2923 856 2979 Multa
883 2940 1041 2989 vero,
1076 2941 1209 2978 cum
1260 2939 1532 2995 magnam
1587 2924 1862 2990 habeant,
1891 2924 2124 2994 quando
2157 2922 2199 2989 C

478 3012 957 3085 pronuntiantur,
979 3011 1456 3084 discrepantiam,
1481 3013 1749 3067 eamdem
1772 3016 1966 3066 tamen
1989 3009 2131 3066 obti-

480 3106 621 3157 nent
653 3101 1168 3173 signiﬂcationem,
1196 3107 1258 3155 ut
1306 3118 1434 3169 ens,
1457 3106 1512 3156 et
1559 3101 1720 3156 solus
1751 3117 1922 3156 verus
1953 3100 2126 3154 Deus.

480 3190 628 3259 Ergo
662 3205 851 3260 neque
880 3189 928 3244 si
962 3191 1198 3260 quando
1231 3189 1398 3244 Pater
1427 3189 1787 3258 nominetur,
1819 3188 2017 3242 statim
2041 3177 2132 3242 Ita-

480 3275 596 3332 lem
642 3275 945 3348 concipere
995 3280 1190 3333 mente
1239 3277 1637 3348 operationem
1671 3277 1972 3346 debemus,
2007 3293 2129 3346 quas

479 3364 812 3420 communis
843 3364 958 3437 ipsi
989 3364 1066 3420 sit
1111 3381 1243 3419 cum
1278 3365 1636 3429 hominibus,
1673 3369 1737 3419 ut
1767 3363 1940 3420 simul
1969 3369 2130 3420 utro-

476 3453 656 3525 bique
700 3453 809 3508 hac
859 3453 1081 3508 ratione
1113 3454 1334 3507 ﬂuxum
1393 3457 1495 3508 aut
1553 3453 1886 3524 passionem
1941 3456 2132 3510 mente

480 3541 791 3614 agitemus.
826 3541 1130 3614 Siquidem
1173 3541 1432 3613 operatio
1466 3540 1662 3596 divina
1694 3541 1840 3596 nulli
1873 3542 2131 3614 passioni

481 3635 585 3686 aut
615 3629 905 3686 affectioni
928 3635 1019 3686 est
1049 3630 1319 3700 obnoxia,
1345 3629 1649 3685 hominum
1679 3635 1871 3686 autem
1904 3632 1970 3686 ﬁt
1996 3647 2128 3686 cum

479 3719 798 3791 passione:
840 3719 942 3775 illa
986 3720 1259 3792 passione
1306 3724 1484 3789 caret,
1518 3721 1638 3776 haec
1690 3737 1821 3776 cum
1873 3719 1974 3775 illa
2021 3725 2130 3776 est-

478 3809 678 3880 Neque
709 3809 760 3864 si
791 3810 1027 3881 quando
1071 3807 1406 3864 nominetur
1437 3809 1713 3880 Spiritus,
1745 3809 1944 3864 statim
1994 3826 2132 3881 pro-

479 3902 680 3970 pterea
706 3913 1080 3954 communem
1128 3896 1305 3954 habet
1355 3903 1624 3953 naturam
1661 3914 1791 3953 cum
1843 3898 1974 3954 aliis
2006 3915 2132 3970 quae

480 3987 727 4059 Spiritus
749 3985 1142 4059 appellantur.
1179 3985 1240 4041 In
1265 3986 1536 4041 omnibus
1557 3992 1752 4042 autem
1778 3991 2005 4057 oportet
2027 4002 2132 4041 nos

481 4077 723 4132 modum
755 4080 814 4132 et
844 4075 1172 4147 analogiam
1223 4074 1434 4130 rationi
1465 4078 1520 4130 et
1561 4075 1879 4146 unicuique
1911 4079 2131 4131 naturas

481 4171 937 4221 consentaneam
963 4180 1214 4231 servare,
1241 4180 1428 4236 neque
1451 4164 1649 4219 statim
1675 4163 2130 4236 indignari,cum

482 4253 691 4308 Filium
725 4257 1053 4308 creaturam
1094 4267 1222 4307 esse
1272 4253 1566 4318 audimus,
1601 4251 1769 4322 quasi
1823 4252 2129 4308 nominum

483 4341 860 4413 aequivocatio
902 4340 1092 4411 ipsam
1124 4356 1363 4411 prorsus
1408 4339 1724 4395 essentiam
1759 4356 2132 4396 communem

483 4431 709 4486 reddat.
744 4429 928 4484 Filius
974 4428 1126 4484 enim
1161 4434 1250 4485 est
1278 4428 1521 4499 ingeniti
1552 4435 1603 4483 et
1634 4445 1749 4484 non
1783 4429 1919 4484 facti
1968 4430 2133 4502 geni-

484 4535 610 4574 men
642 4521 699 4572 et
725 4533 892 4588 opus.
917 4516 1136 4571 Ccslum
1166 4533 1302 4571 vero
1325 4521 1382 4571 et
1411 4517 1624 4588 angeli,
1648 4522 1706 4573 et
1727 4518 2013 4590 quidquid
2046 4524 2139 4574 est

486 4609 766 4679 praeterea
814 4608 1238 4670 creaturarum,
1280 4604 1458 4674 hujus
1506 4606 1700 4677 cperis
1753 4610 1892 4661 sunt
1939 4623 2134 4677 opera,

486 4695 773 4766 praecepto
807 4691 998 4746 Patris
1048 4707 1150 4763 per
1201 4692 1397 4764 ipsum
1430 4693 1600 4748 facta.
1633 4694 1724 4748 Sic
1772 4693 1926 4749 enim
1978 4694 2134 4749 Scri-

2312 2921 2396 2977 17.
2428 2918 2508 2976 Τὰ
2538 2916 2596 2974 δέ
2625 2915 2831 2991 πολλὰ,
2858 2917 2995 2973 κατᾶ
3038 2919 3137 2988 τήν
3185 2917 3488 2998 έχφώνησιν
3538 2923 3894 2996 κεχωρισμέ-

2240 3029 2324 3076 να,
2357 3009 2454 3077 τὴν
2513 3007 2681 3077 αὐτὴν
2731 3006 2848 3082 ἔχει
2905 3007 3198 3081 σημασίαν,
3232 3009 3309 3070 ὡς
3353 3009 3416 3063 τὸ
3473 3007 3554 3080 ὃν,
3584 3009 3676 3064 καὶ
3724 3011 3902 3082 μόνος

2241 3097 2500 3168 ἀληθινὸς
2534 3096 2685 3159 Θεός.
2719 3095 2928 3154 Οὐκοῦν
2958 3094 3087 3152 οὐδὶ
3115 3095 3238 3152 ὅταν
3272 3095 3499 3172 λέγηται
3533 3100 3745 3174 Πατήρ,
3776 3121 3906 3154 κοι-

2239 3187 2334 3255 νήν
2390 3184 2589 3240 ἐννοεῖν
2648 3186 2762 3262 χρὴ
2819 3185 2956 3256 πρὸς
2985 3186 3302 3260 ἀνθρώπους
3329 3187 3429 3255 τὴν
3480 3186 3777 3263 ἐνέργειαν,
3809 3187 3904 3243 ἐπ’

2241 3275 2444 3352 ἀμφοῖν
2496 3279 2937 3336 συνεπινοοῢντας
2991 3275 3160 3344 ταύτῃ
3221 3273 3396 3350 ῥεῦσιν
3443 3277 3477 3346 ἢ
3525 3275 3717 3345 πάθος,
3752 3275 3902 3331 ἐπεί-

2239 3384 2339 3438 περ
2370 3366 2404 3434 ἡ
2437 3365 2531 3437 μὶν
2565 3362 2706 3418 ἐστιν
2735 3362 2973 3433 ἀπαθὴς,
3003 3365 3038 3433 ἡ
3073 3361 3130 3418 δὲ
3163 3363 3297 3436 μετὰ
3318 3365 3544 3426 πάθους.
3578 3362 3720 3422 Οὖδέ
3761 3364 3900 3421 ὅταν

2242 3451 2470 3527 λέγηται
2503 3454 2744 3526 Πνεῦμα,
2773 3452 2962 3520 κοινὴν
2996 3449 3110 3528 ἔχει
3141 3452 3276 3527 πρὸς
3305 3451 3371 3506 τὰ
3399 3450 3669 3528 λεγόμενα
3725 3455 3894 3508 πνεύ-

2244 3561 2384 3613 ματα
2431 3541 2529 3609 τὴν
2590 3540 2768 3618 φύσιν.
2801 3541 2885 3595 Ἐν
2944 3545 3072 3594 πᾶσι
3113 3536 3170 3594 δὲ
3195 3541 3258 3595 τὸ
3288 3539 3551 3617 ἀνάλογον
3581 3542 3892 3612 σώζοντας,

2245 3631 2384 3703 μήτε
2435 3629 2526 3684 τὸν
2565 3630 2826 3703 Υίὸν(32)
2874 3627 3165 3692 ἀκούοντας
3215 3628 3434 3702 ποίημα
3489 3625 3900 3705 δυσχεραίνειν,

2241 3719 2316 3779 ὡς
2348 3717 2841 3790 κοινοποιουμένης
2873 3718 3087 3779 πάντως
3116 3717 3202 3772 καὶ
3233 3718 3336 3787 της
3391 3716 3576 3780 οὐσίας
3634 3719 3739 3773 ὑπὸ
3793 3725 3907 3788 τῆς

2239 3811 2345 3861 τῶν
2397 3805 2679 3880 ὀνομάτων
2729 3806 3040 3868 κοινωνίας.
3087 3812 3146 3864 '0
3199 3807 3294 3880 μὲν
3346 3807 3447 3882 γάρ
3487 3804 3627 3862 ἐστιν
3662 3807 3902 3883 ἀγεννή-

2239 3917 2335 3950 του
2392 3897 2480 3950 καὶ
2541 3895 2808 3966 ἆποιήτου
2853 3894 3095 3970 γέννημα
3141 3895 3229 3950 καὶ
3275 3894 3509 3968 ποίημα·
3543 3895 3773 3972 οὐρανὸς
3835 3894 3906 3951 ὂὶ

2239 3984 2328 4039 καὶ
2361 3982 2606 4060 ἄγγελοι,
2637 3985 2726 4039 καὶ
2755 3990 2857 4038 πᾶν
2900 3983 3030 4058 ὅπερ
3077 3982 3214 4039 ἐστίν
3249 3980 3388 4040 ἄλλο
3420 3984 3658 4058 ποίημα,
3688 3985 3901 4040 τούτου

2239 4094 2335 4127 του
2367 4072 2678 4145 ποιήματός
2710 4072 2822 4128 ἔστι
2850 4075 3154 4146 ποιήματα,
3187 4074 3564 4148 προστάγματι
3620 4078 3720 4127 τοῦ
3780 4080 3908 4129 Ha-

2238 4164 2367 4238 τρὸς
2427 4161 2495 4217 δι’
2527 4163 2690 4217 αὐτοῦ
2745 4162 3028 4239 γενόμενα.
3063 4162 3215 4219 Οὕτω
3270 4165 3370 4238 γὰρ
3401 4161 3460 4218 ἂν
3491 4170 3612 4227 ταῖς
3644 4171 3902 4243 Γραφαῖς

2165 4289 2210 4355 D
2239 4251 2300 4306 τὸ
2346 4249 2594 4355 ἀψευδεῖν
2629 4250 2976 4355 φυλάττοιτο,
3008 4252 3226 4325 ποίημα
3264 4251 3352 4307 καὶ
3397 4253 3638 4355 γέννημα
3691 4252 3905 4355 λεγού-

2243 4360 2359 4401 σαις
2389 4339 2477 4394 τὸν
2511 4340 2656 4412 Υἱὸν,
2688 4340 2778 4395 καὶ
2803 4345 2909 4394 τῶν
2945 4341 3292 4414 ὑγιαινόντων
3342 4343 3505 4414 ἡμεῖς
3547 4340 3648 4396 οὐκ
3688 4340 3905 4413 ἔκστη-

2245 4428 2446 4501 σόμεθα
2476 4427 2777 4504 λογισμῶν,
2813 4431 2952 4502 μήτε
2981 4430 3116 4504 μέρη
3175 4434 3256 4502 τῷ
3307 4434 3422 4502 Θεῷ
3476 4431 3907 4505 περιάπτοντες,

2249 4519 2388 4589 μήτε
2421 4517 2528 4589 μὴν
2561 4517 2703 4592 πρὸσ
2736 4518 2832 4591 μὲν
2872 4516 3120 4593 γέννησιν
3151 4520 3249 4588 τήν
3313 4516 3448 4574 ἰδίαν
3508 4518 3720 4587 οὐσίαν,
3755 4520 3908 4596 πρὸς

2247 4603 2304 4659 δὲ
2332 4606 2505 4660 κτίσιν
2538 4604 2675 4676 ὅλην
2712 4601 3142 4676 ὑποϐάλλοντες,
3179 4606 3230 4678 ἒξ
3261 4607 3334 4661 ὧν
3368 4609 3404 4677 ἡ
3433 4611 3542 4663 τῶν
3603 4607 3908 4680 ὀνομάτων

2247 4691 2478 4769 διαφορὰ
2506 4694 2741 4770 γίνεσθαι
2771 4697 3025 4773 πέφυκεν.

485 4782 676 4854 pturis
707 4798 817 4837 sua
844 4781 1135 4836 constabit
1161 4781 1398 4853 veritas,
1431 4787 1487 4838 et
1511 4781 1651 4853 ipsae
1685 4783 1756 4838 ab
1789 4783 1946 4837 omni
1995 4783 2301 4839 mendacio
2345 4789 2518 4840 sartae
2563 4790 2728 4841 tectae
2758 4786 3088 4842 conservari
3131 4790 3425 4859 poterunt,
3457 4803 3589 4842 cum
3621 4786 3919 4843 videlicet

485 4871 600 4926 illae
631 4871 702 4925 de
731 4868 872 4925 Filio
903 4871 1302 4940 pronuntient,
1336 4872 1491 4942 quod
1537 4871 1762 4926 factura
1791 4871 1868 4926 sit
1892 4877 1949 4926 et
1977 4871 2270 4943 genimem
2306 4890 2319 4927 :
2353 4879 2753 4945 praetereaque
2805 4873 2914 4930 hoc
2962 4880 3132 4947 pacto
3163 4891 3196 4931 a
3225 4875 3386 4931 sanis
3433 4875 3913 4931 ratiocinationi-

469 4962 597 5018 ‘bus
629 4978 744 5016 non
785 4961 1181 5029 deﬂectemus,
1215 4962 1354 5016 dum
1383 4963 1655 5018 videlicet
1684 4978 1873 5033 neque
1922 4961 2072 5018 ullas
2103 4962 2220 5018 Deo
2251 4968 2446 5035 partes
2494 4963 2903 5030 attribuimus,
2935 4982 3125 5036 neque
3169 4964 3283 5037 ipsi
3333 4967 3405 5022 ad
3453 4965 3906 5037 generationem

483 5049 782 5122 propriam
831 5050 1164 5120 essentiam,
1215 5052 1286 5106 ad
1334 5050 1688 5107 creationem
1725 5066 1859 5106 vero
1909 5051 2218 5107 materiam
2267 5052 2643 5124 subjicimus,
2679 5053 2835 5110 unde
2882 5053 3129 5110 existere
3177 5053 3327 5110 solet
3370 5055 3680 5110 nominum
3728 5054 3912 5111 diffe-

481 5140 691 5196 rentia.

556 5230 640 5286 18.
672 5229 730 5284 Si
761 5245 895 5286 vero
951 5231 1119 5297 Deus,
1174 5245 1363 5301 neque
1411 5231 1552 5284 dum
1601 5233 1860 5300 generat,
1893 5229 1963 5284 de
1995 5245 2132 5300 pro-

479 5318 610 5391 pria
626 5336 735 5376 sua
751 5323 964 5375 natura
984 5319 1181 5391 genito
1196 5318 1517 5389 quidquam
1542 5317 1804 5390 impertit
1825 5317 2130 5373 hominum

484 5423 666 5477 more,
699 5409 997 5480 ingenitus
1027 5408 1184 5462 enim
1226 5411 1316 5462 est
1351 5423 1363 5460 :
1399 5421 1588 5477 neque
1629 5407 1771 5462 dum
1802 5410 1978 5474 creat,
2011 5422 2134 5462 ma-

699 5623 872 5697 Bas“:
909 5637 1041 5693 9⁸8⁸

560 5693 666 5762 (31)
699 5693 950 5750 Basilius
981 5709 1035 5763 p.
1062 5693 1341 5761 251,259.

2317 5231 2402 5286 18.
2436 5227 2498 5285 Ei
2532 5225 2590 5283 δὲ
2624 5229 2761 5301 μήτε
2787 5232 2983 5304 γεννῶν
3018 5229 3047 5284 ὁ
3079 5230 3208 5292 Θεὸς
3233 5236 3334 5299 τῆς
3394 5229 3597 5294 οἰκείας
3645 5227 3728 5302 τῷ
3771 5249 3906 5304 γεν-

2242 5315 2468 5390 νωμένῳ
2527 5315 2854 5391 μεταδίδωσι
2907 5317 3118 5393 φύσεως
3173 5319 3308 5374 κατὰ
3360 5318 3491 5382 τοὺς
3547 5319 3908 5394 ἀνθρώπους,

2245 5406 2534 5481 ἆγέννητος
2593 5408 2719 5483 γάρ’
2756 5405 2898 5481 μηδι
2953 5407 3147 5478 κτίζων
3207 5406 3345 5479 ὕλης
3397 5405 3665 5464 ἐπιδεῖταί
3720 5428 3914 5479 τινος,

2311 5623 2423 5695 (32)
2454 5623 2705 5682 Basilius
2735 5640 2864 5697 pag.
2893 5625 3020 5681 261.
