4120 6230
284 391 409 452 853
1352 391 1684 454 EUNOMII
1731 391 1964 451 LIBER
2006 391 2594 454 APOLOGETICUS
2613 436 2626 450 .
3579 390 3698 449 854

283 518 591 596 ἀπροσδεὴς
622 518 695 575 ὥν
727 522 818 576 καὶ
875 518 1122 584 δυνατός·
1184 518 1480 595 ἀλόγιστος
1528 522 1866 575 παντάπασιν
1898 524 1910 573 1‘

2075 523 2194 577 eria
2237 521 2478 594 indiget,
2516 526 2716 594 utpote
2767 521 2865 593 qui
2917 519 3078 575 nulla
3121 535 3183 574 re
3212 535 3362 590 opus
3409 518 3608 586 habet,
3639 525 3697 575 et

282 613 380 665 τοῦ
430 609 729 682 κτίσματος
782 609 1128 685 παραίτησις.
1164 611 1256 665 Ἐκ
1305 607 1372 679 δὴ
1431 609 1637 666 τούτων
1683 608 1773 664 καὶ
1827 613 1904 663 τῶ

2067 615 2255 666 )otens
2287 616 2375 667 est
2403 628 2416 667 :
2451 611 2688 667 omnino
2735 610 3022 665 rationem
3053 607 3277 664 nullam
3309 607 3509 674 habet,
3541 608 3694 679 quod

281 696 548 753 τοιούτων
580 695 966 770 δεικνυμένους
1005 695 1223 774 (ἐχρῆν)
1265 701 1402 771 μήτε
1433 698 1605 764 πάντη
1648 704 1766 758 τοῖς
1823 696 1908 751 ὀνό

2067 700 2256 756 "ilium
2289 705 2613 756 creaturam
2643 701 2755 755 dici
2791 699 3014 754 nolunt.
3050 702 3125 752 Ex
3152 698 3245 752 his
3277 712 3419 752 sane
3450 700 3507 752 et
3537 697 3694 767 ejus-

287 809 416 860 μασι
485 787 864 860 συνεξομοιοῦν
939 794 1222 862 πειρᾶσθαι
1293 789 1388 850 τὰς
1448 787 1740 860 σημασίας,
1797 789 1914 859 μήτι

2067 791 2204 844 nodi
2264 789 2393 846 aliis
2443 807 2575 845 cum
2622 789 3007 845 manifestum
3056 788 3153 857 sit,
3208 787 3326 842 imo
3377 786 3694 840 adversarii

287 876 392 947 μήν
426 873 832 948 παραλλάττειν
867 874 1362 951 παρηλλατμὲνωνο
1418 881 1534 938 ταῖς
1569 873 1625 930 δὲ
1653 880 1760 930 τῶν
1798 877 1900 930 ὑπο

2066 879 2262 935 ιουιονὶ
2287 880 2451 952 quasi
2477 880 2978 935 demonstratione
2997 879 3337 943 doceantur,
3363 892 3472 930 non
3503 874 3693 930 ubivis

276 963 540 1037 κειμὲνων
595 963 824 1026 ἐννοίαις
869 965 1262 1040 προσᾶχοντας,
1313 963 1628 1027 ἀκολούθως
1661 963 1903 1042 ἐφαρμότ

2065 968 2504 1040 ιὶεηίίὶοθιὶονιθε
2534 968 2725 1024 verbis
2774 983 2902 1023 esse
2933 967 3344 1037 coaaquandas,
3391 980 3579 1036 neque
3611 962 3692 1019 al-

273 1073 385 1108 τειν
416 1053 512 1115 τὰς
542 1053 937 1130 προσηγορίας,
969 1053 1084 1109 ἔπιῖ
1125 1051 1265 1127 μηδὲ
1293 1059 1414 1117 ταῖς
1454 1059 1660 1131 φαναῖς
1701 1052 1900 1131 πέφυκε

2067 1058 2356 1112 ernandas
2379 1073 2506 1113 esse
2529 1073 2620 1113 res
2641 1074 2750 1113 sua
2781 1061 2990 1112 natura
3009 1055 3344 1111 differentes
3371 1071 3384 1109 :
3410 1053 3691 1124 subjectis

275 1140 599 1206 ἀκολουθεῖν
659 1146 770 1197 τῶο
829 1141 1165 1219 πραγμάτων
1208 1145 1243 1212 ἡ
1300 1142 1476 1221 φύσις,
1523 1148 1639 1205 τοῖς
1691 1139 1748 1198 δὶ
1794 1141 1902 1218 πρά

2060 1151 2236 1202 intem
2257 1147 2432 1202 rebus
2449 1149 2719 1202 accurata
2737 1144 3203 1201 consideratione
3217 1143 3479 1200 adhibita
3497 1148 3687 1215 aptas,

273 1251 472 1304 γμασιν
501 1229 894 1310 ἐφαρμόζεσθαι
927 1233 1065 1286 κατὰ
1097 1232 1196 1300 τήν
1229 1231 1374 1302 ἀξίαν
1406 1233 1441 1302 ἠ
1481 1236 1588 1287 τῶν
1644 1231 1896 1304 ὀνομάτω

2057 1237 2450 1291 :onvenientes
2480 1239 2534 1290 et
2557 1235 2825 1308 proprias
2846 1233 3304 1308 significationes
3337 1245 3467 1287 esse
3499 1231 3684 1303 appli-

277 1315 530 1392 δύναμις.
564 1318 996 1393 Καταμὲμψαιτο
1049 1317 1095 1374 δ’
1144 1317 1203 1373 ἄν
1235 1341 1316 1382 τις
1349 1321 1459 1395 οὐχ
1486 1320 1654 1389 ἧττον
1685 1319 1774 1374 καὶ
1804 1318 1900 1374 τοὺ

2056 1325 2258 1380 :andas
2292 1341 2304 1378 :
2340 1324 2631 1397 siquidem
2685 1328 2897 1380 natura
2935 1340 3127 1379 rerum
3180 1339 3294 1378 non
3327 1320 3487 1392 ipsas
3519 1320 3683 1393 sequi

272 1406 517 1481 γέννημα
561 1408 655 1480 μὶν
695 1408 786 1462 καὶ
830 1407 1048 1480 ποίημα
1092 1408 1184 1463 τὸν
1230 1408 1352 1462 Υἱὸν
1385 1409 1514 1463 εἶναι
1549 1409 1899 1482 πειθομὲνους

2060 1431 2204 1471 νοοοε
2237 1413 2406 1484 solet,
2439 1414 2540 1469 sed
2574 1429 2810 1470 necesse
2831 1416 2921 1468 est
2952 1416 3014 1468 ut
3042 1428 3248 1468 vocum
3280 1409 3444 1466 valor
3476 1413 3610 1481 apte
3631 1412 3687 1464 et

273 1495 563 1571 ἀγὲννητόν
619 1516 676 1551 τε
727 1496 818 1551 καὶ
853 1497 1105 1551 ἄκτιστον
1163 1497 1254 1552 τὸν
1314 1498 1440 1553 Θεὸν
1492 1498 1900 1570 συντιθεμένους

2057 1503 2449 1560 :onvenienter
2478 1503 2654 1558 rebus
2705 1502 2964 1557 indatur.
3011 1499 3340 1572 Culpaverit
3377 1514 3518 1554 sane
3550 1497 3684 1569 quis

268 1588 340 1658 τῇ
373 1582 432 1640 δὲ
483 1589 591 1640 τῶν
654 1583 917 1662 δευτέρων
976 1587 1280 1660 προσθήκῃ,
1330 1586 1420 1640 καὶ
1466 1590 1535 1661 τῇ
1585 1589 1702 1642 κατ’
1746 1587 1895 1642 οὐσία

2055 1610 2152 1650 non
2184 1609 2393 1666 parum
2425 1592 2603 1647 etiam
2654 1607 2774 1661 eos,
2807 1591 2908 1662 qui
2960 1589 3197 1662 quidem
3230 1587 3440 1643 Filium
3474 1603 3682 1658 proge-

273 1671 563 1746 ὁμοιότητι
596 1679 716 1736 ταῖς
748 1669 1158 1748 προλαϐούσαις
1206 1672 1527 1750 ὁμολογίαις
1581 1675 1900 1750 ἐναντιουμὲι

2054 1684 2192 1740 iiem
2233 1687 2290 1738 et
2339 1682 2622 1738 facturam
2673 1695 2800 1735 esse
2850 1679 3116 1750 persuasi
3171 1680 3329 1746 sunt,
3384 1675 3681 1746 simulque

272 1781 416 1823 νους.
452 1763 564 1834 (33)
595 1760 701 1824 Οὕς
733 1760 926 1838 ἐχρῆν,
960 1761 1009 1817 εἲ
1035 1762 1130 1836 μὲν
1178 1783 1263 1825 τις
1314 1764 1380 1832 ἦν
1435 1763 1618 1827 αὐτοῖς
1666 1763 1895 1836 ἀληθεία

2058 1771 2358 1844 ngenitum
2391 1775 2448 1826 et
2477 1771 2802 1825 increatum
2833 1768 3016 1823 Deum
3043 1758 3323 1833 fatentur;
3349 1780 3550 1820 verum
3585 1779 3685 1835 po-

273 1849 529 1957 φροντὶς,κ
545 1849 1023 1926 παρηλλαγμένων
1054 1855 1162 1906 τῶν
1190 1851 1494 1926 ὀνομάτων,
1526 1851 1900 1928 παρηλλαγμὲ

2052 1860 2348 1917 steriorum
2379 1861 2771 1915 assertionum
2821 1857 3153 1913 accessione
3197 1858 3254 1911 et
3282 1853 3679 1925 exaequatione

271 1961 364 2002 νας
395 1939 694 2014 ὁμολογεῖν
739 1940 832 1995 καὶ
879 1941 974 2002 τὰς
1033 1939 1236 2002 οὐσίας.
1294 1943 1364 1996 ἸΙ
1411 1942 1513 2016 γὰρ
1546 1942 1604 1996 ἄν
1667 1940 1808 1998 οὕτω
1832 1964 1898 1997 κα

2045 1951 2133 2007 .lla
2164 1967 2339 2022 quam
2374 1949 2594 2005 faciunt
2613 1947 2838 2004 ratione
2867 1946 3156 2013 essentize,
3184 1945 3342 2001 hisce
3364 1942 3488 2000 suis
3521 1942 3672 2015 prio-

275 2027 454 2100 μόνως
481 2029 580 2098 τὴν
614 2025 824 2083 δικαίαν
858 2028 1157 2106 ἰφύλαττον
1215 2029 1384 2102 τάξιν,
1447 2030 1668 2102 ἑκατέρᾳ
1715 2030 1902 2087 τούτωε

2048 2041 2197 2096 ‘ibus
2254 2038 2726 2096 confessionibus
2785 2035 3214 2092 contradicunt.
3270 2036 3426 2100 Quos
3473 2032 3675 2102 utique

267 2119 368 2187 τήν
401 2117 779 2193 προσήκουσαν
837 2115 1184 2181 ἀποδιδόντες
1236 2117 1551 2195 ὁμολογίαν.
1611 2119 1674 2176 Et
1727 2117 1784 2174 δὲ
1845 2142 1894 2192 μέ

2046 2131 2281 2200 ieceret,
2329 2129 2378 2184 si
2428 2145 2546 2200 qua
2593 2125 2852 2183 veritatis
2900 2141 3042 2181 cura
3090 2126 3484 2189 moverentur,
3539 2135 3673 2175 cum

267 2207 467 2279 ταύτης
495 2207 781 2264 ποιοῦνταί
834 2229 957 2264 τινα
988 2207 1174 2283 λόγον,
1222 2215 1321 2278 τῆς
1350 2213 1481 2284 γοῦν
1514 2208 1654 2271 ἰδίας
1687 2206 1894 2264 ἐπινοία

2050 2219 2260 2274 liversa
2281 2218 2402 2274 sint
2433 2217 2692 2286 nomina,
2726 2216 2987 2270 diversas
3016 2213 3194 2268 etiam
3226 2209 3514 2267 essentias
3545 2225 3677 2264 con-

266 2296 495 2375 φυλάξαι
543 2299 643 2366 τὴν
691 2297 1032 2363 ἀκολουθίαν,
1086 2298 1179 2353 καὶ
1225 2300 1300 2371 μὴ
1332 2305 1433 2368 τῆς
1486 2299 1653 2368 αὐτῆς
1711 2299 1890 2374 φύσεω

2045 2305 2208 2362 iteri.
2246 2304 2392 2359 Nam
2425 2302 2510 2358 vel
2543 2303 2652 2359 hac
2683 2306 2740 2358 et
2769 2301 3008 2373 quidem
3040 2298 3165 2356 sola
3195 2297 3418 2353 ratione
3447 2297 3672 2367 iustum

265 2391 752 2462 παραχωροῦντας,
781 2385 1106 2461 ἀλλοτριοῦν
1165 2394 1266 2457 τῆς
1325 2387 1674 2463 ἁρμοζούσης
1730 2388 1892 2463 ὄνομα

2048 2397 2328 2449 servarent
2357 2391 2644 2460 ordinem,
2678 2394 2735 2447 et
2772 2390 2856 2445 sic
2888 2388 3080 2461 quoad
3113 2391 3433 2458 utrumque
3463 2384 3675 2441 borum

268 2473 406 2537 σίας⁶
466 2471 929 2549 ἀποδεδειγμένου
960 2473 1050 2530 διὰ
1097 2479 1312 2531 πάντων
1361 2478 1496 2549 ἡμῖν
1545 2480 1652 2531 τῶν
1708 2492 1890 2554 προΛα

2048 2483 2467 2538 :onvenientem
2486 2481 2724 2537 ederent
2744 2478 3195 2536 confessionem.
3217 2475 3277 2531 Si
3293 2491 3429 2531 vero
3453 2473 3675 2529 nullam

267 2559 474 2619 δόντων
506 2563 680 2620 αὐτῶν
715 2564 844 2620 εἶναι
875 2569 982 2620 τῶν
1007 2564 1205 2620 οὐσιῶν
1245 2565 1578 2638 σημαντικὰς
1603 2565 1698 2629 τὰς
1753 2588 1894 2644 προσ

2048 2588 2271 2627 )rorsus
2303 2570 2566 2628 veritatis
2613 2569 2870 2625 habeant
2919 2566 3229 2634 rationem,
3263 2563 3470 2620 saltem
3521 2561 3675 2634 prio-

271 2653 520 2730 ηγορίαςο
2027 2677 2158 2717 rum
2212 2664 2676 2717 commentorum
2736 2655 3219 2729 consequentiam
3278 2653 3675 2718 observarent,

267 2768 456 2824 neque
487 2753 810 2809 recedendo
843 2753 916 2808 ab
948 2770 1067 2809 una
1099 2753 1418 2825 eademque
1452 2757 1660 2810 natura
1689 2755 2110 2828 appellationes
2141 2773 2174 2814 a
2204 2755 2611 2814 convenientia
2639 2755 2873 2830 propria
2897 2755 3253 2827 [alienat-ent,
3287 2767 3419 2808 cum
3451 2748 3671 2822 passim

264 2841 324 2896 in
357 2842 820 2914 praecedentibus
853 2858 886 2896 a
917 2841 1088 2898 nobis
1117 2841 1195 2897 sit
1225 2843 1714 2912 demonstratum,
1747 2861 1915 2902 voces
1948 2862 2078 2903 esse
2106 2847 2494 2904 essentiarum
2524 2845 2962 2919 signiﬁcativas.
3715 2858 3746 2879 σ-

346 2969 431 3023 19.
459 2963 622 3021 Εἴποι
652 2963 698 3022 δ’
742 2962 802 3022 ἄν
834 2987 916 3029 τις
965 2964 1096 3030 ἴσως
1130 2967 1266 3043 πρὸς
1293 2967 1608 3042 ἀντιλογίαν
1640 2968 1917 3043 ἠκονημᾶ-

2100 2975 2184 3030 19.
2220 2974 2435 3030 Dixerit
2465 2977 2665 3029 autem
2697 2973 2944 3028 fortasse
2993 2969 3129 3041 quis
3161 2968 3234 3023 ad
3265 2963 3670 3022 contradicen-

270 3075 385 3125 νος,
416 3055 489 3116 ὡς
538 3055 686 3128 εἴπερ
748 3053 829 3111 δεῖ
881 3061 999 3120 τοῖς
1057 3055 1283 3129 ὀνόμασι
1337 3056 1625 3133 προσέχειν
1677 3057 1767 3112 καὶ
1826 3055 1897 3114 διὲ

2042 3063 2162 3118 lum
2195 3064 2537 3131 instructus,
2569 3079 2636 3117 ac
2651 3060 2830 3116 veluti
2847 3064 2975 3116 cote
2990 3063 3200 3114 acutus
3219 3052 3669 3123 redditus,quod

265 3142 472 3198 τούτων
506 3145 866 3220 προσάγεσθαι
897 3146 1015 3206 ταὶς
1068 3149 1176 3200 τῶν
1232 3146 1600 3218 ὑποκειμένων
1657 3145 1890 3210 ἐννοίαις

2043 3152 2080 3207 si
2111 3151 2310 3207 habita
2338 3153 2564 3207 ratione
2615 3151 2917 3206 nominum
2950 3149 3009 3202 in
3041 3161 3236 3202 rerum
3268 3143 3670 3213 subjectarum

267 3232 399 3296 καθὸ
447 3234 540 3305 μὶν
594 3231 882 3307 ἀγέννητον
928 3233 1019 3288 καὶ
1065 3235 1320 3308 γεννητὸν
1374 3233 1767 3311 παρηλλάχθαι
1814 3257 1894 3314 φα·

2046 3241 2551 3296 :onsiderationem
2575 3245 2662 3294 est
2683 3239 2967 3303 eundum,
2992 3239 3287 3307 quatenus
3309 3231 3548 3304 quidem
3581 3228 3673 3282 in-

271 3321 388 3394 μὶν,
419 3321 551 3385 καθὸ
583 3319 640 3376 δὶ
670 3325 784 3399 φῶς
816 3321 902 3376 καὶ
934 3327 1072 3397 φῶς,
1101 3325 1215 3394 ζωή
1264 3343 1320 3377 τε
1362 3324 1451 3377 καὶ
1498 3325 1634 3395 ζωὴ,
1689 3322 1898 3398 δύναμι‹

2044 3329 2290 3401 genitum
2309 3335 2366 3384 et
2383 3329 2649 3400 genitum
2668 3327 2898 3381 differre
2914 3324 3196 3380 dicimus:
3212 3330 3503 3392 quatenus
3520 3315 3671 3373 698

265 3411 352 3465 καὶ
389 3407 640 3484 δύναμις,
673 3409 925 3466 ἑοικέναι.
983 3411 1126 3486 Πρὸς
1177 3411 1233 3467 ὅν
1287 3433 1482 3488 φαμεν,
1534 3412 1596 3468 ού
1650 3413 1892 3488 βακτηρί‹

2044 3434 2159 3473 rero
2192 3417 2389 3473 lumen
2421 3423 2478 3472 et
2506 3417 2727 3482 lumen,
2762 3415 2881 3470 vita
2928 3419 2986 3468 et
3015 3413 3152 3480 vita,
3185 3409 3446 3482 potentia
3486 3413 3544 3462 et
3574 3422 3671 3476 po-

267 3501 554 3576 χρώμενοι
607 3499 741 3574 πρὸς
799 3501 898 3570 τὴν
954 3500 1221 3575 ἐρώτησιν
1266 3501 1374 3556 ἀντ’
1403 3501 1740 3578 ἀποκρίσεως
1783 3524 1894 3558 κατε

2046 3506 2232 3576 entia,
2263 3523 2374 3562 non
2405 3505 2656 3571 differre,
2691 3507 2792 3559 sed
2825 3502 3088 3573 ejusdem
3125 3515 3254 3556 esse
3285 3497 3547 3553 rationis.
3572 3495 3673 3548 Cui

264 3590 356 3644 τὸν
390 3590 674 3663 Διογίνους
733 3587 1038 3660 ἐπαινέτηνο
1071 3588 1217 3644 πολὺ
1264 3591 1366 3665 γὰρ
1421 3591 1682 3664 κυνισμὸς
1736 3594 1888 3668 κεχώ

2044 3596 2477 3666 'espondemus,
2525 3610 2636 3648 non
2669 3593 2878 3651 baculo
2910 3596 3141 3646 utentes
3182 3590 3251 3644 ad
3285 3584 3671 3658 quaestionem

270 3698 447 3753 ρισται
529 3679 975 3754 Χριστιανισμοῦ·
1058 3678 1150 3734 τὸν
1229 3676 1287 3733 δὲ
1378 3681 1640 3756 μακάριον
1698 3680 1897 3738 Ηαῦλοε

2049 3700 2152 3738 oco
2183 3682 2606 3754 responsionis,
2645 3682 2702 3737 id
2738 3682 2893 3753 quod
2938 3682 3012 3736 de
3059 3679 3314 3749 Diogene
3343 3676 3518 3731 refert
3545 3674 3672 3744 ejus

272 3765 636 3837 ίζηλωκότες,
669 3767 728 3830 ὅς
789 3787 924 3842 φησι
976 3765 1084 3823 δεῖν
1119 3767 1169 3823 ἐν
1201 3766 1389 3839 πολλῇ
1417 3767 1764 3844 μακροθυμίᾳ
1792 3791 1899 3823 παιι

2048 3773 2314 3837 audator,
2346 3772 2648 3843 cynismus
2669 3771 2825 3826 enim
2853 3768 3105 3824 multum
3128 3766 3322 3821 differt
3338 3782 3372 3819 a
3391 3761 3672 3818 Christia-

274 3853 444 3912 δεύειν
475 3857 600 3919 τοὺς
631 3854 1179 3929 ἁντιδιατιθεμίνους,
1209 3857 1293 3914 ὅτι
1321 3860 1382 3914 τὸ
1427 3859 1520 3931 μὶν
1566 3857 1706 3913 ἐστιν
1762 3859 1901 3932 ἁγὲν·

2047 3863 2218 3915 iismo
2251 3877 2264 3915 :
2299 3861 2401 3914 sed
2433 3865 2701 3915 sanctum
2750 3858 2999 3913 Paulum
3030 3856 3357 3918 imitantes,
3402 3849 3502 3922 qui
3533 3849 3674 3904 dicit

272 3967 434 4016 νητον
467 3950 602 4021 φῶς,
633 3947 696 4000 τὸ
727 3945 785 4002 δὲ
814 3947 1094 4021 γεννητόν.
1127 3947 1360 4020 Πότερον
1393 3945 1534 4002 ἄλλο
1578 3968 1631 4002 τι
1664 3947 1897 4020 σημαίνε

2051 3947 2467 4021 onganimitate
2497 3946 2862 4002 adversarios
2905 3959 3034 4000 esse
3062 3941 3417 3998 erudiendos
3436 3939 3501 3995 ⁸⁸.
3534 3939 3671 3992 Bes-

269 4035 333 4090 τὸ
386 4039 503 4111 φῶς
550 4035 632 4090 ἐπ’
683 4036 973 4110 ἁγεννήτου
1029 4033 1322 4112 λεγόμενον
1375 4037 1521 4110 παρᾶ
1547 4036 1610 4091 τὸ
1640 4035 1896 4110 γεννητὸν

2044 4034 2833 4110 pondemus,inquam,quod
2863 4031 3128 4104 quaedam
3158 4029 3257 4084 lux
3278 4033 3369 4083 est
3389 4027 3671 4098 ingenita,

271 4123 307 4193 ἢ
337 4125 528 4179 ταυτὸν
583 4124 871 4199 ἒκάτερονς
909 4123 971 4180 Et
1033 4124 1126 4196 μὶν
1181 4123 1286 4200 γὰρ
1341 4121 1522 4200 ἕτερόν
1579 4145 1630 4178 τι
1671 4123 1760 4178 καὶ
1807 4120 1893 4178 ire

2044 4127 2295 4200 quasdam
2311 4141 2449 4181 vero
2468 4123 2685 4197 genita.
2707 4122 2909 4178 Utrum
2924 4136 3056 4176 vero
3073 4119 3366 4174 diversum
3384 4132 3488 4171 seu
3511 4114 3671 4172 aliud

273 4233 388 4287 ρον,
440 4209 699 4282 εὔδηλον,
747 4211 832 4267 ὅτι
880 4211 970 4266 καὶ
1014 4211 1257 4267 σύνθετον
1305 4213 1368 4267 τὸ
1398 4213 1450 4282 ἐξ
1476 4213 1657 4288 ἑτέρου
1687 4211 1774 4266 καὶ
1808 4212 1900 4266 trs

2048 4217 2172 4289 {uid
2204 4215 2302 4271 lux
2334 4214 2628 4286 signiﬁcat
2655 4227 2792 4267 cum
2824 4211 2894 4266 de
2923 4209 3208 4280 ingenita,
3231 4221 3408 4277 quam
3437 4221 3570 4260 cum
3605 4204 3675 4260 de

273 4321 371 4371 pou
418 4300 794 4374 συγκείμενον.
839 4302 918 4358 Τὸ
963 4298 1020 4356 δὲ
1069 4299 1316 4356 σύνθετον
1371 4299 1468 4354 οὐκ
1511 4301 1822 4376 ἀγέννητον.
1857 4303 1896 4357 Ε

2050 4305 2228 4379 genita
2257 4310 2468 4360 natura
2484 4299 2928 4374 usurpatur,vel
2946 4315 3019 4354 an
3051 4313 3233 4353 unum
3256 4300 3316 4352 et
3338 4295 3491 4351 idem
3514 4297 3677 4349 notat

275 4387 334 4444 δὶ
361 4390 579 4458 ταυτὸν,
624 4388 749 4444 ὅσον
779 4388 1166 4464 παρήλλακται
1223 4391 1285 4445 τὸ
1331 4389 1620 4464 ἀγὲννητον
1679 4389 1814 4464 πρὸς
1861 4389 1902 4442 τὲ

2048 4393 2387 4466 Jtrobique?
2418 4391 2671 4459 Etenim,
2702 4391 2751 4446 si
2783 4389 3018 4461 quidem
3057 4387 3356 4442 diversum
3388 4383 3528 4456 quid
3561 4383 3675 4454 hic,

272 4477 532 4553 γεννητὸν
565 4480 730 4552 (33⁹),
758 4483 1015 4534 τοσοῦτον
1059 4475 1460 4554 παρηλλάχθαι
1487 4475 1568 4534 δεῖ
1595 4478 1684 4533 καὶ
1714 4480 1776 4534 τὸ
1807 4483 1899 4557 φῶς

2050 4489 2088 4540 ιι
2117 4483 2414 4539 diversum
2458 4481 2578 4537 illic
2625 4479 2937 4550 signiﬁcat,
2971 4475 3353 4532 manifestum
3400 4473 3538 4528 inde
3567 4479 3677 4541 est,

273 4567 413 4642 πρὸς
440 4566 505 4620 τὸ
535 4571 674 4645 φῶς,
706 4569 793 4622 καὶ
826 4569 926 4636 τήν
961 4569 1105 4636 ζωὴν
1137 4568 1273 4644 πρὸς
1319 4569 1418 4637 τὴν
1466 4569 1634 4639 ζωὴν,
1684 4569 1776 4623 καὶ
1822 4569 1900 4636 τήε

2054 4572 2190 4643 ιιιοᾰ
2221 4571 2398 4628 etiam
2431 4569 2825 4641 compositum
2869 4565 3011 4637 quid
3041 4565 3138 4629 sit,
3171 4579 3241 4618 ex
3271 4561 3384 4618 alio
3413 4561 3681 4618 videlicet

277 4652 510 4727 δύναμιν
568 4655 706 4731 πρὸς
761 4657 860 4726 τήν
913 4653 1165 4730 δύναμιν.
1197 4658 1258 4715 Ὁ
1286 4657 1388 4732 γὰρ
1417 4651 1784 4719 αὐτὸςκανὼν
1835 4678 1904 4711 κα

2049 4667 2090 4716 at
2119 4659 2233 4716 alio
2261 4663 2562 4715 constans.
2591 4657 2754 4721 Quod
2787 4659 2983 4710 autem
3018 4651 3411 4724 compositum
3443 4653 3554 4716 est,
3583 4649 3676 4705 in-

275 4743 481 4820 τρόπος
507 4745 644 4820 πρὸς
691 4744 792 4814 τὴν
839 4745 1088 4801 ἁπάντων
1118 4751 1225 4800 τῶν
1265 4745 1527 4801 τοιούτων
1561 4743 1830 4804 διάλυσιν.
1863 4752 1902 4801 Ε

2048 4749 2299 4820 genitum
2327 4763 2458 4803 esse
2487 4762 2602 4802 non
2651 4748 2863 4817 potest.
2895 4742 2992 4798 Sin
3023 4757 3156 4796 vero
3205 4755 3390 4796 unum
3434 4743 3493 4794 et
3523 4736 3675 4794 idem

275 4832 462 4888 τοίνυν
534 4839 637 4888 πᾶν
693 4829 823 4908 ὅπερ
883 4831 1093 4909 λέγεται
1155 4839 1253 4901 τῆς
1321 4839 1417 4890 τοῦ
1477 4836 1684 4911 Πατρὸς
1741 4834 1902 4890 ούσίαη

2054 4835 2349 4908 itrobique
2379 4839 2562 4906 notat,
2594 4838 2881 4907 quantum
2925 4830 3119 4886 diﬂ'ert
3155 4829 3484 4901 ingenitum
3517 4843 3551 4882 a
3580 4842 3681 4898 ge-

279 4921 643 4994 σημαντικὸν,
677 4920 790 4978 ἴσον
819 4923 930 4979 ἰστὶ
955 4924 1091 4979 κατᾶ
1117 4925 1218 4993 τήν
1248 4931 1349 4994 τῆς
1394 4923 1668 4997 σημασίας
1699 4922 1906 4996 δύναμι·

2055 4926 2182 4992 iito,
2203 4930 2436 4982 tantum
2454 4924 2635 4981 etiam
2663 4922 2894 4978 differre
2913 4917 3354 4992 oportetlumen
3376 4915 3682 4981 alumine,

277 5014 360 5082 τῷ
387 5013 502 5085 (34)
554 5012 831 5087 ἁγεννήτῳ
862 5010 951 5068 διὰ
976 5013 1040 5068 τὸ
1099 5014 1294 5088 ἀμερὲς
1323 5014 1412 5068 καὶ
1443 5013 1752 5083 ἀσύνθετον,
1795 5034 1904 5068 κατε

2051 5021 2094 5071 at
2121 5015 2297 5070 vitam
2329 5032 2364 5070 a
2390 5014 2532 5080 vita,
2555 5017 2612 5068 et
2634 5011 2953 5084 potentiam
2979 5027 3012 5064 a
3031 5008 3312 5081 potentia.
3341 5007 3500 5063 Unus
3524 5005 3678 5061 enim

281 5096 344 5154 δὶ
371 5100 462 5154 τὸν
496 5101 657 5156 αὐτὸν
691 5099 854 5176 λόγον
880 5103 1012 5159 κὰπὶ
1048 5105 1146 5158 τοῦ
1199 5101 1544 5179 Μονογενοῦς
1597 5103 1755 5159 αὐτὸν
1815 5106 1908 5176 (35

2055 5108 2096 5160 η
2124 5105 2278 5159 idem
2309 5103 2402 5159 hic
2423 5119 2610 5158 canon
2633 5117 2699 5156 ac
2722 5099 2932 5155 modus
2955 5097 3023 5153 ad
3048 5096 3400 5152 solutionem
3421 5092 3682 5148 omnium

277 5191 362 5260 τῷ
390 5190 711 5263 γεννήματι.
752 5189 1157 5268 Παρηλλάχθαι
1186 5188 1246 5250 δὶ
1297 5178 1464 5249 ταῦτά
1505 5212 1631 5271 φασι
1687 5193 1778 5248 καὶ
1835 5191 1899 5248 αὗ

2059 5190 2739 5264 :jusmodiobjectionum
2757 5187 3020 5245 adhiberi
3033 5183 3306 5258 potest.si
3328 5183 3508 5254 igitur
3523 5178 3686 5252 quid-

356 5386 402 5423 ⁸·
439 5389 488 5445 11
521 5387 674 5446 Tim.
705 5405 770 5462 ιι,
797 5391 890 5447 25.

362 5566 471 5637 '33)
505 5567 680 5625 Basil.
713 5585 772 5642 p.
797 5570 925 5627 261.

355 5584 499 5710 ί33⁹)
532 5639 787 5698 Duilius
831 5657 963 5710 pag.
993 5642 1122 5710 262,
1151 5641 1215 5698 τὸ
1243 5641 1493 5710 γεννητὸν
1525 5643 1660 5710 πρὸς
1687 5643 1750 5700 τὸ
1779 5647 1934 5710 άγὲν-

2114 5575 2229 5646 (34)
2260 5577 2374 5646 Τῷ.
2409 5575 2582 5641 Editi,
2613 5573 2695 5629 τό.
2728 5573 2884 5628 Enrr.

1257 5641 1493 5710 γεννητὸν
1525 5643 1660 5710 πρὸς
1687 5643 1750 5700 τὸ
1779 5647 1934 5710 άγὲν-
2117 5648 2226 5710 (35)
2256 5644 2452 5702 Αὐτόν.
2484 5651 2670 5710 Forte,
2693 5643 2883 5699 ταυτόν

359 5637 499 5712 (33')
532 5637 787 5698 Builius
831 5657 963 5714 pag.
993 5642 1122 5715 262,
1151 5641 1215 5698 τὸ
1243 5641 1493 5717 γεννητὸν
1525 5643 1660 5719 πρὸς
1687 5643 1750 5700 τὸ
1779 5647 1934 5722 άγὲν-
2256 5637 2452 5702 nam.
2484 5637 2670 5712 Forte,
2693 5643 2906 5699 ταυτόν.
2939 5640 3038 5696 Eu.

285 5726 474 5782 νητον,
505 5711 710 5770 eodem
739 5729 940 5770 sensu.
