4112 6224
442 355 560 416 855

1379 341 1774 404 APPENDIX
1820 338 2145 401 OPERUM
2193 338 2256 399 S.
2304 335 2591 397 BASILII
2641 333 2914 395 MAGNI.

3723 335 3825 394 856

439 487 582 558 quid
613 480 1070 556 significativum
1100 483 1188 534 est
1209 475 1476 533 essentia:
1509 473 1720 542 Patris,
1745 471 1968 544 aequale
1999 474 2092 525 est

2219 464 2410 526 τοί.Τίς
2442 461 2519 520 ἔτι
2552 465 2904 539 συγχωρήσει
2937 463 3099 540 λόγον
3129 463 3230 531 τὴν
3260 469 3360 531 τῆς
3391 460 3568 522 οὐσίας
3593 462 3826 534 ὁμοιότη⁹

437 549 491 630 vi
525 549 981 646 significationis
1031 571 1108 638 τῷ
1138 564 1419 638 ingenito,
1453 567 1758 634 propterea
1810 560 1964 633 quod
1997 559 2094 613 hic

2219 575 2270 610 ra
2299 551 2681 629 προσάγειν,ἢ
2744 573 2851 607 τινι
2902 553 2999 622 τὴν
3052 552 3330 628 ὑπεροχὴν
3389 549 3523 604 κατὰ
3561 550 3618 604 τὸ
3667 555 3824 622 μεῖζον

439 637 696 736 ραι-ιῖυηι
729 637 1290 730 autcompositionis
1307 658 1397 709 est
1415 653 1559 707 nihil
1591 670 1602 708 :
1637 652 1839 707 eadem
1863 665 2097 721 quoque

2219 643 2509 718 Βρίσασθαι,
2557 643 2754 706 παντὸς
2814 641 2907 714 μέν
2961 638 3148 717 ὄγκου,
3181 641 3382 702 παντὸς
3424 637 3481 693 δὲ
3510 639 3723 714 χρόνου,
3750 639 3825 692 καὶ

443 728 668 807 ratione
717 751 788 804 de
836 728 1145 816 Unigenito
1196 742 1508 799 dicendum
1559 744 1669 808 est,
1718 739 1868 810 quod
1921 744 1976 792 et
2018 735 2100 792 ibi

2219 737 2312 788 τῶν
2344 730 2607 787 τοιούτων
2637 731 3011 806 ἐξῃρημένων,
3061 728 3241 800 ἁπλῆς
3281 750 3340 784 τε
3363 728 3451 783 καὶ
3488 729 3654 802 μόνης
3685 729 3828 798 οὔσης

447 839 670 913 aequale
699 843 789 894 est
816 840 896 906 τῷ
937 834 1150 907 genito.
1189 837 1264 888 At
1294 830 1409 903 ipsi
1461 846 1693 902 quoque
1721 828 1843 883 haec
1873 826 2104 882 differre

2219 843 2268 877 τε
2292 828 2390 890 τῆς
2421 820 2604 882 οὐσίας
2635 821 2721 875 καὶ
2755 820 3092 893 νοουμένης;

451 907 676 986 dicunt.
711 926 874 991 Quis,
907 939 1126 995 quaeso,
1159 919 1414 992 amplius
1446 917 1724 974 concedet
1773 930 2105 971 sermonem
2137 912 2401 969 essentias
2443 911 2838 983 aequalitatem
2885 912 3193 977 adducere,
3224 914 3328 964 aut
3357 908 3450 965 cui
3488 907 3737 981 aliquam
3765 908 3835 962 ita

450 1013 958 1090 preeminentiam
991 1014 1271 1080 statuere,
1305 1009 1458 1080 quod
1509 1006 1655 1063 alter
1703 1005 1884 1061 altero
1933 1003 2010 1060 sit
2040 1003 2230 1074 major
2273 1001 2430 1057 omni
2475 1000 2714 1072 quidem
2765 997 2934 1071 mole,
2966 997 3127 1053 omni
3175 1013 3309 1054 vero
3340 999 3602 1068 tempore
3630 999 3686 1050 et
3723 994 3835 1050 aliis

457 1085 751 1180 ejusmodi
785 1103 959 1158 rebus
991 1099 1256 1170 remotis,
1288 1111 1684 1168 concessoque
1717 1095 1868 1166 quod
1900 1092 2152 1165 simplex
2179 1095 2237 1146 et
2269 1108 2386 1146 una
2415 1089 2492 1146 sit
2519 1093 2576 1146 et
2605 1087 2853 1161 intelligi
2883 1085 3137 1145 debeat?

519 1249 611 1302 20.
643 1245 934 1300 Videntur
963 1258 1095 1298 vero
1140 1240 1308 1296 nobis
1341 1239 1582 1294 omnino
1628 1236 1714 1292 illi
1747 1236 1846 1307 qui
1879 1233 2105 1290 nullius

450 1335 711 1393 dominio
745 1332 1045 1388 subditam
1072 1334 1129 1386 et
1157 1329 1314 1386 omni
1339 1344 1518 1383 causa
1548 1325 1934 1398 superiorem,
1954 1327 2010 1378 et
2031 1323 2105 1377 ab

454 1423 731 1480 omnibus
759 1421 994 1493 legibus
1014 1419 1261 1474 liberam
1292 1416 1612 1472 essentiam
1645 1418 1867 1468 natura
1898 1411 2107 1482 genitae

454 1518 510 1568 et
541 1511 802 1584 paternis
831 1509 1062 1581 legibus
1094 1507 1365 1562 servienti
1414 1519 1756 1575 comparare
1790 1502 1918 1557 ausi
1945 1505 2104 1566 sunt,

454 1617 644 1672 neque
673 1599 792 1654 ullo
814 1597 985 1669 plane
1007 1597 1182 1651 modo
1205 1593 1606 1650 universilatis
1627 1607 1821 1646 rerum
1843 1590 2109 1645 conside-

455 1705 618 1744 rasse
648 1692 944 1752 naturam,
965 1689 1067 1740 aut
1084 1685 1133 1739 si
1157 1683 1393 1754 quando
1416 1681 1524 1736 hoc
1555 1680 1797 1747 faciunt,
1822 1695 1936 1733 non
1963 1694 2111 1749 pura

458 1781 656 1833 mente
685 1777 757 1830 de
773 1775 932 1830 hisce
954 1775 1131 1828 rebus
1158 1773 1306 1827 ferre
1329 1769 1571 1840 judicia.
1596 1768 1820 1823 Etenim
1848 1783 1982 1821 cum
2005 1782 2110 1820 no-

2282 1233 2370 1287 20.
2399 1231 2506 1299 Τὴν
2539 1229 2717 1304 ἀρχὴν
2751 1226 2809 1284 δὲ
2839 1226 3059 1284 δοκοῦσί
3093 1247 3186 1300 μοι
3219 1228 3270 1281 οἱ
3302 1226 3400 1294 τὴν
3445 1223 3729 1281 ἀδέσποτον
3758 1225 3833 1278 καὶ

2213 1318 2390 1388 πάσης
2434 1320 2527 1391 μὲν
2579 1318 2759 1380 αίτίας
2804 1317 3104 1393 κρείττονα,
3142 1317 3360 1371 πάντων
3393 1312 3451 1370 δὲ
3471 1314 3658 1387 νόμων
3703 1313 3837 1369 έλευ-

2217 1407 2370 1484 θέραν
2423 1406 2629 1474 οὐσίαν,
2682 1410 2750 1479 τῇ
2799 1409 3030 1482 γεννητῇ
3070 1405 3159 1459 καὶ
3186 1405 3382 1476 νόμοις
3412 1408 3694 1478 πατρικοῖς
3729 1400 3838 1456 800-

2217 1495 2450 1568 λευούσῃ
2496 1501 2778 1570 συγκρῖναι
2983 1496 3386 1567 τολμήσαντες,
3419 1492 3456 1562 ἢ
3521 1489 3662 1566 μηδὶ
3711 1490 3839 1552 ὅλως

2214 1587 2313 1654 τήν
2362 1590 2468 1640 τῶν
2516 1583 2663 1640 ὅλων
2707 1585 2863 1659 φύσιν
2916 1583 3255 1660 ἐπεσκέφθαι,
3309 1582 3344 1652 ἢ
3401 1585 3476 1656 μή
3535 1587 3737 1655 καθαρᾷ
3779 1585 3838 1654 τῇ

2219 1673 2430 1746 διανοίᾳ
2455 1675 2551 1736 τὰς
2579 1674 2702 1748 περὶ
2749 1673 2956 1729 τούτων
3002 1679 3273 1736 ποιεῖσθαι
3321 1672 3548 1746 κρίσεις.
3582 1676 3726 1726 Δυεῖν
3753 1671 3840 1746 γὰρ

2217 1767 2354 1837 ἡμῖν
2406 1764 2762 1836 τετμημένων
2814 1760 2952 1818 ὁδῶν
3011 1763 3146 1836 πρὸς
3199 1763 3296 1831 τὴν
3353 1764 3462 1816 τῶν
3516 1761 3841 1833 ζητουμένων

461 1867 553 1922 bis
586 1866 714 1920 dum
747 1867 887 1918 sunt
916 1861 1203 1916 distinctae
1227 1859 1328 1913 vim
1349 1859 1420 1914 ad
1443 1872 1644 1912 earum
1671 1871 1865 1912 rerum
1894 1855 1966 1910 de
1985 1853 2107 1924 qui-

2222 1853 2462 1928 εὕρεσιν,
2527 1858 2652 1927 μιᾶς
2703 1853 2818 1926 μὶν,
2867 1857 2986 1915 καθ’
3041 1853 3102 1920 ἣν
3149 1852 3243 1912 τὰς
3293 1850 3480 1914 οὐσίας
3535 1851 3698 1908 αὑτὰς
3743 1849 3845 1904 έπιο

466 1955 578 2008 bus
605 1948 1296 2022 quaeriturinventionem
1318 1947 1651 2014 excogitata:
1685 1961 1699 2000 :
1735 1961 1854 1999 una
1875 1943 2107 2014 quidem

2224 1941 2638 2014 σκοπούμενοι,
2703 1943 2925 2016 καθαρῷ
3003 1945 3084 2012 τῷ
3141 1939 3263 2015 περὶ
3321 1939 3495 1994 αὐτῶν
3556 1938 3708 2015 λόγῳ
3757 1940 3844 2007 τὴν

457 2043 631 2113 juxta
655 2055 831 2112 quam
851 2041 1011 2111 ipsas
1028 2037 1314 2094 essentias
1332 2035 1796 2098 consideramus,
1820 2038 1877 2087 et
1897 2033 1978 2086 ita
1998 2030 2116 2086 sin-

465 2147 596 2186 cera
625 2131 697 2184 de
725 2129 872 2200 ipsis
905 2129 1128 2184 ratione
1159 2124 1624 2195 unumquodque
1655 2124 1765 2177 sub
1801 2136 2109 2176 censuram

459 2223 724 2274 nostram
745 2232 1024 2272 vocamus
1045 2231 1057 2268 :
1082 2215 1264 2270 altera
1283 2221 1476 2268 autem
1507 2228 1636 2283 quae
1659 2211 1726 2265 fit
1747 2226 1848 2281 per
1868 2209 2113 2278 indaga-

454 2308 674 2363 tionem
708 2306 1140 2377 operationum,
1172 2319 1274 2358 seu
1325 2318 1458 2357 cum
1509 2315 1612 2372 per
1639 2299 2016 2371 Ioperationes
2048 2297 2114 2351 fit

454 2395 776 2468 indagatio,
795 2410 972 2466 quam
997 2410 1063 2448 ex
1084 2393 1368 2464 ipsisjam
1395 2390 1566 2446 factis
1587 2393 1643 2444 et
1664 2387 1949 2444 absolutis
1971 2403 2111 2458 ope-

456 2484 627 2538 ribus
657 2483 1077 2553 dijudicamus.
1128 2481 1384 2536 Tertiam
1434 2480 1588 2532 viam
1623 2493 1750 2548 qua:
1798 2481 2005 2531 neutra
2035 2475 2114 2529 sit

455 2573 692 2637 barum,
723 2576 935 2640 etquae
983 2575 1189 2640 praeter
1229 2571 1349 2636 jam
1400 2567 1589 2622 dictas
1618 2567 1794 2621 talem
1843 2565 2112 2620 essentias

455 2660 852 2732 aequalitatem
877 2656 1442 2728 monstret,reperire
1457 2659 1546 2710 est
1558 2652 1945 2725 impossibile.
1962 2653 2108 2707 Nam

456 2749 576 2806 sive
608 2750 740 2820 quis
765 2747 1194 2819 disquisitionis
1217 2744 1450 2800 initium
1481 2759 1688 2816 capere
1711 2742 1850 2798 velit
1874 2757 1944 2797 ex
1965 2741 2111 2812 ipsis

441 2837 752 2905 essentiis,
789 2837 888 2892 illa
920 2837 1158 2909 quidem
1191 2851 1318 2907 qua
1351 2835 1620 2906 superior
1657 2837 1766 2900 est,
1799 2848 1933 2886 cum
1964 2831 2109 2886 alte-

458 2929 579 2983 rius
611 2927 939 2983 dominium
970 2925 1057 2980 vel
1089 2925 1270 2979 ullam
1297 2922 1725 2994 generationem
1762 2921 2107 2992 neutiquam

455 3017 752 3085 admittat,
784 3021 842 3071 et
870 3014 1162 3086 ejusmodi
1196 3014 1373 3068 rebus
1405 3017 1656 3068 mentem
1690 3016 1950 3066 nostram
1974 3025 2106 3064 cum

453 3121 650 3161 amore
680 3103 942 3159 veritatis
973 3104 1342 3158 accedentem
1391 3101 1642 3168 erudiat,
1675 3115 1851 3170 quam
1885 3099 2103 3170 longis-

452 3193 602 3248 sime
627 3193 796 3263 jubet
844 3191 1122 3262 repellere
1173 3189 1298 3262 lege
1331 3193 1553 3244 natura;
1602 3187 1777 3242 talem
1828 3187 1899 3242 ad
1945 3186 2100 3241 aliud

449 3280 973 3352 comparationem,
1005 3279 1347 3350 {praebetque
1394 3277 1781 3344 occasionem,
1815 3281 1880 3329 ut
1925 3275 2102 3330 talem

2224 2032 2448 2086 ἑκάστου
2501 2030 2806 2102 ποιούμεθα
2857 2029 3050 2103 κρίσιν,
3114 2030 3335 2102 θατέρας
3394 2027 3450 2084 δέ
3505 2033 3608 2094 τῆς
3648 2026 3731 2084 διὰ
3751 2032 3847 2083 τῶν

2224 2118 2506 2194 ἐνεργειῶν
2557 2117 2884 2191 έξετάσεως,
2938 2119 3000 2187 ἢν
3066 2119 3125 2172 έκ
3180 2122 3288 2172 τῶν
3355 2115 3847 2192 δημιουργημάτων

2220 2207 2309 2261 καὶ
2353 2213 2460 2262 τῶν
2507 2207 2960 2280 ἀποτελεσμάτων
3004 2204 3372 2282 διακρίνομεν,
3423 2204 3704 2282 οὐδετέραν
3755 2209 3851 2259 τῶν

2221 2295 2528 2371 εἰρημένων
2587 2295 2760 2371 εὐρεῖν
2832 2293 3256 2374 έμφαινομένην,
3326 2295 3426 2364 τὴν
3502 2301 3608 2364 ἧς
3685 2294 3849 2355 οὐσίας

2222 2385 2524 2458 ὁμοιότητα
2553 2382 2798 2442 δυνατόν.
2832 2381 2960 2441 Εἷίτε
2997 2385 3102 2460 γὰρ
3147 2383 3206 2438 ἐκ
3255 2388 3364 2439 τῶν
3412 2381 3613 2438 οὐσιῶν
3651 2382 3849 2438 ποιοῖτό

2219 2493 2301 2534 τις
2329 2480 2428 2542 τῆς
2463 2472 2796 2547 ἐπισκέψεως
2823 2474 2921 2540 τὴν
2976 2473 3178 2548 ἀρχὴν,
3227 2475 3262 2542 ἠ
3323 2473 3418 2545 μὲν
3617 2472 3852 2540 ἀνωτέρω

2225 2559 2500 2636 βασιλείας
2550 2562 2642 2617 καὶ
2697 2563 2869 2632 πάντη
2923 2563 3224 2638 γεννήσεως
3279 2559 3628 2624 ἀνεπίδεκτος
3685 2559 3849 2626 οὖσα,

2217 2651 2432 2712 τούτοις
2479 2671 2536 2705 τε
2579 2647 2908 2706 παιδεύουσα
2961 2651 3060 2718 τὴν
3104 2651 3218 2722 μετ’
3263 2649 3471 2711 έννοίας
3539 2653 3852 2726 προσιοῦσαν

2221 2736 2482 2807 διάνοιαν,
2566 2739 2800 2793 ἀπωθεῖν
2879 2739 2955 2802 ὡς
3029 2738 3368 2814 πορρωτάτω
3441 2737 3852 2814 παρακελεύεται

2217 2828 2375 2901 νόμῳ
2433 2827 2642 2904 φύσεως
2691 2830 2804 2900 (38)
2851 2828 2951 2896 τήν
3001 2828 3136 2901 πρὸς
3171 2824 3353 2902 ἓτερον
3395 2826 3700 2903 σύγκρισιν,
3746 2824 3859 2881 ἀκόο

2219 2917 2420 2974 λουθον
2473 2917 2562 2972 καὶ
2638 2919 3014 2992 προσήκουσαν
3068 2921 3148 2988 τῷ
3203 2923 3303 2987 τῆς
3360 2915 3543 2980 οὐσίας
3603 2916 3854 2989 ἀξιώματι

2217 3007 2558 3082 παρέχουσαν
2607 3011 2743 3060 νοεῖν
2802 3006 2892 3061 καὶ
2939 3007 3040 3074 τὴν
3099 3005 3401 3082 ἐνέργειαν.
3474 3003 3594 3062 Εἶτ’
3652 3005 3710 3060 έκ
3759 3008 3857 3059 τῶν

2218 3093 2728 3169 δημιουργημάτων
2786 3094 3160 3168 σκοπούμενος
3217 3097 3351 3169 (39),
3410 3092 3470 3149 ἐκ
3522 3093 3732 3150 τούτων
3780 3090 3859 3148 ἐπὶ

2216 3185 2313 3246 τὰς
2372 3183 2558 3246 οὐσίας
2615 3184 2887 3260 ἀνάγοιτο,
2944 3187 3041 3238 τοῦ
3104 3183 3197 3256 μὶν
3257 3183 3554 3259 ἀγεννήτου
3602 3184 3696 3238 τὸν
3745 3181 3858 3236 Υἱὸν

2219 3273 2476 3350 εὑρίσκων
2530 3272 2767 3346 ποίημα,
2817 3277 2914 3327 τοῦ
2974 3269 3031 3327 δὲ
3086 3276 3428 3346 Μονογενοῦς
3455 3273 3549 3326 τὸν
3583 3269 3864 3348 Παράκλη-

448 3373 644 3425 mente
676 3383 975 3424 versemus
1024 3367 1448 3438 operationem,
1478 3382 1602 3436 quae
1631 3364 1997 3433 iconveniens
2029 3363 2106 3418 sit

2219 3383 2327 3430 τον,
2357 3361 2460 3416 κάκ
2512 3364 2610 3430 τῆς
2639 3365 2736 3416 τοῦ
2798 3363 3144 3437 Μονογενοῢς
3196 3364 3472 3437 ὑπεροχῆς
3502 3363 3622 3436 (60)
3649 3362 3747 3430 τήν
3773 3362 3861 3427 τῆς

447 3457 718 3514 essentias
753 3455 1047 3526 majestati
1104 3455 1204 3510 Sin
1236 3470 1368 3508 vero
1402 3471 1468 3508 ex
1499 3452 1748 3522 opificiis
1779 3453 1912 3523 quis
1935 3452 2104 3523 judi-

445 3547 600 3602 cium
634 3544 948 3600 instituere
967 3543 1124 3610 velit,
1155 3543 1410 3613 indeque
1432 3543 1503 3596 ad
1537 3541 1825 3596 essentias
1849 3543 2102 3610 feraturf:

447 3634 549 3689 ubi
599 3633 814 3687 Filium
867 3631 1116 3704 ingeniti
1166 3631 1421 3684 inveniet
1469 3631 1776 3698 facturam,
1808 3629 2104 3701 Unigeniti

447 3727 646 3778 autem
679 3720 1066 3789 Paracletum,
1116 3735 1371 3790 eumque
1400 3735 1468 3774 ex
1522 3717 1812 3789 Unigeniti
1843 3720 2107 3790 praeemi-

449 3811 649 3866 nentia
676 3810 747 3865 de
777 3808 1136 3880 operationis
1167 3807 1495 3874 differentia
1518 3806 1762 3862 edoctus
1791 3807 1983 3875 fuerit,
2011 3808 2106 3862 in-

448 3900 776 3955 dubitatam
823 3897 1037 3970 accipit
1066 3899 1136 3952 de
1167 3895 1529 3960 diversitate,
1560 3895 1735 3950 etiam
1777 3897 2104 3951 secundum

2214 3451 2486 3526 ἐνεργείας
2563 3449 2820 3528 διαφορὰν
2908 3452 3291 3525 πιστούμενος,
3376 3445 3860 3526 ἀναμφισϐήτητον

2216 3536 2485 3614 λαμϐάνει
2531 3540 2620 3595 καὶ
2651 3544 2749 3606 τῆς
2779 3542 2897 3595 κατ’
2954 3541 3135 3595 οὐσίαν
3187 3539 3550 3618 παραλλαγῆς
3583 3542 3685 3610 τὴν
3733 3539 3858 3594 ἀπό-

2217 3627 2399 3703 δειξιν,
2452 3628 2544 3684 ’ίνα
2582 3631 2656 3703 μὴ
2690 3630 2872 3706 τρίτον
2915 3627 3185 3706 λέγωμεν,
3241 3629 3321 3685 ὅτι
3383 3627 3657 3703 πάμπολυ
3690 3627 3860 3698 διενή-

2213 3739 2374 3794 νοχεν
2435 3720 2464 3774 ὁ
2522 3717 2874 3794 δημιουργῶν
2922 3719 3134 3790 ἐξουσίᾳ
3187 3723 3283 3774 τοῦ
3339 3719 3562 3791 νεύματι
3622 3721 3863 3791 πατρικῷ

2214 3811 2521 3878 ποιοῦντος,
2552 3806 2641 3861 καὶ
2679 3804 2845 3880 μηδὲν
2880 3807 2969 3882 ἀφ’
3001 3808 3190 3862 ἑαυτοῦ
3221 3812 3394 3863 ποιεῖν
3427 3807 3858 3884 ὁμολογοῦγτος,

2215 3893 2245 3949 ὅ
2273 3916 2331 3950 τε
2369 3895 2838 3971 προσκυνούμενος
2869 3901 2966 3951 τοῦ
2996 3916 3227 3972 προσκυν
3240 3894 3442 3959 οὖντος.

453 3988 797 4055 essentiam,
829 3985 1416 4049 demonstrationem,
1451 3989 1515 4039 ut
1549 4001 1660 4040 non
1695 4001 1844 4056 opus
1875 3985 2044 4039 nobis
2076 3985 2156 4039 sit
2194 3987 2434 4041 tertium
2468 3987 2773 4043 nominare
2806 4003 2819 4042 :
2856 3987 3148 4059 siquidem
3180 3988 3280 4060 qui
3313 3987 3549 4060 propria
3582 3989 3866 4060 potestate

455 4076 673 4148 aliquid
706 4080 1002 4148 operatur,
1036 4073 1359 4145 plurimum
1409 4072 1603 4128 differt
1632 4072 1703 4128 ab
1751 4089 1816 4128 eo
1849 4073 1948 4144 qui
1994 4077 2141 4128 nutu
2175 4077 2417 4146 paterno
2457 4075 2598 4146 quid
2650 4076 2808 4143 facit,
2841 4082 2896 4131 et
2925 4075 3140 4132 fatetur
3171 4092 3231 4133 se
3275 4075 3425 4132 nihil
3467 4093 3502 4133 a
3548 4079 3862 4148 semetipso

450 4167 638 4224 facere
659 4167 726 4235 ⁸ο,
755 4166 974 4239 quique
1005 4165 1304 4232 adoratur,
1338 4163 1411 4219 ab
1441 4179 1508 4218 eo
1541 4163 1640 4234 qui
1672 4163 1897 4218 adorat.

517 4311 605 4365 21.
645 4310 704 4364 Si
734 4308 918 4381 igitur
947 4307 1110 4363 nullo
1139 4308 1313 4364 modo
1345 4306 1671 4362 absurdum
1720 4321 1848 4361 esse
1874 4309 2107 4377 putant,

448 4397 660 4468 mquali
691 4397 917 4452 ratione
951 4396 1220 4467 utrisque
1260 4396 1378 4451 haec
1408 4395 1612 4450 eadem
1646 4395 2106 4464 communicare,

451 4487 735 4541 nimirum
768 4483 1112 4549 essentiam,
1146 4483 1570 4555 operationem,
1605 4486 1976 4553 potestatem,
2011 4501 2110 4539 no-

453 4591 609 4645 men,
643 4573 895 4628 sublatis
925 4588 1168 4644 prorsus
1194 4572 1499 4627 nominum
1523 4576 1581 4627 et
1605 4588 1800 4627 rerum
1835 4573 2106 4629 differen-

2287 4310 2376 4364 21.
2412 4305 2472 4362 Et
2502 4308 2599 4381 μὶν
2648 4305 2738 4362 οὖν
2787 4304 2955 4381 μηδὲν
2985 4308 3183 4363 ἄτοπον
3212 4311 3470 4385 ἡγοῦνται
3525 4314 3640 4364 τῶν
3692 4310 3860 4365 αὐτῶν

2217 4393 2410 4460 ἒπίσης
2450 4393 2715 4472 έκατέρων
2779 4393 3122 4469 μεταδιδόναι
3180 4396 3411 4466 τούτων,
3471 4399 3589 4454 οἷον
3657 4397 3860 4466 οὐσίας,

2217 4482 2521 4559 ἐνεργείας,
2582 4483 2859 4555 ἐξουσίας,
2920 4481 3210 4560 ὀνόματος,
3271 4485 3552 4549 ἀνελόντες
3603 4487 3705 4551 τὰς
3758 4491 3859 4542 τῶν

2159 4634 2181 4655 γι
2217 4573 2502 4646 ὀνομάτων
2528 4573 2617 4629 καὶ
2646 4575 2976 4651 πραγμάτων
3036 4572 3318 4654 διαφορὰς,
3352 4573 3447 4646 δύο
3480 4581 3673 4655 σαφῶς
3721 4576 3865 4653 ἀγέν-

454 4664 593 4731 tiis;
627 4662 779 4717 699
812 4661 1196 4732 pronuntient
1227 4677 1346 4715 una
1375 4676 1552 4734 Opera
1583 4661 1956 4727 diserte,duo
1978 4679 2107 4720 esse

2219 4633 2350 4733 νητα
2380 4633 2701 4739 λεγέτωσανῖ
2756 4633 2822 4721 [illi
2877 4660 2932 4719 δὲ
2981 4633 3467 4742 τοῦτοιπροῖρανίύς
3507 4633 3730 4736 ἀσεϐές,
3768 4633 3859 4736 ,μὴ

454 4751 734 4824 ingenita.
769 4750 872 4806 Sin
916 4768 1050 4806 vero
1082 4750 1390 4806 manifeste
1438 4750 1548 4806 hoc
1580 4751 1826 4823 impium
1859 4757 1968 4819 est,
2002 4769 2107 4825 age

451 4841 722 4913 probent,
772 4857 887 4895 non
941 4840 1042 4896 illa
1089 4839 1498 4896 similitudinis
1547 4841 1956 4912 appellatione,
1989 4858 2106 4913 qua

451 4946 555 4985 ceu
589 4930 916 4986 velamento
949 4931 1203 5001 quodam
1257 4934 1531 5002 utuntur,
1566 4930 1667 4986 sed
1720 4930 1898 4986 certis
1929 4946 2103 5003 argu-

449 5019 688 5091 mentis,
717 5020 874 5091 quod
906 5022 1169 5075 omnium
1203 5020 1569 5076 confessione
1601 5019 1887 5092 impietati
1909 5021 2101 5076 datur.

447 5111 728 5166 Caeterum
763 5124 835 5164 ne
871 5108 1175 5165 videamur
1197 5109 1368 5179 juxta
1400 5109 1748 5166 intentatam
1771 5109 1940 5165 nobis
1962 5113 2018 5166 et
2039 5109 2101 5164 in

518 5307 563 5343 ⁸⁹
590 5308 759 5364 Joan.
793 5323 847 5380 ν,
885 5308 972 5365 19.

519 5510 632 5584 (36)
660 5511 831 5584 Apud
869 5507 1059 5584 Basil._
1079 5523 1211 5584 pag.
1253 5509 1377 5577 267,
1411 5510 1740 5584 συγκρίνειν.

517 5583 630 5652 (37)
659 5581 834 5652 Basil.
871 5581 1162 5652 pag.266.

517 5651 632 5722 (38)
665 5651 837 5708 Basil.
873 5667 930 5721 p.
963 5651 1086 5704 268.

2217 4748 2287 4804 δι’
2335 4750 2786 4825 έπικαλύμματος
2832 4754 3161 4826 ὁμοιότητος
3192 4755 3418 4827 ὀνόματι
3467 4755 3861 4823 κατασκευαζέο

2212 4861 2386 4895 τωσαν
2417 4842 2478 4896 τὸ
2533 4847 2692 4897 πᾶσιν
2743 4841 3195 4918 ὁμολογούμενον
3244 4843 3320 4906 είς
3372 4837 3646 4901 ἀσέϐειαν.
3709 4841 3860 4901 Ἀλλ’

2208 4927 2298 4984 ’ίνα
2329 4951 2390 5006 γε
2423 4932 2498 5004 μὴ
2532 4927 2826 5004 δοκοίημεν
2859 4933 2996 4987 κατὰ
3026 4934 3127 5002 τὴν
3160 4930 3534 5009 ἐπενεχθεῖσαν
3587 4935 3729 5007 ἡμῖν
3775 4931 3859 4987 καὶ

2211 5019 2357 5094 παρᾶ
2383 5017 2620 5076 πολλοῖς
2653 5019 3068 5098 θρυλλουμένην
3105 5021 3454 5099 βλασφημίαν
3507 5019 3675 5086 ῗδίοις
3725 5023 3860 5078 πλὰ-

2213 5129 2377 5182 σμασι
2432 5108 2522 5164 καὶ
2554 5107 2742 5186 λόγοις
2770 5105 3103 5181 ἐκϐιάζεσθαι
3143 5113 3242 5182 τήν
3293 5109 3575 5183 ἀλήθειαν,
3643 5111 3705 5167 ἐκ
3756 5115 3856 5168 τῶν

2278 5516 2386 5590 (39)
2418 5515 2595 5590 Basil.
2632 5532 2764 5590 pag.
2798 5518 2925 5590 269,
2956 5519 3083 5575 270.

2279 5587 2391 5658 (40)
2425 5589 2600 5646 Basil.
2633 5587 2768 5663 pag.
2801 5587 2926 5646 269'.
3041 5602 3066 5643 ,ν
