4120 6230
313 365 427 426 857

1371 365 1706 428 EUNDMII
1751 367 1984 427 LIBER
2028 366 2646 428 APOLOGETICUS.

3594 367 3716 427 858

310 497 538 570 Γραφῶν
590 493 770 548 αὐτῶν
831 494 1176 565 ποιησόμεθα
1241 493 1447 549 τούτων
1495 496 1594 564 τήν
1657 492 1948 565 ἀπόδειξιν.

2069 497 2389 553 multorum
2419 515 2518 553 ore
2547 501 2874 553 versantem
2909 495 3336 567 blasphemiam
3370 499 3621 568 propriis
3651 500 3719 554 {i-

311 582 409 646 Εὲς
471 581 572 636 ὑπὸ
629 580 802 653 νόμου
851 581 941 636 καὶ
998 586 1296 660 προφητῶν
1344 581 1769 658 καταγγέλλεται
1801 583 1953 645 Θεός.

311 672 480 732 Οὗτος
538 672 628 726 καὶ
680 675 776 726 τοῦ
833 677 1174 746 Μονογενοῦς
1205 673 1338 727 εἶναι
1393 673 1519 733 Θεὸς
1550 673 1636 726 ὐπ’
1668 671 1830 728 αὐτοῦ
1859 678 1955 728 τοῦ

312 763 576 834 Σωτῆρος
631 757 1008 834 ὁμολογειται.
1070 760 1380 835 Πορεύομαι
1437 763 1560 837 γὰρ,
1620 763 1775 840 φησὶ,
1818 764 1953 836 πρὸς

307 849 398 903 τὸν
460 847 588 904 Θεόν
653 870 761 922 μου
791 849 880 903 καὶ
907 849 1034 904 Θεὸν
1074 851 1246 922 ὑμῶν.
1301 850 1482 911 Μόνος
1511 849 1770 920 ἀληθινὸς
1801 850 1953 920 Θεὸς,

314 935 480 1009 μόνος
540 938 728 1015 σοφὸς,
791 937 956 1011 μόνος
1004 938 1220 1013 ἀγαθὸς,
1283 939 1450 1011 μόνος
1511 936 1752 1007 δυνατὸς,
1787 939 1954 1012 μόνος

309 1023 452 1102 ἔχων
489 1025 792 1098 ἀθανασίαν,
826 1021 1172 1103 Θορυϐείσθω
1233 1024 1290 1082 δὲ
1335 1025 1550 1100 μηδεὶς,
1589 1025 1728 1100 μηδὲ
1755 1047 1954 1103 ταρασ-

310 1115 484 1179 σέσθω
540 1117 637 1185 τὴν
698 1113 960 1172 διάνοιαν.
1015 1117 1094 1173 Οὐ
1152 1115 1251 1192 γὰρ
1312 1115 1394 1171 ἐπ’
1447 1117 1706 1190 ἀναιρέσει
1732 1123 1831 1186 τῆς
1858 1114 1955 1171 τοῦ

309 1208 646 1279 Μονογενοῦς
679 1203 960 1275 Θεότητος,
1016 1204 1051 1274 ἢ
1106 1208 1202 1274 τῆς
1257 1206 1473 1280 σοφίας,
1534 1206 1569 1275 ἢ
1604 1213 1705 1275 τῆς
1756 1205 1954 1270 ἀθανα-

310 1293 446 1361 σίας,
497 1292 532 1362 ἢ
586 1300 687 1363 τῆς
734 1293 1072 1369 ἁγαθότητος
1131 1295 1399 1370 χρώμεθα
1450 1299 1566 1357 τοῖς
1620 1294 1954 1368 εἶρημένοις;

309 1380 436 1438 ἀλλ’
467 1381 555 1438 ἐπὶ
587 1380 849 1460 διακρίσει
881 1391 980 1453 τῆς
1037 1388 1137 1439 τοῦ
1171 1385 1375 1453 Πατρός
1426 1386 1726 1461 ὑπεροχῆς.
1777 1392 1956 1440 Μονο-

309 1479 436 1548 γενῆ
504 1473 599 1546 μὲν
657 1472 760 1548 γὰρ
839 1472 1222 1549 ὁμολογοῦμεν
1289 1475 1416 1529 Θεὸν
1467 1472 1556 1529 καί
1604 1473 1693 1528 τὸν
1754 1473 1954 1550 Κύριον

309 1562 470 1632 ἡμῶν
531 1562 764 1632 Ἰησοῦν,
825 1559 1096 1636 ἄφθαρτον
1129 1561 1219 1616 καὶ
1260 1561 1543 1634 ἀθάνατον,
1589 1563 1774 1640 σοφὸν,
1827 1563 1957 1638 ἀγα-

310 1648 424 1707 θόν.
476 1646 633 1706 Ἀλλ’
687 1648 853 1719 αὐτῆς
933 1670 996 1724 γε
1050 1657 1150 1720 τῆς
1212 1651 1534 1720 συστάσεως,
1586 1650 1676 1705 καὶ
1736 1653 1954 1720 παντὸς,

309 1737 441 1813 ὅπερ
501 1738 632 1808 ἐστὶ,
665 1739 758 1794 τὸν
791 1739 1001 1813 Πατέρα
1031 1739 1207 1816 φαμὲν
1254 1738 1428 1794 αἷίτιον
1461 1739 1560 1794 οὐκ
1602 1737 1802 1815 ἔχοντα
1857 1748 1956 1811 τῆς

2067 587 2322 656 gmentis
2369 587 2486 642 vim
2535 586 2678 641 velle
2729 584 2956 641 veritati
3010 585 3236 653 ati‘erre,
3261 585 3387 654 jam
3435 603 3608 658 porro
3647 604 3717 642 ex

2063 674 2209 746 ipsis
2239 675 2558 747 Scripturis
2588 675 2690 730 illa
2707 691 2835 746 quae
2866 674 3125 729 diximus
3147 673 3712 730 demonstrabimus.

2065 763 2413 836 Unusalege
2425 770 2481 820 et
2493 764 2793 836 prophetis
2807 763 3713 836 perhibeturesseDeus.thuod

2062 852 2114 909 is
2131 854 2257 926 ipse
2274 854 2351 910 sit
2367 853 2660 926 Unigeniti
2681 868 2915 926 quoque
2936 854 3181 920 Deus,ex
3197 853 3385 925 ipsius
3397 852 3717 909 Salvatoris

2065 943 2434 1000 confessione
2452 947 2632 1016 patet.
2656 943 2800 998 Nam
2833 941 2993 1013 Vada,
3015 941 3228 1014 inquit,
3253 941 3324 997 ad
3343 943 3516 998 Deum
3535 957 3718 998 meum
3777 951 3780 954 ’

2065 1037 2118 1086 et
2147 1034 2317 1088 Deum
2361 1037 2606 1088 vestrum
2631 1033 2694 1085 9°.
2727 1031 2898 1088 Solus
2927 1047 3100 1086 verus
3148 1035 3298 1086 Deus
3329 1031 3395 1098 εί,
3431 1029 3591 1086 solus
3621 1047 3716 1085 sa-

2065 1120 2232 1191 piens
2254 1120 2491 1187 ”,solus
2512 1120 2704 1176 bonus
2725 1119 2789 1186 οδ,
2810 1117 2972 1174 solus
2996 1123 3204 1190 potens
3225 1117 3288 1188 9‘,
3309 1116 3472 1172 solus
3492 1116 3717 1172 habens

2064 1207 2566 1264 immortalitatem
2583 1210 2855 1271 “.Nemo,
2891 1206 3312 1280 quaaso,animo
3343 1204 3716 1261 tumultuoso

2065 1301 2122 1352 et
2151 1301 2442 1352 commoto
2475 1299 2595 1353 hac
2627 1297 3074 1369 excipiat,nemo
3097 1297 3157 1350 in
3189 1300 3386 1351 mente
3417 1296 3718 1366 perturbe-

2067 1390 2182 1441 tur.
2217 1385 2416 1458 Neque
2433 1386 2589 1441 enim
2608 1386 2736 1442 ideo
2755 1387 2865 1442 hoc
2882 1384 3057 1440 allato
3075 1399 3344 1440 sermone
3367 1400 3573 1440 sumus
3603 1383 3718 1451 usi,

2067 1479 2133 1531 ut
2191 1474 2479 1545 Unigeniti
2531 1475 2918 1544 divinitatem,
2951 1473 3035 1529 vel
3077 1472 3450 1544 sapientiam,
3491 1471 3576 1528 vel
3606 1472 3721 1526 im-

2067 1563 2506 1634 mortalitatem,
2553 1564 2642 1620 vel
2702 1563 3018 1620 bonitatem
3078 1561 3440 1629 tolleremus,
3486 1562 3587 1617 sed
3645 1561 3719 1616 ad

2067 1653 2490 1709 ostendendam
2539 1653 2926 1709 differentiam
2959 1655 3224 1724 respectu
3267 1649 3720 1721 praeminentize

2070 1741 2512 1798 Patris.Etenim
2545 1741 2915 1814 unigenitum
2947 1740 3300 1796 confitemur
3326 1739 3511 1794 Deum
3534 1743 3592 1793 et
3611 1738 3720 1793 Do-

313 1824 452 1890 ἷδίας
485 1826 670 1890 οὐσίας
703 1827 737 1897 ἢ
766 1834 868 1897 τῆς
908 1827 1246 1902 ἀγαθότητος
1298 1825 1469 1891 αἶ’τιος
1518 1830 1592 1892 ὡς
1648 1831 1948 1904 ἀγέννητον,

2069 1831 2296 1887 minum
2328 1836 2596 1887 nostrum
2625 1833 2823 1887 Jesum
2858 1830 3179 1894 Christum,
3212 1825 3717 1898 incorruptibilem

308 1915 510 1987 ταῦτην
543 1918 677 1990 ἡμῖν
724 1917 1073 1993 παρεχόντων
1104 1919 1204 1987 τήν
1247 1916 1455 1973 ἔννοιαν
1502 1922 1610 1973 τῶν
1671 1917 1958 1995 προτεθὲν-

307 2025 438 2064 των.

2071 1925 2130 1976 et
2159 1918 3294 1992 immortalem,sapientem,bonum.Sed
3322 1916 3500 1986 hujus
3533 1915 3721 1988 ipsius

2069 2009 2482 2077 consistentia,
2515 2011 2759 2082 ejusque
2807 2009 2866 2064 in
2898 2009 3238 2064 universum
3287 2006 3440 2078 quod
3471 2010 3580 2075 est,
3615 2005 3719 2060 Pa-

307 2099 456 2152 trem
486 2096 801 2153 didicimus
831 2111 960 2153 esse
981 2113 1248 2166 causam,
1280 2113 1412 2154 cum
1445 2097 1569 2170 ipse
1600 2116 1718 2154 suae
1752 2097 2024 2155 essentia:
2055 2103 2110 2154 et
2140 2099 2420 2155 bonitatis
2450 2098 2674 2154 nullam
2705 2099 2917 2155 habeat
2953 2113 3214 2164 causam,
3244 2099 3448 2168 utpote
3487 2093 3721 2166 ingeni-

306 2189 425 2257 tus,
457 2185 614 2243 sicut
646 2203 715 2243 ea
745 2202 873 2258 qua:
902 2185 1070 2258 prius
1098 2192 1239 2243 sunt
1269 2188 1594 2260 proposita,
1627 2189 1810 2244 menti
1841 2192 2054 2244 nostra
2078 2187 2406 2262 ingenitum
2438 2189 2926 2245 considerandum
2958 2187 3368 2243 exhibuerunt.

376 2360 466 2414 22.
501 2354 706 2412 Οὔκουν
741 2356 785 2412 εἰ
821 2354 984 2431 μόνος
1018 2357 1112 2431 μὶν
1141 2356 1402 2430 ἀληθινὸς
1435 2360 1463 2414 ὁ
1494 2360 1624 2423 Θεὸς
1647 2359 1737 2414 καὶ
1763 2361 1952 2437 σοφὸς,

309 2443 494 2516 ἐπειδὴ
526 2447 615 2501 καὶ
651 2446 815 2519 μόνος
845 2446 1146 2523 ἀγὲννητος,
1211 2450 1511 2524 μονογενὴς
1564 2449 1711 2518 Υἱὸς,
1763 2446 1949 2518 ἐπειδῆ

312 2536 477 2609 μόνος
509 2535 805 2611 ἆγεννήτου
859 2536 1124 2611 γὲννημα,
1179 2538 1282 2592 οὐκ
1340 2537 1398 2592 ἂν
1457 2535 1514 2592 δέ
1542 2559 1592 2592 τι
1628 2538 1794 2612 μόνον
1843 2534 1950 2610 εἷή,

307 2623 802 2697 κοινοποιουμὲνης
858 2625 994 2701 πρὸς
1047 2619 1228 2701 ἕτερον
1261 2623 1331 2680 δι’
1389 2625 1692 2700 ὁμοιότητα
1720 2631 1820 2692 τῆς
1853 2627 1949 2704 φό-

308 2734 464 2776 σεως.
535 2715 653 2790 Χρὴ
684 2712 864 2768 τοίνυν
896 2715 996 2783 τὴν
1027 2715 1143 2769 κατ’
1175 2713 1358 2769 οὐσίαν
1393 2716 1694 2788 ὁμοιότητα
1728 2714 1948 2771 ἀνελόν-

309 2823 415 2872 τες,
461 2802 562 2872 τήν
619 2799 678 2856 δὶ
729 2807 827 2858 τοῦ
884 2804 1013 2857 Υἱοῦ
1062 2804 1199 2880 πρὸς
1253 2805 1346 2859 τὸν
1407 2805 1618 2878 Πατέρα
1669 2801 1949 2877 δεξάμενοι

307 2893 444 2948 κατὰ
497 2894 588 2947 τὸν
647 2891 846 2946 οἰκεῖον
875 2889 1063 2969 λόγον,
1125 2892 1202 2957 εἲς
1255 2889 1347 2948 ἕνα
1377 2892 1466 2948 καὶ
1528 2893 1689 2967 μόνον
1725 2891 1949 2965 ἀληθῶς

307 2980 516 3056 ἐνάγειν
573 2982 674 3051 τήν
727 2986 837 3036 τῶν
869 2982 1084 3036 πάντων
1119 2981 1291 3037 αἰτίαν
1349 3003 1406 3038 τε
1465 2985 1548 3038 καὶ
1579 2983 1780 3059 ἆρχῆν,
1817 2983 1950 3038 ὐπο-

260 3081 268 3110 ‘
303 3071 637 3145 τεταγμένου
695 3067 911 3142 δηλαδή
941 3075 1038 3127 τοῦ
1069 3072 1197 3126 Υἱοῦ
1227 3076 1304 3144 τῷ
1337 3074 1528 3149 Πατρὶ,
1577 3073 1677 3142 τήν
1726 3070 1783 3127 δὲ
1827 3073 1948 3150 περὶ

305 3159 516 3214 τούτων
545 3156 750 3215 ἔννοιαν
786 3155 1022 3236 ἀκριϐῶς
1065 3157 1529 3237 διακαθαίροντας,
1574 3161 1662 3217 καὶ
1710 3163 1802 3217 τὸν
1851 3164 1950 3232 τῆς

309 3247 576 3325 ἐνεργείας
621 3249 824 3325 τρόπον
871 3250 973 3304 οὐκ
1020 3249 1356 3327 ἀνθρώπειον
1407 3251 1690 3325 νομίζειν,
1739 3251 1949 3327 εὐμαρῆ

305 3334 366 3393 δὶ
415 3339 505 3392 καὶ
565 3343 710 3402 θεῖον
744 3359 757 3372 ο
818 3336 966 3394 οὔτοι
1023 3341 1284 3416 μερισμὸν
1333 3341 1367 3411 ἢ
1413 3341 1625 3411 κίνησίν
1677 3361 1797 3396 τινα
1855 3343 1952 3410 τῆς

2133 2363 2222 2418 22.
2263 2362 2388 2418 Non
2439 2361 2639 2434 igitur,
2683 2360 2980 2433 siquidem
3030 2359 3192 2416 solus
3238 2358 3365 2431 ipse
3411 2362 3501 2414 est
3545 2375 3714 2415 verus

2063 2456 2240 2523 Deus,
2273 2457 2328 2508 et
2377 2452 2637 2523 sapiens,
2669 2455 2870 2522 utpote
2917 2449 3015 2522 qui
3048 2448 3209 2504 solus
3255 2452 3346 2504 est
3394 2447 3715 2520 ingenitus,

2063 2540 2406 2612 unigenitus
2439 2540 2758 2612 Filius,qui
2792 2538 2953 2595 solus
2984 2542 3074 2593 est
3103 2537 3350 2610 ingeniti
3384 2536 3714 2609 progenies,

2062 2645 2324 2700 unquam
2376 2645 2505 2685 esse
2553 2629 2742 2684 solum
2793 2626 2930 2699 quid
2983 2631 3195 2699 potest,
3227 2630 3533 2698 propterea
3579 2624 3717 2696 quia

2061 2719 2193 2789 ejus
2225 2724 2438 2774 natura
2467 2718 2540 2774 ob
2571 2716 3026 2773 similitudinem
3059 2733 3192 2772 cum
3221 2715 3418 2786 aliquo
3441 2713 3621 2769 altero
3655 2713 3719 2767 ﬁt

2063 2807 2420 2867 communis.
2448 2807 2694 2862 Necesse
2724 2807 2907 2878 igitur
2934 2809 3043 2875 est,
3077 2811 3142 2860 ut
3173 2805 3406 2860 sublata
3437 2802 3596 2858 omni
3627 2809 3748 2864 se-i

2064 2896 2320 2951 cundum
2347 2895 2742 2951 substantiam
2784 2893 3192 2963 similitudine,
3227 2892 3488 2948 admissa
3517 2896 3714 2946 autem

2063 3001 2132 3039 ea
2153 3001 2325 3056 quam
2351 2983 2531 3040 Filius
2555 2987 2820 3056 respectu
2846 2983 3039 3038 Patris
3063 2983 3273 3038 habere
3293 2985 3503 3053 potest,
3530 2980 3630 3034 uni
3660 2983 3718 3034 et

2065 3073 2173 3130 soli
2199 3090 2328 3129 vere
2351 3072 2475 3129 Deo
2517 3074 2687 3144 juxta
2734 3072 3035 3145 proprium
3085 3085 3415 3128 sermonem
3449 3068 3713 3125 omnium

2064 3179 2189 3234 quas
2217 3179 2468 3234 usquam
2491 3166 2632 3217 sunt
2653 3178 2849 3218 rerum
2873 3177 3108 3230 causam
3131 3165 3190 3216 et
3224 3158 3579 3232 principium
3611 3159 3714 3213 tri-

2065 3252 2317 3306 buamus
2352 3267 2364 3304 :
2399 3250 2680 3321 quoniam
2732 3249 3004 3306 videlicet
3050 3250 3228 3304 etiam
3257 3248 3382 3320 ipse
3430 3246 3610 3302 Filius
3640 3247 3718 3302 sit

2063 3341 2364 3413 subjectus
2413 3340 2592 3412 Patri,
2621 3344 2800 3411 utque
2850 3356 2998 3411 pura
3027 3339 3267 3394 omnino
3316 3336 3410 3390 his
3440 3336 3498 3390 in
3541 3336 3717 3394 rebus

305 3423 494 3488 οὐσίας
567 3427 668 3494 τήν
742 3425 1009 3501 ἐνέργειαν
1083 3425 1444 3502 ἡγουμένους,
1523 3427 1656 3503 ἅπερ
1716 3427 1948 3482 ἐπινοεῖν

2063 3435 2259 3485 mente
2280 3434 2604 3495 versantes,
2623 3429 2800 3484 etiam
2824 3429 3066 3484 modum
3088 3425 3442 3500 operationis
3459 3424 3530 3480 ab
3555 3422 3716 3480 omni

305 3515 595 3591 ἀναγκαῖον
623 3514 750 3578 τοὺς
786 3515 1160 3590 ὑπαγομένους
1190 3520 1305 3576 τοῖς
1348 3513 1633 3586 Ἑλλήνων
1687 3515 1950 3594 σοφίσμα-

306 3625 415 3675 σιν,
445 3603 709 3660 ἐνούντῶν
757 3606 827 3677 τῇ
856 3604 1011 3676 οὐσίᾳ
1055 3605 1153 3674 τὴν
1197 3603 1484 3680 ἐνέργειαν,
1534 3605 1619 3658 καὶ
1670 3602 1757 3659 διὰ
1804 3606 1952 3669 τοῦθ’

301 3694 415 3767 ἅμα
468 3694 563 3766 μὲν
609 3698 687 3766 τῷ
736 3697 852 3765 Θεῷ
898 3694 987 3747 τὸν
1026 3692 1231 3766 κόσμον
1264 3690 1736 3772 ἀποφαινομένων,
1800 3691 1952 3749 οὐδὲν

305 3778 364 3836 δὲ
424 3781 638 3856 μᾶλλον
697 3781 756 3836 ἐκ
805 3780 1000 3837 τούτου
1055 3783 1154 3852 τήν
1220 3781 1442 3836 ἀτοπίαν
1521 3779 1946 3858 διαφευγόντων.

2061 3519 2371 3574 hominum
2404 3518 2739 3574 conditione
2771 3518 3030 3574 alienum
3060 3512 3596 3590 putemus,facilem
3629 3516 3715 3570 ta-

2061 3624 2194 3663 men
2219 3607 2576 3664 etdivinum.
2610 3608 2735 3663 Non
2765 3625 2927 3680 sane,
2960 3607 3128 3678 quasi
3163 3605 3516 3662 arbitremur
3537 3602 3716 3676 parti-

2062 3697 2220 3753 tione
2252 3701 2354 3753 aut
2382 3702 2541 3753 motu
2567 3698 2820 3768 quodam
2844 3697 3052 3752 factam
3081 3712 3209 3752 esse
3231 3694 3392 3750 illam
3424 3692 3714 3766 operatio-

2059 3802 2190 3840 nem
2215 3803 2226 3840 :
2249 3786 2582 3857 cujusmodi
2598 3787 2735 3857 quid
2752 3803 2986 3842 necesse
3002 3781 3715 3856 habentcogitareilli,qui

295 3871 502 3947 Ἐχρῆν
559 3869 660 3948 γάρ
715 3891 804 3925 τοι
864 3871 1000 3946 πρὸς
1058 3869 1156 3938 τὴν
1217 3873 1314 3934 τῆς
1345 3867 1706 3946 δφμιουργίας
1735 3867 1945 3925 παῦλαν

297 3957 610 4032 ἀπιδόντας,
667 3956 836 4032 μηδὶν
896 3959 1034 4035 πρὸς
1083 3959 1182 4028 τὴν
1230 3957 1408 4034 ἀρχὴν
1468 3958 1762 4016 ἀνανεύειν.
1809 3956 1949 4016 Οὐδὲ

2057 3874 2386 3930 Graecorum
2401 3874 2648 3946 argutiis
2670 3875 3068 3946 operationem
3091 3871 3358 3928 essentia:
3383 3871 3712 3925 unientium

2058 3967 2233 4034 atque
2266 3962 2395 4018 ideo
2418 3963 2709 4018 mundum
2737 3964 2848 4018 Deo
2871 3961 3235 4018 coexstitisse
3264 3958 3713 4026 dicentium,ne-

292 4048 394 4125 γάρ
427 4047 760 4122 ἀντιλήξειεν
804 4050 916 4122 (41)
951 4045 1030 4112 εἷς
1065 4045 1226 4112 τέλος
1255 4049 1330 4121 μή
1378 4047 1468 4102 ἀπ’
1524 4048 1704 4124 ἀρχῆς
1755 4049 1945 4124 ὁρμώ-

2063 4068 2171 4124 que
2194 4051 2304 4107 hoc
2326 4051 2453 4124 ipso
2477 4051 2900 4108 absurditatem
2924 4045 3712 4121 fugientium,suntpellecti.

301 4158 489 4210 μενον,
2058 4140 2362 4212 Oporteret
2403 4141 2557 4196 enim
2598 4139 2760 4212 ipsos
2801 4137 3165 4211 respiciendo
3205 4136 3279 4192 ad
3324 4135 3712 4192 cessationem

296 4227 633 4297 creationis,
665 4244 1043 4301 nequaquam
1073 4225 1361 4300 principio
1392 4244 1520 4284 eam
1553 4243 1856 4301 exaequare
1888 4227 2236 4286 extollendo.
2271 4230 2416 4286 Fieri
2449 4230 2604 4286 enim
2639 4247 2755 4286 non
2782 4233 2973 4302 potest
3003 4231 3067 4284 ut
3097 4227 3210 4282 ﬁne
3242 4226 3438 4299 aliquo
3484 4224 3714 4282 desinat

289 4332 442 4390 esse,
469 4318 625 4392 quod
656 4334 772 4374 non
801 4317 874 4374 ab
903 4315 1100 4390 aliquo
1127 4317 1415 4390 principio
1441 4318 1614 4391 cmpit
1639 4335 1786 4376 esse.

2121 4479 2434 4536 23.Verum
2468 4479 2624 4536 enim
2653 4494 2788 4536 vero
2821 4479 2878 4534 hi
2913 4478 3203 4548 homines,
3227 4495 3361 4535 cum
3395 4477 3585 4534 sciant
3615 4493 3704 4532 re-

2054 4585 2184 4624 rum
2200 4569 2260 4623 in
2275 4575 2484 4626 natura
2496 4568 2868 4626 existentium
2887 4567 3302 4634 differentiam,
3319 4567 3712 4623 nihilominus

2055 4658 2260 4714 morbo
2291 4659 2544 4730 quodam
2576 4657 2876 4714 oculorum
2909 4657 3177 4715 laborare
3207 4658 3500 4726 videntur,
3520 4672 3710 4729 neque

2051 4750 2193 4803 sunt
2217 4747 2363 4819 aequi
2409 4764 2602 4804 rerum
2623 4747 2876 4819 judices.
2913 4748 3224 4804 Facessant
3249 4763 3410 4816 sane,
3445 4746 3708 4818 quando-

2051 4836 2287 4908 quidem
2306 4835 2616 4908 ipsumjus
2633 4835 2751 4890 illis
2769 4835 2840 4892 ob
2857 4835 3142 4891 malitiam
3160 4835 3463 4892 veritatem
3509 4835 3672 4891 occul
3686 4866 3708 4876 -

2045 4925 2276 4981 tat.Nos
2305 4928 2502 4980 autem
2531 4926 2855 4980 secundum
2887 4941 2955 4980 ea
2985 4941 3115 4996 quae
3147 4923 3321 4998 paulo
3355 4925 3519 4997 prius
3570 4927 3710 4980 sunt

2041 5013 2428 5084 dicta,habito
2459 5015 2530 5069 de
2558 5013 2894 5085 operatione
2923 5029 2990 5070 ex
3019 5015 3295 5086 operibus
3321 5013 3567 5085 judicio,
3585 5031 3699 5070 non

2039 5120 2356 5160 censemus
2381 5107 2577 5159 tutum
2601 5118 2732 5159 esse
2755 5102 2909 5158 illam
2937 5103 3019 5158 illi
3044 5103 3310 5160 essentiae
3334 5103 3502 5158 unire
3533 5119 3704 5174 opor-

2039 5197 2198 5264 tere;
2224 5209 2358 5249 cum
2400 5193 2659 5250 sciamus
2699 5191 2851 5248 hanc
2883 5193 3009 5249 sine
3039 5192 3351 5266 principio,
3384 5191 3511 5246 sine
3543 5206 3705 5245 com-

357 4476 450 4531 23.
493 4472 650 4531 Ἀλλ’
701 4475 850 4530 σῦτοι
905 4476 999 4548 μὲν
1062 4477 1194 4548 μήθ’
1249 4476 1576 4552 ὑγιαίνουσιν
1631 4475 1943 4555 ὀφθαλμοῖς

287 4564 388 4633 τήν
464 4567 572 4618 τῶν
644 4560 811 4619 ὄντων
888 4565 1345 4635 κατανενοηκότες
1420 4563 1725 4644 διαφορὰν,
1801 4569 1940 4641 μήτε

289 4647 489 4717 δίκαιοι
536 4654 719 4726 κριταὶ
765 4653 1048 4729 γενόμενοι
1101 4658 1207 4708 τῶν
1263 4655 1622 4729 πραγμάτων,
1674 4655 1937 4734 ἀφιέσθω-

291 4759 406 4794 σαψ
471 4737 562 4796 διὰ
605 4743 890 4797 κακόνοιαν
951 4740 1388 4817 ἐπικρυπτούσης
1420 4745 1610 4807 αὐτοῖς
1652 4747 1749 4814 τήν
1807 4745 1941 4817 ἀλή-

289 4831 436 4884 Θειαν
485 4835 588 4899 τῆς
632 4827 805 4901 δίκης.
838 4831 1028 4903 Ἡμεῖς
1071 4805 1129 4885 δὲ
1174 4831 1310 4886 κατὰ
1343 4805 1432 4887 ’τὰ
1484 4805 1662 4908 μικρῷ
1709 4805 1940 4910 πρόσθεν
1971 4805 2020 4869 D

286 4917 515 4993 ῥηθέντα
560 4919 662 4988 τὴν
702 4918 972 4994 ἐνέργειαν
1003 4919 1064 4974 ὲκ
1107 4924 1216 4974 τῶν
1267 4916 1435 4997 ἔργων
1483 4924 1784 4996 κρίνοντες,
1831 4925 1932 4979 οὐκ

286 5005 524 5085 ἀσφαλες
555 5007 783 5080 οἰόμεθα
812 5005 922 5062 δεῖν
951 5008 1102 5062 ἓνοῦν
1133 5012 1200 5083 τῇ
1232 5008 1407 5080 οὐσίᾳ,
1463 5012 1562 5080 τὴν
1623 5012 1717 5083 μὲν
1769 5011 1930 5087 ἄναρ-

283 5114 390 5172 χον
418 5094 599 5166 ἁπλῆν
646 5116 706 5152 τε
751 5096 843 5152 καὶ
887 5095 1242 5169 ἀτελεύτητον
1290 5096 1513 5170 εἰδότες,
1566 5102 1664 5171 τήν
1699 5099 1756 5156 δὲ
1784 5101 1931 5178 ἐνέρ-

285 5204 432 5260 γειαν
461 5184 562 5240 οὐκ
582 5181 909 5262 ἔναρχον.Ἥ
939 5185 1039 5262 γὰρ
1073 5185 1133 5240 ἂν
1164 5185 1233 5256 ἦν
1263 5188 1352 5243 καὶ
1383 5189 1444 5244 τὸ
1475 5186 1632 5265 ἔργον
1666 5189 1926 5267 ἄναρχον,

3363 5449 3408 5484 ⁸⁸
3433 5448 3577 5506 ibid.
3613 5451 3698 5506 15.

359 5447 404 5482 ’°
429 5447 602 5506 Joan.
633 5466 725 5518 xx,
757 5449 847 5506 47.
925 5451 966 5487 ⁸³
997 5453 1162 5510 Joan.
1194 5467 1334 5523 xvn,
1363 5453 1416 5508 3.
1493 5452 1538 5489 ³³
1570 5452 1780 5510 Matth.
1811 5466 1928 5520 xIx,

2125 5453 2172 5488 ⁸³
2200 5452 2407 5509 Matth.
2434 5468 2549 5519 xxx,
2581 5452 2669 5509 47.
2763 5454 2808 5488 ⁹⁴
2840 5453 2859 5508 l
2888 5451 3039 5507 Tim.
3071 5467 3148 5518 γι,
3180 5450 3268 5504 16.

351 5691 465 5764 (il)
497 5690 881 5764 Ἀντιλήξιιεν.
914 5699 1102 5764 Forte,
1135 5693 1196 5750 ἃν
1225 5715 1277 5750 τι
1311 5695 1544 5768 Λήξειεν.
1579 5697 1737 5755 Enl'r.
