4112 6224
401 302 520 362 859

1346 297 1738 357 APPENDIX
1790 294 2113 356 OPERUM
2158 294 2222 354 S.
2269 293 2543 354 BASlLIl
2591 295 2864 357 MAGNI.

3687 300 3801 362 860

403 432 694 504 positione
715 435 771 487 et
791 431 920 487 sine
943 429 1058 488 ﬁne
1078 447 1224 486 esse.
1252 429 1475 497 Nam,si
1496 433 1652 485 esset
1676 428 1802 484 sine
1833 427 2051 500 princi-

2183 422 2277 480 ιῧτ⁹
2305 422 2682 495 ἀτελεύτητον,
2743 425 2857 481 ἐπεὶ
2909 423 3048 500 μηδὶ
3079 427 3194 482 οἷόν
3225 447 3282 482 τε
3312 431 3668 502 παυσαμένων
3697 437 3797 488 τῶν

404 520 522 592 pio,
545 521 722 576 etiam
745 520 939 591 ipsum
962 536 1108 590 opus
1133 523 1286 574 esset
1313 517 1584 589 principii
1605 533 1831 586 expers,
1865 531 2054 587 neque

403 610 531 666 sine
555 610 668 665 fine
694 626 706 664 :
732 609 1209 681 quandoquidem
1234 607 1356 662 fieri
1380 623 1494 662 non
1523 612 1734 678 potest,
1759 605 1902 676 quin
1925 621 2050 660 ce-

403 699 674 754 santibus
691 697 964 770 operibus
980 697 1109 768 ipsa
1130 711 1364 768 quoque
1385 699 1572 751 cesset
1590 693 2054 766 operatio.Valde

405 787 562 843 enim
593 787 814 863 puerile
846 792 903 840 et
928 784 1168 840 infantis
1201 784 1418 841 mentis
1451 789 1539 840 est
1560 783 1854 854 judicium
1887 784 2054 854 inge-

409 878 592 932 nitam
625 881 680 932 et
711 877 823 931 fine
854 879 1147 930 carentem
1200 872 1392 929 dicere
1424 873 1846 944 operationem,
1883 876 2057 942 atque

409 967 494 1022 sic
516 965 678 1021 illam
706 981 838 1020 cum
862 964 1120 1019 essentia
1146 979 1324 1018 unam
1348 963 1736 1034 eamdemque
1760 978 1882 1018 rem
1905 976 2054 1030 esse,

408 1071 544 1110 cum
576 1053 804 1109 nullum
838 1053 1009 1124 plane
1039 1069 1188 1122 opus
1221 1052 1342 1106 fieri
1374 1051 1562 1122 possit
1590 1051 1849 1122 ingenite
1879 1055 1934 1105 et
1963 1049 2055 1104 in-

410 1143 590 1199 linite.
625 1143 683 1198 Si
715 1142 872 1198 enim
905 1141 1014 1196 hoc
1049 1142 1200 1196 700
1230 1141 1362 1212 quis
1407 1140 1808 1204 al‘ﬁrmaverit,
1837 1138 2056 1193 alteru-

403 1237 560 1286 trum
592 1247 661 1286 ex
691 1231 921 1286 duobus
952 1231 1087 1286 inde
1137 1245 1506 1301 consequens
1529 1228 1639 1284 erit
1673 1244 1687 1283 :
1719 1231 1822 1283 aut
1849 1242 2059 1298 opera-

411 1320 626 1375 tionem
661 1319 758 1374 Dei
790 1335 918 1375 esse
949 1319 1075 1374 sine
1105 1318 1443 1384 actione,vel
1477 1334 1626 1389 opus
1655 1316 1828 1372 etiam
1861 1317 2056 1387 ipsum

409 1423 540 1464 esse
572 1407 922 1480 ingenitum.
943 1407 1004 1463 Si
1035 1424 1170 1463 vero
1200 1412 1519 1478 utrumque
1553 1407 1761 1461 borum
1792 1405 2059 1462 omnium

411 1496 777 1553 confessione
797 1501 887 1551 est
907 1497 1249 1565 absurdum,
1283 1512 1482 1552 verum
1505 1496 1616 1550 erit
1645 1495 1702 1549 id
1734 1495 1889 1566 quod
1923 1493 2059 1549 reli-

415 1601 598 1656 quum
626 1583 1008 1650 est,videlicet
1028 1600 1159 1638 eum
1185 1600 1360 1656 opera
1381 1584 1616 1639 initium
1648 1584 2060 1653 babeant,ope-

414 1674 701 1729 rationem
735 1673 912 1728 etiam
963 1689 1077 1728 non
1110 1673 1238 1727 sine
1284 1673 1571 1745 principio
1601 1688 1730 1728 esse
1763 1689 1776 1728 :
1809 1687 2063 1743 cumque

411 1766 660 1828 cessent,
687 1762 950 1817 eamdem
980 1762 1153 1816 etiam
1187 1777 1302 1817 non
1334 1778 1528 1817 carere
1549 1762 1682 1817 ﬁne.
1709 1762 1831 1817 Non
1865 1763 2061 1832 itaque

412 1853 578 1906 decet
600 1867 706 1906 nos
728 1849 977 1906 aliorum
1003 1851 1312 1907 sententiis
1335 1851 1531 1906 statim
1557 1855 1869 1921 antequam
1887 1851 2065 1922 probe

413 1939 846 2004 examinentur,
878 1939 1053 1994 ﬁdem
1085 1939 1322 2010 habere,
1353 1945 1408 1995 et
1438 1939 1521 1994 ita
1551 1939 1820 1994 essentia;
1862 1955 2066 2006 opera-

412 2030 631 2084 tionem
673 2029 878 2097 unire;
909 2029 1010 2083 sed
1042 2027 1379 2083 existimare
1407 2030 1561 2100 quod
1612 2029 1734 2083 haec
1763 2027 2070 2084 verissima

2163 509 2332 588 ἔργων
2411 511 2679 569 ἄπαυστον
2752 516 2883 570 εἶναι
2957 517 3056 584 τήν
3132 515 3425 592 ἐνέργειαν.
3505 519 3635 574 Δίαν
3699 522 3797 597 γὰρ

2166 600 2542 676 μειρακιῶδες,
2588 603 2678 657 καὶ
2724 605 2915 679 φρενὸς
2946 603 3165 677 νηπίας,
3211 605 3506 682 ἀγέννητον
3553 609 3645 663 καὶ
3687 610 3798 664 ἀτεο

2164 689 2425 760 λεύτητον
2505 691 2678 768 λέγειν
2744 693 2843 761 τὴν
2917 692 3180 770 ἐνέργειαν
3255 696 3447 752 ταυτὸν
3523 701 3592 772 τῇ
3653 699 3799 770 οὐσίᾳ

2163 781 2474 852 τιθεμένους
2511 778 2743 854 μηδενὸς
2785 787 2892 836 τῶν
2947 777 3120 858 ἔργων
3180 784 3486 861 ἀγεννήτως
3535 787 3798 864 γίγνεσθαι

2166 866 2486 942 δυναμένου,
2548 872 2674 944 μήτ’
2707 870 3100 943 ἀτελευτήτως.
3135 874 3227 928 Ἐκ
3260 876 3362 952 γὰρ
3409 877 3618 931 τούτων
3673 898 3802 952 συμο

2166 952 2341 1012 ϐαίνοι
2403 961 2514 1032 (42)
2564 957 2714 1014 δυοῖν
2743 961 2981 1037 θάτερον,
3041 962 3077 1032 ἢ
3103 963 3201 1030 τὴν
3233 963 3502 1039 ἐνέργειαν
3536 963 3802 1040 ἄπρακτον

2167 1048 2298 1102 εἶναι
2325 1053 2420 1103 τοῦ
2452 1052 2607 1121 Θεοῦ,
2640 1049 2675 1118 ἢ
2733 1050 2794 1104 τὸ
2828 1047 2984 1127 ἔργον
3042 1050 3352 1127 ἀγέννητον.
3388 1054 3456 1110 Εἴ
3485 1051 3532 1108 δ’
3564 1055 3808 1128 ἑκάτερον

2165 1137 2373 1192 τούτων
2407 1136 2866 1213 ὁμολογουμένως
2921 1137 3144 1208 ἄτοπον,
3196 1140 3394 1212 ἀληθὲς
3447 1143 3507 1197 τὸ
3551 1142 3808 1218 λειπόμε-

2167 1245 2279 1292 νον,
2313 1224 2638 1302 ἀρχομένων
2690 1247 2749 1282 τε
2777 1231 2884 1282 τῶν
2931 1222 3127 1304 ἔργων,
3162 1229 3239 1302 μὴ
3271 1230 3509 1306 ἄναρχον
3552 1233 3685 1287 εἶναι
3715 1235 3806 1302 τήν

2171 1312 2432 1388 ἐνέργειαν
2514 1314 2834 1388 παυομένων
2911 1337 2988 1385 τε,
3073 1320 3148 1391 μή
3224 1315 3514 1378 ἄπαυστον.
3568 1320 3648 1378 Οὔ
3701 1323 3807 1398 χρὴ

2167 1402 2349 1456 τοίνυν
2414 1404 2774 1477 πειθομένους
2859 1405 3104 1480 γνώμαις
3181 1407 3377 1482 ἐτέρων
3446 1408 3809 1479 ἀνεξετάστως

2171 1491 2325 1546 ἑνοῦν
2384 1495 2449 1565 τῇ
2506 1492 2661 1564 οὐσίᾳ
2713 1494 2813 1563 τήν
2873 1492 3162 1570 ἐνέργειαν,
3224 1494 3598 1568 ἀληθεστάτην
3645 1495 3702 1553 δὲ
3724 1499 3809 1552 καὶ

2171 1585 2287 1652 Θεῷ
2335 1578 2788 1655 πρεπωδεστάτην
2842 1581 3110 1658 ἐνέργειαν
3153 1586 3398 1660 ἡγεῖσθαι
3449 1587 3549 1655 τήν
3606 1585 3810 1662 βούλη-

2171 1691 2276 1741 σιν,
2328 1671 2593 1746 ἀρκοῦσαν
2671 1671 2807 1744 πρός
2862 1694 2920 1727 τε
2975 1672 3039 1728 τὸ
3088 1673 3222 1728 εἶναι
3282 1675 3372 1729 καὶ
3427 1676 3691 1744 σώζεσθαι
3746 1678 3809 1732 τὰ

2171 1760 2365 1825 πάντα,
2424 1759 2804 1835 μαρτυρούσης
2848 1761 2938 1815 καὶ
2987 1769 3336 1841 προφητικῆς
3372 1771 3579 1839 φωνῆς·
3635 1766 3808 1820 Πάντα

2174 1849 2275 1922 γὰρ
2308 1849 2405 1902 ὅσα
2447 1847 2733 1918 ἠθέλησεν,
2785 1849 3058 1921 ἐποίησεν*
3109 1851 3185 1909 Οὐ
3235 1853 3336 1929 γὰρ
3376 1851 3645 1909 ἐπιδέεταί
3671 1875 3811 1916 τινος

2175 1937 2312 2010 πρὸς
2342 1937 2440 2005 τὴν
2476 1939 2547 1991 ὧν
2586 1937 2842 2013 βούλεται
2871 1938 3143 2011 σύστασιν,
3188 1939 3314 1996 ἀλλ’
3363 1943 3474 2016 ἅμα
3513 1965 3572 1999 τε
3621 1943 3811 2019 βούλε-

2174 2047 2284 2094 ται,
2311 2025 2401 2080 καὶ
2420 2025 2633 2102 γέγονεν
2665 2025 2797 2104 ὅπερ
2825 2028 3116 2098 ἠθέλησεν.

421 2120 655 2189 Deoque
683 2117 1241 2172 convenientissima
1271 2117 1349 2172 sit
1377 2117 1657 2188 operatio,
1691 2117 1969 2174 nimirum
2002 2115 2297 2182 voluntas,
2328 2133 2456 2188 qua:
2485 2117 2638 2173 valet
2670 2123 2727 2174 et
2756 2119 3057 2176 sufﬁciens
3086 2125 3169 2177 est
3201 2122 3273 2178 ad
3327 2139 3522 2179 rerum
3555 2123 3815 2180 omnium

412 2213 541 2262 tum
575 2206 893 2261 essentiam
927 2210 1052 2261 tum
1086 2206 1613 2272 conservationem,
1648 2209 1901 2262 testante
1933 2206 2041 2261 hoc
2074 2206 2268 2276 ipsum
2304 2207 2478 2261 etiam
2529 2224 2667 2262 voce
2719 2208 3060 2281 prophetica
3095 2229 3108 2265 :
3144 2210 3339 2267 Omnia
3375 2212 3534 2268 enim
3564 2229 3820 2285 quaecun-

416 2311 514 2367 que
538 2295 734 2362 voluit,
767 2297 899 2365 fecit
927 2295 990 2350 “.
1023 2294 1148 2350 Non
1181 2293 1336 2351 enim
1371 2295 1491 2350 ulla
1535 2312 1596 2351 re
1625 2295 1852 2367 indiget
1899 2295 1966 2350 ad
2001 2311 2204 2351 earum
2235 2310 2453 2362 rerum,
2489 2312 2638 2368 quas
2672 2312 2800 2353 esse
2824 2296 2971 2366 vult,
3002 2300 3575 2373 consistentiam,sed
3608 2301 3816 2358 simul-

413 2388 589 2456 atque
615 2383 760 2449 vult,
788 2383 1060 2439 consistit
1087 2383 1263 2440 etiam
1296 2385 1689 2458 quodcunque
1717 2384 1922 2441 voluit.

485 2517 575 2572 24.
611 2516 892 2581 Quocirca
913 2517 1202 2589 siquidem
1221 2519 1406 2575 oratio
1449 2519 1790 2589 nostrajam
1814 2517 2072 2574 ostendit

415 2606 777 2662 voluntatem
800 2623 929 2663 esse
958 2607 1776 2680 operationem,operationem
1803 2625 1935 2664 vero
1957 2624 2072 2664 non

419 2711 549 2752 esse
580 2696 898 2752 essentiam
936 2713 950 2752 :
983 2713 1237 2769 cumque
1268 2697 1616 2770 Unigenitus
1654 2697 1849 2753 subsit
1874 2697 2076 2753 volun-

422 2784 526 2841 tati
556 2785 746 2840 Patris
769 2803 884 2842 non
907 2787 978 2842 ad
1001 2785 1338 2855 essentiam,
1364 2787 1468 2843 sed
1491 2787 1911 2858 operationem,
1946 2803 2074 2857 quae

421 2877 479 2930 et
498 2874 628 2946 ipsa
647 2879 736 2930 est
759 2874 1062 2931 voluntas:
1087 2892 1326 2932 necesse
1347 2879 1436 2932 est
1461 2881 1524 2931 ut
1559 2876 1740 2932 Filius
1770 2876 1921 2931 hanc
1955 2891 2074 2930 ser-

423 2968 518 3019 vet
545 2967 602 3019 et
631 2968 825 3020 teneat
853 2963 1324 3021 similitudinem.
1357 2965 1522 3021 Unde
1544 2965 1671 3036 jam
1722 2982 1914 3038 porro,
1942 2981 2075 3020 cum

426 3053 729 3108 commode
762 3069 828 3108 eo
848 3053 1464 3126 provehamur,tenere
1495 3072 1601 3111 nos
1620 3058 1852 3125 oportet
1881 3069 2075 3108 veram

429 3157 661 3212 quoque
695 3143 1005 3213 rationem,
1037 3159 1141 3200 cur
1190 3143 1385 3216 imago
1435 3145 1685 3200 dicatur.
1719 3147 1847 3214 Ipse
1877 3144 2082 3198 beatus

429 3229 647 3285 Paulus
674 3231 966 3302 exposuit,
999 3232 1199 3288 dicens
1231 3253 1245 3301 ;
1282 3234 1387 3300 Qui
1414 3242 1490 3289 est
1520 3236 1712 3302 imago
1756 3233 1857 3287 Dei
1885 3232 2082 3287 invisi-

432 3319 580 3388 bilis,
633 3319 1034 3391 primogenita:
1089 3321 1266 3377 omnis
1321 3326 1618 3387 creatura,
1662 3322 1794 3392 quia
1853 3322 1913 3375 in
1965 3321 2082 3391 ipso

432 3415 613 3463 creata
659 3415 787 3464 sunt
831 3411 1042 3479 omnia,
1073 3415 1194 3466 tam
1224 3427 1341 3482 qum
1383 3411 1445 3466 in
1487 3413 1615 3466 melo
1644 3427 1816 3482 quam
1864 3424 1990 3480 qua”;
2020 3411 2082 3466 in

431 3498 582 3551 terra
609 3498 1012 3562 sunt,visibilia
1039 3503 1090 3554 et
1121 3497 1437 3554 invisibilia
1469 3499 1705 3555 ".Hanc
1733 3500 1806 3554 ob
1837 3515 2078 3554 causam

435 3589 524 3640 est
545 3585 755 3658 imago.
791 3585 1002 3642 Omnia
1027 3603 1159 3644 vero
1182 3605 1311 3660 qua:
1332 3587 1390 3643 in
1414 3588 1540 3659 ipso
1557 3595 1752 3644 creata
1772 3593 1932 3657 sunt,
1963 3605 2083 3643 una

435 3689 570 3730 cum
601 3691 666 3731 eo
688 3675 788 3746 qui
812 3675 1239 3750 primogenitus
1271 3677 1504 3749 dicitur,
1524 3695 1640 3734 non
1673 3683 1826 3734 certe
1856 3678 2081 3750 ingeni-

433 3767 554 3819 tam
589 3765 906 3836 quamdam
931 3766 1248 3822 essentiam
1280 3771 1502 3822 notant.
1533 3766 1660 3823 Non
1691 3768 1848 3824 enim
1879 3783 2083 3823 eorum

436 3857 704 3924 respeetu
736 3856 990 3912 essentia
1019 3861 1129 3912 est.
1163 3857 1358 3928 Ipsam
1389 3873 1520 3914 vero
1552 3858 1949 3929 operationem
1981 3873 2086 3928 per

439 3958 619 4012 quam
652 3942 850 4011 Filius,
886 3945 942 3999 in
975 3962 1090 4017 quo
1122 3947 1341 4014 omnia,
1375 3939 1591 4002 referre
1644 3945 1837 4018 imago
1885 3946 1957 4001 ad
1989 3961 2083 4002 es-

439 4030 691 4088 sentiam
717 4050 829 4088 non
856 4037 1063 4106 potest,
1096 4052 1200 4091 nec
1221 4039 1450 4109 gestare
1472 4035 1666 4104 imago
1689 4035 1851 4090 illam
1877 4034 2086 4090 simili-

440 4122 707 4179 tudinem
739 4128 932 4196 potest
960 4124 1183 4182 ratione
1212 4125 1500 4194 essentiaa,
1535 4141 1666 4180 cum
1697 4126 1774 4180 sit
1802 4125 2084 4196 operatio,

439 4226 565 4281 quae
580 4211 959 4284 ingenital'uit
974 4230 1150 4284 penes
1165 4215 1347 4270 Deum
1370 4214 1425 4269 in
1449 4213 1905 4286 praesentiaante
1925 4230 2088 4269 cons-

435 4299 768 4356 titutionem
826 4301 1002 4358 etiam
1037 4302 1411 4374 primogeniti
1441 4306 1500 4358 et
1516 4303 1778 4356 omnium
1811 4318 1938 4372 qua:
1983 4319 2087 4373 per

437 4388 635 4460 ipsum
659 4395 855 4446 creata
873 4391 1179 4455 sunt.Quis
1201 4391 1715 4462 enim,qusaso,qui
1738 4395 1864 4445 tum
1889 4391 2082 4462 ipsum

443 4476 820 4548 Unigenitum
851 4480 1167 4546 novit,tum
1188 4480 1387 4534 omnia
1417 4495 1544 4550 qua:
1577 4495 1678 4551 per
1707 4479 1904 4551 ipsum
1935 4480 2087 4536 facta

442 4571 582 4622 sunt
611 4566 857 4634 “,etiam
894 4568 1072 4638 probe
1102 4569 1335 4638 cognita
1364 4568 1558 4636 habet,
1595 4584 1709 4622 non
1741 4567 2090 4625 confiteatur

442 4671 504 4712 se
532 4671 598 4712 eo
647 4655 862 4711 intueri
896 4672 1129 4712 omnem
1160 4657 1352 4712 Patris
1399 4656 1717 4729 potentiam
1739 4658 1766 4713 ?
1797 4659 1918 4722 Quo
1952 4675 2084 4714 cum

2251 2518 2343 2585 24,
2371 2517 2584 2573 Οὐκοῦν
2619 2516 2666 2573 εἷ’
2693 2519 2791 2588 τήν
2830 2519 2922 2592 μὲν
2960 2518 3223 2595 βούλησιν
3255 2518 3524 2593 ἀπέδειξεν
3574 2523 3602 2576 6
3655 2520 3818 2598 λόγος

2183 2603 2476 2680 ἐνέργειαν,
2526 2606 2624 2661 οὐκ
2664 2607 2849 2663 οὐσίαν
2908 2605 2966 2663 δε
3011 2610 3109 2678 τήν
3156 2609 3445 2686 ἐνέργειαν,
3511 2611 3714 2681 ὑπέστη
3763 2608 3822 2665 δὲ

2187 2693 2449 2770 βουλήσει
2479 2700 2576 2750 τοῦ
2603 2697 2813 2770 ΙΙατρὸς
2848 2698 2875 2752 6
2905 2700 3246 2771 Μονογενὴς,
3290 2699 3352 2754 οὐ
3400 2699 3536 2772 πρὸς
3577 2701 3682 2768 τὴν
3731 2699 3823 2754 οὐ-

2186 2783 2324 2854 σίαν,
2355 2785 2489 2858 πρὸς
2521 2781 2578 2839 δέ
2607 2785 2704 2858 τὴν
2734 2785 3021 2861 ἐνέργειαν,
3081 2786 3202 2856 ἥτις
3235 2786 3348 2842 ἐστὶ
3388 2788 3478 2842 καὶ
3534 2788 3822 2862 βούλησις·

2185 2872 2486 2942 ἀποσώζειν
2543 2874 2642 2942 τὴν
2673 2875 2977 2947 ὁμοιότητα
3003 2875 3094 2930 τὸν
3129 2877 3250 2931 Υἱὸν
3283 2877 3592 2953 ἀναγκαῖον.
3631 2877 3720 2946 Ἐξ
3752 2877 3824 2930 ὼν

2187 2963 2631 3036 προσαγομένους
2673 2959 2756 3017 δεῖ
2788 2963 2880 3017 τὸν
2930 2961 3113 3033 ἀληθῆ
3147 2969 3248 3030 τῆς
3295 2963 3507 3026 εἰκόνος
3539 2961 3825 3034 διασώζειν

2189 3049 2373 3124 λόγον.
2420 3050 2594 3114 Αὐτὸς
2637 3051 2664 3105 ὁ
2719 3050 2983 3124 μακάριος
3014 3058 3234 3116 ΠαῦΛος
3263 3052 3584 3128 ἐξηγήσατο,
3639 3053 3826 3107 εἰπών’

2188 3140 2288 3201 "Oc
2351 3137 2490 3193 ἐστιν
2571 3138 2730 3194 εἲκὼν
2803 3144 2898 3194 τοῦ
2965 3145 3098 3196 Θεοῦ
3152 3145 3251 3197 τοῦ
3308 3141 3560 3216 ἀοράτου,
3609 3140 3830 3217 πρωτό-

2188 3248 2349 3289 τοκος
2430 3229 2608 3298 πάσης
2694 3229 2939 3297 κτίσεως,
3018 3230 3100 3284 ὅτι
3181 3229 3232 3284 ἐν
3289 3229 3435 3302 αὐτῷ
3492 3229 3710 3300 ἐκτίσθη
3768 3231 3832 3284 τὰ

2192 3317 2387 3388 πάντα,
2442 3318 2509 3371 τά
2551 3315 2697 3372 τεέν
2756 3317 3000 3390 οὐρανῷ,
3051 3317 3141 3373 καὶ
3198 3317 3287 3373 ἐπὶ
3343 3320 3466 3393 γῆς,
3526 3320 3699 3395 ὁρατὰ
3744 3318 3831 3374 καὶ

2195 3405 2416 3481 ἀόρατα.
2468 3405 2565 3460 Διὰ
2618 3409 2780 3460 τοῦτο
2837 3406 3037 3464 εἰκών.
3096 3408 3275 3461 Πάντα
3310 3405 3399 3462 δὲ
3452 3407 3519 3462 τὰ
3575 3406 3629 3462 ἐν
3689 3407 3834 3462 αὐτῶ

2187 3495 2467 3549 κτισθέντα
2525 3494 2659 3566 μετᾶ
2711 3491 2808 3550 τοῖ’)
2861 3495 3213 3569 πρωτοτόκου
3272 3495 3333 3550 οὐ
3389 3497 3488 3564 τὴν
3537 3495 3829 3572 ἀγέννητον

2191 3583 2373 3636 οὐσίαν
2431 3582 2839 3658 χαρακτηρίζει.
2894 3583 2970 3641 Οὐ
3027 3585 3130 3658 γὰρ
3186 3583 3321 3638 κατὰ
3369 3588 3536 3638 ταῦτα
3581 3586 3617 3652 ἡ
3654 3583 3828 3639 οὐσία.

2190 3673 2297 3740 Τήν
2349 3669 2405 3726 δὲ
2434 3671 2719 3747 ἐνέργειαν,
2754 3669 2823 3727 δι’
2877 3673 2944 3741 ἧς
2975 3673 3003 3727 6
3049 3672 3193 3741 Υἱὸς,
3236 3671 3287 3727 ἐν
3320 3673 3367 3745 ᾧ
3416 3673 3485 3727 τὰ
3541 3673 3739 3740 πάντα,
3771 3672 3831 3727 οὐ

2191 3761 2329 3836 πρὸς
2359 3763 2457 3832 τήν
2502 3761 2683 3816 οὐσίαν
2733 3762 2884 3840 φέροι
2927 3762 2985 3816 ἄν
3034 3763 3068 3831 ἡ
3131 3760 3288 3816 εἰκὼν
3344 3762 3444 3831 τὴν
3505 3762 3833 3834 ὁμοιότητα,

2192 3851 2326 3926 πρὸς
2358 3847 2416 3905 δὲ
2463 3853 2560 3920 τήν
2609 3849 2877 3925 ἐνέργειαν
2927 3849 3348 3923 ἐναποκειμένην
3405 3850 3723 3925 ἀγεννήτως
3767 3854 3833 3924 τῇ

2193 3939 2522 4015 προγνώσει,
2549 3938 2638 3994 καὶ
2668 3940 2774 4014 πρὸ
2821 3945 2921 4009 τῆς
2967 3939 3318 4016 πρωτοτόκου
3366 3941 3700 4007 συστάσεως,
3747 3938 3836 3994 καὶ

2191 4034 2300 4084 τῶν
2332 4027 2383 4084 ἐν
2417 4027 2562 4101 αὖτῷ
2590 4027 2934 4093 κτισθέντων.
2965 4028 3058 4093 Τίς
3113 4031 3215 4104 γὰρ
3255 4027 3412 4084 αὐτόν
3463 4050 3522 4084 τε
3565 4030 3662 4084 τὸν
3716 4030 3837 4086 Μο-

2192 4124 2384 4194 νογενῆ
2436 4118 2743 4192 γινώσκων,
2789 4117 2881 4172 καὶ
2927 4117 3102 4172 πάντα
3145 4117 3213 4172 τὰ
3259 4115 3328 4172 δι’
3357 4117 3522 4173 αὐτοῦ
3573 4118 3841 4193 γενόμενα

2194 4208 2541 4281 καταμαθὼν,
2569 4206 2692 4274 ,οὐκ
2748 4207 2806 4261 ἂν
2866 4204 3264 4281 ὁμολογήσειεν
3317 4206 3464 4279 αὐτῷ
3518 4208 3838 4282 θεωρεῖσθαι

2193 4302 2366 4352 πᾶσαν
2398 4297 2495 4365 τήν
2527 4300 2623 4351 τοῦ
2672 4296 2883 4370 Πατρὸς
2931 4292 3202 4368 δύναμιν;
3253 4295 3397 4371 Πρὸς
3444 4294 3574 4369 ὅπερ
3622 4292 3838 4350 ἀπιδὼν

2198 4386 2226 4440 6
2261 4385 2673 4461 μακαριώτατος
2700 4383 2940 4451 Παῦλος,
2973 4384 3060 4455 οὗ,
3119 4384 3198 4438 Δι’
3253 4383 3436 4451 αὐτοῦ,
3471 4383 3662 4458 φησὶν,
3716 4381 3840 4438 ἀλλ’

2197 4476 2284 4532 Ἐν
2311 4474 2478 4544 αὐτῶ,
2529 4473 2703 4530 καίτοι
2735 4472 2989 4549 προσθεὶς
3035 4472 3119 4540 τὸ,
3153 4473 3526 4548 Ηρωτότοκος,
3577 4470 3675 4527 ἵνα
3727 4475 3844 4533 τοῖς

2198 4562 2272 4620 δι’
2344 4563 2508 4619 αὐτοῦ
2590 4563 2901 4638 γενομένοις
2958 4563 3046 4616 καὶ
3108 4561 3268 4623 αὐτὸς
3326 4559 3842 4639 συμπαραληφθεὶς,

2197 4659 2326 4709 πᾶσι
2355 4653 2591 4729 γνωρίζῃ
2617 4658 2734 4714 τοῖς
2761 4657 2928 4708 ταῦτα
2967 4655 3192 4725 συνορᾷν
3226 4648 3542 4724 δυναμένοις
3588 4650 3693 4719 τὴν
3747 4654 3844 4705 τοῦ

441 4745 761 4815 respexerit
784 4745 1162 4802 beatissimus
1183 4745 1424 4816 Paulus,
1448 4764 1586 4814 non,
1622 4746 1725 4802 Per
1756 4747 1974 4819 ipsum,
2007 4747 2074 4802 dis

2199 4743 2408 4816 Πατρὸς
2467 4741 2780 4818 ἐνέργειαν.
2837 4740 3036 4797 Εἷκόνα
3088 4738 3272 4795 τοίνυν
3332 4739 3541 4814 φαμὶν,
3602 4736 3716 4814 οὐχ
3770 4739 3844 4799 ὡς

441 4833 540 4903 cit,
573 4833 699 4902 sed,
730 4835 792 4889 In
823 4838 959 4906 ipso,
995 4840 1053 4891 et
1080 4852 1222 4892 sane
1253 4835 1520 4892 addendo
1551 4833 1612 4889 τὰ
1650 4837 1999 4906 Unigenitus,
2026 4844 2074 4891 ul

2198 4833 2470 4907 ἀγεννήτῳ
2535 4833 2778 4908 γέννημα
2828 4825 3273 4905 παραϐάλλοντες
3330 4829 3689 4904 (ἀνάρμοστον
3743 4829 3840 4904 γὰρ

440 4923 567 4994 ipse
583 4939 718 4978 cum
737 4923 1024 4996 aliis,quaa
1041 4942 1143 4998 per
1157 4925 1352 4997 ipsum
1370 4926 1521 4982 facta
1537 4930 1700 4996 sunt,
1726 4930 2089 4997 assumptus,

2197 4921 2359 4978 τοῦτό
2409 4942 2470 4995 γε
2525 4920 2614 4976 καὶ
2661 4925 2778 4982 τοῖς
2827 4925 2986 4974 πᾶσιν
3018 4916 3324 4992 ἀδύνατον),
3356 4915 3482 4972 ἀλλ’
3511 4917 3632 4972 Υίὸν
3678 4936 3842 4989 μονο-

442 5012 593 5068 hanc
624 5013 813 5068 Patris
861 5014 1256 5084 Operationem
1309 5015 1683 5072 manifestam
1733 5016 1946 5072 faceret
1973 5013 2074 5070 illi:

2199 5017 2327 5085 γενῆ
2376 5009 2465 5065 καὶ
2517 5008 2865 5086 πρωτότυκον
2916 5007 3107 5084 Πατρὶ,
3139 5014 3243 5078 τῆς
3278 5007 3373 5081 μὶν
3406 5003 3532 5061 Υἱοῧ
3563 5025 3840 5082 προσηγο·

443 5101 544 5173 qui
576 5101 698 5159 haec
725 5103 988 5158 contueri
1020 5101 1573 5176 valent.Imaginem
1606 5102 1974 5176 igiturillum
2005 5104 2074 5160 dit

2204 5099 2319 5178 ρίας
2374 5100 2474 5169 τήν
2525 5097 2709 5155 οὐσίαν
2743 5095 3048 5170 δηλούσης,
3081 5104 3180 5168 τῆς
3210 5095 3267 5154 δὶ
3298 5096 3531 5170 Πατρὸς,
3586 5096 3690 5165 τὴν
3749 5095 3843 5150 τοῦ

516 5368 562 5406 ⁸⁸
588 5365 743 5426 Psal.
774 5384 933 5442 nam,
963 5369 1018 5425 3.
1095 5367 1138 5404 ⁰⁷
1166 5366 1390 5428 Coloss.
1425 5386 1466 5439 ι,
1497 5368 1588 5441 45,
1621 5368 1709 5426 16.
1785 5368 1828 5406 θ’
1855 5371 2025 5427 Joan.
2048 5383 2090 5443 ι,
2119 5369 2175 5432 3.

235 5643 314 5712 ρ-
370 5623 629 5712 Ἧι,(42)
661 5619 984 5698 Συμϐαίνοι.
1022 5625 1212 5695 Forte,
1245 5617 1554 5698 συμϐαίνει.
1585 5626 1745 5682 EDIT.

138 5671 586 5815 res:

586 5817 610 5847 ἰ

610 5851 898 6096 Χ
