4120 6230
379 327 490 390 861

1445 329 1778 392 EUNOMII
1823 329 2055 392 LIBER
2104 331 2723 396 APOLOGETICUS.

3670 339 3790 400 862

376 460 739 534 γεννήσαντος
791 459 1080 535 ἐνέργειαν.
1135 459 1200 516 El
1271 456 1329 514 δί
1391 481 1474 521 τις
1530 458 1858 538 φιλονείκως
1914 467 2026 526 τοῖς

2143 463 2480 530 cimus,non
2502 467 2653 537 quod
2675 466 2935 538 ingenito
2967 465 3230 538 genitum
3267 462 3791 541 assimilemusﬁn'

380 548 606 610 οἰκείοις
641 547 892 621 ἐμμένων
927 550 1002 621 μὴ
1036 548 1303 624 προσέχοι
1327 553 1445 612 τοῖς
1499 548 1707 625 ῥηθεῖσι
1753 550 1844 604 τὸν
1887 554 2029 618 νοῦν,

380 632 690 705 ἑκϐιάζοιτο
753 634 809 691 δὲ
868 638 966 706 τήν
1025 641 1122 691 τοῦ
1177 638 1387 712 Πατρὸς
1443 639 1819 713 προσηγορίαν
1853 637 2032 701 οὐσίας

379 725 512 780 εἶναι
573 726 940 799 σημαντικήν,
1000 723 1341 798 μεταδιδότω
1397 727 1488 781 καὶ
1521 724 1616 799 ’τῷ
1646 729 1756 800 Υἱῷ
1787 728 1875 782 καὶ
1931 736 2030 798 τῆς

380 814 577 886 ὁμοίας
625 810 884 889 φωνῆς,
944 815 989 886 ᾧ
1047 811 1342 890 προλαϐὼν
1424 813 1692 888 μετέδωκε
1769 817 1857 872 καὶ
1929 825 2028 887 τῆς

378 902 574 972 ὁμοίας
630 903 832 965 οὐσίας’
870 901 1084 976 μᾶλλον
1147 901 1204 959 δὲ
1260 904 1461 982 ἀμφοῖν
1523 904 1782 982 ἐκατέρῳ,
1839 910 1920 978 τῷ
1973 927 2032 960 τε

379 992 549 1065 Πατρὶ
599 998 699 1060 τῆς
731 989 884 1061 Υίοῦ,
914 991 1004 1046 καὶ
1039 996 1118 1064 τῷ
1145 993 1256 1065 Υἱῷ
1283 999 1383 1062 τῆς
1415 993 1647 1068 Πατρός·
1676 995 1711 1063 ἡ
1766 994 1869 1070 γὰρ
1928 1001 2031 1064 τῆς

376 1080 565 1143 οὐσίας
626 1076 893 1154 ὁμοιότης
946 1086 1066 1143 ταῖς
1141 1081 1328 1146 αὐταῖς
1393 1081 1681 1155 ὀνομάζειν
1752 1103 2030 1160 προσηγο-

375 1168 518 1244 ρίαις
546 1168 834 1245 ἀναγκάζει
863 1176 992 1234 τοὺς
1020 1169 1224 1241 ταύτην
1267 1171 1392 1247 περὶ
1439 1170 1612 1226 αὐτῶν
1662 1168 1889 1248 ἔχοντας
1928 1173 2027 1241 τὴν

379 1256 560 1329 δόξαν.

2141 553 2494 609 conveniens
2515 555 2670 610 enim
2695 559 2752 610 et
2778 555 3048 626 ineptum
3069 555 3180 611 hoc
3200 561 3574 628 esset,neque
3594 575 3627 612 a
3644 574 3787 629 quo-

2141 659 2315 713 quam
2351 643 2612 714 praastari
2645 645 2879 715 potest),
2914 645 3012 699 sed
3063 643 3269 698 Filium
3320 645 3688 716 unigenitum
3732 651 3788 701 et

2141 731 2596 802 primogenitum
2630 733 2822 787 Patris
2842 731 3113 799 dicimus,
3139 732 3238 787 ubi
3270 733 3508 805 quidem
3531 732 3656 788 Filii
3681 750 3786 805 ap-

2140 819 2375 892 pellatio
2405 821 2721 876 essentiam
2753 821 3012 888 denotat,
3044 822 3234 877 Patris
3264 826 3458 878 autem
3491 821 3787 894 gignentia

2138 908 2618 979 operationem.Si
2639 925 2771 964 vero
2785 909 2916 980 quis
2935 910 3323 966 contendendi
3346 910 3544 966 studio
3566 911 3624 965 in
3650 927 3784 982 pro—
3893 919 3900 926 ’

2140 997 2282 1068 priis
2313 1002 2618 1068 permanet
2650 997 3052 1069 opinionibus,
3083 1003 3142 1054 et
3171 1014 3258 1054 ea.
3282 1015 3423 1068 _quze
3461 999 3588 1070 jam
3626 999 3786 1056 dicta

2139 1089 2300 1154 sunt,
2333 1103 2475 1141 sana
2507 1091 2702 1142 mente
2731 1087 3053 1157 ponderare
3098 1091 3330 1142 recusat
3373 1087 3657 1143 violenter
3676 1106 3783 1144 au-

2137 1178 2255 1229 tem
2285 1175 2488 1240 instat,
2537 1175 2726 1230 Patris
2769 1175 3227 1248 appellationem
3273 1176 3544 1232 essentia
3593 1177 3784 1249 signi-

2140 1263 2430 1318 ﬁcativam
2473 1280 2624 1331 esse,
2675 1265 2852 1320 faciat
2891 1265 2989 1320 ille
3038 1264 3215 1320 etiam
3263 1253 3533 1321 eamdem
3582 1281 3782 1322 vocem

372 1365 748 1406 communem
780 1366 911 1406 cum
945 1351 1109 1421 Filio,
1161 1367 1332 1424 quem
1385 1355 1558 1407 antea
1608 1352 1874 1423 ejusdem
1906 1351 2080 1408 etiam
2118 1352 2384 1408 essentia
2442 1352 2786 1424 participem
2845 1353 3025 1408 fecit:
3060 1353 3179 1408 imo
3209 1353 3422 1424 lpotius
3471 1358 3785 1425 utramque

370 1440 686 1506 ambobus,
721 1438 845 1494 Filii
877 1439 1103 1495 scilicet
1135 1440 1590 1512 appellationem
1624 1440 1804 1509 Patri,
1846 1445 1903 1496 et
1959 1441 2142 1498 Patris
2199 1441 2649 1514 appellationem
2707 1442 2964 1498 vicissim
3023 1441 3165 1497 Filio
3216 1443 3480 1510 tribuat;
3514 1443 3780 1499 essentiae

373 1529 531 1586 enim
565 1527 893 1585 similitudo
923 1533 1087 1601 coget
1117 1545 1238 1596 eos,
1271 1529 1372 1601 qui
1419 1529 1570 1585 hanc
1620 1530 1692 1586 de
1751 1529 1898 1602 ipsis
1927 1528 2260 1602 opinionem
2294 1531 2532 1602 habent,
2586 1531 2798 1587 iisdem
2861 1530 3350 1602 appellationibus
3409 1531 3570 1603 ipsos
3600 1532 3782 1588 nomi-

377 1636 540 1676 nare.

447 1745 539 1799 25.
571 1741 911 1818 ’Λρκούντων
947 1739 1004 1797 δὲ
1036 1742 1150 1816 (43)
1179 1742 1314 1814 ἡμῖν
1341 1740 1613 1796 τοσούτων
1645 1740 1735 1795 καὶ
1767 1740 1890 1817 περὶ
1935 1745 2026 1795 τοῦ

2208 1743 2298 1800 25.
2332 1744 2474 1800 Cum
2505 1761 2638 1800 vero
2669 1743 2790 1800 haec
2819 1742 2988 1800 nobis
3020 1742 3318 1799 sufﬁciant
3347 1743 3418 1798 de
3449 1741 3778 1814 Unigenito,

375 1835 738 1906 Μονογενοῦς,
770 1827 1071 1887 ἀκόλουθον
1104 1829 1166 1885 ἂν
1198 1827 1280 1901 ε’ίη
1314 1831 1403 1885 καὶ
1430 1828 1553 1907 περὶ
1591 1834 1687 1885 τοῦ
1736 1829 2028 1906 Παρακλή-

372 1941 473 1976 του
505 1919 699 1975 λοιπὸν
753 1919 942 1990 εἰπεῖν,
976 1919 1036 1976 ού
1082 1923 1200 1982 ταῖς
1247 1919 1613 1990 ἀνεξετάστοις
1643 1922 1748 1976 τῶν
1799 1918 2026 1975 πολλῶν

374 2008 815 2074 ἀκολουθοῦντας
869 2007 1069 2083 δόξαις,
1099 2010 1200 2079 τήν
1261 2007 1318 2064 δὲ
1366 2013 1475 2064 τῶν
1537 2008 1700 2084 άγίων
1755 2009 1805 2063 ἰν
1862 2009 2025 2063 ἅπασι

372 2099 742 2176 φυλάσσοντας
776 2097 1154 2171 διδασκαλίαν,
1183 2099 1312 2175 παρ’
1343 2099 1416 2152 ὧν
1447 2098 1631 2172 τρίτον
1683 2096 1813 2152 αύτὸ
1863 2096 2026 2170 ἀξιώ-

373 2209 502 2261 ματι
558 2188 649 2243 καὶ
705 2189 848 2260 τάξει
913 2187 1193 2262 μαθόντες,
1223 2188 1406 2262 τρίτον
1455 2187 1589 2242 εἶναι
1623 2186 1711 2242 καὶ
1741 2189 1811 2261 τῇ
1870 2185 2025 2261 φύσει

372 2275 825 2352 πεπιστεύκαμενο
862 2277 960 2333 ούκ
1015 2271 1464 2351 ἂπαμειόομὲνων
1515 2282 1636 2339 ταῖς
1686 2275 1872 2354 φύσεσι
1914 2279 2022 2331 τῶν

374 2365 701 2439 ἀξιωμάτων
734 2366 870 2422 κατᾶ
898 2368 995 2436 τὴν
1032 2365 1082 2422 ἐν
1111 2367 1419 2442 ἀνθρώποις
1477 2365 1538 2422 ἐκ
1586 2364 1870 2428 πολιτείας
1929 2387 2023 2440 με·

372 2449 639 2526 ταϐολήν,
683 2452 795 2510 οὔτ’
853 2453 1274 2532 ἐνηλλαγμὲνης
1332 2458 1431 2522 τῆς
1489 2455 1687 2527 τάξεως
1736 2456 1874 2510 κατὰ
1925 2456 2026 2525 τὴν

377 2541 737 2620 δημιουργίαν
781 2543 1033 2608 ἐναντίως
1078 2549 1196 2607 ταῖς
1249 2544 1473 2616 ούσίαις,
1507 2542 1636 2600 ἀλλ’
1679 2544 2027 2620 εύαρμόστως

379 2633 620 2709 ἐχούσης
657 2634 794 2710 πρὸς
823 2634 924 2703 τήν
957 2633 1136 2712 φύσιν,
1171 2633 1246 2696 ὡς
1280 2635 1419 2707 μήτε
1445 2633 1508 2689 τὸ
1534 2638 1750 2710 πρῶτον
1783 2638 1851 2708 τῇ
1881 2634 2023 2706 τάξει

381 2718 629 2798 δεύτερον
663 2723 796 2778 εἶναι
826 2723 926 2794 τήν
960 2723 1139 2799 φύσιν,
1173 2725 1313 2796 μήτε
1349 2724 1455 2796 μὴν
1503 2725 1566 2778 τὸ
1610 2723 1764 2800 φύσει
1807 2727 2022 2796 πρῶτον

380 2808 630 2887 δευτέρας
676 2811 711 2881 ἢ
754 2809 944 2888 τρίτης
989 2809 1180 2888 λαχεῖν
1223 2811 1445 2882 τάξεως.
1479 2813 1688 2870 Οὐκοῦν
1740 2809 1887 2884 ε’ίπερ
1925 2809 2027 2881 ἥδε

373 2903 474 2966 τῇς
502 2904 612 2955 τῶν
641 2905 850 2972 νοητῶν
885 2897 1250 2976 δημιουργίας
1297 2902 1489 2977 ἀριστη
1537 2900 1706 2974 τάξις,
1738 2900 1919 2975 τρίτον
1965 2899 2022 2956 ὃν

377 2988 440 3042 τὸ
469 2992 688 3062 Πνεῦμα
718 2989 781 3044 τὸ
813 2990 964 3064 ἅγιον
995 2990 1095 3058 τήν
1124 2988 1294 3062 τάξιν,
1327 2990 1431 3045 οὐκ
1459 2988 1519 3044 ἂν
1550 2994 1766 3063 πρῶτον
1809 2988 1891 3060 εἷή
1924 2990 2022 3059 τήν

385 3075 562 3154 φύσιν,
618 3077 751 3154 ὅπερ
810 3077 950 3133 εστὶν
1012 3079 1039 3133 ὁ
1094 3079 1226 3142 Θεὸς
1294 3078 1383 3134 καὶ
1441 3080 1627 3153 Πατήρ
1685 3083 1755 3135 Ἤ
1809 3077 1908 3153 γὰρ
1963 3075 2022 3132 ἂν

381 3163 568 3236 εὔηθες
622 3165 713 3220 καὶ
768 3168 1015 3242 περιττὸν
1073 3167 1166 3222 τὸν
1225 3167 1382 3222 αὐτὸν
1442 3168 1575 3223 ποτὶ
1627 3167 1720 3241 μὲν
1774 3167 2024 3242 πρώτην,

381 3255 514 3309 ποτὲ
546 3252 604 3311 δὲ
631 3255 821 3330 τρίτην
855 3251 1002 3332 ἔχειν
1036 3255 1248 3334 χώραν,
1278 3254 1333 3312 ἓν
1364 3277 1423 3312 τε
1461 3254 1626 3334 ἄμφω
1676 3256 1831 3326 εἶναι,
1861 3255 1923 3310 τό
1972 3276 2029 3310 τε

383 3343 885 3419 προσκυνούμενον,
917 3344 1008 3400 καὶ
1039 3344 1090 3400 ἰν
1133 3345 1180 3418 ᾦ
1227 3351 1630 3421 προσκυνεῖναι,
1657 3345 1776 3400 καθ’
1806 3345 1838 3399 ἅ
1865 3366 2026 3422 φησιν

385 3434 414 3488 ὁ
472 3431 709 3509 Κύριος·
774 3438 994 3508 Πνεῦμα
1049 3436 1077 3489 ὁ
1136 3436 1289 3506 Θεὸς,
1336 3435 1426 3490 καὶ
1482 3433 1609 3498 τοὺς
1672 3438 2032 3509 προσκυνοῦν-

387 3542 483 3584 τας
540 3520 720 3594 αὐτὸν,
779 3522 833 3578 ἐν
901 3523 1175 3597 Πνεύματι
1224 3524 1315 3580 καὶ
1372 3523 1606 3596 ἀληθείᾳ
1651 3521 1735 3579 δεῖ
1787 3545 2030 3601 προσκυ-

386 3615 518 3668 νεῖν.
551 3608 690 3669 Οὐδὲ
749 3612 856 3685 μὴν
914 3613 1107 3668 ταυτὸν
1162 3617 1242 3686 τῷ
1298 3615 1618 3688 Μονογενεῖ.
1678 3612 1750 3668 Ού
1809 3613 1912 3690 γὰρ
1970 3614 2029 3669 ἂν

389 3699 750 3775 ὑπηριθμήθη
782 3699 959 3774 τούτῳ
989 3701 1063 3762 ὡς
1113 3698 1256 3757 ῗδίαν
1297 3697 1439 3776 ἔχων
1489 3701 1801 3771 ὑπόστασιν,
1833 3703 2030 3777 ἀρκού-

385 3809 487 3859 σης
515 3789 604 3843 καὶ
638 3788 744 3862 πρὸ
781 3788 988 3844 τούτων
1034 3796 1134 3860 τῆς
1180 3794 1278 3845 τοῦ
1323 3797 1583 3867 Σωτῆρος
1621 3793 1830 3865 φωνῆς,
1862 3789 1932 3846 δι’
1959 3795 2026 3862 ἧς

313 3929 318 3937 ,
378 3873 561 3953 ἕτερον
594 3871 697 3951 ἔφη
757 3882 937 3953 σαφῶς
981 3879 1073 3934 τὸν
1130 3873 1646 3953 ἀποπαλησὸμενον
1701 3881 1831 3935 εἶναι
1890 3881 2026 3955 πρὸς

384 3965 693 4038 ὑπόμνησιν
750 3965 839 4021 καὶ
881 3964 1230 4024 διδασκαλίαν
1279 3972 1386 4023 τῶν
1416 3968 1760 4024 ἀποστόλων.
1794 3967 2025 4026 Οὐδέτε-

381 4075 474 4129 ρον
539 4055 633 4128 μὲν
691 4054 910 4130 ἀριθμῷ
965 4056 1111 4133 παρᾶ
1164 4058 1263 4137 τὸν.
1314 4059 1464 4131 Θεὸν,
1497 4057 1790 4133 ἀγίννητον
1821 4056 1898 4116 δέ.
1931 4061 2026 4122 Εἷς

375 4143 478 4219 γὰρ
531 4142 621 4198 καί
684 4144 848 4217 μόνος
899 4144 1213 4222 ἀγέννητος,
1247 4146 1296 4220 ἐξ
1357 4147 1418 4202 οῦ
1471 4147 1540 4202 τὰ
1581 4149 1757 4203 πάντα
1782 4149 2023 4224 γὲγονεν.

377 4233 448 4289 Ἠ
477 4231 618 4289 ἄλλο
655 4233 748 4307 μὶν
777 4233 924 4306 παρᾶ
950 4235 1043 4290 τὸν
1077 4235 1225 4309 Υἱὸν,
1253 4237 1498 4312 γέννημα
1533 4234 1609 4295 δὲ.
1644 4239 1739 4298 Εἷς
1781 4236 1882 4313 γὰρ
1935 4237 2023 4293 καὶ

380 4323 696 4398 μονογενής,
725 4324 754 4378 ὁ
792 4322 990 4398 Κύριος
1046 4326 1232 4398 ἡμῶν,
1276 4327 1352 4380 Δι’
1403 4326 1466 4380 οὗ
1516 4325 1583 4381 τὰ
1639 4327 1834 4399 πάντα,
1890 4328 2027 4382 κατά

375 4409 474 4466 τὸν
505 4410 846 4467 Ἀπόστολον
901 4410 1082 4469 Ἀλλὰ
1109 4414 1195 4469 καὶ
1227 4413 1406 4490 τρίτον
1437 4413 1527 4470 καὶ
1558 4416 1711 4494 φύσει
1741 4412 1832 4470 καί
1857 4416 2023 4488 τάξει,

2139 1849 2504 1905 consequens
2553 1834 2726 1889 fuerit
2755 1833 3030 1905 deinceps
3073 1834 3144 1889 de
3194 1832 3489 1888 Paracleto
3548 1848 3783 1903 quoque

2138 1922 2350 1990 dicere,
2383 1940 2496 1979 non
2530 1926 2806 1980 sectando
2831 1925 3151 1979 multorum
3179 1923 3485 1994 opiniones
3509 1938 3624 1976 non
3647 1937 3778 1992 pro-

2137 2011 2303 2068 batas
2333 2017 2434 2067 aut
2463 2012 2607 2068 satis
2636 2030 2943 2085 expensas,
2976 2013 3076 2070 sed
3110 2012 3393 2068 servando
3415 2010 3472 2065 in
3504 2009 3777 2065 omnibus

2135 2104 2474 2156 sanctorum
2505 2101 2855 2172 doctrinam,
2888 2120 2920 2156 a
2949 2100 3165 2172 quibus
3213 2115 3345 2154 cum
3396 2099 3779 2154 didicerimus

2135 2189 2376 2244 tertium
2409 2184 2694 2261 dignitate
2724 2194 2781 2245 et
2809 2189 3032 2259 ordine,
3065 2189 3302 2244 tertium
3335 2203 3566 2258 quoque
3603 2187 3778 2257 juxta

2134 2281 2408 2334 naturam
2442 2294 2639 2333 revera
2666 2293 2795 2333 esse
2825 2277 3140 2332 credimus.
3172 2276 3296 2331 Non
3330 2275 3485 2346 quod
3517 2273 3777 2345 dignita-

2136 2371 2220 2423 tes
2253 2384 2412 2423 more
2445 2367 2746 2423 hominum
2767 2367 2982 2422 usitato
3005 2365 3066 2420 in
3089 2363 3494 2421 vicissitudine
3519 2362 3776 2436 politica,

2135 2457 2362 2512 naturis
2391 2455 2554 2512 hisce
2601 2455 2779 2512 etiam
2825 2471 2928 2527 per
2967 2455 3122 2511 vices
3164 2453 3530 2526 contingant,
3584 2468 3772 2524 neque

2132 2546 2307 2602 etiam
2340 2546 2511 2617 quasi
2530 2547 2670 2602 ordo
2701 2545 2784 2601 ita
2812 2544 2891 2601 sit
2937 2547 3305 2616 permutatus
3351 2543 3412 2598 in
3460 2541 3772 2612 creatione,

2135 2641 2200 2691 ut
2228 2635 2502 2692 easentiis
2530 2636 2582 2692 is
2611 2635 2690 2692 sit
2717 2635 3043 2691 contrarius
3068 2651 3082 2703 ;
3117 2633 3218 2689 sed
3252 2633 3405 2704 quod
3423 2630 3774 2688 conveniens

2133 2725 2212 2781 sit
2242 2724 2354 2798 ipsi
2394 2729 2637 2792 naturai,
2669 2728 2735 2780 ut
2763 2739 2952 2794 neque
2974 2723 3130 2794 quod
3154 2721 3409 2794 primum
3441 2721 3552 2776 fuit
3572 2718 3777 2775 ordine

2135 2815 2459 2870 secundum
2490 2814 2568 2869 sit
2588 2814 2762 2885 juxta
2793 2815 3291 2882 naturam,neque
3322 2810 3498 2866 etiam
3529 2809 3586 2864 id
3619 2807 3775 2880 quod

2136 2903 2392 2975 primum
2426 2907 2635 2958 natura
2668 2903 2811 2958 ’101
2847 2901 2974 2968 fuit,
3016 2900 3343 2956 secundum
3392 2902 3491 2953 aut
3537 2896 3776 2953 tertium

2134 2991 2414 3048 sortiatur
2435 2991 2718 3047 ordinem.
2753 2988 3034 3056 Quocirca
3065 2986 3358 3059 siquidem
3405 2984 3776 3041 constitutio-

2135 3080 2228 3136 nis
2259 3097 2462 3136 eorum
2494 3096 2618 3151 quas
2660 3082 2856 3135 mente
2900 3081 3136 3134 tantum
3185 3075 3610 3148 percipiuntur,
3660 3091 3777 3129 non

2142 3173 2328 3240 potest
2377 3187 2491 3226 non
2541 3169 2800 3240 Optimus
2847 3183 2978 3224 esse
3029 3163 3483 3236 ordo:Spiritus
3539 3167 3780 3220 sanctus

2138 3276 2273 3316 cum
2303 3258 2382 3315 sit
2407 3258 2648 3314 tertium
2681 3257 2906 3324 ordine,
2939 3255 3195 3327 primum
3229 3270 3358 3310 esse
3402 3270 3517 3309 non
3573 3250 3781 3324 poterit

2139 3352 2368 3418 natura,
2430 3347 2488 3404 id
2539 3347 2694 3419 quod
2745 3350 2834 3402 est
2881 3344 3033 3401 Deus
3082 3348 3139 3399 et
3179 3343 3367 3400 Pater.
3419 3341 3644 3397 Etenim
3693 3339 3780 3396 vel

2137 3437 2402 3509 ineptum
2434 3441 2491 3493 et
2518 3436 2830 3492 abundans
2858 3439 3032 3504 esset,
3064 3433 3114 3490 si
3145 3433 3418 3488 eumdem
3449 3430 3778 3486 diceremus

2137 3526 2782 3599 modoprimum,modo
2823 3523 3060 3580 tertium
3108 3521 3777 3589 tenerelocum;unum-

2138 3633 2250 3686 que
2277 3619 2333 3672 et
2363 3615 2517 3672 idem
2545 3631 2695 3686 esse,
2727 3615 2784 3670 id
2819 3613 2974 3686 quod
3013 3612 3288 3668 adorator
3317 3613 3373 3666 et
3401 3609 3545 3665 illud
3570 3609 3630 3665 in
3662 3625 3777 3680 quo

2138 3705 2414 3761 adorator
2438 3729 2452 3772 ;
2484 3704 2983 3776 quemadmodum
3005 3701 3130 3773 ipse
3145 3698 3581 3757 Dominusdicit
3602 3715 3616 3754 :
3640 3699 3778 3753 Deus

2102 3819 2109 3822 -
2137 3796 2210 3849 est
2239 3795 2484 3865 spiritus,
2515 3801 2566 3849 et
2591 3809 2701 3860 eos,
2732 3794 2828 3864 qui
2858 3791 3026 3848 illum
3055 3790 3308 3860 adorant,
3340 3795 3550 3860 Oportet
3578 3789 3637 3842 in
3659 3787 3778 3858 spi-

2136 3884 2250 3938 ritu
2279 3885 2332 3938 et
2359 3882 2585 3937 veritate
2604 3881 2836 3937 adorare
2864 3880 3133 3952 “.Neque
3154 3878 3304 3935 enim
3327 3893 3510 3933 unum
3543 3878 3599 3932 et
3619 3874 3774 3930 idem

2135 3976 2224 4026 est
2254 3986 2387 4027 cum
2417 3969 2767 4042 Unigenito;
2801 3969 2947 4026 alias
2973 3968 3128 4025 enim
3161 3984 3274 4024 non
3306 3966 3550 4023 haberet
3571 3980 3776 4019 nume-

2135 4077 2267 4116 rum
2301 4076 2476 4116 suum
2508 4062 2638 4130 post
2667 4058 2909 4126 Filium;
2945 4060 3143 4128 utpote
3172 4055 3274 4128 qui
3323 4071 3492 4112 suam
3543 4067 3776 4124 quoque

2135 4149 2431 4221 prapriam
2460 4147 2851 4204 substantiam
2882 4146 3076 4214 habet,
3127 4143 3454 4202 sufﬁciente
3494 4142 3674 4198 etiam
3704 4141 3774 4195 ad

2134 4237 2346 4294 horum
2380 4236 2879 4294 confirmationem
2914 4235 3042 4307 ipsa
3087 4233 3400 4290 Salvatoris
3448 4248 3610 4300 voce,
3659 4246 3779 4302 qua

2133 4326 2442 4384 manifeste
2473 4326 2769 4383 diversum
2799 4324 2981 4381 dixit‘
3007 4340 3136 4380 esse
3164 4339 3298 4379 eum
3322 4319 3423 4393 qui
3453 4319 3777 4375 mittendus

2134 4421 2259 4472 erat
2289 4416 2362 4472 ad
2402 4416 2867 4472 recordationem
2914 4412 3336 4486 apostolorum.
3386 4410 3587 4481 Neque
3635 4423 3777 4464 sane

381 4498 764 4575 προστάγματι
793 4505 890 4556 τοῦ
921 4503 1154 4578 Ματρὸς,
1186 4489 1426 4579 ἐνεργείᾳ
1456 4500 1514 4558 δὶ
1556 4489 1651 4560 τοῦ
1699 4504 1827 4559 Υίοῦ
1875 4507 2026 4580 γενό-

2137 4521 2382 4561 numero
2414 4505 2735 4577 quidquam
2778 4508 2867 4560 est
2913 4502 3071 4559 aliud
3122 4505 3326 4574 praeter
3370 4499 3574 4568 Deum,
3607 4496 3775 4570 quasi

380 4609 565 4661 μενον,
585 4589 745 4664 τρίτῃ
776 4591 938 4665 χώρᾳ
963 4591 1300 4665 τιμώμενον,
1333 4593 1407 4654 ὡς
1454 4597 1670 4668 πρῶτον
1717 4593 1809 4648 καὶ
1843 4599 2026 4667 μεῖζον

378 4675 620 4750 πάντων,
651 4676 741 4732 καὶ
777 4677 942 4751 μόνον
969 4683 1186 4735 τοιοῦτο
1263 4681 1360 4736 τοῦ
1408 4680 2025 4756 Μονογενοῦςνποίημα·

378 4764 640 4838 θεότητος
673 4767 770 4841 μὶν
814 4766 903 4822 καὶ
949 4765 1350 4844 δημιουργικῆς
1395 4766 1674 4844 δυνάμεως
1727 4768 2024 4827 ἀπολειπόο

383 4875 564 4929 μενον,
599 4856 914 4932 άγιαστικῆς
957 4855 1015 4912 δὶ
1063 4857 1154 4912 καὶ
1212 4854 1602 4929 διδασκαλικῆς
1661 4860 2030 4935 πεπληρωμέ-

375 4959 495 5000 νον.
527 4943 670 5007 Τοὺς
701 4946 808 5020 γάρ
834 4966 920 5001 τοι
951 4947 1375 5009 πεπιστευκότας
1407 4947 1676 5025 ἐνεργειαν
1726 4950 1857 5004 εἶναί
1905 4970 2028 5005 τινα

373 5035 472 5088 τοῦ
532 5038 667 5088 Θεοῦ
724 5035 816 5091 τὸν
877 5033 1259 5111 Παράκλητον,
1313 5036 1424 5092 εἶτα
1483 5042 1603 5100 ταῖς
1661 5037 1870 5101 ούσίαις
1922 5039 2028 5094 ὑπ-

374 5122 764 5196 αριθμοῦντας,
797 5123 871 5187 ὡς
905 5123 1026 5181 λίαν
1060 5123 1270 5196 εὐήθεις
1319 5125 1410 5180 καὶ
1460 5125 1605 5182 πολὺ
1643 5125 1738 5194 τῆς
1770 5126 2029 5199 ἀληθείας

373 5209 935 5287 ἀπεσχοινισμένους,
995 5216 1085 5270 νῦν
1147 5210 1492 5293 διελέγχειν,
1549 5220 1756 5290 μακρᾶς
1817 5213 1876 5272 ἃν
1939 5213 2022 5289 ε’ίη

375 5297 609 5373 σχολῆς.

447 5475 494 5512 θ’
518 5479 686 5534 Joan.
722 5493 798 5547 ιν,
827 5478 925 5537 24.
1036 5482 1055 5518 ⁸
1084 5483 1252 5538 Joan.
1283 5498 1398 5554 xxv,
1432 5481 1520 5554 l6,
1544 5483 1636 5540 26.

447 5654 560 5726 (43)
593 5655 842 5714 Basilius
870 5655 977 5716 lib.
1010 5673 1096 5729 In,
1128 5675 1186 5732 p.
1217 5659 1317 5716 271
1351 5666 1408 5718 et
1433 5662 1560 5718 276.

2137 4594 2315 4650 etiam
2340 4594 2640 4667 ingenitus
2670 4593 2910 4666 quidam
2941 4609 2953 4648 :
2989 4608 3142 4647 unus
3174 4590 3330 4646 enim
3362 4587 3488 4660 ipse
3521 4590 3579 4642 et
3615 4585 3778 4643 solus

2137 4682 2432 4754 ingenitus
2463 4688 2572 4750 est,
2605 4699 2675 4738 ex
2703 4698 2819 4753 quo
2857 4681 3058 4737 omnia
3082 4681 3236 4736 facta
3265 4682 3438 4746 sunt;
3470 4679 3572 4733 aut
3616 4673 3777 4730 aliud

2137 4787 2279 4827 sane
2303 4775 2512 4843 praeter
2546 4768 3485 4842 Filium,progenies,inquam,seu
3519 4777 3777 4836 propago

2137 4861 2430 4932 quaedam,
2461 4877 2613 4916 unus
2643 4859 2800 4916 enim
2829 4864 2888 4915 et
2917 4857 3078 4915 solus
3096 4861 3184 4913 est
3214 4851 3778 4926 unigenitus,Domi-

2136 4965 2252 5006 nus
2281 4950 2610 5020 noster,Per
2629 4964 2788 5021 quem
2808 4951 2936 5003 sunt
2964 4947 3148 5004 omnia
3177 4945 3388 5017 ',juxta
3407 4941 3776 5016 Apostolum,

2134 5038 2352 5095 Verum
2385 5017 2798 5110 tertium—quid
2827 5041 2920 5093 est
2961 5040 3087 5092 tum
3120 5038 3333 5091 natura
3375 5037 3500 5089 tum
3550 5017 3822 5098 ordine,’

2129 5129 2300 5200 jussu
2327 5128 2564 5202 quidem
2583 5127 3134 5199 Patris,operatiune
3155 5129 3350 5181 autem
3377 5121 3502 5178 Filii
3537 5121 3775 5186 factum;

2123 5217 2308 5286 tertio
2338 5217 2463 5274 loco
2479 5216 2857 5288 colitur,quia
2877 5215 3145 5273 videlicet
3173 5212 3378 5270 ordine
3408 5215 3465 5267 et
3493 5209 3780 5280 dignitate

2135 5309 2374 5380 prestat
2401 5305 2553 5380 aliis,
2587 5310 2645 5365 et
2679 5306 2922 5365 unicum
2969 5305 3086 5363 tale
3135 5299 3430 5375 Unigeniti
3477 5312 3628 5368 opus
3664 5297 3774 5364 est,
3806 5335 3814 5354 .

1716 5483 1738 5520 ³
1763 5483 2009 5554 Coloss.,
2040 5501 2081 5556 ι,
2115 5487 2204 5544 16.
