4120 6230
360 355 480 416 863
1309 354 1701 414 APPENDIX
1743 353 2001 416 OPERU

2115 352 2173 413 S.
2219 353 2500 415 BASILII
2547 352 2821 414 MAGNI.
3525 373 3530 375 -
3656 349 3780 408 864

361 487 575 543 deitate
605 487 841 556 quidem
874 490 928 540 et
959 486 1219 557 potentia
1251 487 1483 540 creandi
1518 492 1760 552 remota,
1801 485 2210 541 sanctiﬁcandi
2242 491 2439 542 autem
2496 489 2553 541 et
2609 483 2857 540 docendi
2918 481 3193 536 facultate
3249 479 3580 535 abundans.
3634 479 3783 535 Illos

361 576 517 631 enim
551 575 652 646 qui
683 575 1047 630 Paracletum
1080 574 1478 646 operationem
1510 576 1828 646 quamdam
1861 575 1959 630 Dei
2002 591 2131 631 esse
2160 579 2423 644 credunt,
2457 581 2515 630 et
2566 574 2780 630 deinde
2836 570 3003 626 illum
3062 569 3336 626 essentiis
3381 569 3778 646 subiungunt,

361 669 642 735 tanquam
669 663 839 718 valde
870 662 1130 719 insulsos
1159 671 1214 718 et
1237 680 1272 718 a
1302 663 1543 719 veritate
1574 664 1746 734 longe
1777 669 2032 719 remotos
2089 664 2138 720 si
2171 682 2327 720 nunc
2360 665 2614 721 refutare
2644 661 2951 732 vellemus,
3015 659 3190 732 longa
3221 674 3362 714 sane
3415 673 3582 714 mora
3611 658 3686 713 ad
3721 658 3783 712 id

361 753 532 810 nobis
562 769 708 824 opus
731 753 896 808 foret.

425 925 515 980 26.
551 925 782 992 Verum,
818 939 887 978 ne
936 939 1274 978 sermonum
1324 921 1661 994 prolixitate
1709 923 2001 979 auditores

2190 925 2280 978 26.
2318 921 2478 978 ’Λλλ’
2502 920 2596 976 ’ίνα
2629 922 2704 994 μή
2734 923 2814 992 τῷ
2849 921 3012 992 μήκει
3040 921 3149 972 τῶν
3202 915 3386 994 λόγων
3448 915 3784 986 ἀποκνήσω-

355 1013 960 1085 gravemus,minusve
984 1011 1206 1068 alacres
1229 1012 1782 1084 reddamus,paucis
1805 1027 2006 1067 eorum

357 1119 484 1173 quae
517 1101 773 1157 diximus
805 1102 920 1155 vim
956 1117 1192 1156 omnem
1245 1101 1829 1172 comprehendentes,
1864 1101 2006 1155 dici-

357 1207 487 1245 mus
513 1207 694 1244 unum
724 1194 779 1245 et
805 1189 996 1245 solum
1015 1207 1146 1245 vere
1165 1205 1293 1246 esse
1314 1190 1483 1245 illum
1516 1206 1715 1246 verum
1740 1189 2006 1245 omnium

358 1281 537 1334 Deum
571 1278 919 1351 ingenitum,
955 1280 1082 1335 sine
1114 1279 1421 1352 principio,
1458 1277 2002 1350 incomparabilem,

355 1367 514 1422 omni
533 1383 710 1422 causa
735 1369 1182 1439 superiorem,et
1199 1367 1474 1424 omnibus
1488 1369 1664 1423 rebus
1685 1366 2002 1438 aliis,quod

355 1461 414 1511 et
435 1455 575 1528 ipsa:
598 1456 875 1528 quid,ceu
900 1456 1245 1513 substantias
1273 1456 1857 1523 sunt,causam.Quid
1886 1473 2003 1511 non

353 1563 422 1600 ex
453 1546 1137 1617 communionequadam
1158 1562 1293 1600 cum
1330 1544 1443 1600 alia
1506 1544 1703 1616 aliqua
1748 1562 1809 1600 re
1846 1561 2002 1600 com-

357 1633 812 1689 munioationem
846 1651 1039 1689 rerum
1073 1633 1516 1701 constituit,nec
1538 1633 1832 1689 antecedit
1857 1650 2001 1688 cun-

351 1728 446 1777 cta
474 1722 812 1790 ordine,nec
843 1722 1396 1794 praestatcollatione
1415 1743 1429 1791 ;
1449 1723 1520 1778 ad
1535 1739 1740 1778 omnes
1763 1722 1998 1792 quidem

352 1827 446 1866 res
477 1817 800 1882 respectum
836 1813 1147 1882 quemdam
1181 1812 1252 1867 ad
1285 1811 1656 1868 collationem
1679 1811 1997 1883 quamdam

354 1915 526 1954 suam
575 1899 790 1968 habet;
835 1902 936 1956 sed
1001 1901 1224 1957 ratione
1273 1901 1722 1973 praeminentiae
1773 1900 1994 1955 nullam

354 1988 849 2059 comparationem
881 1990 1174 2059 essentia},
1207 1990 1500 2061 potentias,
1542 1990 1845 2062 imperiive
1891 1990 1995 2044 ad-

355 2079 539 2134 mittit
564 2096 578 2146 ;
612 2079 710 2149 qui
743 2079 946 2150 genuit
977 2082 1035 2134 et
1063 2079 1200 2134 fecit
1230 2082 1364 2135 ante
1394 2078 1593 2134 omnia
1623 2078 1994 2150 unigenitum

2123 1031 2217 1083 μεν
2276 1010 2404 1072 τοὺς
2462 1009 2776 1078 ἀκούοντας,
2805 1014 2978 1062 πᾶσαν
3007 1007 3059 1061 έν
3100 1006 3298 1081 βραχεῖ
3341 1008 3449 1058 τῶν
3505 1003 3789 1080 ῥηθέντων

2119 1095 2510 1174 περιλαϐόντες
2536 1099 2634 1168 τὴν
2669 1094 2921 1169 δύναμιν,
2955 1096 3129 1170 φαμὶν
3159 1091 3251 1149 ἕνα
3281 1093 3372 1149 καὶ
3420 1093 3585 1167 μόνον
3644 1089 3790 1162 ἀλη-

2122 1189 2267 1250 θινὸν
2324 1189 2452 1242 εἶναι
2502 1187 2592 1241 τὸν
2641 1191 2752 1241 τῶν
2802 1187 3015 1240 πάντων
3068 1183 3223 1252 Θεὸν,
3257 1182 3572 1258 ἀγέννητον,
3607 1182 3783 1255 ἄναρ-

2121 1295 2247 1351 χον,
2282 1276 2628 1352 ἀσύγκριτον,
2662 1273 2838 1344 πάσης
2898 1273 3070 1334 αἰτίας
3128 1271 3428 1348 κρείττονα⁹
3480 1274 3612 1325 πᾶσι
3662 1275 3788 1332 τοῖς

2118 1363 2234 1418 οὖσι
2291 1369 2388 1419 τοῦ
2447 1365 2576 1419 εἶναι
2635 1361 2848 1417 αἵτιον·
2883 1361 2982 1417 οὐκ
3037 1360 3095 1416 ἐκ
3144 1360 3428 1421 κοινωνίας
3481 1366 3581 1428 τῆς
3638 1359 3786 1433 πρὸς

2112 1451 2294 1527 ἕτερον
2326 1453 2424 1522 τὴν
2454 1457 2561 1507 τῶν
2609 1448 2776 1508 ὅντων
2831 1447 3199 1524 δημιουργίαν
3248 1449 3681 1521 συστησάμενον,
3717 1445 3784 1501 οὗ

2113 1546 2182 1616 τῇ
2212 1541 2356 1612 τάξει
2401 1542 2464 1596 τὸ
2499 1545 2740 1617 πρῶτον,
2768 1540 2830 1595 οὐ
2889 1538 3167 1614 συγκρίσει
3218 1537 3282 1593 τὸ
3337 1543 3583 1612 κρεῖττον
3638 1537 3789 1591 κατά

2117 1631 2332 1686 πάντων
2368 1629 2806 1706 ἀποφερόμενον,
2839 1626 2985 1683 ἀλλὰ
3030 1634 3147 1692 καθ’
3181 1627 3460 1702 ὑπεροχὴν
3517 1625 3784 1701 ἀσύγκρι-

2115 1741 2206 1775 τον
2268 1721 2454 1784 οὐσίας
2510 1719 2599 1774 καὶ
2661 1716 2943 1792 δονάμεως
2997 1717 3088 1772 καὶ
3139 1717 3411 1787 ἐξουσίας,
3439 1717 3785 1792 γεννήσαντα

2116 1809 2206 1865 καὶ
2238 1812 2543 1880 ποιήσαντα
2570 1809 2678 1882 πρὸ
2725 1808 2940 1862 πάντων
2998 1812 3269 1882 μονογενῆ
3331 1806 3461 1860 Θεὸν
3518 1805 3610 1860 τὸν
3673 1803 3785 1858 Κύ-

2122 1919 2236 1975 ριον
2269 1901 2430 1972 ἡμῶν
2461 1900 2672 1969 Ἰησοῦν
2707 1897 2965 1972 Χριστὸν,
2995 1893 3064 1950 δι’
3095 1896 3156 1951 οὗ
3205 1894 3271 1950 τά
3314 1895 3488 1951 πάντα
3537 1893 3785 1970 γέγονεν,

2109 1987 2290 2044 εἷ’κόνα
2345 1989 2432 2042 καὶ
2495 1987 2766 2065 σφραγῖδα
2819 1988 2917 2056 τῆς
2966 1982 3104 2048 ἰδίας
3151 1982 3428 2058 δυνάμεως
3459 1983 3550 2038 καὶ
3609 1982 3762 2059 ένερ-

2104 2077 2271 2152 γείας,
2300 2079 2440 2150 μήτε
2487 2081 2567 2149 τῷ
2614 2077 2931 2151 γεννήσαντι
2958 2075 3096 2130 κατᾶ
3136 2075 3236 2142 τήν
3293 2071 3476 2128 οὐσίαν
3539 2077 3764 2148 συγχρί-

349 2167 534 2223 Deum
548 2166 862 2223 Dominum
879 2171 1145 2222 nostrum
1161 2168 1356 2222 Jesum
1370 2165 1803 2239 Christum,per
1824 2184 1992 2237 quem

2115 2167 2356 2240 νόμενον,
2393 2167 2531 2238 μήτε
2558 2170 2638 2238 τῷ
2670 2162 2739 2219 δι’
2771 2162 2935 2220 αὐτοῦ
2968 2161 3242 2238 γενομένῳ
3276 2160 3416 2238 άγίῳ
3459 2160 3759 2234 Πνεῦματι.

347 2255 546 2309 omnia
577 2253 730 2308 facta
758 2257 918 2321 sunt,
952 2253 1174 2326 quique
1203 2253 1397 2326 imago
1428 2259 1484 2310 et
1517 2255 1887 2326 signaculum
1905 2261 1995 2310 est

2115 2259 2209 2310 Γοῦ
2243 2256 2337 2328 μὲν
2369 2254 2469 2330 γὰρ
2504 2253 2741 2309 ἐλάττων
2775 2252 2940 2322 ἐστὶν,
2973 2253 3049 2314 ὡς
3079 2250 3212 2322 ποίη
3223 2270 3316 2325 μα’
3349 2254 3445 2305 τοῦ
3475 2247 3535 2304 δὲ
3577 2249 3761 2324 κρείτ-

345 2341 593 2414 proprias
624 2341 896 2413 potentias
926 2347 984 2397 et
1015 2343 1391 2414 operationis,
1425 2359 1616 2414 neque
1659 2343 1734 2414 ei,
1766 2343 1866 2415 qui
1896 2359 1994 2416 ge-

2115 2366 2230 2413 :oov,
2265 2344 2338 2405 ὡς
2395 2345 2656 2414 ποιητής.
2705 2345 2816 2400 Τοῦ
2861 2342 2953 2416 μὶν
3006 2339 3098 2396 οῦν
3157 2347 3489 2410 πεποιῆσθαι
3553 2339 3763 2412 μάρτυς

348 2431 494 2498 nuit,
529 2430 853 2487 secundum
885 2431 1202 2487 essentiam
1233 2431 1844 2504 aequiparaturmeque
1865 2433 1994 2505 Spi-

2115 2433 2417 2504 ὶξιόπιστος
2467 2433 2494 2486 ὁ
2522 2432 2647 2507 παρ’
2682 2431 2848 2486 αὑτοῦ
2888 2434 2984 2484 τοῦ
3037 2429 3234 2503 Κυρίου
3278 2427 3641 2504 μαρτυρηθεὶς
3701 2424 3764 2480 ἐκ

348 2519 487 2574 ritui
513 2523 736 2589 sancto,
768 2520 863 2590 qui
895 2537 998 2591 per
1028 2520 1222 2592 ipsum
1254 2522 1442 2576 factus
1468 2526 1599 2589 est;
1631 2520 1732 2576 illo
1757 2522 1996 2594 quidem

2115 2526 2243 2577 θεοῦ
2267 2523 2366 2590 τήν
2397 2521 2597 2596 γνῶσιν
2647 2516 2791 2595 ἔχειν
2855 2519 3076 2595 Πέτρος,
3108 2517 3296 2573 εἶ’πών·
3331 2515 3620 2594 Ἀσφαλῶς
3669 2513 3764 2568 οῦν

2105 2609 2416 2685 γινωσκέτω
2447 2615 2553 2670 πᾶς
2585 2610 2735 2671 οἶκος
2781 2604 3026 2683 Ἰσραὴλ,
3062 2609 3145 2662 δτι
3198 2606 3398 2683 Κύριον
3454 2603 3614 2660 αὐτὸν
3664 2602 3760 2660 καὶ

2105 2699 2334 2774 Χριστὸν
2396 2699 2423 2753 ὁ
2484 2697 2610 2759 Θεὸς
2671 2696 2928 2768 ἐποίησε·
2962 2697 3053 2752 καὶ
3111 2697 3139 2750 ὸ
3198 2695 3258 2751 ἐκ
3307 2693 3607 2770 προσώπου
3659 2697 3760 2748 τοῦ

2108 2787 2309 2862 Κυρίου
2368 2786 2580 2862 λέγων·
2618 2785 2818 2862 Κύριος
2876 2781 3052 2841 ἔκτισέ
3108 2805 3174 2858 με
3225 2785 3402 2862 ἀρχὴν
3463 2781 3604 2839 ὁδῶν
3660 2781 3760 2837 αὖ·

346 2608 558 2677 minor,
609 2611 895 2680 tanquam
944 2608 1191 2678 factura,
1261 2609 1372 2665 hoc
1420 2626 1555 2665 vero
1606 2609 1996 2682 praestantior,

345 2703 626 2768 tanquam
661 2697 864 2753 iactor.
899 2697 965 2752 Et
994 2714 1137 2753 sane
1166 2699 1320 2769 quod
1355 2704 1586 2754 creatus
1630 2699 1726 2765 sit,
1762 2699 1874 2754 (ide
1904 2698 1998 2752 di-

349 2803 502 2857 gnus
525 2789 614 2842 est
634 2786 804 2843 testis
828 2786 925 2842 ille
946 2787 1044 2858 qui
1069 2787 1141 2842 ab
1164 2788 1290 2860 ipso
1321 2787 1568 2843 Domino
1588 2787 1996 2843 testimonium

350 2873 526 2930 habet
553 2875 759 2946 ',quod
795 2890 863 2930 ex
886 2879 997 2931 Deo
1020 2875 1327 2932 scientiam
1351 2893 1519 2932 suam
1553 2876 1998 2945 habeat,Petrus

321 2963 660 3031 nimirum;
692 2980 826 3019 cum
872 2965 1014 3020 dicit
1057 2981 1070 3019 :
1129 2965 1281 3021 Certo
1332 2965 1505 3036 igitur
1546 2967 1685 3020 sciat
1744 2967 1999 3021 universa

349 3052 539 3109 domus
559 3054 752 3119 Israel,
786 3053 925 3124 quod
947 3055 1130 3124 ipsum
1152 3055 1443 3109 Dominum
1471 3057 1524 3109 et
1553 3054 1829 3109 Christum
1859 3055 2000 3110 Deus

348 3143 477 3212 fecit
508 3143 546 3212 ⁸,
579 3146 636 3197 et
665 3141 788 3213 ipse
817 3142 921 3214 qui
951 3158 1019 3197 ex
1058 3158 1307 3214 persona
1355 3141 1584 3198 Domini
1635 3143 1850 3214 inquit,
1898 3144 1999 3200 Do-

350 3233 538 3285 minus
564 3231 766 3286 creavit
792 3246 878 3286 me
907 3233 965 3285 in
986 3233 1266 3303 principio
1290 3233 1507 3287 viarum
1526 3248 1769 3288 suarum
1787 3232 1998 3298 '.Quod

353 3321 547 3374 autem
580 3317 705 3390 ipse
736 3317 998 3374 vicissim
1021 3319 1237 3375 creavit
1264 3319 1547 3390 Spiritum
1579 3323 1873 3388 sanctum,
1904 3320 2000 3375 hic

348 3406 525 3462 etiam
557 3406 814 3462 ostendit
843 3406 943 3478 qui
975 3406 1116 3462 dicit
1147 3424 1160 3463 :
1203 3408 1346 3464 Unus
1375 3417 1454 3463 est
1483 3409 1622 3464 Deus
1649 3425 1720 3464 ex
1749 3425 1852 3481 quo
1870 3413 2002 3464 sunt

351 3497 563 3566 omnia,
593 3503 646 3551 et
673 3513 820 3551 unus
850 3499 1147 3564 Dominus,
1194 3499 1346 3553 Iesus
1392 3498 1645 3555 Christus
1699 3514 1798 3568 per
1843 3514 1999 3569 quem

350 3588 481 3640 sunt
509 3587 698 3640 omnia
725 3586 784 3654 6;
819 3590 876 3641 et
905 3589 1146 3641 sanctus
1175 3589 1431 3642 Joannes
1457 3587 1554 3657 qui
1577 3587 1721 3643 dixit
1754 3604 1767 3643 :
1803 3587 2001 3643 Omnia

2106 2881 2222 2931 τοῦθ
2255 2881 2352 2930 τοῦ
2399 2873 2457 2930 δὲ
2512 2875 2870 2944 πεποιηκέναι
2925 2874 2988 2930 τὸ
3046 2876 3268 2948 Πνεῦμα
3304 2872 3369 2928 τὸ
3400 2875 3550 2948 ἅγιον
3611 2871 3643 2927 ὅ
3698 2892 3762 2927 τε

2109 2966 2296 3033 εἰπὼν,
2330 2967 2424 3028 Εἷς
2482 2963 2632 3037 Θεὸς,
2665 2964 2717 3035 ἐξ
2776 2966 2836 3020 οὗ
2889 2964 2958 3019 τά
3013 2967 3208 3035 πάντα,
3265 2984 3354 3018 και
3407 2964 3484 3027 εἷς
3535 2962 3760 3038 Κύριος,

2109 3055 2318 3125 Ἰησοῦς
2364 3055 2616 3132 Χριστὸς,
2650 3052 2719 3109 δι’
2775 3054 2837 3109 οὗ
2891 3052 2959 3109 τά
3013 3053 3208 3123 πάντα,
3255 3052 3346 3108 καὶ
3399 3053 3428 3107 ὁ
3489 3051 3759 3128 μακάριος

2109 3143 2366 3214 Ἰωάννης
2437 3145 2613 3221 φήσας
2646 3165 2658 3178 ·
2720 3146 2902 3199 Πάντα
2969 3139 3039 3198 δι’
3099 3143 3266 3198 αὐτοῦ
3352 3141 3559 3217 ἐγένετο
3593 3184 3608 3209 ,
3665 3139 3760 3196 καὶ

2106 3231 2284 3308 χωρίς
2313 3231 2475 3288 αὐτοῦ
2513 3230 2724 3306 ἐγένετο
2756 3230 2881 3287 οὐδὲ
2931 3228 3010 3301 ἓν,
3052 3233 3140 3304 Ἐξ
3189 3231 3262 3285 ὧν
3311 3229 3615 3286 ἀκόλουθον
3669 3228 3759 3298 ἂν,

2108 3323 2143 3392 ἢ
2201 3323 2490 3398 ἀγέννητον
2546 3321 2743 3397 λέγειν,
2804 3319 2935 3396 ὅπερ
2979 3315 3167 3384 ἀσεϐές
3196 3338 3205 3348 '
3237 3321 3273 3390 ἢ
3333 3318 3480 3393 ε’ἰπερ
3539 3319 3759 3395 γέγονε,

2110 3407 2180 3465 δι’
2236 3410 2398 3466 αὐτοῦ
2449 3412 2750 3488 γεγονέναι.
2810 3410 2990 3466 Μόνον
3048 3410 3151 3485 γὰρ
3214 3409 3318 3464 ὑπὸ
3372 3413 3469 3464 τοῦ
3543 3409 3760 3480 Πατρὸς

2109 3497 2491 3576 ὁμολογοῦμεν
2551 3499 2900 3574 γεγεννῆσθαι
2959 3497 3051 3552 τὸν
3112 3496 3260 3566 Υἱὸν,
3322 3495 3761 3570 ὑποτεταγμένον

2112 3585 2270 3658 οὐσίᾳ
2323 3587 2413 3642 καὶ
2461 3588 2672 3662 γνώμῃ·
2709 3585 2801 3661 ζῇν
2851 3607 2910 3641 τε
2949 3586 3051 3662 γὰρ
3108 3582 3196 3640 διὰ
3239 3585 3332 3639 τὸν
3381 3582 3614 3658 Πατέρα,
3666 3583 3764 3638 καὶ

345 3689 452 3746 per
481 3673 661 3745 ipsum
687 3675 839 3746 facta
866 3678 1013 3744 sunt,
1043 3683 1099 3730 et
1126 3676 1243 3730 sine
1271 3674 1389 3746 ipso
1415 3656 1626 3746 fastum
1656 3685 1736 3731 est
1763 3693 1832 3732 ne
1847 3676 2000 3748 quid-

2116 3656 2284 3750 μηδεν
2361 3656 2693 3754 ἀφ’-ἑαυτοῦ
2748 3656 2973 3730 *ποιεῖνή
3015 3656 3180 3736 ἀύτὸς
3246 3656 3553 3747 ὁμολογεῖ-ο
3617 3675 3767 3746 μήτε

348 3779 524 3835 quam
552 3763 594 3817 ⁷.
623 3763 703 3818 Ex
732 3762 949 3834 quibus
979 3763 1260 3835 consequi
1291 3779 1528 3821 necesse
1553 3769 1662 3836 est,
1685 3765 1771 3821 vel
1803 3765 2000 3837 ipsum

2114 3767 2221 3838 μην
2251 3764 2570 3839 ὸμοοὺσιον,
2605 3761 2747 3837 μηδὲ
2779 3762 3114 3837 ὁμοιούσιον,
3147 3761 3366 3838 ἐπείπερ
3407 3763 3469 3817 τὸ
3521 3761 3614 3835 μὲν
3668 3762 3765 3837 γέ-

353 3851 685 3924 ingenitum
715 3853 930 3919 dicere,
963 3853 1113 3924 quod
1147 3852 1398 3924 impium
1427 3857 1554 3922 est;
1587 3854 1676 3909 vel
1708 3854 1758 3909 si
1808 3855 1999 3911 factus

2115 3875 2248 3910 νεσιν
2279 3855 2371 3910 καὶ
2405 3853 2669 3929 μερισμὸν
2702 3852 2952 3928 σημαίνει
3011 3858 3112 3922 τῆς
3167 3849 3380 3921 οὐσίας,
3409 3851 3473 3906 τὸ
3531 3848 3590 3905 δὲ
3641 3846 3766 3906 ἰσό-

351 3945 458 4013 est,
495 3942 650 4014 quod
676 3941 802 4014 ipse
833 3959 935 4014 per
965 3942 1161 4013 ipsum
1184 3942 1374 3998 factus
1405 3943 1755 4000 sit.Tantum
1787 3943 1943 4000 enim
1967 3961 2001 4000 a
2105 3964 2260 4010 τητα.

353 4034 520 4087 Patre
547 4032 897 4088 conﬁtemur
924 4032 1190 4104 genitum
1223 4048 1352 4088 esse
1380 4032 1614 4101 Filium,
1648 4033 2100 4090 subordinatum
2131 4034 2398 4090 essentiae
2430 4049 2533 4090 seu
2561 4032 2847 4089 voluntati
2881 4047 2896 4088 :
2931 4032 3084 4088 sicut
3135 4030 3260 4104 ipse
3311 4030 3493 4087 Filius
3546 4031 3770 4087 fatetur

353 4121 507 4190 quod
539 4125 782 4192 propter
809 4125 1037 4178 Patrem
1068 4121 1222 4177 vivat
1250 4122 1292 4190 ⁸,
1326 4137 1516 4194 neque
1536 4139 1568 4178 a
1600 4126 1787 4178 semet
1817 4123 2142 4195 quidquam
2175 4123 2352 4180 faciat
2377 4124 2419 4178 θ.
2453 4122 2651 4193 Neque
2689 4126 2886 4178 tamen
2926 4121 3180 4178 dicimus
3232 4120 3429 4193 ipsum
3488 4135 3768 4177 coessen-

354 4207 572 4279 lialem,
603 4226 795 4282 neque
825 4211 1040 4267 similis
1069 4209 1361 4282 essentia,
1391 4210 1686 4282 siquidem
1717 4209 1858 4266 illud
1893 4213 2331 4284 generationem
2363 4215 2419 4268 et
2444 4211 2951 4286 participationem
2981 4214 3148 4269 notat
3177 4209 3469 4283 essentia,
3516 4209 3630 4266 hoc
3660 4227 3770 4267 au-

354 4309 472 4355 tem
504 4299 771 4370 ejusdem
802 4298 1280 4372 exequationem.

433 4457 582 4512 702
603 4455 899 4527 27.Neque
917 4472 1054 4511 vero
1078 4455 1312 4527 genitus
1335 4460 1424 4512 est
1440 4459 1822 4527 Pater,neque
1844 4457 2007 4530 inge-

363 4544 525 4600 nitus
552 4543 770 4613 Filius;
805 4545 904 4599 sed
936 4545 991 4599 id
1024 4544 1177 4614 quod
1209 4548 1299 4616 est
1339 4544 1465 4600 sine
1498 4543 1615 4601 ullo
1663 4547 1798 4615 fine,
1849 4546 2004 4602 idem

361 4633 539 4688 etiam
572 4633 768 4705 ipsum
800 4632 992 4688 vocari
1024 4649 1157 4688 vere
1179 4634 1449 4702 fatemur,
1483 4638 1682 4705 utpote
1711 4635 2000 4708 genimen,

363 4721 550 4779 filium
569 4723 1012 4795 obsequentem,
1038 4721 1355 4777 ninistrum
1379 4722 2005 4796 perfectissimum,qui

364 4811 436 4866 ad
469 4828 700 4868 omnem
731 4812 1084 4868 creationem
1113 4810 1598 4884 voluntatemque
1646 4813 1836 4869 Patris
1868 4831 2003 4886 ope-

363 4917 490 4957 ram
539 4918 707 4958 suam
756 4900 1043 4974 praestitit,
1093 4901 1371 4956 nimirum
1408 4902 1478 4957 ad
1503 4902 1764 4958 omnium
1813 4919 2008 4959 rerum

366 5008 492 5063 quae
506 4995 645 5046 sunt
662 4989 1140 5062 compositionem
1153 4991 1244 5059 ,ad
1260 4990 1837 5060 distributionem,ad
1852 4992 2010 5065 leges

2182 4460 2272 4516 27.
2308 4455 2446 4515 Οὕτε
2479 4455 2536 4514 δὲ
2583 4459 2836 4533 γεννητὸς
2895 4460 2924 4514 ὁ
2972 4459 3184 4533 Πατὴρ,
3235 4454 3358 4512 οὔτε
3413 4455 3703 4534 ἀγέννητος
3737 4457 3769 4511 ὁ

2115 4546 2260 4615 Υἱὸς,
2295 4545 2421 4603 ἀλλ’
2451 4547 2582 4624 ὅπερ
2615 4547 2756 4602 ἐστὶν
2815 4545 3213 4618 ἀτελευτήτως,
3239 4551 3399 4601 τοῦτο
3457 4545 3548 4600 καὶ
3605 4542 3770 4621 λεγό-

2119 4655 2275 4709 μενον
2328 4635 2552 4708 ἀληθῶς
2599 4638 2863 4711 γέννημα,
2895 4637 3018 4691 Υἱὸν
3073 4636 3340 4709 ὑπήκοον,
3378 4634 3656 4710 ὑπουργὸν
3711 4654 3774 4688 τε

2117 4720 2434 4796 λειότατον,
2491 4724 2627 4800 πρὸς
2701 4731 2872 4781 πᾶσαν
2946 4722 3311 4803 δημιουργίαν
3397 4724 3486 4779 καὶ
3542 4723 3774 4798 γνώμην

2115 4813 2385 4890 πατρικὴν
2439 4814 2875 4891 ὑπηρετήσαντα,
2933 4814 3071 4890 πρὸς
3125 4815 3224 4882 τήν
3280 4817 3388 4868 τῶν
3445 4807 3616 4867 ὄντων
3674 4809 3771 4864 σό-

2117 4922 2298 4956 στασιν
2358 4903 2448 4958 καὶ
2507 4900 2795 4977 διαμονήν,
2852 4903 2989 4978 πρὸς
3045 4901 3368 4976 νομοθεσίαν
3438 4900 3769 4976 ἀνθρώπων,

2117 4991 2253 5065 πρὸς
2282 4990 2621 5066 οἶκονομίαν,
2653 4992 2741 5047 καὶ
2785 4996 2957 5046 πᾶσαν
3007 4990 3289 5066 πρόνοιανο
3325 4990 3568 5066 ὑπηρέτῃ
3623 4990 3776 5065 χρώ-

303 5155 306 5158 ,
365 5079 704 5135 hominibus
728 5080 1094 5150 ferendas,ad
1119 5080 1502 5136 meonomiam
1537 5084 1594 5136 et
1623 5097 1855 5137 omnem
1880 5099 2001 5154 pro«

2125 5100 2285 5153 μενον
2335 5085 2415 5154 τῷ
2476 5081 2820 5172 Ηαρακλᾼήτῳ
2872 5081 3010 5157 πρὸς
3061 5081 3356 5156 ἁγιασμὸν,
3414 5079 3551 5155 πρὸς
3611 5075 3772 5133 διδα-

367 5169 682 5225 videntiam
700 5167 994 5224 :ministro
1013 5171 1270 5224 utentem
1286 5168 1580 5226 Paracleto
1595 5171 1665 5225 ad
1681 5170 2010 5226 sanctifica-

361 5259 683 5332 tionem,ad
716 5256 1143 5331 doctrinam,ad
1175 5258 1683 5315 conﬁrmationem
1714 5259 2008 5316 ﬁdelium:

425 5590 684 5717 uglatth.
716 5605 831 5659 xvx,
866 5592 952 5647 17.
1028 5591 1051 5624 ⁸
1077 5590 1203 5646 Act.
1229 5603 1292 5657 ιι,
1321 5586 1412 5643 36.

359 5677 418 5716 ν.
450 5677 536 5719 ιν.

2121 5167 2370 5244 σκαλίαν,
2421 5171 2556 5245 πρὸς
2618 5164 2906 5246 βεϐαίωσιν
2966 5173 3074 5224 τῶν
3132 5172 3357 5224 πιστῶνθ
3389 5166 3474 5223 ἐπ’
3519 5166 3768 5244 ἐσχάτων

2120 5259 2354 5335 ἡμερῶν
2400 5259 2722 5337 γεννηθέντα
2775 5257 2835 5314 ἐκ
2888 5264 2990 5328 τῆς
3035 5256 3189 5332 ἁγίας
3247 5258 3544 5334 Παρθένου,
3573 5255 3772 5330 νόμοις

1486 5587 1508 5622 ⁸
1541 5585 1707 5644 Prov.
1738 5604 1862 5658 VIII,
1886 5589 1978 5646 22.

2115 5589 2282 5649 (Cor.
2313 5606 2437 5662 vm,
2467 5592 2524 5650 7.
2604 5592 2625 5628 "
2653 5592 2823 5652 Joan.
2857 5607 2899 5664 ι,
2930 5592 2985 5650 3.
3059 5592 3081 5628 ⁸
3108 5591 3361 5663 Joan.vx,
3389 5591 3483 5648 58.
3559 5590 3765 5647 ’Joan.
