4112 6224
297 327 416 389 865
1354 328 1690 391 EUNOMII
1737 329 1970 391 LIBER
2013 333 2317 395 APOLOG
2331 335 2630 397 ETIGUS.
3596 344 3716 408 866

290 459 659 535 ἀνθρωπίνοις
735 457 1168 532 πολιτευάμενον
1241 456 1406 522 ὁσίως
1441 505 1454 530 ,
1531 459 1944 536 σταυρωθέντα,

2069 465 2332 535 genitum
2369 467 2428 521 in
2461 467 2666 523 diebus
2685 466 2908 524 ultimis
2929 485 2998 525 ex
3017 474 3221 527 sancta
3249 473 3720 547 Virgine,sancte

293 551 657 621 ἀποθανόντα,
715 547 1011 605 ἀναστάντα
1057 552 1124 622 τῇ
1172 549 1332 624 τρίτῃ
1372 553 1479 604 τῶν
1511 552 1759 624 ἡμερῶν,
1793 547 1950 604 ἀνελ-

295 640 456 696 Θόντα
510 640 587 705 εἵς
643 639 892 716 οὐρανὸν,
925 637 1226 714 ἐρχόμενον
1257 644 1432 714 κρῖναι
1470 644 1675 709 ζῶντας
1723 638 1814 693 καὶ
1861 658 1954 692 νε-

294 729 460 807 κροὺς
489 729 625 784 κατὰ
677 726 888 783 δικαίαν
941 724 1298 782 ἀνταπόδοσιν
1348 727 1582 790 πίστεώς
1610 748 1670 782 τε
1713 729 1801 783 καὶ
1858 721 1953 802 ἔρ-

293 840 433 894 γων,
464 816 822 895 βασιλεύοντά
864 837 922 872 τε
969 815 1046 879 εἰς
1094 815 1222 881 τοὺς
1271 815 1492 889 αἰῶνας,
1543 817 1854 890 σωζομένης
1898 815 1950 869 έν

295 910 461 962 ἅπασι
513 909 746 962 πάντοτε
795 908 895 969 τῆς
960 905 1244 980 ὑπεροχῆς
1289 909 1387 960 τοῦ
1437 905 1570 960 Θεοῦ
1612 905 1702 959 καὶ
1752 924 1949 980 μοναρ-

242 1031 264 1082 ι
293 997 448 1073 χίας,
485 995 932 1070 ὑποτεταγμένου
966 991 1181 1065 δηλαδὴ
1213 997 1309 1048 τοῦ
1339 993 1650 1082 ῌνεύματος
1677 997 1774 1048 τοῦ
1791 992 1949 1068 ἁγίου

292 1090 375 1159 τῷ
406 1089 628 1162 Χριστῷ
677 1083 812 1158 μετὰ
861 1082 1101 1156 πάντων,
1148 1082 1313 1138 αὐτοῦ
1367 1081 1424 1139 δὶ
1449 1088 1548 1138 τοῦ
1595 1084 1723 1138 Υἱοῦ
1752 1083 1950 1154 καὶτῷ

294 1179 414 1248 Θεῷ
441 1174 531 1230 καὶ
565 1173 762 1251 Πατρὶ,
812 1171 950 1228 κατᾶ
991 1173 1095 1241 τὴν
1142 1176 1238 1227 τοῦ
1290 1171 1561 1246 μακαρίου
1612 1170 1831 1226 Παύλου
1864 1168 1949 1225 δι-

294 1261 617 1331 δασκαλίαν,
674 1263 732 1325 ὃς
785 1274 970 1340 φησιν’
1030 1262 1197 1319 ’Όταν
1250 1261 1351 1337 γὰρ
1409 1262 1654 1337 ὑποταγῇ
1692 1259 1836 1331 αύτῷ
1882 1259 1950 1314 τὰ

293 1354 490 1421 πάντα,
564 1351 689 1407 τότε
761 1350 853 1406 καὶ
919 1349 1082 1412 αὑτὸς
1132 1349 1160 1403 6
1219 1350 1341 1411 Υἱὸς
1424 1350 1818 1426 ὑποταγήσεται
1868 1351 1949 1420 τῷ

296 1442 624 1511 ὑποτάξαντι
709 1437 856 1512 αύτῷ
922 1442 992 1493 τὰ
1057 1440 1252 1508 πάντα,
1325 1435 1418 1493 ’ίνα
1481 1437 1518 1512 ᾖ
1588 1438 1618 1492 6
1676 1438 1804 1500 Θεὸς
1881 1438 1950 1492 τὰ

293 1529 472 1587 πάντα
525 1530 576 1585 έν
638 1533 789 1586 πᾶσι.
865 1526 1080 1582 Τούτων
1142 1524 1199 1581 δὲ
1256 1525 1469 1582 πάντων
1535 1526 1793 1600 εὐκρινῶς
1851 1525 1944 1598 μὶν

295 1625 385 1678 καὶ
447 1620 778 1696 πλατύτερον
842 1619 892 1674 έν
955 1616 1159 1694 ἑτέροις
1213 1620 1328 1690 (44)
1375 1620 1513 1690 ἡμῖν
1552 1613 1946 1692 ἀπαδεδειγμέ-

295 1732 429 1780 νων,
488 1709 542 1765 ἐν
601 1711 802 1785 βραχεῖ
839 1704 896 1762 δὲ
946 1711 1034 1760 νῦν
1087 1706 1223 1782 πρὸς
1276 1707 1414 1778 ὑμᾶς
1469 1704 1943 1781 ὡμολογημένων,

2063 551 2157 608 hic
2188 559 2486 609 versatum
2502 557 2672 626 juxta
2696 555 2855 628 leges
2868 557 3721 630 humanas,cruciﬁxum,mor-

2059 648 2252 712 tuum,
2285 643 2607 699 redivivum
2638 645 2809 701 tertia
2850 647 2968 712 die,
3021 664 3317 706 reversum
3367 651 3426 706 in
3479 654 3714 727 crelum,

2052 731 2421 803 jamjamque
2455 738 2764 790 venturum
2797 735 3068 805 judicare
3114 737 3273 794 vivos
3322 746 3378 795 et
3427 749 3712 812 mortuos,

2050 820 2216 888 justa
2248 820 2633 878 retributione
2661 823 2797 877 ﬁdei
2829 829 2886 878 et
2908 841 3148 896 operum
3184 828 3714 902 facta,regnantem

2061 908 2117 962 in
2150 908 2401 977 saecula;
2437 916 2593 966 sarta
2623 916 2777 966 tecta
2820 919 3049 969 servata
3081 916 3272 972 ubivis
3321 919 3380 972 in
3432 922 3713 979 omnibus

2062 996 2504 1066 praeeminentia
2542 999 2635 1055 Dei
2668 1005 2725 1054 et
2747 1002 3089 1057 monarcbia
3121 1021 3133 1059 :
3169 1005 3402 1062 subdito
3445 1008 3722 1068 videlicet

2058 1090 2259 1140 sancto
2293 1085 2508 1156 Spiritu
2532 1104 2667 1143 cum
2699 1090 2974 1145 omnibus
3003 1090 3114 1160 ipsi
3142 1093 3396 1163 Christo;
3428 1097 3555 1167 ipso
3576 1116 3713 1155 vero

2057 1172 2223 1239 Filio,
2255 1174 2371 1230 Deo
2404 1192 2470 1231 ac
2503 1177 2684 1243 Patri,
2717 1179 2879 1247 juxta
2907 1178 3062 1234 beati
3094 1182 3342 1253 apostoli
3373 1187 3539 1241 Pauli
3598 1189 3707 1243 do-

2057 1261 2331 1331 ctrinam,
2364 1264 2466 1334 qui
2496 1265 2640 1320 dicit
2673 1283 2686 1320 :
2719 1267 3012 1338 Postquam
3041 1271 3190 1325 enim
3220 1275 3331 1342 ipsi
3361 1276 3553 1331 omnia
3583 1278 3712 1331 sub-

2055 1350 2170 1404 dita
2197 1353 2435 1421 fuerint,
2463 1357 2593 1408 tunc
2619 1355 2787 1409 etiam
2817 1358 2930 1426 ipse
2961 1359 3136 1412 Filius
3182 1361 3444 1417 subdatur
3489 1365 3563 1430 ei,
3607 1365 3708 1436 qui

2053 1439 2162 1509 ipsi
2186 1442 2346 1510 prius
2379 1443 2569 1496 omnia
2595 1442 2928 1512 subdidit,ut
2956 1447 3096 1502 Deus
3125 1450 3194 1503 sit
3222 1452 3407 1506 omnia
3437 1454 3496 1507 in
3517 1456 3703 1508 omni-

2058 1529 2154 1583 bus
2187 1528 2249 1581 1°.
2284 1528 2427 1584 Cum
2460 1535 2656 1585 autem
2709 1533 2982 1588 universa
3013 1533 3133 1589 hac
3182 1536 3428 1607 liquido,
3478 1542 3694 1613 magis-

2055 1633 2169 1688 que
2200 1616 2421 1688 prolixe
2451 1617 2589 1673 alibi
2631 1636 2663 1674 a
2711 1620 2878 1675 nobis
2926 1623 3348 1694 demonstrata,
3391 1629 3516 1697 jam
3565 1646 3700 1686 vero

2053 1705 2112 1760 in
2147 1709 2377 1762 brevem
2406 1707 2476 1762 ad
2499 1724 2599 1762 vos
2625 1709 3051 1766 confessionem
3076 1711 3194 1767 sint
3222 1718 3518 1773 contracta
3545 1735 3704 1789 ;pre-

295 1800 577 1876 εὐχόμεθα
630 1797 760 1860 τούς
809 1817 867 1852 τε
896 1794 1163 1872 παρόντας
1225 1795 1363 1867 ὑμᾶς
1417 1794 1507 1848 καὶ
1563 1795 1765 1856 πάντας
1816 1794 1944 1857 τοὺς

2059 1811 2264 1849 camur
2295 1799 2418 1850 tum
2452 1801 2517 1851 ut
2545 1813 2648 1852 vos
2680 1798 2782 1868 qui
2805 1800 2930 1870 jam
2965 1799 3061 1855 hic
3091 1801 3333 1871 adestis,
3368 1808 3494 1860 tum
3526 1806 3705 1863 etiam

299 1893 409 1944 τῶν
444 1885 618 1942 αὐτῶν
668 1888 802 1959 ἡμῖν
850 1884 1164 1959 μυστηρίων
1213 1886 1621 1951 κοινωνοῦντας,
1672 1885 1748 1954 μὴ
1780 1882 1950 1958 ψόγον

299 1975 601 2050 ἀνθρώπων
659 1971 971 2034 δεδοικότας
1007 2014 1022 2040 ,
1084 1972 1222 2045 μήτε
1279 1969 1604 2049 σοφίσμασιν
1664 1970 1953 2044 ἀπατωμέ-

296 2087 449 2134 νους,
509 2065 544 2134 ἢ
600 2061 912 2125 κολακείαις
976 2058 1378 2136 ὑπαγομένους,
1432 2059 1568 2114 κατὰ
1623 2061 1720 2129 τήν
1765 2059 1945 2130 ἀληθῆ

297 2154 390 2210 καὶ
452 2151 662 2208 δικαίαν
714 2150 889 2226 κρίσιν
962 2148 1386 2226 έπιψηφίσασθαι
1441 2154 1559 2211 τοῖς
1613 2147 1946 2225 εῒρημένοις,

294 2241 600 2318 κρατούσης
651 2237 868 2310 δηλαδὴ
899 2239 1046 2315 παρὰ
1091 2244 1220 2292 πᾶσι
1261 2245 1362 2307 τῆς
1399 2236 1679 2312 βελτίονος
1733 2238 1947 2314 μοίρας,

295 2332 390 2388 τόν
441 2351 500 2386 τε
547 2329 814 2405 λογισμὸν
863 2332 971 2383 τῶν
1023 2325 1400 2402 ένοχλούντων
1449 2326 1946 2401 προστησαμένους,

298 2423 473 2476 πάντα
519 2421 761 2494 θήρατρα
806 2417 898 2472 καἹ
953 2414 1141 2472 δίκτυα
1189 2413 1488 2493 διαφυγεῖν,
1522 2414 1661 2488 ἃτῷ
1705 2410 1950 2489 διαϐόλῳ

295 2511 416 2566 κατ’
475 2508 770 2583 ἀνθρώπων
835 2506 1269 2582 μεμηχάνηται,
1327 2502 1576 2568 πολλοὺς
1630 2509 1858 2583 φυγεῖν,
1911 2504 1947 2574 ἢ

298 2597 573 2668 δελεάζειν
627 2594 1046 2670 μεμελετηκότι,
1088 2593 1215 2656 τοὺς
1268 2595 1344 2666 μὴ
1398 2594 1504 2669 πρὸ
1544 2597 1649 2648 τῶν
1681 2591 1855 2664 ἡδέων
1887 2595 1950 2649 τὸ

297 2686 574 2765 συμφέρον
632 2685 1008 2761 αἱρουμένους,
1067 2681 1103 2751 ἢ
1159 2683 1227 2738 τὰ
1270 2681 1512 2758 παρόντα
1555 2687 1664 2737 τῶν
1711 2680 1948 2755 μελλόν-

295 2798 409 2832 των
439 2774 812 2854 ἀσφαλέστερα
864 2772 1283 2848 λογιζομένους·
1326 2771 1371 2826 εί
1422 2769 1467 2826 δ’
1517 2769 1618 2846 ἄρα
1667 2770 1755 2827 καὶ
1803 2773 1951 2848 παρά

300 2887 414 2922 τισι
447 2866 656 2936 νικήσει
700 2864 768 2918 τὰ
813 2861 984 2938 χείρω
1015 2860 1370 2936 (ἀποστρέψαι
1419 2857 1477 2914 δὲ
1507 2861 1535 2915 6
1565 2860 1694 2922 Θεὸς
1723 2864 1818 2914 τοῦ
1851 2858 1948 2914 λό-

302 2976 406 3032 γου
460 2955 559 3023 τὴν
605 2954 841 3029 πεῖραν),
891 2951 1026 3026 πρὸς
1081 2951 1174 3024 μὶν
1223 2950 1287 3004 τὸ
1317 2946 1514 3023 ψεῦδος
1566 2953 1672 3003 τῶν
1717 2947 1948 3004 πολλῶν

303 3043 715 3117 συμπνεόντων,
770 3039 906 3116 πρὸς
967 3036 1024 3094 δὶ
1090 3039 1190 3107 τὴν
1249 3038 1510 3109 ἀλήθειαν
1565 3033 1944 3109 διισταμένων,

299 3138 410 3189 τῶν
441 3153 500 3189 τε
530 3130 863 3208 ἀρεσκόντων
914 3133 995 3202 τῷ
1053 3132 1168 3200 Θεῷ
1223 3129 1310 3182 καὶ
1369 3131 1529 3201 κοινῇ
1561 3125 1944 3205 συμφερόντων

2061 1887 2124 1936 ut
2153 1899 2356 1939 omnes
2388 1883 2484 1939 alii
2517 1885 2618 1957 qui
2650 1886 2772 1941 haec
2795 1889 3076 1960 mysteria
3108 1891 3418 1948 nobiscum
3451 1910 3708 1951 commu-

2060 1971 2156 2027 nia
2177 1972 2615 2039 habent,nullas
2637 1975 2944 2032 hominum
2968 1979 3427 2050 vituperationes
3453 1984 3704 2053 reveriti,

2061 2061 2312 2117 nullisve
2342 2063 2587 2134 argutiis
2617 2065 2845 2137 decepti
2874 2066 2963 2122 vel
3013 2068 3453 2128 adulationibus
3504 2072 3704 2144 illecti,

2061 2165 2126 2204 ea
2157 2166 2282 2220 quas
2305 2151 2431 2221 jam
2462 2151 2618 2207 dicta
2647 2159 2786 2208 sunt
2815 2171 2950 2210 vero
2977 2159 3035 2211 et
3055 2157 3222 2227 justo
3253 2161 3704 2233 approbetisju-

2059 2238 2228 2306 dicio,
2263 2240 2417 2311 apud
2450 2256 2654 2297 omnes
2684 2243 2906 2312 potiore
2946 2243 3225 2300 nimirum
3275 2252 3438 2318 parte
3486 2266 3702 2320 pra-va-

2059 2326 2232 2395 lente,
2266 2333 2449 2400 utque
2481 2330 2703 2385 ratione
2746 2331 3244 2389 tumultuantibus
3293 2334 3550 2406 praelata,
3578 2353 3703 2394 om—

2061 2431 2163 2470 nes
2191 2415 2400 2486 laqueo
2431 2417 2693 2489 retiaque
2724 2424 2935 2474 cuncta
2963 2421 3210 2492 evitetis,
3244 2439 3371 2494 quas
3403 2441 3436 2480 a
3468 2424 3702 2482 diabolo

2059 2504 2397 2560 hominibus
2427 2507 2749 2562 tenduntur
2767 2524 2834 2563 eo
2867 2508 3157 2581 animo,ut
3178 2511 3264 2566 vel
3285 2512 3454 2568 multi
3477 2514 3708 2587 fugiant

2058 2593 2384 2663 veritatem,
2415 2594 2500 2650 vel
2531 2595 2707 2652 etiam
2742 2601 2806 2651 ut
2855 2614 2969 2653 non
3020 2616 3239 2670 paucos
3287 2601 3413 2673 ipse
3461 2603 3704 2675 inescet,

2058 2698 2156 2737 eos
2184 2683 2470 2754 videlicet,
2505 2684 2606 2755 qui
2637 2701 2752 2740 non
2803 2687 3114 2758 praeferunt
3165 2690 3438 2746 suavitati
3479 2691 3706 2748 utilita-

2058 2775 2198 2837 tem,
2245 2771 2414 2842 quive
2480 2775 2791 2844 praesentia
2843 2777 3055 2832 futuris
3115 2778 3362 2834 certiora
3403 2779 3699 2850 judicent.

2055 2863 2203 2914 Sane
2228 2875 2358 2915 vero
2386 2860 2435 2915 si
2465 2861 2792 2934 contigerit,
2829 2868 2891 2918 ut
2919 2864 3000 2918 ita
3042 2864 3216 2920 etiam
3267 2868 3418 2937 apud
3472 2867 3704 2939 aliquos

2060 2947 2257 3017 pejora
2290 2949 2637 3018 praevaleant
2667 2951 2911 3020 (avertat
2956 2957 3152 3008 autem
3203 2953 3356 3010 Deus
3408 2957 3701 3012 sermonis

2056 3034 2235 3104 hujus
2266 3040 2562 3107 conatum,
2596 3054 2667 3093 ne
2706 3037 2931 3094 scilicet
2970 3039 3087 3096 tale
3135 3042 3298 3112 quid,
3350 3044 3507 3114 quod
3559 3045 3703 3116 dixi,

2054 3123 2352 3194 tentetur),
2385 3140 2517 3179 cum
2553 3125 2722 3181 multi
2751 3127 2976 3183 soleant
3005 3130 3340 3202 conspirare
3370 3132 3429 3187 in
3464 3135 3706 3188 menda-

296 3225 400 3293 τήν
446 3189 580 3294 πρὸς
634 3219 696 3274 τὸ
743 3216 912 3295 παρὸν
962 3189 1257 3294 ἀσφάλειαν
1299 3189 1575 3286 καὶδόξαν
1609 3189 1944 3290 περὶιπλείο-

2059 3212 2166 3278 cio,
2215 3213 2501 3268 dissidere
2542 3219 2735 3270 autem
2777 3215 2836 3271 in
2885 3218 3126 3273 veritate
3160 3235 3172 3272 :
3208 3235 3462 3291 cumque
3513 3220 3702 3292 pluris

297 3333 392 3373 νος
451 3307 830 3381 ποιουμένων
883 3307 1011 3370 τοὺς
1064 3309 1192 3382 γοῦν
1251 3305 1550 3378 ἑπομένους
1582 3351 1597 3376 ,
1652 3302 1947 3360 ἀσάλευτον

299 3401 390 3456 καὶ
441 3398 636 3475 παγίαν
688 3395 1009 3473 διαφυλάξαι
1056 3398 1136 3466 τῷ
1181 3390 1591 3468 παραδεδωκότι
1618 3395 1717 3462 τὴν
1745 3393 1946 3468 πίστιν,

301 3487 692 3566 περιμένοντας
719 3485 781 3540 τὸ
826 3489 923 3540 τοῦ
979 3489 1234 3557 Σωτῆρος
1275 3485 1436 3556 ἡμῶν
1482 3485 1718 3559 Χριστοῦ
1755 3485 1946 3559 κριτή-

302 3599 444 3656 ριον,
491 3577 552 3632 οὗ
591 3579 761 3653 τῦφος
811 3574 906 3648 μὲν
957 3572 1049 3628 καὶ
1099 3570 1226 3643 δόξα
1273 3571 1363 3627 καὶ
1394 3570 1589 3647 ψεῦδος
1639 3572 1946 3649 προῤῥίζως

293 3667 610 3746 ἠφάνισται,
662 3663 864 3740 γυμνοὶ
914 3659 972 3718 δὲ
1018 3661 1194 3732 πάσης
1239 3662 1438 3738 ἀρχῆς,
1488 3661 1523 3731 ἢ
1578 3661 1859 3736 θεραπείας
1908 3662 1944 3732 ἢ

290 3754 582 3817 κολακείας
624 3753 675 3808 οἳ
714 3753 1052 3828 κρινόμενοι,
1103 3749 1436 3827 πολυχειρία
1485 3747 1542 3805 δὶ
1585 3749 1674 3805 καὶ
1705 3749 1942 3815 πλοῦτος

290 3846 523 3913 ἀσθενὴς
571 3839 708 3919 πρδς
754 3838 1098 3911 δυσώπησιν,
1144 3837 1239 3894 κᾶν
1288 3841 1326 3910 ᾖ
1375 3837 1499 3894 λίαν
1549 3841 1694 3912 παρὰ
1738 3838 1944 3913 ἀνθρώ-

284 3956 416 3997 ποις
469 3929 784 4004 εύδόκιμος.
835 3927 1077 4005 Ἀνδρῶν
1128 3927 1232 4004 γὰρ
1281 3925 1509 3998 ἐνδόξων
1560 3926 1775 3997 πλῆθος
1830 3927 1944 3993 ἰνὸς

288 4026 526 4093 πένητος
576 4015 826 4082 εὐσεϐοῦς
878 4017 976 4073 οὐκ
1014 4017 1259 4090 ἀντάξιον
1309 4016 1384 4078 εἰς
1434 4015 1756 4093 παραίτησιν
1815 4020 1940 4092 παρ’

287 4111 528 4183 ἀληθείᾳ
585 4107 1000 4182 δοκιμαζούσῃ,
1055 4105 1566 4183 συναγωνιζομένης
1637 4106 1730 4179 μὶν
1792 4107 1942 4161 εὗσε-

289 4197 441 4264 ϐείας
478 4199 616 4254 κατὰ
663 4195 871 4252 δικαίαν
923 4189 1164 4269 ἀμοιϐὴν
1215 4199 1323 4250 τῶν
1372 4198 1464 4248 νῦν
1517 4191 1587 4248 δι’
1635 4193 1801 4264 αὐτὴν
1851 4195 1941 4249 καὶ

285 4291 350 4346 τὸ
381 4291 559 4344 Θανεῖν
591 4283 780 4362 κέρδος
822 4286 1168 4360 ἡγουμένων,
1219 4280 1574 4344 ἀποδιδόντος
1625 4280 1682 4337 δὲ
1719 4283 1786 4337 τὰ
1830 4287 1938 4338 τῶν

284 4379 510 4454 ἀγώνων
567 4373 705 4440 ἆθλα
736 4379 834 4429 τοῦ
882 4373 1051 4429 πάλαι
1102 4372 1191 4428 καὶ
1219 4376 1311 4427 νῦν
1360 4369 1778 4434 ἀθλοθετοῦντος
1809 4375 1940 4449 Χρι-

285 4471 439 4534 στοῦ,
471 4469 586 4526 τοῖς
619 4464 712 4536 μὶν
746 4463 877 4538 ὑπὲρ
929 4459 1187 4532 ἀληθείας
1247 4462 1514 4531 πονήσασι
1541 4461 1639 4529 τὴν
1671 4459 1936 4531 ἀληθινὴν

2060 3302 2276 3357 faciant
2307 3308 2647 3374 praesentem
2667 3305 3060 3361 conditionem
3087 3307 3344 3378 periculo
3377 3315 3699 3382 carentem,

2058 3396 2114 3447 et
2142 3391 2480 3448 saecularem
2514 3393 2771 3464 quietem
2803 3411 2869 3449 ac
2919 3395 3186 3467 gloriam.
3241 3414 3419 3468 quam
3471 3415 3538 3454 ea
3569 3416 3698 3471 quas

2057 3479 2170 3536 Deo
2195 3479 2448 3553 placent,
2481 3485 2537 3536 et
2565 3481 2807 3552 publica":
2853 3482 3184 3539 inserviunt
3214 3485 3453 3541 utilitati
3487 3504 3500 3542 :
3534 3492 3699 3559 opta-

2057 3585 2190 3626 mus
2221 3569 2430 3626 saltem
2462 3573 2526 3625 ut
2554 3569 2777 3627 scilicet
2805 3571 2867 3638 ii,
2917 3573 3016 3644 qui
3067 3579 3297 3630 nosmet
3344 3576 3619 3633 docentes
3648 3580 3706 3633 et

2056 3668 2358 3715 monentes
2415 3664 2764 3732 sequuntur,
2798 3662 3103 3718 immotam
3136 3669 3193 3719 et
3223 3665 3494 3721 stabilem
3525 3667 3708 3738 ei,qui

2053 3749 2215 3802 dedit
2244 3748 2774 3815 illam,conservent
2795 3750 2969 3805 fidem
2993 3771 3007 3819 ;
3037 3751 3344 3823 utquelaeti
3368 3759 3706 3826 exspectent

2053 3837 2375 3894 Servatoris
2406 3837 2590 3892 nostri
2620 3839 2760 3894 Jesu
2791 3839 3001 3894 Christi
3047 3840 3362 3911 judicium,
3416 3843 3514 3897 ubi
3561 3860 3702 3898 sane

2053 3926 2260 3996 fastus,
2291 3925 2478 3998 gloria
2507 3929 2563 3980 et
2593 3926 2961 3982 mendacium
3009 3929 3291 3985 radicitus
3325 3935 3464 3986 sunt
3490 3931 3700 3987 exstir-

2053 4017 2210 4086 pata,
2239 4014 2458 4086 quique
2489 4013 2822 4085 illijudicio
2871 4015 3186 4085 sistuntur,
3239 4018 3506 4074 destituti
3556 4023 3699 4075 sunt

2051 4102 2209 4158 omni
2245 4102 2490 4174 imperio
2520 4103 2607 4158 vel
2639 4103 3011 4159 veneratione
3041 4104 3131 4160 vel
3163 4105 3519 4162 adulatione.
3543 4111 3694 4162 Prae-

2052 4191 2202 4247 sidia
2231 4196 2424 4247 autem
2459 4189 2656 4263 ampla
2685 4195 2741 4246 et
2769 4191 2984 4247 divitiae
3033 4194 3398 4267 exporrigere
3446 4195 3699 4268 alicujus

2053 4281 2298 4336 frontem
2332 4280 2412 4335 ibi
2448 4298 2558 4336 non
2586 4281 2882 4348 valebunt,
2919 4279 3050 4337 licet
3083 4283 3237 4354 apud
3271 4283 3540 4340 homines
3568 4301 3696 4340 ma-

2049 4386 2175 4441 gnae
2206 4370 2369 4441 prius
2398 4369 2849 4425 existimationis
2883 4369 3117 4426 fuerint.
3171 4371 3491 4429 Hominum
3540 4373 3698 4430 enim

2050 4457 2341 4514 clarorum
2394 4457 2706 4514 multitudo
2759 4474 2870 4513 non
2909 4457 2991 4514 ibi
3044 4459 3235 4531 potior
3281 4461 3392 4517 erit
3439 4479 3555 4518 uno
3604 4463 3698 4535 pio

287 4551 597 4630 ἐλευθερίαν
641 4551 730 4606 καὶ
783 4548 1058 4627 βασιλείαν
1111 4547 1376 4625 οὐρανῶν,
1408 4554 1526 4610 τοῖς
1559 4545 1615 4602 δέ
1656 4546 1744 4603 διὰ
1773 4550 1942 4604 κακό-

2056 4565 2328 4620 paupere,
2362 4552 2426 4602 ut
2456 4552 2761 4620 propterea
2791 4547 3053 4605 veritatis
3086 4554 3211 4606 tum
3237 4552 3437 4606 omnia
3456 4568 3700 4608 censen-

288 4664 442 4698 νοιαν
497 4640 699 4711 ταύτην
775 4639 1067 4712 ἀτιμάσασι
1139 4637 1412 4712 τιμωρίας
1486 4638 1934 4714 ἀπαραιτήτους.

286 4731 450 4790 Ταῦτ’
505 4729 740 4804 εἰρήσθω
791 4728 885 4801 μὶν
939 4726 1220 4804 ἀμφότερα
1263 4726 1399 4800 πρὸς
1445 4725 1605 4799 ὑμᾶς·
1655 4721 1845 4797 ἐκϐαίη
1881 4724 1940 4783 δὲ

284 4818 424 4896 πρὸς
453 4820 554 4888 τὴν
592 4815 796 4892 βνλτίω
831 4820 1026 4891 μοῖραν
1057 4815 1118 4870 τὸ
1149 4814 1329 4882 τέλος,
1837 4825 1843 4835 ‘

2053 4637 2130 4693 tis
2164 4636 2352 4709 possit
2383 4637 2625 4692 evadere
2669 4653 2978 4692 censuram
3015 4655 3027 4692 :
3076 4639 3368 4712 siquidem
3404 4641 3484 4696 ibi
3515 4642 3702 4713 pietas

2048 4743 2167 4781 una
2199 4725 2503 4797 pugnabit,
2536 4729 2710 4797 prout
2736 4725 2898 4796 justa
2921 4728 3226 4784 retributio
3259 4745 3458 4785 eorum
3494 4730 3704 4802 poscit,

2048 4817 2148 4889 qui
2181 4831 2338 4870 nunc
2368 4813 2457 4870 vel
2491 4813 2640 4870 mori
2690 4819 2929 4887 propter
2957 4832 3084 4871 eam
3139 4816 3369 4872 lucrum
3412 4819 3702 4888 judicent,

279 4911 553 4968 Christus
581 4924 733 4974 vero,
767 4907 867 4979 qui
897 4906 1037 4962 olim
1071 4913 1126 4961 et
1154 4905 1478 4962 etiamnum
1512 4905 1747 4976 praemia
1777 4906 2200 4962 certaminibus
2240 4903 2439 4959 debita
2471 4920 2645 4975 penes
2678 4920 2739 4959 se
2773 4904 2945 4960 habet
2973 4909 3031 4959 et
3062 4905 3384 4975 distribuit,
3412 4907 3696 4979 largietur

279 5000 400 5056 illis
429 5002 608 5065 certe,
631 4996 728 5068 qui
753 4995 984 5052 veritati
1007 4993 1424 5068 patrocinando
1457 4993 1887 5064 laboraverunt,
1917 5010 2114 5051 veram
2144 4993 2474 5049 libertatem
2509 4996 2564 5048 et
2594 5008 2839 5065 regnum
2871 4993 3149 5050 caelorum
3187 5012 3199 5051 :
3233 4994 3349 5052 illis
3374 5000 3568 5052 autem
3592 4994 3693 5067 qui

279 5090 434 5145 hanc
463 5101 738 5160 perversa
770 5087 963 5141 mente
987 5084 1146 5154 justo
1177 5101 1282 5140 suo
1312 5084 1531 5140 honore
1561 5082 2005 5151 defraudarunt,
2035 5100 2235 5156 pmnas
2275 5080 2660 5139 inevitabiles.
2691 5085 2822 5138 Haec
2853 5082 2912 5138 in
2944 5088 3256 5156 utramque
3287 5089 3508 5158 partem
3539 5084 3694 5139 dicta

282 5179 356 5235 ad
387 5193 490 5234 vos
519 5178 694 5232 sunto
727 5193 743 5244 ;
771 5174 1000 5230 utinam
1029 5189 1163 5230 vero
1194 5173 1328 5229 ﬁnis
1357 5172 1654 5228 meliorem
1689 5171 1747 5226 in
1781 5175 2004 5244 partem
2036 5171 2283 5229 eveniat.

360 5373 407 5409 ⁸ο
435 5375 459 5427 I
487 5371 621 5430 Cor.
654 5368 748 5438 κν,
775 5369 868 5426 28.

352 5584 472 5662 (μ)
502 5582 806 5662 Notandus
839 5580 930 5662 hic
945 5579 1123 5662 locus
1153 5581 1380 5662 quohad
1406 5580 1686 5662 uberiora
1716 5595 1821 5636 sua
1853 5579 1998 5636 scri-

279 5652 384 5731 pta
414 5652 542 5726 jam
573 5659 706 5711 ante
748 5652 894 5710 illud
940 5656 1176 5724 tempus
1205 5652 1360 5708 edita
1406 5652 1732 5709 Eunomius
1781 5668 1986 5724 provo-

2097 5584 2220 5708 ἕαῐ,
2245 5612 2311 5623 —-
2334 5581 2476 5638 Vide
2507 5581 2854 5638 Garnerium
2888 5582 2945 5636 in
2976 5581 3348 5636 Praefattom.
3385 5579 3603 5652 I,p.238
3625 5581 3695 5635 B.

2145 5670 2260 5708 nrr.

2145 5670 2260 5709 DIT.

4108 1919 4112 1958 ί

4109 2047 4112 2080 |

4109 2095 4112 2126 η

4107 2271 4112 2384 i

4109 2397 4112 2424 .

4105 2741 4112 2870 ξ

4105 2909 4112 2958 l

4102 3129 4112 3438 ἓ

4101 3439 4112 3506 l

4101 3511 4112 3716 ἔ

4101 3735 4110 3892 ἓ

4101 3895 4112 3992 ξ

4099 4185 4112 4274 ἰ

4099 4333 4112 4420 fl

4099 4419 4112 4490 ξ
