2056 3112
200 162 259 192 867

674 159 873 191 APPENDIX
894 159 1055 190 UPEBUM
1078 158 1110 189 S.
1133 159 1274 191 BASILII
1296 159 1431 191 MAGNI.

1849 163 1914 193 868

237 227 283 254 28.
299 225 381 254 Unus
396 227 440 254 est
455 225 533 254 Deus
549 224 699 261 ingenitus
726 225 866 261 omnique
883 224 1025 261 principio

1117 224 1163 252 28.
1180 225 1228 255 Εἷς
1242 223 1296 252 ἔστι
1313 224 1378 254 Θεὸς
1400 224 1544 262 ἀγέννητος
1563 225 1608 253 καὶ
1624 225 1756 264 ἄναρχος,
1777 224 1840 254 οὔτε
1853 228 1909 265 πρὸ

204 279 318 306 carens,
343 270 455 299 nemini
482 270 631 303 subditus,
659 269 708 305 qui
731 277 826 305 neque
847 273 915 298 ante
936 271 1029 298 semet

204 324 383 353 quemquam
399 315 502 343 habuit
517 314 567 350 qui
579 314 674 350 fuerit,
690 313 764 342 nihil
777 314 855 342 enim
866 320 932 342 ante
947 314 1028 350 inge-

205 361 301 389 nitum
316 369 380 389 esse
404 362 523 396 potest:
541 367 636 395 neque
660 367 719 387 una
741 367 851 392 secum,
875 367 943 386 nam
966 359 1028 394 ipse

204 415 271 434 eum
287 405 436 442 ingenitus
452 404 501 439 sit,
517 412 594 432 unus
609 407 638 432 et
652 403 734 432 solus
754 406 799 431 est
813 404 891 432 Deus
908 411 914 431 :
931 411 1027 439 neque

204 451 234 478 in
250 452 352 483 semet,
369 448 493 484 simplex
508 448 587 476 enim
602 450 648 476 est
663 450 691 475 et
705 448 927 483 incompositus.
945 447 1026 476 Unus

203 498 301 523 autem
318 494 392 522 108
408 502 475 521 cum
491 493 540 526 sit,
557 501 685 529 cumque
700 492 781 521 solus
803 492 850 526 sit,
867 494 896 520 et
911 500 1027 528 semper

202 540 241 567 sit
255 539 343 573 idem,
361 545 459 566 rerum
480 537 613 565 omnium
637 540 683 565 est
705 537 792 572 Deus,
819 540 847 565 et
870 539 983 564 creator
997 539 1026 564 et

181 588 187 621 ι
202 584 309 620 opifex,
327 582 466 618 primario
481 581 601 617 quidem
618 584 646 610 et
662 582 748 609 modo
765 582 893 617 quodam
910 581 1024 614 eximio,

200 628 295 663 ipsius
310 626 468 662 Unigeniti,
485 626 602 663 proprie
612 628 710 654 autem
724 628 752 654 et
762 626 911 661 sigillatim
923 633 1024 653 eorum

202 679 265 707 quae
278 679 330 707 per
344 670 443 706 ipsum
458 673 529 698 sunt
544 671 629 698 facta.
644 670 776 706 Namque
792 670 889 705 ipsum
904 670 1024 705 quidem

203 715 310 743 Filium
327 718 394 743 ante
409 715 519 749 omnia,
543 723 720 750 omnemque
742 717 907 743 creaturam
927 714 1024 743 solum

202 769 256 788 sua
270 760 364 796 ipsius
381 759 512 796 potentia
525 762 554 787 et
568 759 735 795 operatione
750 761 778 786 et
792 759 895 795 genuit
908 761 937 787 et
945 767 1024 786 crea-

201 805 242 832 vit
256 806 284 832 et
300 804 368 832 fecit
384 812 391 831 :
409 803 481 831 nihil
497 803 581 839 plane
595 804 631 831 de
645 812 700 831 sua
715 803 881 831 substantia
896 811 1026 831 commu-

202 849 327 876 nicando
341 849 366 876 ei
383 849 433 884 qui
449 848 566 885 genitus
581 850 627 875 est
643 847 802 883 (corrumpi
826 848 917 880 enim,
935 847 1025 875 dividi

202 896 230 920 et
244 893 273 920 in
290 895 387 929 partes
398 892 491 921 secari
503 892 580 920 Deus
593 892 695 928 nequit
707 901 713 925 ;
731 892 780 927 qui
797 900 864 919 vero
876 892 1025 927 corrumpi
1041 909 1064 941 Β

203 938 313 973 nequit,
329 937 477 973 propriam
493 939 570 964 certe
585 937 746 964 essentiam
763 944 950 964 communem
968 945 1025 964 non

197 982 294 1021 facit),
312 990 405 1017 neque
432 981 523 1009 alium
539 990 568 1008 in
589 980 811 1008 subsistentiam
828 981 873 1008 sui
898 980 1026 1008 similem

202 1026 388 1062 producendo
405 1035 411 1053 :
428 1026 492 1061 ipse
502 1025 581 1053 enim
594 1025 849 1061 solumingenitus
861 1027 906 1052 est
922 1033 928 1053 :
942 1025 1027 1060 juxta

200 1070 281 1097 illam
297 1078 363 1097 vero
379 1069 540 1105 ingenitam
554 1069 723 1100 essentiam,
738 1070 770 1095 ut
785 1068 895 1103 aliquid
913 1068 948 1096 ab
962 1068 1026 1104 ipso

202 1116 357 1150 generetur
372 1113 433 1141 ﬁeri
443 1114 545 1149 nequit
561 1122 567 1141 :
585 1121 678 1148 neque
693 1112 781 1148 igitur
792 1112 909 1148 propria
925 1120 1027 1140 essen—

202 1158 243 1186 tia
259 1159 369 1186 abusus
384 1158 493 1191 est,sed
510 1156 573 1185 sola
582 1156 730 1184 voluntate
740 1157 861 1192 genuit:
874 1165 967 1192 neque
978 1157 1027 1184 ad-

201 1203 427 1230 similitudinem
443 1210 503 1230 suae
519 1201 664 1235 essentia,
680 1201 730 1228 sed
747 1201 863 1236 qualern
880 1201 1027 1236 voluit,ta-

200 1247 258 1275 lem
274 1246 440 1283 generavit;
462 1254 570 1282 perque
586 1245 664 1273 hunc
681 1245 807 1282 primum
822 1245 942 1281 quidem
962 1254 1025 1272 om-

201 1291 296 1327 nium,
313 1291 514 1326 maioremque
529 1290 642 1317 ceteris
666 1289 808 1324 Spiritum
833 1291 969 1317 sanctum
985 1289 1027 1317 fe-

200 1336 250 1370 cit,
268 1335 385 1371 propria
401 1342 471 1361 sane
486 1342 540 1361 sua
556 1335 697 1369 potestate
713 1335 742 1360 et
758 1332 905 1366 mandato,
920 1341 1025 1368 opera-

199 1381 280 1408 tione
295 1387 362 1407 vero
377 1381 406 1406 et
420 1380 551 1414 potentia
566 1376 641 1404 Filii.
659 1379 727 1405 Post
742 1377 819 1404 hunc
845 1379 942 1404 autem
959 1377 1027 1405 reli-

200 1432 260 1460 qua
275 1426 381 1451 cuncta
397 1423 426 1450 in
443 1422 515 1450 ocelo
530 1424 558 1449 et
574 1422 603 1449 in
619 1424 706 1454 terra,
724 1421 852 1449 visibilis
876 1424 904 1449 et
926 1421 1025 1449 invisi-

200 1468 283 1502 bilia,
297 1476 436 1504 corporea
450 1469 479 1495 et
494 1467 665 1502 incorporea
682 1474 731 1501 por
746 1466 880 1494 eumdem
898 1466 965 1493 fecit
980 1466 1025 1494 Fi-

200 1513 284 1541 lium.
302 1513 375 1541 Unus
390 1512 465 1540 enim
478 1514 518 1539 est
533 1512 617 1545 Deus,
631 1519 666 1539 ex
680 1519 732 1546 quo
744 1516 809 1539 sunt
822 1512 925 1544 omnia,
940 1511 1027 1547 juxta

201 1557 384 1592 Apostolum,
409 1563 535 1591 unusque
568 1558 608 1583 est
633 1556 766 1583 Dominus
788 1556 865 1583 Iesu:
889 1555 1024 1589 Christus,

1083 269 1177 296 ἑαυτοῦ
1203 268 1275 307 ἔχων
1300 269 1360 297 τινὰ
1384 267 1457 297 ὅντα·
1483 269 1560 298 οὐδὲν
1586 271 1638 308 γὰρ
1664 270 1718 309 πρὸ
1733 272 1782 298 τοῦ
1797 271 1912 308 ἀγιννή-

1081 324 1129 341 του
1156 313 1222 341 εἶναι
1260 312 1389 341 δύναται·
1421 312 1482 342 οὕτε
1518 314 1564 342 σὺν
1595 314 1680 351 αὐτῷ·
1716 316 1753 346 εἷς
1782 316 1835 354 γὰρ
1862 317 1912 344 καὶ

1084 356 1164 395 μόνος
1190 359 1255 391 Θεὸς
1276 359 1290 386 ὁ
1316 358 1472 397 ἀγέννητος*
1497 358 1556 387 οὔτ’
1579 359 1604 387 ἐν
1630 360 1713 396 αὐτῷ’
1730 361 1836 393 ἁπλοῦς
1855 362 1910 399 γὰρ

1080 404 1124 431 καὶ
1142 403 1294 434 ἀσύνθετος.
1321 404 1368 435 Εἷς
1393 402 1422 431 δὶ
1449 403 1496 438 ὢν,
1521 405 1566 432 καὶ
1592 404 1675 441 μόνος
1700 405 1749 440 ὣν,
1772 406 1815 433 καὶ
1837 405 1878 433 ἀιί
1896 407 1910 434 ὁ

1080 448 1160 479 αὐτὸς
1176 447 1225 483 ὢν,
1241 448 1347 476 πάντων
1364 447 1419 476 ἐστῖ
1437 448 1502 480 Θεὸς
1516 449 1561 476 καὶ
1575 449 1686 484 κτίστης
1706 449 1751 477 καὶ
1774 448 1912 488 δημιουρ-

1080 492 1136 528 γὸς,
1168 492 1284 529 πρώτως
1315 493 1360 528 μὶν
1392 493 1436 519 καὶ
1465 493 1606 530 ἐξαιρὲτως
1636 496 1683 521 τοῦ
1713 497 1908 531 Μονογενοῦς,

1083 535 1157 567 ἰδίως
1173 535 1200 563 δὲ
1215 539 1268 563 τῶν
1286 536 1320 563 δι’
1336 537 1419 564 αὐτοῦ
1442 538 1603 575 γενομένων.
1619 538 1668 565 Τὸν
1697 539 1743 575 μὲν
1767 540 1818 577 γὰρ
1844 540 1909 566 Υἱὸν

1080 582 1132 615 πρὸ
1149 582 1255 607 πάντων
1270 581 1313 608 καὶ
1339 582 1391 618 πρὸ
1416 581 1503 617 πάσης
1529 582 1640 613 κτίσεως
1664 582 1744 619 μόνον
1761 583 1794 618 τῇ
1810 584 1909 611 humi}

1081 624 1192 661 summ
1223 625 1268 652 καὶ
1304 625 1421 663 ἐνεργείᾳ
1450 626 1575 663 ὲγέννησί
1611 637 1640 654 τε
1668 627 1713 654 καὶ
1741 626 1829 655 ἔκτισε
1862 628 1928 655 καῖ’

1081 669 1218 704 ἐποίησιν,
1237 669 1312 697 οὐδὲν
1327 673 1376 704 τῆς
1401 671 1495 698 ἑαυτοῦ
1522 670 1693 702 ὑποστάσεως
1720 671 1852 708 μεταδοὺς
1866 675 1910 709 τῷ

1079 714 1243 751 γεννηθέντι.
1269 715 1422 751 ’Δφθαρτος
1445 715 1496 753 γὰρ
1523 715 1568 742 καὶ
1596 714 1746 752 ἀδιαίρετος
1771 717 1816 744 καὶ
1839 716 1910 753 ἀμά-

1081 768 1169 794 piata;
1186 759 1199 786 ὁ
1223 759 1296 789 Θεός“
1325 760 1338 786 ὁ
1356 758 1378 786 δ’
1407 759 1539 797 ἄφθαρτος
1567 763 1616 794 τῆς
1646 760 1741 787 ἑαυτοῦ
1766 761 1859 792 οὐσίας
1875 762 1909 789 οὗ

1082 802 1270 838 μεταδίδωσιν.
1288 803 1356 831 Οὔτε
1382 805 1439 831 καθ’
1455 805 1546 831 ἑαυτὸν
1564 804 1648 832 ἄλλον
1674 806 1909 842 ὑποστησάμενος.

1081 847 1170 879 Μόνος
1185 849 1234 885 γὰρ
1263 848 1341 878 αὐτὸς
1366 848 1520 885 ἀγέννητος,
1545 850 1611 876 κατὰ
1635 848 1663 876 δὲ
1687 850 1735 883 τήν
1762 850 1908 887 ἀγέννητον

1081 892 1171 919 οὐσίαν
1202 897 1364 928 γεννηθῆναι
1397 892 1546 921 ἀδῦνατον.
1576 892 1642 920 Οὔτε
1674 893 1719 921 οὖν
1748 894 1783 931 τῇ
1811 895 1910 922 ἑαυτοῦ

1082 936 1158 971 οὐσίᾳ
1187 937 1373 973 ἀπεχρήσατο,
1404 937 1476 965 ἀλλὰ
1504 939 1538 974 τῇ
1572 937 1701 975 βουλήσει
1733 939 1817 976 μόνῃ·
1846 938 1911 966 οὔτε

1081 982 1147 1007 κατὰ
1171 982 1219 1015 τὴν
1247 982 1342 1008 ἑαυτοῦ
1365 981 1465 1016 οὐσίαν,
1492 981 1554 1009 ἀλλ’
1585 984 1641 1010 οἷον
1667 984 1724 1019 (45)
1751 980 1910 1019 ἐδουλῆθη,

1082 1025 1214 1062 ἐγέννησε.
1247 1026 1294 1052 Καὶ
1325 1025 1368 1052 διὰ
1396 1026 1493 1053 τούτοο
1519 1036 1628 1064 πρωτον
1657 1027 1703 1063 μὲν
1729 1027 1836 1055 πάντων
1862 1028 1910 1056 καὶ

1083 1073 1174 1106 μεῖζον
1200 1071 1230 1096 τὸ
1261 1073 1371 1106 Πνεῦμα
1392 1071 1423 1097 τὸ
1450 1071 1526 1108 ἅγιον
1554 1070 1691 1106 ἕποίησεν,
1721 1071 1828 1108 ἐξουσίᾳ
1858 1073 1908 1108 μὲν

1082 1113 1136 1149 ἰδίᾳ
1160 1114 1203 1141 καὶ
1230 1115 1429 1151 προς-τάγματι,
1455 1114 1574 1152 ἐνεργείᾳ
1598 1114 1626 1143 δὶ
1650 1115 1694 1142 καί
1721 1114 1834 1152 δυνάμει
1858 1119 1910 1143 τοῦ

1082 1159 1155 1187 rio-3.
1174 1160 1247 1186 Μετὰ
1273 1157 1300 1185 δὲ
1320 1161 1399 1185 τ’)ὖτο
1416 1159 1448 1185 τὰ
1475 1158 1559 1186 λοιπᾶ
1583 1159 1668 1187 πάντα
1689 1160 1722 1187 τὰ
1747 1159 1774 1188 ἄν
1800 1160 1910 1198 οὐρανῷ

1081 1203 1124 1229 καὶ
1142 1202 1185 1229 ἐπὶ
1205 1206 1265 1240 γῆς,
1292 1203 1375 1239 ὁρατά
1397 1213 1425 1229 τε
1451 1204 1494 1230 καὶ
1521 1203 1632 1241 ἀόρατα,
1661 1204 1704 1231 καὶ
1737 1204 1851 1240 σώματά
1879 1215 1911 1232 τι

1080 1247 1124 1273 καὶ
1146 1247 1276 1283 ἀσώματα
1299 1246 1342 1274 διὰ
1368 1249 1416 1274 τοῦ
1442 1248 1503 1274 Γἱοῦ
1525 1247 1662 1282 ἐποίησεν,
1683 1248 1730 1280 Εἷς
1754 1249 1805 1286 γὰρ
1831 1249 1910 1282 Θεὸς,

1081 1291 1105 1326 ἐξ
1135 1290 1167 1317 οὗ
1196 1291 1229 1317 τὰ
1266 1291 1371 1327 «iv-cz,
1396 1291 1463 1319 κατὰ
1491 1292 1535 1319 τὸν
1571 1290 1738 1320 ’Λπόστολον
1757 1315 1765 1329 ,
1794 1293 1840 1320 καὶ
1869 1293 1908 1324 εἷς

1081 1335 1177 1372 Κ·3ριο;
1208 1336 1311 1370 Ἰησοῦς
1347 1336 1462 1373 Χριστὸς
1481 1359 1488 1371 ,
1518 1335 1553 1363 δι’
1581 1336 1612 1364 οὗ
1650 1337 1683 1364 τὰ
1717 1338 1829 1365 πάντα.
1860 1338 1908 1368 Εἷς

1081 1379 1125 1405 οὖν
1152 1379 1215 1409 Θεὸς
1246 1380 1404 1416 ἁγὲννητος,
1431 1379 1570 1414 ἄκτιστος,
1600 1381 1753 1416 ἀποίητος.
1786 1382 1837 1410 Καὶ
1869 1382 1909 1412 εἷς

1082 1423 1181 1460 Κύριος
1207 1424 1311 1458 Ἰησοῦς
1338 1424 1465 1460 Χριστὸς,
1492 1426 1506 1451 ὁ
1534 1425 1594 1456 Υἱὸς
1619 1424 1667 1452 τοῦ
1689 1427 1768 1459 Θιοῦ,
1785 1426 1912 1463 γέννημα

1080 1470 1127 1493 τοῦ
1155 1468 1312 1503 ἁγεννήτου,
1339 1469 1394 1505 οὐχ
1409 1469 1446 1499 ὡς
1465 1468 1493 1496 ἓν
1518 1472 1571 1497 τῶν
1595 1471 1783 1507 γεννημάτων,
1807 1470 1911 1506 κτίσμα

1080 1514 1127 1538 τοῦ
1145 1512 1280 1546 ἀκτίστου,
1298 1512 1350 1550 οὐχ
1367 1513 1402 1543 ὡς
1425 1513 1452 1540 ἓν
1477 1516 1529 1541 τῶν
1554 1514 1719 1551 κτισμάτων,
1735 1514 1845 1551 ποίημα
1859 1517 1909 1542 τοῦ

1083 1557 1227 1591 ἀποιήτων,
1253 1557 1308 1594 οὐχ
1334 1558 1369 1587 ὡς
1385 1558 1411 1584 ἓν
1427 1560 1480 1585 τῶν
1507 1558 1679 1595 ποιημάτων·
1695 1559 1786 1590 καθὼς
1801 1558 1910 1597 εἴρηται

198 1609 248 1637 per
263 1609 343 1636 quem
358 1603 419 1628 sunt
435 1601 529 1627 omnia
548 1601 580 1627 “.
598 1599 679 1627 Unus
695 1600 786 1634 igitur
799 1602 844 1627 est
867 1600 942 1627 Deus
967 1608 1025 1627 non

1084 1601 1135 1627 ὑπὸ
1161 1604 1210 1635 τῆς
1239 1601 1315 1637 ἁγίας
1344 1605 1473 1640 Γραφῆς·
1505 1603 1603 1640 Κύριος
1637 1602 1724 1631 ἴκτισᾶ
1754 1614 1788 1640 με
1819 1588 1911 1641 ἀρχὴν

201 1646 329 1680 genitus,
346 1653 404 1672 non
419 1647 546 1677 creatus,
564 1653 621 1671 non
638 1643 743 1671 factus.
761 1644 796 1671 Et
818 1652 895 1671 unus
911 1646 956 1671 est
969 1644 1024 1671 Do-

203 1690 301 1717 minus
316 1689 403 1717 Josus
418 1687 618 1722 Ghristus,l)ei
637 1687 875 1723 Filius,genimen
890 1689 1024 1724 ingeniti,

202 1742 260 1761 non
276 1737 374 1761 tamen
390 1733 485 1760 instar
501 1732 587 1760 unius
603 1741 636 1759 ex
661 1731 727 1759 aliis
751 1732 839 1760 rebus
853 1733 1001 1768 generatis
1018 1741 1025 1761 :

201 1780 336 1806 creatura
361 1786 418 1805 non
440 1777 538 1811 creati,
560 1785 616 1804 non
641 1778 739 1804 tamen
761 1776 855 1804 instar
883 1777 969 1805 unius
993 1786 1028 1805 ex

203 1821 270 1850 aliis
286 1821 373 1849 rebus
389 1820 494 1848 creatis
511 1829 517 1848 :
535 1829 608 1856 opus
626 1829 682 1848 non
699 1820 777 1854 facti,
795 1829 853 1848 non
869 1823 966 1849 tamen
982 1822 1028 1849 in-

1081 1643 1150 1671 ὁδῶν
1170 1645 1264 1679 αὐτοῦ,
1288 1646 1340 1682 πρὸ
1365 1646 1413 1672 τοῦ
1440 1646 1539 1678 αἶ’ῶνος
1565 1646 1729 1683 ἐθεμελίωσὲ
1754 1658 1788 1684 με
1810 1648 1866 1685 πρὸ
1883 1647 1912 1675 δὶ

1081 1689 1184 1716 πάντων
1214 1690 1316 1726 βουνῶν
1343 1693 1422 1727 γεννᾷ
1452 1701 1501 1726 με.
1533 1691 1581 1718 Καὶ
1610 1691 1636 1718 ’ἐν
1668 1693 1777 1728 Πνεῦμα
1807 1693 1884 1729 ἅγιον
1902 1693 1926 1727 ,κ’

1081 1736 1189 1770 πρῶτον
1217 1735 1260 1760 καὶ
1288 1737 1381 1770 μεῖζον
1407 1734 1514 1762 πάντων
1529 1737 1581 1762 τῶν
1607 1735 1655 1763 τοῦ
1673 1737 1847 1773 Μονογενοῦς
1865 1730 1922 1774 ἶρέ

1082 1780 1218 1815 yol-:06),
1243 1779 1434 1815 προστάγματι
1463 1780 1509 1815 μὲν
1535 1782 1582 1807 τοῦ
1608 1780 1724 1817 Πατρὸς,
1743 1780 1867 1818 ινιργείᾳ
1882 1779 1911 1808 δὲ

1082 1822 1127 1848 καὶ
1144 1821 1253 1858 δυνάμει
1270 1825 1316 1850 τοῦ
1333 1824 1396 1850 Υἱοῦ
1411 1824 1566 1860 γενόμενον.

203 1869 266 1895 star
281 1865 368 1893 unius
383 1873 418 1893 ex
431 1865 498 1893 aliis
510 1866 597 1892 rebus
613 1864 714 1898 factis;
732 1865 980 1900 quemadmodum
998 1868 1219 1902 pronuntiatum
1236 1871 1279 1895 est
1295 1877 1311 1895 a
1330 1872 1433 1896 sancta
1457 1869 1605 1905 Scriptura
1621 1878 1628 1897 :
1647 1870 1786 1898 Dominus
1809 1872 1909 1899 creavit

202 1918 245 1938 me
259 1911 340 1938 initio
353 1911 475 1937 viariam
498 1917 625 1942 suarum,
649 1914 711 1936 ante
733 1909 837 1937 saacula
861 1910 989 1945 [undavit
1013 1919 1066 1945 me,
1089 1914 1153 1939 ante
1171 1921 1264 1940 omnes
1288 1913 1370 1940 colles
1384 1915 1478 1947 genuit
1499 1922 1542 1942 me
1557 1915 1589 1941 ¹³.
1620 1914 1654 1942 Et
1676 1923 1753 1942 unus
1781 1915 1909 1951 Spiritus

203 1957 336 1988 sanctus,
353 1954 483 1990 primum
499 1953 694 1988 omnibusque
709 1954 820 1981 caeteris
836 1955 932 1990 majus
947 1951 1091 1990 Unigeniti
1108 1965 1191 1992 opus,
1204 1957 1290 1991 jussu
1309 1957 1426 1992 quidem
1443 1958 1719 1994 Patris,operatione
1733 1967 1801 1987 vero
1816 1962 1845 1987 et
1859 1967 1908 1995 po-

203 1998 295 2027 tentia
309 1998 374 2026 Filii
389 1998 493 2026 factus.

239 2084 260 2101 “
277 2082 289 2111 l
304 2083 367 2111 Cor.
383 2090 444 2117 vui,
459 2083 486 2109 6.

527 2082 549 2099 ¹²
566 2082 648 2110 Prov.
666 2089 727 2117 vui,
742 2082 844 2116 22-25;
861 2082 948 2117 Eccli,
963 2091 1039 2117 κων,
1057 2083 1099 2111 ili.

238 2167 295 2205 (liii)
312 2167 422 2205 Gavgus
437 2175 494 2193 οιον
510 2166 612 2202 edidit,
629 2167 678 2194 sed
696 2164 753 2193 οἵαν
770 2166 859 2194 habet
872 2175 928 2195 ms.
943 2167 1017 2196 Gud.

1081 2168 1267 2205 Lindenbrog.

238 2200 297 2238 (46)
311 2201 355 2230 Ai.
372 2200 461 2239 ἔργον.
