4112 6224
459 341 580 401 875

1415 334 1807 397 APPENDIX
1848 329 2176 394 OPERUM
2213 329 2280 390 S.
2325 329 2606 390 BASILII
2652 330 2924 392 MAGNI.

3740 340 3837 404 876

460 471 1283 544 certi.(a)Pariafueruntergo
1298 467 1686 523 animantium
1713 466 2109 520 arbustorum-
2137 462 2191 529 Α
2219 461 2395 528 (Rom.
2427 477 2466 524 ι,
2498 461 2612 531 20).
2656 462 2945 519 Fortassis
2991 467 3187 521 autem
3239 470 3477 538 propter
3519 469 3832 531 celeritatem

395 578 397 580 ·
457 579 568 633 que
596 578 859 634 corpora,
884 565 1168 631 tanquam
1190 559 1243 613 vi
1266 557 1577 628 cujusdam
1609 553 1882 610 terrentis
1912 553 1985 607 ad
2009 566 2111 606 ne-

459 652 789 706 cessitatem
808 650 1043 706 insitam
1062 647 1374 719 relegata,e
1389 644 1496 700 tilli
1516 644 1697 700 motui
1716 639 2111 711 subjecta,qui

460 740 530 796 ad
563 745 728 794 ortus
759 739 1078 809 obitusque
1110 735 1462 806 perducit,et
1491 750 1561 789 ex
1590 737 1802 788 natura
1828 728 2109 800 temporis

459 829 811 892 continetur,
834 830 1139 897 cognatam
1174 824 1585 894 proprietatem
1612 822 1788 875 rebus
1810 815 2108 873 mutabili-

455 917 566 972 bus
585 915 1094 988 possidente?!”
1113 913 1259 967 Hinc
1274 915 1699 982 consequenter
1719 907 1931 963 relator
1949 921 2110 961 exor-

455 1023 557 1061 sus
580 1010 686 1074 est,
711 1004 1019 1060 manifeste
1042 1004 1110 1057 de
1133 1000 1338 1056 mundi
1370 999 1804 1055 constructione
1838 1013 1945 1051 nos
1968 996 2107 1049 edo-

369 1133 372 1136 .
449 1108 608 1161 cens,
634 1092 692 1146 in
727 1090 1014 1162 principio
1050 1088 1255 1144 fecisse
1290 1081 1874 1157 Deum..Principium
1908 1091 2102 1137 autem

446 1183 535 1252 est
555 1181 707 1250 quod
731 1179 802 1234 ad
823 1182 1059 1248 tempus
1077 1177 1467 1247 pertinet,non
1491 1175 1646 1245 quod
1666 1174 1735 1228 ad
1755 1173 1826 1243 (ὁ)
1847 1170 2103 1242 antiqui—

444 1272 623 1323 tatem
648 1266 908 1339 respicit,
931 1282 1056 1335 quaa
1073 1271 1162 1322 est
1181 1265 1454 1320 omnibus
1478 1264 1650 1319 rebus
1673 1263 2102 1330 anterior.Ergo

444 1373 558 1411 non
583 1356 907 1411 secundum
935 1371 1060 1412 eam
1085 1354 1233 1410 dixit
1255 1355 1317 1410 In
1344 1354 1619 1425 principio
1648 1353 1777 1422 fecit
1808 1351 1970 1416 Deus,
1996 1349 2097 1404 sed

444 1450 577 1518 post
597 1446 701 1501 illa
724 1445 1045 1501 invisibilia
1068 1450 1124 1501 et
1147 1443 1574 1500 intellectibilia
1594 1443 1827 1496 initium
1853 1454 2097 1511 genera-

441 1535 623 1590 tionis
645 1550 844 1590 eorum
871 1551 996 1605 quas
1019 1537 1361 1596 cernuntur,
1393 1546 1689 1599 sensuque
1713 1526 2096 1599 comprehen-

441 1621 1178 1688 duntur,enarrat.Dicitur
1193 1621 1428 1692 quidem
1450 1617 1886 1690 principium,et
1910 1613 2098 1685 prima

444 1710 625 1766 motio
650 1728 662 1765 :
687 1710 838 1765 sicut
859 1710 1197 1780 principium
1223 1710 1359 1763 recti
1386 1708 1605 1763 itineris
1632 1715 1711 1760 est
1743 1707 1887 1765 iusta
1915 1705 2099 1772 facere

444 1801 626 1868 (Prov.
645 1815 760 1863 XVI,
781 1799 857 1869 5).
883 1797 1160 1868 Exjustis
1185 1798 1340 1852 enim
1373 1795 1646 1866 operibus
1676 1792 1994 1848 incitamur
2022 1789 2094 1845 ad

442 1887 611 1942 beate
637 1887 971 1941 vivendum.
1007 1886 1227 1940 Dicitur
1252 1886 1428 1940 etiam
1460 1882 1816 1954 principium
1846 1881 1974 1950 ejus
2011 1878 2094 1933 rei

444 1992 571 2048 quas
589 1976 653 2030 fit
668 1993 737 2031 ex
755 1975 952 2045 aliqua
975 1976 1041 2046 (c)
1060 1975 1422 2030 subsistente
1441 1973 1708 2041 materia,
1731 1970 1886 2026 sicut
1907 1970 1965 2022 in
1989 1968 2091 2022 do-

439 2063 1185 2126 mibusfundamentum,in
1202 2062 1450 2116 navibus
1462 2063 1745 2126 carina,et
1765 2058 2094 2114 secundum

439 2153 592 2224 quod
646 2152 866 2207 dictum
908 2156 998 2207 est
1040 2169 1053 2206 :
1089 2152 1319 2206 Initium
1353 2151 1638 2221 sapientiae
1670 2150 1841 2203 timor
1880 2146 2096 2202 Domini

437 2244 619 2312 (Prov.
645 2257 686 2308 ι,
706 2243 782 2311 7).
813 2241 1039 2296 Etenim
1070 2245 1351 2311 tanquam
1385 2239 1820 2294 munimentum
1843 2241 1900 2291 et
1921 2234 2094 2290 fulci-

438 2319 704 2385 mentum
747 2330 1041 2400 quoddam
1082 2330 1153 2384 ad
1199 2328 1335 2382 ﬁdei
1386 2328 1722 2382 ﬁrmitatem
1792 2324 2097 2396 praefertur

441 2434 675 2490 semper
694 2434 827 2473 cum
850 2418 1061 2472 timore
1083 2416 1421 2488 religio.Sed
1443 2420 1500 2471 et
1521 2412 1940 2470 structibilium
1965 2425 2098 2481 ope-

441 2523 573 2562 rum
592 2506 782 2578 prima
806 2523 939 2578 pars
963 2506 1320 2578 principium
1344 2511 1719 2575 nuncupatur
1761 2519 1774 2556 :
1819 2501 1972 2557 sicut
2001 2517 2094 2554 sa-

443 2594 994 2667 pientia.Beselebel
1037 2609 1176 2665 erga
1219 2591 1579 2648 tabernaculi
1612 2593 1810 2646 decus.
1844 2593 2095 2644 Actuum

446 2700 681 2756 quoque
711 2685 778 2738 ﬁt
805 2683 1152 2756 plerumque
1183 2683 1536 2754 principium
1569 2683 1757 2736 bonus
1790 2681 1981 2735 exitus
2004 2681 2096 2734 in-

445 2777 745 2846 ceptorum
772 2790 784 2828 :
818 2772 970 2828 sicut
997 2772 1057 2826 in
1088 2771 1356 2844 largitate
1387 2769 2097 2839 misericordie,sequitur

443 2862 802 2934 prosperitas
827 2861 949 2932 Dei,
973 2865 1029 2917 et
1056 2861 1116 2916 in
1145 2860 1480 2932 operatione
1509 2859 1814 2926 virtutum,
1839 2858 1973 2913 ﬁnis
1997 2858 2095 2914 ille

437 2951 711 3018 habetur,
745 2950 843 3022 qui
875 2951 935 3006 in
967 2950 1461 3022 promissionibus
1493 2953 1585 3004 est
1613 2947 1860 3003 locatus.

505 3041 564 3097 6.
601 3040 796 3096 Toties
827 3040 1006 3111 igitur
1036 3039 1337 3094 nominato
1369 3037 1677 3109 principio,
1708 3036 2013 3092 considera
2041 3035 2091 3092 si

435 3145 554 3183 non
589 3143 845 3198 presens
883 3145 991 3183 vox
1047 3127 1326 3182 omnibus
1370 3125 1719 3196 signiﬁcatis
1774 3124 2090 3179 acoomoda

2221 555 2520 615 creaturas,
2540 567 2664 621 qua;
2686 550 2811 606 sine
2835 551 2952 608 ullo
2975 560 3272 611 momento
3296 559 3574 629 temporis
3595 567 3678 615 est
3694 578 3832 620 cons-

2219 642 2433 705 tructa,
2466 639 2687 694 dictum
2720 646 2847 695 est:
2881 642 2944 696 In
2971 644 3249 714 principio
3279 646 3409 714 fecit
3429 662 3452 708 ;
3484 649 3742 718 quoniam
3760 651 3832 706 in-

2219 726 2457 781 dividua
2483 729 2746 798 quaedam
2772 746 2864 784 res
2885 734 2997 794 est,
3020 739 3078 786 et
3109 732 3473 805 indistincta,
3497 735 3836 809 principium.

2217 815 2382 871 Sicut
2411 817 2567 872 enim
2597 816 2834 873 initium
2865 818 2967 873 vias
3000 821 3249 876 necdum
3283 822 3375 877 via
3417 827 3524 890 est,
3556 829 3613 880 et
3640 824 3836 884 initium

2216 904 2454 969 domus,
2488 907 2740 960 necdum
2771 908 2984 963 domus
3015 914 3106 964 est
3140 927 3152 965 :
3187 911 3271 965 sic
3303 913 3583 984 temporis
3613 912 3836 984 initium,

2215 993 2466 1048 necdum
2517 993 2756 1064 plenum
2800 999 3040 1067 tempus
3070 1003 3192 1065 est;
3225 1000 3326 1053 sed
3361 1015 3464 1055 nec
3494 1001 3696 1072 exigua
3725 1021 3834 1075 pars

2213 1082 2518 1152 temporis.
2555 1085 2715 1148 Quod
2763 1084 2813 1138 si
2845 1101 3180 1157 repugnans
3211 1087 3359 1142 forte
3390 1088 3681 1161 quispiam
3704 1094 3834 1162 prin-

2211 1168 2432 1240 cipium
2459 1170 2668 1225 dixerit
2696 1187 2824 1226 esse
2857 1177 3110 1244 tempus,
3146 1175 3294 1230 sciat
3337 1177 3446 1232 hoc
3475 1194 3606 1233 esse
3642 1180 3837 1236 divisu-

2211 1273 2340 1311 rum
2376 1258 2434 1311 in
2467 1258 2824 1329 multiplices
2859 1261 3174 1331 portiones,
3201 1264 3256 1317 id
3277 1269 3365 1319 est
3387 1264 3445 1320 in
3477 1267 3838 1337 primam,me-

2210 1346 2364 1400 diam
2416 1351 2474 1402 et
2516 1353 2856 1403 extremam.
2901 1350 3262 1422 Principium
3323 1358 3517 1409 autem
3589 1357 3837 1428 principii

2209 1435 2815 1504 quaerereiridiculum
2848 1437 3083 1508 penitus
3131 1444 3190 1494 et
3231 1440 3499 1512 ineptum
3534 1450 3642 1500 est.
3675 1445 3734 1499 Et
3757 1448 3841 1516 qui

2206 1522 2416 1578 dividit
2445 1524 2824 1596 principium,
2856 1526 3004 1582 duas
3035 1530 3366 1585 necessario
3398 1532 3571 1586 faciet
3611 1549 3707 1604 pro
3741 1551 3838 1590 una

2207 1616 2423 1682 partes,
2447 1611 2534 1668 vel
2566 1613 2781 1684 potius,
2808 1614 3004 1686 plures
3029 1632 3041 1682 ;
3067 1619 3140 1684 (θ)
3159 1619 3439 1688 quoniam
3463 1636 3690 1692 semper
3715 1622 3836 1678 illud

2203 1700 2354 1769 quod
2387 1701 2641 1757 divisum
2677 1704 2871 1769 fuerit,
2906 1704 2965 1758 in
2999 1705 3146 1760 duas
3193 1705 3320 1762 sine
3359 1708 3538 1764 dubio
3573 1710 3839 1766 scinditur

2206 1787 2524 1859 portiones.
2559 1791 2704 1862 Ergo
2735 1797 2800 1846 ut
2845 1793 3189 1849 doceremur
3233 1795 3412 1851 simul
3463 1814 3600 1852 cum
3631 1799 3722 1854 Dei
3749 1817 3837 1855 vo-

2125 1839 2171 1904 B
2202 1839 2427 1932 truntate
2471 1839 2759 1934 mundoum
2809 1880 2936 1935 sine
2985 1886 3247 1954 tempore
3277 1885 3641 1954 substitisse,
3666 1889 3832 1954 dixit;

2199 1966 2262 2020 In
2280 1969 2556 2038 principio
2577 1969 2918 2037 [ecit.Quam
2946 1986 3064 2024 rem
3091 1971 3230 2026 certi
3252 1970 3602 2044 interpretes
3626 1975 3835 2048 planius

2201 2061 2574 2125 exponentes,
2608 2058 2881 2113 dixerunt
2912 2076 2925 2113 :
2957 2059 3287 2116 Summatim
3331 2065 3463 2129 fecit
3491 2065 3651 2134 Deus,
3683 2065 3733 2120 id
3762 2074 3840 2121 est

2203 2142 2358 2198 brevi
2390 2145 2722 2216 subitoque.
2773 2148 2956 2217 Igitur
3001 2165 3180 2218 super
3223 2149 3508 2223 principio
3555 2171 3733 2225 pauca
3774 2155 3835 2209 de

2204 2231 2403 2288 multis
2434 2232 2719 2290 hactenus
2749 2235 3103 2292 disseruisse
3135 2237 3408 2294 sufﬁciat.

2272 2411 2401 2482 7.(/)
2418 2415 2564 2468 Sane
2578 2411 2879 2468 sciendum
2897 2414 3174 2484 quoniam
3190 2417 3404 2472 artium
3421 2419 3684 2474 omnium
3697 2462 3710 2486 ,
3724 2419 3838 2476 aliis

2205 2498 2494 2568 factrices,
2519 2499 2641 2554 alias
2674 2501 2996 2572 negotiales
3028 2503 3422 2574 appellantur,
3445 2506 3574 2562 aliae
3607 2514 3843 2564 contem-

2205 2588 2550 2659 platoriaa,et
2571 2589 3188 2662 contemplatoriarum
3210 2594 3444 2662 quidem
3469 2596 3607 2652 ﬁnis
3629 2604 3716 2652 est
3733 2598 3847 2652 sola

2205 2677 2420 2732 mentis
2443 2677 2707 2747 intentio,
2737 2678 3117 2750 negotialium
3146 2688 3342 2737 autem
3366 2689 3566 2740 motus
3589 2687 3711 2756 ipse
3731 2703 3844 2740 cor-

2206 2765 2361 2836 poris
2396 2782 2408 2820 :
2443 2766 2542 2836 qui
2575 2781 2707 2822 cum
2734 2766 2990 2835 desierit,
3016 2768 3160 2824 nihil
3185 2769 3394 2842 reliqui
3443 2778 3554 2838 est,
3581 2789 3684 2828 nec
3705 2774 3843 2828 ultra

2200 2853 2533 2909 videntibus
2546 2854 3154 2933 demonstratur.Nam
3166 2857 3842 2916 saltationisetcantuum

2203 2941 2402 2997 nullus
2433 2943 2621 2998 exitus
2652 2948 2744 2998 est
2773 2960 2787 2998 :
2814 2945 2915 2999 sed
2946 2945 3004 2999 in
3037 2946 3414 3018 semetipsam
3446 2953 3710 3022 operatio
3735 2957 3846 3006 tota

2201 3033 2590 3088 consumitur.
2603 3032 2665 3086 In
2683 3033 2908 3088 artibus
2925 3050 3052 3089 vero
3068 3035 3672 3108 factricibus,etiamsi
3695 3039 3846 3094 labor

2200 3127 2484 3191 actusque
2503 3122 2839 3188 cessaverit,
2862 3123 3240 3178 manifestum
3264 3130 3462 3181 tamen
3483 3133 3577 3183 est
3591 3145 3738 3198 opus
3758 3145 3843 3183 ea-

438 3192 781 3271 esLE-tenim
805 3232 873 3270 ex
895 3231 960 3270 eo
982 3219 1239 3287 tempore
1270 3231 1384 3286 quo
1407 3192 1615 3268 mundi
1651 3214 1829 3284 coepit
1850 3213 2084 3267 institu-
2119 3192 2162 3260 C
2198 3223 2352 3271 rum,
2372 3208 2526 3264 sicut
2557 3209 2914 3279 fabrilitatis,
2951 3213 3028 3283 (g)
3059 3212 3485 3282 architecturae,
3521 3221 3584 3271 et
3613 3192 3845 3272 texturae

437 3303 830 3374 tio,possibi|e
852 3303 956 3358 tibi
979 3308 1067 3358 est
1083 3304 1348 3368 dicere,si
1371 3303 1444 3357 de
1463 3302 1850 3373 praesentibus
1862 3302 1930 3355 ad
1951 3316 2094 3371 pra:-

436 3392 611 3448 terita
649 3393 734 3464 (d)
766 3393 1121 3462 repedando,
1169 3390 1551 3464 principalem
1597 3391 1750 3445 diem
1782 3390 2094 3444 mundanis

441 3479 756 3536 creationis
785 3479 1053 3551 inquiras
1088 3497 1100 3535 :
1133 3481 1290 3535 unde
1321 3479 1571 3550 tempori
1621 3483 1815 3534 motus
1865 3478 2093 3549 primus

445 3568 775 3624 accesserit.
799 3569 1018 3624 Deinde
1039 3568 1179 3640 quia
1206 3567 1364 3622 velut
1384 3569 1551 3623 sedes
1569 3572 1626 3622 et
1640 3567 1920 3639 repagula
1937 3584 2090 3637 quae-

403 3693 406 3695 λ
445 3659 604 3722 dam,
628 3655 836 3712 coelum
869 3661 1141 3728 terraque
1170 3658 1414 3712 fundata
1443 3661 1618 3724 sunt;
1653 3662 1710 3712 et
1730 3657 1869 3727 quia
1889 3660 1978 3710 est
1999 3673 2091 3710 ar-

437 3747 579 3802 tit‘ex
606 3745 884 3813 Verbum,
917 3746 1068 3818 quod
1104 3745 1530 3800 decorationem
1560 3745 1825 3802 omnium
1856 3761 1984 3816 quas
2014 3744 2091 3800 vi-

2205 3300 2261 3351 et
2281 3296 2374 3352 his
2397 3296 2956 3368 similium,quarum
2975 3299 3111 3355 licet
3131 3303 3337 3358 artifex
3360 3311 3574 3374 praesto
3599 3323 3713 3361 non
3733 3307 3848 3360 fue-

2203 3385 2298 3452 rit,
2332 3386 2480 3442 ratio
2509 3392 2705 3441 tamen
2737 3388 2879 3442 artis
2909 3388 3099 3459 ipsius
3129 3399 3384 3462 apparet,
3419 3410 3853 3464 possumusque

2202 3472 2274 3528 de
2289 3490 2462 3545 opere
2483 3483 2790 3546 conspecto
2809 3476 3078 3548 peritiam
3101 3480 3383 3551 cujusque
3406 3482 3656 3538 artiﬁcis
3679 3484 3853 3539 admi-

2201 3564 2337 3617 rari.
2362 3563 2510 3635 Ergo
2533 3569 2597 3618 ut
2615 3572 2838 3620 certum
2861 3566 3025 3621 ﬁeret
3055 3567 3195 3639 quia
3225 3569 3481 3624 mundus
3513 3577 3643 3626 arte
3671 3573 3853 3643 perfe-

2199 3656 2329 3705 ctus
2360 3661 2469 3718 est,
2494 3653 2590 3722 qui
2613 3658 2960 3709 cunctorum
2993 3655 3214 3710 visibus
3247 3656 3496 3712 habetur
3523 3661 3852 3730 expositus,

2198 3745 2488 3808 quatenus
2510 3757 2610 3811 per
2629 3758 2764 3797 eum
2787 3742 3153 3799 fabricatoris
3174 3746 3266 3801 sui
3283 3745 3572 3816 sapientia
3595 3765 3854 3805 noscere-

438 3837 653 3891 dentur
681 3835 888 3900 effecit,
921 3834 1073 3890 sicut
1117 3851 1225 3890 vox
1273 3833 1436 3890 relati
1478 3839 1770 3890 monstrat
1799 3834 1949 3890 initii
1986 3852 1998 3890 ε
2033 3841 2090 3890 et
2195 3835 2292 3884 tur
2324 3847 2337 3885 :
2372 3847 2486 3885 non
2519 3831 2632 3886 alia
2662 3847 2798 3886 voce
2829 3832 3055 3904 Moyses
3085 3849 3229 3890 usus
3267 3840 3374 3905 est,
3407 3837 3507 3891 sed
3543 3839 3700 3893 dixit
3734 3856 3748 3894 :
3787 3843 3852 3894 1η

431 3926 568 3995 quia
584 3941 698 3980 non
723 3925 851 3980 sine
879 3925 1118 3994 ratione,
1141 3923 1230 3980 vel
1254 3923 1470 3979 frustra
1493 3925 1778 3980 formatus
1798 3929 1887 3980 est
1910 3940 2084 3979 mun-
2191 3920 2464 3989 principio
2494 3922 2625 3991 fecit
2651 3921 2808 3976 Deus.
2844 3922 2967 3976 Non
2999 3925 3323 3978 construxit
3351 3930 3454 3980 aut
3494 3932 3850 3998 composuit,

429 4014 561 4069 dus,
595 4014 820 4085 Quippe
851 4014 948 4084 qui
981 4013 1185 4068 utilem
1221 4014 1734 4083 necessariumque
1782 4014 1959 4068 rebus
1988 4030 2081 4069 es-
2193 4008 2293 4062 sed
2318 4008 2755 4078 [ecit.0uamvis
2780 4009 3045 4064 nonnulli
3067 4027 3268 4066 eorum
3289 4012 3386 4083 qui
3410 4029 3561 4069 vana
3577 4016 3854 4086 opinione

425 4107 515 4157 set
544 4102 762 4158 exitum
797 4103 1171 4173 prmbiturus,
1206 4102 1254 4156 si
1301 4118 1499 4158 revera
1529 4102 1862 4156 animorum
1903 4104 2078 4157 ratio-
2192 4095 2466 4165 prwventi
2490 4099 3085 4168 sunt,sempiternum
3119 4102 3402 4156 mundum
3425 4118 3564 4158 cum
3585 4103 3708 4160 Deu
3728 4121 3852 4159 esse

422 4191 732 4257 nabilium,
778 4192 932 4245 sicut
973 4191 1250 4256 diximus,
1299 4191 1730 4262 magisterium,
1763 4196 1820 4245 et
1870 4191 2078 4246 divina:
2189 4185 2467 4252 dicentes,
2501 4185 2664 4240 nullo
2690 4188 2861 4243 modo
2892 4187 2964 4243 ab
2993 4188 3124 4258 ipso
3148 4189 3365 4244 factum
3399 4198 3850 4259 concesserunt,

418 4280 678 4336 notionis
709 4279 1122 4348 eruditionem,
1143 4295 1247 4351 per
1275 4278 1530 4334 visibilia
1553 4279 1674 4333 haec
1696 4284 1752 4332 et
1775 4279 2078 4335 sensibilis
2185 4275 2286 4329 sed
2301 4281 2584 4345 tanquam
2600 4276 3105 4332 obumbrationem
3130 4279 3710 4349 quamdamvirtutis
3728 4299 3856 4338 esse

421 4367 629 4422 tribuit
651 4367 828 4420 menti
857 4372 1066 4420 nostras
1093 4383 1298 4437 regens
1320 4383 1446 4428 nos,
1475 4372 1538 4420 ut
1565 4367 1645 4420 ita
1675 4367 2074 4430 dixerim,ma-

422 4472 522 4518 nu,
549 4471 663 4525 quo
693 4454 923 4508 facilius
955 4454 1275 4508 invisibilia
1299 4454 1782 4525 contemplemur,
1812 4455 1966 4510 sicut
1986 4457 2072 4512 di-

2185 4365 2500 4433 divina2.(h)
2522 4369 2735 4420 Ferunt
2766 4366 2923 4420 enim
2955 4384 3090 4422 eum
3121 4373 3330 4438 sponte
3357 4373 3858 4441 compositum,et

2182 4455 2449 4524 quamvis
2479 4454 2662 4508 Deum
2693 4455 2820 4524 ejus
2852 4456 3053 4511 haberi
3083 4460 3376 4512 fateantur
3403 4463 3754 4520 auctorem;
3778 4461 3856 4514 ita

421 4545 499 4598 cit
531 4541 877 4613 Apostolus:
903 4543 1043 4610 Quia
1073 4543 1383 4596 invisibilia
1412 4544 1551 4612 ejus,
1570 4560 1604 4596 a
1631 4545 1832 4598 mundi
1857 4561 2070 4616 compo-
2109 4555 2152 4619 D
2183 4548 2378 4597 tamen
2413 4543 2758 4611 l'atentur,ut
2779 4543 2904 4598 sine
2938 4543 3235 4600 voluntate
3264 4545 3453 4616 ipsius
3486 4550 3858 4617 processisse

420 4632 618 4686 sitione
635 4645 731 4702 per
757 4646 824 4684 ea
851 4646 969 4700 quas
997 4632 1147 4701 facta
1174 4635 1320 4694 sunt,
1354 4631 1633 4686 intellecta
1661 4636 2077 4704 conspiciuntur

491 4736 566 4808 (α)
598 4736 788 4791 Codex
813 4734 996 4802 Colb.,
1022 4737 1195 4808 paria
1221 4741 1464 4809 fuerunt.
1501 4738 1647 4792 Editi
1696 4743 1754 4793 et
1803 4740 1898 4794 alii
1956 4741 2071 4796 duo

2185 4629 2554 4691 conﬁrment,
2588 4627 2742 4682 sicut
2783 4644 2852 4682 ex
2898 4645 3137 4700 corpore
3170 4629 3462 4695 umbram,
3495 4631 3587 4686 vel
3623 4651 3697 4688 ex
3728 4633 3858 4688 luce

2252 4735 2323 4803 (ε)
2355 4731 2523 4796 Editi,
2557 4747 2681 4806 cum
2710 4734 2869 4789 illud.
2902 4735 3090 4790 Codex
3121 4743 3340 4801 noster,
3369 4740 3661 4806 quoniam,
3682 4739 3851 4795 illud.

2179 4809 2338 4863 Colb.
2363 4820 2496 4883 sec‘u
2509 4804 2581 4883 n_d
2593 4822 2681 4883 iis,
2703 4809 2966 4876 quoniam
2985 4823 3211 4883 semper.
3234 4804 3615 4874 Basil‘iusgcoﬁ
3647 4805 3854 4883 διαιρε-

2179 4880 2359 4944 θέντος
2392 4872 2580 4949 ἁεῖᾲεὶμς
2609 4871 2762 4949 ’ἐτεῲι
2791 4871 3147 4949 τεμνομένοῖ).

2247 4956 2315 5022 (Ῑ)
2346 4949 2437 5002 Sic
2467 4945 2624 5022 Colb.
2649 4945 2974 5004 secundus.
2993 4954 3112 5004 Vox
3126 4948 3416 5022 sciendum
3445 4950 3622 5005 abest
3652 4969 3686 5006 a
3717 4951 3851 5007 vul-

2175 5017 2347 5094 gat'is.
2371 5024 2497 5073 Mox
2517 5017 2676 5075 Colb.
2703 5023 3019 5094 secundus,
3046 5021 3356 5094 videtuti
3383 5027 3853 5088 demonstratur;

2175 5092 2231 5150 et
2250 5095 2332 5150 ita
2362 5105 2591 5163 quoque
2610 5093 2893 5163 scriptum
2918 5092 3252 5147 invenimus
3283 5093 3339 5146 in
3374 5100 3575 5147 nostro
3611 5095 3844 5162 codice,

2173 5169 2274 5223 sed
2305 5161 2562 5219 sesunda
2611 5161 2786 5218 manu
2823 5167 3124 5220 duntaxat.
3175 5163 3350 5231 Editi,
3389 5165 3712 5222 visentibus
3750 5166 3846 5222 de-

2171 5242 2532 5293 monstratur.

2241 5311 2315 5380 (g)
2354 5309 2520 5372 Editi,
2554 5307 2938 5362 architecturae
2967 5311 3017 5360 et
3062 5307 3148 5361 his
3195 5305 3712 5380 similium.__Colb.
3755 5323 3846 5363 se-

2168 5377 2317 5436 cund
2331 5396 2418 5439 us,
2443 5382 2830 5436 architecturae
2858 5388 2910 5433 et
2939 5383 3242 5450 texturae,“
3267 5379 3340 5432 iis
3360 5377 3649 5432 similium
3671 5397 3694 5438 ;
3720 5397 3844 5450 quae

398 5452 714 5523 secundus,
737 5453 1058 5520 signiﬁcatis
1087 5454 1517 5523 accommodata,
1551 5458 1662 5506 etc.
2166 5454 2455 5521 scriptura
2487 5453 2628 5523 quin
2663 5467 2797 5523 vera
2826 5451 2902 5504 sit
2932 5449 3187 5523 dubitari
3220 5465 3332 5523 non
3357 5449 3841 5518 potest,cumle-

471 5521 546 5603 (εἰ)
575 5521 735 5603 Golb.
768 5519 1085 5603 secundus.
1128 5522 1211 5603 ait
1240 5527 1510 5603 preterita
1552 5526 1861 5603 repetendo,
1899 5525 2054 5581 haud

2207 5519 2384 5603 amns
2407 5519 2561 5603 apud
2595 5521 2901 5603 Basillum,
3059 5521 3376 5603 bqavrtxﬁc.

399 5589 674 5673 dissimili
699 5589 1416 5673 sensuéliquandonpost
1438 5595 1591 5650 idem
1618 5589 1822 5673 codex,
1851 5605 1904 5650 et
1929 5613 2054 5673 seni
2235 5600 2313 5664 (Ii)
2345 5589 2519 5673 Editi,
2541 5598 2718 5673 fertur
2735 5589 3327 5673 eni_m.Godex;noster
3346 5595 3400 5646 et
3423 5589 3585 5673 Colb.
3616 5608 3844 5673 secun-

397 5660 590 5737 sibilia
630 5664 857 5737 tribuat.
909 5660 1168 5718 Subinde
1225 5660 1324 5719 ille
1376 5665 1498 5734 ipse
1547 5668 1746 5736 codex,
1777 5660 1815 5721 αν
1856 5672 2056 5724 mundi
2161 5660 2548 5736 du‘s,'[erunt.'
2574 5666 2883 5736 Aliquanto
2922 5669 3056 5737 post
3103 5662 3266 5720 Colb.
3298 5661 3623 5734 secundus,
3656 5663 3746 5720 vel
3773 5678 3845 5720 ea:

413 5733 803 5788 “cnstitutione.
1400 5733 1413 5734 ί
1728 5733 1740 5736 ⁷
2163 5741 2281 5795 luce
2309 5733 2675 5810 splendorem.

315 4812 344 4836 ‘
417 4823 585 4872 mss.,
613 4825 719 4876 par
743 4809 871 4879 fuit.

483 4879 560 4950 '(b)
595 4879 764 4943 Editi,
795 4879 865 4933 ad
893 4881 1278 4950 antiquitatem
1307 4882 1588 4951 perspicit.
1628 4881 1784 4935 Libri
1826 4888 2066 4951 veteres,

413 4952 658 5024 respicit.
709 4951 968 5006 Subinde
1016 4951 1172 5006 Colb.
1230 4954 1547 5019 secundus,
1580 4961 1631 5008 et
1681 4954 2066 5024 intelligibitia

412 5022 660 5078 initium.

481 5093 552 5164 (ε)
580 5091 738 5166 Colb.
773 5092 1094 5166 secunduo,
1140 5107 1214 5166 ea;
1265 5094 1863 5166 aliqua_substentante
1886 5101 2062 5152 male-

406 5162 497 5219 ria
527 5162 557 5239 ἐΔ
577 5164 730 5239 quod
766 5164 1031 5239 fortassis
1062 5162 1315 5232 cuipiam
1343 5162 1799 5239 _'melius_videri
1854 5169 2064 5239 poterit

401 5242 460 5290 et
491 5237 561 5291 ad
595 5234 751 5291 hunc
781 5234 975 5289 locum
1019 5237 1540 5291 accommodatius.
1587 5237 1703 5292 Nec
1752 5240 1833 5294 ita
1854 5234 2062 5294 _mu|to

398 5313 531 5376 post
561 5309 724 5374 editi,
749 5311 845 5362 sed
873 5317 926 5361 et
956 5309 1443 5362 instruetibilium.
1477 5311 1716 5379 Antiqui
1750 5312 1865 5364 duo
1905 5312 2057 5380 libri,

395 5381 814 5435 strnctibilium.
847 5380 1029 5445 Alius,
1063 5380 1550 5435 exstructibilium.
1588 5383 1848 5438 Subinde
1894 5383 2055 5439 Colb.
