4120 6230
324 371 445 431 889

1065 366 1490 431 EUSTATHII
1534 365 1998 428 HEXAEMERI
2043 365 2595 430 METAPHRASIS
2641 366 2873 430 LIBER
2915 369 2993 430 II.

3593 365 3733 435 .890

320 502 499 558 etiam
544 499 687 555 illud
730 501 886 572 quod
927 516 961 556 a
1007 500 1365 571 quibusdam
1415 499 1580 555 valde
1629 499 1971 571 requiritur,
2002 498 2057 566 Α
2087 502 2390 570 operatum
2420 503 2530 569 est,
2584 500 2684 555 sed
2732 500 2871 571 quia
2917 499 3127 556 coloris
3174 501 3265 557 sui
3317 517 3530 574 magna
3560 504 3728 560 nobis

319 590 630 663 approbari
662 593 853 662 potest
884 606 897 645 :
931 591 1069 662 quia
1117 607 1222 646 nec
1252 589 1494 663 genitali
1544 588 1803 661 potentia
1834 588 1967 660 Spi-

320 681 470 736 ritus
503 682 655 735 714
686 684 928 735 sanctus
959 685 1135 736 caret.
1582 666 1591 681 ’

385 772 441 825 7.
477 771 540 826 Et
566 770 712 824 dixit
740 771 901 835 Deus,
924 771 1052 825 Fiat
1080 771 1197 824 lux.
1220 769 1412 824 Prima
1444 786 1550 823 vox
1570 768 1672 824 Dei
1696 772 1965 823 naturam

318 860 565 915 luminis
599 859 917 929 fabricavit,
942 875 1006 914 ac
1039 860 1307 914 tenebras
1326 858 1592 930 dispulit,
1628 874 1964 913 maerorem-

318 965 431 1020 que
462 947 749 1019 dissolvit,
784 951 840 1003 et
868 964 1102 1003 omnem
1135 947 1329 1003 subito
1362 948 1551 1003 latam
1588 948 1839 1018 speciem
1865 947 1965 1017 ju-

316 1038 690 1109 cundamque
722 1035 1014 1108 produxit.
1048 1034 1219 1092 Polus
1242 1041 1382 1092 tunc
1404 1036 1694 1108 apparuit,
1720 1036 1818 1107 qui
1842 1040 1967 1092 erat

315 1127 553 1182 interim
585 1126 808 1182 celatus
838 1141 871 1181 a
898 1125 1141 1181 Domino
1168 1143 1181 1193 ;
1232 1130 1512 1196 tantaque
1542 1126 1672 1197 ejus
1709 1123 1967 1197 pulchri-

313 1217 458 1272 tudo
489 1214 825 1288 perclaruit,
876 1218 1158 1286 quantam
1208 1232 1363 1270 nunc
1392 1215 1569 1271 etiam
1618 1215 1966 1270 testiﬁcatur

315 1309 611 1377 aspectus.
646 1312 759 1360 Aer
789 1308 984 1361 autem
1028 1304 1437 1361 illustrabatur
1482 1320 1551 1360 ex
1580 1319 1647 1359 ea
1676 1303 1806 1360 luce
1836 1320 1963 1375 quae

313 1394 567 1451 sibierat
580 1394 861 1465 admixta,
885 1398 1239 1466 acutamque
1263 1394 1718 1466 penetrationem
1747 1393 1963 1465 proprii

315 1481 727 1555 fulgoris,ubiq
737 1498 808 1537 ue
822 1500 923 1555 per
936 1498 1136 1538 omnes
1151 1500 1289 1539 suos
1307 1483 1591 1538 terminos
1603 1482 1961 1538 intendebat.

312 1577 560 1628 Sursum
586 1572 743 1627 enim
788 1571 988 1627 aetheri
1019 1576 1141 1628 erat
1190 1572 1449 1643 cceloque
1477 1571 1737 1640 vicinus;
1767 1570 1963 1627 latitu-

314 1661 451 1717 dine
463 1665 658 1717 autem
680 1661 943 1717 boreales
963 1659 1142 1717 simul
1164 1666 1223 1717 et
1246 1660 1820 1731 australes.eoasque
1840 1678 1966 1731 par-

311 1755 420 1819 tes,
456 1766 683 1805 necnon
714 1754 771 1806 et
800 1750 1071 1806 occiduas
1114 1750 1509 1822 contingebat,
1545 1749 1763 1822 quippe
1794 1750 1964 1821 cujus

314 1845 527 1895 natura
556 1838 750 1895 lucida
802 1845 893 1895 est
939 1844 1113 1911 atque
1164 1838 1489 1912 perspicua,
1524 1844 1758 1911 propter
1807 1840 1961 1911 quod
1994 1870 2044 1937 Β

312 1928 511 1985 nullas
542 1944 737 1985 moras
774 1934 875 1985 aut
904 1934 1169 2001 tempora
1197 1929 1298 1984 lux
1328 1946 1430 2001 per
1458 1945 1593 1983 eum
1625 1944 1965 1985 commeans

318 2018 664 2075 sustinebat.
712 2018 875 2074 Sicut
902 2018 1057 2074 enim
1109 2019 1350 2075 obtutus
1402 2023 1654 2084 nostros,
1688 2018 1813 2074 sine
1848 2018 1963 2075 ullo

320 2112 619 2163 momento
649 2108 952 2179 temporis,
985 2123 1082 2163 aer
1121 2124 1255 2163 mox
1284 2108 1354 2163 ad
1388 2125 1454 2163 ea
1501 2107 1695 2180 dirigit
1726 2126 1851 2181 quae
1882 2108 1963 2164 vi-

317 2197 570 2267 dentur;
603 2198 683 2252 ita
703 2196 853 2253 lucis
870 2213 1171 2253 accessum
1188 2196 1478 2263 velociter,
1503 2202 1557 2253 et
1583 2197 1741 2253 omni
1764 2198 1965 2254 celeri-

318 2290 436 2341 tate
466 2290 830 2357 perceptum,
856 2301 960 2357 per
989 2302 1193 2342 omnes
1220 2286 1364 2341 ﬁnes
1393 2303 1510 2341 suae
1542 2285 1964 2357 complexionis

313 2373 555 2430 infudit.
581 2375 1017 2447 Etherquoque
1036 2375 1340 2430 venustius
1360 2374 1439 2447 (a)
1462 2373 1859 2431 illuminatum
1882 2376 1964 2432 ef-

315 2462 534 2530 ficitur,
566 2470 623 2519 et
651 2479 814 2534 aquae
845 2462 1271 2535 splendidiores
1300 2469 1604 2535 apparent,
1633 2481 1747 2519 non
1770 2464 1962 2520 solum

320 2553 459 2622 quia
487 2552 637 2608 lucis
667 2554 917 2608 candore
946 2551 1294 2622 lustrantur,
1318 2554 1419 2608 sed
1455 2552 1628 2608 etiam
1662 2570 1962 2625 repercus-

314 2642 479 2696 sione
510 2640 638 2711 ejus
668 2641 1011 2713 emicantes,
1035 2641 1338 2697 clariorem
1371 2642 1623 2697 reddunt
1653 2644 1803 2698 aeris
1834 2644 1963 2699 eili-

313 2729 491 2801 giem.
514 2729 601 2784 Ita
622 2730 823 2785 omnia
851 2746 958 2785 vox
982 2729 1198 2801 divina,
1214 2734 1381 2802 grata
1402 2736 1457 2786 et
1478 2730 1723 2787 honesta
1745 2732 1963 2787 consti-

317 2818 450 2873 tuit.
485 2818 633 2873 Nam
664 2819 814 2874 sicut
843 2818 903 2874 bi
951 2819 1053 2890 qui
1085 2818 1197 2874 olei
1248 2819 1555 2891 aspergine
1584 2820 1961 2892 perspicuum

314 2907 424 2962 sibi
453 2908 814 2980 profundum
838 2907 1018 2964 maris
1047 2908 1332 2978 efficiunt,
1356 2910 1440 2964 sic
1471 2925 1664 2964 rerum
1698 2910 1964 2965 conditor

314 3000 466 3052 Deus
496 2998 620 3053 suis
666 2996 783 3053 oris
813 2997 1038 3065 afﬂatu,
1064 2998 1493 3069 jucunditatem
1524 2997 1692 3065 lucis,
1740 3001 1961 3056 mundo

314 3090 549 3157 repente
561 3086 886 3143 constituit.
902 3088 1026 3142 Fiat
1041 3087 1311 3155 lux,dixit
1324 3088 1476 3143 Deus
1500 3087 1961 3160 :[confestimvgue

312 3176 623 3248 praeceptio
655 3176 765 3233 fuit
790 3194 959 3249 Opus,
992 3183 1049 3233 et
1074 3178 1225 3234 facta
1257 3184 1469 3234 natura
1498 3183 1608 3245 est,
1640 3179 1779 3250 quia
1814 3178 1957 3234 nihil

310 3239 722 3336 voluptuosius
744 3266 803 3321 in
827 3239 1071 3322 iruendo
1090 3266 1505 3339 cogitationem
1530 3239 1742 3341 poterit
1762 3269 1962 3325 subire
1991 3239 2033 3306 α

311 3354 671 3410 mortalium.
691 3357 801 3411 Sed
834 3361 892 3412 et
914 3357 964 3411 si
996 3357 1232 3427 quando
1262 3372 1461 3412 vocem
1485 3373 1956 3428 sermonemque.

309 3443 397 3499 vel
431 3445 875 3517 praeceptionem
900 3445 1000 3501 Dei
1028 3444 1302 3514 dicimus,
1325 3446 1503 3502 debes
1525 3447 1822 3502 advertere
1845 3464 1959 3502 non

310 3532 722 3605 intentione(b)
749 3538 1029 3606 motuque
1053 3535 1313 3607 corporis
1326 3551 1521 3591 vocem
1547 3536 1846 3592 reddentis
1867 3555 1960 3592 so-

310 3638 454 3677 num
468 3624 807 3695 quempiam
822 3624 1237 3691 destinari,nec
1250 3640 1443 3680 aerem
1460 3624 1662 3697 lingua
1674 3626 1742 3697 (c)
1760 3626 1958 3682 verbe-

312 3716 530 3782 ratum,
562 3727 692 3768 esse
714 3712 809 3768 Dei
842 3728 1173 3769 sermonem
1200 3731 1213 3769 :
1240 3714 1338 3770 sed
1360 3713 1679 3771 voluntatis
1702 3732 1819 3770 suae
1844 3732 1963 3771 mo-

312 3804 601 3866 mentum,
633 3802 909 3872 quoniam
943 3807 1178 3875 propter
1197 3818 1296 3858 eos
1324 3803 1425 3874 qui
1454 3804 1737 3859 docentur
1757 3804 1959 3859 utilius

310 3904 440 3945 esse
470 3906 800 3956 censemus,
850 3891 1155 3963 speciatim
1207 3892 1457 3963 figurare
1489 3896 1860 3964 praeceptum.
1896 3895 1960 3948 Et

308 3978 447 4033 vidit
476 3980 620 4033 Deus
648 3982 784 4051 quia
813 3980 912 4035 lux
942 3980 1100 4035 bona.
1136 3981 1361 4045 Quibus
1394 3980 1573 4053 igitur
1600 3982 1789 4037 lucem
1816 3982 1959 4038 cele-

310 4067 480 4123 brare
497 4085 602 4124 nos
619 4069 943 4141 poterimus
962 4068 1259 4141 laudibus,
1274 4086 1408 4126 cum
1432 4069 1547 4126 tale
1568 4071 1637 4126 de
1659 4088 1768 4127 sua
1791 4072 1958 4127 boni-

311 4160 427 4212 tate
442 4158 850 4214 testimonium
869 4176 901 4214 a
921 4158 1229 4215 Conditore
1250 4159 1569 4215 meruerit?
1592 4160 1744 4217 Licet
1764 4161 1959 4217 divina

310 4246 483 4302 verba
512 4251 745 4303 nostros
773 4247 937 4319 paria
965 4246 1164 4303 oculos
1195 4248 1267 4304 de
1294 4246 1394 4303 illa
1406 4248 1677 4319 judicare
1699 4249 1957 4322 compel-

306 4333 450 4401 lant,
466 4352 604 4391 nam
622 4353 813 4393 sermo
838 4353 951 4393 non
968 4336 1186 4393 sufﬁcit
1208 4336 1496 4409 explicare
1521 4342 1807 4409 quantum
1832 4355 1958 4394 sen-

309 4441 412 4481 sus
429 4424 571 4481 aciei
587 4426 949 4498 praveniens
967 4430 1299 4484 attestatur.
1322 4426 1378 4481 Si
1400 4426 1557 4482 enim
1580 4426 1957 4498 pulchritudo

309 4530 586 4586 corporea
614 4532 683 4572 ex
699 4516 779 4588 (ἀ)
798 4515 1079 4572 membris
1102 4517 1258 4572 inter
1284 4532 1347 4572 se
1376 4516 1487 4571 rite
1516 4516 1877 4587 compositis,
1900 4520 1959 4571 et

2076 586 2507 643 oblectamenta
2552 588 2818 662 largitur.
2868 588 3149 645 Similiter
3196 590 3370 646 etiam
3403 590 3571 647 stella
3601 609 3725 663 quas

2075 676 2900 745 voeitaturAntifer,omnium
2927 678 3184 734 siderum
3210 678 3602 751 pulcherrima
3626 698 3727 736 no-

2078 765 2439 837 minatur,(e)
2465 784 2578 822 non
2594 770 2831 839 propter
2861 768 3135 823 eximiam
3161 769 3726 840 compaginationem

2076 855 2498 921 membrorum,
2523 874 2648 928 quae
2674 856 2834 911 nulla
2858 864 2994 911 sunt
3017 856 3196 926 ei,sed
3221 858 3358 929 quia
3379 858 3578 912 laetum
3603 857 3727 912 ala-

2076 959 2350 1012 cremque
2382 945 2668 1017 fulgorem
2693 946 2913 1001 nostris
2937 946 3228 1017 impendit
3259 946 3584 1003 obtutibus.
3607 947 3718 1001 Hu-

2069 1031 2334 1102 jusmodi
2366 1051 2501 1107 ergo
2537 1035 2631 1089 Dei
2680 1035 3112 1105 testimonium,
3147 1052 3260 1091 non
3294 1037 3365 1091 ad
3397 1036 3505 1091 hoc
3532 1036 3724 1092 solum

2076 1122 2315 1193 respicit
2334 1125 2485 1194 quod
2511 1142 2613 1196 per
2630 1141 2691 1180 se
2722 1124 2820 1179 lux
2839 1124 2993 1181 bona
3014 1129 3101 1181 est
3118 1130 3175 1181 et
3196 1126 3465 1196 jucunda
3484 1141 3722 1181 cernen-

2076 1209 2254 1281 tibus,
2273 1213 2374 1267 sed
2397 1213 2572 1268 etiam
2605 1218 2841 1285 propter
2859 1214 3173 1270 utilitatem
3198 1232 3322 1287 quae
3346 1216 3721 1286 postmodum

2074 1315 2143 1354 ex
2172 1315 2239 1355 ea
2272 1301 2379 1356 fuit
2410 1301 3013 1374 collatimortaiibus,
3036 1304 3248 1359 bonam
3282 1303 3445 1359 dixit.
3470 1306 3538 1359 Et
3559 1319 3724 1373 sepa-

2072 1390 2229 1444 ravit
2258 1390 2399 1445 Deus
2430 1391 2576 1446 inter
2605 1393 2780 1446 lucem
2802 1401 2851 1447 et
2880 1392 3150 1461 tenebras,
3182 1394 3237 1448 id
3262 1397 3349 1449 est
3378 1393 3725 1448 incommix-

2073 1480 2196 1532 tam
2228 1482 2497 1534 naturam
2531 1479 2785 1552 illarum,
2818 1481 3050 1553 sibique
3080 1499 3148 1537 ex
3178 1482 3588 1539 contrarietate
3609 1482 3726 1538 dis-

2073 1581 2272 1636 parem
2296 1567 2635 1635 fabricavit;
2663 1569 2877 1640 quippe
2910 1587 3057 1641 quas
3089 1570 3329 1640 prolixis
3362 1589 3394 1626 a
3425 1588 3486 1626 se
3517 1572 3723 1643 spatiis

2076 1659 2133 1710 et
2162 1655 2433 1711 destituit
2463 1661 2520 1713 et
2550 1658 2846 1727 discrevit,
2872 1659 3023 1713 sicut
3053 1659 3274 1715 dictum
3305 1664 3394 1715 est
3426 1676 3438 1713 :
3473 1661 3537 1715 Et
3566 1676 3720 1716 voca—

2074 1744 2153 1798 vit
2180 1744 2320 1800 Deus
2352 1746 2525 1802 lucem
2555 1746 2720 1813 diem,
2752 1756 2801 1802 et
2831 1747 3085 1803 tenebras
3112 1750 3319 1804 vocavit
3351 1757 3576 1805 noctem.

2143 1834 2196 1888 8.
2234 1833 2400 1891 Nunc
2423 1836 2660 1907 quidem
2681 1843 2812 1908 post
2830 1836 2967 1892 solis
2997 1839 3350 1893 creationem
3376 1837 3500 1893 dies
3523 1837 3722 1909 appel-

2074 1919 2314 1989 latur,id
2339 1928 2427 1979 est
2448 1941 2545 1979 aer
2565 1924 2632 1995 (Γ)
2656 1924 2776 1980 sole
2794 1924 3359 1991 illustratus,cumin
3374 1925 3723 1998 hemisphae—

2072 2008 2157 2065 rio
2189 2012 2343 2083 quod
2376 2030 2557 2085 supra
2578 2018 2793 2070 terram
2827 2019 2917 2071 est
2938 2021 3367 2084 commoratur;
3392 2032 3505 2071 nox
3527 2021 3721 2071 autem

2073 2098 2290 2155 dicitur
2319 2105 2488 2157 terrae
2517 2103 2910 2174 obumbratio,
2943 2122 3071 2175 quae
3104 2104 3222 2161 sole
3251 2105 3311 2159 in
3342 2121 3551 2161 occasu
3585 2122 3724 2160 con-

2072 2188 2195 2244 dito
2247 2196 2577 2262 generatur,
2612 2198 2751 2248 tunc
2800 2202 2995 2249 autem
3053 2211 3166 2249 non
3218 2193 3409 2249 solum
3462 2194 3721 2265 corporis

2075 2282 2261 2347 motu,
2295 2281 2395 2335 sed
2428 2281 2737 2337 diﬂ‘usione
2784 2281 3125 2353 principalis
3156 2281 3419 2348 luminis,
3454 2283 3627 2338 modo
3660 2300 3721 2337 se

2073 2367 2480 2441 subducentis,
2500 2371 2671 2426 modo
2692 2372 2881 2426 denuo
2907 2371 3258 2441 reducentis,
3285 2372 3607 2427 secundum
3630 2372 3719 2427 di-

2070 2456 2267 2513 vinam
2293 2461 2740 2533 praeceptionem
2758 2462 2881 2517 dies
2902 2462 3333 2533 ﬁebat,noxque
3346 2462 3718 2532 sequebatur.

2075 2548 2143 2600 Et
2169 2548 2316 2616 facta
2347 2558 2426 2604 est
2477 2566 2718 2621 vespera,
2764 2559 2816 2606 et
2841 2553 3056 2621 factum
3084 2559 3162 2606 est
3203 2567 3366 2605 mane
3412 2550 3528 2606 dies
3557 2568 3717 2606 unus.

2070 2632 2337 2706 Vespera:
2355 2638 2536 2709 igitur
2553 2639 3720 2712 nuncupatio,communiterintelligenda

2071 2727 2177 2778 est.
2210 2724 2353 2781 Nam
2387 2731 2444 2782 et
2468 2727 2785 2800 incipiente
2816 2728 3003 2796 die,et
3033 2729 3103 2784 ad
3137 2745 3407 2784 occasum
3430 2735 3720 2800 vergente,

2074 2828 2187 2866 nox
2218 2812 2268 2869 ei
2302 2832 2411 2869 sua
2433 2815 2730 2873 vicinitate
2762 2817 3037 2889 contigua
3063 2820 3151 2873 est
3183 2834 3197 2872 :
3231 2823 3632 2873 verumtamen
3662 2824 3722 2872 ut

2072 2900 2392 2958 nativitatis
2425 2904 2647 2960 diurne
2679 2905 2981 2976 privilegia
3001 2910 3342 2970 reservaret,
3364 2905 3511 2960 dixit
3533 2906 3722 2978 primo

2068 3004 2391 3061 vesperam,
2425 2992 2624 3049 dicens
2673 2995 2814 3065 quia
2862 3011 2974 3049 nox
3006 2994 3159 3050 diem
3210 2994 3543 3050 comitatur.
3579 3000 3717 3051 Nam

2072 3083 2389 3150 antequam
2407 3080 2507 3136 lux
2524 3086 2960 3154 crearetur,nox
2988 3099 3102 3139 non
3125 3083 3448 3139 habebatur
3466 3082 3525 3138 in
3550 3100 3719 3139 mun-

2072 3166 2166 3233 do,
2202 3169 2303 3223 sed
2334 3170 2607 3226 tenebras.
2642 3170 3023 3228 Obumbratio
3055 3188 3191 3245 ergo
3221 3176 3386 3228 terre
3419 3189 3596 3244 quam
3619 3189 3720 3228 su-

2069 3273 2174 3327 pra
2205 3257 2463 3316 diximus
2495 3260 2855 3317 intercidens
2877 3262 3030 3318 diem
3055 3278 3167 3318 nox
3198 3260 3488 3334 appellata
3516 3266 3642 3318 est:
3668 3268 3725 3317 et

2070 3345 2178 3401 deo
2210 3364 2355 3402 novo
2388 3348 2625 3405 nomine
2671 3356 2803 3421 post
2844 3352 3279 3424 generationem
3312 3350 3561 3407 vocitata
3590 3356 3677 3407 est
3707 3367 3719 3405 :

2070 3437 2239 3491 Facta
2269 3440 2346 3491 est
2376 3438 2569 3509 itaque
2614 3455 2867 3509 vespera,
2898 3450 2950 3495 et
2994 3443 3203 3511 factum
3238 3444 3325 3496 est
3367 3455 3528 3505 mane
3556 3457 3575 3495 :
3606 3457 3720 3496 non

2072 3521 2214 3578 dixit
2245 3525 2369 3581 dies
2394 3536 2557 3598 atque
2585 3543 2716 3598 nox,
2748 3530 2849 3584 sed
2881 3546 3119 3601 vespera
3150 3533 3207 3585 et
3238 3546 3430 3596 mane,
3464 3533 3529 3584 ut
3559 3545 3718 3585 voca~

2070 3610 2191 3667 buli
2238 3613 2504 3671 videlicet
2550 3617 2896 3689 dignitatem
2945 3620 3098 3691 parti
3144 3618 3369 3675 meliori
3417 3618 3720 3676 tribueret.

2068 3700 2215 3756 Nam
2265 3702 2389 3758 dies
2436 3722 2598 3776 aeque
2648 3723 2951 3778 vesperam
2992 3724 3283 3779 maneque
3331 3708 3634 3778 contingit,
3667 3713 3724 3762 et

2068 3788 2219 3845 hanc
2232 3794 2717 3850 consuetudinem
2741 3796 2995 3866 reperies
3012 3796 3231 3865 ubique
3252 3796 3547 3851 custodire
3568 3796 3719 3851 Suri:

2068 3882 2303 3949 pturam
2336 3880 2394 3935 in
2426 3884 2791 3953 temporibus
2821 3884 3228 3940 numerandis.
3253 3883 3513 3938 Dicimus
3560 3884 3716 3939 enim

2068 3970 2153 4021 tot
2170 3966 2295 4023 dies
2314 3967 2545 4041 elapsos
2564 3971 2945 4036 esse,nullam
2981 3972 3259 4026 facientes
3273 3970 3533 4026 noctium
3550 3986 3709 4026 men-

2067 4055 2308 4124 tionem,
2333 4057 2487 4114 sicut
2506 4058 2774 4130 psalmus
2801 4061 2969 4116 docet
2999 4076 3013 4115 :
3050 4062 3169 4115 Dies
3199 4075 3473 4115 annorum
3504 4064 3716 4116 nostro-

2068 4162 2195 4200 rum
2222 4145 2404 4215 (Psal.
2439 4164 2667 4215 Lxxxrx,
2694 4149 2802 4220 10).
2836 4150 2905 4204 Et
2933 4148 3144 4204 iterum
3174 4148 3355 4203 Jacob
3389 4164 3401 4203 :
3436 4149 3558 4203 Dies
3591 4150 3719 4204 vitae

2068 4248 2204 4290 mese
2230 4234 2413 4290 breves
2428 4235 2565 4306 (g)et
2592 4235 2895 4308 mali(Gen.
2916 4252 3089 4303 xnvn,
3119 4236 3198 4306 9).
3226 4236 3295 4290 Et
3315 4233 3454 4291 alibi
3481 4251 3495 4291 :
3525 4234 3719 4291 Omnes

2066 4321 2180 4379 dies
2210 4324 2339 4380 vita:
2368 4340 2501 4380 meae
2529 4323 2705 4395 (Psal.
2738 4342 2875 4393 xm,
2904 4326 2979 4396 6).
3014 4324 3163 4398 Ergo
3198 4342 3325 4396 quae
3358 4328 3497 4380 tunc
3530 4324 3715 4380 histo-

2069 4413 2168 4468 ria:
2181 4428 2359 4469 causa
2371 4412 2552 4469 relata
2563 4418 2833 4486 sunt,pro
2848 4414 3077 4487 legibus
3092 4414 3456 4486 inposterum
3467 4413 3722 4470 valitura

2067 4501 2319 4574 scriptor
2338 4501 2687 4558 instituit.Et
2700 4505 2812 4573 fuit
2822 4512 3121 4576 vespera,et
3130 4504 3241 4574 fuit
3251 4517 3414 4557 mane
3425 4504 3539 4558 dies
3554 4520 3716 4560 unus.

308 4621 375 4659 ex
387 4604 599 4661 coloris
620 4610 926 4661 venustate
951 4606 1553 4678 formatur,quomodo
1570 4604 1761 4662 lucem
1786 4606 1956 4676 cujus

2074 4590 2455 4657 Quamobrem
2479 4608 2594 4647 non
2616 4592 3147 4665 dixit,primus,sed
3171 4595 3364 4647 unus?
3382 4591 3541 4663 Et(h)
3566 4598 3719 4649 certe

309 4697 521 4749 natura
540 4693 793 4766 simplex
814 4699 923 4763 est,
939 4694 1163 4766 sibique
1185 4711 1288 4767 per
1308 4695 1509 4752 omnia
1530 4694 1764 4761 similis,
1786 4695 1958 4767 plena

309 4782 724 4854 pradicatione
756 4783 912 4856 quod
954 4783 1109 4839 bona
1140 4783 1237 4851 sit,
1269 4801 1589 4855 possumus
1619 4784 1907 4856 explicare
1933 4786 1957 4839 ?

310 4872 396 4927 Ita
425 4871 583 4928 enim
614 4876 671 4928 et
699 4888 907 4929 aurum
938 4873 1159 4929 bonum
1190 4872 1461 4942 dicimus,
1496 4889 1611 4930 non
1642 4873 1780 4946 quia
1808 4874 1955 4931 bene

376 4997 457 5069 (a)
488 4995 645 5053 Colb.
671 4998 989 5064 secundus,
1012 4998 1361 5053 illuminatus
1388 5000 1659 5069 efﬁcitur;
1690 5003 1747 5054 et
1775 4998 1854 5056 ita
1886 5017 1956 5056 ex

306 5069 537 5142 regulis,
569 5070 970 5140 grammaticis
1017 5069 1129 5142 legi
1183 5075 1450 5141 oportere
1496 5074 1788 5141 putarem,
1839 5073 1953 5128 nisi

304 5140 415 5197 vox
439 5140 617 5213 aether
644 5146 799 5197 esset
828 5140 1099 5213 neutrius
1117 5140 1346 5209 generis
1368 5140 1524 5213 apud
1556 5142 1950 5213 Eustathium,

303 5214 403 5284 qui
434 5211 494 5266 in
527 5212 676 5267 libro
706 5212 880 5268 tertio
911 5213 1066 5269 ultra
1088 5215 1348 5269 medium
1378 5211 1463 5270 sic
1495 5213 1751 5285 scripsit,
1774 5211 1954 5271 aether

300 5288 486 5341 autem
516 5286 638 5355 quis
666 5285 876 5340 dubitet
902 5287 1217 5355 ﬂammeum
1245 5301 1359 5341 esse
1377 5289 1402 5339 .9

372 5356 448 5427 (b)
479 5356 655 5430 Editi,
685 5360 964 5413 mentione
991 5362 1268 5430 motuque.
1300 5361 1376 5412 At
1412 5355 1595 5412 nostri
1627 5359 1746 5412 tres
1778 5373 1947 5427 mss.,

302 5428 611 5483 intentione
639 5433 919 5499 motuque.

374 5500 443 5570 (c)
474 5500 648 5566 Editi,
678 5497 1026 5556 verberatum
1069 5516 1393 5556 sermonem.
1436 5497 1597 5555 Colb.
1630 5498 1947 5570 secundus,

2068 4678 2526 4749 consequentius
2539 4679 2729 4735 fuerat
2740 4680 2815 4751 ei,
2839 4681 3223 4753 quidicturus
3237 4681 3446 4737 eratde
3460 4682 3718 4737 secundo

2067 4774 2125 4825 et
2151 4770 2346 4838 tertio,
2373 4772 2431 4824 et
2458 4774 2688 4840 quarto,
2724 4770 2981 4840 primum
3014 4770 3170 4826 diem
3203 4770 3395 4841 potius
3426 4768 3718 4841 appellare

2067 4874 2243 4931 quam
2274 4874 2478 4913 unum.
2503 4857 2614 4913 Sed
2638 4857 2746 4914 hoc
2771 4859 3399 4930 dixit,autmensuram
3413 4858 3527 4914 diei
3540 4858 3714 4915 simul

2064 5018 2121 5057 se
2148 5002 2460 5071 compositis
2488 5002 2539 5055 et
2569 5015 2638 5055 ea:
2667 5006 2947 5057 venustate
2972 5004 3265 5071 formatur.

2132 5073 2204 5213 ξε)
2235 5073 2422 5126 Codex
2452 5088 2625 5139 unus,
2678 5088 2783 5127 non
2830 5090 2930 5143 pro
2959 5076 3172 5129 eximia
3217 5074 3707 5143 compaginatione.

2151 5148 2198 5213 f)
2230 5143 2401 5209 Editi,
2434 5144 2545 5199 sole
2573 5144 2860 5199 lustratus.
2894 5146 3051 5201 Colb.
3088 5148 3400 5213 secundus,
3429 5146 3543 5200 sole
3571 5146 3707 5199 illu-

2151 5148 2198 5214 f)
2230 5144 2401 5209 Editi,
2434 5144 2545 5199 sole
2573 5144 2860 5199 lustratus.
2894 5146 3051 5201 Colb.
3088 5148 3400 5214 secundus,
3429 5146 3543 5200 sole
3571 5146 3709 5199 illu-

2060 5224 2642 5365 “r(3‘)u801b._secund
2652 5301 2742 5365 us,
2762 5285 2948 5365 breves
2965 5295 3016 5343 et
3029 5289 3139 5344 mal
3147 5288 3266 5357 igni
3271 5284 3457 5365 .‘Stati
3463 5300 3517 5365 m
3536 5284 3705 5365 editi,

2064 5356 2182 5431 quia
2210 5364 2330 5412 tum
2358 5358 2624 5412 historiae.
2657 5356 2815 5413 Libri
2862 5364 3102 5423 veteres,
3124 5375 3254 5483 (quae
3280 5360 3410 5411 tunc
3437 5356 3700 5411 historiae.

2134 5430 2212 5483 (hi
2245 5428 2418 5483 Editi.
2460 5431 2593 5483 auia
2624 5438 2783 5483 certe.
2832 5432 3073 5483 Antiaui
3168 5446 3237 5483 uo
3268 5427 3422 5483 libri.
3454 5432 3507 5481 et
3537 5433 3700 5483 certe.

2072 5430 2077 5431 7
2134 5430 2212 5500 (ἡ)
2245 5430 2418 5498 Editi,
2460 5431 2593 5522 quia
2624 5438 2783 5484 certe.
2813 5430 3237 5513 .Antiquitluo
3268 5430 3422 5511 libri,
3454 5432 3516 5509 et.
3537 5433 3702 5484 certe.

2062 5501 2124 5555 In
2154 5502 2369 5569 Graeco,
2400 5520 2487 5553 χαι
2519 5499 2689 5570 τοίγε.
2742 5501 2962 5556 Ibidem
3012 5502 3175 5567 editi,
3204 5515 3297 5570 qui
3344 5499 3705 5554 districtum:

298 5569 652 5644 verberatum
677 5588 790 5629 esse
817 5573 919 5628 Dei
946 5587 1266 5629 sermonem.
1316 5572 1381 5626 In
1429 5570 1649 5641 Graeco,
1678 5569 1769 5623 τὸν
1803 5569 1946 5624 suos
2057 5577 2153 5627 est.
2206 5573 2364 5628 Colb.
2418 5569 2737 5637 secundus,
2793 5575 2889 5644 qui
2932 5572 3180 5628 dicturus
3212 5569 3369 5626 ierat.
3418 5570 3533 5625 Alii
3586 5573 3702 5627 duo

303 5640 644 5788 λόῖιῖἶδοιδ.
678 5714 994 5785 secundus,
1026 5730 1095 5772 ex
1139 5714 1398 5772 membris
1425 5720 1476 5771 et
1502 5713 1774 5771 coloribus
1803 5712 1949 5769 inter

2058 5661 2238 5715 mss.,
2272 5644 2371 5718 qui
2401 5646 2652 5701 dicturus
2680 5647 2779 5700 est.
