4120 6230
372 309 482 370 891
1099 313 1101 316 ⁴
1306 308 1707 370 ΑΡΡΕΝΠΙΧ
1751 308 2079 372 OPEHUM
2123 312 2190 372 S.
2235 310 2518 372 BASlLll
2563 311 2839 373 MAGNI.
3668 304 3800 364 892

376 439 566 496 noctis
597 455 708 511 que
736 438 1041 508 definiens,
1074 443 1132 495 et
1175 442 1408 510 tempus
1438 440 1511 512 (a)
1543 441 1850 514 utriusque
1880 457 2013 496 con-
2051 442 2106 508 Α
2137 442 2320 498 multa
2353 443 2566 499 saecula
2597 442 2766 499 nobis
2786 441 3088 514 Scriptura
3110 438 3364 494 declaret
3387 436 3590 493 dicens
3607 451 3791 493 saecu-

368 531 628 602 jungens
664 544 678 584 :
711 532 776 583 ut
803 528 1009 600 viginti
1053 532 1306 598 quatuor
1352 528 1506 584 hora:
1555 530 1732 586 unius
1763 531 2020 602 spatium
2131 533 2306 587 lorum
2325 548 2439 588 esse
2457 532 2675 600 saecula,
2695 535 2890 586 tamen
2916 545 3022 586 nec
3047 527 3122 583 ibi
3149 527 3430 599 primum,
3455 530 3556 581 aut
3577 541 3792 581 secun-

377 618 488 673 diei
540 617 878 674 viderentur
924 618 1173 686 efﬁcere,
1215 618 1708 675 subaudientibus
1756 620 2023 676 videlicet

377 707 569 776 nobis,
603 706 740 778 quia
772 706 1206 777 nuncupatione
1254 707 1391 775 diei,
1447 726 1554 762 nox
1591 726 1823 780 quoque
1854 710 2025 763 debet

376 795 644 867 intelligi.
681 794 862 861 Unde,
909 795 1139 850 etiamsi
1175 813 1358 851 unum
1393 798 1471 852 'ex
1502 797 1591 852 his
1644 797 1767 853 ﬁeri
1798 797 2019 870 longio-

376 903 522 955 rem,
554 884 848 940 solstitiali
892 885 1296 941 immutatione
1332 888 1476 944 715
1514 888 1842 960 contigerit,
1877 905 2023 958 prae-

376 975 608 1030 ﬁnitum
640 979 834 1029 tamen
861 977 1092 1045 tempus
1113 975 1390 1030 horarum
1413 977 1723 1048 utriusque
1740 976 2024 1048 complec-

375 1064 522 1119 titur
552 1062 876 1131 intervalla,
902 1068 1184 1134 tanquam
1218 1065 1267 1120 si
1298 1065 1514 1121 dixeris
1533 1065 1739 1138 viginti
1774 1070 2026 1137 quatuor

378 1153 550 1208 horas
583 1153 654 1207 ad
680 1169 1017 1208 mensuram
1044 1153 1219 1209 unius
1241 1154 1354 1209 diei
1377 1154 1652 1226 pertineri
1684 1172 1698 1210 :
1732 1154 1814 1210 vel
1842 1173 2020 1210 unum

373 1241 618 1296 forsitan
651 1241 817 1307 dixit,
852 1240 922 1297 ob
953 1241 1082 1312 hoc,
1110 1243 1248 1314 quia
1279 1244 1338 1298 in
1369 1243 1508 1300 coelo
1531 1244 1602 1300 de
1635 1244 1807 1300 certis
1839 1244 2025 1316 signis

373 1329 435 1384 in
467 1328 667 1386 eadem
702 1329 911 1385 iterum
946 1332 1057 1386 sub
1087 1349 1200 1386 uno
1229 1333 1321 1388 die
1351 1318 1643 1404 processio
1678 1332 1820 1388 solis
1843 1337 1900 1388 et
1932 1351 2023 1387 re-

371 1418 560 1475 versio
591 1418 935 1474 celebratur.
969 1419 1053 1475 Ita
1083 1421 1312 1492 quoties
1333 1439 1572 1492 vespera
1602 1421 1689 1478 vel
1722 1438 1916 1489 mane,
1937 1440 2024 1477 se-

377 1510 637 1564 cundum
671 1507 811 1563 solis
843 1508 1179 1575 circuitum,
1201 1514 1487 1566 terrarum
1511 1511 1710 1567 orbem
1742 1510 2025 1582 complec-

371 1598 542 1662 titur,
560 1613 673 1651 non
696 1597 978 1668 ampliore
995 1601 1255 1669 tempore
1278 1617 1454 1670 quam
1482 1599 1654 1654 unius
1677 1599 1791 1656 diei
1811 1600 2024 1672 spatio,

376 1684 616 1758 propria
645 1684 794 1739 solet
824 1685 1114 1741 curricula
1142 1687 1404 1743 deﬁnire.
1430 1687 1534 1744 Vel
1566 1688 1719 1744 sicut
1749 1689 2028 1744 secretior

378 1773 564 1829 tradit
596 1773 763 1844 ratio,
796 1773 949 1828 Deus
981 1791 1114 1828 eum
1139 1781 1410 1831 naturam
1442 1777 1720 1848 temporis
1752 1793 2026 1849 procrea-

2131 622 2294 691 dum,
2315 629 2414 677 aut
2444 620 2679 676 tertium
2700 619 2976 675 saeculum
2996 621 3361 673 numeratur.
3388 614 3552 670 Unde
3578 629 3794 668 causa-

2131 727 2197 765 ru
2209 711 2462 782 mpotius
2476 711 2841 765 diversarum
2857 705 3659 778 actuumqueditlerentias,et
3671 719 3792 756 non

2133 799 2479 855 saeculorum
2513 799 2792 856 circuitus
2822 801 2878 852 et
2908 795 3314 852 successiones
3347 810 3412 848 ac
3445 793 3588 848 fines
3617 792 3797 846 datur

2133 888 2398 960 intelligi.
2434 890 2558 944 Dics
2578 890 2747 956 enim,
2768 885 2982 959 inquit,
3007 886 3229 941 Domini
3249 899 3482 953 magnus
3502 885 3553 938 et
3574 879 3798 936 lucidus

2134 979 2286 1049 (Joel.
2313 995 2374 1045 ιι,
2413 979 2516 1049 ll).
2551 978 2618 1032 Et
2647 970 2785 1032 alibi
2819 993 2831 1031 :
2868 975 3010 1043 Quid
3040 974 3188 1030 vobis
3217 987 3467 1044 quaerere
3505 970 3657 1026 diem
3692 970 3796 1023 Do-

2132 1069 2318 1122 mini?
2347 1066 2461 1137 Qui
2483 1076 2666 1121 tamen
2687 1065 2931 1120 tenebras
2961 1063 3144 1129 habet,
3167 1077 3276 1118 non
3314 1059 3495 1116 lucem
3517 1058 3706 1131 (Amos
3737 1075 3796 1122 v,

2137 1157 2242 1228 18).
2275 1157 2382 1210 Sed
2416 1156 2684 1211 tenebras
2716 1171 2813 1209 eas
2846 1152 2995 1208 dixit
3023 1169 3150 1224 qua:
3182 1151 3473 1222 deputatae
3505 1151 3644 1204 sunt
3677 1146 3795 1202 sibi

2135 1245 2352 1318 dignis.
2368 1245 2512 1300 Nam
2534 1243 2909 1300 inocciduum
2923 1246 2982 1298 et
2994 1239 3424 1312 sempiternum
3443 1237 3598 1293 diem
3622 1234 3800 1291 illum

2135 1350 2326 1389 sermo
2358 1337 2631 1402 testatur,
2663 1348 2837 1404 quem
2860 1331 3037 1387 etiam
3083 1334 3356 1386 octavum
3389 1325 3656 1400 psalmus
3689 1342 3799 1397 ap-

2133 1423 2312 1494 pellat
2344 1441 2356 1477 :
2391 1423 2607 1494 quippe
2638 1421 2736 1493 qui
2761 1425 2926 1476 extra
2944 1424 3178 1492 tempus
3199 1418 3472 1473 habetur.
3498 1415 3629 1470 Sive
3652 1430 3798 1486 ergo

2133 1511 2312 1582 diem,
2336 1512 2456 1566 sive
2476 1511 2546 1582 (ιτ)
2569 1508 2996 1580 saeculum,sive
3018 1507 3342 1578 septimum
3365 1505 3684 1572 dixeris,ex
3701 1519 3798 1557 eo-

2135 1601 2266 1655 dem
2283 1598 2865 1666 trahiturintellectu,
2889 1595 3268 1669 singulariter
3287 1599 3347 1650 et
3369 1612 3482 1649 non
3501 1590 3794 1664 multipli-

2135 1689 2281 1745 citer
2309 1688 2658 1744 declaratur.
2683 1689 2884 1758 itaque
2902 1690 2965 1742 ut
2995 1685 3068 1742 ad
3093 1685 3352 1740 futuram
3385 1682 3565 1737 vitam
3590 1685 3801 1735 nostra

2135 1779 2389 1850 cogitata
2420 1778 2712 1848 dirigeret,
2747 1777 2898 1832 diem
2924 1772 3332 1847 principalem,
3364 1771 3463 1843 qui
3485 1775 3576 1826 est
3597 1769 3799 1841 imago

376 1865 487 1928 ret,
511 1865 568 1916 et
603 1878 940 1917 mensuram
975 1863 1024 1918 ei
1058 1865 1346 1936 signaque
1367 1870 1522 1920 certa
1545 1882 1613 1921 ex
1644 1865 1870 1922 dierum
1893 1883 2027 1922 con-

379 1950 574 2006 stituit
623 1951 996 2008 intervallis:
1041 1957 1098 2008 ot
1143 1971 1246 2025 per
1291 1955 1682 2026 septimanam
1735 1955 2032 2011 numerari

375 2038 580 2110 voluit,
605 2055 852 2112 eamque
879 2058 1113 2114 semper
1136 2043 1195 2098 in
1219 2044 1596 2116 semetipsam
1621 2044 1874 2100 converti
1895 2062 2032 2117 prae-

378 2128 787 2199 cepit,motum
802 2132 1083 2203 temporis
1101 2133 1432 2189 metientem
1445 2179 1457 2199 ,
1481 2149 1801 2204 rursusque
1816 2134 1889 2204 (ὁ)
1903 2151 2032 2205 sep-

379 2217 662 2274 timanam
681 2219 1128 2290 supplerijussit
1141 2221 1318 2278 unius
1333 2222 1443 2278 diei
1460 2223 2036 2295 spatio,quaesepties

381 2305 441 2361 in
475 2307 791 2378 semetipsa
822 2308 1158 2366 reﬂectitur.
1189 2311 1499 2381 Haacjenim
1533 2311 1678 2368 ratio
1701 2316 1789 2368 est
1811 2310 2033 2367 volubi-

380 2394 529 2450 lium
549 2395 1011 2466 schematum,ut
1031 2399 1624 2472 aseincipientiasem
1636 2400 1807 2473 periin
1831 2403 2038 2456 semet-

380 2483 511 2554 ipsa
541 2485 824 2542 ferantur.
848 2487 1009 2550 Quod
1028 2488 1202 2544 etiam
1229 2493 1576 2546 saeculorum
1601 2489 1902 2562 proprium
1924 2493 2031 2554 est,

383 2588 514 2644 qua:
547 2589 648 2645 per
667 2591 773 2628 sua
795 2591 858 2630 se
877 2575 1239 2633 incessanter
1268 2578 1510 2650 vestigia
1534 2577 1899 2644 revolvendo,
1917 2582 2034 2633 ter-

384 2662 612 2717 minum
633 2661 793 2718 nulla
816 2663 1037 2722 ratione
1055 2667 1404 2738 percipiunt.
1430 2668 1739 2740 Propterea
1761 2669 2032 2723 verticem

379 2751 663 2824 temporis
682 2769 795 2808 non
816 2753 1098 2825 primum,
1123 2756 1224 2812 secl
1249 2774 1432 2812 unum
1458 2758 1820 2830 nuncupavit
1842 2758 2032 2813 diem:

383 2844 448 2896 ut
477 2858 546 2896 ex
577 2840 704 2913 ipsa
731 2845 1166 2916 nuncupatione
1184 2861 1317 2902 cum
1348 2845 1557 2902 saeculo
1577 2845 1687 2902 sibi
1710 2851 2038 2902 servaretur

387 2929 2038 3007 afﬁnitas.Rerumenimsimplicium,nibilquecommune

389 3035 522 3074 cum
555 3019 685 3076 aliis
736 3020 1103 3095 habentium,
1137 3026 1436 3097 specimen
1481 3026 1749 3082 indicans
1781 3043 2038 3098 congrue

329 3137 334 3144 -
383 3109 620 3180 penitus
639 3113 696 3165 et
719 3109 994 3166 decenter
1015 3113 1354 3171 nominatus
1375 3119 1466 3171 est
1483 3133 1659 3172 unus.
1685 3115 1752 3170 Et
1774 3114 2039 3185 quamvis

458 3252 536 3329 (a_)
568 3252 808 3329 antiqui
838 3255 953 3329 duo
981 3254 1113 3310 libri
1132 3262 1189 3309 et
1210 3257 1368 3323 editi,
1388 3260 1677 3329 utriusque
1700 3260 2034 3327 contingens.

384 3324 458 3407 ‘At
486 3322 645 3407 Colb.
679 3328 999 3407 secundus,
1020 3329 1306 3407 utriusque
1334 3322 1690 3407 coniungens,
1713 3335 1770 3407 et
1790 3330 1871 3382 ita
1886 3322 2038 3407 scri-

386 3395 647 3477 bendum
671 3395 1070 3477 judicavimus
1103 3402 1176 3477 ob
1209 3395 1351 3477 illud
1385 3395 1843 3477 ouva'uirwv‘uuox
1871 3400 2036 3469 editi,

384 3465 915 3548 videnlurefﬁcefe.
1048 3471 1380 3548 nostri__tres
1413 3488 1582 3541 mss.,
1612 3470 1954 3548 viderentur.

458 3537 932 3615 (biAntiqui-duo
949 3539 985 3615 _li
998 3540 1086 3615 bri
1104 3541 1338 3615 etqediti,
1359 3537 1654 3615 rursusque
1674 3544 2040 3615 septimanam

387 3609 640 3690 supplere
661 3609 829 3690 jussit
856 3613 1024 3690 unius
1052 3611 1170 3667 diei
1207 3615 1408 3690 spatia.
1448 3619 1517 3668 At
1549 3609 1714 3690 Colb.
1728 3609 2041 3690 secundus

389 3684 543 3764 ut'in
564 3685 874 3764 coartentur1
906 3684 1126 3764 ibidem
1157 3686 1336 3740 codex
1355 3692 1584 3764 noster,
1618 3689 1716 3764 qui
1745 3689 1966 3764 septies.

422 3823 432 3833 I
464 3752 530 3821 (ο)
564 3751 716 3836 Εᾴἰρὶ
747 3760 804 3836 et
835 3753 992 3836 qub.
1029 3756 1278 3836 primus,
1311 3760 1428 3836 sive
1471 3751 1750 3836 sertulam,
1781 3751 1896 3836 sive
1925 3774 2042 3827 sep-

388 3823 584 3907 timum
612 3823 844 3907 digeris.
878 3823 1048 3907 Colbf
1069 3827 1238 3907 alter,
1266 3823 2041 3907 sivesecundum’seplimu'm

385 3892 616 3951 dixeris.
663 3895 845 3953 Vetus
896 3899 1074 3955 codex
1121 3892 1233 3972 qui
1271 3901 1424 3972 apud
1459 3919 1564 3958 nos
1613 3892 1897 3972 servatur,
1929 3903 2042 3956 sive

2144 1867 2512 1936 sinculorum,
2547 1883 2731 1922 unum
2765 1883 2877 1922 non
2913 1864 3206 1920 immerito
3235 1860 3530 1927 vocitavit,
3565 1862 3631 1914 ut
3662 1862 3802 1931 pote

2141 1957 2355 2012 lumini
2379 1972 2716 2027 aequzevum.
2743 1955 2878 2009 Dico
2898 1958 3093 2009 autem
3127 1955 3398 2007 sanctum
3422 1947 3801 2004 Dominicum

2145 2045 2248 2118 qui
2279 2044 2705 2102 resurrectione
2724 2042 3082 2116 gloriﬁcatus
3113 2043 3204 2096 est
3231 2037 3564 2095 Salvatoris.
3598 2036 3670 2091 Et
3689 2035 3806 2090 hoc

2145 2139 2234 2191 est
2264 2135 2420 2207 quod
2451 2134 2602 2190 dixit
2628 2151 2640 2187 :
2677 2136 2838 2190 Facta
2867 2140 2945 2188 est
2976 2147 3218 2202 vespera,
3239 2131 3289 2184 el
3308 2130 3520 2199 factum
3539 2132 3620 2181 est
3637 2141 3808 2180 mane

2143 2224 2263 2279 dies
2295 2239 2450 2278 unus.
2483 2222 2593 2278 Sed
2625 2237 2874 2294 vespera:
2907 2219 3143 2291 quidem
3163 2216 3324 2272 illius
3347 2213 3604 2272 narratio
3625 2227 3808 2268 occu-

2147 2319 2301 2383 pata,
2322 2312 2594 2384 przcsenti
2616 2327 2858 2383 vespera
2877 2309 3116 2364 modum
3138 2304 3338 2363 cursui
3364 2307 3577 2360 nostrae
3599 2301 3809 2374 dispu-

2143 2401 2384 2457 tationis
2419 2400 2687 2473 imponit.
2725 2401 2890 2456 Pater
2911 2402 3108 2454 autem
3131 2413 3278 2452 verae
3309 2393 3482 2462 lucis,
3515 2391 3620 2464 qui
3639 2391 3804 2447 diem

2145 2490 2360 2546 cmlesti
2394 2490 2614 2546 lumine
2639 2490 2953 2558 decoravit,
2974 2496 3027 2543 et
3045 2491 3274 2543 noctem
3306 2483 3460 2557 ignis
3485 2481 3667 2537 radiis
3691 2479 3811 2536 cla-

2145 2579 2476 2651 refecit,qui
2496 2578 2724 2634 venturi
2745 2577 2939 2633 seculi
2975 2575 3235 2648 requiem
3272 2569 3636 2628 merentibus
3662 2587 3810 2642 pra).

2146 2668 2390 2741 paravit,
2425 2669 2603 2723 corda
2633 2671 2826 2723 vestra
2847 2665 3164 2737 perlustrat
3183 2661 3484 2734 agnitione
3512 2657 3811 2727 veritatis,

2149 2763 2205 2813 et
2233 2757 2638 2812 intemeratam
2671 2755 2966 2812 custodiat
2985 2753 3164 2809 vitam
3198 2755 3475 2816 vestram,
3512 2750 3811 2821 praestans

2146 2845 2310 2902 vobis
2337 2845 2579 2902 honeste
2600 2843 2925 2914 ambulare,
2940 2847 3233 2915 quatenus
3257 2837 3528 2910 fulgeatis
3549 2840 3618 2892 ut
3637 2834 3729 2892 sol
3748 2835 3810 2890 in

2149 2934 2499 2990 claritudine
2537 2937 2876 2989 sanctorum
2927 2948 3194 2996 suorum,
3227 2929 3299 2984 ad
3350 2926 3812 2984 exsultationem

2150 3040 2340 3079 meam
2371 3024 2429 3078 in
2464 3023 2618 3078 diem
2673 3020 2921 3088 Domini,
2959 3021 3054 3076 cui
3084 3019 3272 3091 gloria
3318 3021 3376 3073 et
3406 3017 3616 3083 honor,
3648 3029 3818 3070 nunc

2151 3117 2208 3167 et
2239 3128 2471 3184 semper
2500 3115 2557 3167 et
2590 3111 2647 3166 in
2680 3109 2897 3166 saecula
2923 3109 3298 3165 saaculorum.
3332 3107 3534 3161 Amen.

2147 3256 2415 3311 saxulum
2442 3255 2735 3323 septimum
2765 3252 2973 3307 dixeris
3005 3269 3025 3305 :
3056 3251 3113 3323 in
3159 3249 3377 3323 quibus
3408 3245 3696 3323 omnibus
3726 3244 3815 3323 vi-

2146 3329 2212 3381 tii
2245 3325 2467 3396 aliquid
2500 3317 2694 3380 inesse
2744 3323 3034 3396 suspicor.
3086 3317 3230 3376 Mihi
3263 3320 3445 3396 igitur
3488 3317 3818 3373 verisimile

2148 3403 2214 3452 tit
2262 3391 2467 3468 vocem,
2505 3399 2802 3468 septimum
2853 3391 2978 3468 loco
3031 3398 3251 3468 motam
3301 3391 3506 3468 fuisse,
3557 3404 3818 3468 eamque

2147 3469 2349 3538 reponi
2383 3460 2594 3523 debere
2626 3467 2797 3539 paulo
2839 3466 3037 3539 altius,
3073 3464 3182 3520 hoc
3215 3462 3387 3539 modo
3419 3477 3440 3539 :_
3471 3460 3684 3539 Quippe
3713 3460 3817 3530 qui

2147 3533 2312 3596 extra
2344 3544 2552 3609 tempus
2572 3533 2864 3610 septimum
2888 3538 3122 3610 habetur
3130 3555 3162 3610 ε
3190 3533 3662 3610 cuicunjecturaa
3689 3547 3811 3610 nou

2191 3628 2357 3666 arum
2396 3600 2589 3665 favent
2631 3600 2930 3665 'Basiliana
2973 3608 3094 3670 illa,
3128 3603 3216 3659 διὰ
3243 3604 3306 3658 τὸ
3339 3600 3436 3672 ἔξω
3466 3606 3683 3663 κεῖσθαι
3714 3604 3818 3654 τοῦ

2179 3677 2516 3752 ὅδοματικοῦ
2545 3679 2742 3735 τούτου
2770 3681 2996 3754 χρόνῳ.
3040 3679 3181 3754 Utut
3212 3678 3335 3732 hrec
3366 3674 3718 3754 sunt,_nihil
3754 3679 3816 3729 in

2151 3747 2418 3810 contextu
2471 3747 2848 3820 mutavimus,
2898 3752 3072 3807 fidem
3107 3751 3391 3820 librorum
3429 3747 3823 3820 antiquorum

2151 3826 2355 3882 secuti.
2410 3825 2724 3898 Aliquanto
2767 3819 2900 3896 post
2946 3821 3106 3879 Colb.
3163 3819 3481 3890 secundus,
3531 3820 3598 3872 ut
3641 3819 3728 3874 sol
3761 3819 3825 3872 in

2154 3899 2430 3954 claritate.

1615 4117 1984 4210 LIBER
2045 4111 2594 4208 TERTIUS.

465 4293 521 4348 l.
552 4292 760 4348 Prima;
792 4293 905 4348 diei
938 4310 1136 4364 opera,
1159 4294 1245 4350 vel
1272 4295 1466 4366 potius
1491 4293 2051 4363 unius,nequeenim

391 4380 481 4437 fas
502 4386 594 4436 est
617 4383 668 4436 ei
687 4399 789 4437 nos
813 4383 1118 4438 detrahere
1138 4383 1482 4455 dignitatem
1501 4399 1677 4453 quam
1692 4400 1726 4438 a
1743 4383 2052 4438 Conditore

392 4471 736 4542 promeruit,
762 4487 895 4526 cum
920 4487 1022 4542 per
1043 4487 1105 4525 se
1127 4470 1504 4543 singulariter
1517 4471 2054 4539 ederetur,nullate-

2161 4291 2515 4347 suavitatem
2545 4289 2981 4353 demonstrans,
3015 4285 3096 4340 ita
3117 4283 3260 4339 dicit
3293 4300 3304 4338 :
3338 4281 3530 4337 Dulcia
3558 4278 3830 4352 faucibus

2159 4383 2295 4435 meis
2320 4379 2485 4434 verba
2515 4381 2635 4445 tua,
2653 4391 2820 4448 super
2843 4374 2952 4429 mel
2981 4375 3067 4429 ori
3095 4387 3212 4428 meo
3243 4371 3416 4443 (Psal.
3444 4385 3642 4435 cxvm,
3672 4367 3826 4437 103).

2164 4468 2298 4524 Heri
2329 4467 2546 4536 itaque,
2581 4469 2866 4537 quantum
2890 4459 3170 4535 possibile
3201 4459 3330 4527 fuit,
3354 4473 3494 4529 erga
3512 4457 3697 4512 verba
3719 4455 3831 4511 Do-

394 4576 508 4615 nus
527 4559 776 4614 aliarum
796 4566 1220 4614 connumerata
1237 4559 1568 4628 curriculis,
1589 4560 1667 4631 (a)
1690 4577 1823 4615 eum
1847 4561 2047 4615 omnia
2077 4540 2121 4604 D
2154 4557 2286 4613 mini
2303 4560 2727 4612 commorantes
2743 4561 2963 4608 vestros
2979 4567 3187 4607 sensus
3207 4546 3598 4604 delectatione
3643 4543 3838 4615 reple-

389 4665 516 4719 quaa
550 4649 609 4702 in
631 4664 700 4702 ea
716 4647 868 4701 facta
894 4651 1055 4716 sunt,
1079 4647 1204 4703 heri
1227 4653 1426 4704 noster
1447 4665 1640 4705 sermo
1663 4649 1964 4705 disseruit.
1985 4649 2054 4704 Et

394 4736 517 4791 haec
537 4736 757 4806 passim
778 4735 1066 4806 dividens,
1082 4737 1420 4793 alimoniam
1438 4739 2050 4810 matutinam,vesper-

392 4822 976 4894 tinamquelaatitiam
995 4827 1490 4898 praestititanimis
1505 4828 1872 4897 auditorum;
1895 4842 2053 4882 nunc

393 4918 593 4969 autem
630 4912 702 4966 ad
739 4913 1022 4970 miracula
1053 4916 1295 4971 secundi
1350 4917 1463 4972 diei
1499 4933 1902 4988 properamus.
1938 4917 2054 4970 [loc

395 5004 596 5056 autem
640 5016 1134 5070 commemorans,
1181 5021 1295 5059 non
1346 5004 1404 5060 in
1441 5005 1746 5061 referentis
1795 5004 2056 5076 potentia

398 5089 618 5146 colloco
643 5105 771 5160 qua:
805 5091 1103 5160 dicuntur,
1129 5093 1228 5148 sed
1265 5094 1323 5148 in
1355 5094 1668 5165 Scriptura;
1697 5093 1904 5166 gratia,
1931 5109 2056 5164 quae

397 5177 746 5236 naturaliter
781 5180 1092 5250 possidens
1143 5181 1508 5252 intelligendi
1541 5182 1906 5249 facilitatem,
1941 5181 2058 5237 illis

399 5283 663 5325 amorem
699 5284 873 5322 suum
912 5269 1188 5323 cordibus
1221 5269 1665 5342 inspiravit,qui
1690 5269 2058 5342 persuasioni

406 5357 715 5431 superﬂuas
737 5356 1572 5429 anteferuntveritatem;sicut
1588 5363 1644 5414 et
1663 5358 1928 5430 psalmus
1941 5357 2059 5414 veri

479 5499 557 5571 (a)
582 5498 887 5566 Editi,cum
906 5500 1180 5556 omnibus.
1202 5503 1274 5554 At
1293 5499 1476 5555 nostri
1494 5508 1612 5555 tres
1631 5517 1928 5566 mss.,cum
1943 5517 2061 5556 om-

407 5573 530 5627 nia.
554 5571 764 5644 Statim
779 5571 1802 5644 editi,intelligendifacultatem.Libri
1817 5578 2062 5644 veteres,

410 5642 775 5714 intelligendi
800 5641 1157 5716 facilitatem:
1211 5645 1272 5700 In
1304 5641 1520 5717 Graeco,
1550 5643 1614 5698 τὸ
1645 5641 2059 5717 εὐπαράὸεκτονζ

2160 4647 2376 4702 vimus.
2413 4649 2475 4699 ln
2501 4644 2970 4712 hodiernumque
2999 4641 3154 4694 diem
3189 4637 3531 4693 festinanter
3561 4633 3831 4689 occurri-

2162 4733 2699 4805 mus,sequentium
2716 4747 2911 4786 rerum
2937 4726 3217 4784 miracula
3230 4722 3838 4798 spectaturi.Verum-

2161 4830 2357 4880 tamen
2375 4822 2618 4877 minime
2631 4821 2806 4876 latere
2821 4836 2926 4874 nos
2943 4812 3470 4890 potuit,quiamulti
3491 4810 3838 4883 opiﬁcesla-

2165 4913 2303 4968 bore
2317 4928 2418 4966 sua
2428 4927 2555 4964 rum
2572 4924 2855 4963 manuum
2872 4901 3622 4969 victitantes,circumstant
3636 4901 3837 4966 nos,et

2166 5002 2236 5057 ad
2248 5002 2557 5056 monentut
2576 4997 2968 5053 narrationem
2985 5010 3088 5065 pro
3097 4991 3343 5064 positam
3356 4987 3642 5044 brevitate
3655 4986 3838 5041 strin-

2167 5106 2399 5164 gamus,
2424 5087 2740 5160 ne§diulius
2761 5084 3145 5142 extrahantur
3163 5081 3236 5137 ab
3254 5095 3448 5152 opere.
3470 5077 3701 5144 Quibus
3725 5074 3835 5130 hoc

2167 5179 2516 5250 respondeo,
2536 5177 2676 5248 quia
2700 5191 2836 5248 pars
2853 5172 3086 5229 modica
3106 5167 3390 5240 temporis
3414 5167 3680 5221 {onerata
3693 5164 3837 5226 Deo,

2169 5284 2284 5323 non
2313 5267 2500 5323 solum
2534 5266 2662 5338 ipsa
2682 5281 2799 5320 non
2831 5260 3078 5334 deperit,
3103 5259 3202 5315 sed
3237 5273 3374 5313 cum
3408 5254 3648 5326 magnis
3671 5254 3746 5308 ab
3769 5268 3839 5306 eo

2170 5349 3227 5428 rependiturincrementis.0mnes(b)
3243 5347 3396 5403 enim
3414 5361 3506 5400 res
3519 5358 3840 5415 quaacccu-

2169 5498 2352 5554 Paulo
2386 5503 2520 5571 post
2547 5497 2711 5566 editi,
2745 5511 2869 5570 qua?
2894 5491 3271 5566 persuasioni,
3311 5487 3473 5544 Colb.
3511 5485 3840 5553 secundus,

2175 5573 2274 5642 qui
2300 5572 2662 5642 persuasioni
2692 5588 2710 5626 :
2737 5573 2912 5626 recte.

2245 5628 2324 5714 (δ’)
2355 5643 2531 5710 Editi,
2553 5657 2742 5699 omnes
2771 5642 2917 5698 enim
2948 5652 3055 5694 res.
3078 5631 3318 5706 Antiqui
3339 5631 3456 5687 duo
3478 5628 3842 5700 libri,omnis
