4120 6230
307 381 426 442 897

1031 373 1458 436 EUSTATHII
1501 370 1965 433 HEXAEMERI
2009 369 2566 432 METAPHRASIS
2609 370 2842 466 LIBER
2886 371 2994 432 III.

3598 378 3716 440 898

302 513 480 570 ﬁcere
499 507 950 582 ampliusquam
967 509 1414 562 concessumest
1429 502 1958 576 opinari.Necillud
1988 506 2044 574 Α
2074 519 2158 557 ne
2191 501 2534 558 substantiae
2566 503 2930 559 devoratoria
2959 505 3182 562 scimus
3214 508 3529 581 esse.Ignis
3559 513 3716 568 enim

304 615 664 672 nos,quaeso,
686 599 990 671 praetereat
1012 595 1440 661 indiscussum,
1460 595 1615 666 quod
1649 596 1963 666 postquam

306 694 463 754 Deus
485 687 784 763 preeepit,
811 685 1013 742 dicens
1048 701 1061 740 :
1093 686 1219 741 Fiat
1243 685 1678 754 ﬁrmamentum,
1704 699 1818 737 non
1839 681 1965 736 sine

307 781 533 838 ratione
556 779 632 850 (a)
657 775 872 846 adjecit
893 773 1306 829 historicuszEt
1325 777 1531 845 [actum
1550 777 1630 828 est
1649 773 1966 842 ﬁrmamen-

309 875 453 926 tum.
486 868 633 924 Nam
657 869 791 922 ante
810 865 940 934 fecit
970 865 1110 920 Deus
1139 865 1569 935 ﬁrmamentum.
1604 862 1673 917 Et
1705 861 1913 916 iterum
1949 875 1962 914 :

313 961 511 1017 Divisit
531 953 1051 1012 Deus.Auscu1teut
1071 951 1250 1026 igitur
1271 952 1457 1023 surdi,
1481 955 1538 1008 et
1558 950 1968 1006 illuminentur

313 1051 384 1107 ad
406 1046 726 1104 videndum
750 1042 1053 1106 caeci.Quis
1076 1046 1272 1097 autem
1293 1045 1413 1097 tam
1435 1041 1651 1097 surdus
1672 1044 1964 1111 est,quam

312 1139 414 1212 qui
447 1153 562 1193 non
596 1133 758 1192 audit
788 1133 871 1188 ita
899 1131 1094 1204 palam
1120 1131 1530 1187 vociferantem
1562 1127 1966 1201 Scripturam?

309 1227 398 1284 vel
419 1225 550 1298 quis
573 1228 694 1280 tam
719 1237 928 1291 caecus,
953 1219 1064 1276 nisi
1085 1219 1182 1290 qui
1204 1219 1572 1276 evidentibus
1595 1217 1964 1274 documentis

310 1311 916 1384 instructus,gloriam
941 1308 1237 1382 Unigeniti
1261 1325 1375 1364 non
1399 1306 1710 1379 respectat?
1729 1307 1799 1361 Et
1820 1305 1964 1360 dixit

309 1407 464 1463 Deus
497 1403 660 1460 :Fiat
679 1402 1113 1470 ﬁrmamentum.
1150 1399 1276 1453 Hec
1300 1413 1407 1452 vox
1433 1394 1845 1452 destinationis
1875 1394 1963 1448 in-

311 1495 470 1551 dicat
521 1506 782 1548 causam.
825 1488 975 1545 718
1007 1486 1169 1553 Quod
1203 1491 1397 1541 autem
1432 1484 1582 1540 dixit
1614 1501 1626 1539 :
1663 1485 1811 1552 Quia
1838 1483 1968 1555 [ecit

309 1586 451 1640 Deus
480 1581 913 1652 ﬁrmamentum,
947 1573 1321 1648 perfectionis
1353 1578 1442 1630 est
1471 1571 1926 1629 demonstratio.

383 1675 439 1727 5.
474 1671 641 1727 Nune
664 1670 724 1726 in
745 1668 978 1740 reliqua
999 1681 1193 1722 sermo
1215 1669 1492 1722 vertatur.
1525 1665 1590 1718 Et
1618 1665 1690 1718 sit
1719 1661 1966 1718 dividens

316 1765 464 1818 inter
492 1775 692 1832 aquam
719 1767 771 1814 et
801 1772 1025 1828 aquam.
1045 1753 1284 1809 Inﬁnita
1313 1757 1455 1820 erat,
1475 1755 1761 1824 quantum
1795 1751 1968 1806 datur

316 1849 883 1949 intelligi,aquarum
911 1841 1437 1949 diti‘usio,.undique
1468 1841 1814 1949 alluentium
1847 1846 1965 1896 ter-
2001 1885 2044 1949 Β

315 1957 470 2010 ram,
490 1939 570 1994 ita
585 1942 649 1992 ut
666 1934 916 1992 aliorum
932 1933 1110 1990 etiam
1126 1933 1551 1988 elementorum
1571 1933 1826 1986 statutos
1852 1934 1966 1985 tcr-

316 2031 511 2085 minos
530 2026 828 2081 videretur
849 2022 1144 2089 excedere;
1165 2021 1240 2090 (b)
1263 2024 1568 2092 pr0pterea
1589 2019 1646 2073 in
1669 2017 1966 2090 sequenti-

316 2118 428 2174 bus
471 2115 692 2171 dicitur
741 2114 990 2182 abyssus
1040 2109 1499 2166 circumdedisse
1534 2107 1824 2163 tellurem.
1857 2107 1968 2162 Sed

311 2201 720 2274 multitudinis
750 2200 988 2272 quidem
1025 2213 1314 2270 aquarum
1347 2213 1582 2252 causam
1615 2196 1788 2268 paulo
1819 2196 1970 2250 infe-

317 2297 442 2353 rius
470 2309 846 2366 exponemus.
868 2292 1289 2345 Verumtamen
1324 2287 1521 2342 nullus
1553 2292 1842 2355 nostrum,
1867 2287 1969 2342 sed

318 2404 424 2443 nec
458 2400 661 2441 eorum
694 2382 793 2454 qui
825 2380 990 2437 valde
1020 2382 1161 2436 sunt
1192 2377 1405 2434 eruditi
1434 2383 1491 2434 et
1519 2377 1970 2434 acutissimein—

321 2480 560 2530 tuentes
580 2472 651 2527 ad
675 2467 1118 2540 corruptibilem
1145 2470 1291 2524 hanc
1313 2468 1648 2539 ﬂuxamque
1674 2471 1970 2533 naturam,

322 2560 618 2635 epinando
648 2557 865 2614 valebit
893 2555 1339 2629 reprehendere,
1367 2554 1459 2611 vel
1487 2555 1554 2628 (ε)
1583 2553 1975 2626 impossibilia

321 2651 411 2708 vel
443 2648 743 2723 figmentis
794 2646 1152 2720 quibusdam
1201 2647 1526 2703 narrationi
1575 2645 1976 2718 conglutinata

324 2757 436 2797 nos
465 2739 640 2796 verba
669 2737 947 2810 proferre;
975 2752 1080 2792 nec
1101 2736 1292 2808 exiget
1312 2736 1686 2808 probationes
1709 2751 1810 2807 per
1831 2751 1976 2805 quas

325 2844 652 2902 possumus
682 2831 944 2883 astruere
970 2841 1148 2897 super
1178 2824 1317 2896 quid
1347 2842 1636 2897 aquarum
1672 2824 1846 2880 fuerit
1874 2839 1975 2878 na-

323 2925 459 2974 tura
491 2917 754 2973 fundata.
786 2920 867 2970 Ea
895 2915 1053 2970 enim
1101 2914 1327 2970 ratione
1375 2930 1492 2987 qua
1537 2919 1752 2970 terram
1804 2912 1976 2985 aquis

323 3009 646 3080 graviorem
677 3002 1069 3075 firmantes,in
1094 3003 1289 3060 media
1317 3003 1585 3059 omnium
1615 3003 1768 3059 hanc
1794 3001 1976 3058 libra-

324 3103 445 3162 tam
458 3113 588 3152 esse
601 3091 1177 3167 pronuntiant,illam
1189 3107 1422 3164 quoque
1436 3092 1728 3148 caelestem
1743 3107 1975 3162 aquam,

325 3190 563 3258 propter
593 3181 926 3240 naturalem
959 3181 1247 3254 impetum
1277 3182 1428 3251 ejus,
1461 3197 1693 3252 semper
1735 3180 1806 3235 ad
1859 3179 1978 3234 ima

2077 591 2374 648 consumit
2405 608 2641 664 aquam,
2674 593 2909 664 quando
2955 594 3170 652 virtute
3218 599 3516 670 praecellit,
3565 620 3720 676 aqua

2073 696 2205 736 vero
2237 697 2370 736 cum
2401 680 2788 738 abundaverit
2818 684 3132 755 exstinguit
3165 686 3382 759 ignem.
3418 691 3553 748 Erat
3582 710 3718 766 ergo

2076 770 2488 842 necessarium,
2529 788 2718 844 neque
2767 774 3117 830 concordare
3165 777 3318 832 inter
3363 796 3426 835 se
3475 780 3720 840 firmiter

2074 859 2194 914 haec
2247 859 2556 929 elementa,
2608 878 2713 917 nec
2755 861 2981 935 integra
3025 865 3099 938 (εἰ)
3132 867 3368 938 penitus
3397 869 3720 930 defectione

2075 949 2604 1022 alterius,pra3bere
2619 968 2856 1008 causam
2881 952 3192 1011 solutionis
3215 973 3409 1013 rerum
3429 962 3714 1035 omnium,

2072 1036 2322 1110 ideoque
2351 1040 2741 1097 sufﬁcientem
2788 1042 3150 1114 gubernatur
3200 1047 3406 1102 mundi
3456 1053 3719 1122 reposuit

2075 1127 2340 1183 humoris
2371 1130 2620 1201 cepiam,
2653 1136 2717 1186 ut
2745 1132 3112 1204 praescriptos
3143 1134 3253 1190 sibi
3286 1138 3568 1196 terminos
3600 1159 3716 1198 non

2075 1217 2380 1284 excedens,
2427 1219 2608 1290 igneae
2650 1225 2849 1292 posset
2896 1222 3168 1278 edacitati
3220 1224 3511 1283 resistere.
3565 1229 3720 1287 Deus

2075 1304 2360 1377 enim,qui
2391 1307 2588 1363 omnia
2618 1310 2728 1363 sub
2759 1310 3196 1380 ponderationis
3228 1319 3283 1370 et
3312 1332 3600 1372 mensura
3632 1336 3719 1374 or-

2074 1393 2372 1450 dinatione
2401 1397 2823 1464 constituit,cui
2848 1401 3014 1455 etiam
3042 1406 3214 1470 guttae
3242 1404 3505 1462 imbrium
3532 1424 3721 1465 nume-

2073 1491 2210 1538 ratae
2238 1488 2384 1555 sunt,
2417 1488 2562 1541 teste
2591 1486 2620 1542 J
2628 1487 2699 1542 ob
2730 1488 3302 1560 (xxxv1,27),noverat
3331 1504 3546 1566 quanto
3576 1502 3718 1554 tem-

2074 1589 2211 1644 pore
2242 1589 2393 1643 aqua
2423 1573 2482 1628 in
2515 1575 2654 1630 orbe
2683 1579 2972 1632 terrarum
3004 1582 3348 1650 permanere
3388 1585 3642 1658 deberet,
3661 1592 3719 1643 et

2072 1660 2161 1716 vel
2191 1667 2469 1732 quantam
2504 1663 2622 1735 igni
2653 1663 2993 1721 alimoniam
3038 1675 3408 1740 praepararet.
3457 1673 3587 1729 Haec
3635 1679 3725 1730 est

2074 1767 2364 1823 aquarum
2396 1753 2542 1808 ratio
2573 1754 2899 1810 secundum
2932 1760 3282 1814 creaturam.
3309 1758 3723 1820 Verumtamen

2076 1857 2218 1896 usus
2247 1839 2403 1912 ignis
2436 1857 2612 1912 quam
2662 1844 3030 1899 necessarius
3077 1847 3156 1901 sit
3201 1847 3376 1904 rebus
3427 1849 3725 1924 humanis,

2078 1929 2211 2000 quis
2242 1928 2323 1984 ita
2353 1929 2578 1985 vivendi
2611 1932 2844 2003 penitus
2875 1949 3079 2006 capere
3108 1934 3450 2008 habetur,ut
3479 1939 3589 1997 hoc
3611 1959 3728 2000 non

2077 2017 2246 2073 aliter
2276 2016 2390 2074 nisi
2431 2035 2500 2074 ex
2548 2019 2614 2091 (e)
2665 2020 2939 2077 doctrina:
2987 2022 3302 2081 traditione
3344 2031 3726 2100 cognoverit?

2077 2107 2220 2162 Nam
2267 2124 2383 2162 non
2427 2107 2620 2164 solum
2667 2125 2744 2165 ea:
2792 2116 2945 2168 artes
2976 2128 3101 2184 qua:
3134 2114 3262 2170 vita:
3291 2114 3562 2174 humanas
3593 2136 3726 2176 sus-

2077 2195 2417 2253 tentatrices
2447 2203 2609 2264 sunt,
2642 2199 2908 2272 indigent
2937 2201 3090 2273 ignis
3139 2203 3375 2275 auxilio,
3407 2207 3509 2262 sed
3549 2209 3724 2266 arbo-

2080 2302 2212 2340 rum
2243 2286 2418 2341 etiam
2448 2287 2817 2358 germinatio,
2851 2289 3271 2363 fructuumque
3303 2296 3638 2366 maturitas,
3671 2302 3728 2354 et

2083 2374 2429 2431 animalium
2463 2380 2580 2431 tam
2617 2377 2978 2434 terrestrium
3011 2396 3189 2450 quam
3225 2383 3589 2441 marinorum
3624 2404 3727 2443 na-

2079 2464 2296 2530 tivitas,
2330 2480 2518 2535 neque
2548 2464 2834 2538 principio
2867 2468 3270 2538 processisset,
3296 2487 3485 2544 neque
3514 2475 3732 2545 perdu-

2083 2557 2238 2608 raret
2267 2553 2326 2608 in
2358 2558 2643 2626 tempora,
2677 2555 2726 2610 si
2758 2555 2970 2612 coloris
3023 2556 3372 2617 beneﬁcium
3422 2562 3726 2621 defuisset.

2083 2649 2386 2716 Aquarum
2419 2660 2652 2715 quoque
2673 2644 3038 2703 abundantia
3057 2646 3225 2704 valde
3247 2649 3358 2706 fuit
3378 2654 3728 2724 necessaria,

2084 2736 2151 2788 ut
2181 2731 2609 2788 incessabiliter
2638 2736 2694 2789 et
2723 2733 2849 2790 sine
2878 2734 3316 2794 intermissione
3349 2745 3584 2811 pastum
3615 2742 3729 2799 sibi

2085 2821 2155 2876 de
2185 2819 2276 2876 his
2305 2819 2462 2892 ignis
2492 2821 2826 2878 attraheret.

2155 2911 2208 2964 6.
2230 2909 2460 2964 Intuere
2481 2910 2733 2983 denique
2755 2910 3096 2984 diligentius
3119 2920 3464 2988 creaturam,
3483 2923 3540 2974 et
3569 2919 3730 2976 inve-

2086 2998 2213 3055 nies
2239 2998 2354 3054 vim
2388 2998 2630 3055 fervoris
2660 3001 2889 3057 cunctis
2912 3019 3041 3074 quae
3063 3005 3335 3061 oriuntur
3356 3012 3413 3063 et
3433 3008 3730 3081 occidunt,

2086 3092 2352 3158 potenter
2381 3087 2616 3144 haerere.
2650 3089 2961 3161 Propterea
2991 3093 3160 3149 terris
3191 3112 3357 3167 aquae
3386 3095 3732 3170 largissimae

2087 3180 2228 3232 sunt
2260 3176 2761 3250 infusae,ultraque
2794 3195 2972 3251 quam
3004 3182 3276 3239 videntur
3303 3191 3442 3242 sunt
3459 3191 3737 3258 extensae,

326 3253 692 3339 tendentem,
744 3276 801 3328 et
830 3253 1069 3343 propter
1098 3269 1490 3341 aaqualitatem
1520 3286 1588 3325 ex
1619 3269 1779 3326 omni
1809 3273 1974 3342 parte
2005 3253 2050 3323 C
2087 3267 3460 3342 quaeetfundumtellurisattingunt;undeetian
3477 3253 3741 3333 fontibus

328 3362 705 3432 collocatam,
726 3376 968 3416 necesse
997 3362 1082 3414 est
1110 3375 1290 3431 super
1321 3359 1519 3414 orbem
1551 3362 1838 3415 terrarum
1873 3363 1986 3414 sta-

333 3452 543 3508 biliter
570 3450 1088 3524 permanere.Ergo
1119 3447 1314 3521 ampla
1340 3447 1518 3504 nimis
1548 3457 1669 3503 erat
1697 3464 1986 3520 aquarum

334 3547 568 3606 natura,
601 3555 667 3594 ac
694 3555 810 3593 non
843 3554 946 3609 pro
979 3542 1143 3592 terra:
1188 3537 1555 3594 dimensione
1602 3536 1838 3606 diffusa,
1885 3535 1986 3593 sed

334 3627 523 3685 multo
577 3626 804 3700 largius
856 3624 1018 3680 illius
1067 3624 1369 3681 ambitum.
1409 3627 1745 3697 superabat.
1796 3627 1881 3682 Ita
1921 3643 1990 3682 ex

333 3717 502 3774 initio
523 3714 1147 3788 magniﬁcentissimus
1167 3714 1370 3770 artifex
1391 3715 1587 3770 futura
1604 3714 1990 3787 prospiciens,

328 3803 1053 3880 sequentiumlutilitatem
1079 3819 1143 3861 ex
1169 3803 1432 3875 priorum
1457 3803 1838 3876 dispositione
1860 3821 1992 3860 con-

329 3895 689 3961 stituit.Quas
720 3910 898 3950 causa
928 3893 1040 3948 fuit
1065 3909 1200 3966 ergo
1229 3897 1294 3948 ut
1316 3910 1492 3964 atquae
1516 3893 1834 3949 enormitas
1857 3909 1993 3949 exu-

323 3987 559 4042 beraret
587 3984 648 4038 in
679 3981 891 4039 terris?
919 3981 1208 4046 Quoniam
1259 3983 1594 4038 necessaria
1644 3986 1769 4038 erat
1815 3981 1990 4038 rebus

331 4073 486 4144 ignis
537 4076 767 4138 natura,
801 4087 918 4127 non
949 4069 1142 4126 solum
1175 4086 1314 4142 erga
1338 4070 1842 4142 dispensationem
1875 4074 1990 4126 ter-

340 4162 645 4227 restrium,
677 4161 780 4216 sed
811 4159 988 4216 etiam
1038 4159 1110 4215 ad
1161 4159 1575 4230 perfectionem
1623 4167 1990 4216 cunctorum.

335 4251 567 4310 Etenim
601 4249 957 4306 brevissima
987 4246 1433 4320 semiplenaque
1465 4249 1653 4305 forent
1680 4249 1897 4320 omnia,
1947 4248 1996 4305 si

338 4339 610 4398 maximis
651 4355 716 4395 ac
749 4337 1178 4412 principalibus
1207 4337 1513 4394 elementis
1544 4339 1764 4411 aliquid
1799 4339 1998 4397 minus

344 4433 523 4493 esset.
556 4445 682 4500 qua:
715 4427 955 4499 quidem
986 4425 1276 4482 contraria
1305 4426 1562 4496 sibimet,
1612 4433 1787 4500 atque
1827 4428 1998 4485 alter-

417 4528 497 4600 (a)
531 4526 950 4600 Edititadiacet
980 4524 1293 4600 historicus.
1327 4524 1406 4579 At
1436 4525 1617 4600 nostri
1661 4530 1779 4582 tres
1829 4544 1999 4598 mss.,

2094 3358 2151 3410 et
2175 3354 2364 3427 puteis
2384 3353 2602 3428 largior
2631 3357 2797 3428 copia
2819 3360 3097 3415 manendi
3119 3363 3742 3438 suppeditat,przscipi-

2094 3449 2301 3516 tesque
2323 3445 2669 3502 torrentium
2701 3446 2765 3517 (f)
2797 3454 3104 3518 cursus,ut
3133 3450 3347 3508 humor
3367 3454 3426 3508 in
3451 3454 3654 3512 multis
3679 3472 3747 3512 ac

2096 3533 2342 3589 diversis
2356 3533 2623 3590 videlicet
2635 3535 2858 3592 horreis
2872 3539 3445 3616 conderetur.ltaque
3456 3544 3529 3600 ab
3543 3544 3746 3600 Orien-

2097 3625 2173 3679 tis
2195 3623 2460 3694 partibus
2484 3623 2745 3681 hibernis
2767 3628 3139 3699 progreditur
3169 3631 3349 3688 Indus
3382 3633 3598 3690 ﬂuvius
3620 3651 3743 3690 om-

2100 3713 2265 3768 nium
2298 3712 2604 3768 violentior
2633 3713 3012 3784 ﬂuentorum,
3037 3719 3188 3775 sicut
3217 3721 3502 3792 speculati
3533 3727 3674 3780 sunt
3705 3723 3745 3778 ii

2099 3801 2202 3873 qui
2224 3800 2403 3856 situm
2426 3801 2584 3856 orbis
2605 3801 2966 3873 descripsere
2985 3810 3381 3865 terrarum.De
3405 3811 3748 3868 meridianis

2100 3894 2296 3946 autem
2318 3888 2463 3944 locis
2487 3890 2728 3946 Bactrus
2749 3890 2937 3947 efﬂuit
2959 3896 3016 3948 et
3034 3894 3401 3968 Cboaspis,et
3418 3901 3656 3966 Araxes,
3681 3915 3752 3955 ex

2101 3995 2216 4050 quo
2237 3978 2764 4051 Tanais,abruptus
2792 3979 2852 4035 in
2871 3981 3191 4039 Maeoticam
3215 3986 3430 4042 transit
3450 3987 3746 4059 paludem.

2101 4068 2307 4124 Phasis
2347 4075 2540 4124 autem
2570 4067 2639 4124 de
2668 4068 2962 4146 Ca‘ncasiis
2991 4071 3107 4126 exit
3137 4073 3459 4142 montibus,
3491 4079 3548 4132 et
3573 4075 3753 4132 innu-

2103 4155 2413 4212 merabiles
2433 4155 2556 4226 alii,
2579 4156 2650 4212 de
2672 4157 2746 4229 (g)
2773 4157 3112 4229 regionibus
3133 4161 3346 4218 arctois
3370 4164 3442 4220 ad
3459 4164 3754 4221 Euxinum

2104 4247 2374 4303 feruntur
2390 4247 2756 4302 Pontum.Ab
2770 4247 3099 4306 Occidentis
3112 4267 3244 4306 vero
3259 4251 3594 4310 climatibus
3607 4255 3758 4311 aesti-

2105 4337 2215 4405 vis,
2235 4337 2344 4392 sub
2377 4335 2646 4408 Pyrenaeo
2663 4335 2877 4392 vertice
2895 4341 3194 4408 Tartesus,
3221 4345 3395 4413 atque
3417 4343 3582 4412 Ister,
3609 4360 3758 4415 quo-

2108 4442 2239 4482 rum
2262 4441 2417 4481 unus
2439 4424 2498 4480 in
2520 4424 2802 4482 exteriora
2826 4426 3012 4482 maria
3035 4427 3312 4497 decurrit,
3340 4431 3487 4488 alter
3514 4432 3759 4490 veniens

2109 4524 2311 4580 bosius
2344 4523 2609 4600 quidem,
2637 4524 2738 4600 sed
2773 4524 2854 4580 ita
2893 4529 3097 4600 tamen
3117 4533 3205 4600 _ut
3251 4529 3612 4600 exprimatur
3661 4536 3760 4587 ut-

345 4592 739 4693 (Legatum;
769 4597 941 4693 lpnge
972 4595 1132 4693 editi,
1154 4599 1204 4651 et
1230 4599 1441 4693 frti-cllum
1466 4601 1542 4652 est
1568 4592 1996 4693 [irritamentum
2029 4626 2077 4693 D
2117 4595 2547 4693 cunque'illkud,
2578 4592 3045 4693 ἤιπλασματώδη.
3080 4597 3207 4656 Mox
3240 4592 3401 4673 edi-ti,
3451 4619 3586 4674 quas
3626 4619 3759 4676 pos-

352 4669 423 4729 Et
447 4671 659 4726 iterum
693 4669 852 4725 Colb.
884 4669 1201 4737 secundus,
1237 4670 1299 4723 Et
1325 4672 1533 4739 [actum
1563 4674 1641 4725 est
1669 4670 1996 4740 ﬁrmamen-

355 4754 470 4800 tum
500 4760 518 4797 :
549 4759 684 4796 nam
712 4749 762 4798 et
788 4743 920 4813 fecit
950 4742 1089 4795 Deus
1116 4741 1541 4810 ﬁrmamentum.
1576 4743 1640 4797 Et
1669 4744 2002 4799 iterum.(‘o-

354 4817 465 4872 dex
494 4820 694 4869 noster
724 4820 792 4868 ut
820 4813 880 4867 in
907 4817 1202 4868 contextu.

430 4885 509 4957 (ὁ)
533 4885 685 4941 Editi
703 4890 760 4941 et
779 4883 1905 4957 Colb.primus,proptereainsubsicibitis
1926 4885 2006 4957 di-

353 4953 524 5026 citur,
553 4973 700 5012 novo
733 4953 982 5012 necdum
1017 4953 1216 5011 audito
1251 4953 1528 5026 loquendi
1561 4968 1791 5025 genere.
1842 4956 2002 5013 Colb.

357 5024 652 5086 secundus
664 5036 973 5116 ,propterea‘
1063 5027 1411 5116 sequentibus
1431 5024 2008 5116 diciturEustathius

358 5094 698 5173 eXpressuni
727 5094 909 5154 voluit
938 5098 1082 5154 illud
1114 5094 1336 5163 Basilii,
1370 5094 1456 5150 διά
1484 5099 1643 5150 τοῦτο
1665 5097 1766 5172 γὰρ
1800 5096 1852 5151 ἐν
1891 5104 2006 5160 τοῖς

358 5170 848 5238 κατόπιν,θῐο.ὃθ(1
870 5174 988 5227 tam
1014 5170 1183 5242 longe
1205 5187 1239 5226 a
1255 5186 1432 5242 scopo
1456 5171 1766 5240 aberravit,
1792 5174 1858 5226 ut
1878 5171 2008 5228 ion-

362 5246 495 5318 gius
522 5243 921 5318 aberrarinon
948 5241 1148 5318 possit.
1175 5245 1318 5296 Nam
1345 5241 1763 5318 haecverbaita
1787 5243 2012 5318 reddita

364 5315 706 5389 oportuerat
736 5331 750 5369 :
786 5317 1076 5389 Propterea
1113 5317 1167 5389 in
1200 5315 1582 5389 superioribus
1611 5315 1826 5389 dicitur
1854 5317 2012 5389 abys-

366 5384 478 5453 sus,
510 5390 619 5442 etc.
652 5387 851 5458 Neque
873 5384 1132 5458 veroboc
1154 5385 1425 5458 loquendi
1448 5402 1654 5457 genus,
1692 5384 1743 5439 ἐν
1771 5391 1886 5448 τοῖς
1918 5384 2012 5442 ἦα-

370 5459 554 5533 -εότςιν2
589 5456 1064 5533 Eustathiosoli,
1097 5457 1210 5533 sed_
1229 5462 1285 5533 et
1316 5456 1866 5533 aliis’scriptoribus
1916 5477 2016 5533 pe-

371 5529 681 5587 ritissimis
713 5529 945 5586 errandi
979 5545 1155 5584 causa
1186 5529 1295 5583 fuit
1325 5533 1382 5584 et
1411 5529 1659 5584 occasio.

441 5604 511 5673 (ε)
537 5601 708 5668 Editi,
725 5600 1110 5674 impossibilia,
1125 5601 1510 5674 ﬁgmentisque
1534 5600 1857 5674 quibusdam
1885 5618 2019 5657 nar-

370 5671 586 5729 rationi
612 5671 1028 5744 congtutinatis.
1051 5671 1211 5728 Colb.
1235 5671 1642 5739 secundus,vet
1661 5675 2021 5744 impossibilia

370 5744 460 5803 vel
487 5745 764 5817 ﬁgmentis
793 5743 1120 5818 quibusdam
1146 5746 1463 5802 narrationi
1490 5743 2021 5816 conglutinata,ver-

2115 4665 2327 4726 sumus.
2359 4665 2512 4739 Libri
2546 4665 3104 4739 veteresﬁpossim’us.

2181 4740 2256 4811 (ἀ)
2288 4738 2464 4808 Editi,
2490 4742 2710 4809 penitus
2741 4738 3128 4810 defectionem.
3179 4743 3368 4798 Nostri
3421 4747 3538 4800 tres
3589 4760 3762 4813 mss.,

2111 4813 2426 4868 defectione.

2147 4817 2426 4883 electione.

2185 4883 2256 4954 (e)
2285 4881 2527 4954 Antiqui
2560 4881 2674 4936 duo
2706 4880 2841 4954 libri
2871 4888 2928 4938 et
2955 4883 3116 4951 editi,
3157 4900 3226 4940 ea:
3271 4885 3537 4944 doctrinae
3584 4887 3762 4943 tradi-

2114 4953 2282 5011 tione.
2305 4953 2492 5027 AColb.
2545 4953 2864 5027 secundus,
2898 4971 2967 5010 ex
2996 4955 3246 5012 doctrina
3272 4967 3321 5013 et
3352 4961 3592 5027 ratione,
3627 4959 3755 5015 Sta-

2115 5029 2220 5083 tim
2253 5025 2529 5099 editi,_hw
2559 5029 2725 5080 artes.
2760 5025 2996 5099 Veteres
3027 5027 3139 5084 duo
3170 5028 3329 5099 libri,
3359 5045 3441 5088 eae
3468 5025 3632 5087 artes.

2188 5099 2253 5169 (f)
2283 5097 2457 5168 Editi,
2487 5113 2676 5152 cursus
2705 5101 2755 5152 et
2785 5098 2998 5154 humor.
3032 5100 3222 5156 Codex
3252 5097 3452 5158 uester
3498 5107 3555 5158 et
3601 5099 3764 5157 Colb.

2119 5170 2435 5260 secundus,
2465 5185 2657 5225 cursus
2687 5174 2744 5224 ut
2774 5175 2992 5242 humor,
3025 5176 3158 5241 etc.,
3189 5175 3428 5246 optime.
3455 5175 3518 5230 In
3547 5176 3765 5242 Graeco,

2122 5261 2253 5296 υπεο
2282 5260 2398 5296 του.

2193 5261 2469 5396 (Earini,
2503 5313 3179 5396 (le-regionibusﬂrradis
3228 5332 3415 5396 inquae
3464 5331 3594 5396 vox.
3623 5311 3766 5396 quid

2125 5387 2234 5442 sibi
2266 5385 2420 5458 velit,
2450 5400 2520 5439 ne
2547 5384 3054 5458 Mopsusquidcm
3085 5393 3183 5443 aut
3231 5384 3486 5458 OEdipus
3539 5384 3768 5458 divina-

2127 5459 2219 5513 rit.
2269 5457 2431 5514 Colb.
2485 5455 2734 5530 primus,
2777 5455 2851 5511 de
2872 5460 3197 5530 regionibus
3231 5455 3472 5528 Arcadis,
3506 5474 3619 5513 non
3651 5455 3769 5530 cla-

2127 5530 2269 5611 rius.
2303 5531 2458 5586 Alter
2486 5529 2669 5594 Colb.,
2701 5528 2766 5583 de
2796 5528 3104 5611 regionibus
3135 5531 3340 5611 arctois
3366 5546 3592 5611 :‘quani
3622 5529 3768 5611 scri-
3855 5565 3860 5570 -

2127 5607 2360 5686 pigram
2385 5617 2596 5686 ‘ver'am’
2618 5616 2746 5686 esse
2772 5605 2830 5654 et
2856 5597 3147 5661 sinceram
3181 5604 3412 5660 constat
3432 5597 3512 5658 ex
3554 5597 3770 5660 Graecis

2128 5670 2270 5741 illis,
2302 5671 2408 5728 ἀπὸ
2431 5675 2539 5726 τῶν
2571 5670 2852 5744 ἀρκτῴων.
