  <div class='ocr_page' id='page_1' title='image "/cluster/home/n/w/nwhite01/storage/ocr_20150623/30/hvd.32044073501827/458.png"; bbox 0 0 4120 6230; ppageno 0'>
   <div class='ocr_carea' id='block_1_1' title="bbox 283 387 401 447">
    <p class='ocr_par' dir='ltr' id='par_1_1' title="bbox 283 387 401 447">
     <span class='ocr_line' id='line_1_1' title="bbox 283 387 401 447; baseline -0.017 0"><span class='ocrx_word' id='word_1_1' title='bbox 283 387 401 447; x_wconf 84' lang='grc'><strong>901</strong></span> 
     </span>
    </p>
   </div>
   <div class='ocr_carea' id='block_1_2' title="bbox 1005 377 2976 446">
    <p class='ocr_par' dir='ltr' id='par_1_2' title="bbox 1005 377 2976 446">
     <span class='ocr_line' id='line_1_2' title="bbox 1005 377 2976 446; baseline 0.002 -5"><span class='ocrx_word' id='word_1_2' title='bbox 1005 379 1433 443; x_wconf 83' lang='lat' dir='ltr'><strong>EUSTATHII</strong></span> <span class='ocrx_word' id='word_1_3' title='bbox 1480 377 1942 440; x_wconf 82' lang='lat' dir='ltr'><strong>HEXAEMERI</strong></span> <span class='ocrx_word' id='word_1_4' title='bbox 1987 379 2542 442; x_wconf 78' lang='lat' dir='ltr'><strong>METAPIIltASIS</strong></span> <span class='ocrx_word' id='word_1_5' title='bbox 2585 381 2822 442; x_wconf 81' lang='lat' dir='ltr'><strong>LIBER</strong></span> <span class='ocrx_word' id='word_1_6' title='bbox 2868 384 2976 446; x_wconf 90' lang='lat' dir='ltr'><strong>III.</strong></span> 
     </span>
    </p>
   </div>
   <div class='ocr_carea' id='block_1_3' title="bbox 3578 393 3700 454">
    <p class='ocr_par' dir='ltr' id='par_1_3' title="bbox 3578 393 3700 454">
     <span class='ocr_line' id='line_1_3' title="bbox 3578 393 3700 454; baseline 0.016 -2"><span class='ocrx_word' id='word_1_7' title='bbox 3578 393 3700 454; x_wconf 78' lang='lat'><strong>902</strong></span> 
     </span>
    </p>
   </div>
   <div class='ocr_carea' id='block_1_4' title="bbox 274 503 3700 592">
    <p class='ocr_par' dir='ltr' id='par_1_4' title="bbox 274 503 3700 592">
     <span class='ocr_line' id='line_1_4' title="bbox 274 503 3700 592; baseline 0.001 -17"><span class='ocrx_word' id='word_1_8' title='bbox 274 521 352 592; x_wconf 81' lang='grc' dir='ltr'><strong>(α)</strong></span> <span class='ocrx_word' id='word_1_9' title='bbox 375 521 442 574; x_wconf 84' lang='lat' dir='ltr'><strong>Et</strong></span> <span class='ocrx_word' id='word_1_10' title='bbox 467 516 695 588; x_wconf 80' lang='lat' dir='ltr'><strong>Moyses</strong></span> <span class='ocrx_word' id='word_1_11' title='bbox 719 513 1070 570; x_wconf 84' lang='lat' dir='ltr'><strong>benedicens</strong></span> <span class='ocrx_word' id='word_1_12' title='bbox 1101 513 1319 568; x_wconf 78' lang='lat' dir='ltr'><strong>tribum</strong></span> <span class='ocrx_word' id='word_1_13' title='bbox 1341 511 1584 583; x_wconf 88' lang='lat' dir='ltr'><strong>Joseph,</strong></span> <span class='ocrx_word' id='word_1_14' title='bbox 1613 528 1680 567; x_wconf 86' lang='lat' dir='ltr'><strong>ex</strong></span> <span class='ocrx_word' id='word_1_15' title='bbox 1707 510 1926 567; x_wconf 86' lang='lat' dir='ltr'><strong>ﬁnibus</strong></span> <span class='ocrx_word' id='word_1_16' title='bbox 1957 503 2010 580; x_wconf 67' lang='grc' dir='ltr'><strong>Α</strong></span> <span class='ocrx_word' id='word_1_17' title='bbox 2040 512 2301 583; x_wconf 88' lang='lat' dir='ltr'><strong>terjectio</strong></span> <span class='ocrx_word' id='word_1_18' title='bbox 2345 513 2681 584; x_wconf 87' lang='lat' dir='ltr'><strong>separavitt,</strong></span> <span class='ocrx_word' id='word_1_19' title='bbox 2713 517 3016 573; x_wconf 75' lang='lat' dir='ltr'><strong>occasione</strong></span> <span class='ocrx_word' id='word_1_20' title='bbox 3047 517 3460 590; x_wconf 83' lang='lat' dir='ltr'><strong>allegoriarum</strong></span> <span class='ocrx_word' id='word_1_21' title='bbox 3484 527 3540 578; x_wconf 91' lang='lat' dir='ltr'><strong>et</strong></span> <span class='ocrx_word' id='word_1_22' title='bbox 3564 541 3700 581; x_wconf 87' lang='lat' dir='ltr'><strong>sen-</strong></span> 
     </span>
    </p>
   </div>
   <div class='ocr_carea' id='block_1_5' title="bbox 276 599 1940 674">
    <p class='ocr_par' dir='ltr' id='par_1_5' title="bbox 276 599 1940 674">
     <span class='ocr_line' id='line_1_5' title="bbox 276 599 1940 674; baseline -0.005 -11"><span class='ocrx_word' id='word_1_23' title='bbox 276 605 492 674; x_wconf 75' lang='lat' dir='ltr'><strong>ccsli,et</strong></span> <span class='ocrx_word' id='word_1_24' title='bbox 514 603 871 659; x_wconf 73' lang='lat' dir='ltr'><strong>mutationes</strong></span> <span class='ocrx_word' id='word_1_25' title='bbox 896 601 1126 668; x_wconf 83' lang='lat' dir='ltr'><strong>solis,et</strong></span> <span class='ocrx_word' id='word_1_26' title='bbox 1151 601 1533 656; x_wconf 81' lang='lat' dir='ltr'><strong>concursione</strong></span> <span class='ocrx_word' id='word_1_27' title='bbox 1557 599 1940 668; x_wconf 88' lang='lat' dir='ltr'><strong>mensium,et</strong></span> 
     </span>
    </p>
   </div>
   <div class='ocr_carea' id='block_1_6' title="bbox 277 689 1936 759">
    <p class='ocr_par' dir='ltr' id='par_1_6' title="bbox 277 689 1936 759">
     <span class='ocr_line' id='line_1_6' title="bbox 277 689 1936 759; baseline -0.005 -7"><span class='ocrx_word' id='word_1_28' title='bbox 277 713 346 753; x_wconf 86' lang='lat' dir='ltr'><strong>ex</strong></span> <span class='ocrx_word' id='word_1_29' title='bbox 365 694 582 750; x_wconf 85' lang='lat' dir='ltr'><strong>vertice</strong></span> <span class='ocrx_word' id='word_1_30' title='bbox 607 691 900 748; x_wconf 92' lang='lat' dir='ltr'><strong>montium</strong></span> <span class='ocrx_word' id='word_1_31' title='bbox 926 689 1391 745; x_wconf 79' lang='lat' dir='ltr'><strong>benedictionem</strong></span> <span class='ocrx_word' id='word_1_32' title='bbox 1414 690 1514 744; x_wconf 88' lang='lat' dir='ltr'><strong>dat</strong></span> <span class='ocrx_word' id='word_1_33' title='bbox 1534 689 1712 759; x_wconf 79' lang='lat' dir='ltr'><strong>(Deut.</strong></span> <span class='ocrx_word' id='word_1_34' title='bbox 1737 705 1936 756; x_wconf 67' lang='grc' dir='ltr'><strong>χχχιιι,</strong></span> 
     </span>
    </p>
   </div>
   <div class='ocr_carea' id='block_1_7' title="bbox 280 777 1937 856">
    <p class='ocr_par' dir='ltr' id='par_1_7' title="bbox 280 777 1937 856">
     <span class='ocr_line' id='line_1_7' title="bbox 280 777 1937 856; baseline -0.007 -14"><span class='ocrx_word' id='word_1_35' title='bbox 280 786 606 856; x_wconf 80' lang='lat' dir='ltr'><strong>13);utpote</strong></span> <span class='ocrx_word' id='word_1_36' title='bbox 621 780 856 853; x_wconf 83' lang='lat' dir='ltr'><strong>regione</strong></span> <span class='ocrx_word' id='word_1_37' title='bbox 870 778 1099 834; x_wconf 76' lang='lat' dir='ltr'><strong>telluris</strong></span> <span class='ocrx_word' id='word_1_38' title='bbox 1114 795 1242 835; x_wconf 90' lang='lat' dir='ltr'><strong>reru</strong></span> <span class='ocrx_word' id='word_1_39' title='bbox 1255 796 1308 834; x_wconf 90' lang='lat' dir='ltr'><strong>m</strong></span> <span class='ocrx_word' id='word_1_40' title='bbox 1323 777 1530 834; x_wconf 90' lang='lat' dir='ltr'><strong>talium</strong></span> <span class='ocrx_word' id='word_1_41' title='bbox 1546 777 1730 849; x_wconf 82' lang='lat' dir='ltr'><strong>copiis</strong></span> <span class='ocrx_word' id='word_1_42' title='bbox 1749 779 1937 833; x_wconf 90' lang='lat' dir='ltr'><strong>abun-</strong></span> 
     </span>
    </p>
   </div>
   <div class='ocr_carea' id='block_1_8' title="bbox 279 866 1942 938">
    <p class='ocr_par' dir='ltr' id='par_1_8' title="bbox 279 866 1942 938">
     <span class='ocr_line' id='line_1_8' title="bbox 279 866 1942 938; baseline -0.005 -8"><span class='ocrx_word' id='word_1_43' title='bbox 279 875 472 930; x_wconf 83' lang='lat' dir='ltr'><strong>dante.</strong></span> <span class='ocrx_word' id='word_1_44' title='bbox 500 872 610 927; x_wconf 91' lang='lat' dir='ltr'><strong>Sed</strong></span> <span class='ocrx_word' id='word_1_45' title='bbox 632 874 687 926; x_wconf 91' lang='lat' dir='ltr'><strong>et</strong></span> <span class='ocrx_word' id='word_1_46' title='bbox 707 869 763 924; x_wconf 93' lang='lat' dir='ltr'><strong>in</strong></span> <span class='ocrx_word' id='word_1_47' title='bbox 783 867 1115 924; x_wconf 81' lang='lat' dir='ltr'><strong>maledictis</strong></span> <span class='ocrx_word' id='word_1_48' title='bbox 1149 866 1351 924; x_wconf 83' lang='lat' dir='ltr'><strong>Israel:</strong></span> <span class='ocrx_word' id='word_1_49' title='bbox 1385 867 1942 938; x_wconf 81' lang='lat' dir='ltr'><strong>Sit,inquit,tibisu-</strong></span> 
     </span>
    </p>
   </div>
   <div class='ocr_carea' id='block_1_9' title="bbox 282 956 1938 1037">
    <p class='ocr_par' dir='ltr' id='par_1_9' title="bbox 282 956 1938 1037">
     <span class='ocr_line' id='line_1_9' title="bbox 282 956 1938 1037; baseline -0.005 -18"><span class='ocrx_word' id='word_1_50' title='bbox 282 981 380 1037; x_wconf 85' lang='lat' dir='ltr'><strong>per</strong></span> <span class='ocrx_word' id='word_1_51' title='bbox 395 963 556 1033; x_wconf 84' lang='lat' dir='ltr'><strong>caput</strong></span> <span class='ocrx_word' id='word_1_52' title='bbox 572 959 770 1014; x_wconf 67' lang='lat' dir='ltr'><strong>castum</strong></span> <span class='ocrx_word' id='word_1_53' title='bbox 798 973 1019 1015; x_wconf 61' lang='lat' dir='ltr'><strong>meum</strong></span> <span class='ocrx_word' id='word_1_54' title='bbox 1040 957 1217 1027; x_wconf 90' lang='lat' dir='ltr'><strong>(Deut.</strong></span> <span class='ocrx_word' id='word_1_55' title='bbox 1241 956 1831 1027; x_wconf 81' lang='lat' dir='ltr'><strong>xxvm,23),indicans</strong></span> <span class='ocrx_word' id='word_1_56' title='bbox 1851 957 1938 1010; x_wconf 89' lang='lat' dir='ltr'><strong>in-</strong></span> 
     </span>
    </p>
   </div>
   <div class='ocr_carea' id='block_1_10' title="bbox 283 1045 1943 1126">
    <p class='ocr_par' dir='ltr' id='par_1_10' title="bbox 283 1045 1943 1126">
     <span class='ocr_line' id='line_1_10' title="bbox 283 1045 1943 1126; baseline -0.005 -17"><span class='ocrx_word' id='word_1_57' title='bbox 283 1059 510 1126; x_wconf 87' lang='lat' dir='ltr'><strong>tegram</strong></span> <span class='ocrx_word' id='word_1_58' title='bbox 525 1049 873 1115; x_wconf 89' lang='lat' dir='ltr'><strong>siccitatem,</strong></span> <span class='ocrx_word' id='word_1_59' title='bbox 893 1053 1068 1118; x_wconf 89' lang='lat' dir='ltr'><strong>atque</strong></span> <span class='ocrx_word' id='word_1_60' title='bbox 1086 1047 1380 1103; x_wconf 87' lang='lat' dir='ltr'><strong>defectum</strong></span> <span class='ocrx_word' id='word_1_61' title='bbox 1398 1045 1647 1119; x_wconf 87' lang='lat' dir='ltr'><strong>liquoris</strong></span> <span class='ocrx_word' id='word_1_62' title='bbox 1666 1046 1817 1102; x_wconf 91' lang='lat' dir='ltr'><strong>aeris</strong></span> <span class='ocrx_word' id='word_1_63' title='bbox 1841 1062 1943 1117; x_wconf 92' lang='lat' dir='ltr'><strong>per</strong></span> 
     </span>
    </p>
   </div>
   <div class='ocr_carea' id='block_1_11' title="bbox 276 1136 1941 1216">
    <p class='ocr_par' dir='ltr' id='par_1_11' title="bbox 276 1136 1941 1216">
     <span class='ocr_line' id='line_1_11' title="bbox 276 1136 1941 1216; baseline -0.002 -18"><span class='ocrx_word' id='word_1_64' title='bbox 276 1159 452 1216; x_wconf 88' lang='lat' dir='ltr'><strong>quem</strong></span> <span class='ocrx_word' id='word_1_65' title='bbox 473 1138 724 1196; x_wconf 76' lang='lat' dir='ltr'><strong>terrenis</strong></span> <span class='ocrx_word' id='word_1_66' title='bbox 745 1137 1032 1192; x_wconf 88' lang='lat' dir='ltr'><strong>fructibus</strong></span> <span class='ocrx_word' id='word_1_67' title='bbox 1057 1136 1382 1192; x_wconf 82' lang='lat' dir='ltr'><strong>fecunditas</strong></span> <span class='ocrx_word' id='word_1_68' title='bbox 1397 1140 1597 1208; x_wconf 88' lang='lat' dir='ltr'><strong>optata</strong></span> <span class='ocrx_word' id='word_1_69' title='bbox 1612 1140 1941 1208; x_wconf 70' lang='lat' dir='ltr'><strong>praestatur.</strong></span> 
     </span>
    </p>
   </div>
   <div class='ocr_carea' id='block_1_12' title="bbox 276 1224 1941 1302">
    <p class='ocr_par' dir='ltr' id='par_1_12' title="bbox 276 1224 1941 1302">
     <span class='ocr_line' id='line_1_12' title="bbox 276 1224 1941 1302; baseline -0.005 -15"><span class='ocrx_word' id='word_1_70' title='bbox 276 1231 518 1299; x_wconf 85' lang='lat' dir='ltr'><strong>Quando</strong></span> <span class='ocrx_word' id='word_1_71' title='bbox 539 1245 675 1302; x_wconf 91' lang='lat' dir='ltr'><strong>ergo</strong></span> <span class='ocrx_word' id='word_1_72' title='bbox 697 1228 772 1283; x_wconf 90' lang='lat' dir='ltr'><strong>de&#39;</strong></span> <span class='ocrx_word' id='word_1_73' title='bbox 788 1225 931 1282; x_wconf 57' lang='lat' dir='ltr'><strong>caelo</strong></span> <span class='ocrx_word' id='word_1_74' title='bbox 955 1225 1098 1281; x_wconf 88' lang='lat' dir='ltr'><strong>dicit</strong></span> <span class='ocrx_word' id='word_1_75' title='bbox 1118 1226 1304 1281; x_wconf 87' lang='lat' dir='ltr'><strong>emitti</strong></span> <span class='ocrx_word' id='word_1_76' title='bbox 1335 1241 1523 1281; x_wconf 91' lang='lat' dir='ltr'><strong>rorem</strong></span> <span class='ocrx_word' id='word_1_77' title='bbox 1549 1224 1634 1280; x_wconf 87' lang='lat' dir='ltr'><strong>vel</strong></span> <span class='ocrx_word' id='word_1_78' title='bbox 1662 1224 1941 1296; x_wconf 84' lang='lat' dir='ltr'><strong>pluviam,</strong></span> 
     </span>
    </p>
   </div>
   <div class='ocr_carea' id='block_1_13' title="bbox 281 1314 1945 1392">
    <p class='ocr_par' dir='ltr' id='par_1_13' title="bbox 281 1314 1945 1392">
     <span class='ocr_line' id='line_1_13' title="bbox 281 1314 1945 1392; baseline -0.007 -13"><span class='ocrx_word' id='word_1_79' title='bbox 281 1322 432 1379; x_wconf 73' lang='lat'><strong>720</strong></span> <span class='ocrx_word' id='word_1_80' title='bbox 455 1335 638 1392; x_wconf 83' lang='lat' dir='ltr'><strong>aquas</strong></span> <span class='ocrx_word' id='word_1_81' title='bbox 662 1314 942 1388; x_wconf 73' lang='lat' dir='ltr'><strong>intelligo,</strong></span> <span class='ocrx_word' id='word_1_82' title='bbox 984 1331 1109 1386; x_wconf 72' lang='lat' dir='ltr'><strong>quas</strong></span> <span class='ocrx_word' id='word_1_83' title='bbox 1143 1314 1508 1387; x_wconf 87' lang='lat' dir='ltr'><strong>superiorem</strong></span> <span class='ocrx_word' id='word_1_84' title='bbox 1536 1317 1730 1370; x_wconf 88' lang='lat' dir='ltr'><strong>tenere</strong></span> <span class='ocrx_word' id='word_1_85' title='bbox 1770 1315 1945 1384; x_wconf 72' lang='lat' dir='ltr'><strong>jusszn</strong></span> 
     </span>
    </p>
   </div>
   <div class='ocr_carea' id='block_1_14' title="bbox 293 1402 1947 1480">
    <p class='ocr_par' dir='ltr' id='par_1_14' title="bbox 293 1402 1947 1480">
     <span class='ocr_line' id='line_1_14' title="bbox 293 1402 1947 1480; baseline -0.006 -13"><span class='ocrx_word' id='word_1_86' title='bbox 293 1416 430 1468; x_wconf 90' lang='lat' dir='ltr'><strong>sunt</strong></span> <span class='ocrx_word' id='word_1_87' title='bbox 452 1407 771 1480; x_wconf 86' lang='lat' dir='ltr'><strong>regionem.</strong></span> <span class='ocrx_word' id='word_1_88' title='bbox 787 1402 1254 1475; x_wconf 86' lang='lat' dir='ltr'><strong>Conglomeratis</strong></span> <span class='ocrx_word' id='word_1_89' title='bbox 1275 1403 1432 1458; x_wconf 89' lang='lat' dir='ltr'><strong>enim</strong></span> <span class='ocrx_word' id='word_1_90' title='bbox 1453 1402 1767 1474; x_wconf 84' lang='lat' dir='ltr'><strong>vaporibus</strong></span> <span class='ocrx_word' id='word_1_91' title='bbox 1788 1402 1848 1457; x_wconf 93' lang='lat' dir='ltr'><strong>in</strong></span> <span class='ocrx_word' id='word_1_92' title='bbox 1871 1402 1947 1457; x_wconf 88' lang='lat' dir='ltr'><strong>al-</strong></span> 
     </span>
    </p>
   </div>
   <div class='ocr_carea' id='block_1_15' title="bbox 292 1490 1950 1568">
    <p class='ocr_par' dir='ltr' id='par_1_15' title="bbox 292 1490 1950 1568">
     <span class='ocr_line' id='line_1_15' title="bbox 292 1490 1950 1568; baseline -0.005 -13"><span class='ocrx_word' id='word_1_93' title='bbox 292 1502 505 1568; x_wconf 88' lang='lat' dir='ltr'><strong>tum,et</strong></span> <span class='ocrx_word' id='word_1_94' title='bbox 517 1511 648 1552; x_wconf 88' lang='lat' dir='ltr'><strong>aere</strong></span> <span class='ocrx_word' id='word_1_95' title='bbox 673 1497 975 1549; x_wconf 86' lang='lat' dir='ltr'><strong>ventorum</strong></span> <span class='ocrx_word' id='word_1_96' title='bbox 997 1491 1234 1548; x_wconf 88' lang='lat' dir='ltr'><strong>ﬂatibus</strong></span> <span class='ocrx_word' id='word_1_97' title='bbox 1252 1490 1950 1561; x_wconf 83' lang='lat' dir='ltr'><strong>condensato,exhalatio-</strong></span> 
     </span>
    </p>
   </div>
   <div class='ocr_carea' id='block_1_16' title="bbox 288 1580 1948 1656">
    <p class='ocr_par' dir='ltr' id='par_1_16' title="bbox 288 1580 1948 1656">
     <span class='ocr_line' id='line_1_16' title="bbox 288 1580 1948 1656; baseline -0.006 -12"><span class='ocrx_word' id='word_1_98' title='bbox 288 1605 392 1644; x_wconf 90' lang='lat' dir='ltr'><strong>nes</strong></span> <span class='ocrx_word' id='word_1_99' title='bbox 422 1586 509 1641; x_wconf 70' lang='lat' dir='ltr'><strong>ha:</strong></span> <span class='ocrx_word' id='word_1_100' title='bbox 542 1601 669 1656; x_wconf 63' lang='lat' dir='ltr'><strong>quae</strong></span> <span class='ocrx_word' id='word_1_101' title='bbox 695 1580 993 1637; x_wconf 85' lang='lat' dir='ltr'><strong>subtiliter</strong></span> <span class='ocrx_word' id='word_1_102' title='bbox 1015 1580 1273 1636; x_wconf 87' lang='lat' dir='ltr'><strong>nubibus</strong></span> <span class='ocrx_word' id='word_1_103' title='bbox 1295 1580 1659 1648; x_wconf 90' lang='lat' dir='ltr'><strong>inseruntur,</strong></span> <span class='ocrx_word' id='word_1_104' title='bbox 1686 1597 1787 1652; x_wconf 91' lang='lat' dir='ltr'><strong>per</strong></span> <span class='ocrx_word' id='word_1_105' title='bbox 1819 1598 1948 1635; x_wconf 89' lang='lat' dir='ltr'><strong>mu-</strong></span> 
     </span>
    </p>
   </div>
   <div class='ocr_carea' id='block_1_17' title="bbox 285 1668 1952 1742">
    <p class='ocr_par' dir='ltr' id='par_1_17' title="bbox 285 1668 1952 1742">
     <span class='ocr_line' id='line_1_17' title="bbox 285 1668 1952 1742; baseline -0.005 -11"><span class='ocrx_word' id='word_1_106' title='bbox 285 1689 421 1739; x_wconf 74' lang='lat' dir='ltr'><strong>tuas</strong></span> <span class='ocrx_word' id='word_1_107' title='bbox 448 1671 814 1729; x_wconf 79' lang='lat' dir='ltr'><strong>accessiones</strong></span> <span class='ocrx_word' id='word_1_108' title='bbox 844 1673 1021 1742; x_wconf 68' lang='lat' dir='ltr'><strong>guttae</strong></span> <span class='ocrx_word' id='word_1_109' title='bbox 1045 1668 1454 1741; x_wconf 83' lang='lat' dir='ltr'><strong>perficiuntur,</strong></span> <span class='ocrx_word' id='word_1_110' title='bbox 1479 1684 1700 1738; x_wconf 88' lang='lat' dir='ltr'><strong>suoque</strong></span> <span class='ocrx_word' id='word_1_111' title='bbox 1729 1669 1952 1740; x_wconf 88' lang='lat' dir='ltr'><strong>ponde-</strong></span> 
     </span>
    </p>
   </div>
   <div class='ocr_carea' id='block_1_18' title="bbox 280 1757 1954 1832">
    <p class='ocr_par' dir='ltr' id='par_1_18' title="bbox 280 1757 1954 1832">
     <span class='ocr_line' id='line_1_18' title="bbox 280 1757 1954 1832; baseline -0.004 -12"><span class='ocrx_word' id='word_1_112' title='bbox 280 1782 347 1820; x_wconf 87' lang='lat' dir='ltr'><strong>re</strong></span> <span class='ocrx_word' id='word_1_113' title='bbox 376 1762 594 1820; x_wconf 70' lang='lat' dir='ltr'><strong>collisze</strong></span> <span class='ocrx_word' id='word_1_114' title='bbox 625 1762 902 1817; x_wconf 85' lang='lat' dir='ltr'><strong>deorsum</strong></span> <span class='ocrx_word' id='word_1_115' title='bbox 936 1758 1254 1832; x_wconf 91' lang='lat' dir='ltr'><strong>pelluntur.</strong></span> <span class='ocrx_word' id='word_1_116' title='bbox 1289 1758 1419 1813; x_wconf 75' lang='lat' dir='ltr'><strong>Hinc</strong></span> <span class='ocrx_word' id='word_1_117' title='bbox 1439 1757 1826 1813; x_wconf 88' lang='lat' dir='ltr'><strong>estimbrium</strong></span> <span class='ocrx_word' id='word_1_118' title='bbox 1849 1774 1954 1830; x_wconf 89' lang='lat' dir='ltr'><strong>ge-</strong></span> 
     </span>
    </p>
   </div>
   <div class='ocr_carea' id='block_1_19' title="bbox 2046 600 3703 680">
    <p class='ocr_par' dir='ltr' id='par_1_19' title="bbox 2046 600 3703 680">
     <span class='ocr_line' id='line_1_19' title="bbox 2046 600 3703 680; baseline 0.008 -22"><span class='ocrx_word' id='word_1_119' title='bbox 2046 619 2148 658; x_wconf 89' lang='lat' dir='ltr'><strong>sus</strong></span> <span class='ocrx_word' id='word_1_120' title='bbox 2162 600 2698 674; x_wconf 89' lang='lat' dir='ltr'><strong>altioris,quasdem</strong></span> <span class='ocrx_word' id='word_1_121' title='bbox 2713 604 2882 661; x_wconf 89' lang='lat' dir='ltr'><strong>nobis</strong></span> <span class='ocrx_word' id='word_1_122' title='bbox 2899 606 3116 678; x_wconf 81' lang='lat' dir='ltr'><strong>ﬁguras</strong></span> <span class='ocrx_word' id='word_1_123' title='bbox 3130 609 3301 680; x_wconf 88' lang='lat' dir='ltr'><strong>objici</strong></span> <span class='ocrx_word' id='word_1_124' title='bbox 3313 612 3703 678; x_wconf 89' lang='lat' dir='ltr'><strong>unt,dicentes</strong></span> 
     </span>
    </p>
   </div>
   <div class='ocr_carea' id='block_1_20' title="bbox 2047 690 3701 776">
    <p class='ocr_par' dir='ltr' id='par_1_20' title="bbox 2047 690 3701 776">
     <span class='ocr_line' id='line_1_20' title="bbox 2047 690 3701 776; baseline 0.006 -29"><span class='ocrx_word' id='word_1_125' title='bbox 2047 690 2382 762; x_wconf 75' lang='lat' dir='ltr'><strong>Spirituales</strong></span> <span class='ocrx_word' id='word_1_126' title='bbox 2415 691 2904 766; x_wconf 90' lang='lat' dir='ltr'><strong>incorporeasque</strong></span> <span class='ocrx_word' id='word_1_127' title='bbox 2936 695 3204 763; x_wconf 87' lang='lat' dir='ltr'><strong>virtutes,</strong></span> <span class='ocrx_word' id='word_1_128' title='bbox 3240 699 3606 756; x_wconf 87' lang='lat' dir='ltr'><strong>mutabilitcr</strong></span> <span class='ocrx_word' id='word_1_129' title='bbox 3633 705 3701 776; x_wconf 74' lang='grc'><strong>(1)</strong></span> 
     </span>
    </p>
   </div>
   <div class='ocr_carea' id='block_1_21' title="bbox 2046 778 3705 864">
    <p class='ocr_par' dir='ltr' id='par_1_21' title="bbox 2046 778 3705 864">
     <span class='ocr_line' id='line_1_21' title="bbox 2046 778 3705 864; baseline 0.008 -29"><span class='ocrx_word' id='word_1_130' title='bbox 2046 778 2305 852; x_wconf 74' lang='lat' dir='ltr'><strong>intellegi</strong></span> <span class='ocrx_word' id='word_1_131' title='bbox 2339 780 2548 837; x_wconf 88' lang='lat' dir='ltr'><strong>debere</strong></span> <span class='ocrx_word' id='word_1_132' title='bbox 2571 798 2672 852; x_wconf 92' lang='lat' dir='ltr'><strong>pro</strong></span> <span class='ocrx_word' id='word_1_133' title='bbox 2695 784 2888 853; x_wconf 83' lang='lat' dir='ltr'><strong>aquis,</strong></span> <span class='ocrx_word' id='word_1_134' title='bbox 2912 789 2968 840; x_wconf 91' lang='lat' dir='ltr'><strong>et</strong></span> <span class='ocrx_word' id='word_1_135' title='bbox 2998 802 3237 842; x_wconf 86' lang='lat' dir='ltr'><strong>sursum</strong></span> <span class='ocrx_word' id='word_1_136' title='bbox 3260 788 3497 859; x_wconf 91' lang='lat' dir='ltr'><strong>quidem</strong></span> <span class='ocrx_word' id='word_1_137' title='bbox 3526 807 3705 864; x_wconf 90' lang='lat' dir='ltr'><strong>super</strong></span> 
     </span>
    </p>
   </div>
   <div class='ocr_carea' id='block_1_22' title="bbox 2049 871 3702 947">
    <p class='ocr_par' dir='ltr' id='par_1_22' title="bbox 2049 871 3702 947">
     <span class='ocr_line' id='line_1_22' title="bbox 2049 871 3702 947; baseline 0.008 -23"><span class='ocrx_word' id='word_1_138' title='bbox 2049 871 2482 926; x_wconf 82' lang='lat' dir='ltr'><strong>firmamentum</strong></span> <span class='ocrx_word' id='word_1_139' title='bbox 2516 874 2870 929; x_wconf 87' lang='lat' dir='ltr'><strong>remansisse</strong></span> <span class='ocrx_word' id='word_1_140' title='bbox 2910 875 3227 947; x_wconf 84' lang='lat' dir='ltr'><strong>digniores,</strong></span> <span class='ocrx_word' id='word_1_141' title='bbox 3264 877 3320 932; x_wconf 92' lang='lat' dir='ltr'><strong>in</strong></span> <span class='ocrx_word' id='word_1_142' title='bbox 3371 878 3702 937; x_wconf 91' lang='lat' dir='ltr'><strong>humiliori-</strong></span> 
     </span>
    </p>
   </div>
   <div class='ocr_carea' id='block_1_23' title="bbox 2050 959 3702 1036">
    <p class='ocr_par' dir='ltr' id='par_1_23' title="bbox 2050 959 3702 1036">
     <span class='ocr_line' id='line_1_23' title="bbox 2050 959 3702 1036; baseline 0.007 -22"><span class='ocrx_word' id='word_1_143' title='bbox 2050 960 2160 1014; x_wconf 88' lang='lat' dir='ltr'><strong>bus</strong></span> <span class='ocrx_word' id='word_1_144' title='bbox 2192 963 2384 1014; x_wconf 86' lang='lat' dir='ltr'><strong>autem</strong></span> <span class='ocrx_word' id='word_1_145' title='bbox 2417 959 2751 1017; x_wconf 85' lang='lat' dir='ltr'><strong>diversoriis</strong></span> <span class='ocrx_word' id='word_1_146' title='bbox 2784 967 2846 1018; x_wconf 92' lang='lat' dir='ltr'><strong>ut</strong></span> <span class='ocrx_word' id='word_1_147' title='bbox 2875 969 3006 1036; x_wconf 90' lang='lat' dir='ltr'><strong>pote</strong></span> <span class='ocrx_word' id='word_1_148' title='bbox 3037 965 3402 1023; x_wconf 86' lang='lat' dir='ltr'><strong>crassiorbus</strong></span> <span class='ocrx_word' id='word_1_149' title='bbox 3433 974 3488 1024; x_wconf 89' lang='lat' dir='ltr'><strong>et</strong></span> <span class='ocrx_word' id='word_1_150' title='bbox 3511 987 3702 1025; x_wconf 75' lang='lat' dir='ltr'><strong>cmun-</strong></span> 
     </span>
    </p>
   </div>
   <div class='ocr_carea' id='block_1_24' title="bbox 2051 1048 3706 1132">
    <p class='ocr_par' dir='ltr' id='par_1_24' title="bbox 2051 1048 3706 1132">
     <span class='ocr_line' id='line_1_24' title="bbox 2051 1048 3706 1132; baseline 0.007 -28"><span class='ocrx_word' id='word_1_151' title='bbox 2051 1048 2153 1116; x_wconf 90' lang='lat' dir='ltr'><strong>sis,</strong></span> <span class='ocrx_word' id='word_1_152' title='bbox 2187 1049 2386 1104; x_wconf 76' lang='lat' dir='ltr'><strong>noxias</strong></span> <span class='ocrx_word' id='word_1_153' title='bbox 2418 1050 2772 1108; x_wconf 88' lang='lat' dir='ltr'><strong>constitisse.</strong></span> <span class='ocrx_word' id='word_1_154' title='bbox 2806 1057 3118 1125; x_wconf 90' lang='lat' dir='ltr'><strong>Propterea</strong></span> <span class='ocrx_word' id='word_1_155' title='bbox 3159 1055 3364 1112; x_wconf 87' lang='lat' dir='ltr'><strong>dicunt</strong></span> <span class='ocrx_word' id='word_1_156' title='bbox 3391 1072 3490 1114; x_wconf 85' lang='lat' dir='ltr'><strong>eas</strong></span> <span class='ocrx_word' id='word_1_157' title='bbox 3523 1077 3706 1132; x_wconf 86' lang='lat' dir='ltr'><strong>aquas</strong></span> 
     </span>
    </p>
   </div>
   <div class='ocr_carea' id='block_1_25' title="bbox 2052 1139 3708 1216">
    <p class='ocr_par' dir='ltr' id='par_1_25' title="bbox 2052 1139 3708 1216">
     <span class='ocr_line' id='line_1_25' title="bbox 2052 1139 3708 1216; baseline 0.008 -26"><span class='ocrx_word' id='word_1_158' title='bbox 2052 1152 2178 1207; x_wconf 67' lang='lat' dir='ltr'><strong>quae</strong></span> <span class='ocrx_word' id='word_1_159' title='bbox 2210 1153 2387 1209; x_wconf 89' lang='lat' dir='ltr'><strong>super</strong></span> <span class='ocrx_word' id='word_1_160' title='bbox 2416 1139 2589 1195; x_wconf 75' lang='lat' dir='ltr'><strong>cmlos</strong></span> <span class='ocrx_word' id='word_1_161' title='bbox 2639 1145 2796 1212; x_wconf 82' lang='lat' dir='ltr'><strong>sunt,</strong></span> <span class='ocrx_word' id='word_1_162' title='bbox 2838 1141 3077 1198; x_wconf 89' lang='lat' dir='ltr'><strong>laudare</strong></span> <span class='ocrx_word' id='word_1_163' title='bbox 3122 1145 3458 1213; x_wconf 88' lang='lat' dir='ltr'><strong>Dominum,</strong></span> <span class='ocrx_word' id='word_1_164' title='bbox 3493 1147 3550 1202; x_wconf 90' lang='lat' dir='ltr'><strong>id</strong></span> <span class='ocrx_word' id='word_1_165' title='bbox 3597 1154 3708 1216; x_wconf 91' lang='lat' dir='ltr'><strong>est,</strong></span> 
     </span>
    </p>
   </div>
   <div class='ocr_carea' id='block_1_26' title="bbox 2053 1226 3704 1302">
    <p class='ocr_par' dir='ltr' id='par_1_26' title="bbox 2053 1226 3704 1302">
     <span class='ocr_line' id='line_1_26' title="bbox 2053 1226 3704 1302; baseline 0.007 -21"><span class='ocrx_word' id='word_1_166' title='bbox 2053 1226 2307 1297; x_wconf 70' lang='lat' dir='ltr'><strong>optimas</strong></span> <span class='ocrx_word' id='word_1_167' title='bbox 2338 1226 2582 1283; x_wconf 88' lang='lat' dir='ltr'><strong>virtutes</strong></span> <span class='ocrx_word' id='word_1_168' title='bbox 2613 1245 2740 1301; x_wconf 67' lang='lat' dir='ltr'><strong>quae</strong></span> <span class='ocrx_word' id='word_1_169' title='bbox 2773 1231 2960 1302; x_wconf 67' lang='lat' dir='ltr'><strong>dignae</strong></span> <span class='ocrx_word' id='word_1_170' title='bbox 2992 1237 3150 1300; x_wconf 88' lang='lat' dir='ltr'><strong>sunt,</strong></span> <span class='ocrx_word' id='word_1_171' title='bbox 3177 1235 3249 1288; x_wconf 88' lang='lat' dir='ltr'><strong>ob</strong></span> <span class='ocrx_word' id='word_1_172' title='bbox 3272 1251 3390 1290; x_wconf 72' lang='lat' dir='ltr'><strong>suae</strong></span> <span class='ocrx_word' id='word_1_173' title='bbox 3425 1236 3704 1292; x_wconf 88' lang='lat' dir='ltr'><strong>meritum</strong></span> 
     </span>
    </p>
   </div>
   <div class='ocr_carea' id='block_1_27' title="bbox 2053 1315 3713 1394">
    <p class='ocr_par' dir='ltr' id='par_1_27' title="bbox 2053 1315 3713 1394">
     <span class='ocr_line' id='line_1_27' title="bbox 2053 1315 3713 1394; baseline 0.007 -24"><span class='ocrx_word' id='word_1_174' title='bbox 2053 1315 2693 1387; x_wconf 84' lang='lat' dir='ltr'><strong>puritatis,decentibus</strong></span> <span class='ocrx_word' id='word_1_175' title='bbox 2717 1318 3008 1376; x_wconf 85' lang='lat' dir='ltr'><strong>celebrare</strong></span> <span class='ocrx_word' id='word_1_176' title='bbox 3029 1321 3302 1379; x_wconf 89' lang='lat' dir='ltr'><strong>laudibus</strong></span> <span class='ocrx_word' id='word_1_177' title='bbox 3321 1325 3713 1394; x_wconf 61' lang='lat' dir='ltr'><strong>Conditorem,</strong></span> 
     </span>
    </p>
   </div>
   <div class='ocr_carea' id='block_1_28' title="bbox 2056 1405 3714 1484">
    <p class='ocr_par' dir='ltr' id='par_1_28' title="bbox 2056 1405 3714 1484">
     <span class='ocr_line' id='line_1_28' title="bbox 2056 1405 3714 1484; baseline 0.007 -24"><span class='ocrx_word' id='word_1_178' title='bbox 2056 1405 2164 1460; x_wconf 86' lang='lat' dir='ltr'><strong>Eas</strong></span> <span class='ocrx_word' id='word_1_179' title='bbox 2193 1421 2325 1460; x_wconf 89' lang='lat' dir='ltr'><strong>vero</strong></span> <span class='ocrx_word' id='word_1_180' title='bbox 2375 1423 2503 1476; x_wconf 74' lang='lat' dir='ltr'><strong>quae</strong></span> <span class='ocrx_word' id='word_1_181' title='bbox 2552 1409 2929 1464; x_wconf 86' lang='lat' dir='ltr'><strong>continentur</strong></span> <span class='ocrx_word' id='word_1_182' title='bbox 2976 1411 3244 1483; x_wconf 73' lang='lat' dir='ltr'><strong>inferius,</strong></span> <span class='ocrx_word' id='word_1_183' title='bbox 3287 1413 3531 1484; x_wconf 80' lang='lat' dir='ltr'><strong>Spiritus</strong></span> <span class='ocrx_word' id='word_1_184' title='bbox 3582 1431 3714 1471; x_wconf 87' lang='lat' dir='ltr'><strong>esse</strong></span> 
     </span>
    </p>
   </div>
   <div class='ocr_carea' id='block_1_29' title="bbox 2057 1493 3712 1576">
    <p class='ocr_par' dir='ltr' id='par_1_29' title="bbox 2057 1493 3712 1576">
     <span class='ocr_line' id='line_1_29' title="bbox 2057 1493 3712 1576; baseline 0.007 -28"><span class='ocrx_word' id='word_1_185' title='bbox 2057 1493 2357 1567; x_wconf 81' lang='lat' dir='ltr'><strong>pravitatis</strong></span> <span class='ocrx_word' id='word_1_186' title='bbox 2411 1494 2710 1550; x_wconf 83' lang='lat' dir='ltr'><strong>affirmant</strong></span> <span class='ocrx_word' id='word_1_187' title='bbox 2761 1513 2828 1552; x_wconf 88' lang='lat' dir='ltr'><strong>ex</strong></span> <span class='ocrx_word' id='word_1_188' title='bbox 2859 1497 3169 1555; x_wconf 87' lang='lat' dir='ltr'><strong>altitudine</strong></span> <span class='ocrx_word' id='word_1_189' title='bbox 3203 1502 3455 1556; x_wconf 87' lang='lat' dir='ltr'><strong>naturali</strong></span> <span class='ocrx_word' id='word_1_190' title='bbox 3483 1503 3544 1558; x_wconf 90' lang='lat' dir='ltr'><strong>in</strong></span> <span class='ocrx_word' id='word_1_191' title='bbox 3576 1519 3712 1576; x_wconf 89' lang='lat' dir='ltr'><strong>pro-</strong></span> 
     </span>
    </p>
   </div>
   <div class='ocr_carea' id='block_1_30' title="bbox 2057 1581 3713 1658">
    <p class='ocr_par' dir='ltr' id='par_1_30' title="bbox 2057 1581 3713 1658">
     <span class='ocr_line' id='line_1_30' title="bbox 2057 1581 3713 1658; baseline 0.006 -20"><span class='ocrx_word' id='word_1_192' title='bbox 2057 1583 2299 1638; x_wconf 91' lang='lat' dir='ltr'><strong>fondum</strong></span> <span class='ocrx_word' id='word_1_193' title='bbox 2334 1581 2570 1638; x_wconf 60' lang='lat' dir='ltr'><strong>malitia</strong></span> <span class='ocrx_word' id='word_1_194' title='bbox 2602 1584 2922 1656; x_wconf 86' lang='lat' dir='ltr'><strong>devolutos,</strong></span> <span class='ocrx_word' id='word_1_195' title='bbox 2949 1605 3095 1658; x_wconf 91' lang='lat' dir='ltr'><strong>quos</strong></span> <span class='ocrx_word' id='word_1_196' title='bbox 3126 1595 3191 1644; x_wconf 88' lang='lat' dir='ltr'><strong>ut</strong></span> <span class='ocrx_word' id='word_1_197' title='bbox 3224 1591 3509 1657; x_wconf 90' lang='lat' dir='ltr'><strong>turbidos,</strong></span> <span class='ocrx_word' id='word_1_198' title='bbox 3535 1608 3600 1648; x_wconf 90' lang='lat' dir='ltr'><strong>ac</strong></span> <span class='ocrx_word' id='word_1_199' title='bbox 3622 1609 3713 1648; x_wconf 90' lang='lat' dir='ltr'><strong>se-</strong></span> 
     </span>
    </p>
   </div>
   <div class='ocr_carea' id='block_1_31' title="bbox 2059 1672 3714 1750">
    <p class='ocr_par' dir='ltr' id='par_1_31' title="bbox 2059 1672 3714 1750">
     <span class='ocr_line' id='line_1_31' title="bbox 2059 1672 3714 1750; baseline 0.004 -22"><span class='ocrx_word' id='word_1_200' title='bbox 2059 1673 2324 1740; x_wconf 88' lang='lat' dir='ltr'><strong>ditiosos,</strong></span> <span class='ocrx_word' id='word_1_201' title='bbox 2359 1676 2414 1727; x_wconf 86' lang='lat' dir='ltr'><strong>et</strong></span> <span class='ocrx_word' id='word_1_202' title='bbox 2441 1672 2711 1728; x_wconf 89' lang='lat' dir='ltr'><strong>vitiorum</strong></span> <span class='ocrx_word' id='word_1_203' title='bbox 2745 1676 3097 1733; x_wconf 88' lang='lat' dir='ltr'><strong>tumultibus</strong></span> <span class='ocrx_word' id='word_1_204' title='bbox 3145 1678 3517 1750; x_wconf 87' lang='lat' dir='ltr'><strong>ﬂuctuantes,</strong></span> <span class='ocrx_word' id='word_1_205' title='bbox 3552 1697 3714 1736; x_wconf 88' lang='lat' dir='ltr'><strong>mare</strong></span> 
     </span>
    </p>
   </div>
   <div class='ocr_carea' id='block_1_32' title="bbox 2061 1760 3715 1837">
    <p class='ocr_par' dir='ltr' id='par_1_32' title="bbox 2061 1760 3715 1837">
     <span class='ocr_line' id='line_1_32' title="bbox 2061 1760 3715 1837; baseline 0.005 -21"><span class='ocrx_word' id='word_1_206' title='bbox 2061 1765 2296 1834; x_wconf 88' lang='lat' dir='ltr'><strong>propter</strong></span> <span class='ocrx_word' id='word_1_207' title='bbox 2314 1760 2654 1817; x_wconf 86' lang='lat' dir='ltr'><strong>varietatem</strong></span> <span class='ocrx_word' id='word_1_208' title='bbox 2678 1763 2768 1817; x_wconf 90' lang='lat' dir='ltr'><strong>sui</strong></span> <span class='ocrx_word' id='word_1_209' title='bbox 2802 1766 3107 1837; x_wconf 86' lang='lat' dir='ltr'><strong>propositi,</strong></span> <span class='ocrx_word' id='word_1_210' title='bbox 3130 1768 3278 1837; x_wconf 89' lang='lat' dir='ltr'><strong>quod</strong></span> <span class='ocrx_word' id='word_1_211' title='bbox 3303 1771 3602 1824; x_wconf 83' lang='lat' dir='ltr'><strong>metamur</strong></span> <span class='ocrx_word' id='word_1_212' title='bbox 3622 1786 3715 1824; x_wconf 88' lang='lat' dir='ltr'><strong>as-</strong></span> 
     </span>
    </p>
   </div>
   <div class='ocr_carea' id='block_1_33' title="bbox 285 1849 3718 1956">
    <p class='ocr_par' dir='ltr' id='par_1_33' title="bbox 285 1849 3718 1956">
     <span class='ocr_line' id='line_1_33' title="bbox 285 1849 3718 1956; baseline 0 -44"><span class='ocrx_word' id='word_1_213' title='bbox 285 1856 508 1913; x_wconf 83' lang='lat' dir='ltr'><strong>neratio</strong></span> <span class='ocrx_word' id='word_1_214' title='bbox 534 1872 548 1922; x_wconf 89' lang='lat'><strong>;</strong></span> <span class='ocrx_word' id='word_1_215' title='bbox 599 1869 733 1908; x_wconf 91' lang='lat' dir='ltr'><strong>cum</strong></span> <span class='ocrx_word' id='word_1_216' title='bbox 773 1868 908 1906; x_wconf 89' lang='lat' dir='ltr'><strong>vero</strong></span> <span class='ocrx_word' id='word_1_217' title='bbox 957 1850 1131 1905; x_wconf 83' lang='lat' dir='ltr'><strong>fuerit</strong></span> <span class='ocrx_word' id='word_1_218' title='bbox 1162 1851 1547 1922; x_wconf 88' lang='lat' dir='ltr'><strong>despumatus</strong></span> <span class='ocrx_word' id='word_1_219' title='bbox 1580 1849 1812 1919; x_wconf 90' lang='lat' dir='ltr'><strong>humor,</strong></span> <span class='ocrx_word' id='word_1_220' title='bbox 1845 1851 1947 1906; x_wconf 76' lang='lat' dir='ltr'><strong>ﬂa&#39;</strong></span> <span class='ocrx_word' id='word_1_221' title='bbox 1975 1891 2024 1956; x_wconf 80' lang='grc' dir='ltr'><strong>Β</strong></span> <span class='ocrx_word' id='word_1_222' title='bbox 2063 1851 2250 1919; x_wconf 91' lang='lat' dir='ltr'><strong>sidue,</strong></span> <span class='ocrx_word' id='word_1_223' title='bbox 2273 1855 2662 1921; x_wconf 90' lang='lat' dir='ltr'><strong>nuncupatos.</strong></span> <span class='ocrx_word' id='word_1_224' title='bbox 2686 1852 2794 1907; x_wconf 87' lang='lat' dir='ltr'><strong>Sed</strong></span> <span class='ocrx_word' id='word_1_225' title='bbox 2821 1871 2925 1908; x_wconf 90' lang='lat' dir='ltr'><strong>nos</strong></span> <span class='ocrx_word' id='word_1_226' title='bbox 2954 1853 3298 1926; x_wconf 87' lang='lat' dir='ltr'><strong>hujusmodi</strong></span> <span class='ocrx_word' id='word_1_227' title='bbox 3319 1867 3718 1924; x_wconf 87' lang='lat' dir='ltr'><strong>sermones,ut</strong></span> 
     </span>
    </p>
   </div>
   <div class='ocr_carea' id='block_1_34' title="bbox 281 1939 1946 2012">
    <p class='ocr_par' dir='ltr' id='par_1_34' title="bbox 281 1939 1946 2012">
     <span class='ocr_line' id='line_1_34' title="bbox 281 1939 1946 2012; baseline -0.004 -12"><span class='ocrx_word' id='word_1_228' title='bbox 281 1946 523 2000; x_wconf 89' lang='lat' dir='ltr'><strong>brorum</strong></span> <span class='ocrx_word' id='word_1_229' title='bbox 571 1939 846 1997; x_wconf 89' lang='lat' dir='ltr'><strong>violentia</strong></span> <span class='ocrx_word' id='word_1_230' title='bbox 898 1955 1309 2012; x_wconf 87' lang='lat' dir='ltr'><strong>repercussus,</strong></span> <span class='ocrx_word' id='word_1_231' title='bbox 1342 1955 1476 1994; x_wconf 93' lang='lat' dir='ltr'><strong>cum</strong></span> <span class='ocrx_word' id='word_1_232' title='bbox 1531 1939 1743 2010; x_wconf 80' lang='lat' dir='ltr'><strong>frigore</strong></span> <span class='ocrx_word' id='word_1_233' title='bbox 1771 1939 1946 1994; x_wconf 87' lang='lat' dir='ltr'><strong>vehe-</strong></span> 
     </span>
    </p>
   </div>
   <div class='ocr_carea' id='block_1_35' title="bbox 285 2026 1952 2099">
    <p class='ocr_par' dir='ltr' id='par_1_35' title="bbox 285 2026 1952 2099">
     <span class='ocr_line' id='line_1_35' title="bbox 285 2026 1952 2099; baseline -0.003 -11"><span class='ocrx_word' id='word_1_234' title='bbox 285 2032 541 2088; x_wconf 88' lang='lat' dir='ltr'><strong>mentius</strong></span> <span class='ocrx_word' id='word_1_235' title='bbox 591 2029 937 2094; x_wconf 87' lang='lat' dir='ltr'><strong>indurescit,</strong></span> <span class='ocrx_word' id='word_1_236' title='bbox 985 2028 1274 2085; x_wconf 80' lang='lat' dir='ltr'><strong>concretis</strong></span> <span class='ocrx_word' id='word_1_237' title='bbox 1327 2026 1580 2093; x_wconf 84' lang='lat' dir='ltr'><strong>nebulis,</strong></span> <span class='ocrx_word' id='word_1_238' title='bbox 1631 2027 1729 2082; x_wconf 84' lang='lat' dir='ltr'><strong>nix</strong></span> <span class='ocrx_word' id='word_1_239' title='bbox 1759 2027 1952 2099; x_wconf 86' lang='lat' dir='ltr'><strong>gelata</strong></span> 
     </span>
    </p>
   </div>
   <div class='ocr_carea' id='block_1_36' title="bbox 283 2117 1950 2189">
    <p class='ocr_par' dir='ltr' id='par_1_36' title="bbox 283 2117 1950 2189">
     <span class='ocr_line' id='line_1_36' title="bbox 283 2117 1950 2189; baseline -0.005 -9"><span class='ocrx_word' id='word_1_240' title='bbox 283 2123 543 2180; x_wconf 80' lang='lat' dir='ltr'><strong>defertur</strong></span> <span class='ocrx_word' id='word_1_241' title='bbox 571 2121 642 2175; x_wconf 86' lang='lat' dir='ltr'><strong>ad</strong></span> <span class='ocrx_word' id='word_1_242' title='bbox 677 2127 909 2175; x_wconf 88' lang='lat' dir='ltr'><strong>terram.</strong></span> <span class='ocrx_word' id='word_1_243' title='bbox 943 2121 1010 2173; x_wconf 86' lang='lat' dir='ltr'><strong>Et</strong></span> <span class='ocrx_word' id='word_1_244' title='bbox 1052 2117 1292 2172; x_wconf 88' lang='lat' dir='ltr'><strong>omnino</strong></span> <span class='ocrx_word' id='word_1_245' title='bbox 1323 2117 1399 2189; x_wconf 75' lang='grc' dir='ltr'><strong>(ὁ)</strong></span> <span class='ocrx_word' id='word_1_246' title='bbox 1431 2117 1756 2172; x_wconf 89' lang='lat' dir='ltr'><strong>secundum</strong></span> <span class='ocrx_word' id='word_1_247' title='bbox 1789 2117 1950 2188; x_wconf 86' lang='lat' dir='ltr'><strong>ejus-</strong></span> 
     </span>
    </p>
   </div>
   <div class='ocr_carea' id='block_1_37' title="bbox 296 2206 1950 2278">
    <p class='ocr_par' dir='ltr' id='par_1_37' title="bbox 296 2206 1950 2278">
     <span class='ocr_line' id='line_1_37' title="bbox 296 2206 1950 2278; baseline -0.005 -10"><span class='ocrx_word' id='word_1_248' title='bbox 296 2211 454 2268; x_wconf 88' lang='lat' dir='ltr'><strong>modi</strong></span> <span class='ocrx_word' id='word_1_249' title='bbox 487 2209 794 2276; x_wconf 89' lang='lat' dir='ltr'><strong>rationem,</strong></span> <span class='ocrx_word' id='word_1_250' title='bbox 824 2207 959 2263; x_wconf 85' lang='lat' dir='ltr'><strong>licet</strong></span> <span class='ocrx_word' id='word_1_251' title='bbox 985 2206 1092 2261; x_wconf 91' lang='lat' dir='ltr'><strong>tibi</strong></span> <span class='ocrx_word' id='word_1_252' title='bbox 1124 2221 1358 2262; x_wconf 93' lang='lat' dir='ltr'><strong>omnem</strong></span> <span class='ocrx_word' id='word_1_253' title='bbox 1391 2222 1681 2277; x_wconf 85' lang='lat' dir='ltr'><strong>aquarum</strong></span> <span class='ocrx_word' id='word_1_254' title='bbox 1712 2221 1950 2278; x_wconf 87' lang='lat' dir='ltr'><strong>exspec-</strong></span> 
     </span>
    </p>
   </div>
   <div class='ocr_carea' id='block_1_38' title="bbox 293 2294 1952 2367">
    <p class='ocr_par' dir='ltr' id='par_1_38' title="bbox 293 2294 1952 2367">
     <span class='ocr_line' id='line_1_38' title="bbox 293 2294 1952 2367; baseline -0.004 -11"><span class='ocrx_word' id='word_1_255' title='bbox 293 2306 415 2356; x_wconf 87' lang='lat' dir='ltr'><strong>tare</strong></span> <span class='ocrx_word' id='word_1_256' title='bbox 448 2303 746 2367; x_wconf 81' lang='lat' dir='ltr'><strong>naturam,</strong></span> <span class='ocrx_word' id='word_1_257' title='bbox 781 2296 1072 2367; x_wconf 89' lang='lat' dir='ltr'><strong>quomodo</strong></span> <span class='ocrx_word' id='word_1_258' title='bbox 1129 2294 1352 2350; x_wconf 90' lang='lat' dir='ltr'><strong>circum</strong></span> <span class='ocrx_word' id='word_1_259' title='bbox 1402 2310 1594 2350; x_wconf 87' lang='lat' dir='ltr'><strong>aerem</strong></span> <span class='ocrx_word' id='word_1_260' title='bbox 1645 2295 1742 2365; x_wconf 93' lang='lat' dir='ltr'><strong>qui</strong></span> <span class='ocrx_word' id='word_1_261' title='bbox 1778 2311 1952 2366; x_wconf 88' lang='lat' dir='ltr'><strong>super</strong></span> 
     </span>
    </p>
   </div>
   <div class='ocr_carea' id='block_1_39' title="bbox 296 2383 1953 2460">
    <p class='ocr_par' dir='ltr' id='par_1_39' title="bbox 296 2383 1953 2460">
     <span class='ocr_line' id='line_1_39' title="bbox 296 2383 1953 2460; baseline -0.004 -15"><span class='ocrx_word' id='word_1_262' title='bbox 296 2405 400 2444; x_wconf 88' lang='lat' dir='ltr'><strong>nos</strong></span> <span class='ocrx_word' id='word_1_263' title='bbox 450 2390 899 2460; x_wconf 84' lang='lat' dir='ltr'><strong>congregantur.</strong></span> <span class='ocrx_word' id='word_1_264' title='bbox 933 2383 1143 2440; x_wconf 87' lang='lat' dir='ltr'><strong>Nullus</strong></span> <span class='ocrx_word' id='word_1_265' title='bbox 1206 2388 1405 2439; x_wconf 90' lang='lat' dir='ltr'><strong>tamen</strong></span> <span class='ocrx_word' id='word_1_266' title='bbox 1456 2383 1953 2456; x_wconf 87' lang='lat' dir='ltr'><strong>argumentationi</strong></span> 
     </span>
    </p>
   </div>
   <div class='ocr_carea' id='block_1_40' title="bbox 292 2472 1953 2547">
    <p class='ocr_par' dir='ltr' id='par_1_40' title="bbox 292 2472 1953 2547">
     <span class='ocr_line' id='line_1_40' title="bbox 292 2472 1953 2547; baseline -0.004 -14"><span class='ocrx_word' id='word_1_267' title='bbox 292 2494 498 2533; x_wconf 89' lang='lat' dir='ltr'><strong>eorum</strong></span> <span class='ocrx_word' id='word_1_268' title='bbox 524 2476 619 2547; x_wconf 90' lang='lat' dir='ltr'><strong>qui</strong></span> <span class='ocrx_word' id='word_1_269' title='bbox 653 2476 726 2530; x_wconf 92' lang='lat' dir='ltr'><strong>de</strong></span> <span class='ocrx_word' id='word_1_270' title='bbox 754 2474 895 2530; x_wconf 80' lang='lat' dir='ltr'><strong>ccelo</strong></span> <span class='ocrx_word' id='word_1_271' title='bbox 927 2474 1258 2546; x_wconf 83' lang='lat' dir='ltr'><strong>disputant,</strong></span> <span class='ocrx_word' id='word_1_272' title='bbox 1291 2472 1730 2546; x_wconf 87' lang='lat' dir='ltr'><strong>simplicitatem</strong></span> <span class='ocrx_word' id='word_1_273' title='bbox 1778 2473 1953 2546; x_wconf 89' lang='lat' dir='ltr'><strong>spiri-</strong></span> 
     </span>
    </p>
   </div>
   <div class='ocr_carea' id='block_1_41' title="bbox 291 2561 1952 2637">
    <p class='ocr_par' dir='ltr' id='par_1_41' title="bbox 291 2561 1952 2637">
     <span class='ocr_line' id='line_1_41' title="bbox 291 2561 1952 2637; baseline -0.002 -15"><span class='ocrx_word' id='word_1_274' title='bbox 291 2565 540 2623; x_wconf 86' lang='lat' dir='ltr'><strong>tualium</strong></span> <span class='ocrx_word' id='word_1_275' title='bbox 563 2565 630 2637; x_wconf 88' lang='lat' dir='ltr'><strong>(c)</strong></span> <span class='ocrx_word' id='word_1_276' title='bbox 653 2565 796 2620; x_wconf 87' lang='lat' dir='ltr'><strong>velit</strong></span> <span class='ocrx_word' id='word_1_277' title='bbox 815 2563 1079 2620; x_wconf 88' lang='lat' dir='ltr'><strong>conferre</strong></span> <span class='ocrx_word' id='word_1_278' title='bbox 1103 2579 1463 2618; x_wconf 89' lang='lat' dir='ltr'><strong>sermonum.</strong></span> <span class='ocrx_word' id='word_1_279' title='bbox 1481 2561 1776 2627; x_wconf 87' lang='lat' dir='ltr'><strong>Quantum</strong></span> <span class='ocrx_word' id='word_1_280' title='bbox 1795 2561 1952 2619; x_wconf 91' lang='lat' dir='ltr'><strong>enim</strong></span> 
     </span>
    </p>
   </div>
   <div class='ocr_carea' id='block_1_42' title="bbox 293 2651 1953 2724">
    <p class='ocr_par' dir='ltr' id='par_1_42' title="bbox 293 2651 1953 2724">
     <span class='ocr_line' id='line_1_42' title="bbox 293 2651 1953 2724; baseline -0.002 -14"><span class='ocrx_word' id='word_1_281' title='bbox 293 2660 448 2711; x_wconf 89' lang='lat' dir='ltr'><strong>recte</strong></span> <span class='ocrx_word' id='word_1_282' title='bbox 477 2652 795 2709; x_wconf 88' lang='lat' dir='ltr'><strong>viventium</strong></span> <span class='ocrx_word' id='word_1_283' title='bbox 829 2653 1145 2707; x_wconf 86' lang='lat' dir='ltr'><strong>mulierum</strong></span> <span class='ocrx_word' id='word_1_284' title='bbox 1181 2651 1557 2724; x_wconf 90' lang='lat' dir='ltr'><strong>pulchritudo</strong></span> <span class='ocrx_word' id='word_1_285' title='bbox 1609 2651 1953 2707; x_wconf 65' lang='lat' dir='ltr'><strong>meretriciae</strong></span> 
     </span>
    </p>
   </div>
   <div class='ocr_carea' id='block_1_43' title="bbox 295 2741 1954 2815">
    <p class='ocr_par' dir='ltr' id='par_1_43' title="bbox 295 2741 1954 2815">
     <span class='ocr_line' id='line_1_43' title="bbox 295 2741 1954 2815; baseline -0.002 -15"><span class='ocrx_word' id='word_1_286' title='bbox 295 2741 643 2800; x_wconf 83' lang='lat' dir='ltr'><strong>formositati</strong></span> <span class='ocrx_word' id='word_1_287' title='bbox 674 2741 1296 2815; x_wconf 75' lang='lat' dir='ltr'><strong>przeponitur,tantum</strong></span> <span class='ocrx_word' id='word_1_288' title='bbox 1320 2745 1518 2796; x_wconf 88' lang='lat' dir='ltr'><strong>noster</strong></span> <span class='ocrx_word' id='word_1_289' title='bbox 1547 2757 1740 2798; x_wconf 89' lang='lat' dir='ltr'><strong>sermo</strong></span> <span class='ocrx_word' id='word_1_290' title='bbox 1771 2758 1954 2796; x_wconf 67' lang='lat' dir='ltr'><strong>saecu-</strong></span> 
     </span>
    </p>
   </div>
   <div class='ocr_carea' id='block_1_44' title="bbox 292 2829 1953 2904">
    <p class='ocr_par' dir='ltr' id='par_1_44' title="bbox 292 2829 1953 2904">
     <span class='ocr_line' id='line_1_44' title="bbox 292 2829 1953 2904; baseline -0.002 -14"><span class='ocrx_word' id='word_1_291' title='bbox 292 2834 402 2890; x_wconf 87' lang='lat' dir='ltr'><strong>lari</strong></span> <span class='ocrx_word' id='word_1_292' title='bbox 432 2833 694 2889; x_wconf 88' lang='lat' dir='ltr'><strong>noscitur</strong></span> <span class='ocrx_word' id='word_1_293' title='bbox 725 2832 1004 2904; x_wconf 71' lang='lat' dir='ltr'><strong>praelatus</strong></span> <span class='ocrx_word' id='word_1_294' title='bbox 1035 2848 1164 2887; x_wconf 88' lang='lat' dir='ltr'><strong>esse</strong></span> <span class='ocrx_word' id='word_1_295' title='bbox 1195 2830 1492 2887; x_wconf 64' lang='lat' dir='ltr'><strong>doctrinae.</strong></span> <span class='ocrx_word' id='word_1_296' title='bbox 1532 2829 1621 2886; x_wconf 85' lang='lat' dir='ltr'><strong>Illi</strong></span> <span class='ocrx_word' id='word_1_297' title='bbox 1655 2831 1810 2886; x_wconf 89' lang='lat' dir='ltr'><strong>enim</strong></span> <span class='ocrx_word' id='word_1_298' title='bbox 1855 2847 1953 2886; x_wconf 89' lang='lat' dir='ltr'><strong>co-</strong></span> 
     </span>
    </p>
   </div>
   <div class='ocr_carea' id='block_1_45' title="bbox 300 2918 1954 2987">
    <p class='ocr_par' dir='ltr' id='par_1_45' title="bbox 300 2918 1954 2987">
     <span class='ocr_line' id='line_1_45' title="bbox 300 2918 1954 2987; baseline -0.003 -9"><span class='ocrx_word' id='word_1_299' title='bbox 300 2927 491 2978; x_wconf 88' lang='lat' dir='ltr'><strong>actam</strong></span> <span class='ocrx_word' id='word_1_300' title='bbox 517 2921 707 2977; x_wconf 89' lang='lat' dir='ltr'><strong>verbis</strong></span> <span class='ocrx_word' id='word_1_301' title='bbox 723 2919 1057 2976; x_wconf 89' lang='lat' dir='ltr'><strong>suasionem</strong></span> <span class='ocrx_word' id='word_1_302' title='bbox 1085 2918 1242 2975; x_wconf 88' lang='lat' dir='ltr'><strong>soliti</strong></span> <span class='ocrx_word' id='word_1_303' title='bbox 1271 2924 1412 2975; x_wconf 88' lang='lat' dir='ltr'><strong>sunt</strong></span> <span class='ocrx_word' id='word_1_304' title='bbox 1443 2921 1648 2974; x_wconf 73' lang='lat' dir='ltr'><strong>afferre</strong></span> <span class='ocrx_word' id='word_1_305' title='bbox 1674 2937 1688 2987; x_wconf 89' lang='lat'><strong>;</strong></span> <span class='ocrx_word' id='word_1_306' title='bbox 1723 2936 1830 2975; x_wconf 91' lang='lat' dir='ltr'><strong>nos</strong></span> <span class='ocrx_word' id='word_1_307' title='bbox 1852 2936 1954 2973; x_wconf 89' lang='lat' dir='ltr'><strong>au-</strong></span> 
     </span>
    </p>
   </div>
   <div class='ocr_carea' id='block_1_46' title="bbox 295 3008 1953 3082">
    <p class='ocr_par' dir='ltr' id='par_1_46' title="bbox 295 3008 1953 3082">
     <span class='ocr_line' id='line_1_46' title="bbox 295 3008 1953 3082; baseline -0.002 -15"><span class='ocrx_word' id='word_1_308' title='bbox 295 3019 413 3067; x_wconf 90' lang='lat' dir='ltr'><strong>tem</strong></span> <span class='ocrx_word' id='word_1_309' title='bbox 449 3011 665 3066; x_wconf 86' lang='lat' dir='ltr'><strong>nudam</strong></span> <span class='ocrx_word' id='word_1_310' title='bbox 700 3009 774 3082; x_wconf 86' lang='lat' dir='ltr'><strong>(d)</strong></span> <span class='ocrx_word' id='word_1_311' title='bbox 825 3008 1062 3065; x_wconf 86' lang='lat' dir='ltr'><strong>fallendi</strong></span> <span class='ocrx_word' id='word_1_312' title='bbox 1094 3009 1448 3081; x_wconf 82' lang='lat' dir='ltr'><strong>proferimus</strong></span> <span class='ocrx_word' id='word_1_313' title='bbox 1480 3009 1806 3064; x_wconf 88' lang='lat' dir='ltr'><strong>veritatem.</strong></span> <span class='ocrx_word' id='word_1_314' title='bbox 1842 3008 1953 3064; x_wconf 89' lang='lat' dir='ltr'><strong>Sed</strong></span> 
     </span>
    </p>
   </div>
   <div class='ocr_carea' id='block_1_47' title="bbox 297 3097 1956 3173">
    <p class='ocr_par' dir='ltr' id='par_1_47' title="bbox 297 3097 1956 3173">
     <span class='ocr_line' id='line_1_47' title="bbox 297 3097 1956 3173; baseline -0.001 -18"><span class='ocrx_word' id='word_1_315' title='bbox 297 3101 438 3173; x_wconf 88' lang='lat' dir='ltr'><strong>quid</strong></span> <span class='ocrx_word' id='word_1_316' title='bbox 480 3115 628 3172; x_wconf 86' lang='lat' dir='ltr'><strong>opus</strong></span> <span class='ocrx_word' id='word_1_317' title='bbox 671 3103 762 3154; x_wconf 89' lang='lat' dir='ltr'><strong>est</strong></span> <span class='ocrx_word' id='word_1_318' title='bbox 810 3115 916 3154; x_wconf 90' lang='lat' dir='ltr'><strong>nos</strong></span> <span class='ocrx_word' id='word_1_319' title='bbox 960 3114 1322 3154; x_wconf 90' lang='lat' dir='ltr'><strong>commovere</strong></span> <span class='ocrx_word' id='word_1_320' title='bbox 1372 3103 1688 3166; x_wconf 88' lang='lat' dir='ltr'><strong>certamen,</strong></span> <span class='ocrx_word' id='word_1_321' title='bbox 1723 3097 1956 3153; x_wconf 89' lang='lat' dir='ltr'><strong>illorum</strong></span> 
     </span>
    </p>
   </div>
   <div class='ocr_carea' id='block_1_48' title="bbox 301 3187 1956 3261">
    <p class='ocr_par' dir='ltr' id='par_1_48' title="bbox 301 3187 1956 3261">
     <span class='ocr_line' id='line_1_48' title="bbox 301 3187 1956 3261; baseline -0.002 -15"><span class='ocrx_word' id='word_1_322' title='bbox 301 3190 608 3246; x_wconf 89' lang='lat' dir='ltr'><strong>mendacia</strong></span> <span class='ocrx_word' id='word_1_323' title='bbox 658 3187 1024 3261; x_wconf 90' lang='lat' dir='ltr'><strong>repellentes,</strong></span> <span class='ocrx_word' id='word_1_324' title='bbox 1080 3205 1214 3244; x_wconf 89' lang='lat' dir='ltr'><strong>cum</strong></span> <span class='ocrx_word' id='word_1_325' title='bbox 1278 3187 1573 3260; x_wconf 86' lang='lat' dir='ltr'><strong>possimus</strong></span> <span class='ocrx_word' id='word_1_326' title='bbox 1631 3187 1956 3259; x_wconf 88' lang='lat' dir='ltr'><strong>scripturas</strong></span> 
     </span>
    </p>
   </div>
   <div class='ocr_carea' id='block_1_49' title="bbox 2059 1938 3717 2017">
    <p class='ocr_par' dir='ltr' id='par_1_49' title="bbox 2059 1938 3717 2017">
     <span class='ocr_line' id='line_1_49' title="bbox 2059 1938 3717 2017; baseline 0.005 -23"><span class='ocrx_word' id='word_1_327' title='bbox 2059 1938 2419 1995; x_wconf 90' lang='lat' dir='ltr'><strong>somniorum</strong></span> <span class='ocrx_word' id='word_1_328' title='bbox 2437 1941 2803 2011; x_wconf 85' lang='lat' dir='ltr'><strong>conjecturas</strong></span> <span class='ocrx_word' id='word_1_329' title='bbox 2820 1946 2876 1997; x_wconf 90' lang='lat' dir='ltr'><strong>et</strong></span> <span class='ocrx_word' id='word_1_330' title='bbox 2891 1942 3078 1998; x_wconf 89' lang='lat' dir='ltr'><strong>aniles</strong></span> <span class='ocrx_word' id='word_1_331' title='bbox 3099 1943 3327 2001; x_wconf 86' lang='lat' dir='ltr'><strong>tabulas</strong></span> <span class='ocrx_word' id='word_1_332' title='bbox 3350 1946 3717 2017; x_wconf 85' lang='lat' dir='ltr'><strong>omittentes,</strong></span> 
     </span>
    </p>
   </div>
   <div class='ocr_carea' id='block_1_50' title="bbox 2060 2027 3717 2107">
    <p class='ocr_par' dir='ltr' id='par_1_50' title="bbox 2060 2027 3717 2107">
     <span class='ocr_line' id='line_1_50' title="bbox 2060 2027 3717 2107; baseline 0.005 -24"><span class='ocrx_word' id='word_1_333' title='bbox 2060 2044 2274 2100; x_wconf 90' lang='lat' dir='ltr'><strong>aquam</strong></span> <span class='ocrx_word' id='word_1_334' title='bbox 2307 2027 2730 2100; x_wconf 89' lang='lat' dir='ltr'><strong>intelligamus,</strong></span> <span class='ocrx_word' id='word_1_335' title='bbox 2759 2047 2968 2102; x_wconf 83' lang='lat' dir='ltr'><strong>aquam</strong></span> <span class='ocrx_word' id='word_1_336' title='bbox 2996 2049 3123 2088; x_wconf 87' lang='lat' dir='ltr'><strong>esse</strong></span> <span class='ocrx_word' id='word_1_337' title='bbox 3145 2049 3363 2102; x_wconf 83' lang='lat' dir='ltr'><strong>veram,</strong></span> <span class='ocrx_word' id='word_1_338' title='bbox 3392 2036 3717 2107; x_wconf 86' lang='lat' dir='ltr'><strong>separatio-</strong></span> 
     </span>
    </p>
   </div>
   <div class='ocr_carea' id='block_1_51' title="bbox 2061 2117 3721 2194">
    <p class='ocr_par' dir='ltr' id='par_1_51' title="bbox 2061 2117 3721 2194">
     <span class='ocr_line' id='line_1_51' title="bbox 2061 2117 3721 2194; baseline 0.004 -22"><span class='ocrx_word' id='word_1_339' title='bbox 2061 2132 2314 2188; x_wconf 88' lang='lat' dir='ltr'><strong>nemque</strong></span> <span class='ocrx_word' id='word_1_340' title='bbox 2343 2117 2725 2186; x_wconf 82' lang='lat' dir='ltr'><strong>firmamenti,</strong></span> <span class='ocrx_word' id='word_1_341' title='bbox 2755 2119 2834 2174; x_wconf 88' lang='lat' dir='ltr'><strong>ita</strong></span> <span class='ocrx_word' id='word_1_342' title='bbox 2874 2124 2937 2174; x_wconf 90' lang='lat' dir='ltr'><strong>ut</strong></span> <span class='ocrx_word' id='word_1_343' title='bbox 2987 2121 3287 2192; x_wconf 90' lang='lat' dir='ltr'><strong>Scriptura</strong></span> <span class='ocrx_word' id='word_1_344' title='bbox 3335 2123 3532 2194; x_wconf 87' lang='lat' dir='ltr'><strong>tradit,</strong></span> <span class='ocrx_word' id='word_1_345' title='bbox 3567 2125 3721 2179; x_wconf 90' lang='lat' dir='ltr'><strong>acci-</strong></span> 
     </span>
    </p>
   </div>
   <div class='ocr_carea' id='block_1_52' title="bbox 2061 2207 3719 2279">
    <p class='ocr_par' dir='ltr' id='par_1_52' title="bbox 2061 2207 3719 2279">
     <span class='ocr_line' id='line_1_52' title="bbox 2061 2207 3719 2279; baseline 0.005 -19"><span class='ocrx_word' id='word_1_346' title='bbox 2061 2208 2314 2279; x_wconf 89' lang='lat' dir='ltr'><strong>piamus.</strong></span> <span class='ocrx_word' id='word_1_347' title='bbox 2347 2207 2416 2261; x_wconf 90' lang='lat' dir='ltr'><strong>Et</strong></span> <span class='ocrx_word' id='word_1_348' title='bbox 2446 2207 2494 2262; x_wconf 89' lang='lat' dir='ltr'><strong>si</strong></span> <span class='ocrx_word' id='word_1_349' title='bbox 2535 2208 2770 2279; x_wconf 90' lang='lat' dir='ltr'><strong>quando</strong></span> <span class='ocrx_word' id='word_1_350' title='bbox 2820 2208 3054 2266; x_wconf 91' lang='lat' dir='ltr'><strong>laudem</strong></span> <span class='ocrx_word' id='word_1_351' title='bbox 3104 2211 3402 2266; x_wconf 90' lang='lat' dir='ltr'><strong>communi</strong></span> <span class='ocrx_word' id='word_1_352' title='bbox 3451 2213 3719 2269; x_wconf 88' lang='lat' dir='ltr'><strong>omnium</strong></span> 
     </span>
    </p>
   </div>
   <div class='ocr_carea' id='block_1_53' title="bbox 2061 2294 3718 2371">
    <p class='ocr_par' dir='ltr' id='par_1_53' title="bbox 2061 2294 3718 2371">
     <span class='ocr_line' id='line_1_53' title="bbox 2061 2294 3718 2371; baseline 0.004 -21"><span class='ocrx_word' id='word_1_353' title='bbox 2061 2294 2305 2351; x_wconf 91' lang='lat' dir='ltr'><strong>Domino</strong></span> <span class='ocrx_word' id='word_1_354' title='bbox 2338 2311 2500 2366; x_wconf 84' lang='lat' dir='ltr'><strong>aquae</strong></span> <span class='ocrx_word' id='word_1_355' title='bbox 2533 2295 2806 2352; x_wconf 91' lang='lat' dir='ltr'><strong>dicantur</strong></span> <span class='ocrx_word' id='word_1_356' title='bbox 2836 2299 3060 2365; x_wconf 82' lang='lat' dir='ltr'><strong>oﬂ‘erre,</strong></span> <span class='ocrx_word' id='word_1_357' title='bbox 3085 2315 3198 2354; x_wconf 93' lang='lat' dir='ltr'><strong>non</strong></span> <span class='ocrx_word' id='word_1_358' title='bbox 3223 2300 3294 2353; x_wconf 96' lang='lat' dir='ltr'><strong>ob</strong></span> <span class='ocrx_word' id='word_1_359' title='bbox 3329 2299 3435 2354; x_wconf 90' lang='lat' dir='ltr'><strong>hoc</strong></span> <span class='ocrx_word' id='word_1_360' title='bbox 3459 2300 3536 2371; x_wconf 88' lang='lat' dir='ltr'><strong>(g)</strong></span> <span class='ocrx_word' id='word_1_361' title='bbox 3557 2301 3718 2357; x_wconf 57' lang='lat' dir='ltr'><strong>aesti—</strong></span> 
     </span>
    </p>
   </div>
   <div class='ocr_carea' id='block_1_54' title="bbox 2065 2384 3715 2460">
    <p class='ocr_par' dir='ltr' id='par_1_54' title="bbox 2065 2384 3715 2460">
     <span class='ocr_line' id='line_1_54' title="bbox 2065 2384 3715 2460; baseline 0.004 -22"><span class='ocrx_word' id='word_1_362' title='bbox 2065 2385 2290 2439; x_wconf 72' lang='lat' dir='ltr'><strong>mandae</strong></span> <span class='ocrx_word' id='word_1_363' title='bbox 2323 2389 2462 2440; x_wconf 90' lang='lat' dir='ltr'><strong>sunt</strong></span> <span class='ocrx_word' id='word_1_364' title='bbox 2495 2384 2863 2441; x_wconf 85' lang='lat' dir='ltr'><strong>rationabilis</strong></span> <span class='ocrx_word' id='word_1_365' title='bbox 2892 2403 3020 2442; x_wconf 87' lang='lat' dir='ltr'><strong>esse</strong></span> <span class='ocrx_word' id='word_1_366' title='bbox 3054 2391 3295 2442; x_wconf 72' lang='lat' dir='ltr'><strong>naturae.</strong></span> <span class='ocrx_word' id='word_1_367' title='bbox 3327 2388 3526 2460; x_wconf 92' lang='lat' dir='ltr'><strong>Neque</strong></span> <span class='ocrx_word' id='word_1_368' title='bbox 3557 2390 3715 2445; x_wconf 90' lang='lat' dir='ltr'><strong>enim</strong></span> 
     </span>
    </p>
   </div>
   <div class='ocr_carea' id='block_1_55' title="bbox 2062 2473 3718 2548">
    <p class='ocr_par' dir='ltr' id='par_1_55' title="bbox 2062 2473 3718 2548">
     <span class='ocr_line' id='line_1_55' title="bbox 2062 2473 3718 2548; baseline 0.004 -21"><span class='ocrx_word' id='word_1_369' title='bbox 2062 2473 2196 2544; x_wconf 90' lang='lat' dir='ltr'><strong>quia</strong></span> <span class='ocrx_word' id='word_1_370' title='bbox 2224 2473 2349 2528; x_wconf 69' lang='lat' dir='ltr'><strong>caeli</strong></span> <span class='ocrx_word' id='word_1_371' title='bbox 2377 2483 2648 2530; x_wconf 85' lang='lat' dir='ltr'><strong>enarrant</strong></span> <span class='ocrx_word' id='word_1_372' title='bbox 2676 2475 2909 2546; x_wconf 78' lang='lat' dir='ltr'><strong>gloriam</strong></span> <span class='ocrx_word' id='word_1_373' title='bbox 2943 2477 3232 2548; x_wconf 87' lang='lat' dir='ltr'><strong>Dei(Psat.</strong></span> <span class='ocrx_word' id='word_1_374' title='bbox 3255 2491 3382 2547; x_wconf 84' lang='lat' dir='ltr'><strong>xm,</strong></span> <span class='ocrx_word' id='word_1_375' title='bbox 3415 2477 3488 2548; x_wconf 88' lang='grc'><strong>1),</strong></span> <span class='ocrx_word' id='word_1_376' title='bbox 3525 2479 3718 2534; x_wconf 89' lang='lat' dir='ltr'><strong>modis</strong></span> 
     </span>
    </p>
   </div>
   <div class='ocr_carea' id='block_1_56' title="bbox 2063 2563 3723 2634">
    <p class='ocr_par' dir='ltr' id='par_1_56' title="bbox 2063 2563 3723 2634">
     <span class='ocr_line' id='line_1_56' title="bbox 2063 2563 3723 2634; baseline 0.004 -17"><span class='ocrx_word' id='word_1_377' title='bbox 2063 2564 2336 2618; x_wconf 90' lang='lat' dir='ltr'><strong>omnibus</strong></span> <span class='ocrx_word' id='word_1_378' title='bbox 2368 2563 2612 2618; x_wconf 82' lang='lat' dir='ltr'><strong>animati</strong></span> <span class='ocrx_word' id='word_1_379' title='bbox 2643 2569 2801 2634; x_wconf 82' lang='lat' dir='ltr'><strong>sunt,</strong></span> <span class='ocrx_word' id='word_1_380' title='bbox 2835 2581 2942 2620; x_wconf 89' lang='lat' dir='ltr'><strong>nec</strong></span> <span class='ocrx_word' id='word_1_381' title='bbox 2971 2565 3408 2622; x_wconf 87' lang='lat' dir='ltr'><strong>ﬁrmamentum</strong></span> <span class='ocrx_word' id='word_1_382' title='bbox 3443 2567 3723 2623; x_wconf 89' lang='lat' dir='ltr'><strong>sensibile</strong></span> 
     </span>
    </p>
   </div>
   <div class='ocr_carea' id='block_1_57' title="bbox 2064 2651 3724 2727">
    <p class='ocr_par' dir='ltr' id='par_1_57' title="bbox 2064 2651 3724 2727">
     <span class='ocr_line' id='line_1_57' title="bbox 2064 2651 3724 2727; baseline 0.003 -19"><span class='ocrx_word' id='word_1_383' title='bbox 2064 2651 2283 2708; x_wconf 89' lang='lat' dir='ltr'><strong>animal</strong></span> <span class='ocrx_word' id='word_1_384' title='bbox 2315 2668 2444 2707; x_wconf 89' lang='lat' dir='ltr'><strong>esse</strong></span> <span class='ocrx_word' id='word_1_385' title='bbox 2475 2653 2803 2724; x_wconf 89' lang='lat' dir='ltr'><strong>putandum</strong></span> <span class='ocrx_word' id='word_1_386' title='bbox 2853 2660 2962 2722; x_wconf 90' lang='lat' dir='ltr'><strong>est,</strong></span> <span class='ocrx_word' id='word_1_387' title='bbox 2999 2654 3134 2726; x_wconf 86' lang='lat' dir='ltr'><strong>quia</strong></span> <span class='ocrx_word' id='word_1_388' title='bbox 3164 2657 3417 2712; x_wconf 82' lang='lat' dir='ltr'><strong>enuntiat</strong></span> <span class='ocrx_word' id='word_1_389' title='bbox 3441 2659 3724 2727; x_wconf 80' lang='lat' dir='ltr'><strong>facturam</strong></span> 
     </span>
    </p>
   </div>
   <div class='ocr_carea' id='block_1_58' title="bbox 2063 2742 3720 2817">
    <p class='ocr_par' dir='ltr' id='par_1_58' title="bbox 2063 2742 3720 2817">
     <span class='ocr_line' id='line_1_58' title="bbox 2063 2742 3720 2817; baseline 0.003 -21"><span class='ocrx_word' id='word_1_390' title='bbox 2063 2757 2329 2796; x_wconf 86' lang='lat' dir='ltr'><strong>manuum</strong></span> <span class='ocrx_word' id='word_1_391' title='bbox 2357 2756 2608 2797; x_wconf 85' lang='lat' dir='ltr'><strong>suarum.</strong></span> <span class='ocrx_word' id='word_1_392' title='bbox 2642 2743 2804 2807; x_wconf 88' lang='lat' dir='ltr'><strong>Quod</strong></span> <span class='ocrx_word' id='word_1_393' title='bbox 2836 2742 2944 2798; x_wconf 89' lang='lat' dir='ltr'><strong>etsi</strong></span> <span class='ocrx_word' id='word_1_394' title='bbox 2976 2743 3188 2800; x_wconf 82' lang='lat' dir='ltr'><strong>dixerit</strong></span> <span class='ocrx_word' id='word_1_395' title='bbox 3218 2745 3720 2817; x_wconf 76' lang='lat' dir='ltr'><strong>quispiam,cmlos</strong></span> 
     </span>
    </p>
   </div>
   <div class='ocr_carea' id='block_1_59' title="bbox 2067 2830 3720 2903">
    <p class='ocr_par' dir='ltr' id='par_1_59' title="bbox 2067 2830 3720 2903">
     <span class='ocr_line' id='line_1_59' title="bbox 2067 2830 3720 2903; baseline 0.004 -19"><span class='ocrx_word' id='word_1_396' title='bbox 2067 2830 2144 2901; x_wconf 74' lang='grc' dir='ltr'><strong>(ἡ)</strong></span> <span class='ocrx_word' id='word_1_397' title='bbox 2175 2830 2413 2901; x_wconf 80' lang='lat' dir='ltr'><strong>quidem</strong></span> <span class='ocrx_word' id='word_1_398' title='bbox 2445 2830 2923 2902; x_wconf 87' lang='lat' dir='ltr'><strong>contemplabiles</strong></span> <span class='ocrx_word' id='word_1_399' title='bbox 2951 2849 3080 2889; x_wconf 90' lang='lat' dir='ltr'><strong>esse</strong></span> <span class='ocrx_word' id='word_1_400' title='bbox 3109 2834 3720 2903; x_wconf 84' lang='lat' dir='ltr'><strong>virtutes,ﬁrmamen-</strong></span> 
     </span>
    </p>
   </div>
   <div class='ocr_carea' id='block_1_60' title="bbox 2064 2919 3715 2994">
    <p class='ocr_par' dir='ltr' id='par_1_60' title="bbox 2064 2919 3715 2994">
     <span class='ocr_line' id='line_1_60' title="bbox 2064 2919 3715 2994; baseline 0.003 -21"><span class='ocrx_word' id='word_1_401' title='bbox 2064 2925 2190 2974; x_wconf 92' lang='lat' dir='ltr'><strong>tum</strong></span> <span class='ocrx_word' id='word_1_402' title='bbox 2213 2922 2406 2974; x_wconf 87' lang='lat' dir='ltr'><strong>autem</strong></span> <span class='ocrx_word' id='word_1_403' title='bbox 2432 2919 2725 2976; x_wconf 83' lang='lat' dir='ltr'><strong>factricem</strong></span> <span class='ocrx_word' id='word_1_404' title='bbox 2748 2920 2847 2976; x_wconf 90' lang='lat' dir='ltr'><strong>Dei</strong></span> <span class='ocrx_word' id='word_1_405' title='bbox 2867 2921 3208 2992; x_wconf 89' lang='lat' dir='ltr'><strong>potentiam,</strong></span> <span class='ocrx_word' id='word_1_406' title='bbox 3233 2939 3559 2979; x_wconf 89' lang='lat' dir='ltr'><strong>sermonem</strong></span> <span class='ocrx_word' id='word_1_407' title='bbox 3586 2923 3715 2994; x_wconf 90' lang='lat' dir='ltr'><strong>qui-</strong></span> 
     </span>
    </p>
   </div>
   <div class='ocr_carea' id='block_1_61' title="bbox 2066 3007 3720 3082">
    <p class='ocr_par' dir='ltr' id='par_1_61' title="bbox 2066 3007 3720 3082">
     <span class='ocr_line' id='line_1_61' title="bbox 2066 3007 3720 3082; baseline 0.002 -19"><span class='ocrx_word' id='word_1_408' title='bbox 2066 3009 2198 3063; x_wconf 91' lang='lat' dir='ltr'><strong>dem</strong></span> <span class='ocrx_word' id='word_1_409' title='bbox 2230 3024 2337 3064; x_wconf 90' lang='lat' dir='ltr'><strong>nos</strong></span> <span class='ocrx_word' id='word_1_410' title='bbox 2367 3007 2726 3079; x_wconf 88' lang='lat' dir='ltr'><strong>hujusmodi,</strong></span> <span class='ocrx_word' id='word_1_411' title='bbox 2753 3009 3017 3082; x_wconf 88' lang='lat' dir='ltr'><strong>quamvis</strong></span> <span class='ocrx_word' id='word_1_412' title='bbox 3040 3010 3116 3066; x_wconf 89' lang='lat' dir='ltr'><strong>sit</strong></span> <span class='ocrx_word' id='word_1_413' title='bbox 3143 3012 3604 3082; x_wconf 77' lang='lat' dir='ltr'><strong>commentitius,</strong></span> <span class='ocrx_word' id='word_1_414' title='bbox 3627 3017 3720 3068; x_wconf 85' lang='lat' dir='ltr'><strong>ta-</strong></span> 
     </span>
    </p>
   </div>
   <div class='ocr_carea' id='block_1_62' title="bbox 2068 3099 3723 3169">
    <p class='ocr_par' dir='ltr' id='par_1_62' title="bbox 2068 3099 3723 3169">
     <span class='ocr_line' id='line_1_62' title="bbox 2068 3099 3723 3169; baseline 0.003 -16"><span class='ocrx_word' id='word_1_415' title='bbox 2068 3114 2201 3154; x_wconf 93' lang='lat' dir='ltr'><strong>men</strong></span> <span class='ocrx_word' id='word_1_416' title='bbox 2233 3114 2345 3153; x_wconf 91' lang='lat' dir='ltr'><strong>non</strong></span> <span class='ocrx_word' id='word_1_417' title='bbox 2378 3103 2759 3169; x_wconf 88' lang='lat' dir='ltr'><strong>aspernanter</strong></span> <span class='ocrx_word' id='word_1_418' title='bbox 2789 3099 3179 3168; x_wconf 89' lang='lat' dir='ltr'><strong>admittimus,</strong></span> <span class='ocrx_word' id='word_1_419' title='bbox 3205 3101 3305 3156; x_wconf 89' lang='lat' dir='ltr'><strong>sed</strong></span> <span class='ocrx_word' id='word_1_420' title='bbox 3330 3117 3526 3156; x_wconf 88' lang='lat' dir='ltr'><strong>verum</strong></span> <span class='ocrx_word' id='word_1_421' title='bbox 3563 3101 3723 3158; x_wconf 83' lang='lat' dir='ltr'><strong>hunc</strong></span> 
     </span>
    </p>
   </div>
   <div class='ocr_carea' id='block_1_63' title="bbox 2065 3185 3723 3261">
    <p class='ocr_par' dir='ltr' id='par_1_63' title="bbox 2065 3185 3723 3261">
     <span class='ocr_line' id='line_1_63' title="bbox 2065 3185 3723 3261; baseline 0.001 -18"><span class='ocrx_word' id='word_1_422' title='bbox 2065 3203 2194 3243; x_wconf 90' lang='lat' dir='ltr'><strong>esse</strong></span> <span class='ocrx_word' id='word_1_423' title='bbox 2225 3185 2561 3242; x_wconf 87' lang='lat' dir='ltr'><strong>nullatenus</strong></span> <span class='ocrx_word' id='word_1_424' title='bbox 2591 3188 2901 3258; x_wconf 88' lang='lat' dir='ltr'><strong>patiemur.</strong></span> <span class='ocrx_word' id='word_1_425' title='bbox 2935 3188 3080 3245; x_wconf 89' lang='lat' dir='ltr'><strong>Nam</strong></span> <span class='ocrx_word' id='word_1_426' title='bbox 3127 3205 3230 3245; x_wconf 92' lang='lat' dir='ltr'><strong>nec</strong></span> <span class='ocrx_word' id='word_1_427' title='bbox 3263 3207 3380 3261; x_wconf 88' lang='lat' dir='ltr'><strong>res,</strong></span> <span class='ocrx_word' id='word_1_428' title='bbox 3431 3195 3529 3246; x_wconf 88' lang='lat' dir='ltr'><strong>aut</strong></span> <span class='ocrx_word' id='word_1_429' title='bbox 3581 3190 3723 3245; x_wconf 91' lang='lat' dir='ltr'><strong>bru-</strong></span> 
     </span>
    </p>
   </div>
   <div class='ocr_carea' id='block_1_64' title="bbox 299 3257 3721 3348">
    <p class='ocr_par' dir='ltr' id='par_1_64' title="bbox 299 3257 3721 3348">
     <span class='ocr_line' id='line_1_64' title="bbox 299 3257 3721 3348; baseline 0 -14"><span class='ocrx_word' id='word_1_430' title='bbox 299 3297 438 3334; x_wconf 89' lang='lat' dir='ltr'><strong>suas</strong></span> <span class='ocrx_word' id='word_1_431' title='bbox 466 3278 702 3335; x_wconf 91' lang='lat' dir='ltr'><strong>sibimet</strong></span> <span class='ocrx_word' id='word_1_432' title='bbox 723 3279 1104 3346; x_wconf 83' lang='lat' dir='ltr'><strong>conferentes,</strong></span> <span class='ocrx_word' id='word_1_433' title='bbox 1125 3277 1251 3333; x_wconf 89' lang='lat' dir='ltr'><strong>sine</strong></span> <span class='ocrx_word' id='word_1_434' title='bbox 1274 3282 1473 3333; x_wconf 91' lang='lat' dir='ltr'><strong>nostro</strong></span> <span class='ocrx_word' id='word_1_435' title='bbox 1497 3277 1694 3333; x_wconf 83' lang='lat' dir='ltr'><strong>labore</strong></span> <span class='ocrx_word' id='word_1_436' title='bbox 1719 3276 1953 3332; x_wconf 89' lang='lat' dir='ltr'><strong>illorum</strong></span> <span class='ocrx_word' id='word_1_437' title='bbox 1987 3257 2030 3325; x_wconf 65' lang='grc' dir='ltr'><strong>(ἶ</strong></span> <span class='ocrx_word' id='word_1_438' title='bbox 2072 3293 2184 3345; x_wconf 89' lang='lat' dir='ltr'><strong>ma,</strong></span> <span class='ocrx_word' id='word_1_439' title='bbox 2207 3275 2292 3331; x_wconf 92' lang='lat' dir='ltr'><strong>vel</strong></span> <span class='ocrx_word' id='word_1_440' title='bbox 2317 3275 2522 3347; x_wconf 85' lang='lat' dir='ltr'><strong>frigus,</strong></span> <span class='ocrx_word' id='word_1_441' title='bbox 2541 3281 2642 3331; x_wconf 90' lang='lat' dir='ltr'><strong>aut</strong></span> <span class='ocrx_word' id='word_1_442' title='bbox 2664 3281 2862 3344; x_wconf 65' lang='lat' dir='ltr'><strong>aestus,</strong></span> <span class='ocrx_word' id='word_1_443' title='bbox 2890 3277 3167 3348; x_wconf 89' lang='lat' dir='ltr'><strong>quoniam</strong></span> <span class='ocrx_word' id='word_1_444' title='bbox 3192 3277 3433 3334; x_wconf 90' lang='lat' dir='ltr'><strong>laudare</strong></span> <span class='ocrx_word' id='word_1_445' title='bbox 3454 3279 3721 3334; x_wconf 88' lang='lat' dir='ltr'><strong>omnium</strong></span> 
     </span>
    </p>
   </div>
   <div class='ocr_carea' id='block_1_65' title="bbox 298 3365 1954 3440">
    <p class='ocr_par' dir='ltr' id='par_1_65' title="bbox 298 3365 1954 3440">
     <span class='ocr_line' id='line_1_65' title="bbox 298 3365 1954 3440; baseline -0.001 -16"><span class='ocrx_word' id='word_1_446' title='bbox 298 3372 635 3440; x_wconf 85' lang='lat' dir='ltr'><strong>exspectare</strong></span> <span class='ocrx_word' id='word_1_447' title='bbox 663 3367 998 3423; x_wconf 79' lang='lat' dir='ltr'><strong>conflictum</strong></span> <span class='ocrx_word' id='word_1_448' title='bbox 1017 3365 1044 3420; x_wconf 84' lang='lat'><strong>?</strong></span> <span class='ocrx_word' id='word_1_449' title='bbox 1066 3367 1177 3432; x_wconf 91' lang='lat' dir='ltr'><strong>Qui</strong></span> <span class='ocrx_word' id='word_1_450' title='bbox 1200 3383 1302 3422; x_wconf 89' lang='lat' dir='ltr'><strong>nec</strong></span> <span class='ocrx_word' id='word_1_451' title='bbox 1329 3365 1662 3438; x_wconf 85' lang='lat' dir='ltr'><strong>eloquentia</strong></span> <span class='ocrx_word' id='word_1_452' title='bbox 1684 3366 1954 3422; x_wconf 72' lang='lat' dir='ltr'><strong>differen-</strong></span> 
     </span>
    </p>
   </div>
   <div class='ocr_carea' id='block_1_66' title="bbox 299 3454 1955 3527">
    <p class='ocr_par' dir='ltr' id='par_1_66' title="bbox 299 3454 1955 3527">
     <span class='ocr_line' id='line_1_66' title="bbox 299 3454 1955 3527; baseline 0.001 -15"><span class='ocrx_word' id='word_1_453' title='bbox 299 3462 408 3526; x_wconf 86' lang='lat' dir='ltr'><strong>tes,</strong></span> <span class='ocrx_word' id='word_1_454' title='bbox 435 3473 540 3512; x_wconf 89' lang='lat' dir='ltr'><strong>nec</strong></span> <span class='ocrx_word' id='word_1_455' title='bbox 563 3471 804 3512; x_wconf 90' lang='lat' dir='ltr'><strong>numero</strong></span> <span class='ocrx_word' id='word_1_456' title='bbox 833 3454 1157 3526; x_wconf 88' lang='lat' dir='ltr'><strong>pauciores,</strong></span> <span class='ocrx_word' id='word_1_457' title='bbox 1185 3470 1288 3510; x_wconf 87' lang='lat' dir='ltr'><strong>nec</strong></span> <span class='ocrx_word' id='word_1_458' title='bbox 1312 3455 1596 3527; x_wconf 88' lang='lat' dir='ltr'><strong>dignitate</strong></span> <span class='ocrx_word' id='word_1_459' title='bbox 1617 3455 1955 3525; x_wconf 89' lang='lat' dir='ltr'><strong>deteriores,</strong></span> 
     </span>
    </p>
   </div>
   <div class='ocr_carea' id='block_1_67' title="bbox 300 3543 1959 3616">
    <p class='ocr_par' dir='ltr' id='par_1_67' title="bbox 300 3543 1959 3616">
     <span class='ocr_line' id='line_1_67' title="bbox 300 3543 1959 3616; baseline -0.001 -15"><span class='ocrx_word' id='word_1_460' title='bbox 300 3546 426 3602; x_wconf 91' lang='lat' dir='ltr'><strong>suis</strong></span> <span class='ocrx_word' id='word_1_461' title='bbox 474 3543 826 3600; x_wconf 86' lang='lat' dir='ltr'><strong>adversariis</strong></span> <span class='ocrx_word' id='word_1_462' title='bbox 869 3548 1292 3616; x_wconf 88' lang='lat' dir='ltr'><strong>repugnantes,</strong></span> <span class='ocrx_word' id='word_1_463' title='bbox 1342 3560 1473 3599; x_wconf 85' lang='lat' dir='ltr'><strong>eum</strong></span> <span class='ocrx_word' id='word_1_464' title='bbox 1509 3545 1704 3616; x_wconf 90' lang='lat' dir='ltr'><strong>ignem</strong></span> <span class='ocrx_word' id='word_1_465' title='bbox 1760 3545 1959 3600; x_wconf 87' lang='lat' dir='ltr'><strong>omnia</strong></span> 
     </span>
    </p>
   </div>
   <div class='ocr_carea' id='block_1_68' title="bbox 300 3632 1958 3704">
    <p class='ocr_par' dir='ltr' id='par_1_68' title="bbox 300 3632 1958 3704">
     <span class='ocr_line' id='line_1_68' title="bbox 300 3632 1958 3704; baseline -0.001 -14"><span class='ocrx_word' id='word_1_466' title='bbox 300 3642 519 3691; x_wconf 88' lang='lat' dir='ltr'><strong>torrere</strong></span> <span class='ocrx_word' id='word_1_467' title='bbox 549 3633 783 3704; x_wconf 85' lang='lat' dir='ltr'><strong>penitus</strong></span> <span class='ocrx_word' id='word_1_468' title='bbox 831 3648 898 3689; x_wconf 89' lang='lat' dir='ltr'><strong>ac</strong></span> <span class='ocrx_word' id='word_1_469' title='bbox 946 3632 1218 3687; x_wconf 87' lang='lat' dir='ltr'><strong>devorare</strong></span> <span class='ocrx_word' id='word_1_470' title='bbox 1251 3633 1619 3700; x_wconf 83' lang='lat' dir='ltr'><strong>confirment,</strong></span> <span class='ocrx_word' id='word_1_471' title='bbox 1652 3651 1857 3690; x_wconf 90' lang='lat' dir='ltr'><strong>rursus</strong></span> <span class='ocrx_word' id='word_1_472' title='bbox 1887 3635 1958 3689; x_wconf 88' lang='lat' dir='ltr'><strong>de</strong></span> 
     </span>
    </p>
   </div>
   <div class='ocr_carea' id='block_1_69' title="bbox 303 3720 1958 3794">
    <p class='ocr_par' dir='ltr' id='par_1_69' title="bbox 303 3720 1958 3794">
     <span class='ocr_line' id='line_1_69' title="bbox 303 3720 1958 3794; baseline -0.001 -15"><span class='ocrx_word' id='word_1_473' title='bbox 303 3723 570 3779; x_wconf 89' lang='lat' dir='ltr'><strong>recidivis</strong></span> <span class='ocrx_word' id='word_1_474' title='bbox 617 3720 964 3788; x_wconf 75' lang='lat' dir='ltr'><strong>seminibus,</strong></span> <span class='ocrx_word' id='word_1_475' title='bbox 995 3738 1120 3792; x_wconf 68' lang='lat' dir='ltr'><strong>quae</strong></span> <span class='ocrx_word' id='word_1_476' title='bbox 1167 3721 1320 3793; x_wconf 82' lang='lat' dir='ltr'><strong>ignis</strong></span> <span class='ocrx_word' id='word_1_477' title='bbox 1368 3721 1746 3794; x_wconf 82' lang='lat' dir='ltr'><strong>conﬂagratio</strong></span> <span class='ocrx_word' id='word_1_478' title='bbox 1791 3723 1958 3778; x_wconf 89' lang='lat' dir='ltr'><strong>dere-</strong></span> 
     </span>
    </p>
   </div>
   <div class='ocr_carea' id='block_1_70' title="bbox 299 3809 1958 3883">
    <p class='ocr_par' dir='ltr' id='par_1_70' title="bbox 299 3809 1958 3883">
     <span class='ocr_line' id='line_1_70' title="bbox 299 3809 1958 3883; baseline -0.001 -16"><span class='ocrx_word' id='word_1_479' title='bbox 299 3811 533 3883; x_wconf 88' lang='lat' dir='ltr'><strong>linquit,</strong></span> <span class='ocrx_word' id='word_1_480' title='bbox 569 3827 776 3866; x_wconf 81' lang='lat' dir='ltr'><strong>causas</strong></span> <span class='ocrx_word' id='word_1_481' title='bbox 821 3809 1275 3882; x_wconf 83' lang='lat' dir='ltr'><strong>regenerationis</strong></span> <span class='ocrx_word' id='word_1_482' title='bbox 1332 3810 1639 3866; x_wconf 89' lang='lat' dir='ltr'><strong>inducunt.</strong></span> <span class='ocrx_word' id='word_1_483' title='bbox 1673 3811 1835 3868; x_wconf 91' lang='lat' dir='ltr'><strong>Unde</strong></span> <span class='ocrx_word' id='word_1_484' title='bbox 1887 3812 1958 3883; x_wconf 90' lang='lat' dir='ltr'><strong>(e)</strong></span> 
     </span>
    </p>
   </div>
   <div class='ocr_carea' id='block_1_71' title="bbox 303 3898 1678 3956">
    <p class='ocr_par' dir='ltr' id='par_1_71' title="bbox 303 3898 1678 3956">
     <span class='ocr_line' id='line_1_71' title="bbox 303 3898 1678 3956; baseline -0.001 0"><span class='ocrx_word' id='word_1_485' title='bbox 303 3900 478 3956; x_wconf 90' lang='lat' dir='ltr'><strong>etiam</strong></span> <span class='ocrx_word' id='word_1_486' title='bbox 511 3899 761 3954; x_wconf 88' lang='lat' dir='ltr'><strong>mundos</strong></span> <span class='ocrx_word' id='word_1_487' title='bbox 790 3898 1252 3954; x_wconf 67' lang='lat' dir='ltr'><strong>innumerabiles</strong></span> <span class='ocrx_word' id='word_1_488' title='bbox 1276 3898 1678 3956; x_wconf 82' lang='lat' dir='ltr'><strong>introducunt.</strong></span> 
     </span>
    </p>
   </div>
   <div class='ocr_carea' id='block_1_72' title="bbox 374 3987 1956 4061">
    <p class='ocr_par' dir='ltr' id='par_1_72' title="bbox 374 3987 1956 4061">
     <span class='ocr_line' id='line_1_72' title="bbox 374 3987 1956 4061; baseline 0 -19"><span class='ocrx_word' id='word_1_489' title='bbox 374 3988 429 4044; x_wconf 85' lang='lat'><strong>9.</strong></span> <span class='ocrx_word' id='word_1_490' title='bbox 461 3989 566 4044; x_wconf 93' lang='lat' dir='ltr'><strong>Sed</strong></span> <span class='ocrx_word' id='word_1_491' title='bbox 597 3987 680 4043; x_wconf 90' lang='lat' dir='ltr'><strong>illi</strong></span> <span class='ocrx_word' id='word_1_492' title='bbox 707 3987 1014 4060; x_wconf 90' lang='lat' dir='ltr'><strong>utriusque</strong></span> <span class='ocrx_word' id='word_1_493' title='bbox 1045 3987 1426 4060; x_wconf 84' lang='lat' dir='ltr'><strong>professionis</strong></span> <span class='ocrx_word' id='word_1_494' title='bbox 1457 3989 1697 4045; x_wconf 89' lang='lat' dir='ltr'><strong>veritate</strong></span> <span class='ocrx_word' id='word_1_495' title='bbox 1729 3989 1956 4061; x_wconf 88' lang='lat' dir='ltr'><strong>privati,</strong></span> 
     </span>
    </p>
   </div>
   <div class='ocr_carea' id='block_1_73' title="bbox 305 4076 1960 4151">
    <p class='ocr_par' dir='ltr' id='par_1_73' title="bbox 305 4076 1960 4151">
     <span class='ocr_line' id='line_1_73' title="bbox 305 4076 1960 4151; baseline -0.001 -17"><span class='ocrx_word' id='word_1_496' title='bbox 305 4078 441 4134; x_wconf 86' lang='lat' dir='ltr'><strong>hinc</strong></span> <span class='ocrx_word' id='word_1_497' title='bbox 470 4077 604 4132; x_wconf 86' lang='lat' dir='ltr'><strong>inde</strong></span> <span class='ocrx_word' id='word_1_498' title='bbox 637 4093 740 4149; x_wconf 90' lang='lat' dir='ltr'><strong>per</strong></span> <span class='ocrx_word' id='word_1_499' title='bbox 769 4076 1028 4148; x_wconf 80' lang='lat' dir='ltr'><strong>inopiam</strong></span> <span class='ocrx_word' id='word_1_500' title='bbox 1063 4077 1328 4133; x_wconf 89' lang='lat' dir='ltr'><strong>subsidia</strong></span> <span class='ocrx_word' id='word_1_501' title='bbox 1359 4078 1449 4133; x_wconf 90' lang='lat' dir='ltr'><strong>sui</strong></span> <span class='ocrx_word' id='word_1_502' title='bbox 1501 4079 1715 4134; x_wconf 88' lang='lat' dir='ltr'><strong>erroris</strong></span> <span class='ocrx_word' id='word_1_503' title='bbox 1753 4079 1960 4151; x_wconf 81' lang='lat' dir='ltr'><strong>exqui-</strong></span> 
     </span>
    </p>
   </div>
   <div class='ocr_carea' id='block_1_74' title="bbox 308 4166 1960 4240">
    <p class='ocr_par' dir='ltr' id='par_1_74' title="bbox 308 4166 1960 4240">
     <span class='ocr_line' id='line_1_74' title="bbox 308 4166 1960 4240; baseline 0.001 -17"><span class='ocrx_word' id='word_1_504' title='bbox 308 4176 458 4223; x_wconf 86' lang='lat' dir='ltr'><strong>runt.</strong></span> <span class='ocrx_word' id='word_1_505' title='bbox 477 4166 774 4238; x_wconf 86' lang='lat' dir='ltr'><strong>Siquidem</strong></span> <span class='ocrx_word' id='word_1_506' title='bbox 807 4171 864 4222; x_wconf 90' lang='lat' dir='ltr'><strong>et</strong></span> <span class='ocrx_word' id='word_1_507' title='bbox 893 4167 964 4222; x_wconf 90' lang='lat' dir='ltr'><strong>de</strong></span> <span class='ocrx_word' id='word_1_508' title='bbox 993 4166 1090 4224; x_wconf 89' lang='lat' dir='ltr'><strong>bis</strong></span> <span class='ocrx_word' id='word_1_509' title='bbox 1111 4167 1280 4240; x_wconf 89' lang='lat' dir='ltr'><strong>aquis</strong></span> <span class='ocrx_word' id='word_1_510' title='bbox 1307 4168 1835 4239; x_wconf 78' lang='lat' dir='ltr'><strong>quastirmamenti</strong></span> <span class='ocrx_word' id='word_1_511' title='bbox 1868 4170 1960 4224; x_wconf 84' lang='lat' dir='ltr'><strong>in-</strong></span> 
     </span>
    </p>
   </div>
   <div class='ocr_carea' id='block_1_75' title="bbox 378 4271 1886 4344">
    <p class='ocr_par' dir='ltr' id='par_1_75' title="bbox 378 4271 1886 4344">
     <span class='ocr_line' id='line_1_75' title="bbox 378 4271 1886 4344; baseline 0.002 -15"><span class='ocrx_word' id='word_1_512' title='bbox 378 4275 455 4344; x_wconf 82' lang='grc' dir='ltr'><strong>(α)</strong></span> <span class='ocrx_word' id='word_1_513' title='bbox 480 4271 652 4344; x_wconf 86' lang='lat' dir='ltr'><strong>Editi,</strong></span> <span class='ocrx_word' id='word_1_514' title='bbox 685 4273 820 4344; x_wconf 82' lang='lat' dir='ltr'><strong>quia</strong></span> <span class='ocrx_word' id='word_1_515' title='bbox 846 4275 1082 4343; x_wconf 76' lang='lat' dir='ltr'><strong>Moyses.</strong></span> <span class='ocrx_word' id='word_1_516' title='bbox 1115 4273 1270 4329; x_wconf 88' lang='lat' dir='ltr'><strong>Libri</strong></span> <span class='ocrx_word' id='word_1_517' title='bbox 1301 4278 1541 4338; x_wconf 88' lang='lat' dir='ltr'><strong>veteres,</strong></span> <span class='ocrx_word' id='word_1_518' title='bbox 1571 4279 1622 4329; x_wconf 82' lang='lat' dir='ltr'><strong>et</strong></span> <span class='ocrx_word' id='word_1_519' title='bbox 1651 4280 1886 4343; x_wconf 79' lang='lat' dir='ltr'><strong>Moyses.</strong></span> 
     </span>
    </p>
   </div>
   <div class='ocr_carea' id='block_1_76' title="bbox 376 4343 1962 4413">
    <p class='ocr_par' dir='ltr' id='par_1_76' title="bbox 376 4343 1962 4413">
     <span class='ocr_line' id='line_1_76' title="bbox 376 4343 1962 4413; baseline 0.003 -13"><span class='ocrx_word' id='word_1_520' title='bbox 376 4343 456 4413; x_wconf 80' lang='grc' dir='ltr'><strong>(ὁ)</strong></span> <span class='ocrx_word' id='word_1_521' title='bbox 488 4343 639 4398; x_wconf 88' lang='lat' dir='ltr'><strong>Editi</strong></span> <span class='ocrx_word' id='word_1_522' title='bbox 673 4343 729 4399; x_wconf 88' lang='lat' dir='ltr'><strong>et</strong></span> <span class='ocrx_word' id='word_1_523' title='bbox 753 4344 864 4399; x_wconf 90' lang='lat' dir='ltr'><strong>duo</strong></span> <span class='ocrx_word' id='word_1_524' title='bbox 891 4345 1367 4412; x_wconf 75' lang='lat' dir='ltr'><strong>mss.,secumlum</strong></span> <span class='ocrx_word' id='word_1_525' title='bbox 1386 4346 1500 4409; x_wconf 83' lang='lat' dir='ltr'><strong>eius</strong></span> <span class='ocrx_word' id='word_1_526' title='bbox 1532 4346 1962 4404; x_wconf 65' lang='lat' dir='ltr'><strong>moderationem</strong></span> 
     </span>
    </p>
   </div>
   <div class='ocr_carea' id='block_1_77' title="bbox 307 4415 1961 4479">
    <p class='ocr_par' dir='ltr' id='par_1_77' title="bbox 307 4415 1961 4479">
     <span class='ocr_line' id='line_1_77' title="bbox 307 4415 1961 4479; baseline 0.004 -10"><span class='ocrx_word' id='word_1_527' title='bbox 307 4417 490 4471; x_wconf 79' lang='lat' dir='ltr'><strong>licebit</strong></span> <span class='ocrx_word' id='word_1_528' title='bbox 519 4415 678 4471; x_wconf 90' lang='lat' dir='ltr'><strong>Colb.</strong></span> <span class='ocrx_word' id='word_1_529' title='bbox 711 4417 1031 4479; x_wconf 80' lang='lat' dir='ltr'><strong>secundus,</strong></span> <span class='ocrx_word' id='word_1_530' title='bbox 1065 4416 1360 4470; x_wconf 79' lang='lat' dir='ltr'><strong>secundum</strong></span> <span class='ocrx_word' id='word_1_531' title='bbox 1389 4417 1661 4477; x_wconf 75' lang='lat' dir='ltr'><strong>eiusmodi</strong></span> <span class='ocrx_word' id='word_1_532' title='bbox 1689 4422 1961 4476; x_wconf 84' lang='lat' dir='ltr'><strong>rationem</strong></span> 
     </span>
    </p>
   </div>
   <div class='ocr_carea' id='block_1_78' title="bbox 308 4486 1597 4560">
    <p class='ocr_par' dir='ltr' id='par_1_78' title="bbox 308 4486 1597 4560">
     <span class='ocr_line' id='line_1_78' title="bbox 308 4486 1597 4560; baseline 0.001 -17"><span class='ocrx_word' id='word_1_533' title='bbox 308 4490 458 4544; x_wconf 82' lang='lat' dir='ltr'><strong>licet.</strong></span> <span class='ocrx_word' id='word_1_534' title='bbox 491 4486 707 4553; x_wconf 76' lang='lat' dir='ltr'><strong>Graece,</strong></span> <span class='ocrx_word' id='word_1_535' title='bbox 737 4486 871 4540; x_wconf 78' lang='grc' dir='ltr'>κατὰ</span> <span class='ocrx_word' id='word_1_536' title='bbox 898 4486 988 4540; x_wconf 85' lang='grc' dir='ltr'><strong>τὸν</strong></span> <span class='ocrx_word' id='word_1_537' title='bbox 1016 4486 1177 4541; x_wconf 81' lang='grc' dir='ltr'>αὐτὸν</span> <span class='ocrx_word' id='word_1_538' title='bbox 1213 4486 1379 4560; x_wconf 86' lang='grc' dir='ltr'>λόγον</span> <span class='ocrx_word' id='word_1_539' title='bbox 1410 4486 1597 4558; x_wconf 71' lang='grc' dir='ltr'><strong>ἔξεστι.</strong></span> 
     </span>
    </p>
   </div>
   <div class='ocr_carea' id='block_1_79' title="bbox 377 4560 1961 4632">
    <p class='ocr_par' dir='ltr' id='par_1_79' title="bbox 377 4560 1961 4632">
     <span class='ocr_line' id='line_1_79' title="bbox 377 4560 1961 4632; baseline 0.003 -17"><span class='ocrx_word' id='word_1_540' title='bbox 377 4560 451 4625; x_wconf 89' lang='lat' dir='ltr'><strong>(c)</strong></span> <span class='ocrx_word' id='word_1_541' title='bbox 482 4560 640 4614; x_wconf 84' lang='lat' dir='ltr'><strong>Colb.</strong></span> <span class='ocrx_word' id='word_1_542' title='bbox 674 4560 989 4622; x_wconf 88' lang='lat' dir='ltr'><strong>secundus,</strong></span> <span class='ocrx_word' id='word_1_543' title='bbox 1013 4561 1153 4614; x_wconf 86' lang='lat' dir='ltr'><strong>valet</strong></span> <span class='ocrx_word' id='word_1_544' title='bbox 1180 4565 1448 4627; x_wconf 84' lang='lat' dir='ltr'><strong>conferre.</strong></span> <span class='ocrx_word' id='word_1_545' title='bbox 1473 4561 1785 4632; x_wconf 89' lang='lat' dir='ltr'><strong>Aliquanto</strong></span> <span class='ocrx_word' id='word_1_546' title='bbox 1811 4563 1961 4620; x_wconf 84' lang='lat' dir='ltr'><strong>infra</strong></span> 
     </span>
    </p>
   </div>
   <div class='ocr_carea' id='block_1_80' title="bbox 2066 3364 3723 3439">
    <p class='ocr_par' dir='ltr' id='par_1_80' title="bbox 2066 3364 3723 3439">
     <span class='ocr_line' id='line_1_80' title="bbox 2066 3364 3723 3439; baseline 0.002 -18"><span class='ocrx_word' id='word_1_547' title='bbox 2066 3373 2379 3421; x_wconf 89' lang='lat' dir='ltr'><strong>creatorem</strong></span> <span class='ocrx_word' id='word_1_548' title='bbox 2403 3364 2712 3436; x_wconf 89' lang='lat' dir='ltr'><strong>jubentur,</strong></span> <span class='ocrx_word' id='word_1_549' title='bbox 2744 3370 2807 3421; x_wconf 92' lang='lat' dir='ltr'><strong>ut</strong></span> <span class='ocrx_word' id='word_1_550' title='bbox 2830 3365 2910 3420; x_wconf 89' lang='lat' dir='ltr'><strong>ait</strong></span> <span class='ocrx_word' id='word_1_551' title='bbox 2937 3367 2998 3437; x_wconf 82' lang='grc' dir='ltr'><strong>(ί)</strong></span> <span class='ocrx_word' id='word_1_552' title='bbox 3035 3365 3231 3421; x_wconf 87' lang='lat' dir='ltr'><strong>Daniel</strong></span> <span class='ocrx_word' id='word_1_553' title='bbox 3256 3366 3410 3439; x_wconf 86' lang='lat' dir='ltr'><strong>(Cap.</strong></span> <span class='ocrx_word' id='word_1_554' title='bbox 3446 3367 3550 3438; x_wconf 80' lang='lat' dir='ltr'><strong>ui),</strong></span> <span class='ocrx_word' id='word_1_555' title='bbox 3585 3385 3723 3424; x_wconf 85' lang='lat' dir='ltr'><strong>seu-</strong></span> 
     </span>
    </p>
   </div>
   <div class='ocr_carea' id='block_1_81' title="bbox 2066 3452 3722 3527">
    <p class='ocr_par' dir='ltr' id='par_1_81' title="bbox 2066 3452 3722 3527">
     <span class='ocr_line' id='line_1_81' title="bbox 2066 3452 3722 3527; baseline 0.001 -16"><span class='ocrx_word' id='word_1_556' title='bbox 2066 3453 2254 3511; x_wconf 89' lang='lat' dir='ltr'><strong>sibilis</strong></span> <span class='ocrx_word' id='word_1_557' title='bbox 2275 3470 2404 3510; x_wconf 91' lang='lat' dir='ltr'><strong>esse</strong></span> <span class='ocrx_word' id='word_1_558' title='bbox 2427 3452 2511 3509; x_wconf 88' lang='lat' dir='ltr'><strong>vel</strong></span> <span class='ocrx_word' id='word_1_559' title='bbox 2543 3452 2850 3509; x_wconf 75' lang='lat' dir='ltr'><strong>invisibilis</strong></span> <span class='ocrx_word' id='word_1_560' title='bbox 2882 3454 3263 3527; x_wconf 82' lang='lat' dir='ltr'><strong>intelligenda</strong></span> <span class='ocrx_word' id='word_1_561' title='bbox 3293 3461 3503 3512; x_wconf 87' lang='lat' dir='ltr'><strong>natura</strong></span> <span class='ocrx_word' id='word_1_562' title='bbox 3537 3463 3677 3513; x_wconf 91' lang='lat' dir='ltr'><strong>sunt</strong></span> <span class='ocrx_word' id='word_1_563' title='bbox 3707 3476 3722 3527; x_wconf 90' lang='lat'>;</span> 
     </span>
    </p>
   </div>
   <div class='ocr_carea' id='block_1_82' title="bbox 2067 3543 3724 3615">
    <p class='ocr_par' dir='ltr' id='par_1_82' title="bbox 2067 3543 3724 3615">
     <span class='ocr_line' id='line_1_82' title="bbox 2067 3543 3724 3615; baseline 0.001 -16"><span class='ocrx_word' id='word_1_564' title='bbox 2067 3545 2166 3600; x_wconf 88' lang='lat' dir='ltr'><strong>sed</strong></span> <span class='ocrx_word' id='word_1_565' title='bbox 2188 3543 2576 3599; x_wconf 84' lang='lat' dir='ltr'><strong>consideratio</strong></span> <span class='ocrx_word' id='word_1_566' title='bbox 2593 3559 2793 3598; x_wconf 88' lang='lat' dir='ltr'><strong>eorum</strong></span> <span class='ocrx_word' id='word_1_567' title='bbox 2808 3544 3168 3615; x_wconf 90' lang='lat' dir='ltr'><strong>prudentera</strong></span> <span class='ocrx_word' id='word_1_568' title='bbox 3189 3560 3428 3600; x_wconf 90' lang='lat' dir='ltr'><strong>sensum</strong></span> <span class='ocrx_word' id='word_1_569' title='bbox 3448 3544 3724 3601; x_wconf 90' lang='lat' dir='ltr'><strong>habenti-</strong></span> 
     </span>
    </p>
   </div>
   <div class='ocr_carea' id='block_1_83' title="bbox 2067 3632 3724 3705">
    <p class='ocr_par' dir='ltr' id='par_1_83' title="bbox 2067 3632 3724 3705">
     <span class='ocr_line' id='line_1_83' title="bbox 2067 3632 3724 3705; baseline 0.002 -17"><span class='ocrx_word' id='word_1_570' title='bbox 2067 3633 2174 3688; x_wconf 89' lang='lat' dir='ltr'><strong>bus</strong></span> <span class='ocrx_word' id='word_1_571' title='bbox 2208 3633 2622 3704; x_wconf 84' lang='lat' dir='ltr'><strong>contemplata,</strong></span> <span class='ocrx_word' id='word_1_572' title='bbox 2645 3632 3127 3705; x_wconf 83' lang='lat' dir='ltr'><strong>glorificationem</strong></span> <span class='ocrx_word' id='word_1_573' title='bbox 3155 3634 3383 3705; x_wconf 83' lang='lat' dir='ltr'><strong>perficit</strong></span> <span class='ocrx_word' id='word_1_574' title='bbox 3411 3634 3724 3692; x_wconf 89' lang='lat' dir='ltr'><strong>Creatoris.</strong></span> 
     </span>
    </p>
   </div>
   <div class='ocr_carea' id='block_1_84' title="bbox 2065 3719 3722 3794">
    <p class='ocr_par' dir='ltr' id='par_1_84' title="bbox 2065 3719 3722 3794">
     <span class='ocr_line' id='line_1_84' title="bbox 2065 3719 3722 3794; baseline 0.001 -18"><span class='ocrx_word' id='word_1_575' title='bbox 2065 3721 2188 3776; x_wconf 88' lang='lat' dir='ltr'><strong>Non</strong></span> <span class='ocrx_word' id='word_1_576' title='bbox 2216 3719 2405 3775; x_wconf 85' lang='lat' dir='ltr'><strong>solum</strong></span> <span class='ocrx_word' id='word_1_577' title='bbox 2430 3723 2581 3775; x_wconf 87' lang='lat' dir='ltr'><strong>enim</strong></span> <span class='ocrx_word' id='word_1_578' title='bbox 2606 3738 2759 3793; x_wconf 87' lang='lat' dir='ltr'><strong>aqua</strong></span> <span class='ocrx_word' id='word_1_579' title='bbox 2781 3739 2904 3792; x_wconf 75' lang='lat' dir='ltr'><strong>quae</strong></span> <span class='ocrx_word' id='word_1_580' title='bbox 2927 3738 3105 3794; x_wconf 85' lang='lat' dir='ltr'><strong>super</strong></span> <span class='ocrx_word' id='word_1_581' title='bbox 3126 3721 3301 3777; x_wconf 73' lang='lat' dir='ltr'><strong>cmlos</strong></span> <span class='ocrx_word' id='word_1_582' title='bbox 3324 3727 3722 3794; x_wconf 87' lang='lat' dir='ltr'><strong>est,tanquam</strong></span> 
     </span>
    </p>
   </div>
   <div class='ocr_carea' id='block_1_85' title="bbox 2067 3808 3729 3882">
    <p class='ocr_par' dir='ltr' id='par_1_85' title="bbox 2067 3808 3729 3882">
     <span class='ocr_line' id='line_1_85' title="bbox 2067 3808 3729 3882; baseline 0 -17"><span class='ocrx_word' id='word_1_583' title='bbox 2067 3809 2288 3865; x_wconf 69' lang='lat' dir='ltr'><strong>caeteris</strong></span> <span class='ocrx_word' id='word_1_584' title='bbox 2321 3808 2538 3864; x_wconf 88' lang='lat' dir='ltr'><strong>honore</strong></span> <span class='ocrx_word' id='word_1_585' title='bbox 2569 3808 2904 3881; x_wconf 72' lang='lat' dir='ltr'><strong>przecellens</strong></span> <span class='ocrx_word' id='word_1_586' title='bbox 2939 3817 3173 3882; x_wconf 89' lang='lat' dir='ltr'><strong>propter</strong></span> <span class='ocrx_word' id='word_1_587' title='bbox 3209 3810 3448 3866; x_wconf 88' lang='lat' dir='ltr'><strong>insitam</strong></span> <span class='ocrx_word' id='word_1_588' title='bbox 3489 3811 3729 3868; x_wconf 87' lang='lat' dir='ltr'><strong>sibimet</strong></span> 
     </span>
    </p>
   </div>
   <div class='ocr_carea' id='block_1_86' title="bbox 2065 3897 3728 3970">
    <p class='ocr_par' dir='ltr' id='par_1_86' title="bbox 2065 3897 3728 3970">
     <span class='ocr_line' id='line_1_86' title="bbox 2065 3897 3728 3970; baseline 0.001 -17"><span class='ocrx_word' id='word_1_589' title='bbox 2065 3897 2704 3966; x_wconf 88' lang='lat' dir='ltr'><strong>venustatem,laudem</strong></span> <span class='ocrx_word' id='word_1_590' title='bbox 2726 3899 2997 3970; x_wconf 84' lang='lat' dir='ltr'><strong>dependit</strong></span> <span class='ocrx_word' id='word_1_591' title='bbox 3023 3899 3297 3967; x_wconf 90' lang='lat' dir='ltr'><strong>Domino;</strong></span> <span class='ocrx_word' id='word_1_592' title='bbox 3334 3899 3434 3954; x_wconf 88' lang='lat' dir='ltr'><strong>sed</strong></span> <span class='ocrx_word' id='word_1_593' title='bbox 3463 3898 3618 3954; x_wconf 90' lang='lat' dir='ltr'><strong>idem</strong></span> <span class='ocrx_word' id='word_1_594' title='bbox 3646 3903 3728 3954; x_wconf 84' lang='lat' dir='ltr'><strong>la-</strong></span> 
     </span>
    </p>
   </div>
   <div class='ocr_carea' id='block_1_87' title="bbox 2068 3986 3728 4058">
    <p class='ocr_par' dir='ltr' id='par_1_87' title="bbox 2068 3986 3728 4058">
     <span class='ocr_line' id='line_1_87' title="bbox 2068 3986 3728 4058; baseline 0.001 -15"><span class='ocrx_word' id='word_1_595' title='bbox 2068 4003 2196 4043; x_wconf 90' lang='lat' dir='ltr'><strong>cere</strong></span> <span class='ocrx_word' id='word_1_596' title='bbox 2224 3988 2398 4042; x_wconf 89' lang='lat' dir='ltr'><strong>etiam</strong></span> <span class='ocrx_word' id='word_1_597' title='bbox 2433 4003 2560 4058; x_wconf 67' lang='lat' dir='ltr'><strong>quae</strong></span> <span class='ocrx_word' id='word_1_598' title='bbox 2586 3987 2644 4042; x_wconf 90' lang='lat' dir='ltr'><strong>in</strong></span> <span class='ocrx_word' id='word_1_599' title='bbox 2675 3991 2826 4042; x_wconf 87' lang='lat' dir='ltr'><strong>terra</strong></span> <span class='ocrx_word' id='word_1_600' title='bbox 2862 3991 3002 4042; x_wconf 88' lang='lat' dir='ltr'><strong>sunt</strong></span> <span class='ocrx_word' id='word_1_601' title='bbox 3022 3987 3366 4056; x_wconf 83' lang='lat' dir='ltr'><strong>invitantur,</strong></span> <span class='ocrx_word' id='word_1_602' title='bbox 3400 3986 3456 4042; x_wconf 92' lang='lat' dir='ltr'><strong>id</strong></span> <span class='ocrx_word' id='word_1_603' title='bbox 3476 3987 3728 4057; x_wconf 88' lang='lat' dir='ltr'><strong>est,dra-</strong></span> 
     </span>
    </p>
   </div>
   <div class='ocr_carea' id='block_1_88' title="bbox 2068 4075 3728 4149">
    <p class='ocr_par' dir='ltr' id='par_1_88' title="bbox 2068 4075 3728 4149">
     <span class='ocr_line' id='line_1_88' title="bbox 2068 4075 3728 4149; baseline -0.001 -16"><span class='ocrx_word' id='word_1_604' title='bbox 2068 4092 2247 4147; x_wconf 83' lang='lat' dir='ltr'><strong>cones,</strong></span> <span class='ocrx_word' id='word_1_605' title='bbox 2278 4080 2330 4132; x_wconf 83' lang='lat' dir='ltr'><strong>et</strong></span> <span class='ocrx_word' id='word_1_606' title='bbox 2358 4091 2541 4132; x_wconf 86' lang='lat' dir='ltr'><strong>omnes</strong></span> <span class='ocrx_word' id='word_1_607' title='bbox 2571 4076 2756 4148; x_wconf 79' lang='lat' dir='ltr'><strong>abyssi</strong></span> <span class='ocrx_word' id='word_1_608' title='bbox 2772 4076 2944 4149; x_wconf 87' lang='lat' dir='ltr'><strong>(Psal.</strong></span> <span class='ocrx_word' id='word_1_609' title='bbox 2968 4092 3196 4141; x_wconf 64' lang='lat' dir='ltr'><strong>cxcvm,</strong></span> <span class='ocrx_word' id='word_1_610' title='bbox 3221 4075 3297 4146; x_wconf 89' lang='lat'><strong>7).</strong></span> <span class='ocrx_word' id='word_1_611' title='bbox 3322 4079 3406 4130; x_wconf 89' lang='lat' dir='ltr'><strong>Ita</strong></span> <span class='ocrx_word' id='word_1_612' title='bbox 3429 4091 3532 4130; x_wconf 89' lang='lat' dir='ltr'><strong>nec</strong></span> <span class='ocrx_word' id='word_1_613' title='bbox 3556 4075 3728 4146; x_wconf 74' lang='lat' dir='ltr'><strong>abys-</strong></span> 
     </span>
    </p>
   </div>
   <div class='ocr_carea' id='block_1_89' title="bbox 2071 4165 3726 4238">
    <p class='ocr_par' dir='ltr' id='par_1_89' title="bbox 2071 4165 3726 4238">
     <span class='ocr_line' id='line_1_89' title="bbox 2071 4165 3726 4238; baseline -0.002 -15"><span class='ocrx_word' id='word_1_614' title='bbox 2071 4184 2196 4234; x_wconf 89' lang='lat' dir='ltr'><strong>sus,</strong></span> <span class='ocrx_word' id='word_1_615' title='bbox 2222 4182 2398 4238; x_wconf 90' lang='lat' dir='ltr'><strong>quam</strong></span> <span class='ocrx_word' id='word_1_616' title='bbox 2423 4166 2479 4220; x_wconf 89' lang='lat' dir='ltr'><strong>in</strong></span> <span class='ocrx_word' id='word_1_617' title='bbox 2503 4167 2762 4238; x_wconf 88' lang='lat' dir='ltr'><strong>pejorem</strong></span> <span class='ocrx_word' id='word_1_618' title='bbox 2790 4169 3012 4238; x_wconf 89' lang='lat' dir='ltr'><strong>partem</strong></span> <span class='ocrx_word' id='word_1_619' title='bbox 3046 4169 3333 4220; x_wconf 90' lang='lat' dir='ltr'><strong>conantur</strong></span> <span class='ocrx_word' id='word_1_620' title='bbox 3355 4165 3605 4236; x_wconf 83' lang='lat' dir='ltr'><strong>abjicere</strong></span> <span class='ocrx_word' id='word_1_621' title='bbox 3637 4166 3726 4220; x_wconf 88' lang='lat' dir='ltr'><strong>fa-</strong></span> 
     </span>
    </p>
   </div>
   <div class='ocr_carea' id='block_1_90' title="bbox 2142 4270 3726 4346">
    <p class='ocr_par' dir='ltr' id='par_1_90' title="bbox 2142 4270 3726 4346">
     <span class='ocr_line' id='line_1_90' title="bbox 2142 4270 3726 4346; baseline -0.001 -18"><span class='ocrx_word' id='word_1_622' title='bbox 2142 4274 2215 4346; x_wconf 83' lang='lat' dir='ltr'><strong>(f)</strong></span> <span class='ocrx_word' id='word_1_623' title='bbox 2237 4273 2385 4328; x_wconf 87' lang='lat' dir='ltr'><strong>Editi</strong></span> <span class='ocrx_word' id='word_1_624' title='bbox 2409 4279 2466 4329; x_wconf 92' lang='lat' dir='ltr'><strong>et</strong></span> <span class='ocrx_word' id='word_1_625' title='bbox 2487 4271 3252 4346; x_wconf 76' lang='lat' dir='ltr'><strong>Colb.primus,mirabititer</strong></span> <span class='ocrx_word' id='word_1_626' title='bbox 3270 4271 3522 4346; x_wconf 69' lang='lat' dir='ltr'><strong>intelligi</strong></span> <span class='ocrx_word' id='word_1_627' title='bbox 3534 4270 3726 4346; x_wconf 68' lang='lat' dir='ltr'><strong>debere</strong></span> 
     </span>
    </p>
   </div>
   <div class='ocr_carea' id='block_1_91' title="bbox 2066 4341 3726 4428">
    <p class='ocr_par' dir='ltr' id='par_1_91' title="bbox 2066 4341 3726 4428">
     <span class='ocr_line' id='line_1_91' title="bbox 2066 4341 3726 4428; baseline 0 -29"><span class='ocrx_word' id='word_1_628' title='bbox 2066 4341 2423 4428; x_wconf 57' lang='lat' dir='ltr'><strong>pro&#39;aquis,et</strong></span> <span class='ocrx_word' id='word_1_629' title='bbox 2450 4341 2692 4428; x_wconf 64' lang='lat' dir='ltr'><strong>rursum.</strong></span> <span class='ocrx_word' id='word_1_630' title='bbox 2718 4345 2940 4428; x_wconf 81' lang='lat' dir='ltr'><strong>Quibus</strong></span> <span class='ocrx_word' id='word_1_631' title='bbox 2964 4344 3020 4398; x_wconf 92' lang='lat' dir='ltr'><strong>in</strong></span> <span class='ocrx_word' id='word_1_632' title='bbox 3044 4342 3236 4428; x_wconf 78' lang='lat' dir='ltr'><strong>verbis</strong></span> <span class='ocrx_word' id='word_1_633' title='bbox 3267 4341 3412 4428; x_wconf 49' lang='lat' dir='ltr'><strong>illu‘d</strong></span> <span class='ocrx_word' id='word_1_634' title='bbox 3443 4343 3726 4399; x_wconf 75' lang='lat' dir='ltr'><strong>mirabili-</strong></span> 
     </span>
    </p>
   </div>
   <div class='ocr_carea' id='block_1_92' title="bbox 2070 4413 3728 4484">
    <p class='ocr_par' dir='ltr' id='par_1_92' title="bbox 2070 4413 3728 4484">
     <span class='ocr_line' id='line_1_92' title="bbox 2070 4413 3728 4484; baseline -0.002 -11"><span class='ocrx_word' id='word_1_635' title='bbox 2070 4413 2156 4473; x_wconf 76' lang='lat' dir='ltr'><strong>ter</strong></span> <span class='ocrx_word' id='word_1_636' title='bbox 2169 4413 2382 4471; x_wconf 81' lang='lat' dir='ltr'><strong>mirum</strong></span> <span class='ocrx_word' id='word_1_637' title='bbox 2409 4417 2464 4469; x_wconf 88' lang='lat' dir='ltr'><strong>in</strong></span> <span class='ocrx_word' id='word_1_638' title='bbox 2493 4417 2725 4471; x_wconf 89' lang='lat' dir='ltr'><strong>modum</strong></span> <span class='ocrx_word' id='word_1_639' title='bbox 2749 4417 3032 4471; x_wconf 88' lang='lat' dir='ltr'><strong>absonum</strong></span> <span class='ocrx_word' id='word_1_640' title='bbox 3049 4420 3350 4484; x_wconf 83' lang='lat' dir='ltr'><strong>est,neque</strong></span> <span class='ocrx_word' id='word_1_641' title='bbox 3371 4413 3481 4468; x_wconf 87' lang='lat' dir='ltr'><strong>hoc</strong></span> <span class='ocrx_word' id='word_1_642' title='bbox 3501 4431 3728 4470; x_wconf 83' lang='lat' dir='ltr'><strong>rursum</strong></span> 
     </span>
    </p>
   </div>
   <div class='ocr_carea' id='block_1_93' title="bbox 2072 4487 3730 4560">
    <p class='ocr_par' dir='ltr' id='par_1_93' title="bbox 2072 4487 3730 4560">
     <span class='ocr_line' id='line_1_93' title="bbox 2072 4487 3730 4560; baseline -0.002 -16"><span class='ocrx_word' id='word_1_643' title='bbox 2072 4488 2258 4560; x_wconf 86' lang='lat' dir='ltr'><strong>magis</strong></span> <span class='ocrx_word' id='word_1_644' title='bbox 2280 4494 2368 4544; x_wconf 90' lang='lat' dir='ltr'><strong>est</strong></span> <span class='ocrx_word' id='word_1_645' title='bbox 2387 4487 2660 4544; x_wconf 88' lang='lat' dir='ltr'><strong>idoneum</strong></span> <span class='ocrx_word' id='word_1_646' title='bbox 2683 4489 2852 4559; x_wconf 84' lang='lat' dir='ltr'><strong>;quia</strong></span> <span class='ocrx_word' id='word_1_647' title='bbox 2869 4493 3064 4542; x_wconf 91' lang='lat' dir='ltr'><strong>tamen</strong></span> <span class='ocrx_word' id='word_1_648' title='bbox 3089 4487 3358 4542; x_wconf 88' lang='lat' dir='ltr'><strong>librarios</strong></span> <span class='ocrx_word' id='word_1_649' title='bbox 3381 4487 3606 4560; x_wconf 87' lang='lat' dir='ltr'><strong>decepit</strong></span> <span class='ocrx_word' id='word_1_650' title='bbox 3627 4504 3730 4542; x_wconf 92' lang='lat' dir='ltr'><strong>no-</strong></span> 
     </span>
    </p>
   </div>
   <div class='ocr_carea' id='block_1_94' title="bbox 2073 4559 3730 4631">
    <p class='ocr_par' dir='ltr' id='par_1_94' title="bbox 2073 4559 3730 4631">
     <span class='ocr_line' id='line_1_94' title="bbox 2073 4559 3730 4631; baseline -0.001 -15"><span class='ocrx_word' id='word_1_651' title='bbox 2073 4559 2298 4616; x_wconf 89' lang='lat' dir='ltr'><strong>minum</strong></span> <span class='ocrx_word' id='word_1_652' title='bbox 2324 4561 2673 4626; x_wconf 86' lang='lat' dir='ltr'><strong>similitudo,</strong></span> <span class='ocrx_word' id='word_1_653' title='bbox 2707 4561 3140 4631; x_wconf 86' lang='lat' dir='ltr'><strong>quodammodo</strong></span> <span class='ocrx_word' id='word_1_654' title='bbox 3172 4559 3535 4627; x_wconf 84' lang='lat' dir='ltr'><strong>excusandos</strong></span> <span class='ocrx_word' id='word_1_655' title='bbox 3567 4566 3730 4628; x_wconf 89' lang='lat' dir='ltr'><strong>puto.</strong></span> 
     </span>
    </p>
   </div>
   <div class='ocr_carea' id='block_1_95' title="bbox 304 4624 3729 4704">
    <p class='ocr_par' dir='ltr' id='par_1_95' title="bbox 304 4624 3729 4704">
     <span class='ocr_line' id='line_1_95' title="bbox 304 4624 3729 4704; baseline -0.001 -18"><span class='ocrx_word' id='word_1_656' title='bbox 304 4624 471 4698; x_wconf 86' lang='lat' dir='ltr'><strong>editi,</strong></span> <span class='ocrx_word' id='word_1_657' title='bbox 502 4633 799 4704; x_wconf 56' lang='lat' dir='ltr'><strong>meretrice</strong></span> <span class='ocrx_word' id='word_1_658' title='bbox 845 4632 1208 4701; x_wconf 76' lang='lat' dir='ltr'><strong>formositati.</strong></span> <span class='ocrx_word' id='word_1_659' title='bbox 1244 4624 1478 4702; x_wconf 84' lang='lat' dir='ltr'><strong>Antiqui</strong></span> <span class='ocrx_word' id='word_1_660' title='bbox 1508 4624 1665 4703; x_wconf 71' lang='lat' dir='ltr'><strong>libri,</strong></span> <span class='ocrx_word' id='word_1_661' title='bbox 1698 4639 1958 4691; x_wconf 87' lang='lat' dir='ltr'><strong>meretri-</strong></span> <span class='ocrx_word' id='word_1_662' title='bbox 1988 4624 2034 4688; x_wconf 80' lang='grc' dir='ltr'><strong>Ι)</strong></span> <span class='ocrx_word' id='word_1_663' title='bbox 2073 4633 2408 4704; x_wconf 83' lang='lat' dir='ltr'><strong>Legenduin</strong></span> <span class='ocrx_word' id='word_1_664' title='bbox 2439 4631 2620 4701; x_wconf 89' lang='lat' dir='ltr'><strong>igitur</strong></span> <span class='ocrx_word' id='word_1_665' title='bbox 2647 4624 2866 4687; x_wconf 53' lang='lat' dir='ltr'><strong>ex&#39;aliis</strong></span> <span class='ocrx_word' id='word_1_666' title='bbox 2897 4633 3129 4687; x_wconf 88' lang='lat' dir='ltr'><strong>duobus</strong></span> <span class='ocrx_word' id='word_1_667' title='bbox 3159 4624 3729 4704; x_wconf 72' lang='lat' dir='ltr'><strong>eodicibus_,muta_t2i-</strong></span> 
     </span>
    </p>
   </div>
   <div class='ocr_carea' id='block_1_96' title="bbox 305 4703 798 4772">
    <p class='ocr_par' dir='ltr' id='par_1_96' title="bbox 305 4703 798 4772">
     <span class='ocr_line' id='line_1_96' title="bbox 305 4703 798 4772; baseline -0.006 -14"><span class='ocrx_word' id='word_1_668' title='bbox 305 4706 412 4760; x_wconf 56' lang='lat' dir='ltr'><strong>cia</strong></span> <span class='ocrx_word' id='word_1_669' title='bbox 439 4703 798 4772; x_wconf 77' lang='lat' dir='ltr'><strong>formositati.</strong></span> 
     </span>
    </p>
   </div>
   <div class='ocr_carea' id='block_1_97' title="bbox 375 4770 1959 4847">
    <p class='ocr_par' dir='ltr' id='par_1_97' title="bbox 375 4770 1959 4847">
     <span class='ocr_line' id='line_1_97' title="bbox 375 4770 1959 4847; baseline 0.003 -20"><span class='ocrx_word' id='word_1_670' title='bbox 375 4770 452 4843; x_wconf 77' lang='grc' dir='ltr'><strong>(ιι)</strong></span> <span class='ocrx_word' id='word_1_671' title='bbox 486 4774 714 4847; x_wconf 83' lang='lat' dir='ltr'><strong>Veteres</strong></span> <span class='ocrx_word' id='word_1_672' title='bbox 746 4773 860 4828; x_wconf 92' lang='lat' dir='ltr'><strong>duo</strong></span> <span class='ocrx_word' id='word_1_673' title='bbox 886 4770 1019 4847; x_wconf 75' lang='lat' dir='ltr'><strong>libri</strong></span> <span class='ocrx_word' id='word_1_674' title='bbox 1049 4777 1105 4827; x_wconf 91' lang='lat' dir='ltr'><strong>et</strong></span> <span class='ocrx_word' id='word_1_675' title='bbox 1135 4773 1296 4847; x_wconf 83' lang='lat' dir='ltr'><strong>editi,</strong></span> <span class='ocrx_word' id='word_1_676' title='bbox 1330 4776 1541 4829; x_wconf 85' lang='lat' dir='ltr'><strong>nudam</strong></span> <span class='ocrx_word' id='word_1_677' title='bbox 1569 4777 1806 4845; x_wconf 81' lang='lat' dir='ltr'><strong>fallendi</strong></span> <span class='ocrx_word' id='word_1_678' title='bbox 1833 4793 1959 4847; x_wconf 85' lang='lat' dir='ltr'><strong>pro-</strong></span> 
     </span>
    </p>
   </div>
   <div class='ocr_carea' id='block_1_98' title="bbox 305 4845 1960 4916">
    <p class='ocr_par' dir='ltr' id='par_1_98' title="bbox 305 4845 1960 4916">
     <span class='ocr_line' id='line_1_98' title="bbox 305 4845 1960 4916; baseline 0.001 -18"><span class='ocrx_word' id='word_1_679' title='bbox 305 4846 556 4911; x_wconf 80' lang='lat' dir='ltr'><strong>ferimus.</strong></span> <span class='ocrx_word' id='word_1_680' title='bbox 592 4845 748 4900; x_wconf 88' lang='lat' dir='ltr'><strong>Colb.</strong></span> <span class='ocrx_word' id='word_1_681' title='bbox 782 4845 1098 4910; x_wconf 88' lang='lat' dir='ltr'><strong>secundus,</strong></span> <span class='ocrx_word' id='word_1_682' title='bbox 1126 4845 1334 4900; x_wconf 84' lang='lat' dir='ltr'><strong>nudam</strong></span> <span class='ocrx_word' id='word_1_683' title='bbox 1364 4847 1696 4912; x_wconf 82' lang='lat' dir='ltr'><strong>faltendihus</strong></span> <span class='ocrx_word' id='word_1_684' title='bbox 1724 4845 1960 4916; x_wconf 80' lang='lat' dir='ltr'><strong>proferi-</strong></span> 
     </span>
    </p>
   </div>
   <div class='ocr_carea' id='block_1_99' title="bbox 306 4916 1962 4987">
    <p class='ocr_par' dir='ltr' id='par_1_99' title="bbox 306 4916 1962 4987">
     <span class='ocr_line' id='line_1_99' title="bbox 306 4916 1962 4987; baseline 0.001 -18"><span class='ocrx_word' id='word_1_685' title='bbox 306 4934 428 4969; x_wconf 83' lang='lat' dir='ltr'><strong>mus</strong></span> <span class='ocrx_word' id='word_1_686' title='bbox 449 4933 468 4976; x_wconf 84' lang='lat'><em>:</em></span> <span class='ocrx_word' id='word_1_687' title='bbox 500 4933 677 4986; x_wconf 86' lang='lat' dir='ltr'><strong>quam</strong></span> <span class='ocrx_word' id='word_1_688' title='bbox 702 4918 1052 4987; x_wconf 86' lang='lat' dir='ltr'><strong>scripturam</strong></span> <span class='ocrx_word' id='word_1_689' title='bbox 1078 4916 1286 4983; x_wconf 80' lang='lat' dir='ltr'><strong>legenti</strong></span> <span class='ocrx_word' id='word_1_690' title='bbox 1308 4918 1463 4971; x_wconf 90' lang='lat' dir='ltr'><strong>venit</strong></span> <span class='ocrx_word' id='word_1_691' title='bbox 1484 4918 1541 4971; x_wconf 92' lang='lat' dir='ltr'><strong>in</strong></span> <span class='ocrx_word' id='word_1_692' title='bbox 1567 4926 1817 4974; x_wconf 90' lang='lat' dir='ltr'><strong>mentem</strong></span> <span class='ocrx_word' id='word_1_693' title='bbox 1843 4921 1962 4974; x_wconf 76' lang='lat' dir='ltr'><strong>for-</strong></span> 
     </span>
    </p>
   </div>
   <div class='ocr_carea' id='block_1_100' title="bbox 312 4988 1960 5060">
    <p class='ocr_par' dir='ltr' id='par_1_100' title="bbox 312 4988 1960 5060">
     <span class='ocr_line' id='line_1_100' title="bbox 312 4988 1960 5060; baseline 0.002 -18"><span class='ocrx_word' id='word_1_694' title='bbox 312 4997 463 5043; x_wconf 79' lang='lat' dir='ltr'><strong>tasse</strong></span> <span class='ocrx_word' id='word_1_695' title='bbox 494 4989 805 5060; x_wconf 82' lang='lat' dir='ltr'><strong>scripsisse</strong></span> <span class='ocrx_word' id='word_1_696' title='bbox 839 4988 1228 5060; x_wconf 83' lang='lat' dir='ltr'><strong>Eustathium.</strong></span> <span class='ocrx_word' id='word_1_697' title='bbox 1259 4989 1505 5060; x_wconf 75' lang='lat' dir='ltr'><strong>fallendi</strong></span> <span class='ocrx_word' id='word_1_698' title='bbox 1529 4991 1757 5059; x_wconf 79' lang='lat' dir='ltr'><strong>artibus,</strong></span> <span class='ocrx_word' id='word_1_699' title='bbox 1781 4990 1960 5045; x_wconf 81' lang='lat' dir='ltr'><strong>libra-</strong></span> 
     </span>
    </p>
   </div>
   <div class='ocr_carea' id='block_1_101' title="bbox 308 5059 1961 5129">
    <p class='ocr_par' dir='ltr' id='par_1_101' title="bbox 308 5059 1961 5129">
     <span class='ocr_line' id='line_1_101' title="bbox 308 5059 1961 5129; baseline 0.002 -16"><span class='ocrx_word' id='word_1_700' title='bbox 308 5061 460 5114; x_wconf 92' lang='lat' dir='ltr'><strong>rium</strong></span> <span class='ocrx_word' id='word_1_701' title='bbox 485 5059 808 5115; x_wconf 28' lang='lat' dir='ltr'><strong>vero’exbis</strong></span> <span class='ocrx_word' id='word_1_702' title='bbox 823 5059 1055 5114; x_wconf 91' lang='lat' dir='ltr'><strong>duabus</strong></span> <span class='ocrx_word' id='word_1_703' title='bbox 1074 5061 1311 5115; x_wconf 89' lang='lat' dir='ltr'><strong>vocibus</strong></span> <span class='ocrx_word' id='word_1_704' title='bbox 1334 5059 1619 5115; x_wconf 81' lang='lat' dir='ltr'><strong>conﬂasse</strong></span> <span class='ocrx_word' id='word_1_705' title='bbox 1641 5063 1961 5129; x_wconf 84' lang='lat' dir='ltr'><strong>unam,ful-</strong></span> 
     </span>
    </p>
   </div>
   <div class='ocr_carea' id='block_1_102' title="bbox 307 5129 1963 5212">
    <p class='ocr_par' dir='ltr' id='par_1_102' title="bbox 307 5129 1963 5212">
     <span class='ocr_line' id='line_1_102' title="bbox 307 5129 1963 5212; baseline 0.003 -28"><span class='ocrx_word' id='word_1_706' title='bbox 307 5131 566 5212; x_wconf 65' lang='lat' dir='ltr'><strong>lentibus.</strong></span> <span class='ocrx_word' id='word_1_707' title='bbox 720 5129 1022 5212; x_wconf 67' lang='lat' dir='ltr'><strong>aliquanto</strong></span> <span class='ocrx_word' id='word_1_708' title='bbox 1053 5136 1186 5212; x_wconf 86' lang='lat' dir='ltr'><strong>post</strong></span> <span class='ocrx_word' id='word_1_709' title='bbox 1222 5131 1462 5212; x_wconf 54' lang='lat' dir='ltr'><strong>legitur,</strong></span> <span class='ocrx_word' id='word_1_710' title='bbox 1490 5141 1802 5212; x_wconf 71' lang='lat' dir='ltr'><strong>exspectare</strong></span> <span class='ocrx_word' id='word_1_711' title='bbox 1830 5150 1963 5189; x_wconf 81' lang='lat' dir='ltr'><strong>con-</strong></span> 
     </span>
    </p>
   </div>
   <div class='ocr_carea' id='block_1_103' title="bbox 302 5201 1960 5275">
    <p class='ocr_par' dir='ltr' id='par_1_103' title="bbox 302 5201 1960 5275">
     <span class='ocr_line' id='line_1_103' title="bbox 302 5201 1960 5275; baseline 0.002 -19"><span class='ocrx_word' id='word_1_712' title='bbox 302 5204 522 5271; x_wconf 78' lang='lat' dir='ltr'><strong>[Iictum</strong></span> <span class='ocrx_word' id='word_1_713' title='bbox 543 5202 672 5275; x_wconf 76' lang='lat' dir='ltr'><strong>.&#39;_ibi</strong></span> <span class='ocrx_word' id='word_1_714' title='bbox 708 5208 846 5271; x_wconf 83' lang='lat' dir='ltr'><strong>pato</strong></span> <span class='ocrx_word' id='word_1_715' title='bbox 877 5201 1148 5257; x_wconf 85' lang='lat' dir='ltr'><strong>librarios</strong></span> <span class='ocrx_word' id='word_1_716' title='bbox 1179 5201 1513 5275; x_wconf 64' lang='lat' dir='ltr'><strong>offendisse,</strong></span> <span class='ocrx_word' id='word_1_717' title='bbox 1545 5205 1644 5275; x_wconf 88' lang='lat' dir='ltr'><strong>qui</strong></span> <span class='ocrx_word' id='word_1_718' title='bbox 1682 5221 1782 5271; x_wconf 90' lang='lat' dir='ltr'><strong>pro</strong></span> <span class='ocrx_word' id='word_1_719' title='bbox 1814 5221 1960 5275; x_wconf 75' lang='lat' dir='ltr'><strong>spec-</strong></span> 
     </span>
    </p>
   </div>
   <div class='ocr_carea' id='block_1_104' title="bbox 307 5273 1958 5343">
    <p class='ocr_par' dir='ltr' id='par_1_104' title="bbox 307 5273 1958 5343">
     <span class='ocr_line' id='line_1_104' title="bbox 307 5273 1958 5343; baseline 0 -15"><span class='ocrx_word' id='word_1_720' title='bbox 307 5279 430 5328; x_wconf 84' lang='lat' dir='ltr'><strong>tare</strong></span> <span class='ocrx_word' id='word_1_721' title='bbox 463 5273 810 5343; x_wconf 85' lang='lat' dir='ltr'><strong>scripserint</strong></span> <span class='ocrx_word' id='word_1_722' title='bbox 839 5284 1176 5341; x_wconf 75' lang='lat' dir='ltr'><strong>exspectare.</strong></span> <span class='ocrx_word' id='word_1_723' title='bbox 1212 5273 1425 5340; x_wconf 63' lang='lat' dir='ltr'><strong>Graece,</strong></span> <span class='ocrx_word' id='word_1_724' title='bbox 1459 5274 1645 5334; x_wconf 79' lang='grc' dir='ltr'><strong>θεατὰς</strong></span> <span class='ocrx_word' id='word_1_725' title='bbox 1673 5273 1958 5342; x_wconf 61' lang='lat' dir='ltr'><strong>nae-adeat.</strong></span> 
     </span>
    </p>
   </div>
   <div class='ocr_carea' id='block_1_105' title="bbox 377 5344 1962 5414">
    <p class='ocr_par' dir='ltr' id='par_1_105' title="bbox 377 5344 1962 5414">
     <span class='ocr_line' id='line_1_105' title="bbox 377 5344 1962 5414; baseline 0.003 -16"><span class='ocrx_word' id='word_1_726' title='bbox 377 5344 446 5414; x_wconf 76' lang='grc' dir='ltr'><strong>(ε)</strong></span> <span class='ocrx_word' id='word_1_727' title='bbox 483 5345 628 5399; x_wconf 89' lang='lat' dir='ltr'><strong>Editi</strong></span> <span class='ocrx_word' id='word_1_728' title='bbox 664 5350 721 5399; x_wconf 90' lang='lat' dir='ltr'><strong>et</strong></span> <span class='ocrx_word' id='word_1_729' title='bbox 750 5345 865 5397; x_wconf 90' lang='lat' dir='ltr'><strong>duo</strong></span> <span class='ocrx_word' id='word_1_730' title='bbox 901 5361 1042 5397; x_wconf 89' lang='lat' dir='ltr'><strong>mss.</strong></span> <span class='ocrx_word' id='word_1_731' title='bbox 1081 5360 1092 5398; x_wconf 92' lang='lat'><strong>:</strong></span> <span class='ocrx_word' id='word_1_732' title='bbox 1131 5344 1275 5399; x_wconf 82' lang='lat' dir='ltr'><strong>Unde</strong></span> <span class='ocrx_word' id='word_1_733' title='bbox 1301 5348 1464 5400; x_wconf 85' lang='lat' dir='ltr'><strong>etiam</strong></span> <span class='ocrx_word' id='word_1_734' title='bbox 1499 5351 1556 5400; x_wconf 87' lang='lat' dir='ltr'><strong>in</strong></span> <span class='ocrx_word' id='word_1_735' title='bbox 1586 5364 1778 5401; x_wconf 84' lang='lat' dir='ltr'><strong>eorum</strong></span> <span class='ocrx_word' id='word_1_736' title='bbox 1807 5365 1962 5403; x_wconf 82' lang='lat' dir='ltr'><strong>cons-</strong></span> 
     </span>
    </p>
   </div>
   <div class='ocr_carea' id='block_1_106' title="bbox 303 5415 1958 5485">
    <p class='ocr_par' dir='ltr' id='par_1_106' title="bbox 303 5415 1958 5485">
     <span class='ocr_line' id='line_1_106' title="bbox 303 5415 1958 5485; baseline 0.004 -16"><span class='ocrx_word' id='word_1_737' title='bbox 303 5419 583 5471; x_wconf 77' lang='lat' dir='ltr'><strong>tructione</strong></span> <span class='ocrx_word' id='word_1_738' title='bbox 600 5416 896 5485; x_wconf 72' lang='lat' dir='ltr'><strong>suffecerit,</strong></span> <span class='ocrx_word' id='word_1_739' title='bbox 920 5415 1174 5481; x_wconf 77' lang='lat' dir='ltr'><strong>mundos,</strong></span> <span class='ocrx_word' id='word_1_740' title='bbox 1199 5422 1305 5470; x_wconf 91' lang='lat' dir='ltr'><strong>etc.</strong></span> <span class='ocrx_word' id='word_1_741' title='bbox 1334 5425 1425 5472; x_wconf 80' lang='lat' dir='ltr'><strong>At.</strong></span> <span class='ocrx_word' id='word_1_742' title='bbox 1450 5418 1607 5473; x_wconf 83' lang='lat' dir='ltr'><strong>Colb.</strong></span> <span class='ocrx_word' id='word_1_743' title='bbox 1631 5420 1923 5474; x_wconf 86' lang='lat' dir='ltr'><strong>secundus</strong></span> <span class='ocrx_word' id='word_1_744' title='bbox 1946 5437 1958 5475; x_wconf 88' lang='lat'><strong>:</strong></span> 
     </span>
    </p>
   </div>
   <div class='ocr_carea' id='block_1_107' title="bbox 307 5486 1965 5558">
    <p class='ocr_par' dir='ltr' id='par_1_107' title="bbox 307 5486 1965 5558">
     <span class='ocr_line' id='line_1_107' title="bbox 307 5486 1965 5558; baseline 0.002 -16"><span class='ocrx_word' id='word_1_745' title='bbox 307 5488 459 5542; x_wconf 84' lang='lat' dir='ltr'><strong>Unde</strong></span> <span class='ocrx_word' id='word_1_746' title='bbox 491 5490 659 5542; x_wconf 82' lang='lat' dir='ltr'><strong>etiam</strong></span> <span class='ocrx_word' id='word_1_747' title='bbox 687 5486 938 5552; x_wconf 82' lang='lat' dir='ltr'><strong>mundos,</strong></span> <span class='ocrx_word' id='word_1_748' title='bbox 974 5492 1083 5543; x_wconf 90' lang='lat' dir='ltr'><strong>etc.</strong></span> <span class='ocrx_word' id='word_1_749' title='bbox 1118 5487 1265 5551; x_wconf 90' lang='lat' dir='ltr'><strong>Quid</strong></span> <span class='ocrx_word' id='word_1_750' title='bbox 1316 5489 1373 5543; x_wconf 90' lang='lat' dir='ltr'><strong>in</strong></span> <span class='ocrx_word' id='word_1_751' title='bbox 1407 5489 1657 5558; x_wconf 84' lang='lat' dir='ltr'><strong>vulgatis</strong></span> <span class='ocrx_word' id='word_1_752' title='bbox 1687 5489 1795 5545; x_wconf 84' lang='lat' dir='ltr'><strong>sibi</strong></span> <span class='ocrx_word' id='word_1_753' title='bbox 1827 5491 1965 5546; x_wconf 91' lang='lat' dir='ltr'><strong>velit</strong></span> 
     </span>
    </p>
   </div>
   <div class='ocr_carea' id='block_1_108' title="bbox 305 5558 1963 5632">
    <p class='ocr_par' dir='ltr' id='par_1_108' title="bbox 305 5558 1963 5632">
     <span class='ocr_line' id='line_1_108' title="bbox 305 5558 1963 5632; baseline 0.004 -20"><span class='ocrx_word' id='word_1_754' title='bbox 305 5558 490 5632; x_wconf 58' lang='lat' dir='ltr'><strong>illud,</strong></span> <span class='ocrx_word' id='word_1_755' title='bbox 530 5561 593 5613; x_wconf 86' lang='lat' dir='ltr'><strong>in</strong></span> <span class='ocrx_word' id='word_1_756' title='bbox 637 5575 832 5614; x_wconf 85' lang='lat' dir='ltr'><strong>eorum</strong></span> <span class='ocrx_word' id='word_1_757' title='bbox 875 5561 1277 5632; x_wconf 80' lang='lat' dir='ltr'><strong>constructione</strong></span> <span class='ocrx_word' id='word_1_758' title='bbox 1321 5563 1610 5632; x_wconf 71' lang='lat' dir='ltr'><strong>suffecerit,</strong></span> <span class='ocrx_word' id='word_1_759' title='bbox 1646 5578 1759 5617; x_wconf 91' lang='lat' dir='ltr'><strong>non</strong></span> <span class='ocrx_word' id='word_1_760' title='bbox 1816 5563 1963 5618; x_wconf 89' lang='lat' dir='ltr'><strong>satis</strong></span> 
     </span>
    </p>
   </div>
   <div class='ocr_carea' id='block_1_109' title="bbox 303 5629 1961 5704">
    <p class='ocr_par' dir='ltr' id='par_1_109' title="bbox 303 5629 1961 5704">
     <span class='ocr_line' id='line_1_109' title="bbox 303 5629 1961 5704; baseline 0.002 -20"><span class='ocrx_word' id='word_1_761' title='bbox 303 5629 571 5700; x_wconf 83' lang='lat' dir='ltr'><strong>intelligo</strong></span> <span class='ocrx_word' id='word_1_762' title='bbox 605 5647 617 5684; x_wconf 88' lang='lat'><strong>:</strong></span> <span class='ocrx_word' id='word_1_763' title='bbox 651 5647 840 5701; x_wconf 89' lang='lat' dir='ltr'><strong>neque</strong></span> <span class='ocrx_word' id='word_1_764' title='bbox 869 5630 1046 5685; x_wconf 90' lang='lat' dir='ltr'><strong>etiam</strong></span> <span class='ocrx_word' id='word_1_765' title='bbox 1099 5631 1344 5704; x_wconf 88' lang='lat' dir='ltr'><strong>lectione</strong></span> <span class='ocrx_word' id='word_1_766' title='bbox 1384 5629 1739 5704; x_wconf 74' lang='lat' dir='ltr'><strong>alterabene</strong></span> <span class='ocrx_word' id='word_1_767' title='bbox 1770 5635 1961 5704; x_wconf 86' lang='lat' dir='ltr'><strong>expri-</strong></span> 
     </span>
    </p>
   </div>
   <div class='ocr_carea' id='block_1_110' title="bbox 305 5702 1960 5782">
    <p class='ocr_par' dir='ltr' id='par_1_110' title="bbox 305 5702 1960 5782">
     <span class='ocr_line' id='line_1_110' title="bbox 305 5702 1960 5782; baseline 0.002 -26"><span class='ocrx_word' id='word_1_768' title='bbox 305 5706 555 5782; x_wconf 76' lang='lat' dir='ltr'><strong>muntur</strong></span> <span class='ocrx_word' id='word_1_769' title='bbox 581 5703 768 5782; x_wconf 62' lang='lat' dir='ltr'><strong>verba</strong></span> <span class='ocrx_word' id='word_1_770' title='bbox 798 5706 1056 5782; x_wconf 41' lang='lat' dir='ltr'><strong>Grmca&#39;:</strong></span> <span class='ocrx_word' id='word_1_771' title='bbox 1113 5703 1267 5782; x_wconf 63' lang='lat' dir='ltr'><strong>&quot;QQEV</strong></span> <span class='ocrx_word' id='word_1_772' title='bbox 1318 5702 1404 5756; x_wconf 75' lang='grc' dir='ltr'>καὶ</span> <span class='ocrx_word' id='word_1_773' title='bbox 1465 5702 1715 5778; x_wconf 80' lang='grc' dir='ltr'><strong>ἀπείρους</strong></span> <span class='ocrx_word' id='word_1_774' title='bbox 1763 5702 1960 5782; x_wconf 52' lang='lat' dir='ltr'><strong>saepe:</strong></span> 
     </span>
    </p>
   </div>
   <div class='ocr_carea' id='block_1_111' title="bbox 306 5770 1426 5848">
    <p class='ocr_par' dir='ltr' id='par_1_111' title="bbox 306 5770 1426 5848">
     <span class='ocr_line' id='line_1_111' title="bbox 306 5770 1426 5848; baseline 0.003 -22"><span class='ocrx_word' id='word_1_775' title='bbox 306 5771 520 5846; x_wconf 72' lang='grc' dir='ltr'>κόσμου</span> <span class='ocrx_word' id='word_1_776' title='bbox 550 5771 640 5828; x_wconf 82' lang='grc' dir='ltr'><strong>καὶ</strong></span> <span class='ocrx_word' id='word_1_777' title='bbox 672 5770 1081 5848; x_wconf 81' lang='grc' dir='ltr'><strong>παλιγγενισίας</strong></span> <span class='ocrx_word' id='word_1_778' title='bbox 1107 5773 1426 5848; x_wconf 70' lang='grc' dir='ltr'><strong>εἰσάγουσιν.</strong></span> 
     </span>
    </p>
   </div>
   <div class='ocr_carea' id='block_1_112' title="bbox 2073 4697 3726 4772">
    <p class='ocr_par' dir='ltr' id='par_1_112' title="bbox 2073 4697 3726 4772">
     <span class='ocr_line' id='line_1_112' title="bbox 2073 4697 3726 4772; baseline -0.003 -11"><span class='ocrx_word' id='word_1_779' title='bbox 2073 4697 2289 4760; x_wconf 55' lang='lat' dir='ltr'><strong>liter.”</strong></span> <span class='ocrx_word' id='word_1_780' title='bbox 2317 4697 2554 4758; x_wconf 55' lang='lat' dir='ltr'><strong>sursum.</strong></span> <span class='ocrx_word' id='word_1_781' title='bbox 2589 4709 2700 4758; x_wconf 87' lang='lat' dir='ltr'><strong>etc.</strong></span> <span class='ocrx_word' id='word_1_782' title='bbox 2731 4705 3295 4772; x_wconf 58' lang='lat' dir='ltr'><strong>Graecexpomxibc...</strong></span> <span class='ocrx_word' id='word_1_783' title='bbox 3326 4700 3415 4754; x_wconf 84' lang='grc' dir='ltr'>καὶ</span> <span class='ocrx_word' id='word_1_784' title='bbox 3450 4697 3585 4754; x_wconf 81' lang='grc' dir='ltr'><strong>ἄνω.</strong></span> <span class='ocrx_word' id='word_1_785' title='bbox 3634 4702 3726 4756; x_wconf 88' lang='lat' dir='ltr'><strong>Li-</strong></span> 
     </span>
    </p>
   </div>
   <div class='ocr_carea' id='block_1_113' title="bbox 2071 4772 3724 4843">
    <p class='ocr_par' dir='ltr' id='par_1_113' title="bbox 2071 4772 3724 4843">
     <span class='ocr_line' id='line_1_113' title="bbox 2071 4772 3724 4843; baseline -0.002 -13"><span class='ocrx_word' id='word_1_786' title='bbox 2071 4775 2294 4830; x_wconf 88' lang='lat' dir='ltr'><strong>brarios</strong></span> <span class='ocrx_word' id='word_1_787' title='bbox 2312 4775 2360 4829; x_wconf 91' lang='lat' dir='ltr'><strong>si</strong></span> <span class='ocrx_word' id='word_1_788' title='bbox 2376 4775 2788 4843; x_wconf 81' lang='lat' dir='ltr'><strong>excusavi,non</strong></span> <span class='ocrx_word' id='word_1_789' title='bbox 2805 4776 3083 4829; x_wconf 92' lang='lat' dir='ltr'><strong>continuo</strong></span> <span class='ocrx_word' id='word_1_790' title='bbox 3101 4790 3310 4828; x_wconf 84' lang='lat' dir='ltr'><strong>excuso</strong></span> <span class='ocrx_word' id='word_1_791' title='bbox 3325 4772 3588 4828; x_wconf 90' lang='lat' dir='ltr'><strong>Eustathi</strong></span> <span class='ocrx_word' id='word_1_792' title='bbox 3601 4790 3630 4826; x_wconf 92' lang='lat' dir='ltr'><strong>u</strong></span> <span class='ocrx_word' id='word_1_793' title='bbox 3643 4790 3724 4843; x_wconf 89' lang='lat' dir='ltr'><strong>m,</strong></span> 
     </span>
    </p>
   </div>
   <div class='ocr_carea' id='block_1_114' title="bbox 2073 4844 3724 4916">
    <p class='ocr_par' dir='ltr' id='par_1_114' title="bbox 2073 4844 3724 4916">
     <span class='ocr_line' id='line_1_114' title="bbox 2073 4844 3724 4916; baseline -0.004 -15"><span class='ocrx_word' id='word_1_794' title='bbox 2073 4847 2189 4902; x_wconf 92' lang='lat' dir='ltr'><strong>imo</strong></span> <span class='ocrx_word' id='word_1_795' title='bbox 2215 4864 2343 4901; x_wconf 87' lang='lat' dir='ltr'><strong>eum</strong></span> <span class='ocrx_word' id='word_1_796' title='bbox 2377 4846 2628 4914; x_wconf 84' lang='lat' dir='ltr'><strong>graviter</strong></span> <span class='ocrx_word' id='word_1_797' title='bbox 2655 4846 3037 4916; x_wconf 86' lang='lat' dir='ltr'><strong>reprehendo,</strong></span> <span class='ocrx_word' id='word_1_798' title='bbox 3067 4845 3217 4915; x_wconf 90' lang='lat' dir='ltr'><strong>quod</strong></span> <span class='ocrx_word' id='word_1_799' title='bbox 3255 4844 3399 4899; x_wconf 92' lang='lat' dir='ltr'><strong>illud</strong></span> <span class='ocrx_word' id='word_1_800' title='bbox 3448 4847 3724 4916; x_wconf 69' lang='grc' dir='ltr'><strong>τροπικῶς</strong></span> 
     </span>
    </p>
   </div>
   <div class='ocr_carea' id='block_1_115' title="bbox 2071 4916 3728 4988">
    <p class='ocr_par' dir='ltr' id='par_1_115' title="bbox 2071 4916 3728 4988">
     <span class='ocr_line' id='line_1_115' title="bbox 2071 4916 3728 4988; baseline -0.001 -17"><span class='ocrx_word' id='word_1_801' title='bbox 2071 4919 2265 4988; x_wconf 89' lang='lat' dir='ltr'><strong>inepte</strong></span> <span class='ocrx_word' id='word_1_802' title='bbox 2312 4918 2546 4973; x_wconf 84' lang='lat' dir='ltr'><strong>veiterit</strong></span> <span class='ocrx_word' id='word_1_803' title='bbox 2592 4917 2948 4980; x_wconf 82' lang='lat' dir='ltr'><strong>mutabiliter,</strong></span> <span class='ocrx_word' id='word_1_804' title='bbox 2983 4933 3116 4970; x_wconf 91' lang='lat' dir='ltr'><strong>cum</strong></span> <span class='ocrx_word' id='word_1_805' title='bbox 3167 4924 3389 4971; x_wconf 89' lang='lat' dir='ltr'><strong>vertere</strong></span> <span class='ocrx_word' id='word_1_806' title='bbox 3427 4916 3728 4971; x_wconf 85' lang='lat' dir='ltr'><strong>debuisset</strong></span> 
     </span>
    </p>
   </div>
   <div class='ocr_carea' id='block_1_116' title="bbox 2070 4989 3320 5062">
    <p class='ocr_par' dir='ltr' id='par_1_116' title="bbox 2070 4989 3320 5062">
     <span class='ocr_line' id='line_1_116' title="bbox 2070 4989 3320 5062; baseline -0.002 -16"><span class='ocrx_word' id='word_1_807' title='bbox 2070 4993 2311 5062; x_wconf 71' lang='lat' dir='ltr'><strong>tropice,</strong></span> <span class='ocrx_word' id='word_1_808' title='bbox 2330 4990 2435 5062; x_wconf 81' lang='lat' dir='ltr'><strong>hoc</strong></span> <span class='ocrx_word' id='word_1_809' title='bbox 2467 4995 2555 5043; x_wconf 87' lang='lat' dir='ltr'><strong>est</strong></span> <span class='ocrx_word' id='word_1_810' title='bbox 2581 5005 2681 5058; x_wconf 85' lang='lat' dir='ltr'><strong>per</strong></span> <span class='ocrx_word' id='word_1_811' title='bbox 2696 4994 2886 5062; x_wconf 71' lang='lat' dir='ltr'><strong>tropos</strong></span> <span class='ocrx_word' id='word_1_812' title='bbox 2916 4993 2966 5062; x_wconf 73' lang='lat' dir='ltr'><strong>et</strong></span> <span class='ocrx_word' id='word_1_813' title='bbox 2997 4989 3320 5062; x_wconf 75' lang='lat' dir='ltr'><strong>allegorias.</strong></span> 
     </span>
    </p>
   </div>
   <div class='ocr_carea' id='block_1_117' title="bbox 2141 5059 3725 5132">
    <p class='ocr_par' dir='ltr' id='par_1_117' title="bbox 2141 5059 3725 5132">
     <span class='ocr_line' id='line_1_117' title="bbox 2141 5059 3725 5132; baseline -0.005 -14"><span class='ocrx_word' id='word_1_814' title='bbox 2141 5059 2212 5132; x_wconf 42' lang='lat' dir='ltr'><strong>(&#39;g)</strong></span> <span class='ocrx_word' id='word_1_815' title='bbox 2240 5059 2746 5127; x_wconf 74' lang='lat' dir='ltr'><strong>Editi,aestimanda</strong></span> <span class='ocrx_word' id='word_1_816' title='bbox 2764 5060 2897 5114; x_wconf 85' lang='lat' dir='ltr'><strong>sint.</strong></span> <span class='ocrx_word' id='word_1_817' title='bbox 2921 5059 3083 5115; x_wconf 83' lang='lat' dir='ltr'><strong>Colb.</strong></span> <span class='ocrx_word' id='word_1_818' title='bbox 3108 5059 3725 5128; x_wconf 75' lang='lat' dir='ltr'><strong>secundus,.&#39;estiman-</strong></span> 
     </span>
    </p>
   </div>
   <div class='ocr_carea' id='block_1_118' title="bbox 2071 5133 2334 5190">
    <p class='ocr_par' dir='ltr' id='par_1_118' title="bbox 2071 5133 2334 5190">
     <span class='ocr_line' id='line_1_118' title="bbox 2071 5133 2334 5190; baseline -0.019 0"><span class='ocrx_word' id='word_1_819' title='bbox 2071 5133 2158 5190; x_wconf 69' lang='lat' dir='ltr'><strong>dae</strong></span> <span class='ocrx_word' id='word_1_820' title='bbox 2188 5138 2334 5189; x_wconf 87' lang='lat' dir='ltr'><strong>sunt.</strong></span> 
     </span>
    </p>
   </div>
   <div class='ocr_carea' id='block_1_119' title="bbox 2141 5200 3726 5274">
    <p class='ocr_par' dir='ltr' id='par_1_119' title="bbox 2141 5200 3726 5274">
     <span class='ocr_line' id='line_1_119' title="bbox 2141 5200 3726 5274; baseline -0.004 -14"><span class='ocrx_word' id='word_1_821' title='bbox 2141 5204 2221 5272; x_wconf 82' lang='lat' dir='ltr'><strong>(h)</strong></span> <span class='ocrx_word' id='word_1_822' title='bbox 2253 5202 2485 5272; x_wconf 81' lang='lat' dir='ltr'><strong>Antiqui</strong></span> <span class='ocrx_word' id='word_1_823' title='bbox 2508 5203 2621 5256; x_wconf 90' lang='lat' dir='ltr'><strong>duo</strong></span> <span class='ocrx_word' id='word_1_824' title='bbox 2641 5200 2770 5255; x_wconf 86' lang='lat' dir='ltr'><strong>libri</strong></span> <span class='ocrx_word' id='word_1_825' title='bbox 2791 5206 2848 5256; x_wconf 88' lang='lat' dir='ltr'><strong>et</strong></span> <span class='ocrx_word' id='word_1_826' title='bbox 2867 5201 3193 5269; x_wconf 69' lang='lat' dir='ltr'><strong>editi,cwlos</strong></span> <span class='ocrx_word' id='word_1_827' title='bbox 3225 5201 3443 5274; x_wconf 86' lang='lat' dir='ltr'><strong>quidem</strong></span> <span class='ocrx_word' id='word_1_828' title='bbox 3464 5216 3573 5256; x_wconf 85' lang='lat' dir='ltr'><strong>non</strong></span> <span class='ocrx_word' id='word_1_829' title='bbox 3593 5214 3726 5274; x_wconf 73' lang='lat' dir='ltr'><strong>con-</strong></span> 
     </span>
    </p>
   </div>
   <div class='ocr_carea' id='block_1_120' title="bbox 2072 5271 3729 5346">
    <p class='ocr_par' dir='ltr' id='par_1_120' title="bbox 2072 5271 3729 5346">
     <span class='ocr_line' id='line_1_120' title="bbox 2072 5271 3729 5346; baseline -0.005 -15"><span class='ocrx_word' id='word_1_830' title='bbox 2072 5271 2418 5346; x_wconf 70' lang='lat' dir='ltr'><strong>temptibiles.</strong></span> <span class='ocrx_word' id='word_1_831' title='bbox 2443 5274 2598 5328; x_wconf 83' lang='lat' dir='ltr'><strong>Colb.</strong></span> <span class='ocrx_word' id='word_1_832' title='bbox 2626 5274 2941 5334; x_wconf 86' lang='lat' dir='ltr'><strong>secundus.</strong></span> <span class='ocrx_word' id='word_1_833' title='bbox 2965 5275 3123 5346; x_wconf 67' lang='lat' dir='ltr'><strong>cretes</strong></span> <span class='ocrx_word' id='word_1_834' title='bbox 3153 5271 3371 5346; x_wconf 78' lang='lat' dir='ltr'><strong>quidem</strong></span> <span class='ocrx_word' id='word_1_835' title='bbox 3399 5271 3729 5346; x_wconf 75' lang='lat' dir='ltr'><strong>contempla-</strong></span> 
     </span>
    </p>
   </div>
   <div class='ocr_carea' id='block_1_121' title="bbox 2073 5339 3728 5417">
    <p class='ocr_par' dir='ltr' id='par_1_121' title="bbox 2073 5339 3728 5417">
     <span class='ocr_line' id='line_1_121' title="bbox 2073 5339 3728 5417; baseline -0.004 -17"><span class='ocrx_word' id='word_1_836' title='bbox 2073 5339 2227 5412; x_wconf 73' lang='lat' dir='ltr'><strong>biles,</strong></span> <span class='ocrx_word' id='word_1_837' title='bbox 2262 5349 2425 5402; x_wconf 82' lang='lat' dir='ltr'><strong>bene.</strong></span> <span class='ocrx_word' id='word_1_838' title='bbox 2448 5347 2508 5400; x_wconf 93' lang='lat' dir='ltr'><strong>ln</strong></span> <span class='ocrx_word' id='word_1_839' title='bbox 2543 5348 2758 5405; x_wconf 68' lang='lat' dir='ltr'><strong>Graeco,</strong></span> <span class='ocrx_word' id='word_1_840' title='bbox 2782 5345 3139 5417; x_wconf 78' lang='grc' dir='ltr'><strong>Θεωρητικάς.</strong></span> <span class='ocrx_word' id='word_1_841' title='bbox 3165 5339 3327 5417; x_wconf 69' lang='lat' dir='ltr'><strong>Haud</strong></span> <span class='ocrx_word' id='word_1_842' title='bbox 3367 5346 3533 5417; x_wconf 77' lang='lat' dir='ltr'><strong>longe</strong></span> <span class='ocrx_word' id='word_1_843' title='bbox 3558 5339 3728 5417; x_wconf 81' lang='lat' dir='ltr'><strong>Colb-</strong></span> 
     </span>
    </p>
   </div>
   <div class='ocr_carea' id='block_1_122' title="bbox 2075 5411 3724 5489">
    <p class='ocr_par' dir='ltr' id='par_1_122' title="bbox 2075 5411 3724 5489">
     <span class='ocr_line' id='line_1_122' title="bbox 2075 5411 3724 5489; baseline -0.004 -17"><span class='ocrx_word' id='word_1_844' title='bbox 2075 5419 2340 5474; x_wconf 84' lang='lat' dir='ltr'><strong>bertinus</strong></span> <span class='ocrx_word' id='word_1_845' title='bbox 2373 5424 2634 5489; x_wconf 85' lang='lat' dir='ltr'><strong>uterque,</strong></span> <span class='ocrx_word' id='word_1_846' title='bbox 2658 5435 2758 5472; x_wconf 82' lang='lat' dir='ltr'><strong>nos</strong></span> <span class='ocrx_word' id='word_1_847' title='bbox 2789 5411 3178 5484; x_wconf 73' lang='lat' dir='ltr'><strong>huiuscemodi.</strong></span> <span class='ocrx_word' id='word_1_848' title='bbox 3213 5414 3357 5468; x_wconf 84' lang='lat' dir='ltr'><strong>Illud</strong></span> <span class='ocrx_word' id='word_1_849' title='bbox 3391 5411 3487 5470; x_wconf 78' lang='lat' dir='ltr'><strong>nos</strong></span> <span class='ocrx_word' id='word_1_850' title='bbox 3521 5413 3575 5467; x_wconf 92' lang='lat' dir='ltr'><strong>in</strong></span> <span class='ocrx_word' id='word_1_851' title='bbox 3599 5411 3724 5466; x_wconf 88' lang='lat' dir='ltr'><strong>vul-</strong></span> 
     </span>
    </p>
   </div>
   <div class='ocr_carea' id='block_1_123' title="bbox 2072 5491 2466 5560">
    <p class='ocr_par' dir='ltr' id='par_1_123' title="bbox 2072 5491 2466 5560">
     <span class='ocr_line' id='line_1_123' title="bbox 2072 5491 2466 5560; baseline 0.003 -17"><span class='ocrx_word' id='word_1_852' title='bbox 2072 5491 2220 5560; x_wconf 86' lang='lat' dir='ltr'><strong>gatis</strong></span> <span class='ocrx_word' id='word_1_853' title='bbox 2250 5492 2466 5546; x_wconf 88' lang='lat' dir='ltr'><strong>deerat.</strong></span> 
     </span>
    </p>
   </div>
   <div class='ocr_carea' id='block_1_124' title="bbox 2142 5552 3728 5628">
    <p class='ocr_par' dir='ltr' id='par_1_124' title="bbox 2142 5552 3728 5628">
     <span class='ocr_line' id='line_1_124' title="bbox 2142 5552 3728 5628; baseline -0.006 -12"><span class='ocrx_word' id='word_1_854' title='bbox 2142 5565 2206 5628; x_wconf 79' lang='grc' dir='ltr'><strong>(ἱ)</strong></span> <span class='ocrx_word' id='word_1_855' title='bbox 2240 5562 2389 5616; x_wconf 83' lang='lat' dir='ltr'><strong>Editi</strong></span> <span class='ocrx_word' id='word_1_856' title='bbox 2421 5567 2478 5615; x_wconf 88' lang='lat' dir='ltr'><strong>et</strong></span> <span class='ocrx_word' id='word_1_857' title='bbox 2506 5562 2620 5614; x_wconf 92' lang='lat' dir='ltr'><strong>duo</strong></span> <span class='ocrx_word' id='word_1_858' title='bbox 2654 5578 2822 5624; x_wconf 89' lang='lat' dir='ltr'><strong>mss.,</strong></span> <span class='ocrx_word' id='word_1_859' title='bbox 2853 5577 2885 5614; x_wconf 89' lang='lat' dir='ltr'><strong>a</strong></span> <span class='ocrx_word' id='word_1_860' title='bbox 2932 5557 3147 5621; x_wconf 84' lang='lat' dir='ltr'><strong>Daniel,</strong></span> <span class='ocrx_word' id='word_1_861' title='bbox 3183 5555 3468 5628; x_wconf 78' lang='lat' dir='ltr'><strong>sensibiles</strong></span> <span class='ocrx_word' id='word_1_862' title='bbox 3499 5568 3612 5608; x_wconf 82' lang='lat' dir='ltr'><strong>esse</strong></span> <span class='ocrx_word' id='word_1_863' title='bbox 3630 5552 3728 5628; x_wconf 85' lang='lat' dir='ltr'><strong>_vel</strong></span> 
     </span>
    </p>
   </div>
   <div class='ocr_carea' id='block_1_125' title="bbox 2071 5624 3724 5700">
    <p class='ocr_par' dir='ltr' id='par_1_125' title="bbox 2071 5624 3724 5700">
     <span class='ocr_line' id='line_1_125' title="bbox 2071 5624 3724 5700; baseline -0.004 -14"><span class='ocrx_word' id='word_1_864' title='bbox 2071 5624 2379 5688; x_wconf 70' lang='lat' dir='ltr'><strong>invisibiles</strong></span> <span class='ocrx_word' id='word_1_865' title='bbox 2410 5630 2787 5700; x_wconf 51' lang='lat' dir='ltr'><strong>intelligenda</strong></span> <span class='ocrx_word' id='word_1_866' title='bbox 2814 5641 3035 5687; x_wconf 71' lang='lat' dir='ltr'><strong>natura?</strong></span> <span class='ocrx_word' id='word_1_867' title='bbox 3061 5631 3210 5683; x_wconf 83' lang='lat' dir='ltr'><strong>sunt.</strong></span> <span class='ocrx_word' id='word_1_868' title='bbox 3241 5625 3402 5684; x_wconf 88' lang='lat' dir='ltr'><strong>Colb.</strong></span> <span class='ocrx_word' id='word_1_869' title='bbox 3428 5624 3724 5684; x_wconf 89' lang='lat' dir='ltr'><strong>secundus</strong></span> 
     </span>
    </p>
   </div>
   <div class='ocr_carea' id='block_1_126' title="bbox 2073 5705 2552 5760">
    <p class='ocr_par' dir='ltr' id='par_1_126' title="bbox 2073 5705 2552 5760">
     <span class='ocr_line' id='line_1_126' title="bbox 2073 5705 2552 5760; baseline -0.002 -2"><span class='ocrx_word' id='word_1_870' title='bbox 2073 5709 2138 5760; x_wconf 89' lang='lat' dir='ltr'><strong>ut</strong></span> <span class='ocrx_word' id='word_1_871' title='bbox 2170 5705 2225 5759; x_wconf 91' lang='lat' dir='ltr'><strong>in</strong></span> <span class='ocrx_word' id='word_1_872' title='bbox 2259 5709 2552 5759; x_wconf 77' lang='lat' dir='ltr'><strong>contextu.</strong></span> 
     </span>
    </p>
   </div>
  </div>
