4128 6216
458 319 578 380 903

1416 312 1810 374 APPENDIX
1851 311 2182 376 OPERUM
2224 311 2291 374 S.
2333 311 2616 373 BASILII
2657 311 2913 374 MAGNI

3759 314 3883 376 θοι

458 451 782 509 bricatores
815 448 1252 522 allegoriarum,
1301 446 1626 504 refutabilis
1689 446 2026 504 aestimatur
2081 464 2115 502 a
2140 448 2197 516 Α
2224 451 2518 518 petentem
2549 446 2809 518 laudem,
2853 462 2989 503 cum
3040 446 3215 504 fuerit
3261 451 3732 520 consummatus,
3761 449 3877 505 im-

459 540 769 600 Psalmista
802 554 816 596 :
848 554 982 595 cum
1014 541 1071 594 et
1098 537 1230 610 ipsa
1268 537 1593 593 secundum
1644 553 1813 592 suam
1861 535 2110 608 qualita-

457 638 574 689 tem
607 630 858 702 hymnos
893 629 1033 684 72]
1074 627 1347 699 potentias
1379 627 1708 683 Conditoris
1741 626 1976 682 emittit.

534 720 618 774 10.
652 719 713 772 Et
742 715 879 771 vidit
907 716 1042 770 Deus
1074 714 1150 786 (a)
1183 715 1314 786 quia
1348 714 1546 770 bonum
1577 723 1653 771 est
1680 717 2110 785 ﬁrmamentum.

458 810 584 866 Non
605 806 910 864 oculorum
935 804 1273 875 probatione
1296 803 1439 860 dixit
1469 804 1712 861 bonum.
1737 806 1936 877 Neque
1955 806 2112 863 enim

458 911 797 970 corpoream
831 892 1273 949 delectationem
1307 898 1586 966 praestant
1608 895 1776 951 nobis
1805 913 1930 967 quas
1952 913 2114 954 cons-

451 989 746 1044 tituuntur
778 1000 810 1039 a
838 983 979 1050 Deo,
1007 996 1111 1038 nec
1139 999 1207 1038 ea
1236 981 1470 1038 illorum
1501 983 1877 1057 percipienda
1904 985 2112 1058 volup-

448 1081 539 1134 tas
571 1079 815 1147 estquae
846 1072 1119 1128 videntur
1141 1072 1401 1144 jocunda
1453 1073 1844 1142 mortalibus;
1895 1075 1995 1131 sed
2037 1077 2110 1150 (b)

447 1167 666 1222 bonum
698 1161 841 1218 dixit
872 1178 1019 1234 opus
1051 1162 1199 1233 quod
1235 1162 1380 1218 artis
1412 1179 1530 1218 sua:
1562 1164 1785 1220 ratione
1806 1168 2105 1236 pensatur,

445 1260 502 1311 et
533 1254 604 1310 ad
637 1253 816 1308 finem
849 1250 1056 1306 futurae
1101 1251 1538 1308 commoditatis
1588 1252 1861 1308 intendit.
1903 1254 2109 1310 Merito

446 1360 583 1417 ergo
597 1341 921 1416 (c)quidem
953 1340 1011 1396 in
1027 1341 1309 1396 rationem
1343 1341 1710 1414 gignentium
1739 1343 2108 1400 manifestam

448 1451 577 1492 esse
601 1430 938 1506 proposuit;
961 1429 1060 1487 illa
1079 1447 1204 1502 qua:
1223 1430 1473 1487 subinde
1495 1448 1598 1504 per
1613 1435 1808 1504 partes
1838 1433 1918 1505 (εἰ)
1941 1434 2107 1489 effec-

444 1527 506 1579 ta
534 1525 694 1590 sunt,
722 1520 930 1593 opiﬁco
963 1535 1070 1575 suo
1102 1519 1335 1576 virtutis
1366 1536 1634 1577 sermone
1664 1527 2109 1593 percurrens,ut

452 1616 586 1684 pote
618 1609 823 1665 mundi
856 1608 1359 1665 consummatoria
1406 1609 1771 1666 collaudavit.
1805 1611 1947 1666 Nam
1978 1629 2107 1668 ma-

449 1718 563 1758 nus
595 1703 652 1756 et
686 1697 911 1765 oculus,
971 1702 1292 1770 caeteraque
1325 1699 1588 1755 membra
1633 1699 1935 1756 simulacri
1965 1701 2106 1758 aanei

443 1789 697 1862 sparsim
729 1788 986 1859 projects
1009 1783 1154 1842 nulli
1176 1786 1447 1844 videntur
1465 1805 1594 1845 esse
1614 1788 1801 1858 bona;
1836 1806 1971 1846 cum
1994 1808 2099 1846 au-

439 1884 558 1936 tem
589 1879 651 1936 in
679 1893 847 1934 suum
883 1876 1148 1933 ordinem
1198 1877 1524 1950 composita
1571 1879 1931 1951 redigantur,
1963 1896 2096 1952 spe-

439 1969 701 2039 ciemque
733 1983 999 2038 congruae
1051 1965 1418 2023 lormationis
1457 1968 1807 2040 acceperint,
1841 1985 1875 2025 a
1907 1968 2096 2041 quoli-

438 2059 536 2114 bct
560 2056 824 2129 imperito
855 2055 1022 2111 facile
1053 2055 1488 2111 discernuntur.
1511 2059 1583 2112 At
1613 2073 1743 2113 vero
1777 2057 2094 2114 elemento-

438 2164 570 2204 rum
601 2146 854 2215 Creator,
880 2149 937 2200 et
985 2149 1119 2200 ante
1166 2144 1538 2216 singulorum
1589 2147 2094 2219 compositionem,

440 2239 678 2294 noverat
700 2234 988 2306 cujusque
1014 2235 1206 2306 operis
1227 2234 1448 2291 bonum
1475 2251 1488 2290 :
1514 2235 1864 2308 singulaque
1887 2236 2099 2293 collau-

441 2326 613 2394 dans,
647 2323 1062 2396 cogitationem
1095 2340 1212 2379 sum
1245 2324 1458 2380 mentis
1486 2325 1558 2380 ad
1583 2325 1655 2396 (e)
1678 2325 1943 2382 futurum
1973 2325 2096 2382 exi-

438 2419 567 2470 tum
607 2412 810 2485 dirigit
842 2413 1246 2470 formatorum.
1297 2411 1455 2469 Talis
1502 2431 1636 2485 ergo
1681 2431 1837 2470 nunc
1867 2430 2098 2486 quoque

441 2503 651 2560 artifex
683 2501 1049 2574 singularum
1083 2501 1337 2573 partium
1371 2503 1544 2570 Deus,
1578 2507 1836 2559 assertor
1866 2506 1922 2559 et
1952 2521 2101 2576 prae.

440 2593 701 2662 dicator;
735 2591 838 2649 sed
870 2589 1043 2664 paulo
1073 2595 1205 2662 post
1233 2589 1394 2647 omni
1424 2590 1641 2663 pariter
1670 2592 1912 2661 mundo,
1935 2609 2097 2649 com-

512 2708 591 2780 (α)
626 2707 797 2778 Editi,
830 2707 970 2780 quod
1001 2708 1199 2763 bonum
1230 2711 1329 2764 est.
1363 2707 1599 2778 Antiqui
1631 2712 1750 2764 tres
1781 2707 1934 2780 libri,
1967 2710 2100 2781 quia

444 2782 647 2837 bonum
675 2783 774 2835 est.

479 2796 647 2836 onum
675 2783 774 2835 est.

514 2853 597 2924 (b),
620 2848 859 2924 Antiqui
891 2850 1005 2924 duo
1028 2848 1183 2924 libri,
1212 2849 1312 2924 sed
1341 2849 1541 2924 panum
1569 2849 1720 2906 dixit
1747 2867 1902 2924 opus,
1937 2851 2097 2923 quod,

444 2921 709 2979 etc/Vox
738 2921 873 2995 opus
901 2921 962 2995 in
986 2922 1158 2995 editis
1193 2921 1580 2978 desideratur.

511 2996 578 3064 (ο)
609 2993 846 3050 Εᾶίιῖεῑ
874 2993 1031 3048 Colb.
1067 2994 1315 3066 primus,
1367 2995 1561 3049 merito
1607 3010 1738 3064 ergo
1787 2995 2010 3065 quidem
2042 2995 2100 3050 in

437 3068 709 3139 rationem
735 3067 1078 3136 gignentium
1105 3068 1600 3139 manifestamesse
1613 3069 1910 3139 proposuit
1933 3084 1950 3120 :
1970 3066 2099 3139 qui-

445 3137 556 3194 bus
587 3154 657 3193 ex
679 3139 872 3192 verbis
903 3155 1029 3208 quae
1061 3143 1197 3208 apta
1226 3137 1516 3193 sententia
1568 3137 1717 3192 et‘lici
1768 3139 1953 3208 possit
1983 3137 2098 3194 non

2221 535 2448 608 pertiet.
2469 537 2584 593 Sed
2601 537 2696 592 hic
2710 537 2839 607 jam
2861 538 3118 594 narratio
3154 537 3446 594 matutina
3474 539 3748 594 secundae
3763 539 3881 595 diei

2219 630 2540 686 terminum
2572 629 2852 686 sortiatur
2877 647 2888 686 :
2917 635 2982 687 ut
3003 631 3368 689 auditoribus
3391 631 3676 688 studiosis
3706 632 3878 688 indu-

2219 718 2338 775 cias
2368 719 2752 792 praebeamus,
2787 736 2901 791 quo
2932 720 3086 777 inter
3135 736 3197 777 se
3244 722 3507 777 conferre
3545 737 3675 793 quas
3726 721 3884 777 dicta

2219 812 2380 875 snnt,
2415 808 2832 880 memoriaeque
2879 809 3188 878 beneficio,
3219 808 3449 866 intimis
3493 810 3772 866 cordibus
3805 811 3878 865 ad

2219 896 2532 952 utilitatem
2565 897 2861 969 propriam
2881 899 3131 954 retinere
3150 900 3218 970 (f)
3241 906 3448 954 cuncta
3480 902 3879 971 procurent,et

2219 1003 2330 1041 usu
2364 985 2764 1042 meditationis
2803 986 3078 1052 assiduas,
3113 987 3387 1043 doctrinis
3437 987 3635 1043 cibum
3688 989 3880 1043 rumi-

2219 1077 2447 1144 nantes,
2470 1077 2600 1145 post
2621 1074 3006 1146 digestionem
3028 1075 3346 1145 salubrem,
3373 1075 3592 1132 residui
3613 1076 3884 1149 ﬂagitent

2218 1161 2497 1219 alimenta
2525 1164 2838 1220 sermonis.
2862 1163 2963 1220 His
2987 1181 3120 1220 vero
3143 1164 3244 1237 qui
3267 1164 3494 1220 vivendi
3523 1181 3736 1221 causas
3757 1181 3882 1222 ma-

2217 1253 2391 1310 nibus
2411 1258 2679 1309 exercent
2700 1253 3128 1327 indulgentiam
3160 1254 3350 1310 medio
3372 1259 3632 1327 tempore
3651 1256 3880 1311 tribua-

2217 1358 2385 1411 mus;
2421 1347 2485 1398 ut
2514 1341 2820 1414 completis
2851 1342 3129 1415 operibus
3159 1343 3424 1398 animum
3457 1360 3734 1399 curarum
3769 1361 3878 1399 ne—

2214 1448 2290 1486 xu
2313 1434 2600 1498 sotutum,
2633 1447 2840 1487 rursus
2867 1431 3118 1504 dapibus
3149 1431 3463 1488 exhibeant
3500 1433 3875 1505 vespertinis.

2214 1522 2460 1592 Interea,
2493 1521 2797 1589 Dominus,
2827 1520 2928 1592 qui
2956 1522 3031 1593 (g)
3065 1522 3378 1595 magnifica
3401 1522 3537 1578 fecit
3564 1539 3634 1577 ex
3666 1522 3876 1592 nihilo,

2214 1615 2270 1666 et
2285 1627 2318 1665 a
2335 1610 2504 1666 nobis
2530 1611 2646 1665 haec
2664 1627 2840 1682 parva
2857 1611 3166 1667 verborum
3191 1612 3436 1684 proferri
3453 1611 3737 1667 libamina
3757 1612 3878 1668 dis-

2214 1699 2498 1772 pensavit,
2527 1700 2625 1756 det
2653 1698 2815 1755 vobis
2845 1698 3209 1756 intellectum
3231 1717 3350 1756 suae
3381 1700 3645 1757 veritatis
3672 1725 3688 1767 ;
3718 1704 3786 1755 ut
3805 1717 3878 1756 ex

2212 1788 2542 1844 visibilibus
2575 1787 2928 1844 invisibilem
2954 1788 3257 1862 reputetis,
3279 1795 3336 1846 et
3365 1807 3433 1846 ex
3461 1789 3876 1862 magnitudine

2207 1895 2272 1934 ac
2293 1876 2730 1950 pulchritudine
2754 1878 3443 1951 creaturas,(h)decentem
3464 1877 3714 1951 gloriam
3727 1879 3873 1935 Con-

2203 1967 2410 2024 ditoris
2434 1984 2599 2023 mens
2620 1971 2812 2024 vestra
2832 1966 3135 2040 percipiat,
3160 1972 3226 2024 ut
3254 1972 3310 2023 et
3327 1967 3386 2023 in
3409 1972 3584 2037 terra,
3609 1972 3666 2023 et
3688 1968 3746 2022 in
3771 1984 3876 2024 ae-

2205 2073 2286 2125 re,
2307 2061 2362 2112 et
2393 2057 2452 2112 in
2485 2055 2648 2122 cmlo,
2681 2061 2739 2112 et
2768 2056 2828 2111 in
2861 2057 3051 2128 aquis,
3071 2061 3128 2112 et
3155 2055 3308 2112 inter
3337 2057 3491 2112 diem
3523 2061 3582 2112 et
3611 2060 3872 2127 noctem,

2204 2151 2261 2202 et
2292 2147 2348 2201 in
2380 2145 2658 2203 omnibus
2689 2162 2814 2217 quas
2857 2149 3179 2201 cernuntur
3214 2143 3602 2201 benefactoris
3635 2162 3870 2222 monu-

2209 2240 2408 2291 menta
2441 2234 2772 2290 certissima
2802 2234 3069 2307 capiatis.
3112 2234 3311 2307 Neque
3339 2235 3496 2290 enim
3528 2238 3629 2289 aut
3659 2249 3873 2306 pecca-

2207 2326 2284 2381 tis
2315 2328 2551 2396 tempus
2580 2323 2839 2396 dabitur,
2868 2329 2968 2380 aut
3008 2323 3246 2380 inimico
3295 2324 3458 2380 locus
3509 2325 3873 2396 suggerendi

2208 2417 2500 2472 contraria
2531 2415 2920 2487 relinquetur,
2945 2415 3193 2472 Domino
3221 2415 3431 2472 vestris
3461 2415 3733 2471 sensibus
3765 2416 3876 2470 ad-

2208 2505 2501 2574 haerente;
2553 2504 2645 2560 cui
2675 2503 2863 2577 gloria
2891 2507 2949 2560 et
2985 2503 3300 2576 veneratio,
3330 2521 3485 2560 nunc
3527 2509 3584 2560 et
3612 2521 3873 2576 semper,

2209 2599 2266 2652 et
2294 2612 2397 2668 per
2427 2593 2628 2651 omnia
2651 2593 2864 2651 saecula
2894 2593 3262 2650 saeculorum.
3295 2595 3491 2650 Amen.

2207 2711 2386 2768 binde
2412 2709 2568 2765 Colb.
2602 2709 2917 2778 secundus,
2946 2711 3155 2779 passim
3179 2711 3446 2781 projecta.

2279 2783 2354 2854 (e)
2385 2781 2557 2854 Editi,
2615 2782 2689 2837 ad
2742 2778 3059 2854 futurorum
3111 2778 3341 2838 exitum.
3389 2786 3466 2835 At
3513 2778 3700 2837 nostri
3741 2784 3872 2836 tres

2209 2853 2378 2922 mss.,
2411 2853 2480 2908 ad
2505 2855 2762 2924 futurum
2787 2853 3022 2916 exiaum.

2279 2928 2342 2997 (fl
2372 2922 2610 2996 Antiqui
2643 2926 2758 2980 duo
2778 2925 2933 2995 libri,
2964 2927 3161 2980 cuncta
3178 2932 3486 2995 procurent.
3517 2922 3872 2997 Editi,cunc-

2207 3003 2268 3052 ta
2295 2994 2634 3068 percurrent.
2667 2997 2877 3052 Statim
2908 2997 3087 3052 codex
3129 2994 3327 3051 noster
3355 3001 3410 3051 et
3438 2994 3599 3052 Colb.
3649 3011 3873 3050 secun-

2209 3067 2343 3133 dus,
2381 3085 2481 3123 usu
2507 3067 2879 3124 meditationis
2907 3068 3146 3123 assiduo.

2281 3141 2357 3220 (g)
2389 3139 2547 3196 Colb.
2581 3143 3144 3220 secundusumagna
3171 3140 3321 3220 fecit.
3356 3135 3473 3220 Alii
3503 3137 3796 3220 duqmss.
3816 3140 3874 3220 et

441 3210 631 3284 video.
665 3208 818 3264 Alter
844 3197 1026 3284 Colb.,
1059 3197 1259 3264 merito
1286 3225 1415 3277 ergo
1459 3225 1577 3284 quae
1625 3197 1986 3284 destinatione
2006 3211 2096 3284 καί·
2129 3197 2174 3266 C
2212 3197 2374 3279 editi,
2405 3213 2701 3284 magniﬁca
2729 3197 3118 3284 fecit.'Gra3ce,
3171 3197 3242 3262 ἒὰ
3288 3204 3514 3284 μεγάλα..
3549 3208 3871 3284 Aliquanto

442 3281 728 3352 gnentium
768 3282 1066 3350 manifesta
1105 3296 1216 3334 esse
1243 3281 1542 3352 proposuit,
1578 3296 1690 3334 non
1729 3281 1956 3336 melius.
1991 3283 2099 3338 Co-

444 3355 552 3407 dex
571 3356 788 3416 noster,
813 3353 1006 3407 merito
1032 3367 1164 3422 ergo
1181 3351 1401 3422 quidem
1427 3352 1486 3405 in
1507 3352 1726 3405 ratione
1753 3355 2101 3423 gignentium

443 3425 744 3494 manifesta
772 3439 888 3478 esse
918 3425 1237 3494 proposuit;
1259 3425 1414 3491 quod
1438 3438 1670 3492 quoque
1698 3423 1976 3494 vitiosum
2007 3441 2100 3479 es-

443 3511 528 3565 se,
561 3498 1118 3566 negaturumputo
1147 3494 1463 3566 neminem,
1514 3494 1618 3549 sed
1664 3493 1747 3566 sic
1789 3499 1986 3550 tamen
2037 3500 2100 3552 ut

446 3564 615 3622 facile
643 3564 938 3622 emendari
958 3564 1168 3636 possit.
1206 3565 1388 3637 Igitur
1428 3581 1530 3637 pro
1562 3565 1782 3636 quidem
1812 3566 1981 3623 velim
2018 3566 2098 3622 le-

441 3655 544 3710 gas
576 3638 846 3711 quaedam.
881 3637 1065 3692 Merito
1094 3654 1222 3708 ergo
1251 3637 1499 3711 quaedam
1531 3638 1592 3692 in
1623 3640 1840 3711 ratione
1868 3640 2099 3711 gignen-

446 3708 597 3785 tium'
613 3713 914 3785 manifesta
934 3725 1044 3765 esse
1061 3708 1596 3785 propocuitﬂraace,
1623 3708 1651 3762 ὁ
1681 3708 1863 3763 τοίνυν
1900 3708 2100 3785 ἰύαργῆ

439 3778 776 3865 remex-gnos
797 3783 914 3865 τῶχ
938 3778 1245 3865 γενόμένῴν
1273 3781 1632 3865 ἕτεοθρμεγος.

511 3854 590 3926 (d)
621 3853 796 3922 Editi,
829 3853 1029 3926 aﬂ‘ecta
1073 3857 1223 3908 sunt.
1272 3853 1425 3908 Libri
1459 3857 1701 3926 veteres,
1731 3855 1920 3924 eﬂecta
1945 3861 2097 3926 sunt.

442 3927 610 3982 Ilaud
643 3926 812 3998 longe
843 3925 1004 3994 editi,
1037 3941 1233 3981 manus
1261 3933 1312 3982 et
1351 3927 1550 3982 oculos.
1586 3925 1745 3981 Colb.
1779 3925 2098 3998 secundus,

436 4014 643 4053 manus
671 4008 722 4056 et
751 3997 915 4056 oculi.
949 3999 1137 4053 Codex
1168 4002 1384 4066 noster,
1417 4013 1622 4052 manus
1653 4005 1704 4052 et
1735 3998 1949 4052 oculus.
1985 3997 2097 4053 Su-

2212 3288 2347 3356 post
2376 3279 2537 3349 editi,
2571 3279 2633 3356 ut
2662 3279 2739 3340 ex'
2766 3282 3167 3354 magnitudine.
3211 3279 3449 3353 Antiqui
3475 3280 3591 3335 duo
3621 3279 3784 3348 libri,
3818 3284 3871 3336 et

2208 3355 2278 3411 ea:
2306 3355 2721 3411 magnitudine.

2306 3374 2395 3410 ma
2443 3374 2721 3411 nuuaine.

2281 3427 2358 3497 (Ii)
2391 3374 2842 3492 Editiﬂecentem
2861 3425 3050 3497 gloria
3073 3424 3379 3497 Conditoris
3397 3438 3718 3497 mensuram
3737 3439 3872 3492 per-

2281 3444 2358 3497 m)
2391 3444 2842 3492 uoiu,aecemem
2906 3444 3050 3482 toria
3073 3444 3379 3482 conditoris
3397 3444 3718 3479 mensuram
3737 3444 3872 3492 per-

2208 3499 2402 3576 eipial,
2435 3505 2724 3576 corrupte.
2757 3444 2914 3554 Colg.
2965 3499 3282 3576 secundus,
3313 3496 3591 3576 decentem
3624 3495 3874 3576 gloriam

2209 3568 2518 3628 Canditoris
2546 3568 2701 3627 mens
2727 3579 2910 3626 vestra
2950 3572 3219 3641 percipiat
3249 3586 3268 3622 :
3299 3568 3451 3639 quod
3493 3583 3627 3622 cum
3659 3568 3873 3641 genui-

2211 3658 2351 3714 num
2386 3658 2512 3697 esse
2544 3645 2690 3699 satis
2723 3658 2916 3714 periise
2945 3639 3392 3714 pateatnpotest
3421 3644 3620 3714 tamen
3649 3639 3877 3714 confir-

2209 3713 2353 3768 mari
2384 3730 2451 3768 ex
2483 3706 2781 3794 Basiliano
2805 3706 3878 3794 illo,iivalapédvnjcshpercipiatis,aut

2209 3801 2364 3840 mens
2377 3790 2557 3840 vestra
2568 3784 3179 3857 percipiat.Aliquanto
3195 3789 3324 3857 post
3339 3783 3477 3839 editi
3491 3790 3545 3838 el
3561 3783 3678 3857 duo
3697 3799 3874 3857 mss.,

2209 3865 2260 3912 et
2291 3859 2439 3912 inter
2466 3853 2611 3913 diem
2636 3867 2687 3914 et
2714 3866 2943 3914 noctem.
2969 3853 3128 3913 Colb.
3161 3853 3480 3922 secundus,
3511 3857 3562 3910 et
3595 3855 3655 3910 in
3687 3853 3780 3912 die
3812 3872 3880 3911 ac

2206 3935 2384 3985 nocte.

3491 4123 3874 4133 ...ᾤ’-..νο

1632 4195 2005 4289 LIBER
2071 4195 2668 4308 QUARTUS.

1153 4346 1236 4406 De
1264 4347 1720 4426 congregatione
1747 4365 2068 4427 aquarum,
2099 4357 2156 4409 et
2183 4348 2563 4432 apparitione
2593 4347 2778 4410 aridae
2808 4347 3155 4431 disputatio.

507 4481 718 4536 l.Sunt
740 4479 915 4535 urbes
935 4480 1204 4551 quendam
1228 4495 1477 4550 quarum
1509 4479 1708 4552 populi
1745 4481 2096 4552 spectaculis

2206 4483 2484 4540 inanibus
2496 4483 2727 4540 actibus
2739 4482 3471 4556 occupantur,ignorantes
3483 4481 3885 4554 quiasaltatio

440 4566 863 4660 mirabilibus?
881 4568 1166 4624 mai-“tino
1184 4573 1649 4660 thPOf‘ePsque
1669 4569 1742 4624 ad
1764 4586 2098 4660 νθδΡθΓυωι
2131 4573 2177 4639 D
2207 4587 2761 4660 spectationibus(b)
2775 4589 3096 4660 approbata
3111 4585 3888 4660 lurpissimis,publicume¢

435 4657 705 4731 pr0prios
737 4656 936 4714 oculos
967 4658 1259 4730 pascendo
1304 4657 1576 4714 reﬁciunt
1619 4674 1632 4715 :
1674 4663 1886 4715 cantus
1917 4659 2093 4716 etiam

437 4745 1832 4819 blandos,(a)modulationesquelascivas,luxum
1849 4748 2097 4805 nimium

438 4837 1222 4910 generantes,sensibussuis
1236 4836 1788 4908 injiciunt,quorum
1808 4837 2100 4895 ausculta-

440 4925 600 4981 tione
631 4925 854 4982 diutius
885 4925 1179 4992 Oblectati,
1204 4925 1544 4982 nullatenus
1575 4925 1882 4982 satiantur.
1908 4931 1976 4982 Et
2007 4931 2098 4984 ta-

440 5030 577 5070 men
607 5031 707 5071 eos
737 5014 1006 5071 homines
1030 5014 1200 5072 multi
1233 5014 1432 5070 beatos
1460 5013 1755 5086 appellare
1785 5029 2099 5072 consueve-

441 5107 600 5171 runt,
634 5104 775 5175 quia
817 5104 1142 5160 necessaria
1189 5103 1418 5173 negotia
1465 5104 1820 5173 deserentes,
1861 5109 1917 5160 et
1947 5109 2100 5161 artes

437 5192 655 5264 quibus
686 5193 912 5249 vivendi
939 5192 1207 5248 subsidia
1229 5195 1668 5264 comparantur,
1690 5208 1793 5265 per
1813 5192 2101 5250 desidiam

443 5285 500 5338 et
518 5281 878 5355 voluptatem
900 5285 1188 5338 statutum
1203 5279 1316 5337 sibi
1334 5281 1713 5353 tempusvitae
1734 5287 2098 5354 peragentes,

514 5398 588 5468 (α)
620 5398 710 5452 Sic
743 5415 881 5453 mss.
919 5398 1124 5453 nostri.
1161 5396 1309 5452 Illud
1346 5413 1467 5468 qua:
1499 5398 1697 5452 aberat
1731 5415 1763 5452 a
1789 5397 2062 5467 vulgatis.

516 5471 592 5540 (b)
621 5469 772 5524 Editi
805 5475 862 5524 et
881 5469 1039 5524 Colb.
1075 5468 1322 5540 primus,
1355 5470 1658 5541 approbata
1686 5471 1956 5541 pessimis.
1988 5470 2101 5526 Alii

446 5541 563 5595 duo
619 5557 789 5608 mss.,
833 5541 1139 5611 approbata
1187 5540 1564 5612 turpissimis;
1598 5541 1749 5611 quod
1785 5540 1972 5612 magis
2004 5559 2100 5598 ac-

445 5612 806 5684 commodari
838 5610 1032 5684 potest
1070 5613 1142 5668 ad
1172 5610 1708 5684 vocederaacam
1756 5610 2098 5676 ἀκολᾶστοις.

449 5683 670 5738 Ibidem
703 5684 819 5740 duo
839 5681 1019 5752 mss.,
1047 5683 1288 5757 perﬁcit.
1328 5681 1504 5751 Editi,
1532 5686 1782 5756 perfecit.

2207 4702 2517 4741 commune
2533 4685 3166 4759 perﬁcitmagisterium
3182 4684 3454 4740 vitiorum
3466 4685 3693 4757 .Lyrica
3703 4686 3886 4742 etiam

2206 4783 2491 4851 carmina,
2515 4788 2840 4855 cantusque
2859 4784 3256 4851 tibicinum,et
3272 4783 3626 4838 meretriciae
3649 4784 3883 4840 cantio-

2210 4881 2613 4950 nes,cordibus
2636 4881 3002 4938 audientium
3027 4880 3373 4954 lapsas,quid
3399 4879 3562 4935 aliud
3585 4897 3766 4952 quam
3786 4882 3878 4937 in-

2208 4980 2429 5036 famiam
2442 4977 3209 5052 spectatoribusinolescunt
3223 4975 3628 5034 aemulantibus
3646 4978 3882 5035 histrio-

2211 5077 2356 5133 nes?
2388 5077 2665 5133 Nonnulli
2697 5082 2892 5134 autem
2923 5077 3276 5133 circensium
3306 5075 3505 5132 furiali
3539 5078 3748 5133 ardore
3780 5079 3876 5133 de-

2208 5175 2375 5244 tenti,
2406 5176 2679 5233 noctibus
2712 5176 3074 5232 somniantes
3115 5193 3219 5248 pro
3249 5191 3540 5247 equorum
3573 5174 3874 5231 velocitate

2210 5284 2590 5355 contendunt,
2614 5285 2787 5340 modo
2810 5283 2880 5354 (c)
2902 5299 3108 5340 currus
3132 5286 3413 5349 rotantes,
3439 5282 3618 5338 modo
3638 5282 3872 5354 aurigas

2282 5398 2352 5468 (c)
2384 5397 2529 5452 Edili
2563 5402 2618 5452 et
2649 5400 2764 5453 duo
2792 5414 2960 5466 mss.,
2989 5413 3187 5454 currus
3213 5400 3461 5451 notantes
3495 5416 3506 5429 ·
3537 5399 3697 5469 quod
3731 5395 3870 5467 quin

2215 5471 2566 5524 mendosum
2592 5471 2670 5524 sit
2691 5471 2948 5525 dubitari
2970 5487 3084 5524 non
3115 5473 3325 5540 potest.
3356 5469 3513 5522 Colb.
3551 5472 3870 5533 secundus,

2214 5557 2411 5613 currus
2423 5545 2860 5596 rotantes.Certe
2871 5543 2951 5596 Eu
2961 5540 3368 5613 stathiusillud
3389 5539 3607 5613 cippum
3628 5544 3872 5613 μςεςειζενο

2213 5610 2438 5687 γνιξνςεέςΔ
2464 5614 2666 5687 Latine
2697 5615 2940 5687 reddere
2970 5612 3189 5680 voluit;
3233 5612 3334 5687 sed
3365 5610 3600 5687 non_ita
3630 5610 3875 5687 feliciter

2217 5681 2491 5742 reddidit.
2524 5684 2734 5744 Melius
2764 5686 2848 5743 sic
2877 5683 3249 5759 interpretari
3270 5681 3442 5741 licet:
3466 5684 3873 5757 Transjungen-
