4120 6230
272 397 390 458 905

1002 402 1418 465 EUSTATHII
1465 397 1930 463 HEXAEMERI
1975 395 2535 462 METAPHRASIS
2582 399 2815 464 LIBER
2856 404 2963 469 IV.

3579 421 3697 484 906

299 547 336 584 n
370 533 596 602 partem
626 529 804 587 aliam
835 533 1276 602 transferentes,
1303 550 1657 606 omnemque
1689 547 1928 604 prorsus
1957 534 2012 597 Α
2047 531 2221 586 modo
2249 531 2309 586 in
2341 548 2522 590 unam
2544 539 3058 610 congregationem
3071 545 3244 616 jussa
3258 554 3348 605 est
3368 555 3694 624 convenire,

279 617 558 674 diurnam
602 620 1022 692 cogitationem
1075 627 1336 696 tempore
1369 623 1596 696 soporis
1649 621 1941 678 revolvere

279 723 398 763 non
429 708 748 765 desistunt.
780 711 898 766 Nos
929 715 1125 767 autem
1158 729 1306 784 quos
1339 713 1644 782 Dominus,
1678 709 1778 782 qui
1811 709 1936 781 opi-

279 796 375 853 fex
405 813 601 853 rerum
637 799 933 856 maximus
963 805 1020 856 et
1043 801 1214 856 valde
1247 801 1534 857 miriﬁcus
1566 801 1834 866 habetur,
1867 797 1940 852 ad

279 885 848 944 demonstrationem
880 905 1122 944 suorum
1173 906 1416 962 operum
1449 889 1804 954 convocavit,
1837 887 1936 942 de-

280 975 453 1031 ﬁcere
485 991 601 1031 non
656 977 939 1033 debemus
990 994 1128 1051 erga
1175 996 1378 1036 eorum
1429 979 1781 1052 spectacula,
1836 993 1938 1032 nec

283 1065 516 1121 desides
548 1065 672 1121 fieri
703 1066 763 1121 in
797 1067 1198 1123 auscultandis
1222 1069 1475 1141 Spiritus
1505 1067 1692 1124 sancti
1717 1081 1937 1123 sermo-

280 1155 497 1224 nibus;
548 1156 649 1210 sed
703 1155 1137 1212 oircumdantes
1187 1158 1524 1229 praeclaram
1574 1159 1724 1212 hanc
1753 1156 1939 1222 divini

279 1243 472 1315 operis
503 1245 840 1313 stationem,
873 1249 1289 1319 transactaque
1341 1257 1605 1319 tempora
1634 1245 1932 1317 cogitatio-

281 1331 458 1388 nibus
491 1337 852 1405 reputantes,
886 1335 1354 1406 contemplemur
1388 1337 1537 1392 722
1569 1334 1778 1391 cmlum
1812 1335 1936 1406 qui-

279 1422 414 1478 dem
466 1421 718 1478 levatum
769 1429 836 1481 ut
891 1440 1206 1492 cameram,
1260 1425 1412 1480 sicut
1461 1425 1603 1480 dicit
1653 1423 1934 1496 propheta

278 1511 434 1581 (Isai.
467 1528 555 1580 XL,
587 1515 700 1581 22),
735 1516 953 1568 terram
977 1516 1170 1569 autem
1193 1518 1419 1570 vastam
1453 1513 1654 1580 nimis,
1688 1513 1934 1568 immen-

278 1601 449 1656 sitate
478 1599 567 1655 vel
611 1601 865 1671 pondere
897 1602 955 1656 in
1010 1602 1392 1674 semetipsam
1425 1608 1692 1659 constare
1722 1603 1929 1657 funda-

279 1695 423 1756 tam,
484 1704 796 1760 aeremque
844 1689 1125 1746 diffusum
1203 1690 1615 1764 liquidumque
1679 1696 1926 1758 natura;

279 1794 600 1850 congruam
632 1783 690 1833 et
727 1777 1139 1835 incessabilem
1181 1779 1546 1852 spirantibus
1585 1778 1926 1836 alimoniam

282 1865 755 1931 ministrantem,
837 1867 1325 1940 scindentemque
1405 1885 1467 1926 se
1555 1868 1926 1926 moventibus

279 1955 578 2023 omnibus,
627 1955 950 2028 leniterque
988 1959 1288 2013 cedentem
1326 1957 1713 2014 mollitudinis
1750 1957 1927 2014 inter-

278 2061 690 2117 cessu;aquam
709 2061 840 2101 vero
857 2046 1121 2102 altricem
1138 2063 1468 2119 corporum,
1485 2047 1924 2119 ethumanoge-

277 2133 399 2189 neri
416 2132 592 2189 nimis
606 2133 808 2190 utilem
823 2135 1291 2205 constitutam,ac
1305 2137 1601 2192 moderate
1614 2137 1671 2191 in
1685 2137 1925 2208 deputa-

189 2253 192 2256 ~
277 2223 354 2279 tis
376 2222 488 2278 sibi
519 2222 950 2294 conceptaculis
979 2231 1441 2296 permanentem.
1475 2227 1600 2290 Qua
1630 2242 1742 2294 res,
1766 2225 1848 2281 ita
1863 2241 1924 2280 se

278 2309 513 2380 habere,
545 2311 615 2366 de
645 2311 738 2368 his
769 2327 896 2382 quis
928 2318 1188 2369 recenter
1210 2313 1358 2369 lecta
1387 2319 1526 2369 sunt
1547 2313 1918 2386 approbabis.

345 2399 401 2455 2.
433 2400 498 2455 Et
525 2399 669 2454 dixit
695 2401 835 2456 Deus
863 2418 882 2454 :
917 2402 1331 2472 Congregentur
1350 2418 1507 2473 aqua:
1526 2417 1652 2474 quae
1669 2403 1770 2458 sub
1791 2403 1922 2456 CtBlO

276 2497 405 2544 sunt
437 2491 496 2544 in
525 2491 1045 2560 congregationibus
1086 2490 1223 2556 suis,
1253 2497 1308 2546 et
1347 2494 1612 2563 appareat
1641 2492 1823 2546 arida.
1857 2492 1922 2546 Et

278 2579 491 2633 vocavit
523 2579 658 2634 Deus
689 2577 906 2633 aridam
933 2583 1162 2646 terram,
1189 2588 1240 2636 et
1267 2583 1715 2650 congregationes
1746 2596 1918 2651 aqua-

277 2683 403 2722 rum
432 2669 641 2722 vocavit
669 2669 874 2724 maria.
911 2671 1173 2732 Quantas
1204 2668 1349 2724 mihi
1380 2669 1708 2724 calumnias
1737 2671 1796 2724 in
1828 2669 1922 2724 his

278 2771 404 2825 quis
433 2762 763 2826 sequuntur
803 2756 1109 2826 objeceris,
1141 2757 1380 2828 exigens
1423 2758 1920 2829 quemadmodum

276 2847 432 2899 terra
464 2844 651 2915 possit
678 2844 992 2900 invisibilis
1028 2845 1252 2912 haberi,
1285 2845 1474 2903 colore
1505 2851 1810 2918 praesente,
1843 2847 1922 2902 si-

277 2931 515 3005 quidem
536 2933 692 2990 color
713 2934 904 2990 omnis
921 2949 1098 2990 sensu
1123 2935 1640 3007 comprehenditur
1658 2935 1920 3001 visionis,

274 3026 332 3078 et
360 3022 612 3078 fortasse
640 3022 745 3078 tibi
775 3039 892 3078 non
920 3023 1155 3079 videtur
1185 3040 1314 3080 esse
1339 3025 1640 3080 sufficiens
1661 3025 1812 3095 quod
1835 3025 1921 3080 di-

274 3109 510 3181 ximus;
543 3111 680 3182 quia
702 3127 815 3166 non
840 3111 912 3168 ad
949 3117 1242 3184 naturam,
1267 3113 1366 3168 sed
1391 3113 1463 3168 ad
1488 3129 1592 3169 nos
1614 3112 1923 3168 invisibilis

274 3199 458 3256 fuisse
493 3205 647 3256 terra
662 3199 844 3256 relata
859 3204 971 3270 est,
992 3206 1222 3273 propter
1245 3218 1530 3273 aquarum
1554 3201 1821 3257 videlicet
1841 3201 1924 3256 in-

2054 635 2188 674 cum
2213 622 2398 678 maria
2417 641 2546 682 esse
2567 626 2797 686 diversa
2817 628 3098 704 sciamus,
3121 653 3247 708 quae
3270 648 3421 697 cerle
3440 622 3694 701 multum

2053 725 2086 763 a
2116 725 2179 764 se
2209 709 2429 805 distare
2458 726 2789 778 noscuntur
2809 721 2836 775 ?
2885 724 2966 779 Ad
2999 723 3146 781 illud
3178 727 3356 799 igitur
3386 732 3540 802 quod
3574 735 3695 805 pri-

2052 802 2558 893 rnumquaasitum
2593 812 2702 873 est,
2734 808 2844 865 hoc
2875 811 2944 881 (c)
2988 818 3474 887 respondebimus
3508 838 3521 876 :
3557 802 3698 893 quia

2049 889 2111 941 tu
2144 889 2380 957 quidem
2415 899 2546 963 post
2577 896 2890 954 editionem
2917 906 3186 975 praecepti
3218 906 3399 962 divini
3431 889 3696 968 humoris

2049 980 2274 1032 motum
2328 983 2668 1052 cognovisti,
2729 991 2785 1041 et
2831 989 2967 1059 quia
3019 992 3397 1052 circumﬂuus
3447 997 3697 1057 habetur

2047 1079 2394 1138 semperque
2444 1071 2779 1130 decurrens.
2841 1077 2989 1134 Nam
3039 1082 3383 1155 priusquam
3433 1093 3693 1146 meatum

2045 1159 2278 1222 caperet
2306 1171 2374 1210 ex
2405 1161 2755 1217 auctoritate
2793 1166 3036 1236 cmlesti,
3074 1187 3178 1225 nec
3209 1177 3272 1227 tu
3305 1190 3438 1229 eum
3474 1177 3689 1250 vidisti,

2044 1257 2149 1295 nec
2181 1243 2251 1297 ab
2284 1243 2395 1300 alio
2427 1249 2526 1317 qui
2559 1249 2781 1305 viderat
2804 1253 3059 1311 didicisti
3092 1261 3282 1316 :unde
3312 1263 3550 1321 debebis
3583 1243 3689 1322 ad;

2041 1333 2262 1428 vertere
2293 1333 2432 1402 quia
2461 1351 2566 1390 vox
2595 1336 2717 1404 Dei,
2750 1345 2970 1398 natura:
2999 1345 3299 1404 formatrix
3327 1357 3437 1421 est,
3468 1359 3525 1409 et
3544 1372 3691 1426 pra-

2042 1423 2231 1511 ceptio
2263 1437 2390 1491 quis
2421 1427 2560 1478 tunc
2600 1427 2738 1483 data
2766 1434 2856 1484 est
2908 1439 3204 1505 creaturae,
3238 1423 3687 1511 dispositionem

2041 1509 2269 1563 cunctis
2300 1526 2426 1581 quas
2451 1512 2640 1568 forent
2659 1517 2953 1586 gignenda
2978 1509 3452 1592 praabebat.Nam
3483 1537 3540 1587 et
3560 1535 3686 1590 dies

2039 1599 2095 1648 et
2125 1612 2238 1650 nox
2263 1598 2448 1687 semel
2482 1601 2645 1657 factae
2678 1609 2839 1673 sunt,
2873 1613 2930 1663 et
2973 1609 3074 1666 illo
3122 1630 3308 1686 usque
3338 1635 3515 1687 nunc,
3549 1623 3684 1678 sibi-

2040 1689 2159 1739 met
2221 1685 2447 1742 vicibus
2512 1693 2896 1766 succedendo,
2955 1685 3380 1762 curriculOrum
3439 1685 3682 1766 suorum

2038 1776 2305 1845 tempora
2335 1776 2510 1833 certis
2541 1781 2908 1850 portionibus
2939 1787 3126 1846 divisa
3158 1795 3519 1853 custodiunt.

2107 1863 2160 1957 3.
2197 1864 2606 1957 Congregentur
2632 1885 2812 1940 aquae.
2863 1874 2945 1944 (ά)
2972 1875 3214 1935 Jussum
3266 1890 3352 1938 est
3394 1901 3682 1957 aquarum

2036 1955 2309 2044 naturam
2343 1954 2628 2044 difﬂuere,
2661 1963 2718 2013 et
2747 1977 3052 2034 nunquam
3083 1968 3281 2025 deficit
3309 1954 3682 2044 obsequendo

2034 2041 2346 2097 mandatis.
2379 2042 2496 2099 Hoc
2540 2051 2737 2102 autem
2770 2050 2899 2106 dico
2938 2055 3259 2126 respiciens
3289 2061 3361 2116 ad
3392 2041 3678 2134 liquidam

2029 2145 2317 2200 aquarum
2357 2137 2594 2204 sortem,
2629 2152 2879 2209 quarum
2911 2142 3037 2198 alia;
3084 2161 3319 2219 semper
3342 2159 3583 2209 manant
3612 2159 3680 2210 ut

2032 2219 2221 2275 fontes
2251 2224 2307 2276 et
2337 2221 2519 2287 ﬂuvii,
2552 2223 2676 2279 aliae
2721 2235 3080 2300 congregatae
3129 2241 3268 2290 sunt
3296 2243 3351 2293 et
3379 2240 3673 2299 sistentes.

2029 2307 2136 2362 Sed
2163 2308 2305 2364 mihi
2333 2326 2489 2366 nunc
2511 2311 2581 2366 de
2599 2313 2915 2372 ﬂuentibus
2933 2336 3126 2377 sermo
3147 2331 3254 2379 est.
3275 2327 3683 2400 Congrsgentur

2029 2411 2192 2491 aqum
2221 2403 2778 2491 incongregationcm
2800 2422 2983 2462 unam.
3004 2410 3061 2464 Si
3094 2414 3328 2482 quando
3358 2420 3416 2472 te
3431 2419 3503 2491 (e)
3525 2424 3680 2476 stan-

2030 2488 2147 2578 tem
2174 2487 2342 2578 juxta
2370 2487 2557 2578 rivum
2589 2491 2748 2546 subit
2767 2495 3062 2565 cogitatio,
3080 2507 3360 2571 reputans
3382 2487 3552 2578 cujus
3573 2508 3682 2565 im-

2031 2572 2206 2667 pulsu
2241 2575 2312 2667 de
2344 2575 2655 2667 telluribus
2679 2597 2833 2652 aqua
2856 2587 3247 2660 progreditur,
3271 2592 3359 2649 vel
3390 2572 3516 2667 qua:
3541 2602 3683 2653 sunt

2031 2661 2240 2758 horrea
2270 2664 2341 2758 de
2371 2665 2583 2734 quibus
2623 2672 2743 2758 tam
2793 2670 3032 2744 largiter
3060 2661 3532 2753 eﬂundituriaut
3581 2687 3684 2758 qui

2030 2750 2194 2842 locus
2225 2753 2297 2807 ad
2319 2769 2508 2842 quem
2539 2757 2770 2828 cogitur
2791 2765 3114 2834 pervenire,
3138 2767 3225 2823 vel
3258 2750 3551 2842 quomodo
3575 2750 3681 2832 nec

2031 2839 2134 2895 illa
2165 2841 2359 2896 deficit
2389 2859 2516 2913 quas
2538 2846 2824 2917 sequitur,
2845 2867 2950 2907 nec
2979 2869 3046 2908 ea
3066 2872 3192 2926 quis
3217 2839 3515 2929 praecessit
3538 2879 3682 2918 exu-

2032 2929 2234 2998 berat;
2267 2932 2522 3001 profecto
2554 2936 2807 3006 reperies
2838 2940 3038 2996 omnia
3074 2943 3194 3000 haec
3226 2963 3295 3002 ex
3321 2965 3469 3005 voce
3488 2953 3681 3022 prima

2030 3021 2399 3110 teneri,unde
2421 3021 2598 3077 etiam
2623 3029 2854 3083 meatus
2873 3027 2958 3082 illi
2981 3035 3236 3105 suppetit
3259 3021 3673 3110 sempiternus.

2032 3109 2422 3174 Quamobrem
2446 3110 2504 3165 in
2526 3113 2684 3166 omni
2702 3130 2935 3187 semper
2963 3118 3212 3179 historia
3240 3109 3534 3185 memento
3555 3130 3677 3201 pri-

2032 3213 2138 3290 ma;
2170 3198 2597 3290 praeceptionis,
2629 3218 2756 3272 quae
2806 3206 2948 3261 dicit
2979 3225 2994 3263 :
3028 3210 3439 3283 Congrcgentur
3483 3198 3668 3290 aquae.

270 3288 614 3360 jectionem,
646 3306 771 3361 quae
804 3295 944 3345 tunc
967 3271 1044 3361 (ti)
1076 3271 1494 3347 omnes—terras
1526 3291 1911 3362 operuissent.
1949 3271 1991 3338 C
2031 3287 2255 3386 Etenim
2287 3289 2590 3359 oportebat
2611 3271 2709 3346 eas
2741 3293 3048 3353 decurrere
3068 3271 3677 3386 propevranter,uirde-v-

274 3377 441 3434 Nunc
469 3394 604 3434 vero
635 3378 902 3434 ausculta
932 3380 1318 3451 Scripturam,
1341 3381 1634 3452 quomodo
1660 3381 1916 3452 seipsam

273 3466 532 3522 declarat
563 3484 576 3522 :
614 3468 1036 3538 Congregentur,
1089 3468 1299 3539 inquit,
1345 3484 1527 3539 aquae,
1559 3477 1610 3525 et
1651 3473 1918 3541 appareat

272 3555 458 3611 arida.
483 3557 892 3612 Velamentum
911 3556 1282 3622 subducitur,
1306 3562 1370 3612 ut
1395 3558 1712 3629 conspicua
1735 3560 1916 3624 ﬁeret,

273 3661 402 3717 quae
418 3645 654 3700 interim
675 3663 788 3700 non
805 3645 1132 3702 videbatur.
1153 3646 1302 3701 Illud
1321 3646 1494 3702 etiam
1520 3648 1762 3703 forsitan
1786 3647 1919 3718 quis

276 3733 552 3806 requiret,
588 3750 691 3789 cur
719 3733 778 3789 id
808 3735 960 3806 quod
994 3751 1096 3807 per
1122 3739 1391 3790 naturam
1417 3735 1621 3790 subest
1647 3738 1835 3808 aquis,
1860 3737 1917 3790 id

275 3827 385 3889 est,
421 3829 484 3878 ut
513 3838 744 3894 semper
790 3823 862 3878 ad
911 3822 1255 3895 procliviora
1303 3820 1676 3891 contendant,
1711 3825 1819 3881 hoc
1849 3824 1918 3880 ad

273 3911 1013 3984 praiceptionemCreatoris
1030 3927 1224 3968 sermo
1247 3912 1750 3968 convertit.Donec
1766 3913 1920 3968 enim

274 4001 334 4055 in
368 3999 612 4073 planitie
643 3999 819 4056 fuerit
844 4017 998 4072 aqua
1045 3999 1364 4068 recondita,
1397 4000 1628 4058 stabilis
1667 4006 1777 4068 est,
1808 4017 1924 4057 non

277 4089 584 4146 inveniens
597 4105 712 4161 quo
726 4089 1104 4157 declinet,ubi
1119 4091 1575 4147 verodescensus
1589 4090 1926 4158 occurrerit,

276 4180 642 4251 irrumpente
658 4177 928 4250 protinus
947 4183 1110 4250 parte
1127 4179 1341 4251 priore,
1363 4179 1586 4251 reliqua
1610 4179 1926 4236 multitudo

278 4267 660 4340 consequitur
679 4272 1058 4340 properanter
1073 4268 1514 4341 eﬁ'ugiens,quaa
1538 4269 1928 4341 praeceditur-

279 4364 454 4430 gente
482 4357 768 4414 venientis
791 4356 1054 4429 impulsu
1084 4375 1096 4413 :
1125 4363 1400 4428 tantoque
1422 4355 1670 4413 velocior
1701 4362 1930 4414 meatus

277 4447 584 4518 aspicitur,
610 4451 831 4518 quanto
854 4446 1096 4518 majoris
1117 4447 1392 4518 ponderis
1425 4447 1598 4502 fuerit
1624 4463 1779 4517 aqua
1802 4464 1930 4519 quis

280 4535 545 4603 confluit,
581 4535 861 4606 locusque
883 4535 1172 4591 devexior.
1199 4536 1258 4590 Si
1289 4551 1427 4606 ergo
1457 4536 1592 4591 talis
1624 4540 1835 4592 natura
1863 4535 1931 4591 li-

2027 3374 2290 3431 venirent
2320 3377 2391 3431 ad
2425 3379 2719 3449 propriam
2755 3382 3050 3453 regionem
3078 3403 3090 3440 :
3127 3393 3184 3443 et
3208 3375 3522 3464 postquam
3545 3412 3678 3452 ven-

2027 3468 2150 3557 tum
2200 3471 2373 3532 esset,
2408 3471 2563 3557 stare
2597 3467 2656 3522 in
2687 3475 3120 3544 conceptaculis
3151 3479 3468 3554 deputatis,
3502 3490 3679 3557 atque

2029 3552 2184 3608 ultra
2209 3570 2323 3608 non
2356 3555 2613 3610 tendere.
2639 3561 2952 3630 Propterea
2971 3567 3060 3618 est
3088 3566 3159 3620 ab
3191 3552 3538 3629 Ecclesiaste
3557 3552 3680 3630 dic-

2029 3647 2152 3697 tum
2193 3659 2206 3697 :
2237 3647 2306 3698 In
2333 3660 2494 3699 mare
2514 3646 2676 3713 ﬂuvii
2693 3647 3052 3721 delabuntur,
3078 3655 3171 3709 sed
3198 3673 3352 3714 mare
3381 3677 3489 3716 non
3520 3680 3682 3734 supc-

2029 3732 2326 3802 rimpletur
2357 3734 2551 3803 (Eccle.
2587 3751 2624 3801 ι,
2655 3738 2732 3807 7).
2767 3739 2911 3802 Quia
2943 3746 2999 3796 et
3029 3745 3182 3812 quod
3215 3763 3502 3817 aquarum
3541 3732 3682 3809 cur-

2032 3837 2133 3876 sus
2164 3827 2424 3892 urgetur,
2457 3827 2514 3876 et
2553 3825 2707 3891 quod
2754 3842 2912 3883 mare
2960 3830 3135 3887 certis
3167 3833 3683 3912 circumscriptum

2035 3909 2251 3964 finibus
2284 3909 2591 3978 retinetur,
2623 3913 2826 3983 primas
2878 3920 3283 3990 praeceptionis
3325 3909 3530 3982 virtus‘
3545 3933 3635 3984 est
3667 3947 3680 3985 :

2036 3997 2441 4069 Congregentur
2462 4015 2618 4070 aquae
2651 4003 2710 4056 in
2740 4018 2912 4058 unam
2933 4012 3407 4080 congregationem
3428 4032 3448 4069 :
3470 4021 3534 4071 ut
3564 4034 3681 4074 non

2035 4085 2255 4142 scilicet
2287 4086 2386 4142 illa
2417 4103 2542 4158 quae
2575 4088 2789 4156 inﬂuit,
2836 4093 3081 4163 expletis
3111 4102 3544 4171 conceptaculis
3575 4122 3682 4160 su-

2038 4177 2293 4246 perfusa,
2315 4184 2556 4232 cunctos
2587 4179 2862 4235 similiter
2883 4185 3169 4240 terrarum
3203 4191 3481 4247 terminos
3507 4193 3681 4250 inun-

2039 4265 2235 4333 daret;
2268 4265 2480 4321 idcirco
2497 4267 2664 4336 jussa
2685 4268 2795 4324 fuit
2814 4270 2872 4324 in
2893 4287 3070 4327 unam
3089 4290 3150 4330 se
3172 4281 3683 4350 congregationem

2040 4356 2320 4427 redigere.
2356 4353 2664 4426 Propterea
2693 4357 2938 4430 pelagus
2957 4361 3147 4418 ventis
3177 4381 3328 4437 saepe
3358 4369 3687 4439 turbatum,

2041 4460 2106 4498 ac
2139 4444 2414 4499 ﬂuctibus
2446 4448 2725 4512 aestuans,
2759 4446 2817 4500 in
2849 4447 3148 4522 altumque
3179 4469 3564 4529 consurgens,
3588 4461 3688 4515 ubi

2044 4532 2238 4588 littora
2268 4533 2459 4588 vicina
2507 4535 2576 4603 (Γ)
2627 4536 2904 4607 tetigerit,
2940 4538 3179 4597 fervoris
3228 4543 3515 4616 impetum
3547 4566 3691 4620 spu—

279 4624 484 4696 quoris
501 4623 1190 4696 est,(b)diﬂ'erretutique
1207 4623 1924 4696 praeceptionemlquajus-
1958 4643 2004 4706 D
2043 4622 2256 4676 mando
2288 4621 2602 4688 resolvens,
2632 4639 2765 4679 mox
2796 4625 3089 4698 frangitur
3117 4636 3292 4702 atque
3324 4635 3694 4694 subducitur.

279 4718 440 4769 serat
460 4729 646 4784 aquas
673 4713 732 4767 in
755 4729 939 4768 unum
954 4713 1434 4785 conceptaculum
1453 4715 1813 4786 congregari.
1835 4719 1938 4771 Po-

279 4805 435 4857 terat
463 4802 621 4856 enim
654 4800 781 4857 sine
803 4801 1002 4868 dubio,
1031 4808 1268 4873 propter
1289 4802 1616 4858 naturalem
1649 4802 1934 4875 impetum

281 4889 346 4946 in
379 4889 644 4963 regiones
675 4905 957 4946 concavas
989 4895 1195 4962 sponte
1227 4891 1556 4957 decurrere,
1590 4891 1934 4962 priusquam

281 4984 450 5052 terga
479 4977 797 5051 compleret
829 4995 842 5034 :
877 4979 1077 5034 nullus
1122 4979 1278 5034 enim
1327 4985 1616 5036 terrarum
1663 4980 1824 5036 locus
1857 4982 1942 5038 sic

286 5067 529 5141 aequalis
552 5072 733 5139 est,ut
751 5084 1040 5140 aquarum
1065 5067 1939 5142 situs.Deinde,inquiunt,quo-

290 5193 371 5240 tes
401 5200 617 5239 currus.
649 5184 860 5239 Statim
891 5183 1030 5238 editi
1063 5188 1120 5238 et
1145 5185 1261 5239 duo
1295 5201 1464 5248 mss.,
1494 5185 1825 5238 diuturnam
1855 5201 1941 5241 co-

290 5258 636 5328 gitationem.
688 5255 850 5311 Colb.
902 5257 1220 5325 secundus,
1269 5255 1546 5311 diurnam.
1598 5255 1811 5325 Graece,
1845 5261 1944 5324 τῆς

300 5332 693 5408 emissariis
866 5397 881 5408 .
1261 5402 1270 5408 .
1508 5400 1556 5408 --
1666 5397 1677 5408 .

367 5397 632 5472 (a)'Colb.
666 5397 1230 5472 secundqs,_omnem
1253 5402 1476 5454 terram.
1507 5397 1816 5472 Moxidem
1847 5415 1945 5472 co-

2044 4712 2150 4765 Aut
2180 4726 2265 4765 me
2292 4725 2402 4766 non
2430 4711 2713 4780 timebitis,
2739 4713 2872 4768 dicit
2900 4717 3186 4787 Dominus,
3210 4726 3308 4792 qui
3333 4739 3565 4781 arenam
3585 4730 3697 4782 ter-

2045 4800 2262 4854 minum
2271 4814 2412 4869 pono
2430 4801 2578 4854 mari
2598 4803 2726 4868 (Jer.
2751 4803 2936 4871 v,22)t
2958 4806 3182 4862 Etenim
3213 4811 3427 4867 mirum
3451 4818 3542 4870 est
3560 4831 3701 4886 quo-

2050 4888 2221 4942 modo
2253 4903 2343 4942 res
2376 4887 2635 4942 omnium
2672 4906 2798 4960 qua:
2830 4891 2889 4945 in
2922 4895 3092 4949 terris
3113 4895 3189 4967 (g)
3221 4897 3513 4956 habentur
3534 4904 3696 4959 inﬁr-

2053 4977 2198 5032 mior
2219 4992 2413 5044 arena,
2429 4977 2606 5047 jussu
2629 4977 2728 5032 Dei
2745 4978 3082 5037 violentiam
3107 4987 3285 5042 maris
3306 4989 3517 5046 frenat.
3533 4992 3695 5055 Quod

2051 5067 2102 5121 si
2115 5082 2283 5122 secus
2295 5069 2604 5136 esset,quai
2619 5066 2763 5122 ratio
2777 5073 2968 5126 vetare
2981 5076 3208 5142 poterat
3225 5076 3488 5134 Rubrum
3515 5097 3699 5151 mare,

2051 5184 2243 5238 batur.

2053 5249 2388 5396 ﬂigifdb'
2424 5254 2744 5324 δθουθάυθν
2767 5255 2926 5326 ius“!
2957 5262 3036 5314 εει
3067 5278 3336 5333 tuluerim:
3373 5269 3578 5321 natura
3608 5267 3705 5324 de-

2127 5398 2201 5476 (ις)
2237 5393 2385 5449 Editi
2417 5397 2473 5476 et
2501 5393 2622 5476 duo
2669 5401 2733 5476 et
2777 5414 2942 5464 mss.,
2974 5405 3025 5456 te
3070 5411 3309 5459 stante...
3340 5415 3704 5476 reputantem.

294 5467 436 5538 dex,
456 5473 579 5543 quis
608 5472 874 5542 requiret.
908 5467 1081 5537 Editi,
1113 5485 1234 5541 quae
1262 5472 1530 5542 requiret.
1560 5470 1818 5526 Subinde
1850 5470 1946 5526 ille
2056 5469 2220 5543 Colb.
2254 5467 2573 5543 secundus,
2605 5472 2656 5543 te
2686 5472 2940 5527 stante...
2974 5480 3256 5543 reputans.

296 5543 425 5616 ipse
455 5545 657 5616 codex,
689 5543 927 5616 uelocior
955 5545 1246 5616 remeatus.

2130 5541 2198 5619 (Γ)
2230 5538 2738 5619 ϐουλιβθοᾳρόυβ,
2779 5545 2984 5619 uicina
3007 5538 3319 5619 contigerit.
3374 5548 3549 5603 Paulo
3582 5555 3715 5619 poet

367 5616 445 5688 (b)
478 5615 651 5681 Editi;
682 5615 919 5688 (ti/feret.
956 5614 1106 5669 Libri
1154 5617 1396 5680 veteres,
1429 5613 1710 5688 iii/ferret.
1743 5613 1950 5669 Statim
2060 5610 2220 5688 editi,
2253 5627 2362 5665 non
2392 5610 2630 5688 timebig.
2658 5612 2923 5688 Antiqui
2953 5614 3067 5670 duo
3094 5610 3248 5683 libri,
3283 5635 3396 5674 non
3425 5610 3711 5678 time-bilis.

296 5685 457 5742 Colb.
492 5687 812 5752 secundus,
845 5687 905 5740 in
935 5701 1110 5740 unum
1137 5685 1558 5754 receptaculum.

365 5760 437 5832 (c)
470 5763 558 5815 Ita
585 5759 720 5815 libri
763 5761 1008 5814 veteres.
1059 5755 1179 5812 Vox
1211 5757 1311 5812 hoc
1341 5757 1402 5813 in
1433 5755 1604 5815 editis
1651 5756 1952 5814 desidera-

621 5891 887 5956 ΡΑι-ιιοι.
935 5888 1048 5960 Gs.
1092 5886 1276 5963 XXX.

2061 5685 2124 5739 In
2155 5675 2469 5754 Graeco,_ob
2501 5675 2897 5754 φοϐηθήσεσσε.

2131 5758 2212 5827 (g)
2245 5752 2420 5825 Editi,
2447 5752 2703 5811 habetur.
2730 5755 2886 5812 Libri
2915 5759 3157 5829 veteres,
3191 5760 3482 5818 habentur.

3315 5892 3394 5954 29
