4128 6216
415 351 534 415 907

1364 334 1758 399 APPENDIX
1801 331 2130 400 OPERUM
2172 333 2230 395 S.
2277 333 2558 396 BASILll
2605 333 2877 396 MAGNI.

3713 332 3838 396 908

417 489 478 540 ut
511 499 626 538 non
657 480 964 550 Egyptum
995 477 1202 543 totam,
1248 488 1374 544 qua;
1406 471 1611 544 utique
1658 470 1926 526 devexior
1956 468 2058 523 ha-
2090 469 2146 534 Α
2173 468 2512 540 corporibus
2554 467 2632 524 sit
2678 467 2954 540 illapsus,
3005 466 3346 524 universum
3395 471 3594 524 tamen
3625 469 3830 524 orbem

415 575 606 639 betur,
657 566 973 635 invaderet,
1018 561 1400 636 proximoque
1444 559 1646 632 pelago
1698 560 2064 622 misceretur,

419 662 533 718 nisi
589 659 873 731 praecepto
922 652 1251 710 Conditoris
1303 654 1456 706 esset
1506 647 1862 704 inhibitum?
1919 647 2065 702 Nam

423 749 561 824 quia
588 745 872 803 humilior
904 743 1056 800 728
1084 747 1176 797 est
1204 741 1484 812 [Egyptus
1516 739 1706 793 Rubro
1751 738 1918 803 mari,
1943 752 2065 824 cer-

421 823 651 895 tissime
680 836 758 907 (a)
789 834 1066 888 docemur
1104 831 1176 885 ab
1196 828 1300 892 his
1333 827 1431 900 qui
1464 826 1790 899 Egyptium
1823 830 1881 881 et
1913 823 2068 878 Indi-

427 944 562 984 cum
593 941 753 981 mare
793 923 1148 993 conjungere
1196 919 1526 984 voluerunt,
1559 932 1811 987 quorum
1844 915 2070 986 primus

427 1022 519 1074 est
548 1017 848 1071 Sesostres
895 1011 1224 1083 Egyptius,
1282 1007 1578 1063 secundus
1606 1005 1818 1061 Darius
1847 1005 2070 1059 Medus.

430 1107 560 1163 Haac
588 1121 655 1160 eo
685 1103 828 1171 dixi,
861 1106 926 1156 ut
954 1099 1162 1154 divinae
1212 1096 1535 1152 sanctionis
1584 1094 1900 1166 potentiam
1932 1110 2071 1146 nos-

388 1205 714 1252 'eeremus.
775 1191 1193 1260 Congregentur
1261 1201 1417 1257 aquae
1483 1185 1540 1240 in
1599 1184 2076 1253 congregatimiem

429 1300 624 1351 unam,
655 1280 710 1336 id
747 1283 858 1349 est,
911 1278 1092 1334 altera
1144 1292 1256 1330 non
1311 1275 1588 1346 procedat
1630 1289 1699 1328 ex
1729 1271 1849 1341 illa,
1881 1271 1983 1326 sed
2017 1271 2075 1324 iu

432 1373 621 1446 primo
652 1366 1086 1439 conceptaculo,
1115 1381 1242 1437 quae
1272 1362 1515 1418 collecta
1542 1365 1632 1418 est
1661 1365 1949 1417 teneatur.

503 1463 555 1518 4.
589 1459 807 1516 Deinde
828 1472 958 1512 cum
981 1455 1228 1510 diceret:
1252 1453 1662 1524 Congregentur
1681 1452 1740 1505 in
1767 1466 1938 1504 unam
1951 1464 2080 1503 con-

431 1551 825 1622 gregationem,
860 1544 1064 1600 docuit
1091 1542 1229 1614 quia
1276 1540 1473 1596 multis
1522 1543 1688 1596 erant
1717 1555 1881 1610 aqua:
1910 1535 2082 1592 variis

435 1639 633 1695 divisae
667 1635 878 1691 modis.
903 1634 1054 1689 Loca
1082 1631 1238 1687 enim
1270 1629 1580 1700 convallia,
1604 1626 2084 1701 profundioribus

439 1724 791 1784 naturaliter
820 1728 1020 1779 cavata
1051 1719 1280 1792 spatiis,
1302 1719 1599 1775 habebant
1627 1734 1841 1789 aquam
1873 1716 2083 1772 collec-

2174 561 2337 614 terrae
2369 574 2492 614 com
2506 556 2778 630 plectitur
2808 576 2822 625 ;
2855 557 2941 613 sic
2971 560 3031 613 et
3059 573 3351 628 aquarum
3383 562 3594 614 natura
3615 575 3832 630 quam-

2177 647 2261 702 vis
2282 646 2456 702 variis
2475 646 2791 702 commissa
2806 647 3162 703 stationibus
3179 652 3466 712 teneatur,
3492 663 3612 702 una
3627 652 3826 703 tamen

2177 739 2266 790 est
2297 736 2550 790 maxima
2577 736 2977 809 congregatio,
3029 752 3157 807 quas
3188 752 3363 791 omne
3391 735 3536 791 illud
3566 735 3831 792 elemen-

2176 829 2300 878 tum
2337 824 2616 880 diseernit
2644 843 2678 880 a
2705 825 2947 880 caeteris.
3004 826 3189 881 Lacus
3220 825 3377 881 enim
3407 825 3507 897 qui
3551 827 3707 880 circa
3741 841 3831 879 re-

2180 913 2382 984 giones
2412 914 2705 969 habentur
2725 920 2977 981 arctoas,
2999 913 3085 969 vel
3109 913 3167 969 in
3198 913 3598 986 Hellesponto,
3633 930 3737 969 seu
3771 913 3832 969 in

2183 1002 2538 1072 Macedonia,
2560 1003 2643 1058 vel
2678 1003 2735 1058 in
2767 1002 3041 1075 Bithynia
3064 1003 3541 1075 congregationes
3563 1003 3694 1060 sine
3723 1004 3837 1058 dn-

2184 1091 2276 1146 bio
2328 1093 2747 1158 nominantur;
2800 1093 2898 1148 sed
2952 1093 3122 1148 modo
3174 1092 3340 1146 nobis
3371 1093 3590 1148 mentio
3641 1098 3735 1148 est
3767 1093 3840 1147 de

2183 1180 2303 1247 illa,
2337 1198 2464 1252 quae
2493 1182 2738 1253 reliquis
2769 1181 3045 1237 omnibus
3076 1181 3159 1236 ita
3182 1181 3460 1253 prolixior
3489 1187 3599 1253 est,
3635 1191 3700 1237 ut
3727 1188 3844 1237 ter-

2185 1287 2383 1325 rarum
2416 1270 2795 1342 amplitudini
2826 1277 3177 1343 coaequetur,
3210 1275 3268 1326 et
3299 1287 3641 1343 quanquam
3675 1272 3749 1343 (ε)
3782 1272 3843 1326 in

2189 1360 2516 1415 minoribus
2529 1377 2764 1432 quoque
2776 1358 3327 1432 congregationibus
3343 1377 3632 1432 aquarum
3647 1361 3847 1417 inesse

2191 1449 2630 1504 multitudinem
2664 1448 2866 1505 nullus
2886 1449 3155 1517 obsistat,
3180 1466 3294 1505 non
3316 1455 3513 1505 tamen
3546 1449 3680 1506 illas
3706 1449 3846 1521 quis

2192 1538 2299 1592 rite
2329 1538 2516 1593 maria
2537 1537 3225 1610 nuncupabit:quamvis
3256 1541 3424 1593 certe
3454 1537 3705 1610 paludes
3725 1538 3848 1593 sal-

2193 1627 2402 1698 sugine
2425 1627 2603 1684 maris
2629 1627 2850 1682 infectis
2869 1627 3011 1691 sint,
3031 1627 3184 1683 sicut
3201 1626 3304 1682 illa
3319 1643 3451 1698 quae
3470 1628 3844 1698 vocitaturU)

2194 1715 2479 1772 Asfaltitis
2509 1717 2568 1771 in
2587 1716 3097 1789 partibusJudaaaa,
3115 1715 3200 1771 vel
3229 1717 3574 1783 Serbonitis,
3600 1733 3730 1788 quae
3753 1718 3846 1772 in-

439 1821 584 1882 tam,
619 1830 724 1868 nec
755 1829 869 1868 non
901 1811 1076 1867 etiam
1112 1808 1302 1880 campi
1337 1807 1491 1879 pleni
1523 1813 1712 1871 erant,
1746 1804 2085 1861 similitudi-
2122 1842 2167 1906 Β
2196 1809 2285 1860 ter
2313 1809 2625 1877 )Egyptum
2677 1805 3159 1876 Palaestinamque
3181 1805 3411 1876 jacens,
3442 1807 3675 1861 deserta
3704 1823 3848 1862 con-

443 1920 577 1960 nem
611 1901 796 1974 pelagi
825 1901 1162 1964 referentes,
1195 1897 1438 1967 aliaeque
1477 1895 1769 1967 ejusmodi
1807 1895 2090 1963 regiones,

390 2031 396 2036 -
445 1995 516 2049 de
544 1991 760 2064 quibus
791 1989 1066 2045 omnibus
1098 1987 1157 2041 in
1192 2002 1371 2041 unam
1414 1985 1921 2056 congregationem
1954 2001 2091 2039 con-

445 2081 623 2136 ﬂuere
655 2083 794 2134 sunt
820 2081 1135 2149 praeceptae.
1161 2075 1226 2131 Et
1248 2073 1448 2130 nullus
1471 2074 1646 2141 dicat,
1671 2074 1808 2144 quia
1830 2074 1876 2128 si
1909 2079 2093 2128 totam

441 2174 676 2234 terram,
696 2173 836 2222 tunc
866 2182 1152 2237 aquarum
1184 2167 1406 2219 texerat
1437 2162 1772 2225 multitudo,
1795 2161 2092 2216 nihilomi-

445 2273 556 2313 nus
582 2274 650 2312 ea
680 2271 904 2328 quoque
932 2254 1078 2320 loca,
1104 2253 1163 2307 in
1187 2269 1314 2325 quas
1347 2252 1743 2323 posteajussaa
1766 2257 1906 2305 sunt
1931 2267 2092 2321 aquas

445 2342 1040 2414 concurrere,repleta
1060 2347 1199 2397 tunc
1215 2354 1402 2396 erant.
1418 2339 1523 2396 Ubi
1539 2355 1675 2412 ergo
1693 2340 1926 2394 deberet
1945 2357 2098 2411 aqua

444 2434 663 2507 colligi,
691 2450 816 2505 quae
849 2448 1049 2487 omnes
1080 2435 1368 2486 terrarum
1415 2433 1608 2500 partes
1641 2429 1980 2484 invaserat?
2008 2429 2092 2484 Ad

444 2525 555 2580 hoc
585 2523 1034 2594 respondemus,
1058 2520 1198 2590 quia
1228 2519 1462 2590 quando
1495 2519 1802 2589 preceptio
1836 2519 1973 2574 data
2001 2525 2094 2573 est

447 2616 515 2668 ut
545 2612 606 2666 in
638 2626 815 2666 unam
845 2607 1360 2680 congregationem
1411 2608 1654 2673 coirent,
1704 2613 1843 2661 tunc
1874 2611 1929 2661 et
1958 2623 2092 2662 sus-

446 2699 732 2774 ceptionis
761 2715 961 2755 earum
996 2713 1176 2753 causa
1206 2695 1516 2768 processit.
1556 2696 1749 2766 Neque
1781 2696 1937 2751 enim
1970 2699 2094 2752 erat

444 2789 546 2846 illo
575 2797 837 2860 tempore
860 2804 1018 2843 mare
1035 2787 1186 2857 quod
1212 2789 1374 2840 extra
1397 2785 1681 2840 Gaddiros
1712 2790 1819 2853 est,
1839 2802 1942 2841 nec
1973 2803 2095 2840 ma-

444 2879 671 2936 ximum
702 2877 872 2944 illud,
891 2882 947 2931 et
975 2875 1118 2932 solis
1135 2874 1455 2930 audacibus
1474 2874 1796 2946 navigabile
1829 2874 2091 2946 pelagus,

445 2968 603 3042 quod
632 2967 1028 3023 Britannicam
1060 2962 1336 3032 insulam,
1359 2967 1414 3018 et
1443 2963 1681 3018 {liberos
1712 2963 1983 3019 ocriduos
2013 2964 2093 3019 al-

443 3057 577 3126 luit,
607 3055 956 3119 habebatur,
990 3053 1087 3108 sed
1125 3052 1498 3124 postmodum
1530 3053 1698 3121 jussu
1733 3052 1832 3108 Dei
1865 3052 2091 3124 capaci-

444 3149 538 3202 tas
565 3144 864 3200 sufficiens
904 3145 1226 3214 praeparata
1275 3144 1384 3209 est,
1439 3143 1502 3195 ut
1532 3156 1822 3211 aquarum
1868 3140 2088 3197 ibidem

444 3231 762 3290 multitudo
793 3203 1131 3288 conflueret.
1163 3231 1240 3298 (b)
1273 3234 1348 3286 De
1373 3203 1495 3300 qua
1524 3203 1889 3300 re-quoniam
1923 3246 2090 3300 repu-
2119 3203 2162 3272 (ἶ

441 3336 623 3393 gnare
643 3319 873 3374 videtur
889 3323 1100 3372 nostris
1119 3315 1622 3372 mundiflcationis
1651 3332 1863 3383 sermo,
1887 3316 2086 3372 dicen-

444 3409 605 3465 tibus
637 3406 1024 3480 philosOphis,
1044 3422 1109 3460 eo
1132 3405 1281 3474 quod
1308 3403 1624 3459 minimein
1645 3421 1820 3459 unam
1845 3421 2085 3477 congre-

445 3496 760 3570 gationem,
793 3494 947 3550 sicut
993 3493 1210 3564 experti
1263 3508 1492 3558 sumus,
1522 3509 1674 3563 aqua
1705 3492 1948 3549 collecta
1977 3499 2084 3562 est,

446 3585 636 3642 dicere
668 3585 908 3655 quidem
940 3579 1127 3638 multa
1153 3587 1210 3636 et
1256 3581 1532 3637 omnibus
1563 3587 1702 3636 nota
1733 3599 2038 3653 possemus
2071 3601 2084 3640 :

442 3673 514 3746 (ο)
545 3673 646 3729 sed
678 3688 750 3726 ne
777 3671 1125 3727 contendere
1153 3686 1286 3724 cum
1318 3668 1535 3724 talibus
1555 3670 1872 3727 ridiculum
1902 3673 2091 3729 videa-

447 3767 564 3833 tur,
595 3776 932 3833 quanquam
963 3760 1138 3814 etiam
1188 3757 1440 3828 objicere
1471 3759 1640 3814 nobis
1686 3761 1965 3817 deberent
1995 3779 2089 3834 pa-

433 3851 604 3908 ludes
633 3854 690 3906 et
719 3855 952 3922 stagna,
971 3865 1074 3904 nec
1107 3864 1218 3903 non
1238 3863 1336 3903 eas
1369 3864 1552 3918 aquas
1578 3865 1705 3919 quae
1730 3848 2089 3922 colliguntur

433 3957 504 3998 ex
532 3940 847 4007 imbribus,
873 3943 936 3993 ut
965 3954 1068 4009 per
1096 3937 1217 3992 haec
1249 3937 1632 3992 assertionem
1661 3939 1842 3992 nostri
1865 3956 2086 3994 sermo-

433 4030 526 4088 nis
558 4029 962 4102 infringerent,
989 4027 1175 4082 sciant
1197 4032 1388 4080 tamen
1425 4027 1562 4096 quia
1595 4029 1932 4094 maximam,
1958 4047 2085 4100 per-

431 4119 764 4190 fectamque
781 4133 1068 4188 aquarum
1088 4115 1350 4171 omnium
1371 4116 1794 4181 occursionem,
1821 4123 1969 4172 Ueus
1995 4136 2087 4173 vo-

432 4209 584 4266 cavit
611 4207 1106 4278 congregationem.
1133 4205 1278 4262 Nam
1313 4209 1368 4258 et
1394 4209 1606 4275 puteus
1637 4222 1803 4274 aquae
1822 4206 2084 4264 collectio

431 4302 524 4354 est
566 4298 923 4365 manufacta,
975 4295 1032 4350 in
1063 4295 1412 4365 profundam
1464 4294 1825 4348 cavationem
1857 4296 2084 4367 liquore

431 4385 691 4456 delapso.
725 4385 852 4440 Non
882 4400 1015 4453 ergo
1048 4382 1322 4455 quaslibet
1343 4398 1632 4451 aquarum
1667 4385 2083 4456 conceptacula

427 4471 902 4545 congregationis
917 4470 1076 4526 illius
1093 4471 1441 4525 vocabulum
1463 4470 1965 4542 manifestant,sed
1982 4474 2082 4531 illa

2203 1895 2374 1965 tingit
2422 1895 2664 1949 Arabiae.
2719 1894 2936 1950 Omnes
2987 1895 3069 1949 ha:
3119 1895 3356 1966 quidem
3406 1894 3655 1966 paludes
3685 1899 3853 1962 sunt,

2203 2001 2386 2038 unum
2419 1987 2616 2039 tamen
2648 1983 2895 2038 habetur
2925 2000 3104 2053 mare,
3127 1984 3282 2039 sicut
3311 1990 3586 2039 asserunt
3614 1984 3715 2054 qui
3747 2001 3856 2056 pe-

2203 2073 2460 2144 ragando
2480 2077 2666 2128 terras
2683 2089 2888 2128 omnes
2904 2073 3193 2128 obierunt.
3213 2074 3320 2128 Sed
3342 2073 3858 2144 Hyrcanium,Cas-

2205 2162 2485 2233 piumque
2514 2161 2707 2217 lacum
2742 2161 2980 2233 quidam
3017 2161 3074 2215 in
3107 2162 3458 2233 semetipsos
3489 2162 3862 2217 circumscri-

2204 2257 2332 2320 ptos
2362 2267 2491 2305 esse
2525 2250 2927 2320 pronuntiant.
2950 2250 3016 2304 Et
3037 2266 3177 2304 sane
3193 2250 3472 2320 quoniam
3496 2257 3724 2320 oportet
3745 2268 3860 2306 nos

2203 2338 2617 2394 historicorum
2651 2338 3161 2410 comographiam
3211 2339 3557 2411 diligentius
3609 2339 3856 2406 intueri,

2203 2429 2344 2500 quid
2371 2429 2439 2482 de
2455 2428 2545 2482 his
2569 2427 2816 2483 relatum
2841 2430 2917 2483 sit
2938 2428 3496 2484 audiamus.l"erunt
3516 2431 3712 2500 itaque
3729 2445 3857 2484 me-

2202 2524 2462 2572 moratos
2491 2518 2657 2572 lacus
2689 2516 2933 2573 occultis
2982 2517 3338 2588 quibusdam
3375 2518 3720 2588 perforatas,
3753 2536 3857 2574 ca—

2199 2605 2417 2672 vernis,
2449 2607 2507 2660 in
2551 2623 2711 2661 mare
2763 2605 3086 2661 maximum
3120 2623 3258 2662 suos
3291 2613 3521 2662 meatus
3548 2607 3854 2677 evolvere;

2203 2695 2358 2750 unde
2370 2695 2814 2750 etiamRubrum
2832 2694 3071 2767 pelagus
3084 2695 3417 2750 afﬁrmatur
3437 2696 3496 2750 in
3520 2713 3680 2751 mare
3695 2698 3853 2767 quod

2205 2785 2358 2839 ultra
2387 2784 2672 2857 Gaddiros
2697 2783 2946 2839 habetur
2965 2784 3220 2839 effluere.
3241 2785 3544 2849 Quomodo
3573 2801 3731 2858 ergo,
3760 2785 3856 2841 in-

2203 2873 2434 2946 quiunt,
2458 2872 2508 2928 si
2538 2874 2690 2928 Deus
2719 2874 2980 2928 diversas
3009 2889 3297 2945 aquarum
3330 2874 3633 2940 stationes,
3668 2877 3856 2932 maria

2201 2961 2444 3033 vocavit,
2460 2962 2736 3034 quoniam
2770 2962 2827 3017 in
2848 2979 3031 3017 unum
3055 2963 3534 3035 conceptaculum
3567 2980 3859 3022 convene-

2202 3056 2359 3116 runt,
2385 3054 2443 3106 et
2476 3067 2681 3106 rursus
2713 3051 3188 3124 congregationes
3211 3067 3435 3118 omnes,
3458 3053 3514 3107 id
3548 3059 3636 3109 est
3659 3055 3852 3123 sinus,

2202 3156 2349 3210 quos
2383 3156 2484 3211 pro
2515 3140 2814 3195 schemate
2845 3157 2951 3196 suo
2971 3145 3136 3195 terra:
3169 3140 3554 3197 circumdatio
3576 3157 3856 3214 compre-

2202 3227 2427 3297 hendit,
2457 3228 2638 3283 maria
2666 3227 3051 3284 nihilominus
3071 3228 3523 3301 appellantur,id
3546 3239 3656 3298 est,
3686 3248 3852 3288 mare

2202 3321 2496 3386 Arctoum,
2533 3333 2690 3372 mare
2737 3317 3027 3386 Australe,
3061 3334 3215 3373 mare
3246 3319 3451 3389 Eoum,
3485 3335 3646 3374 mare
3678 3320 3852 3376 Occi-

2199 3407 2406 3477 duum,
2437 3411 2493 3462 et
2522 3406 2732 3462 iterum
2757 3406 3226 3478 uniuscujusque
3254 3406 3435 3478 pelagi
3471 3408 3707 3480 propria
3734 3426 3851 3465 no-

2200 3496 2361 3551 mina
2388 3500 2550 3561 sunt,
2599 3496 2912 3560 Euxinum,
2947 3495 3408 3567 Hellespontum,
3438 3496 3719 3568 Egaaum,
3753 3499 3851 3555 Io-

2196 3601 2362 3652 num,
2381 3584 2666 3646 Siculum.
2685 3583 3072 3656 Tyrrhenum,
3093 3589 3148 3638 et
3163 3583 3278 3639 alia
3294 3584 3565 3656 plurima,
3585 3603 3847 3658 quorum

2197 3674 2461 3729 omnium
2507 3671 2851 3744 singillatim
2899 3671 3185 3728 vocabula
3232 3689 3567 3744 percurrere
3596 3675 3848 3746 longum

2198 3763 2376 3818 nimis
2408 3767 2466 3818 et
2495 3778 2804 3833 operosum
2836 3766 2927 3818 est
2959 3778 2973 3817 :
3006 3767 3312 3834 propterea
3358 3765 3855 3836 congregationes

2196 3869 2481 3924 aquarum
2518 3857 2668 3907 Deus
2699 3851 2886 3907 maria
2932 3851 3276 3906 nominavit.
3321 3851 3431 3907 Sed
3466 3869 3570 3908 nos
3600 3854 3849 3924 quidem

2195 3959 2352 3996 nunc
2383 3943 2454 3996 ad
2490 3941 2594 3995 hoc
2627 3940 3027 4012 protereuntis
3060 3941 3202 3995 ordo
3231 3942 3519 3996 sermonis
3548 3942 3797 3999 adduxit
3832 3964 3846 4000 :

2193 4032 2264 4086 ad
2299 4031 2442 4085 illud
2474 4046 2608 4084 vero
2657 4030 2811 4100 quod
2865 4030 3088 4084 dudum
3139 4030 3422 4101 capimus
3454 4036 3844 4089 revertamur.

2261 4121 2316 4174 5.
2354 4121 2412 4174 Et
2441 4119 2585 4175 dixit
2610 4123 2757 4174 Deus
2792 4135 2804 4174 :
2843 4120 3258 4190 Congregentur
3278 4134 3439 4190 aquae
3462 4122 3520 4175 in
3541 4137 3846 4192 congrega-

2193 4211 2393 4266 tionem
2427 4226 2619 4274 unam,
2641 4213 2695 4264 et
2721 4218 2996 4280 apparent
3028 4207 3210 4263 arida.
3242 4207 3366 4262 Non
3390 4208 3534 4263 dixit
3561 4221 3852 4282 appareat

2191 4304 2366 4366 terra,
2399 4314 2470 4352 ne
2501 4297 2710 4352 iterum
2743 4313 2871 4352 eam
2905 4295 3354 4368 incompositam
3387 4297 3848 4371 demonstraret,

2193 4393 2257 4443 ut
2270 4393 2398 4459 pote
2412 4386 2681 4442 limoaam
2697 4386 2956 4442 etadhuc
2969 4403 3036 4440 ex
3049 4402 3334 4456 aquarum
3352 4385 3858 4446 inundationede-

2191 4477 2638 4546 formem,atque
2655 4472 3305 4545 invalidam;simulque
3327 4490 3397 4529 ne
3414 4473 3520 4530 soli
3541 4477 3847 4548 quispiam

428 4561 686 4617 maxima
698 4557 1104 4629 excellensque
1116 4558 1493 4628 susceptio;in
1511 4575 1680 4629 quem
1691 4560 1955 4630 (d)totum
1973 4563 2081 4619 ele-
2115 4578 2156 4640 [)
2187 4581 2423 4619 causam
2446 4569 2688 4618 terrenae
2707 4562 3039 4618 siccationis
3057 4562 3603 4628 ascriberet,merito
3629 4569 3848 4622 nativi-

426 4655 688 4706 mentum
703 4652 937 4719 repente
957 4647 1231 4703 collatum
1257 4647 1512 4703 est.Nam
1535 4649 1686 4704 sicut
1705 4649 1857 4721 ignis
1873 4651 1928 4706 in
1953 4670 2077 4724 par-

429 4737 581 4796 vulis
608 4753 674 4792 ac
705 4737 951 4792 diversis
983 4735 1318 4808 quibusque
1340 4737 1602 4791 materiis
1633 4743 1721 4792 est
1749 4739 2074 4811 dispersus,

428 4826 744 4900 perhibens
767 4825 1042 4881 omnibus
1065 4841 1238 4880 usum
1266 4825 1679 4892 necessarium,
1697 4830 1852 4883 totus
1879 4834 2072 4885 tamen

425 4917 486 4972 in
519 4915 731 4972 aethere
748 4915 1100 4984 continetur,
1130 4913 1512 4986 similiterque
1531 4932 1647 4984 aer,
1669 4915 1802 4972 licet
1825 4917 2072 4990 singulis

498 5041 577 5110 (a)
611 5038 767 5112 Libri
795 5038 1092 5112 impressi,
1141 5040 1399 5094 doremur
1445 5040 1511 5093 ab
1551 5042 1652 5109 his,
1688 5043 1836 5112 quia.
1887 5045 2073 5100 Codex

425 5117 628 5184 noster
646 5117 725 5184 et
740 5110 900 5166 Colb.
937 5113 1254 5175 secundus,
1287 5112 1545 5184 docemur
1567 5113 1638 5167 ab
1671 5110 1774 5181 liis,
1810 5117 1922 5184 qui.
1957 5117 2067 5171 Ibi-

424 5183 556 5240 dem
588 5181 750 5257 editi,
782 5185 1096 5257 (Egypturn.
1128 5185 1283 5257 Qolli.
1323 5183 1568 5257 primus,
1594 5181 1936 5257 Egyptium,
1971 5188 2065 5242 be-

425 5271 518 5311 ne.
549 5254 864 5326 Aliquanto
897 5260 1026 5326 post
1055 5254 1213 5310 Colb.
1265 5255 1580 5323 secundus,
1614 5254 1746 5312 ha’e‘
1771 5259 1911 5313 ideo.
1957 5261 2067 5315 Alii

424 5328 540 5382 duo
571 5332 806 5401 mss._et
836 5327 998 5394 editi,
1026 5327 1140 5383 lucc
1166 5341 1245 5381 eo.
1280 5326 1410 5380 Mox
1442 5344 1594 5382 unus
1636 5345 1771 5396 ms.,
1805 5332 1863 5385 in
1889 5333 2068 5401 primo

421 5399 786 5468 receptaculo.
1890 5399 1900 5401 ’

423 5535 437 5552 ⁸
496 5470 571 5540 (b)
593 5468 844 5552 ‘Antiqui
876 5468 992 5522 duo
1021 5467 1177 5535 libri,
1201 5470 1272 5523 De
1301 5484 1407 5538 qua
1427 5485 1504 5524 re.
1524 5469 1646 5524 Vox
1678 5471 1888 5526 ultima
1910 5473 2070 5528 deest

420 5539 898 5681 ὶηᾶἲέἓὲἱῗξεεά
923 5626 1020 5666 nec
1059 5608 1380 5666 contendere
1409 5611 1632 5666 talibus.
1685 5614 1855 5669 Vetus
1885 5615 2067 5670 codex

423 5685 642 5749 noster,
690 5684 783 5738 sed
828 5697 900 5738 ne
942 5683 1272 5739 contendere
1322 5697 1447 5737 cum
1495 5682 1726 5741 talibus.
1782 5685 1903 5741 Vox
1938 5701 2059 5742 cum

2186 4657 2306 4709 tate
2335 4651 2477 4708 solis
2507 4652 2856 4706 anteriorem
2880 4652 3110 4706 telluris
3130 4651 3460 4706 ariditatem
3493 4656 3847 4711 Creatorin-

2186 4741 2399 4797 stituit.
2433 4741 2681 4796 Adverte
2698 4757 2955 4812 namque
2973 4757 3145 4795 sensu
3173 4738 3527 4811 diligentius,
3553 4745 3694 4814 quia
3722 4763 3844 4802 non

2185 4829 2375 4886 solum
2408 4847 2583 4902 aqua,
2617 4846 2742 4901 qua:
2774 4829 3146 4900 superfuerat
3174 4833 3360 4899 terra,
3395 4831 3494 4885 sed
3526 4833 3708 4889 etiam
3741 4834 3846 4891 illa

2182 4937 2305 4991 quae
2340 4920 2394 4973 in
2428 4918 2913 4990 profundioribus
2938 4917 3199 4988 partibus
3228 4917 3517 4989 latitahat,
3551 4922 3845 4980 famulata

2182 5045 2378 5100 addita
2413 5048 2501 5098 est
2533 5043 2769 5114 quidem
2800 5042 2858 5096 in
2891 5041 3012 5114 hoc,
3031 5045 3229 5096 nostro
3260 5041 3430 5109 libro,
3463 5045 3562 5101 sed
3597 5055 3706 5104 aut
3736 5067 3839 5106 ea-

2183 5118 2314 5171 dem
2348 5113 2567 5179 manu;
2583 5121 2685 5170 aut
2713 5118 2868 5170 certe
2899 5113 3334 5184 antiquissima.

2251 5189 2326 5258 (ά)
2354 5188 2448 5260 Sic
2479 5186 2636 5260 Colb.
2672 5186 2988 5260 secundus.
3022 5184 3126 5240 Alii
3158 5185 3273 5260 duo
3304 5202 3447 5242 mss.
3481 5195 3539 5243 et
3571 5190 3741 5260 editi,
3777 5210 3836 5248 tu

2178 5257 2359 5330 quam.
2399 5259 2561 5313 Haud
2594 5257 2765 5329 longe
2813 5257 2970 5313 Colb.
3023 5257 3338 5325 secundus,
3367 5261 3677 5330 providens
3723 5257 3838 5320 om-

2177 5332 2343 5386 nibus
2374 5346 2553 5385 usum.

2249 5403 2319 5472 (e)
2346 5401 2583 5473 Veteres
2626 5400 2741 5456 duo
2770 5398 2902 5454 libri
2935 5403 2992 5454 et
3019 5397 3183 5467 editi,
3233 5404 3286 5454 et
3329 5401 3608 5473 quidquid
3637 5407 3697 5459 in
3725 5410 3838 5462 mi-

2176 5475 2421 5530 noribus.
2453 5472 2635 5540 Alius,
2663 5476 2712 5526 et
2742 5487 3058 5542 quanquam
3086 5473 3147 5526 in
3173 5472 3505 5528 minoribus.

2249 5549 2308 5622 tl)
2341 5544 2514 5622 Editi,
2549 5541 2851 5622 Αεςίιιιειςίξίεςἶ
2876 5541 3057 5597 Vetus
3083 5542 3185 5598 ille
3216 5552 3414 5601 noster
3443 5545 3611 5618 liber,
3643 5552 3830 5622 Asiat-

2176 5611 2306 5672 titis.
2342 5616 2558 5684 Graece,
2588 5611 2960 5688 ’Δσφαλτίτις.
