4120 6230
278 397 398 459 913

1033 399 1456 462 EUSTATHII
1498 402 1960 466 HEXAEMERI
2006 404 2560 468 METAPHRASIS
2604 408 2838 468 LIBER
2882 407 2954 470 V.

3578 411 3695 473 9M

278 545 383 585 nec
415 544 642 600 crocus,
674 545 781 585 nec
811 528 927 585 alia
957 529 1210 602 plurima
1257 533 1536 588 nascendi
1578 532 1931 606 principium
1963 537 2016 602 Α
2045 536 2582 609 gravissimumque
2613 543 2890 594 terrorem
2912 539 2985 611 (ε)
3008 537 3374 610 supplicibus
3406 539 3692 599 ferentes:

278 618 611 676 sortiuntur
639 634 709 674 ex
738 618 1005 675 semine?
1035 621 1115 675 Ad
1149 620 1270 676 hac
1300 624 1746 694 respondemus,
1780 625 1934 696 quod

277 712 355 781 (ιι)
373 709 645 780 quadam
675 709 825 765 126
842 724 1043 765 eorum
1063 726 1188 780 qua
1207 713 1364 767 terra
1385 712 1672 783 producit,
1695 712 1755 768 in
1781 714 1934 769 radi-

276 799 446 854 cibus
477 801 535 853 et
564 796 624 852 in
660 798 840 854 fundo
870 799 1188 855 creduntur
1210 801 1487 856 virtutem
1519 802 1762 859 seminis
1785 803 1933 858 obti-

276 902 435 953 nere,
468 886 620 942 sicut
650 886 916 943 calamus
948 892 1079 959 post
1108 888 1473 946 incrementa
1503 892 1778 958 recentia,
1805 909 1931 946 rur-

274 994 377 1033 sus
399 974 575 1031 aliam
599 975 859 1031 sobolem
886 976 956 1031 de
978 977 1174 1033 radice
1196 978 1492 1035 submittit
1506 980 1931 1051 reparationem

274 1065 478 1137 stirpis
508 1065 567 1118 in
602 1068 899 1136 posterum
928 1072 1347 1137 porrecturam.
1401 1067 1517 1123 Hoc
1562 1073 1757 1123 autem
1798 1069 1935 1124 facit

274 1169 392 1209 non
426 1152 620 1208 solum
650 1152 934 1223 calamus,
958 1155 1059 1209 sed
1094 1155 1270 1209 etiam
1303 1155 1418 1210 alia
1448 1155 1627 1223 mille,
1661 1174 1786 1228 qua
1822 1157 1931 1213 sub

272 1241 484 1297 tellure
510 1240 831 1309 nascentia,
863 1242 1175 1298 redivivam
1230 1244 1454 1315 prolem
1502 1246 1561 1299 in
1606 1246 1797 1301 radice
1827 1263 1931 1300 cu-

275 1331 559 1387 stodiunt.
587 1329 752 1386 Unde
780 1347 981 1387 verum
1018 1347 1147 1388 esse
1176 1333 1485 1403 probatum
1516 1337 1605 1389 est
1634 1334 1772 1405 quia
1802 1335 1930 1389 uni-

236 1428 240 1431 ‘
275 1420 488 1491 cuique
535 1419 930 1489 nascentium,
962 1424 1064 1475 aut
1091 1435 1291 1476 semen
1324 1421 1587 1492 suppetit
1617 1423 1932 1482 renovandi

274 1508 524 1582 generis,
550 1512 651 1562 aut
680 1507 765 1563 vis
788 1509 1053 1578 quaedam
1086 1508 1402 1565 seminaria
1427 1510 1502 1565 sit
1534 1511 1830 1581 adjuncta.
1864 1512 1933 1567 Et

273 1597 383 1652 hoc
413 1601 503 1652 est
532 1596 688 1668 quod
721 1596 861 1651 dicit
890 1598 1195 1653 secundum
1223 1614 1413 1666 genus.
1438 1598 1635 1670 Neque
1661 1600 1819 1656 enim
1842 1617 1931 1655 ca-

271 1685 414 1741 lami
434 1686 741 1758 progenies
764 1690 959 1757 potest
989 1685 1251 1742 olearum
1283 1686 1485 1743 haberi
1506 1688 1752 1744 creatrix
1778 1707 1793 1757 ;
1828 1691 1930 1745 sed

274 1792 342 1830 ex
371 1773 595 1830 calamo
626 1773 889 1831 calamus
920 1774 1083 1843 alter,
1106 1791 1209 1846 per
1239 1776 1686 1834 similitudinem
1722 1795 1931 1851 cogna-

2045 626 2193 680 adde
2240 627 2500 695 verbera,
2552 627 3025 698 proscriptiones,
3077 627 3397 697 auctiones,
3438 627 3691 698 vincula,

2045 729 2399 782 carceres,ex
2422 716 2638 787 quibus
2662 714 3046 771 intolerabilis
3067 715 3427 788 glomeratur
3447 717 3694 775 formido

2042 802 2344 873 subjectis.
2370 804 2515 868 Quid
2540 810 2743 876 postea
2761 804 2788 859 ?
2816 822 2928 861 nox
2960 822 3095 877 una,
3119 809 3177 862 et
3205 805 3381 862 febris
3413 806 3694 878 accessio,

2043 891 2243 948 lateris
2276 893 2462 961 dolor,
2483 894 2900 966 pulmonisque
2932 895 3278 966 suspirium,
3310 894 3605 952 divulsum
3627 913 3697 952 ex

2042 981 2381 1038 hominibus
2412 984 2573 1038 ducit
2604 983 2918 1051 hominem,
2970 983 3039 1056 (Γ)
3070 988 3305 1055 totaque
3354 986 3482 1053 ejus
3518 1001 3696 1040 scena

2041 1078 2277 1140 repente
2302 1072 2612 1140 detegitur,
2644 1077 2700 1127 et
2729 1071 2829 1127 illa
2860 1076 3020 1127 tanta
3058 1072 3315 1143 potentia
3343 1071 3499 1127 velut
3526 1076 3692 1128 tran-

2039 1163 2264 1214 sactum
2297 1160 2592 1216 somnium
2628 1178 2741 1215 non
2772 1161 3015 1216 videtur.
3050 1161 3411 1233 Quapropter
3435 1165 3691 1234 tempes-

2038 1247 2153 1301 tive
2191 1249 2475 1319 propheta
2528 1250 2737 1305 ﬂorum
2785 1249 3689 1319 imbecillitati,simillitudinem

2038 1336 2234 1407 gloria
2265 1338 2617 1407 comparavit
2646 1338 2935 1394 humana.
3536 1412 3541 1413 ί

2108 1426 2162 1481 3.
2195 1427 2479 1481 Germinet
2506 1434 2651 1481 terra
2682 1426 2908 1482 herbam
2952 1428 3163 1497 pabuli,
3204 1429 3479 1484 seminam
3508 1444 3691 1486 semen

2036 1513 2335 1569 secundum
2364 1529 2554 1582 genus.
2579 1514 2775 1585 Usque
2807 1531 2961 1569 nunc
2995 1514 3178 1586 igitur
3202 1515 3403 1586 prima
3435 1516 3690 1590 disposi-

2038 1601 2181 1657 tioni
2213 1602 2379 1658 testis
2410 1607 2501 1657 est
2530 1603 2670 1657 ordo
2714 1601 3103 1658 nascentium.
3146 1602 3502 1660 Germinatio
3532 1606 3688 1661 enim

2038 1692 2237 1746 omnia
2268 1708 2394 1763 qua
2424 1696 2778 1763 generantur
2814 1692 3128 1758 antevenit,
3157 1698 3213 1746 et
3242 1692 3290 1746 si
3323 1692 3464 1764 quid
3496 1695 3569 1749 de
3597 1711 3688 1750 ra-

2038 1780 2164 1835 dice
2194 1780 2539 1851 prorumpit,
2566 1786 2631 1835 ut
2657 1796 2861 1835 crocus
2889 1784 2946 1835 et
2973 1795 3240 1851 gramen,
3274 1781 3440 1851 prius
3470 1780 3527 1837 id
3560 1797 3688 1854 ger-

275 1864 453 1922 tionis
482 1864 760 1930 exoritur,
799 1870 856 1921 et
886 1865 971 1920 ita
1000 1867 1154 1937 quod
1205 1867 1277 1922 de
1319 1868 1511 1938 prima
1556 1870 1929 1942 generatione
1959 1903 2006 1968 Β
2041 1867 2264 1923 minare
2296 1885 2532 1924 necesse
2563 1872 2734 1937 est,et
2756 1871 2886 1940 post
2915 1868 3024 1925 hoc
3044 1868 3242 1924 fenum
3276 1868 3453 1925 viride
3480 1870 3687 1940 videri,

271 1960 428 2013 terra
458 1956 750 2029 produxit,
772 1973 961 2029 usque
988 1973 1146 2012 nunc
1170 1958 1527 2029 posteritatis
1555 1962 1928 2017 successione

273 2048 847 2114 servatur,Germinet
875 2054 1043 2102 terra.
1061 2046 1304 2119 Respice
1331 2050 1626 2119 quomodo
1657 2065 1726 2104 ex
1752 2066 1928 2121 parva

274 2150 433 2205 voce,
466 2140 522 2190 et
552 2135 935 2206 praceptione
962 2134 1310 2191 brevissima
1338 2135 1512 2192 tellus
1544 2138 1728 2203 arida,
1751 2138 1926 2193 steri-

274 2222 467 2295 lisque
499 2229 734 2295 repente
764 2224 1116 2295 parturiens,
1139 2229 1196 2279 et
1217 2225 1288 2279 ad
1319 2225 1497 2281 fetum
1526 2226 1926 2283 fructiﬁcatio-

276 2312 371 2367 nis
402 2312 680 2384 impulsa,
713 2312 869 2369 velut
898 2314 1151 2384 quodam
1185 2313 1451 2370 luctuoso
1497 2315 1716 2371 amictu
1748 2317 1927 2389 depo-

275 2402 788 2475 sito,sumptisque
810 2402 1129 2459 latioribus
1153 2403 1601 2475 indumentis,et
1618 2405 1780 2461 cultu
1804 2423 1931 2477 pro-

278 2489 390 2562 prii
420 2492 649 2547 decoris
695 2490 985 2559 exultans,
1016 2491 1215 2547 omnia
1246 2508 1371 2563 qua
1403 2496 1480 2562 (b)
1502 2495 1675 2564 jussu
1707 2496 1930 2552 calesti

275 2580 999 2651 conceperat,efi’undebat.
1016 2580 1194 2652 Cupio
1219 2580 1417 2653 itaque
1438 2582 1497 2637 in
1520 2582 1636 2639 tuis
1656 2585 1931 2641 sensibus

276 2666 457 2724 altius
484 2668 698 2724 harere
736 2670 807 2741 (ο)
843 2672 1120 2725 creatura
1148 2669 1431 2726 miracula
1461 2687 1475 2727 :
1510 2676 1576 2727 ut
1598 2672 1931 2745 ubicunque

275 2762 544 2829 repertus
566 2758 747 2814 fueris
777 2762 836 2814 et
864 2757 1106 2814 cuilibet
1136 2760 1503 2815 nascentium
1537 2762 1734 2833 generi
1767 2779 1931 2833 spec-

274 2851 432 2902 tator
486 2847 767 2917 astiteris,
814 2846 1187 2919 magnificam
1243 2848 1529 2920 percipias
1586 2851 1931 2907 memoriam

276 2934 624 3004 Conditoris,
646 2940 703 2991 et
731 2940 865 2992 ante
895 2936 1091 2992 omnia
1115 2953 1251 2992 cum
1274 2937 1489 2995 videris
1518 2938 1762 2995 herbam
1793 2940 1930 3009 feni,

276 3023 363 3080 vel
394 3024 617 3095 ﬂorem,
652 3040 784 3080 mox
820 3029 878 3081 te
924 3026 996 3081 ad
1041 3025 1311 3081 humana
1360 3032 1585 3084 natura
1632 3033 1934 3086 convertas

275 3112 599 3186 imaginem
634 3131 647 3169 :
682 3115 1022 3171 recordatus
1069 3115 1230 3171 Isaia
1275 3116 1557 3187 sapientis
1588 3119 1884 3190 exemplar
1916 3138 1929 3176 ε

281 3202 430 3269 Quia
457 3204 640 3258 omnis
668 3219 796 3259 caro
826 3212 1096 3275 tanquam
1123 3206 1334 3275 fenum,
1356 3214 1410 3260 et
1439 3208 1616 3261 omnis
1644 3208 1827 3276 gloria
1842 3209 1934 3266 ho-

2036 1960 2210 2029 atque
2238 1957 2320 2013 ita
2350 1959 2408 2011 in
2457 1958 2683 2028 frugem
2731 1963 3044 2027 maturam,
3086 1957 3304 2030 stipula
3323 1959 3451 2028 jam
3482 1958 3689 2016 ﬂaves-

2036 2053 2199 2102 cente
2233 2046 2488 2118 perduci.
2520 2048 2791 2103 Germinet
2824 2052 2971 2102 terra
3000 2047 3224 2103 herbam
3249 2048 3687 2118 pabuli.Semen

2035 2135 2216 2208 igitur
2264 2152 2399 2191 cum
2449 2136 2725 2191 ceciderit
2756 2136 2816 2190 in
2847 2136 3061 2202 solum,
3093 2140 3150 2192 et
3181 2137 3552 2192 mediocriter
3580 2138 3699 2193 hu-

2037 2241 2197 2281 more
2238 2224 2410 2280 fuerit
2439 2229 2495 2280 et
2538 2223 2728 2281 calore
2760 2225 3051 2294 molitum,
3089 2241 3220 2280 mox
3251 2225 3475 2296 gremio
3528 2230 3695 2282 terra

2038 2315 2698 2384 connectitur,quadam
2721 2313 2971 2369 subinde
2999 2313 3258 2386 genitive
3289 2314 3549 2370 fomenta
3569 2331 3697 2371 sus-

2039 2403 2262 2476 cipiens
2293 2409 2348 2458 et
2378 2404 2435 2457 in
2468 2418 2643 2458 venas
2675 2402 2803 2472 ejus
2856 2403 3077 2457 sensim
3128 2402 3375 2457 labendo
3406 2403 3699 2474 demergi-

2037 2495 2154 2559 tur,
2189 2492 2531 2564 sparsisque
2580 2490 3001 2546 minutissimis
3050 2490 3214 2546 ﬁbris
3266 2494 3551 2546 tumorem
3600 2508 3700 2546 su-

2041 2581 2307 2653 perjecta
2354 2580 2582 2635 telluris
2627 2579 2920 2634 nascendo
2968 2580 3318 2651 perrumpit,
3351 2579 3700 2635 fundatum-

2041 2670 2306 2743 quejam
2338 2669 2603 2737 ﬁrmiter,
2635 2668 2895 2735 armiter,
2931 2667 3097 2723 facile
3129 2668 3433 2741 consurgit
3460 2672 3545 2723 tot
3589 2686 3702 2725 nu-

2041 2776 2201 2814 mero
2226 2775 2463 2813 sursum
2487 2756 2743 2813 calamos
2765 2756 3084 2829 explicans,
3117 2761 3261 2828 quot
3300 2758 3576 2812 deorsum
3604 2774 3697 2812 ra-

2041 2848 2201 2904 dices
2222 2848 2761 2918 extenderit.Atque
2777 2846 2859 2901 ita
2879 2847 3208 2902 teneritudo
3231 2846 3516 2919 germinis
3539 2851 3698 2917 tepe-

2041 2936 2214 3002 facta,
2238 2935 2497 3007 subjecto
2518 2951 2749 3005 vapore,
2775 2934 2874 3006 qui
2892 2938 3081 2989 tractu
3107 2933 3318 2989 caloris
3339 2932 3588 3006 illapsus
3610 2938 3703 2990 est

2041 3041 2145 3098 per
2162 3025 2405 3094 radices,
2427 3027 2484 3079 et
2505 3028 2667 3079 terra
2690 3022 3068 3079 nutrimentis
3090 3022 3406 3078 adhibetur
3433 3039 3445 3077 :
3472 3026 3699 3094 partem

2042 3115 2135 3171 sui
2166 3112 2440 3169 diffundit
2472 3113 2530 3167 in
2563 3111 2849 3181 culmum,
2870 3116 3095 3182 partem
3126 3110 3287 3167 ducit
3307 3110 3367 3165 in
3394 3112 3698 3182 corticem,

2046 3208 2268 3275 partem
2296 3201 2587 3256 ministrat
2619 3201 2673 3254 in
2702 3217 2907 3273 grana,
2926 3205 3148 3271 partem
3188 3198 3434 3271 porrigit
3463 3201 3522 3254 in
3550 3200 3700 3257 aris-

280 3290 453 3343 minis
483 3294 745 3361 tanquam
768 3290 866 3359 ﬂos
893 3271 1011 3361 feni
1032 3271 1185 3362 (Isai.
1217 3309 1305 3359 ιι,
1326 3292 1401 3365 6).
1422 3271 1805 3351 Etenim'vita
1827 3296 1933 3351 hu-
1965 3271 2007 3337 Ο
2046 3271 2159 3349 tas.
2183 3294 2252 3348 Et
2273 3293 2378 3347 hoc
2402 3292 2575 3347 modo
2597 3290 2675 3361 ἔρ)
2699 3271 3067 3344 concretione
3102 3289 3377 3360 perfecta,
3412 3288 3695 3361 paulatim

273 3378 377 3449 jus
409 3378 684 3448 brevitas,
710 3383 770 3436 et
800 3379 1111 3435 minimum
1142 3381 1434 3453 gaudium,
1467 3387 1525 3438 et
1553 3400 1732 3455 super
1762 3385 1938 3442 rebus

276 3467 573 3539 prosperis
603 3467 921 3524 hilaritudo
954 3468 1314 3537 mortalium,
1348 3487 1604 3544 congrue
1634 3490 1876 3544 prorsus
1906 3491 1940 3530 a

278 3556 569 3628 propheta
597 3562 933 3629 comparata
963 3562 1053 3614 est
1092 3558 1320 3615 videtur
1363 3560 1518 3617 enim
1570 3562 1742 3619 hodie
1776 3563 1938 3635 quis-

276 3644 437 3716 piam
474 3644 754 3701 membris
783 3647 1056 3717 refectus,
1089 3647 1253 3703 facile
1292 3649 1592 3718 robustus,
1625 3656 1791 3709 atate
1815 3653 1937 3725 pri-

278 3749 519 3799 mavus,
552 3736 808 3791 fremens
839 3736 1083 3806 viribus,
1115 3742 1290 3809 atque
1330 3737 1558 3811 impetu
1598 3758 1712 3797 non
1745 3742 1935 3799 feren-

275 3822 408 3877 dus.
444 3824 548 3878 Hic
577 3824 844 3894 sequenti
873 3841 1009 3880 mox
1056 3826 1148 3881 die
1198 3826 1551 3884 miserabilis
1602 3830 1933 3900 invenitur;

276 3912 419 3967 dum
464 3916 565 3967 aut
612 3918 913 3969 senectute
943 3914 1252 3987 frangitur,
1302 3923 1405 3972 aut
1432 3917 1714 3990 languore
1741 3920 1934 3975 tabes-

275 3999 372 4055 cit.
423 3999 583 4055 Alter
629 4000 836 4057 itidem
884 4002 1221 4074 spectabilis
1253 4004 1524 4074 habetur,
1553 4011 1611 4062 et
1656 4009 1933 4063 maxima-

274 4104 409 4145 rum
441 4089 689 4146 refertus
736 4090 949 4163 Opibus
999 4091 1367 4161 facultatum,
1402 4094 1583 4151 fultus
1610 4096 1930 4169 obsequiis,

274 4182 687 4249 susceptorum
724 4179 1047 4236 amicorum
1098 4181 1274 4237 etiam
1303 4183 1715 4240 simulatorum
1750 4186 1933 4258 stipa:

271 4268 369 4320 tus
419 4265 707 4337 examine,
763 4284 867 4323 nec
919 4284 1036 4324 non
1084 4270 1496 4341 parasitorum,
1528 4272 1615 4327 vel
1664 4274 1931 4330 affinium

271 4353 647 4410 adulatorum
681 4354 1146 4428 circumspectus
1179 4358 1459 4428 excubiis,
1493 4377 1527 4416 a
1556 4361 1771 4433 quibus
1802 4379 1932 4418 om-

270 4442 472 4515 nibus,
506 4446 563 4498 et
590 4444 932 4517 procedens,
965 4450 1021 4503 et
1050 4446 1281 4504 rediens
1304 4448 1582 4505 invidiam
1613 4467 1744 4507 cum
1772 4452 1931 4508 vitu-

266 4532 573 4605 paratione
601 4534 913 4605 conquirit.
945 4536 1142 4609 Neque
1175 4539 1333 4593 enim
1365 4542 1556 4610 potest
1584 4540 1741 4596 hunc
1771 4558 1931 4597 mor-

2047 3384 2118 3441 ad
2151 3383 2241 3439 sui
2275 3397 2610 3437 mensuram
2635 3378 2870 3451 singula
2899 3394 3145 3449 quaque
3166 3378 3530 3450 perveniunt.
3555 3379 3704 3449 Ergo

2046 3473 2167 3529 sive
2199 3471 2487 3527 tricticum
2520 3469 2713 3536 fuerit,
2746 3468 2865 3524 sive
2896 3467 3192 3539 legumen,
3225 3466 3365 3532 sive,
3400 3466 3550 3532 olus,
3582 3467 3703 3523 sive

2046 3563 2377 3627 arbustum,
2411 3558 2771 3615 sufficienter
2799 3557 3092 3612 instruere
3125 3556 3335 3627 poterit
3363 3559 3532 3610 tuum
3563 3572 3700 3611 sen-

2046 3668 2202 3719 sum,
2227 3666 2341 3721 quo
2365 3648 2554 3720 possis
2589 3646 2804 3702 intueri
2834 3645 3187 3718 sapientiam
3219 3644 3537 3700 conditoris
3567 3643 3703 3700 arti-

2045 3739 2173 3795 ﬁcis
2193 3755 2205 3794 :
2224 3737 2515 3808 quomodo
2538 3740 2818 3806 tanquam
2844 3733 3095 3806 genibus
3114 3732 3466 3804 quibusdam
3486 3732 3707 3805 stipula

2044 3827 2321 3884 frumenti
2346 3825 2729 3896 succingitur,
2756 3827 2819 3878 ut
2841 3823 3062 3878 crebris
3085 3821 3469 3893 compagibus
3493 3820 3701 3892 alliga-

2041 3922 2120 3984 ta,
2154 3916 2386 3971 facilius
2416 3913 2603 3969 valeat
2639 3928 2788 3967 onus
2833 3912 3171 3966 subvectare
3212 3909 3531 3981 spicarum,
3564 3924 3700 3964 cum

2041 4004 2411 4078 gravitudine
2444 4000 2796 4056 maturitatis
2828 3999 3047 4055 inﬂexa
3095 3998 3370 4053 deorsum
3420 3996 3705 4068 coeperint

2042 4092 2334 4151 inclinari.
2359 4093 2427 4147 Et
2447 4093 2753 4163 propterea
2775 4086 3034 4143 calamus
3067 4102 3259 4142 avena
3289 4088 3449 4141 totus
3476 4101 3698 4141 vacuus

2042 4184 2292 4240 habetur
2324 4200 2338 4245 ;
2371 4182 2512 4252 quia
2542 4178 2770 4234 nullum
2816 4176 3037 4233 scilicet
3063 4176 3214 4248 gerit
3245 4175 3475 4246 pondus
3505 4174 3565 4231 in
3597 4191 3696 4231 ca-

2042 4274 2180 4346 pite.
2214 4272 2501 4327 Triticum
2535 4273 2732 4324 autem
2766 4267 2949 4338 longa
2972 4264 3143 4320 aliter
3171 4270 3385 4320 natura
3413 4263 3693 4329 munivit,

2041 4362 2211 4432 cujus
2235 4377 2418 4432 grana
2444 4356 2814 4430 providenter
2831 4354 3148 4409 admodum
3173 4352 3385 4408 locavit
3406 4352 3465 4407 in
3491 4351 3702 4421 thecis,

2042 4455 2107 4506 ut
2137 4467 2249 4505 non
2286 4448 2642 4521 diripiantur
2669 4445 2741 4500 ab
2764 4443 2989 4499 avibus.
3014 4442 3316 4498 Etidcirco
3347 4441 3407 4496 in
3439 4442 3490 4496 ei
3522 4442 3701 4498 ratio-

2042 4539 2314 4596 nabiliter
2347 4538 2559 4594 aristas
2602 4551 2781 4591 causa
2830 4531 3130 4600 custodia,
3164 4530 3323 4587 velut
3370 4531 3568 4587 hastas
3597 4547 3702 4604 ap-

265 4623 413 4677 bnm
466 4620 759 4678 declinare
805 4626 907 4695 qui
954 4627 1191 4682 eminet.
1238 4627 1399 4683 Adde
1436 4628 1652 4685 divitiis
1699 4630 1926 4687 civilem
1959 4642 2006 4705 D
2042 4630 2259 4702 posuit,
2281 4643 2532 4701 quarum
2556 4624 2774 4681 aculeis
2798 4622 3053 4678 minores
3083 4620 3285 4677 bestia
3317 4620 3697 4692 repellantur.

265 4727 511 4785 quoque
543 4712 882 4783 potentiam,
915 4718 974 4769 et
1019 4714 1267 4771 honores
1299 4715 1522 4773 delatos
1568 4736 1600 4773 a
1650 4719 1929 4792 principi-

264 4801 404 4871 bus,
438 4800 704 4871 gentium
738 4802 1086 4875 regimenta,
1120 4803 1379 4861 militum
1415 4807 1775 4879 magisteria,
1800 4827 1941 4882 pra-

262 4905 444 4972 conss
474 4888 551 4960 (ά)
583 4889 857 4948 horrifica
900 4910 1036 4949 voce
1068 4902 1449 4966 personantes
1481 4902 1617 4952 ante
1655 4900 1941 4972 seipsum’

261 4968 643 5050 fasciumque
696 4987 953 5038 vectores
1001 4983 1135 5039 hinc
1186 4989 1243 5039 et
1304 4984 1440 5041 inde
1499 4968 1942 5059 prosequ—ontes’

336 5102 421 5242 (ag
454 5101 652 5184 Nostri
685 5108 807 5161 tres
840 5122 1010 5173 mss.,
1041 5110 1173 5180 quia
1203 5109 1474 5179 quaedam.

339 5173 397 5242 (b
453 5174 625 5241 Editi,
660 5178 776 5233 visu
805 5178 1023 5234 calesti.
1066 5180 1217 5235 Libri
1250 5186 1473 5237 veteres

365 5174 419 5254 ὸ)
446 5174 625 5254 ﬁditi,
660 5178 776 5233 visu
805 5178 1023 5234 calesti.
1048 5174 1227 5254 Libri.
1250 5186 1493 5249 veteres,
1518 5184 1680 5254 jussu
1708 5186 1935 5241 caelesti.

363 5244 414 5310 ο)
446 5246 655 5302 Vocem
685 5254 968 5307 creaturae
1016 5251 1347 5308 addidimus
1397 5244 1688 5310 ex'veteri
1736 5263 1935 5314 nostro

265 5316 691 5395 liblr9._G_lja_ce_,
726 5323 826 5385 τῆς
858 5320 1083 5382 κτίσεως
1111 5322 1172 5376 τὸ
1204 5323 1400 5395 θαῦμα.

343 5388 421 5457 (d)
454 5388 637 5463 Editi,
664 5391 969 5463 honori/ica
999 5410 1148 5451 voce.
1197 5388 1385 5451 Codex
1425 5401 1623 5452 noster
1668 5402 1724 5452 et
1771 5397 1931 5454 Colb.

266 5460 593 5584 se£cuncelu~s,
627 5460 928 5535 honoriﬁca
958 5482 1102 5521 voce.
1140 5469 1411 5540 Legimus
1440 5470 1593 5539 apud
1625 5468 1929 5538 Basilium,

274 5551 317 5584 υ.
346 5550 421 5584 Ὑα
492 5554 686 5584 οωντα.

274 5550 421 5603 μίγα
455 5550 686 5603 por-ivra.

340 5606 618 5679 (el_Editi,
648 5609 995 5678 simplicibus
1023 5611 1278 5679 ferentes.
1305 5610 1378 5664 At
1409 5612 1591 5666 nostri
1620 5616 1736 5667 tres
1760 5628 1930 5679 mss.,

263 5675 618 5753 supplicibus
637 5675 910 5753 ferentes;
929 5687 986 5736 et
1006 5675 1087 5735 ita
1113 5681 1421 5753 scripsisse
1445 5684 1813 5740 Eustathium
1838 5675 1928 5740 ar;

263 5746 478 5827 bitror,
499 5751 621 5827 qui,
637 5746 710 5806 ’ut
729 5752 868 5807 alibi
893 5753 1137 5827 passim,
1164 5746 1249 5827 ita.
1265 5753 1357 5809 hic
1377 5771 1609 5827 quoque
1631 5757 1744 5811 vim
1770 5755 1927 5811 verbi

266 5817 452 5876 Graci
484 5817 637 5880 male
666 5817 971 5896 expressit.
1001 5824 1086 5882 Ita
1114 5817 1309 5897 potius
1340 5817 1593 5886 scribere
1622 5829 1925 5899 debuerat,

2112 4720 2162 4774 4.
2196 4718 2342 4782 Quid
2388 4716 2614 4787 loquar,
2664 4713 2873 4784 quidve
2922 4710 3220 4777 reticeam,
3266 4715 3384 4764 tam
3434 4709 3701 4781 copiosos

2052 4806 2368 4879 respiciens
2397 4805 2704 4859 thesauros
2727 4800 3046 4855 creatura?
3072 4802 3159 4853 est
3181 4797 3419 4869 quidem
3443 4797 3700 4853 difficilis

2049 4896 2340 4953 assecutio
2355 4894 2596 4950 melioru
2609 4908 2660 4945 m
2671 4890 2793 4957 ,sed
2803 4890 3031 4959 jactura
3044 4903 3158 4943 non
3177 4886 3502 4944 tolerabilis
3522 4888 3702 4944 omis-

2050 5003 2269 5042 sorum.
2306 4984 2581 5040 Germinet
2612 4988 2765 5034 terra
2794 4977 3019 5032 herbam
3048 4976 3259 5046 pabuli.
3284 4979 3408 5030 Mox
3443 4992 3577 5031 cum
3609 4976 3698 5029 vi-

2045 5110 2281 5165 subditis
2310 5111 2871 5180 ferentesterrorgm,
2898 5099 3212 5180 cum_ap_ud
3246 5097 3523 5180 Basilium
3556 5098 3705 5164 lega-

2050 5199 2185 5237 mus
2214 5171 2328 5240 τοιὲ
2363 5172 2975 5252 ἀρχομένοιςτ-ψὶάεῳ
3020 5171 3179 5252 Golh.
3213 5171 3529 5252 secundus,
3575 5185 3700 5239 gra-

2050 5199 2185 5237 mus
2214 5200 2328 5240 τοις
2363 5198 2503 5252 αρχο
2556 5198 2718 5233 ενοις.
2752 5198 2975 5227 mtuum
3020 5198 3179 5253 υυιμ.
3213 5198 3529 5251 accuratius,

2048 5255 2471 5323 vissimumque.
2505 5198 2627 5323 vox
2658 5244 2868 5323 ultima
2896 5245 3093 5299 deerat
3110 5260 3180 5323 in
3212 5242 3518 5323 vulgatis.“
3549 5309 3560 5319 .

2121 5324 2186 5396 (Ι)
2217 5309 2374 5379 001ῠῖ
2410 5320 2727 5396 secundus,
2758 5320 3043 5396 totumque
3069 5315 3187 5396 eius
3215 5309 3455 5396 εςζξξγῃιέ,
3478 5309 3704 5396 Ιρξάθω

2048 5381 2265 5451 ibidem
2288 5397 2486 5464 codex,
2518 5396 2570 5448 et
2597 5381 3011 5446 tanta.Vocula
3040 5381 3173 5441 etin
3202 5385 3376 5439 editis
3406 5381 3706 5437 desidera-

2042 5469 2449 5609 baglrlﬁditiet
2478 5536 2592 5589 duo
2622 5548 2787 5610 m_ss.,
2819 5527 3240 5610 congregatione
3268 5527 3539 5610 perfecta,
3572 5538 3695 5610 cor-

2042 5599 2227 5679 rupte.
2263 5609 2425 5665 Colb.
2467 5605 2788 5680 secundus,
2834 5601 3173 5680 concretione
3214 5603 3500 5680 per/ecta;
3533 5599 3589 5649 et
3619 5599 3697 5680 i_ta

2039 5668 2352 5748 legendum
2387 5696 2514 5735 esse
2543 5682 2701 5748 puto.
2748 5672 3021 5748 Legimus
3072 5670 3257 5748 apud
3284 5668 3565 5748 Basilium
3594 5668 3695 5730 τῆς

2036 5739 2235 5823 «tam;
2262 5739 2559 5826 γινομένηξ
2588 5766 2601 5802 :
2635 5745 2789 5826 quod
2822 5739 3030 5825 melius
3070 5739 3151 5826 ita
3180 5739 3640 5815 interpretabere
3672 5756 3686 5795 :

2035 5816 2338 5884 accessione
2365 5816 2538 5899 facta,
2570 5816 2805 5892 perfecto
2835 5816 3184 5874 incremento.
