4120 6230
314 400 429 463 929

1046 393 1469 457 EUSTATHII
1514 389 1979 456 HEXAEMERI
2025 390 2580 456 METAPHBASIS
2627 396 2855 459 LIBElt
2898 400 3001 461 VI.

3605 406 3723 466 930

316 538 530 591 menta.
565 532 644 604 (α)
678 536 878 602 Itaque
925 531 1068 585 dum
1121 530 1529 585 manifestatur
1576 529 1769 585 editus
1817 545 1962 601 puer
1988 528 2043 594 Α
2071 530 2161 582 est
2189 527 2453 599 signiferi
2485 530 2711 586 circuli.
2744 534 3043 597 Quomodo
3089 552 3227 606 ergo
3275 536 3625 608 principales
3660 542 3726 609 (ο)

316 620 755 688 mathematice,
790 624 1012 692 quanta
1041 618 1290 675 dicimus
1340 618 1541 691 elapsa
1572 634 1700 674 esse
1731 622 1972 691 puncta,

315 714 458 770 dum
490 710 686 767 media
714 725 999 782 responsa
1029 708 1548 774 redduntur.Quod
1581 708 1695 764 etsi
1714 707 1970 780 contige-

317 803 395 858 rit
424 804 588 858 extra
618 800 769 856 fores
800 796 1056 854 cubiculi
1090 802 1241 853 stare
1268 813 1402 853 eum
1436 798 1536 869 qui
1558 796 1854 853 nascentis
1876 797 1976 851 ho-

319 906 445 947 ram
479 888 962 961 colligit,0portet
984 886 1211 942 visitari
1244 885 1701 953 laterculum,ut
1729 884 1976 957 diligen-

322 985 425 1049 ter,
459 983 515 1034 et
545 978 672 1033 sine
704 976 825 1030 ulla
855 975 1292 1031 intermissione
1322 974 1597 1030 calculari
1629 974 1813 1046 possit
1844 991 1974 1028 cur-

319 1086 422 1124 sus
471 1068 771 1135 horarum,
807 1066 926 1121 sive
975 1065 1170 1120 diurni
1226 1064 1461 1135 iuerint,
1513 1064 1632 1118 sive
1685 1063 1972 1119 nocturni.

320 1158 688 1223 Quantorum
720 1154 903 1227 igitur
928 1153 1425 1226 sexagesimorum
1447 1169 1749 1221 numerus,
1766 1170 1830 1207 eo
1849 1153 1975 1224 ipso

317 1252 583 1318 tempore
614 1243 967 1317 praeteriisse
1014 1242 1319 1315 potabitur
1343 1246 1366 1298 Ρ
1394 1246 1642 1298 Necesse
1684 1246 1772 1297 est
1818 1240 1975 1296 enim

321 1340 386 1393 ut
417 1333 748 1391 inveniatur
780 1331 1109 1404 stella,quaa
1142 1348 1259 1387 non
1292 1332 1482 1387 solum
1514 1331 1574 1385 in
1605 1336 1786 1402 quota
1815 1335 1978 1401 parte

318 1422 657 1481 duodecimi
689 1420 888 1493 spatii,
923 1421 1021 1475 sed
1057 1419 1232 1475 etiam
1262 1419 1322 1474 in
1374 1424 1550 1490 quoto
1578 1423 1794 1491 puncto
1834 1420 1977 1473 duo-

320 1513 516 1571 decies
549 1510 746 1567 divisss
779 1508 1062 1583 portionis
1094 1508 1449 1578 assistit,vel
1482 1508 1678 1579 potius
1707 1508 1765 1563 in
1801 1511 1977 1579 quoto

320 1606 623 1659 momento
655 1598 1153 1671 sexagesimorum
1204 1597 1517 1670 reperitur,
1549 1597 1608 1652 in
1642 1596 1856 1669 quibus
1886 1597 1977 1651 di-

319 1692 517 1748 ximus
561 1690 928 1746 decretorum
984 1692 1204 1743 sortem
1254 1686 1436 1742 fuisse
1484 1685 1749 1754 divisam,
1783 1689 1885 1741 aut
1917 1689 1977 1740 ut

324 1780 567 1836 omnino
596 1777 810 1834 veritas
840 1776 1270 1848 inquiratur,in
1302 1780 1479 1847 quoto
1506 1791 1709 1831 eorum
1743 1790 1979 1846 sexage-

323 1872 611 1926 simorum
660 1870 910 1935 ostento,
946 1881 1072 1937 quis
1104 1882 1136 1920 a
1170 1864 1376 1935 primis
1408 1868 1548 1919 sunt
1596 1863 1976 1935 sexagesimis

327 1960 479 2016 734
510 1958 588 2029 (b)
618 1959 906 2027 reparata.
930 1954 1146 2010 Verum
1179 1953 1354 2009 istam
1386 1952 1470 2009 sic
1501 1951 1886 2023 enucleatum,
1918 1955 1975 2007 et

321 2042 981 2119 incomprehensibilem
1012 2043 1298 2114 temporis
1330 2041 1822 2112 inventionem,in
1852 2041 1975 2097 sin-

319 2136 479 2208 gulis
528 2135 864 2206 quibusque
913 2131 1166 2203 planetis
1215 2130 1363 2197 ﬁeri,
1396 2130 1796 2187 necessarium
1846 2145 1975 2185 esse

320 2225 673 2283 conﬁrmant
698 2240 711 2279 :
736 2226 801 2277 ut
832 2225 1188 2293 agnoscatur
1218 2220 1452 2291 qualem
1478 2220 1746 2275 habitum
1777 2235 1975 2291 gesse-

322 2317 399 2374 rit
418 2316 698 2372 adversus
717 2311 994 2368 erraticas
1027 2309 1344 2379 stellas,vel
1369 2311 1541 2381 quale
1563 2310 1716 2364 inter
1732 2326 1793 2364 se
1816 2308 1976 2364 sche-

324 2424 421 2462 ma
444 2403 901 2472 tenuerint,cum
916 2406 1255 2456 nasceretur
1275 2398 1775 2455 infantulus.Nam
1800 2398 1849 2454 si
1872 2398 1974 2453 ho-

324 2513 390 2551 ra
413 2493 659 2550 sollicite
710 2508 827 2546 non
873 2490 1049 2545 fuerit
1087 2489 1396 2554 custodita,
1430 2487 1858 2559 contigeritque
1889 2486 1975 2541 vel

324 2581 626 2639 modicum
657 2579 799 2651 quid
822 2578 892 2633 de
914 2577 1015 2633 illa
1036 2576 1427 2634 subtilissima
1456 2574 1680 2631 ratione
1709 2576 1925 2631 mutari
1958 2590 1972 2630 :

324 2687 571 2744 prorsus
601 2666 930 2726 observatio
960 2670 1087 2723 tota
1129 2664 1531 2722 confunditur.
1564 2665 1712 2721 Sunt
1739 2664 1973 2736 quidem

325 2762 449 2817 risu
481 2758 645 2831 digni
676 2755 779 2829 qui
808 2755 989 2827 hujus
1020 2752 1447 2826 inexplicabilis
1494 2752 1820 2825 disciplinae
1851 2758 1977 2809 stu-

326 2849 442 2906 diis
471 2849 823 2903 vacaverunt
852 2860 866 2899 :
899 2844 1001 2899 sed
1035 2842 1219 2898 multo
1248 2841 1439 2914 magis
1468 2840 1553 2895 illi
1600 2842 1701 2912 qui
1747 2841 1976 2898 avidius

326 2940 389 2995 in
427 2953 526 2994 eos
558 2935 809 3003 inhiant,
843 2936 1124 3005 tanquam
1154 2930 1403 2987 scientes
1433 2930 1675 3001 aliquid.

397 3028 455 3084 6.
486 3026 690 3097 Itaque
720 3024 909 3080 solent
927 3025 1188 3092 eventus,
1221 3024 1278 3077 et
1306 3019 1531 3092 efﬁgies
1578 3034 1811 3091 quoque
1832 3034 1977 3091 pra;-

327 3118 523 3174 dicere
553 3110 1315 3187 singulorum,declarantes
1338 3109 1506 3164 illum
1539 3109 1734 3180 crispo
1764 3107 1977 3180 capillo

326 3208 591 3263 futurum
626 3207 682 3259 et
710 3202 963 3259 alacrem
990 3217 1003 3256 :
1036 3199 1315 3272 quoniam
1366 3200 1423 3253 in
1455 3198 1634 3254 ariete
1664 3198 1855 3270 posita
1889 3201 1978 3254 est

2080 615 2217 671 inde
2246 633 2455 673 causas
2487 623 2802 678 asserendo
2833 623 2962 678 vitae
2995 624 3355 694 mortalium,
3385 626 3456 680 de
3480 629 3727 683 terrenis

2083 706 2407 777 pecudibus
2440 709 2809 765 nascentium
2844 712 3059 768 formas
3081 717 3395 783 mentes,et
3424 714 3570 771 dicis
3602 732 3731 771 mu-

2083 795 2324 851 nificum
2379 796 2499 851 fore
2546 798 2856 855 arietinum
2907 801 3206 857 hominem
3243 820 3255 858 :
3289 819 3402 859 non
3437 804 3575 875 quia
3606 821 3729 860 mo-

2082 902 2212 940 rum
2246 886 2535 956 ejusmodi
2568 905 2702 960 pars
2733 888 2835 945 illa
2860 890 2985 945 caeli
3013 892 3318 963 perfectrix
3347 894 3564 963 est,sed
3597 893 3734 965 quia

2083 979 2291 1030 natura
2323 975 2458 1031 talis
2506 983 2596 1031 est
2638 978 2807 1033 ovis?
2837 980 3104 1036 Hortaris
3154 997 3289 1052 ergo
3340 999 3446 1038 nos
3496 982 3735 1054 praelata

2084 1063 2366 1135 dignitate
2415 1066 2743 1130 stellarum,
2784 1074 2887 1123 aut
2934 1071 3128 1141 potius
3183 1072 3432 1126 suadere
3481 1071 3731 1140 conaris,

2085 1168 2187 1223 per
2217 1152 2431 1207 beslias
2488 1161 2684 1209 mutas
2732 1159 3177 1213 accommodare
3208 1158 3313 1213 tibi
3359 1176 3733 1216 consensum.
3814 1230 3815 1235 η

2086 1240 2248 1303 Quod
2278 1242 2327 1296 si
2359 1242 2430 1297 de
2460 1243 2817 1301 animalibus
2851 1254 3188 1318 assumptas
3222 1262 3449 1303 morum
3484 1249 3740 1319 proprie-

2084 1333 2234 1384 tates
2266 1329 2439 1385 habet
2472 1332 2795 1405 polus,ipse
2826 1351 3057 1406 quoque
3086 1337 3353 1406 subjacet
3383 1336 3743 1393 necessitati-

2087 1418 2197 1472 bus
2227 1417 2434 1474 alienis
2458 1435 2472 1487 ;
2496 1421 2569 1491 (ἀ)
2604 1422 2820 1494 quippe
2852 1424 2989 1494 quia
3020 1429 3228 1480 nactus
3261 1430 3349 1480 cst
3378 1441 3446 1480 ex
3478 1426 3737 1497 quadru-

2086 1506 2333 1578 pedibus
2383 1524 2694 1565 causarum
2727 1511 2905 1567 ducta
2954 1513 3263 1585 principia.
3298 1513 3355 1567 Si
3405 1518 3595 1570 autem
3631 1515 3740 1570 hoc

2087 1596 2234 1651 dicis
2264 1597 2527 1668 ineptum
2561 1615 2711 1665 esse,
2744 1600 2927 1656 multo
2960 1601 3101 1657 illud
3136 1602 3546 1673 pronuntiabis
3572 1602 3740 1675 inep-

2088 1685 2228 1752 tius,
2260 1692 2325 1740 ut
2372 1688 2616 1743 auderes
2646 1689 2718 1744 de
2747 1688 2841 1744 his
2892 1692 3067 1745 rebus
3110 1690 3462 1745 assertiones
3515 1690 3741 1762 afferre,

2088 1789 2214 1844 quae
2260 1774 2405 1829 nihil
2456 1776 2764 1831 nobiscum
2816 1777 3090 1832 videntur
3138 1779 3355 1834 habere
3404 1795 3739 1835 commune.

2088 1866 2303 1917 Verum
2334 1863 2457 1919 haec
2482 1864 2715 1920 illorum
2740 1870 3089 1933 argumenta
3111 1866 3331 1923 similia
3352 1871 3491 1923 sunt
3520 1868 3591 1940 (ε)
3619 1884 3746 1924 cas-

2084 1951 2251 2007 sibus
2300 1969 2672 2019 aranearum,
2706 1956 2763 2009 in
2814 1954 3027 2025 quibus
3073 1956 3122 2011 si
3168 1955 3357 2023 culex,
3389 1961 3490 2012 aut
3540 1973 3747 2013 musca

2082 2041 2665 2108 consederit,tenetur
2696 2044 2946 2111 innexa;
2979 2061 3113 2099 cum
3147 2051 3342 2101 autem
3371 2046 3442 2101 de
3489 2046 3745 2102 fortiori-

2085 2130 2197 2185 bus
2227 2129 2451 2202 aliquid
2486 2132 2979 2204 inciderit,ipsum
3013 2134 3250 2204 quidem
3285 2151 3419 2189 mox
3450 2139 3746 2205 penetrat,

2084 2222 2277 2274 textus
2308 2235 2441 2275 vero
2472 2221 2800 2291 perrumpit
2832 2221 3141 2277 invalidos.

2153 2309 2207 2363 7.
2240 2314 2456 2363 Tamen
2491 2308 2582 2363 bis
2624 2327 2735 2364 non
2792 2325 3225 2381 usquequaque
3276 2312 3535 2367 contenti
3585 2315 3745 2378 sunt,

2086 2397 2182 2452 sed
2230 2395 2611 2469 longinquius
2661 2398 3128 2471 progrediuntur
3175 2404 3453 2455 errantes.
3488 2401 3631 2456 Nam
3659 2415 3753 2455 res

2086 2502 2212 2557 quas
2243 2487 2301 2540 in
2336 2487 2564 2541 arbitrii
2598 2488 2782 2543 nostri
2836 2487 3106 2544 libertate
3136 2492 3276 2543 sunt
3306 2488 3526 2560 positis,
3551 2488 3608 2544 id
3642 2493 3751 2557 est,

2085 2573 2329 2631 virtutes
2362 2578 2463 2630 aut
2492 2575 2656 2640 vitia,
2687 2575 2827 2631 ccele
2845 2576 3026 2631 stium
3080 2577 3531 2633 necessitatibus
3562 2577 3753 2650 appli-

2086 2668 2239 2719 cant.
2274 2664 2496 2728 Quibus
2526 2665 2921 2721 contradicere
2952 2666 3222 2737 quamvis
3265 2666 3489 2722 risibile
3520 2666 3620 2737 sit,
3653 2671 3744 2723 ta-

2088 2770 2219 2809 men
2252 2753 2389 2825 quia
2419 2752 2615 2825 plures
2647 2753 2757 2809 bac
2788 2753 2853 2825 (l)
2888 2754 3227 2810 seductione
3270 2754 3528 2827 prolapsi
3576 2760 3741 2823 sunt,

2086 2857 2412 2914 congruum
2466 2841 2605 2897 mihi
2651 2842 2880 2897 videtur
2928 2860 3044 2897 non
3121 2842 3374 2898 transire
3420 2842 3671 2899 silentio.
3701 2845 3749 2899 A

2087 2931 2305 3002 quibus
2335 2929 2479 2986 illud
2513 2930 2777 3002 principe
2809 2932 2867 2985 in
2904 2930 3028 2987 loco
3072 2930 3444 3003 postulamus
3470 2948 3751 3005 agnosce-

2087 3038 2148 3076 re
2181 3036 2193 3075 :
2228 3020 2276 3075 si
2310 3036 2426 3074 non
2458 3020 2667 3075 diebus
2716 3019 2968 3089 singulis
3001 3019 3212 3077 millies
3264 3021 3739 3078 schemata'mu-

2086 3113 2287 3165 tantur
2316 3113 2634 3163 astrorum.
2664 3111 2905 3179 Semper
2927 3110 3083 3163 enim
3115 3114 3421 3165 moventur
3450 3113 3625 3182 atque
3660 3110 3735 3182 (g)

2087 3198 2426 3254 discurrunt
2473 3212 2551 3252 eae
2584 3195 2765 3253 stellaa
2818 3214 2946 3269 qua
2978 3197 3222 3270 planetae
3258 3204 3557 3269 vocantur,
3591 3216 3737 3270 qua-

326 3296 457 3367 ejus
495 3293 659 3360 hora,
692 3291 824 3347 talis
871 3288 1027 3346 enim
1078 3288 1302 3361 species
1349 3292 1437 3344 est
1486 3288 1614 3359 ejus
1662 3286 1973 3355 animalis;
2006 3273 2049 3339 C
2088 3304 2220 3343 rum
2253 3286 2380 3343 alia:
2411 3285 2695 3342 celeribus
2724 3302 2786 3341 se
2814 3286 3077 3359 vestigiis
3108 3289 3569 3359 consequuntur,
3597 3304 3740 3345 non-

327 3385 558 3456 eritque
593 3397 815 3453 magna:
861 3379 1154 3451 potentiae,
1189 3376 1466 3450 quoniam
1522 3375 1864 3449 principalis
1895 3378 1984 3431 est

328 3469 879 3532 aries.Prmsidalem
912 3484 1147 3540 quoque
1180 3467 1530 3535 futurum,et
1560 3470 1981 3538 quaestuorum,

330 3562 611 3635 quoniam
645 3575 822 3631 pecus
852 3558 1010 3613 istud
1045 3557 1172 3612 sine
1222 3556 1491 3612 molestia
1538 3553 1862 3626 depositam
1900 3554 1981 3609 la-

334 3668 473 3709 nam
506 3647 676 3706 facile
708 3646 955 3704 resumit
985 3645 1357 3702 ministrante
1390 3650 1619 3700 natura.
1643 3644 1749 3710 Qui
1785 3647 1980 3699 autem

331 3739 443 3795 sub
473 3740 646 3792 tauro
676 3741 907 3790 creatus
937 3737 1022 3789 est
1047 3732 1386 3804 tyrannicus
1405 3732 1599 3799 erit,et
1628 3730 1980 3796 laboriosus,

328 3828 607 3897 idemque
638 3822 1100 3891 servilis,taurus
1118 3821 1274 3876 enim
1299 3822 1443 3892 jugo
1461 3819 1803 3875 submittere
1834 3818 1984 3873 colla

330 3913 655 3972 consuevit.
687 3911 794 3976 Qui
825 3926 957 3967 vero
989 3910 1157 3981 signo
1189 3907 1401 3980 scorpii
1434 3908 1716 3977 nascitur,
1744 3906 1981 3962 vulniﬁ-

332 4021 437 4061 cus
470 4001 802 4066 babebitur,
834 4003 1060 4071 utpote
1088 3997 1303 4054 similis
1350 3996 1435 4051 illi
1464 4015 1476 4064 ;
1509 3994 1609 4068 qui
1642 4000 1837 4051 autem
1872 3995 1981 4050 sub

330 4094 481 4149 hora
526 4090 687 4145 libras
736 4087 912 4143 fuerit
942 4087 1158 4154 editus,
1186 4087 1391 4155 justus
1422 4084 1712 4153 efficitur;
1745 4088 1984 4156 prepter

332 4180 668 4254 aequitatem
697 4194 827 4249 quas
858 4179 1123 4232 servatur
1151 4175 1209 4228 in
1241 4173 1486 4229 trutina.
1520 4174 1679 4239 Quod
1726 4172 1818 4228 bis
1850 4172 1982 4227 risi-

335 4270 517 4326 bilius
566 4267 688 4323 fieri
741 4264 1000 4338 poterit?
1035 4264 1197 4319 Aries
1248 4263 1430 4335 igitur
1460 4279 1528 4318 ex
1566 4279 1681 4333 quo
1719 4262 1981 4333 genesim

336 4356 634 4414 mutuaris
665 4354 1031 4419 hominibus,
1063 4351 1414 4407 duodecima
1444 4367 1579 4423 pars
1629 4348 1754 4405 caeli
1805 4349 1983 4403 habe-

341 4452 474 4513 tur;
508 4446 567 4501 in
599 4460 714 4517 quo
746 4444 795 4500 si
836 4442 924 4499 sol
964 4441 1315 4508 constiterit,
1341 4440 1591 4495 aetherea
1637 4438 1805 4512 signa
1846 4453 1984 4493 con-

335 4534 550 4608 tingit;
583 4533 732 4589 libra
762 4548 993 4605 quoque
1042 4530 1129 4586 vel
1164 4534 1368 4586 taurus
1418 4526 1767 4584 duodecima
1797 4526 1983 4599 portio

411 4660 491 4742 (ξι)
522 4657 921 4742 cedemus.
950 4656 1082 4742 άιιῖη
1110 4651 1718 4742 mactasset-.111“?!
1744 4649 1987 4742 κείατ’ξῄἓὲ
2021 4642 2066 4705 θ
2096 4651 2245 4742 “itt-

337 4724 517 4788 editis
547 4728 1079 4799 deerat.Aliquanto
1112 4732 1242 4798 post
1266 4724 1408 4782 editi
1442 4730 1498 4781 et
1522 4724 1642 4799 duo
1672 4724 1985 4793 mss.,dum

336 4802 550 4859 modice
576 4816 831 4872 responsa
860 4798 1184 4872 redduntur.
1221 4799 1395 4872 Vetus
1433 4798 1612 4872 codex
1644 4800 1858 4872 noster,
1892 4810 1984 4849 ee-

338 4874 537 4932 cunda
565 4867 801 4955 quidem
834 4887 1034 4955 niani)2
1066 4870 1167 4955 sed
1188 4870 1465 4955 antiqua,
1495 4869 1627 4955 dum
1657 4867 1846 4949 media
1881 4881 1988 4955 res:

334 4962 511 5020 pansa
540 4940 866 4999 rédduntur.
897 4940 1155 4998 Subinde
1184 4940 1341 4996 Colb.
1393 4940 1711 5004 secundus,
1744 4940 1986 4993 inveniet

339 5019 582 5075 stellam.
607 5030 753 5087 quae,
786 5020 896 5069 etc.

414 5090 493 5158 (b)
522 5080 675 5141 Editi
706 5080 762 5142 et
791 5087 906 5140 duo
940 5100 1108 5153 mss.,
1140 5090 1423 5153 reparata.
1458 5081 1617 5137 Colb.
1668 5080 1985 5149 secundus,

340 5158 1225 5235 νερυιιξεανῖοτιξιεξθανπραιφίιξ·

415 5232 489 5302 (c)
517 5221 728 5287 Vocem
760 5229 887 5285 inde
914 5243 984 5283 ex
1013 5221 1231 5282 nostris
1272 5224 1565 5281 veteribus
1609 5222 1777 5278 libris
1825 5221 1988 5276 addi-

343 5303 567 5358 dimus.

416 5374 504 5444 (ά)
535 5372 723 5428 Codex
752 5371 1130 5446 unus,qu_ippe
1156 5366 1700 5446 quia.§diti,quippe
1728 5363 1993 5446 qui._llflox

344 5435 464 5501 du‘o
487 5435 664 5510 mss.,
695 5446 745 5499 si
772 5435 961 5498 autem
989 5435 1088 5497 hoc
1132 5435 1289 5495 dicis.
1319 5435 1492 5504 Editi,
1512 5435 1572 5493 si
1594 5435 1808 5510 mw
1837 5435 1989 5489 dicit.

344 5518 465 5572 Hoc
497 5518 625 5588 ipso
651 5507 713 5570 in
743 5514 871 5570 loco
903 5512 1193 5577 mss.duo,
1224 5511 1625 5583 pronuntiabis.
1659 5507 1833 5575 Editi,
1863 5521 1990 5578 pro-

341 5588 650 5644 nuntiabit.

417 5661 490 5731 (ο)
522 5658 773 5731 Verbum
800 5662 935 5731 sunt
957 5653 1297 5731 addidimus
1327 5671 1394 5708 ex
1410 5651 1640 5708 duobus
1671 5648 1993 5731 codicibus.

344 5722 483 5787 Mox
506 5728 669 5797 editi,
701 5734 889 5784 tamen
916 5725 1003 5781 his
1033 5740 1159 5797 quae
1184 5740 1405 5797 quaque
1431 5739 1543 5779 non
1570 5722 1814 5780 contenti
1838 5724 1994 5797 sunt.

2090 3375 2264 3432 nullae
2315 3376 2545 3431 tardius
2590 3375 3011 3443 discurrentes,
3044 3376 3150 3431 sub
3197 3377 3401 3432 eadem
3452 3377 3591 3433 hora
3630 3394 3739 3434 saa-

2091 3466 2309 3539 pius,et
2339 3464 2637 3537 aspiciunt
2667 3468 2816 3535 se,et
2845 3465 3570 3522 absconduntur.Maxima
3598 3484 3741 3523 sane

2089 3556 2178 3610 vis
2208 3554 2459 3609 habetur
2489 3554 2548 3608 in
2601 3554 2822 3626 genesi,
2872 3558 2937 3608 ut
2965 3553 3051 3609 illi
3084 3554 3308 3625 dicunt,
3342 3555 3388 3609 si
3439 3560 3541 3612 aut
3587 3557 3742 3613 bona

2093 3644 2261 3699 stella
2292 3643 2631 3714 respexerit,
2666 3648 2766 3697 aut
2815 3642 3075 3715 maligna
3125 3649 3485 3699 nascentem.
3519 3645 3606 3700 Fit
3634 3663 3742 3701 au-

2091 3738 2210 3787 tem
2265 3731 2611 3803 plerumque
2662 3735 2726 3785 ut
2774 3747 2840 3786 eo
2889 3736 3171 3803 tempore,
3204 3749 3320 3802 quo
3367 3733 3519 3788 bona
3573 3733 3746 3791 stella

2090 3820 2409 3894 praefuerit,
2471 3820 2928 3875 mathematicus
2984 3837 3099 3875 non
3156 3821 3455 3876 inveniens
3508 3826 3745 3892 tempus

2090 3911 2317 3966 edicere
2350 3913 2585 3980 propter
2616 3908 3044 3979 ignorationem
3089 3909 3265 3962 unius
3313 3908 3743 3964 minutissima-

2091 4016 2248 4067 rum,
2282 4015 2431 4069 quas
2462 4014 2639 4069 supra
2672 3996 2981 4051 retulimus
3033 3997 3391 4068 porticuum,
3424 3997 3534 4053 sub
3572 4014 3743 4053 caco-

2092 4091 2356 4145 daemone
2380 4086 2547 4141 illum
2566 4087 2762 4157 jacere
2785 4085 3434 4156 describat,utipsorum
3452 4087 3743 4143 sermoni-

2093 4180 2202 4233 bus
2224 4193 2399 4248 cogar
2424 4176 2597 4240 uti,in
2621 4173 2837 4246 quibus
2851 4172 3189 4245 estquidem
3203 4174 3741 4245 magnadementia,

2094 4268 2192 4321 sed
2216 4266 2404 4335 major
2420 4264 2669 4318 habetur
2690 4261 3138 4334 impietas.Nam
3167 4261 3745 4335 malignioresstellm

2093 4371 2301 4411 causas
2325 4353 2599 4425 nequities
2620 4353 2865 4424 propriae
2891 4352 2949 4406 in
2973 4368 3147 4406 suum
3172 4352 3747 4410 transferuntcondi-

2094 4450 2301 4499 torem:
2325 4442 2540 4514 quibus
2556 4441 2602 4497 si
2621 4457 2687 4497 ex
2702 4445 2913 4495 natura
2930 4440 3200 4496 subesset
3217 4439 3585 4513 improbitas,
3608 4459 3747 4499 con-

2095 4533 2249 4587 ditor
2283 4530 2538 4603 profecto
2570 4528 2962 4602 malignitatis
2994 4529 3070 4600 (h)
3102 4532 3304 4584 auctor
3331 4530 3748 4587 exstiterit.Sin

2165 4721 2232 4790 (f)
2260 4719 2447 4773 Codex
2478 4732 2652 4790 unus,
2685 4715 3021 4790 hac_se_ducti
3050 4716 3285 4790 ratione,
3315 4718 3570 4790 prolapsi
3596 4722 3746 4775 sunt.

2098 4786 2255 4845 Haud
2290 4790 2461 4861 longe
2506 4788 2644 4843 editi
2691 4794 2749 4842 et
2777 4787 2940 4862 Colb.
2977 4786 3239 4862 primus,
3272 4786 3745 4862 illudi'principi.

2095 4865 2225 4919 loco.
2260 4858 2445 4916 Gode'x
2475 4865 2690 4923 noster,
2723 4860 2864 4913 illud
2889 4860 3147 4929 principe
3176 4858 3232 4913 in
3266 4859 3396 4915 loco.
3431 4858 3747 4918 Cblb.alter

2094 4934 2236 4989 illud
2263 4933 2441 5004 primo
2472 4932 2603 4987 loco.
2637 4930 2848 5004 Graece,
2880 4928 3116 5002 «pain-09.
3152 4928 3400 5004 Ultimas
3446 4933 3593 4989 duas
3636 4934 3746 4989 lec-

2096 5000 2284 5061 tiones
2315 5021 2381 5059 ex
2410 5019 2575 5075 eaque
2605 5001 2729 5055 voci
2760 5000 2967 5055 Graecae
3011 5002 3321 5076 convenire
3367 5004 3584 5076 vident,
3617 5006 3745 5076 opi-

2100 5095 2221 5145 nor,
2256 5074 2509 5139 omnes;
2545 5078 2682 5147 puto
2716 5079 2911 5147 tamen
2949 5074 3294 5147 potiusglegi
3350 5074 3558 5147 debere
3586 5074 3743 5147 prin-

2096 5153 2214 5219 cipe
2243 5151 2298 5202 in
2334 5149 2481 5219 loco,
2510 5147 2595 5219 uti
2630 5145 2689 5198 in
2719 5146 3129 5219 veterinostro
3160 5145 3307 5201 libro
3340 5145 3617 5219 scriptum
3646 5147 3740 5219 in-

2098 5214 2386 5275 venimus.
2421 5216 2862 5288 Videturﬂenirr
2916 5214 3213 5285 librarius,
3244 5214 3598 5288 quicunque
3643 5216 3744 5271 ille

2103 5292 2213 5348 fuit
2240 5291 2338 5362 qui
2373 5288 2632 5362 alterum,
2657 5287 2823 5342 illum
2870 5288 3127 5344 codicem
3159 5286 3557 5343 Colbertinnm
3598 5288 3745 5362 scri-

2102 5357 2571 5437 psitfnonnullaﬂ
2603 5360 2672 5413 de
2704 5376 2829 5437 suo
2879 5363 2937 5413 et
2984 5364 3263 5437 mutasse,
3296 5362 3352 5411 et
3398 5357 3741 5437 correxisse,

2103 5430 2243 5504 sive,
2276 5450 2409 5490 cum
2442 5431 2741 5499 scriberet,
2773 5430 3091 5504 respexerit
3121 5430 3197 5504 ad_
3240 5430 3536 5504 exemplar
3582 5430 3742 5486 Gre-

2104 5499 2259 5570 cum,
2292 5507 2412 5560 sive
2442 5506 2497 5559 id
2534 5504 2656 5558 solo
2688 5500 2932 5557 rationis
2962 5502 3139 5554 ductu
3173 5499 3393 5570 fecerit.

2174 5568 2255 5649 (g)
2284 5578 2454 5645 Editi,
2487 5577 2811 5631 discurrunt
2852 5570 3050 5627 stellae.
3083 5575 3158 5625 At
3211 5568 3372 5625 Colb.
3424 5572 3743 5644 secundus,

2104 5650 2459 5791 adiﬁciis,
2491 5718 2641 5771 actor
2668 5714 2954 5769 nstiterit.
2988 5710 3149 5766 Colb.
3184 5712 3500 5783 secundus,
3533 5716 3749 5771 auctori

345 5800 598 5880 Antiqui
613 5792 729 5858 duo
751 5792 1098 5869 libri,tamin
1121 5792 1207 5853 his
1225 5792 1338 5853 nor}
1357 5810 1743 5869 usquequaque
1756 5792 1999 5851 contenti
2107 5792 2398 5849 exstiterit.
