4128 6216
455 368 564 430 931
1405 362 1800 426 APPENDIX
1842 363 2168 429 ΟΡΕῆοΜ
2212 366 2278 426 S.
2324 363 2603 428 BASILII
2649 364 2924 429 MAGNI.
3753 373 3878 437 932

453 506 652 556 autem
687 498 986 572 proposito
1018 498 1265 553 faciente
1295 501 1434 554 sunt
1451 496 1938 568 pessimae,primo
1969 495 2104 568 qui-
2131 497 2187 564 Α
2217 501 2270 553 et
2301 497 2360 552 in
2385 498 2569 553 annis.
2602 497 2868 555 Diximus
2889 499 3017 570 jam
3049 500 3120 555 de
3161 500 3350 572 signis
3385 518 3398 556 :
3431 507 3698 574 tempora
3727 521 3875 561 sane

454 589 588 645 dem
618 589 698 659 (ιι)
731 587 1011 644 animalia
1048 586 1316 658 quaedam
1369 587 1632 657 putanda
1679 589 1819 641 sunt
1865 584 2105 640 arbitrio
2213 582 2600 654 intelligimus
2630 602 2760 642 esse
2790 592 2983 658 partes
3014 592 3270 658 quatuor
3293 589 3432 644 anni
3465 591 3770 660 vertentis,
3807 593 3870 649 id

455 695 563 736 suo
594 675 962 744 famulantia,
995 674 1381 745 absolutoque
1429 678 1488 731 et
1527 673 1709 730 libero
1758 673 1998 745 impetu,
2030 674 2103 729 ad
2212 678 2320 741 est,
2351 691 2471 739 ver,
2502 679 2790 743 aestatem,
2822 680 3198 742 autumnum,
3228 683 3404 749 atque
3437 677 3693 736 hiemen.
3733 681 3870 738 Haec

455 769 566 824 hoc
611 767 766 837 quod
817 765 926 820 sibi
979 763 1218 822 libuerit
1267 762 1530 833 incitata,
1581 763 1873 834 siquidem
1921 761 2103 818 totius
2211 762 2444 818 sibimet
2475 765 2839 819 succedendo
2860 764 3117 820 vicissim
3157 766 3715 836 proluminariorum
3747 771 3866 827 dis-

454 857 695 916 modum
747 853 960 910 furoris
991 854 1216 908 excedit
1261 851 1603 907 insimulare
1635 868 1729 908 res
1778 851 2097 908 exanimes.

451 945 672 1002 Deinde
725 944 872 1000 185
923 947 1144 1013 quanta
1195 941 1678 997 irrationabilitas
1726 945 1834 1008 est,
1877 942 2097 996 bonum

453 1035 768 1099 malumve,
801 1049 913 1087 non
947 1047 1049 1102 pro
1080 1047 1188 1086 sua
1235 1031 1523 1102 cujusque
1554 1031 1843 1103 dignitate
1881 1030 2096 1086 distin-

449 1140 646 1196 guere,
682 1122 783 1177 sed
815 1137 882 1176 ex
912 1119 1018 1176 loci
1052 1119 1356 1190 qualitate,
1391 1125 1492 1175 aut
1522 1124 1789 1191 respectu
1829 1119 2092 1188 alterius,

446 1213 534 1268 vel
565 1211 851 1282 optimum
886 1209 1010 1264 ﬁeri
1040 1208 1304 1274 deﬁnire,
1338 1208 1422 1264 vel
1457 1207 1830 1279 pessimum?
1861 1212 1928 1262 Et
1957 1223 2091 1262 cum

443 1299 745 1373 paulisper
791 1300 864 1353 de
894 1297 1194 1354 schemate
1244 1297 1415 1352 stella
1453 1297 1772 1363 diverterit,
1809 1312 1930 1352 sure
1956 1313 2088 1367 pro-

441 1389 583 1462 priae
613 1389 830 1444 dicitur
877 1385 1265 1458 malignitatis
1296 1385 1497 1442 oblita.
1527 1385 1634 1440 Sed
1683 1385 1806 1440 haec
1849 1385 2090 1456 quidem

440 1478 727 1537 hactenus
780 1492 920 1532 sane
951 1491 1052 1547 per
1081 1474 1314 1546 singula
1345 1479 1642 1529 momenta
1690 1474 1994 1544 temporis,
2027 1479 2091 1530 ut

441 1566 731 1635 dicunt,in
763 1565 921 1621 aliud
953 1568 1127 1635 atque
1159 1563 1319 1618 aliud
1344 1562 1583 1618 schema
1613 1579 1675 1618 se
1705 1563 2085 1620 transferunt.

438 1656 502 1712 In
534 1656 626 1712 his
661 1656 859 1724 itaque
890 1657 974 1709 tot
1002 1657 1417 1723 tantarumque
1463 1651 1854 1706 mutationum
1909 1651 2086 1706 milli-

438 1745 569 1814 bus,
599 1748 818 1814 quanta
865 1740 1124 1813 quotidie
1172 1739 1457 1796 natalium
1508 1741 1800 1812 regiorum
1853 1741 2086 1796 decreta

438 1831 677 1888 formari
710 1831 968 1902 putanda
988 1830 1272 1887 sunt.Cur
1301 1846 1438 1902 ergo
1457 1846 1572 1885 non
1592 1828 1844 1901 singulis
1875 1829 2082 1885 diebus

438 1921 734 1992 principes
781 1923 1161 1991 procreantur
1181 1918 1208 1973 ‘I
1228 1922 1345 1972 Aut
1374 1934 1554 1988 quare
1584 1917 1738 1989 apud
1784 1917 1916 1973 illos
1947 1934 2079 1974 suc-

437 2010 624 2066 cessio
655 2025 887 2081 semper
916 2007 1488 2080 paternicustoditur
1504 2006 1735 2078 imperii
1755 2005 2078 2069 ?Quoniam

434 2115 603 2155 nemo
632 2097 901 2152 videlicet
928 2101 1168 2154 eventus
1191 2112 1434 2151 suorum
1465 2094 1782 2150 liberorum
1816 2095 1989 2150 refert
2004 2095 2077 2150 ad

434 2187 674 2243 schema
706 2185 1011 2241 stellarum
1038 2203 1052 2252 ;
1077 2185 1292 2256 quippe
1314 2184 1530 2256 quibus
1557 2200 1802 2256 regnum
1837 2201 1950 2240 non
1984 2199 2078 2255 ge-

433 2275 592 2330 nesis
627 2273 762 2342 fato,
796 2274 890 2328 sed
925 2273 1153 2344 generis
1176 2275 1312 2342 jure
1355 2273 1628 2327 defertur.
1662 2271 1864 2327 Nonne
1895 2271 2078 2342 igitur

429 2364 698 2421 Joatham
761 2363 1060 2434 generavit
1116 2361 1304 2424 Ozias,
1335 2366 1392 2416 et
1448 2361 1518 2416 de
1573 2360 1844 2416 Joatham
1904 2364 2078 2416 natus

429 2454 646 2508 Acham
680 2459 770 2509 est
789 2453 816 2506 ?
835 2456 900 2504 Et
924 2456 1118 2506 tamen
1153 2449 1350 2508 nullus
1367 2449 1600 2504 illorum
1621 2449 1847 2505 servilis
1870 2449 2074 2506 horam

429 2542 783 2598 conditionis
811 2541 1078 2596 incurrit.
1112 2539 1330 2603 Deinde
1359 2539 1409 2596 si
1438 2538 1720 2594 virtutum
1765 2539 2074 2596 vitiorum-

429 2647 543 2702 que
574 2631 858 2703 principia
892 2646 1003 2690 non
1035 2646 1103 2688 ex
1133 2628 1377 2692 arbitrio
1405 2633 1637 2692 nostro,
1671 2627 1769 2684 sed
1801 2644 1869 2684 ex
1899 2644 2073 2699 gene-

426 2721 510 2776 sis
541 2721 888 2776 necessitate
935 2717 1236 2784 sortimur,
1269 2716 1549 2789 superflui
1583 2721 1741 2784 sunt,
1776 2722 1840 2772 ut
1881 2717 2068 2784 video,

426 2810 641 2866 latores
669 2809 888 2880 legum,
924 2807 1225 2879 sequenda
1256 2806 1426 2861 nobis
1455 2805 1542 2862 vel
1587 2805 1863 2877 fugienda
1912 2822 2072 2860 man-

425 2899 636 2956 dantes
670 2916 684 2966 ;
719 2897 1000 2969 superflui
1029 2911 1262 2967 quoque
1301 2894 1535 2964 judices
1568 2894 1850 2950 honestos
1880 2893 2070 2950 laudi-

425 2988 538 3046 bus
585 2992 952 3053 exornantes,
1005 2984 1303 3057 improbos
1351 2983 1657 3055 suppliciis
1709 2983 2065 3054 punientes:

425 3077 630 3132 insons
659 3075 834 3132 etiam
869 3074 1160 3132 censenda
1191 3077 1280 3129 est
1309 3071 1633 3140 homicidae,
1665 3071 1751 3127 vel
1783 3072 1930 3127 furis
1958 3089 2066 3130 au.-

2211 851 2416 923 positis
2467 852 2736 907 corsibus
2784 857 3207 924 temperantur.
3258 854 3455 912 Hiems
3498 858 3658 913 enim
3703 859 3864 915 ﬁtin

2207 940 2570 996 australibus
2620 941 2740 997 sole
2770 942 3110 1014 regionibus
3166 950 3586 1015 commorante,
3619 953 3864 1003 noctur-

2207 1046 2463 1100 namque
2493 1029 3028 1101 opacitatem,circa
3055 1030 3330 1103 clima,(c)
3363 1033 3518 1103 quod
3547 1050 3655 1090 nos
3679 1033 3857 1092 habi-

2204 1118 2615 1190 tamus,spatio
2645 1118 2906 1191 longiore
2936 1119 3200 1175 ducente.
3236 1119 3399 1176 Unde
3431 1120 3493 1175 ﬁt
3525 1127 3589 1177 ut
3619 1139 3718 1178 aer
3749 1131 3862 1180 ter-

2203 1225 2276 1263 rae
2307 1207 2604 1278 proximus
2635 1207 2880 1280 frigidus
2912 1208 3551 1283 efﬁciatur,omnesque
3579 1213 3855 1269 nebulosi

2199 1313 2447 1368 vapores
2473 1295 2916 1368 conglomerati,
2949 1298 3179 1370 pluvias
3208 1303 3265 1353 et
3303 1299 3483 1369 nives,
3514 1299 3857 1373 glaciesque

2198 1387 2523 1457 perﬁciant.
2546 1389 2692 1440 Cum
2725 1391 2921 1441 autem
2955 1387 3027 1440 de
3059 1386 3383 1443 meridiana
3414 1387 3584 1461 plaga
3616 1391 3855 1448 rediens

2199 1474 2306 1543 sol,
2342 1474 2599 1530 medium
2627 1474 2827 1530 orbem
2859 1473 2989 1530 coeli
3033 1477 3321 1544 tenuerit;
3351 1481 3493 1532 tunc
3541 1478 3753 1536 diebus
3784 1496 3853 1536 ac

2197 1563 2466 1619 noctibus
2538 1567 2771 1635 tempus
2832 1563 3055 1638 aequale
3118 1564 3438 1624 distribuit.
3498 1568 3855 1641 Quantaque

2194 1651 2369 1708 altius
2400 1670 2432 1707 a
2481 1657 2636 1709 terra
2689 1653 3037 1709 subvehitur
3087 1657 3251 1720 tanto
3310 1655 3500 1726 magis
3557 1657 3852 1728 paulatim

2193 1741 2490 1812 componit
2518 1743 2994 1814 temperiem,per
3022 1758 3198 1814 quam
3227 1759 3326 1800 ver
3357 1744 3642 1814 procedit,
3671 1747 3850 1815 cujus

2192 1828 2472 1884 beneﬁcio
2521 1828 2762 1886 frutices
2791 1829 3146 1901 arboresque
3194 1831 3593 1904 frondescunt,
3623 1838 3682 1889 et
3724 1835 3844 1890 ani-

2193 1917 2611 1989 malia,cuncta
2661 1923 2911 1988 terrena,
2946 1918 3033 1974 vel
3081 1920 3346 1991 aquaria,
3377 1920 3619 1992 genitali
3651 1922 3844 1980 calore

2191 2006 2494 2077 stimulata
2521 2007 2596 2075 (ά)
2630 2009 3111 2080 propagationem
3159 2009 3415 2080 generis,
3463 2013 3839 2082 successione

2190 2095 2371 2168 prolis
2402 2096 2740 2152 extendunt.
2777 2097 2913 2166 Inde
2941 2097 3029 2153 sol
3058 2113 3191 2154 mox
3219 2098 3291 2152 ad
3325 2097 3584 2168 aestivam
3620 2101 3839 2157 lineam

2189 2184 2563 2248 deﬂectendo,
2601 2201 2702 2256 per
2731 2184 2983 2244 conﬁnia
3012 2185 3224 2244 transit
3254 2192 3474 2256 arctoa,
3507 2189 3635 2262 dies
3663 2190 3840 2247 nobis

2188 2273 2482 2345 longiores
2528 2273 2809 2339 efﬁciens,
2843 2273 3183 2346 diutiusque
3232 2282 3727 2336 commemoratae
3774 2281 3839 2334 in

2187 2362 2541 2434 aere,ipsum
2573 2362 2809 2433 quidem
2841 2362 3184 2434 ﬂagrantem
3209 2364 3400 2420 reddit
3428 2381 3494 2420 ac
3521 2367 3837 2440 terr-idum,

2185 2450 2453 2506 tellurem
2486 2467 2618 2508 vero
2649 2450 2878 2522 perﬁcit
2919 2451 3250 2521 sicciorem,
3283 2453 3436 2510 unde
3469 2458 3840 2514 maturandis

2185 2539 2530 2608 seminibus,
2563 2544 2740 2609 atque
2789 2539 3000 2611 pomis,
3053 2540 3300 2610 facultas
3347 2546 3547 2614 optata
3598 2550 3841 2616 prasta-

2183 2634 2298 2685 tur.
2333 2630 2526 2700 quue
2558 2633 2820 2700 tempore
2851 2629 3101 2700 habetur
3152 2630 3468 2700 ardentior,
3498 2636 3556 2688 et
3589 2634 3836 2692 umbras

2183 2718 2538 2783 meridianas
2571 2718 2710 2784 facit
2738 2718 3051 2784 breviores,
3083 2718 3361 2791 quoniam
3393 2721 3462 2776 de
3507 2720 3623 2778 alto
3652 2723 3834 2780 nimis

2181 2805 2306 2863 loco
2339 2812 2598 2880 nostram
2633 2805 2873 2878 respicit
2905 2808 3230 2878 regionem,
3282 2808 3527 2882 diesque
3575 2813 3831 2885 majores

2179 2895 2489 2962 habentur,
2518 2899 2658 2962 tunc
2691 2895 2926 2966 quando
2958 2896 3160 2965 breves
3191 2902 3331 2954 sunt
3368 2899 3588 2954 umbris
3621 2916 3636 2953 :
3670 2901 3830 2958 sicut

2177 3001 2207 3040 e
2237 2991 2434 3051 conlra
2459 2983 2584 3042 dies
2626 2984 2783 3056 parvi
2817 2988 2976 3049 sunt,
3008 3001 3141 3056 cum
3192 2986 3410 3056 fuerint
3439 2990 3663 3062 umbra
3693 2989 3823 3044 lon-

2175 3071 2367 3144 giores
2401 3087 2414 3128 :
2445 3070 2597 3142 quod
2648 3070 2802 3142 apud
2851 3087 2958 3132 nos
3003 3071 3107 3144 qui
3164 3073 3507 3146 (e)§terpscii
3554 3076 3825 3134 nomina-

424 3165 611 3228 dacia,
643 3163 741 3235 qui
770 3163 878 3219 etsi
909 3162 1178 3219 cohibere
1211 3179 1420 3218 manus
1452 3161 1716 3232 proprias
1746 3177 1779 3218 a
1809 3162 2066 3218 facinore
2174 3176 2326 3228 mur,
2360 3159 2418 3214 id
2450 3165 2560 3228 est,
2592 3158 2736 3232 alias
2785 3160 3024 3216 umbras
3054 3160 3354 3236 habentes,
3389 3167 3446 3219 et
3484 3169 3680 3235 partes
3712 3165 3820 3221 ha-

423 3252 1043 3322 maluissent,minime
1073 3251 1660 3323 potuissent,propter
1692 3249 2066 3306 indeclinabi-
2096 3236 2138 3304 C
2177 3247 2434 3315 bitamus
2465 3251 2712 3314 arctoas,
2745 3247 2826 3308 ita
2862 3248 3165 3320 contingit.
3196 3253 3340 3306 Nam
3389 3257 3529 3312 sunt
3575 3253 3819 3324 quidam

425 3341 540 3396 lem
593 3339 959 3396 necessitatis
989 3338 1337 3411 impulsum.
1368 3338 1514 3393 Vani
1564 3354 1768 3395 omnes
1813 3340 2066 3396 artifices

421 3430 750 3486 wstimandi
773 3428 1067 3496 sunt,vitae
1086 3427 1348 3484 subsidia
1367 3443 1650 3484 manuum
1681 3426 1878 3483 labore
1909 3443 2065 3499 ques-

419 3523 636 3576 rentes.
681 3523 1156 3590 Supervacaneus
1207 3533 1376 3588 porro
1425 3517 1606 3572 sudor
1652 3516 2062 3587 agricolarum,

421 3607 640 3680 quibus
671 3608 848 3678 cepiae
884 3608 1181 3661 fructuum
1211 3605 1438 3675 possint
1465 3605 1642 3660 etiam
1675 3621 1789 3660 non
1822 3621 2065 3676 operan-

415 3697 579 3753 tibus
611 3697 930 3753 abundare.
982 3699 1263 3750 Mercator
1291 3694 1466 3748 etiam
1517 3694 1678 3750 dives
1735 3694 2066 3754 efficeretur

415 3786 476 3842 in
509 3785 746 3856 otio,cui
777 3785 866 3842 vel
904 3783 1120 3844 nolenti
1154 3783 1456 3855 pecuniam
1488 3782 1721 3852 genesis
1749 3788 2061 3854 apportes-

413 3879 524 3932 sst.
557 3875 1024 3932 Christianorum
1056 3888 1188 3935 vero
1217 3889 1374 3943 spes,
1407 3887 1535 3942 quas
1568 3888 1780 3943 magna
1820 3877 1928 3939 est,
1962 3889 2060 3929 su-

411 3962 572 4019 blata
605 3963 838 4035 penitus
872 3961 1476 4032 interisset,quoniam
1512 3960 1729 4016 frustra
1767 3961 1852 4016 vel
1877 3962 2059 4031 justi-

409 4055 489 4112 tia
520 4051 855 4118 o,olitur,vel
883 4054 1202 4118 damnatur
1227 4050 1609 4122 iniquitas;si
1641 4050 1880 4106 omnino
1913 4050 2059 4105 nihil

407 4159 476 4198 ex
506 4142 800 4202 sententia
853 4142 1040 4201 facere
1091 4139 1506 4211 permittimur.
1542 4139 1770 4194 Etenim
1823 4141 2058 4209 quando

406 4230 717 4302 genesiaca
747 4231 856 4300 vis,
889 4235 946 4288 et
973 4229 1232 4289 decretio
1265 4227 1457 4284 fatalis
1489 4226 1798 4294 incumbit,
1824 4227 2056 4284 nullum

403 4318 598 4374 locum
651 4335 896 4390 prorsus
945 4318 1169 4374 invenit
1228 4315 1580 4372 examinatio
1625 4316 1772 4386 justi
1820 4315 2052 4386 judicii.

401 4406 533 4464 Haec
579 4408 818 4478 quidem
871 4407 1155 4465 adversus
1202 4404 1337 4460 illos
1385 4404 1737 4470 disseruisse
1767 4404 1843 4476 (b)
1888 4405 2052 4461 sufﬁ-

398 4495 536 4552 ciat.
561 4496 760 4566 Neque
791 4495 947 4552 enim
980 4501 1080 4554 aut
1112 4511 1207 4552 ves
1242 4493 1648 4565 prolixioribus
1679 4494 2052 4551 sermonibus

2175 3335 2275 3408 qui
2308 3351 2408 3405 per
2438 3336 2730 3408 integrum
2765 3335 3009 3392 biduum
3042 3337 3292 3410 singulis
3320 3339 3493 3396 annis
3521 3343 3823 3400 omnimo-

2175 3424 2249 3480 do
2280 3424 2407 3486 sine
2441 3424 2650 3492 umbra
2677 3428 2976 3498 suntcum
3009 3426 3118 3492 sub
3149 3426 3472 3500 meridiano
3503 3429 3626 3486 sole
3653 3447 3824 3492 cons-

2174 3512 2424 3578 titerint,
2457 3528 2624 3583 quos,
2658 3512 2797 3583 quia
2827 3511 2914 3570 sol
2945 3518 3146 3572 contra
3176 3515 3370 3589 ipsum
3413 3519 3689 3576 verticem
3722 3538 3826 3594 po-

2173 3603 2325 3658 situs
2354 3603 2678 3674 aequalibus
2710 3603 2970 3675 undique
2999 3604 3208 3678 spatiis
3253 3605 3572 3678 illuminat,
3606 3610 3665 3665 in
3697 3611 3831 3668 nul-

2172 3691 2290 3748 lam
2324 3692 2558 3764 penitus
2589 3696 2814 3763 partem
2846 3693 3076 3766 flectere
3107 3694 3248 3758 sinit
3293 3696 3558 3766 umbras.
3591 3703 3743 3756 Nam
3773 3707 3834 3756 et

2172 3779 2426 3852 putealis
2469 3782 2623 3853 apud
2669 3797 2767 3838 eos
2815 3798 2988 3853 aqua,
3017 3783 3108 3840 vix
3158 3784 3579 3844 tenuissimum
3632 3793 3826 3859 potest

2172 3872 2236 3941 (Γ)
2267 3871 2325 3926 in
2347 3870 2573 3936 elveum
2601 3871 2673 3936 de
2703 3874 2824 3928 sole
2849 3870 3046 3943 lumen
3079 3873 3362 3944 excipere,
3396 3882 3636 3948 propter
3664 3879 3826 3950 quod

2170 3977 2268 4016 eos
2297 3959 2533 4031 quidam
2567 3961 2758 4030 ascios,
2791 3960 2850 4022 id
2884 3965 2994 4029 est,
3027 3962 3339 4024 exumhras
3379 3965 3700 4036 appellant.
3738 3967 3825 4023 [lli

2168 4053 2360 4112 autem
2420 4047 2520 4118 qui
2567 4053 2731 4105 extra
2783 4052 2971 4106 terras
3029 4051 3350 4107 odoriferae
3405 4052 3699 4122 habitant,
3761 4057 3819 4113 in

2168 4141 2478 4207 utramque
2529 4141 2754 4208 partem
2785 4142 3019 4194 mutant
3067 4139 3334 4196 umbras.
3365 4139 3512 4197 Nam
3562 4144 3669 4210 soli
3721 4146 3820 4217 qui

2165 4231 2427 4281 nostram
2460 4225 2730 4286 videntur
2760 4225 3012 4292 incolere
3035 4227 3649 4304 regionem,adversus
3679 4251 3817 4292 aus-

2162 4319 2320 4372 trum
2354 4329 2606 4386 semper,
2638 4314 2697 4369 id
2729 4315 2917 4384 eat,ad
2953 4315 3254 4378 meridiem
3288 4319 3533 4378 umbras
3565 4323 3815 4380 credun-

2165 4411 2257 4458 tur
2281 4403 2544 4458 emittere
2579 4421 2592 4458 :
2628 4403 2782 4462 unde
2813 4404 2989 4466 etiam
3029 4421 3064 4461 a
3093 4405 3448 4475 quibusdam
3501 4412 3812 4483 omphacii,

2159 4492 2300 4564 (g)id
2313 4497 2402 4549 est
2415 4492 2719 4547 biumbrcs
2735 4493 3357 4562 nominantur.Verum
3379 4495 3502 4552 haec
3519 4500 3814 4558 omniaso-

400 4583 773 4680 indigetis,ut
795 4589 927 4680 pote
950 4582 1163 4680 mentis
1181 4581 1436 4680 sanitate
1461 4581 1874 4680 pollentes,aut
1895 4588 2047 4680 tern-
2081 4615 2133 4680 Β
2159 4580 2212 4636 le
2229 4580 2796 4680 adpartesboreales
2823 4589 3195 4680 commeante
3214 4586 3587 4656 proveniunt.
3625 4590 3701 4644 Ex
3720 4589 3805 4645 bis

400 4689 512 4745 pus
544 4671 764 4745 patitur
796 4671 1042 4728 ulterius
1071 4670 1318 4726 limitem
1349 4669 1764 4742 disputationis
1793 4671 2042 4728 extendi.

467 4762 645 4816 8.Sed
669 4777 992 4817 sermonem
1023 4760 1208 4833 magis
1231 4761 1302 4814 ad
1327 4759 1554 4831 reliqua
1579 4765 2044 4831 retorqueamus.

393 4851 534 4920 Sint,
566 4849 784 4922 inquit,
817 4851 877 4904 in
906 4851 1079 4920 signis
1109 4857 1161 4904 et
1189 4851 1251 4915 in
1283 4849 1638 4920 temporibus,
1658 4853 1709 4904 et
1740 4850 1799 4903 in
1829 4849 2042 4904 diebus.

463 4990 542 5061 (τι)
563 4991 749 5074 βάἰξί,
784 4991 1068 5074 animalia
1120 4991 1378 5074 quaedam
1405 4989 1647 5074 petendo
1678 4990 1918 5074 arbitrio
1947 5006 2044 5074 ,εξιο

389 5063 710 5133 famulanti
739 5081 757 5118 :
789 5064 941 5134 quod
974 5080 1107 5118 cum
1127 5061 1339 5135 'aperte
1367 5061 1646 5117 vitiosum
1680 5062 1848 5128 sit,ex
1880 5061 2041 5118 Colb.

396 5135 649 5190 secundo
681 5135 1063 5190 correximus.

467 5205 544 5277 (b)
577 5207 810 5278 Antiqui
842 5208 954 5261 duo
987 5205 1141 5273 libri,
1171 5205 1428 5274 su/ﬁciet.
1467 5203 1632 5258 Alius
1664 5204 1861 5274 codex,
1892 5205 2043 5278 sufﬁ-

393 5278 520 5331 ciat.
555 5277 762 5332 Statim
818 5277 956 5333 editi
990 5283 1047 5333 et
1093 5277 1208 5331 duo
1240 5293 1407 5342 mss.,
1451 5280 1820 5342 torqueamus.
1878 5277 2040 5332 Alius

393 5349 590 5414 codex,
626 5354 1059 5420 retorqueamus.
1092 5352 1311 5420 Greece,
1338 5343 1736 5420 ἐπανέλθωμεν.

463 5419 531 5490 (c)
567 5421 710 5476 Illud
742 5418 838 5476 nos
860 5438 928 5477 ex
976 5421 1206 5476 duobus
1256 5419 1424 5474 libris
1473 5419 1766 5473 veteribus
1815 5418 2037 5472 adden-

389 5488 531 5545 dum
555 5493 970 5562 judicavimus.

461 5558 990 5636 (dentiquiduo
1053 5563 1209 5631 libri,
1269 5560 1810 5636 propaginationem.
1845 5558 2034 5636 Alius,

380 5631 759 5708 propaginem:
795 5635 1110 5708 Aliquanto
1159 5631 1291 5708 post
1318 5631 1480 5704 editi,
1509 5648 1576 5687 ac
1606 5631 1846 5686 aridum.
1881 5631 2034 5686 Libri

385 5707 632 5776 veteres,
663 5707 952 5763 torridam.

455 5774 526 5848 (⁸)
560 5773 1275 5852 Εᾶἱιὶρτιιιθνοεοίωοάθι
1293 5773 1855 5846 noster,etero:cti.ln
1873 5775 2030 5832 Gm-

2157 4670 2649 4736 considerandum
2667 4676 2773 4735 est,
2789 4678 3044 4742 quantus
3072 4673 3576 4732 radiorumfervor
3597 4677 3802 4734 habea-

2156 4763 2273 4824 tur,
2306 4768 2364 4812 et
2395 4764 2647 4829 quantos
2677 4759 3020 4818 hominibus
3050 4778 3224 4817 casus
3255 4763 3487 4821 efﬁciat.
3524 4766 3661 4824 Post
3687 4767 3800 4823 haec

2156 4845 2338 4918 igitur
2367 4850 2601 4918 tempus
2631 4848 2972 4906 autumnale
3003 4851 3286 4921 succedit,
3309 4853 3466 4923 quod
3498 4855 3794 4928 frigoriset

2154 5005 2240 5063 co,
2265 4991 2396 5063 ieratp’
2417 4988 2556 5063 ἡμῖν
2581 4993 2697 5063 “rei:
2728 4988 3075 5063 ἰτερᾳσκίοις,
3103 4992 3406 5048 heteroscii.

2222 5060 2292 5130 (Γ)
2323 5060 2561 5131 Antiqui
2591 5061 2706 5117 duo
2755 5060 2889 5117 libri
2918 5067 2976 5118 et
3001 5063 3166 5129 editi,
3197 5067 3253 5118 in
3305 5064 3509 5122 alium.
3542 5070 3612 5124 At
3637 5069 3776 5123 Colb.

2151 5131 2468 5196 secundus,
2499 5133 2556 5186 in
2589 5133 2839 5190 adveum.
2873 5135 2967 5190 Sic
2998 5134 3336 5191 Eustathius
3383 5139 3584 5195 Latine
3613 5138 3778 5195 reddi-

2151 5202 2408 5282 dit_i_llud
2452 5202 2684 5282 _l$_asi_lii,
2731 5201 2820 5260 διὰ
2867 5204 3108 5282 στομίων
3157 5210 3372 5282 στενῶγ,
3419 5226 3554 5266 eum
3605 5212 3774 5282 potius

2149 5275 2406 5354 scribere
2435 5275 2756 5354 debuisset,
2779 5293 2879 5351 per
2904 5275 3145 5349 angusta
3173 5293 3304 5336 ora}.
3318 5275 3462 5354 Lege
3493 5275 3771 5349 Basiliam,

2148 5345 2307 5401 hom.
2335 5348 2389 5412 6,
2426 5363 2590 5402 num.
2619 5349 2676 5402 8.

2219 5417 2302 5488 (h)
2330 5417 2505 5484 Editi,
2537 5418 2594 5473 id
2622 5429 2699 5476 est
2728 5421 2934 5477 umbra:
2972 5422 3357 5478 nominantur.
3390 5425 3565 5482 Vetus
3596 5429 3772 5480 noster

2147 5489 2344 5560 codex,
2377 5489 2433 5544 id
2461 5494 2540 5545 est
2571 5490 2874 5548 biumbras.
2907 5492 3068 5548 Colb.
3102 5494 3490 5560 secundus,id
3519 5499 3594 5553 est
3613 5498 3763 5552 bium-

2147 5559 2674 5634 _bres.1_bidem_libri
2706 5570 3004 5632 veteres,el
3027 5564 3502 5634 quantos.Vocula
3517 5577 3568 5624 ει
3593 5568 3765 5624 deerat

2144 5630 2738 5708 in‘vulgatistidem
2770 5630 2941 5705 editi,
2957 5630 3230 5708 cfﬁcit.At
3254 5639 3442 5696 nostri
3472 5646 3588 5696 tres
3616 5654 3756 5699 mss.,

2140 5701 2364 5778 efﬁcth
