4120 6230
296 413 414 473 949

994 409 1416 472 EUS'I‘ATHII
1461 414 1919 477 HEXAEMERI
1967 419 2520 487 METAPHRASIS
2566 428 2799 489 LIBER
2844 427 3003 490 VIII.

3582 432 3704 493 950

293 544 385 599 nis
400 542 469 597 ad
495 540 952 606 carnem,carnis
965 541 1036 596 ad
1051 542 1629 616 terram.lterumque
1650 545 1944 604 resolvens
1977 549 2025 616 Α
2054 550 2380 610 differentia
2403 561 2510 624 est,
2544 558 2681 628 quia
2704 558 2901 615 nullus
2918 559 3123 614 alitum
3152 558 3279 615 sine
3308 559 3554 630 pedibus
3575 577 3704 617 esse

291 632 434 702 haec,
468 631 589 687 redi
623 631 959 702 repedando
990 646 1091 701 per
1120 630 1344 700 eadem,
1377 631 1435 686 id
1466 637 1558 688 est
1584 634 1654 689 de
1684 638 1837 691 terra
1867 638 1939 691 ad

292 719 849 790 carnem,acarnein
866 720 1279 790 sanguinem,a
1292 722 1579 791 sanguine
1596 721 1655 777 in
1671 724 1942 794 animam,

291 816 349 867 et
373 810 634 865 invenies
666 808 807 880 quia
837 824 1110 881 pecorum
1133 809 1369 865 animus
1392 814 1545 866 terra
1567 813 1795 868 est.Nec
1816 829 1942 869 eam

294 898 553 971 opineris
577 897 967 968 antiquiorem
996 913 1125 953 esse
1156 897 1497 954 substantia":
1529 901 1849 972 corporalis
1878 902 1944 957 il-

289 989 483 1045 lorum
510 1006 523 1043 :
552 990 703 1043 744
727 1002 832 1041 nec
853 986 938 1058 (a)
960 991 1279 1057 expectare,
1316 990 1379 1042 ut
1402 1004 1533 1043 cum
1567 1005 1803 1063 corpore
1827 991 1945 1046 dis-

287 1077 573 1134 solvatur.
608 1077 765 1148 Fuge
795 1074 1171 1147 garrulitates
1204 1077 1405 1132 anxias
1438 1077 1941 1151 philosophorum,

287 1167 390 1239 qui
414 1181 676 1222 asserere
700 1181 813 1220 non
833 1165 1183 1220 erubescunt
1204 1182 1342 1222 suas
1365 1182 1691 1238 canumque
1713 1168 1942 1224 animas

283 1255 540 1312 similem
562 1259 759 1311 tenere
778 1254 1050 1324 speciem.
1069 1253 1373 1326 Siquidem
1400 1254 1746 1331 profitentur
1765 1255 1941 1311 etiam

282 1344 561 1400 mulieres
582 1360 645 1399 se
661 1342 981 1414 quondam,
999 1343 1208 1413 pisces,
1232 1343 1587 1414 fruticeeque
1608 1344 1809 1400 fuisse.
1823 1348 1941 1415 Ego

280 1439 479 1489 autem
496 1433 544 1488 si
562 1433 802 1488 fuerunt
822 1430 1138 1500 aliquando
1153 1431 1527 1503 pisces,quod
1544 1449 1659 1487 non
1683 1434 1938 1501 credam;

278 1525 481 1578 tamen
502 1523 641 1577 dum
659 1520 768 1576 ista
780 1518 1940 1592 scriberent,irrationabiliores,piscibue

282 1609 885 1681 habebantur.Ejiciat
904 1610 1053 1664 terra
1073 1610 1321 1663 animam
1338 1609 1535 1664 viram.
1551 1609 1739 1673 Quare
1761 1609 1940 1680 igitur

285 1699 508 1769 passim
533 1700 801 1753 currente
824 1712 1109 1763 sermone,
1134 1697 1328 1752 subito
1356 1713 1470 1752 non
1493 1696 1650 1753 brevi
1680 1701 1938 1767 tempore

286 1786 705 1857 continuerim,
745 1786 915 1841 credo
973 1784 1169 1839 mirari
1222 1784 1533 1840 nonnullos
1590 1786 1933 1853 astantium,

285 1892 627 1948 quanquam
669 1874 1139 1930 studiosissimos
1189 1872 1485 1929 auditores
1537 1890 1652 1930 non
1688 1875 1937 1931 arbitror

284 1981 495 2021 causae
517 1964 786 2037 ignorare
806 1962 1056 2031 silentii;
1094 1962 1311 2034 quippe
1331 1962 1431 2034 qui
1455 1967 1722 2034 respectu
1758 1969 1934 2019 nutu-

283 2070 397 2125 que
418 2052 571 2108 inter
590 2067 651 2108 se
673 2051 1031 2122 vicissim,ad
1057 2050 1397 2106 memoriam
1421 2067 1527 2107 nos
1556 2068 1781 2124 eorum,
1808 2069 1934 2123 quae

282 2141 710 2197 intermisimus
734 2141 1339 2196 reduxerunt.Certam
1357 2139 1515 2195 enim
1532 2144 1754 2211 partem
1775 2157 1935 2197 crea-

282 2233 432 2285 turae
452 2246 567 2284 non
591 2228 936 2285 vilissimam
961 2244 1104 2299 pene
1116 2227 1193 2299 (ὁ)
1208 2228 1631 2299 praeterivimus
1649 2229 1936 2286 indiscus-

278 2319 681 2390 eam.Ejiciant
700 2332 862 2388 aqum
877 2318 1099 2388 reptitia
1118 2318 1437 2372 animarum
1455 2318 1728 2385 vivarum,
1744 2333 1935 2373 secun-

278 2408 419 2463 dum
437 2409 686 2477 genus,et
706 2406 954 2462 volatilia
980 2406 1078 2460 sub
1097 2406 1442 2475 ﬁrmamento
1462 2407 1682 2478 cwli.(c)
1704 2406 1937 2463 Dixera-

282 2512 417 2551 mus
444 2494 718 2567 superius
746 2495 817 2550 de
843 2494 1206 2565 natantibus,
1238 2501 1525 2566 quantum
1548 2499 1782 2567 tempus
1809 2512 1937 2568 per-

284 2585 531 2640 miserat
546 2584 942 2656 vespertinum
966 2600 979 2649 ;
1007 2582 1179 2637 hodie
1207 2583 1529 2638 transimus
1549 2584 1621 2639 ad
1643 2585 1938 2640 examina-

281 2674 503 2728 tionem
536 2671 924 2729 terrestrium.
967 2671 1077 2726 Sed
1106 2670 1326 2727 interea
1354 2687 1459 2727 nos
1504 2673 1562 2727 in
1607 2673 1938 2729 narratione

280 2761 479 2817 media
492 2760 755 2816 volucres
775 2759 1495 2831 eﬂugerunt.Quapropter
1510 2761 1779 2816 imitandi
1802 2752 1942 2816 sunt

282 2849 456 2905 nobis
477 2848 741 2905 obliviosi
763 2848 1144 2918 viatores,qui
1166 2864 1299 2902 cum
1322 2847 1538 2919 aliquid
1559 2847 1617 2902 in
1638 2848 1941 2905 mansione

283 2937 634 3009 reliquerint
674 2937 1018 3009 pretiosum,
1066 2935 1333 3007 quamvis
1374 2937 1689 2993 maximam
1723 2944 1940 3009 partem

281 3027 390 3080 vias
424 3024 848 3096 progrediendo
878 3023 1635 3088 confecerint,revertuntur
1657 3040 1670 3078 :
1696 3023 1940 3095 dignum

286 3100 552 3169 1aborem
601 3128 723 3168 suae
761 3110 1129 3183 negligentia
1175 3111 1532 3182 perferentes
1574 3128 1587 3166 :
1639 3112 1715 3183 (ἀ)
1756 3112 1840 3168 sic
1887 3118 1945 3169 et

2056 644 2267 710 potest,
2293 648 2508 715 utpote
2536 647 2638 717 qui
2670 653 2903 719 pastum
2934 653 3377 720 consequuntur
3405 665 3436 704 e
3466 653 3702 719 terra,et

2055 729 2126 783 ob
2151 729 2257 785 hoc
2280 735 2607 790 necessario
2632 738 2845 807 pedum
2869 737 3170 809 poliuntur
3186 737 3705 809 obsequio.Rapto-

2056 816 2217 874 ribus
2247 824 2441 877 autem
2464 823 2640 879 etiam
2673 824 2955 896 unguium
2983 826 3158 896 acies,
3183 826 3253 881 ad
3278 826 3701 882 convectandas

2055 910 2276 978 praedas
2306 917 2740 971 accommodata
2758 920 2865 972 est.
2888 917 3031 973 Nam
3064 917 3286 973 caeteris
3315 922 3436 973 tam
3468 919 3704 988 propter

2054 995 2343 1055 alimoniaa
2364 1007 2855 1075 quaeetum,quam
2872 1010 3108 1077 prepter
3127 1006 3300 1061 aliam
3317 1004 3445 1061 vita:
3459 1004 3700 1077 dispen-

2052 1086 2335 1143 sationem
2366 1091 2580 1161 pedum
2613 1092 2938 1149 ministeria
2966 1098 3105 1150 sunt
3132 1093 3579 1150 tributa.Paucte
3599 1108 3698 1148 ve-

2055 1188 2117 1227 ro
2149 1174 2342 1230 avium
2376 1178 2547 1247 pedes
2578 1178 2815 1234 inutiles
2846 1179 3084 1248 habent,
3117 1197 3305 1252 neque
3330 1179 3559 1251 gressui
3590 1195 3693 1235 ne-

2052 1276 2165 1331 que
2194 1265 2429 1319 venatui
2458 1267 2994 1338 opportunoe,sicut
3023 1269 3695 1338 hirundines,menopes-

2051 1366 2184 1420 que,
2209 1351 2423 1421 quibus
2444 1370 2576 1410 esca
2596 1355 2717 1410 solo
2742 1357 3029 1426 praebetur
3049 1373 3119 1412 ex
3139 1358 3405 1414 aere.Sed
3437 1356 3689 1411 hirundo

2049 1437 2198 1493 solet
2230 1440 2422 1495 volare
2450 1442 2803 1513 depressior,
2852 1448 3185 1515 terramque
3215 1459 3361 1515 pene
3390 1443 3690 1514 continge-

2047 1542 2129 1592 re,
2165 1531 2228 1582 ut
2256 1544 2359 1599 per
2386 1527 2495 1585 hoc
2526 1547 2701 1585 usum
2735 1532 2947 1603 pedum
2980 1533 3244 1588 videatur
3271 1531 3517 1602 explere.

2116 1616 2167 1669 3.
2203 1616 2351 1671 Sunt
2380 1633 2521 1672 sane
2553 1617 2737 1673 multa
2765 1635 2978 1689 genera
3002 1635 3149 1690 quae,
3174 1619 3223 1674 si
3254 1619 3388 1689 quis
3416 1635 3483 1675 eo
3514 1618 3687 1673 modo

2044 1704 2589 1776 volueritexplicare
2612 1722 2725 1776 quo
2744 1724 2849 1763 nos
2864 1707 3114 1777 piscium
3127 1706 3565 1762 multitudinem
3585 1721 3688 1775 pro

2045 1797 2207 1865 parte
2247 1793 2687 1865 descripsimus,
2720 1795 2974 1851 inveniet
3016 1811 3200 1851 unum
3232 1794 3467 1867 quidem
3496 1793 3691 1849 avium

2048 1884 2395 1936 cunctarum
2426 1882 2695 1953 generale
2717 1884 3193 1955 vocabulum,sed
3212 1883 3498 1956 plurimas
3518 1881 3576 1936 in
3598 1881 3693 1935 his

2045 1968 2422 2040 differentias,
2448 1970 2537 2026 vel
2558 1971 2815 2041 habitus,
2835 1972 2927 2027 vel
2950 1973 3014 2045 (1)
3030 1968 3570 2043 magnitudinis,vel
3592 1984 3689 2024 co-

2042 2056 2203 2113 loris.
2235 2058 2382 2114 Nam
2413 2062 2469 2113 et
2498 2074 2746 2127 morum,
2778 2062 2835 2116 et
2865 2064 3125 2130 actuum,
3175 2064 3233 2116 et
3279 2059 3466 2116 victus
3505 2056 3689 2113 nimia

2043 2145 2378 2202 diversitate
2406 2146 2691 2203 distinctis
2714 2153 2871 2205 sunt.
2895 2149 3143 2213 Quidam
3166 2152 3360 2204 autem
3391 2146 3685 2202 aﬂ‘ectave—

2044 2238 2183 2290 runt
2213 2235 2551 2292 nominibus
2581 2235 2735 2292 circa
2762 2251 2861 2292 eas
2884 2237 2967 2292 uti
2985 2236 3181 2307 variis,
3198 2239 3263 2291 ut
3282 2240 3561 2305 tanquam
3589 2248 3689 2303 per

2044 2323 2327 2379 inusitata
2356 2323 2553 2395 sigilla
2581 2340 2739 2380 novas
2785 2324 3183 2396 inauditaque
3232 2320 3687 2393 nuncupationis

2046 2411 2368 2483 proprietas
2390 2411 2445 2466 in
2470 2412 2723 2483 singulis
2738 2412 3041 2469 volucrum
3059 2412 3370 2484 generibus
3382 2410 3460 2482 (ο)
3478 2424 3688 2481 agnos-

2045 2503 2230 2555 catur.
2262 2501 2372 2556 Sed
2403 2500 2573 2557 nobie
2602 2501 2904 2557 sufﬁciens
2934 2504 3027 2557 est
3054 2499 3427 2573 signiﬁcatio,
3446 2498 3519 2554 ad
3536 2512 3689 2569 qua-

2045 2587 2273 2645 litatem
2304 2589 2589 2661 cujusque
2616 2590 2847 2661 generis
2869 2588 3405 2661 contemplandum,
3431 2599 3693 2657 ususque

2048 2677 2381 2733 communis
2409 2678 2737 2750 Scriptura,
2770 2695 2896 2750 qua
2944 2679 3195 2734 mundae
3236 2674 3694 2744 immundasque

2047 2764 2346 2821 discernit.
2380 2765 2554 2821 Aliud
2585 2766 2741 2822 enim
2772 2770 2862 2823 est
2905 2782 3091 2838 genus
3128 2781 3329 2823 earum
3362 2778 3491 2835 quae
3520 2775 3693 2817 carne

2047 2859 2386 2921 vescuntur,
2408 2853 2642 2927 aliaque
2662 2855 2869 2923 forma,
2894 2856 3020 2911 suis
3040 2869 3367 2927 congruens
3390 2850 3652 2906 moribus
3675 2864 3688 2905 :

2049 2942 2269 2998 habent
2288 2943 2445 2998 enim
2476 2942 2719 3000 falcatos
2741 2944 3290 3016 ungues,obuncum
3311 2943 3690 3007 roetrum,vo-

2049 3030 2236 3087 latum
2257 3031 2569 3103 pernicem,
2586 3048 2700 3103 quo
2723 3033 2917 3104 praeda
2935 3032 3108 3101 citius
3128 3032 3411 3102 capiatur,
3433 3027 3692 3097 discerp-

2049 3123 2224 3191 taque
2250 3121 2519 3192 pedibus,
2538 3119 2768 3176 facilem
2794 3121 2987 3177 cibum
3017 3122 3293 3193 suggerat
3319 3113 3693 3189 captori.Alia

291 3201 463 3257 nobis
494 3216 597 3272 ρθι·
624 3200 897 3257 eumdem
931 3215 1107 3270 quem
1140 3199 1406 3255 venimus
1452 3198 1656 3255 callem
1687 3200 1941 3256 redeun-
1980 3275 2010 3280 μ
2052 3208 2276 3280 species
2303 3212 2394 3265 est
2423 3225 2624 3266 earum
2672 3225 2795 3279 quin
2845 3208 3170 3265 seminibus
3213 3205 3577 3270 nutriuntur,
3635 3208 3692 3257 et

293 3291 437 3345 dum
469 3294 577 3346 est.
607 3289 806 3361 Neque
834 3287 991 3344 enim
1022 3286 1459 3359 contemptibile
1480 3292 1570 3343 est
1601 3289 1757 3359 quod
1788 3290 1934 3345 omi-
1968 3275 2011 3345 C
2050 3275 2164 3353 alia
2192 3313 2394 3353 earum
2426 3313 2554 3369 qua
2598 3275 2705 3368 pro—
2733 3296 3011 3353 alimonia
3040 3295 3372 3369 percipiunt
3401 3290 3690 3365 quidquid

289 3378 481 3434 simus
514 3394 529 3433 :
564 3383 629 3433 ut
660 3381 792 3449 pote
834 3393 960 3448 quas
1004 3375 1177 3431 tertia
1224 3374 1413 3447 portio
1469 3375 1546 3430 sit
1594 3376 1936 3434 animalium

283 3470 587 3525 creatura.
620 3466 765 3521 Nam
798 3465 911 3521 tria
938 3479 1153 3536 genera
1193 3467 1332 3519 sunt
1378 3463 1789 3534 animantium,
1820 3469 1938 3522 ter-

283 3556 589 3625 restrium,
619 3552 969 3619 volatilium,
1001 3552 1385 3609 marinorum.
1428 3554 1688 3622 Eiiciant,
1721 3553 1938 3626 inquit,

282 3661 447 3718 aqua,v
472 3644 701 3713 reptitia
741 3644 1061 3718 animarum
1100 3643 1357 3697 vivarum
1401 3642 1700 3699 secundum
1745 3659 1935 3712 genus,

283 3714 345 3791 et
366 3732 627 3791 volatilia
657 3714 910 3787 volatilia
945 3732 1045 3785 sub
1092 3731 1442 3801 ﬁrmamento
1481 3731 1608 3786 σαιιί
1640 3731 1940 3787 secundum

282 3840 473 3893 genus.
523 3823 640 3878 Cur
666 3820 849 3893 igitur
878 3835 948 3875 ex
991 3816 1277 3874 elemento
1322 3820 1525 3889 maris,
1557 3819 1760 3876 avibus
1790 3838 1935 3892 quo-

283 3926 400 3983 que
430 3909 797 3965 nativitatem
828 3906 1035 3963 tribuit
1062 3905 1090 3961 ‘P
1142 3906 1288 3971 Quia
1317 3906 1474 3962 velut
1502 3907 1755 3965 affinitas
1784 3926 1935 3980 quie-

281 4000 421 4055 dam
448 3995 786 4054 volucribus
814 3994 1062 4051 habetur
1119 3997 1177 4051 et
1227 3993 1508 4066 piscibus.
1566 3995 1729 4052 Sicut
1779 3998 1934 4054 enim

284 4089 476 4160 pisces
533 4099 748 4155 aquam
802 4088 999 4139 secant
1056 4081 1309 4138 motibus
1360 4084 1589 4139 alarum
1647 4084 1708 4139 in
1776 4086 1936 4158 prio-

282 4193 348 4232 ra
395 4174 723 4239 tendentes,
771 4171 968 4227 caudae
1015 4186 1148 4226 vero
1197 4170 1593 4241 gubernaculo
1644 4171 1827 4229 ﬂexus
1856 4173 1939 4229 di-

281 4264 487 4336 rigunt
535 4260 824 4333 proprios,
866 4257 950 4314 ita
1002 4262 1059 4314 et
1114 4274 1248 4314 aves
1306 4274 1499 4314 aerem
1557 4261 1767 4331 pennis
1822 4278 1941 4318 cre-

280 4354 508 4409 duntur
552 4347 807 4403 natando
857 4361 1256 4417 perrumpere.
1308 4347 1457 4418 Ergo
1505 4348 1776 4418 quoniam
1824 4365 1940 4405 una

281 4436 613 4511 proprietas
635 4434 695 4489 in
724 4446 934 4504 genere
960 4436 1209 4503 utroque
1232 4433 1475 4489 natandi
1504 4438 1615 4502 est,
1640 4434 1713 4507 (ε)
1735 4436 1939 4492 eadem

280 4525 404 4598 illis
431 4522 611 4579 etiam
639 4518 901 4593 suppetit
930 4534 1000 4575 ex
1030 4535 1183 4591 aqua
1212 4521 1499 4593 cognatio.
1532 4525 1788 4588 Quorum
1821 4523 1939 4580 haec

2049 3402 2221 3442 casus
2252 3384 2547 3441 obtulerit.
2579 3387 2648 3441 Et
2676 3385 2736 3440 in
2768 3385 2861 3441 his
2895 3401 3101 3441 rursus
3134 3384 3389 3440 maxima
3416 3380 3689 3437 differen-

2046 3474 2129 3529 tia
2156 3477 2263 3529 est.
2287 3474 2564 3539 Quaedam
2594 3472 2751 3529 enim
2783 3476 2922 3530 sunt
2950 3471 3233 3546 gregales,
3256 3469 3512 3541 exceptis
3544 3484 3689 3539 prse-

2048 3562 2409 3618 datricibus:
2442 3578 2693 3633 quarum
2725 3561 2890 3617 nulla
2912 3577 3044 3618 cum
3070 3561 3202 3617 aliis
3232 3562 3442 3632 praeter
3469 3556 3691 3613 coitum

2045 3651 2321 3706 sociatur.
2351 3648 2494 3705 Alias
2521 3653 2660 3705 sunt
2688 3650 3079 3705 communiter
3106 3648 3384 3713 viventes,
3411 3645 3565 3702 sicut
3594 3660 3690 3700 co-

2043 3737 2276 3807 lumbas,
2300 3738 2712 3809 sturni,grues,
2737 3742 2793 3793 et
2806 3736 3029 3811 graculi
3054 3753 3067 3791 :
3091 3751 3158 3793 ex
3183 3736 3397 3807 quibus
3418 3733 3687 3805 quaedam

2043 3827 2172 3883 sine
2200 3825 2449 3881 ducibus
2478 3825 2788 3892 habentur,
2839 3824 3187 3895 semetipsas
3230 3825 3517 3894 regentes,
3561 3820 3686 3874 alia:

2043 3914 2153 3971 sub
2201 3912 2599 3969 moderamine
2639 3912 3030 3980 continentur,
3060 3916 3125 3967 ut
3152 3926 3348 3981 grues.
3380 3909 3482 3963 Est
3508 3907 3688 3963 etiam

2041 4000 2101 4057 in
2131 4000 2216 4057 eis
2246 3999 2357 4056 alia
2387 4000 2682 4067 discretio,
2713 4000 3037 4056 secundum
3086 4013 3263 4069 quam
3296 3999 3484 4051 certas
3528 3992 3687 4049 vide-

2045 4103 2176 4142 mus
2208 4087 2460 4142 advenas
2489 4102 2641 4155 esse,
2677 4085 2821 4141 aliae
2850 4085 3179 4157 indigenas.
3208 4080 3532 4138 Nonnullae
3561 4081 3685 4136 hie-

2044 4191 2139 4231 me
2166 4173 2568 4245 compellente,
2593 4174 2671 4246 (h)
2692 4190 2866 4229 causa
2896 4176 3117 4245 pastus,
3138 4172 3211 4227 ad
3232 4169 3537 4243 peregrina
3565 4168 3687 4223 dis-

2045 4264 2266 4320 cedere.
2297 4262 2587 4319 Plurimas
2617 4266 2953 4335 mansuetas
2983 4261 3129 4327 ﬁeri,
3161 4264 3219 4316 et
3248 4258 3533 4331 patientes
3557 4272 3571 4313 :
3594 4273 3687 4313 ex-

2045 4352 2228 4423 ceptis
2291 4351 2738 4418 inﬁrmioribus,
2785 4366 2911 4422 quae
2956 4352 3191 4422 propter
3238 4346 3479 4404 nimiam
3525 4345 3686 4401 timi-

2047 4442 2312 4510 ditatem,
2329 4439 2841 4497 contrectationem
2864 4454 3077 4494 manus
3095 4439 3392 4510 nequeunt
3418 4434 3685 4492 tolerare.

2046 4529 2192 4585 Alias
2241 4527 2398 4584 inter
2451 4527 2719 4584 homines
2778 4526 3169 4599 divereantur,
3216 4526 3425 4583 iisdem
3472 4522 3685 4596 quibus

356 4647 437 4719 (a)
468 4644 617 4702 Illud
648 4658 745 4699 nec
780 4644 1094 4714 exspectare
1115 4646 1179 4698 ut
1204 4658 1330 4700 cum
1348 4660 1442 4701 cor
1480 4661 1569 4704 ore
1588 4647 1928 4704 dissolvetur.

356 4736 407 4772 in
439 4716 586 4772 satis
615 4713 898 4772 intelligo.
919 4713 1165 4769 Videtur
1184 4715 1406 4772 omissa
1426 4662 1606 4772 ﬁxisse
1628 4736 1661 4772 a
1679 4720 1935 4772 librariis

2053 4652 2254 4716 Graece,
2278 4648 2421 4703 οὕτω
2450 4647 2539 4703 καὶ
2567 4648 2704 4720 ἡμῖν
2736 4646 2811 4709 ὠς
2844 4645 2987 4702 ἔοικε
3008 4650 3107 4719 τήν
3136 4647 3305 4718 alariis
3336 4646 3498 4703 πάλιν
3536 4643 3689 4723 βαδι-

2053 4722 2216 4772 πὲον.
2253 4721 2380 4772 Mox
2400 4721 2557 4772 Colb.
2588 4721 2905 4772 secundus.
2951 4720 3285 4772 elementum
3313 4722 3488 4772 maris
3510 4740 3529 4772 :
3569 4737 3683 4772 quo

286 4713 586 4775 nonsatis
615 4713 898 4786 intelligo.
919 4713 1165 4769 Videtur
1184 4715 1406 4773 omissa
1426 4713 1606 4775 fuisse
1628 4736 1661 4775 a
1679 4720 1935 4776 librariis

284 4786 497 4867 vocula
522 4802 633 4867 non
661 4804 682 4841 :
709 4800 813 4867 uec
836 4788 1152 4867 capaciore
1170 4789 1241 4867 _ut
1276 4802 1402 4867 cum
1428 4803 1665 4867 corpore
1679 4807 1802 4867 noli
1818 4791 1934 4846 dis-

282 4859 783 4943 solvaturﬂuanto
801 4854 1017 4943 clarius
1038 4855 1149 4943 hoc
1170 4854 1444 4943 leguptur
1455 4854 1607 4943 apud
1630 4861 1934 4943 Basilium,

290 4932 463 5001 cujus
491 4928 611 4984 haec
641 4932 798 5011 sunt,
822 4925 915 4993 Μή
948 4923 1137 4997 νόμιζε
1166 4921 1524 5001 πρὶσϐυτέραῖν
1558 4929 1689 4983 εἶναι
1717 4936 1818 5000 τῆς
1838 4921 1935 4986 acii

289 5000 547 5074 σῷματος
576 4995 750 5074 autem
778 4996 1110 5074 ρπρστάεωε,
1145 4993 1763 5074 μηδὲ-ἐπιδιαμὲνουσαν
1802 5004 1936 5074 μετά

286 5064 395 5141 ιτήὸ
416 5074 517 5137 τῆς
551 5066 745 5143 σαρκὸς
774 5064 1042 5143 statum,
1063 5064 1201 5124 Cave
1214 5064 1514 5143 existimes
1532 5074 1783 5129 animam
1803 5064 1936 5130 ξοη-

289 5141 850 5222 attritione-corporis
870 5141 1121 5222 ipsorum
1142 5141 1487 5198 vetustiorem
1503 5148 1736 5211 ωδε,ααί
1762 5146 1938 5216 ipsam

286 5213 625 5287 postremis
652 5210 1063 5287 ἀίεεοιιιειρποητ
1086 5226 1434 5287 permanere-

340 5283 443 5366 .(b)
474 5282 646 5349 Editi;
673 5282 1052 5353 praeterimus.
1084 5282 1323 5354 Antiqui
1354 5284 1470 5340 duo
1498 5282 1654 5355 libri,
1680 5287 1938 5357 praeteri-

292 5368 497 5409 vimus.

364 5426 434 5495 (ρ)
464 5421 623 5478 Colb.
656 5421 972 5495 secundus,
1003 5420 1333 5495 dixeramus
1352 5427 1608 5492 superius
1641 5425 1707 5481 de
1733 5428 1941 5482 nativi-

291 5492 498 5549 taiibus
542 5492 1220 5565 aqruatibitium.‘Statim
1270 5494 1431 5562 editi,
1480 5498 1754 5552 invitandi
1790 5507 1933 5554 sunt.

293 5566 455 5622 Libri
484 5562 733 5628 veteres,
759 5562 1198 5633 imitandisunt,
1232 5565 1375 5621 satis
1405 5570 1838 5625 accommodate
1868 5569 1940 5625 ad

291 5637 587 5711 Grqctlm,
614 5633 752 5711 κατρ
776 5632 907 5711 ’πρὸς
935 5632 1311 5711 ὲπιλῂᾳμὸνας
1336 5639 1446 5711 τῶν
1470 5634 1799 5711 ὁδοιπόρων.

382 5707 441 5788 4)
462 5707 675 5788 Totum
688 5706 837 5788 illud
848 5708 989 5788 sicel
998 5707 1152 5788 trellis
1158 5720 1256 5788 per
1269 5706 1942 5788 σαγηάετπᾳᾳιπὶυςῃξζηω

291 5776 498 5834 callem
516 5776 853 5835 redeundum
870 5776 1311 5845 ut,addidimus
1324 5792 1393 5834 ex
1408 5776 1629 5839 nostris
1642 5778 1941 5839 codicibus

2044 4722 2216 4775 entov.
2252 4721 2380 4804 Mox
2400 4721 2557 4778 Colb.
2588 4721 2905 4804 secundus,
2951 4720 3488 4804 elementumfnari:
3509 4720 3545 4787 ;’
3569 4737 3683 4804 quo

2043 4792 2307 4875 exemplo
2339 4808 2545 4848 rursus
2575 4792 2909 4872 confirmari
2940 4795 3131 4873 potest
3159 4793 3313 4863 quod
3342 4792 3683 4875 diximpsﬁi-

2044 4864 2327 4935 brarium,
2354 4880 2487 4919 cum
2510 4865 2740 4935 recepta
2759 4862 2929 4917 lectio
2948 4877 2999 4916 e1
3021 4878 3137 4918 non
3168 4862 3441 4934 placeret,
3459 4863 3683 4935 aliquid

2045 4934 2364 4990 identidem
2394 4936 2465 4989 de
2494 4950 2601 4989 suo
2624 4933 2993 4987 immutasse.

2115 5005 2186 5076 (ε)
2214 5004 2389 5073 Editi,
2421 5008 2475 5059 et
2510 5004 2699 5076 eadem
2738 5003 2840 5076 illa
2878 5004 3062 5076 etiam.
3099 5002 3261 5076 Libri
3279 5006 3498 5076 veteres
3520 5002 3604 5076 ita
3621 5008 3686 5057 ut

2045 5073 2337 5131 edendum
2350 5075 2702 5130 curavimus.
2720 5073 3046 5146 Aliquando
3060 5080 3189 5146 post
3202 5074 3685 5146 editi,raptoribus

2040 5147 2229 5202 avium
2262 5147 2449 5202 etiam.
2473 5146 2629 5200 Libri
2656 5145 2905 5216 antiqui.
2926 5145 3241 5216 raptbribus
3267 5145 3450 5202 autem
3485 5146 3683 5216 etiam.

2046 5222 2161 5272 Nec
2192 5216 2273 5273 ita
2317 5217 2502 5272 multo
2533 5216 2685 5271 infra
2708 5214 2841 5270 libri
2871 5214 3166 5287 impressi,
3196 5216 3265 5272 ad
3310 5214 3691 5287 convertendos

2042 5287 2287 5360 praedas.
2304 5291 2379 5360 At
2400 5287 2581 5360 nostri
2607 5292 2723 5343 tres
2749 5303 2914 5360 mss.,
2937 5286 3007 5342 ad
3031 5288 3410 5360 consectando:
3428 5286 3688 5360 praedas.

2118 5360 2183 5429 (ί)
2216 5358 2367 5414 Editi
2389 5363 2446 5415 et
2476 5358 2591 5413 duo
2621 5359 2897 5429 mss.,7vel
2924 5357 3439 5428 magnitudines,vel
3460 5358 3689 5429 colores.

2045 5426 2208 5485 Alius
2226 5428 2836 5498 ms.velmagnitudinis
2846 5431 2926 5485 vel
2937 5426 3134 5485 colori:
3145 5428 3516 5484 bene.Statim
3529 5426 3666 5483 editi
3677 5469 3693 5499 ,

2047 5502 2133 5555 uti
2145 5510 2205 5555 ut
2216 5505 2547 5572 tanquam.A
2558 5500 2747 5572 ntiqui
2764 5500 2878 5555 duo
2890 5499 3134 5564 libri,uti
3144 5500 3397 5566 variis,ut
3408 5504 3692 5572 tanquam.

2121 5570 2342 5643 (g)7Hoc
2372 5570 2751 5643 locoreliquid
2781 5571 3065 5643 omissum
3110 5575 3199 5643 est
3226 5574 3326 5625 aut
3353 5588 3388 5626 a
3416 5570 3696 5643 librariis,

2050 5638 2157 5696 aut
2177 5642 2477 5699 Eustathio
2502 5638 2651 5712 ipso'.
2713 5643 2854 5711 Lege
2881 5638 3089 5712 homil.
3125 5641 3181 5712 _8,
3204 5655 3380 5712 Vnum.
3409 5642 3462 5697 3.

2122 5711 2197 5781 (g)
2227 5714 2399 5785 Editi,
2436 5708 2605 5769 causa
2628 5708 2847 5784 partu}.
2904 5708 3137 5782 Antiqui
3166 5708 3297 5768 duo
3344 5712 3499 5785 libri,
3529 5726 3701 5769 causa

2046 5789 2260 5854 pastus.
3686 5818 3691 5823 .
