4120 6230
268 402 391 461 953

980 396 1400 458 EUSTATHII
1446 394 1911 457 HEXAEMERI
1958 393 2509 458 METAPHRASIS
2555 398 2789 458 LIBER
2833 400 2995 461 VIII.

3583 409 3704 467 954

279 530 577 587 sufficeret
599 528 903 585 hominum
928 526 1102 598 ﬁlios,
1120 528 1169 583 si
1193 526 1436 584 mallent
1452 528 1769 594 advertere,
1785 542 1942 580 ama-
1968 526 2021 591 Α
2055 527 2225 581 modo
2250 528 2405 598 apud
2426 545 2557 585 aves
2576 529 3005 588 irrationabiles
3025 533 3393 591 continentia
3409 536 3708 596 viduitatis

273 626 435 677 tores
456 635 702 675 suorum
726 617 968 673 reddere
991 617 1346 689 genitorum.
1369 616 1511 682 Quis
1533 615 1688 671 enim
1708 620 1826 669 tam
1852 614 1939 669 in.

280 708 504 781 sipiens
519 712 700 777 est,ut
714 723 827 761 non
843 723 903 761 se
918 706 993 777 (a)
1008 704 1939 778 censeatignominianotari,cum

276 799 482 854 avibus
514 794 1018 852 irrationabilibus
1059 794 1220 850 cultu
1272 794 1644 866 postponitur
1666 792 1943 865 pietatis?

289 888 406 943 Illae
429 890 702 958 parentes
724 902 863 941 suos
889 888 1057 939 mtate
1079 884 1373 940 confectos
1396 883 1722 955 pennisque
1742 898 1941 936 eorum

275 981 573 1032 vetustate
587 975 849 1046 dejectis,
870 974 1347 1044 circumstantes,
1363 972 1614 1045 prOpriis
1627 970 1843 1042 plumis
1866 970 1945 1024 fo-

275 1070 433 1133 vent,
474 1064 625 1119 746
656 1063 1124 1134 alimoniamque
1154 1065 1515 1131 convectant,
1550 1066 1606 1117 et
1644 1059 1703 1115 in
1747 1058 1942 1115 volatu

280 1154 436 1225 quod
471 1153 793 1225 potuerint,
821 1151 959 1206 hinc
993 1151 1130 1206 inde
1161 1166 1224 1206 se
1256 1152 1943 1223 supponentes,senectaa

274 1242 695 1299 lassitudinem
722 1240 1123 1306 consolantur,
1139 1238 1368 1296 alarum
1392 1255 1635 1295 suarum
1657 1254 1756 1295 eas
1778 1236 1944 1293 auxi-

275 1331 353 1388 lio
374 1330 946 1395 sustentantes.Qua2
966 1346 1058 1386 res
1077 1345 1180 1401 per
1191 1345 1395 1385 omnes
1413 1328 1626 1400 ubique
1643 1331 1846 1400 gentes
1865 1326 1946 1381 ita

279 1419 893 1494 percrebuit,uthodie
909 1419 1298 1474 remuneratio
1313 1417 1488 1473 delati
1507 1415 1773 1472 beneﬁcii
1786 1416 1940 1487 apud

274 1510 505 1565 Graecos
531 1504 998 1583 ἀντιπελάργωσις
1022 1507 1750 1577 nominetur.Quapropter
1770 1520 1942 1559 nemo

279 1616 342 1654 se
363 1598 600 1669 penitus
618 1597 861 1653 obtentu
884 1596 1248 1668 paupertatis
1267 1595 1654 1664 excusans,de
1676 1594 1793 1649 vita
1816 1610 1945 1665 pro-

285 1687 411 1760 pria
424 1686 989 1760 desperet,quamvis
1007 1684 1179 1740 nullae
1197 1684 1355 1741 domi
1372 1684 1747 1756 suppeditent
1764 1684 1943 1738 facul-

276 1782 456 1845 tates,
509 1777 649 1831 dum
685 1776 757 1847 (ὁ)
787 1773 1149 1847 ingeniosam
1203 1772 1636 1847 contemplatur
1669 1771 1941 1827 hirundi-

273 1882 432 1922 nem.
449 1864 556 1920 Illa
581 1864 737 1959 enim
760 1863 817 1919 in
836 1863 1174 1919 fabricando
1198 1864 1335 1959 nido
1356 1863 1556 1959 paleas
1577 1863 1817 1959 quidem
1843 1877 1939 1917 ore
1975 1895 2019 1959 Β

274 1958 623 2027 comportat,
647 1953 855 2009 limum
892 1957 1087 2009 autem
1112 1953 1364 2024 pedibus
1394 1954 1539 2008 ferre
1564 1969 1677 2008 non
1718 1949 1940 2018 valens,

272 2044 500 2100 alarum
524 2042 900 2099 summitates
926 2041 1227 2097 humectat
1246 2042 1306 2097 in
1330 2042 1530 2108 ﬂuvio,
1547 2041 1755 2097 deinde
1779 2041 1838 2095 in
1862 2039 1940 2097 ei-

268 2150 408 2189 nere
427 2132 705 2201 volutata,
724 2131 992 2187 caementi
1017 2149 1190 2187 usum
1214 2131 1449 2186 videtur
1472 2130 1721 2203 explere.
1740 2130 1943 2185 Paula.

267 2222 498 2294 timque
513 2221 784 2277 surculos
808 2220 961 2276 inter
978 2237 1041 2276 se
1065 2220 1188 2276 luto
1213 2220 1667 2293 apposito,velut
1682 2220 1936 2303 quadam

266 2310 430 2384 glute
475 2311 862 2382 conjungens,
895 2326 1039 2366 suos
1087 2310 1298 2365 educat
1344 2308 1557 2381 pullos.
1590 2309 1849 2372 Quorum
1881 2309 1930 2364 ει

270 2399 570 2472 quispiam
604 2398 806 2455 oculos
832 2397 1119 2469 effoderit,
1140 2398 1319 2453 habet
1340 2413 1547 2453 eorum
1573 2400 1761 2451 mater
1782 2413 1815 2452 a
1837 2395 1941 2451 na'

269 2492 405 2544 tura
423 2488 538 2544 sibi
556 2487 832 2544 traditam
861 2487 1360 2558 medicinam,qua
1378 2502 1512 2541 mox
1524 2486 1596 2541 ad
1622 2485 1935 2541 sanitatem

273 2576 501 2633 fetuum
536 2592 779 2632 suorum
813 2576 1056 2631 reducat
1088 2575 1564 2647 aspectum.Ha3c
1594 2577 1649 2635 te
1671 2563 1939 2630 videlicet

278 2665 700 2731 hortabuntur,
721 2681 791 2721 ne
813 2666 884 2721 ad
908 2665 978 2737 (ε)
1014 2663 1451 2736 improbitatem
1486 2662 1629 2719 velis
1659 2662 1937 2735 egestatis

280 2755 584 2812 occasione
633 2754 909 2817 converti,
945 2770 1049 2809 nec
1078 2754 1135 2807 in
1172 2753 1446 2825 pessimis
1493 2752 1719 2809 artibus
1769 2769 1935 2824 spem

276 2842 509 2899 vivendi
530 2842 845 2913 collocans,
861 2841 1148 2897 immunis
1171 2841 1446 2897 bonitatis
1467 2857 1785 2913 exsorsque
1807 2842 1934 2897 red-

282 2933 465 2998 daris,
489 2933 591 2988 sed
624 2933 696 2988 ad
727 2936 909 2987 Deum
942 2932 1250 3003 confugias
1285 2949 1298 2987 :
1331 2931 1431 3003 qui
1462 2948 1597 2989 cum
1629 2931 1933 2987 hirundini

272 3026 392 3077 tam
430 3038 643 3094 magna
664 3021 984 3087 donaverit,
1009 3024 1229 3093 quanto
1264 3022 1488 3090 majora
1518 3020 1815 3093 praestabit
1843 3019 1934 3075 his

273 3110 376 3182 qui
407 3126 542 3165 eum
575 3114 699 3165 tota
731 3110 946 3165 mentis
982 3109 1309 3165 intentione
1339 3109 1693 3180 implorant?
1722 3108 1933 3181 Alcyon

272 3198 499 3254 avicula
521 3202 611 3255 est
634 3199 901 3270 quaedam
928 3198 985 3253 in
1014 3198 1312 3253 littoribus
1336 3197 1579 3253 marinis
1600 3198 1777 3253 fetare
1798 3214 1933 3253 con-

272 3291 609 3359 sueta,quaa
641 3303 825 3359 super
856 3286 1046 3359 ipsam
1078 3302 1316 3342 arenam
1350 3286 1517 3359 ponit
1546 3302 1672 3356 ova,
1698 3302 1762 3342 eo
1784 3290 1933 3342 tem-
1964 3262 2007 3330 (ἶ

277 3392 417 3446 pore
449 3392 563 3447 quo
598 3391 758 3430 mare
792 3374 997 3430 multis
1028 3374 1425 3446 gravibusque
1450 3379 1752 3431 ventorum
1785 3374 1935 3429 flati-

273 3464 388 3519 bus
417 3467 820 3519 commovetur
844 3480 856 3518 :
882 3465 984 3518 sed
1008 3466 1205 3517 tamen
1234 3479 1438 3518 omnes
1460 3467 1601 3518 tunc
1622 3468 1936 3536 tempesta-

275 3556 363 3607 tes
396 3550 777 3623 procellaeque
809 3552 1094 3607 sedantur
1124 3568 1225 3622 per
1247 3551 1510 3624 integros
1532 3556 1752 3624 septem
1787 3552 1934 3607 dies:

279 3640 499 3711 quibus
529 3639 651 3694 avis
684 3642 1008 3695 memorata
1055 3639 1267 3695 cubare
1313 3645 1588 3696 narratur
1622 3657 1635 3696 :
1670 3640 1937 3696 nutrien-

275 3728 603 3798 dorumque
634 3727 828 3799 gratia
876 3728 1198 3799 pullorum,
1232 3733 1545 3800 postquam
1596 3729 1836 3784 fuerunt
1865 3730 1937 3784 de

279 3816 403 3872 ovis
430 3815 648 3885 educti,
680 3820 906 3886 septem
938 3817 1065 3872 dies
1107 3816 1252 3872 alios
1283 3815 1365 3872 illi
1398 3817 1551 3873 Deus
1580 3833 1932 3890 magnorum

277 3903 523 3975 largitor
549 3904 783 3975 adjecit,
807 3921 952 3975 quos
977 3904 1101 3961 dies
1131 3904 1349 3960 nautici
1374 3904 1714 3977 diligentius
1734 3907 1933 3962 obser-

278 3996 507 4061 vantes,
538 3992 835 4064 alcyonios
882 4009 983 4049 eos
1012 3997 1238 4048 vocant.
1272 3994 1400 4049 Haec
1445 3994 1551 4049 tibi
1594 3994 1936 4067 praescripta

282 4084 445 4145 sunt,
466 4095 646 4152 super
668 4081 945 4137 remediis
976 4081 1379 4138 indubitanter
1394 4098 1427 4138 a
1445 4086 1558 4139 Deo
1576 4082 1933 4139 salutaribus

281 4167 691 4239 deprecandis.
715 4169 864 4235 Quid
889 4169 1045 4225 enim
1070 4186 1185 4225 non
1209 4169 1479 4226 mirabile
1498 4170 1600 4226 ﬁat
1617 4170 1703 4226 tui
1734 4188 1932 4228 causa,

285 4255 387 4326 qui
422 4256 494 4311 ad
528 4255 849 4328 imaginem
883 4257 986 4314 Dei
1016 4257 1208 4314 factus
1238 4274 1323 4328 es,
1351 4274 1485 4314 cum
1514 4263 1753 4330 propter
1771 4276 1933 4315 avem

284 4341 588 4414 parvulam
616 4343 939 4400 maximum
971 4345 1537 4418 formidolosumque
1556 4361 1717 4402 mare
1735 4346 1934 4403 videas

280 4434 686 4501 tempestuoso
709 4435 972 4503 tempore
997 4432 1122 4489 fieri
1150 4432 1554 4505 tranquillum,
1573 4434 1769 4491 divina
1788 4451 1935 4508 prae-

285 4518 555 4589 ceptione
584 4518 875 4575 frenatum
898 4519 927 4574 7

2051 615 2455 685 frequentibus
2488 619 2710 688 nuptiis
2741 622 3086 677 antefertur.
3114 623 3326 694 Aquila
3362 624 3416 679 in
3451 626 3707 681 educan-

2053 704 2143 759 dis
2177 704 2352 776 pullis
2385 707 2634 778 propriis
2667 707 2881 779 injusta
2908 710 3091 765 fertur
3114 728 3261 767 esse.
3290 713 3527 771 Duobus
3553 718 3703 771 enim

2054 795 2392 864 procreatis,
2414 813 2597 851 unum
2633 797 2968 854 verberibus
2996 800 3220 855 alarum
3249 802 3322 874 (d)
3354 803 3701 861 mulctatum

2054 882 2286 954 projicit
2306 885 2363 938 in
2387 887 2877 952 terram,alterum
2904 893 3258 946 retentatum
3285 892 3455 948 fovet.
3472 897 3557 947 Ita
3578 911 3707 966 pro-

2054 976 2182 1042 pter
2204 973 2391 1030 victus
2412 972 2668 1046 inopiam
2688 976 2915 1048 cogitur
2938 995 3150 1049 negare
3174 996 3344 1051 quem
3368 982 3707 1054 genuit,ncc

2054 1063 2247 1117 tamen
2267 1079 2403 1118 eum
2418 1063 2561 1118 sinit
2584 1064 2820 1120 interire
2839 1066 3188 1139 ossifragus,
3208 1071 3308 1125 sed
3333 1078 3706 1144 assumptum

2054 1151 2305 1221 propriis
2323 1152 2583 1223 applicat
2599 1152 2798 1225 pullis,
2815 1158 2870 1210 et
2888 1156 3152 1212 studiose
3172 1158 3549 1216 nutrit.Tales
3568 1168 3709 1218 sunt

2054 1239 2321 1293 nonnulli
2354 1246 2627 1310 parentes
2648 1241 2975 1313 hominum,
3002 1246 3102 1316 qui
3130 1253 3531 1319 paupertatem
3566 1267 3703 1306 cau-

2053 1328 2160 1382 sati
2194 1344 2333 1383 suos
2364 1334 2662 1400 exponunt
2684 1331 2939 1401 liberos,
2972 1334 3055 1388 vel
3098 1334 3457 1393 hereditatis
3488 1344 3703 1395 sortem

2054 1434 2169 1472 non
2201 1434 2429 1488 aequam
2456 1419 2823 1475 constituunt
2854 1421 3006 1477 inter
3025 1440 3142 1478 eos.
3169 1425 3393 1489 Quibus
3425 1428 3701 1498 quoniam

2052 1523 2222 1577 pares
2240 1524 2448 1562 causas
2467 1509 2786 1579 praestitere
2806 1513 3343 1583 nascend1,justum
3364 1519 3595 1570 essetut
3611 1516 3643 1571 h
3657 1517 3703 1571 is

2051 1594 2276 1650 vivendi
2300 1595 2472 1651 etiam
2498 1613 2697 1667 parem
2731 1598 3057 1654 tribuerent
3086 1602 3433 1671 portionem.
3458 1605 3540 1659 Ne
3562 1605 3704 1660 velis

2052 1700 2187 1756 ergo
2223 1685 2626 1756 praedatricum
2660 1686 2855 1741 avium
2886 1704 3077 1743 mores
3106 1689 3389 1759 aemulari,
3415 1708 3540 1762 qua:
3568 1710 3699 1748 cum

2050 1773 2301 1828 viderint
2326 1772 2517 1845 pullos
2550 1792 2687 1830 suos
2710 1776 2837 1845 jam
2872 1775 3088 1831 volatui
3115 1778 3187 1849 (ε)
3218 1779 3603 1849 confidentes,
3633 1782 3703 1837 de

2051 1862 2205 1917 nidis
2253 1879 2352 1917 eos
2401 1863 2726 1935 praecipites
2779 1865 3091 1920 exturbant
3139 1873 3314 1938 atque
3362 1870 3701 1940 projiciunt,

2052 1950 2273 2006 nullam
2306 1952 2541 2023 penitus
2579 1952 2693 2007 illis
2726 1971 2923 2009 curam
2957 1955 3235 2027 deinceps
3272 1957 3699 2029 impendentes.

2051 2040 2349 2095 Laudatur
2379 2057 2409 2096 e
2434 2044 2636 2096 contra
2658 2041 2813 2097 circa
2836 2047 3003 2099 natos
3025 2044 3275 2101 cornicis
3297 2046 3701 2119 atfectio,quos

2050 2133 2108 2185 et
2139 2128 2398 2185 volantes
2446 2130 2837 2201 prosequitur,
2872 2138 2927 2187 et
2966 2149 3159 2189 escam
3209 2133 3448 2207 largiter
3478 2137 3702 2191 submi-

2050 2218 2281 2273 nistrat.
2307 2219 2483 2274 Certse
2513 2236 2645 2274 vero
2685 2219 2970 2291 volucres,
3004 2222 3076 2276 ad
3128 2223 3474 2279 nutriendos
3506 2224 3702 2279 foven-

2048 2307 2271 2379 desque
2301 2307 2474 2375 fetus,
2501 2309 2900 2365 masculorum
2936 2311 3241 2381 juvamine
3282 2329 3397 2367 non
3430 2317 3698 2369 utuntur.

2047 2395 2186 2451 Aliae
2208 2413 2348 2453 sane
2370 2413 2571 2452 earum
2597 2414 2723 2469 qua:
2747 2397 2922 2454 altius
2948 2399 3188 2455 volitant
3207 2401 3440 2456 steriles
3459 2403 3698 2459 omnino

2048 2489 2207 2555 sunt,
2231 2485 2385 2541 sicut
2412 2485 2864 2558 vultures,quos
2885 2495 3158 2545 asserunt
3188 2491 3315 2546 sine
3335 2490 3489 2548 coitu
3523 2508 3699 2563 gene-

2051 2590 2198 2640 rare,
2219 2574 2509 2646 przscipue
2531 2592 2664 2630 cum
2691 2576 2809 2630 sint
2829 2574 3090 2648 longaevi.
3109 2578 3253 2634 Nam
3284 2580 3463 2636 vitam
3495 2596 3696 2636 eorum

2047 2666 2283 2718 centum
2333 2663 2504 2719 annis
2546 2680 2781 2720 manere
2800 2666 3187 2733 /)affirmant.
3215 2668 3301 2723 Sit
3348 2669 3530 2739 igitur
3580 2670 3697 2726 haec

2044 2752 2149 2807 tibi
2182 2768 2318 2823 pars
2349 2752 2602 2808 historia:
2644 2758 2843 2809 notata
2874 2755 2945 2810 de
2975 2756 3199 2824 avibus,
3225 2764 3287 2813 ut
3317 2774 3447 2813 cum
3481 2759 3696 2814 videris

2047 2840 2275 2912 aliquos
2306 2840 2745 2913 cachinnantes,
2771 2847 3006 2915 propter
3032 2843 3322 2900 ineffabile
3347 2847 3690 2917 mysterium

2045 2926 2343 2983 catholica:
2395 2928 2551 2995 fidei,
2586 2929 2739 3000 quod
2789 2932 2954 3000 quasi
3006 2930 3367 3003 impossibile
3415 2935 3510 2999 sit,
3553 2934 3696 2990 alie-

2045 3033 2304 3088 numque
2336 3023 2557 3071 natura;
2589 3018 2870 3089 virginem
2912 3020 3226 3091 peperisse,
3263 3026 3415 3077 statu
3450 3022 3696 3095 virgini-

2043 3106 2180 3161 tatis
2198 3105 2418 3175 integro
2440 3105 2754 3172 custodito,
2771 3107 2988 3175 cogites
3011 3109 3148 3179 quia
3168 3108 3265 3165 ille
3287 3112 3387 3181 qui
3415 3112 3694 3184 dignatus

2042 3200 2131 3250 est
2152 3195 2212 3249 in
2230 3192 2486 3249 stultitia
2504 3194 2937 3264 praedicationis
2955 3196 3181 3253 salvare
3197 3199 3521 3271 credentes,
3536 3200 3690 3256 idem

2045 3299 2275 3355 quoque
2296 3284 2464 3339 nobis
2495 3282 2956 3340 innumerabiles
2979 3302 3189 3342 causas
3209 3303 3279 3342 ex
3299 3291 3511 3344 natura
3530 3306 3691 3345 sum-

2044 3377 2174 3444 ptas
2204 3374 2274 3428 ad
2308 3371 2649 3428 fidelitatem
2682 3372 3040 3429 mirabilium
3071 3375 3358 3446 praestitit.

2113 3463 2168 3517 7.
2192 3464 2427 3534 Ejiciant
2448 3475 2608 3533 aquae
2636 3461 2856 3533 reptilz’a
2883 3463 3135 3518 vivarum
3155 3466 3502 3532 animarum,
3526 3471 3576 3522 et
3594 3483 3689 3523 vo-

2048 3551 2227 3606 latilia
2248 3551 2493 3605 volantia
2510 3566 2675 3621 super
2696 3554 2901 3605 terram
2920 3552 3018 3606 sub
3043 3552 3397 3621 ﬁrmamento
3416 3554 3558 3610 cali.
3578 3555 3690 3610 Vo-

2043 3639 2164 3695 lare
2189 3639 2317 3694 ideo
2334 3638 2599 3710 (g)jussm
2617 3642 2758 3693 sunt
2773 3655 2951 3708 super
2968 3640 3353 3711 terram,quia
3368 3642 3555 3698 victus
3571 3659 3692 3698 om-

2045 3727 2218 3784 nibus
2236 3742 2266 3782 e
2285 3731 2441 3782 terra
2457 3725 2942 3797 suppeditat.Sub
2958 3727 3327 3783 ﬁrmamento
3350 3733 3544 3785 autem
3562 3730 3690 3785 caeli

2043 3815 2210 3881 dixit,
2238 3819 2475 3886 propter
2522 3813 2620 3868 illa
2650 3829 2777 3884 qua
2807 3830 2987 3885 supra
3028 3815 3436 3872 disseruimus.
3468 3817 3685 3873 Caelum

2043 3908 2237 3960 autem
2265 3903 2360 3959 hic
2384 3900 2709 3973 intelligere
2737 3901 3036 3968 debemus,
3060 3919 3094 3957 a
3114 3905 3403 3959 cernendo
3426 3904 3682 3961 dictum:

2043 3993 2235 4050 Graece
2273 3987 2500 4065 οὐρανὸς
2528 3992 2769 4045 vocatur
2796 3987 2902 4042 ἀπὸ
2930 3991 3027 4042 τοῦ
3058 3989 3302 4063 ὁρᾶσθαι.
3333 3991 3480 4046 Nam
3525 4007 3684 4047 com-

2041 4080 2342 4153 paratione
2371 4077 2632 4151 eorporis
2660 4077 2912 4146 aatherei,
2947 4094 3047 4133 aer
3077 4078 3206 4146 iste,
3241 4077 3341 4150 qui
3371 4095 3549 4150 super
3576 4096 3687 4136 nos

2042 4174 2152 4238 est,
2176 4185 2245 4225 ex
2272 4168 2586 4240 vaporibus
2617 4170 2783 4222 terrae
2813 4170 3119 4222 concretus
3149 4170 3207 4222 et
3234 4183 3472 4223 crassus
3501 4167 3684 4223 efﬁci-

2041 4263 2156 4315 tur.
2189 4257 2373 4313 Habes
2403 4256 2580 4325 igitur
2605 4253 2805 4326 polum
2837 4254 3198 4322 decoratum,
3225 4258 3438 4310 terram
3470 4255 3681 4311 formo-

2042 4346 2365 4413 sissimum,
2398 4360 2558 4399 mare
2602 4342 3133 4415 opulentissimum,
3166 4357 3358 4399 aerem
3398 4342 3681 4414 repletum

2042 4435 2436 4505 avibuszquas
2478 4431 2679 4487 omnia
2725 4447 2795 4487 ex
2838 4430 3020 4487 nihilo
3051 4431 3123 4486 ad
3155 4430 3308 4486 hanc
3351 4430 3526 4486 vitam
3576 4431 3680 4487 Dei

2042 4522 2427 4596 prmeeptione
2447 4520 2730 4592 producta
2751 4523 2909 4575 sunt.
2929 4518 2996 4574 Et
3023 4517 3137 4576 alia
3165 4518 3351 4575 multa
3370 4535 3499 4593 quae
3525 4535 3680 4576 nunc

352 4606 410 4661 6.
434 4606 748 4663 Turturem
770 4608 964 4663 ferunt
994 4607 1043 4663 si
1063 4609 1297 4680 quando
1323 4625 1461 4666 casu
1484 4609 1680 4683 aliquo
1701 4627 1932 4683 separe-
1962 4621 2011 4687 Ῑ)
2041 4610 2308 4668 consulto
2326 4624 2521 4666 sormo
2550 4608 2848 4679 preteriit,
2864 4623 2935 4663 ne
2951 4607 3008 4662 in
3028 4607 3256 4664 hisdem
3278 4607 3499 4663 diutius
3521 4624 3682 4665 com-

285 4696 387 4748 tur
415 4708 450 4747 a
480 4693 749 4766 conjuge,
770 4693 1108 4752 nullatenus
1128 4697 1281 4753 coire
1300 4714 1433 4753 cum
1457 4698 1663 4772 altero,
1687 4699 1789 4756 sed
1815 4715 1934 4756 me-

290 4780 479 4836 moria
507 4781 719 4853 prioris
748 4783 1025 4839 connubii
1055 4785 1425 4855 perdurante,
1452 4791 1813 4844 contractum
1846 4804 1938 4844 se-

286 4868 492 4923 cundis
514 4868 901 4941 copulationis
920 4871 1196 4928 abnuere.
1214 4872 1473 4929 Audiant
1494 4873 1772 4932 mulieres
1795 4890 1936 4947 quo-

362 5060 441 5133 (a)
470 5060 644 5128 Editi,
675 5065 736 5118 ut
763 5080 874 5137 ηρη
900 5074 1195 5137 τεεωωθαι.
1217 5067 1399 5125 Vetus
1424 5072 1625 5125 noster
1652 5070 1852 5137 codex,
1874 5078 1938 5126 ut

286 5148 401 5187 non
429 5147 488 5216 ξε
513 5144 747 5216 ceuseat.
792 5135 972 5216 Ifaulo
1018 5143 1153 5211 post
1198 5155 1366 5210 mss.,
1399 5139 1683 5213 hodieque.
1713 5135 1934 5199 Vocula

291 5219 406 5277 que
425 5204 624 5277 deerat
649 5205 709 5277 in
740 5205 1013 5277 vulgatis.

362 5274 441 5355 (b)
469 5274 1403 5355 EditiLdmni‘Vingeniqsqm.’Libri
1427 5285 1674 5344 veteres,
1694 5280 1825 5355 dum
1851 5281 1935 5336 in-

288 5346 591 5427 geniosam.
627 5345 793 5427 Haud
825 5345 992 5427 longe
1022 5349 1162 5404 editi
1191 5354 1249 5427 et
1284 5352 1400 5407 duo
1430 5368 1594 5427 mss.,
1624 5352 1769 5427 velut
1796 5368 1934 5427 qua:

289 5413 426 5469 dam
464 5415 632 5484 glute.
678 5416 845 5472 Alius
888 5413 1087 5488 codex,
1133 5421 1280 5475 velut
1327 5413 1933 5493 quodam'glute,"ubi

290 5484 583 5539 suspicari
638 5484 774 5539 licet
826 5488 1194 5539 Eustathium
1237 5506 1305 5539 ex
1350 5492 1547 5539 (ἴε-πιθα
1603 5492 1928 5539 nnrinsissn-

290 5488 583 5555 suspicari
638 5488 774 5543 licet
826 5488 1195 5545 Eustathium
1237 5506 1307 5545 ex
1340 5488 1547 5550 'Graaco
1602 5488 1929 5567 scripsisse,

288 5554 442 5633 velut
469 5556 703 5633 quedam
730 5559 960 5633 glutine,
993 5559 1103 5633 oTov
1134 5557 1316 5633 καλλῃ
1351 5581 1479 5619 τινι.

462 5624 971 5717 (ξερξὶξεθρᾳηᾲιιέ,
996 5630 1073 5717 ad
1095 5624 1447 5717 prauitatem.
1469 5633 1779 5717 Aliquanto
1798 5638 1933 5707 post

286 5693 445 5753 idem
473 5698 677 5771 codex,
705 5709 821 5759 tota
846 5693 1151 5761 intentione
1176 5704 1356 5761 cordi:
1391 5693 1718 5778 implorant.

2043 4702 2330 4769 moratus,
2348 4697 2585 4753 modum
2608 4696 2946 4767 disputandi
2965 4696 3259 4752 videretur
3276 4697 3569 4753 excedere.
3592 4698 3681 4752 Tu

2044 4793 2238 4845 autem
2270 4790 2480 4842 cuncta
2508 4785 2627 4840 haec
2655 4787 2850 4839 tecum
2880 4783 3007 4855 ipse
3046 4788 3348 4855 reputans,
3380 4793 3437 4840 et
3466 4785 3686 4840 intente

2044 4874 2395 4950 sapientiam
2414 4871 2534 4942 Dei,
2548 4887 2674 4944 que
2696 4871 2757 4927 in
2774 4870 3050 4929 omnibus
3071 4871 3339 4945 habetur,
3355 4872 3684 4945 inquirens,

2114 5071 2193 5141 (ἀ)
2224 5067 2398 5139 Editi,
2426 5065 2754 5131 multarum,
2781 5062 2952 5121 male.
2985 5063 3139 5121 Libri
3168 5065 3414 5138 antiqui,
3443 5065 3682 5123 mulcta-

2042 5144 2180 5197 tum.

2114 5211 2183 5282 (e)
2206 5208 2382 5282 Editi,
2401 5204 2746 5282 confidentes,
2769 5205 2927 5282 nidi:_
2944 5221 3032 5282 eos
3055 5208 3363 5282 praecipites
3382 5206 3677 5263 exturbant

2039 5276 2447 5353 cepi-offcium.
2479 5276 2884 5353 I_..ibri__yeteree
2913 5277 2995 5353 ita
3021 5276 3089 5332 ut
3115 5276 3427 5334 edidimus.

2133 5346 2181 5423 γ)
2210 5346 2444 5423 Antiqui
2474 5348 2590 5403 duo
2618 5346 2775 5423 libri,
2800 5348 3145 5423 conﬁrmant.

2132 5414 2189 5493 ᾖ)
2218 5414 2381 5493 Colb:
2420 5418 2734 5493 secundus,
2760 5414 2940 5490 jussu
2993 5427 3143 5473 sunt.
3192 5414 3458 5493 Si__leges
3501 5416 3677 5489 jussw

2038 5485 2186 5561 sunt,
2233 5492 2406 5550 velim
2460 5485 2796 5561 subaudias
2825 5503 3023 5561 vocem
3073 5502 3215 5561 aves1
3240 5485 3455 5561 Yocem
3503 5485 3675 5561 supra

2038 5503 2186 5561 sunt,
2233 5503 2406 5550 velim
2460 5503 2780 5547 subaudias
2825 5503 3023 5543 vocem
3073 5503 3213 5543 aves.
3255 5503 3455 5541 vocem
3507 5503 3671 5612 signa

2038 5581 2107 5620 ex
2156 5564 2374 5622 nostris
2422 5559 2719 5618 codicibus
2749 5557 2924 5629 paulo
2973 5562 3105 5629 post
3147 5556 3502 5613 addidimus.
3602 5573 3671 5611 u-

2038 5635 2215 5693 binde
2273 5634 2433 5692 Colb.
2492 5628 2821 5698 secundus,
2878 5628 3125 5687 consulto
3177 5642 3424 5684 sermone
3472 5636 3673 5701 praete-

2036 5708 2135 5762 rit.
