4120 6230
259 348 378 410 965

992 348 1414 412 EUSTATHII
1458 347 1921 408 HEXAEMERI
1969 345 2532 411 METAPHRASIS
2585 351 2820 412 LIBER
2863 353 2960 414 lX.

3563 366 3683 428 966

254 481 455 536 cibum
487 477 744 546 sibimet,
775 481 838 534 ut
880 478 1161 550 diximus,
1211 479 1561 547 admovere;
1609 478 1709 549 qui
1752 477 1909 534 velut
1939 479 1993 546 Α
2021 478 2266 550 piciens,
2291 481 2553 553 seipsum
2577 499 2690 539 non
2723 485 2874 540 valet
2895 486 3106 544 intueri
3134 504 3148 542 :
3173 492 3274 546 sed
3305 493 3479 550 etiam
3512 513 3683 554 mens

254 585 499 642 serpens
546 568 789 640 quidam
839 568 1118 624 sinuosus
1170 572 1228 622 et
1275 566 1564 636 lubricus,
1595 566 1712 623 huc
1742 572 1919 637 atque

253 658 394 714 illuc
427 657 700 713 ﬂectitur.
736 659 818 712 Ita
849 673 1020 712 verus
1053 661 1143 711 est
1171 672 1362 711 sermo
1394 656 1494 728 qui
1535 655 1741 712 asserit
1775 655 1918 712 nihil

255 748 476 814 minus,
513 746 659 801 nihil
691 746 1060 816 superﬂuum
1094 746 1151 799 in
1185 746 1266 817 (a)
1299 760 1492 800 rerum
1526 749 1795 800 creatura
1826 761 1917 799 re-

254 837 453 910 periri.
486 837 646 891 Hanc
677 840 873 890 tamen
915 835 1064 891 752
1106 835 1296 906 ipsam
1348 833 1606 888 belluam
1654 837 1774 889 tam
1828 834 1915 887 in-

250 933 482 1000 gentem
517 927 671 982 Deus
702 927 1029 997 subjectam
1064 926 1233 981 nobis
1265 941 1395 980 esse
1425 925 1736 997 praecepit:
1772 928 1837 979 ut
1861 928 1918 980 et

251 1017 408 1088 quod
443 1017 752 1071 doceretur
782 1014 1093 1087 intelligat,
1116 1020 1173 1070 et
1197 1015 1339 1070 dum
1363 1014 1604 1069 caeditur
1633 1013 1914 1086 patiatur,

252 1106 568 1162 manifeste
598 1104 903 1160 declarans
934 1108 1147 1160 cuncta
1176 1102 1346 1158 nobis
1397 1103 1526 1158 ideo
1559 1103 1740 1158 fuisse
1771 1103 1914 1158 sub-

241 1195 474 1268 jugata,
507 1193 645 1266 quia
675 1210 782 1249 nos
811 1194 881 1248 ad
915 1192 1235 1265 imaginem
1286 1192 1385 1248 Dei
1420 1191 1553 1246 facti
1597 1208 1828 1258 sumus,
1859 1196 1916 1246 et

250 1301 368 1340 non
399 1282 591 1339 solum
624 1283 680 1337 in
715 1281 985 1338 maximis
1011 1281 1365 1337 animalibus
1387 1282 1515 1351 ejus
1538 1279 1913 1336 inaestimabi-

229 1371 365 1447 lem
398 1371 750 1442 sapientiam
783 1386 1106 1440 possumus
1139 1368 1546 1441 contemplari,
1579 1369 1680 1424 sed
1713 1369 1772 1423 in
1805 1368 1915 1422 mi-

250 1459 434 1515 nimis
464 1475 700 1532 quoque
730 1457 996 1514 bestiolis
1027 1458 1230 1514 eadem
1263 1457 1635 1514 considerare
1666 1457 1915 1512 miracu-

251 1550 326 1604 la.
361 1549 526 1604 Sicut
550 1548 707 1604 enim
739 1565 853 1604 non
887 1547 1034 1603 satis
1065 1547 1324 1602 admirer
1352 1563 1704 1618 magnorum
1734 1546 1912 1600 verti-

249 1655 347 1695 ces
379 1638 666 1693 montium
695 1636 856 1709 quia,
887 1653 1020 1692 cum
1063 1635 1314 1708 proximi
1348 1635 1605 1691 nubibus
1656 1635 1912 1690 habean-

249 1735 370 1795 tur,
400 1727 659 1784 assiduis
689 1727 930 1782 ﬂatibus
977 1725 1359 1797 gravissimas
1412 1725 1713 1796 perferunt
1761 1728 1910 1780 tem-

250 1815 632 1912 pestates,vel
663 1833 694 1870 θ
724 1820 928 1871 contra
950 1814 1366 1912 speluncarum
1397 1813 1749 1881 cavationes,
1775 1813 1912 1884 quia
1944 1849 1988 1912 Β

249 1921 366 1961 non
398 1903 591 1959 solum
621 1908 925 1960 ventorum
966 1902 1234 1958 fremitus
1281 1903 1500 1958 evitare
1531 1902 1741 1972 solent,
1776 1902 1905 1974 qui~

247 1995 364 2050 bus
385 1993 568 2048 ardua
591 1993 956 2064 quatiuntur,
975 1993 1075 2048 sed
1101 1993 1459 2063 sempiterna
1474 1992 1650 2047 etiam
1669 1991 1744 2062 (b)
1766 1997 1910 2046 tem-

247 2081 406 2155 perie
435 2081 808 2154 gratulantur
839 2097 850 2136 :
886 2081 972 2137 sic
1002 2085 1058 2136 et
1087 2081 1146 2134 in
1176 2080 1520 2136 animalium
1549 2081 1756 2147 forma,
1791 2096 1905 2135 non

239 2175 467 2228 tantam
519 2171 933 2226 vastitudinem
984 2168 1279 2240 elephanti
1334 2173 1563 2240 stupeo,
1618 2173 1904 2241 quantum

238 2276 494 2328 murem,
510 2259 609 2330 qui
630 2259 1045 2314 formidolosus
1065 2258 1375 2329 elephanto
1397 2258 1598 2326 est,vel
1633 2257 1904 2313 aculeum

240 2348 738 2405 substilissimum
786 2347 1021 2418 scorpii,
1081 2364 1255 2418 quem
1306 2351 1583 2417 tanquam
1644 2345 1904 2400 fistulam

239 2437 559 2511 quamdam
592 2437 880 2508 sapientia
914 2436 1229 2508 perforavit
1257 2435 1520 2501 artiﬁcis,
1547 2439 1613 2490 ut
1643 2451 1746 2506 per
1773 2451 1904 2490 eam

235 2526 400 2582 virus
432 2544 466 2582 a
493 2542 558 2582 se
585 2525 906 2581 vulneratis
938 2525 1230 2596 injiceret.
1283 2526 1392 2581 Sed
1425 2523 1627 2579 nullus
1674 2525 1746 2579 ob
1799 2524 1904 2579 hoc

239 2615 630 2687 reprehendat
657 2614 1027 2672 Conditorem
1057 2631 1070 2670 :
1095 2614 1249 2685 quod
1275 2614 1406 2669 vitae
1438 2618 1650 2669 nostra:
1683 2613 1904 2668 bestias

236 2719 562 2760 venenosae
593 2703 879 2758 adhibuit.
914 2707 1000 2758 Ita
1030 2703 1096 2773 (ε)
1127 2702 1282 2757 enim
1315 2703 1450 2773 quis
1481 2705 1539 2757 et
1588 2706 1901 2772 praecepto-

239 2809 361 2850 rem
395 2791 761 2849 insimulabit
791 2792 1102 2862 infantum,
1136 2791 1236 2864 qui
1269 2791 1461 2848 officia
1491 2807 1590 2847 eos
1639 2791 1900 2863 discipli-

241 2899 327 2936 naa
358 2882 653 2937 custodire
681 2880 1060 2953 compellens,
1111 2879 1382 2936 lascivias
1413 2885 1470 2935 et
1500 2880 1903 2951 protervitates

240 2969 477 3026 illorum
511 2969 687 3026 minis
717 2970 1174 3041 verberibusque
1206 2969 1473 3041 castigat.

307 3060 362 3113 6.
397 3059 548 3124 Quin
579 3057 772 3130 potius
804 3058 1232 3114 confessionem
1266 3057 1399 3112 fidei
1432 3056 1600 3112 nobis
1624 3056 1902 3129 intelligi-

244 3164 380 3203 mus
412 3163 504 3204 res
534 3148 738 3203 noxias
769 3147 1051 3203 indicare.
1079 3147 1138 3202 Si
1171 3146 1324 3201 enim
1357 3146 1606 3202 confidis
1628 3145 1686 3202 in
1710 3146 1904 3201 Domi-

239 3254 407 3303 num,
439 3253 605 3308 super
635 3237 879 3307 aspidem
909 3244 960 3290 et
992 3236 1291 3291 basilicum
1332 3234 1662 3302 ambulabis,
1705 3244 1758 3292 et
1786 3252 1906 3292 con.

236 3326 482 3382 calcabis
515 3326 721 3381 leonem
750 3333 803 3380 et
832 3325 1122 3380 draconem
1146 3325 1321 3396 (Psal.
1374 3340 1464 3391 xc,
1501 3326 1605 3393 13).
1642 3325 1906 3380 Remini-

237 3431 403 3471 scere
435 3431 688 3487 namque
718 3415 1011 3485 quomodo
1043 3412 1257 3468 Paulus
1289 3429 1424 3468 cum
1472 3412 1635 3485 ligna
1665 3413 1904 3485 collige-

240 3511 330 3561 ret
361 3523 560 3561 morsu
592 3505 800 3576 viperae
829 3505 1148 3570 sauciatus,
1175 3504 1321 3558 nihil
1353 3504 1607 3559 laasionis
1641 3505 1901 3576 accepit:

241 3596 315 3652 ob
347 3595 456 3650 hoc
486 3593 726 3661 scilicet,
760 3595 914 3665 quod
953 3592 1084 3648 fidei
1121 3592 1327 3664 plenus
1358 3593 1444 3647 vir
1468 3592 1566 3648 ille
1597 3593 1903 3648 sanctissi-

243 3701 378 3740 mus
408 3683 486 3754 (d)
518 3683 858 3739 habebatur.
894 3683 996 3737 Sin
1040 3686 1233 3735 autem
1267 3682 1446 3736 fueris
1477 3681 1752 3747 infidelis,
1786 3698 1901 3736 non

239 3777 363 3830 tam
393 3777 724 3844 serpentem
759 3776 1018 3826 metuere
1052 3769 1313 3836 debebis,
1347 3769 1448 3824 sed
1497 3769 1901 3824 inﬁdelitatem

241 3862 564 3935 propriam,
591 3877 694 3932 per
717 3876 893 3932 quam
917 3863 978 3914 tu
1004 3863 1059 3914 te
1084 3859 1208 3929 ipse
1238 3858 1550 3930 perditioni
1583 3859 1899 3914 obnoxium

246 3949 564 4024 perfecisti.
599 3951 671 4022 (e)
703 3941 808 4004 Sed
833 3950 957 4020 jam
991 3946 1178 4003 sentio
1213 3963 1303 4002 me
1334 3948 1605 4002 humana:
1637 3946 1899 4003 nativita-

238 4041 321 4097 tis
346 4040 542 4095 debito
576 4038 846 4110 ﬂagitari,
874 4042 932 4093 et
962 4037 1294 4092 auditorum
1322 4052 1489 4091 voces
1521 4035 1580 4090 in
1627 4036 1901 4093 cordibus

239 4128 416 4184 audio
449 4127 852 4196 mussitantes,
896 4141 962 4182 eo
995 4125 1149 4197 quod
1183 4129 1382 4180 nostra
1432 4124 1666 4194 quidem
1700 4125 1901 4196 qualia

237 4217 362 4273 sint
392 4215 728 4286 doceamus,
762 4220 994 4271 nosmet
1020 4230 1153 4269 vero
1201 4213 1363 4284 ipsos
1393 4213 1753 4284 ignoremus.
1787 4213 1896 4268 Ne-

237 4306 562 4360 cessarium
612 4307 700 4358 est
749 4318 907 4373 ergo,
941 4303 1156 4357 nubem
1210 4300 1370 4354 illam
1420 4317 1547 4370 quae
1592 4300 1898 4356 hominum

236 4409 452 4448 sensus
479 4391 694 4463 caligat
713 4391 936 4461 eripere
963 4409 975 4446 :
1001 4406 1134 4444 nam
1166 4405 1364 4444 revera
1393 4389 1656 4443 omnium
1691 4405 1896 4444 causa-

237 4499 369 4538 rum
403 4479 822 4535 diflicillimum
876 4484 966 4535 est
1012 4496 1075 4534 se
1123 4479 1318 4550 ipsum
1367 4493 1736 4549 cognoscere.
1771 4478 1895 4533 Non
1941 4529 1946 4534 .

2029 566 2158 638 ipsa
2188 569 2332 623 satis
2365 576 2533 626 acute
2563 571 2754 628 aliena
2774 574 2987 630 delicta
3015 581 3439 651 contemplans,
3462 587 3685 642 tardior

2027 660 2116 710 est
2147 671 2286 728 erga
2315 674 2556 714 suorum
2588 663 2979 733 cognitionem
3005 665 3475 735 vitiorum,unde
3504 674 3680 731 etiam

2028 760 2184 800 nunc
2213 762 2446 817 quoque
2479 748 2752 805 velociter
2783 751 2986 807 alienis
3012 755 3240 811 actibus
3270 759 3338 829 (l)
3369 776 3560 818 sermo
3591 765 3688 820 de-

2026 833 2236 899 cursis,
2269 837 2537 891 obtusior
2566 837 2813 894 habetur
2841 845 2898 895 et
2936 841 3158 914 pigrior
3186 847 3256 899 ad
3288 850 3686 910 exuminanda

2027 939 2152 992 quae
2183 930 2357 982 sunt:
2381 931 2437 982 et
2468 945 2580 983 non
2613 934 2731 984 tam
2765 947 2833 986 ex
2855 932 3281 992 elementorum
3305 944 3682 1012 compositio-

2025 1029 2097 1067 ne
2130 1020 2401 1086 reputare
2433 1034 2752 1088 possumus
2782 1020 3175 1095 Conditorem,
3208 1043 3384 1098 quam
3417 1031 3592 1088 etiam
3618 1050 3684 1090 ex

2024 1107 2224 1194 nostra
2252 1103 2514 1175 ipsorum
2549 1107 2943 1167 formatione:
2978 1113 3025 1167 si
3077 1118 3270 1172 tamen
3323 1135 3384 1173 se
3434 1121 3685 1194 quisque

2022 1189 2158 1245 velit
2187 1194 2504 1263 prudenter
2533 1197 2840 1268 inspicere,
2871 1200 3026 1256 sicut
3055 1204 3196 1259 dicit
3225 1189 3509 1278 propheta
3541 1229 3553 1267 :
3585 1189 3684 1267 bli-

2022 1280 2251 1348 ri/icata
2269 1291 2348 1337 est
2367 1286 2514 1339 notio
2538 1289 2632 1340 tua
2662 1302 2732 1342 ea:
2759 1305 2846 1343 me
2870 1291 3040 1358 (Psal.
3073 1309 3343 1364 cxxxvm,
3364 1297 3421 1368 6)
3448 1317 3462 1366 ;
3495 1299 3551 1355 id
3577 1307 3664 1357 est

2023 1369 2163 1459 dum
2196 1387 2288 1426 me
2319 1371 2514 1442 ipsum
2545 1374 2798 1446 intueor,
2849 1379 3161 1437 ineﬂ‘abilis
3218 1359 3340 1438 tute
3379 1359 3688 1459 sapientia;

2023 1456 2186 1512 disco
2215 1459 2512 1515 virtutem.
2532 1463 2595 1517 Et
2615 1463 2759 1519 dixit
2783 1468 2944 1533 Deus,
2968 1468 3243 1540 faciamus
3267 1456 3685 1534 hominemUbi

2023 1551 2164 1600 sunt
2190 1565 2350 1639 nunc
2379 1549 2587 1618 Judaei,
2622 1553 2717 1622 qui
2754 1555 2824 1624 (g)
2875 1555 2934 1610 in
2977 1561 3364 1630 sequentibus
3390 1564 3548 1622 velut
3578 1583 3682 1639 per

2022 1636 2309 1705 quaedam
2341 1654 2618 1695 cavernas
2651 1641 2892 1698 Deitatis
2925 1643 3052 1700 luce
3083 1647 3361 1720 fulgente,
3393 1636 3684 1711 secunda-

2023 1738 2134 1793 que
2167 1741 2410 1794 persona
2441 1743 2568 1798 quaa
2602 1729 2839 1798 mystice
2886 1733 3122 1802 quidem
3155 1737 3507 1807 declaratur,
3541 1759 3687 1800 nec-

2022 1812 2160 1866 dum
2195 1820 2385 1869 lamen
2411 1815 2720 1872 manifeste
2752 1820 3131 1890 conspicitur,
3159 1829 3569 1898 repugnabant
3589 1830 3688 1885 di-

2018 1905 2217 1992 centes
2266 1901 2498 1992 sibimet
2549 1904 2745 1974 ipsum
2799 1905 2958 1978 loqui
2994 1910 3201 1977 Deum,
3235 1916 3512 1984 quoniam
3553 1919 3684 1992 ipse

2017 1989 2165 2043 dixit
2193 1994 2249 2045 et
2279 1991 2403 2062 ipse
2436 1992 2589 2063 fecit,
2621 1995 2750 2050 Fiat
2779 1996 2899 2067 lux,
2932 2002 2986 2051 et
3013 2001 3165 2068 facta
3195 2007 3274 2057 est
3306 2005 3406 2060 tua:
3429 2010 3455 2060 .9
3501 1989 3690 2067 Erant

2016 2077 2254 2149 quidem
2304 2079 2362 2134 in
2403 2089 2699 2154 promptu,
2731 2089 2789 2139 et
2822 2102 2976 2141 nunc
3006 2104 3130 2158 quae
3163 2093 3335 2149 modo
3367 2096 3675 2165 proferun-

2015 2172 2113 2221 tur
2142 2169 2213 2223 ab
2242 2169 2328 2224 eis
2358 2169 2613 2242 ineptia).
2649 2174 2789 2238 Quis
2819 2176 2976 2230 enim
3029 2177 3188 2233 faber
3232 2181 3530 2253 ferrarius,
3574 2193 3678 2244 aut

2015 2259 2440 2329 carpentarius,
2472 2266 2576 2315 aut
2613 2263 2904 2318 coriorum
2949 2267 3243 2322 confector
3285 2271 3448 2328 solus
3479 2273 3536 2329 in
3569 2292 3677 2333 suo

2015 2345 2342 2401 consistens
2399 2348 2714 2420 ergastulo,
2765 2351 2858 2406 cui
2907 2353 2983 2424 (h)
3044 2354 3241 2411 nullus
3297 2361 3440 2416 artis
3479 2365 3675 2423 socius

2016 2440 2225 2503 praesto
2257 2439 2366 2504 est,
2403 2436 2645 2492 sibimet
2688 2440 2810 2509 ipse
2853 2442 3014 2509 dicit,
3059 2443 3342 2503 faciamus
3395 2450 3685 2520 gladium,

2013 2523 2101 2579 vel
2132 2527 2359 2579 aratum
2387 2529 2892 2600 compaginemus,
2916 2537 3017 2586 aut
3041 2533 3362 2592 formemus
3386 2539 3679 2611 calceum;
3787 2587 3794 2594 .

2013 2615 2072 2667 et
2101 2628 2216 2666 non
2241 2613 2426 2683 magis
2455 2615 2671 2671 tacitus
2705 2619 2957 2689 speciem
2990 2637 3166 2692 quam
3200 2631 3394 2682 mente
3425 2629 3684 2687 destina-

2012 2699 2096 2755 vit
2124 2700 2427 2772 inceptat?
2456 2704 2681 2759 Etenim
2714 2723 2861 2762 vana
2886 2711 3202 2779 garrulitas
3233 2719 3342 2784 est,
3367 2715 3677 2776 hominum

2014 2790 2376 2861 quempiam,
2407 2791 2564 2848 velut
2597 2794 2862 2863 judicem
2909 2803 3012 2852 aut
3061 2815 3361 2858 censorem
3413 2806 3678 2865 districts

2013 2878 2251 2970 sibimet
2297 2879 2518 2970 aliquid
2564 2881 2871 2954 imperare.
2924 2889 3272 2960 Quanquam
3334 2893 3394 2948 hi
3445 2911 3674 2970 quoque

2013 2969 2110 3038 qui
2146 2967 2457 3024 Dominum
2491 2973 2927 3040 cruciﬂxerunt,
2961 2977 3100 3046 quid
3135 2995 3248 3034 non
3277 2982 3491 3038 dicturi
3535 2967 3677 3055 sint,

2013 3057 2379 3114 exercitatius
2407 3059 2477 3114 ad
2513 3061 2884 3117 mendacium
2934 3063 3166 3137 linguas
3206 3068 3510 3143 habentes,
3544 3075 3679 3133 licet

2021 3161 2278 3215 praesens
2303 3163 2408 3202 vox
2439 3165 2640 3204 eorum
2675 3150 2907 3221 penitus
2939 3169 3038 3208 ora
3069 3157 3430 3226 przccluserit
3458 3163 3477 3216 Β
3509 3165 3568 3218 Et
3598 3166 3678 3221 di-

2015 3236 2098 3288 xit
2131 3235 2289 3302 Deus,
2320 3239 2613 3294 Faciamus
2643 3239 2943 3296 hominem.
2983 3247 3169 3300 Donec
3200 3246 3382 3318 igitur
3424 3251 3667 3310 minime

2017 3323 2117 3394 qui
2165 3325 2470 3380 doceretur
2515 3328 2807 3393 existeret,
2857 3329 2916 3384 in
2967 3334 3259 3402 profundo
3311 3338 3422 3394 fuit
3476 3340 3678 3400 abdita

2015 3412 2628 3502 praedicatioDeitatis.
2676 3416 2780 3471 Ubi
2826 3434 2958 3474 vero
2985 3422 3158 3493 coepit
3187 3423 3442 3482 hominis
3469 3445 3671 3502 exspe-

2015 3502 2158 3591 ctari
2191 3501 2427 3591 creatio,
2460 3503 2710 3559 revelata
2740 3510 2846 3571 est,
2882 3505 3111 3574 fides,et
3129 3511 3423 3570 evidenter
3454 3501 3672 3591 dogma

2013 3590 2275 3646 veritatis
2301 3591 2561 3647 emicuit.
2595 3594 2894 3658 Ausculta,
2918 3597 3116 3654 Judaie
3143 3600 3356 3658 Christi
3390 3590 3674 3680 repugna-

2013 3681 2124 3744 tor,
2141 3680 2434 3770 quomodo
2458 3681 2678 3770 socium
2704 3685 3206 3743 mundificationis
3229 3689 3682 3770 alloquitur,per

2015 3783 2188 3837 quem
2222 3767 2434 3822 8&30Ul8
2460 3769 2613 3839 fecit,
2645 3770 2743 3841 qui
2779 3772 2898 3843 agit
2938 3772 3147 3830 omnia’
3179 3779 3353 3835 verbo
3406 3767 3677 3853 potentia

2015 3871 2132 3910 suae
2169 3872 2181 3910 :
2217 3856 2317 3911 sed
2350 3862 2488 3911 tuus
2519 3857 2753 3914 animus
2785 3862 2962 3916 verba
2993 3879 3105 3918 non
3159 3867 3364 3938 recipit
3415 3873 3674 3941 pietatis.

2011 3943 2173 3998 Sicut
2205 3943 2362 3999 enim
2397 3945 2529 4000 ferae
2560 3962 2694 4001 cum
2726 3947 3109 4006 includuntur
3139 3952 3195 4007 in
3230 3957 3440 4026 caveis,
3474 3962 3677 4020 vulvas

2010 4049 2213 4088 earum
2247 4033 2524 4090 dentibus
2553 4036 2861 4107 excedunt,
2886 4039 3346 4099 amaritudinem
3380 4051 3675 4120 pr0priam

2012 4121 2502 4188 demonstrantes,
2525 4123 2778 4178 furorem
2816 4129 3012 4182 tamen
3047 4145 3220 4185 suum
3264 4142 3564 4205 nequeunt
3582 4157 3678 4196 ex-

2012 4211 2170 4283 plere
2201 4227 2214 4265 :
2249 4211 2334 4266 sic
2363 4211 2601 4285 Judaeus
2652 4213 3018 4271 adversarius
3068 4219 3356 4292 veritatis,
3392 4223 3682 4298 alligatio-

2010 4317 2154 4354 num
2185 4305 2512 4356 coarctatus
2534 4302 2846 4374 angustiis,
2882 4305 3068 4361 multa
3089 4311 3301 4366 asserit
3332 4329 3459 4368 esse
3481 4331 3677 4385 perso-

2011 4404 2115 4442 nas
2137 4406 2150 4444 :
2175 4389 2246 4443 ad
2280 4405 2427 4459 quas
2447 4389 2703 4444 Verbum
2737 4391 2836 4446 Dei
2869 4394 3227 4464 processisse
3260 4399 3677 4461 mentitur.Fe-

2011 4482 2147 4532 runt
2177 4478 2516 4550 enim,quod
2545 4479 2771 4550 angelis
2793 4481 3037 4539 dixerit:
3062 4486 3356 4543 Faciamus
3378 4491 3676 4562 hominem,

233 4570 393 4628 enim
427 4569 588 4625 solus
618 4567 822 4624 oculus
845 4585 912 4623 ea
933 4585 1058 4639 quae
1080 4567 1444 4622 extrinsecus
1466 4566 1758 4621 habentur
1779 4567 1897 4620 ins-
1929 4567 1976 4630 D
2006 4565 2254 4620 Judaica
2283 4583 2413 4621 vere
2437 4567 2613 4634 fictio,
2640 4585 2879 4641 suaeque
2908 4571 3088 4644 digna
3110 4576 3363 4645 perfidiae
3397 4579 3676 4639 fabulosi-

306 4685 386 4756 (a)
418 4684 579 4739 Idem
607 4685 810 4756 codex,
830 4685 903 4756 in
933 4700 1125 4738 rerum
1154 4691 1398 4756 natura:
1420 4683 1517 4756 sed
1548 4685 1746 4756 tamen
1779 4689 1900 4756 vul-

234 4753 659 4884 gﬁlectgign
692 4771 793 4881 o‘ra
826 4755 957 4810 libri
991 4755 1387 4811 notatur.Mox
1418 4753 1513 4808 ille
1543 4753 1669 4824 ipse
1698 4755 1896 4824 codex,

235 4847 256 4884 ι
413 4843 519 4884 auo
625 4843 716 4882 oce
745 4843 837 4881 ur.

235 4843 385 4884 1m
413 4843 557 4884 auoa
582 4843 837 4883 αοοεηιν.

336 4845 385 4882 m
413 4845 557 4898 quoa
582 4845 837 4883 aocetur.

336 4900 387 4970 b)
419 4899 872 4970 Εάἱιὶιιετπρονα
890 4896 1039 4952 Libri
1069 4900 1309 4970 veteres,
1343 4895 1618 4966 temperie.

336 4903 387 4970 b)
419 4903 588 4964 Editi,
623 4903 859 4968 tempore
890 4903 1039 4952 Libri
1069 4903 1309 4959 veteres,
1343 4903 1618 4966 temperie.

309 4903 380 5042 lc)
415 4969 571 5042 Libri
601 4968 899 5041 impressi,
939 4971 1024 5042 it_a_
1049 4968 1198 5023 enim
1237 4971 1298 5020 ει·
1331 4982 1454 5037 quis
1500 4975 1897 5042 praeceptgrem

236 5038 600 5098 insimulabit
631 5038 922 5112 infantem.
976 5039 1157 5112 Vetus
1206 5043 1405 5112 noster
1444 5038 1619 5112 cgdex
1651 5038 1894 5112 et_Colb.

237 5113 468 5186 primus
498 5117 563 5168 ut
595 5113 653 5167 in
685 5108 1204 5186 contextu.Statim
1236 5108 1373 5164 editi
1395 5114 1451 5164 et
1467 5109 1626 5186 Colb.
1649 5109 1896 5186 primus,

229 5181 285 5241 et
313 5187 606 5239 vanitates.
641 5183 750 5238 Alii
781 5184 896 5237 duo
937 5199 1101 5252 mss.,
1145 5183 1197 5236 et
1244 5183 1645 5253 proleruitates.
1681 5181 1894 5253 Graece,

228 5256 293 5310 τὸ
325 5253 651 5308 ἀκόλαστον.
687 5253 906 5309 Ibidem
933 5271 1074 5308 mss.
1111 5252 1252 5319 duo,
1283 5253 1684 5322 intelligamus.
1721 5252 1894 5308 Paulo

233 5333 366 5401 post
397 5328 564 5401 Colb.,
590 5326 905 5401 secundus,
938 5325 1252 5401 conﬁdisin
1286 5325 1474 5401 Deum.

328 5399 381 5467 ά)
415 5399 590 5465 Editi,
631 5399 916 5453 habeatur.
949 5395 1190 5467 Antiqui
1223 5396 1336 5450 duo
1379 5395 1534 5460 libri,
1567 5393 1890 5467 habebatur.

328 5400 359 5452 d
415 5400 590 5465 Editi,
631 5400 916 5453 habeatur.
949 5400 1190 5467 Antiqui
1223 5400 1336 5450 duo
1379 5400 1534 5460 libri,
1567 5400 1890 5448 habebatur.

302 5400 381 5540 ἕεέ
410 5471 560 5524 Editi
584 5468 1295 5540 etColb.primus,sedjam
1316 5482 1622 5540 sermonem
1636 5465 1894 5522 humana?

231 5539 563 5607 nativitatis,
627 5547 736 5596 etc.
795 5540 904 5594 Alii
939 5541 1054 5594 duo
1113 5555 1289 5608 mss.,
1329 5539 1419 5593 sed
1462 5540 1580 5608 jam
1609 5540 1784 5592 sentio
1812 5554 1897 5592 me

224 5611 630 5684 humanae,etc.
649 5613 1050 5684 ,quodverum
1068 5626 1195 5684 esse
1227 5616 1281 5684 et
1307 5625 1652 5684 germanum
1689 5610 1894 5680 probat

227 5682 595 5740 Basilianum
629 5679 798 5750 illud,
826 5679 971 5736 ἀλλὰ
997 5682 1096 5754 γὰρ
1129 5679 1474 5750 αὶσθάνὸμαι.
1504 5679 1708 5735 Statim
1745 5697 1890 5737 mss.

2008 4680 2146 4755 duo,
2180 4683 2370 4755 nostra
2397 4683 2648 4755 quidem.
2684 4683 2806 4738 Vox
2840 4685 3049 4742 ultima
3080 4689 3136 4742 in
3171 4692 3345 4748 editis
3376 4695 3676 4755 desidera-

2013 4753 2208 4806 batur.
2243 4753 2359 4807 Nec
2391 4754 2471 4808 ita
2504 4753 2689 4810 multo
2724 4761 2857 4827 post
2886 4758 3021 4814 Colb
3077 4765 3392 4832 secundus,
3428 4753 3676 4827 hominis

2005 4840 2213 4879 sensus.

2079 4899 2146 4966 (Ι)
2174 4895 2412 4970 Antiqui
2445 4895 2564 4970 duo
2591 4895 2724 4970 libri
2757 4899 3004 4970 etpediti,
3035 4900 3310 4960 decursus.
3346 4908 3536 4966 Codex
3569 4931 3671 4970 no-

2010 4972 2147 5048 ster,
2183 4967 2449 5048 decursis.
2484 4967 2704 5048 ibidem
2738 4968 2878 5048 editi
2911 4975 2968 5025 et
2999 4973 3154 5048 Colb.
3183 4967 3675 5048 primus,habetur

2005 5046 2058 5093 et
2081 5039 2363 5113 pinguior.
2398 5037 2586 5105 Colb.,
2611 5039 2841 5113 habetur
2873 5057 2979 5096 non
3010 5037 3227 5113 purior.
3264 5037 3441 5108 Vetus
3475 5037 3674 5111 noster

2005 5109 2547 5190 codex,_hab‘etur-el
2577 5112 2808 5190 pigrior.
2823 5130 2858 5190 ε.
2875 5118 2931 5167 et
2963 5109 3043 5190 ita
3074 5114 3184 5190 legi
3221 5129 3487 5190 oportere
3524 5109 3669 5183 satis

2006 5180 2265 5261 ostendit
2295 5181 2436 5261 illud
2473 5181 2809 5261 Busilii,_ual
2845 5180 2990 5236 ῗκνοῦ
3030 5180 3274 5261 «Arione:

2041 5256 2151 5333 .(g)
2186 5252 2330 5333 Illlud
2367 5256 2427 5333 in
2456 5254 2806 5333 sequentibus
2848 5252 3166 5333 respondet
3199 5252 3292 5316 his
3322 5263 3538 5321 Graecis
3567 5283 3667 5322 vo-

2004 5322 2193 5406 cinus,
2223 5322 2715 5406 Evlto‘iq‘xatdﬁtv;
2768 5327 2884 5406 sed
2923 5322 3118 5406 potius
3165 5337 3507 5391 vertendum
3541 5346 3668 5395 erat

2003 5396 2063 5448 in
2088 5395 2535 5466 przecedentibus.
2577 5397 2704 5452 Mox
2745 5395 3185 5462 editi,'necdum
3235 5409 3370 5460 tum.
3424 5409 3663 5466 Antiaui

2005 5468 2119 5520 duo
2152 5466 2306 5532 libri,
2339 5467 2566 5521 necdum
2606 5477 2810 5523 tamen.
2846 5472 2961 5524 Nec
2995 5471 3075 5526 ita
3107 5476 3290 5531 multo
3323 5477 3474 5535 infra
3501 5466 3662 5538 Colb.

2001 5539 2333 5612 secundus,
2353 5538 2409 5592 in
2436 5547 2727 5612 promptu,
2751 5543 2800 5594 el
2831 5547 2958 5596 tunc
2989 5559 3133 5612 quae.

2073 5609 2152 5682 (7h)
2185 5609 2335 5682 Editi
2367 5615 2422 5663 et
2452 5610 2611 5666 Colb.
2646 5611 2896 5682 primus,
2933 5609 3163 5668 nullius.
3201 5616 3308 5670 Alii
3340 5619 3455 5675 duo
3491 5640 3632 5680 mss.

1998 5670 2205 5735 "una"
2242 5681 2355 5735 Hoc
2386 5681 2511 5750 ίρευ
2543 5683 2598 5735 in
2634 5670 2758 5738 loco
2789 5670 2903 5738 duo
2935 5700 3100 5752 mss.,
3130 5670 3660 5762 sibimetipsimw"
