  <div class='ocr_page' id='page_1' title='image "/cluster/home/n/w/nwhite01/storage/ocr_20150623/30/hvd.32044073501827/491.png"; bbox 0 0 4128 6216; ppageno 0'>
   <div class='ocr_carea' id='block_1_1' title="bbox 469 338 605 399">
    <p class='ocr_par' dir='ltr' id='par_1_1' title="bbox 469 338 605 399">
     <span class='ocr_line' id='line_1_1' title="bbox 469 338 605 399; baseline -0.022 0"><span class='ocrx_word' id='word_1_1' title='bbox 469 338 605 399; x_wconf 85' lang='lat'><strong>967</strong></span> 
     </span>
    </p>
   </div>
   <div class='ocr_carea' id='block_1_2' title="bbox 1433 326 2956 392">
    <p class='ocr_par' dir='ltr' id='par_1_2' title="bbox 1433 326 2956 392">
     <span class='ocr_line' id='line_1_2' title="bbox 1433 326 2956 392; baseline -0.004 -1"><span class='ocrx_word' id='word_1_2' title='bbox 1433 329 1820 392; x_wconf 84' lang='lat' dir='ltr'><strong>APPENDIX</strong></span> <span class='ocrx_word' id='word_1_3' title='bbox 1867 326 2194 389; x_wconf 76' lang='lat' dir='ltr'><strong>OPERUM</strong></span> <span class='ocrx_word' id='word_1_4' title='bbox 2238 328 2304 388; x_wconf 91' lang='lat' dir='ltr'><strong>S.</strong></span> <span class='ocrx_word' id='word_1_5' title='bbox 2348 327 2638 389; x_wconf 82' lang='lat' dir='ltr'><strong>BASILII</strong></span> <span class='ocrx_word' id='word_1_6' title='bbox 2684 328 2956 389; x_wconf 79' lang='lat' dir='ltr'><strong>MAGNI.</strong></span> 
     </span>
    </p>
   </div>
   <div class='ocr_carea' id='block_1_3' title="bbox 3787 328 3899 386">
    <p class='ocr_par' dir='ltr' id='par_1_3' title="bbox 3787 328 3899 386">
     <span class='ocr_line' id='line_1_3' title="bbox 3787 328 3899 386; baseline 0 0"><span class='ocrx_word' id='word_1_7' title='bbox 3787 328 3899 386; x_wconf 84' lang='lat'><strong>968</strong></span> 
     </span>
    </p>
   </div>
   <div class='ocr_carea' id='block_1_4' title="bbox 463 456 3901 536">
    <p class='ocr_par' dir='ltr' id='par_1_4' title="bbox 463 456 3901 536">
     <span class='ocr_line' id='line_1_4' title="bbox 463 456 3901 536; baseline -0.004 -7"><span class='ocrx_word' id='word_1_8' title='bbox 463 470 602 531; x_wconf 88' lang='lat' dir='ltr'><strong>tas!</strong></span> <span class='ocrx_word' id='word_1_9' title='bbox 633 469 706 525; x_wconf 90' lang='lat' dir='ltr'><strong>Ut</strong></span> <span class='ocrx_word' id='word_1_10' title='bbox 738 484 918 523; x_wconf 89' lang='lat' dir='ltr'><strong>unum</strong></span> <span class='ocrx_word' id='word_1_11' title='bbox 953 483 1069 522; x_wconf 91' lang='lat' dir='ltr'><strong>non</strong></span> <span class='ocrx_word' id='word_1_12' title='bbox 1102 463 1404 536; x_wconf 84' lang='lat' dir='ltr'><strong>recipiant,</strong></span> <span class='ocrx_word' id='word_1_13' title='bbox 1431 461 1717 534; x_wconf 90' lang='lat' dir='ltr'><strong>plurimos</strong></span> <span class='ocrx_word' id='word_1_14' title='bbox 1750 460 2122 527; x_wconf 84' lang='lat' dir='ltr'><strong>conﬁtentur,</strong></span> <span class='ocrx_word' id='word_1_15' title='bbox 2155 460 2205 527; x_wconf 83' lang='grc' dir='ltr'>Α</span> <span class='ocrx_word' id='word_1_16' title='bbox 2238 474 2624 529; x_wconf 90' lang='lat' dir='ltr'><strong>personarum</strong></span> <span class='ocrx_word' id='word_1_17' title='bbox 2674 458 3056 514; x_wconf 83' lang='lat' dir='ltr'><strong>multitudine</strong></span> <span class='ocrx_word' id='word_1_18' title='bbox 3097 458 3448 515; x_wconf 88' lang='lat' dir='ltr'><strong>declinares.</strong></span> <span class='ocrx_word' id='word_1_19' title='bbox 3499 456 3577 512; x_wconf 77' lang='lat' dir='ltr'><strong>Ad</strong></span> <span class='ocrx_word' id='word_1_20' title='bbox 3609 458 3901 531; x_wconf 76' lang='lat' dir='ltr'><strong>imaginem</strong></span> 
     </span>
    </p>
   </div>
   <div class='ocr_carea' id='block_1_5' title="bbox 469 548 2128 630">
    <p class='ocr_par' dir='ltr' id='par_1_5' title="bbox 469 548 2128 630">
     <span class='ocr_line' id='line_1_5' title="bbox 469 548 2128 630; baseline -0.007 -15"><span class='ocrx_word' id='word_1_21' title='bbox 469 561 774 630; x_wconf 83' lang='lat' dir='ltr'><strong>ﬁliumque</strong></span> <span class='ocrx_word' id='word_1_22' title='bbox 826 556 1063 612; x_wconf 79' lang='lat' dir='ltr'><strong>famulis</strong></span> <span class='ocrx_word' id='word_1_23' title='bbox 1112 571 1215 625; x_wconf 88' lang='lat' dir='ltr'><strong>per</strong></span> <span class='ocrx_word' id='word_1_24' title='bbox 1262 552 1771 624; x_wconf 78' lang='lat' dir='ltr'><strong>participationem</strong></span> <span class='ocrx_word' id='word_1_25' title='bbox 1817 548 2128 621; x_wconf 77' lang='lat' dir='ltr'><strong>dignitatis</strong></span> 
     </span>
    </p>
   </div>
   <div class='ocr_carea' id='block_1_6' title="bbox 469 638 2129 717">
    <p class='ocr_par' dir='ltr' id='par_1_6' title="bbox 469 638 2129 717">
     <span class='ocr_line' id='line_1_6' title="bbox 469 638 2129 717; baseline -0.008 -12"><span class='ocrx_word' id='word_1_26' title='bbox 469 649 788 716; x_wconf 72' lang='lat' dir='ltr'><strong>asciscant,</strong></span> <span class='ocrx_word' id='word_1_27' title='bbox 810 651 866 702; x_wconf 88' lang='lat' dir='ltr'><strong>et</strong></span> <span class='ocrx_word' id='word_1_28' title='bbox 886 643 1333 717; x_wconf 89' lang='lat' dir='ltr'><strong>(a)conlibertos</strong></span> <span class='ocrx_word' id='word_1_29' title='bbox 1366 645 1597 697; x_wconf 89' lang='lat' dir='ltr'><strong>nostros</strong></span> <span class='ocrx_word' id='word_1_30' title='bbox 1628 643 1892 695; x_wconf 81' lang='lat' dir='ltr'><strong>auctores</strong></span> <span class='ocrx_word' id='word_1_31' title='bbox 1924 638 2129 693; x_wconf 86' lang='lat' dir='ltr'><strong>buma-</strong></span> 
     </span>
    </p>
   </div>
   <div class='ocr_carea' id='block_1_7' title="bbox 471 728 2129 800">
    <p class='ocr_par' dir='ltr' id='par_1_7' title="bbox 471 728 2129 800">
     <span class='ocr_line' id='line_1_7' title="bbox 471 728 2129 800; baseline -0.007 -5"><span class='ocrx_word' id='word_1_32' title='bbox 471 757 555 794; x_wconf 69' lang='lat' dir='ltr'><strong>nae</strong></span> <span class='ocrx_word' id='word_1_33' title='bbox 591 738 741 794; x_wconf 74' lang='lat'><strong>153</strong></span> <span class='ocrx_word' id='word_1_34' title='bbox 774 732 1143 790; x_wconf 89' lang='lat' dir='ltr'><strong>formationis</strong></span> <span class='ocrx_word' id='word_1_35' title='bbox 1174 731 1458 797; x_wconf 81' lang='lat' dir='ltr'><strong>efficiunt,</strong></span> <span class='ocrx_word' id='word_1_36' title='bbox 1498 728 1878 800; x_wconf 86' lang='lat' dir='ltr'><strong>hominisque</strong></span> <span class='ocrx_word' id='word_1_37' title='bbox 1910 728 2129 799; x_wconf 81' lang='lat' dir='ltr'><strong>perfec-</strong></span> 
     </span>
    </p>
   </div>
   <div class='ocr_carea' id='block_1_8' title="bbox 468 816 2127 892">
    <p class='ocr_par' dir='ltr' id='par_1_8' title="bbox 468 816 2127 892">
     <span class='ocr_line' id='line_1_8' title="bbox 468 816 2127 892; baseline -0.008 -9"><span class='ocrx_word' id='word_1_38' title='bbox 468 833 655 883; x_wconf 85' lang='lat' dir='ltr'><strong>torem</strong></span> <span class='ocrx_word' id='word_1_39' title='bbox 689 824 891 879; x_wconf 89' lang='lat' dir='ltr'><strong>volunt</strong></span> <span class='ocrx_word' id='word_1_40' title='bbox 926 820 1153 892; x_wconf 79' lang='lat' dir='ltr'><strong>angelis</strong></span> <span class='ocrx_word' id='word_1_41' title='bbox 1184 835 1508 891; x_wconf 63' lang='lat' dir='ltr'><strong>coaequare,</strong></span> <span class='ocrx_word' id='word_1_42' title='bbox 1532 835 1666 873; x_wconf 90' lang='lat' dir='ltr'><strong>cum</strong></span> <span class='ocrx_word' id='word_1_43' title='bbox 1699 818 1777 872; x_wconf 91' lang='lat' dir='ltr'><strong>sit</strong></span> <span class='ocrx_word' id='word_1_44' title='bbox 1806 816 2127 873; x_wconf 90' lang='lat' dir='ltr'><strong>absurdum</strong></span> 
     </span>
    </p>
   </div>
   <div class='ocr_carea' id='block_1_9' title="bbox 467 905 2131 988">
    <p class='ocr_par' dir='ltr' id='par_1_9' title="bbox 467 905 2131 988">
     <span class='ocr_line' id='line_1_9' title="bbox 467 905 2131 988; baseline -0.008 -15"><span class='ocrx_word' id='word_1_45' title='bbox 467 924 533 973; x_wconf 91' lang='lat' dir='ltr'><strong>ut</strong></span> <span class='ocrx_word' id='word_1_46' title='bbox 564 915 836 988; x_wconf 57' lang='lat' dir='ltr'><strong>qualibet</strong></span> <span class='ocrx_word' id='word_1_47' title='bbox 867 914 1092 966; x_wconf 81' lang='lat' dir='ltr'><strong>factura</strong></span> <span class='ocrx_word' id='word_1_48' title='bbox 1120 909 1304 980; x_wconf 89' lang='lat' dir='ltr'><strong>possit</strong></span> <span class='ocrx_word' id='word_1_49' title='bbox 1328 907 1572 980; x_wconf 70' lang='lat' dir='ltr'><strong>mqualis</strong></span> <span class='ocrx_word' id='word_1_50' title='bbox 1597 923 1724 962; x_wconf 92' lang='lat' dir='ltr'><strong>esse</strong></span> <span class='ocrx_word' id='word_1_51' title='bbox 1750 905 2131 961; x_wconf 85' lang='lat' dir='ltr'><strong>factori.Con-</strong></span> 
     </span>
    </p>
   </div>
   <div class='ocr_carea' id='block_1_10' title="bbox 467 996 2132 1072">
    <p class='ocr_par' dir='ltr' id='par_1_10' title="bbox 467 996 2132 1072">
     <span class='ocr_line' id='line_1_10' title="bbox 467 996 2132 1072; baseline -0.008 -11"><span class='ocrx_word' id='word_1_52' title='bbox 467 1006 793 1062; x_wconf 88' lang='lat' dir='ltr'><strong>sideremus</strong></span> <span class='ocrx_word' id='word_1_53' title='bbox 826 1014 1058 1072; x_wconf 89' lang='lat' dir='ltr'><strong>quoque</strong></span> <span class='ocrx_word' id='word_1_54' title='bbox 1106 997 1414 1069; x_wconf 87' lang='lat' dir='ltr'><strong>sequentia</strong></span> <span class='ocrx_word' id='word_1_55' title='bbox 1467 1015 1480 1052; x_wconf 86' lang='lat'><strong>:</strong></span> <span class='ocrx_word' id='word_1_56' title='bbox 1533 998 1823 1052; x_wconf 78' lang='lat' dir='ltr'><strong>Faciamus</strong></span> <span class='ocrx_word' id='word_1_57' title='bbox 1854 996 2132 1050; x_wconf 78' lang='lat' dir='ltr'><strong>hominem</strong></span> 
     </span>
    </p>
   </div>
   <div class='ocr_carea' id='block_1_11' title="bbox 468 1082 2132 1162">
    <p class='ocr_par' dir='ltr' id='par_1_11' title="bbox 468 1082 2132 1162">
     <span class='ocr_line' id='line_1_11' title="bbox 468 1082 2132 1162; baseline -0.007 -14"><span class='ocrx_word' id='word_1_58' title='bbox 468 1094 539 1149; x_wconf 87' lang='lat' dir='ltr'><strong>ad</strong></span> <span class='ocrx_word' id='word_1_59' title='bbox 571 1093 869 1162; x_wconf 81' lang='lat' dir='ltr'><strong>imaginem</strong></span> <span class='ocrx_word' id='word_1_60' title='bbox 908 1095 1179 1143; x_wconf 85' lang='lat' dir='ltr'><strong>nostram.</strong></span> <span class='ocrx_word' id='word_1_61' title='bbox 1243 1086 1389 1149; x_wconf 90' lang='lat' dir='ltr'><strong>Quid</strong></span> <span class='ocrx_word' id='word_1_62' title='bbox 1442 1084 1806 1157; x_wconf 85' lang='lat' dir='ltr'><strong>respondes?</strong></span> <span class='ocrx_word' id='word_1_63' title='bbox 1852 1082 2132 1154; x_wconf 89' lang='lat' dir='ltr'><strong>Nunquid</strong></span> 
     </span>
    </p>
   </div>
   <div class='ocr_carea' id='block_1_12' title="bbox 472 1173 2127 1252">
    <p class='ocr_par' dir='ltr' id='par_1_12' title="bbox 472 1173 2127 1252">
     <span class='ocr_line' id='line_1_12' title="bbox 472 1173 2127 1252; baseline -0.008 -14"><span class='ocrx_word' id='word_1_64' title='bbox 472 1182 569 1238; x_wconf 88' lang='lat' dir='ltr'><strong>Dei</strong></span> <span class='ocrx_word' id='word_1_65' title='bbox 596 1186 653 1237; x_wconf 88' lang='lat' dir='ltr'><strong>et</strong></span> <span class='ocrx_word' id='word_1_66' title='bbox 691 1179 1030 1252; x_wconf 82' lang='lat' dir='ltr'><strong>angelorum</strong></span> <span class='ocrx_word' id='word_1_67' title='bbox 1064 1194 1182 1231; x_wconf 90' lang='lat' dir='ltr'><strong>una</strong></span> <span class='ocrx_word' id='word_1_68' title='bbox 1209 1175 1402 1247; x_wconf 86' lang='lat' dir='ltr'><strong>imago</strong></span> <span class='ocrx_word' id='word_1_69' title='bbox 1447 1173 1590 1229; x_wconf 87' lang='lat' dir='ltr'><strong>est?</strong></span> <span class='ocrx_word' id='word_1_70' title='bbox 1638 1179 1779 1229; x_wconf 87' lang='lat' dir='ltr'><strong>Nam</strong></span> <span class='ocrx_word' id='word_1_71' title='bbox 1813 1173 1999 1228; x_wconf 87' lang='lat' dir='ltr'><strong>Patris</strong></span> <span class='ocrx_word' id='word_1_72' title='bbox 2031 1187 2127 1225; x_wconf 89' lang='lat' dir='ltr'><strong>ne-</strong></span> 
     </span>
    </p>
   </div>
   <div class='ocr_carea' id='block_1_13' title="bbox 468 1262 2135 1334">
    <p class='ocr_par' dir='ltr' id='par_1_13' title="bbox 468 1262 2135 1334">
     <span class='ocr_line' id='line_1_13' title="bbox 468 1262 2135 1334; baseline -0.007 -8"><span class='ocrx_word' id='word_1_73' title='bbox 468 1287 631 1326; x_wconf 87' lang='lat' dir='ltr'><strong>cesse</strong></span> <span class='ocrx_word' id='word_1_74' title='bbox 678 1272 767 1324; x_wconf 88' lang='lat' dir='ltr'><strong>est</strong></span> <span class='ocrx_word' id='word_1_75' title='bbox 816 1268 1080 1323; x_wconf 87' lang='lat' dir='ltr'><strong>eamdem</strong></span> <span class='ocrx_word' id='word_1_76' title='bbox 1133 1280 1263 1319; x_wconf 91' lang='lat' dir='ltr'><strong>esse</strong></span> <span class='ocrx_word' id='word_1_77' title='bbox 1313 1280 1485 1334; x_wconf 91' lang='lat' dir='ltr'><strong>quam</strong></span> <span class='ocrx_word' id='word_1_78' title='bbox 1519 1262 1670 1330; x_wconf 90' lang='lat' dir='ltr'><strong>Filii,</strong></span> <span class='ocrx_word' id='word_1_79' title='bbox 1702 1262 1786 1318; x_wconf 91' lang='lat' dir='ltr'><strong>sic</strong></span> <span class='ocrx_word' id='word_1_80' title='bbox 1815 1266 2035 1329; x_wconf 89' lang='lat' dir='ltr'><strong>tamen,</strong></span> <span class='ocrx_word' id='word_1_81' title='bbox 2071 1276 2135 1327; x_wconf 69' lang='lat' dir='ltr'><strong>ut,</strong></span> 
     </span>
    </p>
   </div>
   <div class='ocr_carea' id='block_1_14' title="bbox 470 1350 2130 1427">
    <p class='ocr_par' dir='ltr' id='par_1_14' title="bbox 470 1350 2130 1427">
     <span class='ocr_line' id='line_1_14' title="bbox 470 1350 2130 1427; baseline -0.007 -12"><span class='ocrx_word' id='word_1_82' title='bbox 470 1360 587 1415; x_wconf 90' lang='lat' dir='ltr'><strong>Deo</strong></span> <span class='ocrx_word' id='word_1_83' title='bbox 618 1360 831 1413; x_wconf 89' lang='lat' dir='ltr'><strong>decens</strong></span> <span class='ocrx_word' id='word_1_84' title='bbox 860 1354 1223 1427; x_wconf 79' lang='lat' dir='ltr'><strong>intelligatur</strong></span> <span class='ocrx_word' id='word_1_85' title='bbox 1253 1369 1381 1408; x_wconf 90' lang='lat' dir='ltr'><strong>esse</strong></span> <span class='ocrx_word' id='word_1_86' title='bbox 1414 1354 1621 1423; x_wconf 84' lang='lat' dir='ltr'><strong>figura,</strong></span> <span class='ocrx_word' id='word_1_87' title='bbox 1655 1352 1709 1406; x_wconf 91' lang='lat' dir='ltr'><strong>id</strong></span> <span class='ocrx_word' id='word_1_88' title='bbox 1767 1355 1879 1420; x_wconf 88' lang='lat' dir='ltr'><strong>est,</strong></span> <span class='ocrx_word' id='word_1_89' title='bbox 1914 1350 1986 1421; x_wconf 85' lang='lat' dir='ltr'><strong>(b)</strong></span> <span class='ocrx_word' id='word_1_90' title='bbox 2016 1366 2130 1404; x_wconf 93' lang='lat' dir='ltr'><strong>non</strong></span> 
     </span>
    </p>
   </div>
   <div class='ocr_carea' id='block_1_15' title="bbox 471 1440 2133 1514">
    <p class='ocr_par' dir='ltr' id='par_1_15' title="bbox 471 1440 2133 1514">
     <span class='ocr_line' id='line_1_15' title="bbox 471 1440 2133 1514; baseline -0.007 -11"><span class='ocrx_word' id='word_1_91' title='bbox 471 1450 530 1503; x_wconf 90' lang='lat' dir='ltr'><strong>in</strong></span> <span class='ocrx_word' id='word_1_92' title='bbox 577 1447 782 1503; x_wconf 90' lang='lat' dir='ltr'><strong>habitu</strong></span> <span class='ocrx_word' id='word_1_93' title='bbox 827 1460 1119 1514; x_wconf 85' lang='lat' dir='ltr'><strong>corporeo,</strong></span> <span class='ocrx_word' id='word_1_94' title='bbox 1156 1443 1252 1497; x_wconf 90' lang='lat' dir='ltr'><strong>sed</strong></span> <span class='ocrx_word' id='word_1_95' title='bbox 1289 1442 1347 1495; x_wconf 91' lang='lat' dir='ltr'><strong>in</strong></span> <span class='ocrx_word' id='word_1_96' title='bbox 1382 1440 1576 1495; x_wconf 90' lang='lat' dir='ltr'><strong>divina</strong></span> <span class='ocrx_word' id='word_1_97' title='bbox 1609 1440 1964 1512; x_wconf 84' lang='lat' dir='ltr'><strong>proprietate</strong></span> <span class='ocrx_word' id='word_1_98' title='bbox 1995 1456 2133 1493; x_wconf 89' lang='lat' dir='ltr'><strong>con-</strong></span> 
     </span>
    </p>
   </div>
   <div class='ocr_carea' id='block_1_16' title="bbox 470 1528 2134 1601">
    <p class='ocr_par' dir='ltr' id='par_1_16' title="bbox 470 1528 2134 1601">
     <span class='ocr_line' id='line_1_16' title="bbox 470 1528 2134 1601; baseline -0.007 -9"><span class='ocrx_word' id='word_1_99' title='bbox 470 1538 704 1592; x_wconf 85' lang='lat' dir='ltr'><strong>sistens.</strong></span> <span class='ocrx_word' id='word_1_100' title='bbox 739 1533 1023 1588; x_wconf 87' lang='lat' dir='ltr'><strong>Ausculta</strong></span> <span class='ocrx_word' id='word_1_101' title='bbox 1073 1536 1133 1585; x_wconf 89' lang='lat' dir='ltr'><strong>tu</strong></span> <span class='ocrx_word' id='word_1_102' title='bbox 1168 1531 1366 1599; x_wconf 89' lang='lat' dir='ltr'><strong>etiam,</strong></span> <span class='ocrx_word' id='word_1_103' title='bbox 1411 1530 1511 1601; x_wconf 91' lang='lat' dir='ltr'><strong>qui</strong></span> <span class='ocrx_word' id='word_1_104' title='bbox 1545 1531 1615 1583; x_wconf 91' lang='lat' dir='ltr'><strong>de</strong></span> <span class='ocrx_word' id='word_1_105' title='bbox 1646 1545 1793 1584; x_wconf 86' lang='lat' dir='ltr'><strong>nova</strong></span> <span class='ocrx_word' id='word_1_106' title='bbox 1823 1528 2134 1583; x_wconf 89' lang='lat' dir='ltr'><strong>circumci-</strong></span> 
     </span>
    </p>
   </div>
   <div class='ocr_carea' id='block_1_17' title="bbox 467 1616 2137 1694">
    <p class='ocr_par' dir='ltr' id='par_1_17' title="bbox 467 1616 2137 1694">
     <span class='ocr_line' id='line_1_17' title="bbox 467 1616 2137 1694; baseline -0.005 -17"><span class='ocrx_word' id='word_1_107' title='bbox 467 1626 632 1681; x_wconf 86' lang='lat' dir='ltr'><strong>sione</strong></span> <span class='ocrx_word' id='word_1_108' title='bbox 660 1620 1052 1694; x_wconf 90' lang='lat' dir='ltr'><strong>progrederis,</strong></span> <span class='ocrx_word' id='word_1_109' title='bbox 1074 1617 1365 1674; x_wconf 91' lang='lat' dir='ltr'><strong>Judaismi</strong></span> <span class='ocrx_word' id='word_1_110' title='bbox 1399 1619 1622 1673; x_wconf 89' lang='lat' dir='ltr'><strong>cultum</strong></span> <span class='ocrx_word' id='word_1_111' title='bbox 1663 1618 1771 1673; x_wconf 90' lang='lat' dir='ltr'><strong>sub</strong></span> <span class='ocrx_word' id='word_1_112' title='bbox 1795 1616 2137 1676; x_wconf 88' lang='lat' dir='ltr'><strong>Christiani_</strong></span> 
     </span>
    </p>
   </div>
   <div class='ocr_carea' id='block_1_18' title="bbox 466 1706 2130 1776">
    <p class='ocr_par' dir='ltr' id='par_1_18' title="bbox 466 1706 2130 1776">
     <span class='ocr_line' id='line_1_18' title="bbox 466 1706 2130 1776; baseline -0.006 -8"><span class='ocrx_word' id='word_1_113' title='bbox 466 1712 600 1769; x_wconf 88' lang='lat' dir='ltr'><strong>tatis</strong></span> <span class='ocrx_word' id='word_1_114' title='bbox 631 1709 1031 1766; x_wconf 90' lang='lat' dir='ltr'><strong>simultatione</strong></span> <span class='ocrx_word' id='word_1_115' title='bbox 1062 1709 1511 1763; x_wconf 88' lang='lat' dir='ltr'><strong>commendans.</strong></span> <span class='ocrx_word' id='word_1_116' title='bbox 1551 1707 1653 1763; x_wconf 91' lang='lat' dir='ltr'><strong>Cui</strong></span> <span class='ocrx_word' id='word_1_117' title='bbox 1688 1707 1850 1776; x_wconf 86' lang='lat' dir='ltr'><strong>dicit,</strong></span> <span class='ocrx_word' id='word_1_118' title='bbox 1884 1706 1960 1759; x_wconf 86' lang='lat' dir='ltr'><strong>Ad</strong></span> <span class='ocrx_word' id='word_1_119' title='bbox 1990 1709 2130 1759; x_wconf 86' lang='lat' dir='ltr'><strong>ima-</strong></span> 
     </span>
    </p>
   </div>
   <div class='ocr_carea' id='block_1_19' title="bbox 2237 547 3897 619">
    <p class='ocr_par' dir='ltr' id='par_1_19' title="bbox 2237 547 3897 619">
     <span class='ocr_line' id='line_1_19' title="bbox 2237 547 3897 619; baseline 0 -16"><span class='ocrx_word' id='word_1_120' title='bbox 2237 550 2335 604; x_wconf 88' lang='lat' dir='ltr'><strong>Dei</strong></span> <span class='ocrx_word' id='word_1_121' title='bbox 2362 550 2498 618; x_wconf 76' lang='lat' dir='ltr'><strong>fecit</strong></span> <span class='ocrx_word' id='word_1_122' title='bbox 2529 548 2826 605; x_wconf 77' lang='lat' dir='ltr'><strong>hominem.</strong></span> <span class='ocrx_word' id='word_1_123' title='bbox 2880 549 3137 603; x_wconf 84' lang='lat' dir='ltr'><strong>Rursum</strong></span> <span class='ocrx_word' id='word_1_124' title='bbox 3183 547 3561 619; x_wconf 90' lang='lat' dir='ltr'><strong>cooperantis</strong></span> <span class='ocrx_word' id='word_1_125' title='bbox 3594 563 3897 619; x_wconf 83' lang='lat' dir='ltr'><strong>personam</strong></span> 
     </span>
    </p>
   </div>
   <div class='ocr_carea' id='block_1_20' title="bbox 2236 637 3897 705">
    <p class='ocr_par' dir='ltr' id='par_1_20' title="bbox 2236 637 3897 705">
     <span class='ocr_line' id='line_1_20' title="bbox 2236 637 3897 705; baseline -0.001 -13"><span class='ocrx_word' id='word_1_126' title='bbox 2236 638 2485 692; x_wconf 89' lang='lat' dir='ltr'><strong>inducit.</strong></span> <span class='ocrx_word' id='word_1_127' title='bbox 2536 638 2660 693; x_wconf 91' lang='lat' dir='ltr'><strong>Non</strong></span> <span class='ocrx_word' id='word_1_128' title='bbox 2710 638 2867 693; x_wconf 90' lang='lat' dir='ltr'><strong>enim</strong></span> <span class='ocrx_word' id='word_1_129' title='bbox 2910 637 3054 692; x_wconf 84' lang='lat' dir='ltr'><strong>dixit</strong></span> <span class='ocrx_word' id='word_1_130' title='bbox 3087 654 3100 692; x_wconf 90' lang='lat'><strong>:</strong></span> <span class='ocrx_word' id='word_1_131' title='bbox 3133 639 3279 692; x_wconf 86' lang='lat' dir='ltr'><strong>Fecit</strong></span> <span class='ocrx_word' id='word_1_132' title='bbox 3308 637 3379 691; x_wconf 86' lang='lat' dir='ltr'><strong>ad</strong></span> <span class='ocrx_word' id='word_1_133' title='bbox 3410 638 3713 705; x_wconf 81' lang='lat' dir='ltr'><strong>imaginem</strong></span> <span class='ocrx_word' id='word_1_134' title='bbox 3742 654 3897 691; x_wconf 63' lang='lat' dir='ltr'><strong>suam</strong></span> 
     </span>
    </p>
   </div>
   <div class='ocr_carea' id='block_1_21' title="bbox 2239 726 3901 798">
    <p class='ocr_par' dir='ltr' id='par_1_21' title="bbox 2239 726 3901 798">
     <span class='ocr_line' id='line_1_21' title="bbox 2239 726 3901 798; baseline 0 -16"><span class='ocrx_word' id='word_1_135' title='bbox 2239 728 2339 782; x_wconf 90' lang='lat' dir='ltr'><strong>sed</strong></span> <span class='ocrx_word' id='word_1_136' title='bbox 2369 728 2440 782; x_wconf 89' lang='lat' dir='ltr'><strong>ad</strong></span> <span class='ocrx_word' id='word_1_137' title='bbox 2470 730 2773 798; x_wconf 78' lang='lat' dir='ltr'><strong>imaginem</strong></span> <span class='ocrx_word' id='word_1_138' title='bbox 2802 729 2920 783; x_wconf 86' lang='lat' dir='ltr'><strong>Dei.</strong></span> <span class='ocrx_word' id='word_1_139' title='bbox 2945 728 3014 782; x_wconf 87' lang='lat' dir='ltr'><strong>Et</strong></span> <span class='ocrx_word' id='word_1_140' title='bbox 3046 727 3101 781; x_wconf 89' lang='lat' dir='ltr'><strong>in</strong></span> <span class='ocrx_word' id='word_1_141' title='bbox 3132 743 3248 798; x_wconf 91' lang='lat' dir='ltr'><strong>quo</strong></span> <span class='ocrx_word' id='word_1_142' title='bbox 3280 726 3519 798; x_wconf 89' lang='lat' dir='ltr'><strong>quidem</strong></span> <span class='ocrx_word' id='word_1_143' title='bbox 3550 727 3901 797; x_wconf 86' lang='lat' dir='ltr'><strong>dispositum</strong></span> 
     </span>
    </p>
   </div>
   <div class='ocr_carea' id='block_1_22' title="bbox 2238 815 3904 889">
    <p class='ocr_par' dir='ltr' id='par_1_22' title="bbox 2238 815 3904 889">
     <span class='ocr_line' id='line_1_22' title="bbox 2238 815 3904 889; baseline 0 -18"><span class='ocrx_word' id='word_1_144' title='bbox 2238 824 2323 872; x_wconf 87' lang='lat' dir='ltr'><strong>est</strong></span> <span class='ocrx_word' id='word_1_145' title='bbox 2353 817 2567 873; x_wconf 88' lang='lat' dir='ltr'><strong>habere</strong></span> <span class='ocrx_word' id='word_1_146' title='bbox 2599 816 2897 873; x_wconf 79' lang='lat' dir='ltr'><strong>hominem</strong></span> <span class='ocrx_word' id='word_1_147' title='bbox 2947 816 3266 889; x_wconf 84' lang='lat' dir='ltr'><strong>imaginem</strong></span> <span class='ocrx_word' id='word_1_148' title='bbox 3316 816 3438 882; x_wconf 89' lang='lat' dir='ltr'><strong>Dei,</strong></span> <span class='ocrx_word' id='word_1_149' title='bbox 3472 815 3560 870; x_wconf 89' lang='lat' dir='ltr'><strong>vel</strong></span> <span class='ocrx_word' id='word_1_150' title='bbox 3611 818 3904 887; x_wconf 88' lang='lat' dir='ltr'><strong>quomodo</strong></span> 
     </span>
    </p>
   </div>
   <div class='ocr_carea' id='block_1_23' title="bbox 2240 904 3901 977">
    <p class='ocr_par' dir='ltr' id='par_1_23' title="bbox 2240 904 3901 977">
     <span class='ocr_line' id='line_1_23' title="bbox 2240 904 3901 977; baseline -0.002 -18"><span class='ocrx_word' id='word_1_151' title='bbox 2240 906 2317 977; x_wconf 69' lang='grc' dir='ltr'><strong>(εἰ)</strong></span> <span class='ocrx_word' id='word_1_152' title='bbox 2342 906 2546 977; x_wconf 85' lang='lat' dir='ltr'><strong>recipit</strong></span> <span class='ocrx_word' id='word_1_153' title='bbox 2563 907 3014 962; x_wconf 87' lang='lat' dir='ltr'><strong>similitudinem</strong></span> <span class='ocrx_word' id='word_1_154' title='bbox 3035 905 3391 972; x_wconf 87' lang='lat' dir='ltr'><strong>Divinitatis,</strong></span> <span class='ocrx_word' id='word_1_155' title='bbox 3425 905 3485 959; x_wconf 92' lang='lat' dir='ltr'><strong>in</strong></span> <span class='ocrx_word' id='word_1_156' title='bbox 3519 904 3901 976; x_wconf 85' lang='lat' dir='ltr'><strong>sequentibus</strong></span> 
     </span>
    </p>
   </div>
   <div class='ocr_carea' id='block_1_24' title="bbox 2240 993 3904 1067">
    <p class='ocr_par' dir='ltr' id='par_1_24' title="bbox 2240 993 3904 1067">
     <span class='ocr_line' id='line_1_24' title="bbox 2240 993 3904 1067; baseline 0.001 -19"><span class='ocrx_word' id='word_1_157' title='bbox 2240 993 2468 1051; x_wconf 84' lang='lat' dir='ltr'><strong>Christo</strong></span> <span class='ocrx_word' id='word_1_158' title='bbox 2509 1012 2750 1051; x_wconf 89' lang='lat' dir='ltr'><strong>sensum</strong></span> <span class='ocrx_word' id='word_1_159' title='bbox 2800 995 3084 1067; x_wconf 85' lang='lat' dir='ltr'><strong>largiente</strong></span> <span class='ocrx_word' id='word_1_160' title='bbox 3143 994 3503 1057; x_wconf 85' lang='lat' dir='ltr'><strong>narrabitur,</strong></span> <span class='ocrx_word' id='word_1_161' title='bbox 3555 1010 3712 1049; x_wconf 89' lang='lat' dir='ltr'><strong>nunc</strong></span> <span class='ocrx_word' id='word_1_162' title='bbox 3774 1010 3904 1049; x_wconf 90' lang='lat' dir='ltr'><strong>vero</strong></span> 
     </span>
    </p>
   </div>
   <div class='ocr_carea' id='block_1_25' title="bbox 2242 1081 3907 1155">
    <p class='ocr_par' dir='ltr' id='par_1_25' title="bbox 2242 1081 3907 1155">
     <span class='ocr_line' id='line_1_25' title="bbox 2242 1081 3907 1155; baseline -0.003 -16"><span class='ocrx_word' id='word_1_163' title='bbox 2242 1089 2469 1139; x_wconf 87' lang='lat' dir='ltr'><strong>tantum</strong></span> <span class='ocrx_word' id='word_1_164' title='bbox 2504 1084 2719 1140; x_wconf 88' lang='lat' dir='ltr'><strong>dixisse</strong></span> <span class='ocrx_word' id='word_1_165' title='bbox 2752 1085 3022 1151; x_wconf 81' lang='lat' dir='ltr'><strong>sufficiet,</strong></span> <span class='ocrx_word' id='word_1_166' title='bbox 3066 1085 3203 1155; x_wconf 86' lang='lat' dir='ltr'><strong>quia</strong></span> <span class='ocrx_word' id='word_1_167' title='bbox 3241 1100 3360 1138; x_wconf 89' lang='lat' dir='ltr'><strong>una</strong></span> <span class='ocrx_word' id='word_1_168' title='bbox 3408 1083 3601 1154; x_wconf 85' lang='lat' dir='ltr'><strong>imago</strong></span> <span class='ocrx_word' id='word_1_169' title='bbox 3634 1086 3750 1137; x_wconf 89' lang='lat' dir='ltr'><strong>est.</strong></span> <span class='ocrx_word' id='word_1_170' title='bbox 3786 1081 3907 1135; x_wconf 81' lang='lat' dir='ltr'><strong>Tibi</strong></span> 
     </span>
    </p>
   </div>
   <div class='ocr_carea' id='block_1_26' title="bbox 2241 1168 3907 1242">
    <p class='ocr_par' dir='ltr' id='par_1_26' title="bbox 2241 1168 3907 1242">
     <span class='ocr_line' id='line_1_26' title="bbox 2241 1168 3907 1242; baseline -0.002 -15"><span class='ocrx_word' id='word_1_171' title='bbox 2241 1188 2373 1227; x_wconf 89' lang='lat' dir='ltr'><strong>vero</strong></span> <span class='ocrx_word' id='word_1_172' title='bbox 2406 1171 2681 1227; x_wconf 88' lang='lat' dir='ltr'><strong>coincidit</strong></span> <span class='ocrx_word' id='word_1_173' title='bbox 2728 1172 2785 1226; x_wconf 93' lang='lat' dir='ltr'><strong>in</strong></span> <span class='ocrx_word' id='word_1_174' title='bbox 2837 1175 3115 1237; x_wconf 89' lang='lat' dir='ltr'><strong>mentem,</strong></span> <span class='ocrx_word' id='word_1_175' title='bbox 3147 1175 3269 1225; x_wconf 89' lang='lat' dir='ltr'><strong>tam</strong></span> <span class='ocrx_word' id='word_1_176' title='bbox 3318 1168 3596 1242; x_wconf 86' lang='lat' dir='ltr'><strong>sacrilege</strong></span> <span class='ocrx_word' id='word_1_177' title='bbox 3628 1168 3907 1240; x_wconf 86' lang='lat' dir='ltr'><strong>blasphe-</strong></span> 
     </span>
    </p>
   </div>
   <div class='ocr_carea' id='block_1_27' title="bbox 2253 1256 3907 1330">
    <p class='ocr_par' dir='ltr' id='par_1_27' title="bbox 2253 1256 3907 1330">
     <span class='ocr_line' id='line_1_27' title="bbox 2253 1256 3907 1330; baseline -0.002 -16"><span class='ocrx_word' id='word_1_178' title='bbox 2253 1277 2435 1330; x_wconf 87' lang='lat' dir='ltr'><strong>mare,</strong></span> <span class='ocrx_word' id='word_1_179' title='bbox 2469 1266 2534 1316; x_wconf 91' lang='lat' dir='ltr'><strong>ut</strong></span> <span class='ocrx_word' id='word_1_180' title='bbox 2590 1260 2813 1316; x_wconf 87' lang='lat' dir='ltr'><strong>diceres</strong></span> <span class='ocrx_word' id='word_1_181' title='bbox 2875 1259 3086 1315; x_wconf 88' lang='lat' dir='ltr'><strong>Filium</strong></span> <span class='ocrx_word' id='word_1_182' title='bbox 3123 1258 3276 1314; x_wconf 84' lang='lat' dir='ltr'><strong>Patri</strong></span> <span class='ocrx_word' id='word_1_183' title='bbox 3319 1274 3447 1313; x_wconf 89' lang='lat' dir='ltr'><strong>esse</strong></span> <span class='ocrx_word' id='word_1_184' title='bbox 3503 1256 3907 1313; x_wconf 80' lang='lat' dir='ltr'><strong>dissimilem?</strong></span> 
     </span>
    </p>
   </div>
   <div class='ocr_carea' id='block_1_28' title="bbox 2241 1346 3907 1421">
    <p class='ocr_par' dir='ltr' id='par_1_28' title="bbox 2241 1346 3907 1421">
     <span class='ocr_line' id='line_1_28' title="bbox 2241 1346 3907 1421; baseline -0.002 -17"><span class='ocrx_word' id='word_1_185' title='bbox 2241 1353 2286 1404; x_wconf 87' lang='grc' dir='ltr'>Ο</span> <span class='ocrx_word' id='word_1_186' title='bbox 2315 1349 2577 1404; x_wconf 88' lang='lat' dir='ltr'><strong>animum</strong></span> <span class='ocrx_word' id='word_1_187' title='bbox 2611 1349 2904 1421; x_wconf 89' lang='lat' dir='ltr'><strong>ingratum</strong></span> <span class='ocrx_word' id='word_1_188' title='bbox 2937 1349 2948 1402; x_wconf 86' lang='lat' dir='ltr'><strong>l</strong></span> <span class='ocrx_word' id='word_1_189' title='bbox 3005 1346 3464 1402; x_wconf 89' lang='lat' dir='ltr'><strong>Similitudinem</strong></span> <span class='ocrx_word' id='word_1_190' title='bbox 3497 1346 3598 1401; x_wconf 89' lang='lat' dir='ltr'><strong>Dei</strong></span> <span class='ocrx_word' id='word_1_191' title='bbox 3633 1362 3813 1416; x_wconf 88' lang='lat' dir='ltr'><strong>quam</strong></span> <span class='ocrx_word' id='word_1_192' title='bbox 3848 1352 3907 1400; x_wconf 86' lang='lat' dir='ltr'><strong>tu</strong></span> 
     </span>
    </p>
   </div>
   <div class='ocr_carea' id='block_1_29' title="bbox 2240 1434 3909 1509">
    <p class='ocr_par' dir='ltr' id='par_1_29' title="bbox 2240 1434 3909 1509">
     <span class='ocr_line' id='line_1_29' title="bbox 2240 1434 3909 1509; baseline -0.002 -17"><span class='ocrx_word' id='word_1_193' title='bbox 2240 1437 2366 1509; x_wconf 90' lang='lat' dir='ltr'><strong>ipse</strong></span> <span class='ocrx_word' id='word_1_194' title='bbox 2397 1437 2729 1509; x_wconf 87' lang='lat' dir='ltr'><strong>sumpsisti,</strong></span> <span class='ocrx_word' id='word_1_195' title='bbox 2757 1437 3184 1493; x_wconf 83' lang='lat' dir='ltr'><strong>benefactorem</strong></span> <span class='ocrx_word' id='word_1_196' title='bbox 3209 1440 3381 1491; x_wconf 86' lang='lat' dir='ltr'><strong>tuum</strong></span> <span class='ocrx_word' id='word_1_197' title='bbox 3411 1434 3627 1490; x_wconf 90' lang='lat' dir='ltr'><strong>habere</strong></span> <span class='ocrx_word' id='word_1_198' title='bbox 3657 1452 3779 1490; x_wconf 92' lang='lat' dir='ltr'><strong>non</strong></span> <span class='ocrx_word' id='word_1_199' title='bbox 3804 1452 3909 1507; x_wconf 81' lang='lat' dir='ltr'><strong>pa-</strong></span> 
     </span>
    </p>
   </div>
   <div class='ocr_carea' id='block_1_30' title="bbox 2241 1523 3911 1599">
    <p class='ocr_par' dir='ltr' id='par_1_30' title="bbox 2241 1523 3911 1599">
     <span class='ocr_line' id='line_1_30' title="bbox 2241 1523 3911 1599; baseline -0.002 -18"><span class='ocrx_word' id='word_1_200' title='bbox 2241 1527 2403 1596; x_wconf 64' lang='lat' dir='ltr'><strong>teris.</strong></span> <span class='ocrx_word' id='word_1_201' title='bbox 2437 1531 2503 1581; x_wconf 89' lang='lat' dir='ltr'><strong>Et</strong></span> <span class='ocrx_word' id='word_1_202' title='bbox 2541 1527 2647 1582; x_wconf 87' lang='lat' dir='ltr'><strong>tibi</strong></span> <span class='ocrx_word' id='word_1_203' title='bbox 2691 1528 2929 1599; x_wconf 87' lang='lat' dir='ltr'><strong>quidem</strong></span> <span class='ocrx_word' id='word_1_204' title='bbox 2984 1524 3284 1597; x_wconf 86' lang='lat' dir='ltr'><strong>proprium</strong></span> <span class='ocrx_word' id='word_1_205' title='bbox 3334 1523 3420 1579; x_wconf 88' lang='lat' dir='ltr'><strong>vis</strong></span> <span class='ocrx_word' id='word_1_206' title='bbox 3468 1540 3599 1579; x_wconf 88' lang='lat' dir='ltr'><strong>esse</strong></span> <span class='ocrx_word' id='word_1_207' title='bbox 3647 1524 3808 1595; x_wconf 86' lang='lat' dir='ltr'><strong>quod</strong></span> <span class='ocrx_word' id='word_1_208' title='bbox 3842 1525 3911 1578; x_wconf 92' lang='lat' dir='ltr'><strong>de</strong></span> 
     </span>
    </p>
   </div>
   <div class='ocr_carea' id='block_1_31' title="bbox 2240 1612 3908 1688">
    <p class='ocr_par' dir='ltr' id='par_1_31' title="bbox 2240 1612 3908 1688">
     <span class='ocr_line' id='line_1_31' title="bbox 2240 1612 3908 1688; baseline -0.002 -18"><span class='ocrx_word' id='word_1_209' title='bbox 2240 1615 2457 1671; x_wconf 73' lang='lat' dir='ltr'><strong>scelesti</strong></span> <span class='ocrx_word' id='word_1_210' title='bbox 2489 1616 2674 1687; x_wconf 89' lang='lat' dir='ltr'><strong>gratia</strong></span> <span class='ocrx_word' id='word_1_211' title='bbox 2728 1615 3061 1688; x_wconf 86' lang='lat' dir='ltr'><strong>percepisti,</strong></span> <span class='ocrx_word' id='word_1_212' title='bbox 3114 1614 3233 1669; x_wconf 84' lang='lat' dir='ltr'><strong>ﬁlio</strong></span> <span class='ocrx_word' id='word_1_213' title='bbox 3292 1617 3484 1668; x_wconf 85' lang='lat' dir='ltr'><strong>autem</strong></span> <span class='ocrx_word' id='word_1_214' title='bbox 3560 1612 3908 1667; x_wconf 89' lang='lat' dir='ltr'><strong>similitudi-</strong></span> 
     </span>
    </p>
   </div>
   <div class='ocr_carea' id='block_1_32' title="bbox 2245 1702 3911 1775">
    <p class='ocr_par' dir='ltr' id='par_1_32' title="bbox 2245 1702 3911 1775">
     <span class='ocr_line' id='line_1_32' title="bbox 2245 1702 3911 1775; baseline -0.001 -17"><span class='ocrx_word' id='word_1_215' title='bbox 2245 1720 2376 1758; x_wconf 89' lang='lat' dir='ltr'><strong>nem</strong></span> <span class='ocrx_word' id='word_1_216' title='bbox 2437 1710 2647 1759; x_wconf 86' lang='lat' dir='ltr'><strong>natura</strong></span> <span class='ocrx_word' id='word_1_217' title='bbox 2678 1704 2942 1771; x_wconf 88' lang='lat' dir='ltr'><strong>insitam,</strong></span> <span class='ocrx_word' id='word_1_218' title='bbox 2974 1720 3103 1758; x_wconf 92' lang='lat' dir='ltr'><strong>cum</strong></span> <span class='ocrx_word' id='word_1_219' title='bbox 3137 1703 3397 1775; x_wconf 86' lang='lat' dir='ltr'><strong>genitore</strong></span> <span class='ocrx_word' id='word_1_220' title='bbox 3429 1718 3544 1757; x_wconf 90' lang='lat' dir='ltr'><strong>non</strong></span> <span class='ocrx_word' id='word_1_221' title='bbox 3577 1702 3729 1755; x_wconf 90' lang='lat' dir='ltr'><strong>sinis</strong></span> <span class='ocrx_word' id='word_1_222' title='bbox 3782 1718 3911 1757; x_wconf 88' lang='lat' dir='ltr'><strong>esse</strong></span> 
     </span>
    </p>
   </div>
   <div class='ocr_carea' id='block_1_33' title="bbox 465 1788 3911 1896">
    <p class='ocr_par' dir='ltr' id='par_1_33' title="bbox 465 1788 3911 1896">
     <span class='ocr_line' id='line_1_33' title="bbox 465 1788 3911 1896; baseline -0.003 -41"><span class='ocrx_word' id='word_1_223' title='bbox 465 1806 652 1871; x_wconf 83' lang='lat' dir='ltr'><strong>ginem</strong></span> <span class='ocrx_word' id='word_1_224' title='bbox 695 1802 939 1854; x_wconf 73' lang='lat' dir='ltr'><strong>nom-am</strong></span> <span class='ocrx_word' id='word_1_225' title='bbox 972 1796 1151 1868; x_wconf 86' lang='lat' dir='ltr'><strong>(Hebr.</strong></span> <span class='ocrx_word' id='word_1_226' title='bbox 1184 1814 1224 1865; x_wconf 85' lang='lat'><strong>1,</strong></span> <span class='ocrx_word' id='word_1_227' title='bbox 1269 1796 1345 1867; x_wconf 92' lang='lat'><strong>3),</strong></span> <span class='ocrx_word' id='word_1_228' title='bbox 1396 1795 1510 1851; x_wconf 89' lang='lat' dir='ltr'><strong>nisi</strong></span> <span class='ocrx_word' id='word_1_229' title='bbox 1554 1794 1973 1850; x_wconf 86' lang='lat' dir='ltr'><strong>illuminationi</strong></span> <span class='ocrx_word' id='word_1_230' title='bbox 2005 1794 2132 1866; x_wconf 89' lang='lat' dir='ltr'><strong>glo-</strong></span> <span class='ocrx_word' id='word_1_231' title='bbox 2166 1832 2211 1896; x_wconf 79' lang='grc' dir='ltr'><strong>Β</strong></span> <span class='ocrx_word' id='word_1_232' title='bbox 2244 1808 2640 1847; x_wconf 88' lang='lat' dir='ltr'><strong>communem.</strong></span> <span class='ocrx_word' id='word_1_233' title='bbox 2672 1793 2781 1847; x_wconf 91' lang='lat' dir='ltr'><strong>Sed</strong></span> <span class='ocrx_word' id='word_1_234' title='bbox 2810 1793 2928 1862; x_wconf 89' lang='lat' dir='ltr'><strong>jam</strong></span> <span class='ocrx_word' id='word_1_235' title='bbox 2962 1788 3133 1848; x_wconf 81' lang='lat' dir='ltr'><strong>nobis</strong></span> <span class='ocrx_word' id='word_1_236' title='bbox 3162 1790 3460 1847; x_wconf 90' lang='lat' dir='ltr'><strong>silentium</strong></span> <span class='ocrx_word' id='word_1_237' title='bbox 3491 1806 3735 1861; x_wconf 84' lang='lat' dir='ltr'><strong>vespere</strong></span> <span class='ocrx_word' id='word_1_238' title='bbox 3764 1795 3911 1845; x_wconf 83' lang='lat' dir='ltr'><strong>tem-</strong></span> 
     </span>
    </p>
   </div>
   <div class='ocr_carea' id='block_1_34' title="bbox 469 1884 2133 1958">
    <p class='ocr_par' dir='ltr' id='par_1_34' title="bbox 469 1884 2133 1958">
     <span class='ocr_line' id='line_1_34' title="bbox 469 1884 2133 1958; baseline -0.004 -14"><span class='ocrx_word' id='word_1_239' title='bbox 469 1891 589 1957; x_wconf 71' lang='lat' dir='ltr'><strong>riae,</strong></span> <span class='ocrx_word' id='word_1_240' title='bbox 621 1894 677 1943; x_wconf 92' lang='lat' dir='ltr'><strong>et</strong></span> <span class='ocrx_word' id='word_1_241' title='bbox 710 1887 881 1943; x_wconf 90' lang='lat' dir='ltr'><strong>titulo</strong></span> <span class='ocrx_word' id='word_1_242' title='bbox 914 1891 1168 1958; x_wconf 64' lang='lat' dir='ltr'><strong>paterna</strong></span> <span class='ocrx_word' id='word_1_243' title='bbox 1216 1885 1583 1953; x_wconf 76' lang='lat' dir='ltr'><strong>substantize,</strong></span> <span class='ocrx_word' id='word_1_244' title='bbox 1631 1901 1757 1955; x_wconf 73' lang='lat' dir='ltr'><strong>quae</strong></span> <span class='ocrx_word' id='word_1_245' title='bbox 1805 1887 1893 1939; x_wconf 89' lang='lat' dir='ltr'><strong>est</strong></span> <span class='ocrx_word' id='word_1_246' title='bbox 1940 1884 2133 1955; x_wconf 87' lang='lat' dir='ltr'><strong>imago</strong></span> 
     </span>
    </p>
   </div>
   <div class='ocr_carea' id='block_1_35' title="bbox 470 1971 2132 2045">
    <p class='ocr_par' dir='ltr' id='par_1_35' title="bbox 470 1971 2132 2045">
     <span class='ocr_line' id='line_1_35' title="bbox 470 1971 2132 2045; baseline -0.004 -13"><span class='ocrx_word' id='word_1_247' title='bbox 470 1978 565 2032; x_wconf 88' lang='lat' dir='ltr'><strong>Dei</strong></span> <span class='ocrx_word' id='word_1_248' title='bbox 597 1975 963 2032; x_wconf 79' lang='lat' dir='ltr'><strong>invisibilis?</strong></span> <span class='ocrx_word' id='word_1_249' title='bbox 1013 1975 1144 2029; x_wconf 68' lang='lat' dir='ltr'><strong>Suae</strong></span> <span class='ocrx_word' id='word_1_250' title='bbox 1191 1990 1326 2045; x_wconf 90' lang='lat' dir='ltr'><strong>ergo</strong></span> <span class='ocrx_word' id='word_1_251' title='bbox 1374 1972 1634 2043; x_wconf 89' lang='lat' dir='ltr'><strong>loquitur</strong></span> <span class='ocrx_word' id='word_1_252' title='bbox 1684 1971 1948 2044; x_wconf 87' lang='lat' dir='ltr'><strong>imagini,</strong></span> <span class='ocrx_word' id='word_1_253' title='bbox 2007 1989 2132 2044; x_wconf 74' lang='lat' dir='ltr'><strong>quae</strong></span> 
     </span>
    </p>
   </div>
   <div class='ocr_carea' id='block_1_36' title="bbox 468 2062 2131 2134">
    <p class='ocr_par' dir='ltr' id='par_1_36' title="bbox 468 2062 2131 2134">
     <span class='ocr_line' id='line_1_36' title="bbox 468 2062 2131 2134; baseline -0.004 -12"><span class='ocrx_word' id='word_1_254' title='bbox 468 2068 615 2122; x_wconf 83' lang='lat' dir='ltr'><strong>dixit</strong></span> <span class='ocrx_word' id='word_1_255' title='bbox 650 2084 662 2121; x_wconf 89' lang='lat'>:</span> <span class='ocrx_word' id='word_1_256' title='bbox 697 2068 817 2134; x_wconf 85' lang='lat' dir='ltr'><strong>Ego</strong></span> <span class='ocrx_word' id='word_1_257' title='bbox 844 2073 895 2119; x_wconf 88' lang='lat' dir='ltr'><strong>et</strong></span> <span class='ocrx_word' id='word_1_258' title='bbox 946 2066 1111 2118; x_wconf 87' lang='lat' dir='ltr'><strong>Pater</strong></span> <span class='ocrx_word' id='word_1_259' title='bbox 1139 2079 1313 2118; x_wconf 79' lang='lat' dir='ltr'><strong>unum</strong></span> <span class='ocrx_word' id='word_1_260' title='bbox 1342 2079 1530 2118; x_wconf 71' lang='lat' dir='ltr'><strong>sumus</strong></span> <span class='ocrx_word' id='word_1_261' title='bbox 1559 2063 1751 2133; x_wconf 79' lang='lat' dir='ltr'><strong>(loan.</strong></span> <span class='ocrx_word' id='word_1_262' title='bbox 1783 2080 1840 2131; x_wconf 89' lang='lat' dir='ltr'><strong>x,</strong></span> <span class='ocrx_word' id='word_1_263' title='bbox 1872 2062 1960 2133; x_wconf 92' lang='lat'><strong>30)</strong></span> <span class='ocrx_word' id='word_1_264' title='bbox 1991 2080 2003 2130; x_wconf 90' lang='lat'><strong>;</strong></span> <span class='ocrx_word' id='word_1_265' title='bbox 2056 2066 2131 2129; x_wconf 90' lang='lat' dir='ltr'><strong>et,</strong></span> 
     </span>
    </p>
   </div>
   <div class='ocr_carea' id='block_1_37' title="bbox 472 2150 2133 2235">
    <p class='ocr_par' dir='ltr' id='par_1_37' title="bbox 472 2150 2133 2235">
     <span class='ocr_line' id='line_1_37' title="bbox 472 2150 2133 2235; baseline -0.004 -26"><span class='ocrx_word' id='word_1_266' title='bbox 472 2158 577 2225; x_wconf 83' lang='lat' dir='ltr'><strong>Qui</strong></span> <span class='ocrx_word' id='word_1_267' title='bbox 604 2171 689 2210; x_wconf 89' lang='lat' dir='ltr'><strong>me</strong></span> <span class='ocrx_word' id='word_1_268' title='bbox 717 2154 865 2208; x_wconf 84' lang='lat' dir='ltr'><strong>videt</strong></span> <span class='ocrx_word' id='word_1_269' title='bbox 911 2160 963 2208; x_wconf 83' lang='lat' dir='ltr'><strong>et</strong></span> <span class='ocrx_word' id='word_1_270' title='bbox 1010 2154 1230 2207; x_wconf 83' lang='lat' dir='ltr'><strong>Patrem</strong></span> <span class='ocrx_word' id='word_1_271' title='bbox 1276 2168 1459 2206; x_wconf 89' lang='lat' dir='ltr'><strong>meum</strong></span> <span class='ocrx_word' id='word_1_272' title='bbox 1496 2150 1642 2205; x_wconf 79' lang='lat' dir='ltr'><strong>videt</strong></span> <span class='ocrx_word' id='word_1_273' title='bbox 1689 2151 1873 2222; x_wconf 88' lang='lat' dir='ltr'><strong>(Joan.</strong></span> <span class='ocrx_word' id='word_1_274' title='bbox 1907 2167 2022 2220; x_wconf 69' lang='lat' dir='ltr'><strong>xxv,</strong></span> <span class='ocrx_word' id='word_1_275' title='bbox 2053 2150 2133 2235; x_wconf 61' lang='grc'><strong>9),</strong></span> 
     </span>
    </p>
   </div>
   <div class='ocr_carea' id='block_1_38' title="bbox 469 2239 2129 2311">
    <p class='ocr_par' dir='ltr' id='par_1_38' title="bbox 469 2239 2129 2311">
     <span class='ocr_line' id='line_1_38' title="bbox 469 2239 2129 2311; baseline -0.005 -11"><span class='ocrx_word' id='word_1_276' title='bbox 469 2244 605 2300; x_wconf 88' lang='lat' dir='ltr'><strong>huic</strong></span> <span class='ocrx_word' id='word_1_277' title='bbox 638 2243 825 2298; x_wconf 90' lang='lat' dir='ltr'><strong>dicit:</strong></span> <span class='ocrx_word' id='word_1_278' title='bbox 882 2242 1172 2296; x_wconf 72' lang='lat' dir='ltr'><strong>Faciamus</strong></span> <span class='ocrx_word' id='word_1_279' title='bbox 1218 2242 1494 2295; x_wconf 82' lang='lat' dir='ltr'><strong>hominem</strong></span> <span class='ocrx_word' id='word_1_280' title='bbox 1540 2240 1610 2294; x_wconf 87' lang='lat' dir='ltr'><strong>ad</strong></span> <span class='ocrx_word' id='word_1_281' title='bbox 1660 2239 1956 2311; x_wconf 83' lang='lat' dir='ltr'><strong>imaginem</strong></span> <span class='ocrx_word' id='word_1_282' title='bbox 2000 2255 2129 2294; x_wconf 73' lang='lat' dir='ltr'><strong>nos-</strong></span> 
     </span>
    </p>
   </div>
   <div class='ocr_carea' id='block_1_39' title="bbox 469 2328 2133 2400">
    <p class='ocr_par' dir='ltr' id='par_1_39' title="bbox 469 2328 2133 2400">
     <span class='ocr_line' id='line_1_39' title="bbox 469 2328 2133 2400; baseline -0.005 -11"><span class='ocrx_word' id='word_1_283' title='bbox 469 2343 635 2389; x_wconf 82' lang='lat' dir='ltr'><strong>tram.</strong></span> <span class='ocrx_word' id='word_1_284' title='bbox 668 2330 896 2386; x_wconf 90' lang='lat' dir='ltr'><strong>Etenim</strong></span> <span class='ocrx_word' id='word_1_285' title='bbox 930 2328 1030 2384; x_wconf 90' lang='lat' dir='ltr'><strong>ubi</strong></span> <span class='ocrx_word' id='word_1_286' title='bbox 1078 2329 1273 2384; x_wconf 89' lang='lat' dir='ltr'><strong>unitas</strong></span> <span class='ocrx_word' id='word_1_287' title='bbox 1319 2328 1594 2399; x_wconf 88' lang='lat' dir='ltr'><strong>imaginis</strong></span> <span class='ocrx_word' id='word_1_288' title='bbox 1624 2334 1731 2397; x_wconf 89' lang='lat' dir='ltr'><strong>est,</strong></span> <span class='ocrx_word' id='word_1_289' title='bbox 1766 2328 1910 2383; x_wconf 91' lang='lat' dir='ltr'><strong>nihil</strong></span> <span class='ocrx_word' id='word_1_290' title='bbox 1944 2332 2133 2400; x_wconf 86' lang='lat' dir='ltr'><strong>potest</strong></span> 
     </span>
    </p>
   </div>
   <div class='ocr_carea' id='block_1_40' title="bbox 470 2416 2128 2490">
    <p class='ocr_par' dir='ltr' id='par_1_40' title="bbox 470 2416 2128 2490">
     <span class='ocr_line' id='line_1_40' title="bbox 470 2416 2128 2490; baseline -0.004 -11"><span class='ocrx_word' id='word_1_291' title='bbox 470 2439 601 2479; x_wconf 89' lang='lat' dir='ltr'><strong>esse</strong></span> <span class='ocrx_word' id='word_1_292' title='bbox 632 2418 939 2475; x_wconf 87' lang='lat' dir='ltr'><strong>dissimile.</strong></span> <span class='ocrx_word' id='word_1_293' title='bbox 982 2418 1105 2473; x_wconf 88' lang='lat' dir='ltr'><strong>Non</strong></span> <span class='ocrx_word' id='word_1_294' title='bbox 1158 2417 1314 2473; x_wconf 89' lang='lat' dir='ltr'><strong>enim</strong></span> <span class='ocrx_word' id='word_1_295' title='bbox 1363 2418 1509 2473; x_wconf 84' lang='lat' dir='ltr'><strong>dixit</strong></span> <span class='ocrx_word' id='word_1_296' title='bbox 1556 2417 1626 2472; x_wconf 90' lang='lat' dir='ltr'><strong>ad</strong></span> <span class='ocrx_word' id='word_1_297' title='bbox 1657 2416 1943 2490; x_wconf 85' lang='lat' dir='ltr'><strong>imagines</strong></span> <span class='ocrx_word' id='word_1_298' title='bbox 1991 2434 2128 2473; x_wconf 84' lang='lat' dir='ltr'><strong>nos-</strong></span> 
     </span>
    </p>
   </div>
   <div class='ocr_carea' id='block_1_41' title="bbox 468 2505 2126 2577">
    <p class='ocr_par' dir='ltr' id='par_1_41' title="bbox 468 2505 2126 2577">
     <span class='ocr_line' id='line_1_41' title="bbox 468 2505 2126 2577; baseline -0.004 -12"><span class='ocrx_word' id='word_1_299' title='bbox 468 2515 614 2575; x_wconf 84' lang='lat' dir='ltr'><strong>tras,</strong></span> <span class='ocrx_word' id='word_1_300' title='bbox 636 2509 791 2563; x_wconf 89' lang='lat' dir='ltr'><strong>sicut</strong></span> <span class='ocrx_word' id='word_1_301' title='bbox 819 2512 876 2562; x_wconf 90' lang='lat' dir='ltr'><strong>et</strong></span> <span class='ocrx_word' id='word_1_302' title='bbox 904 2506 1207 2577; x_wconf 87' lang='lat' dir='ltr'><strong>Scriptura</strong></span> <span class='ocrx_word' id='word_1_303' title='bbox 1236 2510 1525 2561; x_wconf 86' lang='lat' dir='ltr'><strong>testatur:</strong></span> <span class='ocrx_word' id='word_1_304' title='bbox 1554 2510 1702 2561; x_wconf 84' lang='lat' dir='ltr'><strong>Fecit</strong></span> <span class='ocrx_word' id='word_1_305' title='bbox 1732 2507 1891 2571; x_wconf 77' lang='lat' dir='ltr'><strong>Deus,</strong></span> <span class='ocrx_word' id='word_1_306' title='bbox 1916 2505 2126 2577; x_wconf 90' lang='lat' dir='ltr'><strong>inquit,</strong></span> 
     </span>
    </p>
   </div>
   <div class='ocr_carea' id='block_1_42' title="bbox 470 2595 2129 2665">
    <p class='ocr_par' dir='ltr' id='par_1_42' title="bbox 470 2595 2129 2665">
     <span class='ocr_line' id='line_1_42' title="bbox 470 2595 2129 2665; baseline -0.002 -12"><span class='ocrx_word' id='word_1_307' title='bbox 470 2599 744 2653; x_wconf 83' lang='lat' dir='ltr'><strong>hominem</strong></span> <span class='ocrx_word' id='word_1_308' title='bbox 787 2613 805 2650; x_wconf 91' lang='lat'><em>:</em></span> <span class='ocrx_word' id='word_1_309' title='bbox 856 2611 973 2650; x_wconf 90' lang='lat' dir='ltr'><strong>non</strong></span> <span class='ocrx_word' id='word_1_310' title='bbox 1019 2597 1294 2665; x_wconf 76' lang='lat' dir='ltr'><strong>fecerunt.</strong></span> <span class='ocrx_word' id='word_1_311' title='bbox 1353 2596 1677 2650; x_wconf 88' lang='lat' dir='ltr'><strong>Prudenter</strong></span> <span class='ocrx_word' id='word_1_312' title='bbox 1724 2595 1926 2649; x_wconf 87' lang='lat' dir='ltr'><strong>vitavit</strong></span> <span class='ocrx_word' id='word_1_313' title='bbox 1973 2611 2129 2649; x_wconf 88' lang='lat' dir='ltr'><strong>nunc</strong></span> 
     </span>
    </p>
   </div>
   <div class='ocr_carea' id='block_1_43' title="bbox 471 2683 2128 2757">
    <p class='ocr_par' dir='ltr' id='par_1_43' title="bbox 471 2683 2128 2757">
     <span class='ocr_line' id='line_1_43' title="bbox 471 2683 2128 2757; baseline -0.003 -14"><span class='ocrx_word' id='word_1_314' title='bbox 471 2685 913 2743; x_wconf 90' lang='lat' dir='ltr'><strong>multitudinem</strong></span> <span class='ocrx_word' id='word_1_315' title='bbox 948 2699 1332 2756; x_wconf 88' lang='lat' dir='ltr'><strong>personarum</strong></span> <span class='ocrx_word' id='word_1_316' title='bbox 1366 2699 1379 2738; x_wconf 89' lang='lat'><strong>:</strong></span> <span class='ocrx_word' id='word_1_317' title='bbox 1415 2688 1481 2738; x_wconf 92' lang='lat' dir='ltr'><strong>ut</strong></span> <span class='ocrx_word' id='word_1_318' title='bbox 1510 2683 1579 2756; x_wconf 79' lang='grc' dir='ltr'><strong>(ο)</strong></span> <span class='ocrx_word' id='word_1_319' title='bbox 1613 2684 1711 2739; x_wconf 90' lang='lat' dir='ltr'><strong>ubi</strong></span> <span class='ocrx_word' id='word_1_320' title='bbox 1754 2685 1990 2757; x_wconf 90' lang='lat' dir='ltr'><strong>quidem</strong></span> <span class='ocrx_word' id='word_1_321' title='bbox 2021 2684 2128 2739; x_wconf 91' lang='lat' dir='ltr'><strong>Ju-</strong></span> 
     </span>
    </p>
   </div>
   <div class='ocr_carea' id='block_1_44' title="bbox 471 2771 2129 2844">
    <p class='ocr_par' dir='ltr' id='par_1_44' title="bbox 471 2771 2129 2844">
     <span class='ocr_line' id='line_1_44' title="bbox 471 2771 2129 2844; baseline -0.002 -12"><span class='ocrx_word' id='word_1_322' title='bbox 471 2778 660 2832; x_wconf 59' lang='lat' dir='ltr'><strong>daeum</strong></span> <span class='ocrx_word' id='word_1_323' title='bbox 692 2773 1100 2840; x_wconf 78' lang='lat' dir='ltr'><strong>confunderet,</strong></span> <span class='ocrx_word' id='word_1_324' title='bbox 1130 2771 1224 2827; x_wconf 91' lang='lat' dir='ltr'><strong>hic</strong></span> <span class='ocrx_word' id='word_1_325' title='bbox 1269 2772 1450 2827; x_wconf 88' lang='lat' dir='ltr'><strong>ritum</strong></span> <span class='ocrx_word' id='word_1_326' title='bbox 1490 2771 1838 2844; x_wconf 84' lang='lat' dir='ltr'><strong>gentilitatis</strong></span> <span class='ocrx_word' id='word_1_327' title='bbox 1863 2772 2129 2828; x_wconf 84' lang='lat' dir='ltr'><strong>exclude-</strong></span> 
     </span>
    </p>
   </div>
   <div class='ocr_carea' id='block_1_45' title="bbox 471 2860 2130 2935">
    <p class='ocr_par' dir='ltr' id='par_1_45' title="bbox 471 2860 2130 2935">
     <span class='ocr_line' id='line_1_45' title="bbox 471 2860 2130 2935; baseline -0.003 -13"><span class='ocrx_word' id='word_1_328' title='bbox 471 2871 580 2922; x_wconf 88' lang='lat' dir='ltr'><strong>ret.</strong></span> <span class='ocrx_word' id='word_1_329' title='bbox 614 2865 747 2921; x_wconf 89' lang='lat' dir='ltr'><strong>Ideo</strong></span> <span class='ocrx_word' id='word_1_330' title='bbox 780 2861 1258 2919; x_wconf 79' lang='lat' dir='ltr'><strong>commemoravit</strong></span> <span class='ocrx_word' id='word_1_331' title='bbox 1287 2860 1594 2935; x_wconf 84' lang='lat' dir='ltr'><strong>unitatem,</strong></span> <span class='ocrx_word' id='word_1_332' title='bbox 1630 2866 1693 2917; x_wconf 87' lang='lat' dir='ltr'><strong>ut</strong></span> <span class='ocrx_word' id='word_1_333' title='bbox 1720 2866 1776 2918; x_wconf 90' lang='lat' dir='ltr'><strong>et</strong></span> <span class='ocrx_word' id='word_1_334' title='bbox 1806 2862 2017 2918; x_wconf 89' lang='lat' dir='ltr'><strong>Filium</strong></span> <span class='ocrx_word' id='word_1_335' title='bbox 2051 2864 2130 2919; x_wconf 91' lang='lat' dir='ltr'><strong>si-</strong></span> 
     </span>
    </p>
   </div>
   <div class='ocr_carea' id='block_1_46' title="bbox 472 2952 2129 3024">
    <p class='ocr_par' dir='ltr' id='par_1_46' title="bbox 472 2952 2129 3024">
     <span class='ocr_line' id='line_1_46' title="bbox 472 2952 2129 3024; baseline -0.001 -13"><span class='ocrx_word' id='word_1_336' title='bbox 472 2953 594 3011; x_wconf 92' lang='lat' dir='ltr'><strong>mul</strong></span> <span class='ocrx_word' id='word_1_337' title='bbox 628 2969 757 3010; x_wconf 86' lang='lat' dir='ltr'><strong>esse</strong></span> <span class='ocrx_word' id='word_1_338' title='bbox 782 2969 916 3009; x_wconf 92' lang='lat' dir='ltr'><strong>cum</strong></span> <span class='ocrx_word' id='word_1_339' title='bbox 945 2952 1112 3007; x_wconf 84' lang='lat' dir='ltr'><strong>Patre</strong></span> <span class='ocrx_word' id='word_1_340' title='bbox 1142 2966 1521 3023; x_wconf 88' lang='lat' dir='ltr'><strong>cognosceres</strong></span> <span class='ocrx_word' id='word_1_341' title='bbox 1555 2968 1567 3006; x_wconf 91' lang='lat'><strong>:</strong></span> <span class='ocrx_word' id='word_1_342' title='bbox 1602 2956 1660 3007; x_wconf 89' lang='lat' dir='ltr'><strong>et</strong></span> <span class='ocrx_word' id='word_1_343' title='bbox 1702 2952 2025 3024; x_wconf 89' lang='lat' dir='ltr'><strong>periculum</strong></span> <span class='ocrx_word' id='word_1_344' title='bbox 2060 2954 2129 3009; x_wconf 91' lang='lat' dir='ltr'><strong>de</strong></span> 
     </span>
    </p>
   </div>
   <div class='ocr_carea' id='block_1_47' title="bbox 546 3110 2130 3185">
    <p class='ocr_par' dir='ltr' id='par_1_47' title="bbox 546 3110 2130 3185">
     <span class='ocr_line' id='line_1_47' title="bbox 546 3110 2130 3185; baseline 0.001 -18"><span class='ocrx_word' id='word_1_345' title='bbox 546 3116 627 3185; x_wconf 81' lang='grc' dir='ltr'>(α)</span> <span class='ocrx_word' id='word_1_346' title='bbox 660 3113 831 3179; x_wconf 88' lang='lat' dir='ltr'><strong>Editi,</strong></span> <span class='ocrx_word' id='word_1_347' title='bbox 862 3121 913 3168; x_wconf 82' lang='lat' dir='ltr'><strong>et</strong></span> <span class='ocrx_word' id='word_1_348' title='bbox 940 3129 1066 3167; x_wconf 87' lang='lat' dir='ltr'><strong>cum</strong></span> <span class='ocrx_word' id='word_1_349' title='bbox 1102 3110 1302 3185; x_wconf 53' lang='lat' dir='ltr'><strong>liberos</strong></span> <span class='ocrx_word' id='word_1_350' title='bbox 1330 3118 1570 3168; x_wconf 86' lang='lat' dir='ltr'><strong>nostros.</strong></span> <span class='ocrx_word' id='word_1_351' title='bbox 1603 3111 1765 3167; x_wconf 90' lang='lat' dir='ltr'><strong>Colb.</strong></span> <span class='ocrx_word' id='word_1_352' title='bbox 1798 3113 2047 3184; x_wconf 88' lang='lat' dir='ltr'><strong>primus,</strong></span> <span class='ocrx_word' id='word_1_353' title='bbox 2077 3119 2130 3168; x_wconf 89' lang='lat' dir='ltr'><strong>et</strong></span> 
     </span>
    </p>
   </div>
   <div class='ocr_carea' id='block_1_48' title="bbox 2243 1879 3909 1954">
    <p class='ocr_par' dir='ltr' id='par_1_48' title="bbox 2243 1879 3909 1954">
     <span class='ocr_line' id='line_1_48' title="bbox 2243 1879 3909 1954; baseline -0.002 -18"><span class='ocrx_word' id='word_1_354' title='bbox 2243 1899 2352 1954; x_wconf 84' lang='lat' dir='ltr'><strong>pus</strong></span> <span class='ocrx_word' id='word_1_355' title='bbox 2384 1881 2589 1937; x_wconf 90' lang='lat' dir='ltr'><strong>indicit</strong></span> <span class='ocrx_word' id='word_1_356' title='bbox 2621 1898 2634 1937; x_wconf 94' lang='lat'>:</span> <span class='ocrx_word' id='word_1_357' title='bbox 2668 1882 2891 1937; x_wconf 91' lang='lat' dir='ltr'><strong>dudum</strong></span> <span class='ocrx_word' id='word_1_358' title='bbox 2926 1882 2995 1936; x_wconf 89' lang='lat' dir='ltr'><strong>ad</strong></span> <span class='ocrx_word' id='word_1_359' title='bbox 3031 1897 3308 1937; x_wconf 89' lang='lat' dir='ltr'><strong>occasum</strong></span> <span class='ocrx_word' id='word_1_360' title='bbox 3338 1880 3458 1935; x_wconf 90' lang='lat' dir='ltr'><strong>sole</strong></span> <span class='ocrx_word' id='word_1_361' title='bbox 3486 1879 3909 1950; x_wconf 87' lang='lat' dir='ltr'><strong>delapso.Qua-</strong></span> 
     </span>
    </p>
   </div>
   <div class='ocr_carea' id='block_1_49' title="bbox 2244 1967 3909 2043">
    <p class='ocr_par' dir='ltr' id='par_1_49' title="bbox 2244 1967 3909 2043">
     <span class='ocr_line' id='line_1_49' title="bbox 2244 1967 3909 2043; baseline -0.002 -17"><span class='ocrx_word' id='word_1_362' title='bbox 2244 1975 2479 2042; x_wconf 88' lang='lat' dir='ltr'><strong>propter</strong></span> <span class='ocrx_word' id='word_1_363' title='bbox 2508 1970 2601 2043; x_wconf 88' lang='lat' dir='ltr'><strong>hic</strong></span> <span class='ocrx_word' id='word_1_364' title='bbox 2643 1988 2748 2026; x_wconf 88' lang='lat' dir='ltr'><strong>nos</strong></span> <span class='ocrx_word' id='word_1_365' title='bbox 2796 1971 2973 2025; x_wconf 88' lang='lat' dir='ltr'><strong>etiam</strong></span> <span class='ocrx_word' id='word_1_366' title='bbox 3025 1970 3316 2026; x_wconf 89' lang='lat' dir='ltr'><strong>sermonis</strong></span> <span class='ocrx_word' id='word_1_367' title='bbox 3352 1970 3432 2041; x_wconf 79' lang='grc' dir='ltr'><strong>(ε)</strong></span> <span class='ocrx_word' id='word_1_368' title='bbox 3462 1967 3762 2024; x_wconf 88' lang='lat' dir='ltr'><strong>curricula</strong></span> <span class='ocrx_word' id='word_1_369' title='bbox 3793 1974 3909 2023; x_wconf 84' lang='lat' dir='ltr'><strong>ter-</strong></span> 
     </span>
    </p>
   </div>
   <div class='ocr_carea' id='block_1_50' title="bbox 2246 2058 3910 2130">
    <p class='ocr_par' dir='ltr' id='par_1_50' title="bbox 2246 2058 3910 2130">
     <span class='ocr_line' id='line_1_50' title="bbox 2246 2058 3910 2130; baseline -0.001 -17"><span class='ocrx_word' id='word_1_370' title='bbox 2246 2059 2561 2125; x_wconf 90' lang='lat' dir='ltr'><strong>minemus,</strong></span> <span class='ocrx_word' id='word_1_371' title='bbox 2616 2059 2708 2115; x_wconf 90' lang='lat' dir='ltr'><strong>bis</strong></span> <span class='ocrx_word' id='word_1_372' title='bbox 2757 2060 3011 2115; x_wconf 86' lang='lat' dir='ltr'><strong>contenti</strong></span> <span class='ocrx_word' id='word_1_373' title='bbox 3071 2076 3198 2130; x_wconf 75' lang='lat' dir='ltr'><strong>quae</strong></span> <span class='ocrx_word' id='word_1_374' title='bbox 3249 2060 3405 2114; x_wconf 87' lang='lat' dir='ltr'><strong>dicta</strong></span> <span class='ocrx_word' id='word_1_375' title='bbox 3460 2062 3621 2113; x_wconf 91' lang='lat' dir='ltr'><strong>sunt.</strong></span> <span class='ocrx_word' id='word_1_376' title='bbox 3654 2058 3910 2113; x_wconf 88' lang='lat' dir='ltr'><strong>Tantum</strong></span> 
     </span>
    </p>
   </div>
   <div class='ocr_carea' id='block_1_51' title="bbox 2243 2146 3914 2221">
    <p class='ocr_par' dir='ltr' id='par_1_51' title="bbox 2243 2146 3914 2221">
     <span class='ocr_line' id='line_1_51' title="bbox 2243 2146 3914 2221; baseline -0.001 -18"><span class='ocrx_word' id='word_1_377' title='bbox 2243 2149 2399 2203; x_wconf 90' lang='lat' dir='ltr'><strong>enim</strong></span> <span class='ocrx_word' id='word_1_378' title='bbox 2431 2149 2491 2203; x_wconf 92' lang='lat' dir='ltr'><strong>in</strong></span> <span class='ocrx_word' id='word_1_379' title='bbox 2526 2148 2833 2221; x_wconf 68' lang='lat' dir='ltr'><strong>praesentia</strong></span> <span class='ocrx_word' id='word_1_380' title='bbox 2863 2148 3277 2214; x_wconf 89' lang='lat' dir='ltr'><strong>disseruimus,</strong></span> <span class='ocrx_word' id='word_1_381' title='bbox 3310 2152 3597 2221; x_wconf 90' lang='lat' dir='ltr'><strong>quantum</strong></span> <span class='ocrx_word' id='word_1_382' title='bbox 3632 2146 3914 2202; x_wconf 77' lang='lat' dir='ltr'><strong>intentio-</strong></span> 
     </span>
    </p>
   </div>
   <div class='ocr_carea' id='block_1_52' title="bbox 2208 2232 3915 2311">
    <p class='ocr_par' dir='ltr' id='par_1_52' title="bbox 2208 2232 3915 2311">
     <span class='ocr_line' id='line_1_52' title="bbox 2208 2232 3915 2311; baseline -0.002 -18"><span class='ocrx_word' id='word_1_383' title='bbox 2208 2232 2213 2237; x_wconf 71' lang='grc'><em>’</em></span> <span class='ocrx_word' id='word_1_384' title='bbox 2246 2255 2372 2294; x_wconf 91' lang='lat' dir='ltr'><strong>nem</strong></span> <span class='ocrx_word' id='word_1_385' title='bbox 2407 2243 2661 2293; x_wconf 87' lang='lat' dir='ltr'><strong>vestram</strong></span> <span class='ocrx_word' id='word_1_386' title='bbox 2694 2255 3009 2311; x_wconf 89' lang='lat' dir='ltr'><strong>possumus</strong></span> <span class='ocrx_word' id='word_1_387' title='bbox 3041 2255 3267 2294; x_wconf 89' lang='lat' dir='ltr'><strong>acuere.</strong></span> <span class='ocrx_word' id='word_1_388' title='bbox 3311 2236 3638 2293; x_wconf 88' lang='lat' dir='ltr'><strong>Pleniorem</strong></span> <span class='ocrx_word' id='word_1_389' title='bbox 3670 2253 3811 2291; x_wconf 89' lang='lat' dir='ltr'><strong>vero</strong></span> <span class='ocrx_word' id='word_1_390' title='bbox 3842 2237 3915 2291; x_wconf 90' lang='lat' dir='ltr'><strong>de</strong></span> 
     </span>
    </p>
   </div>
   <div class='ocr_carea' id='block_1_53' title="bbox 2241 2325 3910 2399">
    <p class='ocr_par' dir='ltr' id='par_1_53' title="bbox 2241 2325 3910 2399">
     <span class='ocr_line' id='line_1_53' title="bbox 2241 2325 3910 2399; baseline -0.001 -18"><span class='ocrx_word' id='word_1_391' title='bbox 2241 2326 2556 2399; x_wconf 89' lang='lat' dir='ltr'><strong>propositis</strong></span> <span class='ocrx_word' id='word_1_392' title='bbox 2601 2328 2982 2397; x_wconf 68' lang='lat' dir='ltr'><strong>qumstionem</strong></span> <span class='ocrx_word' id='word_1_393' title='bbox 3035 2326 3180 2383; x_wconf 89' lang='lat' dir='ltr'><strong>alias</strong></span> <span class='ocrx_word' id='word_1_394' title='bbox 3210 2327 3395 2395; x_wconf 88' lang='lat' dir='ltr'><strong>vobis,</strong></span> <span class='ocrx_word' id='word_1_395' title='bbox 3429 2330 3632 2381; x_wconf 89' lang='lat' dir='ltr'><strong>sancto</strong></span> <span class='ocrx_word' id='word_1_396' title='bbox 3682 2325 3910 2397; x_wconf 85' lang='lat' dir='ltr'><strong>Spiritu</strong></span> 
     </span>
    </p>
   </div>
   <div class='ocr_carea' id='block_1_54' title="bbox 2241 2413 3915 2499">
    <p class='ocr_par' dir='ltr' id='par_1_54' title="bbox 2241 2413 3915 2499">
     <span class='ocr_line' id='line_1_54' title="bbox 2241 2413 3915 2499; baseline -0.002 -28"><span class='ocrx_word' id='word_1_397' title='bbox 2241 2416 2308 2499; x_wconf 79' lang='lat' dir='ltr'><strong>(f)</strong></span> <span class='ocrx_word' id='word_1_398' title='bbox 2339 2414 2714 2487; x_wconf 88' lang='lat' dir='ltr'><strong>astipulante,</strong></span> <span class='ocrx_word' id='word_1_399' title='bbox 2748 2417 3081 2472; x_wconf 90' lang='lat' dir='ltr'><strong>reddemus.</strong></span> <span class='ocrx_word' id='word_1_400' title='bbox 3128 2421 3212 2472; x_wconf 90' lang='lat' dir='ltr'><strong>Ite</strong></span> <span class='ocrx_word' id='word_1_401' title='bbox 3243 2433 3399 2471; x_wconf 87' lang='lat' dir='ltr'><strong>nunc</strong></span> <span class='ocrx_word' id='word_1_402' title='bbox 3435 2413 3827 2479; x_wconf 84' lang='lat' dir='ltr'><strong>exsultantes,</strong></span> <span class='ocrx_word' id='word_1_403' title='bbox 3860 2418 3915 2468; x_wconf 90' lang='lat' dir='ltr'><strong>et</strong></span> 
     </span>
    </p>
   </div>
   <div class='ocr_carea' id='block_1_55' title="bbox 2241 2503 3916 2578">
    <p class='ocr_par' dir='ltr' id='par_1_55' title="bbox 2241 2503 3916 2578">
     <span class='ocr_line' id='line_1_55' title="bbox 2241 2503 3916 2578; baseline -0.002 -19"><span class='ocrx_word' id='word_1_404' title='bbox 2241 2521 2343 2577; x_wconf 92' lang='lat' dir='ltr'><strong>pro</strong></span> <span class='ocrx_word' id='word_1_405' title='bbox 2397 2504 2648 2576; x_wconf 90' lang='lat' dir='ltr'><strong>dapibus</strong></span> <span class='ocrx_word' id='word_1_406' title='bbox 2692 2504 2945 2577; x_wconf 90' lang='lat' dir='ltr'><strong>copiosis</strong></span> <span class='ocrx_word' id='word_1_407' title='bbox 2994 2505 3296 2578; x_wconf 89' lang='lat' dir='ltr'><strong>pomisque</strong></span> <span class='ocrx_word' id='word_1_408' title='bbox 3328 2503 3589 2572; x_wconf 87' lang='lat' dir='ltr'><strong>diversis,</strong></span> <span class='ocrx_word' id='word_1_409' title='bbox 3620 2504 3916 2559; x_wconf 83' lang='lat' dir='ltr'><strong>memoria</strong></span> 
     </span>
    </p>
   </div>
   <div class='ocr_carea' id='block_1_56' title="bbox 2242 2592 3917 2650">
    <p class='ocr_par' dir='ltr' id='par_1_56' title="bbox 2242 2592 3917 2650">
     <span class='ocr_line' id='line_1_56' title="bbox 2242 2592 3917 2650; baseline -0.001 -2"><span class='ocrx_word' id='word_1_410' title='bbox 2242 2592 2554 2649; x_wconf 87' lang='lat' dir='ltr'><strong>relatorum</strong></span> <span class='ocrx_word' id='word_1_411' title='bbox 2605 2610 2841 2649; x_wconf 88' lang='lat' dir='ltr'><strong>mensas</strong></span> <span class='ocrx_word' id='word_1_412' title='bbox 2887 2598 3115 2650; x_wconf 88' lang='lat' dir='ltr'><strong>vestras</strong></span> <span class='ocrx_word' id='word_1_413' title='bbox 3163 2594 3458 2650; x_wconf 89' lang='lat' dir='ltr'><strong>instruite.</strong></span> <span class='ocrx_word' id='word_1_414' title='bbox 3501 2592 3917 2649; x_wconf 79' lang='lat' dir='ltr'><strong>Confundatur</strong></span> 
     </span>
    </p>
   </div>
   <div class='ocr_carea' id='block_1_57' title="bbox 2240 2681 3915 2755">
    <p class='ocr_par' dir='ltr' id='par_1_57' title="bbox 2240 2681 3915 2755">
     <span class='ocr_line' id='line_1_57' title="bbox 2240 2681 3915 2755; baseline -0.001 -18"><span class='ocrx_word' id='word_1_415' title='bbox 2240 2682 2480 2755; x_wconf 90' lang='lat' dir='ltr'><strong>impius,</strong></span> <span class='ocrx_word' id='word_1_416' title='bbox 2515 2683 2823 2737; x_wconf 84' lang='lat' dir='ltr'><strong>erubescat</strong></span> <span class='ocrx_word' id='word_1_417' title='bbox 2850 2682 3110 2751; x_wconf 64' lang='lat' dir='ltr'><strong>Judmus,</strong></span> <span class='ocrx_word' id='word_1_418' title='bbox 3160 2682 3415 2739; x_wconf 84' lang='lat' dir='ltr'><strong>exsultet</strong></span> <span class='ocrx_word' id='word_1_419' title='bbox 3444 2682 3651 2753; x_wconf 90' lang='lat' dir='ltr'><strong>justus</strong></span> <span class='ocrx_word' id='word_1_420' title='bbox 3697 2681 3915 2753; x_wconf 72' lang='lat' dir='ltr'><strong>praedi-</strong></span> 
     </span>
    </p>
   </div>
   <div class='ocr_carea' id='block_1_58' title="bbox 2241 2770 3916 2845">
    <p class='ocr_par' dir='ltr' id='par_1_58' title="bbox 2241 2770 3916 2845">
     <span class='ocr_line' id='line_1_58' title="bbox 2241 2770 3916 2845; baseline -0.001 -18"><span class='ocrx_word' id='word_1_421' title='bbox 2241 2771 2575 2827; x_wconf 89' lang='lat' dir='ltr'><strong>cationibus</strong></span> <span class='ocrx_word' id='word_1_422' title='bbox 2616 2770 2879 2827; x_wconf 88' lang='lat' dir='ltr'><strong>veritatis</strong></span> <span class='ocrx_word' id='word_1_423' title='bbox 2924 2788 2937 2827; x_wconf 92' lang='lat'>:</span> <span class='ocrx_word' id='word_1_424' title='bbox 2987 2771 3348 2845; x_wconf 84' lang='lat' dir='ltr'><strong>gloriﬁcetur</strong></span> <span class='ocrx_word' id='word_1_425' title='bbox 3408 2773 3715 2837; x_wconf 88' lang='lat' dir='ltr'><strong>Dominus,</strong></span> <span class='ocrx_word' id='word_1_426' title='bbox 3753 2787 3916 2827; x_wconf 90' lang='lat' dir='ltr'><strong>nunc</strong></span> 
     </span>
    </p>
   </div>
   <div class='ocr_carea' id='block_1_59' title="bbox 2240 2859 3612 2933">
    <p class='ocr_par' dir='ltr' id='par_1_59' title="bbox 2240 2859 3612 2933">
     <span class='ocr_line' id='line_1_59' title="bbox 2240 2859 3612 2933; baseline 0.001 -17"><span class='ocrx_word' id='word_1_427' title='bbox 2240 2865 2297 2917; x_wconf 89' lang='lat' dir='ltr'><strong>et</strong></span> <span class='ocrx_word' id='word_1_428' title='bbox 2324 2876 2555 2933; x_wconf 88' lang='lat' dir='ltr'><strong>semper</strong></span> <span class='ocrx_word' id='word_1_429' title='bbox 2586 2863 2643 2916; x_wconf 89' lang='lat' dir='ltr'><strong>et</strong></span> <span class='ocrx_word' id='word_1_430' title='bbox 2667 2860 2726 2915; x_wconf 90' lang='lat' dir='ltr'><strong>in</strong></span> <span class='ocrx_word' id='word_1_431' title='bbox 2755 2859 2969 2917; x_wconf 67' lang='lat' dir='ltr'><strong>saecula</strong></span> <span class='ocrx_word' id='word_1_432' title='bbox 2999 2861 3369 2918; x_wconf 74' lang='lat' dir='ltr'><strong>saaculorum.</strong></span> <span class='ocrx_word' id='word_1_433' title='bbox 3400 2863 3612 2917; x_wconf 85' lang='lat' dir='ltr'><strong>Amen.</strong></span> 
     </span>
    </p>
   </div>
   <div class='ocr_carea' id='block_1_60' title="bbox 2312 3107 3918 3182">
    <p class='ocr_par' dir='ltr' id='par_1_60' title="bbox 2312 3107 3918 3182">
     <span class='ocr_line' id='line_1_60' title="bbox 2312 3107 3918 3182; baseline -0.001 -17"><span class='ocrx_word' id='word_1_434' title='bbox 2312 3110 2381 3182; x_wconf 88' lang='lat' dir='ltr'><strong>(c)</strong></span> <span class='ocrx_word' id='word_1_435' title='bbox 2412 3108 2565 3164; x_wconf 88' lang='lat' dir='ltr'><strong>Editi</strong></span> <span class='ocrx_word' id='word_1_436' title='bbox 2595 3111 2651 3163; x_wconf 89' lang='lat' dir='ltr'><strong>et</strong></span> <span class='ocrx_word' id='word_1_437' title='bbox 2676 3107 2860 3177; x_wconf 89' lang='lat' dir='ltr'><strong>Colb.,</strong></span> <span class='ocrx_word' id='word_1_438' title='bbox 2900 3118 2960 3165; x_wconf 84' lang='lat' dir='ltr'><strong>ut</strong></span> <span class='ocrx_word' id='word_1_439' title='bbox 3007 3111 3108 3166; x_wconf 87' lang='lat' dir='ltr'><strong>ibi.</strong></span> <span class='ocrx_word' id='word_1_440' title='bbox 3153 3110 3333 3167; x_wconf 82' lang='lat' dir='ltr'><strong>Vetus</strong></span> <span class='ocrx_word' id='word_1_441' title='bbox 3381 3113 3580 3166; x_wconf 86' lang='lat' dir='ltr'><strong>noster</strong></span> <span class='ocrx_word' id='word_1_442' title='bbox 3610 3109 3823 3178; x_wconf 85' lang='lat' dir='ltr'><strong>codex,</strong></span> <span class='ocrx_word' id='word_1_443' title='bbox 3858 3114 3918 3164; x_wconf 75' lang='lat' dir='ltr'><strong>ut</strong></span> 
     </span>
    </p>
   </div>
   <div class='ocr_carea' id='block_1_61' title="bbox 472 3183 2360 3265">
    <p class='ocr_par' dir='ltr' id='par_1_61' title="bbox 472 3183 2360 3265">
     <span class='ocr_line' id='line_1_61' title="bbox 472 3183 2360 3265; baseline -0.002 -26"><span class='ocrx_word' id='word_1_444' title='bbox 472 3183 596 3265; x_wconf 79' lang='lat' dir='ltr'><strong>cum</strong></span> <span class='ocrx_word' id='word_1_445' title='bbox 628 3186 849 3265; x_wconf 77' lang='lat' dir='ltr'><strong>libertos</strong></span> <span class='ocrx_word' id='word_1_446' title='bbox 880 3189 1112 3265; x_wconf 59' lang='lat' dir='ltr'><strong>nostros.</strong></span> <span class='ocrx_word' id='word_1_447' title='bbox 1144 3183 1326 3265; x_wconf 79' lang='lat' dir='ltr'><strong>Vetus</strong></span> <span class='ocrx_word' id='word_1_448' title='bbox 1372 3190 1569 3265; x_wconf 79' lang='lat' dir='ltr'><strong>noster</strong></span> <span class='ocrx_word' id='word_1_449' title='bbox 1615 3183 1814 3265; x_wconf 66' lang='lat' dir='ltr'><strong>codex,</strong></span> <span class='ocrx_word' id='word_1_450' title='bbox 1859 3186 2130 3265; x_wconf 47' lang='lat' dir='ltr'><strong>et-‘_conti-</strong></span> <span class='ocrx_word' id='word_1_451' title='bbox 2163 3200 2205 3265; x_wconf 72' lang='grc' dir='ltr'><strong>ρ</strong></span> <span class='ocrx_word' id='word_1_452' title='bbox 2245 3184 2360 3265; x_wconf 73' lang='lat' dir='ltr'><strong>ubi.</strong></span> 
     </span>
    </p>
   </div>
   <div class='ocr_carea' id='block_1_62' title="bbox 476 3251 2133 3325">
    <p class='ocr_par' dir='ltr' id='par_1_62' title="bbox 476 3251 2133 3325">
     <span class='ocr_line' id='line_1_62' title="bbox 476 3251 2133 3325; baseline 0.001 -14"><span class='ocrx_word' id='word_1_453' title='bbox 476 3257 649 3311; x_wconf 77' lang='lat' dir='ltr'><strong>bertos</strong></span> <span class='ocrx_word' id='word_1_454' title='bbox 678 3260 909 3311; x_wconf 82' lang='lat' dir='ltr'><strong>nostros.</strong></span> <span class='ocrx_word' id='word_1_455' title='bbox 942 3259 1155 3323; x_wconf 66' lang='lat' dir='ltr'><strong>Graece,</strong></span> <span class='ocrx_word' id='word_1_456' title='bbox 1195 3253 1284 3306; x_wconf 82' lang='grc' dir='ltr'>καὶ</span> <span class='ocrx_word' id='word_1_457' title='bbox 1332 3252 1461 3314; x_wconf 80' lang='grc' dir='ltr'><strong>τοὸς</strong></span> <span class='ocrx_word' id='word_1_458' title='bbox 1508 3251 1868 3325; x_wconf 79' lang='grc' dir='ltr'>ὁμοδούλους.</span> <span class='ocrx_word' id='word_1_459' title='bbox 1916 3256 2044 3312; x_wconf 67' lang='lat' dir='ltr'><strong>Haec</strong></span> <span class='ocrx_word' id='word_1_460' title='bbox 2076 3263 2133 3312; x_wconf 90' lang='lat' dir='ltr'><strong>et</strong></span> 
     </span>
    </p>
   </div>
   <div class='ocr_carea' id='block_1_63' title="bbox 474 3326 2129 3398">
    <p class='ocr_par' dir='ltr' id='par_1_63' title="bbox 474 3326 2129 3398">
     <span class='ocr_line' id='line_1_63' title="bbox 474 3326 2129 3398; baseline 0.001 -16"><span class='ocrx_word' id='word_1_461' title='bbox 474 3327 699 3398; x_wconf 86' lang='lat' dir='ltr'><strong>reliqua</strong></span> <span class='ocrx_word' id='word_1_462' title='bbox 731 3326 925 3382; x_wconf 89' lang='lat' dir='ltr'><strong>omnia</strong></span> <span class='ocrx_word' id='word_1_463' title='bbox 955 3327 1026 3382; x_wconf 89' lang='lat' dir='ltr'><strong>ad</strong></span> <span class='ocrx_word' id='word_1_464' title='bbox 1064 3327 1240 3381; x_wconf 83' lang='lat' dir='ltr'><strong>ﬁnem</strong></span> <span class='ocrx_word' id='word_1_465' title='bbox 1274 3342 1461 3397; x_wconf 91' lang='lat' dir='ltr'><strong>usque</strong></span> <span class='ocrx_word' id='word_1_466' title='bbox 1495 3327 1703 3382; x_wconf 89' lang='lat' dir='ltr'><strong>desunt</strong></span> <span class='ocrx_word' id='word_1_467' title='bbox 1734 3327 1792 3381; x_wconf 92' lang='lat' dir='ltr'><strong>in</strong></span> <span class='ocrx_word' id='word_1_468' title='bbox 1844 3328 2002 3382; x_wconf 89' lang='lat' dir='ltr'><strong>Colb.</strong></span> <span class='ocrx_word' id='word_1_469' title='bbox 2038 3345 2129 3383; x_wconf 88' lang='lat' dir='ltr'><strong>se-</strong></span> 
     </span>
    </p>
   </div>
   <div class='ocr_carea' id='block_1_64' title="bbox 475 3399 2128 3540">
    <p class='ocr_par' dir='ltr' id='par_1_64' title="bbox 475 3399 2128 3540">
     <span class='ocr_line' id='line_1_64' title="bbox 475 3399 2128 3540; baseline 0.002 -19"><span class='ocrx_word' id='word_1_470' title='bbox 475 3399 826 3540; x_wconf 56' lang='grc' dir='ltr'><strong>ευδιῗοέὀίιὶ,</strong></span> <span class='ocrx_word' id='word_1_471' title='bbox 858 3468 919 3523; x_wconf 85' lang='lat' dir='ltr'><strong>id</strong></span> <span class='ocrx_word' id='word_1_472' title='bbox 947 3476 1043 3534; x_wconf 81' lang='lat' dir='ltr'><strong>est,</strong></span> <span class='ocrx_word' id='word_1_473' title='bbox 1096 3483 1206 3522; x_wconf 81' lang='lat' dir='ltr'><strong>non</strong></span> <span class='ocrx_word' id='word_1_474' title='bbox 1259 3466 1477 3540; x_wconf 63' lang='lat' dir='ltr'><strong>habitu:</strong></span> <span class='ocrx_word' id='word_1_475' title='bbox 1521 3484 1799 3539; x_wconf 86' lang='lat' dir='ltr'><strong>corporeo.</strong></span> <span class='ocrx_word' id='word_1_476' title='bbox 1842 3472 1915 3523; x_wconf 80' lang='lat' dir='ltr'><strong>At</strong></span> <span class='ocrx_word' id='word_1_477' title='bbox 1946 3469 2128 3525; x_wconf 87' lang='lat' dir='ltr'><strong>nostri</strong></span> 
     </span>
    </p>
   </div>
   <div class='ocr_carea' id='block_1_65' title="bbox 476 3537 1760 3611">
    <p class='ocr_par' dir='ltr' id='par_1_65' title="bbox 476 3537 1760 3611">
     <span class='ocr_line' id='line_1_65' title="bbox 476 3537 1760 3611; baseline 0 -15"><span class='ocrx_word' id='word_1_478' title='bbox 476 3537 790 3607; x_wconf 43' lang='lat' dir='ltr'><strong>du&#39;o&#39;mss.,</strong></span> <span class='ocrx_word' id='word_1_479' title='bbox 821 3540 877 3595; x_wconf 85' lang='lat' dir='ltr'><strong>id</strong></span> <span class='ocrx_word' id='word_1_480' title='bbox 906 3544 1005 3605; x_wconf 77' lang='lat' dir='ltr'><strong>est,</strong></span> <span class='ocrx_word' id='word_1_481' title='bbox 1036 3555 1148 3594; x_wconf 86' lang='lat' dir='ltr'><strong>non</strong></span> <span class='ocrx_word' id='word_1_482' title='bbox 1176 3540 1236 3592; x_wconf 89' lang='lat' dir='ltr'><strong>in</strong></span> <span class='ocrx_word' id='word_1_483' title='bbox 1267 3537 1457 3593; x_wconf 85' lang='lat' dir='ltr'><strong>habitu</strong></span> <span class='ocrx_word' id='word_1_484' title='bbox 1485 3537 1760 3611; x_wconf 84' lang='lat' dir='ltr'><strong>corporeo.</strong></span> 
     </span>
    </p>
   </div>
   <div class='ocr_carea' id='block_1_66' title="bbox 2316 3250 3122 3324">
    <p class='ocr_par' dir='ltr' id='par_1_66' title="bbox 2316 3250 3122 3324">
     <span class='ocr_line' id='line_1_66' title="bbox 2316 3250 3122 3324; baseline 0 -16"><span class='ocrx_word' id='word_1_485' title='bbox 2316 3252 2392 3324; x_wconf 81' lang='grc' dir='ltr'><strong>(ά)</strong></span> <span class='ocrx_word' id='word_1_486' title='bbox 2417 3250 2614 3324; x_wconf 65' lang='lat' dir='ltr'><strong>godex</strong></span> <span class='ocrx_word' id='word_1_487' title='bbox 2646 3256 2865 3318; x_wconf 89' lang='lat' dir='ltr'><strong>noster,</strong></span> <span class='ocrx_word' id='word_1_488' title='bbox 2900 3253 3122 3323; x_wconf 82' lang='lat' dir='ltr'><strong>recepit.</strong></span> 
     </span>
    </p>
   </div>
   <div class='ocr_carea' id='block_1_67' title="bbox 2314 3321 3917 3396">
    <p class='ocr_par' dir='ltr' id='par_1_67' title="bbox 2314 3321 3917 3396">
     <span class='ocr_line' id='line_1_67' title="bbox 2314 3321 3917 3396; baseline 0.001 -16"><span class='ocrx_word' id='word_1_489' title='bbox 2314 3321 2385 3396; x_wconf 77' lang='grc' dir='ltr'><strong>(ε)</strong></span> <span class='ocrx_word' id='word_1_490' title='bbox 2414 3321 2840 3396; x_wconf 84' lang='lat' dir='ltr'><strong>Editi,_cursum</strong></span> <span class='ocrx_word' id='word_1_491' title='bbox 2869 3321 3247 3380; x_wconf 77' lang='lat' dir='ltr'><strong>terminemus.</strong></span> <span class='ocrx_word' id='word_1_492' title='bbox 3298 3324 3453 3380; x_wconf 90' lang='lat' dir='ltr'><strong>Libri</strong></span> <span class='ocrx_word' id='word_1_493' title='bbox 3497 3327 3748 3393; x_wconf 87' lang='lat' dir='ltr'><strong>veteres,</strong></span> <span class='ocrx_word' id='word_1_494' title='bbox 3782 3341 3917 3381; x_wconf 81' lang='lat' dir='ltr'><strong>cur-</strong></span> 
     </span>
    </p>
   </div>
   <div class='ocr_carea' id='block_1_68' title="bbox 2240 3394 2833 3451">
    <p class='ocr_par' dir='ltr' id='par_1_68' title="bbox 2240 3394 2833 3451">
     <span class='ocr_line' id='line_1_68' title="bbox 2240 3394 2833 3451; baseline -0.003 0"><span class='ocrx_word' id='word_1_495' title='bbox 2240 3394 2419 3451; x_wconf 79' lang='lat' dir='ltr'><strong>ricula</strong></span> <span class='ocrx_word' id='word_1_496' title='bbox 2450 3394 2833 3450; x_wconf 74' lang='lat' dir='ltr'><strong>terminemus.</strong></span> 
     </span>
    </p>
   </div>
   <div class='ocr_carea' id='block_1_69' title="bbox 2241 3465 3919 3594">
    <p class='ocr_par' dir='ltr' id='par_1_69' title="bbox 2241 3465 3919 3594">
     <span class='ocr_line' id='line_1_69' title="bbox 2241 3465 3919 3594; baseline 0 -73"><span class='ocrx_word' id='word_1_497' title='bbox 2241 3539 2259 3594; x_wconf 65' lang='grc' dir='ltr'><em>ι</em></span> <span class='ocrx_word' id='word_1_498' title='bbox 2313 3468 2380 3593; x_wconf 55' lang='grc' dir='ltr'><strong>(ζ)</strong></span> <span class='ocrx_word' id='word_1_499' title='bbox 2410 3465 2558 3520; x_wconf 87' lang='lat' dir='ltr'><strong>Editi</strong></span> <span class='ocrx_word' id='word_1_500' title='bbox 2589 3468 2912 3537; x_wconf 70' lang='lat' dir='ltr'><strong>.stipulante.</strong></span> <span class='ocrx_word' id='word_1_501' title='bbox 2957 3469 3029 3522; x_wconf 84' lang='lat' dir='ltr'><strong>At</strong></span> <span class='ocrx_word' id='word_1_502' title='bbox 3077 3468 3264 3523; x_wconf 90' lang='lat' dir='ltr'><strong>nostri</strong></span> <span class='ocrx_word' id='word_1_503' title='bbox 3298 3467 3412 3524; x_wconf 91' lang='lat' dir='ltr'><strong>duo</strong></span> <span class='ocrx_word' id='word_1_504' title='bbox 3443 3484 3616 3532; x_wconf 88' lang='lat' dir='ltr'><strong>mss.,</strong></span> <span class='ocrx_word' id='word_1_505' title='bbox 3647 3467 3919 3540; x_wconf 77' lang='lat' dir='ltr'><strong>adstipu-</strong></span> 
     </span>
     <span class='ocr_line' id='line_1_70' title="bbox 2262 3554 2408 3594; baseline -0.007 0"><span class='ocrx_word' id='word_1_506' title='bbox 2262 3556 2336 3594; x_wconf 88' lang='lat' dir='ltr'><strong>an</strong></span> <span class='ocrx_word' id='word_1_507' title='bbox 2359 3554 2408 3593; x_wconf 89' lang='lat' dir='ltr'><strong>e.</strong></span> 
     </span>
    </p>
   </div>
   <div class='ocr_carea' id='block_1_70' title="bbox 2262 3554 2408 3595">
    <p class='ocr_par' dir='ltr' id='par_1_70' title="bbox 2262 3554 2408 3595">
     <span class='ocr_line' id='line_1_71' title="bbox 2262 3554 2408 3595; baseline -0.021 0"><span class='ocrx_word' id='word_1_508' title='bbox 2262 3554 2408 3595; x_wconf 77' lang='lat' dir='ltr'><strong>ante.</strong></span> 
     </span>
    </p>
   </div>
  </div>
