4128 6216
253 359 373 421 969
1321 355 1427 416 AD
1472 354 1842 418 HOMILIAS
1890 356 1966 416 ΙΝ
2012 357 2586 423 HEXAEMEBON.
3535 365 3657 430 970

1762 644 2124 710 MONITUM
2141 692 2156 708 .

318 962 602 1016 Auetores
635 958 804 1015 nobis
828 959 988 1015 fuere
1018 957 1237 1014 eruditi
1271 956 1513 1030 quidam
1544 957 1838 1026 homines,
1873 962 1939 1014 ut
1964 959 2075 1014 viri
2114 959 2442 1016 doctissimi
2497 962 2684 1016 Ducasi
2735 961 2914 1019 Notas
2968 962 3078 1018 hoc
3124 963 3250 1020 loco
3306 965 3654 1020 ederemus:

244 1032 349 1086 sed
383 1033 440 1087 id
474 1039 667 1108 tamen
699 1029 1053 1108 incommodi
1084 1029 1405 1108 monemus
1427 1031 1712 1108 futurum,
1736 1031 1889 1102 quod
1912 1031 2038 1102 ejus
2073 1035 2219 1088 notae
2251 1033 2322 1088 ad
2359 1036 2618 1088 nostram
2641 1032 2953 1090 editionem
2985 1035 3200 1107 saepius
3221 1053 3337 1092 non
3370 1038 3659 1108 quadrent

247 1119 353 1158 nec
383 1105 671 1175 quadrare
701 1102 950 1174 possint,
981 1102 1054 1158 ob
1087 1117 1296 1157 novam
1330 1102 1888 1174 interpretationem.

857 1465 1362 1590 NOTAE
1447 1465 2405 1588 FRONTONIS
2496 1466 3055 1591 DUGZEI

1717 1705 1792 1750 BU
1803 1704 2204 1751 BDEGALERSIS

1384 1849 1848 1912 SOCIETATIS
1891 1850 1924 1912 J
1935 1850 2086 1913 ESU
2129 1852 2545 1914 THEOLOGI.

336 2205 536 2264 Basilii
591 2203 783 2275 Magni
828 2201 1200 2258 Caesariensis
1239 2200 1661 2273 archiepiscopi
1710 2217 1906 2273 Opera,
1939 2203 1994 2269 Α
2023 2201 2248 2258 viribus
2278 2219 2413 2259 eum
2436 2203 2830 2276 aequiperasse
2857 2205 3190 2260 contendat.
3206 2203 3670 2280 Communisigi-

258 2315 436 2370 quem
474 2295 679 2351 merito
703 2292 917 2348 Suidas
956 2287 1125 2363 ἄνδρα
1164 2286 1640 2364 ἐλλογιμώτατον,
1670 2288 1760 2343 καὶ
1809 2292 1886 2343 πά

2051 2309 2121 2346 ur
2142 2291 2352 2346 harum
2376 2291 2754 2348 homiliarum
2778 2293 2987 2349 titulus
3010 2294 3068 2349 in
3089 2294 3320 2350 excusis
3341 2299 3398 2350 et
3420 2311 3562 2351 mss.
3581 2300 3671 2352 est

257 2408 361 2457 σης
389 2381 632 2442 παιδείας
661 2379 738 2441 εἷς
772 2379 934 2454 ἄκρον
969 2377 1301 2449 ἐληλακότα,
1337 2403 1364 2430 ‹‹
1398 2380 1587 2434 virum
1623 2379 1887 2451 eloquen-

2039 2378 2115 2440 Ξίς
2143 2379 2242 2448 -ὲήν
2275 2380 2607 2452 Ἑξαήμερον
2641 2379 2860 2453 ὁμιλία,
2891 2383 3003 2454 vel,
3033 2387 3097 2438 ut
3136 2382 3194 2437 in
3244 2383 3537 2450 Medicaao,
3566 2391 3669 2452 τῆς

255 2478 580 2538 tissimum,
612 2477 670 2527 et
699 2471 769 2524 ad
801 2470 1022 2541 apicem
1075 2470 1270 2524 omnis
1311 2469 1660 2524 eruditionis
1711 2484 1880 2539 prove

2038 2468 2352 2542 Εξαημέρου
2383 2467 2579 2540 ὁμιλία
2605 2470 2822 2544 πρώτη.
2855 2472 3244 2535 Quamobrem
3275 2471 3550 2528 vitandus
3579 2477 3668 2529 est

255 2571 443 2630 οιυω,
467 2587 494 2612 ››
509 2561 692 2617 fuisse
717 2557 876 2627 dicit,
891 2573 1023 2612 cum
1048 2562 1180 2612 ante
1203 2573 1388 2612 annos
1413 2557 1687 2612 tredecim
1710 2557 1907 2612 Latine
2015 2575 2177 2614 error
2206 2559 2438 2614 Henrici
2478 2560 2780 2632 Stephani,
2813 2560 2913 2631 qui
2948 2560 3008 2616 in
3053 2562 3320 2616 Thesauro
3362 2562 3666 2618 contendit

252 2659 487 2710 tantum
515 2647 874 2704 Parisienses
913 2645 1260 2714 edidissent,
1293 2650 1461 2701 notas
1507 2644 1626 2700 illis
1673 2644 1904 2716 aliquas
2014 2648 2432 2721 spatiumillud
2453 2650 2950 2723 sexdierum,quo
2969 2652 3658 2722 conditusfuitmundus,

253 2738 599 2797 attexendas
648 2734 1010 2800 censuimus,
1045 2733 1263 2805 quibus
1312 2749 1380 2787 ex
1429 2732 1740 2788 collatione
1770 2749 1903 2788 cum
2009 2737 2072 2791 τὸ
2104 2736 2430 2809 Ἑξαήμιρον
2465 2738 2563 2794 hic
2591 2738 2893 2810 appellari,
2928 2741 3083 2795 unde
3130 2739 3329 2795 Basilii
3370 2744 3657 2796 tractatus

252 2832 453 2888 Grazco
471 2831 632 2882 textu
651 2824 780 2880 loca
806 2839 921 2877 non
946 2838 1132 2893 pauca
1153 2821 1212 2876 in
1242 2821 1722 2893 interpretatione
1742 2820 1879 2877 resti

2023 2824 2104 2886 Εἲς
2160 2826 2222 2878 τὸ
2271 2825 2625 2898 Ἑξαήμερον·
2660 2844 2851 2898 neque
2897 2827 3052 2883 enim
3102 2828 3370 2884 absolute
3412 2829 3474 2881 τὸ
3503 2829 3653 2898 Ἑξα-

253 2924 383 2975 tuta
406 2919 548 2972 sunt
579 2913 664 2969 vel
698 2911 1014 2977 illustrata,
1049 2915 1105 2965 et
1136 2911 1369 2964 easdem
1406 2927 1584 2974 nunc,
1615 2926 1749 2965 cum
1782 2909 1883 2964 haec

2019 2915 2220 2988 ήμερον
2245 2913 2545 2986 appellant
2571 2920 2790 2980 Patres,
2822 2917 2922 2971 sed
2973 2913 3198 2986 ὁμιλίας
3250 2914 3340 2976 Εἰς
3369 2917 3469 2985 τήν
3501 2916 3649 2986 Ἐξα-

255 3003 693 3063 Graeco-Latina
725 3003 1056 3073 pararetur,
1081 2999 1368 3053 recenseri
1399 3004 1453 3053 et
1478 2999 1674 3070 augeri
1715 3015 1885 3069 opera

2026 3004 2244 3076 ἥμερον,
2278 3003 2536 3075 intellige
2569 3001 2953 3076 κοσμοποιίαν,
2988 3004 3075 3059 vel
3107 3000 3490 3080 δημιουργίαν,
3523 3028 3551 3056 ‹‹
3584 3007 3656 3062 de

256 3095 515 3170 pretium
549 3088 1003 3148 duximus-Nam
1028 3103 1162 3143 cum
1190 3086 1606 3142 FPObenianam
1633 3086 1909 3142 Ba8i1i8D°
2015 3096 2305 3152 creatione
2337 3095 2564 3164 mundi,
2598 3117 2626 3144 ››
2654 3095 2739 3151 vel
2771 3118 2798 3145 ‹‹
2823 3095 3053 3166 opificio
3087 3097 3290 3151 mundi
3319 3113 3420 3152 sex
3449 3097 3661 3153 diebus

257 3202 386 3242 sem
410 3187 667 3238 Graecam
691 3177 1002 3235 editionem
1028 3175 1318 3232 annil552
1339 3193 1373 3231 a
1392 3176 1532 3231 viris
1550 3176 1887 3246 quibusdam

2035 3182 2304 3239 ibsoluto.
2333 3205 2360 3232 ››
2394 3182 2659 3239 Clemens
2691 3183 2969 3239 Alexand.
3005 3183 3106 3240 lib.
3138 3201 3195 3239 vr
3225 3183 3424 3240 Strom.
3459 3203 3473 3242 :
3505 3185 3576 3240 "H
3606 3205 3665 3238 τε

258 3271 707 3338 eruditissimis,
723 3284 856 3323 cum
873 3265 1290 3337 manuscriptis
1303 3264 1604 3322 codicibus
1616 3264 1884 3320 collatam

2038 3271 2123 3346 (ἀρ
2153 3269 2487 3342 κοσμοποιία
2517 3269 2571 3324 ἰν
2613 3269 2668 3340 ’ἐξ
2715 3275 3030 3342 περαιοῦται
3078 3272 3348 3346 ἡμέραις·
3393 3295 3422 3323 κ
3465 3273 3668 3329 Mundi

259 3369 318 3421 et
347 3361 527 3418 variis
558 3356 908 3414 lectionibus
941 3355 997 3409 in
1022 3354 1282 3426 margine
1311 3359 1686 3422 ornatam,“
1705 3353 1918 3425 Anglia
2021 3361 2177 3418 enim
2210 3361 2426 3416 creatio
2450 3377 2550 3416 sex
2579 3361 2788 3417 diebus
2820 3361 3162 3418 absolvitur.
3191 3386 3213 3412 ι
3244 3361 3409 3418 Philo
3429 3361 3672 3418 Judaeus

263 3455 510 3509 missam
533 3446 915 3518 accepissent,
935 3459 1083 3498 nova
1104 3441 1409 3514 diligentia
1428 3441 1654 3498 labores
1677 3441 1893 3498 illorun

2036 3450 2127 3504 Lib.
2171 3466 2209 3502 ιι
2244 3449 2314 3503 De
2340 3450 2458 3503 vita
2487 3450 2647 3504 Mosis
2681 3466 2693 3504 :
2728 3448 2927 3520 Νόμων
2987 3448 3146 3522 ἱερῶν
3196 3444 3529 3523 ἀλληγορίαι
3559 3451 3666 3502 τῶν

261 3537 654 3598 cumulandos
685 3537 988 3602 curarunt,
1012 3537 1068 3587 et
1087 3530 1268 3586 libros
1298 3531 1554 3586 adversus
1585 3533 1891 3586 Eunomiun

2043 3535 2162 3592 ιετὰ
2188 3536 2287 3603 τὴν
2311 3535 2470 3605 Ἑξαή
2482 3555 2666 3611 μερονο
2685 3560 2712 3588 «
2731 3537 2918 3592 Sacrae
2941 3537 3088 3609 legis
3110 3537 3402 3608 allegorias
3424 3544 3555 3609 post
3573 3555 3673 3593 sex

260 3648 326 3687 ex
358 3628 515 3700 regis
535 3619 1021 3681 Cbristianissimi
1053 3619 1353 3675 codicibus
1375 3621 1695 3688 emendari,
1717 3637 1918 3675 novas-
1946 3619 1991 3633 “’
2026 3629 2253 3683 dierum
2283 3643 2454 3698 opus.
2489 3649 2518 3676 ν
2547 3626 2932 3698 Hieronymus
2954 3627 3010 3681 in
3047 3626 3328 3698 Calalogo:
3360 3649 3389 3678 ει
3423 3627 3672 3683 Basilius

261 3735 378 3793 que
409 3717 600 3772 varias
630 3711 911 3770 lectiones
936 3710 990 3764 in
1017 3707 1276 3779 reliquos
1290 3707 1690 3764 Basiliilibros
1712 3726 1779 3764 ex
1801 3707 1917 3764 illis
2025 3715 2292 3786 egregios
2340 3717 2537 3768 contra
2576 3716 2918 3770 Eunomium
2947 3713 3267 3770 elaboravit
3297 3715 3501 3781 libros,
3528 3720 3586 3770 et
3613 3718 3674 3770 in

263 3805 464 3878 colligi
481 3821 494 3859 :
511 3803 666 3875 quod
691 3802 832 3855 dum
856 3799 941 3865 ﬁt,
958 3796 1099 3852 illud
1117 3796 1292 3852 simul
1316 3797 1788 3852 animadversum
1808 3801 1918 3867 est,
2025 3805 2403 3858 Hexaemeron
2425 3800 2703 3856 homilias
2732 3804 2831 3856 IX.
2859 3823 2885 3851 ››
2904 3801 3269 3872 Saphronius
3289 3805 3480 3858 Graece
3501 3803 3674 3857 inter-

266 3911 408 3951 num
424 3893 650 3948 sincere
663 3888 863 3945 omnia
875 3903 942 3942 ex
956 3885 1288 3958 archetypis
1305 3902 1371 3941 ac
1387 3887 1534 3941 bona
1548 3886 1659 3940 fide
1674 3886 1890 3940 fuissen

2036 3895 2292 3964 pretatur
2324 3909 2336 3946 :
2369 3885 2652 3950 Βασίλειος
2701 3890 2837 3944 κατᾶ
2884 3888 3152 3961 Εὐνομίου
3197 3886 3500 3962 ἐξαιρέτους
3545 3910 3666 3942 συν-

267 3978 713 4054 descripta.Sed
740 3975 1018 4049 quoniam
1051 3975 1258 4029 Latina
1295 3975 1632 4030 eorumdem
1675 3990 1897 4046 Operun

2038 3978 2177 4047 ἔταξε
2224 3975 2441 4050 λόγους,
2499 3976 2588 4030 καὶ
2646 3975 2738 4039 Εἷς
2798 3977 2896 4044 τήν
2934 3978 3266 4050 Ἑξαήμερον
3335 3975 3556 4048 ὁμιλίας
3607 3977 3668 4039 θ’.

269 4069 679 4143 interpretatio
718 4067 908 4122 fuerat
938 4064 1010 4119 ab
1038 4061 1155 4118 illis
1203 4063 1260 4117 in
1293 4063 1552 4118 bomiliis
1603 4068 1830 4118 tantum
1859 4063 1923 4118 in
2032 4072 2175 4124 Item
2207 4068 2264 4122 in
2297 4067 2584 4138 Hippolyto
2610 4083 2670 4121 :u
2694 4065 3040 4137 Hippolytus
3071 4065 3310 4136 scripsit
3339 4065 3396 4120 in
3414 4064 3572 4134 Ἐξαή
3587 4084 3677 4135 με·

267 4161 541 4228 Psalmos,
575 4163 632 4213 et
660 4155 861 4228 paucis
883 4152 1440 4208 commentariorum
1473 4154 1531 4206 in
1557 4154 1758 4207 Isaiam
1781 4151 1888 4206 loci

2048 4176 2149 4222 :ov,
2185 4176 2209 4206 ι
2243 4155 2628 4225 Sophronius,
2677 4151 2753 4214 εἰς
2803 4154 2902 4221 τὴν
2948 4153 3303 4227 Ἐξαήμερον.
3334 4152 3678 4209 Anastasius

269 4248 572 4322 recognita
601 4251 658 4302 et
701 4244 1030 4307 emendata,
1057 4241 1388 4296 faeiendum
1424 4240 1568 4296 illud
1604 4241 1772 4296 nobis
1803 4239 1924 4295 exi-
2035 4244 2260 4301 Sinaita
2289 4243 2347 4298 in
2381 4242 2717 4314 praefatione
2746 4244 3223 4314 Explanaliouum
3279 4245 3341 4297 in
3372 4244 3633 4300 Genesim
3661 4254 3679 4290 ε

269 4338 748 4404 stimavimus,ut
778 4332 900 4406 pari
939 4329 1135 4388 studio
1158 4330 1484 4402 prmcipuas
1503 4332 1631 4401 ejus
1652 4329 1899 4384 lucubra

2049 4331 2166 4406 Περὶ
2210 4335 2314 4384 τῶν
2368 4328 2422 4384 ἐν
2470 4334 2539 4403 τῇ
2584 4330 2898 4404 Ἑξαημέρῳ
2954 4328 3192 4391 πολλοῖς
3250 4328 3639 4404 ἀπορουμένων
3667 4347 3679 4362 ·

269 4430 464 4484 tiones
487 4425 782 4480 illustrare
805 4435 1177 4486 conaremur,
1198 4423 1254 4474 et
1283 4435 1482 4474 eorum
1514 4418 1775 4474 omnium
1801 4434 1928 4488 qua:
2043 4422 2294 4477 «Eorum
2311 4420 2381 4474 de
2404 4419 2622 4490 quibus
2644 4419 2998 4475 dubitatura
3017 4418 3220 4475 multis
3242 4419 3301 4474 in
3319 4422 3685 4490 Hexaemero,

278 4519 514 4572 fuerant
544 4529 578 4567 a
609 4509 778 4568 nobis
810 4510 1147 4576 immutata,
1173 4507 1457 4562 rationem
1491 4506 1584 4562 bis
1614 4505 1776 4562 Notis
1807 4506 1932 4561 red-
2040 4511 2096 4565 id
2130 4515 2240 4576 est,
2264 4509 2323 4563 in
2347 4508 2643 4564 creatione
2672 4524 2772 4562 sex
2800 4509 3051 4563 dierum.
3075 4528 3102 4560 ιο
3129 4507 3372 4563 Photius
3394 4507 3451 4562 in
3475 4509 3687 4563 Biblio-

275 4607 581 4672 deremus,
615 4619 680 4657 ac
707 4602 906 4671 siqua
954 4599 1098 4653 forte
1147 4602 1418 4653 currente
1468 4597 1641 4669 praelo
1685 4596 1905 4652 fuissen

2064 4599 2194 4654 heca
2243 4594 2627 4671 εἈνεγνώσοη
2678 4595 2968 4651 Βασιλείου
3007 4599 3104 4648 τοῦ
3157 4594 3437 4649 Θεσπεσίου
3474 4596 3540 4649 τὰ
3598 4595 3689 4658 Εἷς

280 4695 485 4751 minus
518 4695 786 4747 accurate
818 4703 1095 4758 expensa,
1128 4687 1748 4742 recenseremus.Cum
1776 4684 1933 4741 cnim
2041 4687 2138 4753 τὴν
2166 4685 2520 4758 Ἑξαήμερον·
2549 4709 2575 4734 ‹‹
2610 4686 2887 4758 Legimus
2932 4685 3082 4741 beati
3129 4684 3333 4741 Basilii
3385 4702 3534 4757 opus
3587 4703 3690 4742 sex

279 4785 373 4838 vix
408 4780 594 4854 possit
625 4778 754 4848 quis
789 4775 995 4831 multis
1027 4774 1197 4830 annis
1228 4774 1360 4829 vitae
1390 4792 1510 4830 sua:
1544 4776 1718 4830 unius
1737 4791 1805 4830 ex
1826 4775 1934 4828 Pa-
2043 4775 2296 4838 dierum,
2326 4789 2427 4828 seu
2460 4773 2531 4828 de
2573 4773 2780 4828 mundi
2821 4774 3058 4829 fabrica.
3094 4796 3121 4822 ››
3155 4772 3410 4829 Vocatur
3455 4779 3514 4830 et
3558 4773 3688 4846 ipsa

286 4871 481 4926 tribus
504 4884 746 4940 operum
773 4863 1312 4936 interpretationem
1343 4863 1678 4934 cmetiri,ne
1709 4863 1936 4918 diutius
1974 4936 2002 4940 _
2046 4865 2423 4922 homiliarum
2448 4864 2730 4931 collectio,
2751 4866 2869 4920 sive
2889 4866 3053 4921 Liber
3071 4865 3306 4938 deopere
3324 4883 3424 4922 sea:
3442 4868 3688 4936 dierum,

281 4975 488 5017 eorum
523 4936 994 5013 Graeco-Latinas
1025 4951 1308 5007 editiones
1357 4951 1613 5007 Ecclesia
1654 4952 1930 5024 requirat,
1962 4936 2004 5004 C
2047 4956 2110 5012 Ἠ
2141 4954 2299 5024 Ἑξαή
2314 4973 2495 5028 μερος,
2531 4960 2654 5010 uta
2683 4954 2958 5026 Gregorio
2997 4936 3360 5011 Nazianzeno
3397 4960 3543 5012 orat.
3579 4957 3686 5009 20:

285 5048 428 5105 boni
459 5046 716 5119 profecto
750 5041 1175 5100 consulendum
1211 5044 1320 5109 est,
1356 5041 1403 5095 si
1432 5047 1671 5113 receptae
1698 5043 1816 5112 jam
1848 5040 1915 5094 ini

2062 5044 2210 5098 Ὀταν
2267 5041 2366 5109 τήν
2421 5042 2753 5115 Ἐξαήμερον
2804 5041 2968 5094 αὐτοῦ
3020 5042 3506 5116 μεταχειρίζωμαι,
3560 5040 3692 5113 μετᾶ

281 5133 733 5206 terpretationes
765 5147 831 5186 ex
873 5130 1118 5184 adverso
1157 5127 1334 5182 Graeci
1385 5132 1579 5181 textus
1629 5128 1911 5199 recognita

2059 5137 2141 5187 τοῦ
2172 5131 2388 5186 κτίστου
2445 5132 2690 5205 γίνομαι·
2729 5153 2752 5183 ιι
2789 5133 2933 5188 Cum
2987 5135 3360 5189 Hexaemeron
3416 5132 3573 5186 illius
3633 5133 3689 5186 in

280 5225 663 5280 collocentur.
681 5221 864 5286 Quam
892 5219 960 5274 ad
990 5234 1108 5273 rem
1125 5217 1491 5272 commodius
1507 5217 1938 5290 exsequendam
2053 5240 2261 5278 manus
2275 5239 2464 5288 sumo,
2486 5238 2617 5276 cum
2636 5226 2895 5276 creatore
2909 5223 3292 5293 conjungor.»
3311 5220 3696 5290 Hieronymus

285 5335 440 5374 novo
465 5319 709 5389 insuper
730 5313 915 5386 adjuti
936 5311 1202 5368 subsidio
1225 5310 1942 5377 sumus,cumimmortali
2051 5312 2222 5384 epist.
2244 5312 2314 5366 55
2347 5327 2359 5365 :
2395 5333 2420 5360 ‹‹
2455 5315 2651 5382 Nuper
2680 5315 2926 5366 sanctus
2978 5309 3313 5366 Ambrosius
3361 5309 3447 5363 sic
3485 5309 3698 5363 Hexae-

284 5404 574 5462 beneﬁcio
621 5404 686 5456 V.
732 5404 794 5459 C.
836 5399 1057 5458 Nicolai
1106 5399 1271 5454 Fabri
1315 5401 1411 5450 τοῦ
1448 5397 1747 5472 μακαρίτου
1781 5403 1944 5456 vetus
2051 5417 2239 5456 meron
2270 5400 2534 5472 Origenis
2566 5397 2924 5472 compilavit,
2961 5395 3536 5468 utmagisllippolyti
3567 5412 3702 5450 sen-

286 5494 587 5552 Eustathii
622 5491 1026 5564 interpretatio
1057 5506 1262 5545 novem
1289 5488 1664 5544 homiliarum
1693 5490 1749 5544 ιή
1777 5493 1947 5544 Gcne-
2058 5492 2276 5546 tentias
2299 5490 2618 5561 Basiliique
2642 5494 2943 5560 sequatur.
2968 5510 2994 5535 ››
3015 5488 3176 5540 Bedm
3200 5502 3435 5558 quoque
3451 5485 3546 5540 hic
3569 5485 3705 5540 titu—

288 5587 401 5643 sim
419 5583 720 5657 prodierit,
743 5599 918 5653 quem
946 5584 1113 5635 tanta
1152 5579 1327 5634 laude
1361 5578 1748 5635 Cassiodorus
1786 5596 1946 5636 com-
2061 5582 2156 5639 lus
2187 5589 2277 5638 est
2310 5583 2440 5638 libri
2473 5585 2533 5638 in
2585 5584 2843 5638 Genesim
2873 5599 2890 5634 :
2924 5581 3316 5643 Hexaemeron,
3348 5580 3462 5633 sive
3500 5577 3568 5632 de
3613 5594 3708 5633 sea:

293 5675 558 5744 mendat,
597 5680 658 5727 ut
687 5672 990 5743 ingenium
1019 5669 1343 5724 doctissimi
1371 5668 1477 5723 νίιί
1513 5670 1793 5724 facundiae
1830 5688 1948 5726 sua:
2066 5672 2283 5728 dierum
2328 5674 2604 5728 creatione
2646 5671 2881 5725 libellus.
2918 5667 3382 5740 Antiquissimus
3433 5666 3714 5733 omnium,

624 5803 888 5860 ΡΑτιιοι..
937 5800 1046 5858 Gs.
1095 5796 1281 5857 XXX.
3314 5796 3385 5853 3i
