4128 6216
451 341 568 404 971

1642 328 1878 391 NOTAE
1920 329 2290 392 FRONTON
2299 329 2368 390 IS
2413 331 2676 394 DUCEI

3718 339 3818 400 972

456 487 605 545 quos
634 465 710 529 εἷς
735 466 833 536 τὴν
875 462 1215 539 Ἐξαήμερον
1264 461 1522 518 edidisse
1550 463 1783 516 constat
1823 458 2099 517 homilias

2235 464 2396 517 iturae
2428 465 2634 518 auctor
2652 464 2946 535 cst,cujus
2965 463 3087 521 haec
3109 467 3250 521 sunt
3268 465 3449 522 verba
3478 466 3647 521 Exodi
3682 483 3738 536 ιι,
3758 470 3816 526 2:

455 561 546 617 vel
577 555 1066 615 commentarium
1099 553 1210 608 fuit
1241 551 1512 620 Rhodon,
1543 554 1609 605 ut
1637 566 1707 604 ex
1752 549 2101 622 Hieronymo

459 649 747 706 discimus
768 645 829 700 in
857 644 1110 714 Catalogo
1135 658 1193 696 :«
1215 639 1456 695 Rhodon
1470 637 1697 694 Tatiani
1718 638 1950 692 auditor
1969 643 2106 692 tem-

461 739 702 813 poribus
725 731 1026 791 Commodi
1047 736 1104 787 et
1123 729 1312 785 Severi
1335 730 1394 783 in
1417 729 1792 784 Hexaemeron
1812 727 2107 798 elegantes

459 831 744 885 tractatus
758 840 884 880 com
894 820 1103 894 posuit.
1120 839 1146 872 ι
1167 818 1553 892 Sophronius,
1569 815 1644 877 sic
1656 816 1757 884 τήν
1773 815 1928 885 Ἑξαή
1942 834 2102 889 μερον

461 913 678 989 κομψὰς
711 909 936 985 ὁμιλίας
978 906 1241 978 συνέταξε.
1275 907 1558 979 Colligere
1604 910 1802 962 tamen
1847 922 1910 960 ex
1955 906 2104 961 Ana-

462 1005 645 1062 stasio
675 1002 900 1059 Sinaita
932 1015 1248 1072 possumus
1291 1001 1426 1052 ante
1475 995 1817 1052 Rhodonem
1854 993 2104 1066 aliquos,

461 1097 600 1151 dum
623 1093 682 1148 in
707 1092 924 1146 librum
948 1088 1242 1144 Geneseos
1269 1085 1612 1151 scriberent,
1629 1083 1936 1156 allegorice
1958 1099 2107 1155 opus

462 1201 565 1241 sex
587 1183 814 1237 dierum
848 1178 1214 1248 exposuisse.
1242 1176 1334 1230 Sic
1373 1175 1532 1230 enim
1572 1173 1777 1229 scribit
1806 1171 1908 1227 lib.
1939 1188 1958 1226 1
1980 1174 2107 1243 jam

462 1273 636 1328 citato
666 1287 685 1324 :
711 1261 986 1327 Λαϐὅντες
1041 1265 1136 1326 τὰς
1183 1261 1434 1336 ἀφορμὰς
1466 1260 1524 1316 ἐκ
1557 1258 1768 1315 Παπίου
1823 1262 1920 1313 τοῦ
1966 1259 2108 1312 πάνυ

458 1362 555 1414 τοῦ
585 1353 960 1432 Ἱεραπολίτου
1009 1357 1106 1407 τοῦ
1154 1350 1207 1406 ἐν
1254 1355 1333 1422 τῷ
1388 1347 1689 1422 ἐπιστηθίῳ
1719 1349 2107 1424 φοιτήσαντος,

461 1449 550 1503 καὶ
615 1443 954 1518 Κλήμεντος,
1006 1442 1094 1497 καὶ
1145 1439 1500 1496 Πανταινέτου
1551 1441 1648 1492 τοῦ
1697 1443 1797 1506 τῆς
1857 1435 2109 1506 Ἀλεξαν-

466 1535 634 1612 δρέων
686 1532 896 1609 ἱερέως,
955 1530 1045 1586 καὶ
1101 1526 1430 1602 ’Δμμωνίου
1481 1525 1796 1604 σοφωτάτου
1848 1528 1954 1580 τῶν
2014 1525 2107 1598 ἀρ-

466 1626 639 1701 χαίων
698 1622 790 1678 καὶ
847 1621 1079 1696 πρώτων
1131 1613 1388 1689 συνῳδῶν
1438 1615 1713 1690 ἐξηγητῶν
1757 1614 1834 1678 εἷς
1883 1613 2108 1688 Χριστὸν

467 1714 555 1770 καὶ
603 1713 702 1782 τήν
757 1707 1086 1778 Ἐκκλησίαν
1130 1711 1301 1760 πᾶσαν
1365 1707 1466 1774 τήν
1521 1703 1818 1778 ἐξαήμερον
1882 1702 2111 1771 νοησάν-

2214 545 2439 610 Ἰδόντες
2487 546 2545 603 δὲ
2599 549 2729 605 αὐτὸ
2779 549 3014 624 ἀστεῖον,
3065 551 3358 608 ἐσκέπασαν
3386 572 3400 586 ·
3463 555 3696 613 Videntes
3731 575 3818 613 au-

2215 641 2320 694 tem
2349 655 2478 694 eum
2522 639 2848 710 elegantem,
2880 642 3306 700 occultaverunt.
3338 643 3626 716 Interpres
3651 646 3817 717 Orige-

2215 728 2310 782 nis
2339 726 2548 781 ἀστεῖον
2593 730 2897 798 elegantem
2939 731 3114 787 etiam
3166 732 3356 803 vertit,
3392 732 3600 803 Aquila
3628 731 3819 807 ἀγαθόν,

2217 815 2436 885 bonum,
2501 815 2890 888 Symmachus
2972 817 3196 891 ὡραῖον.
3259 819 3376 876 Vox
3451 821 3674 875 Hebraea
3734 831 3820 883 3m

2217 903 2419 977 ὡραῖος
2466 905 2744 976 etiam,id
2793 911 2903 978 est,
2935 908 3184 980 pulchre,
3229 908 3490 965 redditur
3535 910 3731 978 Grece,
3761 911 3824 966 III

2219 993 2358 1065 Reg.
2385 1011 2424 1060 ι,
2448 995 2831 1067 6.Apostolus
2851 996 2990 1053 item
3014 997 3388 1054 Hebraeorum
3402 1016 3478 1069 ιι,
3499 998 3596 1054 ‘23:
3619 992 3823 1071 Ἐκρύϐη

2215 1081 2481 1156 τρίμηνον
2566 1081 2670 1136 ὑπὸ
2745 1087 2854 1139 τῶν
2932 1086 3178 1160 πατέρων
3257 1086 3464 1156 αὐτοῦ,
3510 1083 3643 1140 διότι
3707 1083 3824 1141 εἶδον

2219 1170 2429 1224 ἀστεῖον
2478 1169 2540 1224 τὸ
2588 1167 2825 1230 παιδίον.
2875 1175 3202 1232 Occultatus
3232 1178 3308 1231 est
3351 1175 3628 1230 mensibus
3670 1178 3826 1232 tribus

2217 1277 2250 1314 a
2273 1263 2602 1332 parentibus
2631 1263 2767 1330 suis,
2788 1279 2852 1317 eo
2884 1263 3026 1334 quod
3053 1263 3311 1320 vidissent
3338 1264 3640 1335 elegantem
3668 1267 3830 1335 infan-

2218 1358 2343 1405 tem.
2406 1350 2500 1405 Sic
2569 1349 2741 1418 infra,
2790 1353 2926 1405 κατὰ
3006 1353 3104 1420 τὴν
3190 1352 3486 1429 μαρτυρίαν
3547 1352 3701 1422 αὐτὴν
3750 1357 3829 1406 τοῦ

2217 1441 2372 1492 Θιοῦ.
2408 1439 2772 1510 Suti‘ragatur
2792 1440 2969 1497 etiam
2989 1441 3306 1514 Josephus,
3326 1443 3428 1516 qui
3459 1441 3737 1514 placuisse
3754 1444 3830 1498 in-

2220 1523 2440 1581 fantem
2482 1527 2687 1582 scribit
2715 1528 2814 1584 lib.
2844 1545 2907 1598 n,
2941 1546 3066 1604 cap-
3098 1532 3154 1600 5,
3177 1533 3323 1602 quod
3369 1548 3608 1603 magnus
3635 1536 3753 1587 esset
3778 1547 3832 1588 ac

2217 1614 2467 1686 pulcher,
2519 1613 2908 1690 ὑπερηγάπησε
2955 1618 3215 1693 μεγέθους
3263 1639 3323 1673 τε
3369 1615 3530 1673 ἕνεκα
3582 1619 3667 1672 καὶ
3717 1617 3830 1673 κάλ-

2221 1701 2374 1765 λους.
2409 1704 2656 1762 Secutus
2687 1711 2883 1763 tamen
2914 1708 3145 1764 videtur
3181 1709 3241 1764 S.
3263 1708 3548 1780 Stephani
3579 1711 3834 1764 narratio-

464 1821 595 1858 των⁹
622 1825 650 1853 ‹‹
685 1803 939 1871 Accepta
971 1798 1277 1854 occasione
1315 1811 1384 1851 ex
1423 1792 1599 1866 Papia
1631 1793 1750 1848 viro
1783 1791 2111 1848 clarissimo
2145 1837 2191 1902 Β
2222 1809 2356 1850 nem
2387 1793 2680 1865 Basilius;
2714 1797 2885 1867 cujus
2907 1795 3030 1854 hac
3057 1802 3198 1854 sunt
3217 1800 3412 1854 Actor.
3439 1815 3543 1870 vn,
3563 1798 3631 1852 20
3651 1814 3662 1851 :
3685 1797 3833 1869 Ἐγίν-

467 1894 533 1902 --.
1215 1886 1225 1896 -
1317 1884 1330 1902 ς
1388 1901 1401 1902 ,
1889 1881 2079 1902 ____.__-
2273 1882 2323 1902 ,η
2424 1882 2516 1902 ..ν
2567 1887 2596 1899 ..
2776 1883 2788 1898 ι
2857 1883 2883 1902 ν
2977 1884 2991 1902 ν
3094 1889 3117 1900 -
3273 1889 3300 1900 η
3375 1891 3406 1902 η
3447 1889 3476 1900 -
3562 1885 3661 1902 τη..
3715 1885 3755 1902 ς,
3795 1884 3807 1902 .

467 1890 927 1964 Hierapolitano,
962 1886 1061 1959 qui
1083 1884 1408 1957 discipulus
1441 1883 1550 1939 fuit
1579 1881 1849 1954 apostoli,
1882 1881 1982 1953 qui
2014 1897 2113 1937 su-

466 1999 574 2055 pra
605 1984 807 2052 pectus
836 1975 1126 2045 recubuit,
1160 1975 1458 2031 Clemente
1487 1977 1544 2028 et
1575 1972 1845 2028 Pantaeno
1865 1969 2113 2026 Alexan-

467 2071 636 2128 drino
667 2067 988 2134 sacerdote,
1021 2069 1079 2120 et
1102 2063 1413 2119 Ammonio
1444 2059 1885 2134 sapientissimo
1937 2058 2116 2114 inter-

465 2157 734 2232 pretibus
762 2153 1008 2211 vetustis
1039 2157 1096 2209 et
1126 2151 1356 2225 primis,
1391 2151 1492 2223 qui
1522 2155 1709 2206 totum
1753 2166 1854 2206 sex
1879 2149 2112 2204 dierum

431 2291 433 2300 .
468 2264 616 2322 opus
647 2247 718 2302 de
748 2243 978 2301 Christo
1007 2246 1063 2299 et
1091 2240 1351 2298 Ecclesia
1393 2238 1824 2295 intellexerunt.
1853 2257 1880 2289 ι
1928 2239 2116 2293 Inter-

469 2353 604 2411 pres
619 2334 835 2408 legisse
854 2331 1088 2388 videtur
1107 2330 1376 2404 φήσαντος
1408 2345 1522 2385 non
1545 2328 1928 2402 φοιτήσαντος,
1960 2325 2116 2398 quod

471 2424 739 2502 φοιτητήν
772 2423 882 2478 hoc
905 2421 1030 2477 loco
1061 2424 1252 2488 sonat,
1279 2418 1389 2474 hoc
1419 2421 1528 2488 est,
1561 2416 1954 2489 discipulum;
1979 2431 2116 2470 nam

473 2520 529 2571 et
557 2515 629 2570 de
660 2511 865 2568 eodem
896 2510 1077 2581 Papia
1104 2508 1496 2580 Hieronymus
1525 2506 1584 2561 in
1614 2506 1868 2578 Catulogo
1897 2521 1910 2559 ε
1945 2527 1973 2555 ‹‹
2008 2505 2114 2560 Pa-

473 2603 601 2677 pias
630 2598 876 2657 Joannis
905 2598 1139 2654 auditor
1172 2595 1644 2668 Hierapolitanus
1701 2595 2014 2666 episcopus
2060 2593 2119 2648 in

473 2691 616 2747 Asia
645 2687 906 2762 quinque
934 2691 1168 2742 tantum
1200 2685 1442 2757 scripsit
1469 2683 1792 2740 volumina.
1827 2705 1848 2732 ι

543 2795 664 2854 Col.
696 2797 730 2851 3
777 2796 818 2851 Α
863 2795 950 2860 11,
982 2791 1183 2866 Ψυχὴν
1233 2790 1392 2864 πρός.
1419 2792 1482 2845 In
1529 2791 1761 2846 duobus
1819 2787 1996 2861 regiis
2027 2805 2121 2844 co-

473 2885 704 2942 dicibus
734 2899 878 2940 mss.
915 2896 1166 2954 quorum
1199 2883 1347 2935 alter
1391 2868 1624 2934 Henrici
1664 2881 1739 2943 Il,
1766 2875 1910 2932 alter
1938 2875 2122 2932 Medi-

473 2991 627 3031 casus
659 2971 891 3028 Henrici
929 2968 1121 3042 Magni
1154 2969 1264 3024 luit
1291 2972 1499 3040 κτῆμα,
1533 2968 1616 3022 ita
1645 2966 1932 3038 scriptum
1965 2966 2122 3020 inve-

474 3062 674 3118 nimus
711 3077 725 3115 :
757 3057 956 3132 Ψυχὴν
981 3051 1209 3131 ἕχοντας
1238 3055 1375 3130 πρὸς
1404 3054 1503 3123 τὴν
1563 3058 1668 3108 τῶν
1726 3050 2071 3122 τηλικούτων
2107 3067 2120 3083 ⁶

476 3172 506 3201 ‹‹
540 3150 898 3204 Adornatam
922 3146 1193 3203 convenit
1215 3145 1426 3202 habere
1446 3145 1704 3200 animam
1729 3160 1850 3214 eos,
1868 3143 1970 3214 qui
1995 3158 2120 3198 eam

474 3236 768 3295 voluerint
791 3237 861 3291 ad
883 3239 1177 3291 tantarum
1196 3250 1390 3290 rerum
1415 3233 1904 3289 auscultationem
1928 3231 2121 3304 appel-

476 3327 614 3384 lere.
650 3346 678 3375 »
712 3323 1054 3380 Eustathius
1084 3327 1283 3378 tamen
1336 3325 1503 3377 vetus
1546 3321 1833 3392 interpres
1863 3319 1972 3384 hoc
2005 3336 2122 3374 non

481 3413 746 3488 agnoscit
771 3430 784 3470 :
809 3411 1001 3469 solum
1034 3410 1190 3467 enim
1221 3408 1411 3477 vertit,
1440 3430 1467 3459 «
1502 3408 1590 3464 vel
1624 3408 2123 3480 quemadmodum

479 3504 809 3559 instructus
840 3516 971 3556 esse
1005 3499 1216 3555 debeat
1246 3497 1503 3554 animus.
1528 3519 1557 3548 »

550 3590 670 3647 Col.
703 3591 738 3644 6
768 3594 814 3643 Α
848 3589 902 3645 3.
932 3587 1226 3660 Profunda
1254 3602 1432 3642 sensa.
1463 3585 1650 3641 Janus
1696 3584 2034 3652 Carnarius,
2065 3585 2126 3640 in

477 3679 732 3739 editione
753 3677 1064 3734 Basiliensi
1095 3676 1460 3731 Frobeniana
1501 3675 1662 3740 1552,
1684 3674 2126 3746 interpretatur,

477 3770 768 3826 «Etiamsi
792 3765 1097 3838 scriptoris
1121 3781 1366 3820 acumen
1392 3780 1509 3820 non
1551 3779 1958 3836 assequamur.
1997 3782 2021 3814 υ
2059 3769 2132 3819 At

473 3858 819 3916 Eustathius
858 3857 928 3912 ad
960 3855 1206 3912 verbum
1243 3871 1255 3908 :
1292 3876 1321 3904 «
1359 3854 1504 3912 Nam
1562 3853 1698 3910 licet
1755 3851 2130 3908 altitudinem

475 3950 669 4006 cordis
700 3944 971 4003 historici
996 3960 1112 4000 non
1133 3943 1440 3998 valeamus
1472 3942 1781 4015 attingere,
1816 3964 1843 3993 »
1878 3944 1976 4008 τῇς
2039 3941 2134 4016 βα-

474 4036 619 4098 θείας
650 4032 872 4110 καρδίας
911 4035 986 4106 μὴ
1020 4032 1355 4110 ἐφικώμεθαο
1393 4049 1518 4102 qum
1569 4032 1781 4088 locutio
1814 4032 2133 4103 Scriptura}

474 4126 808 4185 familiaris.
855 4124 1127 4181 Jeremim
1161 4138 1301 4186 xvn,
1323 4122 1358 4176 9
1390 4137 1404 4176 :
1439 4122 1637 4183 Βαθεῖα
1667 4122 1702 4189 ἡ
1750 4117 1946 4194 καρδία
1993 4118 2140 4194 παρᾶ

470 4216 665 4283 πάντα,
705 4213 796 4268 καὶ
871 4207 1156 4285 ἅνθρωπός
1218 4210 1352 4277 ἐστι,
1402 4208 1493 4263 καὶ
1572 4207 1653 4269 τίς
1713 4208 1986 4280 γνώσεται
2042 4207 2137 4261 αὐ-

472 4305 602 4374 τόν;
640 4301 994 4375 Profundum
1040 4316 1134 4356 cor
1181 4315 1347 4371 super
1393 4299 1603 4362 omnia,
1652 4301 1704 4353 et
1750 4296 1908 4353 homo
1956 4306 2056 4368 est,
2087 4304 2142 4354 et

473 4395 595 4466 quis
624 4400 907 4461 cognoscet
935 4406 1061 4445 eum
1081 4389 1109 4444 ‘2
1142 4389 1534 4460 Hieronymus
1559 4403 1628 4442 ex
1659 4385 2012 4454 Symmacho
2045 4402 2136 4441 re-

474 4483 605 4547 fert,
641 4501 668 4530 «
701 4477 1086 4534 inscrutabile
1117 4494 1217 4532 cor
1240 4476 1519 4540 omnium,
1541 4497 1560 4524 υ
1591 4478 1649 4530 et
1675 4473 1839 4530 Isaiae
1867 4491 2022 4544 xxix,
2052 4475 2143 4557 15,

2223 1882 2361 1952 νήθη
2424 1882 2652 1953 Μωσῆς,
2701 1883 2791 1936 καὶ
2849 1883 2916 1952 ἦν
2967 1884 3178 1946 ἀστεῖος
3234 1889 3315 1956 τῷ
3370 1889 3512 1957 Θεῷ.
3562 1885 3662 1942 Ubi
3715 1884 3835 1940 Vul-

2224 1981 2356 2045 gata
2384 1972 2506 2029 Lat.
2551 1989 2566 2028 :
2598 1974 2764 2030 Notas
2798 1983 2876 2030 est
2916 1977 3142 2049 Moyses,
3171 1983 3224 2032 et
3265 1976 3378 2047 fuit
3426 1985 3616 2045 gratus
3642 1976 3756 2030 Deo.
3783 1974 3839 2028 Et

2225 2063 2416 2116 inesse
2461 2065 2654 2133 potest
2683 2062 3092 2132 Hebraismus,
3129 2069 3190 2119 ut
3241 2064 3400 2120 dicat
3447 2065 3510 2119 S.
3543 2063 3839 2135 Stephanus

2223 2152 2458 2222 Moysen
2488 2150 2668 2206 fuisse
2699 2155 2958 2222 gratum,
2993 2153 3264 2208 festivum
3314 2169 3381 2209 ac
3427 2152 3703 2226 lepidum,
3733 2150 3840 2224 pul-

2227 2239 2431 2294 chrum
2462 2239 2601 2308 Deo,
2634 2239 2690 2294 id
2724 2245 2814 2295 est
2844 2241 3054 2296 eximie
3077 2241 3390 2314 pulchrum
3423 2242 3582 2298 sicut
3606 2241 3844 2306 Jonem,

2224 2329 2304 2383 3:
2340 2325 2406 2380 Ἡ
2463 2321 2521 2380 δὲ
2567 2326 2754 2381 Νινευῖ
2808 2328 2875 2396 ἦν
2927 2326 3090 2391 πυλὶς
3152 2325 3362 2404 μεγάλη
3417 2333 3502 2400 τῷ
3557 2333 3700 2400 Θεῷ·
3732 2330 3842 2383 Erat

2225 2423 2408 2471 autem
2465 2417 2662 2471 civitas
2713 2433 2922 2487 magna
2965 2419 3092 2474 Deo.
3131 2419 3638 2486 Quemadmodum
3689 2422 3742 2473 et
3786 2433 3846 2473 ex

2228 2504 2466 2560 Hebrao
2498 2505 2743 2560 vertitur
2764 2506 2835 2561 ad
2868 2507 3132 2575 verbum,
3165 2508 3275 2563 hoc
3308 2513 3419 2574 est,
3450 2507 3621 2562 valde
3639 2522 3844 2578 magna,

2230 2593 2387 2663 quod
2437 2592 2656 2648 omnia.
2696 2609 2818 2665 quae
2847 2611 3047 2666 magna
3076 2603 3225 2664 sunt,
3261 2595 3540 2651 dicantur
3579 2611 3701 2651 esse
3740 2592 3846 2660 Dei,

2230 2686 2297 2737 ut
2325 2681 2477 2736 Psal.
2510 2698 2680 2752 xxxv,
2701 2683 2736 2736 7
2768 2700 2781 2737 ε
2816 2684 3045 2740 Iustitia
3089 2686 3235 2740 sicut
3267 2689 3482 2741 montes
3514 2685 3629 2740 Dei.
3661 2682 3850 2740 Mavult

2231 2776 2429 2826 tamen
2460 2771 2778 2828 Fr.Ribera
2803 2777 3000 2829 noster
3030 2773 3177 2828 nihil
3208 2774 3367 2829 aliud
3401 2773 3728 2846 signiﬁcare
3747 2771 3852 2844 pulo

2233 2859 2441 2915 chrum
2472 2858 2610 2926 Deo,
2636 2875 2816 2930 quam
2849 2859 3160 2932 pulchrum
3193 2877 3391 2917 coram
3422 2861 3568 2932 Deo,
3595 2866 3654 2916 ut
3671 2860 3852 2916 Genes.

2230 2963 2356 3017 xm,
2389 2946 2475 3013 43,
2510 2947 2789 3002 dicuntur
2833 2949 3141 3004 Sodomitas
3185 2957 3499 3021 peccatores
3545 2965 3718 3004 coram
3767 2949 3855 3002 Do.

2233 3040 2405 3108 mino,
2437 3036 2737 3108 Hebraice,
2770 3049 3082 3110 peccatores
3138 3041 3388 3108 Domino,
3433 3041 3499 3094 in
3559 3040 3722 3095 oculis
3763 3040 3856 3094 Do-

2233 3129 2396 3196 mini,
2428 3125 2518 3182 vel
2567 3127 2686 3195 Dei,
2723 3128 2828 3184 hoc
2887 3133 2999 3196 est,
3057 3145 3292 3198 revera,
3325 3129 3566 3185 etiamsi
3613 3127 3857 3185 homines

2153 3199 2196 3266 C
2237 3215 2610 3271 dissentiant.
2668 3219 2871 3288 Itaque
2933 3223 3090 3274 recte
3145 3217 3292 3273 dixit
3353 3217 3634 3287 Basilius,
3673 3215 3857 3277 ἀστεῖος

2229 3302 2375 3379 παρὰ
2421 3307 2556 3372 Θεῶ,
2591 3308 2656 3359 ut
2703 3305 2930 3361 dixerat
2987 3306 3046 3363 S.
3101 3305 3459 3378 Stephanus,
3493 3305 3700 3368 ἀστεῖος
3739 3307 3857 3374 Θεῷ.

2303 3481 2422 3540 Col.
2458 3483 2488 3536 Ἰ
2527 3483 2572 3538 Α
2609 3483 2662 3538 6.
2714 3481 2817 3539 Sed
2867 3483 3181 3540 secundum.
3233 3483 3363 3540 Haec
3407 3484 3652 3540 uberius
3697 3483 3860 3538 inter-

2237 3577 2502 3646 pretatus
2540 3577 2664 3628 erat
2690 3573 3106 3645 Argyropylus,
3140 3574 3260 3630 sive
3289 3575 3340 3629 is
3371 3573 3475 3646 qui
3507 3575 3638 3645 ejus
3673 3571 3866 3629 versio-

2239 3679 2374 3718 nem
2405 3662 2720 3718 recensuit.
2742 3661 2811 3716 Et
2832 3675 2903 3716 ne
2931 3661 3067 3733 quis
3097 3662 3297 3718 damni
3329 3677 3392 3717 se
3422 3661 3653 3735 aliquid
3687 3661 3870 3716 fecisse

2243 3751 2600 3823 suspicetur,
2636 3753 2911 3822 poterunt
2938 3765 3070 3804 cum
3103 3749 3316 3805 Graecis
3351 3766 3419 3806 ea
3471 3750 3724 3806 conferri
3763 3762 3870 3820 qua:

2246 3838 2602 3896 sustulimus
2636 3856 2649 3895 :
2683 3861 2710 3888 «
2743 3842 2808 3893 Et
2860 3855 2922 3894 se
2977 3843 3130 3894 totos
3163 3838 3576 3906 permittentes
3607 3843 3774 3910 atque
3801 3852 3877 3890 ac-

2245 3929 2692 3986 commodantes
2721 3927 2921 4000 prima;
2954 3927 3038 3982 illi
3081 3945 3200 3984 suae
3248 3929 3320 3984 de
3368 3928 3490 3984 Deo
3537 3925 3877 4002 ignorantiae,

2247 4035 2374 4091 quis
2408 4018 2677 4073 videmus
2725 4021 2938 4072 cuncta
2985 4016 3056 4071 ad
3108 4022 3302 4072 ortum
3335 4017 3642 4090 progredi,
3675 4018 3787 4072 haec
3813 4013 3883 4067 ita

2247 4122 2545 4178 emergere
2573 4105 2989 4161 concluserunt
3019 4105 3243 4178 perpeti
3271 4107 3534 4178 quadam
3570 4105 3721 4161 serie
3767 4117 3883 4158 suc-

2249 4195 2598 4251 cessionis.»
2619 4193 2967 4249 Eustathius
2988 4193 3224 4266 scripsit
3241 4210 3255 4248 :
3271 4217 3297 4244 «
3314 4194 3425 4249 Sed
3450 4193 3730 4250 familiari
3751 4193 3891 4264 igno-

2252 4283 2476 4339 ratione
2499 4281 2768 4354 sublapsi
2793 4281 2967 4337 variis
2990 4283 3190 4338 omnia
3207 4281 3663 4339 definitionibus
3685 4277 3892 4337 conclu-

2253 4376 2476 4429 serunt.
2513 4393 2540 4422 »

2324 4467 2443 4525 Col.
2463 4472 2551 4524 8C
2581 4469 2667 4522 11.
2691 4470 2940 4534 Ζητεῖται
2972 4466 3000 4520 ὁ
3030 4467 3152 4535 τήν.
3198 4467 3286 4524 :ic
3333 4467 3562 4524 editum
3599 4472 3778 4524 estex
3805 4481 3884 4518 va-

475 4569 679 4625 Latine
708 4567 908 4622 effert:
951 4567 1038 4622 Vae
1069 4567 1167 4635 qui
1191 4563 1473 4637 profundo
1497 4566 1626 4618 estis
1663 4564 1843 4633 corde,
1875 4569 1996 4618 uta
2025 4555 2137 4619 υθέ
2169 4566 2214 4631 1)
2249 4558 2353 4613 riis
2381 4556 2732 4613 lectionibus
2755 4555 2982 4628 Anglic.
3007 4557 3299 4624 codicum,
3320 4557 3544 4628 quibus
3575 4557 3889 4628 adjungunt

473 4659 626 4713 mino
654 4654 1004 4713 abscondatis
1042 4653 1357 4709 consilium.
1388 4651 1840 4725 Chrysostomus
1875 4653 1946 4707 de
1994 4669 2130 4724 pro-

476 4746 698 4802 ditione
727 4743 914 4808 Judaa,
945 4745 1091 4796 tom.
1133 4740 1179 4794 V
1214 4739 1489 4795 editionis
1522 4743 1732 4795 nostra:
1765 4739 2079 4795 Parisiens.
2117 4756 2131 4794 :

474 4835 737 4890 Ἕκαστον
775 4834 883 4884 τῶν
914 4827 1223 4904 λεγομὲνων
1279 4825 1504 4896 πολλὴν
1547 4825 1665 4902 ἔχει
1719 4828 1819 4895 τὴν
1880 4825 2133 4902 θεωρίαν,

475 4921 567 4976 καὶ
596 4919 740 4976 πολὺ
761 4920 822 4975 τὸ
859 4917 1025 4995 βάθος
1057 4922 1163 4973 τῶν
1198 4916 1512 4989 νοημάτων·
1538 4939 1562 4970 a
1583 4923 1649 4972 In
1682 4916 1936 4989 singulis
1960 4916 2136 4972 dictis

479 5012 666 5070 multa
693 5015 779 5067 est
801 5009 1242 5081 contemplatio,
1268 5007 1456 5063 multa
1491 5007 1864 5079 profunditas
1898 5011 2134 5062 senten-

481 5105 719 5159 tiarum.
755 5123 783 5150 »
817 5103 886 5155 Et
914 5097 1120 5154 homil.
1154 5097 1177 5154 1
1217 5098 1294 5153 ad
1343 5097 1717 5152 Antiochenos
1752 5113 1764 5152 :
1796 5091 1965 5148 Ἴδετε
1995 5094 2132 5168 πρὸς

476 5189 647 5245 πόσον
710 5189 870 5262 βάθος
930 5185 1309 5258 κατηγάγομεν
1359 5183 1450 5236 τὸν
1499 5181 1684 5258 λόγον’
1716 5205 1744 5233 ‹‹
1798 5183 2043 5239 Vidistis
2075 5184 2133 5238 in

481 5286 764 5358 quantam
815 5293 1146 5336 sermonem
1198 5275 1554 5332 deduximus
1586 5275 2068 5347 profunditatem.
2107 5296 2128 5323 ι

549 5391 702 5446 Ibid.
730 5390 787 5444 9.
819 5383 1185 5450 Eustathius,
1217 5381 1500 5438 insistens
1552 5381 1793 5453 propius
1821 5382 2132 5437 verborum

482 5476 785 5535 sententia:
809 5473 1000 5529 dixit:
1040 5493 1068 5521 «
1099 5469 1206 5534 Qui
1255 5468 1598 5540 perhibetur
1643 5472 1930 5523 venustus
1973 5467 2128 5538 apud

480 5567 798 5626 Dominum
829 5562 1033 5618 fuisse.
1067 5581 1095 5609 »
1119 5558 1215 5614 Sic
1247 5561 1311 5612 ut
1334 5555 1735 5628 intelligamus
1768 5556 2004 5628 Moysen
2034 5571 2130 5611 ve-

483 5661 726 5714 nustum
745 5653 924 5708 fuisse
941 5649 1095 5722 apud
1115 5649 1298 5705 Deum
1320 5646 1539 5718 ipsum,
1557 5646 1654 5717 qui
1675 5646 1960 5702 nimirum
1982 5645 2132 5702 Scri-

2246 4646 2356 4701 viri
2399 4645 2554 4700 docti
2588 4642 2692 4715 τίς,
2723 4651 2787 4700 ut
2815 4644 3045 4715 legatur
3075 4645 3226 4713 ζήτει
3256 4664 3358 4712 τις,
3390 4645 3478 4701 vel
3526 4646 3753 4715 ζητήσει
3795 4661 3882 4708 τις,

2246 4738 2329 4794 τίς
2362 4732 2389 4786 ὁ
2421 4733 2521 4801 τήν
2551 4733 2754 4807 ἀρχήν.
2788 4733 3040 4806 Vulgata
3077 4733 3251 4790 lectio
3302 4733 3656 4791 Basilionsis
3702 4732 3883 4790 editio-

2248 4825 2340 4879 nis
2374 4824 2506 4879 t'erri
2540 4822 2861 4896 potest,cui
2886 4823 3002 4878 duo
3028 4823 3189 4895 Regii
3214 4824 3444 4880 codices
3477 4825 3883 4896 suffragantur,

2248 4912 2396 4981 ζήτει
2426 4909 2508 4974 τίς
2540 4909 2568 4964 ὁ
2597 4910 2696 4978 τὴν
2727 4911 2932 4985 ἀρχήν,
2964 4915 3020 4967 et
3050 4911 3395 4968 Eustathius
3438 4929 3580 4968 cum
3631 4909 3885 4969 Cornario

2244 5005 2476 5056 vertens
2499 5019 2517 5055 :
2551 5023 2579 5051 «
2613 5002 2814 5065 Quaere
2843 4999 2975 5069 quis
3023 4999 3107 5054 illi
3154 5001 3318 5056 dedit
3350 5000 3736 5071 principium,
3761 5022 3787 5047 »
3814 4995 3884 5051 vel

2247 5095 2399 5145 certe
2429 5089 2736 5156 scribetur,
2773 5091 3014 5156 ζητεῖται
3044 5086 3126 5149 τίς
3157 5088 3184 5140 ὁ
3206 5088 3327 5156 τήν.
3366 5109 3387 5138 ι
3421 5089 3740 5159 Quaeritur,
3769 5085 3884 5158 quis

2244 5177 2342 5249 sit,
2375 5178 2476 5249 qui
2512 5177 2868 5249 principium
2901 5177 3076 5232 dedit.
3117 5198 3145 5226 υ

2313 5282 2433 5339 Col.
2465 5284 2499 5338 9
2531 5285 2569 5338 Α
2628 5284 2716 5338 14.
2767 5279 3071 5358 Διαφεύγει.
3133 5283 3579 5339 Emendandum
3637 5297 3709 5337 ex
3754 5281 3878 5336 duo-

2243 5373 2356 5430 bus
2409 5373 2606 5446 Regiis
2661 5373 2830 5428 codd.
2889 5368 3185 5448 διαφεύγει,
3217 5377 3276 5428 et
3331 5377 3545 5428 contra
3603 5388 3738 5427 mox
3786 5366 3878 5422 δια-

2241 5461 2436 5538 φεύγῃ·

2310 5560 2457 5617 Ibid.
2518 5560 2559 5615 B
2613 5561 2674 5616 7.
2731 5553 2937 5627 Μηδενὶ
2991 5556 3173 5630 μέσον.
3233 5559 3311 5614 Ex
3363 5558 3581 5614 iisdem
3662 5557 3872 5615 duobus

2241 5649 2409 5705 libris
2437 5654 2493 5704 et
2523 5647 2713 5720 Regiis
2744 5652 2802 5704 et
2833 5647 2996 5720 Angl.
3030 5647 3435 5719 corrigendum
3471 5643 3673 5716 μηδενὲ
3706 5646 3867 5717 μὲσῳ·
