4128 6216
221 383 339 445 973
827 333 829 335 ι
1285 384 1388 443 AD
1435 383 1813 445 HOMILIAS
1861 387 1935 446 ΙΝ
1987 384 2552 447 HEXAEMERON.
3514 397 3632 460 974

219 515 309 572 cui
341 514 578 572 lectioni
609 515 966 588 astipulatur
1010 516 1381 588 Eustathius,
1417 538 1445 568 «
1469 517 1634 582 Quod
1676 517 1874 591 plani-
1903 533 1958 600 Α
1989 520 2332 576 damentum
2364 522 2420 574 et
2450 520 2689 592 gradus.
2723 541 2750 570 »
2786 521 3131 578 Eustathius
3160 522 3371 582 melius
3403 539 3637 599 expres-

224 607 331 662 ties
361 621 562 661 eorum
597 604 777 661 nullis
808 604 1020 661 mediis
1050 605 1440 676 interpolator
1469 607 1818 663 obstaculis.
1844 631 1872 658 »
1985 609 2084 678 sit,
2114 631 2143 658 »
2167 607 2606 664 munimentum
2633 613 2690 665 et
2715 609 3148 678 fulcimentum,
3179 635 3208 661 ››
3231 618 3288 669 et
3310 613 3638 687 Carnarius,

223 696 386 760 Quod
437 695 728 766 sequitur,
769 695 975 751 vitiose
1019 695 1326 767 legebatur
1383 701 1575 766 antea,
1624 696 1724 764 τὴν
1775 701 1867 750 τοῦ

1984 720 2013 749 ‹‹
2045 698 2208 753 basis
2241 714 2306 753 ac
2355 697 2876 754 fundamentum.»
2903 700 3111 773 Ba'zllpov
3160 701 3254 758 hic
3289 720 3404 760 non
3435 703 3639 778 κλίμαξ

223 785 436 856 κόσμου
467 778 706 858 ἄναρχον
737 783 826 838 καὶ
860 782 1127 852 deciso-eq
1162 785 1260 841 sed
1309 786 1616 840 restitutus
1659 791 1748 842 est
1777 803 1867 842 eo-

1982 792 2093 854 est,
2145 789 2248 842 sed
2291 785 2574 858 θεμέλιος,
2604 786 2638 855 ἢ
2670 783 2935 862 ἕδρασμα,
2968 814 2995 840 ‹‹
3030 791 3489 862 firmamentum,
3539 803 3640 852 aut

225 875 494 930 rumdem
545 874 832 930 librorum
882 874 1228 930 auctoritate
1275 874 1462 931 locus.
1512 875 1692 931 Paulo
1742 880 1876 948 post
1983 877 2456 932 fundamentum.
2496 898 2523 925 »
2554 877 2647 932 Sic
2699 877 2758 932 in
2808 878 2917 934 hac
2955 879 3085 952 ipsa
3119 882 3358 938 homilia
3387 889 3442 940 et
3474 886 3635 958 pagi-

224 980 272 1019 c.
308 966 358 1031 1,
395 961 458 1019 Εἰ
491 965 593 1036 γὰρ
615 961 818 1037 ἀρχήν,
837 963 1046 1018 horum
1079 963 1621 1035 interpretationem
1657 965 1867 1020 clarius

1986 982 2082 1035 na,
2119 963 2369 1038 θεμέλιοί
2397 985 2538 1026 τινες
2567 965 2655 1019 καὶ
2686 965 2950 1040 κρηπῖδες
2981 964 3390 1044 προκατεϐλήθ.

221 1053 580 1109 merendam
613 1053 977 1108 censuimus.

2055 1073 2174 1129 Col.
2211 1074 2276 1129 18
2305 1075 2350 1128 Α
2379 1075 2433 1128 5.
2476 1075 2538 1129 1η
2586 1091 2818 1130 summa.
2863 1076 3211 1133 Eustathius
3251 1095 3264 1133 :
3306 1099 3329 1132 α
3361 1083 3633 1136 Summa-

288 1141 412 1198 σοι·
444 1143 516 1237 12
548 1144 586 1196 Α
615 1142 704 1198 40·
737 1141 1138 1237 Εκρξληκίωυε
1168 1143 1317 1198 duas
1348 1158 1517 1237 ξὀοθε
1549 1142 1870 1213 “dum”:
1981 1163 2108 1230 tim,
2160 1163 2218 1217 id
2269 1168 2375 1233 est,
2423 1163 2602 1232 brevi,
2657 1164 2991 1237 subitoque.
3031 1188 3051 1215 ι
3088 1169 3405 1224 Cornarius
3455 1185 3468 1225 :
3505 1191 3534 1220 ι(
3570 1170 3633 1226 In

217 1255 244 1282 α
277 1249 411 1322 Cum
444 1231 586 1302 Πεθ,
622 1247 820 1322 ’Ἢυεε
843 1230 1042 1322 GP?“
1068 1247 1178 1286 Ποη
1210 1232 1536 1322 τθςιιίτιξιιιν
1563 1249 1752 1304 neque
1782 1249 1874 1288 νθ·
1984 1269 2220 1308 summa
2248 1230 2381 1308 fecit
2409 1230 2596 1321 Deus,
2620 1252 2730 1308 hoc
2762 1230 3281 1322 esu-coacervatim
3316 1261 3373 1313 et
3402 1259 3632 1314 brevi.»

213 1325 311 1376 tus
338 1321 632 1393 interpres
664 1320 1014 1376 Eustathius
1047 1321 1341 1393 agnoscit,
1371 1341 1392 1368 ε
1418 1321 1751 1391 Rerumque
1774 1338 1867 1394 per

1985 1340 2287 1418 Κεφάλαιον
2322 1342 2416 1396 hic
2439 1359 2731 1398 summam
2758 1344 2987 1400 numeri
3010 1345 3097 1400 vel
3131 1347 3414 1418 temporis
3437 1353 3628 1417 sonat,

219 1415 418 1503 partes
447 1409 855 1503 institutarum
887 1415 1140 1465 actorem
1190 1410 1806 1483 dispensatoremque.
1844 1433 1870 1459 »
1985 1409 2100 1503 qua
2128 1430 2364 1487 notione
2395 1449 2545 1502 sape
2604 1449 2772 1489 voces
2820 1434 3071 1489 Hobmw
3131 1409 3333 1499 mw,“
3378 1441 3435 1493 et
3503 1409 3636 1499 ιςκῆ

216 1499 432 1600 Ci‘iem.
467 1498 1313 1600 Αξαάετξξσοίζακδίξξδηανη.
1362 1517 1419 1556 ιν
1451 1516 1464 1555 ³
1501 1500 1768 1600 ((Ζθηοξί
1817 1505 1874 1554 9t
1981 1498 2351 1592 accipiuntur
2399 1498 2846 1594 in-Scriptura,
2895 1527 2951 1579 et
2998 1542 3031 1577 a
3076 1523 3214 1579 LXX
3277 1498 3433 1582 nunc
3480 1525 3638 1600 κεφάο

222 1589 470 1660 reliquis
505 1589 621 1644 fere
656 1588 868 1644 Stoicis
917 1588 1096 1643 ather
1134 1588 1363 1644 videtur
1392 1605 1664 1645 summus
1695 1588 1867 1656 Deus,

1983 1588 2162 1675 λαιον,
2217 1627 2374 1666 nunc
2432 1608 2602 1685 ἀρχή,
2637 1588 2840 1667 punct
2878 1608 3252 1688 συλλογισμός
3309 1588 3638 1688 vertuntur,

221 1682 420 1776 ιξίθηίθ
449 1677 749 1776 Ρτδθδ-ίωθν
783 1693 900 1748 qua
932 1679 1455 1776 {Tniafegamﬂr'
1475 1699 1504 1728 ”
1531 1679 1684 1776 idem
1853 1695 1870 1732 ¹
1982 1677 2483 1770 quemadmodum
2503 1677 2676 1756 vet-ab
2708 1701 2942 1772 Aquila,
2964 1677 3363 1758 Theodotione
3394 1677 3635 1776 et‘Sym-l

223 1769 294 1823 De
322 1776 536 1823 natura
581 1767 843 1823 deorum:
877 1789 905 1816 «
939 1765 1302 1838 Chrysippus
1349 1767 1612 1839 disputat
1656 1767 1867 1823 aethera

1984 1765 2214 1858 macbo,
2249 1805 2396 1859 quos
2440 1788 2532 1844 hic
2583 1765 2890 1862 designare
2925 1765 3171 1846 vvidetur
3199 1790 3478 1861 Basilius,
3509 1765 3638 1847 l‘lu-

223 1873 350 1912 esse
369 1872 528 1926 eum,
554 1872 729 1928 quem
751 1855 1020 1910 homines
1043 1855 1243 1911 Jovem
1267 1855 1691 1928 appellarent.»
1711 1857 1867 1912 Idem

227 1946 297 1967 _:a
380 1945 673 1967 hl‘a-___
730 1944 784 1967 ἒ..
845 1944 1042 1967 m:-._...-
1095 1944 1278 1967 .12--_-
1345 1946 1628 1967 ...η-Δημ
1692 1949 1861 1967 n-___

1985 1893 2123 1932 mer.
2188 1894 2263 1942 Iv,
2294 1881 2369 1933 2:
2421 1871 2566 1931 Λάϐε
2612 1877 2674 1931 τὸ
2726 1875 3018 1954 κεφάλαιον
3078 1883 3186 1933 τῶν
3245 1879 3379 1934 υἱῶν
3430 1879 3582 1935 Καάο
3620 1897 3633 1911 ⁸

224 1946 323 2009 ait,
379 1945 679 2042 Ριέὶῐοοξθῐη
730 1944 787 2042 ίῐξ
845 1944 1043 2042 Τίῖηᾶεο
1083 1944 1303 2042 ﬁcere:
1345 1946 1634 2042 ωιῆιξάυω
1692 1949 1868 2042 θεξξξω
1904 1944 2176 2037 "Accipe
2234 1983 2511 2022 summam
2565 1944 2822 2037 ﬁlioruni
2885 1969 3056 2024 Caafh
3112 2009 3124 2022 .
3180 1969 3435 2042 Vulgata
3492 1987 3635 2042 quo-

221 2049 371 2099 esse,
403 2040 461 2089 et
491 2033 700 2089 caelum
732 2038 789 2088 et
830 2038 1010 2104 astra,
1043 2038 1101 2087 et
1138 2038 1354 2088 terram
1388 2050 1402 2088 :
1435 2034 1709 2105 idemque
1743 2032 1867 2087 Pla-

1981 2072 2094 2127 que
2127 2056 2333 2111 Latina
2363 2080 2392 2106 «
2425 2075 2718 2113 summam
2752 2079 2778 2109 ι
2813 2059 3005 2125 vertit,
3035 2065 3090 2113 et
3120 2059 3408 2130 interpres
3432 2060 3636 2130 Orige-

222 2122 344 2220 toni
388 2122 595 2220 tribuit
643 2121 1276 2220 Proclus_orgumgnto
1314 2123 1423 2220 .20.-
1458 2138 1631 2220 (luem
1659 2123 1871 2178 refutat
1981 2121 2096 2212 nis,
2134 2167 2155 2194 ιι
2193 2162 2550 2214 numerum;
2586 2169 2612 2195 ››
2673 2147 2911 2202 Numer.
2954 2121 2999 2218 ι,
3042 2147 3078 2200 2
3124 2163 3136 2202 :
3188 2121 3396 2200 Λάξετε
3454 2121 3632 2220 ἀρξήν

217 2212 568 2268 Benedictus
599 2211 870 2267 Pererius
898 2209 1000 2266 lib.
1037 2227 1107 2266 xv
1137 2212 1212 2266 De
1235 2213 1534 2284 principiis
1563 2227 1746 2267 rerum
1773 2228 1871 2266 na-

219 2302 512 2366 turalium,
543 2317 671 2372 cap.
705 2301 758 2356 4.

289 2390 442 2445 Ibid.
475 2389 596 2445 Β2.
644 2385 803 2443 Ἀλλ’
855 2389 906 2442 οἱ
955 2392 1064 2443 τῶν
1115 2387 1348 2463 ἄστρων.
1405 2390 1677 2446 Fortasse
1724 2389 1867 2446 scri-

219 2478 503 2548 bendum,
535 2474 700 2532 ἄλλοι
750 2481 856 2532 τῶν
903 2475 1161 2553 ἀστέρων,
1215 2479 1370 2550 quod
1421 2480 1630 2534 suadet
1662 2480 1864 2536 Eusta-

217 2567 382 2624 thius
409 2571 642 2624 vertens
674 2585 688 2623 :
719 2587 746 2620 ι
771 2567 886 2624 Alii
915 2567 1220 2623 stellarum
1252 2567 1561 2625 intervalla
1597 2568 1866 2624 dinume-

219 2662 374 2714 rant.
408 2679 439 2708 η

1976 2231 2153 2303 πάσης
2237 2239 2554 2309 συναγωγῆς
2614 2253 2626 2266 ·
2719 2237 2960 2304 Accipite
3067 2251 3346 2292 summam
3457 2239 3639 2292 omnis

1975 2325 2455 2394 congregationis;
2507 2324 2683 2380 Exodi
2741 2341 2875 2394 xxx,
2933 2324 3003 2380 42
3053 2339 3067 2379 :
3121 2322 3242 2377 Ἐὰν
3301 2317 3477 2398 λάϐῃς
3541 2323 3634 2378 τὸν

1977 2409 2347 2485 συλλογισμὸν
2423 2415 2529 2466 τῶν
2608 2412 2738 2465 υἱῶν
2819 2410 3038 2487 Ἰσραήλ
3083 2431 3096 2443 ο
3180 2413 3314 2468 Cum
3397 2414 3635 2486 accipies

1975 2503 2431 2572 computationem
2484 2500 2738 2572 ﬁliorum
2783 2502 2970 2557 Israel.
3012 2501 3106 2558 Sic
3161 2501 3415 2558 inferius
3471 2501 3638 2558 Basi-

1976 2589 2093 2645 lius
2133 2589 2279 2645 dixit
2325 2609 2338 2646 :
2389 2588 2440 2643 ἂν
2493 2589 2775 2664 κεφαλαίῳ
2826 2585 3222 2666 παραδεδόσθαι
3273 2589 3506 2664 οὐρανοῦ
3544 2590 3635 2646 καὶ

361 2679 439 2712 1))

361 2747 415 2760 ⁸.
473 2746 574 2760 n-
630 2745 732 2760 ,πυ
863 2745 872 2760 Ι
987 2743 1008 2760 .-
1262 2744 1274 2760 Ι
1518 2746 1560 2760 ἢ
1704 2747 1743 2760 ἢ
1830 2745 1863 2760 οο

1975 2683 2080 2751 γῆς
2103 2678 2349 2748 ποίησιν.
2380 2683 2454 2734 At
2486 2679 2876 2736 Ecclesiastici
2908 2697 3065 2750 mu,
3097 2682 3148 2750 1,
3183 2679 3468 2751 scriptum
3497 2685 3588 2736 est
3615 2698 3630 2737 :

288 2747 440 2804 Ibid.
473 2746 597 2841 3.5.
629 2745 759 2806 Τοῖς
813 2745 907 2817 μὲν
959 2743 1060 2799 εἷ’σι
1121 2744 1458 2820 φαινόμενοι.
1518 2746 1644 2802 Duo
1704 2745 1867 2820 Regii

1975 2767 2032 2818 Ὁ
2095 2770 2198 2835 ζῶν
2259 2765 2336 2830 εἷς
2393 2767 2486 2822 τὸν
2547 2765 2764 2836 αἰῶνα,
2824 2766 2999 2822 ἔκτισε
3063 2767 3131 2822 τὰ
3195 2768 3370 2822 πάντα.
3423 2771 3578 2841 κοινῇ
3615 2786 3628 2800 ⁶

212 2840 334 2899 τοῖς
365 2835 461 2907 μὲν
493 2832 594 2889 είσι
626 2833 868 2912 φανεροί.
900 2835 1277 2891 Eustathius:
1307 2858 1336 2886 «
1370 2838 1433 2891 In
1466 2836 1640 2891 certis
1672 2836 1866 2908 suspi-

1979 2857 2084 2925 Qui
2129 2858 2264 2912 vivit
2311 2860 2375 2913 in
2429 2861 2723 2924 zternum,
2775 2862 2987 2914 creavit
3036 2860 3223 2914 omnia
3269 2858 3456 2913 simul.
3509 2858 3628 2914 Hoc

213 2925 457 3018 Pium“?
478 2923 1032 3018 hominitf'mgmbis
1058 2929 1256 2980 antem
1279 2924 1573 3018 h‘fbfmtur
1594 2924 1864 2997 ῖευοιωοη
1977 2923 2085 3011 est,
2116 2945 2333 3017 pariter
2365 2944 2449 3002 vel
2480 2923 2892 3016 communiter,
2934 2947 3129 3018 inquit
3157 2946 3475 3002 Jansenius
3509 2962 3521 3000 :
3556 2961 3628 3001 ne

210 3015 306 3070 Sic
336 3014 500 3069 enim
533 3013 970 3068 emendandum
1004 3029 1108 3086 pro
1131 3035 1160 3064 «
1193 3013 1622 3086 suscipiuntur.
1657 3035 1687 3063 »

1975 3013 2206 3104 quis—ex
2249 3036 2356 3090 hoc
2395 3035 2630 3108 colligat
2675 3013 2885 3091 omnia.
2917 3013 3096 3091 simul
3137 3037 3338 3091 eodem
3365 3039 3630 3107 tempore

283 3120 432 3176 Ibid.
482 3120 524 3174 B
569 3120 621 3174 8.
677 3119 1096 3176 Declinationes.
1149 3120 1482 3188 Basiliens.,
1528 3118 1865 3194 στηριγμοὺς
1974 3139 2103 3178 esse
2131 3124 2386 3194 condita,
2422 3125 2923 3196 quemadmodum
2956 3141 3026 3180 ex
3046 3125 3250 3181 eodem
3295 3124 3423 3180 loco
3448 3124 3627 3180 intel—

206 3209 298 3264 καὶ
359 3205 729 3269 ἀποκλείσεις.
790 3208 1154 3276 Eustathius,
1208 3211 1623 3281 praeclusiones.
1677 3210 1864 3274 Quam
1901 3271 1938 3286 Α
1976 3211 2118 3268 lexit
2163 3217 2220 3268 S.
2274 3213 2656 3286 Augustinus,
2690 3215 2889 3269 omnia
2919 3231 3093 3286 opera
3135 3214 3469 3281 creationis,
3503 3230 3630 3285 quae

207 3300 526 3356 lectionem
587 3302 826 3354 secutus
877 3297 1225 3354 Tilmannus
1282 3298 1544 3354 ediderat
1581 3301 1865 3368 stationes,
1896 3271 1939 3338 (ἶ
1975 3319 2076 3358 sex
2105 3303 2314 3359 diebus
2363 3303 2513 3358 facta
2563 3308 3122 3370 commemorantur,
3168 3302 3346 3359 simul
3391 3319 3630 3375 unoque

209 3389 582 3452 exclusiones,
605 3392 663 3442 et
691 3391 1002 3443 annotorat
1031 3387 1456 3461 Argyropylum
1488 3387 1700 3460 legisse
1731 3385 1864 3441 ἄπο·
1975 3396 2235 3462 tempore
2265 3392 2415 3447 facta
2445 3409 2594 3459 esse,
2625 3391 2726 3447 lib.
2760 3409 2815 3447 ιν
2849 3397 2930 3448 De
2957 3392 3149 3448 Genesi
3177 3392 3249 3448 ad
3281 3393 3366 3448 lit.
3401 3392 3628 3464 cap.33,

210 3475 444 3538 κλίσεις·
493 3481 668 3548 prout
717 3482 772 3532 et
823 3477 882 3532 in
927 3477 1158 3533 duobus
1205 3477 1404 3550 Regiis
1467 3495 1607 3534 mss.
1662 3493 1864 3534 exara-
1976 3479 3629 3554 nequeusimul»temporisidentitatemhicdesignat,sed

215 3574 348 3623 tum
382 3565 514 3630 fuit,
548 3567 676 3621 ideo
707 3565 1112 3622 declinationes
1139 3566 1507 3639 interpretati
1530 3567 1868 3623 sumus.Est
1979 3569 2254 3625 universa
2292 3569 2419 3625 sine
2449 3570 2785 3641 exceptione
2831 3571 3298 3643 comprehendit.
3330 3571 3440 3626 Sed
3471 3572 3628 3625 fave-

215 3655 375 3712 enim
408 3655 712 3710 declinatio
759 3656 912 3726 apud
963 3655 1292 3727 astrologos
1336 3655 1518 3712 stellas
1547 3657 1634 3711 vel
1667 3657 1868 3728 puncti
1979 3661 2066 3712 ret
2115 3658 2423 3728 Augustini
2475 3659 2774 3713 sententiae
2826 3658 2948 3714 hac
2979 3658 3212 3715 illorum
3238 3661 3624 3731 interpretum

214 3743 504 3815 ecliptics
534 3743 818 3799 distantia
840 3745 912 3800 ab
934 3749 1229 3815 aaquatore
1261 3761 1463 3800 versus
1493 3744 1743 3800 alterum
1768 3761 1868 3815 po-
1977 3741 2209 3813 ἔκδυσις,
2261 3747 2430 3817 cujus
2477 3746 2709 3802 videtur
2756 3747 3036 3804 habuisse
3081 3748 3350 3804 notitiam
3377 3746 3625 3803 Aeacius

214 3833 412 3890 lorum
446 3833 674 3888 mundi.
704 3832 1052 3888 Aristoteles
1084 3833 1152 3888 de
1186 3833 1310 3888 sole
1341 3840 1542 3905 agens,
1570 3835 1869 3900 Problem,
1978 3835 2038 3889 in
2070 3835 2177 3890 hoc
2208 3840 2430 3890 Catenae
2462 3835 2787 3891 Graecorum
2819 3837 2878 3891 in
2911 3836 3152 3892 Genesim
3182 3837 3327 3906 loco,
3363 3836 3463 3907 qui
3492 3853 3624 3908 per-

216 3927 363 3978 sect.
398 3922 487 3988 45,
537 3919 726 3992 probl.
757 3922 830 3978 6:
864 3918 1152 3994 Ἀπιίρους
1210 3920 1312 3996 γὰρ
1373 3919 1641 3994 ἐγκλίσεις
1688 3919 1867 3996 ἐγχω-

1981 3941 2178 3997 peram
2228 3925 2384 3996 apud
2436 3924 2813 3980 Franciscum
2880 3925 3208 3996 Zephyrum
3265 3925 3626 3980 Theodoreto

216 4014 302 4086 ρεῖ
358 4007 522 4062 αὐτὸν
567 4005 844 4073 κλιθῆναι·
886 4033 906 4059 ι
951 4010 1087 4065 Cum
1136 4009 1261 4065 fieri
1291 4010 1480 4082 possit
1529 4015 1592 4065 ut
1642 4009 1867 4067 inﬁnito

1981 4013 2280 4070 tribuitur.
2313 4012 2406 4069 Sic
2436 4013 2593 4068 enim
2625 4018 2820 4070 textus
2869 4016 3102 4068 Graecus
3134 4030 3196 4070 se
3242 4013 3416 4069 habet
3445 4013 3504 4067 in
3539 4029 3630 4068 co-

215 4115 469 4154 numero
518 4097 851 4154 inclinetur.
880 4121 907 4148 »
953 4099 1288 4155 Cleomedes
1346 4097 1448 4154 lib.
1481 4117 1500 4154 1
1544 4099 1870 4172 Geograph.:
1982 4102 2108 4159 dice
2157 4102 2548 4159 illustrissimi
2599 4102 2914 4159 cardinalis
2961 4102 3212 4158 Joeusaoi.
3246 4119 3258 4157 :
3293 4100 3629 4175 Ἑρωτητὲον

215 4189 354 4250 Τοῖς
383 4191 671 4259 τροπικοῖς
702 4184 1101 4262 πλαγιώτερος,
1132 4187 1219 4241 καὶ
1267 4185 1355 4242 ἐπὶ
1402 4184 1594 4241 πλεῖον
1624 4185 1873 4262 ἐγκεκλι-
1983 4189 2146 4245 πάλιν
2204 4188 2417 4260 αὐτοὺς,
2475 4191 2705 4260 πότερον
2753 4191 2864 4262 ἅμα
2909 4191 3083 4244 πάντα
3141 4187 3630 4265 δεδὴμιούργηται,

221 4274 386 4348 μενος
416 4275 757 4350 παράκειται·
794 4300 822 4327 ‹‹
857 4277 1122 4350 TrOpicis
1152 4295 1286 4333 vero
1312 4277 1624 4350 obliquior,
1657 4287 1715 4335 et
1747 4297 1867 4334 ma-

1983 4281 2018 4350 ἢ
2044 4280 2185 4350 τάξει
2226 4278 2316 4334 καὶ
2367 4276 2496 4351 ὁδῷ.
2552 4280 2656 4334 Καὶ
2690 4279 2735 4334 εἰ
2770 4280 2863 4352 μὶν
2907 4280 2970 4334 τὸ
3007 4284 3226 4353 πρῶτον
3277 4277 3502 4345 εἶποιεν,
3535 4276 3634 4347 δῆ-

216 4367 313 4438 gis
362 4366 686 4423 inclinatus
726 4367 988 4423 accubat.
1031 4390 1052 4416 ι
1086 4367 1176 4422 Sic
1225 4367 1476 4423 Basilius
1516 4368 1642 4439 ipse
1674 4368 1827 4423 infra
1861 4385 1867 4424 :

1987 4368 2106 4439 λον,
2140 4367 2222 4422 ὅτι
2254 4370 2461 4422 ἅπαντα
2491 4365 2908 4444 δημιουργήσας
2950 4367 3249 4422 κατέπαυσε
3278 4364 3446 4422 πάλαι
3478 4367 3633 4436 ποτὲ,

217 4456 344 4513 Οὐκ
388 4448 645 4528 ἔχουσαν,
677 4455 815 4508 ὅπου
869 4451 1080 4526 μὰλλον
1129 4452 1429 4528 ἀποκλιθῇ.
1479 4456 1640 4518 Quod
1692 4457 1878 4528 sequi-
1987 4457 2075 4512 καὶ
2124 4455 2247 4512 ὅσον
2302 4455 2354 4511 ἐν
2402 4455 2588 4521 αὐτοῖς
2633 4460 2724 4510 νῦν
2775 4456 2936 4532 ἀργὸς
2976 4456 3048 4510 ὢν
3080 4456 3356 4532 τυγχάνει.
3392 4456 3456 4513 Εἰ
3489 4452 3546 4510 δὲ
3574 4457 3638 4510 τὸ

219 4553 324 4600 tur
357 4562 371 4600 :
406 4543 531 4597 Ἐπὶ
579 4542 646 4597 τὰ
688 4541 1078 4618 προηγούμενα
1119 4542 1351 4614 κίνησιν,
1402 4545 1713 4601 Cornarius
1753 4562 1878 4602 ver-
1991 4545 2235 4623 δεύτερον
2270 4545 2473 4622 ἐροῦσι,
2521 4547 2583 4600 τὸ
2630 4545 2774 4616 τάξει
2824 4546 2913 4601 καὶ
2954 4543 3067 4619 ὁδῷ
3117 4544 3495 4622 δημιουργεῖν,
3527 4566 3643 4600 και-

219 4635 297 4690 tit
327 4652 341 4689 :
383 4657 406 4682 ι
439 4638 659 4690 Motum
693 4633 958 4688 omnium
991 4634 1061 4688 ad
1089 4633 1406 4704 praeeuntis.
1435 4651 1503 4690 ac
1534 4635 1867 4707 primordia-

1989 4636 2080 4710 ρὸς
2110 4634 2304 4698 αὐτοὺς
2361 4636 2666 4708 μεμνῆσθαι
2711 4639 2807 4689 τοῖ’)
2856 4635 2906 4708 ἐξ
2959 4635 3139 4711 ἀρχῆς
3177 4633 3641 4711 ὠμολογημένου,

219 4722 345 4790 lia;
383 4743 412 4770 η
446 4721 868 4789 Montacutius,
904 4744 930 4770 «
966 4726 1189 4777 motum
1227 4722 1289 4777 in
1319 4724 1745 4781 antecedentia.
1778 4745 1807 4775 »

1990 4726 2063 4786 ὡς
2095 4724 2194 4779 υύκ
2225 4727 2284 4779 ἂν
2319 4724 2401 4796 εἴη
2436 4723 2631 4797 ἄπειρα
2672 4724 2740 4779 τὰ
2783 4721 3318 4801 δεδημιουργημένα.
3353 4749 3380 4776 ‹‹
3414 4727 3642 4781 Rursus

299 4829 423 4886 Col.
461 4830 528 4884 13
557 4831 602 4884 Α
643 4830 696 4884 6.
747 4825 1136 4903 Ὑπέρχρονος.
1191 4832 1276 4885 Ita
1319 4830 1435 4886 duo
1485 4830 1598 4885 RR.
1652 4847 1765 4886 non
1820 4835 1885 4886 ut
1989 4813 2390 4888 interrogandi
2425 4821 2586 4880 sunt,
2611 4832 2753 4870 num
2785 4816 2982 4872 omnia
3012 4816 3191 4872 simul
3217 4817 3368 4872 facta
3393 4816 3534 4881 sint,
3567 4831 3641 4870 an

225 4918 567 4988 Basiliens.,
607 4915 991 4991 ὑπερχρόνιος.
1026 4917 1374 4989 Quanquam
1417 4922 1731 4990 utrumque
1760 4919 1882 4974 usi-
1994 4907 2269 4978 deinceps
2299 4909 2356 4961 et
2381 4910 2827 4976 consequenter.
2851 4908 2926 4961 Ac
2950 4905 2999 4961 si
3023 4907 3188 4978 prius
3221 4906 3460 4978 quidem
3485 4905 3643 4960 dixe-

224 5014 443 5075 tatum,
478 5011 544 5062 ut
573 5005 864 5080 ἰσόχρονος
904 5010 962 5062 et
1004 5004 1332 5081 ἰσογρόνιος.
1367 5007 1650 5076 Subinde,
1678 5029 1706 5058 «
1728 5009 1867 5080 quod

1993 4995 2134 5066 rint,
2169 4993 2387 5050 nemini
2419 4993 2666 5049 dubium
2699 4997 2807 5060 est,
2831 4993 2972 5065 quin
3005 4998 3157 5050 Deus
3188 4994 3467 5051 omnibus
3489 5009 3646 5049 crea-

225 5113 469 5170 semper
509 5100 826 5169 urgetur.»
861 5080 1149 5166 Interpres
1197 5099 1446 5151 verterat
1478 5113 1490 5151 :
1531 5121 1550 5146 σ
1586 5098 1867 5153 Accedens

1993 5083 2438 5156 tisjampridem
2480 5081 2785 5154 quieverit,
2817 5083 2997 5138 vitam
3040 5100 3219 5154 nunc,
3251 5086 3535 5155 quantum
3570 5080 3641 5137 ad

226 5203 468 5258 semper
496 5189 554 5241 et
583 5201 741 5240 more
789 5184 1027 5240 ﬂuentis
1069 5200 1232 5256 aqua:
1282 5186 1580 5252 recedens,
1633 5203 1738 5242 nec
1776 5204 1884 5240 un.
1995 5190 2093 5229 eos
2125 5173 2353 5243 attinet,
2387 5172 2636 5229 otiosam
2669 5172 3013 5243 degens.Sin
3044 5173 3338 5244 posterius
3369 5171 3640 5236 dixerint,

227 5293 414 5349 quam
446 5293 480 5330 a
509 5279 694 5346 empto
729 5290 902 5328 cursu
935 5273 1213 5329 restitans
1245 5278 1346 5328 aut
1375 5276 1819 5346 conquiescens.
1857 5296 1881 5326 »
1996 5270 2047 5316 ει
2078 5262 2342 5316 ordinem
2388 5277 2452 5316 ac
2493 5277 2871 5333 Ρτοὲτθδδυω
2916 5263 3230 5339 quemdam
3261 5261 3319 5315 in
3353 5258 3642 5349 mea???"

227 5344 552 5421 Clematius
598 5344 845 5435 propius
895 5363 965 5417 ad
997 5367 1254 5420 mentem
1299 5344 1559 5420 auctoris
1593 5381 1606 5420 :
1641 5387 1669 5416 ‹‹
1703 5365 1886 5421 Festi-
1996 5366 2192 5407 rerum
2220 5351 2700 5422 θὲηοεοειηῒνάειω
2734 5351 3076 5408 meminisse
3105 5351 3334 5418 debent,
3356 5344 3645 5447 flufdhini'

228 5471 385 5510 nans
418 5469 652 5525 semper
681 5469 746 5507 ac
775 5451 1192 5524 praeterﬂuens,
1222 5469 1288 5509 ac
1321 5470 1614 5525 nusquam
1647 5472 1680 5510 ιι
1711 5470 1885 5510 cursu
1996 5441 2077 5496 tio
2109 5458 2210 5512 pro
2241 5445 2537 5512 comperto
2569 5440 2798 5511 dedere,
2831 5449 3020 5496 creata
3051 5458 3162 5495 non
3194 5455 3323 5494 esse
3353 5437 3644 5493 infinita.»

228 5545 572 5616 quiescens.
603 5541 723 5602 Nos
753 5540 1125 5596 Eustathium
1161 5545 1346 5599 secuti
1377 5559 1607 5598 sumus.
1645 5563 1670 5595 ιο

2069 5549 2188 5604 Col.
2242 5549 2308 5603 18
2351 5549 2392 5603 Β
2448 5549 2535 5603 14.
2598 5550 3012 5621 Συνυπαρχεῖν.
3075 5544 3517 5600 Emendandum
3577 5557 3645 5596 ex

307 5633 431 5690 Col.
466 5635 537 5688 15
571 5634 614 5688 Α
643 5633 698 5688 3.
731 5633 1083 5703 Principium
1130 5634 1252 5688 viz.
1289 5634 1471 5689 Locus
1511 5636 1601 5690 est
1646 5634 1867 5692 Proveri

1998 5639 2222 5694 duobus
2254 5637 2447 5709 Regiis
2477 5653 2621 5692 mss.
2656 5633 3038 5709 συνυπάρχειν,
3070 5641 3130 5690 et
3175 5636 3298 5708 παρ’
3324 5631 3488 5687 αὐτοῦ
3522 5650 3647 5684 συν-

230 5724 385 5781 bior.
414 5740 532 5790 XVI,
563 5725 615 5776 5.
651 5721 832 5779 Paulo
881 5725 1032 5793 post,
1066 5721 1266 5796 κρηπὶς
1296 5721 1384 5776 καὶ
1429 5722 1650 5798 βάθρον,
1689 5747 1716 5774 ιι
1756 5723 1867 5779 ΐυῐιι

2002 5727 2309 5800 εχώρησαν.
2369 5729 2546 5783 Porro
2609 5723 2778 5795 illud,
2837 5721 3160 5795 αὐτομάτως
3215 5724 3648 5798 παρυποστῆναι,
