4120 6230
417 373 537 436 9Ἱ5

1625 353 1858 415 NOTAE
1902 350 2344 416 FRONTONIS
2389 355 2650 418 DUC/El

3730 359 3854 420 9'16

421 505 593 564 vertit
623 497 959 565 Carnarius,
994 517 1022 544 ‹‹
1055 509 1165 550 sua
1192 491 1403 562 sponte
1435 485 1836 543 substituisse.
1877 506 1898 534 ι
1932 486 2073 541 Am-

2252 483 2441 561 κρῐχος
2491 483 2766 562 μετέωρον
2812 488 2961 565 φέρει
3019 490 3085 545 τὸ
3144 493 3326 563 σῶμα,
3377 491 3441 545 τὸ
3480 486 3540 544 δὲ
3581 489 3830 565 μετέωρο

426 593 663 652 brosius
711 589 814 645 lib.
864 605 904 654 ι,
937 601 986 641 c.
1017 584 1054 638 5
1086 599 1100 636 :
1135 603 1164 632 «
1195 577 1460 636 Asseruit
1503 575 1660 633 enim
1713 591 1822 631 sua
1871 579 2078 645 sponte

430 683 753 742 subsistere
777 698 791 747 ;
814 697 840 729 ι
871 670 1269 732 Montacutius
1293 685 1305 722 :
1333 687 1363 720 α
1385 666 1510 722 Una
1532 681 1664 720 cum
1697 663 1794 720 illo
1825 668 1882 719 et
1904 661 2080 719 simul

429 772 748 833 exstitisse.
786 791 812 816 ››
846 766 1072 820 Rursus
1104 759 1259 833 quod
1293 755 1563 828 sequitur
1588 770 1601 809 :
1623 750 1768 826 Οὐχὶ
1799 750 1930 804 αὐτὸ
1962 753 2084 803 τοῦ-

431 884 515 933 το,
548 863 632 918 sic
661 853 1003 914 Eustathius
1037 867 1050 907 :
1078 874 1104 901 «
1141 849 1201 905 Id
1234 849 1344 916 est,
1378 861 1492 900 non
1516 858 1761 933 causam
1787 839 2086 933 praestitit,

432 930 510 1010 ιιι
527 954 682 1008 esset
710 945 926 1010 solum,
961 941 1060 998 sed
1093 936 1247 1004 fecit,
1281 939 1346 990 ut
1375 935 1588 1000 bonus,
1625 930 1850 986 utilem.
1885 953 1912 979 ››
1947 931 2088 984 Am-

437 1040 670 1098 brosius
720 1039 911 1092 autem
943 1048 956 1087 :
991 1054 1017 1079 ‹‹
1059 1028 1185 1084 Non
1235 1023 1404 1093 dixit,
1445 1021 1586 1094 quia
1637 1020 1879 1077 subesse
1930 1019 2089 1083 fecit,

441 1148 556 1187 non
587 1127 752 1192 dixit,
785 1123 924 1196 quia
953 1133 1193 1176 causam
1229 1113 1472 1179 mundo,
1507 1116 1569 1166 ut
1612 1117 1787 1179 esset,
1821 1107 2091 1180 praebuit,

441 1221 540 1276 sed
576 1215 730 1282 fecit,
761 1211 931 1284 quasi
964 1210 1174 1272 bonus,
1207 1203 1362 1276 quod
1397 1202 1542 1256 foret
1574 1197 1734 1254 utile.
1763 1220 1790 1247 »
1819 1196 2094 1284 Justinus

442 1326 510 1366 ex
541 1281 892 1360 Platone‘sic
923 1295 1256 1367 distinguit,
1307 1291 1398 1344 τὸν
1451 1287 1689 1356 ποιητὴν
1735 1284 1824 1340 καὶ
1854 1285 1946 1338 τὸν
1997 1281 2093 1353 δη-

451 1391 736 1470 μιουργόν,
792 1413 811 1438 ι
869 1389 1145 1444 factorem
1197 1387 1253 1438 et
1308 1381 1606 1470 opiﬁcem,
1651 1399 1680 1426 ››
1730 1375 2096 1470 ἱολϐοήοζιοο

446 1459 592 1543 itane
618 1459 688 1540 (id
737 1481 944 1537 ercos
979 1494 991 1532 :
1025 1475 1086 1530 Ὁ
1123 1471 1216 1545 μὶν
1259 1470 1363 1544 γὰρ
1413 1467 1672 1534 ποιητὴς,
1725 1459 1950 1524 οὐδενὸς
1985 1462 2096 1516 ἐτέ-

449 1595 549 1650 ρου
578 1567 1001 1648 προσδεόμενος,
1034 1562 1093 1616 ἐκ
1138 1567 1238 1628 τῆς
1273 1559 1489 1650 ἑαυτοῦ-
1511 1553 1790 1626 δυνάμεως
1821 1553 1910 1650 και
1949 1551 2099 1621 ἐξου-

453 1641 570 1723 οίας
598 1641 746 1715 non?
793 1655 854 1710 τὸ
894 1653 1243 1723 ποιούμενονο
1278 1649 1305 1702 ὁ
1359 1644 1416 1700 δὲ
1467 1641 1802 1718 δημιουργὸς
1849 1642 1946 1710 τήν
2002 1646 2100 1710 τῆς

454 1746 815 1824 δημιουργίας
875 1741 1097 1813 δύναμιν
1156 1736 1216 1792 ἐκ
1270 1742 1369 1804 τῆς
1437 1732 1574 1804 ὕλης
1635 1731 1881 1824 εἷ’ληφ-ῲς
1937 1749 2100 1824 κοτα-

457 1818 792 1905 σδιέυάζέιτὸ
813 1830 1114 1908 γινόμενον·
1142 1853 1168 1878 ‹‹
1203 1830 1406 1882 Factor
1427 1823 1689 1896 quidem,
1712 1820 1937 1877 nullius
1957 1818 2098 1874 alte-

459 1930 583 1986 rius
613 1925 884 1996 indigens
915 1921 1017 1988 rei,
1052 1921 1262 1990 suapte
1292 1915 1504 1970 virtute
1535 1918 1593 1968 et
1623 1915 1929 1984 potestate,
1951 1909 2106 1980 quod

459 2020 618 2074 creat
664 2013 845 2069 efﬁcit
879 2027 892 2065 :
927 2007 1116 2081 opifex
1158 2008 1352 2059 autem
1395 1998 1610 2074 opiﬁcii
1663 1997 1755 2053 sui
1798 1997 2009 2053 virtute
2040 2011 2110 2050 ex

465 2103 711 2162 materia
733 2102 970 2171 accepta
995 2111 1144 2168 opus
1175 2107 1352 2148 suum
1383 2087 1695 2145 construit.
1732 2109 1760 2136 »

533 2211 654 2268 Col.
683 2210 754 2264 20
785 2214 830 2262 Α
859 2207 912 2260 8.
947 2204 1042 2260 Ἐκ
1085 2197 1180 2254 δύο
1221 2201 1328 2252 τῶν
1381 2193 1580 2269 ἄχρων.
1617 2195 1702 2250 Ita
1749 2191 2109 2249 correximus

459 2319 530 2360 ex
559 2299 790 2357 duobus
823 2293 1020 2367 Regiis
1065 2288 1390 2354 codicibus,
1437 2302 1504 2340 ex
1535 2284 1753 2356 quibus
1795 2281 1972 2338 etiam
2002 2280 2109 2367 ad-

459 2391 688 2448 dendus
718 2390 808 2443 est
836 2366 1122 2440 articulus
1150 2379 1247 2432 τοῦ
1277 2371 1495 2434 παντός’
1541 2372 1822 2428 mendose
1851 2374 2023 2426 antea
2052 2366 2112 2422 ἐκ

459 2477 556 2534 δύο
583 2479 690 2531 τῶν
719 2473 930 2547 ἀρχῶν.
966 2466 1311 2525 Eustathius
1346 2479 1359 2520 :
1396 2486 1424 2514 α
1456 2463 1535 2518 Ex
1564 2460 1795 2516 duobus
1844 2474 2110 2514 summa-

458 2567 620 2622 tibus
649 2561 954 2620 elementis
981 2557 1248 2615 omnium
1282 2553 1674 2609 substantiam
1713 2547 1984 2620 designat
2011 2564 2108 2602 ex-

457 2659 764 2713 structam.
799 2673 828 2701 »
851 2647 1012 2704 Caelo
1045 2644 1325 2701 nimirum
1360 2646 1416 2697 et
1444 2645 1616 2707 terra,
1653 2655 1778 2710 qua
1829 2637 1943 2692 duo
1975 2639 2113 2693 sunt

459 2745 717 2800 extrema
738 2739 850 2797 sibi
881 2735 1174 2810 opposita.

532 2833 678 2888 Ibid.
712 2831 753 2886 Β
796 2829 882 2884 15.
919 2825 1014 2892 Μὴ
1050 2823 1220 2892 ζήτει.
1252 2820 1316 2876 In
1357 2817 1716 2892 quibusdam
1748 2812 2011 2885 Anglicis
2042 2811 2110 2866 li-

462 2922 582 2979 bris
612 2919 919 2992 legebatur
952 2913 1027 2986 μὴ
1082 2913 1260 2980 ζητεῖν
1308 2912 1365 2964 et
1386 2903 1532 2960 ἀλλὰ
1555 2908 1721 2958 νοεῖν.
1754 2905 1826 2958 At
1853 2903 1968 2992 duo
2003 2901 2110 2956 Reo

460 3011 540 3085 gii
574 2991 870 3066 Francisci
892 3003 1191 3075 vulgatam
1222 3001 1464 3054 tuentur
1491 2995 1891 3085 lectionem,et
1912 2991 2113 3085 Eusta-

461 3079 624 3156 thius
662 3118 674 3156 :
703 3120 727 3151 α
759 3098 886 3154 Non
913 3109 1049 3165 ergo
1072 3106 1298 3163 quaeras
1324 3089 1394 3144 de
1418 3084 1672 3158 singulis
1695 3079 2110 3151 rationem,sed

2193 572 2255 628 οὗ
2294 569 2505 646 ἔστηκε,
2549 572 2638 630 διὰ
2675 575 2838 632 τοῦτό
2879 598 3036 654 φησι,
3077 580 3408 653 πεπήγασιν·
3460 602 3488 630 α
3535 581 3648 635 Alii
3699 596 3864 645 vero,

2193 665 2384 732 bases,
2418 665 2557 738 pali.
2607 666 2814 723 Fulcra
2857 668 3010 724 enim
3063 685 3140 726 ao~~
3178 668 3554 725 ﬁrmamenta
3594 667 3728 740 ipsa
3760 671 3871 724 cir-

2193 754 2356 811 culos
2388 756 2769 827 nuncupavit.
2803 756 3066 814 Primum
3111 758 3268 814 enim
3319 775 3388 814 ea
3420 775 3716 830 suspensa
3745 764 3858 829 est,

2195 843 2428 916 inquit;
2453 845 2696 917 quinam
2731 845 2891 904 illam
2924 846 3126 903 circuli
3159 847 3740 904 sustinent?terram
3776 847 3865 902 ni-

2201 932 2416 988 mirum
2438 949 2450 988 :
2472 950 2585 989 non
2619 935 2791 1006 quasi
2814 935 2900 990 illi
2932 936 3052 991 sint
3077 935 3309 1008 uspiam
3334 953 3347 990 :
3377 935 3477 992 sed
3501 936 3660 1008 quod
3686 953 3758 992 ea
3785 937 3866 991 ita

2203 1020 2316 1076 ﬁxa
2345 1028 2402 1076 et
2431 1022 2664 1078 stabilis
2694 1028 2950 1091 maneat,
2984 1029 3049 1080 ut
3077 1024 3128 1080 si
3161 1025 3476 1081 desursum
3512 1025 3644 1080 ﬁxis
3670 1029 3867 1096 gesta-

2203 1114 2364 1165 retur
2393 1110 2650 1166 circulis.
2684 1116 2828 1168 Nam
2860 1112 3001 1185 quia
3030 1112 3287 1170 circulus
3319 1113 3406 1168 vel
3439 1114 3701 1170 annulus
3733 1131 3867 1170 sus-

2205 1215 2454 1269 pensum
2485 1215 2699 1271 corpus
2751 1202 3030 1273 sustinet,
3066 1203 3220 1274 quod
3271 1207 3464 1257 autem
3499 1218 3865 1274 suspensum

2205 1291 2315 1355 est,
2349 1304 2465 1343 non
2511 1293 2648 1356 stat,
2682 1289 2899 1346 idcirco
2945 1291 3112 1357 dixit,
3164 1289 3263 1346 ﬁxi
3317 1295 3477 1346 sunt.
3519 1313 3547 1340 ι»
3595 1291 3874 1347 Annulos

2209 1376 2509 1448 intelligit,
2557 1377 2677 1433 sive
2727 1380 2900 1436 orbes
2953 1380 3196 1449 ferreos,
3227 1379 3442 1451 quibus
3473 1396 3754 1452 conopea
3783 1380 3874 1436 vel

2207 1469 2432 1536 tapetes
2463 1465 2850 1522 tentoriorum
2900 1484 3004 1524 seu
3035 1467 3298 1524 velorum
3332 1473 3769 1524 sustentantur.
3801 1473 3875 1524 At

2211 1553 2709 1626 interpretationis
2757 1556 2970 1612 Latinae
3029 1562 3231 1613 auctor
3278 1572 3349 1612 ex
3395 1557 3631 1614 Hebraeo
3678 1559 3875 1629 vertit,

2212 1665 2240 1692 ‹‹
2268 1660 2446 1716 super
2475 1661 2589 1716 quo
2632 1646 2802 1701 bases
2832 1645 2993 1701 illius
3024 1645 3288 1702 solidata:
3319 1651 3461 1701 sunt
3493 1662 3506 1701 :
3543 1669 3572 1695 ι)
3595 1663 3736 1701 cum
3757 1663 3876 1719 quo

2213 1733 2588 1801 conveniunt,
2621 1749 2750 1805 quae
2782 1751 2851 1790 ex
2895 1734 3128 1807 Aquila,
3159 1735 3514 1807 Symmacho
3561 1735 3652 1790 vel
3682 1736 3876 1791 Theo-

2216 1822 2452 1878 dotione
2500 1822 2974 1896 Oliympiodorus
3011 1823 3071 1879 in
3106 1823 3365 1880 medium
3399 1822 3620 1880 attulit.
3655 1825 3875 1880 Eusta-

2219 1910 2376 1966 thius
2407 1911 2644 1967 demum
2675 1913 2940 1970 ediderat
2971 1929 2984 1970 :
3018 1935 3046 1964 α
3081 1913 3268 1985 Super
3314 1912 3454 1986 quid
3505 1913 3712 1968 circuli
3743 1915 3876 1984 ejus

2217 1999 2378 2054 infixi
2411 2000 2589 2056 sunt?
2625 2025 2644 2049 ι

2288 2087 2406 2144 Col.
2437 2091 2508 2142 26
2547 2095 2594 2142 Α
2642 2090 2696 2146 9.
2753 2091 2853 2147 Sin
2905 2090 3023 2146 hoc.
3085 2089 3316 2146 Clarius
3364 2090 3472 2146 hoc
3531 2090 3877 2158 Carnarius,

2219 2199 2247 2226 α
2279 2178 2378 2232 Sin
2412 2179 2610 2234 minus
2636 2179 2764 2236 hoc.
2801 2202 2828 2229 ››
2860 2175 2969 2233 ιῖ⁷δὶ
2999 2179 3098 2251 μή.
3121 2179 3493 2251 Eustathius,
3520 2203 3549 2228 α
3575 2186 3682 2236 aut
3710 2181 3759 2236 si
3784 2197 3880 2236 se-

2218 2281 2322 2321 cus
2356 2268 2632 2324 evenerit.
2667 2289 2696 2318 ››

2291 2354 2409 2411 Col.
2441 2357 2510 2411 27
2541 2355 2582 2411 C
2609 2357 2663 2412 3.
2703 2357 2877 2412 Mane.
2922 2358 3218 2428 Interpres
3267 2356 3553 2426 ediderat,
3591 2379 3618 2410 ι
3650 2357 3724 2411 ab
3775 2373 3881 2412 us-

2220 2461 2334 2516 que
2364 2444 2646 2502 nimirum
2677 2445 2958 2502 diluculo.
2987 2468 3015 2496 »
3047 2446 3392 2502 Eustathius
3423 2451 3738 2502 contentus
3773 2446 3882 2500 fuit

2220 2533 2432 2604 dicere,
2461 2559 2487 2584 ‹‹
2515 2534 2763 2591 modicis
2793 2552 2964 2591 mane
2985 2535 3251 2591 decursis
3281 2535 3682 2592 sermonibus.
3715 2557 3742 2584 »
3767 2535 3879 2590 Ve-

2221 2621 2467 2678 risimile
2499 2639 2754 2694 namque
2779 2627 2866 2678 est
2894 2639 3064 2678 mane
3088 2628 3352 2695 tempore
3382 2639 3561 2678 sacras
3583 2623 3878 2693 συνάξεως,

2220 2709 2278 2765 id
2310 2715 2418 2778 est,
2453 2709 2704 2766 collectas
2734 2709 2821 2766 vel
2872 2711 3087 2781 misse,
3121 2710 3382 2768 habitam
3419 2711 3602 2768 fuisse
3634 2712 3874 2767 concio.

2222 2815 2353 2854 nem
2402 2798 2475 2854 ab
2524 2799 2800 2871 episcOpo
2847 2815 3027 2855 unam
3071 2804 3335 2872 tempore
3374 2799 3877 2873 Quadragesimas,

2221 2892 2397 2959 atque
2425 2887 2668 2943 alteram
2701 2888 2811 2943 sub
2841 2887 3032 2960 ipsam
3062 2905 3368 2961 vesperam
3401 2905 3414 2944 :
3447 2888 3586 2944 hinc
3608 2889 3757 2944 illud
3791 2896 3883 2945 est

2221 2976 2427 3031 homil.
2487 2977 2566 3032 3:
2617 2975 2723 3044 Τὴν
2785 2974 2878 3048 μὶν
2938 2975 3166 3044 ἑωθινὴν
3225 2975 3434 3052 τροφὴν
3482 2979 3591 3030 τῶν
3653 2979 3880 3052 ψυχῶν,

2219 3064 2318 3132 τὴν
2375 3060 2432 3118 δὶ
2489 3063 2774 3140 ἑσπερινὴν
2834 3062 3212 3140 εὐφροσύνην,
3270 3070 3329 3122 et
3385 3065 3592 3122 homil.
3642 3067 3678 3121 9
3736 3085 3751 3122 :
3813 3068 3877 3123 Ἡ

462 3150 860 3259 ἷῆξῖιιὶοςῖέέ,
911 3150 1036 3255 quis
1086 3150 1321 3235 silentio
1371 3150 1674 3246 Scriptura
1725 3150 1998 3243 prseteriit
2045 3185 2112 3223 ex
2144 3233 2185 3259 η
2221 3153 2419 3221 ﬁcu-0M.
2468 3150 2810 3259 τηῶννξιόγξυχ
2839 3155 3102 3259 spineta.
3134 3156 3418 3259 gestarum
3468 3154 3639 3226 illud,
3682 3155 3882 3259 aperi-

460 3233 578 3344 iii;
607 3233 1186 3346 ‘q‘uvg—re’laiawsu‘nt,
1231 3233 1472 3322 debebis
1503 3233 1829 3318 advertere.
1852 3280 1896 3346 ⁸››
1931 3259 2101 3346 Infra1

2229 3262 2370 3314 μως,
2400 3261 2448 3298 ο.
2482 3244 2536 3312 6,
2570 3242 2888 3299 dilucidius
2918 3243 3092 3300 vertit
3140 3243 3517 3315 Eustathius,
3557 3267 3578 3293 ι
3616 3245 3746 3316 pari
3776 3245 3882 3300 ho-

461 3384 509 3423 c.
542 3341 597 3434 9,
630 3341 1114 3436 ἆυμϐουλεῦωμεν.
1148 3352 1489 3412 Basiliensis
1521 3349 1698 3406 editio
1729 3341 2109 3436 συμϐουλενξο-

466 3475 582 3527 μεν,
611 3459 668 3509 et
696 3434 776 3507 ita
805 3450 984 3507 codex
1013 3445 1322 3502 Medicasus
1365 3438 1602 3511 Regius.
1653 3435 1970 3492 Cornarius
2021 3434 2110 3527 in-

459 3522 811 3614 terpretatur
845 3555 857 3594 :
888 3560 916 3587 «
948 3535 1161 3592 Eadem
1196 3532 1318 3586 hinc
1344 3528 1519 3585 etiam
1551 3527 1622 3582 de
1663 3530 1820 3580 terra
1847 3522 2109 3614 consuli-

460 3613 616 3696 mus,
651 3635 716 3685 ut
747 3645 817 3684 ne
847 3626 980 3699 quis
1013 3623 1121 3678 sibi
1155 3621 1263 3694 ipsi
1300 3618 1599 3691 negotium
1626 3614 1820 3670 faciat.
1845 3634 1872 3662 »
1907 3613 2108 3667 Eusta-

460 3720 624 3777 thius
653 3716 862 3776 ἑαυτοῖς
895 3711 1094 3769 retulit
1123 3711 1195 3766 ad
1247 3725 1355 3763 nos
1388 3707 1579 3775 ipsos:
1613 3726 1642 3754 «
1676 3702 1892 3758 Eadem
1930 3699 2108 3754 etiam

462 3811 531 3865 de
563 3813 718 3864 terra
747 3803 949 3862 sentiri
975 3799 1312 3864 suademus,
1347 3795 1592 3850 minime
1621 3789 1888 3846 videlicet
1917 3788 2110 3842 discu-

460 3898 669 3954 tientes
725 3894 919 3967 qualis
967 3891 1045 3946 sit
1091 3889 1218 3960 ejus
1273 3882 1628 3950 substantia,
1681 3895 1786 3934 nec
1823 3878 2110 3934 conﬁcere

462 4006 567 4044 nos
598 3981 1073 4058 cogitationibus.
1109 4001 1134 4026 »
1165 3977 1324 4032 Alter
1353 3990 1484 4030 vero
1517 3970 1695 4026 codex
1715 3967 2106 4058 RegiusHen-

462 4054 717 4133 ricianu's
766 4071 972 4128 habuit
1019 4061 1507 4138 συμϐουλεύωμεν,
1540 4076 1664 4130 qum
1709 4057 1899 4128 potior
1939 4054 2107 4109 lectio

461 4167 707 4222 videtur.
743 4186 772 4212 «
804 4163 935 4218 Haec
967 4158 1170 4214 eadem
1203 4158 1260 4209 et
1288 4153 1357 4207 de
1388 4156 1544 4206 terra
1574 4147 1743 4202 nobis
1787 4144 1934 4216 ipsis
1971 4159 2108 4197 con-

462 4255 750 4320 sulamus,
785 4257 848 4306 ut
879 4264 948 4304 ne
978 4248 1107 4318 ejus
1138 4244 1326 4300 subst.
1362 4257 1420 4311 q.
1452 4238 1551 4294 illa
1590 4235 1826 4292 tandem
1873 4232 1972 4297 sit,
2004 4247 2110 4286 cur

461 4348 918 4415 perscrutemur.
953 4357 980 4387 »

531 4429 823 4486 001.2113
868 4428 953 4480 12.
1003 4422 1234 4492 Ὑποθῇς
1284 4414 1449 4486 αὐτῷ.
1504 4412 1813 4468 Medicaeus
1859 4413 1916 4464 et
1959 4407 2108 4463 Hen-

463 4520 565 4576 ric.
617 4518 822 4587 ὑποθῇς
870 4514 1043 4581 ἑαυτῷ
1072 4553 1084 4566 .
1136 4512 1258 4576 Quo
1305 4509 1471 4576 pacto
1513 4502 1747 4557 videtur
1804 4504 2105 4554 exaratum

2224 3348 2364 3387 nore
2393 3331 2764 3387 constructis.
2811 3352 2838 3383 ο
2882 3332 3219 3400 Cornarius,
3269 3355 3297 3382 ‹‹
3343 3333 3612 3404 utrisque
3666 3334 3887 3404 pariter

2222 3421 2408 3489 factis,
2436 3443 2463 3470 ››
2492 3421 2547 3476 id
2579 3425 2669 3476 est
2699 3421 2824 3493 pari
2845 3421 3044 3492 jussu,
3078 3427 3136 3477 et
3160 3422 3362 3477 eodem
3394 3427 3678 3493 tempore.

2290 3526 2411 3582 Col.
2456 3528 2520 3582 31
2571 3531 2616 3582 Α
2645 3529 2702 3582 5.
2743 3527 2900 3596 Quod
2945 3529 2995 3583 .ςί
3043 3529 3296 3597 ingenita
3337 3536 3434 3583 est.
3481 3526 3882 3600 Argyropylus

2219 3620 2488 3682 verterat,
2522 3620 2586 3670 ut
2633 3633 2701 3671 ex
2752 3617 3190 3688 antiquioribus
3240 3616 3464 3672 Latinis
3511 3617 3880 3672 editionibus

2219 3705 2496 3762 admonet
2526 3705 2923 3762 Montacutius
2943 3722 2956 3760 :
2977 3729 3005 3756 «
3031 3706 3089 3761 Si
3117 3705 3296 3776 igitur
3327 3706 3445 3761 haec
3476 3705 3743 3776 ingenita
3764 3713 3878 3776 est,

2221 3811 2422 3864 nempe
2469 3795 2733 3862 materia,
2785 3796 2856 3850 de
2907 3811 3024 3865 qua
3073 3796 3237 3866 prius
3284 3811 3476 3850 sermo
3507 3801 3655 3861 erat,
3689 3811 3869 3865 quam

2217 3883 2534 3955 ingenitam
2583 3882 2916 3955 philosOphi
2967 3882 3446 3955 pronuntiabant.
3488 3904 3516 3932 ι»
3549 3881 3872 3938 Cornarius

2219 3972 2421 4027 itidem
2457 3988 2469 4026 :
2500 3995 2520 4020 ι
2555 3971 2615 4027 Si
2645 3971 2884 4042 quidem
2933 3970 3114 4042 igitur
3162 3971 3426 4042 ingenita
3453 3976 3544 4025 est
3573 3969 3719 4036 haec,
3759 3971 3877 4042 pri-

2221 4077 2379 4116 mum
2412 4060 2650 4132 quidem
2695 4059 2977 4132 aequalem
3007 4075 3142 4115 cum
3182 4059 3298 4114 Deo
3337 4057 3486 4114 senii
3520 4059 3873 4131 dignitatem

2219 4149 2475 4205 habebit.
2512 4172 2534 4201 ι
2574 4148 2914 4204 Eustathius
2943 4164 2956 4204 :
2991 4175 3010 4196 -
3043 4148 3228 4213 Quam
3269 4148 3319 4204 si
3351 4147 3676 4203 dixerimus
3707 4148 3875 4219 inge-

2219 4236 2424 4308 nitam,
2469 4237 2598 4293 sine
2640 4237 2818 4292 dubio
2867 4236 3150 4307 comquari
3195 4236 3313 4292 Deo
3353 4236 3413 4291 in
3462 4237 3878 4308 promerendis

2218 4325 2544 4382 aestimatur
2573 4325 2916 4382 honoribus.
2956 4347 2977 4377 ι

2288 4433 2407 4490 Col.
2456 4435 2520 4488 31
2556 4437 2594 4487 C
2640 4436 2696 4487 7.
2749 4432 2956 4488 Melius
3013 4431 3303 4503 expressit
3349 4431 3471 4486 haec
3526 4431 3876 4506 Gornarius.

2217 4539 2393 4593 quam
2424 4522 2850 4594 Argyrapylus:
2881 4541 2902 4569 ε
2927 4525 3004 4575 Ex
3036 4521 3142 4576 hoc
3173 4524 3367 4576 autem
3403 4519 3695 4591 contingit
3726 4522 3879 4592 ipsis

461 4607 775 4666 offendisse
805 4599 1220 4674 Ανεγτοργιιιε,
1254 4611 1388 4650 cum
1420 4591 1610 4659 verm:
1644 4613 1670 4639 “
1710 4587 2001 4683 δίθίυθῗίέ
2024 4592 2108 4640 ω’
2143 4596 2186 4660 Ι)
2220 4587 2430 4682 negare
2463 4587 2736 4683 uiti-gnum
2761 4611 2941 4665 Deum
2975 4608 3413 4664 constitutionis
3445 4587 3644 4664 rerum
3667 4587 3879 4681 prensi-

461 4715 616 4755 cum.
649 4715 675 4747 ι
715 4691 1058 4748 Eustathius
1092 4705 1104 4744 :
1140 4710 1166 4736 ι(
1194 4684 1353 4749 Quod
1389 4683 1435 4738 si
1461 4696 1670 4752 aquam
1698 4677 1964 4751 posueris
1989 4681 2103 4731 tor-

463 4805 613 4844 rens:
645 4781 951 4841 stabilitati
983 4794 1109 4834 esse
1141 4773 1460 4832 subditam.
1489 4793 1516 4820 »
1551 4767 1896 4824 Ambrosius
1929 4766 2032 4835 lib,
2065 4784 2102 4836 ι,

463 4895 591 4948 cap.
613 4878 648 4930 6
675 4891 687 4931 :
725 4895 745 4921 ι
775 4877 888 4926 Aut
919 4866 1212 4941 quomodo
1235 4863 1284 4920 si
1316 4877 1493 4934 super
1523 4874 1849 4930 aquas,non
1883 4857 2102 4911 demor-

461 4972 634 5040 gatur
662 4964 721 5018 in
753 4974 967 5032 aquam
1001 4955 1195 5028 gravis
1228 4953 1396 5008 ruina
1427 4955 1740 5006 terrarum.
1777 4967 1803 4995 ››

531 5070 652 5128 Col.
701 5069 770 5123 24
828 5073 871 5120 Α
932 5067 982 5120 li.
1045 5061 1165 5117 Ἐπὶ
1221 5060 1369 5118 τίνος
1431 5056 1481 5109 οἳ
1535 5053 1735 5127 κρίκοι.
1786 5057 1969 5107 Locus
2016 5053 2104 5106 est

457 5163 585 5218 Job.
648 5173 881 5222 xxxvm,
937 5157 991 5219 6,
1045 5154 1102 5207 in
1164 5165 1339 5223 quem
1391 5149 1553 5201 notat
1599 5141 2098 5214 Olympiodorus:

456 5251 517 5307 Οἱ
573 5247 630 5304 δὲ
688 5245 851 5301 ἄλλοι
915 5242 1092 5317 βάσεις
1153 5239 1203 5292 oi
1261 5235 1567 5306 κατάπηγες
1601 5273 1613 5286 .
1677 5229 1904 5317 Κρίκοος
1957 5225 2102 5317 λέγει

451 5339 578 5401 τοὺς
636 5315 1148 5404 ἀναϐασταέιτῆρας.
1210 5329 1430 5399 Πρῶτον
1495 5320 1587 5392 μὲν
1652 5316 1909 5404 ἑκκριμὲς
1966 5315 2099 5404 ἐστι,

453 5429 603 5506 φησί’
655 5430 809 5480 ποῖοι
857 5420 1034 5497 κρίκοι
1082 5415 1244 5481 αὐτὴν
1289 5413 1509 5488 φέρουσι
1544 5426 1559 5476 ς
1601 5408 1699 5474 τὴν
1741 5412 1842 5478 γῆν
1894 5402 2100 5473 δηλον-

454 5492 560 5587 dri,
621 5515 730 5589 οὐχ
799 5492 902 5573 ὡς.
957 5507 1162 5562 τούτων
1227 5499 1414 5567 ὄντων,
1494 5495 1618 5551 ἀλλ’
1689 5496 1761 5555 ὡς
1841 5492 2100 5570 ἀσφαλῶς

451 5583 595 5663 cii-rio
656 5583 948 5680 βεξηκυῖας
1013 5595 1204 5663 αὐτῆς,
1268 5591 1447 5662 ὥσπερ
1507 5583 1566 5641 ἂν
1626 5584 1670 5639 εἴ
1727 5583 1908 5658 κρίκοι
1965 5584 2097 5653 ἦςαν

455 5669 667 5759 ἄνωθεν,
716 5689 1066 5767 βαστάζοντες
1143 5682 1226 5737 καῖ
1291 5675 1597 5753 πεπηγότες
1637 5719 1648 5731 .
1710 5669 1932 5742 Ἐπειδή
1990 5674 2090 5747 γὶρ

2216 4700 2350 4754 dom
2376 4716 2525 4756 esse.
2561 4722 2590 4748 »
2636 4698 3028 4770 Corrigendus
3079 4714 3248 4769 porro
3300 4697 3666 4764 Eustathius,
3713 4701 3875 4770 apud

2215 4806 2388 4860 quem
2421 4788 2731 4860 legendum
2761 4805 2773 4842 :
2809 4807 2829 4836 ι
2867 4787 3011 4842 Hinc
3044 4786 3162 4842 illis
3189 4787 3326 4841 data
3355 4787 3586 4842 occasio
3618 4789 3878 4859 negandi

2213 4878 2412 4935 causis
2441 4878 2622 4933 Deum
2657 4893 2906 4948 praeesse
2931 4875 3319 4944 mundanis,»
3355 4893 3458 4948 pro
3493 4899 3515 4924 ι
3553 4878 3872 4932 occasione

2213 4966 2423 5039 grandi
2455 4966 2670 5022 causis.
2707 4991 2728 5017 ι

2285 5055 2430 5109 Ibid.
2468 5060 2510 5107 D
2551 5057 2604 5108 5.
2647 5053 3427 5109 Vcntilabrum.'l‘ilimannus
3470 5058 3790 5109 annotarat
3822 5058 3876 5110 in

2216 5145 2370 5200 hunc
2428 5143 2666 5209 locum,
2713 5143 2922 5215 legisse
2990 5142 3414 5214 Argympylum
3478 5138 3708 5216 ἄροτρον
3777 5163 3881 5217 pro

2213 5232 2408 5299 πτύον,
2464 5238 2844 5303 aratrumque
2901 5233 3170 5299 vertisse,
3227 5247 3344 5287 non
3403 5232 3805 5289 ventilabrum
3864 5253 3878 5288 :

2215 5322 2542 5394 Hesychius
2575 5339 2588 5378 :
2624 5320 2822 5374 Πτύον⁸
2884 5319 3064 5389 ξύλον,
3120 5317 3172 5373 ἐν
3231 5318 3276 5388 ᾧ
3336 5314 3734 5392 διαχωρίζουσι
3788 5322 3879 5375 τὸν

2212 5415 2356 5464 σῖτον
2389 5411 2492 5465 ἀπὸ
2525 5414 2625 5465 τοῦ
2658 5408 2888 5483 ἀχύρου·
2917 5433 2942 5459 ‹‹
2977 5410 3326 5481 ..ignum,in
3359 5426 3474 5480 quo
3507 5408 3880 5466 frumentum

2215 5519 2245 5554 a
2279 5500 2442 5573 palea
2476 5505 2770 5572 separant.
2801 5520 2826 5550 ι
2853 5497 2960 5556 Alii
2986 5499 3188 5554 volunt
3208 5496 3400 5569 palam
3435 5498 3693 5569 ligneam
3727 5515 3883 5565 esse,

2214 5606 2331 5661 qua
2377 5591 2608 5646 semina
2638 5606 2704 5644 ex
2750 5605 2953 5644 acervo
3003 5593 3306 5644 sumentes
3336 5586 3606 5658 agricolas
3655 5589 3729 5644 ab
3763 5606 3887 5644 una

2214 5697 2357 5735 area:
2390 5678 2757 5735 extremitate
2787 5677 2847 5733 in
2871 5676 3117 5733 alteram
3141 5681 3345 5732 contra
3365 5679 3605 5730 ventum
3622 5677 3883 5746 jactant.
