4120 6230
317 373 434 432 977

1390 375 1495 434 AD
1541 368 1920 432 HOMILIAS
1967 367 2050 428 1M
2096 371 2667 436 HEXAEMERON.

3615 392 3732 454 978

317 510 384 559 ut
415 505 528 560 ista
548 505 926 562 ventilatione
949 524 980 562 a
1003 507 1240 579 pulvere
1257 511 1311 562 et
1333 505 1600 562 acoribus
1625 505 1969 573 purgentur.
2001 501 2057 568 Α
2088 501 2466 572 prehendit.»
2486 506 2554 561 Et
2575 506 2726 562 hanc
2757 508 2940 566 fuisse
2973 509 3284 568 lectionem
3320 519 3514 575 textus
3535 516 3734 580 Basilii

319 594 711 650 Eustathius:
760 618 788 646 ‹‹
838 596 926 650 Sic
978 595 1434 668 agricultoribus
1474 592 1890 648 ventilabrum.
1945 614 1965 638 ι

317 682 498 737 Paulo
533 689 664 756 post
693 700 742 740 c.
777 686 825 750 1,
861 701 977 740 non
1008 683 1233 760 ἀῤῥήτῳ
1266 690 1331 739 ut
1389 689 1512 739 erat
1549 681 1606 735 in
1661 679 1833 736 Basil.
1867 681 1966 734 sed

313 768 574 846 ἆρῥήκτῳ
605 772 917 846 legendum
951 790 1018 830 ex
1054 775 1286 830 duobus
1337 773 1532 846 Regiis
1579 787 1722 825 mas.
1757 773 1966 825 Eusta-

313 861 535 918 thius:«
551 862 990 918 Inviolabilibus
1004 863 1308 933 cujusdam
1325 859 1966 918 concordiaevinculis.»

386 959 508 1016 Col.
539 962 611 1017 35
647 961 688 1018 C
725 963 779 1016 5.
810 963 980 1018 Juxta
1023 961 1428 1030 intelligentia.
1453 956 1866 1031 Argyropylus,
1901 959 1967 1010 ut

315 1052 520 1104 monet
551 1049 973 1121 Montacutius,
1004 1050 1268 1105 ediderat
1297 1069 1326 1099 ‹‹
1361 1064 1472 1120 prae
1501 1046 1830 1102 intellectus
1871 1043 1960 1098 sui

310 1138 538 1193 ratione
569 1139 955 1205 contendunt,
991 1161 1019 1188 »
1052 1139 1152 1194 sed
1181 1142 1239 1193 et
1267 1137 1377 1194 hoc
1411 1136 1608 1191 minus
1637 1139 1960 1199 recte,cum

307 1225 404 1280 hic
438 1221 649 1280 διάνοια
680 1244 795 1282 non
829 1225 1337 1295 intellectum,sed
1371 1241 1609 1282 sensum
1647 1227 1705 1280 et
1727 1226 1962 1279 senten-

303 1316 449 1369 tiam
501 1314 736 1371 indicet.
790 1317 1136 1372 Eustathius
1187 1316 1354 1382 dixit,
1412 1336 1440 1369 ι
1487 1314 1814 1371 obscuritas
1871 1315 1962 1367 est

305 1403 632 1459 secundum
683 1404 964 1460 rationem
994 1420 1247 1472 sensus;
1287 1427 1314 1454 »
1350 1405 1683 1470 Cornarius,
1734 1403 1959 1472 «juxta

304 1493 614 1549 sententiae
642 1495 1150 1565 consequentiam,
1172 1517 1200 1543 »
1223 1494 1362 1566 quia
1391 1493 1671 1548 nimirum
1703 1491 1954 1545 tenebrae

302 1579 420 1636 luci
451 1587 870 1654 opponuntur;
897 1588 956 1638 et
983 1583 1260 1654 tenebras,
1292 1597 1544 1654 quarum
1578 1580 1850 1653 princeps
1866 1583 1955 1634 est

301 1671 592 1738 diabolus,
628 1672 742 1728 Deo
773 1672 1100 1728 contrariae.

374 1769 522 1825 Ibid.
563 1770 602 1826 C
655 1771 741 1826 li’.
774 1773 915 1842 Lupi
959 1787 1170 1843 graves.
1203 1771 1555 1826 Addidimus
1601 1767 1946 1840 epithetum,

299 1859 455 1932 quod
490 1864 580 1915 est
610 1861 874 1916 additum
908 1865 967 1916 et
995 1864 1272 1916 Actorum
1313 1879 1405 1928 xx,
1437 1861 1508 1915 29
1542 1875 1555 1913 :
1600 1854 1949 1913 Εΐσιλεύσον-
1982 1872 2024 1936 Β

293 1967 383 2001 ται
445 1947 580 2020 μετὰ
631 1950 733 2017 τὴν
789 1947 964 2023 ἄφιξίν
1015 1969 1120 2020 μου
1178 1947 1335 2003 λύκοι
1401 1946 1946 2022 βαρεῖς·1ηίναὸαηι

290 2041 419 2109 post
461 2037 842 2095 discessionem
890 2055 1074 2095 meam
1122 2039 1241 2108 lupi
1279 2053 1524 2110 rapaces.
1559 2037 1646 2092 Ita
1674 2035 1940 2106 Vulgata,

293 2127 793 2199 quemadmodum
827 2131 886 2184 et
918 2127 1257 2184 Eustathius
1298 2127 1407 2182 hoc
1453 2127 1599 2195 loco,
1631 2149 1658 2175 «
1694 2125 1792 2196 qui
1826 2141 1940 2180 non

290 2215 416 2288 lupi
451 2222 734 2288 raptores,
759 2217 1110 2275 dilaniantes
1132 2218 1407 2290 gregem?
1427 2239 1455 2266 »
1475 2217 1633 2271 Idem
1666 2215 1936 2283 subjicit:

293 2329 322 2357 ιι
354 2307 502 2363 Hinc
523 2307 831 2364 Marcionis
854 2312 910 2363 et
931 2307 1246 2374 Valentini,
1273 2311 1330 2362 et
1353 2305 1728 2362 exsecrabilis
1751 2305 1938 2360 Mani-

289 2397 583 2452 chmorum
611 2401 768 2452 secta
793 2397 1111 2452 manavit.»
1135 2397 1299 2468 Apud
1327 2395 1753 2468 Argyropylum
1786 2394 1936 2464 lege-

287 2485 466 2541 batur
502 2509 522 2534 ι
562 2484 978 2549 Valentiniani,
1003 2507 1030 2535 »
1065 2485 1164 2540 sed
1199 2489 1401 2540 auctor
1431 2484 1671 2539 haeresis
1691 2482 1800 2538 fuit
1827 2482 1938 2537 Va-

285 2573 576 2641 lentinus,
601 2578 915 2630 sectatores
944 2574 1074 2645 ejus
1104 2573 1518 2628 Valentiniani.

359 2673 479 2728 Col.
506 2673 576 2728 39
615 2675 657 2730 Β
681 2674 734 2727 5.
765 2669 835 2726 Τὸ
865 2670 1050 2726 κακόν.
1085 2672 1243 2728 Istud
1297 2671 1470 2727 etiam
1521 2689 1589 2727 ex
1635 2671 1935 2728 codicibus

285 2762 527 2835 scriptis
558 2763 824 2818 additum
848 2761 1057 2818 asserit
1081 2761 1496 2831 Montacutius,
1519 2762 1670 2833 quod
1695 2763 1812 2816 duo
1836 2765 1936 2816 Re.

285 2851 363 2924 gii
400 2853 586 2908 nostri
620 2868 730 2907 non
761 2855 1114 2925 agnoscunt,
1148 2851 1247 2908 sed
1283 2850 1650 2916 Eustathius,
1675 2873 1703 2901 «
1735 2851 1935 2922 Neque

279 2941 437 2997 enim
473 2941 519 2996 si
554 2941 776 2997 malum
813 2958 878 2996 ex
913 2942 1262 2996 necessitate
1302 2940 1700 3006 descenderet,
1735 2944 1933 2996 tantus

279 3029 660 3100 peccantibus
692 3028 885 3102 legum
922 3033 1118 3085 metus
1149 3029 1581 3085 incumberet.»
1604 3027 1780 3084 Paulo
1803 3031 1935 3101 post

278 3118 664 3174 scribendum
718 3118 828 3174 hoc
889 3118 1036 3186 loco,
1077 3139 1103 3171 ιι
1161 3117 1514 3189 immineret,
1570 3135 1748 3190 pennae
1799 3134 1932 3175 vero

267 3207 634 3281 judiciorum
662 3212 779 3264 tam
809 3206 1178 3264 inevitabiles
1210 3212 1428 3264 essent.
1469 3231 1489 3256 ι

351 3305 496 3363 Ibid.
543 3306 585 3362 C
645 3306 731 3360 12.
782 3305 841 3362 Si
911 3306 1048 3377 quid
1100 3311 1220 3362 erat
1273 3309 1419 3361 ante.
1476 3306 1792 3378 Exacripsit
1859 3309 1929 3364 ad

277 3396 518 3451 verbum
545 3395 702 3450 hunc
726 3395 916 3451 locum
942 3411 1131 3468 usque
1159 3396 1228 3450 ad
1262 3394 1392 3450 illas
1419 3395 1727 3465 dictiones,
1749 3397 1935 3469 σώμα-

280 3503 373 3544 τος
405 3482 744 3559 παρυπὲστη,
787 3484 1210 3556 Theodoretus,
1243 3484 1565 3556 quaestione
1592 3487 1628 3541 6
1665 3488 1722 3542 in
1755 3487 1929 3544 Gene-

281 3576 410 3641 sim,
445 3578 501 3629 et
531 3573 798 3646 quamvis
829 3574 924 3630 hic
966 3575 1048 3630 ita
1083 3575 1337 3632 Basilius
1374 3575 1534 3647 loqui
1566 3575 1831 3632 videatur
1862 3579 1932 3634 de

284 3663 628 3735 angelorum
682 3663 986 3720 existentia
1035 3668 1169 3719 ante
1225 3664 1431 3720 mundi
1463 3665 1834 3737 creationem,
1868 3672 1930 3722 ut

283 3751 536 3822 dubitet,
589 3750 674 3807 vel
729 3768 798 3807 ex
857 3751 1263 3824 suppositione
1311 3753 1380 3808 de
1411 3752 1485 3808 iis
1514 3757 1646 3824 agat
1687 3757 1926 3811 :tamen

280 3839 528 3896 bomilia
551 3841 572 3895 1
598 3840 834 3896 disertis
861 3841 1052 3896 verbis
1074 3847 1131 3896 et
1160 3841 1286 3896 sine
1312 3841 1678 3896 dubitatione
1699 3845 1925 3914 asserit,

277 3927 340 3984 in
357 3928 582 3984 lnmine
603 3933 826 3984 creatos
844 3928 1024 3985 fuisse
1043 3929 1343 3985 beatarum
1368 3929 1650 3984 mentium
1667 3930 1924 4001 ordines,

277 4034 412 4089 pag.
474 4018 509 4071 5
562 4035 574 4072 :
630 4016 736 4078 Τὰς
797 4015 1023 4092 λογικὰς
1087 4015 1175 4071 καὶ
1243 4017 1507 4090 ἀοράτους
1575 4015 1780 4095 φύσεις,
1835 4019 1924 4073 καὶ

275 4111 447 4159 πᾶσαν
475 4105 578 4175 τὴν
607 4108 714 4158 τῶν
744 4109 954 4176 νοητῶν
989 4103 1348 4179 διακόσμησιν
1401 4107 1522 4172 Quo
1563 4108 1775 4164 factum
1813 4113 1922 4178 est,

276 4201 341 4250 ut
372 4196 495 4251 haec
533 4195 591 4251 in
624 4212 793 4252 suam
834 4196 1214 4268 questionem
1247 4202 1466 4252 sextam
1503 4197 1757 4254 inserere
1806 4215 1922 4255 non

275 4283 633 4340 dubitaverit
678 4284 1096 4354 Theodoretus,
1130 4289 1441 4356 postquam
1489 4284 1713 4341 dixerat
1760 4302 1921 4358 quaa-

271 4373 464 4430 stione
494 4373 667 4429 tertia
697 4389 710 4426 :
745 4371 1305 4448 Συνομολογουμινου
1353 4369 1411 4427 δὲ
1446 4371 1662 4445 τούτου,
1692 4378 1772 4446 τῷ
1823 4381 1922 4445 τῆς

273 4456 550 4524 εὐσεϐείας
605 4460 667 4516 οὗ
725 4460 1044 4535 λυμαίνεται
1103 4459 1258 4538 λόγῳ
1285 4464 1348 4518 τὸ
1379 4463 1485 4539 πρὸ
1542 4462 1771 4540 οὐρανοῦ
1827 4467 1917 4520 καὶ

269 4553 373 4625 γῆς
431 4557 755 4626 γεγενῆσθαι
813 4549 991 4627 λεγειν
1046 4555 1152 4606 τῶν
1206 4551 1448 4630 ἀγγέλων
1499 4554 1626 4616 τοὺς
1685 4550 1914 4628 δήμους·

273 4662 294 4690 a
331 4641 451 4698 Hoc
482 4645 678 4697 autem
711 4657 1014 4713 concesso,
1045 4642 1092 4699 si
1127 4643 1262 4716 quis
1310 4642 1653 4717 angelorum
1711 4646 1916 4703 turbas

267 4732 406 4786 ante
454 4728 671 4786 ccelum
721 4735 778 4786 et
827 4735 1045 4787 terram
1078 4731 1344 4789 conditas
1374 4749 1503 4790 esse
1532 4733 1762 4804 dixerit,
1796 4752 1912 4792 non

266 4819 525 4875 offendet
552 4820 792 4876 verbum
827 4820 1061 4892 pietatis
1093 4838 1107 4878 :
1145 4845 1166 4872 ι
1203 4827 1260 4879 et
1281 4822 1402 4879 haec
1433 4823 1543 4879 fuit
1584 4839 1729 4896 pene
1760 4841 1914 4882 com-

265 4908 469 4964 munis
497 4907 833 4964 Graacorum
865 4910 1103 4968 Patrum
1138 4911 1430 4967 sententia
1460 4930 1479 4966 :
1511 4913 1611 4968 sed
1644 4911 1908 4983 alteram,

263 5015 394 5072 qua:
420 4998 612 5054 sancti
635 5000 1075 5072 Augustiniest,
1099 5002 1215 5058 fere
1235 5018 1461 5072 omnes,
1487 5003 1590 5074 qui
1629 5007 1763 5074 post
1792 5009 1908 5059 Au-

258 5087 567 5161 gustinum
583 5087 785 5145 Latine
808 5089 1725 5164 scripserunt,sequuntur.Apud
1745 5108 1908 5148 eum-

259 5180 396 5234 dem
421 5177 854 5236 Theodoretum
893 5179 1104 5254 legitur
1143 5184 1248 5235 τῶν
1283 5180 1498 5256 ἀγαθῶν
1530 5177 1904 5256 ἐπαγγελίαις,

257 5285 378 5324 non
414 5270 524 5321 τῶν
583 5267 776 5342 ἁγίων·
811 5269 980 5342 eique
1036 5272 1270 5329 lectioni
1320 5273 1516 5329 favent
1569 5273 1684 5328 duo
1741 5273 1904 5346 Regii

253 5357 509 5428 codices,
542 5361 599 5413 et
627 5359 990 5430 Eustathius,
1024 5383 1053 5411 ‹‹
1105 5361 1164 5417 in
1213 5361 1501 5418 bonorum
1560 5361 1904 5434 promissio-

252 5445 432 5500 nibus
463 5445 742 5516 operitur.
762 5468 790 5497 η
819 5452 1048 5504 Rursus
1080 5449 1235 5521 quod
1266 5450 1552 5522 sequitur,
1583 5449 1768 5504 ἱκανὸν
1793 5453 1900 5504 τῶν

252 5531 377 5603 ἔξω,
410 5534 644 5590 inverso
683 5536 890 5593 ordine
946 5538 1181 5595 exhibet
1237 5540 1660 5610 Theodoretus,
1719 5538 1903 5594 ἱκανὸν

2083 605 2153 644 ex
2186 593 2488 650 Eustatbio
2511 596 2718 666 conjici
2754 602 2966 668 potest,
2995 601 3094 671 qui
3129 602 3300 658 vertit
3333 621 3347 662 :
3383 628 3411 656 «
3443 606 3516 662 Ut
3546 615 3733 681 possit

2080 695 2318 751 ea,quaa
2338 682 2705 740 extrinsecus
2735 685 3026 744 habentur
3055 689 3126 744 ab
3157 690 3533 752 interioribus
3554 715 3727 772 sepa-

2081 787 2230 826 rare.
2262 793 2290 822 »
2325 772 2587 844 Denique
2627 773 3074 853 ἐναπολειφθὲντα
3122 781 3275 838 idem
3323 785 3724 848 Theodoretug

2077 860 2255 916 habet
2284 879 2417 918 cum
2450 865 2681 922 duobus
2712 869 2931 940 Regiis,
2954 887 3066 925 non
3101 870 3558 951 ἐναποληφθέντα.

2147 959 2265 1014 Col.
2299 962 2366 1016 43
2392 964 2435 1016 Α
2472 963 2557 1017 14.
2593 964 2704 1019 Sed
2753 969 2870 1022 viri
2914 969 3062 1040 Syri.
3095 972 3416 1030 Annotarat
3462 977 3521 1032 in
3564 978 3722 1037 hunc

2073 1045 2268 1103 locum
2300 1049 2666 1122 Tilmannus,
2691 1054 2781 1110 vel
2805 1055 2957 1111 alius
2980 1059 3298 1130 quispiam,
3331 1063 3598 1135 Ephrzem
3625 1069 3723 1142 Sy-

2073 1155 2205 1194 rum
2229 1141 2699 1215 intelligendum,
2731 1162 2904 1218 quem
2947 1149 3042 1205 alii
3085 1153 3310 1209 addunt
3347 1157 3631 1229 aequalem
3664 1141 3722 1219 et

2071 1243 2352 1299 perquam
2385 1232 2735 1290 familiarem
2764 1235 2945 1294 fuisse
2968 1239 3182 1296 Basilio
3203 1245 3328 1307 ;sed
3355 1249 3411 1300 et
3435 1247 3718 1308 Diodorus

2069 1317 2375 1374 Tarsensis
2396 1319 2550 1377 idem
2585 1324 2657 1378 de
2685 1326 2860 1381 verbo
2885 1328 3162 1384 Hebraico
3190 1342 3407 1395 nam:
3454 1336 3624 1393 docet
3654 1340 3713 1395 in

2069 1406 2287 1493 _Catena
2322 1409 2566 1481 Zephyri
2601 1409 2908 1466 εΒούλεται
2956 1415 2991 1482 ἡ
3042 1411 3296 1489 Ἑϐραϊκὴ
3341 1419 3484 1491 λέξις
3528 1426 3564 1493 ἡ
3613 1431 3713 1481 τοῦ

2065 1491 2352 1569 ἐπεφέρετο
2411 1498 2719 1568 σημαίνειν,
2755 1501 2837 1554 ὅτι
2886 1503 3125 1580 καθάπερ
3174 1502 3322 1580 ὄρνις
3377 1509 3458 1565 ὠᾶ
3513 1491 3708 1570 Θάλπέι

2063 1586 2182 1677 ταῖς
2214 1585 2462 1677 πτὲ-ρυξιν
2491 1585 2718 1677 ᾁπαλῶς
2751 1587 3096 1663 ἐφαπτομένη
3157 1595 3232 1658 εἷς
3287 1599 3348 1651 τὸ
3394 1604 3702 1677 ζωογονεῖν·

2061 1669 2204 1725 οὕτω
2235 1673 2324 1726 καὶ
2379 1673 2442 1728 τὸ
2500 1676 2720 1748 Πνεῦμα
2776 1677 3059 1756 ἐπεφέρετο
3105 1689 3222 1746 τοῖς
3269 1683 3422 1741 ὕδασι
3456 1669 3704 1758 ζιοοθαλ-

2058 1762 2216 1812 ποῦν·
2251 1786 2278 1812 ‹‹
2314 1763 2595 1819 Hebraica
2619 1766 2794 1822 dictio
2827 1785 2930 1839 pro
2961 1785 3078 1841 qua
3108 1789 3214 1828 nos
3244 1773 3533 1834 habemus
3559 1780 3704 1838 fere-

2059 1849 2253 1921 batur,
2276 1851 2422 1907 illud
2459 1869 2563 1924 per
2591 1871 2654 1916 se
2683 1856 2916 1911 videtur
2936 1858 3286 1930 signiﬁcare,
3314 1867 3469 1935 quod
3496 1868 3651 1925 sicut
3671 1889 3705 1928 a

2055 1939 2274 2011 gallina
2298 1941 2565 1997 foventur
2593 1960 2716 2010 ova,
2752 1946 2896 2001 dum
2937 1947 3046 2004 alis
3069 1949 3140 2004 ab
3171 1966 3239 2006 ea
3269 1951 3479 2010 leniter
3525 1962 3706 2016 attre-

2053 2034 2311 2094 ctantur,
2336 2035 2401 2085 ut
2423 2031 2683 2087 animata
2699 2026 3020 2090 reddantur
3043 2053 3055 2091 :
3089 2037 3169 2093 ita
3193 2055 3426 2114 quoque
3449 2045 3702 2118 Spiritus

2053 2133 2230 2189 super
2249 2135 2433 2190 aquas
2461 2120 2771 2192 ferebatur,
2788 2127 2852 2176 ut
2865 2139 2970 2179 suo
2985 2124 3115 2181 illas
3127 2131 3324 2199 tepore
3337 2133 3642 2194 animaret.
3673 2163 3696 2189 ι

2055 2207 2441 2280 Hieronymus
2478 2209 2537 2264 in
2590 2210 2788 2278 Quzst.
2830 2213 3114 2269 Hebraicis
3149 2231 3217 2271 :«
3265 2221 3375 2274 Pro
3417 2238 3484 2279 eo
3541 2228 3699 2296 quod

2051 2296 2110 2350 in
2141 2297 2360 2352 nostris
2395 2297 2697 2354 codicibus
2721 2299 3008 2371 scriptum
3032 2307 3142 2374 est,
3161 2306 3463 2377 ferebatur,
3498 2312 3556 2368 in
3585 2315 3694 2370 He-

2049 2388 2200 2444 braeo
2232 2388 2408 2443 habet
2435 2389 2812 2460 meraephelh,
2839 2393 2994 2461 quod
3028 2410 3134 2450 nos
3159 2397 3455 2468 appellare
3485 2419 3696 2474 possu-

2047 2493 2214 2532 mus:
2237 2478 2578 2543 incubabat,
2601 2479 2722 2534 sive
2742 2481 3104 2550 confovebat,
3140 2483 3198 2538 in
3239 2485 3689 2550 similitudinem

2045 2564 2299 2620 volucris
2329 2581 2438 2620 ova
2469 2564 2657 2621 calore
2686 2567 3120 2626 animantis.Ex
3159 2587 3274 2643 quo
3299 2574 3688 2650 intelligimus

2045 2671 2160 2709 non
2193 2655 2263 2710 de
2285 2654 2498 2726 spiritu
2531 2655 2735 2710 mundi
2757 2656 2891 2727 dici,
2919 2662 2984 2711 ut
3014 2659 3279 2716 nonnulli
3312 2664 3693 2738 arbitrentur,

2045 2745 2146 2799 sed
2174 2743 2243 2799 de
2265 2743 2487 2814 Spiritu
2511 2745 2841 2816 sancto,qui
2870 2750 2926 2801 et
2943 2747 3067 2818 ipse
3084 2748 3406 2808 viviﬁcator
3422 2758 3682 2816 omnium

2043 2850 2077 2889 a
2107 2833 2396 2905 principio
2419 2833 2653 2888 dicitur.
2680 2852 2705 2884 ι
2731 2834 3048 2891 Deducitur
3075 2853 3108 2892 a
3139 2838 3334 2898 radice
3375 2851 3496 2907 sm
3559 2863 3687 2919 qua:

2043 2925 2259 2980 moveri
2284 2924 2603 2998 signiﬁcat,
2623 2931 2724 2981 aut
2744 2942 2976 2983 movere
2997 2945 3056 2984 se
3071 2933 3424 3002 expansione
3455 2940 3513 2993 et
3542 2939 3689 2997 dila-

2041 3017 2262 3069 tatione
2292 3013 2542 3076 alarum.
2577 3020 2641 3070 ut
2671 3015 2860 3072 solent
2888 3033 3022 3072 aves
3045 3017 3222 3090 pullis
3243 3022 3693 3099 incubantes,ut

2042 3110 2207 3162 Deut.
2235 3121 2414 3172 xxxn,
2453 3106 2508 3160 11
2543 3123 2556 3162 :
2590 3107 2656 3160 Et
2681 3122 2850 3178 super
2875 3109 3057 3178 pullos
3079 3126 3204 3166 suos
3226 3113 3483 3172 volitans.

2115 3201 2236 3258 Col.
2261 3203 2329 3257 46
2368 3205 2412 3258 Α
2446 3204 2532 3258 10.
2563 3203 2810 3260 Deducit.
2841 3208 2956 3260 Aer
2985 3206 3291 3277 nimirum,
3311 3217 3376 3268 ut
3403 3219 3692 3287 expressit

2044 3291 2398 3348 Eustathius
2426 3310 2439 3348 :
2469 3315 2497 3341 ‹‹
2524 3293 2682 3348 Sicut
2713 3294 2868 3349 enim
2903 3294 3144 3352 obtutus
3175 3303 3406 3357 nostros
3432 3301 3532 3359 illo
3572 3321 3694 3362 mo-

2043 3385 2240 3437 mento
2262 3381 2543 3453 temporis
2565 3399 2664 3438 aer
2682 3399 2812 3439 mox
2831 3385 2904 3440 ad
2926 3401 2991 3441 ea
3008 3386 3242 3460 dirigit:
3266 3405 3386 3461 aer,
3418 3392 3683 3467 inquam,
3775 3383 3780 3388 ’

2042 3471 2114 3541 is,
2146 3471 2318 3542 cujus
2360 3477 2533 3527 antea
2572 3472 2720 3528 dixit
2752 3477 3018 3531 naturam
3051 3491 3179 3533 esse
3223 3481 3618 3552 perspicuam.
3653 3508 3681 3538 υ

2041 3557 2187 3613 Ibid.
2203 3575 2251 3613 c.
2271 3559 2321 3625 1,
2336 3556 2783 3633 ἐμφθεγξάμενος.
2799 3561 3056 3618 Medicaei
3071 3564 3286 3620 codicis
3305 3582 3418 3623 non
3438 3573 3679 3629 omnino

2039 3647 2467 3702 contemnenda
2505 3647 2668 3702 varia
2701 3646 2872 3704 lectio
2894 3646 3314 3725 ἐμφεγξάμενος,
3348 3677 3377 3704 ‹‹
3412 3655 3680 3727 illucens,

2037 3735 2349 3806 effulgens,
2385 3757 2411 3784 »
2435 3739 2537 3791 aut
2567 3759 2596 3787 «
2627 3752 2752 3792 cum
2782 3737 3093 3796 illuxisset.
3111 3763 3140 3790 »
3173 3741 3481 3817 Φέγγουσαν
3513 3765 3685 3821 expc.

2037 3825 2127 3879 nit
2155 3823 2480 3896 Hesychius
2521 3821 2960 3899 λαμπρύνουσαν.
2994 3829 3062 3882 Et
3107 3830 3282 3901 paulo
3327 3838 3460 3904 post
3516 3853 3682 3892 men-

2035 3913 2176 3968 dose
2210 3911 2545 3968 Basiliensis
2576 3912 2783 3968 habuit
2805 3913 3129 3988 τυπόμενον,
3161 3935 3265 3990 pro
3296 3936 3410 3990 quo
3442 3919 3558 3978 duo
3580 3929 3685 3981 ne.

2031 4001 2134 4074 gii,
2165 3997 2526 4072 τυπούμινον,
2555 4023 2576 4049 σι
2611 4003 2981 4059 ell‘ormatum
3013 4004 3245 4077 lingua;
3272 4029 3301 4058 »
3335 4009 3680 4071 Eustathius

2033 4095 2231 4146 tamen
2265 4089 2514 4161 vulgata:
2560 4091 2919 4163 suffragatur
2969 4092 3226 4166 lectioni,
3259 4117 3288 4146 «
3334 4113 3440 4154 nec
3483 4115 3678 4158 aerem

2031 4179 2233 4252 lingua
2262 4179 2632 4234 verberatum
2655 4195 3002 4237 sermonem.
3040 4205 3063 4236 ι

2102 4277 2224 4335 Col.
2257 4279 2325 4334 49
2375 4281 2418 4332 Β
2473 4277 2527 4332 3.
2583 4278 3119 4353 Ευνυπακουομὲνης.
3162 4281 3288 4339 Vox
3347 4288 3473 4356 μιᾶς
3530 4286 3676 4344 dua-

2027 4367 2142 4425 bus
2169 4367 2400 4423 inclusa
2419 4365 2663 4440 virgulis
2686 4368 2885 4425 aberat
2907 4386 2939 4424 a
2957 4370 3187 4428 duobus
3211 4372 3406 4445 Regiis
3440 4390 3584 4432 mss.
3617 4381 3675 4434 et

2027 4457 2101 4513 ab
2121 4474 2238 4514 uno
2259 4456 2522 4530 Anglico.
2544 4457 2923 4516 Eustathius:
2947 4482 2974 4511 «
2996 4460 3500 4522 Subaudientibus
3520 4464 3673 4522 vide-

2027 4545 2164 4603 licet
2213 4547 2404 4614 nobis,
2459 4547 2597 4620 quia
2636 4551 3074 4623 nuncupatione
3123 4552 3238 4609 diei
3277 4569 3390 4610 nox
3437 4571 3672 4628 quoque

1947 4610 1996 4676 Β
2027 4634 2200 4691 debet
2219 4610 2495 4708 intelligi:
2523 4658 2550 4686 ››

2095 4724 2214 4781 Col.
2238 4725 2309 4780 50
2338 4730 2380 4779 Β
2413 4727 2500 4780 14.
2531 4726 2610 4781 An
2639 4743 2702 4782 ea
2737 4729 2897 4786 ratio.
2930 4730 3062 4787 Haec
3105 4732 3186 4787 ita
3234 4749 3368 4790 cum
3412 4750 3667 4806 sequen-

2021 4814 2502 4888 tibusjungenda
2527 4820 2685 4886 sunt,
2713 4822 2775 4873 ut
2794 4819 3170 4892 interrogatio
3192 4824 3465 4895 usquead
3490 4823 3663 4883 finem

2018 4904 2242 4976 periodi
2265 4904 2587 4976 differatur,
2606 4927 2634 4955 «
2655 4907 2869 4978 septies
2893 4909 3252 4979 redeuntem,
3271 4934 3297 4961 »
3318 4915 3376 4969 et
3396 4911 3665 4970 deleatur

2018 5009 2128 5049 vox
2157 5016 2184 5044 α
2219 5010 2360 5050 sane
2392 5017 2418 5045 »
2452 4993 2562 5050 hoc
2593 4996 2764 5051 modo
2797 5013 2810 5052 :
2849 5019 2876 5045 ‹ι
2908 4998 3140 5054 Litteris
3170 5001 3422 5057 traditur
3458 5017 3470 5058 :
3511 5007 3662 5060 Deus

2017 5083 2300 5139 nimirum
2325 5084 2422 5156 qui
2447 5085 2754 5157 temporis,
2771 5087 3284 5146 »etc.Eustathius
3305 5107 3317 5146 :
3342 5089 3481 5148 «Vel
3505 5091 3662 5148 sicut

2015 5175 2293 5232 secretior
2313 5175 2492 5230 tradit
2522 5175 2689 5243 ratio,
2723 5176 2877 5233 Deus
2909 5195 3040 5234 cum
3074 5185 3344 5236 naturam
3378 5182 3661 5252 temporis

2014 5269 2371 5337 procrearet.
2402 5283 2428 5316 ι
2470 5268 2615 5321 Item
2647 5264 2816 5337 illud,
2846 5269 3006 5321 τοῦτο
3039 5265 3095 5322 δὲ
3125 5266 3404 5335 κυκΛικόν,
3438 5270 3523 5324 sic
3542 5285 3664 5324 ver-

2014 5355 2259 5410 tendum
2293 5359 2383 5411 est
2415 5373 2429 5414 :
2464 5379 2491 5406 «
2528 5354 2659 5412 Hinc
2690 5361 2888 5412 autem
2935 5364 3023 5414 est
3053 5359 3360 5415 circularis
3393 5358 3599 5431 ﬁgura,
3633 5375 3666 5413 a

2014 5444 2210 5517 seipso
2241 5444 2478 5501 initium
2513 5461 2763 5502 sumere.
2792 5469 2820 5496 »

2080 5541 2199 5598 Col.
2229 5542 2300 5596 52
2340 5547 2388 5596 A
2417 5543 2473 5598 5.
2503 5543 2620 5598 Ἵνα
2657 5541 2709 5596 τί
2743 5542 2892 5616 ὑμῖν.
2927 5543 3108 5601 Paulo
3156 5544 3324 5601 aliter
3371 5559 3434 5600 se
3487 5543 3664 5602 habet

247 5626 360 5678 τῶν
389 5615 540 5676 ἔνδον
573 5618 860 5694 διαστῆσαι
889 5624 958 5678 τὰ
985 5623 1106 5695 ἔξω.
1141 5649 1170 5678 a
1202 5628 1364 5693 Quod
1415 5628 1604 5700 possit
1649 5644 1736 5700 ea,
1769 5645 1897 5700 quae

2052 5646 2175 5686 icus
2208 5631 2360 5702 apud
2417 5632 2804 5704 prophetam:
2839 5631 2968 5687 Οὐαὶ
3017 5633 3069 5688 ot
3111 5630 3502 5705 ἐπιθυμοῦντες
3558 5634 3656 5702 τήν

248 5711 395 5770 foris
424 5710 542 5768 sita
569 5716 730 5782 sunt,
761 5729 1032 5787 separare
1061 5715 1135 5772 ab
1162 5715 1257 5788 iis,
1281 5733 1411 5790 qum
1441 5716 1598 5774 intra
1635 5733 1698 5775 se
1740 5733 1896 5775 com-

2055 5717 2219 5793 μὲραν
2280 5718 2499 5793 Κυρίου.
2559 5721 2674 5778 ’Ἰνα
2727 5719 2780 5777 τί
2841 5721 2976 5794 αὕτη
3041 5721 3168 5797 ὑμῖν
3226 5722 3262 5792 ἡ
3322 5718 3505 5797 ἡμὲρα
3558 5723 3656 5777 τοῦ
