4128 6216
475 403 478 406 .
535 342 654 402 979

1738 351 1972 413 more
2015 347 2457 411 FBONTONIS
2501 347 2762 410 DUCIEI
3687 311 3692 316 ’
3795 348 3888 408 980

536 465 734 538 Κυρίου
760 487 772 538 ;
806 468 909 526 Καὶ
941 468 1075 541 αὕτη
1110 469 1220 526 ἐστὶ
1247 472 1461 544 σκότος,
1493 474 1582 530 καὶ
1619 475 1681 530 οὗ
1711 481 1825 553 φῶς
1851 496 1863 507 ·
1917 481 2004 536 Vae
2049 479 2167 535 dest

2299 476 2426 532 loco
2458 474 2649 540 Pauli,
2685 475 2732 528 [Ι
2763 472 3021 529 Corinth.
3053 489 3154 542 xu,
3185 473 3242 538 2,
3274 471 3375 526 ubi
3405 470 3886 544 soribitApostolus

535 556 862 614 derantibus
890 559 1034 616 dicm
1064 565 1312 620 Domini.
1350 566 1413 621 Ut
1443 566 1575 637 quid
1620 567 1738 624 haec
1767 568 1913 623 vobis
1941 569 2056 624 dies
2086 569 2192 624 Do-

2303 569 2535 636 raptum
2570 579 2632 618 se
2664 578 2855 633 usque
2883 563 2955 618 ad
2987 562 3223 617 tertium
3253 559 3485 626 ccelum,
3516 563 3572 614 et
3609 577 3672 615 ex
3705 561 3887 631 psalmo

534 647 805 702 min£?Et
832 664 898 704 ea
926 654 1006 704 est
1034 651 1295 719 tenebrae,
1325 656 1379 709 et
1417 671 1524 710 non
1562 656 1680 710 lux.
1713 658 1880 728 Apud
1911 657 2190 730 Cyrillum
2300 670 2530 721 chvur,
2559 653 2590 706 4
2624 668 2638 708 :
2671 657 2868 708 tamen
2918 651 2977 706 in
3017 667 3082 706 eo
3129 667 3262 706 cum
3315 649 3414 704 illo
3444 649 3789 704 consentiunt
3811 651 3884 705 alii

538 735 796 807 legitur:
853 739 966 793 Ἵνα
1018 737 1070 792 τί
1126 738 1305 795 τοίνυν
1357 741 1518 811 αὐτή,
1565 743 1748 820 φησὶν,
1803 744 1953 818 ὑμῖν,
2000 745 2190 807 σκότος

538 820 694 892 οὖσα,
750 823 840 879 καὶ
897 825 960 880 οὐ
1020 831 1177 901 φῶς;
1239 831 1338 884 Διά
1414 851 1499 886 τοι
1572 834 1634 887 τὸ
1702 832 1985 896 πλείσταις
2039 833 2189 896 ὅσαις

536 910 950 983 ἀναπεπλῆσθαι
984 924 1312 994 συμφοραῖς
1351 945 1370 970 α
1408 925 1482 976 Ut
1538 924 1675 994 quid
1725 923 1924 995 igitur,
1975 924 2186 996 inquit,

534 1001 667 1074 ipsa
695 1003 881 1075 vobis,
915 1022 1043 1076 quae
1072 1008 1324 1064 tenebras
1355 1014 1464 1080 est,
1499 1028 1610 1067 non
1644 1011 1780 1068 lux?
1811 1013 1956 1077 Quia
2012 1013 2187 1069 nimi-

533 1107 665 1148 rum
695 1093 868 1166 longe
900 1095 1178 1167 plurimis
1229 1099 1669 1160 calamitatibus
1719 1103 2122 1176 opplebimini.
2157 1125 2185 1154 ›ι

533 1179 786 1253 Vulgata
814 1182 1039 1254 Latina,
1066 1186 1147 1242 Ad
1176 1188 1309 1259 quid
1357 1206 1486 1246 eam
1524 1192 1717 1248 vobis?
1747 1192 2048 1261 nimirum,
2080 1210 2184 1266 op-

526 1270 667 1326 tatis
699 1272 972 1331 advenire
994 1275 1021 1330 ?
1052 1280 1253 1349 Itaque
1287 1280 1357 1334 ad
1402 1296 1669 1350 sensum,
1697 1299 1811 1338 non
1843 1284 1912 1339 ad
1943 1283 2183 1340 verbum

532 1359 737 1416 citavit
765 1362 922 1418 hunc
953 1363 1147 1422 locum
1177 1367 1454 1438 Basilius,
1479 1387 1611 1427 cum
1645 1373 1790 1428 dixit
1820 1390 1833 1429 :
1868 1395 1897 1424 «
1929 1372 2004 1428 Ut
2041 1374 2182 1444 quid

434 1483 436 1485 ›
527 1449 698 1505 vobis
731 1467 988 1522 quaerere
1019 1455 1173 1510 diem
1206 1457 1483 1514 Domini?
1514 1483 1542 1510 »
1575 1461 1669 1517 Sic
1707 1463 1862 1518 enim
1895 1463 2182 1536 interpre-

530 1541 691 1595 tatus
723 1545 814 1596 est
843 1542 1047 1600 Latine
1080 1545 1430 1605 Ambrosius
1461 1549 1566 1607 lib.
1599 1568 1639 1618 ι,
1671 1569 1720 1608 c.
1746 1553 1832 1607 10.

598 1646 744 1732 Ibid.
803 1647 866 1704 Β.
925 1650 980 1705 6.
1045 1651 1276 1706 Ἐκεῖνοι
1340 1650 1520 1728 λόγοι.
1573 1658 1694 1715 Duo
1751 1658 1909 1731 Regii
1975 1659 2180 1732 legunt

523 1729 752 1802 ἐκείνης,
796 1740 855 1790 et
901 1737 1246 1797 Eustathius
1299 1743 1682 1817 suffragatur,
1717 1768 1745 1796 «
1775 1729 1874 1803 sed
1924 1729 2176 1820 vesperae

522 1822 686 1879 illius
714 1826 992 1882 narratio.
1029 1850 1058 1878 ››

595 1913 714 1970 Col.
741 1916 831 1972 52.
860 1917 920 1973 Ο.
951 1923 1006 1974 2.
1041 1919 1171 1995 Περὶ
1210 1925 1318 1977 τῶν
1367 1925 1622 2000 πρώτων.
1655 1930 2036 1987 Emendanda
2082 1935 2170 1986 est

519 2002 847 2076 inscriptio,
882 2007 1017 2064 licet
1048 2026 1176 2065 eam
1231 2015 1540 2085 praeferant
1591 2020 1975 2092 manuscripti
2035 2020 2170 2092 qui-

519 2092 678 2164 dam,
713 2111 783 2150 ex
813 2096 1124 2156 oscitantia
1155 2099 1554 2178 librariorum,
1587 2124 1689 2180 pro
1719 2109 1842 2182 περὶ
1879 2112 1986 2163 τῶν
2043 2109 2169 2184 τρό-

518 2201 635 2235 πων
661 2189 762 2252 τῆς
799 2182 1078 2260 γενέσεως.

591 2270 708 2328 Col.
741 2273 810 2328 54
846 2279 904 2330 Β.
940 2276 996 2330 4ο
1029 2279 1206 2346 Quam
1253 2283 1677 2341 commodarint.
1722 2287 2172 2345 Immutavimus

519 2357 857 2431 interpretis
885 2365 1081 2436 verba,
1106 2389 1132 2420 ιι
1162 2385 1340 2440 quam
1373 2371 1557 2429 fenori
1590 2375 1942 2432 tradiderint
1973 2383 2085 2434 Deo
2107 2395 2120 2433 :
2142 2401 2171 2428 »

520 2449 740 2540 quibus
771 2450 962 2510 simile
995 2454 1137 2512 illud
1168 2460 1450 2531 Cornarii,
1481 2484 1505 2515 α
1539 2467 1693 2535 quod
1725 2467 2004 2540 temporis
2037 2485 2172 2540 pars

520 2538 595 2592 ad
622 2555 866 2595 usuram
897 2544 1114 2600 tradita
1149 2563 1263 2602 non
1326 2551 1639 2621 evanescit,
1674 2576 1702 2603 »
1743 2559 1799 2609 et
1849 2538 2170 2627 Eustatbii,

524 2648 553 2677 «
585 2643 724 2698 pars
755 2630 971 2686 modici
1004 2636 1287 2706 temporis
1318 2638 1576 2696 fenerata
1597 2641 1713 2698 Deo
1737 2661 1850 2700 non
1883 2646 2170 2717 deperit.»

520 2717 817 2789 Ambigua
846 2725 935 2776 est
963 2737 1070 2777 vox
1103 2724 1424 2798 fenerandi,
1458 2734 1514 2784 et
1538 2747 1691 2804 saepe
1721 2733 1791 2788 de
1821 2734 2070 2805 pecunia
2100 2736 2172 2791 ad

522 2819 767 2862 usuram
802 2813 1010 2866 mutuo
1041 2812 1177 2867 data
1216 2821 1540 2889 usurpatur
1573 2836 1587 2875 :
1621 2825 1680 2875 at
1723 2819 1785 2874 τὸ
1817 2818 2169 2894 δανείζεσθαι,

520 2893 936 2984 Aristophanis
966 2900 1322 2961 Scholiastes
1367 2904 1430 2959 τὸ
1481 2902 1688 2962 δάνειον
1728 2910 2039 2984 distinguit
2065 2893 2172 2966 ἀπὸ

520 2987 618 3038 τοῦ
634 2983 826 3054 τόκου,
843 3011 870 3039 ‹‹
888 2998 1161 3048 mutuum
1183 2997 1538 3067 quodvis,ab
1559 3015 1625 3056 eo
1652 3003 1806 3074 quod
1831 3004 1903 3060 ad
1927 3021 2169 3060 usuram

525 3075 724 3167 datur,
755 3098 782 3167 υ
821 3081 976 3136 unde
1006 3081 1240 3140 libellus
1272 3085 1567 3145 Plutarchi
1604 3107 1616 3145 :
1651 3091 1778 3167 Περὶ
1811 3095 1909 3146 τοῦ
1953 3093 2027 3165 μή
2061 3090 2167 3148 δεῖν

521 3159 845 3251 δανείζεσθαι
873 3183 886 3196 ·
920 3169 995 3224 De
1040 3173 1266 3230 vitando
1320 3191 1437 3232 sere
1491 3179 1695 3251 alieno,
1729 3159 1908 3238 Irecte
1953 3159 2167 3238 ‘Latine

520 3250 884 3342 inscribitur,
921 3274 1032 3314 non
1065 3266 1130 3317 ut
1159 3263 1418 3322 Gallicus
1469 3266 1757 3340 interpres
1804 3271 2007 3342 edidit,
2031 3295 2059 3323 «
2095 3277 2169 3329 De

519 3341 769 3412 pecunia
789 3350 994 3402 mutua
1023 3349 1094 3404 ad
1127 3367 1370 3408 usuram
1395 3371 1508 3410 non
1529 3358 1933 3429 accipienda,»
1948 3341 2032 3416 vel
2050 3384 2075 3412 ‹‹
2092 3361 2171 3417 De

521 3446 639 3485 non
689 3432 1022 3496 fenerando.
1057 3457 1084 3491 ιι
1133 3441 1226 3496 Sic
1274 3443 1715 3517 intelligendum
1753 3447 1898 3504 illud
1958 3450 2171 3522 psalmi

521 3535 713 3593 xxxvr,
743 3523 853 3580 22:
889 3525 1188 3596 Δανείζεται
1218 3529 1244 3583 ὁ
1275 3530 1627 3604 ἁμαρτωλὸς,
1653 3533 1741 3589 καὶ
1773 3535 1875 3590 οὐκ
1904 3537 2167 3592 ἀποτίσει·

515 3614 832 3681 Mutuatur,
865 3615 954 3670 vel
983 3621 1236 3674 mutuum
1267 3623 1468 3694 accipit
1501 3634 1772 3696 peccator,
1805 3631 1856 3684 et
1902 3645 2015 3683 non
2057 3631 2169 3685 sol-

513 3701 637 3762 vet;
683 3705 740 3756 et
796 3705 1070 3761 Proverb.
1115 3725 1234 3776 XIX,
1282 3709 1349 3765 l7
1393 3728 1406 3767 :
1450 3711 1683 3781 Δανείζει
1742 3718 1858 3786 Θιῷ
1915 3716 1942 3769 ὁ
2001 3714 2167 3771 ἐλεῶν

513 3787 740 3876 πτωχόν
761 3807 774 3821 ο
807 3792 1057 3850 Mutuum
1109 3801 1224 3852 Deo
1271 3800 1387 3871 dat,
1420 3804 1518 3876 qui
1562 3806 1824 3876 pauperis
1855 3807 2166 3863 miseretur.

512 3875 768 3935 Verbum
799 3880 955 3938 enim
985 3883 1334 3944 Hebraicum
1379 3875 1480 3952 mh
1537 3875 1905 3952 commodata
1927 3896 2012 3951 vel
2045 3913 2170 3952 mu-

511 3968 613 4022 tuo
644 3968 907 4041 accipere
936 3979 1125 4043 sonat,
1161 3981 1219 4032 et
1243 3977 1416 4035 fidem
1450 3983 1752 4038 mutuanti
1784 3984 2164 4057 obstringere.

585 4074 733 4131 Ibid.
767 4080 806 4131 C
855 4079 942 4134 12.
978 4081 1264 4149 Quomodo
1313 4086 1475 4143 Deus.
1503 4091 1924 4162 .Argyropylus
1970 4093 2166 4149 edide-

515 4169 628 4234 rat,
664 4187 691 4216 «
722 4169 842 4222 Hoc
872 4173 1000 4226 est:
1035 4188 1176 4227 num
1212 4174 1366 4231 Deus
1411 4187 1609 4233 nostro
1659 4179 1936 4250 loquatur
1983 4198 2165 4239 more.

512 4253 580 4308 Et
609 4255 849 4325 quidem
881 4258 1047 4328 prius
1071 4263 1298 4319 arebus
1328 4265 1474 4334 ipsis
1497 4272 1670 4338 typus
1702 4270 1821 4324 sive
1850 4271 2166 4327 adumbra-

508 4341 589 4397 tio
641 4343 939 4400 abstraota
979 4363 1042 4402 se
1091 4348 1322 4420 inserit,
1353 4357 1411 4408 et
1442 4354 1807 4426 imprimitur
1847 4357 2167 4415 intellectui

511 4430 632 4485 sive
665 4432 1003 4503 cogitationi
1035 4435 1316 4496 hominis.
1356 4463 1383 4491 ››
1416 4443 1759 4515 Simplicius
1798 4448 2162 4522 Eustathius,

513 4534 692 4588 quem
723 4522 908 4577 secuti
938 4539 1149 4581 sumus
1183 4544 1196 4582 :
1228 4552 1254 4578 ‹‹
1301 4533 1603 4598 Quomodo
1634 4535 1789 4592 Deus
1823 4537 2162 4611 alloquitur,

513 4612 813 4677 nostrone,
834 4611 894 4666 id
929 4616 1038 4683 est,
1064 4613 1395 4688 hominum,
1417 4637 1601 4694 more,
1628 4625 1729 4696 qui
1761 4627 1924 4699 prius
1953 4630 2162 4685 futurae

511 4696 595 4752 rei
627 4697 875 4756 formam
913 4703 1281 4776 concipimus
1313 4708 1634 4768 intellectu.
1673 4735 1699 4763 ››

582 4785 700 4841 Col.
731 4787 801 4842 5'3
843 4791 891 4844 A
929 4791 983 4847 8.
1034 4794 1215 4864 Ecqua
1265 4798 1504 4854 tandem.
1548 4801 1875 4874 Scripserat
1919 4806 2165 4863 fortasse

512 4874 807 4946 interpres
843 4892 856 4931 :
893 4899 920 4929 «
952 4883 1033 4935 En
1060 4898 1188 4952 quas
1231 4887 1508 4959 tandem;
1545 4912 1570 4939 ››
1603 4891 1818 4948 clarius
1847 4896 2163 4954 Cornarius

509 4963 732 5020 edidit:
759 4986 788 5016 ‹‹
816 4966 942 5023 ﬂare
973 4970 1210 5040 quidem
1237 4974 1418 5046 igitur
1441 4977 1499 5032 hi
1530 4980 1630 5050 qui
1665 4983 1970 5039 materiam
2003 4985 2162 5056 inge-

512 5055 775 5109 neratam
807 5056 1001 5127 opifici
1034 5062 1524 5131 superinducunt.
1558 5087 1584 5118 ιο

584 5141 731 5198 Ibid.
765 5143 806 5199 B
839 5146 924 5200 11.
957 5148 1061 5204 Nos
1101 5155 1310 5208 contra.
1344 5157 1729 5214 Consentiunt
1765 5177 1900 5216 cum
1945 5164 2160 5221 Basilio

511 5231 912 5290 Theodoretus
959 5239 1283 5307 quastione
1317 5243 1401 5308 11,
1430 5249 1488 5300 et
1535 5252 1739 5303 auctor
1786 5250 2158 5317 Quaestionum

511 5321 670 5392 apud
690 5322 1012 5394 Justinum,
1037 5328 1359 5398 quaestione
1385 5332 1476 5400 57,
1501 5351 1632 5390 cum
1665 5355 1733 5393 ex
1761 5340 1951 5396 verbis
1979 5345 2157 5400 Mosis

510 5409 795 5482 colligunt
825 5411 972 5470 duos
1002 5429 1131 5472 esse
1178 5417 1351 5474 caelos
1385 5437 1398 5475 :
1432 5425 1583 5492 quod
1613 5426 1892 5483 nimirum
1924 5430 2153 5501 dixerit,

509 5497 701 5568 primo
727 5501 903 5558 Deum
922 5519 1151 5562 creasse
1180 5507 1393 5563 coelum
1424 5515 1481 5565 et
1513 5515 1754 5584 terram,
1787 5517 1996 5574 deinde
2017 5497 2155 5590 jus;

510 5585 683 5655 sisse,
715 5595 775 5643 ut
806 5592 968 5646 tieret
996 5593 1436 5653 firmamentum
1496 5600 1555 5656 in
1604 5603 1796 5660 medio
1841 5585 2150 5677 aquarium.

511 5673 672 5731 Licet
700 5681 895 5734 autem
927 5680 1126 5752 plures
1159 5684 1389 5742 duobus
1421 5687 1595 5748 caelos
1624 5708 1753 5751 esse
1782 5673 2056 5769 colligere
2085 5715 2154 5757 ex

2299 743 2416 798 duo
2443 743 2662 810 Patres,
2697 741 2853 813 quod
2885 756 3014 796 esse
3044 740 3192 795 duos
3251 755 3319 794 ex
3369 738 3575 794 iisdem
3621 739 3884 809 Scriptura

2299 847 2478 887 sacrae
2509 831 2654 886 locis
2684 829 2990 901 colligunt,
3023 834 3077 884 et
3110 828 3265 899 quod
3307 843 3440 883 cum
3489 826 3605 883 illis
3657 829 3890 900 agnoscit,

2297 936 2362 974 ex
2390 918 2489 975 illo
2519 935 2731 992 genere
2750 917 3084 984 locutionis,
3106 918 3258 989 quod
3285 933 3532 972 numero
3550 916 3894 972 multitudinis

2299 1013 2520 1072 utatur,
2535 1024 2666 1063 cum
2694 1008 2764 1064 de
2790 1007 2952 1063 caelis
2973 1007 3117 1080 agit,
3136 1005 3406 1062 concludi
3427 1022 3540 1061 non
3560 1022 3718 1076 posse
3736 1005 3894 1077 plures

2296 1097 2473 1154 caelos
2503 1113 2632 1153 esse
2657 1113 2672 1152 :
2705 1097 3084 1168 quamobrem
3115 1095 3411 1151 immerito
3434 1093 3895 1166 reprehendendus

2295 1187 2651 1259 quibusdam
2675 1189 2909 1244 videtur
2927 1186 3015 1242 vir
3047 1184 3432 1242 doctissimus
3463 1183 3788 1239 Benedictus
3812 1187 3892 1239 Pe-

2295 1279 2505 1347 rerius,
2540 1279 2694 1350 quod
2750 1277 2969 1334 similia
3007 1276 3217 1332 dixerit
3256 1275 3571 1330 tradidisse
3616 1273 3893 1330 Theodore-

2293 1371 2420 1422 tum
2449 1372 2507 1423 et
2534 1367 2860 1436 Justinum,
2893 1383 3026 1423 cum
3055 1364 3400 1421 Theodoreti
3428 1363 3553 1419 haec
3583 1363 3746 1419 verba
3771 1363 3889 1418 sint:

2290 1453 2587 1530 Τοιγαροῦν
2638 1456 2728 1510 καὶ
2776 1453 2806 1509 ὅ
2843 1459 2924 1527 τῷ
2976 1451 3209 1525 δευτέρῳ
3250 1449 3544 1508 διαπιστῶν
3579 1450 3788 1526 οὐρανῷ,
3813 1447 3893 1520 ἔξω

2294 1544 2465 1618 βαίνει
2522 1551 2620 1614 τῆς
2681 1543 2887 1608 εὐθείας
2943 1540 3094 1614 ὁδοῦ,
3135 1541 3226 1596 καὶ
3277 1542 3305 1596 ὁ
3363 1538 3542 1595 πλείω
3601 1540 3894 1614 πειρώμενος

2288 1633 2558 1707 ἀριθμεῖν,
2611 1633 2802 1706 μύθοις
2857 1629 3065 1704 ἕπεται,
3115 1639 3216 1702 τῆς
3265 1635 3363 1686 τοῦ
3419 1628 3570 1685 θείου
3629 1627 3891 1701 Πνεύματος

2288 1719 2637 1784 διδασκαλίας
2682 1727 3070 1798 καταφρονῶνο
3140 1746 3162 1776 ι·
3199 1721 3307 1790 Qui
3365 1721 3549 1794 igitur
3598 1737 3702 1776 non
3740 1721 3893 1775 credit

2286 1815 2611 1870 secundum
2645 1830 2775 1871 esse
2804 1813 3323 1882 cmlum,semitam
3343 1817 3564 1867 rectam
3584 1807 3890 1881 transgredi-

2283 1909 2380 1959 tur
2412 1920 2424 1960 :
2455 1904 2555 1975 qui
2608 1919 2742 1960 vero
2775 1902 2975 1974 plures
3012 1917 3324 1958 numerare
3362 1905 3630 1968 conatur,
3659 1897 3884 1969 neglecta

2280 1992 2460 2048 divini
2495 1992 2749 2065 Spiritus
2796 1992 3082 2060 doctrina,
3125 1989 3341 2046 fabulis
3386 1988 3663 2044 adhaeret.
3689 2009 3712 2036 »
3741 1987 3881 2059 Apud

2278 2082 2580 2139 Justinum
2615 2087 2808 2138 autem
2845 2099 2858 2138 :
2891 2081 2987 2136 Ἐκ
3007 2085 3107 2149 τῆς
3148 2075 3470 2140 ἀκολουθίας
3515 2075 3607 2131 οὖν
3648 2079 3744 2130 τῶν
3787 2095 3879 2128 κει-

2285 2172 2459 2243 μένων
2493 2175 2684 2246 φωνῶν
2716 2173 2941 2242 νοοῦμεν
2985 2166 3245 2242 οὐρανοὺς
3274 2169 3390 2222 κατ’
3421 2165 3608 2220 οὐσίαν
3655 2164 3738 2237 μὲν
3787 2161 3885 2230 δύο,

2279 2261 2416 2314 κατᾶ
2448 2257 2787 2334 διαστήματα
2817 2257 2876 2314 δὲ
2905 2257 3179 2320 πλείονας·
3216 2281 3245 2311 ι(
3276 2259 3356 2314 Ex
3383 2256 3548 2312 hisce
3577 2255 3737 2311 dictis
3754 2270 3888 2326 ergo,

2282 2367 2408 2422 qua;
2453 2352 2641 2424 posita
2685 2356 2844 2422 sunt,
2878 2365 3242 2422 consequens
3287 2351 3397 2415 est,
3430 2350 3496 2402 ut
3525 2344 3888 2417 intelligamus

2282 2441 2457 2497 ccelos
2489 2439 2824 2497 substantia
2867 2439 3103 2511 quidem
3144 2439 3316 2506 duos,
3347 2435 3678 2492 interstitiis
3724 2440 3887 2488 autem

2283 2531 2498 2604 plures.
2549 2550 2576 2582 ιι
2624 2535 2803 2587 Porro
2857 2529 3075 2585 ibidem
3130 2527 3357 2600 legetur
3412 2525 3612 2598 aptius
3663 2519 3803 2597 ἄρτος
3848 2519 3890 2587 ἐξ

2283 2619 2534 2694 οὐρανοῦ,
2564 2642 2593 2670 ‹‹
2646 2619 2814 2692 panis
2871 2619 2943 2674 de
2999 2617 3163 2684 cmlo,
3199 2639 3220 2666 ι
3254 2616 3421 2673 Joan.
3473 2631 3555 2680 vr,
3614 2613 3668 2668 41
3700 2630 3713 2680 ;
3742 2626 3890 2684 quam

2282 2708 2434 2771 ἀετὸς
2466 2707 2515 2782 ἐξ
2548 2707 2796 2784 οὐρανοῦ,
2830 2730 2858 2760 α
2887 2706 3075 2779 aquila
3107 2707 3180 2762 de
3227 2705 3370 2762 cmlo
3401 2722 3416 2761 :
3452 2727 3480 2755 »
3531 2717 3715 2775 neque
3761 2700 3889 2756 enim

2280 2799 2398 2856 tale
2428 2799 2750 2872 quidquam
2785 2798 2842 2852 in
2881 2799 3184 2870 Scriptura
3222 2796 3499 2862 occurrit,
3545 2793 3643 2850 sed
3689 2793 3888 2846 tantum

2281 2889 2566 2945 Threnor.
2601 2906 2680 2956 Iv,
2713 2888 2826 2945 19:
2859 2884 3153 2946 Διώκοντις
3201 2885 3348 2956 ἡμᾶς
3409 2881 3543 2957 ὑπὲρ
3601 2877 3772 2938 ἀετοὺς
3817 2874 3892 2930 οὗ.

2283 2981 2466 3052 ρανοῦ·
2500 2979 2889 3051 Persequentes
2918 2992 3016 3033 nos
3034 2991 3202 3048 super
3226 2973 3444 3045 aquilas
3475 2972 3620 3027 cali.

2353 3067 2472 3123 Col.
2505 3069 2569 3122 61
2632 3069 2678 3122 Α
2733 3068 2788 3124 8.
2840 3061 3290 3124 ’Δποτιλοῦντος,
3340 3063 3484 3117 Cum
3547 3064 3713 3116 antea
3764 3056 3892 3129 lege-

2282 3161 2443 3212 retur
2499 3154 2914 3225 ἀποτελοῦντας,
2966 3153 3297 3211 emendavit
3343 3168 3413 3207 ex
3459 3148 3719 3222 Anglicis
3770 3163 3890 3202 mss.

2281 3247 2671 3302 Montacutius
2735 3243 3153 3309 ἆποτελοῦντος,
3201 3259 3410 3313 nempe
3472 3238 3804 3312 πνεύματος·
3849 3239 3896 3290 at

2280 3338 2396 3392 duo
2439 3336 2599 3408 Regii
2630 3336 2862 3392 codices
2891 3334 3277 3407 praeferebant
3323 3327 3783 3400 ἀποτελουμένους
3811 3323 3892 3396 ψό-

2280 3445 2432 3498 φους.
2466 3425 2778 3481 Cornarius
2810 3442 2824 3480 :
2859 3447 2887 3475 «
2920 3424 2998 3479 Eo
3057 3422 3212 3494 quod
3268 3418 3558 3476 violenter
3615 3418 3896 3488 erumpant

2280 3517 2561 3588 strepitus
2591 3515 2850 3571 tonitrua
2881 3513 3220 3570 efﬁcientes.
3253 3533 3282 3560 ››
3323 3509 3700 3565 Eustathius:
3732 3531 3750 3554 ι
3793 3507 3896 3570 Qua

2281 3606 2523 3676 spiritus
2573 3609 2884 3675 conceptus
2930 3603 2989 3659 in
3033 3601 3291 3658 nubibus
3334 3598 3728 3669 violenterque
3781 3609 3894 3667 pro-

2281 3700 2488 3767 ruptus
2519 3693 2697 3750 efticit
2724 3710 2936 3749 sonum
2959 3689 3356 3748 tonitrualem.
3390 3711 3418 3739 ››
3451 3688 3731 3744 Ceterum
3760 3685 3892 3740 idem

2280 3786 2432 3857 quod
2466 3785 2536 3840 de
2574 3781 2832 3856 crystalli
2861 3780 3086 3854 origine
3113 3779 3293 3835 tradit
3345 3776 3604 3834 Basilius
3644 3793 3711 3832 ex
3754 3787 3892 3844 aqua:

2279 3873 2678 3947 congelatione
2709 3871 3028 3940 nascentis,
3053 3868 3232 3926 tradit
3262 3871 3320 3924 et
3351 3867 3581 3924 Statius
3610 3866 3669 3921 in
3699 3862 3893 3936 Epitha-

2278 3965 2446 4020 lamio
2475 3963 2680 4032 Stellae,

2417 4072 2670 4142 Raraque
2698 4069 2967 4142 longaevis
2994 4066 3218 4123 nivibus
3245 4065 3511 4138 crystalla
3556 4062 3777 4134 gelari;

2277 4185 2335 4236 et
2368 4177 2590 4234 Plinius
2612 4178 2714 4233 lib.
2747 4193 2960 4241 xxxvn,
2980 4174 3156 4246 cap.2
3175 4191 3188 4230 :
3210 4197 3238 4223 «
3259 4171 3562 4229 Contraria
3590 4185 3765 4226 causa
3788 4181 3895 4238 cry-

2279 4269 2515 4325 stallum
2548 4267 2685 4323 facit
2714 4267 2846 4338 gelu
2877 4263 3309 4320 vehementiore
3341 4260 3763 4317 concreto.Nec
3781 4255 3895 4312 alibi

2275 4363 2430 4415 certo
2457 4357 2767 4430 reperitur,
2802 4371 2980 4427 quam
3021 4354 3122 4410 ubi
3171 4351 3425 4408 maxime
3473 4350 3731 4406 hibernae
3759 4346 3898 4402 nives

2275 4449 2465 4519 rigent
2494 4446 2858 4519 glaciemque
2889 4459 3020 4499 esse
3050 4445 3273 4498 certum
3303 4445 3411 4510 est,
3443 4440 3605 4495 unde
3634 4443 3689 4494 et
3712 4451 3897 4492 nomen

2276 4536 2457 4592 Graeci
2487 4537 2712 4591 dedere.
2751 4555 2780 4583 ››
2813 4537 2876 4587 In
2911 4548 3084 4603 quem
3117 4529 3310 4586 locum
3347 4533 3595 4585 annotat
3625 4525 3894 4583 Dalecam-

2275 4624 2428 4698 pius,
2462 4640 2531 4680 ex
2560 4622 2848 4696 Agricola,
2881 4619 2983 4676 lib.
3014 4637 3070 4676 vr
3109 4621 3182 4675 De
3226 4619 3534 4691 fossilibus,
3569 4640 3599 4668 «
3632 4614 3750 4671 falli
3801 4611 3894 4668 Pli-

2274 4714 2460 4780 nium,
2509 4713 2664 4786 quod
2717 4710 3029 4784 crystallus
3080 4724 3212 4765 vere
3255 4709 3358 4764 ﬁat
3411 4723 3480 4763 ex
3519 4705 3893 4778 lapidescente

2271 4804 2580 4877 perspicuo
2611 4816 2998 4873 succo,quem
3029 4799 3140 4855 sub
3169 4797 3364 4866 terris,
3391 4799 3488 4852 aut
3509 4795 3671 4851 inter
3696 4791 3894 4866 gelidas

2271 4893 2508 4965 rupium
2523 4908 2701 4948 venas
2722 4890 3013 4961 frigiditas
3029 4887 3345 4944 vehemens
3361 4884 3581 4957 glaciet
3604 4890 3664 4938 et
3868 4899 3889 4926 ›ι

2269 4983 2558 5040 Diodorus
2590 4997 2822 5054 quoque
2847 4977 3078 5035 Siculus
3101 4977 3278 5033 aliam
3298 4993 3536 5032 causam
3569 4974 3786 5047 profert
3805 4968 3890 5026 lib.

2270 5090 2310 5128 ιι
2337 5073 2692 5130 Bibliotheca
2719 5089 2739 5126 :
2767 5067 2906 5131 Τοὺς
2954 5063 3334 5143 κρυστάλλους
3393 5063 3581 5128 Λίθους
3641 5060 3783 5137 ἔχειν
3806 5057 3889 5143 τήν

2270 5161 2518 5216 σύστασιν
2576 5159 2627 5230 ἐξ
2685 5155 2878 5220 ὕδατος
2932 5142 3170 5230 καθαροῦ
3217 5151 3500 5229 παγέντος,
3533 5150 3646 5225 οὐχ
3690 5147 3788 5205 ὑπὸ
3813 5142 3889 5218 ψύ-

2267 5271 2422 5327 χους,
2457 5249 2581 5305 ἀλλ’
2614 5249 2715 5303 ὑπὸ
2764 5246 2911 5302 θείου
2948 5246 3119 5320 πυρὸς
3167 5241 3469 5316 δυνάμεως
3499 5263 3523 5295 ι
3557 5237 3885 5314 Crystallum

2266 5359 2335 5398 ex
2365 5358 2519 5413 aqua
2548 5339 2868 5412 purissima
2899 5339 2957 5393 in
2990 5336 3238 5409 glaciem
3271 5329 3885 5428 indurata_coalescere

2267 5431 2452 5496 aiunt,
2507 5445 2621 5484 non
2682 5427 2921 5500 quidem
2980 5442 3016 5481 a
3071 5424 3306 5497 frigore,
3363 5422 3464 5479 sed
3514 5419 3702 5475 divini
3754 5419 3884 5488 ignis

2263 5519 2542 5592 potentia.
2571 5541 2600 5570 »
2645 5527 2654 5540 ‘

2334 5610 2452 5667 Col.
2501 5609 2573 5663 62
2627 5608 2668 5662 Β
2723 5609 2777 5664 5.
2831 5605 3167 5679 Specularis.
3208 5604 3300 5660 Sic
3355 5600 3750 5674 reposuimus,
3794 5605 3881 5679 pro

2264 5722 2293 5754 «
2324 5697 2658 5770 specularii.
2696 5719 2725 5748 ››
2757 5697 2821 5753 In
2872 5677 3236 5767 quibusdam
3285 5690 3541 5765 Anglicis
3597 5691 3724 5745 erat
3773 5677 3878 5737 σπί-
