4120 6230
349 386 465 448 981

1440 399 1546 458 AD
1595 396 1974 460 HOMILIAS
2021 397 2096 458 ΙΝ
2144 397 2713 461 HEXAEMERON.

3657 405 3776 466 982

345 515 505 585 κλου,
552 525 615 576 ut
643 525 702 576 et
726 521 785 578 in
819 522 1015 596 Regiis
1037 526 1308 595 duobus;
1346 530 1883 586 mendose.Pliniue
1903 528 2006 585 lib.
2039 533 2088 597 Α
2123 530 2254 585 dem
2315 537 2492 602 caput
2547 534 2728 588 situm
2782 549 2910 589 esse
2969 532 3093 589 vult
3138 533 3249 590 sub
3273 533 3344 588 3O
3374 533 3771 606 longitudinis

344 623 534 679 xxxvr,
571 625 700 682 cap.
731 611 801 664 22
828 629 840 668 :
885 633 914 662 «
945 613 1288 687 Specularis
1308 633 1462 685 vero,
1497 619 1778 690 quoniam
1828 623 1886 674 et
1913 618 2010 674 hic

335 694 489 769 lapis
523 715 736 755 nomen
761 701 1012 768 obtinet,
1047 705 1310 762 faciliore
1342 707 1527 764 multo
1552 713 1787 779 natura,
1841 707 2008 763 findi-

340 789 441 840 tur
473 786 533 842 in
565 789 891 859 quamlibet
921 795 1130 849 tenues
1165 799 1431 864 crustas;
1483 818 1509 848 »
1573 802 1628 852 et
1675 797 1774 854 lib.
1817 813 1904 864 ιιι,
1950 813 2001 852 c.

334 873 396 929 3t
432 890 444 927 :
482 897 511 926 ‹‹
541 877 792 934 Metellis
821 879 1108 951 Hispania
1131 886 1254 939 tota
1283 889 1470 941 scatet
1499 887 1758 954 citerior,
1792 891 1848 942 et
1877 903 2004 958 spe-

338 963 644 1020 cularibus
677 965 998 1040 lapidibus.
1031 993 1059 1022 ››
1094 973 1427 1045 Specularis
1475 975 1709 1045 dicitur,
1761 992 1830 1030 ex
1887 993 2000 1048 quo

336 1053 560 1109 ﬁebant
589 1057 939 1127 specularia.
994 1060 1214 1118 Seneca
1273 1064 1449 1136 epist.
1510 1067 1580 1120 60
1612 1082 1625 1122 :
1663 1087 1688 1118 α
1722 1066 1998 1132 Quaedam

334 1149 541 1199 nostra
562 1145 803 1202 domum
838 1150 1132 1220 prodiisse
1163 1154 1453 1209 memoria
1485 1156 1730 1227 scimus,
1771 1159 1836 1210 ut
1865 1171 1996 1226 spe-

332 1233 692 1290 culariorum
718 1252 893 1293 usum
920 1240 1256 1311 perlucente
1275 1247 1428 1299 testa
1450 1244 1672 1300 clarum
1695 1243 1996 1300 transmit-

332 1320 586 1377 tentium
637 1323 858 1383 lumen.
905 1349 934 1376 »
985 1329 1049 1383 ln
1082 1345 1258 1401 quem
1306 1331 1495 1388 locum
1552 1333 1782 1405 Lipsius
1843 1339 1994 1389 recte

331 1415 552 1477 monet,
600 1414 930 1484 specularia
979 1419 1237 1489 quadrae
1269 1419 1392 1476 sive
1421 1422 1590 1478 orbes
1621 1422 1804 1478 fuisse
1835 1423 1990 1478 fene-

327 1499 468 1556 stris
500 1501 752 1559 insertos
781 1505 851 1559 ad
885 1505 1074 1563 lucem
1113 1508 1784 1578 immittendam,ventos
1803 1511 1991 1580 exclu-

330 1589 578 1655 dendos,
611 1592 798 1648 vicem
831 1599 888 1649 et
919 1612 1092 1652 usum
1145 1596 1323 1655 hodie
1370 1600 1709 1671 vitreorum,
1741 1600 1899 1656 dicta
1955 1618 1988 1656 a

329 1677 528 1749 lapide
557 1680 1154 1757 speculari,idemque
1185 1687 1490 1745 Cataneus
1519 1689 1579 1745 in
1599 1689 1852 1746 Plinium
1883 1707 1985 1746 an-

327 1771 580 1824 notarat.
618 1769 899 1828 Martialis
931 1772 1031 1829 lib.
1065 1792 1188 1842 vm,
1225 1777 1376 1850 epig.
1413 1779 1516 1833 14:

465 1923 724 2007 Ilibernis
746 1927 957 2007 obieeta
987 1932 1130 1985 notis
1160 1931 1482 2004 specularia
1506 1951 1678 2007 puros

470 1994 783 2054 Admittunt
809 1999 1038 2056 solea...

392 2163 502 2220 Sed
536 2179 605 2220 ea
636 2162 974 2239 exemptitia
1004 2169 1184 2227 fuisse
1216 2172 1474 2242 tradunt,
1509 2178 1573 2231 ut
1601 2192 1734 2232 cum
1766 2176 1973 2236 liberet

318 2252 718 2310 auferrentur.
753 2256 1096 2316 Eustathius
1127 2259 1238 2316 hoc
1265 2261 1389 2318 loco
1413 2263 1497 2319 sio
1527 2267 1967 2325 emendandus:

317 2362 346 2390 ‹‹
380 2345 455 2398 Et
486 2342 587 2414 qui
619 2346 945 2402 secundum
986 2364 1156 2405 suam
1189 2355 1461 2408 naturam
1498 2353 1674 2410 fuerit
1703 2357 1970 2414 sincerus

317 2427 614 2502 inventus,
649 2449 752 2489 nec
776 2433 1030 2505 alicujus
1063 2439 1393 2510 putredinis
1423 2442 1775 2501 admistione
1797 2446 1972 2504 foeda-

318 2523 438 2586 tur,
465 2536 570 2576 nec
604 2521 822 2578 fundus
855 2524 1028 2582 rimis
1069 2526 1364 2598 aliquibus
1388 2529 1564 2587 {issue
1598 2537 1706 2596 est,
1740 2535 1858 2591 aeri
1889 2535 1968 2592 si-

319 2607 482 2664 milis
515 2609 814 2666 habetur.»
842 2613 1196 2672 Addidimus
1217 2619 1370 2689 apud
1393 2621 1816 2695 Argyropylum
1842 2647 1869 2674 «
1895 2625 1966 2680 ad

315 2695 592 2768 fundum,
629 2720 657 2749 «
689 2705 745 2755 et
774 2723 801 2750 ‹‹
836 2706 937 2757 aut
958 2703 1189 2760 ﬁssuris
1215 2709 1567 2780 pertoratus,
1590 2733 1616 2759 ν
1651 2716 1714 2767 ut
1734 2716 1968 2771 Graecus

314 2788 512 2842 textus
546 2788 832 2860 exigebat.
864 2792 1181 2850 Cornarius
1213 2797 1404 2864 vertit,
1439 2815 1629 2870 neque
1659 2789 1968 2872 putredine

315 2874 518 2948 aliqua
569 2893 800 2948 exesus,
834 2896 1024 2953 neque
1053 2890 1384 2958 segmenta,
1419 2891 1521 2944 aut
1568 2889 1746 2947 strias
1777 2891 1836 2947 in
1881 2892 1965 2948 al-

316 2968 445 3019 tum
481 2967 794 3037 productas
825 2968 1068 3028 habens.
1104 2995 1133 3023 »

386 3052 504 3110 Col.
530 3055 674 3145 647A
703 3059 758 3112 6.
791 3061 844 3110 Ὀ
893 3060 969 3131 μὴ
1021 3058 1244 3137 ἐνορῶν.
1297 3065 1524 3139 Anglici
1555 3067 1688 3124 libri
1722 3071 1963 3145 rectius,

313 3157 494 3212 quam
526 3144 763 3217 vulgata
793 3146 964 3204 lectio
993 3149 1080 3206 vel
1112 3151 1275 3224 Regii
1314 3171 1458 3211 mss.
1492 3153 1651 3212 Ἀλλ’
1681 3158 1708 3212 ὁ
1743 3159 1820 3230 μή
1880 3159 1962 3214 ὲν-

312 3232 482 3343 ορξῦν,
510 3231 668 3343 sicut
700 3235 872 3306 paulo
911 3243 1046 3295 ante
1076 3237 1203 3295 ἀλλ’
1233 3241 1268 3310 ἢ
1302 3242 1329 3297 ὁ
1363 3243 1440 3315 μή
1474 3243 1708 3304 ἀκούων.
1746 3253 1958 3306 Eusta-
1988 3276 2030 3343 ρ

312 3319 474 3410 thius
505 3321 673 3392 dixit,
701 3347 727 3374 «
760 3326 902 3392 Quis
933 3332 1130 3385 autem
1162 3333 1282 3388 tam
1341 3335 1559 3390 surdus
1615 3340 1724 3406 est,
1777 3355 1954 3410 quam

307 3407 409 3480 qui
469 3427 583 3467 non
639 3413 806 3470 audit
864 3416 948 3472 ita
979 3417 1174 3489 palam
1217 3422 1639 3480 vociferantem
1706 3407 1961 3500 Scriptu-

307 3514 453 3566 ram,
512 3500 602 3556 vel
661 3501 794 3574 quis
852 3507 973 3560 tam
1025 3523 1232 3576 cacus,
1286 3510 1400 3566 nisi
1457 3512 1559 3584 qui
1587 3515 1958 3575 evidentibus

305 3586 678 3646 documentis
736 3590 1084 3651 instructus.
1130 3618 1158 3646 »
1197 3596 1419 3655 Alludit
1475 3607 1673 3659 autem
1732 3605 1804 3661 ad
1855 3605 1957 3662 illa

303 3677 598 3766 prophetat
631 3680 791 3736 Isaia:
823 3699 960 3752 xm,
996 3684 1099 3741 19:
1163 3684 1262 3740 Καὶ
1308 3685 1390 3750 τίς
1418 3686 1644 3766 τυφλὸς,
1675 3689 1802 3748 ἀλλ’
1833 3695 1867 3764 ἢ
1902 3695 1953 3749 oi

301 3760 492 3827 παῖδὲς
584 3787 711 3841 μου,
793 3768 883 3824 καὶ
949 3772 1164 3850 κωφοὶ,
1237 3773 1362 3831 ἀλλ’
1419 3777 1454 3847 ἢ
1496 3760 1556 3832 ὀἱ
1614 3760 1953 3854 ἡυριεύοντες

303 3851 481 3908 αὐτων
506 3872 521 3923 ;
554 3858 621 3912 Et
649 3860 774 3930 quis
800 3875 998 3933 cacus,
1030 3864 1144 3918 nisi
1169 3869 1336 3936 pueri
1380 3868 1511 3938 mei,
1543 3872 1594 3925 et
1621 3851 1799 3942 surdi,
1842 3875 1954 3931 nisi

301 3945 400 4016 qui
417 3944 776 4002 dominantur
796 3948 915 4004 illis
931 3952 958 4004 .9

371 4032 598 4089 Col.66
658 4037 698 4090 D
760 4037 813 4094 3.
876 4042 960 4094 Ex
1006 4041 1293 4113 Pyrenaeo.
1356 4044 1610 4104 Fidelius
1665 4050 1952 4121 expressit

304 4127 563 4179 mentem
595 4126 854 4183 auctoris
884 4127 1269 4188 Eustathius:
1302 4155 1331 4184 «
1364 4135 1449 4190 Ab
1476 4137 1794 4194 occidentis
1816 4157 1948 4198 vero

298 4209 637 4268 climatibus
669 4214 886 4272 aestivis
908 4218 1018 4273 sub
1042 4223 1311 4292 Pyrenazo
1334 4225 1546 4280 vertice
1565 4226 1872 4284 Tartessue
1895 4245 1944 4286 ε»

298 4300 916 4387 tametsiAristoteles,
952 4323 1020 4362 ex
1040 4324 1156 4378 quo
1187 4309 1301 4366 ista
1323 4311 1653 4385 desumpsit
1674 4317 1945 4387 Basilius,

297 4387 483 4458 dixit,
529 4386 589 4443 ἐκ
637 4397 738 4460 τῆς
789 4395 1068 4469 Πυρήνης,
1123 4417 1151 4447 ‹‹
1202 4414 1271 4454 ex
1317 4399 1613 4472 Pyrenaeo.
1676 4427 1703 4455 ››
1762 4386 1945 4472 Quem

305 4477 467 4534 enim
526 4479 870 4540 Ptolemaeus
931 4489 988 4541 et
1044 4486 1142 4542 alii
1185 4489 1378 4545 Baetim
1431 4491 1747 4564 appellant,
1789 4496 1947 4552 Stra-

298 4565 436 4622 boni
463 4571 519 4623 et
548 4571 851 4628 Pausanize
883 4575 1194 4632 Tartessue
1227 4581 1336 4633 est.
1393 4581 1575 4652 Atque
1606 4583 1665 4638 in
1698 4583 1944 4641 Atlanti-

2119 619 2327 690 gradu,
2362 619 2695 678 latitudinis
2717 638 2852 678 vero
2883 623 2970 688 46,
3003 623 3074 676 20
3105 622 3353 677 minuto.

2190 726 2309 783 Col.
2344 730 2414 783 67
2442 733 2488 785 A
2517 733 2569 786 2.
2606 735 2854 803 Quorum
2898 735 2975 788 est
3021 731 3293 787 Eridanus
3339 731 3492 802 apud
3557 730 3770 787 Eusta-

2117 817 2305 873 thium
2323 818 2631 891 legimus,«
2659 838 2906 893 quorum
2926 825 3013 876 est
3041 819 3417 887 Rhodanus,»
3433 820 3532 876 sed
3549 825 3772 875 utrum-

2113 922 2225 978 que
2258 907 2473 964 falsum
2507 915 2614 978 est,
2649 910 2770 966 sive
2803 911 3149 966 Rhodanum
3178 911 3296 966 sive
3314 910 3636 965 Eridanum
3661 909 3766 964 Pa-

2111 997 2324 1053 dumve
2351 997 2535 1067 dicas,
2567 1016 2634 1055 ex
2668 999 2968 1056 montibus
3000 999 3255 1072 Ripbmis
3295 999 3454 1068 oriri,
3489 1003 3546 1055 et
3577 998 3634 1053 in
3670 1014 3766 1054 oc-

2109 1084 2456 1143 cidentalem
2492 1088 2787 1144 Oceanum
2820 1089 3092 1146 infundi:
3147 1107 3282 1145 nam
3330 1089 3653 1145 Rhodanus
3701 1086 3762 1143 in

2109 1191 2271 1231 mare
2301 1177 2794 1234 Mediterraneum
2830 1195 2944 1234 non
2978 1178 3149 1251 longe
3181 1196 3213 1234 a
3236 1177 3524 1248 Massilia,
3555 1176 3761 1232 Erida-

2105 1280 2217 1320 nus
2242 1265 2297 1320 in
2323 1266 2684 1322 Adriaticum
2709 1267 2902 1323 sinum
2920 1267 3246 1324 devolvitur
3265 1283 3443 1339 prope
3459 1266 3758 1322 Venetiae.

2104 1352 2278 1409 Porro
2310 1371 2377 1409 ex
2409 1353 2656 1426 Alpibus
2689 1357 2866 1412 ﬂuere
2890 1356 3326 1423 Rhodanum,et
3357 1371 3460 1428 per
3490 1353 3756 1410 Allobro-

2100 1458 2241 1514 gum
2274 1459 2513 1515 campos
2544 1443 2778 1516 lapsum
2811 1446 2966 1517 apud
3002 1445 3352 1517 Lugdunum
3401 1460 3534 1500 cum
3590 1443 3756 1499 Arari

2101 1548 2464 1601 concurrere,
2499 1534 2664 1589 docet
2702 1535 2910 1590 Strabo
2961 1533 3062 1589 lib.
3104 1552 3182 1605 ιν,
3233 1535 3552 1605 eodemque
3603 1531 3752 1588 libro

2098 1621 2286 1677 fontes
2319 1621 2550 1677 Eridani
2583 1624 2788 1678 statuit
2818 1622 2877 1678 in
2911 1623 3128 1679 ﬁnibus
3148 1623 3423 1694 Ligurum
3447 1627 3505 1679 et
3523 1621 3747 1678 Medul-

2099 1709 2312 1778 lorum,
2347 1711 2845 1781 quemadmodum
2895 1714 2953 1766 et
2987 1711 3227 1767 Plinius.
3263 1712 3608 1767 Ptolemaeus
3641 1725 3744 1766 ca-

2093 1803 2202 1871 put
2233 1802 2361 1871 ejus
2386 1801 2558 1872 juxta
2608 1801 2839 1856 Larium
2872 1800 3066 1856 locum
3098 1800 3342 1856 collocat
3389 1799 3502 1855 sub
3550 1798 3738 1870 gradu

2006 1905 2056 1972 B
2091 1889 2381 1962 longitud.
2413 1891 2503 1958 29,
2540 1905 2618 1944 m.
2648 1891 2740 1958 20,
2772 1887 3103 1945 latitudinis
3149 1889 3238 1959 44,
3267 1905 3347 1944 m.
3381 1888 3465 1942 45.
3502 1890 3733 1942 Postre-

2090 1980 2369 2052 mo,quod
2401 1980 2498 2035 hic
2529 1981 2807 2036 dicuntur
2835 1997 2939 2052 per
2967 1979 3320 2052 Ethiopiam
3341 1979 3591 2036 ﬂuentes
3614 1995 3736 2035 am-

2082 2085 2185 2126 nes
2242 2070 2480 2142 quidam
2529 2066 2617 2123 ἐπὶ
2663 2069 2764 2138 τήν
2794 2065 2897 2139 ἔξω
2925 2073 3042 2130 τοῖς
3072 2067 3397 2140 πλεομένοις
3427 2069 3723 2123 ἁποκενοῢ-

2080 2158 2220 2226 σθαι,
2252 2159 2467 2215 rectius
2496 2175 2564 2215 ex
2591 2157 2866 2215 'Medicao
2897 2157 3148 2230 legimus
3183 2153 3286 2227 ἔξω
3331 2163 3432 2226 τῆς
3483 2155 3723 2230 πλεομέ-

2079 2267 2176 2316 νης
2209 2246 2618 2314 ἁποκενοῦνται,
2655 2248 2808 2321 quod
2843 2248 2997 2319 apud
3047 2247 3421 2302 Eustathium
3453 2247 3721 2315 vertitur,

2086 2361 2106 2387 α
2138 2336 2235 2393 alii
2277 2338 2334 2392 in
2369 2337 2698 2394 citeriorem
2735 2337 3124 2392 devolvuntur
3165 2336 3484 2403 Oceanum,
3534 2357 3563 2385 ››
3623 2334 3724 2391 ubi

2080 2426 2487 2498 corrigendum
2524 2426 2768 2482 fortasse
2811 2448 2838 2475 ‹‹
2872 2425 2932 2480 in
2964 2423 3326 2492 exteriorem,
3360 2447 3390 2474 »
3432 2423 3532 2496 qui
3564 2423 3725 2480 scili-

2079 2519 2170 2572 cet
2191 2519 2280 2570 est
2308 2519 2472 2571 extra
2493 2513 2808 2571 Columnas
2838 2513 3124 2578 Herculis,
3149 2518 3206 2570 et
3225 2517 3385 2570 extra
3416 2528 3574 2569 mare
3607 2513 3723 2569 Me-

2079 2604 2500 2671 diterraneum,
2535 2605 2691 2677 quod
2741 2603 3002 2676 navigari
3041 2602 3207 2672 solet,
3240 2606 3305 2658 ut
3333 2602 3476 2658 dixit
3498 2603 3725 2659 Aristo-

2078 2691 2224 2748 teles
2258 2692 2382 2749 loco
2416 2693 2532 2763 iam
2567 2693 2784 2749 citato:
2828 2691 2896 2748 "0
2924 2711 2982 2745 τε
3026 2689 3304 2767 Χρεμέτης
3345 2689 3425 2753 εἷς
3465 2691 3566 2759 τήν
3623 2685 3724 2761 ἔξω

2079 2779 2161 2857 ῥεῖ
2191 2779 2481 2844 θάλασσαν·
2522 2805 2550 2833 ‹‹
2576 2781 2907 2838 Chremetes
2929 2781 2987 2837 in
3011 2787 3314 2838 externum
3333 2798 3493 2837 mare
3515 2797 3723 2837 exone-

2075 2876 2258 2927 ratur.
2296 2896 2316 2926 ι
2356 2875 2442 2928 Ita
2471 2871 2618 2927 dixit
2647 2875 2706 2927 et
2737 2870 3026 2926 Lucianus
3080 2871 3140 2926 in
3198 2870 3553 2927 Prometheo:
3613 2867 3721 2923 Καὶ

2073 2960 2171 3028 τήν
2231 2957 2498 3022 θάλατταν
2556 2956 2891 3031 πλεομένην,
2945 2959 3162 3021 καὶτὰς
3204 2959 3405 3028 νήσους
3433 2977 3717 3012 κατοικου-

2079 3047 2261 3121 μένας·
2297 3071 2324 3099 ‹‹
2357 3049 2514 3104 Mare
2544 3049 2898 3120 navigatum,
2933 3052 2991 3104 et
3020 3047 3248 3104 insulas
3307 3049 3625 3104 habitatas.
3689 3069 3717 3097 ››

2073 3139 2388 3194 Externum
2421 3141 2617 3194 autem
2651 3155 2832 3210 mare,
2866 3142 2931 3193 ut
2960 3137 3132 3209 infra,
3166 3134 3230 3191 οὐ
3260 3135 3359 3213 γὰρ
3409 3135 3476 3206 ἦν
3520 3136 3556 3206 ἡ
3616 3131 3716 3206 ἔξω
3831 3151 3834 3154 '

2073 3223 2344 3302 Γαδείρων
2379 3223 2640 3289 θάλασσα.

2143 3325 2288 3381 lbid.
2321 3326 2362 3380 B
2411 3327 2469 3382 3.
2532 3327 2638 3394 Qui
2681 3326 2825 3381 dicis
2853 3325 3067 3398 abysso.
3121 3325 3206 3382 Ita
3247 3339 3481 3398 quoque
3513 3323 3718 3380 Latine

2067 3415 2274 3471 extulit
2303 3414 2650 3471 Eustathius
2677 3431 2688 3471 :
2719 3416 2825 3485 Qui
2869 3415 3008 3471 dicis
3055 3415 3286 3487 abysso:
3342 3415 3714 3480 Dissipaberis

2065 3510 2122 3562 et
2153 3506 2489 3576 Cornarius,
2521 3505 2620 3578 qui
2653 3523 2770 3562 non
2830 3505 3311 3562 animadvertunt
3368 3503 3715 3577 prophetam

2063 3595 2355 3652 introduci
2381 3595 2451 3650 ad
2486 3599 2667 3651 Deum
2701 3595 2874 3651 verba
2895 3595 3238 3652 facientem:
3272 3594 3466 3665 itaque
3497 3592 3715 3650 rectius

2064 3689 2261 3741 vertee‘
2283 3685 2353 3739 ad
2395 3701 2638 3741 sensum
2699 3683 2899 3740 Basilii
2935 3701 2948 3740 :
3011 3687 3128 3757 Qui
3155 3684 3296 3739 dicis
3335 3683 3553 3756 abysso.
3611 3681 3711 3736 Sin

2063 3777 2256 3830 autem
2289 3778 2517 3845 spectes
2548 3773 2843 3845 prophetae
2875 3774 3065 3846 ipsius
3095 3778 3313 3829 textum
3355 3773 3509 3845 apud
3540 3771 3709 3840 LXX,

2061 3861 2187 3916 sine
2217 3859 2394 3915 dubio
2423 3859 2625 3932 lapsus
2655 3861 2934 3916 memoria
2963 3860 3193 3916 videtur
3223 3857 3497 3927 Basilius,
3520 3873 3709 3927 neque

2052 3951 2174 4021 jam
2200 3948 2483 4022 propheta
2508 3947 2642 4021 πρὸς
2661 3948 2750 4003 τὸν
2777 3949 2903 4002 Θεὸν
2930 3944 3252 4020 διαλέγεται,
3287 3950 3388 4003 aut
3418 3950 3481 4001 ut
3499 3944 3706 4001 volunt

2060 4039 2322 4112 quidam,
2355 4038 2643 4115 προφήτης
2701 4036 2824 4109 περὶ
2867 4039 2964 4090 τοῦ
2995 4039 3150 4104 Θεοῦ,
3172 4036 3270 4092 sed
3305 4034 3520 4106 potius,
3567 4032 3705 4107 πρὸς

2055 4128 2146 4182 τὸν
2206 4126 2339 4183 λαὸν
2401 4126 2555 4197 Θεὸς,
2611 4127 2875 4199 populum
2920 4127 3058 4182 Deus
3100 4124 3440 4196 alloquitur.
3501 4125 3706 4195 Itaque

2058 4223 2214 4275 recte
2246 4217 2488 4291 Vulgata
2516 4215 2739 4287 Latina,
2774 4217 2880 4284 Qui
2903 4215 3022 4271 dico
3066 4213 3362 4288 profundo,
3415 4212 3700 4280 Desolare,

2056 4308 2220 4366 Unde
2280 4313 2337 4363 et
2396 4307 2666 4380 sequitur
2714 4306 2938 4363 Graece:
2993 4303 3082 4358 καὶ
3130 4303 3257 4364 τοὺς
3288 4299 3570 4375 ποταμούς
3601 4321 3702 4356 σου

2056 4394 2293 4468 ξηρανῶ,
2323 4401 2374 4452 et
2403 4395 2647 4471 ﬂumina
2676 4405 2772 4452 tua
2818 4395 3144 4467 arefaciam.
3192 4392 3492 4448 Praecessit
3521 4391 3700 4462 enim,

2057 4490 2192 4542 Haec
2233 4485 2368 4541 dicit
2423 4487 2689 4542 Dominus
2736 4485 3042 4556 redemptor
3083 4493 3224 4551 tuus,
3285 4486 3378 4539 et:
3439 4482 3700 4538 Memento

2055 4573 2273 4645 horum,
2297 4575 2480 4630 Iacob.
2515 4575 2638 4631 Duo
2673 4574 2832 4647 Regii
2867 4573 3097 4630 codices
3126 4576 3466 4629 constanter
3495 4570 3700 4644 legunt

297 4671 433 4713 cum
465 4657 704 4729 quidem
737 4678 896 4719 mare
919 4679 1118 4721 verum
1150 4669 1241 4722 est
1267 4666 1610 4728 Tartessum
1641 4676 1942 4732 exonerari

2077 4662 2187 4738 πρὸς
2219 4636 2309 4716 τὲν
2342 4662 2494 4720 Θεόν.
2526 4636 2976 4719 Ιωῐῐιυῐεῖνὶῐῐιυι
2997 4663 3201 4730 illud,«
3232 4661 3531 4735 vulgarem
3550 4636 3695 4732 qui-

296 4752 488 4802 ortum
518 4763 588 4804 ex
615 4749 1015 4823 Pyrenaeo,eed
1036 4758 1253 4812 Istrum
1278 4773 1380 4814 seu
1403 4761 1733 4819 Danubium
1755 4781 1822 4820 ex
1841 4765 1940 4822 illo

296 4839 476 4891 ﬂuere
500 4835 712 4896 falsum
733 4845 844 4913 est,
887 4847 952 4898 ut
973 4845 1128 4915 quod
1154 4845 1234 4901 ait
1273 4846 1510 4920 Seneca,
1552 4850 1655 4907 lib.
1714 4870 1769 4922 vi
1825 4856 1939 4911 Na-

293 4924 574 4982 turalium
601 4931 1166 5000 quaestionumﬁllum
1197 4935 1485 5009 EurOpam
1507 4943 1566 4995 et
1592 4941 1790 4998 Asiam
1821 4943 1941 5000 die-

293 5014 650 5088 terminare,
707 5021 863 5092 quod
913 5021 1096 5078 Tanai
1158 5025 1352 5096 potius
1408 5027 1584 5085 ﬂuvio
1633 5031 1936 5103 convenit;

291 5103 396 5159 sed
445 5103 558 5161 ista
603 5109 997 5182 geographica
1047 5128 1163 5168 non
1221 5111 1302 5169 ita
1356 5119 1554 5173 exacte
1601 5118 1941 5178 Aristoteles

293 5191 513 5266 aliique
544 5195 883 5272 philosOphi
915 5203 1339 5275 expenderunt,
1368 5221 1514 5278 quos
1562 5207 1701 5264 dum
1737 5202 1937 5263 ἀϐασά-

290 5281 490 5344 νίστως
520 5287 790 5357 sequitur
810 5291 1226 5349 sanctissimus
1248 5294 1418 5350 Pater
1447 5296 1721 5368 Basilius,
1756 5298 1943 5356 multa

292 5369 389 5426 hic
427 5371 762 5448 descripsit,
796 5395 923 5451 qua
955 5381 1027 5437 ad
1060 5381 1354 5438 Ptolemaei
1385 5385 1582 5456 potius
1611 5391 1668 5442 et
1712 5387 1942 5446 Strabo-

293 5459 388 5515 nis
418 5460 788 5538 aliorumque
812 5467 1225 5527 historicorum
1247 5473 1533 5529 amussim
1553 5477 1944 5536 examinanda

294 5554 457 5606 sunt.
490 5551 743 5611 Danubii
774 5572 912 5631 ergo
946 5559 1133 5616 fontes
1164 5560 1410 5618 collocat
1440 5565 1645 5621 Strabo
1667 5566 1725 5622 in
1750 5569 1942 5626 medio

295 5637 456 5694 silvas
487 5639 808 5718 Hercyniae,
835 5649 1336 5718 quemadmodum
1370 5655 1427 5707 et
1464 5653 1672 5726 Rheni,
1703 5655 1809 5714 lib.
1840 5674 1939 5728 vn,

299 5743 428 5800 quas
459 5729 604 5789 silva
633 5732 693 5790 in
718 5734 1035 5795 Germania
1054 5741 1177 5796 est:
1202 5738 1548 5801 Ptolemaus
1569 5749 1763 5804 autem
1784 5747 1941 5820 ejus-

2051 4753 2179 4810 dem
2210 4768 2496 4823 sermone,
2529 4774 2558 4804 »
2591 4758 2650 4810 et
2703 4753 3126 4809 substituimus
3188 4750 3444 4822 Vulgata
3483 4750 3692 4804 Latina:

2049 4842 2416 4899 versionem:
2475 4847 2780 4898 mutuatur
2835 4841 2991 4898 enim
3047 4839 3156 4896 hoc
3206 4840 3279 4896 ab
3311 4837 3607 4910 Apostolo,
3642 4837 3693 4892 Il

2050 4934 2178 4990 Cor.
2236 4949 2316 5002 x1,
2374 4932 2448 4988 δῖ
2513 4929 2578 4984 Εἰ
2639 4927 2697 4984 δὲ
2742 4928 2832 4984 καὶ
2881 4926 3109 4998 ἴδιώτης
3155 4930 3234 4999 τῷ
3266 4923 3437 5002 λόγῳ,
3472 4924 3597 4980 ἀλλ’
3627 4923 3688 4980 οὐ

2047 5022 2116 5094 τῇ
2174 5019 2394 5095 γνώσει.
2452 5020 2591 5075 Nam
2647 5021 2752 5075 etsi
2806 5019 3094 5090 imperitus
3139 5031 3411 5088 sermone,
3463 5015 3554 5072 sed
3577 5031 3691 5070 non

2048 5108 2646 5166 scientia.Eustathius
2669 5108 2848 5164 dixit:
2884 5107 3118 5163 «Nullis
3144 5107 3383 5178 quidem
3407 5103 3692 5162 facundia:

2050 5197 2309 5271 phaleris
2340 5203 2708 5266 exornatum,
2750 5197 3006 5252 scientia:
3040 5212 3172 5252 vero
3203 5195 3426 5252 ratione
3457 5193 3692 5266 potissi-

2115 5304 2236 5343 um.
2273 5309 2302 5336 ὶ)

2224 5328 2236 5341 .
2273 5309 2302 5336 ››

2051 5305 2240 5444 m‘gcii.
2272 5387 2342 5441 69
2377 5390 2416 5442 C
2467 5386 2557 5443 10.
2613 5388 2964 5448 Μεταθεῖσαν.
3019 5385 3339 5458 Legebatur
3381 5384 3552 5438 antea
3603 5399 3694 5453 με-

2047 5477 2370 5546 τατιθὲντος,
2419 5477 2518 5533 sed
2569 5492 2637 5532 ex
2676 5473 2935 5548 Anglicis
2993 5473 3293 5530 codicibus
3336 5472 3396 5528 in
3429 5471 3693 5544 margine

2051 5567 2374 5640 ascriptum
2420 5570 2544 5622 erat
2603 5568 2941 5638 μεταθεῖσαν,
2994 5563 3149 5636 quod
3198 5577 3386 5634 opera:
3417 5565 3689 5634 typogra-

2051 5655 2235 5728 phicts
2266 5655 2323 5710 in
2353 5658 2580 5710 textum
2613 5654 2998 5722 admiserunt,
3059 5656 3118 5709 at
3155 5651 3465 5724 sequentia
3511 5647 3693 5721 parti-

2051 5743 2204 5818 cipia
2258 5754 2374 5799 non
2429 5744 2571 5800 item
2616 5743 3055 5800 immutarunt:
3113 5741 3172 5798 in
3223 5740 3455 5798 duobus
3495 5737 3690 5811 Regiis
