4128 6216
281 367 402 427 985

1351 366 1455 425 ΑΙ)
1501 365 1883 427 HOMILIAS
1928 365 2008 426 IN
2052 366 2632 429 HEXAEMERON.

3583 365 3702 427 986

350 497 470 554 Col.
513 498 586 552 76
631 498 693 554 C.
748 497 835 552 10.
891 497 977 552 Ἐν
1024 496 1174 571 ἀρχῇ
1221 495 1314 550 τὸν
1367 496 1586 553 σκοπόν.
1652 497 1930 554 Basilien-

2047 499 2166 570 pli:
2201 509 2562 572 quapropter
2594 501 2788 556 fodere
2819 500 3016 570 desiit,
3048 505 3111 555 ut
3146 515 3215 554 ne
3249 498 3516 554 immisso
3550 515 3679 554 mar

279 588 364 643 sis
397 586 578 642 editio
606 585 815 641 habuit
844 583 1051 660 ἐναρχῇ
1083 587 1471 656 conjunctim,
1514 592 1572 642 at
1606 587 1767 658 Regii
1821 587 1938 642 duo
2048 594 2525 660 corrumperetur
2555 605 2708 660 aqua
2740 589 2920 644 fluvii.
2947 610 2975 638 »
3002 588 3210 642 strabo
3239 591 3436 642 tamen
3468 589 3704 643 natione

281 677 603 732 emendant
626 673 914 749 ἐναργῆβῐ
946 676 1290 748 comprobat
1320 676 1789 732 emendationem
1823 677 1938 731 Eu-

282 765 567 832 stathius,
603 765 742 820 dum
775 765 979 820 vertit:
1023 788 1050 816 ‹‹
1084 765 1288 821 Merito
1319 780 1456 837 ergo
1487 766 1724 837 quidem
1767 766 1824 820 in
1849 783 1938 820 ra-

281 854 505 910 tionem
539 853 910 926 gignentium
954 853 1326 909 manifestam
1359 871 1488 910 esse
1535 856 1872 927 proposuit:
1912 877 1938 903 »

283 959 415 1014 quas
447 943 583 998 licet
615 943 896 998 mendosa
927 942 1186 997 indicant
1208 941 1302 997 hic
1335 943 1734 1010 scribendum,
1769 966 1797 994 «
1832 945 1938 1008 Qui

284 1031 473 1105 igitur
523 1032 904 1087 manifestum
961 1047 1164 1088 eorum
1207 1048 1334 1104 quae
1382 1033 1550 1100 ﬁunt,
1598 1033 1772 1088 finem
1826 1033 1938 1088 sibi

283 1138 454 1194 prop.
492 1143 520 1170 »
552 1121 768 1176 Eodem
797 1121 964 1177 modo
996 1121 1167 1189 intra,
1201 1121 1504 1193 legebatur
1535 1122 1595 1176 in
1638 1121 1936 1177 Basiliensi

280 1207 759 1282 edit.,6pwp.évoic
792 1208 846 1263 ὲν
881 1207 1115 1284 ἀρχῇ,θῐ
1136 1225 1204 1265 ex
1223 1210 1430 1266 iisdem
1460 1215 1937 1267 mss.correctum

280 1304 376 1355 est.
424 1296 643 1372 ἐναργῆ,
693 1299 968 1370 quocirca
1015 1301 1360 1354 vertendum
1409 1305 1518 1367 est,
1567 1301 1940 1356 «manifesta

279 1391 485 1446 statim
521 1388 806 1460 exempla,
839 1410 866 1439 »
903 1391 968 1444 ut
997 1388 1143 1443 dixit
1175 1388 1579 1459 Bustathius,«
1613 1389 1942 1446 benefacto-

278 1477 364 1533 ris
400 1482 783 1535 monumenta
814 1479 1147 1533 certissima
1177 1478 1445 1551 capiatis.
1483 1501 1511 1528 »

353 1585 474 1641 Col.
505 1586 577 1639 79
625 1591 667 1640 A
715 1585 800 1639 l3.
849 1586 977 1641 Jam
1029 1601 1174 1641 vero.
1233 1585 1423 1641 Verba
1460 1586 1750 1641 Eustathii
1801 1587 1938 1642 sub-

281 1673 596 1729 stituimus
625 1674 684 1728 in
721 1672 912 1729 locum
948 1673 1197 1729 istorum
1220 1673 1594 1748 interpretis:
1629 1698 1655 1726 «
1691 1676 1814 1730 Non
1847 1677 1941 1731 de-

280 1763 554 1834 sunt,qui
587 1762 673 1819 vel
701 1779 887 1834 usque
918 1763 987 1818 ad
1014 1763 1306 1820 insaniam
1333 1779 1394 1819 se
1418 1768 1570 1820 totos
1591 1764 1941 1820 addixerunt

281 1853 456 1924 equis
478 1853 548 1908 ad
571 1853 844 1908 obeunda
864 1852 1188 1909 certamina
1219 1853 1576 1920 exercendis,
1612 1854 1756 1910 adeo
1791 1858 1853 1908 ut
1879 1854 1936 1910 in
1971 1874 2018 1939 B

281 1958 572 2014 equorum
604 1941 854 2012 gratiam
885 1941 994 1997 sibi
1027 1942 1342 1998 videantur
1369 1959 1473 2015 per
1493 1959 1766 1998 somnum
1801 1960 1937 2005 con-

278 2030 504 2103 ﬂigere.
539 2052 567 2079 »
603 2030 773 2100 Atqui
806 2047 920 2086 non
952 2028 1075 2102 περὶ
1105 2029 1486 2108 ἱπποτρόφων,
1521 2055 1549 2082 ‹‹
1599 2033 1669 2087 de
1712 2031 1786 2087 iis
1837 2033 1934 2105 qui

277 2135 466 2191 equos
492 2117 661 2174 alunt
682 2118 770 2174 vel
803 2123 1094 2191 exercent,
1127 2144 1148 2171 ι
1187 2122 1288 2176 sed
1323 2122 1394 2176 de
1426 2121 1498 2176 iis
1530 2121 1855 2194 agitur,qui
1879 2122 1936 2176 in

277 2208 567 2265 factiones
594 2207 764 2264 divisi
789 2213 1060 2281 spectant
1087 2209 1432 2277 certamina,
1469 2209 1555 2266 vel
1579 2211 1637 2265 in
1662 2211 1937 2266 circensi-

271 2299 393 2354 bus
430 2297 575 2368 ipsis
623 2298 960 2353 decertant:
1006 2298 1236 2370 proprie
1267 2315 1523 2371 namque
1555 2300 1624 2355 de
1658 2299 1811 2356 circo
1859 2301 1942 2355 ita

269 2386 609 2457 loquuntur
640 2391 859 2453 Patres,
895 2390 959 2442 ut
989 2387 1253 2443 insanire
1285 2405 1351 2443 ac
1385 2388 1573 2444 furere
1594 2389 1793 2444 dicant
1813 2406 1934 2458 eos,

267 2476 374 2547 qui
408 2475 560 2531 inter
589 2476 974 2548 spectandum
1015 2478 1397 2533 contendunt.
1433 2477 1834 2534 Tertullianus
1861 2480 1936 2535 De

272 2565 605 2636 spectaculis
631 2581 760 2636 cap.
795 2565 898 2619 l6:
937 2587 966 2616 ‹‹
1014 2564 1156 2620 Cum
1207 2582 1340 2637 ergo
1377 2567 1539 2622 furor
1569 2567 1940 2623 interdicitur

274 2653 476 2724 nobis,
520 2653 591 2708 ab
613 2654 773 2709 omni
804 2654 1138 2726 spectaculo
1165 2655 1510 2727 auferimur,
1534 2655 1709 2712 etiam
1732 2674 1765 2711 a
1785 2657 1939 2714 circo

276 2743 384 2798 ubi
417 2742 652 2815 proprie
685 2743 848 2798 furor
890 2744 1178 2815 praesidet.
1229 2766 1258 2794 »
1306 2743 1622 2817 Gregorius
1667 2745 1937 2801 Nazianz.

279 2836 442 2888 orat.
489 2833 596 2888 27:
651 2829 782 2906 Περὶ
829 2829 958 2893 τοὺς
1002 2830 1264 2894 ἱππικοὺς
1292 2832 1382 2886 καὶ
1411 2833 1480 2887 τὰ
1509 2831 1724 2909 Θὲατρα,
1755 2834 1842 2888 γαὶ
1874 2833 1941 2888 τὰ

284 2917 504 2986 στάδια,
552 2919 642 2974 καὶ
689 2921 757 2974 τὰ
806 2919 1099 2996 κυνηγέσια
1144 2926 1404 2977 τοσοῦτον
1436 2923 1753 2995 μεμηνέναι,
1805 2922 1942 2978 ὥστε

282 3012 458 3063 ταῦτα
487 3015 758 3074 ποιεῖτοαι
787 3009 926 3086 βίον·
962 3035 989 3063 ‹‹
1021 3013 1185 3069 Circa
1213 3013 1386 3069 ludos
1409 3013 1700 3070 circenses
1730 3017 1786 3070 et
1816 3031 1942 3086 spe-

281 3098 540 3171 ctacula,
570 3105 628 3156 et
659 3117 890 3172 cursus,
923 3105 982 3158 et
1023 3102 1363 3158 venationes
1393 3103 1538 3158 adeo
1568 3102 1844 3170 insaniat,
1877 3105 1942 3158 ut

278 3188 408 3245 haec
435 3206 541 3262 pro
578 3189 697 3246 vita
738 3195 794 3246 et
841 3191 993 3248 serio
1049 3192 1304 3263 quodam
1337 3192 1606 3248 instituto
1638 3191 1870 3247 habeat.
1909 3214 1929 3240 ι

275 3279 678 3352 Hieronymus
707 3280 766 3335 in
806 3281 924 3336 Vita
951 3281 1358 3338 S.Hilariani::
1399 3303 1426 3331 ››
1458 3281 1583 3337 Non
1608 3280 1744 3336 circi
1777 3281 1928 3337 furo-

269 3368 467 3438 ribus,
501 3385 615 3424 non
640 3384 827 3425 arena:
853 3370 1162 3443 sanguine,
1185 3387 1300 3426 non
1334 3369 1544 3426 theatri
1577 3369 1808 3426 luxuria
1834 3370 1931 3426 de-

270 3457 627 3513 lectabatur.
663 3481 692 3509 ››

347 3545 463 3602 Col.
517 3548 587 3602 80
633 3549 674 3604 C
731 3548 812 3602 l3.
860 3547 1187 3624 Συναγωγᾶς
1239 3545 1434 3604 αὐτῶν.
1479 3551 1563 3604 Ila
1618 3547 1832 3620 legitur
1868 3547 1927 3604 in

269 3635 583 3692 codicibus
615 3635 811 3708 Regiis
827 3653 970 3692 mss.
992 3641 1048 3692 et
1067 3633 1289 3691 ἐκάλεσε
1319 3634 1610 3706 Θαλάσσας,
1644 3654 1758 3693 non
1783 3641 1847 3692 ut
1867 3636 1926 3693 in

262 3724 534 3796 Anglicis
557 3721 850 3793 θάλασσαν,
868 3743 1058 3798 neque
1089 3729 1441 3782 mutandum
1466 3730 1556 3782 est
1575 3726 1923 3798 quidquam,

264 3815 338 3867 ut
367 3812 592 3880 volunt,
623 3813 724 3886 qui
775 3814 1107 3870 rescribunt
1149 3813 1459 3890 συναγωγὰς
1507 3813 1693 3868 αὐτοῦ.
1745 3818 1926 3870 Cons-

256 3905 469 3956 tanter
499 3902 659 3957 enim
693 3919 897 3960 omnes
927 3903 1062 3960 libri
1093 3904 1289 3960 excusi
1321 3907 1379 3960 et
1425 3903 1651 3960 calamo
1703 3903 1926 3960 exarati

258 3990 494 4046 habent
523 3989 722 4046 αὐτῶν.

338 4087 464 4146 Col.
503 4089 575 4142 83
625 4093 662 4142 Β
709 4091 765 4146 5.
810 4089 1090 4162 Sequitur.
1135 4091 1311 4162 Atqui
1367 4106 1483 4146 non
1541 4084 1727 4143 ἕπεται
1779 4088 1926 4146 dixit

253 4177 654 4245 Basilius,sed
681 4176 902 4248 ἰπωθεῖ,
935 4180 1089 4235 unde
1113 4179 1484 4247 Eustathius,
1509 4202 1537 4230 ‹‹
1561 4180 1813 4252 Urgente
1835 4195 1926 4236 ve-

250 4265 486 4322 nientis
535 4266 835 4339 impulsu;
869 4291 896 4319 »
949 4272 1006 4325 et
1035 4269 1392 4325 Carnarius:
1426 4267 1696 4324 Protudit
1725 4273 1920 4325 autem

250 4367 709 4423 superveniens.
744 4376 774 4404 »

327 4449 451 4505 Col.
504 4451 574 4504 84
623 4453 668 4507 Α
725 4453 809 4508 14.
870 4447 1325 4522 Ἐκκλησιαστοῦ.
1385 4451 1632 4517 Quidam
1689 4451 1920 4524 Anglici

245 4537 484 4594 habent
512 4537 1025 4609 Ἐκκλησιαπικοῦ,
1062 4544 1120 4596 at
1149 4540 1358 4596 Gallici
1379 4557 1513 4596 cum
1539 4541 1772 4598 excusis
1795 4541 1916 4594 Ἐκ-

240 4623 621 4695 ulmus-:05,
655 4634 846 4699 recte;
880 4634 970 4687 est
1007 4630 1166 4686 enim
1197 4629 1362 4686 locus
1393 4629 1762 4687 Ecclesiaste:
1793 4647 1832 4700 ι,
1863 4631 1918 4686 7:
1951 4609 1998 4674 D

246 4712 465 4778 Πάντες
545 4714 864 4793 χείμαρῥοιο
953 4719 1154 4776 Omnes
1230 4726 1500 4776 torrente:
1581 4719 1784 4776 vadunt
1858 4721 1916 4775 in

243 4821 439 4860 mare.

333 4893 483 4950 Ibid.
518 4894 559 4950 C
594 4897 642 4951 1.
674 4893 1027 4952 Χαλινοῦται.
1059 4895 1434 4969 Anglicilibri
1466 4896 1691 4954 addunt
1721 4913 1918 4954 vocem

243 4979 550 5051 θάλασσα,
605 5001 785 5055 quam
845 5002 952 5042 nec
1001 5002 1284 5054 excusus,
1338 5001 1528 5058 neque
1582 4987 1745 5059 Regii
1802 4987 1918 5043 duo

241 5078 613 5144 agnoscunt,
634 5075 736 5130 sed
761 5074 1139 5132 Eustathius:
1179 5099 1206 5126 ‹‹
1237 5075 1420 5131 Jussu
1454 5075 1551 5130 Dei
1580 5074 1917 5131 violentiam

242 5161 443 5217 maris
475 5162 686 5218 frenat.
724 5186 752 5212 »
788 5167 959 5219 Porro
992 5165 1147 5236 quod
1175 5165 1286 5220 sub
1317 5164 1494 5219 ﬁnem
1525 5164 1750 5236 pagina:
1781 5181 1916 5236 pro-

239 5250 372 5305 fert
401 5250 475 5304 de
509 5255 772 5324 Egypto,
806 5269 935 5324 quis
969 5255 1118 5310 mari
1148 5253 1344 5309 Rubro
1377 5253 1453 5309 sit
1482 5252 1834 5324 depressior,
1849 5269 1918 5309 ex

235 5337 572 5396 Aristotele
601 5341 946 5414 decerptum
980 5346 1110 5398 est:
1156 5344 1462 5414 Meteoror,
1494 5359 1544 5398 c.
1597 5342 1696 5398 14:
1759 5339 1920 5396 Ἀλλ’

239 5424 412 5502 εὗρεν
448 5425 792 5503 ὑψηλοτᾶραν
818 5429 981 5485 οὖσαν
1029 5431 1129 5500 τὴν
1180 5429 1446 5486 θάλατταν
1503 5431 1604 5499 τῆς
1648 5435 1772 5504 γῆς,
1833 5426 1918 5484 διὸ

240 5514 535 5571 ἐπαύσατο
565 5514 889 5592 διορύττων,
950 5517 1101 5582 ὅπως
1159 5519 1235 5593 μὴ
1296 5516 1566 5596 διαφθαρῇ
1624 5519 1688 5573 τὸ
1748 5517 1918 5595 ῥεῦμα

232 5607 359 5662 τοῦ
384 5609 642 5678 ποταμοῦ
673 5605 1044 5682 συμμιγιίσης
1074 5611 1173 5673 τῆς
1225 5605 1518 5678 θαλάττης’
1579 5629 1609 5660 ‹‹
1659 5609 1771 5665 Sed
1821 5625 1916 5666 ex-

237 5695 482 5754 celsius
514 5713 676 5755 mare
698 5697 964 5756 Rubrum
987 5699 1479 5772 comperit,quam
1509 5701 1727 5756 terram
1748 5699 1918 5772 Egy-

2049 677 2352 750 zEgyptius
2384 677 2530 733 falso
2562 679 2618 733 id
2654 679 3058 733 renuntiatum
3092 677 3265 732 Dario
3308 677 3476 731 Medo
3527 677 3706 730 tradit

2051 764 2154 819 lib.
2187 781 2343 820 xvn:
2406 764 2501 818 Καὶ
2563 767 2718 826 οὗτος
2783 763 2839 820 δὲ
2893 761 3081 838 ψευδεῖ
3129 763 3367 827 πεισθεὶς
3407 764 3579 840 ἀφῆκε
3640 764 3703 818 τὸ

2049 847 2204 926 ἔργον
2285 853 2408 928 περὶ
2497 853 2804 908 συντέλειαν
2885 851 2992 923 ἤδη
3069 848 3382 927 γενόμενον.
3441 851 3699 921 Ἐπείσθη

2046 941 2146 1016 γὰρ
2208 943 2610 1018 μετεωροτέραν
2663 944 2793 998 εἶναι
2852 943 2950 1011 τὴν
2986 943 3248 1017 Ἐρυθρὰν
3305 939 3572 996 θάλασσαν
3604 948 3704 1010 τῆς

2047 1029 2348 1102 Αἰγύπτου,
2398 1031 2489 1086 καὶ
2548 1031 2592 1086 εἰ
2650 1031 2936 1102 διακοπείη
2995 1033 3098 1093 πᾶς
3159 1032 3186 1086 ὁ
3244 1031 3438 1103 μεταξὺ
3486 1030 3702 1104 ἰσθμὸς,

2048 1117 2542 1190 ἐπικλυσθήσισθαι
2597 1125 2666 1194 τῇ
2729 1121 2968 1196 θαλάττῃ
3027 1123 3127 1189 τήν
3185 1118 3484 1196 Αἴγυπτον·
3537 1143 3565 1171 ‹‹
3599 1120 3701 1176 Hic

2050 1225 2284 1282 quoque
2319 1227 2463 1282 pene
2495 1211 2829 1267 absolutum
2855 1227 3002 1282 opus
3034 1211 3312 1266 deseruit.
3345 1209 3512 1265 Falso
3541 1209 3699 1264 enim

2050 1313 2369 1368 persuasus
2385 1305 2474 1354 est
2491 1302 2732 1356 rubrum
2759 1317 2919 1356 mare
2942 1301 3183 1372 [Egypto
3207 1316 3336 1356 esse
3358 1298 3700 1369 sublimius,

2049 1387 2298 1458 ideoque
2331 1389 2377 1443 si
2414 1389 2646 1445 medius
2677 1391 2936 1444 istbmus
2967 1389 3345 1456 incideretur,
3385 1389 3695 1460 {Egyptum

2050 1492 2084 1531 a
2110 1475 2256 1530 mari
2282 1477 2558 1532 obrutum
2601 1478 2693 1533 iri.
2730 1502 2750 1531 ι
2806 1478 3092 1532 Diodorus
3132 1477 3366 1533 Siculus
3397 1476 3497 1532 lib.
3532 1495 3550 1532 ι
3599 1492 3700 1532 vo-

2051 1569 2145 1620 cat
2175 1560 2419 1637 διώρυγα
2449 1565 2839 1639 χειροποίητον
2875 1565 2952 1626 εἷς
2992 1566 3082 1620 τὸν
3135 1559 3423 1640 Ἀραϐικὸν
3468 1561 3697 1631 κόλπον,

2051 1677 2080 1705 ‹‹
2115 1655 2332 1710 fossam
2364 1655 2670 1711 hominum
2704 1655 3054 1711 manibusin
3087 1655 3281 1710 sinum
3308 1655 3618 1710 Arabicum
3645 1659 3705 1710 et

2049 1743 2410 1815 Erythrieum
2449 1759 2609 1798 mare
2641 1745 2978 1800 deductam.
3016 1765 3042 1792 »
3077 1743 3301 1798 Plinius
3333 1747 3530 1798 autem
3565 1758 3704 1814 quo-

2051 1831 2224 1887 modo
2249 1833 2614 1904 conjungere
2628 1832 2921 1888 voluerint
2943 1833 2998 1887 bi
3025 1848 3190 1904 reges
3205 1837 3524 1902 utrumque
3537 1847 3698 1887 mare

2049 1921 2269 1976 clarius
2299 1920 2552 1992 explicat
2583 1922 2685 1976 lib.
2718 1939 2794 1986 νι,
2847 1938 2973 1992 cap.
3006 1922 3115 1977 29:
3146 1943 3174 1972 «
3208 1921 3444 1977 Daneon
3478 1925 3704 1993 portus,

2047 2024 2117 2064 ex
2172 2025 2286 2080 quo
2330 2009 2720 2082 navigabilem
2772 2010 2999 2066 alveum
3052 2011 3376 2082 perducere
3415 2012 3472 2064 in
3504 2009 3700 2064 Nilum

2048 2097 2278 2168 primus
2316 2099 2581 2154 omnium
2618 2098 2903 2155 Sesostris
2931 2099 3150 2172 Egypti
3183 2115 3282 2154 rex
3331 2097 3698 2169 excogitavit,

2049 2202 2184 2241 mox
2214 2186 2425 2242 Darius
2456 2191 2761 2242 Persarum
2795 2187 3006 2242 deinde
3051 2186 3393 2242 Ptolemwus
3424 2202 3700 2257 sequens,

2049 2275 2148 2346 qui
2179 2279 2235 2331 et
2259 2276 2425 2330 duxit
2455 2277 2671 2332 fossam
2706 2275 3016 2331 latitudine
3047 2276 3258 2347 pedum
3294 2274 3699 2344 centum,alti-

2048 2363 2255 2419 tudine
2302 2365 2566 2436 triginta,
2616 2365 2674 2418 in
2726 2364 3151 2436 longitudinem
3195 2364 3440 2436 triginta
3472 2368 3696 2436 septem

2048 2453 2302 2508 millium
2346 2470 2472 2509 cccc
2517 2470 2800 2525 passuum
2852 2469 3039 2524 usque
3087 2454 3157 2508 ad
3208 2453 3398 2508 fontes
3445 2468 3698 2508 amaros.

2047 2542 2213 2597 Ultra
2230 2542 2940 2598 deterruitinundationis
2964 2547 3216 2599 metus.»
3239 2542 3362 2597 Non
3397 2541 3538 2596 dicit
3563 2557 3701 2613 erga

2048 2631 2302 2687 Basilius
2325 2647 2517 2703 regem
2545 2630 2732 2686 ullum
2757 2631 3079 2702 perfodisse
3108 2630 3532 2702 istbmum,qui
3571 2645 3699 2702 per-

2048 2721 2224 2793 tingit
2253 2738 2286 2775 a
2318 2722 2460 2776 mari
2489 2720 2686 2776 Rubro
2717 2721 2787 2775 ad
2816 2720 3442 2790 Mediterraneum,sed
3464 2725 3697 2775 tantum

2049 2811 2164 2866 duo
2196 2809 2297 2864 illa
2347 2809 2533 2865 maria
2576 2811 2932 2882 conjungere
2969 2809 3259 2864 voluisse:
3309 2825 3422 2863 non
3456 2808 3692 2879 quidem

2049 2901 2225 2955 ducta
2255 2899 2328 2954 ab
2361 2897 2601 2954 Arabico
2633 2899 2702 2953 ad
2738 2899 3223 2954 Mediterraneum
3262 2899 3436 2965 fossa,
3478 2898 3575 2952 sed
3627 2915 3694 2954 ea

2049 2989 2224 3044 ducta
2253 3005 2286 3042 a
2315 2989 2463 3042 mari
2495 2988 2690 3042 Rubro
2713 2987 2783 3042 ad
2818 3003 3002 3041 unum
3026 3002 3095 3042 ex
3123 2987 3316 3053 ostiis,
3346 2985 3561 3056 quibus
3591 2985 3693 3040 Ni-

2049 3078 2142 3133 lus
2172 3077 2231 3131 in
2264 3076 2750 3132 Mediterraneum
2803 3075 3143 3141 devolvitur,
3196 3074 3352 3145 quod
3382 3078 3579 3129 tamen
3610 3074 3691 3130 is-

2048 3167 2281 3221 thmum
2323 3165 2621 3236 perfodere
2651 3163 2951 3236 appellant
2987 3163 3272 3232 historici,
3313 3162 3449 3218 licet
3477 3180 3510 3216 a
3542 3162 3690 3218 mari

1965 3245 2006 3312 C
2048 3271 2162 3310 uno
2193 3255 2264 3309 ad
2296 3253 2547 3309 alterum
2596 3253 2756 3308 fossa
2795 3269 2908 3308 non
2943 3253 3226 3319 ducatur;
3259 3256 3436 3322 atque
3465 3252 3570 3306 hoc
3599 3251 3691 3306 id-

2043 3345 2196 3401 circo
2226 3345 2524 3400 monuisse
2575 3343 2813 3415 placuit,
2866 3359 2938 3398 ne
2958 3343 3090 3414 quis
3133 3342 3417 3398 memoria
3455 3341 3688 3413 lapsum

2043 3434 2332 3489 Basilium
2362 3433 2679 3502 existimet,
2712 3437 2814 3488 aut
2843 3449 3048 3503 parum
3083 3448 3217 3487 cum
3250 3447 3451 3486 eorum
3488 3447 3690 3486 narra-

2042 3524 2200 3578 tione
2229 3523 2579 3592 consentire,
2613 3539 2740 3594 quae
2772 3521 2868 3576 hic
2889 3521 3154 3576 tradidit.

2110 3611 2231 3668 Col.
2263 3612 2334 3665 88
2368 3615 2403 3665 A
2439 3612 2524 3666 12.
2568 3612 2714 3666 Mare
2763 3612 3026 3665 Rubrum.
3078 3613 3361 3682 Argyrop.
3402 3609 3688 3676 ediderat,

2038 3723 2067 3750 «
2101 3701 2170 3754 ad
2205 3701 2259 3755 id
2295 3700 2445 3769 quod
2480 3708 2641 3754 trans
2670 3700 2859 3755 Gades
2909 3715 3070 3754 mare
3099 3698 3393 3754 Oceanum
3427 3699 3687 3765 tendere,

2037 3789 2208 3860 eique
2237 3790 2620 3858 conjunctum
2655 3804 2785 3844 esse
2818 3789 3033 3843 ferunt.
3093 3809 3121 3836 »
3162 3787 3438 3842 Connecti
3491 3792 3686 3841 autem

2035 3894 2169 3934 cum
2202 3876 2428 3933 Oceano
2475 3876 2565 3932 vel
2617 3877 2765 3931 mari
2803 3875 3096 3931 Atlantico
3144 3891 3276 3930 cum
3310 3875 3391 3930 ait
3439 3873 3688 3929 Basilius

2035 3983 2194 4023 mare
2225 3965 2514 4030 Rubrum,
2550 3969 2816 4021 auctores
2856 3964 3125 4036 sequitur
3160 3981 3274 4019 non
3312 3979 3551 4034 paucos,
3583 3949 3683 4034 qui

2035 4055 2216 4112 Rubri
2244 4053 2424 4110 maris
2457 4053 2697 4109 nomine
2718 4070 2833 4108 non
2865 4069 2998 4108 eum
3030 4056 3284 4118 tantum,
3318 4068 3492 4123 quem
3521 4056 3686 4107 vocat

2033 4147 2378 4201 Ptolemaeus
2395 4137 2649 4216 ’Δράϐιον
2681 4139 3440 4206 κόλπον,εἱηυωΑι·αδὶοιιω
3465 4140 3682 4196 intelli-

2030 4233 2116 4307 git
2129 4232 2228 4305 qui
2241 4233 2418 4288 etiam
2435 4231 2791 4304 Erythraaum
2809 4247 2968 4287 mare
2981 4230 3323 4298 dicitur,sed
3338 4235 3522 4286 totum
3538 4229 3679 4284 illud

2031 4321 2414 4379 meridionale
2434 4322 2765 4393 marefquod
2792 4323 2863 4377 ad
2887 4321 3107 4376 Indiam
3126 4319 3385 4391 usquein
3403 4319 3684 4375 orientem

2029 4415 2086 4468 et
2107 4411 2180 4466 ad
2211 4415 2504 4467 extremas
2534 4410 2736 4466 Africa
2782 4426 2916 4466 oras
2947 4409 3312 4466 occidentem
3342 4425 3550 4464 versus
3587 4424 3683 4463 ex-

2026 4501 2314 4568 tenditur,
2342 4499 2515 4572 quale
2545 4504 2636 4556 est
2663 4499 2814 4571 quod
2847 4499 2928 4554 ait
2956 4500 3176 4555 Seneca
3213 4499 3418 4556 Troad.
3454 4501 3589 4554 actu
3623 4500 3680 4554 I:

2175 4620 2236 4673 Et
2261 4617 2358 4688 qui
2384 4620 2638 4672 renatum
2665 4631 2889 4687 prorsus
2917 4617 3204 4687 excipiens
3233 4615 3389 4670 diem

2176 4688 2438 4761 Tepidum
2468 4688 2688 4744 rubenti
2717 4689 2907 4757 Tigrin
2936 4690 3208 4744 immiscet
3234 4689 3395 4758 freto.

2031 4804 2302 4861 Fluvium
2326 4803 2482 4860 enim
2507 4803 2708 4877 Tigrin
2732 4803 3031 4860 exonerari
3045 4803 3126 4858 ait
3153 4802 3214 4858 in
3237 4803 3497 4858 Rubrum
3523 4818 3682 4858 mare

2025 4911 2161 4951 cum
2181 4911 2297 4950 non
2316 4894 2374 4950 in
2392 4893 2703 4950 Arabicum
2719 4893 3048 4963 sinum,se:l
3070 4895 3127 4947 in
3150 4891 3443 4948 Persicum
3457 4891 3677 4959 efﬂuat,

2029 4984 2171 5057 quia
2203 4985 2467 5040 Rubrum
2519 4982 2681 5039 mare
2723 4981 2980 5055 appellat
3009 4981 3327 5038 australem
3359 4981 3676 5046 Oceanum,

2026 5073 2524 5147 quemadmodum
2556 5077 2613 5128 et
2644 5073 2967 5128 Herodotus
2994 5071 3053 5126 in
3087 5071 3224 5142 Clio,
3259 5070 3542 5126 Diodorus
3572 5068 3673 5123 lib.

2027 5180 2070 5219 ιι
2099 5163 2478 5220 Bibliotheca:
2512 5161 2766 5228 Quintus
2825 5161 3060 5217 Curtius
3107 5159 3210 5216 lib.
3265 5177 3340 5226 v1,
3382 5157 3674 5230 Josephus

2029 5253 2131 5309 lib.
2183 5271 2224 5320 ι,
2270 5269 2394 5324 cap.
2454 5253 2489 5306 2
2531 5253 2984 5324 Antiquitatum:
3019 5249 3250 5306 tametsi
3297 5248 3484 5305 Africa
3523 5247 3675 5302 anti-

2027 5341 2162 5414 quis
2211 5347 2474 5414 tempore
2521 5340 2812 5398 Ptolemaei
2848 5340 3006 5397 ultra
3053 5343 3282 5395 montes
3315 5337 3489 5392 Lunze
3519 5338 3678 5390 esset

2027 5431 2348 5506 incognita,
2383 5447 2572 5504 neque
2595 5432 2736 5488 dum
2760 5429 3025 5487 Lusitani
3053 5432 3375 5484 extremum
3399 5425 3527 5497 ejus
3551 5440 3679 5496 pro-

2028 5521 2412 5589 montorium,
2446 5522 2602 5592 quod
2634 5525 2811 5593 caput
2840 5524 3007 5575 Bona:
3025 5516 3154 5589 Spei
3187 5512 3671 5587 appellant,navi-

2027 5611 2218 5683 gando
2249 5628 2316 5668 su
2326 5614 2652 5682 perassent.

2098 5698 2221 5756 Col.
2250 5699 2321 5754 88
2365 5701 2404 5756 C
2453 5699 2542 5754 44.
2585 5699 2650 5752 In
2697 5697 2907 5754 multis.
2966 5693 3090 5751 Etsi
3132 5710 3249 5751 non
3298 5691 3672 5766 reperiuntur
