4128 6216
523 328 640 390 987

1717 346 1951 406 NOTIE
1992 345 2435 408 FRONTONIS
2479 345 2741 439 unum

3778 351 3869 412 988

526 461 647 587 hisee
679 462 736 517 in
770 463 1006 565 Hebraeo
1025 472 1220 569 itc'xtu,
1255 488 1443 543 neque
1487 474 1545 529 in
1574 474 1830 548 Vulgata
1862 478 2071 587 Latina.
2110 480 2169 535 S.
2203 482 2252 546 A
2286 478 2435 534 mulo
2469 470 2817 587 ραϐδούᾶους
2848 477 3525 587 itemmappellatGraace
3547 477 3871 587 lictores??-

533 550 891 624 Hieronymi,
958 557 1202 615 minime
1260 566 1455 617 tamen
1511 566 1808 635 superﬂua
1835 582 1902 622 ea
1946 568 2140 638 judice

2282 550 2611 635 manorum,
2666 550 2783 619 ὅθεν
2818 565 2869 620 οἱ
2896 560 3197 641 ῥαϐδοῦχοι
3230 562 3539 639 λικτώρεις,
3566 564 3617 620 αἶ
3643 587 3695 621 τε
3722 564 3871 643 ῥάϐδοι

525 641 585 695 S.
620 642 969 699 Ambrosius
997 645 1099 701 llb.
1137 666 1221 716 III,
1255 666 1383 722 cap.
1415 652 1487 708 5:
1542 676 1568 706 ιι
1592 654 1733 709 Cum
1769 657 1999 723 dixerit,
2035 659 2131 730 qui

2286 653 2498 722 βάκυλα
2550 653 2869 710 καλοῦνται.
2931 657 3237 713 Cruserius
3293 658 3713 730 interpretatur,
3761 684 3783 711 ι(
3830 667 3872 716 et

524 728 741 785 factum
776 737 865 788 est
894 735 1000 802 sic,
1036 738 1180 794 satis
1212 756 1340 796 esse
1372 747 1575 813 putant
1615 761 1811 800 vocem
1846 728 2170 817 operatoris
2279 746 2475 817 virgas,
2509 763 2657 817 quas
2686 747 3012 816 gestabant,
3044 747 3259 803 fasces.
3302 769 3331 797 »
3364 747 3448 802 Ad
3482 747 3711 803 verbum
3730 754 3871 815 esset,

522 819 593 873 ad
634 821 964 878 acceleratae
1013 829 1370 896 operationis
1421 831 1725 889 indicium.
1778 836 1889 891 Sed
1940 839 2078 908 quia
2108 837 2167 891 in

526 907 653 963 aliis
685 926 909 982 quoque
949 917 1232 972 creaturis
1277 919 1447 976 habet
1486 926 1544 976 et
1573 923 1972 980 deﬁnitionem
2023 942 2166 997 pra:-

519 997 805 1067 ceptionis
834 1007 890 1055 ct
920 1004 1230 1073 repetitum
1263 1009 1620 1078 operationis
1649 1011 1739 1067 vel
1771 1014 2053 1069 indicium
2078 1015 2167 1069 vel

520 1086 815 1158 effectum,
844 1088 969 1145 ideo
990 1108 1095 1148 nos
1119 1111 1233 1149 non
1268 1102 1546 1168 putamus
1578 1101 1901 1158 absurdum
1926 1103 1981 1158 id
2008 1105 2164 1175 quod

518 1175 855 1246 perhibetur
886 1181 1173 1253 additum,
1208 1186 1439 1243 etiamsi
1495 1192 1719 1246 caeteris
1746 1192 2164 1264 interpretibus

516 1262 603 1318 vel
633 1265 848 1321 veritas
881 1268 1157 1326 doceatur
1188 1281 1495 1347 suppetere
1519 1278 1605 1334 vel
1637 1262 2165 1339 auctoritas.Multa

517 1355 675 1409 enim
708 1371 740 1409 a
768 1357 1146 1430 Septuaginta
1177 1362 1317 1418 viris
1348 1365 1638 1423 Hebraicze
1671 1368 1903 1426 lectioni
1964 1372 2164 1427 addita

517 1445 575 1496 et
604 1443 885 1514 adjuncta
915 1450 1331 1521 comperimus.
1368 1476 1397 1504 »
1428 1458 1797 1529 Augustinus
1830 1460 2005 1515 etiam
2042 1463 2156 1516 Lib.

518 1531 584 1587 de
614 1531 805 1588 Genesi
833 1536 912 1591 ad
941 1537 1183 1594 litteram
1211 1544 1573 1615 imperfecto:
1609 1568 1632 1597 ιι
1668 1547 1740 1602 Ut
1770 1553 1973 1619 postea
2004 1552 2157 1621 quod

513 1619 727 1675 dicitur
751 1639 862 1678 non
887 1628 1183 1695 superﬂuo
1206 1631 1468 1687 additum
1493 1634 1793 1691 videatur:
1818 1640 1919 1693 sed
1944 1619 2159 1710 utpost

513 1708 856 1766 rationalem
890 1717 945 1767 et
976 1714 1375 1787 incorpoream
1424 1725 1818 1792 operationem
1867 1727 2159 1801 intellige-

511 1813 710 1852 remus
740 1800 913 1855 etiam
939 1807 1299 1875 corporalem
1333 1816 1647 1868 secutam.»
1682 1816 1895 1871 Eadem
1921 1834 2155 1890 quoque

509 1886 903 1946 Theodoretus
933 1896 1222 1964 agnoscit,
1251 1905 1456 1969 queat.
1494 1903 1559 1956 12
1596 1904 1655 1958 in
1702 1903 1911 1971 Genes.,
1937 1886 2013 1961 iet
2042 1886 2150 1963 sibi

514 1976 734 2045 objicit,
798 1994 904 2034 cur
967 1999 1144 2038 unam
1194 2002 1327 2041 eum
1387 1990 1598 2047 dixerit
1644 1996 2151 2067 congregationem

504 2064 801 2136 Scriptura
830 2070 1049 2127 multas
1074 2078 1445 2143 postmodum
1470 2064 1949 2153 congregationes
1972 2101 2150 2157 aqua-

508 2169 639 2208 rum
672 2167 1110 2229 commemoret,
1136 2167 1270 2234 quia
1298 2167 1574 2225 nimirum
1608 2188 1725 2227 una
1753 2177 1842 2228 est
1863 2190 2150 2245 aquarum

506 2248 899 2316 congregatio,
949 2253 1227 2320 quoniam
1270 2256 1418 2311 inter
1446 2274 1509 2313 se
1540 2260 1724 2316 maria
1772 2263 2148 2333 conveniunt,

506 2332 773 2401 quaedam
805 2335 1075 2395 deorsum
1109 2358 1212 2412 per
1238 2345 1651 2405 subterraneos
1684 2355 1911 2406 meatus
1940 2353 2149 2407 decur-

505 2421 714 2489 rentia,
750 2423 864 2480 alia
894 2430 1220 2487 secundum
1250 2437 1620 2506 superﬁciem
1647 2443 1815 2495 terra:
1840 2459 1853 2496 :
1882 2442 1982 2496 sed
2017 2441 2148 2513 plu-

505 2508 613 2564 rali
645 2527 889 2569 numero
919 2517 1372 2590 dixit,quoniam
1396 2526 1555 2582 aliud
1579 2532 1668 2583 est
1690 2531 2145 2600 mareIndicom,

505 2597 664 2653 aliud
716 2603 1041 2674 Ponticum,
1087 2614 1145 2664 et
1188 2611 1345 2667 aliud
1396 2616 1786 2688 Tyrrhenum,
1828 2620 1986 2675 aliud
2020 2597 2149 2677 Pro-

505 2688 703 2782 pontis
729 2707 741 2745 :
765 2690 1006 2782 I'EEweev
1042 2692 1099 2749 δὲ
1145 2696 1309 2754 πὲλιν
1349 2698 1611 2758 ἐπίκειται
1652 2706 1714 2760 τὸ
1747 2707 2000 2782 μέγιστον
2052 2709 2145 2763 πέ-

505 2772 692 2867 λαγος,
742 2776 874 2856 ὅπερ
902 2783 1042 2846 τινὲς
1078 2785 1171 2858 μὶν
1231 2788 1599 2867 Ἀτλαντικὸν,
1642 2772 1781 2859 τινὶ-ς
1809 2772 1867 2851 έὲ
1897 2798 2144 2853 Ὠκεανὸν

506 2862 888 2939 ὀνομάζουσιν*
924 2898 951 2925 ‹‹
992 2877 1164 2934 Extra
1195 2886 1392 2938 autem
1444 2902 1653 2942 rursus
1710 2889 1935 2959 adjacet
1987 2907 2146 2946 mare

506 2958 849 3033 maximum,
910 2967 1064 3036 quod
1098 2970 1364 3027 nonnulli
1406 2991 1566 3030 mare
1593 2976 1973 3043 Atlanticum,
2006 2996 2148 3035 non-

501 3150 666 3229 num,
700 3138 806 3193 hoc
837 3147 947 3209 est,
981 3150 1144 3201 extra
1174 3149 1380 3219 Gades;
1408 3170 1521 3209 non
1554 3156 1921 3229 utinterpres
1952 3158 2143 3214 Theo-

500 3222 682 3279 doreti
724 3229 997 3300 scripsit:
1036 3254 1060 3285 α
1104 3240 1311 3294 Praeter
1339 3241 1457 3296 haec
1485 3248 1680 3299 autem
1735 3247 1952 3302 omnia.
1983 3268 2011 3297 »
2043 3246 2139 3303 Sic

497 3308 728 3409 locutus
773 3323 863 3373 est
911 3319 1006 3377 hic
1055 3331 1252 3382 noster
1297 3334 1488 3399 antea,
1529 3332 1564 3399 ὴ
1615 3327 1715 3403 ἔξω
1750 3331 2019 3409 Γαδείρων
2052 3334 2142 3398 θά-

499 3396 690 3469 λασσαι,
724 3426 753 3454 ‹‹
804 3408 959 3477 quod
998 3416 1089 3468 est
1132 3419 1294 3472 extra
1351 3396 1541 3475 Gades
1587 3437 1767 3491 mare,
1823 3396 1943 3479 sive
1992 3425 2143 3481 ultra

496 3487 685 3581 Gades
716 3498 1037 3553 externum.
1074 3522 1102 3551 »
1136 3507 1434 3562 Postremo
1465 3507 1566 3564 illa
1593 3511 1788 3581 verba,
1837 3510 1901 3565 τὰ
1958 3513 2138 3569 τοίνυν

497 3571 911 3672 ακριϐῆωεᾳυο
943 3589 1015 3643 ad
1040 3590 1215 3648 finem
1243 3595 1463 3664 periodi
1488 3614 1603 3653 non
1635 3571 1900 3672 agnoscit
1930 3603 2138 3659 Eusta-

494 3664 656 3724 thius
685 3676 855 3729 vetus
888 3674 1193 3751 interpres,
1228 3699 1332 3739 nec
1365 3701 1397 3740 a
1429 3686 1642 3744 Basilio
1682 3689 1955 3746 videntur
1986 3693 2141 3749 inter

493 3757 964 3854 concinnandam
996 3769 1243 3839 prolata,
1278 3777 1603 3845 praesertim
1637 3795 1769 3835 cum
1820 3781 1974 3836 dicat
1997 3783 2137 3854 Epi-

494 3845 750 3941 phanius
780 3851 929 3910 libro
964 3858 1035 3913 De
1060 3862 1398 3929 ponderibus
1423 3875 1475 3921 et
1505 3845 2133 3941 mensuris,appositum

492 3951 620 4029 esse
658 3939 891 3998 obelum
925 3945 1235 4019 Scriptura:
1276 3953 1633 4012 dictionibus
1683 3939 2008 4029 apud—LXX
2040 3963 2133 4017 In-

490 4028 774 4120 terpretes
787 4033 1151 4109 positisque:
1165 4042 1321 4112 apud
1339 4044 1610 4115 Aquilam
1634 4050 1691 4102 et
1711 4028 2131 4120 Symmachum

490 4129 604 4169 non
638 4115 949 4190 habentur,
985 4128 1138 4197 quod
1173 4145 1270 4185 eas
1300 4133 1685 4206 Septuaginta
1704 4115 1773 4192 ex
1795 4139 2008 4210 seipsis
2030 4157 2132 4213 ap-

487 4208 812 4293 posuerint,
842 4229 958 4269 non
992 4214 1227 4285 frustra,
1259 4221 1357 4276 sed
1392 4222 1588 4293 potius
1617 4225 1675 4280 in
1705 4208 2016 4284 utilitatem
2038 4208 2134 4288 :et

486 4292 870 4390 Hieronymus
891 4303 1066 4375 epist.
1088 4307 1179 4373 89,
1211 4309 1281 4363 ad
1312 4292 1763 4383 Augustinumac
1796 4317 2131 4390 ubicunque

487 4381 749 4481 virgula,
781 4389 839 4481 id
863 4397 953 4448 est
984 4394 1157 4463 obeli,
1205 4404 1346 4454 sunt
1374 4381 1760 4475 signiﬁcatur,
1800 4408 1950 4477 quod
1995 4381 2131 4481 sep-

486 4473 753 4544 tuaginta
784 4479 915 4548 plus
946 4483 1403 4560 dixerint,quam
1437 4491 1685 4547 habetur
1715 4473 1773 4548 in
1804 4473 2121 4555 Bebriacis

486 4563 562 4665 At
592 4578 706 4665 non
742 4567 1025 4641 quidquid
1062 4573 1117 4628 in
1141 4575 1374 4633 Hebraeo
1406 4597 1519 4635 non
1549 4581 1817 4653 habetur,
1852 4591 1951 4642 aut
1969 4589 2122 4660 apud
2156 4600 2203 4665 D

480 4649 754 4721 Aquilam
786 4660 843 4712 et
873 4658 1314 4735 Symmachum,
1348 4671 1722 4740 reprobatum
1746 4649 1854 4730 est.

551 4755 672 4851 βοὶ.
729 4761 799 4816 96
854 4766 901 4819 A
951 4767 1005 4822 4.
1067 4769 1180 4824 Τοῦ
1238 4776 1426 4846 γεννᾷν
1470 4774 1635 4851 αὐτῇ.
1698 4779 1789 4835 Sic
1837 4781 2122 4839 Basiliens

477 4844 615 4901 edit.
668 4852 744 4905 At
810 4854 1033 4927 Anglici
1092 4844 1455 4932 ωεεξαύτῆς.
1505 4844 1764 4924 Tuentur
1809 4870 2119 4928 lectionem

474 4934 695 5032 editam
727 4940 843 4998 duo
891 4946 1074 5019 Regii,
1106 4954 1163 5005 et
1193 4951 1557 5025 Eustathius,
1590 4980 1618 5008 ‹‹
1652 4957 1764 5015 sibi
1804 4960 2120 5032 perhibens

474 5024 837 5086 facultatem.
869 5054 899 5083 »

2279 856 2308 885 «
2341 839 2398 889 et
2425 834 2602 907 virgae
2633 835 2825 890 baculi
2856 840 3155 891 vocantur.
3194 858 3221 884 η

2349 940 2467 996 Col.
2514 942 2618 997 405
2664 944 2701 997 A
2754 945 2807 997 8.
2864 937 3283 1018 Προϐληθεῖσιν.
3337 946 3397 999 In
3452 943 3738 1000 Basiliensi
3778 954 3874 1002 erat

2282 1027 2584 1103 βληθεῖσιν,
2619 1032 2781 1104 Regii
2814 1031 2931 1088 duo
2963 1033 3343 1105 praeferebant
3372 1025 3872 1104 προϐληθεῖσι,υοάθ

2274 1125 2365 1175 est
2398 1113 2643 1190 προϐολή
2680 1138 2880 1193 supra,
2910 1123 2978 1194 τῇ
3008 1115 3265 1197 προϐολῇ
3298 1126 3405 1175 τῶν
3438 1120 3738 1196 ἀνθερίκων.
3769 1128 3871 1179 Αω-

2275 1209 2510 1265 brosius
2543 1209 2664 1265 hec
2694 1211 2979 1283 expressit
3009 1210 3109 1266 lib.
3142 1227 3227 1281 III,
3259 1228 3386 1283 cap.
3421 1212 3486 1266 10
3516 1228 3529 1266 :
3568 1234 3589 1261 α
3624 1211 3768 1267 Haud
3792 1213 3873 1267 du-

2273 1298 2437 1353 bium
2469 1299 2609 1371 quin
2633 1301 2853 1371 majore
2875 1304 3159 1373 proventu
3186 1318 3199 1358 :
3234 1300 3526 1373 siquidem
3550 1317 3652 1356 nec
3671 1300 3874 1358 cultoris

2271 1388 2497 1444 desidia
2527 1392 2818 1445 terrarum
2868 1390 3185 1446 destituere
3234 1394 3458 1461 poterat
3506 1390 3818 1445 ubertatem.
3854 1413 3869 1441 ι

2270 1476 2555 1532 Ceterum
2588 1495 2713 1550 qua
2747 1478 2923 1551 paulo
2961 1484 3093 1552 post
3122 1478 3574 1555 στεφανωματικὰ
3600 1479 3735 1533 dixit
3761 1478 3872 1551 φυτὰ

2268 1568 2666 1639 Argerpylus
2693 1591 2714 1618 α
2741 1586 2867 1640 quae
2899 1569 2969 1624 ad
2997 1569 3334 1641 plectendas
3363 1567 3613 1625 corollas
3634 1568 3866 1637 faciunt,»

2268 1659 2687 1729 interpretatus
2718 1665 2843 1716 erat
2872 1661 3238 1731 Eustathius,
3263 1682 3291 1712 ‹‹
3322 1678 3449 1733 quae
3480 1659 3766 1716 coronaria
3790 1677 3869 1715 vo-

2267 1748 2543 1815 citantur,
2579 1774 2600 1803 »
2657 1751 2739 1805 sic
2781 1750 2938 1806 enim
2989 1752 3400 1823 corrigendum
3442 1755 3532 1806 est
3562 1750 3865 1806 mendosum

2191 1854 2237 1918 Β
2266 1835 2433 1906 illud,
2464 1860 2485 1889 ι
2511 1854 2637 1908 quae
2668 1839 3013 1895 corinaria.»
3046 1841 3241 1896 Utitur
3269 1840 3376 1896 hac
3391 1856 3529 1895 voce
3553 1838 3870 1895 Dioscorides

2266 1926 2367 1983 lib.
2425 1945 2466 1998 ι,
2515 1930 2743 2001 cap.9:
2809 1929 3045 2003 Ἀσαρον
3114 1929 3225 1983 πόα
3290 1925 3502 1997 εὐώδης
3563 1947 3869 2005 στεφανωμα-

2260 2016 2408 2085 τική.
2443 2039 2471 2066 ‹‹
2505 2016 2694 2073 Herba
2723 2021 2811 2074 est
2848 2019 3091 2075 odorata
3136 2023 3194 2076 et
3249 2017 3560 2075 coronaria
3612 2034 3815 2074 asaron.
3840 2038 3862 2065 ι)

2261 2104 2705 2177 Nheophaastus
2726 2106 2828 2163 lib.
2854 2124 2953 2179 v11,
2985 2125 3113 2180 cap.
3145 2109 3237 2175 27,
3270 2109 3343 2163 De
3366 2124 3519 2163 caus.
3554 2105 3728 2177 plant.
3751 2122 3764 2161 :
3791 2106 3862 2160 Ἐν

2259 2192 2523 2268 Αἰγύπτῳ
2582 2194 2831 2271 χείριστα
2885 2198 2952 2251 τὰ
3009 2195 3142 2265 ἄνθη
3201 2195 3292 2251 καὶ
3346 2196 3417 2251 τὰ
3472 2195 3862 2273 στεφανώματα·

2261 2307 2289 2334 ‹‹
2328 2287 2391 2339 In
2423 2286 2663 2358 [Egypto
2692 2287 2979 2357 pessimos
3020 2287 3325 2359 provenire
3353 2287 3527 2382 tiores
3575 2290 3632 2342 et
3657 2301 3866 2382 corona—

2261 2378 2480 2445 menta,
2516 2398 2543 2425 ››
2576 2376 2802 2443 scribit,
2835 2376 2945 2431 hoc
2975 2381 3082 2445 est,
3118 2375 3257 2432 folia
3283 2374 3372 2431 vel
3402 2374 3619 2431 herbas
3654 2389 3716 2429 ex
3757 2374 3866 2442 qui-

2260 2463 2372 2518 bus
2422 2480 2647 2520 coronaa
2695 2469 3108 2535 contexuntur,
3157 2466 3307 2521 Plin.
3357 2464 3462 2519 lib.
3512 2480 3630 2531 xxx,
3670 2462 3867 2532 cap.t:

2259 2575 2286 2603 ι(
2322 2554 2385 2607 In
2417 2553 2604 2609 hortis
2623 2553 2735 2610 seri
2759 2560 3175 2611 coronamenta
3187 2555 3371 2626 jussit
3389 2556 3590 2610 Cato.»
3605 2552 3866 2608 Postremo

2258 2643 2410 2713 quod
2435 2642 2545 2697 sub
2569 2642 2742 2698 tinem
2768 2644 2993 2715 pagina;
3030 2643 3280 2700 Basilius
3303 2643 3467 2699 addit
3486 2640 3739 2698 caruisse
3766 2639 3865 2710 spi-

2257 2734 2348 2788 nis
2379 2738 2514 2789 ante
2543 2738 2847 2806 peccatum
2870 2752 3086 2803 rosam,
3109 2735 3321 2807 repetit
3348 2734 3525 2791 etiam
3560 2730 3865 2788 Ambrosius

2257 2821 2382 2879 loco
2415 2823 2613 2892 citato,
2650 2840 2753 2880 nec
2804 2825 3079 2881 dissentit
3134 2826 3207 2880 ab
3255 2829 3506 2896 utroque
3534 2819 3865 2895 Augustinus

2254 2911 2361 2969 lib.
2404 2930 2417 2967 ι
2455 2913 2527 2968 De
2557 2912 2747 2969 Genesi
2773 2918 2963 2970 contra
2994 2915 3337 2981 Manichmos,
3368 2929 3496 2984 cap.
3533 2913 3621 2972 13.
3664 2909 3763 2966 Ubi
3801 2907 3868 2962 ait

2262 3020 2282 3049 ι
2315 3000 2526 3057 herbas
2554 3017 2880 3059 venenosae
2928 3004 3001 3060 ad
3046 3020 3275 3076 pcenam
3308 3002 3395 3059 vel
3423 3005 3495 3059 ad
3530 3000 3863 3059 exercitatio-

2128 3100 2148 3111 '
2254 3105 2389 3145 nem
2421 3090 2753 3147 mortalium
2777 3097 3003 3149 creatas
3031 3094 3189 3161 esse,
3214 3098 3271 3150 et
3298 3093 3408 3149 huc
3437 3096 3628 3149 totum
3659 3094 3868 3163 propter

2171 3224 2213 3293 Ο
2255 3184 2598 3252 peccatum:
2634 3203 2663 3231 ››
2693 3182 2796 3237 sed
2830 3186 2894 3237 ut
2922 3183 3201 3239 admonet
3245 3182 3464 3254 optime
3513 3179 3864 3237 doctissimus

2254 3268 2516 3293 n-_-_:.--
2541 3276 2738 3293 ..--Δ.-..
2761 3271 2813 3293 2-
2852 3271 3298 3293 Π-μμ-⁴ι,..32-
3320 3274 3373 3293 ,⁸η
3400 3270 3647 3293 ΙΊ-----.⁶,.-
3692 3272 3864 3293 ..-κιλ-

2251 3268 2518 3324 Pererius
2540 3276 2739 3326 noster
2761 3271 2819 3326 in
2852 3271 3301 3329 Commentariis
3317 3274 3377 3328 in
3399 3270 3671 3341 Genesim,
3692 3272 3868 3341 postea

2254 3359 2542 3413 maturius
2564 3367 2620 3413 et
2640 3359 2972 3416 accuratius
2993 3377 3114 3415 rem
3143 3365 3442 3417 scrutatus
3476 3356 3800 3416 retractavit
3822 3357 3870 3408 et

2250 3445 2583 3503 emendavit
2610 3446 2709 3503 lib.
2744 3465 2807 3503 ιιι
2842 3450 2912 3505 De
2939 3452 3138 3506 Genesi
3162 3450 3235 3506 a1
3261 3451 3525 3518 litteram,
3557 3465 3683 3520 cap.
3716 3446 3794 3511 18,
3822 3445 3871 3498 et

2250 3536 2603 3593 contrariam
2653 3539 3005 3596 sententiam
3053 3545 3143 3597 est
3188 3541 3513 3613 amplexus.
3567 3539 3726 3595 Certe
3749 3550 3866 3591 cum

2247 3641 2571 3682 venenosae
2600 3630 2657 3681 et
2681 3628 2946 3685 exitiales
2978 3629 3187 3686 herbas
3217 3634 3352 3687 ante
3384 3632 3691 3702 peccatum
3718 3627 3870 3681 natas

2247 3719 2474 3769 asserat
2503 3714 2755 3771 Basilius
2786 3733 2914 3788 pag.
2964 3718 3056 3786 58,
3105 3718 3320 3774 eisdem
3380 3718 3639 3774 rationes
3684 3715 3866 3770 docere

2246 3809 2517 3876 possunt,
2551 3822 2656 3862 cur
2682 3807 2858 3863 etiam
2893 3816 3027 3864 ante
3056 3815 3363 3881 peccntum
3393 3808 3601 3882 spinas
3630 3822 3756 3864 cum
3782 3819 3867 3860 ro-

2244 3896 2327 3952 sis
2358 3898 2526 3954 edere
2557 3901 2773 3955 terram
2805 3905 2962 3957 Deus
2990 3901 3257 3958 voluerit.

2315 4005 2433 4061 Col.
2489 4007 2591 4062 108
2632 4010 2689 4063 C.
2734 4010 2788 4063 6.
2840 4003 3194 4084 Παρεμϐαλεῖ
3236 4007 3355 4085 γάρ.
3410 4010 3705 4082 Interpres
3741 4001 3867 4061 scri-

2242 4097 2440 4165 pserat
2462 4112 2475 4152 :
2500 4118 2527 4144 «
2563 4099 2843 4153 Immittet
2873 4100 3028 4155 enim
3058 4104 3251 4170 se,aut
3280 4100 3543 4155 medium
3578 4096 3868 4154 constituet

2241 4182 2485 4255 angelus
2500 4185 2748 4241 Domini.
2762 4209 2781 4237 »
2801 4188 2867 4242 Et
2884 4193 3054 4244 sonat
3075 4189 3182 4245 boc
3200 4188 3436 4260 quidem
3460 4189 3661 4244 Graece
3676 4201 3866 4257 παρεμ-

2241 4263 2465 4325 ϐάλλειν
2502 4289 2635 4330 cum
2668 4275 2909 4333 alterius
2942 4277 3022 4332 rei
3053 4294 3226 4335 casus
3258 4278 3516 4345 additur,
3550 4274 3753 4341 ἑαυτὸν,
3780 4272 3866 4325 ὑπ-

2238 4359 2452 4431 οψίας,‹‹
2477 4361 2731 4421 inserere
2754 4382 2867 4437 se,»
2891 4366 2976 4422 vel
2999 4391 3026 4417 «
3047 4367 3441 4439 suspicionem
3462 4366 3757 4438 injicere,»
3776 4360 3863 4417 sed

2238 4454 2295 4504 et
2316 4473 2336 4499 ε
2364 4456 2555 4507 castra
2585 4452 2794 4522 locare,
2818 4474 2844 4505 ιι
2872 4457 3126 4511 tentoria
3147 4456 3429 4512 collocare
3450 4456 3758 4511 ordinibus
3785 4450 3865 4504 di-

2237 4537 2640 4607 stincta,nullo
2653 4541 2973 4611 prescrtim
2989 4542 3229 4599 alterius
3245 4544 3403 4599 vocis
3423 4560 3566 4599 casu
3591 4540 3864 4605 addito,ut

2236 4624 2296 4681 in
2320 4626 2429 4684 hoc
2448 4626 2573 4684 loco
2598 4630 2829 4687 Davidis
2851 4631 3101 4689 Budaeus
3127 4634 3185 4688 in
3209 4634 3645 4689 Commentariis
3666 4632 3863 4702 lingua!

2235 4713 2429 4771 Graecae
2456 4718 2673 4788 profert
2693 4735 2761 4774 ex
2779 4719 3034 4792 Polybio,
3054 4720 3155 4777 lib.
3181 4739 3265 4777 ιιι.
3287 4721 3393 4789 Τὴν
3423 4716 3480 4774 δὲ
3511 4716 3740 4791 δύναμιν
3768 4712 3859 4787 πρὸ

2229 4808 2331 4872 τῆς
2385 4803 2603 4868 πόλεως
2668 4802 3038 4882 παρεμϐαλὼν
3073 4853 3087 4880 ,
3147 4809 3483 4885 ὠχυρώσατο
3542 4807 3734 4882 τάῳρῳ
3783 4802 3859 4857 καὶ

2229 4890 2430 4967 χάρακι
2460 4895 2558 4962 τήν
2582 4893 3010 4971 στρατοπεδείαν
3045 4921 3072 4950 ι(
3104 4902 3245 4955 Cum
3278 4906 3415 4956 ante
3445 4899 3655 4954 urbem
3686 4900 3859 4952 castra

2230 4987 2485 5039 metatus
2516 4987 2857 5054 esset,fossa
2882 4992 2939 5043 et
2958 4988 3110 5045 vallo
3132 4990 3450 5045 exercitum
3467 4983 3854 5045 communivit.

2227 5072 2456 5128 Positus
2505 5074 2663 5129 enim
2712 5078 3094 5133 tentoriorum
3145 5082 3203 5135 et
3234 5078 3472 5135 metatio
3502 5077 3858 5134 ordinatione

544 5132 662 5188 Col.
695 5134 765 5189 99
815 5138 856 5192 A
894 5140 944 5194 8.
998 5143 1252 5203 Liciores.
1308 5149 1759 5211 Immutavimus
1790 5154 1892 5211 illa
1936 5156 2117 5213 inter-

468 5222 710 5293 pretis,«
745 5226 1203 5305 feruligcrosque
1235 5236 1520 5309 lictores,n
1558 5248 1613 5298 et
1644 5259 1776 5300 cum
1811 5245 2115 5302 Eustathio

469 5312 571 5382 qui
598 5315 799 5384 vertit,
839 5340 860 5367 ι
896 5319 1231 5396 faciamque
1259 5332 1539 5401 vectores,
1573 5353 1601 5382 »
1649 5333 1969 5391 maluimus
2003 5340 2114 5392 Ro-

472 5416 783 5461 manorum
812 5424 983 5467 voces
1016 5430 1319 5489 usurpare,
1352 5419 1454 5489 qui
1479 5420 1691 5492 fasces,
1718 5424 1973 5494 praeferri
1995 5425 2113 5482 aie-

468 5489 608 5585 bant
638 5510 675 5585 a
700 5493 1031 5585 lictoribus.
1071 5504 1284 5561 Auctor
1307 5507 1484 5564 etiam
1509 5489 1770 5583 Vulgatae
1794 5516 1968 5570 Actor
1995 5532 2109 5585 xw,

466 5578 574 5679 35.:
662 5581 1009 5643 Ἀπὲστιιλαν
1089 5591 1139 5645 οἱ
1187 5595 1482 5671 στρατηγοὶ
1558 5578 1685 5661 robe
1743 5578 2109 5679 §a6806xouc;

461 5670 737 5727 Miserum
795 5680 1148 5749 magistratus
1199 5670 1435 5744 lictores.
1497 5670 1840 5749 Plutarchus
1892 5670 2111 5754 inﬂRo-

2227 5162 2513 5218 castrensi
2544 5168 2843 5236 constans,
2875 5161 3204 5242 παρεμϐολή
3239 5169 3517 5225 dicitur.»
3539 5169 3714 5225 Porro
3734 5178 3859 5238 quo-

2224 5251 2574 5323 tiescunque
2604 5270 2712 5309 vox
2744 5255 2940 5312 Grmca
2961 5258 3343 5332 Septuaginta
3367 5258 3755 5330 interpretum
3780 5249 3854 5306 vel

2226 5339 2482 5396 aliorum
2512 5346 2847 5402 Graecorum
2880 5346 3159 5421 ambigua
3186 5353 3296 5421 est,
3327 5353 3385 5405 et
3425 5349 3575 5404 duas
3608 5346 3855 5419 pluresve

2224 5430 2499 5490 notiones
2528 5433 2799 5504 habet,ea
2815 5438 3189 5509 potissimum
3215 5439 3626 5511 amplectenda
3642 5437 3853 5495 videtur

2225 5535 2353 5592 qua;
2385 5537 2518 5578 cum
2562 5522 2805 5581 Hebraeo
2827 5526 3131 5583 convenit:
3165 5528 3326 5600 atqui
3353 5545 3422 5584 ex
3438 5527 3645 5583 eodem
3674 5521 3850 5581 arche-

2220 5611 2357 5681 typo
2374 5615 2607 5667 vertunt
2637 5612 2762 5671 Joa.
2797 5618 3138 5689 Campensis
3168 5622 3226 5674 et
3256 5616 3571 5691 Pagninus,
3606 5638 3636 5666 ι(
3668 5616 3848 5669 Castra

2218 5701 2474 5777 metatur
2484 5700 2730 5775 angelus
2742 5702 3005 5765 Domini:
3029 5727 3061 5760 »
3081 5707 3153 5765 Et
3171 5706 3555 5781 Hieronymus
3578 5720 3647 5763 ex
3662 5703 3844 5762 eodem
