4128 6216
309 395 426 456 989
1389 398 1494 458 AD
1539 390 1915 456 HOMILIAS
1959 391 2036 452 IN
2081 388 2642 452 HEXAEMEBON.
3603 387 3722 450 990

303 530 465 584 textu
515 527 774 598 Hebreo,
811 547 840 578 «
869 528 1206 584 Circumdat
1251 526 1493 597 angelus
1540 524 1794 590 Domini,
1820 544 1848 574 ››
1899 527 1958 578 et
1986 524 2038 588 Α
2071 526 2290 589 autem,
2320 544 2341 570 ι
2372 526 2428 576 et
2467 519 2959 592 impedimentum
3010 533 3126 572 non
3171 518 3410 573 aliertur
3453 518 3524 572 ad
3574 519 3723 574 reci-

305 617 364 671 in
400 633 529 688 cap.
566 633 672 672 va
718 616 880 672 Isaiae
920 632 1398 688 unumquemque
1444 619 1714 671 nostrum
1747 613 1962 668 habere

306 704 584 774 angelum
619 703 898 775 probans,
931 708 988 760 et
1029 703 1186 760 hunc
1215 720 1451 760 versum
1485 719 1515 759 e
1547 702 1743 758 Graeco
1774 701 1962 756 citans

303 790 390 846 sic
444 790 711 847 θῆαι-ιτα
756 792 1097 848 Circumdat
1151 793 1399 866 angelus
1449 791 1748 848 Domini.»
1797 790 1964 846 Certe

304 879 590 935 Basilium
624 881 710 936 sic
743 880 1100 951 intellexisse
1120 881 1278 938 hunc
1300 881 1492 938 locum
1524 881 1808 942 indicant,
1833 895 1964 950 quae

301 974 658 1041 sequuntur,
691 969 782 1022 καὶ
833 969 997 1023 οἱονεὶ
1047 969 1291 1046 χάρακας
1339 972 1474 1043 ἡμῖν
1525 969 1957 1045 παρακατέπηξε,

302 1054 527 1129 θέμενος
585 1055 663 1126 ἐν,
727 1056 1030 1128 Ἐκκλησία
1084 1063 1302 1134 πρῶτον
1362 1057 1730 1130 ἀποστόλους,
1789 1063 1846 1114 et
1901 1059 1961 1113 in

300 1145 567 1202 homiliis
614 1147 674 1203 in
724 1147 994 1215 Psalmos,
1037 1146 1121 1203 ὅτι
1161 1144 1279 1222 ὅλῳ
1323 1145 1671 1223 στρατοπέδῳ
1718 1145 1806 1202 καὶ
1855 1166 1958 1201 πα-

303 1229 560 1308 ρεμϐολῇ
626 1234 1051 1312 πολυανθρώπῳ
1116 1238 1494 1314 παρεικάζεται
1559 1239 1638 1299 εἷς
1704 1232 1958 1312 ἅγγελος.

303 1324 474 1394 Apud
531 1323 910 1380 Eustathium
971 1326 1284 1394 mendose,
1336 1326 1491 1382 sicut
1538 1330 1592 1381 et
1639 1325 1697 1380 in
1748 1324 1960 1397 quibu-

299 1413 471 1468 sdam
532 1413 754 1468 Latinis
805 1412 1106 1470 codicibus
1168 1419 1430 1487 tempore
1480 1413 1824 1487 Augustini,
1878 1412 1960 1468 le-

299 1502 480 1573 gitur,
504 1523 532 1552 «
567 1502 850 1558 Immittet
879 1503 1155 1575 angelum
1187 1505 1474 1560 Dominus
1505 1504 1564 1558 in
1597 1503 1866 1559 circuitu.
1894 1524 1921 1552 »

369 1607 492 1663 001.
531 1609 628 1664 111
662 1609 703 1664 Β
735 1610 788 1663 3.
829 1611 980 1666 Velut
1006 1611 1261 1683 quaedam
1306 1611 1680 1667 mascularum
1724 1611 1956 1665 semina.

300 1698 358 1754 S.
392 1697 743 1754 Ambrosius
771 1698 876 1754 lib.
909 1715 997 1768 111,
1032 1717 1157 1772 cap.
1194 1701 1259 1756 13
1294 1718 1306 1756 :
1335 1723 1362 1752 «
1402 1699 1747 1771 Praejaciunt
1780 1699 1961 1755 ramis

300 1788 432 1859 ejus
481 1786 812 1859 palmarum
862 1789 1130 1860 quaedam
1182 1789 1342 1845 velut
1390 1789 1616 1846 semina
1664 1788 1959 1845 mascula-

2073 609 2353 682 pieudum
2387 609 2529 665 solis
2560 608 2834 664 calorem.
2863 630 2886 660 ι

2143 707 2264 762 001.
2305 707 2402 762 116
2433 706 2472 761 0
2507 708 2591 760 10.
2626 702 2901 780 Υπάρχον.
2935 705 3196 760 Emenda
3239 720 3305 758 ex
3358 702 3588 758 duobus
3620 703 3722 758 Re-

2071 795 2183 868 giis
2213 796 2381 851 codd.
2412 792 2714 869 ἐνυπάρχον
2738 796 2806 866 τῇ
2837 795 2928 868 γῇ.
2955 815 2982 843 ‹‹
3012 792 3156 847 Illud
3189 791 3367 848 etiam
3402 808 3558 847 nunc
3586 809 3726 862 prae-

2072 889 2300 957 ceptum
2354 886 2506 956 quod
2554 888 2718 939 terra
2773 884 2942 938 inest.
2971 904 2999 931 »
3036 882 3099 936 Et
3133 881 3250 943 καθ’
3299 880 3529 950 ἑκάστην
3573 874 3724 940 ἔτους

2070 971 2320 1048 περίοδον
2356 973 2587 1030 fidelius
2630 972 2914 1046 expressit
2945 971 3260 1028 Carnarius
3296 987 3362 1026 ;‹‹
3395 971 3571 1026 Juxta
3601 970 3722 1026 sin-

2071 1065 2340 1136 gulorum
2384 1080 2673 1119 annorum
2715 1062 3022 1118 circuitum
3060 1077 3072 1114 :
3101 1082 3128 1110 ι)
3161 1060 3315 1132 apud
3349 1059 3722 1114 Eustathium

2071 1153 2235 1208 deest
2263 1169 2391 1223 vox,
2421 1175 2448 1203 «
2483 1168 2770 1207 annorum
2807 1167 2819 1206 :
2855 1151 3005 1206 vires
3037 1148 3302 1221 proprias
3333 1152 3584 1220 quantas
3616 1147 3724 1202 ha-

2069 1242 2169 1297 bet
2198 1241 2566 1313 singulorum
2609 1256 2896 1297 annorum
2931 1237 3239 1295 curriculis
3280 1237 3722 1293 informandum

2069 1347 2257 1403 genus
2286 1330 2627 1386 herbarum.
2654 1353 2680 1379 »

2141 1419 2259 1476 Col.
2300 1421 2400 1474 118
2448 1422 2490 1475 Α
2543 1421 2628 1475 11.
2673 1418 3139 1476 Concertantium.
3186 1414 3473 1471 Addimus
3519 1429 3720 1470 vocem

2071 1531 2098 1559 «
2133 1508 2484 1564 athletarum
2513 1531 2539 1556 »
2573 1526 2602 1565 e
2632 1510 2846 1577 Graeco,
2878 1513 2935 1563 et
2966 1523 3069 1580 pro
3107 1527 3126 1554 α
3164 1505 3414 1569 theatro,
3442 1527 3469 1554 ››
3501 1504 3722 1559 substi-

2071 1597 2296 1653 tuimus
2326 1620 2352 1647 «
2379 1597 2590 1664 stadio,
2613 1619 2640 1647 »
2664 1597 2816 1668 quod
2856 1596 3134 1651 mendose
3163 1594 3316 1665 apud
3352 1593 3723 1648 Eustathium

2069 1687 2303 1760 legitur,
2328 1707 2358 1739 ιι
2389 1691 2773 1758 congregatos
2817 1685 2878 1739 in
2929 1683 3145 1739 studio.
3171 1703 3200 1731 »
3232 1683 3393 1746 Quod
3427 1683 3581 1738 enim
3613 1681 3724 1736 La-

2069 1776 2210 1832 tinis
2241 1776 2434 1832 circus
2464 1792 2497 1830 a
2527 1775 2753 1831 theatro
2794 1773 3083 1840 diversus,
3116 1771 3174 1826 id
3220 1770 3477 1826 stadium
3511 1769 3724 1826 Graecis

303 1858 458 1945 rum,
485 1858 711 1948 quibus
760 1876 844 1932 illi
881 1858 1048 1934 velut
1075 1877 1318 1951 quidam
1369 1895 1580 1934 sensus
1628 1877 1959 1950 perfruitio-
1993 1895 2042 1962 Β
2074 1865 2211 1962 fuit;
2255 1863 2539 1962 Martialis
2590 1867 2786 1962 tamen
2837 1861 2936 1960 Ῑῖῐξο
2970 1878 3088 1928 Χῐν,
3121 1859 3478 1962 ερορξλοτοξο
3524 1859 3616 1962 ξδ’
3648 1858 3728 1958 εἰς

303 1965 397 2020 nis
448 1965 806 2033 infunditur,
846 1970 905 2022 et
949 1966 1190 2038 expetiti
1245 1966 1596 2023 concubitus
1641 1966 1828 2040 gratia
1873 1983 1962 2022 re-

309 2059 762 2128 praesentetur.»
784 2056 878 2111 Sic
909 2055 1068 2111 enim
1101 2057 1537 2112 emendandum
1571 2072 1800 2122 censeo,
1830 2072 1964 2112 cum

307 2141 404 2198 hic
435 2145 624 2201 Graece
672 2143 919 2218 legatur,
953 2143 1005 2198 ἓν
1057 2145 1398 2215 σοναισθήσει
1435 2150 1536 2213 τῆς
1585 2142 1962 2209 ἀπολαύσεως,

304 2233 640 2304 Carnarius,
677 2255 705 2284 «
735 2234 964 2290 semina
1006 2236 1296 2307 quaedam,
1331 2251 1477 2307 quos
1503 2235 1718 2290 culices
1763 2233 1965 2306 appel-

300 2320 449 2391 Iant,
483 2326 658 2395 atque
687 2323 772 2379 sic
807 2323 965 2378 velut
1014 2323 1075 2379 in
1129 2340 1305 2380 sensu
1338 2323 1633 2379 t'ruitionis
1682 2339 1748 2378 ac
1794 2322 1964 2379 volu-

301 2410 483 2482 ptatis
531 2411 632 2467 illa
681 2413 1039 2468 constitui.»
1091 2414 1259 2485 Apud
1320 2413 1688 2469 Eustathium
1731 2429 1966 2485 quoque

301 2501 621 2573 depravata
651 2505 742 2558 est
782 2501 977 2572 lectio,
1016 2526 1042 2553 «
1078 2502 1344 2559 sublatos
1375 2503 1445 2558 de
1485 2501 1747 2558 masculo
1777 2507 1966 2559 certos

300 2589 508 2645 oculos
537 2590 766 2645 feminae
799 2591 1080 2647 dicuntur
1109 2591 1384 2658 inserere,
1414 2613 1442 2642 »
1474 2591 1574 2646 ubi
1607 2591 1751 2647 forte
1782 2590 1962 2647 corri-

297 2678 560 2751 gendum
594 2701 621 2729 «
657 2685 843 2736 certos
886 2679 1136 2749 culices;
1174 2703 1200 2730 »
1238 2680 1733 2752 quemadmodum
1767 2680 1960 2736 locum

296 2765 473 2823 illum
529 2768 823 2840 expressit
890 2769 1220 2826 Aristotelis
1279 2769 1320 2825 I.
1369 2786 1404 2824 v
1449 2771 1648 2826 Hister.
1703 2770 1960 2838 enimah,

299 2871 434 2928 cap.
463 2857 554 2926 32,
585 2857 927 2914 Theodorus
987 2858 1186 2916 Gaza:
1247 2855 1318 2914 Oi'
1377 2854 1434 2912 δὲ
1491 2855 1688 2934 ἐρινιοί
1736 2855 1790 2912 ἐν
1843 2862 1961 2920 τοῖς

302 2942 511 3019 ἰρινοῖς
570 2941 760 3019 ἔχουσι
807 2943 935 3007 τοὺς
982 2945 1354 3019 καλουμένους
1401 2949 1597 3020 ψῆνας·
1647 2945 1850 3021 γίνεται
1903 2944 1960 3002 δὲ

293 3036 464 3087 τοῦτο
521 3037 741 3106 πρῶτον
801 3031 1153 3106 σκωλήκιον,
1213 3035 1326 3090 εἶτα
1385 3033 1808 3111 περιρῥαγὲντος
1865 3040 1959 3091 τοῦ

298 3119 573 3197 δέρματος
627 3120 924 3196 ἐκπὲτιται,
974 3128 1140 3178 τοῦτο
1189 3123 1591 3200 ἐγκαταλείπων
1626 3126 1654 3180 ὁ
1703 3127 1833 3199 ψὴν,
1867 3125 1957 3180 καὶ

295 3208 571 3266 εἰσδύεται
604 3210 681 3275 εἷς
710 3213 777 3268 τὰ
821 3217 928 3268 τῶν
956 3217 1132 3268 συκῶν
1165 3213 1312 3289 ἐρινᾶ
1340 3214 1430 3269 καὶ
1470 3215 1778 3288 διαστομῶν
1811 3219 1960 3270 ποιεῖ

298 3302 382 3373 μή
435 3301 758 3357 ἀποπίπτειν
787 3301 856 3357 τὰ
894 3301 1064 3377 ἐρινά”
1101 3327 1127 3356 α
1162 3304 1415 3361 Fiearios
1463 3305 1681 3362 culices
1727 3307 1957 3376 caprifi-
1989 3268 2031 3334 ϐ

295 3407 408 3448 cus
439 3398 677 3464 generat
706 3393 828 3449 suis
878 3393 1071 3466 pomis
1105 3410 1117 3448 :
1156 3394 1220 3449 fit
1268 3394 1522 3468 primum
1573 3394 1958 3468 vermiculus,

294 3497 436 3536 mox
470 3486 640 3553 rupta
671 3486 803 3538 cute
832 3482 1020 3538 evolat
1051 3482 1235 3550 culex,
1272 3487 1617 3554 mutataque
1649 3485 1785 3540 sede
1818 3484 1962 3557 petit

292 3571 451 3626 ficus
507 3571 878 3639 immaturas,
930 3571 1146 3644 quibus
1192 3589 1256 3628 se
1312 3572 1646 3641 insinuans,
1701 3575 1838 3629 facit
1889 3591 1960 3630 ne

290 3659 593 3715 decidant.
630 3682 656 3709 »
708 3660 797 3716 Ita
852 3661 1198 3716 emendatus
1259 3661 1474 3733 legitur
1532 3662 1623 3718 hic
1679 3662 1842 3719 locus
1899 3663 1958 3719 in

289 3748 554 3804 editione
584 3748 936 3819 Casauboni,
985 3754 1042 3805 et
1090 3749 1314 3806 Plinius
1362 3751 1533 3816 favet,
1567 3751 1666 3822 qui
1716 3752 1815 3807 lib.
1863 3769 1957 3823 xv,

291 3853 431 3910 cap.
471 3839 557 3908 19,
607 3838 731 3894 11ωο
785 3838 964 3894 tradit
1013 3839 1084 3894 de
1133 3839 1406 3911 capriﬁce
1442 3855 1510 3895 ;‹‹
1544 3839 1694 3912 Ergo
1743 3840 1958 3898 culices

289 3926 502 4000 parit:
536 3926 594 3983 hi
629 3927 886 3983 fraudati
937 3926 1216 3984 alimento
1267 3928 1327 3984 in
1381 3933 1568 3985 matre
1617 3930 1778 4000 putri
1830 3932 1959 4002 ejus

289 4018 456 4086 tabe,
489 4017 561 4072 ad
603 4022 912 4090 cognatam
943 4016 1162 4073 volant.
1189 4042 1211 4070 ι
1250 4017 1595 4090 Hesychius,
1627 4020 1814 4092 ψῆνες,
1847 4039 1955 4074 κω-

286 4104 477 4159 νώπια
503 4105 570 4158 τὰ
599 4104 650 4158 ἐν
681 4109 803 4167 τοῖς
859 4103 1112 4168 ὀλῦστοις
1159 4106 1438 4180 γινόμενα,
1471 4108 1571 4164 sed
1620 4107 1775 4164 idem
1809 4125 1958 4182 quo-

289 4211 414 4265 que
445 4195 559 4251 alio
589 4194 716 4252 loco
748 4197 924 4268 ψῆνας
957 4197 1198 4268 exponit
1223 4195 1291 4249 τὰ
1329 4195 1611 4270 σπᾶρματα
1639 4200 1746 4251 τῶν
1780 4195 1955 4271 φοινί-

284 4303 426 4353 κων,
463 4307 490 4335 ‹‹
566 4285 797 4341 semina
840 4284 1192 4357 palmarum.
1235 4308 1263 4336 »
1302 4285 1682 4359 Etymologus
1729 4287 1904 4343 etiam
1941 4305 1955 4342 :

285 4378 503 4442 Ψῆνες,
533 4373 588 4426 αἱ
617 4373 808 4450 μικραὶ
839 4379 1016 4446 μυῖαι,
1048 4373 1138 4428 καὶ
1181 4377 1356 4448 ψῆνας
1401 4372 1619 4450 λέγουσι
1648 4375 1710 4430 τὸ
1743 4375 1958 4450 σπέρμα

283 4461 404 4517 τῶν
439 4461 718 4540 φοινίκων·
755 4487 784 4514 α
819 4469 998 4533 Ψῆνες
1031 4469 1171 4520 sunt
1201 4482 1388 4538 parvaa
1421 4481 1658 4536 muscaa,
1691 4470 1750 4522 et
1779 4466 1954 4538 ψῆνας

286 4551 598 4623 appellant
627 4551 855 4608 semina
899 4552 1250 4625 palmarum.
1275 4576 1302 4604 »
1338 4555 1562 4620 Quibus
1601 4555 1863 4611 adducor
1893 4559 1956 4611 ut

2073 1953 2315 2027 gnificat
2345 1969 2407 2009 se
2439 1969 2688 2008 usurum
2739 1952 2994 2024 tegmine
3026 1949 3237 2006 causiaa
3284 1949 3343 2003 in
3393 1947 3642 2014 theatro,
3677 1948 3729 2002 si

2073 2042 2200 2100 vela
2240 2047 2449 2098 ventus
2489 2041 2823 2108 invidisset;
2857 2044 2915 2094 et
2944 2039 3231 2112 Vopiscus
3279 2037 3340 2093 in
3387 2037 3588 2093 Carino
3619 2037 3728 2092 do—

2075 2137 2242 2188 natos
2285 2131 2466 2188 fuisse
2531 2129 2962 2202 spectatoribus
3038 2127 3312 2183 ludorum
3353 2125 3726 2198 publicorum

2071 2225 2324 2277 testatur
2354 2221 2714 2276 Atrebaticos
2759 2219 2968 2275 birros.
3006 2216 3286 2273 Umbellis
3319 2219 3598 2288 praeterea
3626 2231 3727 2270 ve-

2075 2309 2266 2383 lisque
2296 2328 2330 2366 a
2361 2310 2482 2367 sole
2529 2309 2878 2383 tegebantur
2921 2305 3196 2373 Romani;
3229 2305 3331 2361 sed
3381 2303 3634 2360 Basilius
3663 2302 3724 2357 in

2073 2401 2295 2456 oriente
2325 2400 2618 2473 capitibus
2648 2398 2824 2454 nudis
2867 2397 2926 2452 in
2967 2396 3157 2452 stadio
3205 2395 3560 2467 spectatores
3590 2409 3724 2464 spe-

2073 2495 2263 2547 ctasse
2293 2493 2568 2546 testatur.
2599 2488 2711 2544 Sed
2742 2491 2800 2544 et
2831 2485 3092 2542 stadium
3138 2485 3318 2540 fuisse
3350 2483 3544 2538 Romae
3573 2486 3722 2537 tem-

2072 2580 2314 2652 poribus
2345 2577 2672 2636 Constantii
2715 2575 2997 2649 principis
3027 2592 3095 2631 ex
3127 2572 3438 2628 Ammiano
3479 2569 3724 2626 Marcel-

2071 2668 2192 2725 lino
2214 2673 2463 2726 constat.
2485 2668 2586 2724 lib.
2604 2685 2699 2724 XVI
2719 2668 3042 2735 Historiar.,
3057 2686 3085 2714 ‹‹
3107 2661 3412 2732 etPompei
3429 2661 3725 2716 theatrum

2071 2763 2128 2814 et
2157 2758 2395 2815 Odaeum
2428 2763 2486 2815 et
2515 2757 2797 2814 stadium.
2822 2776 2851 2807 »

2141 2854 2259 2911 Col.
2295 2855 2398 2910 120
2427 2855 2470 2910 D
2502 2855 2554 2909 3.
2586 2853 2656 2908 Τὸ
2701 2848 2884 2926 δόγμα
2920 2855 3020 2918 τῆς
3062 2845 3362 2923 Θεολογίας.
3393 2844 3721 2917 Theologim

2069 2944 2418 3000 vocabulum
2480 2944 2633 3016 apud
2695 2942 2923 2998 Graecos
2994 2939 3289 2995 interdum
3352 2936 3548 2991 minus
3605 2934 3722 2989 late

2070 3038 2288 3105 patere,
2321 3050 2497 3106 quam
2548 3034 2704 3106 apud
2755 3030 2991 3087 Latinos
3036 3029 3304 3085 observat
3341 3024 3721 3081 doctissimus

2065 3123 2188 3179 Jac.
2222 3122 2426 3179 Billius
2475 3123 2532 3177 in
2584 3120 2835 3178 Scholiis
2885 3120 2956 3176 ad
3007 3121 3268 3174 orat..vu
3301 3113 3559 3187 Gregorii
3607 3113 3719 3168 Na-

2067 3213 2249 3268 zianz.
2283 3213 2429 3268 Nam
2476 3211 2631 3284 apud
2684 3209 2916 3266 Latinos
2964 3205 3267 3278 theologia;
3315 3219 3551 3276 operam
3583 3202 3722 3257 dare

2071 3302 2366 3371 dicuntur,
2396 3301 2497 3374 qui
2529 3301 2586 3356 in
2621 3315 2921 3356 sacrarum
2969 3297 3297 3353 litterarum
3351 3293 3548 3348 studio
3597 3307 3719 3347 ver-

2070 3395 2324 3446 santur:
2371 3391 2524 3463 apud
2575 3393 2804 3445 Graecos
2853 3394 3043 3444 autem
3097 3382 3373 3458 θεολογεῖν
3421 3381 3718 3448 dicuntur,

2071 3480 2169 3553 qui
2203 3479 2528 3535 divinitatis
2559 3477 2884 3534 doctrinam
2923 3491 3191 3532 sermone
3220 3472 3308 3528 vel
3338 3470 3555 3542 scripto
3587 3486 3720 3542 per-

2070 3573 2420 3641 sequuntur.
2470 3570 2555 3626 Ita
2607 3573 2663 3624 S.
2697 3566 3012 3640 Gregorius
3055 3563 3365 3632 orationes,
3398 3560 3458 3616 in
3506 3559 3720 3631 quibus

2070 3675 2138 3714 ex
2167 3659 2428 3731 professo
2459 3659 2528 3714 de
2562 3657 2748 3713 Patris
2788 3661 2845 3712 et
2883 3653 3012 3712 Filii
3042 3658 3098 3710 et
3128 3653 3382 3725 Spiritus
3412 3649 3599 3706 sancti
3633 3647 3720 3704 di-

2069 3749 2311 3804 vinitate
2365 3747 2542 3803 verba
2599 3746 2756 3811 facit,
2789 3747 2865 3801 De
2909 3744 3184 3812 theologia
3233 3739 3537 3812 inscripsit
3577 3756 3590 3794 :
3638 3737 3722 3792 ita

2068 3837 2178 3893 hoc
2210 3836 2334 3893 loco
2356 3835 2608 3893 Basilius
2631 3832 2927 3908 Θεολογίας
2958 3829 3134 3905 δόγμα
3152 3835 3318 3887 vocat
3343 3851 3363 3880 ι
3391 3827 3717 3884 doctrinam

2068 3927 2139 3982 de
2170 3925 2401 3982 duabus
2446 3924 2756 3981 Trinitatis
2803 3922 3085 3996 personis.
3115 3943 3144 3972 »
3176 3919 3286 3976 Sed
3334 3922 3392 3974 et
3439 3913 3715 3988 θεολογεῖν

2069 4014 2216 4070 1111111
2247 4013 2405 4070 aliud
2438 4013 2772 4086 signiﬁcare
2803 4013 2992 4082 docet,
3022 4025 3196 4082 quam
3228 4005 3355 4062 Θεὸν
3402 4003 3577 4080 λέγειν
3628 3999 3718 4055 καὶ

2068 4099 2386 4179 ὁμολογεῖν,
2409 4126 2437 4155 ‹‹
2459 4103 2644 4159 Deum
2678 4102 2868 4157 dicere
2897 4116 2964 4156 ac
2996 4097 3284 4163 conﬁteri,
3311 4118 3338 4145 ››
3361 4099 3426 4151 ut
3455 4093 3623 4166 epist.
3647 4092 3719 4147 26

2066 4192 2222 4249 idem
2270 4193 2632 4266 Gregorius:
2685 4193 2940 4265 Φανερῶς
2985 4185 3094 4258 ἤδη
3145 4185 3207 4241 τὸ
3255 4188 3473 4257 Πνεῦμα
3522 4179 3717 4236 Θεολο-

2065 4287 2199 4358 γεῖς’
2245 4305 2273 4334 ‹‹
2314 4283 2512 4339 Palam
2568 4281 2850 4355 Spiritum
2910 4296 3040 4336 esse
3097 4279 3282 4334 Deum
3337 4273 3652 4348 profiteris.
3689 4294 3717 4321 »

2066 4373 2302 4429 Rectius
2333 4389 2468 4446 ergo
2509 4388 2642 4429 cum
2692 4370 2996 4427 Eustathio
3041 4367 3136 4424 hic
3165 4370 3355 4423 vertas
3388 4382 3456 4420 :«
3490 4362 3718 4434 Ubique

2066 4462 2248 4535 igitur
2284 4464 2499 4535 dogma
2537 4461 2773 4518 deitatis
2822 4459 3070 4533 mystica
3115 4455 3452 4513 narratione
3481 4468 3716 4510 conser-

2067 4556 2194 4607 tum
2228 4557 2317 4608 est
2346 4551 2636 4621 historiae;
2668 4551 2758 4607 vel
2789 4567 2857 4606 ex
2885 4546 3180 4615 Cornario,
3206 4567 3234 4596 «
3265 4543 3548 4616 Ubique,«
3583 4541 3720 4597 Ubi-

287 4641 533 4698 credam
577 4641 987 4713 capriﬁcorum
1018 4644 1193 4715 ψῆνας
1225 4643 1674 4716 distinguendos
1722 4659 1851 4700 esse
1883 4644 1954 4700 ab
1984 4641 2030 4708 D
2063 4657 2176 4713 que
2207 4641 2280 4697 ad
2312 4641 2619 4698 historiam
2667 4638 2974 4712 theologia;
3017 4635 3284 4693 doctrina
3330 4633 3575 4706 mystice
3621 4630 3717 4686 in-

287 4729 432 4784 istis
493 4729 842 4802 palmarum,
878 4731 948 4786 de
1002 4731 1219 4803 quibus
1279 4733 1402 4803 agit
1459 4731 1739 4802 Basilius,
1771 4749 1960 4804 neque
2065 4734 2359 4804 terspersa
2389 4735 2544 4787 est.»

289 4818 520 4875 culices
563 4819 708 4876 istos
751 4835 902 4889 esse,
937 4820 1038 4876 sed
1091 4820 1293 4876 ﬂorem
1327 4821 1644 4893 quemdam
1671 4820 1759 4878 vel
1789 4821 1958 4878 Ianu-
1993 4881 1996 4886 _

289 4907 522 4981 ginem,
563 4913 628 4964 ut
675 4912 926 4964 verterat
977 4907 1072 4964 hic
1120 4909 1589 4983 Argyropylus,«
1622 4910 1804 4967 maris
1853 4911 1956 4968 110-

288 5013 419 5054 rem
463 5013 566 5054 seu
626 4996 964 5070 lanuginem
1014 4997 1412 5056 immittere.»
1442 4999 1765 5056 Confirmat
1815 5016 1955 5057 con-

278 5088 581 5158 jecturam
642 5091 901 5143 nostram
959 5086 1188 5144 Plinius
1236 5087 1340 5144 lib.
1392 5105 1521 5157 xm,
1570 5105 1698 5160 cap.
1747 5089 1800 5157 4,
1852 5089 1954 5145 ubi

285 5176 367 5231 de
425 5175 641 5248 palmis
698 5192 880 5248 agens
931 5175 1053 5232 haec
1111 5177 1294 5247 addit,
1337 5197 1364 5231 ι
1408 5180 1476 5233 ut
1531 5177 1720 5234 coitus
1774 5177 1966 5234 etiam‘

283 5265 660 5337 excogitatus
707 5264 786 5320 sit
837 5265 910 5321 ab
969 5264 1227 5335 homine,
1265 5281 1336 5322 ex
1384 5266 1649 5324 maribus
1697 5266 1837 5324 ﬂore
1885 5284 1953 5324 ac

281 5353 594 5424 lanugine,
640 5353 875 5410 interim
937 5369 1066 5412 vero
1115 5358 1346 5412 tantum
1395 5355 1636 5428 pulvere
1681 5355 1950 5429 inspersa

283 5443 560 5499 feminis.
585 5464 615 5494 »

370 5548 517 5606 Ibid.
552 5553 598 5603 D
641 5550 695 5604 7.
741 5549 958 5604 Partim
1015 5549 1224 5607 radios.
1283 5554 1575 5624 Interpres
1631 5551 1949 5624 scripserat

2137 4819 2253 4876 Col.
2289 4821 2390 4876 123
2419 4823 2458 4876 0
2486 4821 2540 4876 3.
2571 4822 2611 4875 A
2660 4833 2885 4886 corpore
2932 4817 3069 4872 luce.
3097 4813 3422 4885 Scripserat
3471 4811 3716 4866 fortasse

2066 4907 2373 4981 interpres,
2403 4930 2432 4959 «
2461 4908 2578 4964 luci
2611 4924 2672 4964 se
2702 4910 3065 4980 opponente;
3089 4926 3116 4955 »
3152 4919 3287 4960 nam
3321 4905 3379 4958 et
3407 4901 3492 4958 ita
3519 4899 3716 4956 Graeca

2065 4998 2352 5070 expressit
2382 4996 2725 5054 Eustathius
2758 5012 2804 5052 ει
2829 4995 2992 5052 Sicut
3023 4993 3180 5051 enim
3211 4991 3408 5048 lucida
3439 4990 3531 5045 die
3561 4992 3718 5044 stan-

2062 5090 2180 5142 tem
2213 5087 2528 5159 quemdam
2560 5087 2672 5143 sub
2715 5101 2928 5142 aurora
2957 5084 3098 5141 solis
3129 5099 3264 5139 mox
3294 5080 3505 5136 umbra
3533 5073 3713 5132 comi-

2063 5179 2237 5244 tatur,
2279 5199 2306 5226 »
2345 5181 2403 5234 et
2439 5177 2756 5232 Carnarius
2789 5217 2802 5230 .
2831 5197 2857 5225 «
2889 5171 3397 5239 Quemadmodum
3445 5165 3600 5223 enim
3651 5162 3711 5217 in

2060 5265 2154 5320 die
2187 5266 2397 5322 umbra
2426 5266 2498 5322 ad
2543 5265 2624 5335 id,
2657 5264 2813 5337 quod
2865 5262 3240 5336 splendorem
3273 5255 3543 5320 obstruit,
3569 5267 3704 5307 con-

2059 5354 2236 5424 sistit,
2266 5378 2286 5405 ι
2324 5355 2495 5428 quasi
2513 5353 2687 5426 dicat,
2721 5353 2991 5410 umbram
3023 5346 3288 5408 comitari
3310 5357 3521 5415 corpus
3550 5337 3709 5412 quod

2057 5460 2185 5500 sese
2215 5443 2332 5500 luci
2363 5442 2628 5517 opponit,
2660 5458 2906 5515 eamque
2937 5437 3213 5496 excludit.

2125 5551 2247 5608 Col.
2282 5553 2381 5607 127
2411 5553 2456 5606 A
2489 5553 2538 5606 1.
2570 5550 2662 5606 Sol
2689 5554 2950 5606 vertetur.
2983 5541 3160 5600 Paulo
3191 5539 3363 5596 aliter
3391 5533 3548 5607 apud
3579 5548 3711 5605 pro-

284 5639 567 5709 fortasse,
601 5659 630 5688 α
675 5637 840 5694 radio
898 5638 1062 5695 solis.
1089 5661 1118 5691 ››
1148 5621 1480 5707 Carnarius,
1525 5661 1554 5692 ‹‹
1601 5644 1659 5697 et
1714 5621 1941 5698 radium

2075 5641 2290 5696 ihetam
2335 5640 2620 5712 scriptum
2670 5643 2781 5703 est,
2821 5633 3002 5691 Joelis
3050 5649 3112 5696 11,
3143 5630 3207 5685 31
3246 5626 3351 5685 :‘0
3396 5621 3559 5692 ἣλιος
3609 5639 3708 5712 μι-

286 5727 444 5786 solis
499 5741 602 5798 per
654 5725 952 5784 raritatem
999 5726 1160 5801 large
1207 5729 1513 5803 suscipiat.
1537 5751 1566 5780 ››
1595 5730 1944 5788 Ambrosius

2075 5711 2481 5806 “anpaerlenat
2528 5725 2604 5788 εἷς
2655 5723 2863 5796 σκότος,
2894 5721 2982 5776 καὶ
3016 5721 3052 5789 ἡ
3084 5717 3288 5789 σελήνη
3322 5713 3401 5780 ei;
3419 5714 3576 5786 αἷμα*
3611 5711 3707 5770 Sol

4107 2863 4125 2906 f1

4105 3025 4128 3166 1

4107 3173 4128 3246 il

4101 3235 4128 3754 ἐ

4105 3753 4128 3866 1

4103 4737 4128 4850 1

4097 5011 4128 5266 i
