4128 6216
455 346 567 407 991

1652 343 1888 405 NOT/E
1932 342 2296 402 FRONTON
2309 342 2375 402 IS
2424 339 2676 403 DUCEl
3726 345 3822 404 992

451 487 799 542 convertatur
827 478 885 533 in
923 480 1188 542 tenebras,
1222 480 1270 534 et
1318 476 1452 532 luna
1484 478 1543 533 in
1574 477 1918 547 sanguinem.
1955 473 2102 529 Illud
2137 480 2191 545 Α
2292 473 2413 530 Col.
2446 473 2546 528 134
2578 473 2620 530 Β
2654 471 2740 528 13.
2777 471 2944 542 Copia
2971 472 3220 542 frugum.
3252 467 3548 538 Εὐθηνήσει
3578 471 3707 528 dixit
3729 491 3823 530 non

457 575 652 624 autem
687 567 934 624 alterum
972 569 1300 624 membrum
1330 565 1529 622 Basilii
1562 565 1844 620 memoria
1875 579 2110 635 sugges-

457 657 534 713 sit
573 673 642 712 ex
692 655 1000 728 Evangelio
1051 656 1305 712 Matthazi
1353 673 1470 724 xw,
1501 656 1572 709 29
1605 671 1618 709 :
1652 653 1707 705 Ὀ
1737 649 1899 721 ἥλιος
1931 671 2108 705 σκοτι-

457 745 732 815 σθήσεται,
768 746 856 799 καὶ
903 748 936 813 ἡ
986 744 1188 815 σελήνη
1242 745 1302 799 οὐ
1357 741 1517 798 δώσει
1565 743 1626 797 τὸ
1676 743 1889 820 φέγγος,
1922 740 2108 809 αὐτῆςο

463 836 552 891 Sol
601 836 1002 906 obscurabilur,
1032 843 1083 892 et
1135 837 1268 890 luna
1315 851 1423 891 non
1471 834 1623 889 dabit
1669 836 1852 888 lumen
1896 849 2060 888 suum
2094 849 2112 884 :

459 926 548 980 cui
612 925 823 981 similis
888 926 1050 981 locus
1104 924 1418 981 Ezechielis
1465 941 1646 989 xxxn,
1693 925 1728 976 7
1761 940 1774 976 :
1806 919 2006 975 Ἢλιον
2060 920 2110 975 ἐν

455 1011 656 1090 νεφέλῃ
716 1013 966 1086 καλύψω,
1025 1011 1114 1068 καί
1173 1011 1376 1083 σελήνη
1439 1012 1501 1066 οὐ
1555 1013 1630 1084 μὴ
1693 1010 1832 1088 φάνῃ
1884 1011 1946 1065 τὸ
2000 1011 2115 1086 φώς

460 1102 651 1171 αὐτῆς·
683 1104 860 1160 Solem
891 1105 954 1159 in
981 1106 1127 1160 nube
1169 1111 1372 1174 tegam,
1405 1107 1458 1159 et
1509 1101 1647 1158 luna
1675 1119 1781 1158 non
1813 1097 2118 1172 splendebit

459 1195 673 1248 lumine
724 1209 854 1256 suo;
897 1193 1197 1266 Vulgata:
1244 1195 1319 1249 Et
1374 1194 1510 1248 luna
1565 1208 1676 1248 non
1730 1191 1880 1246 dabit
1929 1191 2112 1245 lumen

456 1299 643 1337 suum.

529 1379 650 1437 Col.
715 1381 816 1435 127
871 1384 910 1435 C
970 1381 1058 1437 13.
1115 1378 1430 1450 Ἐξήκοντα.
1492 1379 1878 1436 Henricianus
1934 1379 2115 1434 codex

461 1468 720 1538 ἐξήκοντα
771 1465 1123 1538 διαιροῦντες·
1175 1475 1235 1526 at
1279 1471 1584 1526 Mediczeus
1632 1465 1925 1537 διελόντες,
1976 1485 2112 1524 cum

462 1560 772 1614 Basiliensi
808 1577 820 1614 :
856 1559 1246 1615 Montacutius
1295 1559 1632 1630 suspicatur
1676 1558 1986 1631 legendum
2027 1554 2114 1611 δι-

459 1645 674 1709 ελὸντες
707 1667 893 1721 μορια,
927 1655 984 1704 et
1016 1648 1187 1720 paulo
1233 1652 1361 1720 post
1400 1643 1620 1700 ἕκαστον
1653 1645 1817 1701 πάλιν
1847 1650 1953 1700 τῶν
1986 1645 2112 1715 ἑξή-

457 1755 624 1788 κοντα
683 1733 900 1790 ἐκείνων
966 1735 1171 1808 μορίων
1232 1734 1598 1805 ἑξηκοντάκις.
1645 1728 1718 1790 At
1777 1737 1892 1792 duo
1953 1735 2112 1805 Regii

463 1826 780 1896 praeterunt
809 1824 972 1879 παλίν
1017 1826 1124 1880 τῶν
1171 1824 1473 1895 ὲξηκοστῶν
1507 1824 1874 1895 ὲξηκοντάκις.
1910 1826 2114 1882 Eusta-
2145 1852 2191 1917 B

457 1913 641 1980 thius,
667 1931 964 1987 eorumque
990 1919 1283 1987 sexaginta
1311 1921 1561 1983 sexagies
1588 1917 1868 1988 portiones
1895 1931 2114 1970 enume-

455 2007 604 2058 rant.
635 2005 714 2059 lta
746 2004 920 2076 paulo
948 2010 1080 2078 post
1109 2004 1392 2077 loquitur,
1412 2007 1492 2075 τῷ
1520 2005 1706 2079 χρόνῳ
1737 1999 2107 2079 παραδραμεῖν

457 2089 740 2161 ἑξηκοττά.

528 2191 675 2246 Ibid.
712 2191 775 2246 In
808 2191 1113 2247 Basiliensi
1164 2193 1305 2248 edit.
1340 2198 1464 2247 erat
1512 2189 1740 2261 ἑκάστην
1789 2191 2114 2265 τριακοστὴν

459 2284 673 2354 μοῖραν·
707 2282 908 2335 aberat
955 2286 1148 2337 autem
1183 2299 1216 2336 a
1245 2299 1352 2337 ms.
1390 2281 1564 2352 Regio
1614 2299 1720 2337 vox
1764 2281 2112 2354 τριακοστήν.

460 2368 755 2424 Eustathii
815 2371 1219 2442 interpretatio
1279 2372 1557 2426 mendosa
1613 2376 1722 2440 est,
1782 2371 1840 2426 in
1899 2371 2114 2442 quibus

456 2457 718 2512 diximus
752 2459 1120 2514 decretorum
1153 2466 1368 2514 sortem
1404 2459 1584 2514 fuisse
1611 2459 1878 2514 divisam.
1905 2459 2117 2514 Corna-

455 2544 580 2600 rius
609 2546 829 2617 aptius,
861 2569 889 2598 «
923 2547 984 2602 in
1036 2565 1181 2619 quas
1227 2547 1495 2620 singulas
1544 2548 1872 2603 tricesimus
1917 2553 2114 2619 partes

454 2635 631 2690 dividi
668 2635 952 2693 diximus.
983 2658 1011 2688 ››

521 2742 640 2799 Col.
678 2744 779 2798 130
810 2749 852 2797 A
891 2744 974 2799 12.
1025 2746 1148 2800 Erit
1201 2746 1392 2800 etiam.
1452 2744 1744 2814 lnterpres
1799 2747 2052 2799 verterat
2099 2761 2112 2799 :

460 2855 489 2884 «
526 2832 722 2888 Faciet
751 2833 929 2888 etiam
960 2834 1157 2888 omnia
1190 2833 1385 2889 animo
1418 2839 1724 2905 prompto:
1760 2833 2012 2904 denique
2043 2835 2114 2889 ad

461 2928 753 2992 quaestum
787 2923 1019 2994 ingenio
1053 2922 1304 2978 solerti.»
1340 2924 1412 2978 At
1441 2921 1728 2991 προετικός
1756 2929 1862 2979 est.
1899 2923 2000 2991 qui
2033 2925 2116 2976 fa-

457 3010 569 3066 cile
601 3010 876 3084 προΐεται,
906 3017 971 3068 ut
1001 3013 1155 3083 apud
1190 3012 1582 3076 Aristotelem,
1621 3013 1757 3083 μήτε
1788 3010 2115 3086 φυλακτικὸν

457 3099 744 3173 προετικὸν
769 3097 891 3168 Bt,“
920 3119 1024 3157 nec
1047 3103 1117 3157 ad
1141 3103 1591 3158 custodiendum
1619 3101 1902 3172 pertinax,
1921 3103 2021 3158 sed
2046 3103 2117 3157 ad

461 3189 935 3289 profundendum
965 3189 1240 3289 facilisac
1273 3196 1573 3261 paratus,»
1598 3207 1652 3245 ιν
1679 3191 1880 3257 Ethic.,
1905 3208 2032 3263 cap.
2058 3192 2114 3247 2.
2149 3221 2194 3289 ρ

456 3277 769 3332 Cornarius
821 3278 894 3334 ab
945 3277 1198 3334 auctoris
1247 3285 1441 3334 mente
1489 3296 1605 3333 non
1656 3280 1964 3348 aberravit,
2003 3303 2022 3329 σι
2059 3285 2116 3336 et

458 3364 826 3422 voluntarius
858 3367 929 3422 ad
975 3367 1261 3423 dandum.
1292 3372 1350 3422 et
1397 3383 1634 3423 rursum
1687 3373 1994 3440 promptus
2045 3372 2115 3424 ad

459 3453 948 3526 acquirendum.»
964 3455 1307 3511 Eustathius
1327 3461 1526 3511 contra
1543 3456 1963 3528 interpretatur
1978 3473 2117 3528 qua-

459 3543 508 3598 si
541 3559 654 3597 non
701 3542 982 3612 προῒισθαι
1015 3544 1286 3609 voluerit,
1321 3545 1420 3599 sed
1472 3543 1794 3618 προεστάναι
1826 3561 1982 3614 eum,
2018 3545 2112 3618 qui

460 3631 570 3685 sub
602 3631 780 3686 ariete
803 3637 978 3686 natus
1009 3631 1106 3701 sit,
1136 3652 1164 3681 «
1187 3630 1556 3686 Praesidalem
1580 3647 1816 3703 quoque
1847 3633 2112 3688 futurum

459 3724 517 3775 et
549 3724 976 3792 quaastuosum.
1000 3742 1029 3771 »
1062 3721 1171 3776 Sed
1204 3719 1491 3794 προετικόν
1533 3722 1768 3793 qualem
1812 3721 2115 3794 appellarit

458 3809 680 3864 indicat
719 3814 920 3880 postea
969 3809 1205 3876 clarius,
1238 3827 1373 3866 cum
1424 3810 1527 3876 ait,
1560 3807 1918 3881 εὐμετάδοτος
1945 3810 2049 3887 γὰρ
2084 3811 2113 3866 ὁ

457 3891 698 3970 κριανός.
736 3900 906 3955 Porro
938 3899 1089 3955 hanc
1127 3899 1629 3971 genethliacorum
1659 3902 1978 3957 vanitatem
2011 3902 2111 3957 iis-

460 3988 591 4043 dem
627 3986 953 4044 rationibus
996 3993 1298 4061 oppugnat
1339 3993 1394 4044 S.
1427 3989 1798 4062 Augustinus
1827 3989 1930 4047 lib.
1966 4008 2006 4046 ιι
2038 3993 2112 4047 De

457 4076 710 4133 doctrina
740 4076 1088 4144 Christiana,
1111 4095 1239 4150 cap.
1266 4079 1356 4146 21,
1382 4095 1515 4134 cum
1547 4078 1628 4133 ait
1661 4080 2110 4138 mathematicos

459 4163 615 4230 illos,
648 4164 748 4236 qui
781 4165 920 4220 dum
955 4165 1260 4222 stellarum
1292 4166 1666 4238 positionem,
1693 4183 1826 4222 cum
1859 4168 2112 4240 quisque

462 4253 748 4320 nascitur,
779 4258 1207 4323 consectantur,
1240 4260 1298 4310 et
1329 4254 1461 4310 inde
1499 4259 1789 4311 conantur
1810 4256 1897 4312 vel
1931 4257 2111 4314 actio-

466 4359 570 4398 nes
601 4347 834 4398 nostras
864 4342 952 4398 vel
981 4344 1281 4400 octionum
1321 4350 1528 4400 eventa
1566 4345 1899 4414 praedicere,
1933 4347 2112 4404 nimis

465 4447 681 4498 errare,
713 4446 780 4486 ac
809 4432 1062 4486 vendere
1099 4431 1439 4487 nominibus
1467 4432 1758 4503 imperitis
1807 4435 2112 4491 miserabi-

465 4517 577 4573 lem
625 4518 988 4575 servitutem.
1013 4541 1042 4569 «
1074 4519 1219 4576 Nam
1251 4520 1503 4592 quisque
1537 4519 1705 4592 liber,
1738 4523 1952 4594 inquit,
1975 4540 2109 4580 cum

465 4607 537 4662 ad
566 4607 857 4679 ejusmodi
907 4588 1741 4683 mathematicum-ingressus
1787 4588 1980 4685 fuerit,
2013 4615 2115 4672 dat
2144 4588 2190 4654 Β

463 4694 799 4767 pecuniam,
834 4700 899 4752 ut
929 4713 1135 4754 servus
1164 4697 1299 4754 inde
1327 4703 1492 4755 exeat
1520 4705 1622 4756 aut
1649 4701 1852 4758 Martis
1883 4707 1984 4759 aut
2008 4703 2115 4761 Ve-

463 4785 641 4855 neris,
673 4784 760 4842 vel
793 4785 990 4858 potius
1019 4786 1283 4843 omnium
1316 4788 1603 4856 siderum,
1634 4790 1850 4862 quibus
1880 4792 1985 4864 illi,
2009 4793 2112 4865 qui

461 4873 637 4946 primi
667 4879 1028 4945 erraverunt,
1059 4876 1149 4932 vel
1191 4877 1516 4934 bestiarum
1560 4884 1798 4952 propter
1827 4881 2111 4937 similitu-

460 4963 681 5030 dinem,
705 4963 793 5019 vel
816 4963 1121 5021 hominum
1153 4967 1226 5022 ad
1258 4966 1417 5038 ipsos
1440 4967 1708 5025 homines
1740 4969 2111 5028 honorandos

460 5055 870 5126 imposuerunt
918 5055 1215 5112 vocabula.
1246 5074 1273 5107 ι
1311 5056 1454 5113 Vide
1482 5057 1660 5114 etiam
1706 5061 1874 5117 Joan.
1909 5060 2108 5118 Picum

461 5144 521 5198 in
569 5145 842 5214 Astrolog.
875 5144 975 5200 lib.
1007 5162 1082 5211 v1,
1113 5161 1240 5218 cap.
1278 5147 1365 5214 15,
1393 5155 1446 5202 et
1489 5147 1609 5204 Jos.
1641 5148 2000 5221 Scaligerum
2050 5151 2110 5206 in

459 5233 613 5288 Notis
658 5233 739 5289 ad
785 5232 1095 5302 Manilium,
1130 5235 1229 5306 qui
1263 5251 1332 5291 ex
1361 5235 1520 5292 Ahen
1552 5237 1694 5293 Ezra
1743 5239 1919 5295 refert
1967 5240 2112 5296 alias

461 5322 750 5394 imagines
811 5323 1008 5380 fixisse
1059 5323 1203 5381 cmlo
1261 5325 1488 5395 Persas,
1537 5326 1683 5385 alias
1737 5327 1934 5396 Indos,
1966 5329 2110 5386 alias

459 5409 702 5481 spherae
755 5412 1076 5470 Barbaricas
1117 5417 1404 5471 auctores.
1436 5415 1654 5472 Arabes
1679 5420 1857 5473 etiam
1907 5435 2112 5475 omnes

461 5501 859 5572 Egyptiorum
908 5502 1427 5576 Chaldaeorumque
1476 5504 1766 5577 imagines
1813 5506 2107 5579 evertisse,

461 5602 785 5662 omnesque
807 5591 1148 5650 asterismos
1166 5596 1563 5650 commutasse
1584 5595 1767 5651 tradit
1785 5595 2112 5655 Alexander

416 5673 536 5757 χέε
562 5678 822 5751 Angelis,
851 5679 952 5739 lib.
988 5699 1064 5751 ιν,
1099 5698 1227 5755 cap.
1259 5683 1351 5756 23,
1382 5682 1648 5742 Adversus
1675 5687 2002 5760 astrologos.

618 5885 894 6122 Κ

2220 558 2447 632 ademi,
2472 565 2534 616 ut
2560 560 2771 631 legisse
2788 560 3018 616 videtur
3039 560 3326 631 interpres
3347 557 3654 626 scribens,«
3676 577 3826 633 quan-

2220 650 2294 704 do
2327 656 2481 706 recte
2511 650 2750 722 quidem
2785 650 3046 704 facturus
3075 647 3306 702 videtur
3333 647 3608 718 agricola;
3633 671 3657 697 υ
3681 655 3824 722 atquae

2223 736 2458 800 εὐθύνειν
2493 761 2522 788 ‹‹
2553 739 2815 811 quidem,
2851 761 2871 790 ι
2910 743 2975 792 ut
3021 739 3103 792 ait
3149 736 3454 808 Sophoclis
3501 736 3825 808 scholiastes,

2222 827 2438 883 dicitur
2488 825 2572 880 ἐπὶ
2624 846 2730 880 των
2781 823 3128 900 ὀρθουμένων
3178 823 3377 894 λοξῶν,
3403 841 3568 881 »οοω
3622 843 3682 881 ea
3725 844 3826 899 quae

2222 921 2364 972 sunt
2389 921 2672 982 tortuosa,
2703 919 2860 971 recta
2892 918 3072 981 ﬁunt;
3107 936 3134 964 ››
3168 919 3227 969 at
3257 913 3501 983 εὐθηνεῖν
3535 911 3619 967 ἐπὶ
3639 934 3734 968 των
3760 915 3828 969 εὖ-

2220 1002 2560 1078 τυχούντων,
2601 1029 2629 1055 α
2673 1020 2806 1060 cum
2860 1002 3154 1076 prosperis
3202 1003 3574 1059 successibus
3621 1004 3828 1075 utimur,

2223 1111 2356 1150 cum
2391 1095 2716 1150 exuberant
2740 1109 2854 1164 res,
2878 1096 2946 1149 ut
2973 1097 3272 1164 optamus,
3290 1112 3317 1144 ι
3352 1096 3417 1147 ut
3447 1091 3644 1148 homil.
3667 1095 3696 1148 Ιι
3722 1094 3835 1149 dici-

2223 1187 2320 1238 tur
2350 1181 2633 1256 ὀρχήστρα
2665 1178 3037 1252 εὐθηνουμὲνη
3075 1179 3332 1256 θεάμρσιν
3381 1178 3713 1243 ἀκολάστοις.
3737 1183 3836 1238 Eu-

2225 1271 2500 1338 stathius,
2527 1292 2556 1321 ‹‹
2587 1271 2803 1343 quibus
2855 1270 3033 1343 copias
3071 1270 3370 1326 fructuum
3421 1271 3643 1342 possint
3685 1272 3835 1328 etiam

2224 1377 2336 1416 non
2372 1361 2748 1432 operantibus
2781 1361 3102 1416 abundare.
3126 1382 3154 1412 »
3187 1360 3525 1426 Cornarius,
3552 1383 3578 1410 α
3610 1359 3718 1417 imo
3745 1361 3836 1417 fer-

2224 1450 2432 1506 tilitate
2463 1450 2791 1505 abundabit
2821 1449 3095 1522 agricola.
3125 1473 3146 1499 ι
3182 1450 3358 1504 Porro
3388 1451 3646 1504 eamdem
3677 1454 3837 1506 astro-

2223 1539 2490 1610 logorum
2522 1539 2835 1593 vanitatem
2882 1539 3156 1594 inducere
3207 1539 3306 1592 fati
3358 1538 3767 1609 necessitatem,
3792 1545 3840 1594 et

2223 1645 2256 1683 a
2288 1629 2495 1698 pietate
2518 1643 2582 1682 ac
2610 1628 2720 1682 [ide
2742 1627 3014 1682 homines
3043 1643 3304 1697 avocare,
3327 1628 3597 1699 pluribus
3615 1629 3839 1684 ostendit

2223 1716 2282 1772 in
2317 1716 2746 1772 Commentario
2779 1716 2836 1770 in
2873 1715 3032 1772 Isaias
3064 1732 3192 1787 cap.
3224 1733 3320 1771 xxv
3348 1733 3362 1772 :
3395 1721 3505 1777 Πᾶς
3538 1712 3595 1770 δὲ
3625 1715 3651 1769 ὁ
3677 1719 3736 1769 τᾶ
3757 1721 3841 1784 τῆς

2222 1803 2477 1877 γενέσεως
2525 1804 2820 1878 πράγματα
2878 1800 3310 1878 ἀποδεχόμενος,
3352 1804 3441 1860 καί
3488 1803 3720 1880 ἀνάγκην
3764 1804 3841 1858 καὶ

2223 1892 2579 1968 εἱμαρμένην,
2601 1894 2691 1948 καὶ
2717 1893 3084 1968 πεπρωμένην
3116 1888 3448 1968 πρεσϐεύων.

2294 1983 2415 2040 Col.
2481 1985 2552 2039 35
2580 1985 2743 2040 A10.
2795 1989 2901 2040 Pro
2931 1986 3198 2055 portione.
3244 1983 3392 2039 Κατὰ
3443 1981 3610 2059 μέρος
3652 1983 3848 2040 mavult

2223 2072 2463 2128 doctiss'
2490 2073 2888 2128 Montacutius
2915 2073 3066 2129 verti
3087 2096 3114 2123 ‹‹
3149 2088 3252 2145 per
3282 2076 3503 2145 partes,
3534 2073 3846 2145 paulatim.»

2223 2161 2537 2218 Cornarius
2583 2162 2841 2234 scripsit,
2888 2184 2916 2212 «
2974 2161 3426 2234 particulariter.
3453 2184 3481 2212 »
3515 2161 3847 2231 Eustathius,

2227 2273 2255 2302 «
2288 2251 2569 2324 paulatim
2621 2251 2922 2323 componit
2970 2252 3336 2324 temperiem.
3364 2275 3391 2300 ››
3424 2254 3604 2308 Porro
3650 2268 3764 2324 quae
3790 2250 3850 2306 de

2224 2341 2400 2398 asciis
2435 2345 2492 2396 et
2523 2340 2868 2413 amphisciis
2912 2340 3076 2396 atl'ert
3107 2341 3218 2396 sub
3251 2341 3424 2397 linem
3458 2341 3682 2414 pagina
3709 2339 3848 2395 Basi-

2224 2431 2360 2500 lius,
2393 2447 2460 2486 ex
2487 2431 2770 2486 Strabone
2808 2430 3210 2502 desumpsisse
3239 2430 3665 2501 videtur,cujus
3693 2429 3851 2485 inter-

2226 2536 2358 2593 pres
2385 2519 2476 2575 his
2507 2519 2716 2574 iisdem
2740 2518 2980 2575 vocibus
3003 2520 3208 2576 utitur.
3229 2519 3455 2575 Plinius
3475 2519 3653 2576 etiam
3682 2518 3774 2573 lib.
3797 2535 3850 2586 ιι,

2225 2625 2353 2681 cap.
2383 2609 2476 2680 73,
2509 2607 2689 2664 dixit:
2716 2631 2742 2658 ‹‹
2776 2608 3000 2674 Quibus
3029 2608 3087 2662 in
3122 2607 3264 2664 locis
3296 2608 3472 2664 Indies
3503 2607 3725 2665 umbrae
3752 2623 3853 2662 non

2226 2698 2368 2765 sint,
2393 2697 2852 2769 septentrionem
2887 2713 3000 2753 non
3024 2696 3306 2770 conspici,
3339 2701 3398 2752 et
3424 2713 3494 2754 ea
3524 2697 3651 2753 loca
3677 2694 3856 2768 appel-

2226 2786 2333 2842 lari
2371 2787 2560 2853 Ascia,
2586 2803 2690 2843 nec
2721 2786 2896 2842 horas
2921 2786 3001 2842 ibi
3025 2785 3408 2843 dinumerari.
3428 2807 3458 2837 ιι
3482 2791 3564 2842 De
3592 2784 3857 2840 Arabibus

2227 2877 2402 2932 etiam
2457 2876 2810 2948 amphisciis
2867 2877 3017 2948 quod
3078 2875 3341 2946 subjicit,
3389 2891 3732 2948 germanum
3785 2878 3862 2929 est

2226 2964 2366 3033 illis,
2399 2982 2525 3037 quae
2556 2965 2628 3021 ab
2661 2965 3032 3022 astronomiae
3063 2963 3266 3038 peritis
3303 2964 3565 3020 citantur
3593 2981 3660 3021 ex
3690 2979 3728 3018 ιι
3758 2963 3858 3018 Lu-

2229 3054 2358 3110 cani
2393 3055 2539 3110 libro
2573 3071 2586 3110 :

2373 3193 2629 3257 Ignotum
2657 3190 2805 3246 vobis
2833 3189 3035 3246 Arabe:
3063 3189 3292 3246 venisti:
3321 3190 3383 3244 in
3419 3189 3633 3253 orbem,

2375 3261 2604 3319 Umbras
2630 3263 2828 3317 mirati
2851 3277 3141 3317 nemorum
3168 3277 3276 3317 non
3310 3262 3396 3316 ire
3419 3261 3704 3316 sinistras.

2299 3417 2328 3447 «
2357 3394 2579 3451 Volunt
2606 3394 2763 3450 enim
2795 3393 3146 3462 signiﬁcare,
3179 3393 3369 3465 inquit
3397 3391 3632 3448 Clavius
3663 3393 3866 3453 noster,

2225 3485 2446 3540 Arabes
2477 3484 2623 3540 citra
2652 3483 2941 3555 tropicum
2965 3481 3169 3539 Cancri
3190 3481 3440 3550 venisse,
3464 3481 3572 3538 ubi
3602 3482 3865 3552 perpetuo

2224 3591 2534 3646 corporum
2560 3573 2780 3629 umbrae
2811 3575 2870 3628 in
2898 3573 3142 3628 meridie
3163 3587 3369 3627 versus
3390 3570 3862 3642 septentrionem,

2224 3663 2335 3719 hoc
2357 3667 2446 3718 est
2467 3663 2534 3718 ad
2557 3663 2820 3718 dextram
2845 3661 3055 3716 mundi
3079 3665 3324 3732 partem,
3340 3675 3651 3731 nunquam
3673 3671 3862 3713 versus

2224 3758 2492 3809 austrum
2524 3753 2594 3807 ad
2629 3751 2932 3807 sinistram
2964 3755 3190 3822 partem
3227 3749 3647 3822 projiciuntur.
3673 3769 3700 3796 ιι

2295 3841 2412 3898 Col.
2455 3841 2548 3897 137
2583 3841 2624 3895 B
2658 3841 2744 3895 11.
2781 3839 3022 3907 Quatuor
3068 3839 3225 3893 anni.
3255 3837 3405 3906 Non,
3449 3841 3516 3893 ut
3568 3837 3865 3908 interpres,

2223 3955 2251 3983 ‹‹
2285 3930 2723 3987 exactissimum
2754 3934 3084 4000 temporum
3119 3943 3492 3993 concursum,
3521 3948 3553 3977 ››
3578 3945 3687 3979 των
3720 3923 3864 3996 ὡρῶν

2223 4016 2557 4095 συνδρομήν.
2591 4017 2936 4074 Eustathius
2975 4017 3149 4073 vertit
3194 4017 3268 4072 ad
3299 4015 3568 4084 verbum,
3600 4035 3622 4062 ι
3658 4020 3723 4069 ut
3746 4011 3870 4067 dili-

2219 4110 2456 4182 gentius
2477 4108 2754 4163 horarum
2779 4105 2967 4179 possit
2987 4103 3180 4178 colligi
3203 4104 3460 4177 perfecta
3504 4101 3864 4160 concursio.»

2220 4198 2310 4255 Ita
2338 4197 2484 4254 dixit
2510 4196 2785 4254 Horatius
2814 4195 2873 4250 in
2903 4198 3031 4250 Arte
3060 4213 3076 4248 :

2330 4317 2436 4385 Qui
2462 4330 2639 4388 purgo
2671 4314 2838 4370 bilem
2864 4313 2966 4370 sub
2999 4314 3155 4368 verni
3180 4313 3436 4384 temporis
3465 4311 3672 4367 horam
3701 4327 3722 4364 :

2221 4437 2278 4490 et
2306 4435 2417 4491 ode
2449 4432 2515 4488 12
2545 4430 2646 4487 lib.
2680 4447 2699 4486 ι
2733 4447 2746 4486 :

2329 4577 2435 4646 Qui
2463 4591 2616 4632 mare
2646 4579 2696 4631 et
2723 4579 2922 4641 terras,
2953 4574 3236 4646 variisque
3262 4569 3530 4627 mundum

2790 4647 3071 4716 Temperat
3098 4645 3273 4700 horis.

2293 4790 2452 4855 Quod
2485 4792 2682 4846 autem
2714 4788 2797 4846 ait
2826 4787 3098 4844 Hebraos
3122 4784 3416 4858 quondam
3446 4782 3528 4838 ita
3560 4781 3762 4838 metiri
3791 4797 3872 4837 so-

2221 4878 2361 4936 litos
2382 4896 2628 4946 annum,
2647 4883 2713 4935 ut
2742 4877 2886 4934 luna
2905 4893 3034 4933 cum
3060 4891 3232 4932 suum
3262 4889 3501 4930 cursum
3527 4871 3868 4944 peregisset,

2223 4968 2363 5025 anni
2395 4967 2654 5024 effectrix
2681 4971 2855 5034 esset,
2890 4964 3112 5021 indicat
3154 4962 3391 5020 lunares
3420 4960 3666 5016 illorum
3700 4959 3872 5015 fuisse

2221 5074 2409 5115 annos
2439 5061 2496 5114 et
2524 5072 2778 5127 menses,
2811 5070 2878 5111 ac
2915 5053 3159 5127 proinde
3188 5068 3322 5108 cum
3350 5049 3668 5106 duodecim
3708 5049 3868 5104 luna-

2221 5147 2410 5205 tiones
2453 5145 2666 5218 elapsae
2696 5147 2914 5212 essent,
2936 5144 3063 5199 dies
3091 5145 3316 5198 tantum
3344 5157 3535 5197 cccuv
3569 5142 3867 5212 peractos;

2220 5252 2473 5308 cumque
2503 5234 2711 5292 solaris
2743 5250 2936 5290 annus
2958 5233 3035 5289 sit
3063 5231 3288 5288 dierum
3319 5245 3529 5286 cccnxv
3559 5245 3703 5286 cum
3738 5242 3870 5299 qua-

2221 5327 2449 5395 drante,
2473 5341 2712 5384 necesse
2743 5324 2926 5381 fuisse
2961 5337 3223 5379 mensem
3256 5317 3667 5376 intercalerem
3703 5314 3867 5373 adde-

2219 5433 2303 5486 re,
2337 5420 2403 5472 ut
2433 5417 2667 5473 lunares
2719 5414 2804 5471 illi
2853 5413 2993 5471 anni
3023 5409 3314 5468 solarihus
3345 5411 3746 5480 aquarentur.
3774 5407 3867 5458 Ca-

2220 5505 2384 5563 rolus
2415 5505 2693 5578 Sigonius
2730 5504 2833 5560 lib.
2863 5520 2948 5575 ιιι,
2971 5518 3100 5574 cep.
3135 5518 3174 5568 1,
3207 5500 3280 5556 De
3307 5497 3591 5571 republica
3622 5495 3866 5553 Hebraeo-

2219 5613 2345 5652 rum
2392 5596 2594 5664 tradit,
2626 5611 2726 5652 eos
2771 5591 3198 5666 interposuisse
3242 5589 3368 5646 dies
3415 5587 3544 5643 illos
3592 5582 3865 5642 undecim

2221 5701 2357 5743 cum
2411 5684 2756 5757 quadrante,
2784 5679 3044 5742 secundo
3074 5683 3134 5738 et
3169 5679 3374 5751 quarto
3425 5690 3668 5750 quoque
3721 5685 3865 5730 anno
