4120 6230
283 365 401 426 993

1389 365 1492 424 AD
1536 363 1912 424 HOMILIAS
1955 365 2036 424 IN
2080 365 2649 427 HEXAEMERON.

3577 377 3699 438 994

277 498 410 571 post
441 510 704 552 mensem
731 495 1142 551 duodecimum
1176 496 1278 567 qui
1317 496 1535 553 dicitur
1565 496 1736 564 Adar,
1769 495 1928 553 deci-
1957 498 2012 565 Α
2041 497 2196 569 quod
2228 499 2579 556 recentiores
2610 499 2815 568 Graci,
2849 504 2912 556 ut
2953 502 3365 570 Athenienses,
3396 507 3537 563 anni
3578 508 3700 565 for-

280 601 443 642 mum
467 584 727 653 tertium,
761 600 936 656 quem
968 586 1260 642 vocabant
1285 587 1522 659 Veadar,
1555 586 1782 641 dierum
1842 585 1932 640 vi-

272 674 418 743 ginti
450 675 700 730 duorum
734 680 791 730 et
820 673 1024 747 viginti
1059 675 1264 744 trium,
1297 697 1326 726 «
1355 675 1579 732 vicibus
1627 675 1932 732 alternatis

275 764 480 820 habita
519 763 744 820 ratione
775 764 1144 836 quadrantis.
1184 788 1204 815 ι
1242 765 1398 820 Beda
1425 781 1562 821 vero
1618 765 1677 820 in
1730 763 1832 820 lib.
1861 767 1934 822 De

276 863 581 925 temporum
612 855 852 924 ratione,
891 870 1017 926 cap.
1053 855 1143 926 43,
1172 855 1446 911 Hebraeos
1497 855 1598 925 ait,
1631 855 1732 928 qui
1779 855 1934 912 solos

276 944 515 999 lunares
547 943 606 998 in
637 941 762 1014 lege
811 949 1094 999 noverant
1139 948 1197 999 et
1255 944 1644 1000 observabant
1677 961 1936 1012 menses,

267 1043 440 1114 juxta
461 1039 790 1097 naturalem
816 1041 966 1098 luna:
986 1058 1226 1098 cursum
1250 1043 1491 1100 tricenis
1513 1043 1938 1100 undetricenis-

271 1148 387 1203 que
407 1132 618 1187 diebus
639 1132 1046 1188 communium
1064 1150 1354 1190 annorum
1380 1151 1614 1191 menses
1633 1135 1936 1191 duodenos

271 1221 649 1293 explicuisse,
669 1227 728 1278 et
751 1222 922 1279 tertio
943 1221 1032 1278 vel
1063 1225 1345 1293 secundo,
1368 1224 1467 1280 ubi
1489 1224 1756 1291 decebat,
1781 1240 1935 1302 anno

272 1311 518 1367 tertium
545 1311 842 1367 decimum
872 1311 932 1368 in
965 1312 1081 1368 ﬁne
1105 1314 1244 1368 anni
1269 1329 1529 1370 mensem
1553 1313 1799 1385 triginta
1821 1313 1940 1368 die-

273 1417 407 1456 rum
441 1400 788 1473 apposuisse
821 1401 1261 1458 embolismum.
1294 1407 1421 1460 Non
1473 1403 1674 1476 igitur,
1709 1408 1773 1458 ut
1816 1401 1942 1458 vult

270 1489 574 1562 Sigonius,
606 1491 866 1546 secundo
893 1495 950 1546 et
975 1497 1182 1562 quarto
1215 1509 1454 1564 quoque
1511 1509 1667 1548 anno
1719 1493 1942 1548 mensis

271 1577 481 1650 viginti
513 1579 763 1635 duorum
795 1585 899 1636 aut
929 1580 1134 1652 viginti
1181 1583 1362 1637 trium
1405 1582 1635 1638 dierum
1671 1599 1683 1638 :
1720 1582 1846 1648 sed,
1879 1585 1945 1638 ut

278 1668 449 1724 docet
474 1668 628 1724 Beda
659 1685 673 1724 :
709 1691 737 1718 ‹‹
768 1669 1141 1742 Colliguntur
1165 1675 1298 1742 post
1327 1675 1447 1726 tres
1477 1688 1663 1726 annos
1695 1672 1820 1727 dies
1839 1687 1942 1726 un-

278 1756 493 1826 decim,
525 1761 583 1812 et
611 1757 762 1814 fiunt
791 1758 916 1814 dies
949 1759 1192 1831 triginta
1221 1765 1361 1825 tres,
1396 1761 1551 1816 unde
1581 1760 1752 1816 tertio
1785 1775 1940 1816 anno

2041 602 2200 642 mam
2235 589 2292 642 C.
2313 587 2558 644 Cesaris
2591 590 2780 646 edicto
2815 596 3141 662 mutarunt,
3160 597 3218 649 et
3242 594 3544 653 Julianum
3575 614 3702 654 am-

2042 675 2191 748 plexi
2224 678 2735 751 suntzbabuitque
2759 679 2995 736 initium
3022 699 3195 738 suum
3224 700 3337 739 non
3365 685 3700 756 solstitiale,

2043 766 2144 821 sed
2176 769 2518 823 autumnale
2548 773 2603 823 ct
2644 768 3096 839 Alexandreum,
3131 789 3163 827 a
3213 790 3413 830 mense
3442 775 3703 847 Octobri,

2046 860 2110 911 ut
2138 871 2207 911 ex
2237 857 2466 913 decreto
2499 857 2732 915 illorum
2763 860 3059 932 colligitur
3096 864 3250 933 quod
3288 880 3391 935 pro
3436 868 3702 936 Hyrcano

2045 961 2278 1001 summo
2313 947 2583 1018 pontiﬁce
2613 947 2953 1004 Judazorum
3003 951 3319 1008 ediderunt
3349 954 3502 1025 apud
3534 954 3699 1010 Jose-

2045 1033 2230 1106 phum
2262 1034 2364 1092 lib.
2396 1053 2490 1092 x1v
2532 1037 2832 1110 Antiquit.,
2867 1055 2999 1110 cap.
3041 1041 3130 1095 46.

2118 1124 2237 1180 Col.
2274 1125 2375 1180 139
2423 1134 2465 1184 A
2512 1129 2596 1182 10.
2647 1129 2911 1200 Perwque
2959 1134 3305 1186 contuentur.
3361 1133 3704 1190 Eustathius
3769 1117 3774 1128 ’

2047 1214 2251 1270 eodem
2271 1216 2649 1285 modovertit,
2666 1241 2692 1267 ‹‹
2713 1218 2990 1275 similiter
3013 1219 3337 1276 intuentur.
3356 1244 3384 1271 »
3400 1221 3701 1280 Montacu-

2048 1303 2166 1358 tius
2199 1303 2440 1372 mavult,
2475 1329 2500 1355 α
2537 1307 2818 1378 aequalem
2852 1312 3226 1380 contuentur,
3255 1310 3364 1365 hoe
3395 1316 3502 1381 est,
3535 1313 3702 1383 ejus-

2049 1393 2181 1448 dem
2216 1393 2666 1466 magnitudinis,
2703 1418 2729 1446 »
2758 1402 2816 1452 et
2873 1397 2956 1453 ita
3004 1399 3334 1471 Carnarius,
3368 1423 3396 1450 «
3440 1401 3704 1458 Britanni

2048 1481 2333 1553 aequalem
2366 1482 2583 1540 vident.
2622 1508 2649 1534 «
2686 1486 2887 1554 Itaque
2918 1486 3111 1543 locum
3145 1488 3240 1544 hic
3272 1505 3386 1544 non
3421 1489 3598 1546 habet
3627 1491 3702 1546 il-

2047 1570 2149 1626 lud
2171 1569 2557 1642 Virgilianum
2587 1591 2605 1628 1
2635 1575 2876 1643 Λευκὴ,
2901 1593 3050 1632 vers.
3074 1577 3202 1645 568,
3225 1577 3587 1650 populariter
3616 1580 3705 1636 di-

2054 1665 2212 1716 ctum
2241 1677 2253 1715 :

2120 1768 2228 1823 Nec
2253 1775 2367 1824 tam
2395 1784 2625 1825 aversus
2651 1785 2813 1840 equos
2844 1771 3007 1841 Tyria
3034 1769 3122 1827 sol
3144 1773 3335 1844 jungit
3364 1773 3430 1828 ab
3477 1773 3632 1830 urbe.

281 1845 1238 1952 Ῑξξιθωδοίῖθωυδδθυίηῖνθτοδιδίίο
1263 1848 1483 1952 Ψεῖίξδίθ
1508 1849 1942 1952 υῇίυξοίτξεξηίθ
1974 1871 2022 1937 Β
2124 1874 2240 1930 Col.
2277 1875 2380 1930 143
2432 1879 2494 1930 Β.
2557 1877 2644 1947 10,
2704 1879 3042 1951 Euriporum
3090 1881 3357 1948 rae/luxus.
3412 1881 3706 1952 Interpres

285 1935 518 1990 dierum
535 1953 548 2002 ;
563 1939 681 1992 tres
702 1953 835 1992 vero
859 1937 958 2008 qui
983 1942 1305 2008 supersunt
1325 1938 1474 2004 dies,
1494 1937 1739 2007 adjectis
1761 1939 1941 1992 trium

286 2040 578 2080 annorum
612 2025 986 2096 sequentium
1015 2026 1205 2082 tribus
1247 2025 1485 2094 diebus,
1517 2026 1670 2082 ﬁunt
1699 2027 1944 2099 triginta

283 2129 419 2168 sex:
443 2128 590 2183 quos
607 2129 707 2168 sex
731 2114 780 2168 si
805 2114 1034 2169 duobus
1057 2115 1232 2170 annis
1264 2115 1551 2186 adjeceris
1593 2115 1695 2186 qui
1727 2115 1946 2171 habent

283 2205 355 2257 22
374 2202 526 2272 dies,
552 2203 692 2257 (ient
712 2201 836 2258 dies
852 2204 942 2258 28.
967 2204 1280 2274 Propterea
1312 2209 1443 2275 post
1476 2205 1798 2274 septimum
1835 2223 1943 2260 an-

286 2307 432 2347 num
469 2307 584 2346 non
617 2291 809 2356 tertio,
835 2293 935 2347 sed
966 2293 1225 2348 secundo
1247 2309 1400 2348 anno
1426 2293 1490 2348 ﬁt
1519 2292 1944 2348 intercalatio.»

289 2383 366 2436 De
396 2379 612 2436 Grecis
641 2379 902 2452 antiquis
933 2381 1264 2437 audiendus
1294 2380 1532 2436 Solinus
1564 2381 1622 2436 in
1665 2382 1943 2454 Polyhist.

288 2469 469 2540 cap.3
493 2487 506 2524 :
535 2489 563 2518 «
592 2468 1026 2540 Graaci,inquit,
1042 2468 1298 2541 singulis
1329 2469 1499 2524 annis
1530 2471 1801 2525 undecim
1821 2470 1948 2527 dies

292 2572 351 2622 et
403 2566 791 2638 quadrantem
823 2566 1223 2635 detrahebant,
1256 2581 1474 2639 eosque
1517 2567 1698 2622 octies
1744 2568 1947 2624 multi-

295 2655 545 2728 plicatos
573 2654 633 2710 in
663 2671 886 2710 annum
919 2671 1138 2710 nonum
1189 2656 1583 2724 reservabant,
1617 2662 1681 2712 ut
1711 2662 1948 2713 contra-

297 2749 429 2799 etus
463 2743 896 2814 nonagenarius
927 2759 1212 2799 numerus
1243 2744 1301 2799 in
1330 2759 1564 2799 menses
1584 2750 1703 2799 tres
1726 2761 1828 2816 per
1853 2745 1952 2800 tri-

299 2848 477 2888 cenos
515 2831 640 2888 dies
670 2832 1054 2901 scinderetur,
1075 2832 1175 2904 qui
1207 2849 1363 2888 anno
1398 2849 1550 2887 nono
1581 2833 1834 2888 restituti
1867 2817 1949 2888 ef;

301 2920 578 2975 iiciebant
632 2921 757 2976 dies
789 2921 1250 2993 quadringentos
1280 2937 1432 2990 xuv,
1463 2913 1829 2993 ἐμϐολίμους,
1861 2921 1949 2977 vel

302 3002 744 3079 ὑπερϐάλλοντας
773 3009 1178 3065 nominabant.
1213 3031 1242 3059 »
1276 3009 1605 3065 Macrobius
1636 3011 1812 3066 etiam
1845 3009 1947 3066 lib.

297 3116 317 3155 1
347 3097 658 3164 Saturnal.,
691 3115 820 3170 cap.
853 3097 959 3153 l3:
995 3121 1023 3148 «
1060 3097 1440 3154 lntercalares
1473 3103 1692 3154 statuta
1725 3098 1950 3154 ratione

297 3187 614 3242 commenti
647 3191 805 3254 sunt,
834 3186 915 3241 ita
944 3191 1010 3242 ut
1036 3191 1241 3242 octavo
1282 3202 1518 3259 quoque
1567 3203 1719 3242 anno
1762 3203 1945 3242 nona-

293 3275 456 3347 ginta
485 3275 718 3341 dies,ex
748 3276 966 3346 quibus
993 3280 1112 3331 tres
1141 3292 1374 3332 menses
1397 3276 1684 3330 tricenum
1718 3276 1946 3331 dierum

293 3368 772 3435 composuerunt,
823 3363 1268 3420 interealarent.
1326 3364 1384 3418 Id
1437 3363 1615 3420 Graeci
1667 3365 1950 3429 fecerunt,

295 3461 577 3533 quoniam
609 3466 734 3516 erat
761 3477 1075 3532 operosum
1095 3466 1270 3533 atque
1287 3461 1528 3516 difﬁcile
1553 3462 1827 3516 omnibus
1848 3478 1950 3517 an-

299 3551 394 3604 nis
421 3566 481 3604 ιι
510 3551 637 3605 dies
667 3555 724 3604 et
773 3551 1157 3620 quadrantem
1190 3549 1556 3606 intercalare.
1596 3554 1796 3622 Itaque
1829 3566 1953 3604 ma-

299 3637 542 3693 luerunt
565 3638 717 3692 hunc
740 3653 1052 3693 numerum
1070 3642 1252 3693 octies
1270 3637 1683 3710 multiplicare,
1707 3644 1764 3693 et
1784 3655 1957 3693 nona-

305 3727 472 3799 ginta
500 3727 646 3794 dies,
682 3727 782 3797 qui
815 3727 1225 3791 nascuntur,'si
1258 3727 1556 3798 quadrans
1578 3743 1710 3781 eum
1746 3727 1955 3782 diebus

308 3814 579 3870 undecim
603 3815 784 3870 octies
805 3819 1212 3886 componatur,
1237 3815 1494 3870 inserere
1513 3816 1572 3869 in
1600 3831 1698 3870 sex
1725 3831 1956 3871 menses

301 3904 764 3960 distribuendos.
799 3925 827 3952 »
869 3908 1011 3958 Item
1060 3904 1390 3959 Herodotus
1430 3903 1531 3960 lib.
1566 3921 1605 3958 11
1641 3921 1652 3959 :
1685 3902 1956 3972 Ἕλληνες

303 3988 395 4045 διὰ
435 3991 630 4065 τρίτου
673 3988 789 4052 ἔτος
846 3985 1153 4063 ἐμϐόλιμον
1188 3985 1599 4062 ἐπεμϐάλλουσι
1629 3995 1736 4045 τῶν
1771 3990 1957 4064 ὡρέων

296 4077 474 4134 ἕνεκα·
514 4101 540 4128 ‹‹
587 4080 768 4137 Grmci
826 4081 996 4135 tertio
1050 4097 1283 4152 quoque
1339 4097 1493 4136 anno
1550 4081 1957 4137 interealarem

304 4185 565 4225 mensem
597 4169 980 4225 introducunt
1027 4173 1356 4240 temporum
1391 4170 1599 4242 gratia.
1638 4193 1667 4221 »
1700 4171 1960 4242 Denique

304 4259 632 4314 secundum
665 4258 951 4330 quosdam
971 4261 1197 4313 Graecos
1218 4259 1370 4330 apud
1405 4259 1818 4330 Epiphanium,
1844 4261 1957 4314 hae-

306 4347 420 4403 resi
455 4364 582 4411 Lxx,
613 4346 747 4401 licet
774 4346 948 4402 tertio
979 4363 1214 4418 quoque
1243 4363 1398 4402 anno
1439 4348 1542 4402 fiat
1593 4348 1960 4405 intercalatio

305 4437 484 4492 unius
517 4435 739 4490 mensis
766 4435 1012 4507 triginta
1043 4435 1297 4502 dierum,
1331 4440 1389 4490 et
1421 4441 1582 4491 sexto
1623 4438 1764 4491 item
1806 4454 1961 4494 anno

306 4526 550 4580 alterius
582 4525 805 4580 mensis
834 4524 1079 4596 triginta
1107 4524 1245 4579 item
1271 4525 1732 4594 dierum,tamen
1756 4532 1960 4583 octavo

210 4601 224 4618 ⁸
308 4629 466 4668 anno
497 4614 800 4681 interiecto
857 4614 1028 4668 tertio
1076 4613 1217 4667 item
1252 4629 1451 4669 mense
1481 4614 1780 4669 concludit
1815 4631 1827 4670 :
1858 4614 1962 4670 Καὶ

304 4700 480 4762 οὕτως
513 4701 650 4754 κατὰ
679 4697 932 4773 περίοδον
969 4698 1354 4770 ὀκταετηρίδος
1413 4699 1759 4772 ἐννενήκοντα
1817 4702 1962 4775 ἡμὲ-

308 4809 421 4865 ραι,
454 4789 654 4851 οἳτινὲς
697 4788 799 4843 εἱσι
848 4786 1218 4862 πληρέστατοι
1261 4784 1564 4861 ἐμϐόλιμοι
1601 4796 1764 4862 μῆνες
1794 4797 1959 4864 τρεῖς,

312 4890 366 4943 οἳ
429 4887 668 4943 γίνονται
719 4888 854 4943 κατὰ
909 4889 1034 4963 τρία
1090 4884 1182 4957 ἔτη
1249 4891 1356 4960 μὴν
1404 4891 1504 4960 εἷς,
1537 4890 1627 4942 καὶ
1675 4890 1810 4943 κατᾶ
1867 4887 1961 4944 δύο

309 4977 505 5049 ὕστερα
544 4973 636 5047 ἔτη
673 4979 780 5050 μὴν
814 4978 908 5040 εἷς’
943 5001 970 5028 ‹‹
1002 4983 1187 5049 Atque
1244 4979 1324 5033 ita
1385 4994 1488 5050 per
1543 4980 1799 5034 octennii
1848 4980 1960 5034 cir-

309 5069 534 5124 cuitum
568 5067 990 5122 intercalantur
1019 5068 1144 5122 dies
1174 5067 1518 5137 nonaginta,
1552 5067 1648 5138 qui
1679 5071 1819 5121 sunt
1844 5068 1961 5138 ple-

314 5157 552 5213 nissimi
583 5172 817 5211 menses
849 5154 1225 5210 intercalares
1274 5160 1414 5217 tres,
1449 5160 1503 5209 et
1546 5155 1607 5210 ﬁt
1646 5154 1704 5208 in
1759 5157 1965 5226 primis

314 5247 508 5301 tribus
540 5247 712 5300 annis
744 5244 964 5300 mensis
999 5249 1248 5312 unus,et
1280 5245 1334 5298 in
1369 5245 1599 5300 duobus
1634 5245 1966 5316 posteriori-

315 5336 428 5391 bus
459 5334 632 5391 annis
670 5334 890 5390 mensis
912 5349 1085 5389 unus.
1121 5354 1149 5382 ››
1183 5337 1382 5404 Itaque
1413 5333 1470 5387 in
1502 5334 1768 5388 eamdem
1802 5351 1963 5390 sum-

314 5439 470 5478 mam
505 5424 654 5478 redit
683 5431 809 5493 posl
841 5426 970 5476 octo
1010 5438 1196 5478 annos
1246 5422 1566 5493 nonaginta
1615 5423 1842 5477 dierum
1905 5424 1964 5478 in

313 5514 508 5568 tribus
526 5512 830 5566 mensibus
854 5511 1237 5566 intercalatio.
1265 5511 1565 5566 Postremo
1590 5512 1834 5566 observa
1858 5511 1964 5568 Ba-

317 5601 519 5657 silium
553 5600 769 5656 dixisse
783 5601 1114 5657 Graecorum
1137 5599 1586 5671 antiquissimos
1619 5617 1848 5656 menses
1870 5601 1968 5656 ha-

316 5690 519 5746 buisse
569 5689 826 5755 lunares,
854 5695 911 5746 et
960 5706 1143 5745 unum
1190 5689 1612 5747 intercalassc:
1662 5693 1968 5762 pr0pterea

2052 1963 2135 2019 ita
2195 1963 2315 2018 haec
2372 1970 2760 2035 expresserat,
2797 1971 2859 2020 ut
2915 1967 3262 2038 Euriporum
3315 1974 3524 2024 aestum
3574 1985 3708 2024 cum

2056 2051 2264 2107 Oceani
2296 2057 2437 2107 testu
2481 2052 2774 2119 misceret,
2802 2076 2830 2105 «
2855 2059 2912 2109 et
2959 2060 3134 2110 aestus
3166 2057 3341 2111 etiam
3375 2058 3708 2130 gurgitesve

2055 2140 2232 2196 maris
2265 2140 2569 2212 reciproci,
2594 2143 2807 2213 partim
2854 2143 2913 2197 in
2937 2143 3188 2213 Euripis,
3211 2145 3422 2216 partim
3451 2146 3506 2200 in
3533 2145 3712 2201 Ocea-

2057 2246 2152 2295 no,
2187 2245 2334 2301 quos
2366 2229 2632 2286 ordinate
2662 2232 2942 2302 consequi
2972 2250 2984 2299 ;
3026 2254 3052 2285 α
3085 2233 3357 2288 distinxit
3380 2250 3478 2288 eos
3501 2237 3709 2289 Eusta-

2057 2317 2218 2373 thius
2247 2319 2355 2373 hoc
2389 2325 2555 2390 pacto
2588 2336 2601 2374 :
2635 2342 2663 2368 «
2702 2320 3051 2391 Euriporum
3093 2337 3322 2393 quoque
3355 2326 3584 2378 meatus
3617 2339 3706 2378 re-

2057 2406 2211 2461 ﬂuus
2264 2406 2374 2462 hoc
2426 2407 2670 2473 indicat,
2725 2408 2813 2463 vel
2874 2410 3051 2465 etiam
3136 2412 3513 2482 reciprocatio
3573 2412 3712 2484 Syr-

2057 2496 2229 2564 tium,
2273 2513 2400 2567 quaz
2449 2496 2648 2551 vicina:
2701 2497 2997 2553 habentur
3053 2499 3280 2555 Oceano
3322 2517 3336 2567 ;
3381 2523 3408 2549 »
3461 2505 3518 2555 et
3573 2500 3714 2556 Cor-

2059 2585 2260 2639 narius
2320 2602 2332 2640 :
2389 2607 2416 2634 ‹‹
2475 2586 2824 2657 Euriporum
2894 2589 3193 2654 reﬂuxus,
3243 2594 3300 2644 et
3358 2589 3538 2644 maris
3599 2589 3712 2645 cir-

2057 2689 2125 2728 ea
2179 2677 2473 2728 Oceanum
2524 2674 2882 2745 appellatum
2947 2677 3365 2749 reciprocatio;
3420 2701 3447 2727 »
3500 2679 3712 2734 distin-

2056 2761 2141 2816 xit
2193 2767 2251 2816 et
2326 2763 2532 2818 Strabo
2590 2764 2694 2820 lib.
2762 2781 2801 2833 1,
2855 2782 2982 2836 pag.
3064 2766 3132 2819 38
3193 2783 3206 2821 :
3278 2763 3406 2838 Περὶ
3465 2766 3560 2838 μὲν
3617 2763 3709 2820 οὖν

2055 2852 2165 2903 τῶν
2219 2845 2634 2925 πλημμυρίδων
2694 2851 2783 2904 καὶ
2848 2857 2957 2906 τῶν
3046 2851 3350 2924 ἀμπώτιων
3430 2853 3708 2927 εἰρήκασιν

2058 2938 2258 3000 ἱκανῶς
2319 2937 2682 3002 Ποσειδώνιός
2736 2960 2793 2994 τε
2834 2940 2923 2994 καὶ
2974 2939 3424 3017 ’Λνθηνόδωρος·
3477 2942 3601 3019 περὶ
3656 2941 3713 2999 δὲ

2057 3033 2157 3096 τῆς
2204 3031 2312 3081 τῶν
2369 3032 2635 3099 πορθμῶν
2683 3027 3010 3105 παλιῤῥοίας
3091 3028 3260 3106 εἷ’πςῖν
3321 3026 3567 3108 ἀπόχρη,
3629 3032 3712 3088 ὅτι

2060 3113 2186 3170 οὐδὲ
2243 3117 2318 3177 εἷς
2374 3111 2578 3191 τρόπος
2633 3121 2727 3171 τοῦ
2789 3115 3015 3192 ῥοώδεις
3048 3118 3180 3172 εἶναι
3224 3118 3351 3182 τοὺς
3402 3121 3710 3196 πορθμοὺς,

1979 3223 2022 3290 C
2063 3206 2092 3258 δ
2148 3225 2208 3280 γε
2261 3206 2378 3259 κατ’
2433 3203 2610 3267 εἶδος·
2662 3204 2879 3290 οὐῗγὰρ
2939 3206 3000 3261 ἃν
3046 3208 3074 3262 ὁ
3137 3208 3230 3280 μὶν
3287 3207 3574 3272 Σικελικὸς
3631 3208 3713 3272 δὶς

2063 3294 2292 3364 ἑκάστης
2339 3294 2550 3366 ἡμέρας
2606 3289 2922 3367 μετέϐαλεν,
2962 3296 2990 3350 ὁ
3049 3293 3107 3350 δὲ
3162 3293 3487 3360 Χαλκιδικὸς
3547 3299 3710 3353 ἑπτά-

2058 3401 2164 3443 κιςο
2195 3409 2214 3431 ι
2252 3385 2535 3438 Caeterum
2570 3385 2641 3438 de
2674 3385 2854 3439 maris
2883 3387 3225 3442 aestuatione
3248 3387 3714 3460 sufﬁciunt,quze

2063 3472 2431 3527 aPosidonio
2461 3478 2602 3527 sunt
2631 3479 2684 3528 et
2716 3474 3088 3531 Athenodoro
3119 3477 3289 3530 dicta.
3326 3477 3403 3531 De
3436 3478 3713 3534 fretorum

2064 3566 2257 3616 autem
2297 3561 2456 3616 ﬂuxu
2508 3579 2572 3617 ac
2625 3562 2870 3628 refluxu,
2917 3580 3050 3619 eum
3094 3564 3203 3633 ipsi
3247 3581 3481 3636 quoque
3527 3566 3718 3638 magis

2065 3650 2368 3722 physicam
2397 3666 2629 3705 causam
2650 3649 2922 3719 habeant,
2944 3653 3051 3708 hoc
3073 3653 3291 3708 dixisse
3313 3655 3716 3719 sufﬁciet,non

2065 3754 2251 3791 unum
2283 3754 2411 3792 esse
2434 3738 2491 3792 in
2524 3741 2862 3793 universum
2899 3741 3137 3795 modum
3169 3747 3349 3796 (estus
3400 3743 3560 3798 fretis
3591 3760 3717 3798 om-

2068 3826 2272 3880 nibus:
2297 3827 2516 3898 alioqui
2539 3844 2652 3882 non
2675 3827 2936 3882 Siculum
2965 3830 3053 3883 bis
3079 3831 3343 3900 quotidie
3368 3837 3718 3896 mutaretur,

2067 3914 2462 3970 Chalcidicum
2498 3917 2734 3987 septies.
2760 3939 2787 3965 »
2810 3919 2879 3970 At
2920 3917 3066 3972 libro
3090 3935 3166 3985 1x,
3191 3935 3320 3988 pag.
3354 3921 3460 3973 278
3483 3919 3720 3973 :‘Ema’z-

2065 4022 2150 4063 κις
2232 3997 2590 4074 μεταϐάλλειν
2669 4002 2815 4079 φασὶ
2878 4003 2994 4057 καθ’
3051 4005 3260 4078 ἡμέραν
3329 4005 3556 4074 ἑκάστην
3629 4006 3719 4060 καὶ

2065 4091 2250 4145 νύκτα·
2284 4115 2311 4142 ‹‹
2363 4092 2589 4163 Septies
2647 4092 2857 4164 quavis
2913 4093 3005 4148 die
3057 4110 3124 4149 ac
3181 4099 3349 4150 nocte
3405 4096 3649 4152 mutari.
3692 4119 3721 4145 »

2069 4181 2430 4253 Pomponius
2459 4180 2602 4236 Mela
2633 4181 2736 4236 lib.
2772 4199 2836 4246 11,
2869 4199 2995 4253 cap.
3026 4183 3061 4234 7
3094 4200 3107 4238 :
3137 4206 3163 4231 ‹‹
3199 4184 3481 4254 Euripum
3513 4191 3723 4240 vocant

2070 4270 2340 4340 rapidum
2367 4285 2526 4324 mare
2545 4274 2600 4325 et
2623 4269 2846 4326 alterno
2867 4287 3041 4326 cursu
3066 4271 3284 4341 septies
3307 4271 3403 4327 die
3425 4288 3491 4327 ac
3508 4272 3725 4344 septies

2071 4363 2239 4413 nocte
2267 4358 2544 4413 fluctibus
2570 4357 2813 4412 invicem
2839 4358 3042 4414 versis.
3068 4381 3096 4407 ››
3144 4359 3339 4415 Livius
3387 4365 3583 4416 tamen
3617 4361 3720 4417 lib.

2070 4464 2300 4515 xxxvm,
2327 4463 2441 4502 non
2473 4447 2690 4518 septies
2715 4447 2830 4515 die,
2863 4447 3016 4502 sicut
3060 4449 3216 4503 fama
3265 4448 3392 4516 fert,
3445 4450 3724 4521 tempori-

2072 4535 2182 4590 bus
2213 4534 2384 4589 statis
2415 4534 2773 4605 reciprocare
2813 4534 3039 4604 scribit,
3072 4536 3173 4590 sed
3227 4541 3447 4592 temere
3495 4538 3549 4592 in
3593 4553 3722 4593 mo-

2074 4623 2215 4677 dum
2247 4622 2399 4677 veuti
2433 4639 2589 4678 nunc
2615 4622 2728 4677 huc
2754 4639 2906 4677 nunc
2939 4622 3081 4678 illud
3111 4641 3279 4678 verso
3303 4626 3474 4681 mari.
3502 4626 3725 4682 Plinius

2072 4713 2347 4783 denique.
2389 4711 2490 4766 lib.
2516 4729 2555 4766 11
2597 4713 2796 4767 Hister.
2830 4714 3096 4779 naturaL,
3131 4729 3262 4784 cap.
3293 4716 3390 4778 97,
3430 4715 3527 4770 ubi
3563 4716 3726 4770 Euri-

2073 4817 2213 4872 pum
2247 4799 2388 4854 dixit
2420 4800 2637 4870 septies
2670 4799 2762 4854 die
2801 4816 2865 4854 ac
2898 4806 3065 4854 nocte
3099 4803 3483 4873 reciprocare,
3510 4804 3675 4858 addit
3707 4820 3720 4857 :

2073 4912 2100 4937 «
2135 4893 2329 4942 Bstus
2364 4888 2516 4942 idem
2549 4887 2742 4943 triduo
2775 4893 2833 4942 tn
2872 4905 3072 4944 mense
3119 4890 3413 4959 consistit,
3446 4891 3719 4962 septima,

2074 4985 2293 5043 octava,
2327 4993 2593 5048 nonaque
2628 4977 2783 5032 luna.
2809 5000 2834 5026 ››
2867 4979 2950 5034 Ita
2980 4979 3139 5034 varia
3169 4981 3239 5035 de
3273 4981 3514 5037 aestibus
3546 4984 3728 5037 maris

2074 5073 2411 5131 narrantur,
2447 5082 2694 5136 quorum
2738 5083 2948 5122 causas
2989 5069 3254 5124 diversas
3304 5072 3520 5138 profert
3569 5071 3723 5126 idem

2075 5155 2298 5209 Plinius
2332 5159 2450 5207 toto
2486 5155 2580 5208 illo
2612 5157 2802 5224 capite
2835 5156 2965 5209 libri
2995 5173 3056 5210 11.

2146 5243 2261 5298 C01.
2300 5243 2397 5296 Uti
2430 5247 2476 5296 D
2510 5243 2558 5296 1.
2593 5241 2758 5312 Ὑμᾶς
2786 5249 2883 5309 τῆς
2914 5243 3141 5298 ἑαυτῶν.
3176 5249 3240 5299 In
3272 5244 3581 5300 Basiliensi
3613 5247 3730 5301 edi-

2077 5332 2233 5386 tione
2277 5332 2563 5402 scriptum
2605 5332 2714 5385 fuit
2759 5332 2929 5401 ἡμᾶς,
2963 5339 3022 5387 at
3069 5332 3358 5402 interpres
3395 5331 3532 5402 ὑμᾶς
3566 5333 3725 5404 legit.

2079 5421 2307 5475 Rursus
2339 5419 2676 5473 Basiliensis
2709 5419 2915 5473 habuit
2956 5417 3110 5492 λόγῳ
3159 5425 3410 5490 μετρῆτε,
3441 5424 3496 5475 ct
3527 5417 3724 5474 ἀναλο-

2076 5510 2322 5583 vinctis,
2354 5512 2469 5566 duo
2514 5527 2644 5565 vere
2693 5510 2849 5580 ltegii
2885 5512 3200 5581 praeferunt
3229 5510 3400 5580 ἡμᾶς,
3433 5516 3489 5566 et
3523 5517 3724 5585 μετρῆ-

2074 5620 2183 5668 ται,
2217 5605 2274 5657 et
2321 5599 2757 5673 ἀναλογίζεσθαι.
2812 5598 3255 5654 Emendandum
3301 5598 3528 5655 videtur
3574 5601 3724 5672 ἡμᾶς

2072 5695 2171 5756 τῆς
2207 5689 2428 5754 ἑαυτῶν,
2463 5695 2521 5746 et.
2553 5695 2806 5761 μετρῆτε,
2837 5693 2893 5744 et
2952 5688 3076 5760 παρ’
3117 5688 3328 5748 ἑαυτοῖς
3392 5686 3719 5762 ἀναλογίση-
