4128 6216
478 306 596 367 993

1666 304 1904 366 NOTJE
1946 305 2114 366 FBO]

2226 307 2394 370 DNIS
2436 308 2699 376 DUGJEI
3707 328 3805 390 998

480 438 588 493 σθε.
617 436 965 495 Eustathius
1007 453 1020 494 :
1056 456 1084 486 «
1121 435 1513 503 Quamobrem
1563 438 1793 508 oportet
1847 452 2122 493 accusare
2151 443 2206 509 Α
2235 439 2516 511 gniﬁcare
2547 442 2662 500 ista
2687 442 2985 502 Tilmanni
3015 447 3210 515 verba,
3242 471 3271 500 ‹‹
3301 448 3502 521 quibus
3529 460 3803 517 nomencla-

481 545 649 584 suam
675 543 966 598 quemque
996 525 1192 598 potius
1234 524 1719 596 imbecillitatem,
1750 529 1814 581 ut
1854 543 1968 582 non
2003 543 2126 583 ma-

479 617 878 690 gnificentiam
919 620 1324 672 creaturarum
1371 615 1567 671 verbis
1612 615 1889 671 humanis
1935 616 2128 671 metiri

480 723 652 780 posse
702 707 994 762 credatur.
1031 728 1057 755 »
1091 705 1410 760 Carnarius
1451 705 1521 760 ad
1575 707 1819 761 verbum
1868 705 2075 760 extulit
2111 720 2124 760 :

477 822 502 847 α
537 796 792 852 Candide
825 794 1006 868 igitur
1035 798 1268 866 oportet
1299 811 1406 850 nos
1438 799 1694 851 nostram
1723 794 1986 867 ipsorum
2011 795 2125 850 im-

474 888 852 945 becillitatem
885 903 1186 953 accusare,
1223 891 1288 942 ut
1321 903 1393 942 ne
1415 892 1615 943 nostra
1646 887 1909 943 aratione
1941 886 2126 942 maxi-

476 995 571 1033 ma
601 978 835 1051 apiﬁcia
855 977 1220 1048 expendatis,
1254 976 1356 1033 sed
1391 993 1460 1032 ex
1489 977 1693 1048 paucis
1719 975 1918 1032 relatis
1969 976 2124 1048 apud

470 1084 573 1123 vos
605 1067 762 1138 ipsos
787 1065 1123 1139 supputetis
1155 1068 1466 1137 quotnam,
1502 1088 1530 1116 »
1563 1071 1672 1122 etc.

541 1173 657 1228 Cal.
694 1172 798 1228 147
822 1172 864 1225 Β
911 1173 996 1226 10.
1033 1173 1220 1240 Ranae,
1246 1172 1544 1226 muliones.
1575 1170 1911 1227 Orniserant
1958 1168 2124 1240 ἐμπί-

472 1257 558 1322 δες
590 1261 989 1335 Argyropylus
1020 1267 1078 1317 et
1099 1260 2123 1317 Carnarius:Eustathiusumuscaa»

473 1352 666 1407 vertit.
698 1351 1064 1408 Glossarium
1114 1348 1295 1422 ἐμπίς,
1333 1371 1357 1402 α
1410 1366 1616 1406 musca
1662 1349 1910 1407 vinaria.
1942 1371 1969 1399 »
2001 1349 2124 1404 Til-

473 1457 728 1495 mannus
776 1440 1088 1496 substituit
1145 1461 1172 1492 α
1220 1439 1532 1494 muliones.
1568 1461 1596 1489 ››
1627 1444 1775 1494 Sunt
1819 1439 2059 1510 quidem
2094 1455 2124 1494 e

470 1528 729 1584 culicum
760 1545 970 1600 gencre
1000 1527 1292 1583 muliones
1317 1531 1468 1599 apud
1493 1526 1934 1593 Plinium,libro
1959 1525 2126 1583 nimi-

471 1635 604 1672 rum
634 1635 712 1683 χι,
747 1633 800 1672 c.
832 1617 900 1671 l8
934 1633 946 1669 ε
981 1617 1082 1670 sed
1115 1622 1386 1686 quaerunt
1417 1615 1522 1670 viri
1553 1616 1708 1671 docti
1739 1615 1874 1687 quis
1923 1619 2126 1670 auctor

469 1702 950 1777 dixerit,ép.1ri8a<
977 1703 1307 1759 Graecorum
1334 1721 1463 1760 esse
1487 1727 1514 1753 ιι
1559 1704 1870 1760 muliones.
1889 1726 1916 1754 »
1951 1705 2126 1760 Scho-

468 1797 669 1852 liastes
699 1793 1114 1866 Aristophanis
1144 1797 1205 1848 in
1235 1797 1421 1852 Nube:
1450 1812 1470 1849 :
1503 1789 1784 1865 Ἐμπίδες,
1817 1792 1909 1856 οὖς
1957 1794 2124 1864 ἡμεῖς
2157 1827 2203 1891 Β

466 1885 740 1944 κώνωπας
771 1879 1069 1955 καλοῦμεν,
1103 1882 1154 1936 οἱ
1186 1878 1244 1936 δὲ
1296 1878 1436 1944 εἶδος
1489 1881 1751 1943 κώνωπος
1806 1880 2122 1955 Rapa-uorat-

471 1992 594 2045 μιον
631 1972 774 2041 ζωήν
810 1969 1058 2046 ἔχοντος·
1079 1994 1106 2022 ‹‹
1130 1968 1573 2043 Ἑμπίδεςμμιοε
1598 1988 1704 2026 nos
1725 1971 1942 2026 culices
1964 1987 2124 2026 voca-

468 2077 633 2117 mus:
667 2060 766 2116 alii
798 2062 1002 2116 dicunt
1035 2056 1265 2131 ἐμπίδας
1296 2077 1425 2116 esse
1455 2077 1642 2133 genus
1673 2060 2121 2132 culicum,quod

471 2151 637 2220 iuxta
668 2149 915 2205 ﬂumina
947 2148 1096 2204 solet
1125 2149 1392 2205 vivere:»
1417 2155 1474 2204 et
1503 2150 1560 2204 in
1591 2148 2122 2221 Lysislratam,'Ep-

465 2237 559 2301 πὶς
585 2238 809 2311 κώνωψ,
837 2238 872 2308 ἢ
915 2233 1054 2299 εἶδος
1090 2238 1233 2306 ζώου
1264 2236 1409 2314 παρὰ
1451 2243 1569 2300 τοῖς
1620 2235 1774 2292 ὕδασι
1827 2235 2119 2312 γενόμενον

453 2327 660 2402 ὅμοιον
703 2326 950 2395 κώνωπι,
990 2331 1174 2400 μεῖζον
1209 2324 1285 2382 δέ·
1320 2351 1347 2379 ‹‹
1398 2329 1595 2384 Genus
1646 2327 1914 2384 animalis
1964 2328 2120 2399 quad

457 2421 630 2492 juxta
653 2434 837 2490 aquas
866 2418 1132 2474 nascitur
1161 2416 1356 2473 simile
1385 2417 1579 2484 culici,
1613 2419 1713 2474 sed
1752 2417 2056 2489 grandius.
2095 2439 2115 2467 ι

468 2507 880 2578 Dalecampius
912 2512 1106 2563 tamen
1140 2510 1383 2562 annotat
1411 2507 1468 2562 in
1501 2506 1668 2562 illum
1703 2507 1871 2564 Plinii
1901 2506 2118 2574 locum,

466 2591 700 2668 ἐμπίδας
731 2594 1026 2651 Aristoteli
1073 2611 1205 2651 esse
1252 2594 1565 2664 muliones,
1613 2595 1716 2667 qui
1765 2600 2008 2652 onustos
2059 2596 2117 2651 in

467 2687 562 2742 via
591 2684 786 2741 mulos
808 2685 1030 2741 aestatis
1060 2689 1322 2756 tempore
1349 2685 1639 2740 divexant.
1669 2685 1855 2740 Locus
1896 2689 1986 2740 est
2017 2684 2118 2740 lib.

466 2793 503 2830 v
533 2775 794 2832 Historia?
835 2774 1185 2840 animalium,
1236 2791 1362 2846 cap.
1412 2774 1477 2828 19
1512 2790 1525 2830 :
1556 2773 1626 2829 Αἱ
1673 2769 1719 2826 δ’
1765 2769 1991 2845 ἐμπίδες
2037 2771 2119 2848 yi-

467 2883 646 2918 νονται
697 2861 756 2917 ἐκ
810 2866 920 2916 τῶν
967 2858 1272 2937 ἀσκαρίδων
1305 2880 1318 2918 :
1353 2879 1517 2935 quem
1564 2864 1648 2918 ita
1695 2864 2122 2936 interpretatur

470 2953 851 3010 doctissimus
892 2952 1235 3025 Theodorus
1263 2956 1455 3007 Gaza:
1491 2974 1512 3002 σι
1553 2951 1779 3008 Culices
1828 2950 2118 3008 muliones

470 3060 540 3101 ex
569 3043 877 3111 ascaridis,
909 3042 1020 3097 hac
1050 3046 1139 3098 est
1168 3041 1375 3113 tipulis
1406 3047 1786 3113 generantur.
1826 3063 1851 3090 ››

541 3150 689 3205 Ibid.
723 3150 763 3204 C
795 3149 881 3204 12.
925 3150 1042 3204 Etsi
1086 3156 1290 3204 autem.
1324 3149 1453 3203 Haec
1504 3148 1829 3204 substituta
1872 3152 2012 3204 sunt
2056 3147 2117 3204 in

2237 530 2408 587 turis.
2446 555 2468 582 ι
2495 532 2840 592 Eustathius
2883 553 3117 610 quoque
3161 538 3370 596 melius
3398 542 3588 609 extulit
3615 562 3627 601 :
3657 550 3806 607 «Sive

2238 619 2443 677 ovilica
2472 623 3102 698 nominaveris,qualia
3124 630 3464 686 suntamnia
3493 649 3620 704 pene
3637 651 3805 708 genera

2237 707 2524 780 piscium;
2559 717 2616 768 et
2645 714 2959 771 Carnarius
2991 731 3006 772 :
3039 737 3068 766 «
3103 716 3228 772 Non
3259 718 3502 791 ovipara,
3532 707 3807 794 quaelermc

2237 803 2376 854 sunt
2404 801 2604 857 omnia
2634 802 2888 874 piscium
2919 820 3153 876 genere.
3189 827 3217 854 »

2306 895 2428 952 Col.
2461 898 2563 952 149
2592 901 2638 953 Α
2677 899 2729 953 4.
2763 900 2903 956 Ὅσα
2951 897 3268 976 φωλιδωτά.
3319 903 3720 967 Emendandum
3756 929 3809 968 ex

2236 985 2469 1041 duobus
2492 986 2686 1059 Regiis
2713 984 3020 1064 φολιδωτά.
3061 990 3393 1060 Carnarius,
3417 1016 3444 1045 (ι
3471 1012 3744 1068 squamosa
3765 1008 3810 1058 et

2235 1074 2540 1143 corticosa,
2577 1098 2605 1126 ››
2637 1078 2809 1134 vertit
2839 1075 3118 1133 λεπιδωτοί
3145 1086 3205 1136 et
3229 1077 3518 1157 φολιδωτά,
3549 1089 3682 1158 quod
3727 1090 3812 1145 La.

2235 1164 2397 1219 tinus
2427 1181 2620 1222 sermo
2651 1166 2812 1222 aliud
2843 1184 3238 1241 synonymum
3268 1176 3553 1242 squamosi
3600 1193 3699 1233 non
3732 1178 3812 1235 ha-

2238 1253 2374 1308 beat
2405 1269 2418 1308 :
2453 1255 2608 1324 quod
2659 1255 2817 1311 enim
2875 1262 2966 1313 est
3011 1257 3071 1313 in
3128 1259 3433 1331 reptilibus
3481 1258 3650 1338 φολὶς,
3675 1265 3723 1321 id
3771 1269 3816 1323 in

2236 1343 2554 1414 aquatibus
2583 1349 2674 1400 est
2723 1342 2900 1414 λεπὶς,
2931 1347 3134 1405 Latine
3164 1371 3192 1400 «
3237 1366 3481 1422 squama
3509 1374 3535 1402 ι)
3581 1353 3633 1408 in
3674 1356 3812 1412 utris-

2234 1448 2369 1502 que.
2401 1433 2494 1488 Sic
2527 1433 2586 1489 in
2615 1435 2876 1506 Epistola
2905 1439 2962 1492 8.
2995 1437 3208 1509 Ignatii
3255 1439 3328 1494 ad
3375 1441 3743 1512 Antiochenas,
3767 1463 3809 1517 p.

2237 1521 2360 1586 196,
2389 1521 2728 1593 legendum,
2762 1530 2829 1581 ut
2859 1543 3048 1597 nuper
3076 1528 3536 1600 emendavimus,
3561 1529 3672 1592 τοὺς
3698 1529 3812 1608 ὄφεις

2231 1609 2359 1670 τοὺς
2390 1609 2744 1684 συρομένουςν,
2776 1611 2844 1667 τὰ
2891 1610 3172 1689 φολιδωτὰ
3232 1612 3531 1689 δρακόντια,
3557 1619 3640 1683 τὰς
3682 1619 3810 1675 ἀσπί-

2235 1694 2348 1770 δας,
2383 1721 2410 1750 α
2442 1707 2743 1773 serpentes
2799 1720 2978 1776 super
3024 1710 3227 1776 pectus
3278 1713 3553 1780 repentes,
3581 1710 3812 1768 dracones

2233 1805 2605 1860 squamosos,
2621 1791 2880 1864 aspidas,
2897 1810 3012 1848 non
3044 1790 3339 1870 φιλόδορα,
3357 1797 3706 1854 dracunculos
3725 1798 3811 1871 pel-

2233 1876 2380 1933 lium
2409 1880 2628 1936 amietu
2659 1882 2986 1950 gaudentes
3019 1899 3032 1937 ς
3067 1906 3096 1933 ››
3129 1880 3450 1960 φωλιδωτός
3477 1902 3599 1942 vero
3625 1887 3813 1943 nidula-

2231 1970 2344 2037 tor,
2372 1967 2578 2039 velqui
2613 1970 2820 2026 nidum
2852 1972 3052 2038 struit,
3085 1977 3188 2028 aut
3216 1974 3317 2045 qui
3368 1973 3574 2044 latitat,
3600 1975 3722 2047 παρὰ
3766 1975 3814 2029 τὸ

2233 2054 2460 2132 φωλεῖν,
2490 2059 2646 2128 quod
2672 2065 2762 2115 est
2793 2061 2852 2115 in
2895 2060 3102 2118 lustris
3154 2061 3361 2120 latere.
3389 2064 3664 2122 Carticasa
3708 2065 3820 2121 dixit

2233 2144 2843 2219 interpres,quoniam
2875 2154 2932 2206 et
2962 2150 3366 2225 Plinio,l«quae
3395 2153 3592 2210 animal
3608 2155 3817 2227 pariunt,

2233 2233 2383 2306 pilos
2415 2234 2815 2309 habent;quaa
2867 2255 2994 2308 ova,
3027 2255 3276 2312 pennas,
3318 2247 3419 2298 aut
3461 2259 3710 2315 squamas
3737 2248 3817 2299 aut

2231 2323 2530 2393 corticem,
2548 2330 2650 2381 aut
2677 2330 3023 2397 testam,aut
3053 2329 3400 2400 testudines,
3427 2336 3523 2388 aut
3547 2338 3711 2388 cutem
3729 2349 3812 2404 pu-

2229 2428 2378 2480 ram,
2404 2417 2470 2468 ut
2493 2419 2816 2486 serpentes.
2848 2435 2878 2469 ι

2300 2511 2420 2568 Col.
2462 2513 2566 2568 150
2605 2516 2653 2569 Α
2689 2515 2776 2570 15.
2809 2516 3087 2588 Gregalia,
3118 2518 3388 2590 sati-vaga.
3417 2520 3588 2575 Antea
3626 2519 3812 2590 legeba-

2228 2604 2345 2671 tur,
2378 2623 2407 2651 «
2440 2601 2720 2674 gregalia,
2751 2604 3034 2672 solitaria,
3068 2609 3134 2661 ut
3162 2611 3326 2675 cete;
3359 2628 3388 2658 »
3419 2607 3571 2679 atqui
3609 2623 3708 2664 non
3745 2607 3813 2662 di~

2227 2688 2311 2744 xit
2351 2690 2607 2747 Basilius
2646 2693 2908 2764 gregalia
2945 2709 3074 2750 esse
3104 2694 3390 2763 solitaria,
3421 2713 3523 2752 nec
3563 2696 3616 2752 in
3659 2711 3814 2751 exem-

2228 2777 2391 2850 plum
2415 2778 2814 2837 solitariorum
2829 2786 2952 2839 cete
2971 2783 3244 2854 adduxit;
3259 2785 3381 2841 imo
3393 2786 3498 2840 tria
3509 2785 3619 2841 hac
3629 2785 3819 2840 diversa

2227 2867 2370 2938 pisci
2381 2885 2414 2924 ιι
2425 2886 2478 2924 m
2503 2885 2718 2941 genera
2731 2871 2956 2939 statuit,
2975 2872 3254 2945 gregalia,
3270 2875 3553 2947 dispersa,
3567 2879 3693 2930 cete.
3707 2875 3822 2947 Ἀγε-

2227 2951 2356 3010 λαῖα
2402 2955 2492 3011 καὶ
2541 2954 2844 3032 σποραδικὰ
2894 2959 3091 3016 Cicero
3137 2961 3318 3018 vertit
3359 2985 3388 3015 ι(
3434 2967 3748 3036 congregata
3779 2966 3824 3016 et

2227 3044 2505 3119 solivaga,
2538 3068 2567 3098 »
2600 3047 2896 3105 Tusculan.
2926 3067 2984 3105 v.
3014 3050 3362 3108 Theodorus
3395 3055 3559 3119 Gaza,
3591 3075 3617 3101 «
3659 3067 3825 3124 grega-

2225 3133 2306 3190 lia
2325 3139 2383 3190 et
2411 3135 2668 3192 incivilia
2701 3153 2770 3194 ε»
2807 3154 2944 3194 nam
2977 3142 3034 3195 et
3057 3138 3405 3197 Aristoteles
3450 3141 3626 3209 docet,
3663 3158 3678 3194 1
3716 3141 3826 3195 Hist.

466 3238 660 3294 locum
685 3238 931 3292 istorum
957 3237 1265 3293 verborum
1291 3254 1359 3292 ex
1382 3237 2114 3307 recognitioneTilmanni:

2231 3225 2488 3295 animal.,
2520 3243 2645 3298 cap.
2682 3227 2813 3297 l,ex
2842 3227 3182 3299 gregalibus
3210 3196 3692 3300 quemadmodum
3714 3234 3761 3284 et
3777 3245 3828 3283 ex

469 3349 497 3378 ‹‹
529 3327 598 3382 Et
629 3326 677 3383 si
705 3342 821 3397 qua
853 3325 1200 3397 aquatilium
1249 3326 1465 3397 pedum
1494 3324 1727 3381 fulturis
1759 3326 2035 3381 nituntur
2065 3330 2114 3382 et

2229 3313 2512 3370 solitariis
2543 3315 2809 3387 quaedam
2830 3333 2959 3373 esse
2979 3314 3262 3385 πολιτικά,
3279 3342 3308 3370 ‹‹
3335 3317 3581 3384 civilia,»
3606 3318 3825 3390 quedam

465 3415 1000 3472 incedunt.Horum
1030 3416 1185 3469 enim
1219 3414 1495 3486 pleraque
1517 3418 1655 3470 sunt
1676 3413 1977 3486 amphibia
2000 3431 2121 3471 ma-

463 3505 640 3572 xime,
675 3521 778 3560 ceu
810 3509 950 3558 sunt
987 3502 1209 3574 phocas,
1243 3501 1540 3572 crocodili,
1574 3502 1999 3574 hippopotami,
2021 3522 2116 3559 ra-

464 3611 573 3664 nas,
599 3597 656 3650 et
682 3592 900 3648 cancri.
934 3595 996 3648 In
1028 3590 1121 3646 his
1153 3591 1535 3663 praerogativa
1566 3591 1824 3647 nominis
1875 3592 2113 3664 gaudet,

463 3683 617 3756 quod
650 3685 859 3753 suapte
892 3685 1104 3736 natura
1122 3680 1370 3736 natatile
1389 3686 1498 3751 est,
1519 3681 1667 3736 obid
1700 3680 1924 3736 dictum
1953 3686 2060 3736 est.
2084 3702 2114 3731 »

459 3770 854 3845 Argyropylus
885 3771 1180 3826 ediderat:
1206 3793 1233 3820 «
1267 3769 1562 3842 Praecipue
1593 3776 1786 3826 tamen
1811 3770 1903 3826 his
1935 3770 2113 3826 nandi

461 3861 709 3918 facultas
740 3860 1240 3916 accommodatur.
1279 3883 1300 3912 ι
1339 3859 1454 3916 Hoc
1489 3859 1769 3915 nimirum
1801 3859 1924 3916 vult
1954 3859 2114 3915 Basi-

456 3950 595 4018 lius,
621 3950 850 4022 reptilia
881 3950 996 4005 dici
1028 3965 1393 4021 quaecunque
1423 3949 1482 4004 in
1515 3948 1686 4020 aquis
1715 3951 1954 4020 degunt,
1975 3948 2111 4004 licet

457 4056 526 4096 ex
555 4040 628 4096 iis
660 4039 926 4111 quaedam
959 4039 1136 4110 pedes
1165 4038 1443 4108 habeant,
1474 4038 1612 4109 quia
1638 4055 1769 4110 quae
1808 4043 1948 4094 sunt
1984 4054 2108 4092 am-

456 4129 681 4201 phibia,
715 4129 938 4183 diutius
968 4133 1025 4183 et
1053 4127 1268 4198 saepius
1319 4127 1377 4181 in
1409 4127 1604 4198 aquis,
1636 4143 1813 4198 quam
1845 4126 1904 4181 in
1954 4131 2109 4183 terra

454 4224 785 4274 versantur.
811 4217 1160 4273 Ambrosius
1190 4216 1290 4270 lib.
1322 4233 1378 4285 ν,
1411 4233 1539 4288 cap.
1574 4216 1597 4271 4
1638 4232 1650 4271 :
1690 4237 1717 4264 ‹‹
1748 4216 1897 4278 Quin
1930 4215 2105 4271 etiam

454 4325 587 4363 cum
623 4308 902 4380 pleraque
935 4307 1112 4376 pedes
1143 4305 1419 4374 habeant,
1443 4311 1500 4360 et
1530 4304 1872 4360 ambulandi
1907 4321 2104 4374 usum,

455 4413 521 4452 co
563 4397 718 4466 quod
743 4395 862 4451 sint
892 4394 1214 4466 amphibia,
1248 4411 1378 4465 quas
1425 4393 1510 4449 vel
1563 4393 1620 4448 in
1681 4394 1851 4464 aquis
1897 4392 1986 4449 vel
2045 4394 2102 4448 in

453 4486 628 4541 terris
650 4484 882 4538 vivant:
917 4487 1112 4538 tamen
1147 4499 1281 4538 cum
1334 4485 1391 4538 in
1444 4482 1564 4538 alto
1602 4499 1890 4554 aquarum
1940 4488 2101 4553 sunt,

2229 3399 2549 3477 σποραδικά.
2587 3405 2768 3462 Paulo
2799 3410 2933 3476 post
2962 3405 3322 3463 sustulimus
3356 3406 3520 3474 illud,
3552 3430 3578 3459 «ι
3617 3423 3778 3477 porro,
3806 3426 3828 3452 »

2227 3497 2361 3548 ante
2389 3493 2496 3548 has
2527 3509 2718 3562 vaces,
2756 3515 2784 3544 «
2817 3510 3038 3561 rarum,
3073 3495 3509 3567 mentibusque,
3540 3518 3566 3546 »ι
3616 3512 3680 3550 ne
3723 3495 3828 3548 due

2224 3598 2316 3637 res
2346 3582 2587 3638 diversae
2617 3599 2743 3638 esse
2773 3583 3108 3655 videantur,
3133 3584 3334 3656 pulmo
3357 3591 3414 3642 et
3442 3586 3629 3642 viscus
3645 3599 3827 3640 rarum.

2224 3671 2318 3726 Sic
2350 3671 2696 3727 Ambrosius
2724 3671 2827 3732 lib.
2861 3688 2915 3743 v,
2949 3689 2998 3727 c.
3025 3673 3057 3726 4
3093 3688 3108 3728 :
3142 3696 3170 3725 α
3195 3673 3380 3731 Nabis
3404 3674 3596 3746 pulmo
3621 3689 3710 3745 per
3725 3671 3829 3727 tho-

2224 3761 2374 3815 racis
2406 3759 2625 3817 laxiora
2655 3760 2980 3833 penetralia
3003 3761 3212 3834 recipit
3237 3763 3539 3836 spiritum,
3558 3767 3744 3822 etcum
3770 3760 3831 3818 sit

2223 3850 2348 3920 ipse
2379 3849 2539 3921 poris
2571 3848 2867 3922 plerisque
2897 3851 3304 3924 penetrabilis,
3337 3853 3665 3909 interiorem
3701 3850 3826 3906 calo.

2221 3954 2342 3992 rem
2377 3938 2697 4010 refrigerat.
2723 3961 2752 3987 ››

2292 4027 2439 4082 Ibid.
2473 4026 2512 4082 C
2546 4028 2631 4082 11.
2675 4029 2843 4084 Testis
2866 4029 3143 4084 conclusa.
3175 4029 3378 4086 Latine
3421 4029 3506 4086 sic
3551 4025 3828 4098 exprimere

2220 4115 2562 4184 maluimus,
2595 4133 2767 4188 qaam
2800 4133 2935 4173 cum
2969 4117 3287 4190 interprete
3318 4141 3348 4169 «
3383 4116 3780 4174 ostracoderma
3802 4130 3824 4161 ιι

2217 4205 2436 4272 dicere;
2461 4205 2778 4262 Carnarius
2809 4229 2838 4256 ‹‹
2873 4207 3091 4262 intecta
3123 4210 3313 4276 testa;
3351 4229 3381 4256 »
3413 4207 3484 4263 ad
3510 4206 3732 4262 verbum
3749 4217 3828 4256 es-

2217 4298 2307 4349 set
2329 4317 2356 4344 ‹‹
2381 4310 2449 4349 ea
2471 4293 2689 4364 quibus
2711 4299 2864 4351 testa
2886 4295 3039 4351 cutis
3071 4293 3194 4352 loco
3225 4301 3337 4351 est.
3365 4318 3394 4347 »
3433 4294 3650 4350 Plinius
3678 4291 3763 4347 lib.
3783 4303 3827 4343 IV

2219 4388 2354 4441 Ιιὶδι.
2386 4394 2526 4454 nat,
2560 4402 2689 4456 cap.
2721 4388 2813 4453 28,
2849 4409 2876 4435 «
2906 4386 3076 4442 testis
3107 4387 3393 4443 conclusa
3423 4387 3584 4443 duris
3610 4407 3640 4437 ω
3667 4380 3830 4454 appel-

2215 4473 2337 4541 lat;
2374 4491 2500 4546 quze
2549 4490 2684 4530 vero
2733 4474 2990 4531 Basilius
3045 4473 3493 4550 μαλακόστρακα,
3535 4497 3562 4524 ι(
3604 4474 3831 4529 contecta

457 4591 573 4629 non
631 4572 956 4637 ambulant,
1008 4573 1107 4627 sed
1165 4576 1393 4627 natant.
1431 4594 1458 4622 »
1511 4572 1856 4628 Eustathius
1909 4572 2105 4643 aptius
2139 4563 2182 4628 D
2214 4564 2434 4619 crustis
2463 4563 2761 4629 tenuibus,
2797 4585 2827 4613 ι)
2859 4568 2916 4620 et
2945 4564 3048 4620 lib.
3083 4581 3162 4632 ιι,
3184 4581 3318 4637 cap.
3351 4567 3446 4635 37,
3478 4568 3712 4620 «crusta
3738 4561 3830 4614 ira-

457 4666 713 4719 mentem
784 4659 1056 4732 exprimit
1103 4661 1405 4718 auctoris:
1459 4682 1485 4710 «
1536 4660 1682 4725 Quia
1736 4659 1871 4716 licet
1920 4661 2108 4716 multa

453 4753 526 4807 de
582 4750 701 4806 illis
748 4750 1075 4806 habeantur
1129 4749 1440 4822 ambigua;
1502 4754 1697 4806 tamen
1757 4750 1841 4806 eis
1900 4751 2106 4822 praeci-

451 4855 605 4911 puus
639 4847 729 4894 est
750 4842 1008 4894 natatus.
1045 4861 1074 4889 »
1109 4839 1418 4911 Propterea
1447 4840 1602 4894 inter
1633 4838 1867 4910 reptilia
1893 4855 2104 4895 nume-

451 4929 677 4982 rantur.
1484 4929 1486 4936 '

522 5017 670 5072 Ibid.
706 5021 750 5070 D
777 5018 830 5070 5.
867 5017 1072 5084 Quibus
1119 5018 1574 5073 nomenclaturis.
1610 5021 1781 5074 Recte
1828 5020 2106 5075 admonet

453 5106 836 5162 doctissimus
860 5107 1258 5162 Montacutius
1292 5106 1477 5162 multa
1511 5108 1707 5178 aptius
1738 5108 1978 5164 vertisse
1999 5116 2102 5163 Ar-

451 5196 795 5270 gyrapylum
846 5197 904 5250 in
972 5195 1268 5267 prioribus
1325 5196 1707 5264 editionibus,
1758 5215 1886 5269 quae
1936 5199 2104 5254 nobis

448 5302 608 5341 nunc
639 5287 711 5341 ad
742 5303 987 5342 manum
1021 5284 1264 5340 minime
1295 5290 1434 5340 sunt
1468 5303 1480 5340 :
1527 5307 1556 5336 «
1589 5286 1717 5342 Non
1746 5304 1814 5342 ea
1844 5304 1969 5359 quae
1999 5304 2104 5343 ova

449 5377 707 5448 pariunt,
740 5394 867 5447 qum
895 5381 1035 5433 sunt
1064 5375 1264 5431 omnia
1307 5376 1425 5431 fere
1474 5376 1728 5448 piscium
1777 5393 1988 5447 genera
2025 5395 2036 5432 :
2071 5399 2098 5426 »

447 5482 584 5520 nam
615 5466 868 5522 Basilius
915 5467 986 5521 de
1034 5463 1175 5521 solis
1216 5463 1471 5537 oviparis
1506 5464 1790 5536 loquitur,
1826 5482 1955 5522 cum
1999 5466 2102 5537 ait,

446 5555 582 5630 ἅπερ
641 5551 752 5609 ἐστῖ
811 5554 983 5608 πάντα
1031 5549 1250 5627 σχεδόν,
1314 5570 1428 5609 non
1485 5559 1681 5609 autem
1756 5555 1827 5610 de
1907 5553 2100 5622 ζωστό-

448 5663 588 5712 κοις,
620 5645 916 5716 viviparis,
949 5647 1005 5699 et
1033 5643 1290 5716 oviparis
1340 5642 1540 5714 simul,
1584 5648 1649 5699 ut
1697 5644 1970 5702 videntur
2022 5645 2099 5701 si-

2215 4651 2317 4724 gili
2368 4651 2615 4707 inclusa.
2651 4674 2678 4701 »
2713 4651 2908 4708 Mollia
2955 4654 3214 4724 denique
3267 4654 3487 4710 Grecis
3513 4658 3647 4709 sunt
3693 4645 3832 4720 μαλά-

2215 4758 2325 4793 κια.
2359 4739 2545 4796 Plinio
2574 4739 2776 4796 itidem
2808 4763 2836 4791 «
2864 4741 3086 4811 mollia,
3123 4764 3152 4792 »
3185 4759 3313 4815 quae
3365 4759 3556 4816 neque
3590 4752 3832 4812 squamas

2216 4828 2436 4886 habent
2465 4846 2655 4903 neque
2683 4833 2891 4901 testas,
2911 4832 3011 4888 sed
3045 4831 3254 4904 pellem
3290 4832 3567 4890 humana:
3591 4828 3828 4890 similem,

2217 4923 2282 4974 ut
2310 4919 2478 4975 docet
2507 4919 2764 4975 Galenus
2785 4917 2890 4975 lib.
2916 4937 2980 4976 ιιι
3013 4923 3091 4977 De
3121 4921 3435 4978 alimentis.

2285 5024 2407 5081 Col.
2443 5026 2544 5080 153
2574 5028 2612 5081 Α
2641 5027 2697 5081 2.
2733 5023 2807 5078 Σὺ
2861 5029 3044 5081 τοῦτο.
3081 5027 3244 5099 Regii
3310 5030 3431 5084 duo
3487 5027 3619 5084 libri
3659 5038 3827 5081 emen-

2217 5115 2380 5180 dant,
2415 5112 2478 5165 σὺ
2509 5117 2695 5166 τοῦτον
2730 5108 2936 5181 λαϐών,
2973 5131 3180 5188 nempe
3209 5132 3348 5171 eum
3396 5116 3498 5189 qui
3555 5125 3826 5189 pauperum

2216 5203 2581 5273 spoliaverat.

2286 5292 2435 5346 Ibid.
2497 5291 2587 5348 10.
2648 5293 2886 5363 Effugito
2960 5293 3398 5350 damnatorum.
3459 5289 3829 5368 Argyropylnsy

2214 5400 2244 5428 «
2275 5378 2786 5450 despiciendarum
2816 5397 2829 5447 ;
2863 5381 3196 5453 Carnarius,
3241 5401 3270 5434 ι
3309 5384 3471 5455 Fuge
3516 5379 3827 5437 imitationes

2213 5469 2762 5525 condemnatarum.
2794 5492 2822 5519 »
2855 5470 3280 5542 Scripsimus,«
3317 5473 3722 5527 damnatarum
3743 5465 3822 5520 ho-

2213 5557 2463 5628 minum,
2499 5579 2526 5607 »
2551 5562 2617 5613 ut
2645 5558 2716 5614 ad
2749 5558 2935 5615 Galat.
2973 5577 3033 5629 ιι,
3069 5561 3155 5629 11,
3189 5559 3342 5616 dixit
3372 5554 3821 5634 Apastalus:'01l

2212 5646 2648 5721 κατεγνωσμένος
2700 5648 2788 5715 ἦν’
2825 5651 2968 5717 Quia
3023 5649 3484 5722 reprehensibiti:
3527 5653 3658 5720 erat,
3687 5639 3824 5701 vertit
