4120 6230
273 331 394 395 997

1355 339 1462 397 AD
1507 337 1880 402 HOMILIAS
1923 339 2004 399 ΙΝ
2049 340 2614 401 HEXAEMERON.

3563 362 3681 425 998

275 466 479 519 auctor
511 461 798 536 Vulgata,
824 463 920 520 Sic
952 464 1106 536 apud
1127 464 1465 523 Ciceronem
1497 471 1643 535 orat,
1674 471 1736 525 in
1764 469 1917 525 Piso-
1949 474 2004 541 Α
2034 473 2284 543 utroque
2316 471 2494 545 Regio
2529 490 2639 531 ms.
2673 479 2729 531 et
2758 475 2818 531 in
2847 477 3104 549 Anglicis
3153 483 3507 547 oll‘endimus
3546 495 3678 564 κυή-

271 568 422 608 nem:
455 551 633 619 «Quis
658 558 714 608 te
736 551 1036 608 miserior?
1059 552 1192 625 quis
1214 561 1272 611 te
1288 555 1624 613 damnatior
1645 556 1697 612 Ρ»
1723 557 1921 614 Eusta-

274 643 437 699 thius
455 641 709 713 denique
727 641 889 708 dixit,
929 665 956 693 «
986 643 1188 700 desine
1212 644 1570 717 vituperatos
1587 647 1869 715 amulari,
1890 671 1918 699 ››

273 736 556 786 Craterum
587 746 723 786 cum
747 730 940 802 polipo
984 737 1286 804 comparat
1322 734 1712 806 frudulentos,
1761 737 1921 807 ejus-

273 839 386 895 que
409 822 676 878 fraudem
710 821 1008 893 eleganter
1029 823 1388 895 exprimitex
1419 827 1633 882 Basilio
1669 827 1918 884 Ambro-

272 912 399 966 sius
431 910 533 966 lib.
565 928 620 974 ν,
653 927 782 982 cap.
814 911 886 966 8:
923 932 950 961 «
982 911 1088 975 Qui
1124 913 1340 968 vadoso
1377 914 1436 970 in
1471 914 1665 972 littore
1697 925 1919 988 petram

271 1005 501 1055 nactus.
535 999 802 1071 affigitur
830 1000 1008 1072 ei,atq
1020 1016 1088 1056 ue
1111 1003 1239 1072 ejus
1256 1003 1541 1060 nebuloso
1561 1004 1801 1077 ingenio
1823 1023 1918 1062 co-

269 1089 451 1146 lorem
466 1091 711 1160 subit,et
730 1090 910 1146 simili
932 1092 1126 1163 specie
1142 1098 1300 1163 terga
1317 1095 1611 1153 obductus
1633 1096 1919 1169 plurimos

268 1179 521 1250 piscium
553 1178 680 1234 sine
711 1178 829 1235 ulla
854 1181 1192 1252 suspicione
1224 1183 1446 1240 fraudis
1477 1184 1754 1258 allapsos,
1776 1187 1918 1243 dum

271 1272 474 1323 notam
499 1284 614 1323 non
633 1274 1045 1340 praacavent,et
1069 1287 1276 1327 saxum
1309 1275 1920 1345 opinantur,eassibus

266 1357 494 1413 furtivas
521 1358 666 1414 artis
686 1357 991 1430 includit,»
1017 1361 1316 1433 Accipitur
1344 1367 1400 1418 et
1421 1364 1668 1437 polypus
1689 1383 1793 1438 pro
1814 1366 1918 1422 ho-

269 1449 448 1504 mime
467 1448 847 1520 rapaci,quod
870 1449 1055 1506 soleat
1075 1451 1633 1527 polypus,quidquid
1658 1455 1920 1512 brachio-

269 1554 401 1592 rum
463 1536 711 1609 ﬂagellis
747 1543 958 1594 nactus
1014 1540 1208 1608 fuerit,
1263 1543 1593 1599 arctissime
1643 1547 1917 1603 retinere.

268 1625 516 1683 Plautus
544 1627 864 1694 Aulularia,
895 1633 1010 1684 act.
1044 1630 1114 1700 ll,
1146 1647 1322 1686 scena
1345 1648 1404 1699 ιι,
1435 1633 1500 1688 21
1527 1649 1541 1689 :

265 1783 373 1850 Ego
398 1778 535 1835 istos
553 1780 682 1836 novi
703 1779 960 1851 polypos,
981 1782 1080 1852 qui
1105 1781 1203 1837 ubi
1221 1782 1354 1854 quid
1386 1785 1683 1854 tetigerint,
1706 1789 1912 1842 tenent.

262 1935 700 2001 Nonnunquam
718 1932 915 1985 etcum
949 1929 1182 1985 homine
1208 1930 1568 1988 inconstanti
1595 1936 1912 2002 confertur,

263 2019 498 2091 utapud
511 2017 942 2072 Nazianzenum
959 2019 1202 2086 orat.27,
1215 2018 1724 2093 pag.470:"ADtors
1741 2020 1911 2086 ἄλλος

259 2105 546 2180 γινόμενος
573 2103 907 2185 καὶνπολλᾷς
945 2101 1378 2185 μεταλαμϐάνων
1416 2108 1588 2183 χρόας
1638 2108 1818 2185 ὥσπερ
1847 2115 1913 2167 τὰ

255 2190 367 2242 τῶν
397 2188 610 2262 πετρῶν
639 2184 691 2239 οἱ
721 2182 1056 2253 πολύποδες,
1087 2188 1172 2248 αἷς
1199 2187 1259 2240 ἂν
1290 2187 1658 2261 ὁμιλήσωσιν.
1694 2213 1722 2242 ‹‹
1758 2182 1913 2248 Alias

261 2277 411 2333 alios
434 2293 625 2333 mores
647 2276 997 2343 indueus,ac
1024 2294 1203 2335 novos
1221 2279 1478 2335 subinde
1503 2275 1724 2337 celores
1745 2300 1911 2339 assu-

263 2381 578 2430 mens,non
601 2381 772 2420 secus
795 2381 859 2420 ac
902 2364 1099 2439 polypi
1127 2372 1426 2437 petrarum
1445 2370 1515 2423 ad
1540 2386 1688 2441 quas
1719 2388 1913 2428 acces-

261 2453 470 2520 serint,
494 2453 719 2509 colores
750 2453 1071 2509 referunt.»
1108 2455 1446 2512 Aristoteles
1478 2457 1582 2512 lib.
1616 2475 1672 2513 1x
1696 2463 1910 2516 Histor.

260 2543 620 2610 animalium,
672 2558 800 2613 cap.
833 2543 924 2610 37,
987 2542 1043 2596 in
1077 2543 1347 2600 timorem
1382 2547 1608 2601 confert
1672 2564 1910 2605 causam

262 2647 378 2685 non
395 2629 585 2685 solum
601 2630 812 2684 mutati
833 2628 1172 2698 coloris,sed
1197 2631 1370 2686 etiam
1385 2633 1551 2688 eﬂ‘usi
1576 2637 1910 2705 atramenti,

333 2718 451 2775 Col.
485 2720 589 2774 155
619 2724 656 2771 Β
685 2720 739 2774 6.
803 2720 1080 2775 Tcrminos
1134 2729 1384 2778 mter-nos.
1439 2723 1626 2780 Locus
1657 2731 1746 2782 est
1775 2731 1907 2783 Pro-

261 2807 423 2864 verb.
455 2822 597 2873 xxu,
629 2809 736 2862 28:
788 2807 883 2874 Μὴ
942 2808 1162 2883 μὲταιρε
1220 2807 1342 2884 ὅρια
1399 2809 1591 2864 αἰώνια
1638 2811 1672 2865 ἃ
1728 2809 1907 2877 ἔθεντο

261 2897 312 2952 οἱ
344 2896 570 2970 πατέρες
625 2913 741 2950 σου·
774 2897 850 2952 Ne
896 2900 1140 2970 transfer
1197 2901 1460 2955 terminos
1487 2906 1725 2959 atomos
1779 2921 1909 2975 quos

251 2996 560 3058 posuerunt
579 2991 766 3058 patres
797 2987 896 3041 tui.
925 2991 1234 3058 Propterea
1265 2988 1709 3047 immutavimus
1733 2994 1909 3049 verba

259 3075 660 3146 interpretis,«
689 3075 974 3130 terminos
993 3091 1142 3146 quos
1166 3079 1482 3148 posueruni
1505 3084 1697 3150 patres
1723 3083 1907 3137 nostri

257 3181 479 3236 eosque
509 3165 876 3220 continenter
905 3165 1223 3220 servandos
1250 3167 1686 3224 transierimus.
1727 3193 1747 3220 ιι
1778 3171 1905 3227 Non

261 3254 450 3311 utitur
476 3255 788 3328 Scriptura:
820 3253 1206 3319 locutione,ut
1227 3271 1416 3327 neque
1439 3257 1782 3316 Eustathius
1804 3261 1910 3318 boc

263 3344 470 3399 eodem
504 3343 660 3400 loco:
695 3366 724 3394 «
755 3343 924 3411 Nam,
975 3348 1033 3398 et
1076 3343 1367 3414 majorum
1402 3351 1735 3404 nostrorum
1767 3350 1914 3407 ﬁnes

265 3433 545 3488 audacter
571 3432 928 3501 excedimus,
961 3435 1019 3486 et
1048 3431 1236 3487 saltus
1265 3435 1704 3506 trangredimur
1749 3439 1914 3496 vitio-

264 3534 421 3573 rum.
453 3539 486 3568 »
510 3517 682 3573 Aliud
707 3523 797 3574 est
824 3518 1117 3585 excedere,
1149 3519 1236 3574 vel
1267 3522 1520 3577 transire
1549 3522 1718 3590 ﬁnes,
1749 3525 1910 3583 aliud

257 3606 542 3662 terminos
572 3612 630 3662 et
655 3607 878 3662 limites
899 3623 1038 3679 agro
1071 3607 1295 3678 positos
1320 3612 1658 3679 transferre,
1683 3618 1738 3668 et
1768 3614 1912 3671 ulte-

254 3694 379 3751 rius
409 3695 714 3751 collocare.
748 3696 842 3751 Sie
874 3700 1185 3751 Deuteron.
1217 3713 1334 3764 XIx,
1388 3699 1490 3754 lli:
1553 3699 1625 3752 Οὐ
1683 3721 1908 3772 μετακι-

248 3785 435 3855 νήσεις
493 3785 616 3861 ὃρια
671 3786 779 3840 τῶν
838 3785 1075 3856 πλησίον
1143 3807 1260 3853 σου,
1320 3783 1352 3840 ἃ
1408 3785 1635 3858 ἔστησαν
1698 3792 1749 3844 οἱ
1808 3813 1908 3846 πα-

249 3874 403 3950 τὲρςς
434 3894 549 3931 σου.
583 3877 697 3932 Νοη
723 3877 1076 3932 commovebis
1122 3879 1406 3945 terminos,
1462 3878 1730 3950 Vulgata,
1786 3883 1905 3938 Non

246 3967 566 4034 transferes,
596 3954 756 4030 Quod
790 3981 926 4021 vero
956 3965 1246 4037 sequitur,
1295 3967 1749 4040 παρατεμνόμιθα
1801 3976 1900 4044 γῆν

243 4054 454 4109 vitiose
483 4053 856 4126 legebaturin
871 4053 1126 4109 editione
1142 4053 1452 4111 Basiliensi
1479 4058 1781 4128 posteriori
1796 4079 1901 4113 πα-

246 4141 601 4213 ραπείνομεν,
627 4143 782 4215 quod
799 4143 1467 4213 emendansCornarius,
1501 4151 1559 4202 et
1588 4148 1901 4205 restituen-

243 4231 385 4286 dum
420 4236 638 4303 putans
665 4230 1077 4304 παρατείνομεν,
1109 4233 1304 4300 vertit,
1339 4255 1367 4284 «
1401 4235 1757 4306 empliamus
1784 4244 1900 4292 ter-

243 4336 410 4384 ram;
449 4343 470 4369 ιι
506 4325 565 4376 at
585 4320 643 4375 in
671 4320 849 4392 priori
883 4320 1185 4377 Basiliensi
1231 4322 1514 4391 scriptum
1540 4325 1755 4396 reperit
1785 4331 1899 4382 Vc-

244 4407 604 4475 laterranus,
638 4409 1094 4484 παρατεμνόμεθα
1121 4415 1245 4482 γῆν,
1283 4411 1437 4482 quod
1474 4411 1556 4466 ita
1587 4417 1894 4484 expressit,

2033 579 2192 627 σεως,
2225 565 2282 616 et
2313 562 2466 634 apud
2499 563 2893 635 Eustathium,
2920 589 2948 618 «
2979 569 3124 626 Nam
3148 589 3284 630 cum
3315 577 3532 636 fetandi
3563 562 3676 641 cce-

2031 649 2182 722 perit
2210 654 2443 722 tempus
2468 652 2680 724 vigere,
2711 655 2809 711 alii
2841 673 2908 712 ex
2938 659 3052 716 alio
3075 661 3207 718 sinu
3234 684 3248 732 ;
3273 688 3301 715 «
3335 667 3508 738 plane
3537 674 3676 729 reti-

2031 739 2286 794 nendam
2301 740 2639 798 censuimus
2663 743 2814 800 hanc
2829 745 3256 812 lectionem.cui
3275 756 3678 831 suffragantur

2031 831 2088 882 et
2112 826 2214 884 illa
2244 829 2535 922 Ambrosii
2559 848 2686 922 cap.
2722 834 2790 922 10
2814 851 2826 888 :
2853 858 2880 885 ‹‹
2913 837 3059 892 Sunt
3104 843 3297 898 tamen
3349 826 3545 918 aliqua
3584 867 3678 922 ge-

2030 932 2170 972 nera
2199 917 2581 991 piscium,qui
2601 938 2714 976 non
2738 921 2959 995 ingenii
2984 927 3260 986 facilitate
3284 932 3409 990 loca
3423 917 3671 1011 mutent,

2030 1009 2129 1062 sed
2156 1007 2382 1064 fovendi
2403 1015 2607 1080 partus
2631 1013 3130 1089 necessitate,quaa
3149 1028 3474 1092 Opportune
3497 1007 3674 1100 atque

2028 1096 2287 1188 legitimo
2344 1107 2724 1188 procurantes
2780 1107 3062 1178 tempore.
3124 1131 3152 1159 ››
3211 1096 3592 1188 Suﬂ'ragaturi
3615 1126 3673 1177 et

2027 1183 2329 1257 Oppianus
2360 1186 2462 1241 lib.
2497 1205 2515 1242 ι
2545 1185 2800 1262 Ἀλιευτ.,
2833 1209 2984 1250 vers.
3015 1196 3121 1252 598
3148 1215 3160 1254 :

2100 1297 2309 1354 Πολλοὶ
2343 1297 2388 1354 δ’
2418 1301 2705 1376 ἀγρόμενοι
2735 1304 2896 1374 ξυνὴν
2923 1305 3047 1363 ὁδὸν
3081 1311 3455 1404 ὀρμαίνονται,

2100 1367 2348 1404 vitam..-“
2387 1375 2518 1404 ..ηε
2551 1374 2752 1404 ιυ..--..
2801 1375 2834 1404 v1,
2859 1381 2875 1402 ι
2904 1379 3059 1404 --λ-ηε
3340 1388 3350 1404 ο

2099 1371 2348 1440 Εὔξεινον
2385 1371 2520 1444 μετᾶ
2549 1371 2774 1445 Πόντον,
2801 1371 2875 1434 ’έν-³
2899 1379 3082 1435 αὐτόθι
3112 1371 3271 1441 τίκνα
3298 1371 3524 1448 τέκοίεψ

2097 1460 2256 1542 lliulti
2282 1478 2408 1518 vero
2437 1468 2751 1542 congregati
2769 1484 3107 1542 communem
3127 1478 3282 1532 viam
3302 1482 3648 1542 meditantur

2097 1533 2378 1589 Euxinum
2405 1535 2476 1590 ad
2505 1531 2764 1606 Pontum,
2817 1549 2878 1596 ut
2907 1543 2984 1598 ibi
3015 1531 3216 1603 liberos
3248 1531 3628 1622 @855?”
3651 1531 3665 1556 ’

2028 1647 2094 1738 Et
2121 1650 2466 1738 Aristoteles
2499 1652 2602 1724 lib,
2632 1671 2731 1710 vm
2765 1658 2898 1713 Hist.
2927 1663 3195 1731 animal.,
3230 1682 3357 1738 cap.
3401 1671 3467 1724 13
3495 1687 3508 1725 :
3571 1675 3669 1728 Διὰ

2026 1732 2084 1790 δὲ
2134 1737 2233 1804 τήν
2280 1739 2857 1816 τροφήνξεῗσπλὲουσιν
2919 1745 2995 1810 εἷς
3025 1748 3251 1818 Πόντον,
3301 1754 3388 1808 καὶ
3448 1753 3536 1811 διὰ
3576 1761 3667 1815 τὸν

1949 1849 1995 1913 Β
2022 1826 2204 1882 τόκον.
2237 1827 2404 1882 Τόποι
2433 1829 2533 1906 γάρ
2566 1831 2696 1887 εἰσιν
2730 1832 3033 1905 ἐπιτήδειοι
3083 1838 3158 1901 εἷς
3199 1841 3260 1896 τὸ
3306 1844 3528 1919 τίκτειν,
3579 1851 3668 1905 καὶ

2021 1915 2086 1969 τὸ
2140 1915 2375 1989 πότιμον
2422 1919 2510 1972 καὶ
2566 1921 2626 1974 τὸ
2709 1921 3042 1998 γλυκότερον
3102 1926 3248 2006 ὕδωρ
3306 1915 3547 2010 ἐκτρέφει
3604 1939 3672 1994 τὰ

2022 2005 2294 2076 κυήματαο
2325 2031 2352 2058 ‹‹
2386 2010 2538 2065 Tum
2572 2011 2770 2083 itaque
2801 2013 3012 2083 victus,
3064 2023 3190 2074 tum
3222 2005 3416 2079 etiam
3465 2005 3671 2098 partus

2022 2097 2213 2167 gratia
2263 2102 2509 2155 Pontum
2561 2102 2835 2159 subeunt.
2889 2106 3041 2162 Sunt
3089 2109 3248 2165 enim
3295 2111 3374 2167 ibi
3423 2097 3547 2172 loca
3596 2121 3668 2175 ad

2023 2185 2348 2254 partionem
2381 2189 2630 2260 aptiora,
2659 2197 2717 2246 et
2746 2209 2899 2264 aqua
2929 2194 3157 2252 dulcior
3199 2215 3265 2254 ac
3312 2203 3672 2271 potulentior

2023 2272 2205 2328 fetum
2239 2275 2451 2333 melius
2479 2279 2714 2336 educat.
2749 2301 2779 2330 »

2096 2361 2296 2417 lbid.D
2329 2366 2478 2422 1.Uti
2505 2370 2943 2427 torrentemﬁoc
2966 2373 3488 2449 maluimus,quam
3513 2384 3668 2453 quod

2022 2451 2328 2524 interpres,
2363 2478 2391 2505 ‹‹
2429 2456 2511 2510 uti
2545 2455 2761 2514 ﬂumen
2794 2466 2849 2515 et
2868 2478 2968 2532 per
2990 2467 3402 2536 Propontidem
3424 2475 3480 2524 et
3497 2451 3667 2528 Euxi-

2023 2556 2163 2594 num
2195 2544 2461 2598 Pontum.
2481 2567 2510 2593 »
2531 2546 2833 2618 Signiﬁcat
2856 2546 3027 2622 ῥεῦμα
3059 2554 3247 2609 undas
3277 2572 3410 2612 cum
3445 2558 3666 2632 impetu

2021 2631 2264 2686 ﬂuentes
2293 2648 2305 2686 :
2341 2647 2518 2702 quam
2549 2634 2622 2689 ob
2655 2652 2896 2692 causam
2927 2640 3272 2699 Ambrosius
3292 2662 3486 2704 vocem
3509 2631 3668 2706 Grae-

2021 2732 2148 2771 cam
2182 2719 2458 2775 retinuit:
2494 2744 2522 2771 «
2556 2722 2803 2790 Dieas,si
2835 2729 3148 2784 ascendere
3177 2732 3396 2802 videas,
3421 2736 3668 2796 rheuma

2021 2805 2318 2874 quoddam
2351 2823 2500 2876 esse,
2535 2809 2615 2863 ita
2645 2813 3292 2890 proruunt,ﬂnctusque
3313 2821 3668 2882 intersecant

2022 2909 2124 2963 per
2157 2897 2561 2964 Propontidem
2593 2899 2652 2954 in
2676 2901 2964 2958 Euxinum
3001 2909 3244 2963 Pontum
3270 2911 3525 2970 violento
3553 2916 3666 2970 im-

2019 2984 2153 3049 petu
2186 2981 2555 3051 proﬂuentes.
2592 3008 2620 3036 ››
2647 2988 2868 3044 Idcirco
2898 2990 3073 3046 etiam
3105 2997 3468 3055 correximus
3499 3023 3528 3052 «
3559 3019 3666 3070 per

2018 3068 2426 3162 Propontidem
2448 3071 2504 3126 in
2523 3073 2810 3132 Euxinum
2826 3078 3134 3148 Pontum,»
3151 3101 3320 3154 quem
3339 3088 3511 3158 paulo
3535 3068 3667 3162 post

2021 3154 2559 3252 absolute‘l’ontum
2581 3163 2856 3252 appellat,
2882 3172 2939 3222 et
2957 3154 3552 3245 Aquilonium-mare;
3571 3177 3665 3252 βό-

2023 3261 2164 3315 ρειον
2223 3242 2477 3320 πέλαγος,
2511 3250 2649 3319 quia
2689 3256 3022 3325 Propontidi
3053 3264 3144 3313 est
3175 3261 3246 3314 ad
3295 3242 3666 3338 Aquilonem,

2023 3348 2123 3388 seu
2141 3350 2300 3390 mare
2326 3336 2576 3393 boreale.
2597 3339 3018 3412 Oppianuslib.
3037 3363 3054 3399 ι
3075 3342 3311 3418 Ἀλιευτ,
3346 3369 3496 3408 vers.
3519 3355 3626 3408 626
3649 3336 3664 3411 ξ

2091 3449 2195 3530 ἶρις
2218 3447 2340 3504 τότε
2373 3451 2704 3530 μυριόφυλοι
2728 3453 2859 3518 ἁλὸς
2889 3455 3148 3530 τέμνουσι
3180 3456 3408 3528 κέλευθα

2090 3516 2339 3590 Εὔξεινον
2374 3516 2510 3595 μετά
2537 3516 2706 3598 κῦμα,
2739 3516 3066 3601 περίπλῆθει
3098 3529 3156 3587 δὶ
3187 3533 3280 3597 ad)
3295 3516 3448 3591 αέἀέκ.

2088 3611 2169 3665 Ita
2198 3615 2317 3666 tum
2348 3614 2566 3682 inﬁniti
2592 3618 2770 3673 maris
2797 3630 2983 3676 secant
3026 3622 3144 3676 vias

2086 3683 2380 3739 Euxinum
2412 3685 2480 3740 ad
2507 3689 2758 3756 ﬂuctum,
2779 3691 3006 3761 plenum
3035 3703 3113 3749 est
3145 3704 3330 3752 autem
3360 3715 3534 3757 mare.

2013 3793 3464 3866 AdditdoctissimusMontacutiusemendationem
3485 3815 3664 3872 lsaaci

2013 3880 2367 3950 Casauboni,
2396 3901 2574 3974 quam
2625 3892 2869 3974 tuentur
2909 3893 3024 3946 duo
3057 3893 3218 3965 Regii
3251 3898 3478 3955 codices
3528 3920 3661 3974 pag.

2010 3969 2101 4060 67,
2151 3986 2276 4043 cap.
2333 3972 2387 4040 4,
2443 3969 2588 4025 ἀλλὰ
2638 3973 2726 4027 καὶ
2777 3976 2964 4050 ψυχρᾶ
3023 3985 3301 4051 χειμῶνος
3362 3984 3497 4060 ὥρᾳ,
3528 3969 3660 4047 ἠονη

2010 4059 2219 4132 ψυχρᾷ,
2254 4065 2319 4115 ut
2347 4061 2531 4116 voiuit
2558 4062 2733 4118 etiam
2767 4073 3094 4124 correctum
3131 4059 3441 4144 interpres,
3475 4101 3503 4127 «
3537 4078 3660 4134 bie-

2011 4147 2126 4202 mis
2157 4153 2418 4219 tempore
2452 4151 2810 4221 pergelidum
2843 4160 2970 4210 est:
3003 4177 3032 4206 »
3067 4162 3121 4213 et
3153 4162 3659 4231 Eustathius,«sed

2008 4239 2065 4290 et
2095 4235 2375 4307 frigidum
2409 4237 2588 4294 nimis
2621 4245 2710 4295 est
2737 4240 2973 4298 hiemali
3005 4249 3288 4318 tempore.
3325 4273 3353 4299 ››

2079 4323 2198 4414 C_ol.
2231 4325 2332 4379 158
2362 4324 2406 4380 Ι)
2438 4327 2492 4380 7.
2529 4327 2670 4396 Quid
2697 4331 2816 4400 ipse
2843 4331 3006 4388 (lices.
3055 4335 3181 4391 Hice
3227 4338 3299 4393 ab
3344 4339 3662 4414 interprete

2007 4411 2158 4467 male
2189 4418 2428 4484 accepta
2459 4423 2643 4486 erant,
2677 4418 2777 4488 qui
2813 4433 3114 4490 perperam
3139 4411 3606 4501 interpungendo
3628 4451 3659 4488 a

245 4520 272 4544 ‹‹
307 4501 526 4553 terram
559 4515 885 4564 secamus,»
911 4516 1028 4555 non
1053 4503 1118 4553 ut
1138 4500 1292 4570 apud
1314 4501 1737 4574 Argyropylum
1766 4515 1898 4574 post
1927 4580 1960 4588 _
2005 4502 2470 4572 praecedentibus
2483 4521 2550 4559 ea
2563 4506 3135 4579 sejungebat,etcum
3157 4500 3656 4588 subsequentibus

243 4585 544 4641 'l‘ilmanni
580 4588 1041 4661 recognitionem
1074 4594 1254 4654 erat,«
1289 4593 1506 4644 terram
1537 4591 1778 4648 limitari
1809 4610 1894 4650 se-
1921 4580 1969 4644 D
2001 4591 2430 4663 conjungebat;
2458 4593 2567 4649 hoc
2591 4598 2761 4652 modo
2792 4613 2806 4654 :
2840 4620 2868 4648 «
2890 4600 3061 4655 Aliud
3086 4580 3652 4677 consequaturﬂllid

243 4677 441 4733 ctione
470 4678 829 4734 diducimus.
866 4700 895 4728 »
919 4679 1264 4734 Ambrosius
1295 4697 1327 4734 a
1360 4681 1526 4736 nobis
1557 4686 1694 4749 stat,
1727 4683 1893 4757 lib.v,

240 4766 502 4835 eap.lO:
536 4788 556 4814 ι
595 4770 818 4823 Rursus
852 4783 953 4840 pro
979 4767 1349 4838 singulorum
1384 4767 1629 4825 libidine
1685 4770 1894 4827 incidi-

238 4857 559 4910 turterra:
596 4878 624 4905 ››
655 4857 910 4928 denique
942 4857 1210 4912 eamdem
1244 4856 1554 4913 lectionem
1587 4860 1704 4916 duo
1731 4861 1894 4934 Regii

248 4958 396 4998 mss.
431 4943 798 5000 conﬁrmant.

304 5030 458 5086 Ibid.
517 5042 554 5091 C
607 5034 693 5088 10.
755 5033 894 5088 Nam
951 5050 1076 5089 cum
1131 5033 1439 5090 destinatus
1497 5037 1661 5106 Apud
1698 5040 1893 5110 Argy-

229 5120 510 5191 rOpylum
544 5122 830 5194 scriptum
864 5124 1028 5192 fuit,«
1055 5125 1126 5177 ab
1154 5129 1363 5179 natura
1393 5125 1674 5180 articulus
1697 5143 1893 5184 acces-

236 5211 382 5264 serit
410 5210 700 5281 κινήσιως,
749 5211 846 5266 alii
895 5212 968 5266 ab
1017 5211 1170 5278 aliis,
1207 5233 1237 5262 »
1274 5219 1408 5285 cte.,
1442 5229 1620 5285 quam
1654 5217 1725 5270 ob
1759 5233 1891 5272 cau-

235 5313 363 5353 sam
395 5299 824 5356 substitueram
857 5301 915 5356 in
955 5301 1166 5356 ultima
1222 5302 1479 5358 editione
1534 5303 1740 5360 Latina
1789 5311 1889 5363 Pa-

235 5386 470 5441 risiensi
505 5403 569 5442 ex
601 5389 746 5444 lano
774 5389 1082 5444 Cornario:
1121 5411 1148 5439 «
1175 5390 1320 5445 Cum
1350 5391 1504 5446 enim
1529 5391 1888 5450 destinatum

237 5479 478 5547 tempus
510 5480 704 5532 motus
757 5478 1076 5546 institerit;
1134 5500 1163 5528 »
1203 5496 1380 5551 quam
1415 5479 1719 5536 lectionem
1754 5499 1892 5538 sua-

240 5565 378 5619 dere
407 5564 640 5620 videtur
667 5571 731 5622 ut
759 5567 1172 5635 admittamus,
1222 5570 1376 5640 quod
1431 5570 1717 5642 sequitur,
1747 5571 1831 5627 τίς
1862 5573 1891 5627 ὁ

239 5656 408 5706 κινῶν
432 5671 443 5720 ;
479 5676 506 5702 ‹‹
537 5655 666 5725 quis
693 5661 804 5723 est,
828 5658 929 5727 qui
953 5658 1190 5713 movet?
1221 5679 1248 5708 »
1275 5663 1586 5730 Postquam
1611 5665 1806 5718 autem
1831 5664 1888 5718 in

2005 4678 2132 4750 ipse
2163 4681 2400 4746 dixeris,
2435 4700 2654 4754 quaeso,
2688 4686 2786 4755 qui
2821 4687 2998 4744 vitam
3041 4690 3099 4744 in
3132 4692 3248 4746 otio
3279 4695 3465 4768 degis,
3501 4701 3653 4768 quod

2004 4769 2239 4838 quidem
2274 4770 2547 4826 maleficii
2579 4774 2932 4846 principium
2966 4793 3094 4834 esse
3135 4797 3307 4838 nemo
3337 4786 3433 4855 qui
3486 4787 3651 4858 igno-

2006 4860 2252 4916 rantiam
2285 4867 2597 4931 prastexere
2630 4867 2864 4936 possit?
2914 4889 2944 4917 »
2977 4870 3204 4927 Similis
3244 4878 3537 4933 sententia
3567 4889 3657 4937 est

2008 4947 2393 5004 Ecclesiastici
2453 4968 2654 5020 xxxm,
2708 4953 2818 5008 29:
2883 4952 3106 5026 Πολλὴν
3164 4958 3266 5033 γὰρ
3320 4962 3508 5018 κακίαν
3539 4963 3653 5020 ἓδίο

2005 5033 2153 5106 δαξεν
2185 5039 2219 5106 ἡ
2252 5037 2433 5112 ἀργίαν
2491 5043 2727 5098 Multam
2757 5047 2910 5100 enim
2938 5049 3220 5106 malitiam
3249 5052 3431 5109 docuit
3460 5059 3650 5113 otiosi-

2003 5129 2561 5184 tas.lmmutavimus
2584 5138 2638 5185 et
2661 5131 2987 5205 illud,quod
3013 5141 3404 5209 sequebatur:
3434 5148 3646 5201 «Haud

2005 5215 2280 5287 exiguum
2313 5218 2475 5272 subit
2504 5221 2614 5276 sub
2635 5220 2761 5292 ipso
2784 5228 3064 5295 tanquam
3101 5229 3356 5285 anchora
3388 5233 3648 5304 seipsum

2005 5304 2749 5364 stabiliens.»Eustathius:
2784 5334 2811 5360 «
2847 5314 2969 5378 Quo
3001 5315 3156 5370 velut
3186 5317 3451 5373 anchorae
3482 5321 3652 5377 dente

2004 5396 2313 5463 subnixus,
2346 5400 2783 5468 quassationem
2818 5406 3187 5474 tempestatis
3216 5408 3410 5463 evitet.
3447 5431 3476 5459 »

2073 5485 2190 5541 Col.
2219 5486 2320 5541 159
2351 5491 2391 5540 Β
2442 5489 2526 5542 14.
2582 5490 2723 5558 Quid
2769 5493 2880 5547 sibi
2909 5493 3023 5548 vult
3055 5494 3162 5549 hic.
3225 5497 3636 5570 Argyropylus,

2001 5597 2029 5624 «
2060 5574 2207 5637 Quid
2241 5574 2364 5630 haec
2396 5592 2524 5632 mea
2555 5578 2702 5634 ratio
2725 5578 2896 5634 vult?
2925 5581 3061 5650 quid
3099 5585 3439 5654 portendit?
3469 5610 3497 5638 »
3532 5589 3647 5646 Me-

2000 5663 2118 5718 lius
2141 5665 2540 5737 L'ustathius,«
2572 5669 2718 5732 Quid
2745 5669 2923 5742 igitur
2944 5670 3050 5726 iste
3076 5689 3266 5730 sermo
3291 5675 3644 5735 desiderat?»
