4120 6230
425 328 547 392 999
615 411 628 416 ._

1621 317 1857 381 ΝΟΤιΕ
1898 315 2340 379 FRONTONIS
2385 313 2648 378 DUCEI

3689 315 3848 379 1111)

425 463 655 534 Optime
681 457 1030 516 Ambrosius
1059 456 1160 512 lib.
1187 472 1242 523 v,
1270 471 1398 526 cap.
1423 454 1480 522 7,
1513 468 1687 526 quem
1736 447 1924 508 secuti
1973 465 2070 506 su-

2184 447 2414 503 animal.
2442 462 2457 502 :
2486 444 2556 501 Ai.
2584 440 2643 498 δὶ
2689 445 2872 500 πίνναι
2895 443 3052 534 ὄρραί
3088 444 3314 534 φύονται
3370 443 3432 502 ἐκ
3473 449 3574 502 τοῦ
3637 446 3844 522 βύσσου

428 568 594 608 mus:
629 573 657 601 ‹‹
688 549 836 615 Quid
859 547 972 604 sibi
995 546 1118 602 vult
1150 561 1342 601 sermo
1374 541 1720 614 hujusmodi
1746 540 1860 596 nisi
1893 541 2076 595 feren-

425 642 528 696 dos
558 656 686 695 esse
717 653 907 693 mores
957 633 1324 706 conjugum?
1369 656 1397 684 ››
1453 635 1734 687 Caeterum
1775 629 1932 700 quod
1964 627 2074 684 hoc

425 730 550 785 loco
591 729 660 783 de
690 727 900 798 viperae
933 741 1067 780 cum
1101 739 1358 778 muraena
1403 721 1555 776 coitu
1594 719 1816 791 profert
1845 721 2065 783 auctor,

425 815 1115 874 conﬁrmaturvariorum
1146 812 1499 882 scriptorum
1527 807 1957 872 testimonio,ut
1980 805 2072 861 Li-

425 908 562 962 cinii
587 904 759 960 Macri
783 903 934 974 apud
960 901 1214 956 Plinium
1242 899 1344 954 lib.
1367 915 1540 964 χχιιι,
1575 914 1702 968 cap.
1735 899 1790 963 2,
1815 895 1916 966 qui
1952 911 2074 949 mu-

427 1011 612 1049 raenas
644 989 822 1047 tradit
852 989 1117 1046 feminini
1152 993 1380 1043 tantum
1417 1001 1592 1041 sexus
1622 986 1976 1052 esse,,atque
2005 997 2074 1036 ex

426 1081 793 1154 serpentibus
820 1078 1159 1149 concipere;
1193 1073 1568 1148 Oppiani,qui
1600 1072 1700 1128 lib.
1735 1089 1752 1127 1
1785 1076 1862 1127 De
1887 1071 2072 1142 pisca-

421 1174 570 1228 tione
598 1173 719 1226 hinc
750 1170 822 1224 de
853 1171 1156 1239 serpente:

497 1293 635 1354 Στὰς
669 1290 714 1346 δ’
744 1293 808 1362 ἄρ
841 1289 926 1345 ἐπὶ
961 1287 1231 1363 ῥηγμῖνος
1265 1286 1552 1363 ὲὸνᾳνᾴμον
1593 1281 1898 1363 ἐῤῥοίζὶησε,

498 1352 817 1440 Κικλήσκων
850 1352 1140 1440 φιλὸτὴῖξαις
1175 1361 1314 1420 Θοῶς
1347 1355 1393 1440 ὃς
1423 1352 1679 1440 ἐσάκουσε
1706 1352 1933 1440 δείλαινή

495 1427 674 1512 Ἰυγὴν
713 1427 962 1510 μύραινα,
992 1427 1300 1522 καὶοέσσυτο
1333 1435 1527 1494 θᾶσσον
1569 1427 1774 1482 ὀϊστοῦ.

494 1547 698 1599 Littore
723 1545 1022 1597 consistens
1049 1536 1383 1594 horrendum
1411 1534 1602 1589 sibilat
1621 1548 1737 1599 ore,

495 1615 926 1683 Concubitusque
953 1613 1110 1683 petit,
1140 1611 1606 1683 sabitogmura‘zna
1634 1600 1908 1683 protundo

495 1688 691 1742 Excita
728 1677 850 1740 voce
867 1677 1079 1755 furens,
1097 1677 1223 1736 ruit
1251 1681 1402 1735 ocior
1431 1678 1539 1734 illa
1569 1677 1791 1746 sagitta.

426 1811 688 1868 {Elianus
717 1808 821 1863 lib.
871 1825 911 1872 ι,
961 1823 1106 1893 οιιβἼΔ
1137 1805 1231 1868 50,
1272 1801 1737 1893 Deanimalibas,
1767 1804 1826 1893 et
1854 1797 2070 1893 libi-13‘,
2102 1829 2147 1893 Β

427 1918 554 1972 cap.
595 1900 709 1954 66:
742 1894 975 1953 Μέλλων
1007 1895 1034 1948 ὁ
1081 1889 1200 1968 ἔχις
1247 1891 1464 1964 ὁμιλεῖν
1517 1887 1774 1964 μυραίνῃ,
1802 1884 1896 1940 ’ἱνα
1939 1882 2068 1958 δόξῃ

426 1992 595 2060 πρᾶος
625 1986 717 2041 καὶ
748 1988 968 2058 πρέπων
1013 1981 1252 2060 νυμφίῳ,
1292 1981 1384 2035 τὸν
1442 1979 1524 2034 ἱὸν
1579 1977 1798 2049 ἀπεμεῖ,
1857 1975 1946 2030 καὶ
1978 1973 2072 2028 ἐκ·

426 2073 655 2147 ϐάλλει,
700 2073 791 2128 καὶ
851 2074 1024 2136 οὕτως
1085 2069 1412 2141 ὑποσυρίσας
1471 2069 1570 2136 τήν
1623 2067 1840 2143 νύμφην
1895 2083 2072 2139 παρα-

423 2164 600 2221 καλεῖ·
664 2162 826 2218 οἱονεὶ
885 2159 1193 2237 προγάμιόν
1247 2179 1368 2213 τινα
1411 2158 1663 2230 ὑμεναῖον
1727 2151 2065 2226 ἀναμέλψας·

427 2279 449 2306 ι
485 2259 628 2313 Cum
663 2255 992 2326 proximum
1033 2257 1144 2315 est,
1176 2255 1242 2305 ut
1265 2249 1464 2320 vipera
1496 2245 1798 2318 complexu
1830 2259 2070 2299 venereo

423 2363 556 2402 cum
590 2360 850 2400 muraena
873 2344 1182 2414 jungatur,
1233 2355 1524 2394 venenum
1567 2335 1885 2391 vomitione
1913 2332 2074 2403 ejicit

423 2441 598 2506 atque
610 2432 920 2504 expellitut
941 2430 1194 2485 blandus
1211 2429 1844 2496 decorusquespunsus
1880 2422 2068 2476 videa-

426 2528 542 2578 tur.
577 2527 780 2576 Postea
807 2519 961 2575 edito
987 2517 1468 2586 sibilo,tanquam
1499 2514 1796 2586 hymenaeo
1817 2510 2070 2582 quodam

425 2617 560 2668 ante
591 2610 827 2680 nuptias
863 2608 1346 2676 misso,sponsam
1379 2601 1691 2675 appellat,»
1726 2599 2070 2671 Hippolytus

425 2705 620 2756 tamen
651 2697 982 2765 Salvianus,
1013 2695 1356 2767 Aquatilium
1399 2691 1734 2747 animalium
1763 2690 2068 2754 historiam,

426 2789 761 2862 opinionem
794 2791 1100 2841 auctorum
1154 2783 1402 2837 istorum
1431 2798 1546 2835 non
1580 2778 2070 2850 probat,primum

428 2879 582 2952 quod
617 2892 805 2947 neque
835 2874 1073 2930 omnino
1102 2889 1239 2928 vera
1285 2870 1558 2926 credatur
1599 2885 1633 2924 α
1679 2867 1967 2923 Nicandro
2010 2865 2070 2920 in

427 2967 730 3032 Theriacis,
765 2981 894 3019 vers
922 2963 1028 3018 826
1052 2979 1064 3017 :

496 3081 556 3138 Ei
591 3077 634 3133 δ’
663 3076 859 3151 ἔτυμον
893 3075 1072 3151 κείνην
1102 3095 1162 3151 γε
1192 3073 1284 3128 σὺν
1318 3067 1566 3151 ἰοβολοις
1591 3069 1800 3151 ἐχίεσσι

497 3143 790 3225 Θόρνυσθαι
870 3143 1246 3225 προλιποῦσαν
1333 3145 1465 3207 ἁλὸς
1543 3143 1712 3216 νόμον
1811 3144 2065 3286 ἠπείροι-

1940 3230 2062 3281 σιν;

1940 3233 2023 3267 σιν
2048 3230 2062 3281 ;

419 3343 589 3396 Fama
619 3341 717 3404 est,
746 3337 802 3392 si
826 3333 986 3390 modo
1017 3349 1164 3398 vera,
1199 3331 1711 3399 muraenam,maris
1741 3345 1939 3396 pascuo
1968 3329 2063 3384 de-

414 3427 691 3492 relicto,in
723 3422 1029 3480 continenti
1056 3437 1178 3475 cum
1215 3435 1483 3474 venenum
1505 3417 1886 3488 jaculantibus
1912 3419 2061 3488 vipe-

411 3519 489 3572 ris
521 3518 667 3570 coire
699 3531 713 3576 ;
747 3511 1005 3566 secundo
1039 3509 1192 3580 quod
1229 3507 1348 3561 ιιωο
1379 3506 1576 3578 opinio
1608 3505 1864 3578 vulgaris
1923 3522 2063 3561 cen-

414 3608 613 3661 seatur
643 3619 676 3656 a
702 3599 886 3655 Plinio
920 3598 1149 3653 dicente
1178 3595 1278 3650 lib.
1314 3612 1390 3664 1x,
1442 3611 1570 3666 cap.
1603 3595 1710 3649 23:
1749 3617 1777 3644 ‹‹
1814 3599 1875 3648 In
1910 3595 2068 3649 sicca

412 3693 610 3750 littora
631 3689 796 3761 lapsa
814 3687 1024 3759 vulgus
1045 3686 1203 3741 coitu
1225 3689 1555 3756 serpentem
1580 3683 1810 3755 impleri
1836 3688 1996 3754 putat
2013 3702 2058 3750 ;ιι

416 3783 586 3840 tertia
605 3780 760 3853 quod
785 3795 850 3834 ea
881 3777 1078 3850 opinio
1107 3775 1252 3832 falsa
1275 3775 1542 3830 videatur
1565 3775 1806 3829 Andree
1829 3775 2064 3829 cuidam

412 3873 567 3946 apud
609 3870 952 3926 Athenarum
988 3867 1088 3922 lib.
1126 3882 1223 3930 vn,
1258 3881 1392 3936 pag.
1425 3865 1563 3918 312:
1597 3864 1666 3918 Ev
1694 3862 1772 3933 τῷ
1803 3862 1926 3937 περὶ
1955 3867 2062 3916 τῶν

409 3957 655 4034 ψευδὼςς
689 3955 1130 4027 πεπιστευμένων
1162 3947 1359 4026 ψεῦδός
1393 3972 1556 4028 φησιν
1592 3953 1726 4005 εἶναι
1753 3952 1816 4005 τὸ
1870 3950 2066 4025 μύραι-

410 4070 504 4103 ναν
539 4044 658 4123 ἔχει
694 4044 984 4119 μίγνυσθαι
1043 4043 1462 4116 προερχομένην
1515 4039 1602 4094 ἰπὶ
1649 4040 1711 4094 τὸ
1740 4037 2061 4114 τεναγῶδες·

413 4135 536 4193 οὐδὲ
586 4135 689 4210 γὰρ
741 4133 827 4188 ἐπὶ
879 4133 1134 4205 τενάγους
1185 4129 1333 4204 ἔχεις
1364 4128 1639 4201 νέμεσθαι,
1697 4125 2067 4204 φιληδοῦντας

413 4222 713 4299 λιμώδεσιν
762 4220 1038 4299 ξρημίαιςο
1089 4244 1108 4270 α
1151 4221 1209 4275 In
1243 4220 1392 4274 libro
1426 4220 1496 4273 de
1529 4217 1746 4288 iisquae
1771 4217 1916 4272 falso
1948 4235 2072 4273 cre-

421 4319 641 4372 duntur
665 4331 763 4369 eos
795 4310 1026 4366 mentiri
1061 4308 1284 4374 scribit,
1324 4307 1422 4378 qui
1456 4307 1624 4361 aiuut
1657 4323 1978 4360 mura’nam
2012 4306 2070 4360 in

421 4402 772 4459 lutulentam
806 4400 987 4454 maris
1019 4413 1178 4452 oram
1213 4393 1679 4467 progredientem
1713 4411 1847 4449 cum
1879 4395 2076 4467 vipera

432 4491 662 4548 misceri
691 4507 703 4544 :
739 4506 863 4558 qua:
895 4488 952 4541 in
985 4487 1236 4541 ccenosis
1277 4483 1421 4538 locis
1455 4500 1569 4538 uon
1603 4482 1779 4554 degit,
1816 4483 1916 4537 sed
1949 4482 2076 4537 loca

2183 536 2235 591 ἐν
2267 540 2382 596 τοῖς
2413 534 2702 607 ἀμμώδεσι
2728 534 2818 588 καὶ
2863 529 3272 611 βορϐορώδεσιο
3321 561 3350 588 ‹‹
3397 538 3599 594 Pinna
3630 542 3839 594 erecte

2181 625 2326 682 locis
2349 625 2613 682 arenosis
2641 625 3007 698 coanosisque
3035 643 3100 682 ex
3132 626 3328 697 bysso,
3351 627 3408 682 id
3431 633 3524 683 est
3545 627 3687 684 villo
3720 628 3844 684 sive

2182 715 2314 770 lana
2341 714 2441 769 illa
2468 713 2714 785 pinnali,
2747 715 3154 787 proveniunt.»
3188 717 3318 788 Ipse
3351 715 3607 772 Basilius
3641 722 3845 772 noster

2184 803 2426 860 humilia
2454 806 2516 860 In
2545 804 2739 860 divites
2767 821 2966 860 avaros
2994 806 3066 860 de
3102 805 3210 860 hac
3253 805 3570 878 pinnarum
3595 805 3737 860 lana
3757 806 3844 861 lo-

2181 898 2358 948 cutus
2390 897 2499 962 est,
2537 892 2772 949 tametsi
2799 895 2960 948 locus
2981 911 3094 950 non
3117 894 3264 950 satis
3289 895 3539 950 ﬁdeliter
3555 895 3630 949 ab
3662 894 3844 949 inter-

2185 987 2345 1054 prete
2400 999 2714 1054 expressus
2773 983 3041 1039 Videtur:
3083 982 3168 1038 Τὰ
3215 979 3272 1036 δὲ
3302 982 3361 1036 ἐκ
3391 980 3671 1052 θαλάττης
3700 983 3836 1050 ἄνθη

2183 1071 2217 1137 ἡ
2246 1067 2474 1144 κόχλος,
2517 1072 2551 1138 ἡ
2603 1069 2783 1141 πίννα,
2835 1071 2964 1146 ὑπερ
3015 1071 3076 1125 τὸ
3110 1069 3170 1125 ἐκ
3198 1075 3303 1125 τῶν
3337 1065 3629 1144 προϐάτων
3664 1067 3837 1144 ἔριονσ

2184 1183 2212 1210 ι(
2247 1160 2444 1216 Flores
2473 1177 2604 1216 vero
2652 1177 2721 1216 ex
2766 1161 2937 1229 mari,
2979 1160 3371 1233 conchylium,
3407 1161 3589 1233 pinna
3635 1160 3837 1216 lanam

2182 1265 2250 1305 ex
2279 1249 2486 1305 ovibus
2531 1249 2836 1306 excedunt.
2871 1271 2898 1300 n
2935 1250 3052 1305 Hoc
3081 1255 3190 1322 est,
3223 1255 3388 1306 tanta
3417 1250 3586 1323 copia
3615 1249 3839 1322 pretio-

2182 1353 2378 1392 sorum
2403 1336 2648 1392 istorum
2672 1337 2934 1392 colorum
2968 1337 3314 1408 exquiritur,
3342 1345 3407 1394 ut
3427 1342 3842 1397 communium

2181 1442 2250 1481 ex
2271 1425 2478 1481 ovibus
2503 1424 2772 1481 lanarum
2791 1425 3229 1483 multitudinem
3252 1431 3705 1499 superetQuam
3734 1435 3844 1486 Ba-

2182 1513 2350 1570 silius
2381 1515 2576 1570 lanam
2611 1531 2852 1570 auream
2883 1515 3245 1583 Aristoteles,
3272 1518 3499 1574 ratione
3525 1519 3656 1574 ﬂavi
3681 1520 3843 1577 colo-

2182 1604 2285 1670 ris,
2310 1603 2551 1676 byssum
2592 1603 2870 1676 appellat,
2905 1610 2970 1660 ut
3000 1609 3164 1661 notat
3192 1604 3279 1660 vir
3326 1606 3536 1663 doctus
3564 1607 3626 1663 in
3659 1609 3843 1666 Athe-

2183 1692 2291 1747 τιεί
2320 1691 2537 1748 librum
2559 1709 2612 1746 v.

2253 1782 2401 1837 Ibid.
2437 1782 2476 1838 C
2503 1783 2560 1840 2.
2594 1783 2749 1838 UL...
2786 1781 3148 1839 immobilem.
3207 1782 3354 1840 Cum
3407 1801 3443 1841 a
3501 1784 3675 1842 nobis
3704 1803 3843 1844 cor-

2181 1875 2377 1926 rectus
2408 1871 2486 1926 sit
2517 1875 2711 1927 textus
2740 1875 2992 1939 Gnaeus,
3028 1871 3364 1944 interpretis
3395 1890 3637 1948 quoque
3665 1877 3848 1932 verba

2181 1976 2420 2016 necesse
2452 1961 2562 2016 fuit
2609 1960 2937 2017 immutari.
2971 1961 3066 2018 Sic
3098 1962 3279 2035 igitur
3307 1961 3516 2019 habuit
3546 1967 3844 2037 posterior

2179 2049 2358 2105 editio
2400 2050 2737 2106 Basiliensis
2761 2069 2774 2108 :
2799 2047 3101 2105 Φυλάσσειν
3130 2049 3310 2125 ὣσπερ
3343 2051 3749 2128 καταρῥιζωθὶν
3784 2053 3838 2108 ἐν

2179 2137 2330 2209 αὐτῷ
2357 2142 2436 2208 τῷ
2466 2136 2716 2212 πελάγει.
2745 2140 3126 2196 llenricianus
3151 2142 3367 2213 Regius
3399 2142 3580 2198 liber:
3615 2139 3838 2197 Φυλάσ-

2181 2247 2288 2281 σειν
2346 2227 2444 2296 τήν
2486 2231 2633 2295 ναῦν,
2684 2225 2865 2302 ὥσπερ
2919 2227 3342 2304 καταρῥιζωθέν,
3412 2233 3582 2303 quasi
3644 2234 3717 2288 ad
3773 2233 3836 2286 τὸ

2183 2313 2430 2391 ἰχθύδιον
2478 2319 2796 2386 referatur;
2860 2324 2920 2374 at
2976 2320 3284 2376 Medicaaus
3337 2318 3832 2395 κατιρῥιζωθεῖσαν

2182 2407 2588 2478 habuit,quem
2619 2408 2804 2463 secuti
2834 2423 3066 2478 sumus,
3093 2425 3325 2479 unaque
3345 2410 3719 2466 Eustathium
3740 2429 3838 2467 ve-

2179 2501 2362 2551 terem
2395 2495 2792 2568 interpretem,
2828 2519 2855 2545 «
2891 2513 3065 2553 naves
3109 2497 3374 2568 ingentes
3421 2499 3502 2554 ita
3551 2501 3838 2571 retardat,

2181 2601 2247 2639 ac
2278 2583 2506 2649 retinet,
2548 2591 2612 2640 ut
2641 2583 2866 2640 diutius
2897 2584 3230 2641 efﬁciantur
3278 2586 3636 2656 immobiles,
3683 2589 3845 2644 velut

2182 2673 2534 2745 quibusdam
2563 2673 2816 2728 fundata:
2845 2673 3142 2729 radicibus
3174 2675 3230 2729 in
3265 2676 3596 2747 profundo;
3635 2699 3662 2725 »
3697 2676 3838 2732 item

2179 2763 2547 2829 Ambrosius,
2583 2762 2681 2817 lib.
2714 2780 2772 2830 v,
2803 2779 2928 2834 cap.
2956 2763 3054 2818 1οε
3101 2784 3128 2816 α
3155 2763 3320 2819 Sicut
3352 2765 3546 2820 brevis
3579 2765 3843 2837 piscicu-

2180 2852 2273 2908 lus
2300 2852 2569 2907 echeneis
2602 2857 2767 2907 tanta
2798 2851 3078 2908 facilitate
3111 2859 3474 2909 memoratur
3504 2871 3713 2910 navem
3751 2856 3840 2909 in-

2181 2945 2412 3014 gentem
2447 2946 2725 3012 statuere,
2756 2946 2821 2997 ut
2859 2941 3028 3013 quasi
3082 2942 3402 2998 radicatam
3439 2943 3583 2997 mari
3619 2943 3842 2998 haerere

2179 3029 2399 3096 videas,
2431 3047 2535 3085 nec
2565 3031 2801 3085 moveri.
2830 3052 2860 3080 »
2899 3029 3203 3103 Oppianus
3253 3029 3352 3087 lib.
3388 3047 3406 3086 ι
3438 3031 3844 3104 Depiscatione

2180 3136 2330 3176 vers.
2363 3119 2467 3174 225
2490 3136 2502 3174 :

2644 3224 2861 3297 ...Kata‘t
2899 3221 2947 3278 δ’
2977 3220 3210 3297 ἔμπεδον
3245 3222 3580 3297 ἐστήρικται,

2385 3294 2585 3352 ἨύτἹν
2619 3293 2967 3350 ἀκλύστοισιν
3002 3293 3294 3372 ἐεργομένη
3331 3293 3636 3369 λιμᾶνεσσι.

2174 3423 2544 3494 Firmiterque
2571 3421 2754 3492 deﬁxa
2787 3432 2866 3477 est
2894 3425 3075 3494 navis,
3117 3426 3382 3494 tanquam
3407 3425 3468 3478 in
3498 3425 3844 3496 tranquillis

2178 3511 2399 3566 inclusa
2427 3511 2714 3581 portubus.
2767 3511 2829 3565 In
2881 3528 3055 3582 quem
3102 3510 3294 3567 locum
3337 3513 3603 3568 scribens
3656 3513 3835 3568 scho-

2176 3599 2376 3654 Iiastes
2397 3616 2465 3655 ex
2488 3598 2822 3655 Rondeletio
2843 3601 3020 3655 tradit
3045 3601 3370 3668 triremem,
3411 3601 3472 3656 in
3496 3618 3618 3672 qua
3639 3605 3840 3657 cardi-

2177 3690 2325 3744 nalis
2345 3687 2679 3744 Turnonius
2703 3688 3021 3744 vehebatur
3059 3696 3261 3744 nostra
3287 3696 3455 3744 aetate
3477 3691 3744 3755 Romam,
3775 3693 3832 3745 in

2179 3779 2369 3833 medio
2399 3794 2574 3833 cursu
2620 3778 2898 3833 omnibus
2929 3779 3365 3834 admirantibus
3399 3779 3583 3834 fuisse
3610 3778 3834 3834 inhibi-

2176 3871 2318 3932 tam,
2356 3872 2418 3921 ut
2459 3866 2656 3922 minus
2693 3865 2995 3932 miremur,
3052 3868 3205 3936 quod
3247 3872 3339 3923 est
3368 3868 3524 3938 apud
3573 3867 3834 3922 Plinium

2177 3956 2280 4024 lib,
2312 3973 2486 4023 xxxu,
2520 3972 2645 4026 cap.
2683 3957 2705 4009 1
2733 3971 2745 4008 :
2781 3977 2828 4004 «ο
2862 3955 3058 4011 Ruant
3106 3955 3256 4012 venti
3309 3956 3462 4025 licet,
3497 3961 3557 4011 et
3587 3958 3840 4012 saviant

2181 4043 2468 4114 procellis,
2503 4046 2754 4115 imperat
2797 4045 3001 4114 furori,
3047 4049 3106 4098 et
3154 4044 3311 4117 cogit
3359 4049 3516 4098 stare
3575 4046 3834 4116 navigia.

2185 4135 2386 4186 Fertur
2453 4133 2683 4186 Actiaco
2750 4134 2931 4187 Marte
2981 4133 3244 4188 tenuisse
3301 4133 3495 4188 navim
3558 4133 3836 4189 Antonii:

2180 4221 2372 4275 tenuit
2400 4225 2458 4274 et
2486 4219 2604 4274 Caii
2657 4219 2941 4291 principis
2972 4222 3188 4289 navim,
3213 4225 3267 4276 et
3294 4221 3836 4292 quadragenlorum

2184 4310 2472 4381 remigum
2503 4309 2784 4380 obsequio
2818 4309 3168 4374 intercessit,
3211 4309 3312 4380 qui
3344 4311 3838 4380 quinqueremem

2182 4399 2516 4466 trahebant,
2541 4414 2673 4452 cum
2700 4397 3096 4468 gubernaculo
3124 4399 3494 4452 adhaerere“
3518 4398 3681 4454 ldem
3707 4398 3839 4453 Plu-

2185 4487 2444 4554 tarchus,
2477 4486 2578 4541 lib.
2616 4503 2658 4540 ιι
2685 4487 3044 4558 Symposiac.,
3077 4491 3284 4558 quast.
3334 4488 3390 4555 7,
3420 4487 3491 4542 de
3519 4486 3846 4543 Chaeremo-

421 4580 546 4637 sola
575 4575 859 4642 amat,ubi
893 4574 1039 4629 nihil
1063 4589 1262 4628 eorum
1289 4571 1863 4642 inveniatur,quihus
1887 4571 2072 4626 fames
2104 4565 2148 4629 Ι)
2181 4579 2378 4640 niano,
2409 4593 2542 4632 cum
2576 4576 2634 4630 in
2667 4576 2858 4630 Siculo
2887 4576 3034 4631 mari
3085 4577 3409 4648 navigaret,
3441 4576 3531 4630 καὶ
3562 4577 3843 4644 Θαυμάσαι

421 4669 697 4734 sedatur;
733 4687 760 4715 »
787 4670 993 4738 quarto
1017 4661 1436 4732 demum,quod
1463 4677 1593 4716 cum
1621 4661 1677 4715 in
1709 4659 2071 4733 quampluri-

426 4759 538 4813 mis
555 4756 732 4812 maris
752 4753 1048 4810 littoribus
1064 4749 1551 4822 frequentissimae
1578 4750 2074 4822 dcgantmurzenaz

424 4865 530 4904 nec
563 4846 943 4920 piscatorum,
979 4859 1082 4897 nec
1114 4858 1339 4907 eorum,
1378 4839 1478 4911 qui
1511 4839 1666 4895 circa
1713 4839 1910 4894 littora
1952 4855 2074 4892 ver-

421 4941 629 4993 santur
659 4933 914 5005 aliquem
967 4929 1260 4986 invenerit
1311 4927 1625 4984 Salvianus
1676 4927 1821 4999 ipse,
1854 4926 1954 4999 qui
1986 4943 2075 4981 se-

426 5026 538 5081 mel
571 5041 670 5080 eas
697 5040 829 5078 cum
868 5022 1081 5093 viperis
1107 5019 1314 5074 viderit
1345 5017 1824 5073 concumhentes.

494 5114 608 5170 Col.
664 5114 762 5167 163
810 5118 855 5165 Λ
919 5113 1001 5166 11.
1060 5114 1274 5164 Lanam
1318 5123 1568 5162 auream.
1624 5110 1705 5161 Ita
1756 5105 2076 5161 maluimus

425 5206 495 5261 ad
531 5204 770 5259 verbum
791 5217 920 5257 cum
943 5201 1087 5255 lano
1109 5197 1406 5263 Cornario,
1444 5213 1620 5268 quam
1659 5212 1794 5250 cum
1821 5202 2075 5268 Argyro-

424 5295 613 5366 pylo,«
641 5291 829 5348 vellus
859 5306 1164 5356 aureum,»
1198 5304 1269 5342 ne
1299 5284 1432 5356 quis
1459 5286 1529 5340 ad
1566 5284 1903 5340 Colchidum
1929 5285 2075 5340 illud

421 5383 677 5455 spolium
712 5380 893 5436 allutli
928 5375 1321 5449 putaret,licet
1351 5373 1697 5427 Ambrosius
1731 5391 1961 5445 quoque
1993 5374 2076 5429 sic

423 5471 714 5540 extulerit,
751 5469 850 5523 lib.
888 5486 940 5535 v,
995 5484 1122 5538 cap.
1164 5466 1222 5520 11
1261 5480 1271 5517 :
1325 5485 1347 5512 «
1395 5464 1653 5516 Aureum
1687 5463 1862 5517 etiam
1894 5461 2078 5518 vellus

423 5577 578 5632 aqua
607 5559 878 5625 nutrit,et
908 5555 1106 5612 lanam
1142 5555 1200 5608 in
1237 5551 1541 5608 memorati
1576 5551 1831 5621 speciem
1856 5551 2075 5606 metalli

422 5653 676 5725 gignunt
708 5648 924 5704 littora.
959 5669 984 5696 η
1021 5641 1362 5700 Aristoteles
1394 5639 1494 5696 lib.
1531 5657 1584 5711 v,
1622 5643 2066 5713 cap.15,llist0r.

2182 4666 2278 4732 τήν
2336 4662 2585 4736 δύναμιν,
2647 4663 2745 4718 οὐκ
2804 4660 2998 4738 ὀλίγην
3062 4661 3374 4740 βραδύτητα
3422 4664 3512 4718 καὶ
3549 4660 3843 4734 διατριϐὴν

2182 4753 2325 4826 παρά
2347 4753 2440 4807 τὸν
2470 4749 2644 4806 πλοῦν
2677 4751 3132 4826 ἀπεργασαμένης
3180 4759 3280 4822 τῆς
3327 4750 3642 4827 ἐχενηΐδος,
3681 4777 3710 4806 ι
3739 4756 3842 4808 ad-

2185 4845 2462 4899 miratum
2511 4845 2641 4913 ejus
2691 4843 2874 4899 fuisse
2929 4842 3068 4911 vim,
3103 4859 3238 4898 cum
3273 4843 3636 4915 navigationi
3684 4843 3842 4898 haud

2183 4933 2454 5004 exiguam
2486 4933 2819 4987 tarditatem
2856 4947 3200 5002 moramque
3233 4931 3556 5002 injecisset,
3592 4953 3622 4980 ››

2257 5019 2375 5076 Col.
2418 5021 2516 5075 I63
2544 5025 2582 5074 0
2611 5022 2663 5073 9.
2699 5019 2908 5075 Deinde
2937 5024 3102 5074 ratio.
3134 5019 3561 5092 Argyropylum
3597 5021 3844 5075 vertisse

2186 5111 2462 5165 admonet
2484 5109 2932 5174 Montacutius,-
2963 5108 3181 5164 Deinde
3206 5109 3353 5164 ratio
3377 5109 3840 5163 Manichaeorum

2188 5199 2246 5253 in
2312 5197 2670 5253 contrarium
2744 5202 3053 5252 evertetur.
3116 5220 3144 5245 »
3203 5197 3416 5268 Aptins
3473 5197 3839 5252 Cornarius:

2186 5311 2213 5336 ‹‹
2252 5287 2466 5342 Deinde
2496 5286 2949 5342 Manicheorum
2982 5303 3174 5341 sermo
3204 5285 3262 5340 in
3295 5289 3661 5340 contrarium
3694 5285 3844 5356 ipsis

2187 5381 2556 5431 convertetur
2589 5394 2602 5442 ;
2639 5396 2665 5423 »
2698 5379 2752 5429 et
2786 5375 3170 5429 Eustathius:
3205 5397 3232 5423 «
3272 5374 3485 5429 Deinde
3517 5375 3574 5428 in
3612 5381 3842 5430 contra-

2189 5465 2339 5521 rium
2397 5463 2733 5520 Manichaeis
2783 5479 2976 5518 sermo
3025 5463 3339 5518 vertendus
3374 5467 3484 5518 est.
3522 5486 3544 5511 η
3579 5467 3701 5519 Hoc
3733 5467 3837 5526 est,

2189 5555 2454 5625 ipsorum
2485 5552 2754 5608 doctrina
2783 5552 2854 5606 de
2875 5551 3376 5623 anima,quaajam
3402 5558 3569 5607 terrae
3603 5553 3841 5619 inesset,

2188 5643 2451 5715 ipsorum
2484 5641 2860 5713 dogmatibus
2891 5639 3315 5698 adversabitur.
