4120 6230
239 419 389 481 1001

1319 418 1426 479 AD
1474 419 1846 480 HOMILIAS
1892 418 1971 478 ΙΝ
2015 415 2581 477 ΗΕΧΑΕΜΕΗΟΝ.

3496 417 3653 479 1002

315 549 434 608 Col.
469 551 570 609 164
601 551 642 607 C
694 550 784 606 13.
837 545 972 604 οὔτε
1025 546 1152 623 γάρ.
1199 551 1282 606 Ita
1338 550 1647 607 Medicaus
1694 551 1894 617 codex,
1922 552 1978 620 Α
2077 548 2226 606 Ibid.
2257 550 2316 605 C.
2348 547 2586 604 Pulchra
2615 547 2930 620 decoraque.
2955 547 3140 604 Locus
3171 551 3259 605 est
3288 548 3648 608 Proverbior.

245 646 307 698 at
338 642 556 714 Regius
596 641 765 711 alter,
795 636 921 695 οὔτε
947 639 1050 714 γὰρ
1091 637 1181 694 ὅτε
1209 636 1429 710 ἤκουσε,
1468 639 1826 715 βλαστησάτω
1857 642 1891 710 ἡ

241 737 310 806 γῆ
346 725 600 806 βότανην.

313 837 430 895 Col.
458 839 557 893 171
609 838 650 894 C
700 837 784 893 12.
818 838 926 894 Nec
951 838 1138 907 facile.
1171 842 1296 894 Non
1331 837 1441 893 hoc
1469 837 1593 893 vult
1624 837 1892 907 Basilius,

239 927 494 1000 gallinas
525 927 695 982 domo
727 942 842 982 non
873 925 1280 991 excedere,sed
1303 930 1361 981 et
1380 927 1542 998 ipsas
1573 932 1637 982 ut
1665 927 1893 983 colum-

239 1018 348 1072 bas
397 1032 524 1072 esse
572 1014 842 1072 lascivas.
898 1014 1060 1070 Unde
1109 1014 1473 1082 Eustathius,
1507 1036 1536 1066 ι(
1578 1014 1895 1071 libidinosa

241 1104 536 1174 columba,
579 1104 1024 1172 domesticaque
1070 1102 1310 1175 gallina.
1343 1124 1370 1156 ι
1407 1104 1667 1159 Cornarii
1698 1104 1892 1176 potius

244 1193 588 1267 usurpanda
615 1199 706 1249 est
735 1193 1164 1264 interpretatio,
1184 1215 1212 1242 «
1238 1193 1483 1249 Lascivae
1505 1199 1645 1249 sunt
1674 1192 1894 1248 colum-

245 1284 331 1340 bis
390 1287 448 1339 et
503 1281 840 1338 domestice
891 1281 1145 1354 gallinis,
1191 1281 1352 1337 omni
1399 1286 1663 1354 tempore
1705 1281 1893 1338 coitus

239 1371 730 1428 consuetudinem
764 1370 1068 1426 habentes.
1102 1391 1133 1420 »
1161 1371 1325 1438 Quod
1358 1371 1630 1442 sequitur
1659 1371 1730 1426 de
1761 1387 1892 1442 per-

238 1461 387 1529 dice,
440 1459 749 1516 obscurius
797 1459 1084 1531 expressit
1130 1459 1458 1531 interpres,
1505 1458 1706 1515 dicens
1755 1475 1891 1514 eum

239 1549 534 1604 malitiose
556 1548 615 1604 in
638 1547 835 1620 prada
854 1563 1046 1619 agere;
1065 1546 1405 1603 Eustathius
1427 1547 1619 1619 potius
1644 1547 1890 1602 audien-

236 1639 353 1694 dus
385 1655 399 1693 :
435 1661 463 1688 «
497 1636 746 1693 Dolosus
775 1640 833 1692 et
877 1635 1182 1708 zelotypus
1221 1636 1446 1708 perdix,
1476 1635 1891 1708 interdumque

232 1726 587 1784 venantibus
598 1725 939 1783 hominibus
957 1727 1027 1781 ad
1049 1724 1298 1781 aliorum
1321 1730 1558 1796 captum
1599 1725 1891 1781 malitiose

235 1816 637 1872 consentiens.
677 1833 703 1866 ιι
750 1815 1066 1870 Carnarius
1102 1814 1240 1870 item
1269 1832 1282 1882 ;
1309 1836 1337 1864 ‹‹
1367 1813 1617 1870 Dolosus
1648 1819 1705 1870 et
1734 1813 1889 1870 zelo-

231 1911 410 1978 typus
441 1913 532 1962 est
561 1903 786 1976 perdix,
835 1903 1107 1974 nequiter
1153 1904 1444 1974 adjuvans
1483 1910 1786 1958 venatores
1813 1903 1884 1958 ad
1916 1926 1964 1992 Β

235 1995 518 2067 praedam.
553 2016 582 2044 ι
612 1994 880 2050 Meminit
909 1998 966 2049 et
1003 1992 1344 2049 Aristoteles
1394 1994 1691 2066 perdicum
1739 2010 1884 2064 quo-

230 2084 528 2150 rumdam,
562 2098 710 2155 quos
743 2079 1029 2156 θηρευτάς,
1078 2086 1362 2137 renatores
1410 2081 1666 2154 appellat
1695 2082 1796 2137 lib.
1829 2099 1884 2137 ιχ

230 2175 463 2239 Histor.,
495 2172 755 2240 animal.,
787 2187 916 2243 cap.
949 2172 983 2224 8
1014 2187 1029 2226 :
1062 2167 1188 2224 Ἐπὶ
1223 2165 1280 2223 δὲ
1324 2169 1416 2222 τὸν
1456 2169 1721 2242 θηρευτὴν
1750 2170 1884 2242 πέρ-

236 2257 362 2314 δικα
421 2258 642 2314 ὠθεῖται
689 2262 796 2313 τῶν
854 2256 1056 2332 ἀγρίων
1117 2257 1144 2311 6
1200 2256 1422 2333 ἡγεμὼν
1500 2257 1752 2319 ἀντιάσας
1807 2257 1882 2320 ὡς

238 2350 610 2426 μαχούμενος·
644 2347 841 2403 τούτου
867 2344 914 2401 δ’
946 2346 1171 2409 ἁλόντος
1193 2346 1244 2401 ἐν
1273 2351 1392 2409 ταῖς
1423 2353 1680 2417 πηκταῖς,
1715 2345 1880 2403 πάλιν

233 2435 596 2513 προσέρχεται
627 2433 798 2498 ἄλλος
837 2435 1088 2498 ἀντιάσας
1115 2435 1206 2490 τὸν
1237 2435 1399 2491 αὐτὸν
1427 2435 1652 2510 τρόπον.
1678 2459 1707 2486 ‹‹
1755 2438 1884 2494 Per-

230 2530 420 2585 dicem
453 2532 789 2584 venatorem
837 2527 952 2582 dux
984 2525 1348 2582 silvestrium
1379 2526 1605 2597 primus
1637 2527 1880 2594 invadit,

227 2633 610 2691 pugnamque
639 2615 870 2672 obviam
900 2615 1156 2672 conserit
1190 2632 1203 2671 :
1233 2632 1350 2688 quo
1380 2621 1549 2686 capto
1579 2617 1879 2688 compede,

227 2706 374 2764 alter
401 2705 676 2773 occurrit,
708 2708 834 2760 tum
858 2703 1034 2774 alius,
1057 2709 1231 2776 atque
1253 2705 1335 2760 ita
1358 2703 1612 2776 singulis
1637 2705 1880 2761 dimica-

225 2800 342 2852 tur.
372 2818 400 2844 ››
428 2793 656 2850 Plinius
689 2794 790 2850 lib.
820 2811 877 2865 x,
909 2809 1036 2865 cap.
1069 2793 1159 2859 33,
1184 2794 1324 2849 dum
1348 2793 1675 2850 Aristotelis
1695 2794 1882 2850 inter-

227 2888 450 2958 pretem
507 2883 648 2956 agit,
703 2882 971 2956 θηρευτήν
1044 2881 1302 2954 appellat
1358 2881 1600 2937 indicem
1669 2881 1761 2938 vel
1816 2886 1882 2939 ut

229 2973 470 3045 corrigit
520 2971 851 3037 Turnebus,
903 2971 1111 3026 illicem
1147 2986 1160 3025 :
1204 2993 1231 3021 «
1277 2971 1604 3041 Capiuntur
1647 2987 1880 3043 quoque

227 3059 605 3136 pugnacitate
622 3060 886 3132 ejusdem
902 3058 1167 3114 libidinis
1183 3062 1385 3114 contra
1402 3059 1650 3131 aucupis
1665 3059 1879 3116 illicem

230 3155 480 3208 exeunte
510 3149 570 3204 in
615 3147 880 3221 praelium
932 3148 1079 3204 duce
1127 3147 1309 3204 totius
1355 3148 1572 3220 gregis.
1604 3152 1780 3220 Capto
1811 3164 1879 3204 eo

228 3239 494 3312 procedit
533 3237 698 3305 alter,
744 3253 810 3292 ac
842 3235 1093 3292 subinde
1143 3235 1384 3308 singuli.
1419 3258 1448 3287 »
1479 3235 1742 3292 ίΕιὶαηυε
1770 3237 1874 3292 lib.

2001 655 2055 694 vn
2083 639 2238 710 apud
2279 637 2440 708 LXX,
2487 637 2585 692 ubi
2636 641 2768 708 post
2814 653 3049 692 versum
3077 638 3132 705 6,
3170 637 3305 694 Vade
3334 638 3406 693 ad
3446 640 3651 708 formi-

2003 741 2142 796 cam,
2167 742 2195 782 o
2220 729 2404 799 piger,
2437 725 2673 781 additur
2717 725 2777 780 in
2827 725 3022 781 Graeco
3071 729 3254 796 textu,
3287 726 3323 794 ἢ
3352 724 3648 797 πορεύθητι

2003 813 2139 888 πρὸς
2209 817 2308 883 τὴν
2383 811 2663 886 μέλισσαν,
2722 811 2812 866 καὶ
2891 813 3025 885 μάθε
3101 813 3173 874 ὡς
3226 812 3439 889 ἐργάτις
3510 813 3644 886 ἐστὶ,

2003 905 2100 973 τήν
2141 923 2199 956 τε
2247 901 2498 978 ἐργασίαν
2551 902 2626 962 ὡς
2683 903 2882 974 σεμνὴν
2944 907 3204 972 ποιεῖται,
3253 905 3318 972 ἧς
3368 902 3495 966 τοὺς
3547 903 3646 958 πό-

1999 1013 2124 1054 νους
2194 990 2436 1067 βασιλεῖς
2491 1012 2550 1046 τε
2598 990 2686 1045 καὶ
2759 988 2972 1045 ἰδιῶται
3031 991 3165 1067 πρὸς
3224 992 3422 1067 ὑγίειαν
3472 1014 3649 1069 προσ-

2001 1081 2273 1158 φέρονται.
2325 1085 2458 1149 Quae
2508 1082 2566 1137 S.
2617 1081 2964 1137 Ambrosius
3016 1081 3119 1138 lib.
3174 1100 3228 1150 ν,
3279 1100 3407 1156 cap.
3452 1085 3543 1151 21,
3585 1087 3644 1140 in

2002 1170 2551 1239 Hexaemer.,Basilii
2588 1169 2778 1226 locum
2808 1171 3002 1226 Latino
3034 1172 3368 1243 exprimens
3389 1173 3642 1244 eloquio,

2001 1262 2086 1316 sic
2113 1261 2306 1327 vertit,
2342 1261 2489 1316 Vade
2516 1260 2586 1315 ad
2613 1277 2794 1332 apem,
2824 1265 2877 1316 et
2923 1261 3043 1316 vide
3083 1262 3348 1332 quomodo
3389 1265 3646 1334 operaria

1998 1358 2100 1406 est'
2133 1351 2504 1421 operationem
2523 1365 2736 1421 quoque
2762 1365 2926 1421 quam
2963 1352 3329 1406 venerabilem
3361 1357 3641 1424 operatur,

1998 1440 2157 1511 cujus
2188 1439 2428 1494 laborem
2456 1454 2608 1509 reges
2637 1444 2691 1494 et
2714 1438 3010 1494 mediocres
3035 1439 3106 1494 ad
3134 1441 3366 1496 salutem
3395 1446 3641 1498 sumunt.

1999 1528 2058 1583 S.
2093 1527 2480 1598 Hieronymus
2512 1526 2570 1581 in
2603 1543 2727 1596 cap.
2757 1543 2818 1580 Ill
2851 1526 3165 1582 Ezechielis
3199 1545 3212 1582 :
3254 1551 3272 1576 ι
3305 1529 3375 1584 Et
3400 1529 3458 1584 in
3499 1535 3643 1587 Pro-

1997 1617 2212 1672 verbiis
2243 1617 2312 1671 de
2339 1632 2446 1686 ape
2476 1615 2710 1684 dicitur,
2745 1631 3083 1686 quanquam
3122 1616 3230 1672 hoc
3259 1616 3494 1674 Hebraea
3527 1637 3639 1675 non

1998 1705 2255 1761 habeant
2311 1703 2667 1776 exemplaria
2723 1720 2735 1759 :
2799 1704 2936 1758 Vade
2989 1703 3060 1759 ad
3131 1721 3314 1776 apem,
3371 1710 3423 1760 et
3474 1707 3642 1774 disce,

1999 1794 2262 1866 quomodo
2309 1795 2593 1864 operatriz
2619 1794 2709 1848 sit.
2742 1814 2769 1842 »
2806 1793 2934 1848 Hinc
2968 1793 3185 1848 absunt
3209 1811 3242 1849 a
3263 1798 3419 1850 textu
3447 1797 3642 1853 Graeco

1998 1884 2316 1940 Bibliorum
2349 1882 2880 1949 Plantinianorum,
2914 1886 2978 1938 ut
3028 1888 3085 1938 et
3127 1883 3241 1939 alia
3275 1883 3391 1940 fere
3423 1885 3641 1954 omnia,

1996 1990 2123 2046 quas
2153 1972 2213 2028 in
2248 1973 2482 2028 Hebraeo
2510 1975 2669 2026 textu
2705 1988 2820 2026 non
2851 1971 3162 2028 habentur.

2067 2063 2211 2118 Ibid.
2263 2066 2302 2116 C
2346 2062 2432 2118 12.
2465 2061 2669 2117 Deinde
2711 2061 2844 2118 aliae
2883 2077 3065 2133 super.
3117 2062 3357 2138 ’Ὀροφος
3400 2063 3639 2135 quidem

1994 2168 2308 2222 cameram,
2331 2150 2420 2206 vel
2453 2155 2694 2220 tectum,
2721 2155 2779 2206 at
2800 2147 2977 2227 ὀροφή
3004 2151 3496 2224 contignationem
3520 2154 3640 2210 sive

1993 2239 2323 2296 tabulatum
2358 2245 2530 2295 sonat
2557 2257 2570 2294 :
2598 2255 2772 2310 quam
2805 2240 2877 2294 ob
2909 2255 3148 2295 causam
3176 2239 3284 2296 has
3316 2257 3492 2312 apum
3527 2241 3641 2298 cel-

1994 2328 2146 2384 lulas
2199 2329 2540 2384 describens
2589 2328 2671 2382 ait
2726 2344 2795 2383 ex
2849 2327 3326 2400 interpretatione
3380 2331 3638 2387 Cornarii

1992 2417 2319 2474 Basiliusm
2356 2417 2570 2474 Deinde
2595 2415 2807 2472 fistulas
2830 2416 2914 2471 ha
2939 2417 3030 2472 bis
3060 2434 3127 2472 ac
3159 2422 3246 2473 ter
3272 2434 3640 2476 concamera-

1991 2512 2084 2578 tae,
2143 2511 2315 2578 atque
2373 2507 2559 2561 instar
2591 2504 3100 2577 contignationum
3131 2507 3344 2562 mdium
3395 2507 3546 2564 inter
3576 2525 3639 2565 se

1992 2596 2466 2669 supersediﬁcataa
2527 2599 2701 2663 sunt;
2744 2599 2801 2650 et
2857 2594 3197 2651 Eustathius
3234 2612 3247 2649 :
3287 2617 3314 2645 «
3364 2597 3639 2653 Subtilis-

1992 2685 2144 2740 sima
2194 2684 2517 2740 forulorum
2569 2684 2985 2756 interseptione
3015 2683 3388 2754 discluditur,
3417 2685 3517 2757 qui
3549 2685 3636 2741 bi-

1992 2775 2086 2830 nis
2118 2777 2219 2829 aut
2245 2773 2428 2829 ternis
2458 2789 2636 2846 super
2665 2788 2727 2829 se
2756 2776 2898 2828 sunt
2926 2772 3183 2829 ordinati
3216 2773 3635 2846 tegminibus.»

2061 2863 2179 2919 Col.
2214 2864 2316 2918 178
2347 2863 2387 2918 C
2419 2863 2506 2917 12.
2540 2863 2684 2930 Quin
2731 2863 2879 2917 hunc
2924 2877 3152 2934 quoque.
3188 2867 3492 2934 Perperam
3529 2863 3635 2920 hoc

1990 2952 2275 3025 expressit
2324 2953 2632 3023 interpres,
2679 2953 2851 3023 quasi
2904 2951 3183 3006 nimirum
3232 2951 3371 3008 velit
3431 2957 3636 3008 auctor

1989 3041 2248 3113 aquilam
2278 3039 2526 3095 alterum
2554 3039 2987 3112 pullum,quem
3019 3039 3130 3096 sibi
3165 3041 3466 3112 proprium
3485 3041 3634 3097 asci-

1987 3130 2090 3198 vit,
2123 3129 2359 3185 tandem
2392 3131 2464 3185 ob
2497 3128 2907 3184 nutricationis
2928 3128 3337 3185 difficultatem
3361 3129 3633 3200 abjicere,

1990 3218 2143 3290 quod
2175 3217 2246 3272 de
2277 3217 2465 3289 primo
2507 3220 2738 3272 tantum
2787 3216 3241 3289 intelligendum
3273 3222 3383 3285 est,
3415 3223 3472 3274 et
3500 3234 3632 3273 cum

224 3285 384 3400 ἔθυέ.
420 3328 505 3393 16,
537 3285 754 3398 quibus
798 3325 950 3381 dolis
983 3326 1135 3381 feros
1177 3285 1378 3380 illiciat
1408 3325 1670 3396 perdices
1697 3343 1875 3382 vena-
1907 3285 1950 3353 Ο
1986 3305 2134 3362 ³³³0
2165 3305 2440 3400 θοτξιπίο
2470 3305 2836 3400 vertendum:
2869 3329 2897 3354 “
2931 3305 3282 3400 Ῡαξηίίίδῖθω
3331 3306 3444 3362 Bibi
3477 3307 3632 3376 ῖᾶείίν

225 3423 318 3474 tor
349 3415 590 3488 exponit
621 3431 634 3470 :
668 3414 999 3489 Προσάγεται
1046 3409 1104 3466 δὲ
1151 3408 1254 3487 ἄρα
1284 3413 1312 3466 6
1343 3409 1527 3485 πέρδιξ
1558 3413 1648 3467 καὶ
1689 3420 1873 3488 σειρῆ-

223 3526 314 3569 νας
346 3503 422 3566 εἷς
450 3507 513 3558 τὸ
544 3500 799 3580 ἐφολκόν·
849 3497 1070 3571 ἕστηκεν
1121 3497 1262 3571 ᾄδων
1293 3501 1322 3555 6
1365 3505 1581 3576 πρῶτος
1610 3503 1673 3557 τὸ
1706 3500 1874 3574 μέλος

224 3591 598 3668 προκλητικὸν
632 3591 707 3653 εἷς
743 3589 930 3665 μάχην
963 3589 1237 3664 ὑποθῆγον
1266 3589 1356 3644 τὸν
1389 3586 1592 3666 ἅγριονσ
1627 3614 1655 3643 ‹‹
1684 3593 1877 3650 Utitur

226 3684 429 3757 perdix
456 3685 700 3738 venator
719 3677 1010 3736 illecebris
1037 3679 1398 3750 quibusdam
1430 3680 1500 3735 ad
1547 3679 1875 3736 illiciendos

231 3774 420 3829 feros:
454 3774 590 3826 ante
621 3769 768 3825 retia
797 3768 952 3823 enim
988 3768 1218 3840 positus
1248 3772 1488 3823 cantum
1514 3768 1633 3824 edit
1661 3783 1759 3825 eos
1790 3769 1874 3824 la-

229 3862 554 3916 cessentem
584 3857 655 3914 ad
687 3872 966 3929 pugnam.
1003 3878 1032 3907 ››

301 3964 426 4022 Col.
472 3965 573 4020 174
625 3963 689 4019 Β.
749 3963 1040 4034 Nunquam
1085 3965 1262 4018 utitur
1308 3962 1426 4018 illo.
1475 3963 1590 4018 Hoc
1637 3961 1875 4033 quidem

231 4052 501 4112 nonnulli
532 4055 602 4108 de
627 4068 806 4124 apum
829 4068 962 4124 rege
992 4051 1486 4123 scripserunt,sed
1517 4050 1574 4105 id
1598 4068 1712 4106 non
1736 4049 1879 4104 dicit

231 4141 504 4209 Basilius,
529 4157 731 4196 verum
763 4139 965 4196 aculeo
995 4156 1062 4196 eo
1091 4157 1202 4196 non
1239 4139 1322 4194 uti
1347 4140 1420 4195 ad
1454 4139 1878 4195 ultionem.lta-

231 4249 346 4304 que
377 4229 786 4302 amplectenda
839 4228 1034 4300 potius
1082 4228 1312 4284 videtur
1356 4229 1621 4284 Cornarii
1667 4228 1876 4294 versio,

231 4338 364 4394 qua:
392 4321 478 4376 sic
506 4319 680 4374 habet
711 4335 725 4374 :
759 4341 789 4368 ‹‹
818 4319 890 4373 Et
937 4323 1030 4374 est
1058 4318 1296 4390 quidem
1331 4317 1568 4373 aculeus
1600 4317 1742 4387 regi,
1776 4316 1878 4372 sed

231 4427 349 4465 non
382 4407 568 4464 utitur
597 4424 665 4463 co
687 4407 759 4462 ad
785 4405 1090 4462 ultionem.
1120 4428 1149 4455 »
1174 4407 1552 4461 Eustathius:
1575 4429 1596 4454 ι
1621 4409 1690 4460 Et
1709 4405 1884 4459 habet

231 4496 462 4570 spicula
491 4497 781 4568 quaedam,
815 4496 917 4550 sed
949 4495 1042 4550 his
1071 4495 1143 4549 ad
1193 4495 1489 4550 lesionem
1539 4510 1652 4549 non
1698 4493 1884 4548 utitur

233 4592 600 4642 ceterorum.
627 4605 658 4634 »
686 4583 949 4638 JElianus
982 4583 1081 4638 lib.
1117 4599 1158 4648 ι,
1186 4599 1313 4654 cap.
1344 4583 1415 4636 60
1447 4601 1460 4638 :
1490 4582 1643 4655 Λέγει
1679 4580 1772 4653 μέν
1801 4600 1883 4641 τις

237 4672 406 4747 λόγος
429 4671 717 4746 ἀκέντρους
755 4672 892 4724 εἶναι
919 4668 1048 4729 τοὺς
1094 4669 1304 4724 τούτων
1340 4669 1618 4744 βασιλέας,
1650 4666 1714 4723 λέ

241 4761 332 4816 καὶ
363 4757 546 4834 ἕτερος
597 4757 688 4813 καὶ
747 4759 886 4812 πάνυ
934 4756 1215 4833 ἐρῥωμένα
1257 4758 1325 4813 τὰ
1373 4757 1566 4832 κέντρα
1608 4777 1890 4835 συμπεφυ-

245 4850 396 4904 κέναι
447 4847 658 4916 αὐτοῖς,
713 4846 804 4901 καὶ
858 4845 1169 4921 τεθηγμέναι
1224 4844 1593 4920 ἀνδρειότατα·
1655 4845 1777 4902 οὔτε
1835 4844 1893 4900 δὲ

244 4937 326 4994 ἐπ’
358 4935 511 5012 ἀνδρί
544 4955 675 4992 ποτε
707 4936 945 5010 χρῆσθαι
995 4935 1205 5002 αὐτοῖς,
1253 4932 1376 4990 οὔτε
1423 4933 1510 4990 ἐπὶ
1553 4940 1672 4998 ταῖς
1704 4934 1890 5008 μελίτ-

238 5045 380 5089 ταις·
418 5050 445 5076 ‹‹
478 5025 686 5098 Opinio
731 5041 846 5080 una
883 5031 974 5081 est
1021 5042 1199 5098 apum
1251 5041 1418 5098 reges
1448 5025 1744 5082 aculeatos
1777 5042 1891 5082 non

239 5132 410 5174 esse:
443 5119 535 5172 est
564 5131 771 5170 rursus
801 5113 1004 5184 altera,
1035 5129 1134 5170 eos
1165 5115 1368 5170 robore
1391 5114 1728 5170 aculeorum
1765 5130 1892 5186 per-

240 5209 552 5261 acutorum
584 5206 844 5259 armatos
873 5219 1033 5259 esse:
1058 5219 1361 5274 nunquam
1398 5207 1592 5258 tamen
1625 5219 1691 5258 eo
1708 5219 1896 5274 neque

241 5298 449 5350 contra
477 5291 800 5363 hominem,
832 5307 1023 5364 neque
1055 5297 1259 5347 contra
1289 5308 1430 5364 apes
1459 5293 1565 5346 uti.
1600 5316 1623 5344 ι
1670 5292 1896 5347 Plinius

243 5382 352 5438 lib.
383 5399 462 5446 xl,
495 5397 622 5452 cap.
656 5381 723 5434 47
761 5398 774 5438 :
806 5403 833 5429 κ
866 5379 992 5436 Non
1025 5383 1255 5436 constat
1284 5381 1436 5436 inter
1475 5385 1762 5448 auctores,
1799 5397 1897 5436 rex

247 5469 565 5528 nullumne
587 5468 748 5526 solus
772 5469 988 5525 habeat
1007 5468 1304 5540 aculeum,
1338 5469 1638 5540 majestate
1665 5472 1896 5526 tantum

248 5563 518 5616 armatus
539 5576 559 5613 :
591 5575 663 5614 an
687 5558 914 5614 dederit
933 5575 1067 5614 eum
1095 5559 1331 5631 quidem
1365 5558 1701 5626 natura,sed
1725 5575 1898 5616 usum

240 5650 377 5720 ejus
407 5646 494 5702 illi
521 5651 749 5702 tantum
773 5647 1090 5718 negaverit.
1116 5647 1265 5704 Illud
1297 5652 1547 5718 constat,
1579 5647 1896 5720 imperato-

249 5753 378 5794 rem
405 5735 606 5793 aculeo
635 5753 750 5793 non
782 5735 884 5792 uti.

527 5864 798 5924 Panos.
847 5864 958 5925 Gn.
997 5863 1187 5924 XXX.

1983 3399 2221 3467 propter
2242 3393 2505 3450 alimenti
2530 3394 2937 3450 difficultatem
2958 3394 3442 3468 abdicans,quem
3465 3413 3635 3469 gene-

1985 3485 2151 3540 ravit.
2207 3505 2234 3532 »
2281 3481 2624 3538 Eustathius
2668 3483 2928 3554 pariter:
2966 3505 2994 3532 ‹‹
3027 3482 3114 3538 Ita
3161 3489 3397 3556 propter
3441 3485 3632 3542 victus

1983 3572 2238 3644 inopiam
2272 3573 2502 3644 cogitur
2523 3588 2755 3644 negare,
2783 3588 2958 3644 quem
2981 3573 3202 3645 genuit.
3234 3596 3262 3623 »
3284 3573 3631 3630 Ambrosius

1982 3665 2181 3716 tamen
2233 3660 2448 3717 Basilio
2499 3676 2613 3714 non
2665 3661 2988 3716 assentitur
3033 3677 3222 3733 neque
3266 3663 3630 3733 auctoribus,

1983 3765 2132 3820 quos
2163 3748 2258 3804 ille
2288 3753 2526 3803 secutus
2557 3753 2666 3804 est.
2706 3748 2800 3803 Ait
2845 3749 3000 3804 enim
3035 3767 3048 3805 :
3089 3770 3115 3802 α
3147 3751 3351 3821 Aquila
3398 3767 3630 3823 quoque

1983 3835 2237 3907 plurimo
2286 3851 2559 3890 sermone
2608 3840 2949 3906 usurpatur,
2995 3837 3149 3906 quod
3199 3854 3340 3892 suos
3398 3839 3628 3893 abdicet

1984 3925 2157 3991 fetus,
2191 3923 2293 3978 sed
2328 3940 2442 3978 non
2473 3927 2812 3993 utrumque,
2839 3940 3038 3978 verum
3069 3941 3252 3979 unum
3285 3940 3352 3979 ex
3373 3927 3623 3980 duobus:

1985 4013 2139 4085 quod
2160 4011 2340 4082 aliqui
2364 4011 2487 4067 ﬁeri
2511 4015 2860 4083 putaverunt
2881 4012 3374 4083 geminandorum
3391 4013 3638 4069 alimen-

1985 4106 2178 4158 torum
2216 4101 2446 4155 l'astidio
2482 4116 2494 4155 :
2531 4101 2630 4156 sed
2671 4099 2728 4154 id
2770 4116 2884 4155 non
2927 4100 3179 4154 arbitror
3205 4100 3372 4156 facile
3395 4103 3635 4158 creden-

1988 4190 2308 4258 dum,cum
2345 4189 2574 4260 Moyses
2607 4191 2837 4244 tantum
2872 4187 3278 4244 testimonium
3314 4190 3544 4261 pietatis
3576 4191 3636 4246 in

1989 4277 2183 4351 pullos
2233 4294 2372 4333 suos
2421 4277 2560 4332 huic
2612 4276 2836 4332 dederit
2879 4277 2990 4345 avi,
3040 4282 3103 4330 ut
3159 4278 3378 4334 diceret
3427 4297 3439 4334 :
3488 4278 3639 4335 Sicut

1989 4367 2181 4436 aquila
2224 4367 2460 4436 protegit
2502 4365 2696 4420 nidum
2760 4381 2944 4432 suum,
2983 4370 3033 4420 et
3079 4381 3242 4438 super
3284 4367 3464 4438 pullos
3518 4384 3640 4424 suos

1989 4456 2299 4525 concupivit
2331 4456 2507 4525 (Deut.
2537 4471 2710 4525 xxxn,
2738 4454 2844 4526 ll).
2872 4477 2898 4502 »
2922 4459 3070 4510 Tum
3101 4455 3265 4510 addit
3295 4456 3641 4513 existiman-

1991 4545 2133 4599 dum
2167 4561 2294 4598 esse
2320 4543 2537 4598 idcirco
2562 4560 2984 4615 nonnunquam
3021 4545 3184 4616 rejici
3205 4545 3459 4617 pullum,
3485 4547 3640 4618 quod

1918 4649 1964 4713 D
1993 4633 2177 4689 radiis
2210 4631 2349 4688 solis
2404 4633 2670 4704 objectus
2716 4633 3069 4705 intrepidam
3119 4633 3423 4689 oculorum
3457 4636 3640 4691 aciem

2001 4739 2110 4744 ____
2171 4726 2356 4744 --_---L
2444 4738 2506 4744 _-
2553 4721 2787 4744 __-:_,.I-
2832 4723 2989 4744 ._-__-!
3058 4723 3392 4744 J-._-___-_-
3452 4741 3461 4744 Α
3488 4725 3616 4744 ιιξ-ξ

2001 4739 2114 4778 non
2170 4726 2381 4790 servet,
2442 4738 2508 4776 ac
2553 4721 2792 4792 proinde
2828 4723 2991 4792 quasi
3053 4723 3399 4793 degenerem
3449 4725 3641 4795 abjici.

2001 4815 2221 4867 Tuetur
2249 4815 2440 4867 tamen
2490 4809 2772 4866 Basilium
2805 4811 2949 4866 fides
2990 4815 3047 4866 et
3075 4813 3394 4868 auctoritas
3423 4815 3645 4870 Aristo-

2000 4899 2155 4968 telis,
2189 4916 2257 4955 ex
2289 4917 2403 4972 quo
2428 4899 2542 4955 ista
2571 4900 2936 4972 decerpsisse
2968 4900 3216 4967 videtur,
3240 4901 3402 4958 lib.v1
3422 4905 3643 4972 Histor.,

2003 4989 2356 5059 animalium,
2386 5005 2512 5060 cap.
2544 4991 2602 5058 6,
2625 4989 2723 5060 qui
2742 4988 2952 5045 veteris
2977 4994 3155 5061 poetae
3183 4991 3380 5047 Μιλδαὶ
3413 5009 3646 5049 versum

2002 5077 2143 5132 citat
2167 5077 2238 5132 de
2270 5076 2468 5148 aquila
2499 5093 2512 5131 :

2000 5165 2098 5227 Ὃς
2127 5162 2248 5237 τρία
2296 5184 2389 5236 μεν
2437 5164 2630 5235 τίκτει,
2681 5160 2776 5218 δύο
2827 5161 2872 5219 δ’
2922 5162 3158 5233 ἰκλέπει,
3199 5165 3256 5220 ’ἐν
3291 5163 3336 5220 δ’
3383 5165 3646 5242 ἀλεγίζει.

2074 5253 2163 5314 Ὦς
2243 5253 2336 5325 μὲν
2414 5249 2510 5305 οὖν
2567 5254 2634 5306 τὰ
2707 5252 2892 5308 πολλᾶ
2949 5253 3090 5308 οὕτω
3146 5251 3427 5327 συμϐαίνει
3463 5299 3477 5324 ,
3537 5253 3644 5325 ἤδη

2008 5339 2066 5396 δὲ
2117 5342 2206 5395 καὶ
2255 5346 2398 5415 τρεῖς
2446 5343 2650 5396 νεοττοὶ
2732 5343 2975 5414 ὡμμένοι
3034 5342 3184 5398 εἰσίν.
3254 5337 3542 5399 Ἐκϐάλλει
3603 5341 3650 5397 δ’

2007 5428 2382 5502 αὐξανομένων
2429 5430 2518 5484 τὸν
2558 5427 2739 5504 ἓτερον
2793 5435 2901 5484 τῶν
2949 5436 3173 5484 νεοττῶν
3224 5431 3532 5504 ἀχθόμενος
3581 5436 3647 5505 τῇ

2008 5517 2202 5594 ἐδωδῇ.
2236 5519 2338 5574 Τὸν
2366 5517 2421 5574 δὲ
2451 5514 2779 5590 ἐκϐληθέντα
2797 5517 3009 5594 δέχεται
3036 5520 3124 5573 καὶ
3147 5519 3386 5597 ἐκτρέφει
3419 5522 3452 5589 ἡ
3481 5522 3648 5598 φήνη.

2188 5627 2451 5683 Excludit
2483 5629 2654 5696 binos,
2687 5628 2800 5684 edit
2839 5631 3018 5696 terna,
3051 5627 3251 5682 educat
3281 5643 3474 5682 unum.

2085 5735 2236 5790 «Sed
2252 5733 2520 5806 quamvis
2534 5751 2748 5807 magna
2761 5751 2827 5792 ex
2849 5738 3010 5808 parte
3032 5733 3114 5790 sic
3129 5734 3449 5804 fiat,tamen
3467 5739 3523 5791 et
3539 5740 3658 5792 tres

3302 5869 3378 5925 32
