4120 6230
492 353 649 415 1003

1678 353 1914 416 ΝΟΤιΕ
1957 351 2399 414 FRONTONIS
2445 353 2710 416 DUCEI

3743 359 3902 422 ίωι

487 485 596 542 visi
641 483 953 556 aliquando
1007 488 1148 540 sunt
1205 482 1372 556 pulli.
1404 482 1668 540 Alterum
1728 484 1789 540 in
1833 483 2137 540 educando
2168 491 2222 558 Α
2253 481 2512 540 occultos
2544 483 2740 540 aditus
2777 483 3027 542 latenter
3066 486 3293 558 ingredi
3339 488 3670 547 molientes.
3709 514 3738 541 ››
3772 492 3915 548 Nam

488 573 724 647 expellit
753 573 920 630 taadio
955 572 1275 628 nutriendi.
1305 573 1415 629 Sed
1447 571 1678 645 pullum
1709 574 1963 644 ejectum
1995 572 2144 629 ossi-

491 665 657 736 fraga
711 661 927 734 excipit
983 665 1159 733 atque
1219 661 1448 718 educat.
1486 685 1506 711 ι
1563 661 2005 718 Observandum
2059 667 2148 718 est

495 758 691 810 autem
722 750 875 822 apud
909 750 1174 806 eumdem
1209 748 1577 806 Aristotelem
1611 749 1782 822 plura
1811 750 2144 822 aquilarum

497 841 688 898 efferri
731 856 963 912 genera,
995 837 1096 894 lib.
1151 854 1204 894 ιι
1237 840 1311 894 De
1361 838 1599 895 historia
1629 840 1984 909 animalium,
2015 856 2143 911 cap.

498 933 587 1002 32,
622 947 686 986 ac
735 929 806 985 de
856 927 1026 984 tertio
1071 944 1278 983 earum
1327 944 1538 1000 genere
1586 927 1780 984 colore
1823 928 2146 1000 nigricante

499 1019 666 1074 illum
712 1016 1024 1088 subjicere,
1078 1012 1320 1092 ἐκτρέφει
1373 1011 1430 1068 δὲ
1476 1016 1640 1088 μόνος
1687 1012 1844 1077 οὗτος
1874 1016 1940 1069 τὰ
1969 1013 2142 1084 τέκνα,

497 1106 584 1163 κάὶ
611 1103 805 1180 ἐξάγει,
836 1128 863 1156 ‹‹
896 1122 1013 1161 una
1037 1104 1158 1160 haec
1190 1105 1342 1162 fetus
1373 1122 1512 1162 suos
1540 1105 1663 1174 alit,
1688 1110 1862 1177 atque
1890 1103 2144 1160 educitz»

495 1202 620 1262 tum
653 1194 935 1266 expositis
965 1194 1150 1251 variis
1181 1194 1519 1266 aquilarum
1551 1195 1864 1266 generibus
1893 1193 1950 1248 in
1983 1209 2145 1249 com-

496 1301 672 1342 mune
703 1285 773 1340 de
812 1283 928 1340 illis
971 1284 1271 1355 praedicat,
1325 1283 1580 1359 τρέφουσι
1626 1277 1682 1336 δὲ
1731 1279 2002 1350 νεοττοὺς,
2043 1277 2146 1342 ἕως

494 1371 554 1427 ἂν
585 1369 802 1426 δυνατοὶ
861 1369 1117 1445 γένωνται
1175 1371 1448 1425 πέτεσθαιο
1508 1369 1632 1425 τότε
1691 1367 1747 1424 δὲ
1794 1368 1852 1424 ἐκ
1901 1370 2145 1432 νεοττίας

495 1459 690 1524 αὐτοὺς
745 1455 1130 1516 ἰκϐάλλουσιν.
1165 1483 1193 1511 ‹‹
1253 1459 1435 1516 Alunt
1493 1477 1629 1516 suos
1687 1459 1901 1532 pullos,
1962 1461 2145 1515 donec

495 1555 757 1625 potestas
802 1549 1033 1605 volandi
1084 1549 1185 1604 ﬁat
1217 1564 1230 1604 :
1266 1553 1389 1604 tum
1436 1547 1571 1604 nido
1617 1565 1714 1604 eos
1765 1548 2080 1621 expellunt.
2115 1570 2144 1600 κ

496 1645 822 1711 Utrumque
859 1637 1051 1694 locum
1083 1637 1371 1710 eXpressit
1401 1637 1626 1694 Plinius
1655 1637 1756 1693 lib.
1789 1655 1845 1707 x,
1886 1654 1935 1694 c.
1964 1639 2016 1692 3.
2052 1637 2145 1694 Sic

496 1729 652 1786 enim
685 1730 755 1784 de
784 1727 982 1800 aquila
1028 1744 1208 1799 quam
1259 1725 1640 1783 melaenaeton
1681 1727 1860 1783 Graeci
1891 1726 2096 1782 dicunt
2127 1742 2140 1780 :

496 1841 524 1868 «
559 1817 804 1874 Minima
851 1815 1283 1889 magnitudine,
1331 1814 1559 1872 viribus
1604 1814 1918 1888 praecipua,
1952 1814 2146 1872 colore

495 1906 794 1979 nigricans
819 1921 833 1975 ;
861 1904 982 1961 sola
1012 1904 1347 1977 aquilarum
1381 1904 1536 1962 fetus
1565 1921 1707 1960 suos
1738 1905 1876 1972 alit;
1903 1909 2144 1974 ceterae,

498 1999 560 2051 ut
591 1994 876 2066 dicemus,
924 1994 1150 2066 fugant.
1179 2015 1207 2045 ι)
1242 1994 1395 2049 Tum
1435 1994 1507 2050 de
1555 1993 1773 2065 aquilis
1824 1995 2046 2049 caeteris
2085 1993 2145 2048 in

495 2099 806 2140 commune
837 2083 1003 2139 addit
1037 2099 1050 2138 :
1086 2106 1112 2132 «
1148 2081 1391 2138 Pariunt
1433 2099 1540 2138 ova
1587 2086 1795 2152 terna;
1827 2081 2148 2137 excludunt

497 2171 687 2245 pullos
713 2172 882 2228 binos
909 2189 921 2241 ;
955 2172 1060 2227 visi
1094 2178 1234 2226 sunt
1258 2174 1316 2226 et
1343 2175 1463 2227 tres
1494 2169 1814 2242 aliquando
1848 2186 1860 2224 :
1897 2168 2145 2226 alterum

499 2260 796 2333 expellunt
824 2259 994 2316 tazdio
1027 2260 1345 2316 nutriendi.
1367 2282 1395 2309 »
1428 2260 1586 2325 Quod
1622 2259 1803 2332 igitur
1831 2259 1904 2315 de
1935 2258 2148 2331 aquilis

504 2349 564 2405 in
595 2348 1039 2405 Deuteronomio
1070 2349 1354 2421 scriptum
1394 2354 1485 2405 est
1525 2347 1718 2422 pullos
1750 2347 2148 2404 nutrientibus

504 2454 570 2494 ac
623 2437 982 2508 foventibus,
1032 2437 1102 2492 ad
1167 2437 1551 2494 malzenaeton
1611 2437 1979 2493 referendum
2036 2441 2146 2508 est,

500 2525 821 2599 pressertim
865 2541 999 2580 cum
1045 2525 1264 2580 scribat
1314 2525 1579 2581 Elianus
1630 2525 1730 2580 lib.
1774 2543 1834 2595 ιι,
1868 2541 1996 2597 cap.
2029 2527 2144 2582 4οε

497 2609 963 2683 Ζηλοτυπώτατον
1033 2614 1169 2666 εἶναι
1230 2616 1366 2680 ζῶον
1427 2613 1580 2668 ἀετὸν
1629 2612 1754 2688 περὶ
1806 2612 1874 2666 τὰ
1911 2613 2148 2667 νεόττια·

497 2700 587 2756 ἐὰν
631 2704 761 2777 γοῦν
809 2700 1065 2772 θεάσηται
1113 2722 1234 2756 τινα
1273 2692 1592 2778 προσιόντα,
1644 2698 1890 2766 ἐπελθεῖν
1938 2700 2146 2774 ἀτιμώ-

497 2810 662 2864 ρητον
717 2789 816 2846 οὐκ
873 2789 1168 2867 ἐπιτρέπειν
1232 2813 1260 2842 ι(
1320 2795 1398 2846 Ex
1454 2791 1732 2847 omnibus
1791 2791 2148 2848 animalibus

497 2881 755 2938 maximo
803 2881 998 2938 studio
1046 2881 1105 2936 in
1139 2882 1291 2936 fetus
1337 2897 1476 2937 suos
1525 2880 1804 2937 exsistere
1845 2881 2146 2952 aquilam:

502 2985 683 3041 quare
713 2969 925 3025 acriter
945 2986 1078 3025 eum
1103 2969 1474 3042 persequitur
1487 2986 1657 3042 quem
1680 2969 1736 3024 in
1759 2969 1963 3024 nidum
1991 2970 2148 3025 inva-

503 3059 654 3115 sisse
683 3059 1072 3130 conspexerit.
1109 3081 1136 3107 ››
1169 3061 1308 3125 Quae
1337 3075 1470 3114 vero
1502 3059 1573 3114 de
1614 3059 1834 3114 saevitia
1863 3075 2148 3130 quarum-

505 3148 641 3202 dam
674 3146 1004 3218 aquilarum
1028 3147 1086 3201 in
1111 3146 1304 3218 pullos
1325 3163 1464 3203 suos
1486 3146 1580 3202 alii
1606 3151 1869 3213 narrant,
1896 3146 1956 3202 in
1988 3147 2147 3202 aliud

503 3234 830 3307 aquilarum
862 3250 1047 3307 genus
1076 3239 1438 3306 competunt.

571 3388 690 3444 Col.
726 3389 827 3444 180
856 3390 916 3445 C.
963 3386 1226 3461 Οὐρανοῦ,
1271 3388 1412 3442 caeli.
1464 3385 1686 3441 Desunt
1737 3384 1832 3440 hic
1875 3385 2142 3456 quaedam

497 3479 654 3548 apud
700 3476 1147 3548 Argyropylum,
1199 3489 1388 3545 neque
1437 3474 1594 3528 enim
1640 3474 1976 3545 exprimunt
2022 3473 2145 3541 illa,

493 3567 591 3617 τοῦ
635 3562 791 3638 ἀάρος
835 3562 1296 3636 προσιιρημὲνου.
1346 3562 1517 3617 Recte
1565 3561 1900 3631 Cornarius,
1946 3584 1966 3610 ι
2001 3561 2144 3616 coelo

498 3653 587 3708 hic
616 3669 801 3708 urano
846 3651 1060 3708 Graecis
1107 3652 1236 3722 ipso
1287 3666 1417 3706 aere
1453 3649 1764 3721 appellato.
1802 3671 1830 3699 »
1865 3649 1964 3704 Hic
2008 3665 2144 3721 ergo

493 3741 871 3796 scribendum
907 3758 920 3796 :
957 3761 982 3792 ι
1013 3740 1192 3795 Juxta
1222 3739 1663 3794 firmamentum
1697 3743 1892 3793 autem
1929 3737 2144 3793 ccelum

497 3829 846 3901 appellatur,
883 3829 989 3884 hoc
1020 3834 1108 3884 est
1158 3826 1408 3902 οὐρανός,
1442 3844 1476 3882 a
1505 3828 1680 3882 verbo
1715 3826 1956 3901 ὁρᾶσθαι,
1989 3828 2145 3898 quod

494 3924 584 3974 est
608 3919 805 3974 videri.
843 3940 864 3967 ι
896 3918 1012 3974 Nec
1049 3918 1173 3990 ipse
1217 3916 1562 3972 Eustathius
1602 3921 1858 3971 mentem
1889 3916 2146 3972 auctoris

492 4007 781 4079 expressit
814 4024 827 4062 :
860 4029 879 4055 ι
916 4006 1138 4063 Caelum
1172 4010 1368 4061 autem
1401 4005 1496 4060 hic
1527 4004 1851 4077 intelligere
1873 4005 2145 4060 debemus

495 4113 527 4151 a
556 4096 846 4152 cernendo
889 4095 1110 4149 dictum
1147 4111 1159 4148 :
1193 4095 1388 4149 Graece
1428 4092 1585 4148 enim
1633 4090 1863 4166 οὐρανός
1908 4098 2147 4148 vocatur

492 4183 597 4240 ἀπὸ
629 4189 724 4240 τοῦ
757 4186 1005 4257 ὁρᾶσθαι.
1040 4207 1068 4235 ››
1098 4184 1466 4251 Ambrosius,
1500 4183 1604 4239 lib.
1635 4201 1690 4250 v,
1716 4201 1840 4254 cap.
1861 4187 2007 4238 22:«
2039 4181 2143 4239 Οὐ.

493 4274 649 4348 ρανός
681 4279 876 4331 autem
934 4273 1039 4326 ἀπὸ
1085 4276 1180 4326 τοῦ
1230 4271 1477 4344 ὁρᾶσθαι,
1512 4273 1570 4327 id
1619 4277 1707 4327 est
1756 4288 1789 4326 a
1844 4272 2139 4327 videndo:

489 4365 619 4419 ideo
652 4366 796 4435 quod
823 4378 922 4418 aer
938 4362 1285 4434 perspicuus
1309 4361 1557 4429 sit,etad
1582 4359 1902 4415 videndum
1921 4360 2140 4430 purior,

487 4453 546 4507 in
580 4469 710 4508 aere
757 4449 1062 4506 volitantia
1103 4465 1317 4521 genera
1368 4449 1517 4504 dixit
1565 4448 2016 4504 animantiuma
2054 4450 2141 4503 Ah

487 4541 836 4612 Hippocrate
855 4555 1090 4610 quoque
1107 4554 1270 4593 more
1289 4536 1447 4609 vulgi
1466 4537 1686 4593 dicitur
1705 4537 1928 4608 aer,qui
1963 4554 2143 4609 supra

488 4647 596 4685 nos
626 4633 734 4694 est,
770 4643 957 4698 usque
1000 4628 1069 4682 ad
1121 4626 1368 4686 nubium
1404 4627 1720 4698 regionem,
1777 4631 1845 4682 ut
1895 4631 2140 4683 annotat

482 4721 752 4774 Gorraaus
782 4732 850 4772 ex
880 4714 1119 4771 Galeno.
1153 4714 1256 4770 Alii
1313 4715 1580 4769 derivant
1610 4715 1681 4770 ab
1732 4711 1880 4788 ὅρος.
1909 4715 2134 4770 Aristo-

482 4805 627 4862 teles
681 4807 753 4861 De
800 4805 1025 4872 mundo,
1076 4820 1206 4875 cap.
1246 4805 1328 4858 ϐε
1380 4801 1623 4875 Οὐρανὸν
1671 4799 1886 4874 tropa);
1941 4801 2140 4856 καλοῦ·

488 4913 582 4964 μιν
610 4893 715 4947 ἀπὸ
743 4895 840 4946 τοῦ
871 4890 996 4964 ὅρον
1049 4891 1182 4945 εἶναι
1231 4893 1340 4944 τῶν
1394 4889 1522 4943 ἅνωο
1556 4913 1583 4940 ‹‹
1619 4891 1853 4946 Uranon
1907 4892 1978 4946 ab
2021 4893 2138 4947 ori-

482 4983 618 5055 gine
680 4981 840 5038 vocis
915 4980 1184 5046 dicimus,
1244 4980 1415 5052 quasi
1473 4980 1795 5035 terminum
1855 4980 2139 5035 extimum

481 5087 893 5144 supremorum
941 5086 1328 5142 corporum.»
1376 5069 1538 5125 Philo
1593 5071 1836 5126 Judaius
1887 5070 2032 5126 libro
2069 5071 2139 5126 De

476 5162 827 5233 plantatione
872 5159 982 5215 Noe
1033 5157 1183 5214 εΤὸν
1236 5153 1293 5211 δὲ
1338 5155 1576 5230 αἰθέριον
1632 5154 1682 5211 ἂν
1727 5155 1916 5230 κύκλῳ
1967 5158 2132 5212 τόπον

479 5249 789 5325 ὠχυροῦτο,
834 5252 938 5302 τῶν
993 5246 1140 5308 ἰντὸς
1191 5245 1317 5321 ὅρον
1356 5266 1413 5299 τε
1441 5245 1530 5300 καὶ
1563 5243 1935 5323 φυλακτήριον
1969 5247 2130 5301 αὐτὸν

474 5340 703 5404 τιθείς·‹‹
739 5340 868 5394 Haec
890 5343 1085 5392 autem
1108 5337 1572 5407 circumquaque
1595 5337 1846 5391 munivit
1876 5352 2132 5402 aere,ex-

471 5429 686 5484 timum
709 5430 864 5484 hunc
886 5427 1208 5482 terminum
1233 5441 1336 5496 pro
1358 5423 1725 5479 munimento
1749 5425 2132 5496 custodiaque

471 5516 922 5586 statuens,unde
945 5514 1156 5571 coelum
1179 5513 1394 5569 Graecis
1419 5512 1790 5567 nominatum
1815 5512 2064 5569 videtur.
2099 5534 2128 5563 »

546 5665 665 5722 Col.
715 5667 817 5722 182
864 5666 904 5722 C
955 5668 1008 5722 6.
1056 5667 1166 5721 Per
1209 5663 1464 5721 occultos.
1519 5662 1884 5721 Eustathius.
1943 5683 1969 5716 α
2021 5681 2124 5736 per

2258 571 2454 627 Livius
2485 572 2748 643 quidem,
2781 573 2884 630 lib.
2920 591 2974 643 v,
3008 591 3136 648 cap.
3183 578 3272 647 47,
3321 578 3525 635 scribit
3565 579 3767 637 Gallos
3803 585 3919 637 ani-

2259 664 2565 720 madverso
2623 665 2695 720 ad
2754 666 3080 723 Carmentis
3133 686 3344 726 saxum
3397 686 3644 727 ascensu
3702 689 3916 744 equo,

2255 751 2633 810 sublevantes
2666 755 2922 823 invicem,
2956 756 3015 811 in
3048 773 3354 814 summum
3384 761 3658 831 evasisse,
3691 767 3753 818 et
3781 762 3916 817 Plu-

2255 840 2496 897 tarchus
2561 843 2619 897 in
2679 843 2954 912 Camillo,
2997 845 3120 920 πιρί
3171 847 3338 918 μέσας
3384 847 3574 910 νύκτας
3628 844 3914 912 ἐπιϐάντες

2256 928 2368 999 ἅμα
2396 926 2604 984 πολλοὶ
2649 936 2749 1000 τῆς
2800 930 2998 1008 πέτρας
3051 932 3298 1010 ἰχώρουν
3348 933 3458 991 ἅνω
3507 937 3641 1010 μετᾶ
3673 946 3910 1008 σιωπῆς·

2255 1041 2282 1068 α
2319 1019 2511 1076 Noctis
2557 1021 2874 1078 conticinio
2917 1023 3084 1078 multi
3131 1026 3311 1081 simul
3367 1034 3667 1099 coeperunt
3714 1028 3912 1085 silenti

2255 1108 2489 1176 agmine
2519 1115 2746 1180 petram
2799 1113 3100 1169 scandere.
3135 1136 3163 1163 »
3194 1113 3484 1172 Diodorus
3531 1117 3776 1173 Siculus
3812 1118 3912 1173 lib.

2253 1211 2350 1249 xxv
2385 1199 2540 1251 εΤῶν
2575 1191 2633 1250 δὲ
2682 1195 2897 1252 Κελτῶν
2949 1219 3090 1262 τινες
3140 1202 3277 1256 κατὰ
3321 1209 3423 1272 τῆς
3454 1204 3650 1278 πέτρας
3686 1199 3910 1276 ἔϐησαν

2256 1306 2284 1334 ‹‹
2317 1285 2566 1350 Quidam
2598 1291 2793 1343 autem
2826 1304 2894 1343 ex
2925 1288 3104 1345 Gallis
3135 1291 3194 1346 in
3228 1309 3533 1349 summum
3565 1294 3736 1365 rupis
3783 1311 3914 1350 eva-

2256 1389 2402 1429 sere.
2439 1395 2468 1424 »
2498 1376 2770 1431 Attamen
2799 1376 3035 1434 Servius
3057 1381 3452 1451 quorumdam
3484 1383 3781 1449 meminit,
3816 1384 3914 1455 qui

2255 1461 2468 1518 Basilio
2487 1463 2968 1534 sutlragantur,et
2984 1483 3086 1538 per
3097 1469 3357 1525 occultos
3376 1471 3684 1527 cuniculos
3707 1489 3912 1528 ascen-

2254 1550 2412 1607 disse
2435 1551 2633 1608 Gallos
2655 1552 3152 1621 volunt,scribens
3171 1558 3231 1614 in
3245 1560 3640 1616 v11uEneid.et
3657 1561 3717 1617 in
3741 1561 3911 1632 illud,

2361 1674 2509 1731 Galli
2536 1692 2636 1748 per
2663 1677 2855 1735 dumo:
2885 1679 3136 1747 aderant,
3169 1699 3462 1755 arcemque
3490 1686 3755 1742 tenebant
3794 1703 3806 1741 :

2326 1823 2354 1851 «
2388 1800 2586 1858 Gallos
2616 1801 2712 1858 alii
2745 1819 2846 1875 per
2875 1804 3136 1875 dumeta,
3172 1811 3230 1863 et
3258 1824 3399 1864 saxa
3429 1810 3782 1881 aspera,alii
3815 1828 3915 1884 per

2177 1864 2224 1928 Β
2254 1887 2560 1946 cuniculos
2592 1890 2798 1946 dicunt
2827 1897 3067 1951 conatos
3098 1911 3227 1951 esse
3258 1864 3594 1953 ascende‘re.
3629 1920 3658 1948 »

2325 2005 2444 2061 Col.
2480 2007 2582 2060 182
2611 2007 2656 2062 D
2680 2007 2734 2064 4.
2768 2007 3095 2082 ’Δνθρώπων
3125 2029 3350 2067 κατασοι.
3381 2011 3507 2068 Duo
3555 2013 3720 2086 Regii
3765 2031 3909 2071 mss.

2255 2095 2782 2166 παρασκιυάσαντος.

2327 2209 2478 2264 Ibid.
2521 2209 2564 2264 D
2593 2210 2650 2265 5.
2688 2211 2754 2267 Ut
2781 2211 3014 2268 seleuci:
3038 2215 3185 2268 avis.
3224 2215 3351 2270 Haec
3380 2215 3553 2271 aliter
3599 2216 3915 2290 interpun-

2259 2298 2444 2370 genda
2475 2303 2636 2366 sunt,
2671 2304 2848 2370 atque
2879 2305 2950 2356 ab
2974 2302 3290 2374 interprets
3317 2304 3548 2376 digesta
3573 2314 3913 2375 occurrunt;

2258 2386 2507 2441 iteratur
2564 2387 2720 2443 enim
2781 2388 3165 2462 interrogatio
3216 2392 3274 2447 in
3335 2398 3493 2448 textu
3555 2397 3759 2451 Graeco
3811 2397 3920 2452 hac

2258 2474 2482 2530 ratione
2515 2491 2578 2531 τα
2609 2478 2798 2549 Atque
2829 2478 3222 2535 mandatum?
3249 2496 3508 2551 quonam
3533 2489 3704 2555 pacto
3734 2485 3922 2541 seleu-

2257 2563 2341 2619 cis
2371 2564 2497 2620 avis
2527 2581 2656 2620 eam
2687 2566 3043 2638 insequitur,
3077 2569 3405 2624 remedium
3436 2570 3647 2636 cladis,
3681 2573 3922 2629 insatia-

2258 2650 2433 2706 bilem
2457 2669 2491 2707 a
2518 2659 2776 2709 creatore
2808 2661 3081 2710 naturam
3116 2659 3341 2724 sortita,
3376 2675 3492 2729 quo
3524 2664 3692 2716 tanta
3718 2663 3919 2717 divino

2258 2739 2448 2795 benef.
2485 2742 2702 2812 pernis.
2735 2758 2768 2797 e
2794 2744 2948 2799 med.
2983 2744 3109 2798 tolli
3143 2747 3374 2816 possit?
3400 2767 3428 2799 ι
3460 2747 3724 2804 Illustrat
3755 2751 3918 2808 hunc

2257 2825 2450 2882 locum
2494 2827 2975 2900 interpretatione
3018 2848 3126 2887 sua
3155 2837 3215 2888 et
3240 2837 3506 2906 exemplo
3533 2837 3911 2907 Ambrosius,

2257 2915 2360 2972 lib.
2387 2934 2443 2985 v,
2475 2933 2526 2973 ο.
2575 2919 2681 2973 23:
2717 2940 2744 2967 «
2779 2919 3051 2989 Locusta,
3103 2922 3258 2976 sicut
3298 2924 3357 2978 in
3391 2924 3581 2980 Exodo
3628 2925 3908 2998 legimus,

2257 3003 2510 3060 scelestis
2557 3005 2840 3062 ultionem
2887 3007 3228 3066 offensionis
3275 3013 3637 3082 exsequitur,
3666 3014 3773 3086 pia
3802 3017 3911 3070 mi-

2260 3092 2448 3148 nistra
2474 3095 2741 3149 vindicta
2776 3110 2790 3149 :
2833 3095 2984 3150 hanc
3032 3113 3267 3170 quoque
3315 3100 3437 3156 avis
3469 3102 3710 3158 devorat
3735 3105 3914 3161 seleu-

2178 3219 2220 3287 Ω
2260 3181 2365 3248 cis,
2390 3181 2474 3236 sic
2502 3182 2656 3236 enim
2689 3182 2886 3240 Graeco
2931 3184 3055 3240 avis
3087 3186 3206 3242 haec
3239 3195 3622 3260 nuncupatur
3652 3193 3910 3258 nomine,

2261 3269 2396 3324 data
2425 3269 2495 3324 ad
2519 3270 2844 3326 remedium
2871 3273 3186 3339 malorum,
3207 3292 3333 3346 quae
3359 3275 3588 3334 locusta
3608 3286 3912 3336 consuevit

2255 3357 2484 3412 inferre.
2519 3380 2548 3408 »
2581 3359 2925 3415 Eustathius
2945 3362 3146 3417 Latina
3175 3364 3427 3420 dictione
3458 3366 3645 3422 utitur
3668 3386 3684 3424 :
3707 3391 3736 3419 «
3760 3371 3912 3435 Quo-

2257 3447 2429 3500 modo
2461 3446 2639 3502 etiam
2668 3464 2908 3520 mergus
2957 3449 3354 3508 insatiabilem
3385 3455 3660 3510 vescendi
3692 3459 3916 3528 patitur

2254 3535 2606 3606 orexim,per
2631 3552 2808 3606 quam
2848 3537 3195 3594 vulneribus
3227 3542 3353 3597 suis
3407 3546 3628 3599 ventris
3657 3549 3921 3602 remedia

2255 3623 2526 3679 sanitatis
2555 3624 2845 3695 acquirit?
2873 3650 2894 3676 ιι
2925 3627 3315 3695 Galenus,lib.
3340 3647 3393 3685 v1
3421 3632 3492 3686 De
3522 3633 3655 3688 locis
3680 3633 3916 3706 affectis,

2257 3728 2381 3784 cap.
2416 3713 2452 3767 3
2502 3730 2515 3769 :
2562 3712 2652 3774 Ὠς
2707 3717 2824 3774 τοῖς
2885 3711 3186 3791 ὀρνιφύοις,
3239 3715 3271 3771 ἃ
3326 3716 3585 3773 καλοῦσιν
3646 3719 3696 3774 ἐν
3755 3722 3920 3792 Ἀσίᾳ

2255 3799 2381 3872 παρ’
2438 3801 2576 3871 ἡμῖν
2633 3797 2944 3855 σελευκίδας
2982 3821 2993 3833 ·
3054 3799 3388 3869 ἀττελάϐους
3442 3807 3541 3880 γὰρ
3600 3813 3768 3864 ταῦτα
3845 3807 3916 3864 δι’

2256 3885 2396 3956 ὅλης
2453 3886 2661 3961 ἡμέρας
2714 3887 3010 3958 ἀπλήστως
3065 3890 3313 3954 ἐσθίοντα
3367 3891 3673 3971 διαταχέως
3716 3897 3915 3961 αὐτοὺς

2257 3973 2506 4050 ἐκκρίνει·
2565 4000 2593 4028 ι(
2645 3977 2717 4033 Ut
2767 3979 3029 4044 avicula),
3090 3997 3240 4052 quas
3302 3990 3589 4042 nostrates
3650 3989 3710 4043 in
3771 3991 3914 4045 Asia

2256 4065 2580 4122 seleucidas
2609 4068 3080 4140 vocant,jugiter
3099 4071 3258 4126 enim
3286 4089 3353 4128 ac
3384 4078 3506 4129 toto
3535 4076 3630 4130 die
3652 4075 3915 4133 locustas

2254 4155 2456 4218 edunt,
2487 4158 2548 4209 at
2579 4154 2843 4210 celeriter
2873 4172 2973 4212 eas
3023 4166 3363 4214 excernunt.
3394 4182 3422 4211 »
3454 4161 3770 4235 Gesnerus,
3807 4167 3913 4222 lib.

2255 4259 2318 4297 ιιι
2351 4244 2423 4297 De
2443 4242 2654 4312 avibus,
2683 4243 2848 4298 addit
2875 4260 2944 4299 ex
2981 4247 3115 4300 Ant.
3151 4245 3341 4303 Galat.
3376 4248 3457 4305 De
3479 4250 3742 4324 Japygiaa
3773 4255 3914 4311 situ:

2261 4355 2281 4380 α
2318 4337 2395 4386 De
2425 4329 2634 4385 harum
2683 4332 2881 4386 avium
2929 4347 3140 4405 genere
3182 4335 3364 4391 videri
3397 4353 3560 4394 avem
3593 4341 3912 4411 marinam,

2254 4436 2384 4491 qua
2413 4418 2470 4473 in
2507 4417 2718 4490 Apulia
2747 4419 2922 4490 gaina
2951 4421 3190 4490 dicitur,
3224 4441 3352 4496 quae
3385 4425 3734 4485 bruohosiis
3768 4429 3913 4487 locis

2257 4507 2505 4562 nimium
2557 4508 2928 4565 abundantes
2977 4511 3237 4583 devorat,
3271 4521 3328 4568 et
3376 4517 3499 4570 ovis
3543 4532 3747 4573 eorum
3784 4520 3911 4575 feti~

2173 4588 2220 4651 D
2252 4597 2480 4668 busque
2511 4597 2805 4652 vescitur:
2843 4620 2870 4647 ››
2897 4600 3054 4670 quod
3105 4607 3390 4659 annotare
3428 4621 3618 4676 Operae
3650 4609 3904 4678 pretium

2253 4686 2473 4754 censui,
2497 4686 2777 4757 quoniam
2822 4687 3058 4759 Ulysses
3108 4690 3516 4750 Aldrovandus
3544 4694 3649 4750 lib.
3683 4713 3744 4764 x,
3777 4714 3902 4770 cap.

2249 4775 2284 4828 5
2317 4774 2732 4844 Omithologiae,
2776 4791 2968 4831 meras
3018 4793 3148 4832 esse
3186 4777 3418 4835 fabulas
3449 4788 3641 4854 putat,
3675 4801 3805 4856 quae
3836 4787 3905 4841 de

2251 4862 2542 4919 seleucide
2600 4871 2824 4920 veteres
2872 4865 3305 4936 prodiderunt.
3365 4870 3637 4927 Zosimus
3698 4873 3900 4930 Comes

2249 4951 2610 5008 seleuciades
2654 4953 2913 5024 appellat
2961 4970 3094 5010 aves
3138 4954 3286 5012 istas
3315 4957 3418 5014 lib.
3454 4975 3473 5013 Ι
3504 4960 3735 5031 littora,
3771 4980 3898 5036 pag.

2247 5042 2352 5096 659
2382 5040 2520 5096 edit.
2548 5040 2830 5096 Wechel.:
2863 5042 3066 5096 ⁸Ἀπασι
3111 5047 3232 5104 τοῖς
3285 5042 3389 5098 ὐπὸ
3424 5043 3614 5118 λύμης
3664 5047 3900 5124 ἀκρίδων

2248 5127 2674 5204 ἐνοχλουμένοις
2734 5126 3081 5192 σελευκιάδας
3135 5128 3493 5205 παραδιδοὺς,
3553 5137 3610 5189 αἳ
3665 5134 3734 5206 δὴ
3784 5144 3895 5198 ταῖς

2245 5217 2426 5290 ἀκρίσι
2479 5218 3006 5292 συμπεριιπτάμιναι
3041 5265 3056 5290 ,
3107 5219 3196 5273 καὶ
3243 5226 3360 5283 τοῖς
3421 5222 3652 5296 πόμασι
3709 5225 3889 5287 ταύτας

2246 5305 2560 5382 δεχόμεναι,
2619 5312 2964 5379 παραχρῆμα
3015 5303 3232 5376 πλῆθος
3287 5310 3510 5385 ἄπειρον
3567 5309 3888 5390 διέφθειρον*

2244 5421 2270 5448 ‹‹
2308 5397 2468 5462 Quod
2497 5395 2771 5450 omnibus
2803 5413 2836 5449 a
2865 5395 3228 5453 locustarum
3250 5398 3344 5455 lue
3366 5402 3586 5458 vexatis
3617 5404 3890 5461 seleucia-

2242 5488 2345 5542 des
2377 5487 2514 5540 dare
2545 5482 2755 5539 solitus
2783 5483 2978 5554 fuerit,
3004 5501 3129 5557 quae
3170 5487 3390 5543 circum
3413 5489 3676 5548 locustas
3705 5495 3893 5550 volan-

2241 5579 2350 5644 tes,
2383 5579 2440 5630 et
2469 5573 2677 5630 rostris
2707 5589 2802 5628 sas
2834 5574 3152 5646 capientes,
3176 5575 3468 5633 inﬁnitam
3502 5595 3708 5636 earum
3742 5582 3887 5637 mul-

2238 5663 2549 5721 titudinem
2583 5663 2780 5719 statim
2813 5663 3224 5721 absumebant.
3250 5687 3278 5715 ››
3303 5665 3570 5724 Meminit
3599 5685 3800 5726 earum
3832 5677 3887 5729 et
