4128 6216
293 394 444 454 1005

1357 396 1460 457 AD
1505 398 1881 460 HOMILIAS
1927 400 2006 460 ΙΝ
2047 401 2628 466 HEXAEMERON.

3534 404 3694 467 1006

277 526 506 584 Plinius
536 527 637 584 lib.
669 545 726 598 x,
751 543 877 600 cap.
914 528 1006 597 27,
1039 533 1098 585 et
1135 528 1261 602 ipse
1296 529 1551 587 Basilius
1607 530 1767 588 hom.
1798 533 1834 585 7
1869 534 1931 589 in
1960 533 2014 602 Α
2048 554 2078 584 ‹‹
2105 533 2300 605 Neque
2329 535 2490 590 enim
2514 535 2772 591 Eliseum
2804 535 3000 603 amici,
3027 535 3196 608 quasi
3230 535 3453 593 malum
3494 538 3691 594 convi-

273 616 334 671 di
340 622 637 674 tescentes.
1447 645 1449 650 ·

349 706 470 763 Col.
514 707 617 762 183
647 707 692 762 D
721 707 776 761 8.
805 707 1080 775 Mulieres,
1126 708 1344 764 sedetis.
1389 711 1684 782 Interpres
1733 711 1931 767 edide-

276 800 388 862 rat,
423 795 520 851 «Ο
580 795 878 866 mulieres,
935 797 1200 870 repetitis
1257 797 1481 854 vicibus
1543 799 1931 866 ordimini,et

269 885 634 954 .retorquetis
663 891 913 941 vestram
949 886 1346 956 operationem
1382 888 1799 957 sedentariam,
1832 889 1931 945 fila

272 973 632 1038 nimirum,»
659 977 772 1029 etc.
798 973 1160 1040 Eustathius,
1187 997 1208 1023 ι
1235 975 1458 1045 Itaque,
1483 992 1582 1031 vos
1625 982 1926 1043 matronae,

273 1063 514 1132 quando
564 1061 784 1117 sedetis
821 1078 1019 1117 eorum
1079 1061 1436 1121 revolventes
1493 1081 1690 1136 opera,
1723 1065 1777 1120 id
1838 1069 1928 1120 est

267 1152 556 1217 stamina,
592 1167 719 1222 quae
741 1155 909 1206 Seres
940 1151 1054 1205 huc
1085 1151 1368 1222 dirigunt.
1400 1171 1427 1202 ι
1458 1152 1716 1207 Cornarii
1751 1154 1927 1208 verba

264 1240 711 1311 usurpavimus,
735 1255 923 1310 neque
945 1240 1211 1295 obsecuti
1239 1257 1444 1296 sumus
1467 1242 1794 1296 doctissimi
1818 1242 1926 1296 viri

263 1329 641 1395 conjecturae,
668 1330 770 1400 qui
799 1328 896 1383 hic
927 1327 1247 1399 legendum
1280 1330 1531 1399 censuit,
1551 1327 1924 1401 ἐνατενιζὸμε-

263 1435 380 1482 ναι,
413 1437 444 1467 ‹‹
476 1415 798 1484 intuentes,
823 1439 852 1466 »
876 1434 980 1489 pro
1000 1415 1481 1489 ἀναπηνιζόμεναι,
1516 1419 1732 1490 quippe
1768 1420 1922 1490 quod

268 1509 328 1560 et
360 1504 480 1559 duo
513 1504 678 1576 Regii
708 1504 1008 1577 vulgatam
1039 1506 1348 1563 lectionem
1381 1511 1678 1577 tueantur,
1710 1512 1766 1562 et
1803 1508 1926 1562 Ari-

273 1592 515 1649 stoteles
545 1594 617 1648 de
670 1593 1062 1666 bombycibus
1093 1611 1273 1667 agens
1323 1595 1432 1650 hoc
1489 1596 1692 1650 eodem
1748 1597 1923 1651 verbo

262 1685 489 1750 utatur,
522 1681 601 1737 lib
655 1700 712 1748 v,
744 1699 795 1738 c.
831 1683 920 1750 19,
952 1685 1158 1740 Hister.
1191 1685 1426 1740 animal.
1463 1701 1475 1738 :
1513 1684 1604 1736 Ἐκ
1642 1679 1700 1738 δὲ
1725 1682 1922 1737 τούτου

271 1770 416 1838 ζώου
447 1769 537 1823 καὶ
566 1770 635 1824 τὰ
663 1764 940 1844 βομϐύκια
969 1769 1260 1826 ἀναλύουσι
1307 1774 1414 1825 τῶν
1467 1775 1731 1846 γυναικῶν
1779 1791 1922 1833 τινες

266 1857 758 1931 ἆναπηνιζόμεναι,
789 1857 1019 1913 κᾶπειτα
1071 1858 1403 1936 ὑφαίνουσιν·
1442 1883 1470 1911 ‹‹
1503 1862 1584 1916 Ex
1632 1861 1742 1916 hoc
1793 1861 1920 1916 ani-

2041 638 2169 678 vam
2202 625 2455 695 agrestia
2489 630 2881 696 apponentem
2922 625 3100 692 olera,
3134 625 3485 682 refutarunt.
3517 648 3546 677 »

2112 711 2258 767 Ibid.
2291 712 2331 767 C
2382 713 2471 767 14.
2524 715 2602 767 Αη
2656 715 2891 785 speciem
2949 713 3142 768 habeat
3196 716 3388 770 vanni.
3435 718 3690 771 Graecam

2039 817 2236 856 vocem
2271 803 2596 857 retinuerat
2625 802 3044 876 Argyropylus,
3081 825 3110 853 ‹‹
3165 820 3237 858 an
3271 803 3608 874 lienoeides,
3637 809 3694 860 et

2037 888 2096 944 in
2138 889 2330 944 medio
2365 907 2634 947 concava.
2667 913 2695 942 ›ι
2735 892 3052 947 Cornarius
3097 892 3262 961 dixit,
3297 914 3324 942 «
3378 910 3569 948 vanno
3627 910 3693 949 ac

2036 978 2361 1033 ventilabro
2417 979 2651 1034 similis.
2707 1001 2735 1029 »
2786 981 3128 1036 Eustathius
3179 981 3415 1053 penitus
3471 982 3695 1039 omisit.

2036 1067 2129 1121 Sic
2187 1069 2340 1138 apud
2391 1068 2788 1135 Aristotelem,
2848 1069 2950 1124 lib.
3003 1086 3043 1124 ιι
3106 1073 3186 1124 De
3229 1071 3384 1137 cwlo,
3427 1087 3552 1142 cap.
3607 1071 3694 1140 13,

2035 1157 2240 1211 eadem
2273 1163 2428 1212 terra
2462 1158 2678 1212 dicitur
2713 1174 2726 1211 :
2761 1155 2998 1212 Πλατεῖα
3027 1159 3114 1212 καὶ
3149 1158 3210 1211 τὸ
3243 1164 3436 1232 σχῆμα
3473 1180 3694 1230 τυμπα-

2034 1240 2257 1310 νοειδὲς,
2290 1268 2318 1294 ‹‹
2360 1247 2536 1316 plana
2567 1251 2623 1300 et
2655 1250 2843 1317 ﬁgura
2887 1252 3167 1318 tympano
3200 1247 3436 1314 similis,
3473 1271 3500 1298 »
3534 1251 3690 1320 quod

2036 1349 2220 1388 unum
2258 1334 2442 1388 fuisse
2475 1350 2544 1390 ex
2572 1333 2810 1405 placitis
2843 1337 3116 1406 Leucippi
3149 1335 3484 1408 philosophi
3517 1340 3695 1394 refert

2036 1422 2390 1477 Plutarchus
2424 1422 2528 1476 lib.
2563 1440 2650 1489 ιιι,
2684 1440 2734 1478 c.
2764 1426 2852 1488 10,
2884 1427 2962 1478 De
2988 1426 3210 1495 placitis
3235 1426 3543 1498 philosoph.
3576 1427 3690 1482 De-

2035 1509 2320 1566 mocritus
2348 1527 2507 1579 vero,
2541 1507 2818 1579 δισκοειδῆ
2858 1512 2951 1583 μὲν
3005 1516 3085 1584 τῷ
3133 1511 3349 1585 πλάτει,
3381 1513 3577 1584 κοίλην
3631 1511 3688 1568 δὲ

2031 1599 2094 1652 τὸ
2127 1598 2312 1669 μέσον,
2347 1622 2375 1648 ‹‹
2410 1600 2655 1655 formsm
2687 1601 2831 1656 disci
2865 1601 3079 1656 habere
3107 1606 3328 1658 terram
3376 1603 3436 1658 in
3476 1621 3685 1676 super-

2034 1687 2181 1753 ticie,
2208 1688 2269 1743 in
2301 1689 2493 1743 medio
2524 1705 2721 1743 cavam
2753 1705 2882 1744 esse
2913 1690 3162 1745 dicebat.
3196 1712 3224 1739 »

2104 1777 2224 1833 Col.
2261 1777 2352 1832 191
2388 1778 2450 1832 Β.
2483 1778 2536 1832 3.
2575 1779 2638 1834 Ut
2666 1780 2955 1848 ﬁguratus.
2988 1781 3271 1851 Argyrop.
3292 1796 3305 1836 :
3329 1803 3357 1831 α
3385 1781 3475 1838 Uti
3501 1783 3688 1837 forma

2031 1869 2088 1920 te
2110 1870 2322 1920 natura
2344 1865 2670 1938 insignivit,
2692 1871 2750 1921 et
2779 1872 2944 1922 tuam
2968 1868 3148 1922 vitam
3175 1868 3488 1940 disponere
3518 1870 3684 1925 velis.

436 1912 446 1927 ,
520 1912 540 1926 _
581 1912 592 1931 ι
745 1912 758 1926 ,
853 1912 856 1913 ,
913 1912 922 1913 ,
971 1912 1002 1913 η
1080 1912 1155 1936 ,ιγ
1504 1912 1584 1916 ___
1632 1912 1736 1916 κ--
1797 1912 1891 1916 η-
2037 1912 2087 1920 --
2111 1912 2750 1938 ..η--.ημ-Ὄ-..-Ἷν-
2784 1912 2944 1922 -.......
3177 1912 3488 1940 .....,..........
3530 1912 3680 1925 νων.

260 1947 440 2003 malis
471 1964 680 2020 genere
710 1949 1019 2021 bombycia
1049 1949 1151 2004 illa
1181 1948 1457 2005 mulieres
1491 1949 1788 2006 nonnullas
1827 1967 1914 2006 re-
1950 1912 1996 1978 Β
2029 1954 2094 2009 In
2130 1952 2434 2024 republica
2481 1953 2701 2010 cmlesti
2749 1971 3002 2010 versare.
3047 1977 3074 2008 ο
3117 1958 3464 2014 Eustathius
3513 1959 3680 2029 dixit,

257 2037 590 2108 torquendo
604 2038 662 2091 in
679 2037 842 2092 ﬁlum
859 2039 1181 2104 deducunt,
1195 2039 1404 2093 deinde
1423 2043 1676 2093 texunt.»
1690 2038 1914 2094 Plinius
1961 2046 1968 2054 '

253 2125 710 2197 quoquelib,x',
753 2142 883 2198 cap.
905 2127 994 2196 23,
1027 2127 1282 2182 lanificia
1322 2127 1670 2199 bombycum
1707 2127 1914 2182 scribit

253 2216 506 2270 humore
537 2213 1028 2284 leutescere,mox
1057 2216 1115 2270 in
1148 2216 1248 2271 ﬁla
1265 2215 1496 2271 tenuari
1516 2216 1733 2286 junceo
1759 2216 1909 2271 fuso.

249 2304 492 2369 Suidas,
543 2299 880 2372 ἀναπηνίζω,
939 2301 1299 2378 ἀναλέγομαι,
1355 2301 1558 2373 ἐκλύω,
1610 2301 1908 2374 ἀνακυλίω,

252 2414 285 2442 ‹‹
311 2391 422 2447 hoc
451 2397 562 2459 est,
595 2391 727 2448 fuso
758 2392 1115 2449 circumacto
1146 2393 1439 2466 recolligo,
1473 2410 1538 2448 ac
1595 2393 1842 2450 revolvo.
1880 2414 1908 2441 ››

253 2481 316 2535 S.
349 2480 721 2546 Ambrosius,
782 2480 884 2536 lib.
917 2498 976 2552 v,
1027 2498 1154 2553 cap.
1197 2483 1268 2537 23
1304 2499 1316 2537 :
1351 2504 1380 2533 ‹‹
1421 2482 1499 2536 Ex
1559 2482 1735 2552 hujus
1792 2481 1908 2536 filis

252 2567 465 2624 mollia
488 2567 591 2623 illa
621 2569 789 2624 Seres
819 2569 1135 2641 depectant
1175 2569 1410 2639 vellera,
1443 2587 1570 2641 quas
1631 2571 1700 2624 ad
1763 2587 1908 2625 usus

250 2657 373 2712 sibi
407 2657 674 2729 proprios
703 2658 914 2713 divites
960 2659 1357 2718 vindicarunt.
1399 2681 1427 2708 »
1461 2658 1676 2714 Alludit
1732 2659 1875 2714 nimi

247 2762 390 2802 rum
424 2747 496 2802 ad
520 2745 665 2801 illud
697 2745 927 2819 Virgilii
960 2764 999 2802 ιι
1032 2745 1273 2818 Georgio.
1311 2765 1324 2802 :

333 2897 644 2968 Velleraque
680 2901 744 2952 ut
769 2898 922 2969 foliis
952 2897 1231 2970 depectant
1261 2899 1456 2954 tenuia
1483 2897 1659 2954 Seres.

234 3048 359 3104 Sed
393 3048 820 3104 observandum
855 3052 944 3104 est
1003 3049 1286 3120 quosdam
1347 3065 1414 3103 ex
1469 3047 1762 3104 veteribus
1819 3048 1902 3104 ita

230 3137 491 3193 laniﬁcii
523 3137 703 3209 hujus
729 3141 922 3193 ortum
955 3153 1216 3204 narrare,
1239 3141 1304 3192 ut
1330 3136 1510 3192 velint
1530 3138 1698 3193 Seres
1721 3137 1896 3192 Indiae

231 3225 501 3298 populos
531 3243 599 3281 ex
631 3227 782 3293 ,oliis
811 3231 868 3282 et
905 3226 1087 3282 ramis
1119 3227 1393 3282 arborum
1427 3225 1526 3280 fila
1590 3227 1895 3298 depectere

228 3314 372 3371 haec
417 3314 622 3370 serica.
657 3317 743 3372 Ita
780 3315 1022 3380 Plinius,
1059 3315 1161 3370 lib.
1190 3333 1268 3386 v1,
1326 3331 1451 3388 cap.
1488 3316 1594 3371 17:
1641 3339 1661 3365 σ
1725 3315 1893 3371 Seres

231 3403 509 3460 laniﬁcio
531 3402 808 3460 silvarum
842 3405 1088 3473 nobiles,
1104 3405 1399 3476 perfusam
1420 3421 1572 3476 aqua
1588 3405 1895 3476 depectan-

227 3497 340 3549 tes
395 3492 690 3548 lrondium
742 3493 1015 3550 canitiem
1071 3511 1085 3550 :
1129 3494 1282 3549 unde
1341 3493 1612 3566 geminus
1668 3492 1897 3548 feminis

229 3583 476 3638 nostris
492 3581 678 3653 labor,
698 3583 1066 3639 redordiendi
1092 3581 1208 3651 ﬁla,
1229 3581 1844 3654 rursumquetexendi.
1869 3604 1890 3630 ι

2025 2063 2054 2090 ‹‹
2088 2043 2380 2112 quomodo
2407 2044 2580 2096 natus
2599 2041 2778 2106 es,ita
2799 2043 3094 2113 propriam
3118 2044 3402 2115 disponas
3419 2045 3597 2101 vitam
3619 2063 3678 2102 ε»

2025 2131 2124 2186 sed
2155 2129 2472 2187 Cornarius
2490 2130 2674 2185 multo
2710 2130 2943 2186 ﬁdelius
2969 2133 3137 2186 vertit
3165 2151 3177 2188 :
3213 2155 3240 2182 «
3269 2133 3428 2188 velut
3458 2135 3675 2206 ﬁgura-

2021 2223 2119 2274 tus
2154 2235 2238 2289 es,
2261 2219 2343 2273 ita
2371 2220 2544 2274 etiam
2575 2219 2822 2290 dispone
2857 2225 3018 2275 tuam
3048 2221 3236 2292 ipsius
3265 2222 3466 2277 vitam.
3502 2245 3530 2271 »
3553 2228 3673 2279 Hoc

2023 2307 2304 2362 nimirum
2339 2306 2460 2362 vult
2491 2308 2643 2378 quod
2679 2307 2886 2362 iisdem
2921 2325 3067 2379 pene
3098 2324 3163 2364 ac
3185 2309 3356 2380 plane
3375 2312 3670 2380 germanis

2024 2395 2232 2451 horum
2261 2396 2455 2451 verbis
2485 2396 2799 2468 Gregorius
2814 2396 3114 2468 Nyssenus
3143 2399 3273 2468 ejus
3305 2399 3502 2470 frater,
3517 2405 3665 2470 orat,

2018 2485 2053 2535 2
2082 2485 2139 2537 in
2172 2483 2339 2552 illud,
2372 2485 2668 2539 Faciamus
2697 2485 2998 2551 hominem,
3029 2481 3315 2558 ἄνθρωπος
3361 2484 3538 2540 οὐκέτι
3590 2486 3668 2550 εἷς

2016 2569 2251 2645 γαστέρα
2316 2568 2532 2645 βλέπει,
2584 2567 2710 2624 ἀλλ’
2769 2570 2843 2633 εἴς
2901 2572 2969 2626 τὰ
3024 2572 3156 2628 ἄνω.
3217 2573 3442 2651 Κεφαλή
3518 2573 3666 2648 αὐτῷ

2021 2658 2233 2731 ὑψηλὴ,
2276 2657 2369 2713 ’ίνα
2422 2660 2521 2727 τήν
2580 2661 2690 2714 ἄνω
2748 2659 2924 2736 βλέπῃ
2977 2664 3304 2736 συγγένειαν.
3350 2663 3664 2737 Ὀφθαλμοὶ

2015 2747 2116 2802 οὐκ
2173 2746 2246 2810 εἷς
2304 2750 2403 2818 τὴν
2462 2755 2565 2822 γῆν
2624 2749 2887 2810 νεύοντες.
2921 2751 3009 2819 Μὴ
3059 2751 3238 2804 τοίνυν
3273 2750 3414 2806 ποίει
3448 2753 3666 2808 σεαυτὸν

2012 2838 2160 2911 παρὰ
2209 2836 2387 2914 φύσιν,
2424 2839 2499 2910 μὴ
2540 2839 2608 2892 τὰ
2652 2840 2818 2911 γήινα
2863 2838 3201 2914 περισκόπει.
3236 2864 3264 2891 (ι
3310 2841 3493 2897 Homo
3545 2859 3663 2898 non

2011 2939 2273 2982 ventrem
2325 2927 2595 2998 despicit,
2621 2927 2722 2983 sed
2771 2928 3074 2999 superiora
3113 2933 3439 2984 contuetur.
3474 2929 3663 3002 Caput

2011 3014 2096 3069 illi
2129 3014 2385 3070 sublime
2416 3022 2526 3085 est,
2559 3022 2625 3070 ut
2653 3032 2840 3087 genus
2883 3015 3114 3072 cmleste
3159 3017 3462 3088 suspiciat.
3495 3018 3659 3074 Oculi

2009 3119 2126 3158 non
2157 3104 2408 3158 tendunt
2450 3104 2508 3158 in
2555 3108 2797 3159 terram.
2831 3105 3112 3168 Quocirca
3159 3122 3230 3161 ne
3271 3106 3387 3161 vim
3439 3107 3655 3164 inferas

2006 3198 2231 3248 natura;
2259 3198 2395 3262 tum,
2418 3198 2633 3247 terram
2663 3209 2734 3247 ne
2782 3202 3032 3263 spectes.
3059 3215 3087 3244 »
3130 3195 3347 3261 Cicero,
3379 3213 3421 3250 11
3454 3197 3526 3251 De
3553 3214 3656 3252 ηα-

1925 3273 1968 3339 C
2006 3288 2130 3336 tura
2181 3281 2430 3336 deor.:«
2483 3280 2746 3336 Primum
2805 3281 3076 3338 homines
3133 3283 3314 3338 humo
3370 3283 3652 3340 excitatos

2004 3371 2191 3426 celsos
2216 3373 2272 3425 et
2291 3375 2513 3425 erectos
2536 3371 2860 3436 constituit,
2885 3376 2950 3426 ut
2983 3372 3222 3426 deorum
3254 3373 3647 3444 cognitionem

2005 3457 2215 3514 coelum
2261 3459 2556 3515 intuentes
2613 3475 2819 3530 capere
2878 3460 3127 3532 possint.
3161 3481 3189 3510 »
3220 3461 3405 3529 0vid.,
3443 3477 3461 3517 1
3492 3462 3650 3519 Meta-

2003 3562 2143 3604 mor.
2175 3564 2196 3602 .'

2080 3661 2149 3716 Os
2178 3661 2397 3716 homini
2423 3662 2654 3717 sublime
2681 3662 2848 3727 dedit,
2877 3663 3178 3734 cretamque
3204 3667 3352 3720 tueri

230 3677 452 3726 Amm.
475 3671 866 3739 Marcellinus,
903 3670 1004 3726 lib.
1037 3687 1216 3726 nm:
1247 3693 1267 3718 ο
1291 3671 1456 3742 Apud
1491 3671 1660 3726 Seras
1689 3669 1891 3726 sublu-
2080 3669 2149 3746 ρις
2178 3669 2397 3746 ηρηιὶτιῑ
2423 3669 2758 3746 squtme‘deg

2079 3734 2268 3798 Iussit,
2299 3737 2350 3787 et
2373 3738 2578 3788 erectos
2607 3741 2676 3788 ad
2706 3735 2890 3790 sidera
2919 3736 3113 3790 tollere
3139 3737 3342 3792 vultus.

225 3759 396 3814 cidae
420 3757 663 3829 silvas,in
687 3759 904 3830 quibus
921 3760 1194 3815 arborum
1219 3759 1372 3815 fetus
1395 3775 1679 3829 aquarum
1698 3775 1898 3831 asper-

223 3848 498 3922 ginibus
528 3849 750 3904 crebris
778 3847 936 3903 velut
981 3849 1252 3920 quaedam
1295 3847 1506 3903 vellera
1551 3847 1896 3913 mollientes,

2029 3847 2157 3903 .llud
2194 3864 2384 3917 porro,
2417 3845 2725 3919 πολίτευμα
2778 3845 2871 3922 ἔχε
2924 3847 2975 3900 ἐν
3010 3848 3283 3920 οὐρανοῖς,
3323 3873 3342 3900 α

222 3953 314 3993 ex
351 3935 633 4009 lanugine
661 3941 719 3993 et
750 3937 972 4008 liquore
1005 3938 1241 3992 mistam
1277 3936 1662 3993 subtilitatem
1711 3940 1900 3991 tener-
2010 3937 2164 3992 blica
2194 3935 2410 3991 cmlesti
2446 3953 2698 4003 versare,
2733 3958 2760 3986 »
2813 3937 3232 4009 interpretatus
3278 3944 3369 3994 est
3409 3946 3658 4011 Argyra-

221 4026 468 4082 rimam
495 4029 753 4098 pectunt.
793 4048 814 4075 ι
848 4028 920 4081 At
947 4025 1204 4081 Basilius
1233 4031 1291 4081 et
1321 4024 1663 4080 Ambrosius
1704 4026 1775 4080 ab
1807 4024 1903 4080 bis
2013 4025 2203 4098 pylus,
2240 4041 2352 4080 non
2407 4025 2885 4080 animadvertens
2943 4026 3187 4081 fortasse
3242 4027 3324 4081 uti
3372 4028 3654 4083 Basilium

220 4112 493 4188 populis
523 4113 698 4169 Indiae
729 4113 882 4169 mitti
912 4113 1162 4170 sericum
1185 4130 1252 4169 ex
1278 4114 1626 4182 bombycum
1650 4113 1902 4169 lanificio
2012 4115 2202 4171 verbis
2231 4114 2504 4186 Apostoli,
2543 4114 2902 4186 Philippens.
2955 4133 3041 4181 ιιι,
3070 4117 3141 4170 20
3175 4133 3187 4169 :
3219 4115 3404 4186 Ἠμῶν
3451 4114 3515 4169 τὸ
3563 4136 3660 4168 πο-

221 4204 637 4274 desumptum
670 4202 907 4271 volunt;
940 4219 1056 4274 quo
1105 4207 1273 4275 pacto
1330 4203 1506 4257 etiam
1556 4203 1812 4273 Servius,
1842 4202 1904 4258 in

2029 4201 2247 4275 Κίτευμα
2294 4201 2344 4255 ἐν
2403 4200 2655 4276 οὐρανοῖς
2709 4202 2962 4277 ὑπᾶρχεν
3000 4205 3154 4276 quod
3195 4204 3455 4275 Vulgata
3503 4206 3660 4260 Lati-

215 4292 425 4348 illum
465 4289 693 4363 Virgilii
724 4291 918 4347 locum
951 4291 1234 4358 scribens,
1262 4307 1489 4348 vermes
1515 4291 1647 4347 illos
1664 4293 1906 4364 bomby-
2015 4311 2101 4348 nae
2125 4295 2325 4347 auctor
2344 4291 2824 4363 interpretatur,«
2848 4292 3059 4347 Nostra
3079 4298 3274 4348 autem
3296 4294 3659 4350 conversatio

219 4397 352 4437 ces
415 4380 477 4434 in
530 4381 840 4437 arboribus
902 4380 1213 4436 collocatos
1267 4380 1451 4436 fuisse
1498 4385 1684 4452 putat,
1718 4377 1907 4451 neque
2015 4383 2073 4438 in
2108 4382 2267 4438 ccelis
2298 4386 2406 4451 est,
2442 4403 2468 4430 »
2498 4398 2633 4449 non,
2668 4385 2736 4437 ut
2765 4380 2959 4454 inepte
2992 4387 3140 4438 Beza
3171 4401 3184 4440 :
3219 4405 3248 4433 «
3277 4382 3487 4440 Nostra
3524 4400 3657 4439 vero

215 4470 456 4526 lanam
489 4469 792 4526 arboream
824 4469 1102 4537 admittit,
1134 4468 1271 4524 licet
1300 4468 1401 4524 alii
1455 4469 1625 4524 multi
1677 4469 1905 4525 dissen-
2016 4472 2221 4528 civitas
2253 4471 2311 4525 in
2344 4470 2504 4527 caelis
2533 4475 2622 4526 est
2654 4488 2666 4526 :
2705 4491 2729 4522 Io
2763 4471 2976 4527 melius
3023 4472 3438 4542 Tertullianus,
3473 4475 3546 4529 De
3574 4490 3662 4529 co-

209 4558 406 4615 tiant
435 4556 724 4614 historici.
1938 4631 1955 4632 γ
2016 4575 2151 4615 rana
2181 4558 2399 4627 militis,
2433 4575 2561 4629 cap.
2592 4559 2625 4613 3
2656 4575 2670 4614 :
2696 4581 2722 4608 «
2758 4559 3154 4632 Municipatus
3184 4564 3384 4616 noster
3411 4561 3472 4617 in
3501 4559 3664 4616 caelis

313 4645 454 4702 Col.
510 4647 613 4701 185
663 4652 706 4701 Β
752 4649 807 4702 7.
841 4646 1266 4718 Ἐπιθυμητικᾶ.
1301 4649 1423 4703 Duo
1481 4646 1639 4718 Regii
1696 4646 1909 4703 melius

2029 4652 2144 4716 ast;
2201 4671 2220 4697 υ
2288 4652 2344 4702 et
2389 4655 2579 4704 contra
2634 4631 2998 4719 Marcionem,
3046 4647 3146 4704 lib.
3208 4665 3295 4716 ιιι,
3354 4666 3479 4722 cap.
3528 4650 3597 4703 24
3648 4666 3661 4704 :

210 4732 593 4805 ἐπιθυμητὰ,
618 4741 684 4791 ut
713 4741 770 4791 et
800 4736 1012 4808 psalm.
1035 4753 1198 4802 xvm,
1234 4737 1318 4791 11.
2018 4761 2045 4788 «
2081 4737 2293 4807 Utique
2323 4735 2539 4791 ccelesti
2575 4736 2794 4791 civitati
2840 4753 2972 4792 eum
3015 4738 3279 4808 deputat,
3311 4743 3368 4792 et
3415 4738 3666 4794 munici-

311 4825 449 4881 Col.
482 4825 588 4881 187
618 4830 660 4878 A
695 4826 781 4880 11.
813 4825 1098 4880 Matutine.
1131 4825 1257 4882 Non
1299 4829 1364 4880 ut
1419 4825 1706 4898 interpres
1759 4825 1910 4881 scri-
2019 4831 2221 4898 patum
2255 4829 2520 4880 nostrum
2550 4825 2605 4879 in
2631 4825 2792 4880 caelis
2813 4842 2939 4880 esse
2960 4827 3418 4898 pronuntians.»
3441 4827 3668 4883 Passim

207 4918 482 4990 pserat,
522 4935 549 4965 ιι
577 4930 754 4985 quam
809 4930 1019 4969 aurora
1069 4913 1361 4969 exoriente
1412 4914 1669 4985 primum
1730 4931 1908 4986 appa-
2019 4925 2212 4975 tamen
2247 4919 2398 4990 apud
2435 4921 2636 4972 Patres
2672 4921 2900 4973 Graecos
2949 4935 3051 4990 pro
3084 4918 3348 4975 moribus
3380 4921 3667 4991 cujusque

207 5002 404 5062 ravi.
443 5024 471 5051 »
505 5002 586 5056 Ad
617 5003 884 5068 verbum,
917 5025 944 5051 «
981 5018 1185 5058 mensa
1233 5019 1594 5058 sermonum.
1632 5025 1660 5053 »
1713 5007 1913 5060 Eusta-
2021 5007 2379 5080 privatorum
2463 5005 2720 5061 sumitur
2776 5001 3050 5073 πολιτεία,
3101 5007 3185 5062 vel
3250 5025 3350 5080 pro
3397 5008 3670 5063 Ecclesia».

200 5093 406 5154 thio,
440 5113 470 5140 ‹‹
506 5090 1017 5147 sermocinationis
1041 5092 1331 5146 matutina
1353 5108 1591 5148 mensa:
1627 5114 1654 5141 »
1686 5107 1758 5146 ne
1781 5092 1913 5162 quis
2021 5095 2356 5168 disciplina,
2392 5095 2774 5168 quamobrem
2809 5094 2956 5149 illud
3008 5095 3430 5168 Chrysostomi,
3462 5094 3665 5151 homil.

199 5184 407 5240 forte
439 5185 673 5251 putaret
710 5195 944 5235 summo
976 5195 1149 5234 mane
1179 5180 1509 5235 concionari
1542 5181 1779 5236 solitum
1809 5187 1914 5237 Ba-
2020 5187 2091 5240 75
2120 5187 2182 5240 in
2212 5186 2553 5248 Matthaum,
2587 5192 2736 5238 recte
2768 5184 3146 5239 immutatum
3195 5190 3284 5240 est
3328 5201 3514 5254 nuper
3555 5184 3665 5237 sub

197 5271 492 5328 silium.
533 5273 709 5326 Porro
755 5269 974 5324 factum
1028 5268 1202 5324 Elisei
1244 5273 1517 5324 narratur
1557 5271 1629 5324 IV
1657 5275 1790 5339 Reg.
1825 5288 1910 5338 In,

2029 5276 2199 5329 linem
2234 5272 2489 5328 homilic'e
2525 5290 2537 5327 :
2564 5268 2722 5327 Ἀλλ’
2752 5269 2908 5325 οὐδὲν
2939 5267 3135 5349 ὄφελος
3166 5271 3399 5333 ἐντεῦθεν
3432 5273 3505 5332 εἰς
3530 5270 3664 5322 ἀπο-

193 5361 303 5419 39
355 5373 376 5412 :
413 5358 513 5412 sed
565 5357 733 5429 illud,
783 5359 1142 5432 παρῃτοῦντο,
1176 5374 1291 5413 non
1351 5358 1496 5413 satis
1548 5363 1914 5430 expresserat

2029 5361 2213 5437 λογίαν
2244 5361 2450 5426 αὐτοῖς,
2485 5358 2665 5435 ὥσπερ
2699 5359 2790 5414 οὖν
2839 5359 2968 5415 οὐδὲ
3008 5366 3125 5424 τοῖς
3169 5357 3452 5418 πολιτείας
3493 5355 3664 5412 ἕνεκεν

199 5447 680 5520 Argyropylus,
713 5470 740 5497 ‹‹
776 5447 832 5501 in
870 5447 1200 5519 praebendis
1245 5446 1434 5518 epulis
1477 5446 1608 5502 vilis
1658 5447 1912 5503 habeba-
2032 5455 2343 5524 μετανοοῦσι
2374 5449 2515 5504 τότε·
2541 5451 2692 5505 σιδοά
2729 5451 2870 5506 nihil
2906 5451 3177 5505 utilitatis
3208 5450 3340 5504 inde
3362 5449 3669 5520 accipient,

189 5551 376 5600 tur.
417 5557 446 5586 η
478 5537 822 5592 Eustathius
851 5535 999 5591 dixit
1034 5553 1046 5591 :
1083 5557 1112 5588 «
1143 5536 1336 5606 Neque
1367 5536 1523 5591 enim
1562 5535 1818 5591 Eliseum
1851 5541 1916 5592 ut
2027 5542 2525 5612 quemadmodum
2561 5557 2750 5611 neque
2782 5540 2862 5595 illi
2896 5539 2998 5610 qui
3035 5554 3238 5592 eversa
3267 5537 3498 5592 civitate
3528 5537 3671 5593 resi-

189 5628 601 5703 improbum
620 5631 912 5699 pastorem
938 5627 1271 5684 refutabant
1293 5626 1454 5682 illius
1470 5628 1753 5698 temporis
1779 5644 1915 5684 con-
2027 5631 2327 5702 piscunt.a
2355 5630 2538 5695 Imo,«
2561 5629 3058 5700 quemadmodum
3092 5643 3197 5682 nec
3227 5626 3332 5697 illi,
3366 5643 3514 5698 quos
3544 5631 3674 5682 tum

185 5726 429 5781 viva.
448 5739 474 5766 υ
491 5716 720 5773 Insistit
739 5716 1002 5789 vestigiis
1023 5716 1176 5773 beati
1207 5716 1525 5788 Ambrosii,
1546 5716 1648 5773 lib.
1668 5733 1743 5772 vr.
1764 5734 1814 5774 ο.
1839 5721 1911 5775 2:
2025 5719 2156 5774 vitae
2189 5723 2468 5775 anteacta;
2499 5717 2818 5790 paenitebit.

3380 3852 3436 3905 in
3483 3869 3657 3923 repu-
