4128 6216
517 342 672 406 1007
1714 341 1949 402 NOTAE
1992 339 2434 401 FRONTONIS
2478 340 2734 402 DUCzEl
3733 353 3861 415 {om

589 474 707 532 Col.
743 473 844 533 192
893 474 934 531 C
972 474 1028 528 7.
1080 469 1178 526 Διᾶ
1231 471 1332 540 τὴν
1388 469 1448 526 ἐκ
1504 469 1733 546 φύσεως.
1783 471 1995 530 Omisit
2049 472 2160 530 hoc
2188 475 2244 546 Α
2275 469 2508 545 σκύμνον
2539 469 2759 536 λέοντος
2791 472 3000 538 Ἰούδας
3027 473 3314 532 αἲνίττεται
3347 472 3560 546 Ἰακὼϐ,
3589 476 3745 555 λέγων
3784 483 3857 538 τὸν

517 565 823 635 interpres,
854 565 915 619 at
939 579 1052 618 non
1079 560 1445 631 Eustathius,
1480 561 1581 634 qui
1614 561 1788 618 vertit
1840 561 2117 635 elegante]

2267 559 2522 635 Χριστὸν,
2554 561 2646 615 καὶ
2675 559 2801 623 τοὺς
2848 560 2900 616 ἐν
2947 566 3015 637 τῇ
3049 563 3418 639 ’Λποκαλύψει
3468 567 3720 624 Ἰωάννου*
3749 569 3859 627 Ἰδοὺ

518 679 546 708 (ι
578 655 714 711 vitio
745 655 1033 728 superbiae
1064 653 1354 710 naturalis
1392 653 1581 709 elatus
1641 653 1857 726 refugit
1908 653 2117 710 aliorur

2268 647 2510 720 ἐνίκησεν
2563 649 2591 704 ὁ
2645 647 2784 704 λέων
2811 651 2840 704 ὁ
2891 649 2952 706 ἐκ
2999 649 3176 728 φυλῆς
3236 652 3429 709 Ἰούδα·
3463 652 3640 730 λεαίνῃ
3684 655 3734 713 δὲ
3774 657 3860 715 δευ-

516 743 1034 801 consociationem.
1091 764 1119 792 ››
1169 741 1506 809 Carnarius,
1559 763 1586 794 α
1640 746 1878 814 propter
1935 747 2117 799 natur:

2268 736 2399 812 τέρα
2455 735 2520 792 οἷ)
2565 742 2771 812 γίνεται
2819 739 3036 811 κύησις·
3066 741 3168 816 ἄρα
3216 743 3398 798 οὐκέτι
3447 743 3632 814 κύησιν
3678 745 3861 818 οἶδε.νῆ

514 832 874 906 superbiam.
909 853 930 884 ι
968 832 1051 887 Ad
1081 833 1346 900 verbum,
1387 853 1413 886 α
1442 836 1679 905 propter
1703 832 1943 888 insitam
1975 850 2008 888 a
2056 849 2117 888 ns

2269 824 2471 903 Μαρία,
2522 827 2702 882 οὐκέτι
2752 830 3036 906 συνάφειαν
3082 831 3347 903 σωμάτων
3381 834 3417 902 ἡ
3460 831 3581 906 ἁγία
3627 836 3862 910 παρθένος⁸

514 930 648 981 tura
677 923 1036 996 superbiam.
1067 947 1088 976 ι
1119 921 1569 978 Immutavimus
1598 921 1775 977 etiam
1807 920 1954 978 illud
1987 922 2159 995 paulo
2275 939 2302 966 ‹‹
2333 917 2393 972 Si
2424 917 2576 973 enim
2608 919 2870 974 catulum
2893 919 3083 977 leonis
3102 920 3256 977 Juda
3274 921 3519 978 obscure
3541 923 3680 979 dixit
3698 924 3867 993 Jacob,

517 1019 652 1072 ante
681 1010 1000 1089 εὐχάριστον
1035 1013 1062 1066 ὁ
1109 1009 1275 1081 κύων,
1311 1034 1338 1062 «
1387 1011 1683 1084 gratiosus
1740 1011 1926 1082 canis,
1956 1034 1985 1062 ››
2023 1028 2117 1066 nar

2269 1005 2568 1062 Christum
2617 1008 2838 1074 dicens,
2871 1013 2928 1064 et
2975 1009 3036 1064 in
3079 1009 3423 1082 Apocalypsi
3473 1011 3727 1080 habetur,
3763 1016 3868 1069 Ecce

516 1101 838 1178 εὐχάριστος
872 1105 960 1158 est
987 1124 1014 1153 υ
1048 1117 1273 1157 memor
1293 1099 1628 1167 beneficii,»
1647 1116 1830 1168 non,«
1851 1099 1950 1171 qui
1973 1100 2162 1172 gratia
2269 1096 2400 1150 vicit
2429 1095 2511 1150 leo
2541 1095 2613 1151 de
2643 1096 2794 1152 tribu
2815 1096 2976 1165 Juda,
3011 1097 3204 1154 leisure
3253 1103 3452 1156 autem
3503 1117 3613 1156 non
3660 1102 3868 1175 contigit

513 1191 687 1249 valet.
740 1214 766 1242 »
825 1189 1193 1262 Eustathius,
1232 1211 1257 1243 α
1288 1189 1588 1263 gratiﬁcus
1645 1189 1829 1246 canis.
1883 1211 1911 1239 »
1960 1187 2162 1246 Simile
2271 1183 2565 1240 secundus
2597 1188 2804 1256 partus
2838 1203 2850 1241 :
2883 1202 3019 1258 ergo
3051 1204 3162 1243 non
3196 1187 3457 1260 amplius
3486 1194 3708 1261 partum
3740 1192 3871 1248 novit

514 1281 661 1337 illud
691 1281 860 1351 infra,
891 1279 955 1334 τὸ
987 1276 1044 1334 δὲ
1073 1277 1415 1352 μνημόσυνον
1458 1283 1558 1347 τῆς
1602 1275 1829 1352 χάριτος
1877 1280 1974 1332 τοῦ
2017 1277 2117 1346 ζώο

2269 1272 2470 1340 Maria,
2489 1290 2604 1330 non
2626 1273 2884 1346 amplius
2898 1276 3370 1346 conjunctionem
3385 1295 3685 1350 corporum
3699 1285 3872 1336 sancta

512 1371 634 1427 τίνα
659 1375 766 1426 τῶν
798 1368 1108 1446 ἀχαρίστων
1141 1368 1278 1444 πρὸς
1307 1365 1480 1443 ιῦεργ.
1509 1364 1571 1421 οὗ
1614 1365 1866 1442 καταίσχ.

2266 1361 2448 1434 virgo.
2485 1385 2513 1411 ››
2545 1362 2838 1419 Avicenna
2868 1381 3105 1421 causam
3148 1366 3361 1434 reddit,
3394 1367 3606 1424 citatus
3651 1386 3683 1424 a
3724 1368 3869 1425 Caelio

585 1471 702 1528 Col.
737 1471 912 1527 1948
965 1469 1018 1524 8.
1077 1470 1121 1524 Ε
1174 1467 1405 1523 stabulis
1456 1466 1534 1523 ad
1589 1483 1677 1522 ex.
1736 1463 2117 1538 Argyropylut

2268 1451 2544 1522 Rhodig.,
2577 1450 2680 1506 lib.
2711 1469 2912 1519 xxvm,
2942 1470 3071 1526 cap.
3108 1454 3163 1524 9,
3197 1471 3300 1511 cur
3349 1455 3534 1512 semel
3582 1457 3871 1530 pariat;ob

520 1583 543 1613 ι
577 1561 726 1618 latis
755 1557 1092 1632 aspectibus
1123 1573 1154 1613 e
1179 1554 1434 1612 stabulis
1487 1555 1614 1611 suis
1665 1554 2067 1625 egrediuntur,
2101 1558 2157 1610 et
2267 1539 2477 1632 οεῙοῩίει
2502 1539 3302 1632 ηίω-ίβιαιθφοΑάνρνεαηῐυι·
3323 1550 3520 1632 tamen
3552 1546 3726 1601 eidem
3763 1563 3868 1601 sen-

513 1655 671 1708 recta
727 1649 798 1706 ad
826 1627 1072 1704 —viarum
1119 1645 1312 1702 exitus
1369 1647 1654 1716 spectant.
1687 1666 1715 1696 »
1751 1647 1824 1698 At
1872 1660 1988 1700 non
2017 1643 2117 1700 dic‘l

2264 1627 2480 1698 tentiis,
2515 1633 2573 1684 et
2620 1629 2879 1686 historiae
2920 1630 3042 1707 περὶ
3100 1631 3442 1704 μονοτοκίας,
3477 1635 3724 1706 primum
3766 1635 3874 1707 ipsa

515 1745 739 1810 auctor,
771 1739 946 1794 boves
998 1734 1193 1807 egredi
1245 1749 1275 1789 e
1331 1731 1581 1790 stabulis
1629 1731 1843 1788 hiemis
1873 1736 2117 1803 tempore

2264 1717 2563 1788 Scriptura
2615 1734 2800 1789 sacra,
2851 1736 2978 1791 quae
3036 1719 3293 1792 plurium
3343 1721 3669 1778 catulorum
3713 1723 3874 1780 lenne

514 1830 616 1886 sed
648 1805 816 1884 ex'iis
849 1805 1241 1898 prospectare,
1283 1826 1458 1893 atque
1487 1819 1823 1894 egrediendi
1864 1821 2117 1894 cupidita

2228 1871 2232 1891 ’
2268 1805 2558 1870 meminit,
2579 1823 2694 1862 non
2714 1807 2998 1880 singulari
3032 1825 3278 1866 numero
3307 1809 3488 1866 catuli
3517 1815 3756 1880 tantum,
3781 1812 3872 1869 Job

510 1924 629 1975 tem
662 1933 777 1990 pris
808 1895 870 1972 se
892 1895 1040 1970 ferre
1065 1930 1078 1969 :
1111 1912 1266 1983 quod
1289 1910 1582 1984 quomodo
1607 1909 1729 1979 ﬁat,
1754 1908 1943 1966 fusius
1972 1927 2117 1984 expo

2228 1897 2233 1920 ’
2265 1911 2500 1965 xxxvm,
2532 1895 2603 1950 39
2634 1911 2648 1951 :
2681 1919 2710 1946 «
2742 1896 3019 1969 Nunquid
3054 1898 3251 1970 capies
3293 1898 3485 1956 leaenas
3546 1903 3804 1972 praedam,
3831 1908 3878 1957 et

505 2008 594 2063 nit
641 1983 701 2062 s'.
752 2001 1116 2069 Ambrosius,
1167 1999 1270 2056 lib.
1320 2015 1400 2067 νι,
1448 2016 1576 2072 cap.
1609 1999 1642 2054 4
1687 2015 1762 2055 ;‹‹
1811 1999 1994 2056 Iidem
2048 1983 2148 2056 ubi
2261 1983 2519 2040 animum
2553 1985 2881 2042 catulorum
2938 1988 3067 2058 eius
3106 1986 3428 2060 implebis?
3462 2010 3491 2039 ι»
3519 1989 3873 2062 Hieronymus

503 2093 758 2154 naturali
789 2109 964 2149 sensu
999 2089 1389 2146 mutationem
1421 2087 1550 2145 coeli
1595 2087 1956 2162 collegerint,
1989 2089 2114 2147 fora

2257 2072 2317 2128 in
2339 2089 2418 2128 νιι
2440 2073 2691 2162 Danielis
2717 2090 2730 2131 :
2754 2097 2783 2127 «
2809 2074 3018 2131 Dicunt
3038 2075 3140 2147 qui
3162 2078 3232 2132 de
3264 2077 3590 2134 bestiarum
3614 2078 3868 2150 scripsere

499 2188 787 2259 spectant,
803 2184 860 2238 et
880 2180 1035 2237 ultra
1056 2179 1340 2252 praesepia
1359 2177 1614 2234 cervices
1635 2178 1960 2233 extendunt
1979 2195 2117 2235 suas

2255 2162 2507 2229 naturis,
2530 2161 2746 2220 lamnas
2776 2180 2905 2220 esse
2935 2164 3266 2235 ferociores,
3292 2166 3549 2223 maxime
3588 2167 3636 2223 si
3672 2166 3868 2222 catulos

498 2251 616 2331 una
645 2251 848 2329 omnes
879 2251 1094 2342 specie,
1128 2271 1192 2324 ut
1220 2267 1453 2340 prodire
1479 2283 1542 2323 se
1587 2264 1733 2322 velle
1774 2269 2082 2322 testentur.
2113 2289 2117 2317 ;

2255 2251 2537 2306 nutriant.
2574 2273 2601 2299 »
2634 2251 2942 2318 Homerus,
2973 2252 3075 2308 lib.
3106 2269 3226 2309 xvn
3251 2253 3450 2310 Iliados
3479 2272 3498 2309 :

493 2361 833 2420 Eustathius
871 2358 1124 2431 denique
1155 2357 1239 2413 sic
1267 2356 1440 2412 vertit
1473 2372 1486 2412 :
1522 2378 1549 2407 ‹‹
1580 2355 1661 2412 De
1708 2355 1940 2412 stabulo
1999 2355 2117 2412 fori:

2319 2357 2561 2434 'Ea-nﬁxet
2596 2354 2668 2434 ὥς
2698 2355 2787 2434 τίς
2811 2377 2869 2412 τε
2894 2355 3035 2434 λέων
3062 2359 3184 2434 περὶ
3217 2357 3322 2413 οἶσι
3351 2361 3618 2417 τέκεσσιν.

491 2451 670 2509 simul
700 2464 904 2506 omnes
935 2445 1228 2519 aspiciunt
1249 2447 1546 2500 mutantes
1574 2443 1824 2500 vultum.
1863 2464 1887 2496 η

562 2556 682 2613 Col.
717 2555 818 2610 198
848 2556 890 2612 C
917 2555 972 2608 7.
1008 2559 1091 2609 Ex
1120 2552 1205 2607 his
1251 2552 1451 2622 liquet.
1493 2549 1588 2607 Sic
1627 2550 1991 2622 interpretati
2039 2568 2137 2608 su-

491 2665 625 2705 mus
649 2647 770 2702 loco
791 2643 1053 2708 illorum,
1074 2658 1200 2713 qua:
1222 2639 1619 2712 Argyropylus
1640 2639 1929 2696 ediderat:
1953 2664 1980 2691 ‹‹
2006 2641 2137 2697 Haec

488 2737 754 2793 indicant
783 2733 1117 2790 animantes
1147 2733 1388 2786 cunctas
1421 2727 1761 2785 istiusmodi
1801 2734 2014 2785 natura
2042 2730 2136 2786 in-

487 2824 706 2881 dociles
735 2838 865 2878 esse
883 2838 948 2877 ac
968 2818 1245 2876 doctrinae
1267 2819 1464 2874 rudes.
1488 2839 1516 2866 »
1537 2821 1612 2872 At
1632 2817 1787 2873 enim
1819 2818 1915 2873 hic
1945 2814 2131 2872 ἀδιδά-

486 2931 650 2972 κτους
683 2927 817 2966 cum
868 2908 1010 2964 dicit
1051 2907 1183 2961 εἶναι
1235 2906 1332 2968 τὰς
1381 2903 1586 2980 φύσεις,
1619 2906 1774 2962 idem
1818 2907 2130 2978 signiﬁcat,

487 3019 555 3057 ac
586 2999 636 3058 si
664 2994 1084 3058 αύτοδιδάκτους
1117 2996 1459 3068 appellaret,
1484 2993 1592 3052 hoc
1637 2999 1745 3061 est,
1779 3002 1984 3068 suapte
2023 3015 2129 3053 na-

2323 2431 2490 2502 thue
2519 2430 2598 2486 leo
2628 2431 2688 2485 in
2717 2432 2860 2487 silva
2888 2432 3090 2499 stabat,
3120 2430 3221 2488 sua
3240 2434 3480 2505 pignora
3509 2436 3731 2489 circum.

2247 2536 2471 2608 Horat.,
2501 2535 2604 2592 lib.
2636 2554 2698 2593 ιιι
2730 2537 2936 2606 Carm,
2969 2539 3078 2595 ode
3104 2539 3176 2593 20
3209 2556 3224 2594 :

2422 2645 2541 2718 Non
2573 2645 2736 2718 vides,
2767 2653 2965 2718 quanto
2993 2662 3209 2702 moveas
3233 2645 3461 2718 periclo,

2421 2717 2656 2789 Pyrrhe,
2682 2716 2910 2775 GaetulaD
2943 2718 3154 2774 catulos
3183 2716 3393 2776 leiznat.

2317 2821 2685 2893 Plutarchus,
2718 2824 2798 2879 lib
2819 2825 2896 2880 De
2921 2841 3111 2881 amore
3137 2826 3333 2896 prolis,
3365 2826 3559 2882 citans
3588 2843 3658 2882 ex
3684 2825 3869 2882 eodem

2241 2911 2478 2966 Homeri
2534 2911 2682 2967 libro
2733 2912 2935 2968 Iliados
2987 2928 3246 2984 versum,
3303 2911 3535 2970 leonem
3591 2915 3692 2986 ait,
3747 2912 3869 2986 πρὸς

2239 2997 2368 3062 τοὺς
2422 2998 2694 3074 κυνηγοὺς
2753 2996 3067 3064 σπένδεσθαι
3128 2998 3255 3076 περὶ
3283 3003 3390 3055 τῶν
3422 3001 3645 3057 τέκνων·
3692 3007 3871 3059 «Cum

486 3096 620 3146 tura
650 3089 838 3144 facere
865 3087 1141 3159 pleraque
1162 3085 1441 3140 animalia
1471 3101 1564 3142 res
1595 3084 1728 3140 illas
1757 3101 1983 3152 omnes,
2026 3101 2130 3142 nec
2240 3088 2616 3145 venatoribus
2666 3089 2889 3161 pacisci
2924 3090 2994 3146 do
3023 3091 3253 3147 catulis.
3288 3111 3319 3141 »
3370 3090 3622 3163 Plinius,
3652 3091 3753 3148 lib.
3780 3109 3872 3147 vm

485 3196 634 3253 opus
662 3195 812 3249 esse,
831 3187 897 3232 ut
917 3177 1064 3249 ipsis
1092 3175 1206 3230 ille
1230 3176 1495 3232 doctrina
1522 3176 1609 3232 vel
1643 3176 1948 3248 praeceptis
1984 3176 2128 3232 alio-

2239 3179 2466 3246 Histor.,
2497 3194 2626 3249 cap.
2662 3179 2748 3246 16,
2780 3178 3080 3251 vulgarem
3120 3179 3284 3236 illam
3335 3180 3675 3250 opinionem
3728 3181 3870 3236 retu-

483 3285 616 3324 rum
674 3269 1062 3323 innotescant.
1124 3264 1217 3320 Sic
1283 3263 1516 3319 locutus
1572 3264 1801 3320 videtur
1856 3264 2127 3321 Clemens
2159 3263 2202 3292 υ
2239 3270 2327 3321 tat
2358 3281 2372 3320 :
2408 3288 2435 3316 «
2467 3265 2656 3322 Semel
2687 3270 2883 3322 autem
2911 3266 3002 3323 edi
3035 3272 3274 3339 partum
3303 3266 3564 3325 lacerato
3595 3269 3868 3341 unguium

483 3356 934 3422 Alexandrinus,
959 3354 1060 3409 lib.
1091 3370 1154 3408 ιιι
1197 3358 1518 3423 Pazdagog.,
1551 3369 1676 3424 cap.
1704 3355 1738 3408 8
1771 3369 1784 3409 :
1818 3353 1885 3409 Oi
1919 3353 2014 3424 μὲν
2045 3349 2125 3407 δι-

481 3442 766 3520 δαχθέντες
800 3441 1102 3512 ἐσώθησαν·
1137 3441 1189 3494 οἱ
1221 3437 1278 3495 δὲ
1321 3436 1740 3510 αὐτοδιδάκτως,
1773 3442 1809 3510 ἢ
1844 3438 2121 3510 ἐζήλωσαν

479 3534 513 3603 ἢ
547 3533 815 3602 ἐζήτησαν
847 3531 1063 3606 ἀρετήν’
1087 3531 1204 3586 «Ex
1225 3530 1563 3586 hominibus
1589 3529 1687 3586 alii
1709 3531 1947 3602 quidem
1970 3532 2124 3587 docti

479 3624 693 3680 servati
715 3621 977 3687 eunt,alii
993 3637 1126 3677 vero
1139 3621 1748 3692 suaspontevirtutem
1765 3620 1852 3678 vel
1873 3623 2124 3695 amplexi

480 3718 620 3770 sunt
640 3712 723 3768 vel
745 3711 1123 3784 quaesierunt.
1146 3731 1173 3758 ››
1187 3709 1442 3765 Basilius
1461 3710 1588 3781 ipse
1610 3709 1668 3766 in
1690 3710 2122 3768 Commentario

479 3805 540 3858 in
571 3805 764 3859 Isaiam
796 3819 814 3855 :
847 3797 925 3856 Τὰ
954 3798 1264 3874 γεννώμενα
1295 3796 1398 3852 ὑπὸ
1444 3801 1552 3852 τῶν
1591 3797 1938 3875 κερασφόρων
1970 3801 2122 3868 ζώων

475 3893 575 3960 τὴν
628 3889 805 3961 θηλὴν
865 3885 1168 3949 ἀδιδάκτως
1218 3885 1482 3956 ἐπιζητεῖ·
1513 3911 1541 3938 ‹‹
1575 3892 1966 3945 Cornutorum
1994 3891 2120 3946 ani-

477 3982 721 4038 malium
754 3978 898 4051 pulli
958 3979 1141 4034 ubera
1188 3976 1349 4033 nullo
1396 3977 1640 4033 docente
1688 3979 2054 4050 perquirunt.
2091 4001 2119 4030 »

472 4068 823 4126 Eustathius
867 4067 977 4122 hoc
1024 4066 1150 4122 loco
1175 4065 1350 4120 vertit
1381 4110 1396 4136 ,
1425 4087 1453 4115 «
1486 4065 1631 4128 Quia
1661 4068 1948 4122 naturalis
1978 4085 2117 4138 pru-

477 4158 676 4214 dentia
708 4155 982 4212 doctrinae
1014 4154 1328 4211 traditione
1359 4169 1472 4209 non
1507 4154 1710 4210 utitur.
1733 4175 1761 4203 »
1779 4153 1956 4211 Paulo
1989 4163 2121 4227 post

467 4248 534 4304 D.
569 4248 622 4316 3,
651 4247 819 4299 ταῦτα
877 4239 1145 4297 δείκνυται
1193 4240 1340 4314 παρὰ
1393 4246 1494 4309 τῆς
1551 4239 1762 4317 φύσεως
1795 4241 1822 4295 ὁ
1853 4241 1999 4298 κύων
2026 4264 2116 4298 πε-

467 4332 847 4407 παιδευμὲνος,
873 4334 1025 4388 idem
1049 4331 1395 4388 Eustathius
1426 4330 1644 4386 clarius
1675 4330 2114 4403 interpretatur,

468 4447 495 4476 ‹‹
529 4441 598 4480 ea
628 4441 753 4494 quas
784 4439 887 4495 per
916 4422 1099 4477 otium
1133 4421 1268 4477 vitae
1294 4420 1536 4491 longum
1571 4419 1814 4490 quidam
1843 4421 2114 4478 sedentes

463 4515 557 4568 vix
599 4511 860 4567 invenire
907 4513 1245 4581 potuerunt,
1290 4507 1574 4564 beneficio
1645 4509 1896 4564 naturali
1947 4511 2110 4567 canis

466 4603 819 4658 consecutus
846 4597 1095 4654 asseritu
1105 4615 1148 4651 r.
1182 4617 1208 4650 ι

532 4689 649 4746 Col.
683 4688 785 4744 199
811 4694 858 4742 A
893 4688 977 4741 14.
1030 4688 1222 4743 Leonis
1277 4686 1466 4742 unius.
1502 4686 1851 4744 Addidimus
1909 4705 2107 4746 vocem

463 4803 491 4830 ‹‹
510 4780 722 4836 unius.
743 4777 935 4833 verbis
954 4776 1313 4848 interpretis,
1336 4793 1512 4848 quam
1536 4780 1594 4831 et
1610 4777 1954 4834 Eustathius
1971 4781 2112 4835 omi-

459 4870 562 4925 sit:
579 4869 682 4926 sed
701 4871 1025 4940 agnoscunt
1042 4866 1208 4938 Regii
1232 4868 1346 4922 duo
1370 4863 1594 4926 λέοντος
1628 4863 2107 4940 tv6c.Sull'ragan-

456 4957 704 5014 turhuic
721 4957 1020 5013 sententiae
1041 4956 1113 5011 de
1146 4956 1338 5011 leena‘.
1362 4961 1534 5027 partu
1560 4955 1731 5010 unico
1754 4955 2106 5026 Herodotus,

460 5047 669 5115 Thalia,
705 5063 761 5118 p.
793 5046 936 5099 232:
965 5045 1026 5100 'H
1059 5042 1244 5098 λέαινα
1293 5041 1378 5098 ἐὸν
1431 5042 1790 5117 ἰσχυρότατον
1834 5043 1924 5098 καὶ
1973 5056 2104 5122 θρα-

449 5134 697 5203 σύτατον,
731 5133 868 5202 ἅπαξ
928 5131 978 5186 ἓν
1036 5136 1116 5205 τῷ
1173 5133 1282 5208 βίῳ
1336 5131 1503 5186 τίκτει
1546 5127 1641 5187 ἓν·
1693 5131 1946 5188 τίκτουσα
1999 5135 2102 5211 γὰρ

452 5218 806 5278 συνεκϐάλλει
836 5225 915 5293 τῷ
953 5220 1125 5293 τέκνῳ
1164 5221 1258 5284 τὰς
1296 5223 1572 5296 μήτρας’‹‹
1615 5222 1841 5293 Leaena,
1872 5223 2103 5280 validis-

451 5315 667 5369 simum
697 5314 1246 5383 ferocissimumque
1263 5311 1763 5380 animal,semeliu
1778 5313 1893 5368 vita
1917 5331 2100 5370 unum

452 5404 642 5475 parit:
669 5419 803 5458 nam
829 5419 946 5458 una
969 5417 1100 5457 cum
1138 5402 1256 5456 fetu
1282 5407 1514 5455 uterum
1539 5401 1775 5456 emittit.
1802 5423 1828 5450 ››
1850 5403 2100 5475 Egyptii

2236 3354 2361 3410 acie
2392 3358 2557 3410 utero
2585 3354 2642 3409 in
2677 3355 2850 3410 enixu
2881 3355 3124 3427 vulgum
3175 3356 3497 3413 credidisse
3557 3357 3723 3412 Video
3751 3356 3872 3410 Ari-

2235 3442 2476 3499 stoteles
2505 3444 2706 3515 tradit,
2739 3443 2983 3500 leaenam
3015 3446 3204 3516 primo
3239 3446 3354 3501 fetu
3388 3462 3598 3517 parere
3626 3445 3876 3518 quinque

2234 3530 2476 3600 catulos,
2502 3548 2567 3588 ac
2597 3547 2698 3603 per
2735 3549 2922 3588 annos
2953 3533 3219 3604 singulos
3246 3551 3362 3590 uno
3402 3534 3632 3600 minus,
3663 3535 3736 3589 ab
3765 3550 3871 3588 uno

2232 3621 2618 3678 sterilescere.
2655 3642 2683 3671 »
2713 3621 2902 3677 Verba
2931 3621 3260 3678 Aristotelis
3288 3622 3410 3679 haec
3455 3628 3627 3693 sunt,
3657 3622 3764 3680 lib.
3799 3640 3870 3688 Vl,

2231 3725 2359 3780 cap.
2391 3709 2480 3777 31,
2503 3710 2577 3765 De
2605 3710 2806 3765 Πέδιον.
2831 3706 3324 3777 animal.:Tlx‘ttt,
3351 3709 3424 3770 ὡς
3453 3706 3547 3764 ἐπὶ
3582 3707 3728 3765 πολὺ
3760 3706 3869 3779 δύο,

2228 3796 2295 3850 τὰ
2327 3796 2508 3868 μέντοι
2540 3794 2772 3852 πλεῖστα
2799 3796 2873 3867 ἓξ,
2903 3795 3074 3852 τίκτει
3105 3793 3163 3852 δὲ
3190 3795 3362 3853 ἐνίοτε
3389 3797 3478 3853 καὶ
3510 3795 3596 3856 ἓν.
3617 3801 3680 3856 Ὁ
3706 3796 3765 3854 δὶ
3786 3795 3870 3853 λε-

2229 3885 2384 3960 χθεὶς
2419 3886 2586 3958 μῦθος
2618 3885 2741 3959 περὶ
2770 3889 2867 3939 τοῦ
2898 3879 3183 3940 ἐκϐάλλειν
3209 3884 3303 3947 τὰς
3353 3885 3582 3959 ὑστέρας
3633 3887 3873 3942 τίκτοντα

2230 3970 2491 4049 ληρώδης
2546 3972 2675 4030 ιστι.
2711 3998 2739 4026 ‹‹
2793 3975 2948 4031 Parit
2997 3991 3212 4047 magna
3253 3991 3322 4030 ex
3369 3980 3539 4047 parte
3589 3978 3872 4050 geminos,

2227 4067 2327 4121 sed
2351 4081 2482 4120 cum
2511 4065 2799 4137 plurimos
2837 4081 2938 4120 sex
2958 4064 3207 4130 catulos,
3232 4081 3671 4137 nonnunquam
3703 4069 3875 4122 etiam

2228 4171 2433 4210 unum.
2466 4154 2628 4220 Quod
2661 4158 2855 4209 autem
2888 4154 2959 4209 de
2987 4153 3173 4209 leaena
3219 4153 3402 4210 fertur
3447 4154 3693 4212 vulvam
3747 4171 3873 4210 cum

2228 4248 2394 4314 partu
2427 4243 2713 4313 emittere,
2735 4241 2920 4298 delira
2940 4241 3139 4298 fabula
3167 4247 3320 4298 est.»
3351 4242 3502 4299 Tum
3539 4245 3736 4314 addit,
3767 4245 3877 4300 leo-

2224 4347 2329 4388 nes
2358 4332 2534 4405 Syrias
2565 4330 2880 4403 quinquies
2911 4330 2969 4386 in
2999 4329 3123 4386 vita
3150 4347 3374 4402 parere,
3406 4332 3678 4404 primum
3711 4334 3874 4405 quin-

2223 4438 2354 4494 que,
2391 4426 2522 4493 post
2552 4437 2668 4476 uno
2717 4419 2971 4476 subinde
3018 4420 3345 4491 pauciores,
3379 4421 3603 4478 deinde
3653 4423 3877 4478 steriles

2221 4527 2430 4582 agere;
2465 4510 2564 4565 sed
2613 4511 2722 4564 hoc
2752 4508 3071 4578 generatim
3126 4510 3198 4565 de
3256 4509 3542 4565 omnibus
3582 4509 3874 4576 leonibus,

2142 4591 2189 4655 D
2220 4599 2321 4654 lib.
2353 4615 2417 4655 ιιι
2446 4600 2520 4654 De
2572 4599 2922 4670 generatione
2975 4599 3340 4668 animalium,
3399 4615 3530 4670 cap.
3597 4601 3624 4655 1
3690 4606 3751 4656 et
3794 4602 3875 4667 10,

2224 4690 2380 4744 unde
2409 4687 2635 4743 Plinius
2658 4686 2802 4742 illud
2832 4686 3076 4759 accepit,
3109 4693 3168 4743 et
3194 4687 3480 4757 lElianus,
3513 4688 3606 4744 lib
3638 4707 3720 4756 ιν,
3752 4707 3870 4760 cap.

2216 4781 2309 4845 34,
2340 4781 2414 4836 De
2452 4779 2812 4835 animalibus.
2845 4778 3169 4850 Oppianus,
3201 4778 3305 4834 lib.
3340 4796 3402 4834 ιιι
3432 4780 3710 4852 Cyneget,
3741 4781 3872 4836 Phi-

2216 4867 2516 4934 lostratus,
2551 4867 2608 4922 in
2644 4868 2766 4924 Vita
2795 4866 3102 4940 Apollonii,
3135 4866 3235 4922 lib.
3270 4884 3310 4936 ι,
3349 4883 3476 4939 cap.
3515 4869 3612 4938 16,
3645 4874 3738 4924 ter
3762 4869 3873 4924 leo-

2218 4973 2349 5013 nem
2382 4957 2442 5012 in
2472 4956 2592 5012 vita
2615 4971 2836 5028 parere,
2865 4955 3054 5028 prima
3073 4954 3197 5011 vice
3233 4959 3375 5022 tres,
3398 4957 3678 5014 secunda
3707 4958 3871 5027 duos,

2215 5047 2370 5119 quod
2394 5045 2444 5102 si
2465 5045 2661 5114 tertio,
2687 5045 2833 5100 forte
2870 5060 3078 5099 unum.
3097 5044 3344 5100 Severus
3370 5043 3707 5116 Sulpicius,
3730 5047 3868 5102 Dial.

2218 5135 2266 5203 1,
2300 5151 2424 5206 cap.
2457 5133 2512 5200 9,
2547 5133 2753 5189 scribit
2798 5133 2998 5189 Nitriae
3048 5132 3366 5189 monachos
3418 5133 3488 5188 ad
3545 5137 3869 5206 quemdam

2215 5226 2626 5283 anachoretam
2661 5224 2992 5296 pervenisse
3028 5224 3088 5278 in
3121 5224 3353 5280 deserto
3392 5225 3662 5297 Memphi
3696 5226 3868 5282 conti-

2212 5333 2347 5388 guo,
2381 5315 2481 5387 qui
2513 5313 2703 5370 leaenae
2735 5311 2944 5368 catulis
2976 5313 3238 5384 quinque
3262 5313 3430 5370 caecis
3458 5313 3671 5370 visum
3705 5313 3864 5372 resti-

2211 5405 2509 5476 tuit,quos
2538 5403 2598 5457 in
2627 5401 2907 5474 spelunca
2924 5401 3239 5458 nutriebat.
3259 5403 3414 5458 Idem
3433 5402 3761 5460 ferendum
3785 5408 3865 5459 est

454 5491 1052 5563 quoque,utestapud
1074 5490 1290 5544 Horum
1314 5489 1947 5558 Niliacum,mulierem
1972 5509 2099 5563 quae
2200 5493 2494 5565 judicium
2554 5490 2625 5546 de
2675 5490 2857 5546 altera
2895 5490 3101 5562 viperae
3159 5489 3422 5558 historia,
3468 5505 3584 5545 seu
3648 5491 3860 5556 fabula,

457 5579 637 5636 semel
663 5583 890 5635 tantum
928 5578 1154 5652 peperit
1191 5578 1523 5649 signiﬁcare
1555 5577 1836 5649 volentes,
1856 5579 2094 5636 leaanam

2209 5599 2387 5655 quam
2411 5579 2651 5649 subjicit
2671 5579 2766 5636 hic
2785 5578 3036 5635 Basilius
3057 5596 3125 5635 ex
3153 5579 3355 5635 eodem
3389 5578 3683 5637 Herodoti
3714 5582 3860 5637 fonte

456 5669 727 5738 pingunt.
784 5667 1150 5741 Epiphanius
1197 5668 1434 5724 demum
1485 5667 1689 5724 haeresi
1723 5669 1793 5723 78
1826 5685 1839 5724 :
1876 5666 1944 5724 Εἴ
1993 5670 2093 5746 γὰρ
2207 5672 2542 5736 deductam,
2563 5672 2619 5725 et
2645 5685 2713 5725 ex
2733 5669 2862 5739 ejus
2883 5667 3084 5734 lib.m,
3105 5683 3282 5740 quam
3312 5673 3370 5726 et
3401 5667 3602 5726 Horus
3635 5669 3854 5743 Apollo,
