4128 6216
277 419 428 480 1009

1432 424 1535 484 AD
1582 425 1957 486 HOMILIAS
2001 425 2082 486 IN
2127 421 2514 483 PSALMOS.

3522 422 3678 482 1010

273 551 710 625 hieroglyphico
754 555 845 622 56,
899 554 1267 634 Plutarchus,
1315 555 1417 610 lib.
1452 560 1530 611 De
1565 557 1918 626 garrulitate,
1949 559 1996 624 Α
2035 555 2234 628 pylum
2265 554 2462 626 aptius
2505 554 2952 625 interpretatum
2992 552 3050 607 in
3083 551 3374 608 veteribus
3405 552 3676 609 editioni-

275 640 515 707 Plinius,
547 640 648 696 lib.
682 660 737 710 x,
771 659 898 714 cap.
929 644 1020 710 62,
1049 644 1332 712 zElianus,
1366 644 1469 700 lib.
1505 662 1542 710 ι,
1572 661 1698 717 cap.
1729 646 1819 713 25,
1847 647 1922 701 De

271 732 627 800 animalibus,
664 735 1756 807 propagarunt.’l‘heophrastus,lib.xv,
1789 751 1915 808 cap.

273 821 359 890 16,
394 837 509 876 non
559 821 786 878 catulos
837 823 1046 894 viperae
1099 823 1357 895 parentis
1389 829 1622 880 uterum
1655 825 1917 894 exedere,

267 911 368 966 sed
403 915 651 966 matrem
687 911 835 966 uteri
885 912 1174 982 angustiis
1217 913 1586 985 compulsam
1626 913 1917 985 disrumpi

267 998 468 1054 tradit.
492 999 783 1056 Nicander
811 1001 974 1069 item,
1008 1001 1067 1056 in
1118 1001 1418 1072 Theriacis,
1451 1007 1506 1058 et
1534 1002 1917 1070 Athanasius,

267 1093 476 1160 quaest.
527 1089 599 1144 56
641 1090 712 1144 ad
757 1089 1124 1161 Antiochum,
1169 1091 1768 1164 Epiphanius,hzeresi
1824 1092 1914 1147 26.

268 1175 578 1233 Refellitur
604 1177 727 1234 haec
757 1177 1005 1235 historia
1025 1180 1316 1236 contraria
1338 1179 1695 1253 experientia
1723 1184 1780 1236 et
1809 1197 1917 1236 au-

267 1269 542 1324 ctoritate
569 1269 924 1336 Aristotelis,
956 1270 1054 1326 lib.
1087 1288 1144 1342 v,
1175 1288 1303 1344 cap.
1324 1273 1671 1341 34,Historiae
1699 1275 1914 1328 anima-

266 1357 429 1423 lium,
463 1357 564 1429 qui
609 1359 680 1414 de
731 1359 925 1430 vipera
954 1359 1063 1416 hoc
1105 1361 1284 1416 tradit
1318 1380 1331 1419 :
1365 1360 1548 1417 Τίκτει
1601 1361 1768 1434 μικρᾶ
1797 1357 1915 1435 ἔχι-

266 1441 364 1498 δνα
394 1442 448 1498 ἐν
482 1443 692 1517 ὗμέσιν,
745 1445 797 1500 οἳ
842 1445 1298 1523 περιρῥήγνυνται
1341 1454 1594 1524 τριταῖοι·
1643 1449 1813 1503 τίκτει
1859 1445 1916 1502 δὲ

263 1532 313 1586 ἐν
375 1538 473 1607 μιᾷ
521 1535 704 1608 ἡμέρᾳ
755 1536 873 1599 καθ’
911 1533 986 1590 ἔν’
1041 1561 1068 1588 ‹‹
1117 1540 1269 1595 Parit
1324 1539 1546 1595 catulos
1609 1539 1916 1595 obvolutos

263 1624 649 1694 membranis,
695 1642 822 1697 quze
876 1626 1046 1682 tertia
1084 1633 1434 1700 rumpantur
1474 1645 1487 1683 :
1523 1629 1675 1699 parit
1717 1631 1913 1683 autem

263 1715 514 1787 singulis
540 1717 749 1773 diebus
779 1716 1061 1789 singulos.
1091 1739 1112 1769 ι
1141 1717 1550 1787 Philostratus,
1571 1719 1671 1773 iib.
1706 1735 1746 1773 ιι
1775 1719 1917 1776 Vite

265 1806 568 1878 Apollonii,
613 1807 840 1875 scribit,
881 1807 1064 1863 visam
1116 1808 1375 1880 viperam
1407 1813 1732 1880 serpentes,
1766 1825 1914 1880 quos

265 1894 1174 1992 pepererat,‘lingua_lambere.
1224 1896 1498 1952 Albertus
1543 1897 1809 1992 Magnus,
1853 1897 1912 1992 in
1945 1927 1994 1992 Β

265 1985 478 2041 Histor.
525 1985 785 2056 animal.,
823 1986 917 2056 25,
947 1985 1246 2058 vulgarem
1279 2003 1610 2042 sermonem
1642 1987 1713 2042 de
1743 1991 1915 2059 partu

263 2074 477 2145 viperis
499 2079 556 2130 et
576 2072 770 2146 ipsum
795 2074 1046 2130 Plinium
1069 2073 1228 2130 velut
1257 2076 1626 2131 mendacium
1650 2092 1914 2132 asseren-

263 2166 382 2218 tem
415 2161 645 2233 irridet,
676 2179 853 2235 quem
885 2163 1241 2220 recentiores
1274 2163 1443 2220 multi
1475 2169 1823 2235 sequuntur,
1853 2169 1918 2220 ut

263 2251 509 2318 Pierius,
531 2250 635 2308 lib.
659 2268 751 2308 xiv
771 2252 1915 2325 Hieroglyphicorum,Brodwusﬂiscella-

261 2357 414 2409 near,
439 2340 547 2398 lib.
595 2358 792 2412 χχχιιι,
826 2358 951 2414 cap.
987 2342 1072 2412 11,
1115 2340 1430 2398 cardinalis
1470 2341 1728 2413 Toletus,
1760 2342 1818 2397 in
1851 2359 1914 2398 ιιι

265 2431 428 2486 Lucas
461 2430 864 2502 annot.22,qui
897 2447 1095 2488 sacros
1119 2431 1387 2486 doctores
1409 2430 1915 2504 admonet,vulga-

262 2535 385 2574 rem
419 2523 654 2575 secutos
677 2520 1035 2592 opinionem,
1052 2537 1178 2576 eam
1206 2519 1350 2576 satis
1371 2519 1483 2575 sibi
1506 2520 1913 2576 existimantes

260 2607 332 2662 ad
368 2607 816 2678 similitudines,
848 2608 1065 2680 quibus
1098 2609 1433 2675 utebantur,
1452 2608 1910 2665 concinnandas.

332 2695 458 2752 Col.
494 2698 603 2752 202
631 2702 668 2751 Β
697 2697 752 2752 8.
785 2699 850 2753 Et
887 2697 1107 2770 quidem
1153 2705 1301 2754 sunt.
1350 2698 1640 2754 Admonet
1669 2699 1912 2772 Argyro-

2029 645 2141 700 bus
2187 643 2430 698 doctiss.
2463 642 2860 698 Montacutius
2893 658 2906 696 :
2941 664 2968 692 ‹‹
3000 645 3168 697 Nunc
3210 657 3341 696 vero
3385 644 3543 711 sunt,
3577 642 3675 712 qui

2029 732 2322 790 memoria:
2351 731 2738 804 prodiderunt
2777 730 3049 786 trecentis
3081 729 3254 786 annis
3284 734 3342 786 et
3371 729 3526 785 ultra
3555 729 3672 786 ele-

2029 822 2308 893 phantem
2352 821 2560 878 vivere.
2598 843 2625 870 »
2659 817 2804 882 Τινὲς
2833 819 3130 894 ἱστοροῦσι,
3166 819 3330 888 dixit,
3363 836 3503 888 non,
3533 819 3670 881 τινὲς

2028 909 2222 966 ἴσασιν.
2268 909 2579 967 Cornarius
2615 928 2628 966 :
2668 931 2690 958 ι
2737 910 2903 966 Nunc
2945 913 3142 965 autem
3197 910 3441 965 tradunt
3489 908 3670 982 aliqui
3765 908 3774 916 ’

2025 1005 2316 1057 trecentos
2361 1017 2548 1055 annos
2596 1004 2653 1055 et
2695 998 2892 1072 plures
2935 999 3128 1055 adhuc
3171 998 3358 1055 vivere
3393 998 3668 1070 elephan-

2025 1094 2165 1146 tem.
2191 1108 2216 1140 ιι
2256 1088 2623 1159 Eustathius,
2654 1110 2682 1139 «
2715 1087 2900 1144 fertur
2927 1093 3124 1144 autem
3151 1086 3532 1159 elephantum
3563 1091 3672 1145 tre-

2025 1183 2246 1236 centos.
2280 1200 2310 1228 »
2345 1180 2488 1234 [tem
2519 1177 2664 1233 illud
2697 1177 2851 1250 quod
2888 1176 3174 1249 sequitur,
3207 1172 3298 1230 διὰ
3333 1179 3494 1231 τοῦτο
3525 1197 3667 1249 συμ-

2024 1267 2299 1340 πεπηγός,
2326 1283 2441 1323 non
2467 1266 2708 1323 ail‘ertur
2738 1283 2771 1322 a
2801 1265 3011 1323 Basilio
3058 1269 3339 1340 tanquam
3373 1266 3668 1323 diuturni-

2023 1357 2162 1413 tatis
2212 1357 2341 1412 vitaa
2373 1373 2573 1426 causa,
2617 1360 2680 1412 ut
2727 1356 3060 1429 interpretis
3107 1357 3285 1413 verba
3331 1360 3564 1428 sonant,
3613 1361 3670 1414 et

2024 1446 2144 1502 haec
2175 1446 2460 1502 Ambrosii
2494 1463 2507 1502 :
2544 1469 2572 1498 ‹‹
2600 1446 2768 1502 Nunc
2812 1450 3005 1502 autem
3055 1449 3111 1501 et
3149 1447 3427 1503 trecentis
3457 1450 3513 1503 et
3543 1463 3666 1502 am-

2023 1536 2178 1608 plius
2211 1535 2477 1592 feruntur
2505 1535 2892 1591 annisvitam
2912 1535 3256 1606 producere,
3285 1536 3422 1606 quia
3469 1536 3669 1594 omnia

2025 1625 2138 1681 sibi
2170 1625 2242 1680 ad
2293 1624 2760 1697 magnitudinem
2811 1625 3076 1680 membra
3113 1624 3467 1681 conveniunt
3499 1643 3513 1693 ;
3550 1650 3571 1679 ι
3609 1631 3668 1682 et

2023 1714 2146 1769 haec
2175 1714 2437 1770 (‘ornarii
2470 1732 2481 1770 :
2517 1737 2546 1764 «
2579 1714 2818 1786 Propter
2863 1713 3015 1769 hanc
3045 1718 3281 1769 artuum
3323 1730 3667 1786 compagem

2027 1803 2221 1860 nullos
2253 1802 2530 1860 articulos
2563 1803 2874 1859 habentem
2911 1819 2924 1856 :
2962 1824 2990 1853 ››
3021 1803 3122 1858 sed
3173 1804 3278 1859 hoc
3310 1803 3665 1876 signiﬁcant,

2025 1910 2158 1948 cum
2193 1893 2294 1948 diu
2328 1893 2502 1961 vivat,
2532 1893 2748 1948 idcirco
2783 1891 3106 1964 compactis
3135 1897 3191 1948 et
3219 1909 3334 1948 non
3375 1892 3669 1949 distinctis

2028 1981 2310 2038 membris
2339 1999 2472 2038 eum
2524 1981 2829 2054 praeditum
2885 1996 3034 2037 esse.
3086 1981 3188 2038 Hic
3233 1997 3372 2055 ergo
3411 1982 3670 2039 scriben-

2026 2072 2190 2138 dum,
2227 2092 2255 2122 «
2285 2070 2379 2126 his
2428 2075 2591 2127 tanto
2640 2069 2858 2142 plures,
2909 2075 3215 2143 propterea
3261 2076 3566 2144 compacta
3613 2076 3670 2128 et

2025 2159 2205 2216 nullis
2237 2159 2502 2216 articulis
2552 2161 2832 2216 distincta
2864 2165 3004 2216 sunt
3043 2161 3172 2232 ejus
3206 2161 3491 2217 membra.
3527 2182 3555 2211 »
3588 2161 3668 2216 De

2023 2250 2392 2322 longaevitate
2421 2249 2717 2322 elephanti
2749 2248 3110 2318 Aristoteles,
3141 2248 3244 2304 lib.
3277 2266 3400 2319 vm,
3424 2265 3474 2306 c.
3501 2250 3558 2317 9,
3591 2250 3666 2305 De

2023 2341 2216 2396 histor.
2249 2340 2506 2396 animal.:
2539 2338 2648 2395 Τὸν
2699 2333 2746 2392 δ’
2788 2335 3052 2414 ἐλέφαντα
3102 2339 3198 2410 ζῇν
3249 2357 3406 2411 φασιν
3461 2335 3512 2390 οἰ
3569 2337 3664 2410 μὲν

2023 2426 2147 2502 περὶ
2209 2422 2301 2497 ἔτη
2363 2423 2648 2498 διακόσια,
2703 2427 2755 2480 o't
2815 2423 2872 2480 δὶ
2926 2425 3231 2498 τριακόσια·
3290 2449 3320 2478 ‹‹
3379 2426 3667 2499 Elephan-

2025 2522 2140 2575 tem
2182 2516 2280 2574 alii
2325 2534 2512 2573 annos
2542 2517 2772 2572 circiter
2818 2517 3104 2573 ducentos
3133 2516 3322 2572 vivere
3352 2515 3539 2586 aiunt,
3571 2515 3669 2572 alii

2022 2610 2334 2663 trecentos.
2370 2629 2399 2656 »
2423 2606 2582 2663 Idem
2611 2605 2856 2673 Plinius,
2881 2605 2982 2663 lib.
3016 2623 3116 2662 vui
3147 2607 3375 2677 Ηίθεοι,
3417 2621 3544 2678 cap.
3582 2606 3668 2673 10,

2022 2702 2079 2754 et
2109 2697 2394 2770 IElianus,
2418 2697 2520 2754 lib.
2554 2714 2692 2771 xvu,
2723 2714 2851 2771 cap.
2882 2699 2937 2754 7.

1140 2991 1269 3086 IN
1337 2991 1939 3086 HOMILIAS
2008 2934 2137 3088 IN
2207 2989 2802 3086 PSALMOS.

328 3330 582 3388 001.211
619 3332 659 3387 Β
695 3331 757 3388 14
794 3333 900 3390 Aut
941 3337 1104 3392 certe.
1149 3335 1208 3392 S.
1258 3334 1619 3407 Augustinus
1663 3333 1722 3389 in
1764 3337 1906 3390 Pro-
1940 3335 1982 3403 C
2019 3351 2229 3390 xxxu:«
2249 3333 2596 3391 Psalterium
2619 3334 2934 3390 desursum
2955 3331 3134 3388 habet
3161 3330 3669 3403 cavamen,predi-

255 3419 394 3492 logo
429 3422 489 3475 in
522 3421 792 3488 Psalmos,
813 3420 904 3478 vel
926 3423 1200 3495 quisquis
1230 3423 1325 3480 ille
1355 3423 1570 3495 est,qui
1604 3422 1911 3496 Prologum

256 3509 422 3566 hunc
453 3527 484 3566 e
516 3509 712 3567 Graeco
744 3511 937 3567 Basilii
987 3513 1188 3569 Latine
1236 3513 1602 3582 convertit,et
1632 3513 1690 3569 S.
1727 3518 1915 3583 Augu-

253 3598 402 3654 stini
436 3598 782 3655 tractatibus
824 3602 886 3656 in
933 3601 1178 3657 Psalmos
1205 3602 1475 3674 praeﬁxit,
1510 3617 1683 3674 quem
1715 3605 1911 3657 tamen

250 3685 519 3758 theologi
540 3687 929 3744 Lovanienses
945 3687 1004 3743 in
1025 3690 1444 3763 manuscriptis
1463 3689 1761 3745 codicibus
1784 3690 1912 3760 ejus

253 3791 508 3848 aperum
541 3792 656 3831 non
690 3777 1220 3847 receperunt,hunc
1249 3777 1442 3834 locum
1468 3778 1550 3834 ita
1571 3779 1911 3850 interpreta-

251 3870 356 3921 tus
390 3868 520 3932 est;
554 3881 669 3920 non
705 3870 767 3920 ut
787 3865 1153 3936 Tilmannus,
1180 3890 1208 3919 «
1238 3867 1325 3924 vel
1347 3873 1502 3925 certe
1523 3885 1751 3924 morum
1785 3885 1908 3924 ma-

248 3954 502 4009 turitate
533 3954 796 4009 nondum
824 3953 1251 4012 incanuerunt:
1279 3979 1308 4006 ››
1331 3961 1581 4030 possunt
1604 3955 1759 4012 enim
1785 3973 1910 4012 ma-

249 4043 506 4099 turitate
537 4060 768 4099 morum
799 4044 976 4100 etiam
1009 4062 1125 4101 non
1160 4062 1330 4102 senes
1361 4045 1908 4118 pollere,etjuveni-

249 4131 329 4187 lis
373 4135 520 4187 etas
568 4131 946 4204 exprimenda
990 4133 1122 4190 fuit.
1153 4135 1468 4192 Cornarius
1497 4135 1700 4200 edidit,
1731 4158 1758 4185 (ι
1794 4151 1907 4206 quo

247 4219 427 4292 pueri
454 4222 752 4286 aetate,aut
779 4221 955 4276 etiam
978 4222 1216 4278 omnino
1248 4224 1534 4279 moribus.
1559 4245 1588 4273 »
1613 4227 1799 4294 Atque
1822 4222 1906 4278 hze

246 4307 532 4380 genuinas
562 4313 704 4364 sunt
733 4313 789 4364 et
832 4309 1106 4382 legitimis
1138 4309 1391 4367 homiliis
1423 4311 1622 4368 Basilii
1653 4311 1712 4368 in
1745 4311 1905 4368 Psal-

247 4413 412 4467 mos,
448 4413 515 4452 ex
545 4395 763 4468 quibus
806 4397 864 4453 in
917 4399 1134 4455 Catena
1179 4399 1388 4456 Nicetes
1431 4400 1820 4457 Heracliensis
1852 4405 1909 4457 et

242 4485 390 4542 aliis
422 4485 724 4542 similibus
767 4487 1041 4560 decerpta
1087 4489 1416 4562 fragmenta
1468 4491 1741 4560 citantur,
1789 4507 1905 4547 non

242 4575 400 4631 item
432 4573 536 4630 illa
581 4574 804 4632 scholia
847 4577 909 4633 in
954 4579 1231 4646 Psalmos,
1278 4580 1424 4637 falso
1470 4580 1555 4636 illi
1599 4581 1901 4652 attributa,

241 4681 384 4769 quae
413 4663 474 4769 in
502 4663 724 4722 Latinis
753 4665 1109 4769 editio‘nibus
1139 4669 1213 4724 ad
1244 4668 1459 4769 caleem
1490 4668 1623 4769 libri
1654 4670 1904 4769 subiun-
1935 4703 1983 4769 D

239 4753 572 4825 gebantur,
613 4771 858 4827 quaeque
890 4755 1032 4812 alibi
1073 4758 1416 4815 monuimus
1446 4775 1515 4815 ex
1555 4759 1818 4816 homiliis
1847 4760 1907 4814 in

238 4842 509 4898 Psalmos
538 4841 601 4898 B.
631 4842 802 4900 Joan.
835 4844 1234 4918 Chrysostomi
1264 4847 1324 4903 in
1365 4848 1780 4920 compendium
1813 4865 1906 4904 re-

238 4929 471 4999 dactis,
504 4933 561 4986 et
588 4935 1006 4991 commentario
1036 4933 1374 4994 Theodoreti
1405 4938 1463 4994 in
1493 4938 1726 4996 eosdem
1757 4937 1903 4994 Psal-

236 5035 372 5076 mo:
403 5034 535 5075 esse
565 5021 986 5080 consarcinata.

317 5107 454 5165 Col.
483 5109 590 5164 214
619 5112 676 5166 C.
712 5111 960 5185 Supeme
999 5119 1286 5174 attactum.
1317 5116 1443 5173 Non
1487 5115 1595 5173 hoc
1622 5117 1745 5174 vult
1793 5118 1900 5174 Ba-

232 5197 456 5264 silius,
487 5197 547 5254 in
581 5202 868 5273 superiori
910 5208 1074 5276 parte
1121 5205 1281 5279 tangi
1326 5205 1588 5278 psalterii
1632 5205 1898 5275 chordas,

234 5287 351 5343 sed
393 5287 453 5341 in
488 5289 774 5359 superiori
828 5299 991 5362 parte
1039 5309 1291 5350 concava
1334 5309 1545 5351 sonum
1583 5295 1900 5368 eﬂ'ormari,

232 5380 307 5431 ut
341 5391 420 5430 ex
452 5375 606 5430 Beda
651 5383 882 5435 constat
914 5379 973 5435 in
1006 5382 1436 5439 Commentario
1489 5384 1550 5438 in
1605 5385 1851 5442 Psalmos
1881 5404 1900 5444 :

235 5487 260 5513 ι
304 5461 672 5520 Psalterium
720 5467 1014 5524 musicum
1062 5469 1522 5528 instrumentum
1554 5473 1625 5528 ad
1658 5475 1898 5532 modum

224 5550 462 5608 litterae
492 5550 679 5624 Delta,
726 5571 852 5627 quas
893 5557 1250 5632 triangulata
1277 5564 1385 5628 est,
1416 5561 1760 5632 formatum;
1795 5582 1898 5620 su-

228 5655 440 5713 perne
468 5639 696 5699 habens
721 5649 982 5702 ventrem
1015 5663 1386 5704 concavum.»
1413 5649 1619 5708 Hausit
1643 5652 1752 5709 hoc
1784 5655 1896 5710 for-

227 5733 419 5788 tasse
447 5729 603 5787 Beda
624 5749 692 5789 ex
712 5733 1142 5794 Commentario
1175 5737 1505 5810 Hieronymi
1538 5741 1597 5796 in
1619 5739 1899 5815 psalmum

2023 3423 2174 3480 catio
2205 3421 2457 3480 caelestis
2485 3421 2573 3478 vel
2599 3422 2878 3478 mandata
2897 3419 3311 3494 intelliguntur
3339 3420 3399 3477 in
3420 3421 3670 3490 sanctis,

2023 3529 2151 3582 qua:
2199 3512 2271 3568 de
2313 3512 2586 3584 supernis
2616 3510 2858 3567 veniunt
2887 3528 2900 3567 ι
2934 3510 3159 3568 cithara
3187 3509 3461 3566 deorsum
3491 3508 3670 3566 habet

2023 3616 2322 3658 cavamen.
2347 3623 2375 3652 »
2401 3600 2553 3666 Quin
2581 3599 2759 3656 etiam
2792 3599 2928 3656 hinc
2962 3599 3176 3656 allucet
3205 3598 3516 3671 explicatio
3547 3614 3667 3654 ver-

2022 3689 2114 3744 bis
2141 3689 2310 3746 Joan.
2344 3689 2740 3762 Chrysostomi
2773 3690 2834 3744 in
2865 3689 3132 3757 Psalmos,
3165 3705 3290 3760 quas
3322 3690 3668 3759 repetuntur

2020 3777 2198 3834 etiam
2249 3778 2322 3833 ab
2369 3777 2680 3850 Euthymio
2715 3794 2727 3832 :
2764 3773 3083 3848 Ψαλτήριον
3131 3779 3239 3830 τῶν
3289 3773 3520 3829 ἐντατῶν
3566 3774 3660 3846 μὲν

2017 3865 2105 3935 ἦν,
2136 3863 2284 3934 πλὴν
2335 3860 2536 3940 ὄρθιον,
2583 3865 2672 3919 καὶ
2720 3863 2920 3920 ἄνωθεν
2968 3865 3083 3938 εἶχε
3129 3868 3237 3918 τῶν
3279 3862 3535 3940 φθόγγων
3565 3862 3661 3924 τὰς

2020 3953 2287 4032 ἀφορμάς·
2321 3979 2342 4006 ι
2371 3955 2720 4012 Psalterium
2751 3955 2822 4011 ad
2845 3955 2902 4010 id
2923 3970 3110 4027 genus
3133 3953 3662 4009 instrumentorum

2019 4045 2272 4116 pertinet
2319 4062 2442 4116 quae
2485 4044 2875 4101 intenduntur
2907 4059 2920 4100 :
2953 4047 3043 4099 est
3071 4046 3269 4098 autem
3323 4046 3572 4109 arctum,
3605 4045 3664 4096 et

2017 4149 2266 4205 superne
2318 4149 2526 4190 causas
2585 4133 2780 4203 habet,
2834 4132 2989 4188 unde
3039 4146 3207 4186 voces
3253 4130 3562 4186 emittat.»
3596 4128 3659 4185 In

2019 4223 2298 4295 procemio
2330 4223 2485 4295 quod
2515 4223 2704 4279 eidem
2729 4221 3142 4295 Chrysostomo
3163 4218 3442 4276 tribuitur
3461 4217 3658 4274 obser-

2016 4316 2214 4367 vatum
2248 4315 2356 4384 est,
2389 4312 2543 4384 quod
2592 4311 2768 4368 etiam
2800 4327 2834 4366 a
2881 4309 3176 4382 plerisque
3212 4307 3656 4377 resentioribus,

2016 4401 2118 4472 qui
2148 4400 2611 4458 Commentarios
2637 4400 2948 4457 ediderunt
2978 4401 3042 4457 in
3072 4399 3340 4466 Pealmos,
3373 4397 3656 4470 approba-

2015 4493 2132 4560 tur,
2167 4491 2321 4562 quod
2353 4491 2510 4563 apud
2531 4494 2758 4547 Graecos
2791 4488 3230 4562 psalterium,ab
3262 4486 3518 4544 Hebreis
3550 4503 3660 4542 na-

2014 4579 2173 4634 blam
2204 4579 2317 4634 dici
2346 4579 2433 4636 vel
2452 4579 2648 4652 potius
2702 4565 2804 4642 5:1:
2832 4579 2985 4635 nevel
3005 4594 3018 4634 :
3042 4582 3099 4634 et
3117 4594 3259 4635 sane
3281 4575 3423 4633 LXX
3443 4575 3659 4648 saepius

2016 4668 2316 4724 Hebraaam
2373 4685 2570 4724 vocem
2628 4667 2789 4724 illam
2820 4666 2882 4721 τὸ
2929 4663 3232 4740 ψαλτήριον
3288 4669 3546 4736 vertunt,
3596 4668 3660 4720 ut

2013 4757 2242 4830 psalmo
2299 4774 2410 4830 LVI,
2473 4758 2559 4824 11,
2613 4755 2953 4832 Ἐξεγὲροητι
2987 4798 3002 4826 ,
3061 4753 3364 4830 ψαλτήριον
3423 4753 3512 4809 καὶ
3572 4773 3657 4807 κι-

2013 4845 2168 4920 θάρα,
2210 4848 2477 4917 Exsurge,
2524 4847 2854 4916 psalterium
2899 4853 2953 4902 et
2996 4844 3212 4901 cithara
3243 4853 3339 4915 ;et
3386 4843 3651 4918 psa1.cr.,

2011 4936 2046 4991 3
2078 4977 2092 5005 ,
2153 4933 2363 4990 Αἷνιῖτε
2409 4934 2570 4989 αὐτὸν
2635 4933 2688 4989 ἰν
2737 4930 3029 5009 ψαλτηρίῳ
3076 4931 3165 4987 καὶ
3213 4931 3452 5008 κιθάρᾳ,
3509 4933 3654 4988 Lau-

2009 5025 2133 5082 dele
2187 5042 2313 5081 eum
2367 5025 2428 5081 in
2479 5025 2746 5096 psalterio
2793 5026 2846 5080 et
2883 5023 3098 5080 cithara
3129 5044 3144 5093 ;
3177 5023 3236 5079 in
3269 5023 3481 5095 quibus
3510 5020 3653 5076 locis

2007 5114 2170 5187 prius
2199 5099 2302 5178 5:1:
2319 5113 2530 5172 deinde
2557 5123 2680 5177 nu:
2697 5113 2896 5170 kinnor
2949 5113 3206 5185 ponitur.
3235 5110 3457 5184 Saepius
3513 5107 3652 5176 dixi,

2010 5204 2150 5277 quia
2180 5222 2296 5260 non
2342 5220 2596 5276 semper,
2629 5203 2732 5259 sed
2760 5202 3078 5274 aliquando
3110 5201 3231 5257 vice
3255 5217 3439 5270 versa,
3474 5197 3651 5270 priori

2007 5291 2132 5350 loco
2187 5294 2340 5351 nevel
2395 5290 2591 5369 κιθάρα
2623 5337 2638 5365 ,
2697 5290 3004 5366 posteriori
3079 5290 3283 5346 hinnor
3345 5285 3646 5361 ψαλτήριον

2008 5383 2203 5442 Graece
2257 5385 2517 5454 eﬂ‘ertur,
2579 5389 2644 5441 ut
2700 5382 2929 5458 psalmo
2984 5397 3157 5450 Lxxx,
3213 5383 3268 5446 2,
3329 5375 3647 5453 Ψαλτήριον

2006 5474 2235 5548 τερπνὸν
2289 5473 2422 5548 μετᾶ
2471 5474 2717 5550 κιθάρας,
2767 5474 3099 5531 Psalterium
3156 5468 3467 5544 jucundum
3525 5485 3651 5524 cum

2006 5563 2227 5619 cithara
2259 5581 2271 5619 :
2307 5569 2363 5620 et
2394 5563 2638 5620 Genesis
2667 5579 2741 5632 Iv,
2767 5564 2856 5631 21,
2890 5561 2990 5616 ubi
3009 5559 3263 5631 Vulgata
3285 5576 3298 5618 :
3322 5583 3350 5612 «
3386 5563 3514 5634 Ipse
3542 5559 3654 5616 fuit

2007 5657 2174 5726 pater
2199 5654 2535 5710 canentium
2586 5653 2810 5708 cithara
2853 5654 2910 5705 et
2955 5664 3196 5720 organo.
3230 5675 3259 5702 »
3288 5651 3449 5709 LXX.
3474 5648 3650 5712 Οὗτος

2007 5740 2036 5796 ὁ
2104 5737 2418 5812 καταδείξας
2492 5739 2796 5813 ψαλτήριον
2869 5734 2957 5792 καὶ
3031 5736 3257 5814 κιθάραν
3311 5781 3327 5810 ,
3389 5743 3486 5798 ﬂio
3539 5743 3651 5813 fuit
