4120 6230
397 409 552 468 1011

1580 405 1814 466 NOT/E
1858 402 2309 466 FRONTONIS
2354 402 2614 464 DUGEI

3657 399 3819 459 1012

400 539 505 605 Qui
536 536 768 592 ostendit
826 537 1155 608 psalterium
1196 549 1249 591 et
1291 537 1587 593 citharam.
1634 535 1912 591 Hebraice
1958 539 2047 590 est
2073 533 2132 602 Α
2161 537 2358 605 pserat
2387 533 2545 589 enim
2581 549 2594 587 :
2633 550 2657 580 ι
2692 536 2834 587 Nam
2869 547 2988 588 una
3008 531 3195 586 virtus
3217 505 3412 585 viri'et
3441 527 3673 584 femine
3707 535 3821 584 est.

399 636 556 689 2:13.71
607 636 727 685 'm:
766 625 968 680 kinnor
994 626 1331 694 eeghougab,
1377 626 1528 695 quod
1561 626 1799 680 tertium
1833 624 2048 678 instru-

406 715 586 769 menti
622 714 828 769 musici
878 731 1064 786 genus
1113 714 1430 785 aliquando
1477 711 1673 783 κιθάρα
1719 713 1956 778 dicitur,
1989 715 2054 765 ut

408 802 517 857 hoc
577 803 820 858 Genesis
864 803 1009 870 loco,
1061 802 1377 874 aliquando
1429 800 1756 874 ψαλτήριον,
1801 806 1865 856 ut
1914 804 2051 854 Eze-

409 892 612 946 chielis
662 909 858 958 χχχιιι,
893 894 984 957 32,
1029 892 1116 953 Ὡς
1166 891 1320 966 φωνὴ
1370 888 1699 964 ψαλτηρίου,
1733 895 1789 945 et
1829 889 2052 961 psalmo

411 996 494 1049 CL,
547 981 598 1047 4,
641 981 928 1054 Ὅργανονο
965 982 1265 1052 Urga‘num.
1314 981 1476 1044 Quod
1534 981 1713 1053 igitur
1771 979 1878 1033 hoc
1929 977 2054 1032 loco

412 1067 666 1123 Basilius
698 1070 769 1123 de
798 1070 987 1124 forma
1019 1069 1278 1140 psalterii
1308 1074 1526 1135 narrat,
1545 1069 1630 1124 sic
1651 1066 2053 1138 accipiendum

415 1162 718 1224 censeo,ut
744 1157 796 1212 ei
827 1158 1025 1228 generi
1068 1157 1276 1212 musici
1320 1157 1696 1213 instrumenti
1727 1153 2055 1221 conveniat,

416 1245 570 1314 quod
602 1247 758 1316 aqud
790 1246 1018 1301 Graecos
1048 1247 1106 1300 in
1141 1263 1249 1300 usu
1281 1253 1424 1310 erat,
1449 1251 1505 1301 et
1533 1241 1836 1318 ψαλτήριον
1870 1243 1941 1298 ab
1973 1242 2058 1296 eis

413 1334 780 1389 vocabatur:
812 1353 885 1390 an
932 1351 1066 1390 vero
1117 1335 1301 1390 nablas
1347 1335 1670 1402 conveniat,
1719 1333 1840 1389 sive
1892 1330 2060 1387 alteri

413 1421 788 1477 Hebraeorum
821 1423 1235 1490 instrumento,
1268 1439 1383 1478 non
1417 1424 1496 1478 ita
1533 1428 1756 1478 certum
1784 1425 1895 1491 est,
1923 1435 2057 1474 cum

413 1511 584 1565 nobis
615 1527 730 1566 non
781 1519 936 1567 certo
983 1516 1230 1577 constet,
1281 1529 1352 1566 an
1402 1513 1606 1567 eadem
1659 1510 1831 1565 t'uerit
1872 1511 2060 1564 forma

411 1599 672 1670 psalterii
702 1605 760 1654 et
780 1599 1127 1654 nablae.cum
1159 1617 1192 1654 a
1223 1600 1446 1655 cithara
1477 1599 1818 1670 psalterium
1849 1598 2058 1652 distin-

412 1692 597 1757 guant
625 1688 967 1758 scriptores,
1001 1693 1058 1743 et
1086 1694 1281 1744 tamen
1330 1688 1720 1760 Septuaginta
1764 1686 1921 1742 varia
1950 1686 2058 1741 He-

414 1775 704 1830 braeorum
757 1777 1151 1832 instrumenta
1201 1794 1354 1832 nunc
1399 1777 1659 1849 psalterii
1707 1775 2059 1847 exprimant,

416 1879 573 1917 nunc
602 1863 838 1919 citharae
878 1865 1153 1920 dictione.
1180 1867 1289 1920 Sed
1323 1872 1388 1920 ut
1418 1867 1491 1921 ad
1523 1865 2059 1937 interpretationem

419 1951 728 2008 redeamus
761 1953 978 2020 Basilii,
1001 1970 1067 2008 ea
1089 1954 1473 2025 concipienda
1502 1955 1731 2009 videtur
1751 1953 1844 2009 his
1875 1951 2064 2008 verbis

420 2041 718 2095 Ccrnarii:
753 2064 780 2091 ‹‹
831 2041 977 2097 Nam
1027 2043 1261 2098 citharae
1304 2059 1372 2099 ac
1418 2042 1551 2116 lyre
1583 2060 1660 2098 aes
1708 2059 1775 2097 ex
1805 2041 2066 2098 inferiori

421 2133 586 2201 parte
615 2129 688 2183 ad
721 2128 1007 2201 plectrum
1056 2132 1319 2187 sonitum
1349 2133 1470 2188 edit
1497 2150 1516 2187 :
1548 2133 1657 2187 hoc
1687 2147 1817 2187 vero
1849 2129 2066 2202 psalte-

421 2219 579 2273 rium
611 2225 1002 2275 concentuum
1050 2221 1369 2277 concordia:
1418 2238 1628 2278 causas
1675 2239 1744 2277 ex
1773 2219 2064 2294 superiori

421 2312 587 2378 parte
633 2307 826 2363 habet.
864 2330 891 2357 »
921 2313 977 2363 S.
1019 2311 1394 2381 Augustinus
1445 2311 1683 2366 demum
1714 2310 1974 2366 scribens
2004 2309 2065 2364 in

417 2395 696 2466 psalmum
726 2413 838 2462 va,
866 2402 924 2453 et
953 2398 1012 2452 in
1062 2397 1228 2464 illud,
1260 2401 1526 2470 Exsurge,
1573 2400 1924 2471 psalterium,
1955 2398 2062 2452 dif-

421 2484 733 2540 ferentiam
763 2484 926 2540 illam
959 2485 1220 2558 psalterii
1251 2493 1306 2543 et
1337 2488 1570 2544 citharae
1603 2489 1689 2544 sic
1719 2486 2068 2558 explicat,ut

419 2571 616 2627 Basilii
637 2573 1013 2645 interpretem
1033 2581 1202 2648 agat:
1228 2599 1256 2626 «
1277 2577 1631 2633 Psalterium
1649 2582 1738 2632 est
1759 2592 2065 2647 organum,

421 2663 577 2732 quod
610 2663 849 2733 quidem
883 2665 1157 2720 manibus
1181 2665 1365 2720 fertur
1389 2665 1789 2738 percutientis,
1821 2671 1878 2720 et
1906 2664 2068 2720 chor~

417 2750 525 2806 das
555 2750 840 2807 distentas
864 2751 1071 2808 habet:
1095 2754 1197 2808 sed
1229 2753 1398 2808 illum
1431 2754 1645 2821 locum,
1679 2754 1832 2808 unde
1852 2769 2066 2808 sonum

419 2838 721 2912 accipiunt
767 2839 1020 2909 chorda,
1054 2841 1200 2897 illud
1242 2858 1561 2899 concavum
1608 2842 1858 2915 lignum,
1911 2841 2065 2913 quod

421 2929 636 2999 pendet
666 2932 723 2985 et
750 2933 970 2986 tactum
1003 2937 1261 3000 resonat,
1293 2933 1434 3003 quia
1476 2932 1729 3004 concipit
1759 2947 1975 3001 aerem,
2006 2930 2067 2984 in

425 3017 729 3089 superiore
757 3024 925 3090 parte
955 3019 1148 3076 habet.
1181 3040 1208 3072 υ

497 3151 617 3206 Col.
676 3152 784 3205 215
836 3153 874 3207 Β
925 3156 980 3208 2.
1043 3155 1107 3211 Ut
1163 3156 1336 3210 oculis
1382 3157 1560 3211 ultra.
1613 3152 2068 3226 Ὺπερκύπτοντες

427 3235 630 3334 ’πόνους
661 3238 828 3308 dixit,
862 3242 1017 3334 quod
1049 3241 1148 3296 alii
1191 3249 1457 3334 auctores
1509 3244 1677 3334 aliter
1696 3243 2070 3334 extulissent,
2101 3267 2145 3334 ρ

431 3324 858 3399 ὑπερκύπτοντες
903 3327 1104 3397 πόνων,
1154 3336 1221 3386 ut
1270 3333 1329 3386 in
1377 3333 1554 3387 veteri
1597 3331 1800 3400 lexico,
1834 3329 2068 3403 ὑπερκύ-

425 3434 558 3469 πτον
589 3419 685 3469 τοῦ
708 3412 900 3470 ὕδατος
933 3414 1169 3494 φύλλον,
1199 3441 1227 3468 ‹‹
1256 3419 1459 3474 folium
1491 3424 1653 3474 extra
1682 3435 1893 3490 aquam
1923 3419 2067 3473 emi-

423 3520 590 3560 nens.
626 3526 654 3554 »
678 3505 924 3561 Budaeus
953 3511 1149 3561 tamen
1181 3508 1239 3561 in
1281 3508 1703 3563 Commentariis
1733 3507 1873 3562 citat
1903 3506 2067 3562 simi-

420 3591 533 3646 lem
568 3591 761 3648 locum
787 3593 966 3664 hujus
989 3595 1170 3650 nostri
1195 3597 1452 3652 auctoris
1475 3595 1674 3650 homil.
1702 3600 1776 3652 De
1800 3597 2021 3650 invidia
2047 3612 2060 3649 :

415 3677 597 3742 Ὅλως
647 3677 704 3735 δὲ
753 3682 1061 3756 ὑπερκύψας
1109 3687 1188 3756 τῷ
1236 3681 1486 3760 λογισμῷ
1526 3684 1928 3758 τᾶἇνθρώπινα,
1970 3685 2057 3738 καὶ

410 3767 547 3843 πρὸς
589 3769 650 3823 τὸ
700 3770 872 3832 ὅντως
917 3770 1084 3826 καλὸν
1137 3771 1225 3826 καὶ
1280 3772 1552 3828 ἐπαινετὸν
1605 3770 1843 3827 ἀπιδών·
1889 3797 1917 3824 ‹‹
1952 3775 2058 3841 Qui

413 3863 608 3915 mente
639 3867 692 3916 et
733 3861 1080 3933 cogitatione
1112 3879 1173 3919 se
1217 3863 1527 3920 sustulerit
1572 3879 1752 3934 supra
1780 3862 2058 3931 humana,

410 3953 465 4003 et
490 3948 560 4004 ad
582 3965 774 4005 veram
801 3949 1300 4022 pulchritudinem
1319 3951 1668 4024 laudemque
1688 3968 1750 4007 se
1767 3955 2060 4007 converte-

408 4035 504 4092 rit.
540 4058 568 4086 »
601 4037 749 4094 Male
780 4038 962 4111 igitur
988 4044 1239 4097 verterat
1289 4041 1577 4113 interpres
1620 4041 1730 4096 hoc
1758 4039 1904 4106 loco,
1937 4064 1964 4090 α
1996 4043 2060 4095 ut

404 4123 731 4194 laboribus,
765 4127 906 4182 dum
939 4127 998 4182 in
1029 4129 1304 4185 manibus
1336 4134 1494 4200 sunt,
1519 4129 1834 4200 velutijam
1864 4132 2058 4184 trans-

408 4213 630 4282 missis,
663 4219 786 4270 tota
814 4221 1008 4272 mente
1035 4219 1106 4273 ad
1140 4218 1312 4273 bona.
1357 4241 1384 4268 ››
1419 4217 1678 4273 Similem
1701 4214 2054 4273 sententiam

406 4303 652 4374 protulit
699 4305 1155 4377 Chrysostomus
1211 4307 1467 4364 homil.8
1496 4310 1570 4380 De
1615 4309 1960 4376 paenitentia.
1995 4323 2052 4378 p.

402 4392 510 4444 (392
540 4392 680 4446 edit.
720 4393 877 4449 Paris
910 4411 923 4448 :
953 4395 1049 4447 "Av
1083 4394 1177 4467 μὶν
1204 4395 1304 4470 γὰρ
1327 4395 1420 4449 τὸν
1448 4393 1612 4448 πόνον
1643 4390 1759 4468 ἴδῃς
1785 4398 1893 4448 τῶν
1926 4415 2054 4448 κατ-

402 4480 760 4551 ορθωμάτων,
809 4480 944 4554 βαρὺ
994 4483 1083 4536 καὶ
1137 4483 1414 4561 φορτικόν·
1463 4481 1522 4537 ἂν
1576 4481 1633 4537 δὲ
1679 4483 1780 4551 τὴν
1812 4480 2050 4555 ἀμοιϐήν

400 4563 543 4640 ἴδῃς,
575 4571 778 4643 κοῦφον
807 4569 898 4624 καὶ
953 4570 1144 4646 ῥᾷστον
1189 4574 1251 4627 τὸ
1300 4573 1678 4648 προκείμενον*
1717 4596 1745 4624 ‹‹
1773 4575 1866 4629 Sic
1894 4575 2049 4631 enim

399 4655 659 4711 laborem
703 4664 1095 4730 prospexeris,
1153 4679 1326 4734 grave
1376 4668 1550 4735 atque
1599 4679 1952 4730 onerosum;
2000 4663 2046 4718 si

394 4759 528 4799 vero
559 4746 1005 4804 retributionem
1055 4750 1542 4818 consideraveris,
1589 4751 1714 4807 leve
1758 4755 1816 4807 et
1857 4750 2044 4822 facile,

395 4833 548 4903 quod
583 4837 948 4907 proponitur.
990 4861 1012 4890 ι

467 4967 614 5023 Ibid.
645 4968 685 5024 Β
719 4969 802 5026 13.
829 4971 1006 5039 Quam
1034 4974 1196 5030 nulla
1225 4976 1469 5045 attingit.
1494 4972 1673 5046 Atqui
1705 4973 1928 5030 dixerat
1955 4973 2044 5029 in-

395 5058 645 5127 terpres,
672 5079 701 5106 »
733 5057 896 5115 nulla
925 5076 1052 5116 eam
1088 5063 1322 5135 attingit
1350 5063 1461 5119 loci
1494 5061 1910 5135 permutatio.»
1947 5061 2044 5118 Ve-

395 5148 730 5203 rumtamen
762 5164 877 5204 non
911 5148 1022 5205 loci
1054 5157 1308 5220 tantum,
1338 5153 1438 5208 sed
1464 5169 1567 5208 nec
1590 5150 1769 5206 ullius
1800 5150 1880 5206 rei
1914 5167 2044 5206 mu-

397 5235 680 5292 tationem
714 5238 1030 5310 experitur.
1063 5239 1290 5296 Alludit
1319 5241 1474 5296 enim
1499 5241 1571 5297 ad
1605 5240 1747 5296 illud
1777 5239 1978 5296 Jacobi
2002 5257 2042 5308 1,

395 5326 498 5380 17:
532 5349 560 5376 «
586 5329 756 5400 Apud
791 5344 963 5398 quem
994 5346 1108 5385 non
1141 5336 1230 5388 est
1269 5332 1708 5398 transmutatio,
1743 5346 1846 5385 nec
1874 5330 2046 5386 vicis-

392 5413 678 5471 situdinis
720 5417 1136 5482 obumbratio;
1175 5442 1200 5468 ››
1255 5419 1353 5474 οὐκ
1398 5416 1474 5473 ἔνι
1527 5416 1878 5494 παραλλαγή,
1932 5435 2042 5474 non

390 5513 487 5574 est,
518 5503 714 5576 inquit
741 5509 1077 5579 Apostolus,
1107 5528 1222 5567 non
1264 5515 1330 5566 ut
1362 5511 1674 5583 interpres,
1696 5533 1724 5560 «
1759 5527 1874 5565 non
1905 5527 2040 5566 con-

390 5591 696 5664 spicitur.»
719 5596 1106 5660 Quamobrem
1130 5597 1447 5655 Cornarius
1471 5600 1664 5672 potius
1683 5600 2040 5671 sequendus,

393 5682 549 5738 Circa
581 5700 745 5754 quam
773 5702 882 5743 non
911 5693 992 5743 est
1040 5689 1318 5747 atleratio.
1351 5689 1530 5746 Paulo
1570 5693 1705 5764 post
1736 5713 1764 5741 «
1798 5688 2040 5763 proinde

396 5787 642 5830 merces.
675 5797 703 5826 ››
737 5774 965 5835 Omissa
994 5779 1222 5837 fuerant
1268 5781 1392 5841 hac
1412 5783 1483 5840 ab
1523 5781 1860 5855 interprete,
1894 5780 2040 5839 scri-

2161 623 2396 693 quando
2446 639 2551 693 par
2598 620 2828 693 utrique
2858 620 3072 676 creatio
3118 618 3546 689 est,honorque
3575 617 3818 673 similis.

2159 712 2306 764 Audi
2339 711 2480 766 Gen.
2511 711 2654 779 Ergo
2686 710 2951 781 sequitur
2995 727 3097 780 par
3126 707 3438 764 sententia.
3474 703 3692 758 Τούτων
3724 705 3817 758 καὶ

2163 797 2190 849 ὁ
2224 797 2435 869 μισθός.
2473 821 2501 847 ››
2527 800 2836 854 Cornarius
2867 797 3106 854 ediditm
3139 802 3286 853 Nam
3315 801 3372 852 et
3391 799 3608 852 creatio
3631 797 3818 851 utris-

2163 903 2276 957 que
2305 887 2568 958 aequalis,
2605 904 2784 958 quare
2816 888 2994 942 etiam
3017 903 3241 942 merces
3261 887 3463 941 eadem
3487 884 3815 956 utrisque.»

2162 977 2530 1047 Sequebatur
2550 977 2705 1047 apud
2738 976 3135 1046 interpretem.
3171 997 3199 1025 «
3235 975 3380 1041 Fiat,
3413 975 3608 1046 inquit
3635 974 3818 1041 Deus,

2165 1063 2341 1120 homo
2367 1082 2429 1120 ει
2467 1066 2623 1135 quod
2647 1065 3312 1135 immutavimus,neque
3336 1065 3492 1118 enim
3508 1062 3600 1118 his
3621 1062 3822 1118 verbis

2166 1157 2446 1225 concepta
2477 1154 2769 1209 sententia
2800 1153 2920 1209 hinc
2963 1153 3020 1208 in
3053 1153 3350 1224 Scriptura
3370 1151 3682 1224 reperitur,
3714 1153 3817 1207 sed

2165 1246 2340 1312 prout
2368 1241 2684 1306 edidimus,
2719 1247 2778 1298 et
2807 1243 3006 1298 Graeca
3051 1241 3244 1296 Basilii
3288 1241 3464 1296 verba
3501 1241 3820 1296 sonabant.

2167 1328 2311 1384 Gen.
2346 1347 2381 1400 I,
2411 1330 2502 1395 26,
2533 1331 2622 1384 27.

2238 1417 2358 1473 Col.
2389 1418 2497 1472 222
2531 1420 2592 1473 Ι).
2624 1417 2734 1474 Sed
2763 1419 3002 1474 meliori.
3027 1418 3457 1474 Admonuimus
3479 1418 3620 1473 olim
3652 1418 3820 1470 πολι-

2165 1503 2309 1558 τείαν
2368 1506 2462 1561 hic
2510 1523 2624 1562 non
2673 1508 3100 1578 rempublicam
3149 1513 3252 1562 aut
3299 1506 3618 1575 civitatem,
3644 1507 3823 1576 jusve

2169 1594 2422 1650 civitatis
2465 1611 2694 1662 sonare,
2738 1600 2804 1650 ut
2847 1599 3042 1651 Actor.
3081 1612 3221 1661 xxxx,
3269 1596 3337 1649 28
3372 1612 3384 1651 :
3418 1594 3561 1669 Ἐγὼ
3599 1591 3820 1648 nolle?)

2167 1681 2462 1759 κεφαλαίου
2517 1684 2615 1751 τήν
2689 1680 2971 1737 πολιτείαν
3028 1681 3220 1748 ταύτην
3276 1681 3592 1756 ἐκτησάμην
3627 1701 3641 1714 ’
3705 1685 3820 1752 Ego

2168 1775 2347 1830 multa
2382 1791 2600 1830 summa
2647 1775 2918 1830 civitatem
2964 1774 3109 1829 hanc
3152 1783 3464 1829 consecutus
3500 1790 3666 1840 sum;
3715 1773 3819 1828 sed

2170 1864 2298 1918 vitta
2329 1863 2614 1918 rationem
2664 1868 2722 1918 et
2766 1863 3292 1928 conversationem,
3325 1868 3390 1917 ut
3421 1863 3721 1933 Ephesior.
3755 1879 3820 1931 ιι,

2172 1953 2262 2016 12,
2322 1949 2859 2026 ἅπηλλωτριωμένοι
2925 1957 3025 2018 τῆς
3081 1948 3361 2010 πολιτείας
3417 1953 3514 2004 τοῦ
3572 1949 3822 2024 Ἰσραήλ,

2171 2043 2408 2097 alienati
2431 2058 2464 2094 a
2492 2044 2898 2097 conversatione
2926 2041 3135 2108 Israel;
3169 2057 3346 2112 quam
3389 2040 3528 2096 alibi
3575 2041 3827 2112 apostoli

2175 2129 2513 2202 ἀναστροφήν
2560 2131 2879 2202 appellant,
2927 2132 2949 2185 Ι
2991 2129 3142 2186 Petri
3183 2146 3269 2197 ιιι,
3316 2130 3352 2184 2
3389 2146 3404 2195 ;
3435 2129 3525 2185 vel
3570 2124 3829 2183 πολίτευ-

2178 2238 2273 2290 μα,
2307 2225 2370 2274 ut
2405 2218 2759 2291 Philippens.
2795 2235 2879 2285 ιιι,
2908 2219 3229 2274 20.1dcirco
3261 2219 3469 2274 merito
3498 2236 3535 2274 a
3565 2219 3687 2276 viro
3717 2220 3825 2275 do-

2174 2307 2437 2362 ctissimo
2459 2313 2772 2363 emendata
2800 2313 2889 2363 est
2909 2307 3068 2378 prior
3087 2308 3297 2374 versio,
3334 2330 3354 2356 ι
3391 2307 3492 2362 sed
3524 2307 3826 2380 superiore

2174 2397 2397 2452 ratione
2426 2397 2498 2452 ad
2520 2395 2941 2468 rempublicam
2963 2395 3083 2451 sive
3104 2396 3475 2452 sodalitatem
3493 2395 3824 2452 studiosam

2175 2485 2407 2557 pietatis
2435 2501 2496 2541 se
2527 2486 2744 2556 recepit
2776 2503 2788 2540 :
2828 2508 2848 2534 ι
2884 2485 3202 2554 eodemque
3233 2485 3406 2540 modo
3437 2485 3823 2555 corrigendus

2175 2573 2388 2629 similis
2436 2574 2591 2646 apud
2632 2573 3120 2646 Chrysostomum
3169 2573 3332 2628 locus
3385 2573 3595 2629 homil.
3644 2575 3717 2629 75
3761 2574 3826 2628 in

2175 2662 2491 2719 Matthazum
2526 2680 2539 2718 :
2573 2658 2728 2718 Ἀλλ’
2775 2657 2928 2715 οὐδὲν
2979 2656 3180 2737 ὄφελος
3223 2659 3459 2715 ἐντεῦθεν
3502 2660 3581 2722 είς
3612 2660 3824 2716 ἀπολο-

2172 2749 2288 2824 γίαν
2324 2749 2524 2810 αὐτοῖς’
2586 2747 2766 2822 ὥσπερ
2827 2748 2916 2804 οὖν
2975 2746 3102 2804 οὐδὶ
3156 2754 3275 2812 τοῖς
3323 2747 3606 2813 πολιτείας
3646 2747 3826 2806 ἕνεκεν

2180 2841 2500 2910 μετανοοῦσι
2556 2837 2697 2892 τότε·
2737 2839 2905 2895 «Sed
2947 2838 3090 2894 nihil
3151 2839 3286 2894 inde
3339 2839 3616 2896 utilitatis
3675 2844 3830 2897 acci-

2178 2927 2870 3000 pientgquemadmodum
2894 2942 3082 2998 neque
3114 2926 3197 2982 illi
3232 2927 3332 2997 qui
3361 2944 3564 2984 eversa
3593 2929 3834 2986 civitate

2179 3016 2554 3088 resipiscunt.
2579 3040 2600 3066 ο
2637 3016 3074 3087 Nonnunquam
3105 3016 3281 3072 etiam
3313 3033 3430 3073 non
3458 3022 3582 3073 tam
3616 3019 3691 3074 de
3712 3019 3834 3090 pri-

2177 3111 2310 3162 vata
2340 3106 2626 3176 cujusque
2649 3106 2788 3176 vita,
2809 3123 2984 3177 quam
3009 3106 3079 3161 de
3111 3104 3350 3178 publica
3371 3106 3641 3163 Ecclesiae
3663 3108 3834 3163 disci-

2182 3194 2427 3267 plina,et
2446 3193 2604 3250 cultu
2628 3194 2730 3251 Dei
2748 3198 3154 3266 usurpatur,ut
3177 3195 3332 3267 apud
3357 3196 3633 3252 eumdem
3653 3195 3833 3269 Chry~

2185 3289 2426 3340 sostom.
2460 3285 2521 3338 in
2558 3283 2756 3355 psalm.
2805 3301 2933 3338 χιιι
2963 3299 2978 3338 :
3011 3283 3086 3335 Τὰ
3126 3283 3248 3356 ἅγια
3288 3286 3394 3336 τῶν
3437 3282 3627 3357 ἁγίων,
3662 3286 3696 3353 ὴ
3730 3282 3832 3338 λα-

2174 3372 2328 3446 τρεία
2357 3375 2520 3442 πᾷσα,
2560 3369 2648 3425 καὶ
2687 3373 2722 3440 ἡ
2772 3369 3026 3426 πολιτεία
3063 3374 3159 3440 τῆς
3205 3369 3440 3434 παλαιᾶς
3477 3373 3828 3445 νομοθεσίαςο

2175 3484 2203 3512 ‹‹
2239 3463 2446 3518 Sancta
2476 3461 3038 3528 sanctorum,omnis
3070 3462 3617 3535 cultus,omnisque
3639 3465 3832 3520 forma

2173 3567 2240 3606 ac
2272 3551 2421 3606 ritus
2458 3549 2606 3622 legis
2634 3551 2885 3621 veteris;
2917 3573 2945 3601 »
2978 3555 3055 3620 et,
3096 3547 3346 3604 Μάλιστα
3382 3551 3476 3623 μὶν
3529 3551 3621 3605 καὶ
3662 3552 3827 3614 αὑτὸς

2172 3639 2199 3692 ὁ
2229 3645 2328 3708 τῆς
2387 3635 2737 3701 διδασκαλίας
2789 3639 2992 3714 τρόπος
3045 3637 3459 3715 ἐνηλλαγμένην
3502 3643 3824 3715 παρεισάγει

2168 3726 2469 3783 πολιτείαν·
2504 3753 2531 3780 ‹‹
2567 3730 2815 3786 Maxime
2841 3730 3078 3801 quidem
3100 3734 3158 3786 et
3177 3731 3306 3802 ipse
3337 3731 3548 3787 modus
3570 3733 3823 3788 docendi

2171 3817 2490 3875 introducit
2517 3824 2802 3874 mutatam
2836 3819 3086 3874 formam
3118 3818 3442 3890 religionis.
3477 3842 3507 3870 »

2237 3906 2354 3963 Col.
2396 3908 2501 3962 223
2531 3907 2572 3962 Β
2601 3908 2654 3962 3.
2688 3909 2827 3963 Dum
2870 3916 3094 3964 κίεν-πα.
3153 3905 3363 3961 Δίώνια
3419 3913 3676 3966 verterat
3725 3909 3824 3966 in-

2165 4001 2390 4068 terpres
2413 4019 2440 4045 ‹‹
2463 3995 2787 4066 saecularia,
2813 4018 2841 4046 »
2865 4013 2983 4068 qua
3009 4012 3148 4052 voce
3180 4013 3272 4052 res
3295 3997 3502 4052 mundi
3525 3997 3708 4070 hujus
3731 4015 3824 4055 ca-

2165 4085 2297 4141 duci
2333 4086 2736 4159 designantur.
2779 4086 3112 4156 Cornarius,
3146 4110 3174 4138 ‹‹
3209 4087 3310 4142 ubi
3359 4093 3576 4144 aeterna
3616 4105 3819 4147 secum

2162 4174 2457 4232 volutarit.
2486 4197 2514 4224 »
2551 4175 2798 4246 Subjicit
2838 4175 3071 4244 deinde,
3121 4171 3232 4229 ἐκεῖ
3271 4171 3652 4252 δουλαγωγίαν
3687 4197 3817 4251 cup-

2161 4261 2276 4331 κός,
2305 4287 2332 4314 ‹‹
2368 4263 2742 4336 disciplinam
2771 4265 2987 4333 carnis,
3012 4286 3040 4314 »
3064 4264 3165 4320 ubi
3187 4264 3472 4322 substitut
3499 4282 3674 4338 posse
3697 4268 3818 4340 pri-

2163 4353 2294 4408 dem
2329 4352 2728 4421 m’onuimus,«
2747 4352 3192 4424 castigationem
3218 4353 3470 4409 carnism
3491 4353 3579 4411 vel
3603 4377 3631 4404 ‹‹
3655 4372 3820 4412 man-

2162 4440 2571 4513 cipationem,«
2588 4440 2676 4497 vel
2694 4465 2720 4491 ‹‹
2748 4442 3260 4498 macerationem.»
3279 4443 3375 4499 Sic
3397 4443 3555 4499 enim
3577 4461 3819 4518 expres-

2161 4530 2237 4586 sit
2259 4520 2478 4587 Latinﬁs
2498 4531 2758 4604 Vulgata:
2779 4536 2982 4588 auctor
3007 4530 3151 4586 illud
3169 4530 3431 4604 Apostoli
3453 4535 3474 4588 Ι
3505 4534 3813 4604 Cor.|x,27:

2080 4632 2126 4696 D
2159 4619 2468 4686 ἰ’ποπιάζω
2532 4638 2636 4690 μου
2689 4618 2752 4672 τὸ
2807 4622 2987 4692 σῶμα,
3016 4617 3106 4673 καὶ
3168 4615 3525 4696 δουλαγωγῶ.
3589 4621 3814 4696 Castigo

2155 4724 2346 4780 corpus
2392 4725 2597 4779 meum,
2644 4711 2695 4766 et
2753 4711 2814 4766 in
2861 4711 3183 4766 servitutem
3232 4710 3447 4781 redigo.
3497 4714 3815 4770 Carnarius

2155 4797 2415 4870 scripsit,
2445 4821 2472 4848 «
2519 4796 2626 4854 Hic
2676 4797 2833 4855 videt
2879 4799 3074 4855 carnis
3132 4798 3397 4868 delicias,
3447 4799 3568 4856 illic
3618 4804 3813 4859 carnis

2155 4886 2519 4943 servitutem.
2552 4909 2580 4936 »

2226 4976 2371 5032 Ibid.
2419 4976 2486 5033 D.
2523 4977 2585 5033 Ut
2628 4977 2690 5032 in
2729 4977 3009 5050 plerisque
3035 4978 3188 5034 aliis.
3222 4976 3437 5050 Aptius
3465 4979 3809 5037 Carnarius-

2156 5089 2182 5115 ‹‹
2199 5063 2412 5120 Cumin
2430 5067 2702 5120 naturam
2725 5064 3078 5138 plerumque
3098 5066 3466 5122 consuetudo
3491 5073 3808 5125 transeat.»

2153 5154 2217 5209 Id
2250 5153 2400 5208 enim
2436 5152 2584 5209 valet
2610 5150 2677 5207 τὰ
2708 5149 2914 5226 πολλά,
2941 5159 3004 5211 ut
3035 5155 3207 5222 infra,
3235 5155 3323 5208 καὶ
3351 5159 3680 5230 στρατιῶται
3715 5158 3807 5229 μὶν

2153 5243 2228 5307 ὡς
2279 5243 2347 5297 τὰ
2399 5239 2584 5298 πολλᾶ
2639 5247 2756 5304 τοῖς
2834 5241 3336 5321 στρατοπεδάρχαις
3405 5243 3802 5318 ἐξομοιοῦνταιο

2153 5358 2181 5386 ‹‹
2215 5340 2272 5390 et
2305 5334 2522 5390 milites
2556 5334 2903 5408 plerumque
2933 5335 3185 5392 ducibus
3211 5336 3531 5394 assimilari
3558 5337 3801 5394 solent.-

2151 5425 2296 5482 Huic
2328 5425 2481 5481 dicto
2513 5442 2859 5498 germanum
2884 5427 3030 5484 illud
3053 5428 3110 5484 in
3137 5428 3342 5500 regula
3360 5428 3553 5486 fusius
3584 5429 3802 5501 disput.

2148 5516 2228 5570 6:
2267 5516 2426 5578 ἘΘος
2453 5513 2552 5589 γὰρ
2605 5513 2693 5569 διὰ
2745 5520 2956 5591 μακροῦ
3005 5515 3211 5591 χρόνου
3264 5510 3559 5592 βεϐαιωθὶν
3596 5516 3799 5592 φύσεως

2151 5599 2308 5678 ἰσχὺν
2335 5599 2706 5677 λαμβάνιιΑι
2727 5605 3038 5677 Gregorius
3059 5605 3461 5662 Nazianzenus
3486 5623 3602 5663 non
3625 5604 3799 5683 φύσιν,

2149 5692 2248 5750 sed
2279 5692 2447 5764 νόμος
2474 5691 2791 5764 aliquando
2814 5693 2942 5750 ﬁeri
2976 5695 3120 5751 dicit
3139 5695 3393 5751 crat.31u
3413 5691 3638 5763 Ἐπειδὴ
3668 5689 3800 5770 χρό-

2147 5801 2226 5854 νῳ
2268 5780 2330 5836 τὸ
2362 5775 2482 5846 ἔθος
2514 5774 2808 5856 βεϐαιωοὶν
2846 5782 3106 5856 ἐνομίσθη
3138 5782 3330 5858 νόμον
3361 5807 3390 5835 ς(
3423 5784 3794 5842 Consuetudo
