4128 6216
266 402 424 492 mis

1428 407 1532 464 AD
1577 404 1953 466 HOMILIAS
1998 405 2077 465 IN
2121 407 2514 472 PSALMOS.

3529 414 3684 474 1014

263 531 424 587 enim
456 531 739 603 temporis
781 531 1212 604 longinquitate
1241 533 1585 590 conﬁrmata
1644 552 1746 607 pro
1793 535 1920 608 lege
1949 541 2002 604 Α
2035 538 2316 607 moribus,
2354 557 2500 612 quos
2551 558 2662 597 non
2711 543 2900 616 magis
2941 548 3219 610 mutaret,
3261 561 3438 616 quam
3489 553 3679 602 cutem

273 621 476 676 habita
506 627 611 676 est.
648 643 676 670 »

338 710 458 765 Col.
491 712 598 765 223
630 715 673 764 D
700 711 752 764 6.
786 711 863 765 Nc
892 711 1132 781 injicias.
1195 713 1444 784 Interpr.
1475 735 1503 762 ‹‹
1533 717 1612 768 Ne
1655 713 1918 784 applices

261 798 500 854 oculum
519 805 746 853 tuum.»
771 799 974 854 Verbis
999 799 1089 854 usi
1112 817 1320 856 sumus
1343 802 1619 856 editionis
1643 803 1919 857 Romanae

262 889 319 942 in
357 904 534 960 quam
577 887 842 942 Nobilius
883 889 1206 956 annotavit,
1254 891 1519 946 Proverb.
1562 909 1639 960 1x,
1675 891 1761 952 18,
1796 891 1917 946 haec

259 979 470 1032 abesse
501 993 535 1032 a
568 975 813 1049 Vulgata
845 976 1074 1042 Latina,
1107 979 1208 1032 sed
1243 978 1443 1035 haberi
1477 980 1629 1050 apud
1663 979 1824 1047 LXX,
1859 985 1916 1034 et

257 1065 427 1122 citari
459 1082 493 1120 a
523 1066 744 1122 sanctis
773 1066 1041 1121 Patribus
1074 1067 1384 1139 Cypriane,
1417 1073 1476 1124 et
1509 1069 1814 1124 Ambrosio
1859 1075 1914 1124 et

257 1156 633 1227 Hieronymo,
684 1156 902 1227 quibus
940 1155 1075 1210 addi
1106 1160 1162 1211 et
1190 1161 1245 1210 S.
1283 1157 1480 1212 Basilii
1513 1156 1779 1213 ealculus
1813 1174 1910 1230 po-

257 1250 395 1300 test.
433 1244 596 1314 Apud
631 1244 974 1300 Cornarium
1008 1259 1290 1316 perperan
1323 1245 1682 1302 Proverbior.
1715 1263 1841 1318 cap.
1876 1263 1912 1302 v

261 1338 610 1389 annotatum
653 1338 779 1388 erat
811 1349 824 1387 :
876 1334 977 1389 sed
1009 1333 1278 1390 inversus
1307 1339 1396 1390 est
1424 1335 1564 1391 ordo
1595 1337 1907 1391 verborum

255 1423 593 1493 Scriptura,
622 1417 749 1474 ἀλλ’
772 1416 1154 1490 ἀποπήδησον,
1180 1423 1256 1492 μὴ
1284 1421 1541 1496 χρονίσῃς
1573 1419 1625 1476 ἐν
1645 1425 1724 1494 τῷ
1751 1423 1906 1494 τόπῳ

256 1508 446 1580 αὐτῆς,
483 1504 622 1580 μηδὲ
652 1505 948 1582 ἐπιστήσῃς
971 1508 1034 1562 τὸ
1067 1507 1158 1562 σὸν
1194 1504 1350 1580 ὄμμα
1378 1509 1514 1582 πρὸς
1543 1507 1733 1578 αὐτην.

326 1597 449 1654 Col.
481 1598 588 1652 225
619 1598 664 1653 D
693 1599 746 1652 5.
784 1596 1270 1674 Συνεμφαίνουσιν.
1305 1598 1448 1654 Oliv.
1493 1599 1671 1655 codex
1703 1599 1902 1666 habet,

253 1684 739 1763 συνεμφανίζουσιν
804 1685 1056 1745 ἑαυταῖς.
1135 1687 1360 1759 Anglici
1425 1686 1899 1765 συναναφαίνουσιν

247 1777 467 1837 ἑαυταῖς
489 1775 578 1828 καὶ
609 1795 660 1830 τ.
783 1778 892 1828 τῶν
921 1769 1383 1850 περιϐλεπόντων.
1414 1795 1440 1828 ι
1477 1792 1678 1832 eorum
1713 1793 1748 1832 a
1776 1777 1904 1847 qui-

252 1869 364 1921 bus
386 1863 1001 1936 circumspiciuntur.»
1027 1864 1249 1920 Plinius
1269 1865 1329 1920 in
1353 1867 1713 1936 Panegyrico:
1745 1868 1901 1922 «Vita

248 1955 534 2028 principis
556 1969 805 2010 censura
821 1961 1104 2024 esteaque
1140 1959 1454 2026 perpetua:
1488 1955 1560 2009 ad
1593 1955 1746 2011 hanc
1763 1955 1900 2010 diri-

250 2045 473 2116 gimus.
503 2067 526 2097 ι
561 2043 938 2114 Claudianus,
973 2046 1047 2098 De
1065 2046 1268 2116 quarto
1298 2045 1532 2100 Honorii
1556 2045 1806 2102 consul.:

1111 2168 1556 2240 ....Componitur
1583 2170 1729 2225 orbis

318 2241 483 2310 Regis
510 2239 592 2295 ad
615 2238 952 2306 exemptum,
979 2255 1084 2294 nec
1111 2240 1190 2295 sic
1217 2238 1494 2309 inﬂectere
1522 2257 1716 2296 sensus

318 2313 596 2367 Humanos
625 2312 802 2367 edicta
829 2311 1033 2380 valent,
1065 2328 1230 2382 quam
1263 2314 1385 2368 vita
1412 2315 1673 2384 regentis.

318 2437 438 2492 Col.
469 2436 577 2490 226
607 2435 674 2492 D.
713 2436 818 2504 Qui
837 2436 1093 2507 potentia
1121 2435 1318 2492 Graeca
1370 2442 1583 2493 sonant
1612 2454 1680 2493 ex
1709 2436 1898 2493 verbis

242 2525 537 2592 Cornarii,
572 2547 600 2576 «
636 2525 736 2598 qui
760 2540 998 2579 avarum
1031 2523 1300 2581 imitatur
1329 2530 1432 2581 aut
1461 2525 1666 2596 alium,
1699 2525 1797 2598 qui
1832 2542 1900 2582 ex

244 2615 365 2670 alia
395 2621 644 2686 quadam
678 2613 905 2669 malitia
935 2612 1160 2670 civilem
1193 2614 1449 2685 aliquam
1483 2615 1768 2672 illustrem
1795 2631 1898 2688 po-

242 2709 524 2762 testatem
552 2704 796 2776 adeptus
817 2708 1038 2772 est,aut
1067 2703 1331 2776 gentium
1355 2704 1665 2777 imperium
1701 2704 1897 2773 habet,

245 2798 352 2851 aut
380 2793 743 2851 exercituum
777 2793 892 2848 dux
923 2797 1069 2848 est.¢
1095 2792 1690 2867 Omisitinterpres,t£
1721 2789 1899 2863 ἄλλης

244 2883 399 2944 τινὸς
458 2879 747 2956 πονηρίας·
819 2886 878 2937 et
928 2882 1100 2954 paulo
1152 2889 1288 2954 post
1341 2885 1438 2936 τοῦ
1497 2880 1900 2954 ζηλονουμὲνου

245 2987 563 3046 perperam
617 2970 923 3043 expressit,
973 2993 1001 3021 «
1035 2987 1208 3042 quem
1253 2970 1606 3027 imitatorem
1640 2971 1834 3039 habet,
1875 2995 1894 3020 ι

247 3079 389 3118 eum
417 3061 669 3116 scribere
696 3058 1018 3128 debuisset,
1046 3076 1178 3116 cum
1202 3060 1536 3129 Cornario,«
1567 3061 1695 3133 ejus
1726 3077 1898 3132 quem

248 3150 548 3206 imitatur.
583 3171 612 3198 »

323 3239 446 3307 Col,
476 3239 584 3293 227
614 3244 659 3292 A
712 3239 797 3293 10.
848 3239 966 3292 Etsi
1010 3245 1196 3293 autem
1225 3253 1369 3310 quae.
1411 3239 1725 3310 Interpres,
1767 3257 1789 3286 ι
1842 3237 1902 3294 Si

2029 626 2315 700 Ethiops.
2351 630 2419 686 Et
2449 631 2662 687 mirum
2695 649 2832 688 sane
2851 633 3128 690 Basilium
3157 634 3249 690 hic
3277 635 3470 691 dicere
3492 651 3680 706 neque

2027 715 2228 780 Cbusi,
2281 735 2469 791 neque
2519 720 2699 776 alium
2756 722 3011 794 aliquem
3059 723 3116 778 in
3159 723 3410 780 historia
3453 723 3676 795 Regum

2030 804 2216 861 ﬁlium
2235 807 2453 863 Jemini
2473 810 2872 882 reperiri,cum
2895 813 3084 869 Semei
3113 814 3515 870 nomineturll
3537 813 3677 886 Reg.

2025 897 2266 966 x1x,t6,
2318 896 2440 958 Υἱὸς
2489 899 2657 975 Γηρᾶ,
2709 899 2828 953 υἱοῦ
2877 901 3110 974 Ἰεμινεὶ.
3164 908 3461 959 Postremo
3515 907 3677 959 notet

2024 981 2335 1053 hiclector,
2369 1003 2544 1059 quam
2579 988 2861 1061 antiquus
2887 1007 3048 1047 error
3081 991 3219 1047 huic
3251 992 3379 1048 loco
3411 991 3677 1048 adhaese-

2024 1072 2102 1127 rit
2133 1073 2188 1127 in
2222 1091 2358 1131 voce
2389 1075 2761 1152 ἀρχιιταῖρος,
2805 1081 3072 1152 Princeps
3123 1082 3394 1137 sociorum
3438 1079 3486 1136 II
3531 1081 3671 1154 Reg.

2021 1177 2117 1227 xv,
2148 1162 2235 1218 32.
2262 1163 2513 1222 Omnino
2531 1166 2686 1223 enim
2706 1169 3004 1238 probabile
3025 1169 3274 1238 videtur,
3299 1170 3452 1242 quod
3477 1169 3672 1243 suspi-

2021 1254 2188 1306 catur
2217 1251 2302 1307 vir
2330 1253 2710 1312 doctissimus
2733 1256 3056 1314 Flaminius
3079 1258 3347 1315 Nobilius
3370 1258 3428 1313 in
3454 1258 3668 1316 librum

2021 1340 2068 1394 Il
2127 1340 2291 1412 Reg.,
2342 1343 2490 1398 duas
2529 1344 2711 1401 fuisse
2758 1362 2926 1402 voces
2973 1346 3001 1399 ὁ
3033 1347 3252 1422 Ἀραχῖ,
3287 1347 3664 1422 ἀρχιεταῖρος,

2019 1435 2085 1483 ut
2118 1429 2298 1502 habgt
2326 1431 2502 1487 editio
2525 1433 3084 1505 Complutensis,vel
3117 1451 3184 1491 ex
3205 1434 3664 1512 duabus,’Apaxt

2013 1520 2070 1572 et
2099 1515 2334 1588 ἑταῖρος.
2367 1536 2543 1576 unam
2577 1537 2705 1579 esse
2737 1523 3045 1579 conﬂatam
3080 1521 3448 1598 ἀρχιεταῖρος,
3471 1525 3661 1596 Clausi,

2010 1605 2216 1661 Arachi
2241 1608 2412 1678 ﬁlius,
2451 1611 2623 1665 socius
2655 1611 2842 1666 David.
2877 1613 2966 1668 Sic
3013 1612 3168 1668 enim
3205 1616 3292 1668 est
3324 1613 3381 1668 in
3414 1613 3664 1685 Vulgata

2011 1695 2214 1753 Latina
2238 1697 2283 1752 Il
2310 1698 2441 1769 Reg.
2467 1716 2584 1768 xvr,
2634 1701 2733 1756 19:
2769 1701 2975 1757 Chusai
3003 1704 3288 1758 Arachiies
3316 1704 3529 1758 amicus
3557 1704 3660 1758 Da-

2007 1785 2132 1853 vid;
2166 1787 2322 1842 unde
2353 1788 2568 1843 factum
2597 1794 2688 1845 est
2717 1806 2911 1846 errore
2942 1790 3412 1859 librariorum,ut
3444 1807 3656 1848 nomen

2013 1874 2211 1930 Araehi
2273 1881 2652 1949 repeteretur,
2715 1877 3124 1953 legereturque
3172 1880 3200 1934 ὁ
3243 1877 3442 1956 Ἀραχὶ
3500 1878 3671 1955 ἄρχω

2006 1982 2238 2036 εταιρος.

2077 2052 2196 2108 Col.
2230 2053 2330 2108 231
2363 2054 2403 2110 C
2441 2056 2494 2110 3.
2553 2056 2699 2113 Vade
2741 2058 2801 2112 in
2830 2073 2976 2128 pace.
3024 2057 3155 2113 Haec
3185 2057 3384 2114 addita
3414 2060 3553 2113 sunt
3581 2073 3649 2114 ex

2007 2140 2152 2198 Oliv.
2184 2146 2241 2197 et
2269 2143 2550 2215 Anglicis,
2581 2161 2706 2217 quae
2739 2146 3039 2202 adduntur
3061 2148 3237 2203 etiam
3264 2147 3430 2202 Lucae
3450 2146 3648 2214 vn,50;

2007 2229 2150 2286 illud
2176 2247 2329 2300 vero,
2356 2234 2479 2288 Fiat
2500 2234 2630 2304 tibi,
2655 2235 2792 2290 sicut
2819 2235 3125 2300 credidisti,
3153 2234 3409 2290 Matthei
3431 2234 3654 2300 vui,13.

2078 2329 2196 2385 Col.
2250 2330 2359 2385 234
2413 2335 2456 2385 Β
2513 2332 2566 2386 4.
2614 2333 2728 2387 Fon
2759 2334 2936 2388 solum
2965 2336 3183 2404 recepto
3209 2332 3658 2388 Emendandum

2007 2417 2166 2474 hunc
2196 2417 2388 2475 locum
2422 2436 2550 2477 esse
2574 2437 3160 2492 monueramus,cum
3184 2421 3468 2478 edidisset
3487 2420 3664 2476 inter-

2009 2523 2202 2580 pres,«
2235 2525 2350 2564 non
2374 2507 2564 2564 solum
2594 2509 2651 2564 in
2686 2511 2990 2583 praemium
3015 2509 3253 2583 aliquod
3275 2508 3415 2566 boni
3441 2512 3500 2565 et
3522 2507 3662 2564 mali

2009 2595 2295 2668 accipere,
2323 2598 2424 2653 sed
2448 2597 2506 2652 in
2545 2599 2842 2655 actionum
2868 2599 3182 2672 princlpio,
3219 2598 3597 2668 ut,Rc:ribuc,
3635 2620 3662 2648 ››

2009 2685 2158 2757 psal.
2187 2703 2376 2753 cxvm,
2403 2687 2489 2742 17.
2526 2687 2587 2742 In
2621 2705 2796 2761 quem
2837 2687 3029 2744 locum
3073 2689 3210 2745 etin
3229 2687 3524 2761 psalmum
3554 2703 3661 2742 cxv

2009 2775 2276 2831 scribens
2298 2775 2466 2832 Fran.
2491 2776 2772 2833 Vatablus
2815 2763 3236 2847 admouetbn:
3264 2777 3508 2834 verbum
3545 2777 3657 2832 He-

2011 2862 2294 2930 braicum,
2329 2865 2485 2936 quod
2519 2865 2835 2922 retribuere
2867 2872 3057 2937 sonat,
3090 2867 3245 2923 sumi
3276 2883 3377 2939 pro
3434 2865 3659 2921 beneﬁ-

2011 2953 2168 3008 cium
2202 2953 2484 3018 eonferre,
2517 2959 2574 3010 et
2604 2955 3050 3012 retributionem
3085 2972 3187 3028 pro
3217 2954 3517 3012 beneficiis
3539 2952 3660 3023 qui-

2008 3040 2701 3114 busve.Eutbymius;qui
2726 3043 3074 3116 plerumque
3093 3043 3244 3100 solet
3265 3043 3463 3100 Basilii
3486 3043 3661 3099 verba

2011 3135 2288 3203 repetere,
2337 3130 2431 3186 hic
2476 3131 2620 3186 dicit
2654 3129 3009 3187 ἀνταπόδοσιν
3043 3133 3198 3190 sumi
3246 3131 3364 3186 ἀντὶ
3393 3137 3493 3200 τῆς
3523 3129 3659 3185 ἀπο-

2017 3215 2237 3288 δόσεως,
2255 3219 2698 3277 retributionem
2718 3239 2820 3294 pro
2843 3222 3173 3279 redditione
3197 3238 3211 3279 :
3250 3218 3327 3277 T6
3359 3217 3416 3275 δὲ
3440 3223 3660 3295 πρῶτον

325 3281 446 3307 μω,
478 3281 570 3293 υ...
614 3281 659 3292 .-
714 3281 797 3293 -.η
848 3281 965 3292 υ.-.
1010 3281 1196 3293 πη...
1225 3281 1369 3310 γη...
1411 3281 1725 3310 .......,......,
1770 3281 1787 3286 -
1843 3281 1902 3294 υ.

246 3333 474 3392 autem,
517 3344 642 3400 qua:
668 3327 814 3400 coepi
834 3327 1026 3383 dicere
1049 3327 1118 3381 de
1134 3326 1388 3382 vitandis
1409 3335 1540 3383 ante
1561 3327 1758 3384 omnia
1779 3343 1902 3382 ma-

2024 3314 2115 3377 τῆς
2175 3281 2586 3370 ἀνταποδόσιως
2643 3281 2840 3382 ὄνομα,
2887 3314 3343 3386 καταχρηστικῶς
3394 3281 3511 3364 ἀντιὶ
3561 3313 3664 3377 τῆς

253 3418 354 3483 lis,
389 3417 579 3489 deque
602 3417 957 3490 profectione
980 3432 1082 3488 per
1102 3417 1258 3472 bona
1273 3433 1448 3489 opera
1470 3417 1907 3488 consequenda,

251 3508 364 3562 hoc
398 3521 671 3561 sermone
701 3523 815 3562 non
850 3504 1093 3561 absolvi.
1132 3527 1158 3553 ››
1189 3506 1248 3561 In
1280 3505 1494 3577 quibus
1524 3505 1718 3562 verbis
1749 3509 1910 3561 trun-

250 3599 448 3650 catam
469 3595 652 3650 fuisse
666 3593 1019 3650 sententiam
1036 3593 1295 3650 auctoris
1309 3596 1490 3651 lector
1501 3595 1913 3651 animadvertit

329 3683 452 3740 Col.
493 3683 602 3739 230
629 3686 674 3739 A
719 3684 774 3738 7.
825 3684 994 3739 Irrita
1020 3681 1306 3754 faciendo.
1342 3683 1671 3756 Legebatur
1717 3689 1910 3753 antea,

253 3796 284 3824 κ
316 3773 375 3828 in
419 3771 705 3829 irritando
736 3772 819 3827 ita
841 3775 1140 3829 strenuam
1164 3788 1232 3828 ac
1253 3772 1458 3828 fortem
1481 3789 1778 3846 operam.»
1799 3772 1912 3828 Vo-

259 3864 599 3919 laterranos
629 3861 968 3933 scripserat,
1006 3880 1032 3910 ι
1063 3859 1374 3917 consilium
1419 3861 1688 3931 irritavit,
1739 3865 1914 3933 atque

255 3951 344 4007 ita
375 3954 703 4007 strenuam.
738 3971 767 4000 η
815 3949 1166 4006 Tilmannus
1197 3950 1445 4008 fortasse
1474 3949 1583 4007 hoc
1610 3954 1777 4023 pacto
1800 3951 1915 4006 im-

257 4043 567 4107 mutarat;
601 4061 630 4088 ι(
665 4037 906 4094 consilia
951 4039 1289 4098 irritandam
1322 4041 1476 4112 quod
1507 4040 1768 4096 Latinum
1799 4057 1915 4097 non

260 4133 376 4184 est.
410 4126 660 4183 Basilius
689 4127 872 4183 dixit:
909 4122 1148 4181 διαλύων
1182 4123 1240 4182 δὲ
1266 4127 1362 4189 τὰς
1393 4127 1615 4203 βουλάς,
1643 4153 1671 4180 ‹‹
1722 4130 1913 4186 consi-

254 4217 340 4273 lia
359 4232 498 4271 vero
534 4214 937 4288 Aehitopbelis
959 4215 1067 4271 viri
1093 4217 1358 4272 acerrimi
1383 4223 1439 4274 et
1464 4219 1740 4275 duetandi
1762 4235 1919 4275 exer—

263 4307 422 4362 citus
453 4304 801 4376 peritissimi
828 4305 1082 4361 reddens
1114 4305 1280 4362 irrita
1312 4311 1610 4364 strenuam
1646 4325 1710 4364 ac
1747 4309 1848 4364 for.
1884 4330 1912 4360 »

262 4399 441 4450 Porro
462 4393 619 4465 quod
638 4392 719 4448 ait
739 4392 834 4449 hic
858 4393 1110 4450 Basilius
1131 4394 1310 4451 Chusi
1334 4395 1556 4453 socium
1580 4401 1638 4452 et
1659 4397 1916 4454 amicum

259 4484 501 4541 Davidis
523 4483 711 4540 filium
734 4484 918 4541 fuisse
943 4484 1146 4541 Arachi
1181 4502 1292 4542 non
1311 4487 1765 4555 Jemeni,verum
1787 4493 1878 4544 est
1901 4505 1914 4544 :

257 4573 347 4629 sic
367 4571 530 4628 enim
557 4572 842 4644 scriptum
867 4573 1226 4646 reperiturll
1256 4575 1397 4648 Reg,
1435 4593 1574 4647 xvu,
1613 4578 1650 4632 5
1699 4595 1713 4633 :
1745 4575 1918 4630 Καλὲ-

2018 3393 2330 3458 ἀποδόσεως
2364 3395 2642 3466 εἴληπται.
2687 3398 2842 3461 Δόσις
2893 3399 2986 3473 μὶν
3030 3399 3129 3475 γάρ
3179 3401 3215 3469 ὴ
3268 3398 3518 3475 καταρχὴ
3566 3399 3664 3466 τῆς

2020 3484 2262 3547 εὐποιίας
2291 3487 2325 3557 ἢ
2358 3485 2667 3554 κακώσεως,
2700 3487 2960 3552 ἀπόδοσις
3011 3485 3069 3543 δὲ
3120 3490 3156 3558 ἡ
3213 3492 3310 3544 τοῦ
3333 3485 3458 3542 ’ἰσου
3517 3485 3664 3542 ἀντι-

2023 3575 2304 3651 μὲτρησις,
2351 3573 2706 3638 ἀνταπόδοσις
2756 3575 2814 3632 δὲ
2858 3575 3077 3652 δευτέρα
3123 3598 3206 3640 τις
3253 3571 3534 3644 καταϐολὴ
3579 3596 3668 3630 κα-

2019 3668 2128 3718 κῶν
2160 3663 2195 3732 ἢ
2226 3662 2408 3720 καλῶν
2459 3665 2564 3719 ἀπὸ
2619 3669 2728 3720 τῶν
2785 3663 2988 3722 δόντων
3049 3666 3125 3730 εἷς
3174 3666 3300 3728 τοὺς
3338 3661 3664 3726 ἀποδόντας·

2027 3776 2048 3804 α
2084 3753 2503 3809 Retributionis
2535 3755 2773 3811 nomine
2805 3757 2995 3828 primo
3028 3755 3153 3813 loco
3198 3755 3518 3829 improprie
3574 3755 3667 3809 hic

2022 3858 2168 3897 usus
2199 3845 2418 3913 est,pro
2442 3841 2939 3900 redditione.Nam
2961 3845 3058 3916 qui
3081 3845 3297 3900 bonum
3321 3847 3422 3899 aut
3442 3841 3665 3897 malum

2024 3929 2257 4001 aliquod
2283 3929 2785 4001 primusinfert,is
2816 3931 2954 3988 dare
2987 3931 3240 3987 dicitur:
3275 3929 3667 3986 redderevero

2024 4019 2074 4074 is
2105 4018 2200 4090 qui
2255 4017 2408 4074 datis
2465 4035 2663 4090 parem
2721 4018 2908 4076 vicem
2940 4019 3184 4075 tribuit:
3219 4017 3540 4075 retribuere
3571 4032 3669 4072 au-

2023 4113 2166 4175 tem,
2196 4106 2286 4162 vel
2317 4103 2731 4178 ἀνταποδοῦναι,
2763 4113 2968 4164 contra
2992 4108 3335 4174 retribuere,
3359 4107 3409 4162 is
3431 4107 3668 4172 dicitur,

2026 4198 2126 4269 qui
2155 4197 2473 4252 secundam
2495 4197 2911 4254 beneﬁciorum
2944 4201 3045 4254 aut
3071 4197 3420 4270 injuriarum
3443 4193 3670 4253 vicissi-

2025 4286 2289 4342 tudinem
2322 4287 2532 4342 reddit.
2571 4309 2592 4336 ο

2097 4383 2210 4440 Csl.
2243 4384 2348 4439 238
2379 4383 2421 4439 Β
2456 4385 2543 4441 14.
2588 4386 2792 4442 Rursus
2837 4385 3065 4443 dictum.
3111 4385 3433 4458 Legebatur
3479 4384 3672 4451 antea,

2028 4496 2057 4524 «
2078 4478 2308 4530 Rursus
2326 4472 2722 4544 dieit,Judicio
2753 4475 3066 4532 contendet
3085 4474 3370 4532 Dominus
3388 4473 3671 4529 adversus

2027 4576 2261 4618 omnem
2295 4578 2550 4618 carnem.
2592 4585 2619 4612 »
2653 4563 2716 4619 In
2760 4563 2991 4620 Olivarii
3044 4565 3262 4632 codice,
3321 4561 3670 4636 κριθήσεσθαι

263 4679 394 4714 σατε
454 4659 547 4714 τὸν
603 4660 774 4714 Χουσὶ
834 4659 926 4715 τὸν
992 4661 1209 4736 Ἀραχί·
1268 4663 1458 4720 Vocate
1515 4665 1684 4721 Chusi
1737 4666 1908 4736 filium

2024 4648 2244 4722 Κύριον.
2277 4650 2545 4707 Arbitror
2574 4655 2773 4708 tamen
2804 4652 3072 4710 ἔοι·οωὶε
3103 4653 3298 4711 locum
3339 4650 3508 4708 citari
3541 4667 3671 4722 cap.

257 4749 510 4806 Arachi:
542 4750 645 4806 sed
697 4750 946 4807 dubium
992 4755 1101 4822 est,
1134 4769 1208 4808 an
1241 4752 1340 4809 ille
1370 4753 1449 4810 sit
1477 4753 1584 4810 iste
1613 4754 1810 4822 Cbusi,
1845 4756 1916 4811 de

260 4855 378 4912 quo
407 4838 477 4894 fit
507 4838 730 4895 mentio
755 4839 815 4894 in
847 4839 1029 4911 hujus
1061 4839 1276 4913 psalmi
1299 4840 1508 4898 titulo:
1543 4843 1792 4898 eumhie
1813 4843 1918 4900 He-

259 4928 464 4984 braice
493 4925 819 5000 appelletur
844 4937 959 4988 um
990 4928 1170 5000 Cbus,
1202 4946 1305 5003 per
1341 4930 1518 5004 Caph,
1541 4932 1696 4988 unde
1739 4931 1918 4987 Sebo-

259 5016 410 5074 lium
446 5015 714 5074 Gracum
765 5036 800 5075 a
833 5017 1065 5076 Nobilio
1112 5019 1356 5077 citatum
1411 5020 1587 5076 vertit
1634 5017 1916 5091 Αἰθίοπος,

258 5106 567 5179 £thiopis,
595 5106 684 5164 vel
715 5108 919 5180 putius
951 5125 1108 5164 unus
1124 5124 1192 5164 ex
1220 5109 1410 5166 tribus
1441 5109 1704 5183 antiquis
1735 5110 1918 5166 inter-

260 5195 558 5269 pretibus,
589 5195 820 5267 Aquila,
852 5196 1229 5270 Symmacho,
1281 5202 1339 5256 et
1366 5198 1782 5270 Theodotione,
1815 5216 1918 5272 pro

255 5283 431 5341 Χουσί
487 5287 662 5341 vertit
708 5287 806 5339 τοῦ
861 5283 1149 5358 Αῒθίοπος,
1203 5291 1268 5344 ut
1314 5292 1543 5345 constat
1580 5306 1649 5345 ex
1676 5287 1922 5345 homilia

257 5373 679 5447 Cbrysostomi
701 5375 762 5430 in
787 5375 948 5432 hunc
979 5376 1275 5449 psalmum
1302 5393 1315 5434 :
1350 5382 1410 5434 at
1430 5377 1526 5434 ille
1545 5377 1694 5435 alter
1713 5379 1764 5434 ΙΙ
1785 5377 1921 5434 libri

261 5463 494 5534 Regum
537 5473 705 5532 νων-τ,
753 5481 857 5537 per
903 5465 1065 5536 Ceth,
1112 5465 1324 5524 Chusai
1358 5467 1647 5524 'dieitur:
1682 5467 1922 5525 tametsi

263 5551 664 5624 Septuaginta
693 5553 1007 5626 utrobique
1041 5555 1406 5628 scripserunt
1446 5555 1635 5612 Xouot.
1667 5558 1778 5614 Sed
1810 5556 1920 5612 Va-

257 5640 472 5696 tablus
499 5640 737 5698 Saulem
763 5646 931 5714 putat
950 5643 1046 5699 hic
1063 5645 1258 5701 vocari
1297 5645 1475 5712 Cbus,
1505 5645 1562 5701 id
1589 5651 1678 5702 est
1704 5646 1920 5703 Ethio-

258 5745 400 5802 pem
435 5727 627 5785 ﬁlium
659 5730 899 5801 Jemini,
947 5729 971 5788 Ι
1004 5731 1140 5804 Reg.
1175 5750 1253 5805 IX,
1283 5735 1375 5801 21,
1415 5735 1565 5806 quod
1598 5735 1742 5793 atris
1766 5739 1921 5792 esset

2023 4755 2151 4806 xxv,
2179 4738 2268 4809 31,
2299 4736 2538 4812 κρίνεται
2567 4737 2727 4802 αὐτὸς
2782 4741 2917 4816 πρὸς
2975 4745 3146 4796 πᾶσαν
3207 4741 3395 4815 σάρκα·
3449 4755 3584 4795 nam
3616 4742 3675 4794 et

2025 4825 2196 4882 illum
2226 4826 2393 4884 video
2433 4829 2620 4885 notari
2655 4830 2714 4884 in
2746 4831 3008 4904 margine
3065 4831 3294 4888 Catena
3341 4833 3672 4885 Graecorum

2026 4915 2261 4971 Patrum
2289 4917 2348 4971 in
2374 4917 2885 4989 Psalmos,Daniele
2914 4919 3170 4976 Barbare
3201 4919 3543 4991 interprete,
3572 4914 3674 4989 qui

2026 5003 2184 5060 haud
2217 5004 2362 5062 satis
2382 5007 2646 5078 apposite
2673 5008 2900 5078 vertit,«
2924 5009 3239 5064 Dominum
3265 5007 3675 5080 judicaturum

2027 5109 2261 5149 omnem
2293 5110 2586 5150 carnem.»
2617 5096 2724 5151 Sed
2757 5101 2815 5152 et
2845 5097 2966 5153 illic
2987 5102 3041 5154 et
3075 5099 3228 5170 apud
3247 5095 3530 5152 Basilium
3561 5110 3679 5149 me-

2028 5182 2148 5238 lius
2193 5182 2440 5239 fortasse
2492 5183 2784 5256 legeretur
2815 5183 3025 5258 εἷ’ρηται
3051 5184 3322 5259 κρίνεσθαι
3354 5182 3574 5257 Κύριον,
3607 5185 3672 5237 ut.

2029 5272 2099 5327 ad
2158 5271 2354 5344 ipsum
2413 5272 2782 5345 prophetam,
2839 5291 2974 5330 eum
3020 5279 3302 5347 sequatur
3331 5273 3427 5328 hic
3485 5267 3670 5324 ἑαυτὸν

2030 5353 2332 5415 ὑποϐάλλει
2362 5362 2431 5435 τῇ
2465 5361 2659 5436 κρίσει,
2695 5386 2716 5414 ι
2750 5368 2878 5421 acta
2909 5369 3068 5434 sunt,
3121 5361 3346 5435 judicio
3409 5359 3673 5432 seipsum

2029 5450 2654 5522 subjicit.»Delendum
2668 5453 2826 5510 enim
2844 5453 3092 5510 estillud
3108 5451 3672 5522 «uniuscujusque.»

2099 5557 2221 5613 Col.
2251 5559 2357 5614 239
2407 5560 2452 5616 D
2483 5561 2537 5618 9.
2595 5561 2784 5629 Multa,
2844 5563 3045 5635 inquit.
3105 5561 3225 5617 Imo
3265 5559 3376 5616 hoc
3405 5557 3517 5615 sibi
3547 5555 3674 5613 vult

2028 5644 2284 5703 Basilius
2318 5664 2330 5703 :
2363 5670 2391 5699 «
2421 5649 2624 5717 Multa,
2657 5651 2866 5724 inquit,
2897 5652 2968 5707 de
2992 5649 3228 5722 justitia
3256 5649 3370 5704 dici
3400 5649 3670 5721 possunt,

2029 5737 2088 5790 et
2121 5735 2388 5807 perfectae
2408 5738 2656 5810 justitisa
2683 5739 2828 5798 ﬁnes
2854 5739 3283 5814 eomprebensu
3304 5742 3442 5796 sunt
3467 5735 3673 5795 diffici-
