4124 6240
449 367 604 430 1018

1638 371 1871 433 NOTAE
1913 370 2356 434 FRONTONIS
2398 371 2662 436 DUCEI

3697 373 3860 434 1016

447 499 587 555 les.»
619 498 883 556 Similem
904 499 1085 556 habes
1108 500 1459 557 locutionem
1477 504 1631 574 apud
1655 503 1993 575 Apostolum
2018 505 2090 559 ad

2221 503 2415 572 psalmi
2447 504 2596 575 fuit;
2628 502 2858 574 Ὁμιλία
2912 504 3048 558 κατᾶ
3101 502 3454 577 τοκιζόντων,
3512 505 3604 558 καὶ
3655 503 3733 564 εἷς
3791 503 3859 558 τὰ

448 589 746 657 Hebraeos,
774 605 829 655 v,
867 589 969 645 11:
1008 589 1137 662 Περὶ
1178 586 1239 642 οὗ
1289 587 1462 652 πολὺς
1505 591 1640 663 ἡμῖν
1683 591 1710 644 ὁ
1756 588 1944 666 λογος,
2002 591 2092 646 καὶ

452 672 882 748 δυσερμήνευτος
913 673 1110 751 λέγειν’
1151 703 1170 728 α
1195 679 1271 734 De
1291 696 1404 752 quo
1426 681 1595 737 nobis
1615 683 1857 754 grandis
1879 699 2092 747 sermo,

451 770 508 821 et
535 765 1056 838 ininterpretabilis
1089 769 1157 824 ad
1192 769 1527 826 dicendum.
1566 793 1585 819 ι
1621 773 1797 827 Paulo
1830 775 1962 842 post
1989 787 2092 843 pro

450 860 682 928 γεννητῇ
716 856 864 932 φύσει
893 858 1206 930 aliquando
1229 861 1511 932 suspicati
1541 879 1749 918 sumus
1767 861 1958 932 aptius
1981 861 2093 933 legi

455 961 626 1016 posse
668 949 890 1020 γενητῇ,
946 970 974 997 ‹‹
1027 953 1232 1003 creatae
1284 954 1526 1015 naturae,
1579 973 1605 1000 »
1665 949 1821 1021 quod
1861 951 2093 1024 γεννητῇ

454 1058 482 1084 ‹‹
509 1040 868 1107 generatam,
902 1057 922 1085 ι
947 1037 1033 1092 vel
1057 1062 1084 1088 ‹‹
1115 1039 1489 1111 generatione
1513 1041 1858 1112 productam
1879 1063 1906 1090 »
1925 1044 2096 1096 sonat

457 1141 568 1195 qua
587 1124 835 1192 ratione,
859 1142 992 1182 cum
1011 1127 1082 1182 de
1101 1128 1369 1199 personis
1393 1129 1701 1185 Trinitatis
1727 1129 1936 1202 agitur,
1969 1149 2094 1203 γεν-

453 1211 674 1283 νητός,«
702 1214 992 1285 genitus,»
1017 1215 1232 1272 dicitur
1250 1217 1451 1286 Filius,
1477 1235 1591 1274 non
1613 1216 1859 1292 γενητός,
1885 1242 1912 1269 α
1935 1235 2094 1276 crea-

456 1306 574 1368 tus,
596 1323 624 1351 »
665 1306 722 1358 et
743 1303 909 1359 Paler
933 1303 1247 1378 ἀγέννητος,
1279 1329 1306 1357 ‹‹
1334 1323 1449 1362 non
1473 1307 1744 1378 genitus:
1780 1330 1809 1357 »
1840 1323 1974 1363 cum
2005 1312 2094 1363 ta-

457 1407 590 1448 men
621 1392 680 1447 in
711 1393 856 1464 Oliv,
889 1399 944 1449 et
986 1395 1116 1452 aliis
1161 1413 1299 1452 mss.
1351 1397 1445 1452 hic
1490 1402 1826 1454 constanter
1871 1398 2100 1472 legatur

453 1482 709 1554 γεννητῇ,
741 1481 886 1536 nihil
913 1485 1260 1539 mutandum
1292 1501 1621 1556 censemus,
1655 1503 1786 1542 cum
1817 1487 1969 1559 apud
1999 1487 2099 1542 Ju-

457 1570 680 1623 stinum
712 1569 1028 1642 Martyrem
1062 1587 1130 1627 ex
1163 1573 1467 1629 Aristotele
1513 1570 1782 1649 ἄφθαρτος
1828 1574 1918 1628 καὶ
1972 1574 2098 1648 ἀγὲ-

457 1677 620 1725 vnto:
650 1654 754 1727 ὕλη
779 1659 865 1714 vel
899 1659 989 1712 καὶ
1021 1658 1310 1734 ἀγὲννητος
1343 1663 1591 1735 dicatur,
1633 1664 2100 1736 incorruptibilis

459 1745 546 1800 vel
578 1745 840 1818 ingenita
873 1749 992 1804 sive
1039 1750 1296 1807 increata
1343 1753 1607 1820 materia,
1638 1757 1695 1809 et
1731 1753 1791 1808 in
1825 1753 2100 1809 Exhorta-

457 1836 605 1891 tione
633 1836 704 1891 ad
731 1838 976 1942 ρντῖἕοοδε
1033 1840 1134 1894 Τὸν
1171 1839 1264 1912 μὲν
1307 1839 1600 1916 ἀγέννητον
1634 1839 1806 1895 ἀίδιον
1842 1841 1976 1896 εἶναι
2009 1839 2099 1896 λέ-
2132 1875 2179 1942 Β

457 1943 636 1997 γοντα,
663 1925 795 1987 τοὺς
823 1923 879 1981 δὲ
907 1927 1197 2002 γεννητοῦς
1227 1931 1261 1998 ἢ
1297 1927 1766 2006 δημιουργητούς.
1801 1959 1826 1983 «
1864 1932 2097 2006 Ingeni-

457 2015 582 2068 tum
615 2013 854 2084 quidem
884 2017 1311 2088 sempiternum
1332 2035 1484 2084 esse,
1503 2019 1731 2092 genitos
1760 2027 1956 2076 autem
1979 2021 2100 2076 sive

460 2098 746 2154 conditos.
782 2122 810 2150 »
845 2102 1045 2172 Itaque
1073 2103 1304 2176 γεννητά
1343 2121 1768 2177 nonnunquam
1799 2106 2100 2176 dicuntur,

459 2205 586 2259 quae
615 2190 820 2260 quovis
850 2191 1024 2246 modo
1055 2198 1358 2264 procreata
1387 2199 1545 2251 sunt.

531 2294 650 2350 Col.
682 2296 788 2350 243
818 2295 859 2352 C
906 2298 992 2352 14.
1046 2298 1151 2366 Qui
1194 2302 1340 2356 eruit
1369 2318 1472 2358 me.
1509 2301 1604 2358 Sic
1633 2301 2006 2358 restituimus
2037 2318 2104 2356 ex

460 2383 701 2440 Genesis
727 2402 886 2457 xnm,
922 2386 1194 2444 16.Paulo
1227 2393 1359 2461 post
1384 2389 1552 2458 illud,
1591 2413 1617 2440 «
1643 2390 1961 2463 Obliquum
1986 2408 2101 2447 non

463 2470 770 2543 dirigetur,
803 2494 830 2524 »ι
867 2474 1134 2530 nonnihil
1161 2477 1539 2534 immutatum
1571 2484 1660 2534 est
1689 2497 1724 2534 a
1749 2479 1978 2535 Basilio.
2013 2480 2103 2534 Sic

464 2560 620 2615 cnim
652 2560 867 2634 legitur
896 2563 1254 2622 Ecclesiaste:
1301 2585 1340 2637 ι,
1391 2570 1494 2624 15:
1548 2567 1980 2644 Διεστραμμένυν
2044 2567 2104 2622 οὐ

466 2645 752 2719 δυνήσεται
797 2650 1251 2725 ἐπικοσμηθῆναι·
1304 2681 1331 2708 ‹‹
1388 2658 1732 2715 Perversum
1775 2677 1890 2717 non
1941 2665 2105 2732 pote-

464 2739 540 2795 rit
567 2741 877 2799 adornari:
913 2766 942 2792 ››
971 2743 1222 2817 Vulgata
1252 2746 1474 2815 Latina,
1526 2770 1555 2798 «
1585 2751 1836 2804 Perversi
1870 2749 2107 2805 difﬁcile

465 2830 874 2904 corriguntur:
907 2856 937 2886 »
968 2837 1028 2890 at
1055 2835 1282 2906 psalmo
1310 2854 1536 2908 cxxxix,
1568 2840 1670 2894 12:
1705 2838 1867 2912 Ἀνήρ
1923 2836 2105 2915 γλωσ·

465 2915 645 2990 σώδης
687 2920 749 2976 οὐ
780 2923 1284 2994 κατευθυνθήσεταιο
1332 2949 1361 2979 ‹‹
1395 2928 1497 2984 Vir
1524 2927 1834 3001 linguosus
1865 2946 1979 2986 non
2015 2929 2106 2984 di-

466 3009 709 3083 rigetur.
743 3034 772 3062 ››

536 3125 685 3182 Ibid.
717 3127 763 3183 D
795 3129 846 3183 1.
877 3131 1023 3185 Nam
1049 3132 1659 3204 quisquis.Cornarius,
1691 3156 1716 3187 ιι
1747 3134 1855 3198 Qui
1887 3133 2043 3190 enim
2075 3153 2110 3190 a

2203 587 2501 664 λειπόμενα
2529 595 2626 646 τοῦ
2660 589 2731 646 ιδ’
2758 590 3004 665 ψαλμοῦ.

2274 681 2388 736 Col.
2425 683 2530 736 278
2557 683 2673 737 A1.
2711 682 3002 738 Creditore.
3035 682 3385 738 Addendum
3415 686 3522 750 est,
3552 684 3759 754 inquit,
3794 687 3858 736 ut

2203 775 2432 827 constet
2452 788 2582 829 esse
2603 773 2781 828 verba
2801 772 3032 844 Scriptu
3043 787 3276 844 raque
3297 772 3554 843 reperies
3576 771 3856 826 Provorb.

2204 877 2354 929 XXIX,
2406 861 2510 916 l3:
2573 863 2861 914 Δανειστοῦ
2923 859 3013 914 καὶ
3084 857 3495 936 χρεωφειλέτου
3571 855 3857 928 ἀλλήλοις

2205 946 2588 1017 συνελθόντων,
2624 947 2799 1004 ὲπισκ.
2837 973 2864 1000 ‹‹
2901 951 3045 1005 Dum
3078 950 3393 1018 fenerator,
3428 949 3642 1021 inquit,
3668 957 3725 1004 et
3756 949 3861 1003 de-

2203 1037 2358 1092 bitor
2388 1039 2540 1094 inter
2570 1055 2632 1094 se
2679 1039 3056 1095 conveniunt.
3107 1060 3136 1088 »
3177 1038 3492 1094 Carnarius
3549 1053 3620 1093 ex
3653 1038 3860 1094 Greco

2205 1127 2429 1196 Basilii,
2463 1151 2490 1179 α
2521 1127 2672 1183 Dum
2706 1129 2996 1184 fenerator
3024 1131 3081 1183 et
3113 1127 3344 1183 debitor
3366 1127 3518 1214 igter
3539 1143 3604 1182 se
3618 1126 3858 1182 obviam

2203 1216 2939 1289 venerunt,inspectionem
2955 1221 3338 1288 utrorumque
3351 1215 3488 1271 facit
3509 1215 3859 1271 Dominus.»

2207 1305 2430 1376 Excipit
2451 1305 2608 1361 hunc
2632 1305 2824 1362 locum
2844 1305 2994 1362 alter
3013 1322 3081 1362 ex
3102 1306 3306 1362 eodem
3329 1305 3479 1361 libro
3501 1305 3776 1361 vaerb.
3802 1322 3858 1372 v,

2207 1395 2310 1450 15:
2344 1393 2477 1450 Bibe
2514 1394 2716 1467 aqudm
2761 1413 2837 1450 ea:
2864 1397 3010 1450 vasis
3040 1395 3122 1450 Ex
3150 1394 3351 1450 eadem
3383 1393 3682 1450 sententia
3731 1395 3857 1449 Pla-

2207 1483 2362 1539 tonis
2391 1482 2576 1555 legem
2599 1484 2835 1556 exponit
2859 1483 3207 1540 Plutarchus
3230 1483 3288 1538 in
3310 1482 3507 1539 libello
3531 1488 3611 1538 De
3629 1484 3860 1540 vitando

2205 1588 2320 1630 azre
2350 1571 2683 1644 alieno,qua
2711 1574 2942 1629 vetabat
2971 1573 3126 1628 cives
3148 1589 3289 1628 suos
3304 1571 3506 1628 aliena:
3529 1587 3698 1643 aquas
3724 1589 3859 1645 par-

2207 1659 2414 1732 ticipes
2440 1660 2559 1716 ﬁeri
2585 1662 2954 1732 prius,quam
2977 1659 3134 1715 domi
3157 1658 3282 1716 solo
3304 1675 3493 1730 usque
3514 1660 3586 1713 ad
3610 1658 3858 1731 argilam

2209 1749 2512 1815 exhausto,
2546 1767 2714 1822 aqua:
2743 1750 2800 1804 id
2861 1749 3060 1805 sterile
3117 1747 3666 1821 deprehendissent.
3723 1748 3862 1820 Ἀρα

2210 1833 2474 1892 δέδεικται
2499 1837 2623 1912 περὶ
2663 1837 2970 1913 χρημάτων
3002 1838 3133 1891 εἶναι
3164 1837 3355 1905 νόμον,
3386 1835 3536 1898 ὅπως
3572 1836 3651 1908 μή
3686 1833 3859 1890 δανεί-

2209 1925 2402 1996 ξωνται
2455 1928 2580 2002 παρ’
2610 1927 2826 2002 ἑτέρων,
2865 1923 2994 2000 μηδ’
3028 1925 3110 1980 ἐπ’
3137 1923 3438 1997 ἀλλοτρίας
3469 1926 3652 1999 πηγὰς
3699 1922 3857 1999 βαδί-

2211 2036 2367 2087 σωσι,
2432 2016 2507 2088 μὴ
2565 2015 2828 2090 πρότερον
2889 2013 3030 2070 οἷ’χοι
3093 2010 3190 2078 τὰς
3246 2015 3420 2069 αὑτῶν
3465 2012 3720 2090 ἀφορμὰς
3778 2013 3859 2084 ἑξ-

2211 2103 2538 2180 ελὲγξαντεςο
2575 2125 2602 2158 ε
2635 2106 2840 2162 Nonne
2871 2106 3110 2162 evidens
3141 2110 3231 2161 est
3256 2122 3383 2161 eam
3409 2103 3600 2176 legem
3632 2105 3704 2160 ad
3739 2119 3858 2160 rem

2213 2194 2612 2266 pecuniariam
2633 2194 3022 2266 pertinere,ne
3039 2194 3110 2250 ab
3141 2193 3274 2250 aliis
3296 2197 3571 2250 mutuum
3603 2199 3858 2257 sumant,

2214 2281 2554 2356 alienosque
2599 2283 2787 2338 fontes
2840 2284 3072 2354 adeant,
3130 2299 3244 2339 non
3294 2287 3429 2338 ante
3459 2282 3620 2338 domi
3681 2281 3863 2354 cepiis

2213 2370 2338 2426 suis
2367 2371 2762 2428 examinatis?
2795 2393 2822 2421 ››

2283 2477 2400 2534 Col.
2434 2480 2540 2533 274
2568 2481 2614 2534 A
2648 2481 2732 2534 15.
2772 2479 2907 2534 Vasa
2936 2494 3164 2550 quoque.
3215 2478 3378 2551 Legit
3442 2474 3732 2540 ἐσθιόντων
3783 2477 3868 2532 in-

2215 2571 2440 2640 terpres
2471 2573 2538 2624 ut
2561 2585 2628 2624 ex
2659 2566 2916 2640 Anglicis
2948 2567 3340 2624 substitutum
3381 2572 3511 2636 est;
3561 2568 3748 2639 magis
3778 2572 3863 2621 ta-

2217 2673 2349 2712 men
2381 2657 2599 2714 arridet
2614 2657 2959 2712 Basiliensis
2981 2656 3257 2713 editionis
3278 2660 3335 2713 et
3356 2657 3579 2712 codicis
3600 2655 3864 2712 ms.0|iv.

2216 2744 2408 2813 lectio,
2441 2745 2758 2814 ἑστιώντων,
2790 2763 2858 2801 ex
2889 2763 3006 2818 qua
3055 2746 3212 2818 apud
3263 2744 3632 2815 Cornarium,
3674 2767 3702 2798 ι
3732 2761 3869 2800 vasa

2215 2840 2274 2891 et
2302 2833 2725 2907 supellectilem
2757 2851 2959 2891 eorum
3001 2852 3035 2890 a
3076 2835 3297 2907 quibus
3339 2834 3603 2891 convivio
3648 2834 3867 2906 excipi-

2214 2928 2330 2979 tur.
2368 2945 2396 2972 ››
2429 2923 2642 2980 Eorum
2666 2924 2821 2980 enim
2853 2924 3069 2996 potius,
3101 2925 3200 2996 qui
3231 2923 3495 2980 convivio
3542 2921 3864 2995 excipiunt,

2217 3017 2358 3068 sunt
2385 3029 2544 3085 vasa,
2577 3029 2752 3084 quam
2783 3013 3185 3068 convivarum.

2288 3118 2436 3173 Ibid.
2467 3118 2509 3173 Β
2533 3119 2622 3175 11.
2653 3116 2715 3171 Τί
2752 3115 3095 3190 πολυπλόκῳ
3125 3118 3326 3193 θηρίῷ.
3361 3116 3525 3172 Unde
3575 3117 3866 3188 expressit

465 3213 806 3310 fortitudine
857 3217 1010 3273 infra
1053 3219 1330 3290 declinat,
1371 3224 1694 3278 secundum
1731 3222 2105 3278 timiditatem

2221 3208 2555 3276 Cornarius,
2577 3230 2605 3258 α
2630 3207 2777 3274 Quid
2803 3208 3114 3280 multiplici
3134 3207 3332 3264 bestia:
3364 3206 3623 3278 teipsum
3657 3207 3868 3277 adjun-

465 3303 873 3371 pervertitur.»
903 3309 1300 3364 Montacutius
1329 3325 1462 3364 vero
1487 3311 1744 3381 corrigit,
1771 3334 1791 3359 ι
1819 3312 1925 3376 Qui
1949 3312 2107 3367 enim

465 3391 524 3444 in
553 3391 778 3447 defectu
811 3393 1068 3450 declinat
1097 3414 1130 3451 a
1160 3397 1678 3454 fortitudine.Nam
1709 3403 1768 3454 et
1797 3400 1988 3456 audax
2008 3402 2111 3456 de-

468 3477 648 3535 clinat
676 3497 711 3536 a
740 3481 1104 3551 fortitudine,
1135 3486 1235 3540 sed
1269 3485 1329 3540 in
1360 3502 1622 3542 excessu.
1656 3509 1684 3536 »

537 3592 656 3648 Col.
696 3595 802 3649 246
834 3600 876 3650 Β
904 3599 957 3650 2.
990 3598 1107 3654 Non
1132 3599 1417 3655 irascitur.
1452 3601 1641 3671 Verte,
1681 3622 1702 3650 ε
1733 3607 1792 3660 et
1819 3620 1935 3660 non
1961 3604 2112 3662 iram

465 3682 767 3740 adducens
802 3700 906 3754 per
923 3685 1190 3757 singulos
1213 3688 1358 3746 dies.
1386 3711 1414 3739 ››
1435 3691 1529 3746 Sic
1553 3691 1709 3746 enim
1734 3692 1851 3749 ista
1871 3709 2111 3750 conver-

464 3774 674 3826 tuntur
707 3789 738 3828 e
773 3771 969 3830 Graeco
1010 3775 1139 3831 LXX
1180 3778 1334 3849 apud
1364 3779 1423 3834 S.
1447 3780 1842 3851 Augustinum
1865 3783 1925 3836 in
1953 3783 2112 3838 Psal-

461 3876 595 3929 mos,
619 3866 676 3917 et
695 3862 755 3917 in
782 3867 1031 3936 utraque
1063 3865 1371 3922 Basilicnsi
1395 3867 1652 3924 editione
1672 3869 1998 3941 legitur,mi
2034 3870 2110 3943 μὴ

468 3947 634 4022 ὀργὴν
666 3947 906 4026 ἰπάγων,
953 3954 1142 4025 primo
1174 3954 1339 4011 loco:
1391 3957 1652 4013 secundo
1682 3975 1818 4014 vero
1865 3960 2112 4030 conjun-

473 4040 586 4096 ctio
615 4039 706 4094 καί
759 4042 1075 4111 omittitur,
1131 4047 1287 4117 quod
1321 4047 1567 4104 fortasse
1599 4049 1656 4104 in
1690 4066 1870 4105 causa
1895 4051 2024 4117 fuit,
2049 4056 2114 4107 ut

471 4131 1068 4191 FlaminiusNobilius
1081 4139 1391 4192 annotaret
1403 4140 1557 4208 apud
1575 4138 1849 4194 Basilium
1864 4157 1978 4195 non
1998 4140 2110 4214 legi

465 4218 554 4273 καὶ
590 4221 691 4291 μή,
725 4221 879 4276 sicut
908 4223 1062 4293 apud
1095 4224 1525 4282 Theodoretum
1576 4232 1632 4281 et
1678 4227 2108 4300 Nicephorum:

468 4313 528 4364 at
556 4308 615 4363 in
647 4325 791 4365 mss.
825 4308 970 4366 Oliv.
999 4311 1058 4366 in
1092 4317 1338 4384 utroque
1367 4314 1492 4370 loco
1525 4315 1833 4386 reperitur.

541 4429 660 4486 Col.
695 4432 800 4486 266
832 4436 876 4485 B
903 4435 956 4485 2.
989 4434 1105 4488 Non
1125 4435 1424 4504 fenerabis.
1459 4438 1646 4494 Locus
1675 4442 1765 4494 est
1799 4440 2108 4498 Deuteron.

470 4535 633 4585 XXIII,
669 4520 758 4588 19,
790 4520 892 4576 ubi
920 4521 1174 4594 Vulgata
1203 4525 1422 4593 Latina,
1455 4527 1572 4582 Non
1609 4529 1888 4597 fenerabis
1940 4533 2115 4601 fratri

473 4611 565 4663 tuo
605 4607 674 4663 ad
718 4625 946 4665 usuram
981 4611 1232 4668 Verbum
1281 4613 1436 4669 enim
1488 4616 1761 4673 Latinum
1814 4620 2111 4676 fenerandi
2143 4605 2190 4671 Ῑ)

473 4696 665 4754 solum
698 4701 969 4754 mutuum
993 4699 1308 4772 aliquando
1331 4703 1625 4777 signiﬁcat
1653 4723 1665 4761 :
1701 4712 1766 4762 ut
1785 4711 2113 4780 Dcuter.xv,

473 4804 544 4856 9:
578 4788 872 4845 Fenerabis
917 4793 1170 4862 gentibus
1226 4793 1439 4860 multis,
1482 4800 1533 4851 et
1583 4797 1696 4867 ipse
1724 4814 1758 4851 a
1787 4798 1948 4856 nullo
1976 4803 2114 4856 acci-

470 4878 593 4948 pies
623 4887 878 4934 mutuum
908 4899 923 4948 ;
960 4881 1114 4952 quod
1143 4881 1281 4938 LXX
1309 4883 1504 4940 Graece
1525 4885 1834 4942 dixerunt:
1863 4887 1962 4941 Καὶ
2021 4886 2116 4943 δα-

473 4963 668 5028 νείσεις
697 4962 864 5020 ἔθνεσι
924 4965 1186 5036 πολλοῖς,
1247 4969 1308 5024 σὺ
1362 4967 1420 5025 δὲ
1476 4973 1540 5027 οὗ
1608 4969 1814 5048 δανειῇ.
1875 4977 2116 5036 Hebrai-

471 5072 606 5112 cum
631 5059 723 5113 est
749 5068 897 5122 ων.
949 5060 1023 5113 At
1044 5059 1154 5115 hoc
1199 5059 1323 5117 loco
1364 5062 1606 5119 verbum
1655 5068 1745 5120 est
1789 5077 1926 5137 πω,
1961 5069 2116 5140 quod

473 5168 501 5195 ‹‹
537 5145 804 5202 mordere
835 5170 862 5198 »
897 5145 1210 5219 signiﬁcat,
1243 5153 1302 5204 et
1362 5173 1390 5202 «
1434 5154 1726 5221 arrodere,
1765 5176 1792 5205 ››
1825 5159 1882 5210 et
1910 5153 2115 5211 ἐκτοκί-

475 5240 602 5306 ζειν,
636 5237 747 5294 hoc
776 5241 886 5307 est,
920 5262 947 5288 «
999 5240 1070 5295 ad
1105 5257 1346 5297 usuram
1401 5248 1678 5300 mutuum
1707 5246 1864 5302 dare.
1893 5268 1919 5296 ››
1951 5247 2114 5311 Quod

469 5343 604 5384 vero
625 5328 895 5400 sequitur
913 5329 1259 5387 exJeremiae
1282 5348 1359 5399 1x,
1383 5333 1437 5400 6,
1461 5334 1729 5390 nonnihil
1749 5336 2116 5393 immutatum

470 5422 560 5473 est
592 5419 663 5474 ab
692 5423 948 5488 auctore,
981 5437 1114 5476 cum
1147 5423 1301 5493 apud
1328 5423 1672 5494 prophetam
1706 5425 2118 5498 legatur,tdzoc

469 5502 557 5560 ἐπὶ
589 5506 755 5580 τόκῳ,
793 5504 960 5570 δόλος
993 5506 1080 5562 ἐπὶ
1113 5505 1284 5581 δόλῳ.
1323 5511 1709 5584 Manuscripti
1757 5531 1891 5569 cum
1941 5517 2116 5573 editis

469 5597 867 5653 consentiunt.
899 5598 1132 5656 Tertius
1158 5598 1321 5656 locus
1352 5606 1443 5657 est
1470 5601 1903 5672 psalm.uv,12.
1937 5608 2112 5664 Cete-

469 5702 602 5742 rum
633 5686 692 5742 in
724 5687 921 5745 codice
951 5687 1096 5745 Oliv.
1149 5689 1455 5763 inscriptio
1507 5689 1687 5763 hujus
1734 5693 2114 5766 expositionis

2221 3297 2311 3368 gis
2333 3297 2361 3351 ‘I
2387 3297 2712 3368 eodemque
2741 3298 2915 3353 modo
2946 3297 3004 3353 in
3037 3297 3182 3352 Oliv.
3215 3296 3504 3368 scriptum
3533 3295 3667 3351 fuit.
3719 3295 3872 3351 Sane

2219 3381 2590 3439 πολυπλόκων
2618 3385 2794 3442 etiam
2826 3386 3094 3442 meminit
3139 3385 3461 3458 Scriptura,
3508 3384 3620 3440 Job
3663 3401 3720 3450 v,
3780 3385 3866 3450 13,

2226 3471 2430 3546 βουλήν
2483 3469 2539 3527 δὲ
2576 3470 2945 3528 πολυπλόκων
2987 3471 3287 3544 ἐξέστησεν,
3329 3475 3624 3529 comitium
3681 3478 3871 3528 autem

2220 3568 2530 3619 catulorum
2557 3564 2798 3632 disiecit.
2831 3564 2944 3620 Sed
2985 3564 3176 3634 aptior
3200 3569 3291 3619 est
3336 3563 3508 3618 lectio
3545 3560 3776 3634 Anglic.
3811 3567 3871 3617 et

2219 3651 2554 3722 interpretis
2583 3649 2894 3723 πολυτόκῳ,
2929 3674 2957 3703 ‹‹
2988 3653 3266 3718 fecundas,
3300 3673 3329 3702 »
3363 3653 3515 3722 quod
3539 3651 3866 3722 epithetum

2221 3739 2444 3796 nomini
2466 3745 2521 3796 et
2542 3744 2763 3796 natura;
2807 3742 2996 3812 magis
3020 3739 3309 3804 convenit,
3356 3739 3513 3795 unde
3538 3744 3598 3795 et
3618 3739 3691 3795 de
3708 3739 3870 3811 lepo-

2220 3829 2385 3884 ribus
2432 3828 2932 3901 superfetantibus
2965 3829 3226 3900 subjicit.
3277 3832 3364 3884 lta
3391 3826 3539 3900 psal.
3572 3844 3768 3893 cxmu,
3801 3827 3870 3883 16

2218 3917 2286 3970 τὰ
2367 3911 2614 3988 πρόϐατα
2689 3916 2869 3971 αὐτῶν
2947 3914 3249 3988 πολύτοκα,
3309 3932 3433 3974 oves
3513 3932 3710 3974 eorum
3778 3919 3866 3986 fe-

2221 4017 2378 4064 (08$.

2291 4094 2410 4150 Col.
2441 4096 2548 4150 275
2577 4097 2616 4150 Α
2651 4097 2735 4151 15.
2773 4095 2928 4152 Liber
2951 4094 3263 4170 Ἐλεύθερον
3299 4112 3415 4168 pra
3439 4111 3501 4151 se
3523 4095 3636 4151 fert
3686 4094 3867 4151 etiam

2221 4201 2334 4240 ms.
2356 4183 2525 4254 Oliv.,
2556 4190 2617 4240 at
2636 4186 3070 4242 emendandum
3099 4191 3188 4243 est
3217 4181 3513 4258 ἃλεύθερος.
3545 4184 3630 4238 Ab
3663 4183 3870 4240 eadem

2222 4277 2414 4328 mente
2436 4272 2580 4328 illud
2599 4278 2690 4329 est
2708 4273 3005 4330 Plutarchi
3036 4274 3186 4331 libro
3205 4275 3332 4346 jam
3359 4273 3535 4329 citato
3561 4288 3701 4344 pag.
3723 4273 3867 4328 828:

2219 4361 2409 4432 Ἡμεῖς
2440 4357 2624 4429 δὲτὴν
2681 4359 3001 4437 αὐτάρκειαν
3047 4359 3438 4436 αἲσχυνόμενοι
3487 4356 3870 4415 καταδουλοῦ-

2225 4468 2318 4521 μεν
2376 4447 2598 4512 ἑαυτοὺς
2654 4450 2952 4521 ὑποθήκαις
3012 4450 3102 4505 καὶ
3171 4445 3558 4524 συμϐολαίοις,
3613 4445 3737 4504 δέον
3795 4448 3870 4510 εἰς

2221 4537 2354 4592 αὐτὰ
2407 4539 2473 4592 τὰ
2535 4541 2789 4613 χρήσιμα
2847 4537 3200 4602 συσταλέντας
3247 4538 3338 4594 καὶ
3396 4540 3869 4612 συσπειραθέντας,

2224 4625 2283 4682 ἐκ
2352 4631 2460 4681 τῶν
2516 4629 2809 4704 ἀχρήστων
2876 4629 2966 4683 καὶ
3028 4633 3299 4704 περιττῶν
3355 4627 3776 4683 κατακοπίντων
3833 4626 3866 4694 ἢ

2222 4716 2531 4790 πραθέντων
2569 4759 2582 4785 ,
2664 4716 2971 4793 ἐλευθερίας
3041 4717 3225 4780 αὐτοῖς
3301 4717 3446 4792 ἱερὸν
3528 4713 3867 4792 ἱδρύσασθαι·

2222 4807 2340 4863 Nos
2394 4807 2534 4863 dum
2594 4812 2900 4864 contentos
2957 4823 3086 4866 esse
3145 4808 3367 4865 nostris
3425 4807 3603 4863 rebus
3666 4808 3868 4878 pudet,

2223 4896 2434 4952 dandis
2489 4895 2834 4968 pignoribus
2891 4897 3402 4969 contractibusque
3453 4895 3786 4952 subeundis
3813 4895 3869 4950 in

2225 4985 2567 5042 servitutem
2599 4991 2832 5043 nosmet
2859 4987 3095 5056 damus,
3125 4986 3225 5042 ubi
3259 5003 3368 5059 par
3383 4989 3528 5052 erat,
3554 4985 3872 5042 contractis

2226 5075 2297 5131 ad
2331 5073 2501 5130 utilia
2529 5073 3209 5146 cupiditatibus,inutilia
3237 5091 3343 5131 nos
3372 5078 3430 5130 et
3458 5073 3648 5129 otiosa
3677 5072 3867 5130 conci-

2225 5164 2361 5220 dere
2418 5167 2518 5218 aut
2551 5163 2883 5232 divendere,
2912 5163 3112 5235 itaque
3140 5163 3313 5220 nobis
3342 5161 3633 5219 libertatis
3668 5162 3867 5218 fanum

2224 5259 2540 5310 exstruere.
2575 5275 2602 5303 »
2634 5253 2913 5325 Sequitur
2940 5253 3105 5310 locus
3158 5254 3313 5327 apud
3344 5252 3628 5310 Basiliam
3662 5252 3866 5325 partim

2223 5345 2296 5400 ad
2327 5343 2569 5400 verbum
2601 5343 2816 5415 partim
2846 5343 3174 5400 imitatione
3203 5359 3536 5416 expressus,
3569 5359 3640 5398 ex
3667 5342 3863 5398 eodem

2223 5431 2374 5488 libro
2405 5431 2697 5488 Plutarchi
2729 5431 3060 5504 descriptus
3090 5449 3223 5506 pag.
3263 5432 3408 5488 830:
3469 5431 3601 5492 Πῶς
3629 5427 3722 5484 οὖν
3756 5425 3861 5484 δια·

2220 5524 2447 5597 τραφῶ;
2511 5523 2685 5577 Τοῦτο
2741 5518 2966 5595 ἐρωτᾷς,
3013 5516 3157 5596 ἔχων
3204 5525 3419 5595 χεῖρας,
3476 5517 3622 5594 ἔχων
3677 5515 3858 5584 πόδας,

2223 5603 2368 5684 ἔχων
2402 5610 2610 5687 φωνὴν,
2643 5605 2926 5684 ἄνθρωπος
2958 5606 3053 5681 ὤν,
3083 5609 3130 5681 ᾧ
3158 5609 3222 5664 τὸ
3252 5607 3435 5687 φιλεῖν
3462 5607 3595 5664 ἑστι·
3647 5607 3736 5663 καὶ
3785 5627 3860 5682 φι·

2223 5694 2436 5764 λεῖσθαι
2467 5740 2482 5768 ,
2555 5697 2645 5755 καὶ
2717 5697 2782 5753 τὸ
2839 5697 3182 5775 χαρίζεσθαι,
3232 5698 3325 5754 καὶ
3379 5697 3444 5752 τὸ
3500 5695 3856 5773 εὐχαριστεῖν,
