4128 6216
318 437 471 500 1017

1503 437 1606 496 AD
1651 425 2031 494 HOMILIAS
2075 425 2154 486 IN
2197 425 2584 487 PSALMOS.

3571 423 3727 484 1018

310 567 613 642 γράμματα
643 563 938 635 διδάσκων,
978 568 1070 621 καὶ
1115 565 1527 642 παιδαγωγωνε
1563 591 1590 617 ‹‹
1639 567 1840 621 Dices:
1896 567 1966 620 At

2089 557 2484 627 Pentecosten,
2517 559 2764 622 stantes,
2799 572 2913 610 non
2946 554 3194 628 genibus
3243 553 3404 610 ﬂexis
3452 555 3716 614 orabant.

310 657 606 728 quomodo
639 656 810 712 alar?
839 656 1461 728 Hoccine,inqua:n,te
1491 671 1698 728 rogare
1729 668 1962 724 aequum

311 753 425 816 est,
458 746 560 817 qui
587 745 808 802 habeas
839 763 1075 816 manus,
1110 746 1310 818 pedes,
1343 762 1542 807 vocem
1565 745 1592 800 ?
1623 761 1738 816 quo
1790 742 1964 798 homo

312 834 420 905 sis,
447 834 547 906 qui
579 838 634 890 et
664 851 861 890 amare
892 835 1086 907 possis
1117 839 1174 890 et
1195 834 1402 906 amari,
1435 834 1784 890 beneficium
1817 829 1965 886 acci-

309 940 450 996 pere
481 929 539 979 et
567 941 738 997 agere
767 924 984 994 gratias
1010 927 1032 979 i’
1063 923 1294 980 litteras
1336 925 1617 994 docendo,
1650 938 1861 996 pueros
1891 919 1962 974 li-

309 1012 592 1068 beraliter
619 1013 928 1069 formando
954 1016 976 1068 ?
999 1034 1025 1066 ι

385 1102 506 1158 Col.
533 1102 642 1156 282
672 1105 711 1159 C
736 1104 789 1158 4.
817 1102 933 1158 Non
963 1104 1114 1158 enim
1155 1103 1386 1158 munda.
1433 1101 1840 1175 EXpunximus
1869 1098 1969 1155 illa

309 1191 674 1264 interpretis,
707 1213 736 1241 «
763 1190 889 1246 Non
922 1191 1078 1248 enim
1107 1195 1280 1248 castas
1313 1195 1452 1247 sunt
1482 1206 1704 1264 preces,
1739 1206 1844 1245 nec
1875 1205 1968 1244 ac-

311 1285 504 1354 cepta.
540 1302 568 1330 »
615 1280 893 1352 Spectant
941 1281 1098 1336 enim
1129 1279 1251 1336 haec
1292 1281 1363 1336 ad
1413 1285 1766 1353 praeceptum
1821 1277 1966 1333 illud

310 1370 626 1428 Deuteron.
660 1387 825 1441 xxm,
877 1372 980 1428 18:
1033 1371 1111 1429 Οὖ
1158 1370 1470 1446 προσοίσεις
1519 1368 1777 1443 μίσθωμα
1831 1368 1969 1444 πόρο

309 1480 409 1528 νης
467 1458 604 1533 πρὸς
661 1463 834 1514 πᾶσαν
923 1459 1121 1535 εὐχήν.
1207 1463 1325 1518 Νοη
1400 1462 1589 1534 oﬂeres
1665 1459 1968 1516 mercedem

312 1551 627 1605 meretricis
650 1549 721 1604 ad
749 1566 908 1606 omne
934 1561 1140 1606 votum.
1176 1555 1348 1607 Porro
1399 1549 1535 1624 εὐχή
1573 1566 1689 1605 non
1720 1555 1807 1604 est
1854 1547 1969 1603 He-

315 1639 520 1695 braice
552 1625 878 1712 n5§n,quaa
905 1641 1244 1715 προσευχήν,
1295 1640 1354 1695 id
1387 1645 1496 1710 est,
1549 1639 1965 1712 precationem,

316 1727 639 1800 signiﬁcat,
674 1729 772 1784 sed
807 1741 930 1796 Tu,
963 1746 1088 1802 quae
1115 1725 1444 1803 ὁμολογίαν,
1475 1733 1672 1785 votum
1705 1731 1806 1784 aut
1835 1745 1969 1800 pro-

312 1817 590 1887 missum,
625 1821 688 1872 ut
715 1817 984 1874 Jeremiw
1012 1835 1163 1884 χειν,
1221 1819 1328 1874 25;
1363 1817 1675 1890 Ποιήσομεν
1703 1816 1800 1879 τὰς
1831 1815 1965 1888 ὁμο-

2073 645 2458 717 Hieronymus
2481 645 2539 700 in
2563 645 2775 716 Dialog.
2809 643 3069 699 adversus
3109 643 3527 714 Luci/erianos:
3566 666 3586 692 ι
3624 643 3724 699 Die

2074 733 2380 790 Dominico
2413 738 2470 789 et
2501 750 2602 806 per
2632 749 2864 788 omnem
2920 735 3292 788 Pentecosten
3325 748 3430 787 nec
3461 733 3532 786 de
3561 731 3725 804 geni-

2075 823 2224 879 culis
2256 825 2522 891 adorare,
2555 827 2612 878 et
2635 822 2931 894 jejunium
2967 821 3208 891 solvere,
3257 821 3560 892 multoque
3591 820 3726 889 alia,

2078 930 2204 985 quae
2237 913 2456 984 scripta
2489 930 2602 968 non
2637 917 2795 978 sunt,
2839 909 3203 967 rationabilis
3253 910 3364 966 sibi
3398 910 3726 966 observatio

2075 1001 2451 1057 vindicavit.»
2477 1001 2634 1057 Idem
2659 1001 3004 1056 Ambrosius
3027 1000 3275 1055 serm.6l
3297 1001 3366 1054 uie
3392 999 3728 1054 Pentecoste

2079 1106 2147 1145 ex
2204 1089 2448 1146 concilio
2505 1091 2740 1146 Nieaeno
2798 1107 2926 1145 can.
2984 1090 3095 1144 20:
3154 1087 3422 1148 Ἑστῶτας
3481 1084 3629 1158 ἔδοξε
3656 1089 3724 1160 τῇ

2079 1175 2206 1253 ἁγίᾳ
2254 1174 2463 1249 συνόδῳ
2509 1178 2604 1240 τὰς
2657 1177 2824 1252 εὐχὰς
2872 1173 3190 1232 ἀποδιδόναι
3241 1180 3320 1247 τῷ
3365 1179 3518 1248 Θεῷ·
3580 1201 3607 1228 «
3659 1177 3730 1232 Ut

2079 1272 2305 1324 stantes
2337 1269 2405 1324 ad
2441 1269 2764 1324 orationem
2796 1271 2927 1324 vota
2955 1266 3202 1324 Domino
3237 1267 3573 1323 reddamus.
3613 1291 3632 1315 ι

2151 1375 2272 1430 Col.
2333 1375 2430 1429 291
2482 1377 2527 1430 Α
2573 1375 2626 1431 7.
2685 1376 2791 1444 Qui
2831 1377 3102 1446 aspirant.
3159 1373 3606 1429 Emendandum
3663 1372 3725 1429 in

2079 1465 2275 1521 Graeco
2313 1481 2383 1520 ex
2412 1482 2522 1520 ms.
2556 1463 2724 1533 Oliv.,
2758 1461 3174 1535 τελειουμὲνων,
3214 1486 3234 1511 ιι
3270 1463 3329 1518 in
3373 1463 3601 1519 animas
3631 1479 3726 1518 eo-

2079 1571 2210 1609 rum
2243 1553 2344 1625 qui
2367 1555 2492 1625 jam
2522 1552 2738 1608 initiati
2772 1558 2929 1609 sunt.
2953 1577 2964 1602 ι
2991 1553 3302 1608 Cornarius
3326 1551 3588 1624 scripsit,
3607 1574 3634 1602 «
3668 1552 3725 1605 in

2079 1643 2295 1698 animis
2327 1659 2530 1697 eorum
2563 1641 2664 1713 qui
2689 1642 2815 1712 jam
2840 1641 3246 1714 perficiuntur.
3279 1663 3306 1691 »
3345 1644 3417 1695 At
3447 1641 3601 1712 quod
3634 1657 3722 1695 se-

2079 1731 2310 1802 quitur,
2342 1729 2488 1803 παρὰ
2515 1731 2613 1782 τοῦ
2646 1725 2846 1801 Κυρίου
2893 1724 3407 1799 μετονομασθέντες,
3436 1725 3726 1798 interpres

2078 1819 2395 1888 ediderat,«
2427 1834 2528 1889 per
2550 1817 2953 1889 metaphoram
2979 1815 3083 1871 ﬁlii
3115 1815 3358 1870 tonitrui
3381 1813 3654 1887 appellati
3675 1836 3729 1881 ς»

312 1901 505 1980 λογίας
563 1904 622 1967 ἃς
674 1902 1141 1982 ὡμολογήσαμενο
1205 1907 1488 1964 Faciamus
1537 1916 1680 1976 vota,
1726 1920 1846 1978 quae
1875 1921 1965 1961 vo-

2089 1907 2408 1974 Jornarius,
2445 1929 2472 1957 ‹‹
2503 1923 2604 1978 per
2634 1906 3081 1963 translationem
3134 1903 3445 1977 appellati;
3485 1927 3504 1953 ι
3559 1903 3732 1976 quasi

317 1995 545 2057 vimus;
575 1998 668 2050 et:
727 1995 1066 2068 Ἐνεμείνατε
1093 1999 1214 2058 ταῖς
1276 1993 1600 2071 ὁμολογίαις
1652 1995 1823 2068 ὑμῶν’
1861 1997 1964 2050 Im-

321 2083 517 2155 plestis
541 2091 662 2139 vota
689 2093 892 2140 vestra.
946 2085 1197 2141 Basilius
1248 2090 1442 2142 autem
1502 2085 1676 2142 verba
1717 2100 1967 2156 usurpa-

321 2172 405 2227 vit
463 2171 794 2229 Salomonis
845 2173 1286 2230 Proverbiorum
1341 2192 1456 2242 xxx,
1512 2175 1627 2231 t3:
1707 2170 1808 2228 Καὶ
1867 2169 1973 2246 οὐχ

321 2259 472 2334 ἁγναὶ
509 2259 692 2336 εὐχαί,
754 2262 850 2317 ubi
903 2261 1085 2318 altera
1127 2279 1237 2318 vox
1268 2267 1356 2318 est
1379 2263 1620 2320 Hebraea
1674 2247 1809 2351 9151,
1843 2277 1969 2333 quae

318 2354 519 2406 votum
545 2351 681 2407 item
715 2351 1047 2423 sonat,licet
1077 2353 1292 2426 saepius
1323 2356 1549 2426 guttam
1577 2378 1592 2420 ;
1625 2353 1780 2408 unde
1810 2351 1972 2424 Sym-

321 2440 569 2496 machus
600 2439 818 2496 ibidem
852 2438 1106 2514 σταγόνες
1136 2441 1335 2513 vertit,
1365 2446 1423 2497 et
1450 2441 1702 2514 Vulgata
1744 2440 1970 2506 Latina,

321 2532 533 2586 eltecta
584 2531 790 2602 iugiter
816 2531 1088 2587 stillantia
1141 2531 1389 2600 litigiosa
1446 2531 1672 2586 mulier.
1706 2529 1863 2586 Alter
1895 2528 1974 2585 lo-

324 2635 430 2674 cus
489 2622 579 2674 est
626 2619 893 2675 Jeremiaa
949 2622 1169 2690 x1,15:
1222 2620 1316 2689 Μὴ
1363 2618 1521 2694 εὐχαὶ
1559 2619 1646 2672 καὶ
1692 2618 1822 2691 κρέα
1847 2617 1974 2691 ἅγια

322 2705 616 2783 ἆφελοῦσιν
701 2706 807 2762 ἀπὸ
890 2711 986 2762 σοῦ
1066 2706 1160 2770 τὰς
1214 2704 1403 2770 κακίας
1465 2729 1582 2776 σου,
1640 2707 1675 2777 ἢ
1751 2705 1974 2768 ταύταις

322 2793 579 2873 διαφεύξῃ
612 2815 626 2866 ;
660 2797 762 2853 ubi
793 2799 946 2870 quod
979 2798 1266 2872 propheta
1297 2798 1463 2866 dixit,
1497 2806 1592 2854 aut
1612 2805 1838 2871 propter
1867 2799 1976 2852 ista

322 2887 591 2960 eﬂugies;
649 2887 904 2944 Basilius
960 2888 1417 2945 circumlocutus
1469 2892 1606 2945 est:
1665 2885 1701 2955 ἢ
1755 2884 1971 2948 τούτοις

323 2969 419 3048 ἔσῃ
445 2975 722 3048 καθαρόςς
759 2999 788 3027 ‹‹
819 2981 920 3033 aut
960 2994 1064 3050 per
1092 2977 1214 3035 haec
1255 2995 1442 3052 purus
1490 2977 1654 3035 eris?
1708 2999 1736 3028 »
1799 2976 1974 3032 Paulo

325 3070 457 3137 post
496 3061 566 3117 δι’
623 3063 892 3140 ἆγιασμοῦ
949 3066 1240 3139 interpres
1287 3070 1560 3136 verterat,
1619 3089 1648 3118 «
1710 3082 1811 3138 per
1845 3064 1974 3121 vitae

321 3155 479 3211 enim
512 3155 965 3213 sanctimoniam
999 3157 1176 3213 nobis
1195 3158 1432 3231 pervius
1453 3161 1541 3214 est
1571 3157 1642 3214 ad
1676 3173 1809 3214 eum
1843 3173 1976 3212 san-

323 3249 482 3300 ctum
517 3261 583 3302 ac
612 3244 920 3302 familiaris
948 3245 1181 3314 aditus;
1220 3270 1246 3295 ››
1279 3251 1338 3302 at
1367 3247 1500 3320 plus
1532 3246 1752 3319 aliquid
1785 3249 1874 3302 est
1894 3243 1975 3298 ot-

321 3333 621 3402 κειοῦσθαι,
655 3351 832 3407 quam
861 3334 1084 3390 aditum
1117 3335 1350 3392 habere.

397 3431 517 3488 Col.
547 3433 654 3489 286
680 3436 726 3488 A
751 3435 802 3489 1.
833 3434 964 3490 Post
1002 3433 1168 3502 huius
1207 3436 1350 3491 vitae.
1385 3433 1773 3491 Restituimus
1826 3432 1978 3488 hanc

323 3521 698 3592 sententiam,
731 3529 906 3595 prout
947 3541 980 3580 a
1023 3522 1404 3579 Volaterrano
1442 3539 1718 3595 expressa
1768 3523 1978 3578 fuerat.

329 3609 836 3682 Dispensationem
868 3611 1021 3668 enim
1053 3617 1220 3668 vocat
1250 3612 1424 3668 istius
1457 3613 1586 3668 vitae
1619 3629 1886 3682 cursum,
1919 3613 1978 3671 in

327 3714 448 3769 qua
476 3697 699 3754 scelera
726 3701 1035 3770 permittit,
1070 3706 1126 3756 et
1146 3699 1313 3773 quasi
1345 3700 1684 3757 dissimulat
1713 3701 1887 3758 Deus.

401 3786 520 3842 Col.
556 3788 658 3843 186
687 3789 727 3845 C
755 3789 808 3844 8.
838 3791 1134 3848 Praeterito
1173 3799 1443 3847 creatore.
1487 3789 1846 3862 Scripsimus
1875 3791 1978 3848 de-

329 3875 464 3932 letis
494 3876 635 3948 illis,
670 3900 698 3928 ‹‹
729 3883 942 3951 praeter
970 3884 1318 3950 creatorem,
1349 3903 1374 3930 υ
1415 3896 1486 3937 ne
1544 3879 1793 3937 obnoxia
1822 3885 1981 3938 esset

332 3963 432 4020 illa
459 3967 647 4022 versio
677 3983 936 4024 censurae
977 3968 1191 4025 Tbeod.
1243 3969 1418 4040 Bezaa,
1472 3968 1572 4040 qui
1605 3968 1812 4026 merito
1838 3969 1978 4026 Era-

329 4069 527 4110 smum
559 4055 932 4128 reprehendit
960 4057 1118 4114 hunc
1148 4058 1422 4114 eumdem
1453 4056 1645 4114 locum
1677 4059 1762 4114 sic
1793 4059 1982 4131 expri-

329 4147 584 4199 mentem
617 4143 687 4199 ad
726 4143 895 4201 Rom.
919 4161 960 4212 ι,
987 4146 1078 4218 25,
1136 4162 1308 4217 supra
1357 4162 1503 4214 eum,
1561 4148 1658 4219 qui
1711 4148 1976 4204 condidit.

327 4229 476 4287 Nam
537 4231 640 4304 qui
695 4231 842 4305 παρᾶ
883 4233 974 4287 τὸν
1007 4233 1263 4288 κτίσαντα
1293 4234 1400 4293 hoc
1427 4235 1601 4290 modo
1633 4235 1822 4304 vertit,
1856 4240 1977 4307 aut,

330 4343 358 4370 ‹‹
391 4323 604 4392 praeter
635 4326 1017 4392 creatorem,»
1040 4323 1272 4379 videtur
1290 4323 1554 4380 conﬁteri
1579 4323 1844 4382 homines
1863 4325 1980 4382 Deo

328 4425 566 4482 quoque
595 4408 818 4466 cultum
852 4410 1110 4484 aliquem
1141 4411 1610 4480 exhibuisse,sed
1633 4412 1716 4469 ita
1737 4417 1803 4470 ut
1819 4430 1981 4470 crea-

330 4504 498 4555 turas
517 4500 692 4556 etiam
717 4500 975 4558 colerent
999 4519 1012 4556 :
1046 4506 1104 4558 at
1123 4502 1440 4575 Apostolus
1462 4502 1588 4559 vult
1609 4520 1706 4560 eos
1728 4503 1976 4571 cultum,

331 4591 436 4662 qui
472 4591 582 4647 Deo
613 4591 955 4664 debebatur,
989 4594 1060 4649 ad
1093 4599 1391 4651 creaturas
1423 4593 1821 4651 transtulisse.
1843 4594 1980 4651 Vul-

333 4682 488 4751 gata
513 4679 728 4735 Latine
755 4685 959 4737 auctor
987 4681 1152 4750 dixit,
1185 4690 1235 4738 et
1263 4685 1574 4738 servierunt
1602 4693 1872 4740 creatum
1888 4700 1984 4756 po-

333 4769 448 4822 tius
479 4783 644 4838 quam
689 4770 948 4825 creatori.
995 4769 1110 4826 Nec
1165 4769 1336 4827 aliter
1386 4771 1770 4844 Hieronymus
1825 4771 1982 4844 apud

333 4855 646 4927 Origenem
665 4857 724 4912 in
749 4858 1180 4915 Commentario
1205 4859 1478 4932 Epistolis
1508 4861 1564 4916 S.
1622 4861 1874 4917 Hilarius
1902 4877 1982 4918 xu

333 4945 412 4999 De
439 4945 764 5018 Trinitate,«
779 4950 836 5002 et
851 4946 1181 5004 servierunt
1200 4949 1795 5020 creaturae,praaterito
1819 4966 1985 5006 crea-

330 5039 489 5090 tore.
514 5034 814 5090 nSubinde
831 5035 1238 5107 scripsimus,«
1257 5036 1682 5109 ordinabitur,»
1701 5054 1815 5094 non
1839 5061 1866 5088 «
1891 5055 1984 5094 or-

336 5121 654 5178 dinabatur
679 5141 694 5193 ;
729 5145 757 5174 »
781 5123 990 5180 alludit
1018 5125 1176 5181 enim
1199 5126 1270 5181 ad
1292 5125 1436 5181 illud
1453 5126 1612 5182 Lucis
1641 5128 1818 5195 1111,46
1840 5144 1853 5183 :
1879 5125 1986 5182 Καὶ

331 5209 395 5263 τὸ
431 5207 596 5285 μέρος
653 5211 820 5266 αὐτοῦ
870 5211 1004 5286 μετᾶ
1048 5216 1155 5268 τῶν
1200 5213 1438 5269 ἀπίστων
1469 5215 1643 5286 Θήσει·
1674 5217 1739 5273 ιιι
1763 5220 1985 5288 partem

333 5300 455 5371 ejus
482 5317 609 5355 cum
640 5300 954 5373 inﬁdelibus
981 5311 1167 5374 ponet.

407 5388 529 5445 Col.
579 5388 749 5444 2878
802 5392 890 5448 11.
944 5392 1112 5450 Multi
1159 5393 1328 5449 enim.
1373 5393 1664 5451 Omiserat
1720 5395 1983 5468 corporis

335 5481 561 5534 statum
587 5479 898 5552 interpres,
934 5501 962 5531 «
985 5480 1186 5538 Plures
1215 5481 1370 5539 enim
1420 5483 1672 5556 speciem
1706 5486 1987 5542 orationis

336 5568 616 5638 praferre
647 5568 942 5636 videntur,
976 5571 1076 5643 qui
1108 5575 1305 5628 tamen
1337 5572 1396 5629 in
1429 5572 1534 5629 hac
1573 5574 1728 5630 aula.
1754 5596 1782 5624 »
1813 5575 1986 5632 Stans

338 5655 521 5712 etiam
549 5655 879 5714 Pharisaeus
911 5659 1135 5728 orabat,
1170 5660 1334 5717 Luca
1368 5678 1525 5731 xvm,
1571 5663 1660 5733 12,
1713 5668 1772 5720 et
1817 5663 1986 5720 Chri-

336 5745 521 5803 stiani
556 5747 1095 5817 quondam,diebus
1115 5747 1436 5808 Dominicis
1461 5754 1518 5807 et
1545 5767 1578 5806 a
1609 5752 1888 5810 Paschate
1914 5754 1984 5810 ad

2082 1995 2493 2069 metaphoram
2528 1995 2586 2050 in
2619 1995 2812 2050 locum
2865 1995 3229 2066 metonymize
3277 1992 3728 2048 substituerent.

2083 2091 2205 2142 imo
2237 2085 2330 2140 hic
2357 2083 2613 2140 nominis
2638 2084 3022 2139 mutationem
3048 2080 3531 2154 intelligit,quam
3555 2097 3735 2152 agno-

2078 2175 2159 2230 vit
2191 2174 2368 2231 etiam
2411 2174 2470 2230 S.
2531 2173 2916 2245 Hieronymus
2971 2169 3407 2227 inIDanielis:
3467 2192 3495 2220 «
3549 2169 3728 2224 Porro

2080 2263 2370 2321 Dominus
2391 2263 2449 2318 in
2473 2263 2685 2318 bonam
2721 2266 2945 2333 partem
2979 2260 3218 2315 nomina
3250 2261 3441 2314 mutat
3465 2257 3730 2329 antiqua,

2084 2359 2140 2410 et
2169 2371 2237 2409 ex
2269 2353 2446 2409 rebus
2475 2351 2726 2424 imponit
2754 2352 3038 2406 virtutum
3083 2347 3387 2416 vocabula,
3421 2351 3484 2401 ut
3513 2345 3728 2401 Abram

2081 2442 2404 2515 appellaret
2432 2441 2754 2511 Abraham,
2784 2445 2842 2494 et
2873 2439 2929 2493 in
2961 2435 3270 2509 Evangelio
3328 2435 3432 2490 ﬁlii
3476 2433 3733 2490 Zebedaei

2083 2531 2359 2604 appellati
2410 2533 2548 2586 sunt
2581 2527 2684 2584 ﬁlii
2730 2526 2971 2584 tonitrui
3005 2525 3200 2598 (Marci
3237 2542 3321 2591 ιιι,
3357 2526 3464 2596 17).
3497 2545 3518 2574 ι
3553 2524 3724 2595 Ejus-

2083 2620 2243 2676 modi
2271 2623 2359 2675 est
2387 2621 2800 2691 argumentum
2833 2615 2967 2672 libri
3010 2613 3278 2670 Philonis
3332 2612 3550 2669 Judaei:
3603 2610 3733 2686 Περὶ

2080 2713 2187 2763 τῶν
2250 2704 2798 2782 μετονομαζομὲνων,
2858 2704 2947 2758 καὶ
2997 2703 3071 2757 ὧν
3132 2697 3281 2757 ἕνεκα
3339 2698 3732 2775 μετονομάζον-

2081 2818 2190 2853 ται·
2227 2823 2254 2850 ‹‹
2280 2800 2471 2864 Quare
2489 2797 2882 2871 quorumdam
2918 2796 2975 2851 in
3009 2795 3328 2867 Scripturis
3359 2797 3588 2848 mutata
3610 2792 3730 2848 sint

2085 2889 2346 2945 nomina.
2386 2910 2414 2938 »
2444 2888 2531 2943 Ab
2561 2887 2766 2944 eadem
2800 2889 2996 2941 mente
3025 2889 3115 2940 est
3146 2882 3288 2938 illud
3326 2880 3583 2954 Gregorii
3616 2880 3729 2936 Na-

2083 2977 2343 3034 zianzeni
2375 2982 2525 3033 orat.
2572 2977 2635 3030 19
2663 2975 2722 3030 in
2756 2973 2990 3030 laudem
3022 2972 3230 3043 Patris,
3277 2988 3403 3044 pag.
3453 2971 3547 3025 30l
3580 2987 3592 3025 :
3662 2968 3729 3024 Ol

2081 3069 2177 3120 τοῦ
2209 3059 2497 3120 Ζεϐεδαίου
2521 3083 2583 3118 το
2619 3057 3036 3138 μεγαλόφωνον,
3082 3055 3110 3113 ὅ
3154 3057 3244 3113 καὶ
3304 3059 3536 3134 βροντῆς
3577 3053 3730 3118 υἱοὺς

2084 3151 2279 3216 αὐτοὺς
2308 3151 2735 3227 προσηγόρευσε·
2775 3176 2795 3202 α
2833 3150 2962 3206 Filii
2993 3148 3249 3207 Zebedasi
3279 3147 3732 3221 grandiloquen-

2086 3245 2229 3300 tiam
2262 3243 2419 3299 unde
2449 3248 2507 3298 et
2534 3241 2637 3297 filii
2659 3239 2902 3298 tonitrui
2924 3237 3199 3312 appellati
3232 3242 3405 3294 sunt:
3443 3258 3471 3288 ιο
3499 3240 3556 3293 et
3583 3239 3730 3292 orat.

2087 3335 2177 3402 20,
2231 3350 2364 3406 pag.
2412 3333 2538 3398 369,
2593 3331 2962 3386 commendat
3010 3330 3186 3384 etiam
3233 3329 3341 3380 τῶν
3382 3325 3515 3378 υἱῶν
3582 3313 3734 3378 Ζεϐε-

2089 3419 2244 3476 δαίου
2273 3421 2335 3476 τὸ
2379 3418 2789 3497 μεγαλόφωνον.
2821 3421 2892 3475 At
2921 3418 3058 3475 licet
3087 3415 3267 3473 nimis
3309 3414 3518 3472 stolide
3547 3413 3730 3470 Theo-

2090 3514 2215 3568 dor.
2248 3516 2393 3568 Beza
2423 3510 2481 3565 in
2513 3509 2690 3566 Marci
2717 3526 2782 3565 ιιι
2804 3507 3067 3564 scribens
3088 3507 3286 3562 minus
3304 3502 3683 3578 probabiliter
3703 3519 3736 3557 a

2089 3601 2366 3674 Gregorio
2397 3600 2553 3656 dicat
2582 3599 2639 3654 id
2669 3597 3082 3670 excogitatum,
3125 3595 3510 3652 confirmatur
3535 3596 3731 3648 tamen

2090 3690 2433 3747 aurtoritate
2462 3692 2518 3744 S.
2552 3687 2768 3756 Basilii,
2803 3687 2902 3758 qui
2932 3686 3041 3741 hac
3073 3685 3377 3741 nominum
3410 3681 3737 3738 mutatione

2088 3778 2381 3850 designari
2408 3777 2532 3832 vult
2561 3775 2963 3848 Evangelium,
2995 3775 3146 3846 quod
3188 3773 3396 3846 grandi
3447 3788 3583 3828 voce
3631 3769 3735 3824 filii

2086 3865 2344 3924 Zebedaai
2375 3863 2848 3938 promulgarunt,
2872 3862 3091 3919 tonitru
3125 3861 3420 3933 quoddam
3443 3873 3591 3914 esse.

2158 3973 2304 4029 Ibid.
2339 3973 2464 4028 B9.
2495 3974 2632 4028 Rota
2680 3969 2998 4026 Ezechielis
3038 3985 3078 4038 1,
3130 3968 3217 4035 15,
3269 3966 3354 4021 sic
3413 3963 3626 4033 legitur
3676 3961 3733 4016 in

2087 4062 2355 4134 Vulgatis
2416 4059 2652 4116 Bibliis:
2717 4056 3016 4132 Ἐχόμενος
3070 4058 3178 4108 τῶν
3243 4053 3394 4122 ζώων
3444 4055 3564 4113 τοῖς
3610 4049 3734 4104 τίσε-

2090 4170 2284 4226 σαρσι,
2361 4147 2454 4203 καὶ
2510 4148 2571 4201 τὸ
2630 4144 2770 4210 εἶδος
2825 4149 2933 4200 τῶν
2991 4147 3210 4220 τροχῶν
3270 4141 3344 4203 ὡς
3401 4137 3540 4204 εἶδος
3596 4144 3735 4212 Θαρ-

2087 4246 2220 4302 σεῖς’
2270 4242 2436 4298 Juxta
2479 4237 2758 4295 animalia
2815 4238 2948 4308 ipsis
2997 4244 3255 4308 quatuor,
3309 4240 3361 4288 et
3407 4230 3610 4304 species
3647 4244 3735 4284 ro-

2090 4337 2276 4387 tarum
2323 4330 2484 4402 quasi
2535 4330 2739 4402 species
2798 4327 3036 4383 Tharsis.
3074 4326 3334 4380 Annotat
3363 4337 3492 4378 vero
3549 4319 3733 4374 Flam.

2087 4419 2356 4476 Nobilius
2378 4419 2437 4474 in
2467 4417 2819 4490 quibusdam
2845 4413 3011 4470 libris
3041 4411 3176 4470 addi
3207 4409 3296 4464 καὶ
3325 4411 3361 4478 ἡ
3392 4406 3742 4478 ποίησιςβυῐ

2087 4507 2305 4580 ποίημα
2332 4505 2530 4576 αὐτῶν,
2563 4507 2722 4578 quod
2758 4505 2917 4578 apud
2940 4509 2996 4558 8.
3030 4502 3452 4572 Hieronymum
3478 4498 3536 4553 in
3569 4495 3735 4567 LXX,

2091 4620 2118 4647 «
2143 4601 2198 4652 et
2220 4597 2445 4652 factura
2461 4611 2695 4662 earum;
2723 4613 2746 4644 ι
2769 4592 3063 4664 quomodo
3087 4597 3141 4647 et
3162 4589 3256 4644 hic
3277 4588 3432 4660 apud
3456 4586 3736 4642 Basilium

2093 4685 2413 4750 additur,et
2443 4682 2689 4755 requirit
2717 4681 3122 4750 Hebraeum,“
3150 4695 3266 4750 quo
3297 4675 3549 4748 Vulgata
3581 4674 3737 4730 Lati-

2095 4790 2226 4842 na,«
2249 4777 2307 4830 et
2336 4777 2609 4843 aspectus
2630 4774 2978 4839 rotarum,et
2991 4785 3140 4840 opus
3163 4764 3572 4835 earum,quasi
3593 4762 3737 4818 visio

2095 4863 2297 4919 maris.
2329 4884 2357 4913 »
2393 4859 2704 4917 Cornarius
2729 4859 2825 4915 hic
2859 4859 3058 4914 minus
3089 4863 3224 4930 apte
3253 4854 3444 4923 vertit,
3470 4874 3490 4903 ι
3511 4853 3738 4909 haerens

2095 4969 2163 5008 ex
2179 4955 2432 5024 quatuor
2451 4947 2830 5007 animalibus.
2859 4971 2887 4999 ››

2165 5039 2284 5097 Col.
2306 5040 2412 5095 205
2431 5045 2468 5092 Β
2493 5040 2578 5094 13.
2619 5039 2680 5095 Ut
2709 5039 2860 5094 enim
2891 5039 2953 5093 in
2977 5038 3096 5094 Job.
3128 5034 3292 5102 Quod
3339 5036 3428 5089 est
3450 5030 3508 5086 in
3534 5028 3740 5086 Latina

2095 5129 2352 5201 Vulgata
2380 5128 2490 5184 Job
2538 5143 2732 5194 nux,
2768 5127 2873 5182 1οε
2906 5123 3168 5198 Nunquid
3196 5123 3455 5194 alligabis
3485 5119 3736 5174 rhinoce-

2096 5229 2216 5276 rota
2244 5218 2314 5276 ad
2343 5218 2622 5273 arandum
2653 5217 2716 5272 in
2747 5217 2862 5272 loco
2887 5221 2981 5272 tuo
3001 5219 3027 5270 .9
3058 5214 3143 5270 sic
3189 5212 3345 5284 apud
3395 5208 3539 5265 LXX
3594 5206 3737 5278 legi-

2097 5325 2265 5378 mus;
2347 5303 2684 5375 Βουλήσεται
2745 5299 2801 5358 δέ
2865 5323 2950 5357 σοι
3041 5301 3351 5375 μονόκερῶς
3425 5292 3734 5350 δουλεῦσαι·

2102 5399 2244 5454 Volet
2292 5405 2472 5452 autem
2522 5395 2809 5451 unicornis
2837 5395 3047 5449 servire
3077 5393 3195 5446 tibi.
3223 5389 3344 5454 Quo
3376 5387 3595 5441 factum
3625 5387 3736 5451 est,

2094 5492 2156 5544 ut
2190 5487 2245 5544 in
2297 5490 2512 5544 Catena
2563 5485 2895 5542 tiraacorum
2941 5501 2974 5537 a
3004 5481 3204 5537 Niceta
3236 5473 3592 5533 Heracliensi
3627 5471 3741 5528 col-

2093 5576 2396 5649 lecta,qua3
2425 5575 2487 5631 in
2519 5573 2697 5646 Regia
2727 5571 3088 5628 bibliotheca
3111 5561 3738 5634 servatur,exscriptus

2096 5665 2271 5720 fuerit
2290 5669 2448 5720 totus
2472 5663 2566 5719 hic
2589 5660 2787 5718 Basilii
2823 5661 2984 5718 locus
3007 5655 3274 5715 nonnihil
3294 5654 3469 5712 etiam
3489 5649 3740 5723 amplifi-

2095 5759 2300 5811 catus.
2346 5748 2490 5810 Οὐδὲ
2517 5751 2914 5822 κοιμηθήσεται
2945 5746 3033 5803 ἐπὶ
3083 5747 3309 5826 φάτνης,
3359 5737 3484 5796 οὐδὲ
3542 5735 3735 5812 ὁμαλί-
