4128 6216
463 353 618 416 1019

1653 354 1886 416 NOTIE
1928 354 2372 416 FRONTONIS
2416 355 2676 418 DUCIEI

3691 356 3822 418 1030

459 505 537 538 σει
595 482 901 554 κοιλάδας,
962 483 1280 548 ἀκολουθων
1338 506 1470 553 σοι,
1526 483 1649 540 οὐδὲ
1703 484 2105 561 ἐγκαταλείψεις

2224 485 2496 542 diluvium
2527 487 2822 557 inhabitat,
2855 490 2911 542 et
2941 486 3125 541 citant
3153 483 3253 540 alii
3285 500 3354 540 ex
3383 484 3608 557 Aquila,
3653 483 3821 560 Κύριος

464 564 611 644 αὐτῷ
655 572 722 627 τὰ
775 574 1042 650 γεώργια,
1087 571 1209 629 οὐδὲ
1257 576 1692 645 ἀποκαταστήσει
1733 595 1818 628 σοι
1845 573 1937 627 τὸν
1971 573 2107 626 σπό-

462 682 577 735 ρον,
609 659 734 717 οὐδὲ
766 663 983 734 συνάξεε
1019 664 1085 718 τὰ
1116 662 1439 735 ἀλοηθέντά,
1472 663 1560 718 καὶ
1611 661 1796 717 πολλὰ
1841 663 1962 736 περὶ
2011 666 2106 715 τοῦ

463 750 853 826 ἐλευθεριάζειν
900 754 961 807 τὸ
1012 759 1173 824 ζῶον,
1222 753 1312 808 καὶ
1360 755 1436 826 μὴ
1490 754 1724 808 ὑπείκειν
1779 750 2106 827 ἀνθρώποις,

461 838 514 892 ἐν
546 841 724 913 τούτῳ
752 846 830 913 τῷ
864 841 1013 917 μὲρει
1043 845 1144 912 τῆς
1174 843 1510 921 προφητείας
1548 840 1778 917 ε’ίρηται⁸
1839 863 1860 891 α
1909 843 2108 913 Neque

459 931 518 984 in
552 932 796 1003 praesepi
830 933 1100 1000 dormiet,
1124 950 1312 1006 neque
1334 932 1624 989 convalles
1647 933 1901 1004 aequabit
1931 937 1988 987 te
2017 947 2107 987 se-

461 1035 646 1090 quens
671 1035 857 1090 neque
881 1019 963 1074 illi
989 1037 1126 1076 arva
1147 1021 1502 1087 committes,
1540 1037 1729 1092 neque
1746 1019 1850 1075 tibi
1876 1036 2106 1075 semen-

459 1113 576 1162 tem
608 1109 896 1179 restituet,
929 1126 1119 1183 neque
1159 1127 1228 1166 ea
1260 1127 1388 1182 qua:
1421 1111 1696 1165 triturata
1713 1115 1852 1164 sunt
1882 1109 1941 1164 in
1973 1125 2108 1164 arca

460 1197 736 1267 colliget:
771 1203 827 1252 et
850 1197 1035 1253 multa
1057 1200 1126 1254 de
1149 1200 1331 1268 hujus
1354 1199 1550 1256 bestia:
1575 1199 1809 1254 licentia
1829 1205 1884 1254 et
1905 1203 2107 1254 contu-

460 1287 829 1358 macia,quod
860 1287 1186 1344 humanum
1219 1295 1555 1344 contemnat
1581 1287 1979 1360 imperium,in
1999 1287 2107 1342 hac

459 1374 776 1445 prophetiae
809 1383 969 1447 parte
1001 1382 1142 1432 sunt
1172 1378 1347 1433 dicta.
1379 1401 1408 1427 ι)
1441 1382 1720 1434 Caeterum
1757 1378 1814 1432 in
1850 1377 2106 1432 editione

456 1462 678 1519 Veneta
709 1481 834 1536 quae
867 1471 1197 1537 sequuntur
1218 1469 1288 1521 ab
1312 1467 1429 1522 iilis
1450 1468 1677 1522 verbis:
1711 1487 1738 1519 ι
1762 1467 1950 1537 Ilujus
1967 1481 2104 1537 ergo

458 1553 548 1606 vis
583 1553 856 1608 animalis
889 1554 1085 1623 ultrix,
1114 1577 1141 1604 »
1174 1573 1288 1611 non
1321 1556 1517 1611 Basilii
1547 1561 1708 1625 sunt,
1757 1556 1857 1610 sed
1917 1554 2106 1627 Olym-

458 1640 705 1713 piodori,
738 1647 801 1697 ut
831 1659 900 1698 ex
928 1645 1130 1699 eodem
1167 1645 1344 1716 Regio
1376 1645 1572 1700 codice
1604 1661 1712 1700 ms.
1745 1648 1995 1700 constat.

536 1747 654 1802 Col.
685 1748 790 1802 298
813 1748 853 1802 B
884 1751 934 1804 4.
963 1750 1126 1806 Facta
1152 1756 1232 1805 est
1261 1751 1722 1820 ﬂamma.Vocem
1749 1774 1774 1802 ‹‹
1810 1751 2097 1806 flamma»

2219 573 2297 637 εἲς
2379 573 2764 646 κατακλυσμὸν
2849 571 3111 638 ἐκάθισεν,
3181 574 3468 630 Dominus
3523 574 3578 630 in
3636 575 3820 632 diluvio

2218 665 2388 719 sedit.
2426 687 2453 714 »
2485 661 2817 731 Κατοικίζειν
2851 669 2940 720 est
2969 687 2996 713 «
3031 662 3354 719 habitabile
3380 665 3634 730 reddere,
3666 687 3691 712 »
3716 685 3819 718 κατι

2219 757 2411 819 οικεῖν,
2443 777 2469 803 ‹‹
2503 753 2790 822 habitare,
2825 775 2852 804 »
2885 753 3040 825 quod
3069 753 3299 807 videtur
3331 753 3526 824 potius
3558 753 3824 824 amplexus

2216 857 2344 897 esse
2375 842 2650 912 Basilius,
2682 858 2814 897 cum
2849 842 3027 897 addat
3053 841 3312 896 animam
3353 841 3478 897 fieri
3531 844 3822 910 κατοικητή-

2218 947 2333 1002 ριον
2367 932 2464 982 τοῦ
2493 932 2625 983 Θεοῦ
2657 927 2709 982 ἐν
2741 928 3035 1000 Πνεύματι.

2287 1035 2407 1092 Col.
2442 1035 2548 1090 306
2583 1037 2626 1090 A
2655 1035 2709 1092 9.
2769 1033 3174 1108 Adimpleatur,
3231 1031 3584 1104 πληθυνθείη.
3639 1033 3824 1090 Coms-

2215 1125 2340 1180 rius
2398 1123 2630 1180 fidelius
2679 1141 2749 1180 ex
2811 1128 2829 1178 ι
2885 1124 3034 1180 Petri
3094 1140 3133 1192 ι,
3184 1124 3239 1190 3,
3271 1122 3463 1179 Gratia
3491 1123 3636 1179 vobis
3661 1127 3827 1191 clpa:

2214 1213 2662 1286 multiplicetur:
2695 1212 2968 1284 idemque
2997 1211 3286 1285 reperitur
3315 1213 3365 1268 II
3403 1213 3554 1268 Petri
3608 1228 3646 1279 ι,
3688 1215 3740 1280 2,
3779 1219 3826 1268 et

2213 1303 2380 1358 Judas
2408 1305 2463 1357 2.
2497 1303 2618 1358 Sub
2645 1303 2818 1358 finem
2853 1301 3106 1357 homiliaa
3136 1301 3338 1357 omisit
3375 1300 3656 1373 interpres
3681 1299 3826 1367 illud,

2214 1388 2266 1444 ἐν
2301 1389 2504 1466 εἰρήνῃ,
2562 1412 2590 1442 ‹‹
2647 1390 3077 1448 benedictionis
3132 1389 3288 1447 ofﬁci
3319 1390 3378 1446 in
3433 1405 3574 1462 pace
3618 1389 3824 1462 partici-

2215 1496 2338 1552 pes.
2371 1501 2398 1528 »

2287 1569 2430 1624 Ibid.
2468 1568 2510 1623 B
2539 1570 2594 1635 6,
2643 1571 2747 1622 Teii
2787 1564 3161 1642 ἐγκαινισμοῦ.
3208 1570 3271 1624 In
3317 1565 3711 1639 inscriptionis
3753 1566 3824 1620 in-

2210 1657 2624 1729 terpretatione
2654 1656 3336 1729 superfluumestillud,«
3354 1656 3692 1725 innovate,»
3712 1670 3823 1710 cum

2212 1743 2558 1820 ἒγκαινισμός
2604 1746 3036 1803 renovationem
3079 1751 3247 1802 sonet
3275 1750 3372 1801 aut
3426 1744 3821 1801 dedicationem

457 1837 528 1890 de
559 1852 665 1891 suo
696 1836 921 1892 addidit
951 1837 1262 1909 interpres;
1293 1839 1609 1894 Cornarius
1635 1839 1906 1911 scripsit:
1942 1859 1973 1892 (ι
2005 1839 2102 1895 Fa-
2131 1851 2176 1917 Β
2211 1836 2474 1906 cujusvis
2496 1835 2575 1891 rei
2601 1851 2716 1891 non
2740 1837 2912 1892 modo
2939 1835 3357 1902 renovatm,sed
3375 1838 3555 1906 etiam
3585 1837 3698 1889 tum
3727 1832 3823 1904 pri-

458 1929 553 1980 cta
581 1929 671 1981 est
700 1925 879 1993 enim,
911 1926 1124 1998 inquit,
1148 1927 1306 1982 velut
1335 1927 1578 2000 spiritus
1601 1929 1749 1984 roris
1777 1928 2023 1984 sibilans
2046 1948 2094 1997 ;»

461 2029 566 2084 ego
626 2013 847 2082 malim,
881 2036 910 2065 ι(
946 2016 1154 2072 Faclus
1185 2021 1276 2072 est
1315 2016 1471 2072 velut
1500 2018 1746 2090 spiritus
1776 2019 1925 2073 roris
1955 2018 2100 2073 sibi-

455 2101 624 2170 lans;
670 2124 696 2152 »
730 2107 960 2159 tantum
991 2108 1147 2162 enim
1180 2104 1432 2178 legimus
1465 2106 1718 2162 Danielis
1745 2124 1798 2178 v,
1827 2107 1936 2162 50:
1969 2107 2102 2180 Ἀγ-

458 2188 620 2264 γελος
663 2189 859 2264 Κυρίου
918 2190 1141 2262 ἐποίησε
1195 2193 1257 2248 τὸ
1320 2195 1485 2266 μέσον
1526 2200 1628 2262 τῆς
1706 2193 1938 2267 καμίνου
2025 2193 2100 2256 ὡς

456 2281 671 2351 πνεῦμα
703 2275 899 2352 δρόσου
959 2277 1286 2356 διασυρίζον.
1324 2307 1353 2334 ‹‹
1412 2283 1670 2356 Angelus
1729 2285 1955 2341 Domini
2016 2285 2103 2340 fe-

455 2367 532 2423 cit
563 2369 824 2425 medium
855 2370 1108 2454 fornacis
1135 2373 1303 2444 quasi
1336 2377 1574 2429 ventum
1609 2373 1754 2430 roris
1784 2390 2104 2430 susurram-

456 2461 595 2512 tem.
632 2479 662 2507 »

529 2545 676 2600 Ibid.
722 2546 762 2600 D
815 2546 868 2600 3.
925 2547 1410 2618 Sanctiﬁcationis.
1471 2551 1584 2605 Τοῦ
1638 2549 1906 2624 ἀγιασμοῦ
1964 2551 2106 2623 legit

456 2633 782 2705 interpres;
844 2639 903 2690 at
931 2636 1278 2694 Basiliensis
1332 2637 1510 2694 editio
1569 2642 1800 2712 praefert
1826 2638 1918 2693 τὸν
1950 2638 2104 2713 ἆγια-

458 2719 615 2792 σμόν,
648 2723 738 2778 cui
773 2725 1132 2796 suffragatur
1161 2743 1274 2782 ms.
1305 2727 1450 2783 Oliv.
1485 2731 1676 2793 Corn.,
1710 2752 1738 2778 ››
1785 2729 2104 2786 sanctifica-

454 2812 698 2868 tionem.
734 2834 763 2863 »
798 2815 1148 2886 Euthymius
1179 2832 1412 2888 quoque
1441 2817 1578 2873 huic
1631 2817 1861 2874 lectioni
1914 2821 2101 2875 favet:

459 2899 699 2955 Συσσείει
750 2897 828 2970 δὲ,
875 2903 1065 2979 φησίν,
1116 2904 1178 2958 οὗ
1225 2908 1395 2959 πᾶσαν
1439 2906 1538 2973 τὴν
1572 2903 1802 2980 ἔρημον,
1833 2903 1978 2961 ἀλλὰ
2004 2906 2104 2974 τὴν

459 2985 661 3060 Κάδης·
721 2989 988 3064 τουτέστι,
1040 2993 1140 3062 τὴν
1194 2993 1373 3069 ἁγίαν,
1428 2996 1528 3065 τήν
1587 2993 1970 3074 ἀφωρισμένην
2016 2993 2104 3050 καὶ

458 3076 605 3150 ἀξίαν
635 3077 822 3137 αὐτοῦ.
856 3078 1037 3152 Κάδης
1069 3081 1172 3158 γὰρ
1206 3083 1363 3158 ἁγίαν
1395 3083 1682 3158 ἑρμηνεύει
1729 3085 1848 3138 καθ’
1889 3081 2106 3154 Ἓλλη-

456 3185 572 3228 νας·
605 3190 632 3219 ‹‹
679 3169 986 3227 Concutiet
1027 3181 1216 3228 autem
1263 3191 1378 3230 non
1426 3191 1598 3230 omne
1629 3176 1950 3240 desertum,
2001 3175 2100 3230 sed

457 3259 758 3313 desertum
811 3259 1031 3316 Gades:
1060 3261 1168 3316 hoc
1197 3266 1308 3327 est,
1340 3267 1612 3318 sanctum
1642 3267 1698 3318 et
1729 3268 2102 3336 segregatum

459 3352 517 3402 et
545 3346 673 3418 ipso
705 3346 970 3418 dignum.
1002 3349 1184 3404 Cades
1214 3351 1370 3406 enim
1404 3355 1674 3406 sanctum
1709 3352 1887 3407 Graeci
1919 3351 2104 3407 inter-

459 3439 783 3507 pretantur.
821 3457 849 3485 »
882 3437 1044 3500 Quod
1077 3443 1270 3494 autem
1304 3439 1374 3494 de
1404 3438 1587 3495 cervis
1620 3439 1861 3509 subjicit
1881 3438 2105 3510 viperas

457 3524 897 3590 devorantibus,
928 3528 1182 3580 testatur
1209 3527 1382 3582 etiam
1416 3525 1642 3582 Piinius
1673 3543 1772 3583 eos
1801 3532 2105 3599 serpentes

459 3612 736 3667 mandere
766 3611 1082 3679 solere,lib.
1107 3631 1232 3686 vm,
1265 3631 1392 3688 cap.
1425 3616 1496 3670 32
1520 3632 1532 3670 :
1567 3638 1595 3666 ‹‹
1616 3617 1717 3672 Est
1734 3617 1804 3671 iis
1826 3632 1959 3672 cum
1984 3633 2106 3672 ser-

458 3704 633 3773 pente
654 3717 878 3771 pugna:
905 3702 1197 3774 vestigant
1218 3705 1872 3778 cavernas,nariumque
1894 3705 2104 3778 spiritu

460 3788 777 3845 extrahunt
825 3791 1188 3860 renitentes;
1221 3814 1249 3844 »
1282 3797 1339 3849 et
1367 3792 1469 3848 lib.
1500 3809 1623 3860 vm,
1653 3810 1780 3866 cap.
1820 3795 1893 3850 9:
1929 3815 1958 3844 «
2009 3811 2107 3850 ex-

460 3882 680 3934 tractas
710 3879 973 3935 cavernis
992 3882 1358 3938 mandentes.
1377 3903 1406 3933 n
1435 3882 1589 3938 Idem
1614 3883 1877 3939 Elianus
1897 3882 1998 3938 lib.
2019 3900 2104 3953 ιιι,

463 3983 589 4040 cap.
613 3967 668 4036 9,
702 3968 777 4023 De
797 3969 1156 4038 animalibus,
1206 3967 1451 4048 ’Ἔλαφος
1501 3965 1621 4048 ὅφιν
1677 3975 1800 4041 νικᾷ
1856 3969 1990 4025 κατά
2033 3991 2109 4024 τι·

461 4075 554 4115 νος
585 4052 793 4129 φύσεως
827 4052 1031 4132 δωρεὰν
1075 4058 1411 4131 Θαυμαστῆς·
1473 4082 1500 4111 ι(
1561 4061 1804 4116 Miriﬁco
1851 4062 2106 4133 quodam

464 4161 706 4200 munere
737 4151 958 4202 naturai
1001 4163 1208 4204 cervus
1239 4153 1573 4222 serpentem
1605 4149 1820 4218 viucit;
1857 4172 1884 4199 ι)
1915 4154 1973 4204 et
2002 4149 2106 4204 lib.

465 4250 586 4305 xm,
609 4251 660 4290 c.
683 4235 774 4301 35,
798 4235 990 4291 simile
1013 4236 1157 4308 quid
1176 4237 1248 4293 de
1269 4237 1383 4293 alia
1400 4237 1747 4309 purgatione
1768 4253 2068 4293 cervorum
2094 4254 2109 4295 :

466 4323 694 4398 Λέγουσι
727 4323 944 4400 φυσικοὶ
993 4321 1181 4399 ἄνδρες
1227 4325 1318 4380 τὸν
1379 4322 1578 4403 ἔλαφον
1631 4324 1936 4400 καθάρσεως
1994 4322 2110 4380 δεό-

471 4431 628 4482 μενον
661 4409 839 4466 σέσελι
872 4411 1090 4467 ἐσθίεινθ
1127 4411 1444 4491 φαλαγγίων
1506 4411 1563 4469 δὶ
1620 4415 1925 4487 κνήσμασιν
1983 4413 2111 4490 ἑχό-

472 4519 629 4571 μενον
662 4499 972 4575 καρκίνους.
1010 4526 1030 4552 α
1058 4503 1289 4575 Pbysici
1329 4505 1535 4560 dicunt
1576 4521 1807 4560 cervum
1852 4504 2114 4575 indigen-

2207 1939 2367 1978 mum
2404 1925 2648 1980 conditae
2679 1929 2856 1996 atque
2884 1925 3160 1979 fundatis.
3196 1923 3368 1979 Paulo
3401 1928 3536 1994 post
3563 1921 3824 1978 mendosa

2207 2011 2376 2068 lectio
2395 2013 2510 2066 κατ’
2545 2006 2795 2086 ὄργανον,
2824 2013 3168 2069 mendosam
3200 2011 3340 2068 item
3369 2010 3596 2083 peperit
3636 2009 3821 2065 versio-

2209 2117 2343 2156 nem
2377 2102 2531 2174 apud
2562 2101 2962 2171 Cornarium,«
2997 2101 3343 2158 Psalterium
3374 2101 3613 2171 quidem
3633 2099 3823 2171 ﬁgura-

2210 2194 2265 2244 te
2282 2191 2455 2259 juxta
2480 2191 2974 2246 instrumentum:
3013 2212 3033 2239 ι
3057 2189 3493 2246 emendandum
3511 2193 3681 2244 estex
3698 2187 3824 2242 Oliv.

2209 2277 2298 2331 καὶ
2347 2272 2597 2351 ὄργανον,
2651 2299 2679 2328 ››
2721 2278 3070 2334 Psalterium
3120 2277 3357 2350 quidem
3388 2293 3455 2333 ac
3485 2277 3704 2332 musice
3746 2275 3829 2330 ad-

2212 2372 2473 2438 aptatum
2489 2367 2952 2423 instrumentum
2964 2367 3233 2439 ,ﬂgurate
3248 2372 3334 2423 est
3347 2370 3644 2422 structura
3660 2380 3832 2436 corpo-

2212 2457 2312 2510 ris.
2331 2476 2358 2505 »
2372 2458 2458 2511 Ita
2470 2473 2650 2528 supra
2663 2455 3007 2528 psalterium
3021 2460 3487 2512 instrumentum
3502 2453 3798 2526 appellavit
3818 2467 3830 2506 :

2209 2543 2300 2598 καὶ
2331 2548 2510 2621 σοφῶς
2542 2540 2631 2598 διὰ
2658 2549 2758 2612 τῆς
2794 2547 2890 2598 τοῦ
2947 2542 3184 2619 ὀργάνου
3230 2549 3568 2612 κατασκευῆς
3623 2537 3833 2596 ἐνδεδεῖα

2211 2644 2363 2708 χθαι.
3731 2680 3740 2687 .

2284 2722 2404 2779 Col.
2436 2723 2541 2778 307
2570 2725 2896 2794 Expuncta.
2956 2723 3262 2780 Observat.
3319 2721 3647 2778 doctissim.
3701 2725 3836 2775 Mon-

2212 2813 2470 2870 tacutius
2501 2811 2947 2868 Volaterranum
2979 2813 3266 2884 scriptum
3297 2814 3588 2884 reperisse
3617 2812 3675 2866 in
3726 2810 3836 2866 suis

2213 2902 2513 2958 codicibus
2545 2947 2561 2972 ,
2620 2901 2672 2954 o't
2719 2895 3078 2962 ἐκϐάλλοντες
3135 2906 3236 2969 τῆς
3304 2901 3529 2973 μνήμης
3585 2900 3674 2954 τὸν
3721 2899 3834 2952 Θεὸν

2213 2988 2383 3043 οἱονεὶ
2415 2988 2612 3060 λήθην·
2674 2990 2815 3046 Nam
2874 2991 3212 3046 Basiliensis
3271 2989 3448 3046 editio
3493 2991 3569 3046 ad
3614 2990 3834 3044 verbum

2213 3083 2406 3150 sonat,
2466 3101 2495 3130 «
2552 3079 2722 3150 ejecti
2777 3096 2809 3136 e
2858 3081 3139 3136 memoria
3163 3079 3287 3136 Dei.
3343 3099 3371 3132 ι
3429 3076 3841 3136 Cornariusid-

2213 3169 2367 3224 circo
2415 3168 2621 3234 edidit,
2674 3190 2702 3219 «
2761 3168 2861 3240 qui
2911 3168 3097 3239 ejecta
3126 3167 3410 3224 memoria
3439 3168 3566 3224 Dei.
3628 3190 3656 3218 ιο
3710 3165 3840 3222 Oliv.

2217 3276 2329 3328 ms,
2360 3263 2698 3314 constanter
2727 3257 2938 3314 retinet
2967 3263 3260 3330 receptam
3291 3257 3628 3325 lectionem,
3661 3249 3846 3322 ίκϐληο

2215 3346 2413 3408 Θέντες.

2285 3435 2542 3492 Col.309
2599 3439 2662 3490 Β.
2717 3435 2996 3508 ’Υψώσειν.
3055 3435 3197 3493 Oliv.
3257 3441 3312 3492 et
3372 3435 3598 3509 Anglic.
3657 3432 3848 3506 ὕψωσιν

2213 3520 2602 3599 ἐπαγγελΛίται
2631 3523 2711 3594 τῷ
2743 3527 2880 3595 Θεῷ,
2914 3545 2942 3573 ‹‹
2989 3541 3091 3596 per
3139 3524 3290 3581 bona
3338 3541 3514 3597 opera
3566 3521 3849 3581 exultatio-

2215 3630 2348 3668 nem
2407 3613 2523 3669 Deo
2571 3612 2896 3685 pollicetur.
2952 3635 2980 3663 ››
3038 3613 3290 3685 Recepta
3320 3613 3488 3670 lectio
3521 3611 3850 3670 concinnior

2214 3707 2325 3759 est.
2357 3701 2583 3757 Citatnr
2611 3701 2776 3758 initio
2821 3701 3047 3775 pagina;
3088 3703 3390 3774 sequentis
3419 3701 3587 3759 locus
3619 3700 3846 3758 Genesis

2213 3809 2364 3861 χιιι,
2394 3792 2486 3847 25.
2516 3790 2706 3847 Verba
2735 3795 2876 3847 sunt
2903 3791 3084 3848 Jacob
3130 3791 3543 3849 benedicentis
3585 3791 3703 3848 ﬁlio
3751 3805 3848 3846 suo

2213 3881 2454 3952 Joseph.

2289 3981 2407 4036 Coi.
2439 3981 2541 4036 354
2569 3980 2612 4036 Β
2643 3981 2697 4036 4.
2728 3981 2870 4036 Dum
2899 3983 3196 4053 particeps.
3225 3983 3580 4055 Interpres,«
3611 3999 3723 4054 quo
3751 3996 3850 4036 nu-

2217 4071 2415 4137 tritur,
2449 4069 2722 4141 quisquis
2753 4071 3046 4142 particeps
3076 4071 3256 4126 divini
3287 4071 3354 4126 ﬁt
3373 4071 3669 4143 verbi,qui
3698 4070 3853 4142 panis

2219 4159 2290 4215 de
2314 4157 2455 4214 caelo
2478 4159 2801 4215 descendit.
2832 4181 2860 4209 »
2885 4159 3207 4215 Verbi‘vitaa
3234 4159 3301 4215 fit
3320 4160 3540 4216 mentio
3563 4159 3853 4232 Ephesior.

2216 4263 2272 4317 ν,
2295 4249 2387 4313 26,
2417 4247 2746 4303 secundum
2778 4247 3091 4320 Vulgatam
3118 4268 3132 4316 ;
3164 4249 3268 4304 sed
3290 4248 3485 4304 Graece
3513 4254 3748 4305 tantum
3777 4253 3857 4302 est

2219 4333 2272 4389 ἐν
2305 4333 2530 4411 ῥήματι·
2564 4335 2736 4409 panis
2765 4352 2924 4407 vero,
2958 4337 3058 4410 qui
3085 4338 3156 4394 de
3184 4336 3326 4394 caelo
3352 4339 3662 4394 descendit
3698 4336 3852 4393 Joan.

2219 4441 2297 4493 v1,
2330 4426 2422 4481 33.

2291 4513 2411 4571 Col.
2441 4515 2548 4570 2.25
2582 4519 2624 4569 Δ
2649 4515 2705 4570 2.
2732 4515 2912 4587 Neque
2939 4516 3088 4571 enim
3117 4516 3226 4572 illi.
3259 4515 3516 4590 Τεχνῖται
3549 4516 3719 4586 dixit,
3750 4529 3855 4570 non

466 4594 585 4644 tem
617 4590 964 4661 purgatione
995 4590 1164 4646 seseli
1199 4592 1522 4659 comedere,
1556 4591 1918 4648 laborantem
1977 4607 2112 4648 vero
2139 4589 2189 4656 D
2217 4598 2424 4676 τεχναι,
2468 4608 2533 4659 ιη
2561 4602 2779 4676 legisse
2803 4604 3035 4659 videtur
3062 4589 3412 4676 interpres,“
3435 4609 3561 4660 Non
3582 4605 3742 4661 enim
3774 4620 3856 4658 αι..

466 4693 536 4732 ex
564 4677 1012 4750 pbalangiorum
1045 4680 1362 4749 morsibus,
1405 4697 1666 4738 cancros.
1695 4703 1722 4732 ››
1780 4681 1906 4737 Alia
1942 4679 2112 4736 lectio

370 4770 375 4774 ’
468 4781 582 4836 prae
614 4782 677 4822 se
708 4767 819 4823 fert
849 4764 1053 4840 cum,
1071 4769 1172 4825 sed
1195 4769 1346 4826 hanc
1375 4775 1617 4826 tuentur
1641 4769 1979 4826 Aristoteles
2008 4770 2108 4826 lib.

467 4871 526 4911 ιι
549 4857 777 4926 Histor.,
811 4873 938 4929 cap.
968 4859 1024 4930 5,
1058 4862 1115 4913 et
1147 4858 1368 4915 Plinius
1398 4858 1499 4915 lib.
1531 4877 1654 4929 vm,
1689 4877 1740 4916 c.
1771 4860 1861 4915 32.

537 4959 657 5016 Col.
692 4961 799 5016 302
827 4962 886 5018 C.
919 4963 1076 5018 Atius
1113 4979 1183 5019 ex
1209 4964 1432 5036 aﬁ‘ectu.
1487 4965 1569 5020 Ad
1631 4965 1876 5021 verbum
1933 4967 1988 5021 et
2037 4965 2109 5021 ad

468 5053 723 5106 mentem
753 5051 997 5124 propius
1030 5053 1363 5125 Carnarius,
1383 5076 1411 5104 «
1445 5053 1582 5118 Quis
1613 5070 1681 5110 ex
1710 5055 1942 5125 affectu,
1975 5054 2111 5126 quis

465 5139 651 5212 perite
680 5139 935 5197 cmlestia
963 5141 1228 5212 inquirit,
1277 5142 1410 5215 quis
1457 5143 1817 5200 defunctorie
1859 5144 2111 5200 summis

466 5231 667 5288 labris.
703 5254 732 5283 »

536 5321 652 5377 Col.
677 5323 783 5378 303
812 5323 971 5380 B10.
1002 5322 1346 5380 Inhabitara.
1403 5323 1563 5396 Legit
1620 5323 1908 5396 interpres
1957 5323 2110 5396 quod

465 5409 642 5468 habet
663 5413 839 5469 etiam
875 5412 1436 5483 Οιίν.κατοικιεῖ,ηοο
1470 5417 1536 5469 ut
1566 5413 1909 5471 Basiliensis
1967 5413 2107 5469 edit.

463 5505 724 5571 κατοικεῖ,
757 5526 784 5553 ‹‹
819 5501 1129 5570 inhabitat,
1166 5525 1194 5554 ››
1229 5520 1346 5576 quo
1377 5506 1546 5575 pacto
1577 5507 1635 5560 et
1657 5503 1717 5559 in
1749 5503 2108 5575 quibusdam

461 5589 667 5648 Bibliis
696 5591 985 5664 scriptum
1016 5596 1106 5650 est
1134 5595 1201 5649 ut
1225 5593 1491 5667 agnoscit
1507 5592 1684 5650 etiam
1698 5591 2108 5666 Hieronymus,

466 5679 568 5750 qui
597 5684 792 5736 tamen
825 5681 895 5736 ad
927 5682 1171 5738 verbum
1203 5698 1271 5739 ex
1317 5681 1554 5739 Hebraeo
1596 5681 1789 5754 vertit,
1845 5683 2110 5740 Dominus

2223 4695 2313 4748 tes
2342 4691 2476 4760 illis,
2507 4707 2632 4761 quae
2664 4691 2868 4749 monia:
2898 4697 3058 4761 sunt,
3099 4697 3156 4749 et
3209 4692 3599 4750 indiﬂ‘erentis
3647 4698 3856 4749 natura:

2222 4795 2417 4836 veram
2441 4780 2661 4837 habent
2678 4780 2912 4838 laudem
2937 4797 2986 4836 :»
3003 4786 3059 4837 et
3070 4781 3405 4838 Cornarius:
3436 4802 3465 4832 ‹‹
3487 4782 3693 4856 Neque
3713 4782 3858 4838 enim

2222 4874 2400 4940 artes,
2423 4886 2554 4942 quae
2574 4869 2634 4926 in
2658 4871 2850 4926 medio
2872 4875 3206 4936 versantur,
3228 4871 3384 4943 quod
3422 4887 3554 4928 vere
3575 4869 3858 4927 laudabile

2223 4964 2312 5016 est
2337 4959 2575 5016 habent.
2610 4980 2640 5009 »
2689 4963 2764 5014 At
2809 4958 3096 5032 exempla,
3134 4975 3260 5031 quae
3315 4959 3557 5030 subjicit
3603 4958 3860 5023 Basilius,

2223 5049 2698 5122 gubernatorum,
2731 5048 3209 5116 architectorum,
3241 5047 3594 5104 latomorum
3622 5055 3761 5105 sunt
3779 5063 3862 5104 ar-

2220 5137 2473 5204 tificum,
2505 5153 2621 5193 non
2663 5136 2900 5193 artium.

2293 5235 2413 5291 Col.
2445 5235 2549 5290 358
2582 5235 2624 5290 D
2656 5235 2709 5289 4.
2747 5234 2874 5290 Plus
2893 5234 3066 5290 enim.
3108 5233 3556 5291 Emendandum
3617 5251 3688 5292 ex
3743 5233 3858 5290 cod.

2225 5324 2438 5382 Olivar.
2466 5320 2660 5378 πλεῖον
2692 5320 2795 5397 γάρ
2824 5342 2899 5378 τι.
2934 5324 3246 5380 Cornorius
3273 5342 3286 5380 :
3320 5347 3349 5374 «
3381 5323 3662 5396 Amplius
3710 5323 3854 5379 enim

2223 5414 2510 5488 quiddam
2541 5429 2722 5485 supra
2755 5411 3101 5484 simpliciter
3130 5428 3389 5484 quaarere
3433 5412 3737 5485 signiﬁcat
3774 5428 3856 5466 ex-

2221 5504 2474 5576 quirere.
2500 5527 2528 5556 δ)

2291 5593 2410 5649 Col.
2452 5594 2558 5648 359
2595 5597 2658 5648 Β.
2691 5592 2809 5649 Νοη
2838 5591 3046 5648 sinent.
3106 5593 3250 5660 Imo,
3311 5596 3378 5647 ut
3407 5595 3556 5648 recte
3587 5591 3852 5647 admonet

2220 5679 3006 5751 Montacutius,contrarium
3036 5678 3162 5736 vult
3189 5679 3458 5747 Basilius,
3489 5701 3517 5730 ‹‹
3541 5683 3674 5736 Non
3707 5675 3850 5750 quod
