4124 6240
272 387 422 448 1091

1439 386 1543 446 AD
1587 379 1964 446 HOMILIAS
2008 377 2090 440 1N
2132 380 2518 442 PSALMOS.
2565 445 2574 456 ,

3525 393 3681 454 1022

278 535 657 592 nequaquam
690 536 782 575 me
824 519 1080 592 patiatur
1108 515 1400 583 tribulari,
1431 517 1531 572 sed
1566 531 1698 571 cum
1733 517 1918 570 tenta-

2037 527 2149 567 non
2182 518 2564 582 expresserat,
2597 514 2632 583 ἢ
2665 511 2715 566 εἶ’
2763 511 3108 585 ἐκζητοῦντες
3155 501 3524 594 ἀπετύγχανον
3567 526 3681 577 τῶν

274 609 436 665 tione
462 609 680 665 exitum
714 610 999 681 praebens.
1021 629 1050 660 »
1083 608 1197 663 Nec
1228 611 1426 662 tamen
1456 606 1514 660 in
1542 621 1609 660 eo
1641 602 1930 658 assentior

279 697 391 763 illi,
428 699 582 770 quod
605 715 672 754 ex
697 697 920 771 Anglic.
943 699 1022 767 τῷ
1053 691 1306 748 δύνασθαι
1336 692 1664 760 substituit,
1701 708 1803 761 pro
1832 692 1928 741 τοῦ

281 785 562 859 δύνασθαι,
621 792 688 843 ut
745 791 870 844 erat
934 787 993 840 in
1070 783 1379 840 Basiliensi
1452 782 1727 838 editione.
1780 783 1929 833 Sunt

275 875 432 931 enim
467 891 535 931 ex
575 875 851 948 Apostolo
893 876 1208 945 desumpta
1235 872 1431 937 verba,
1457 870 1609 940 apud
1641 883 1816 938 quem
1848 867 1928 921 ita

272 964 492 1038 legitur
547 965 570 1020 Ῑ
626 968 750 1020 Cor.
813 982 870 1031 Χ,
903 964 990 1034 13,
1046 966 1143 1016 τοῦ
1198 958 1449 1014 δύνασθαι
1501 958 1640 1030 ὑμᾶς
1704 956 1926 1028 ὑπενεγ-

273 1073 410 1110 κειν.

344 1169 467 1226 Col.
499 1169 605 1224 362
632 1170 676 1225 Α
704 1169 760 1223 6.
796 1170 857 1224 Et
885 1168 1144 1224 revelare.
1172 1166 1447 1222 Ediderat
1465 1165 1925 1236 interpres,«ac-

271 1257 476 1313 cedere
506 1263 563 1313 et
592 1255 954 1312 manifestari
983 1255 1150 1323 velle,
1186 1277 1213 1304 »
1245 1254 1412 1327 quasi
1445 1252 1685 1326 legisset
1715 1250 1922 1304 ἀποκα-

269 1345 595 1402 λύπτισθαι.
654 1346 973 1418 Propterea
1020 1360 1090 1400 ex
1150 1343 1424 1400 Cornario
1484 1342 1920 1414 rescripsimus,

279 1454 303 1484 ι
335 1439 394 1491 et
422 1434 696 1491 revelare.
732 1459 754 1487 ι
791 1434 922 1490 Jam
981 1436 1177 1489 tamen
1235 1431 1520 1487 arrideret
1548 1433 1739 1502 magis
1768 1430 1919 1501 quod

270 1524 416 1596 legit
441 1523 749 1594 interpres,
777 1523 824 1579 si
859 1521 1111 1593 alicujus
1142 1519 1360 1576 codicis
1404 1517 1787 1590 manuscripti
1819 1535 1921 1573 au-

274 1612 545 1668 ctoritate
615 1612 935 1676 fulciretur,
985 1626 1118 1665 cum
1179 1609 1449 1664 videatur
1500 1607 1759 1664 alludere
1815 1611 1920 1660 Ba-

274 1700 448 1757 silius
506 1700 575 1755 ad
635 1699 781 1755 illud
827 1698 996 1755 Isaiae
1050 1715 1198 1768 xLix,
1225 1698 1279 1763 9,
1313 1695 1552 1771 Λέγοντα
1597 1700 1714 1757 τοῖς
1746 1694 1800 1750 ἐν
1833 1691 1924 1749 δε-

273 1793 458 1862 σμοῖς,
515 1785 806 1858 Ἐξὲλθετε,
858 1786 948 1841 καὶ
993 1791 1112 1850 τοῖς
1172 1785 1224 1840 ἐν
1279 1789 1358 1858 τῷ
1417 1784 1594 1841 σκότει
1659 1781 1924 1840 ἀνακαλυ-

273 1879 500 1955 φθῆναιο
535 1879 688 1951 quod
732 1878 1114 1950 Hieronymus
1161 1876 1337 1933 vertit
1387 1893 1400 1932 :
1461 1898 1483 1928 ι
1536 1877 1770 1932 Diceres
1827 1874 1922 1931 his
1955 1876 2000 1940 Β

272 1967 372 2039 qui
419 1967 479 2022 in
536 1966 785 2023 vinculis
837 1971 976 2023 sunt
1008 1984 1021 2023 ε
1058 1965 1256 2033 Exite;
1299 1969 1356 2020 et
1387 1965 1484 2038 qui
1518 1965 1577 2020 in
1609 1965 1869 2020 tenebris
1904 1981 1918 2020 :

272 2055 653 2112 Revelamini.
689 2077 716 2105 »
751 2056 825 2111 Ad
878 2056 1123 2111 verbum
1181 2058 1355 2121 esset,
1389 2077 1418 2104 «
1468 2053 1857 2123 manifestari,
1891 2078 1913 2106 ι

266 2144 358 2202 vel
413 2148 591 2214 certe,
624 2167 653 2195 «
682 2148 749 2200 ut
806 2143 1282 2214 manifestentur,
1315 2165 1343 2194 »
1377 2146 1480 2200 aut
1536 2167 1564 2194 «
1617 2143 1921 2200 illustren-

267 2237 388 2288 tur.
427 2255 457 2282 »

340 2339 460 2396 Col.
491 2339 597 2395 363
627 2343 668 2392 A
731 2339 783 2394 4.
823 2338 1336 2396 Castrametabitur.
1372 2338 1700 2411 Scripserat
1736 2340 1919 2396 inter-

269 2445 429 2501 pres,
465 2450 492 2478 «
522 2429 807 2484 Immittet
849 2444 911 2484 se
956 2427 1076 2484 sive
1115 2429 1422 2484 interseret
1448 2427 1693 2500 angelus
1723 2428 1918 2485 Domi-

269 2517 369 2574 ni:
394 2540 422 2568 ››
448 2533 554 2574 nec
576 2517 746 2574 aliter
761 2517 1144 2574 doctissimus
1165 2517 1420 2574 Basilius
1445 2519 1599 2590 apud
1618 2519 1786 2574 Joan.
1804 2519 1917 2576 Da-

268 2607 612 2663 maecenum
633 2605 734 2662 lib.
759 2623 778 2662 1
795 2606 1312 2679 Parallel.,cap.12,
1338 2605 1495 2663 hunc
1518 2607 1916 2665 Basiliilocum

269 2695 594 2766 proferens.
611 2695 917 2750 Enimvero
937 2695 995 2749 in
1015 2693 1265 2766 vulgatis
1290 2695 1463 2750 etiam
1487 2695 1688 2752 lexicis
1708 2715 1918 2772 παρεμ-

268 2778 497 2838 ϐάλλειν
545 2785 856 2857 exponitur
885 2808 913 2836 «
943 2784 1158 2841 diversi
1209 2785 1440 2858 generis
1498 2786 1717 2844 milites
1764 2793 1918 2846 certo

268 2872 477 2929 ordine
507 2873 853 2929 interserere
880 2877 937 2929 et
966 2873 1250 2930 collocare
1278 2898 1293 2943 ;
1330 2896 1358 2923 »
1389 2875 1490 2930 sed
1522 2879 1578 2930 et
1609 2898 1633 2925 κ
1666 2878 1918 2934 tentoria

266 2961 553 3017 collocare
580 2985 608 3013 ι)
643 2963 798 3034 apud
827 2962 1134 3034 Polybium
1165 2967 1355 3032 sonat,
1381 2967 1442 3019 et
1471 2986 1499 3014 «
1537 2969 1917 3024 castrameta-

267 3051 337 3117 ri,
378 3076 398 3101 ι
438 3057 506 3108 ut
554 3051 802 3108 Budaeus
850 3053 1121 3109 observat
1161 3053 1221 3107 in
1280 3055 1605 3123 Comment.,
1640 3058 1704 3110 ut
1739 3055 1799 3111 in
1857 3074 1915 3113 Ill

264 3140 550 3211 Historiae,
580 3138 692 3208 Τὴν
725 3136 782 3194 δὲ
811 3137 1041 3213 δύναμιν
1073 3141 1178 3215 πρὸ
1207 3146 1307 3210 τῆς
1363 3139 1580 3205 πόλεως
1633 3139 1916 3220 παρεμϐα-

267 3225 404 3296 λών,
434 3253 461 3280 ‹‹
487 3246 620 3286 cum
654 3235 788 3286 ante
811 3230 1014 3286 urbem
1048 3235 1242 3287 castra
1262 3231 1624 3304 posuisset.»
1650 3233 1748 3290 Usi
1780 3243 1917 3292 sunt
1949 3241 1993 3308 α

267 3320 446 3374 etiam
488 3318 600 3374 hoc
627 3319 802 3375 verbo
834 3319 994 3389 LXX,
1029 3324 1093 3375 ut
1129 3319 1515 3377 Numerorum
1568 3339 1644 3393 Ix,
1682 3324 1747 3379 18
1780 3342 1793 3379 :
1825 3326 1924 3380 Διά

269 3407 690 3483 προστάγματος
763 3407 964 3482 Κυρίου
1025 3404 1474 3485 παρεμϐαλοῦσιν
1533 3413 1585 3466 οἱ
1658 3415 1766 3468 υἱοὶ
1825 3420 1923 3472 τοῦ

272 3495 522 3572 Ἰσραήλ·
554 3505 669 3554 Per
695 3504 1025 3571 prxceptum
1071 3500 1293 3556 Domim
1348 3509 1528 3558 castra
1575 3503 1923 3564 collocabant

272 3588 385 3658 ﬁlii
416 3588 602 3644 Israel.
633 3588 803 3644 Joan.
836 3589 1178 3661 Campensis
1213 3589 1304 3646 hic
1332 3591 1502 3646 vertit
1549 3609 1618 3649 ex
1663 3594 1919 3668 Hebraeo,

278 3697 303 3728 ι
336 3675 801 3733 Castrametatur
855 3676 1123 3750 angelus,
1180 3701 1199 3726 ιι
1253 3682 1311 3734 et
1361 3680 1419 3735 S.
1481 3681 1918 3755 Hieronymus:

278 3765 657 3822 «Circumdat
678 3763 921 3838 angelus
945 3767 1177 3823 Domini
1199 3767 1258 3822 in
1272 3784 1413 3840 gyro
1433 3768 1711 3827 timentes
1725 3788 1880 3828 eum.
1893 3795 1914 3824 ι

271 3853 526 3909 Omnino
557 3858 750 3909 autem
782 3853 957 3926 exigit
986 3854 1139 3911 hanc
1173 3855 1497 3912 versionem
1531 3874 1698 3914 mens
1729 3864 1922 3916 aucto-

270 3943 376 4009 ris,
401 3943 502 4016 qui
525 3942 740 3999 idcirco
760 3949 965 4016 postea
991 3944 1311 4001 assimilari
1346 3945 1556 4002 castris
1580 3947 1919 4018 angelorum

270 4031 437 4098 dicit,
493 4027 608 4102 ὅλῳ
665 4028 1015 4106 στρατοπέδῳ
1065 4031 1154 4086 καὶ
1211 4027 1540 4108 παρεμϐολῇ
1611 4035 1924 4109 παρεικάζει

267 4136 375 4174 ταιο
410 4121 790 4191 quamobrem
815 4122 1178 4189 addidimus,
1216 4145 1237 4172 α
1271 4127 1329 4178 et
1357 4123 1700 4196 angelorum
1732 4132 1924 4184 custo-

268 4209 367 4265 dia
396 4213 452 4265 te
504 4208 754 4282 muniat,
786 4231 815 4262 ››
850 4211 1005 4285 quod
1039 4213 1319 4268 omiserat
1348 4212 1654 4286 interpres.
1690 4215 1919 4289 Repeti-

267 4301 366 4353 tur
395 4296 493 4354 hic
521 4295 686 4354 locus
734 4303 792 4355 et
837 4300 1190 4357 exscribitur
1219 4301 1292 4356 ab
1321 4300 1632 4374 Euthymio
1663 4303 1722 4359 in
1753 4305 1919 4360 Com-

267 4387 582 4457 mentario,
623 4389 778 4460 apud
811 4405 986 4461 quem
1040 4405 1346 4463 perperam
1379 4391 1549 4448 vertit
1580 4391 1868 4466 interpres
1903 4410 1916 4450 :

265 4497 292 4525 «
309 4479 458 4532 Nam
481 4491 616 4532 cum
643 4494 798 4533 unus
821 4495 1065 4535 numero
1088 4482 1314 4535 tantum
1339 4479 1438 4548 sit,
1456 4480 1728 4538 universo
1745 4486 1921 4554 atque

263 4563 492 4670 integro
523 4564 785 4623 hostium
835 4567 1116 4625 exercitui
1169 4569 1413 4626 resistit.
1447 4592 1477 4621 »
1509 4571 1607 4634 Εἷς
1655 4571 1758 4646 γὰρ
1818 4569 1916 4644 ὢν,
1946 4605 1994 4670 D

262 4650 383 4726 ὅλῳ
415 4657 628 4730 στρατῷ
656 4656 1032 4730 παρείκασται.
1057 4681 1084 4709 ‹‹
1120 4657 1266 4714 Nam
1319 4676 1450 4716 cum
1486 4677 1640 4718 unus
1689 4661 1788 4730 sit,
1822 4661 1914 4718 in-

258 4746 422 4814 tegro
453 4745 728 4802 exercitui
759 4751 1155 4819 comparatur.
1191 4770 1220 4798 ››

259 4889 262 4892 ’
332 4867 453 4926 Col.
484 4869 590 4924 366
630 4873 678 4926 A
721 4871 779 4927 5.
813 4871 1132 4931 Suavitatis.
1167 4873 1482 4930 Cornarius
1526 4873 1750 4946 itidem,
1784 4898 1814 4927 «
1859 4881 1916 4932 et

260 4955 358 5012 hic
387 4957 673 5014 bonitatis
705 4963 938 5032 gustus,
973 4982 1002 5011 »
1033 4963 1204 5033 quasi
1232 4962 1458 5034 legerit,
1482 4967 1584 5019 aut
1614 4964 1912 5037 corrigen-

260 5045 404 5100 dum
437 5047 754 5116 censuerit,
779 5049 1015 5105 tametsi
1038 5067 1184 5107 mss.
1207 5051 1592 5119 reluctantur,
1612 5069 1726 5108 non
1748 5053 1910 5128 χάρι-

257 5151 377 5199 τος,
439 5135 543 5190 sed
602 5133 1002 5210 χρηστότητος,
1064 5138 1343 5210 quoniam
1403 5140 1552 5196 dixit
1597 5145 1789 5210 antea,
1820 5142 1911 5196 καὶ

258 5215 401 5274 ἴδετε
431 5218 514 5275 ὅτι
546 5224 792 5298 χρηστὸς
827 5223 1051 5299 Κύριος,
1083 5235 1135 5283 et
1163 5227 1338 5283 videte
1384 5231 1649 5300 quoniam
1702 5233 1910 5302 suavis,

255 5310 344 5364 vel
377 5311 548 5367 bonus
575 5317 654 5369 est
687 5316 959 5370 Dominus
994 5330 1009 5370 :
1043 5314 1300 5388 alioquin
1346 5318 1419 5372 ad
1452 5318 1692 5374 verbum
1731 5324 1908 5392 esset,

253 5401 461 5466 gratiae
518 5401 758 5459 arrhabo
789 5408 840 5460 et
869 5405 1286 5478 qualiscunque,
1314 5407 1469 5478 quod
1515 5423 1658 5464 sane
1710 5409 1909 5466 minus

255 5488 550 5545 convenit.

326 5602 444 5659 Col.
477 5605 583 5660 367
612 5611 656 5661 B
682 5607 736 5662 5.
771 5608 880 5677 Qui
905 5610 1054 5666 enim
1102 5612 1372 5683 corporal.
1406 5611 1696 5669 Omiserat
1724 5613 1908 5670 inter-

250 5705 411 5762 pres,
443 5693 748 5768 σωματικά,
763 5698 1098 5770 corporalia,
1129 5704 1186 5756 et
1215 5700 1387 5770 paulo
1417 5705 1550 5773 post
1579 5701 1678 5758 illa
1708 5703 1908 5760 omnia

2036 597 2302 652 τοιούτων
2339 599 2575 673 ἀγαθῶν.

2109 687 2226 742 Col.
2261 690 2364 743 370
2396 695 2436 743 Δ
2471 692 2523 745 8.
2565 693 2673 747 Vox
2713 696 2794 747 est
2840 694 3109 763 magistri.
3145 694 3458 754 Cornarius
3509 699 3682 755 inter-

2037 782 2313 846 pretatur,
2356 800 2381 832 (ι
2411 780 2653 851 Benigni
2697 783 3069 852 praeceptoris
3101 799 3210 839 vox
3239 791 3348 842 est.
3375 807 3403 835 »
3427 786 3534 841 Alii
3561 804 3680 844 ma-

2036 863 2187 936 lunt,
2213 889 2240 916 «
2266 868 2499 933 interni,
2526 889 2554 917 »
2598 869 2700 937 vel,
2726 891 2754 918 «
2781 869 2940 925 intus
2971 871 3285 928 residentis
3317 874 3584 946 magistri
3611 894 3622 932 :
3651 898 3678 926 »

2035 956 2135 1010 sed
2169 957 2476 1027 exponitur
2503 961 2699 1011 tamen
2748 953 3058 1019 ἐνδιαθὲτως
3107 977 3531 1032 nonnunquam
3582 961 3679 1034 ἒμ-

2032 1043 2243 1112 παθῶρς,
2284 1064 2306 1092 π
2339 1061 2471 1099 cum
2504 1061 2717 1116 magno
2747 1047 2980 1116 affectu,
3018 1070 3044 1097 ››
3077 1053 3140 1103 ut
3187 1045 3488 1112 ἐνδιάθετος
3523 1047 3675 1105 διδά-

2034 1128 2236 1192 σκαλος
2293 1134 2542 1201 dicatur,
2578 1153 2606 1184 «
2655 1135 2754 1204 qui
2814 1152 3026 1208 magno
3079 1137 3292 1193 affectu
3347 1141 3680 1212 complecti-

2032 1229 2134 1277 tur
2153 1223 2500 1294 discipulos.
2534 1247 2561 1274 η
2593 1225 2703 1280 nisi
2748 1227 2881 1297 quis
2914 1227 3082 1282 malit
3109 1230 3397 1301 corrigere
3441 1225 3678 1284 εὐδιαθὲ-

2031 1332 2146 1366 του,
2181 1311 2529 1368 Constanter
2583 1319 2779 1370 tamen
2837 1315 2980 1372 Oliv.
3016 1322 3074 1372 et
3125 1319 3222 1372 alii
3272 1335 3415 1374 mss.
3473 1318 3671 1392 vulga-

2032 1405 2151 1455 tam
2214 1399 2464 1456 retinent
2514 1399 2863 1471 lectionem,
2915 1405 3016 1458 sed
3084 1404 3537 1479 προκαλουμένου
3595 1408 3674 1464 le-

2031 1488 2116 1560 git
2145 1488 2289 1573 Oliv.
2325 1505 2437 1544 non
2488 1486 2967 1563 προκαλουμένου,
2994 1493 3102 1548 hoc
3149 1501 3258 1562 est,
3284 1518 3313 1545 «
3363 1495 3672 1551 cohortan-

2031 1578 2129 1634 tis.
2164 1601 2192 1628 »

2104 1669 2249 1723 Ibid.
2279 1673 2318 1724 C
2349 1670 2433 1724 10.
2475 1670 2826 1741 Satis/acere.
2864 1671 3035 1727 Recte
3092 1672 3238 1727 Oliv.
3286 1674 3446 1744 ἡμῶν
3497 1675 3674 1730 corri-

2031 1757 2117 1829 git
2147 1774 2248 1828 pro
2281 1756 2455 1828 ὐμῶν.
2487 1759 2820 1826 Cornarius,
2856 1780 2880 1810 σι
2914 1765 2972 1814 et
3002 1761 3246 1816 Domino
3277 1762 3537 1816 debitum
3577 1778 3676 1817 ex-

2031 1845 2275 1915 solvere,
2306 1847 2403 1916 qui
2467 1863 2568 1918 pro
2621 1847 2791 1902 nobis
2847 1851 2937 1902 est
2985 1853 3274 1903 mortuus.
3312 1871 3340 1898 »
3393 1849 3672 1917 Subinde,

2037 1957 2062 1988 α
2085 1935 2281 2006 ignem
2313 1941 2552 2006 aspectu
2586 1937 2917 1990 reddentes.
2953 1958 2979 1985 ι)
3017 1940 3100 1992 Ita
3157 1937 3466 1993 substituit
3507 1937 3673 1992 Mon-

2027 2025 2306 2094 tacutius,
2337 2024 2643 2094 expunctis
2673 2024 2792 2079 illis
2817 2026 3151 2096 interpretis
3176 2026 3388 2093 verbis,
3416 2048 3444 2076 ‹‹
3473 2027 3674 2099 Ignem

2029 2118 2299 2186 paratum
2332 2118 2695 2169 contuentes.
2731 2136 2760 2163 ››
2791 2115 3104 2170 Cornarius
3155 2115 3296 2170 item
3345 2116 3542 2170 minus
3575 2131 3676 2186 ap-

2028 2209 2104 2275 te,
2139 2226 2168 2254 «
2216 2205 2453 2276 igneam
2502 2205 2713 2261 faciem
2770 2223 2885 2277 pra:
2948 2221 3008 2261 se
3064 2207 3336 2262 ferentes.
3393 2228 3422 2255 »
3471 2205 3674 2261 Solum

2028 2295 2185 2350 enim
2216 2311 2285 2350 ex
2301 2295 2487 2351 oculis
2516 2295 2948 2367 quodammodo
2967 2295 3217 2350 emicare
3238 2295 3432 2366 ignem
3457 2293 3674 2349 innuit.

2028 2383 2230 2439 Simile
2255 2386 2406 2455 quod
2433 2385 2673 2440 affertur
2702 2399 2771 2439 ex
2806 2383 3209 2455 Aristophane,
3243 2380 3512 2456 ἀστραπὰς
3547 2379 3672 2454 βλὲ-

2027 2491 2170 2537 πειν,
2209 2495 2236 2523 ‹‹
2264 2478 2343 2527 Ex
2390 2473 2578 2528 oculis
2623 2473 2941 2544 quamdam
2983 2471 3163 2526 veluti
3208 2470 3671 2527 coruscationem

2029 2563 2318 2628 emittere,
2368 2566 2715 2618 coruscante
2785 2566 3027 2632 aspectu
3084 2576 3241 2616 esse.
3301 2581 3330 2610 »
3385 2560 3673 2615 Homerus

2029 2647 2244 2706 Ὀδυσσ.
2276 2651 2320 2707 Τ
2352 2667 2366 2707 ε
2397 2683 2404 2690 ·

2101 2792 2303 2868 Φρίξας
2348 2790 2404 2847 εὖ
2455 2791 2677 2870 λοφιὴν,
2727 2795 2834 2866 πῦρ
2884 2787 2930 2844 δ’
2979 2787 3312 2868 ὀφθαλμοῖσι
3381 2785 3670 2864 δεδορκώς.

2033 2885 2197 2942 Valde
2238 2885 2536 2942 exhorretis
2564 2893 2744 2941 setosa
2781 2885 3008 2950 cervice,
3040 2885 3227 2954 ignem
3272 2881 3447 3019 oculils
3471 2880 3671 2963 .inspi-

3429 2967 3596 3006 cie-ns.

3429 2969 3545 3006 cte-n
3552 2967 3576 3005 8
3582 2991 3596 3006 .

2099 3104 2490 3161 Philostratus
2519 3102 2576 3157 in
2611 3101 2876 3168 Iconibus,
2927 3115 3060 3170 pag.
3089 3099 3217 3168 771,
3248 3095 3494 3166 vestigia
3524 3095 3674 3151 rele-

2029 3212 2173 3269 gens
2229 3193 2485 3261 Homeri,
2519 3190 2632 3264 ὁρῶ
2691 3186 2748 3243 δὲ
2794 3187 2956 3243 αὐτὸν
3001 3185 3090 3240 καὶ
3133 3186 3232 3253 τὴν
3291 3183 3488 3259 χαίτην
3520 3182 3674 3260 φρίτ-

2030 3303 2212 3350 τοντα,
2242 3281 2332 3335 καὶ
2379 3283 2485 3353 πῦρ
2537 3272 2899 3350 ἐμϐλέποντα.
2934 3300 2962 3328 α
2993 3277 3174 3330 Video
3231 3280 3426 3328 autem
3474 3273 3673 3344 ipsum

2031 3377 2088 3429 et
2117 3372 2257 3427 setis
2289 3372 2641 3436 horrentem,
2675 3374 2733 3423 et
2761 3367 2956 3439 ignem
2986 3363 3357 3419 vibrantibus
3385 3361 3572 3417 oculis
3594 3361 3678 3415 in-

2030 3467 2362 3518 tuentem.»
2394 3461 2482 3514 Ita
2511 3457 2826 3529 Gregorius
2853 3455 3276 3522 Nazianzenus,
3308 3455 3455 3508 orat.
3493 3452 3584 3520 20,
3617 3469 3675 3521 p.

2029 3554 2157 3614 261.
2180 3552 2344 3619 dixit,
2375 3548 2450 3621 μὴ
2483 3548 2766 3616 πιθήκειον
2830 3542 3030 3620 βλέπῃ,
3065 3541 3210 3598 ἀλλὰ
3266 3537 3533 3617 βλοσυρὸν
3583 3539 3674 3592 καὶ

2035 3639 2317 3716 βασιλιγόν
2371 3655 2384 3693 :
2434 3659 2462 3688 ‹‹
2511 3637 2634 3692 Non
2679 3635 2863 3690 simiai
2909 3638 3233 3705 aspectum,
3292 3631 3394 3686 sed
3444 3635 3671 3684 torvum

2031 3732 2342 3803 quemdam
2372 3732 2428 3783 et
2456 3727 2798 3782 horrificum
2829 3741 2896 3779 ac
2927 3723 3153 3795 regium
3187 3720 3472 3792 praeferat.
3499 3740 3528 3768 »
3553 3718 3676 3774 Sub

2031 3823 2206 3878 tinem
2239 3819 2465 3892 paginae
2496 3832 2601 3889 pro
2633 3814 2840 3888 μακρὰν
2869 3811 3237 3871 ἀποπεσόντας
3289 3811 3540 3865 fortasse
3587 3824 3676 3864 re-

2029 3912 2180 3967 ctius
2234 3909 2527 3981 legeretur
2581 3903 2789 3977 μακράν
2825 3901 3081 3965 ἀπόντας,
3111 3922 3139 3951 ι(
3169 3899 3338 3968 longe
3370 3899 3608 3953 absunt.
3646 3918 3674 3945 ››

2030 4003 2251 4060 Ibidem
2284 3996 2735 4054 immutavimus
2753 3993 2946 4048 locum
2971 3991 3139 4046 illum
3161 3987 3558 4060 interpretis,«
3575 3987 3673 4058 qui

2030 4109 2134 4166 per
2152 4088 2508 4162 baptismum
2534 4089 2590 4140 et
2609 4081 2983 4154 adoptionem
3010 4079 3110 4136 Dei
3133 4077 3269 4133 facti
3301 4080 3442 4132 sunt
3470 4075 3671 4130 dome-

2031 4181 2182 4239 stici.
2219 4201 2248 4229 »

2100 4268 2218 4326 Col.
2250 4269 2356 4323 3’78
2412 4267 2458 4320 A
2511 4265 2565 4320 3.
2623 4263 2780 4318 Nunc
2831 4261 3008 4330 igitur
3058 4256 3378 4330 potentiam.
3447 4247 3670 4308 Omise~

2029 4364 2120 4415 rat
2147 4359 2439 4428 interpres
2468 4353 2638 4416 illud,
2668 4350 2757 4406 καὶ
2809 4349 2911 4417 τὴν
2967 4350 3072 4401 τῶν
3118 4342 3295 4419 εὐχῶν
3349 4337 3670 4410 ἀντιληπτι-

2029 4449 2150 4517 κήν.
2177 4445 2490 4503 Cornarius
2512 4441 2788 4516 appellat,
2819 4461 2846 4494 α
2863 4437 3247 4512 inspectivam
3267 4431 3449 4490 nostri
3475 4435 3672 4504 poten-

2027 4539 2192 4607 tiam,
2225 4540 2282 4592 et
2311 4551 2546 4607 precum
2595 4537 2930 4589 nostrarum
2976 4524 3395 4597 susceptricem
3443 4538 3518 4578 :«
3562 4519 3673 4575 hoc

2023 4716 2219 4772 Tobias
2275 4730 2403 4786 cap.
2468 4729 2570 4779 xu,
2623 4713 2692 4767 12
2752 4727 2766 4766 :

2023 4804 2208 4883 νύμφη
2271 4822 2365 4857 σου
2427 4798 2608 4875 autem
2642 4845 2656 4871 ,
2716 4796 2826 4872 ἐγὼ
2880 4797 3231 4883 προσήγαγον
3307 4791 3372 4845 τὸ
3424 4787 3668 4883 μνημό-

2025 4881 2181 4950 συνον
2236 4897 2336 4961 τῆς
2392 4895 2707 4966 προσευχῆς
2762 4885 2943 4958 ὑμῶν*
2974 4882 3201 4953 Quando
3257 4881 3432 4936 orasti
3485 4883 3566 4944 tu,
3615 4892 3666 4932 et

2021 5000 2200 5039 nurus
2254 4988 2349 5038 tua
2397 4983 2569 5038 Sarra
2592 5023 2605 5046 ,
2663 4992 2759 5050 ego
2812 4973 3104 5047 offerebam
3156 4968 3481 5026 memoriale
3538 4983 3667 5022 ora-

2021 5074 2190 5128 tionis
2264 5074 2468 5127 vestrae.
2530 5070 2614 5123 Ita
2668 5065 2886 5122 citatur
2952 5079 3021 5118 ex
3069 5061 3273 5115 eodem
3332 5055 3546 5111 Basilio
3604 5054 3664 5108 in

2023 5161 2249 5218 Lexicis
2297 5178 2310 5216 :
2363 5157 2498 5233 πρὸς
2545 5156 2608 5210 τὸ
2661 5146 3153 5226 ἀντιλαμϐάνεσθαι
3209 5149 3309 5210 τῆς
3359 5140 3662 5218 ἀδελφότη-

2018 5271 2134 5323 τος,
2181 5250 2252 5307 ad
2304 5264 2529 5305 manum
2573 5246 2908 5318 adjutricem
2951 5239 3344 5316 porrigendum
3394 5234 3665 5306 fraterni-

2021 5345 2141 5398 tati.

2089 5430 2209 5489 Col.
2240 5431 2347 5485 384
2374 5431 2418 5485 Α
2451 5429 2536 5484 12.
2570 5427 2727 5499 Quid
2749 5429 2954 5482 autem.
2980 5423 3111 5479 Hac
3141 5417 3438 5492 periodus,
3477 5428 3662 5486 usque

2018 5522 2090 5577 ad
2122 5520 2223 5576 illa
2251 5519 2448 5586 verba,
2485 5539 2513 5569 «
2542 5518 2619 5573 Ad
2653 5533 2750 5573 eos
2781 5515 2942 5581 item,
2979 5535 3005 5562 »
3029 5529 3063 5567 a
3094 5509 3263 5566 nobis
3292 5507 3521 5577 adjecta
3549 5508 3658 5570 est,

2018 5612 2089 5667 ab
2120 5610 2439 5682 interprete
2471 5606 2899 5681 pratermissa:
2934 5602 3096 5659 locus
3117 5599 3378 5674 proxime
3407 5610 3660 5666 sequens

2017 5711 2103 5758 est
2137 5702 2296 5757 Isaiaa
2328 5717 2466 5768 XLII,
2501 5700 2587 5756 18.
