4124 6240
439 363 464 421 1
476 362 595 423 023

1583 373 1864 434 ·ΝΟΤΕ
1908 374 2354 436 FBONTONIS
2400 376 2656 439 DUCEI

3695 392 3852 450 1024

511 495 627 551 Col.
659 497 762 551 387
797 498 834 553 Β
863 499 916 553 8.
963 501 1076 570 Qui
1116 503 1475 571 juvenilibus.
1519 505 1804 562 Admonet
1841 508 2081 564 doctiss.
2115 511 2171 575 Α
2198 507 2428 579 vimus;
2461 517 2519 566 at
2574 511 2860 584 interpres
2917 515 3198 589 ediderat,
3232 535 3301 574 ex
3356 521 3552 578 codice
3602 524 3856 581 fortasse

439 587 834 642 Montacutius
865 588 1099 645 ﬁdelius
1149 593 1315 659 verti,
1347 614 1375 643 «
1408 594 1506 665 qui
1542 595 1775 666 aggredi
1807 597 2093 666 juvenilia

434 674 559 744 jam
617 679 828 746 potest,
861 676 946 732 vel
1009 679 1207 750 potius
1268 682 1439 738 fortia
1495 683 1665 739 facta.
1704 687 2089 753 -Cornarius,

447 783 471 814 (ι
506 763 678 818 fortia
700 764 825 834 jam
856 781 1032 837 opera
1063 768 1404 843 contingere
1439 777 1667 844 potens.
1704 797 1731 823 »
1764 775 1884 830 Sub
1915 775 2090 831 ﬁnem

445 852 667 922 paginae
727 857 1158 912 emendandum
1220 856 1495 934 ὑφαίρεσιν
1550 861 1850 936 ὑπομείνῃ,
1911 867 1976 918 ut
2029 863 2090 918 in

443 940 610 1012 Oliv.,
642 959 756 998 non
791 949 855 998 ut
886 944 941 999 in
978 946 1155 1002 Basil.
1195 947 1464 1024 ὑπομένῃ.

515 1047 633 1104 Col.
669 1050 774 1103 395
803 1050 843 1106 C
872 1052 924 1106 3.
952 1053 1013 1107 Et
1041 1053 1322 1110 dedecoris
1358 1057 1544 1128 plena.
1575 1058 1944 1131 Addendum,
1979 1083 2006 1110 ‹‹
2037 1064 2095 1116 et

444 1137 722 1193 deﬁciens
779 1156 895 1211 praa
957 1141 1092 1198 ﬁliis
1146 1145 1452 1200 hominum
1486 1163 1555 1202 ε»
1587 1148 1672 1202 sic
1730 1149 1884 1204 enim
1937 1149 2092 1221 apud

445 1226 658 1282 Isaiam
713 1246 849 1295 LIII,
906 1232 940 1284 3
992 1233 1167 1289 vertit
1214 1234 1632 1308 Hieronymus.
1694 1239 1811 1294 Non
1867 1239 2094 1295 habebat

440 1317 674 1384 speciem
701 1333 878 1389 neque
906 1320 1172 1392 decorem,
1200 1323 1293 1377 sed
1321 1327 1528 1390 species
1556 1327 1673 1398 ejus
1732 1327 2090 1393 inhonorata,

443 1408 493 1458 et
513 1404 775 1474 deﬁciens
801 1423 921 1478 prae
948 1407 1088 1479 ﬁliis
1116 1410 1419 1469 hominum.
1455 1415 1612 1469 Idem
1647 1415 1811 1472 Isaiae
1839 1415 2001 1472 locus
2033 1417 2090 1472 in

442 1493 708 1548 eamdem
735 1498 1082 1552 sententiam
1107 1499 1177 1554 ab
1203 1501 1516 1570 Euthymio
1537 1504 1828 1574 profertur
1854 1504 1913 1559 in
1939 1505 2093 1560 hunc

441 1580 759 1650 psalmum,
820 1584 965 1658 παρὰ
1015 1584 1143 1647 τοὺς
1202 1585 1353 1648 υἱοὺς
1406 1593 1511 1642 τῶν
1572 1589 1911 1665 ἀνθρώπων·
1966 1592 2089 1668 περὶ

439 1671 534 1721 τοῦ
589 1669 840 1740 σώματος
888 1671 1062 1746 λέγει,
1089 1677 1204 1728 οἷον
1253 1677 1318 1746 ἦν
1373 1676 1423 1732 ἐν
1457 1681 1535 1750 τῷ
1563 1683 1658 1732 τοῦ
1683 1679 1884 1742 πάθους
1914 1687 2091 1757 καιρῷ

441 1753 1039 1832 προπηλακιζόμενον,
1118 1764 1206 1818 καὶ
1287 1767 1720 1840 μαστιζόμενον,
1771 1769 1859 1824 καὶ
1927 1771 2091 1845 μυρία

439 1847 676 1919 πάσχον.
711 1849 775 1902 Et
825 1849 1095 1918 deﬁciens
1147 1870 1313 1926 super
1373 1857 1509 1913 ﬁlios
1561 1858 1847 1915 hominum
1877 1879 1895 1915 :

2201 598 2424 654 calamo
2448 604 2703 673 exarato,
2728 608 2959 660 vertens
2987 623 3000 660 :
3028 627 3054 655 «
3079 605 3368 674 Diluculo,
3393 609 3500 666 hoc
3525 616 3636 682 est,
3671 613 3856 669 victo-

2199 687 2348 742 riam
2380 693 2582 746 contra
2611 695 2860 747 mortem
2889 693 2982 749 die
3012 695 3185 751 tertia
3214 701 3506 755 matutina
3536 701 3852 758 confecit.-

2200 777 2349 833 Sane
2381 777 2438 833 in
2472 779 2671 835 codice
2699 780 2884 850 Oliva,
2927 782 3010 838 sic
3041 789 3184 852 erat,
3221 785 3482 860 βοηθήσει
3515 789 3543 842 ὁ
3575 790 3705 851 Θεὸς
3759 793 3857 860 τήν

2201 863 2356 935 νίκην
2386 866 2570 940 πρωίᾳ
2596 871 2666 942 τῇ
2697 868 2854 944 τρίτῃ
2903 870 3086 947 ἡμέρᾳ
3138 873 3239 943 τῆς
3298 874 3639 940 ἀναστάσεως
3696 877 3858 956 ἔργα·

2202 955 2452 1028 σάμενος·
2489 962 2548 1012 at
2597 959 2652 1014 in
2704 959 2924 1017 Catena
2972 963 3171 1018 Graeca
3228 965 3412 1038 Regiis
3464 968 3861 1041 bibliothecae,

2207 1044 2466 1119 βοηθήσει
2523 1045 2659 1121 αὐτῇ
2689 1048 2716 1102 ὁ
2743 1050 2875 1112 Θεὸς
2902 1053 2970 1125 τῇ
3021 1050 3182 1108 πόλει
3218 1053 3282 1108 τὸ
3329 1056 3466 1131 πρὸς
3512 1057 3661 1132 πρωὶ
3711 1059 3860 1132 ττρωῖ

2205 1133 2233 1187 ὁ
2263 1133 2361 1202 τήν
2412 1135 2546 1190 κατὰ
2595 1140 2692 1192 τοῦ
2735 1137 2965 1194 θανάτου
3011 1140 3169 1212 νίκην
3214 1143 3426 1219 πρωίας
3465 1147 3624 1221 τρίτῃ
3675 1150 3862 1222 ἡμέρᾳ

2200 1229 2300 1293 τῆς
2357 1223 2697 1289 ἀναστάσεως
2755 1227 3145 1304 ἐργασάμενος.
3185 1235 3320 1300 Quae
3378 1240 3630 1309 utraque
3683 1237 3859 1295 lectio

2203 1331 2335 1370 cum
2373 1331 2438 1372 eo
2470 1316 2639 1386 libro,
2665 1335 2779 1390 quo
2799 1336 2943 1377 usus
2966 1321 3400 1396 fuitinterpres,
3425 1326 3718 1383 convenit.
3734 1329 3856 1385 0b-

2202 1405 2554 1460 servandum
2586 1405 2682 1463 hic
2712 1413 2803 1464 est
2821 1409 3104 1466 Basilium
3136 1411 3327 1485 legere
3356 1413 3495 1487 πρὸς
3513 1413 3658 1490 πρωὶ
3681 1417 3854 1490 πρωί,

2202 1510 2316 1549 non
2351 1497 2416 1548 ut
2445 1493 2505 1550 in
2534 1495 2664 1550 aliis
2712 1496 2878 1554 libris
2910 1498 3279 1557 Psalmorum
3334 1501 3596 1576 βοηθήσει
3637 1503 3777 1578 αὐτῇ
3828 1507 3855 1560 ὁ

2201 1581 2330 1643 Θεὸς
2353 1586 2432 1653 τῷ
2462 1584 2765 1657 προσώπῳ,
2796 1610 2816 1635 ι
2851 1588 3168 1660 Adjuvabit
3195 1607 3324 1646 eam
3357 1592 3512 1649 Deus
3543 1595 3778 1666 vultu,»
3801 1602 3856 1651 et

2200 1678 2513 1744 utramque
2537 1675 3126 1748 lectionemjunxisse
3147 1679 3572 1752 Apollinarium
3593 1683 3653 1740 in
3676 1689 3856 1741 meta-

2201 1763 2422 1834 phrasi,
2455 1761 2564 1819 hoc
2593 1781 2788 1832 versu,

1930 1884 1958 1911 “
2008 1861 2088 1917 De
2121 1880 2164 1944 Β
2309 1878 2445 1948 ἠοῦς
2475 1876 2762 1960 ἓπίξφυρον
2791 1875 2905 1960 ἔχει
2933 1883 3337 1960 πανεπίοκοπον
3365 1881 3522 1960 ὄμμα
3547 1906 3561 1920 ’

440 1950 680 2007 corpore
711 1937 970 2008 (Christi)
1001 1940 1279 2013 loquitur,
1313 1947 1485 2018 quale
1515 1948 1795 2004 nimirum
1825 1955 1939 2005 tem
1951 1968 2087 2023 porc
2121 1937 2160 1944 ”
2194 1937 2278 2006 Αὸ
2297 1937 2510 2007 aurora
2527 1937 3846 2033 adiuioremﬂhabetoculumvomni‘ugpewlanlem.

442 2026 738 2094 passionis
768 2037 909 2099 erat,
941 2046 1072 2086 cum
1117 2034 1345 2104 probris
1392 2039 1448 2091 et
1495 2037 1687 2109 plagis
1733 2039 2084 2107 afﬁceretur,

442 2117 497 2167 et
529 2113 840 2172 innumera
870 2118 1025 2173 mala
1045 2126 1373 2192 pateretur.
1427 2147 1455 2175 »
1488 2127 1648 2191 Quod
1672 2144 1740 2182 ex
1771 2129 1979 2200 Aquila
1994 2130 2084 2185 hic

439 2202 758 2276 profertur,
793 2203 987 2260 κάλλει
1020 2206 1461 2284 ἐκαλλωπίσοης,
1494 2217 1644 2286 apud
1677 2217 1991 2274 Eusebium
2024 2219 2082 2274 in

437 2295 651 2347 Catena
699 2294 783 2348 sic
840 2312 902 2352 se
947 2296 1142 2368 habet,
1173 2297 1368 2355 κάλλει
1419 2300 1765 2375 ἰκαλλιώθης
1814 2304 1920 2360 ἀπὸ
1951 2306 2080 2360 υἱῶν

437 2378 739 2454 ἀνθρώπων
750 2425 764 2438 .

507 2469 624 2525 Col.
657 2471 760 2524 398
810 2477 857 2526 A
907 2475 962 2530 5.
995 2475 1366 2536 Sermonibus.
1404 2481 1534 2554 Περὶ
1584 2487 1842 2556 Χριστοῦ⁹
1876 2507 1904 2536 α
1957 2503 2083 2542 ser-

437 2557 716 2614 monibus
746 2561 818 2616 de
844 2560 1094 2620 Christo.
1129 2588 1157 2615 »
1189 2566 1506 2626 Carnarius
1533 2571 1699 2644 dixit,
1735 2595 1762 2622 «
1797 2574 2082 2633 doctrinis

437 2646 509 2702 de
529 2645 776 2703 Christo.
814 2671 835 2698 ι
1861 2700 1875 2708 .

509 2735 630 2792 Col.
690 2737 795 2792 406
846 2738 888 2793 B
949 2740 1034 2795 10.
1091 2741 1213 2798 Odi.
1275 2745 1661 2803 Scribendum
1728 2766 1798 2807 ex
1853 2752 2081 2824 psalmo

438 2841 707 2898 cxxxvm,
756 2828 820 2883 21
861 2845 873 2884 :
910 2829 1166 2899 Oderam,
1219 2837 1273 2888 et
1308 2850 1473 2907 super
1518 2838 1776 2896 inimicos
1822 2849 1940 2898 tuo:
1995 2851 2081 2898 la-

441 2916 731 2972 bescebam.
766 2918 1009 2989 Perfecto
1037 2921 1178 2976 odio.
1205 2921 1400 2980 Graaca
1430 2925 1586 2981 enim
1617 2929 1789 2985 verba
1813 2945 1882 2986 ex
1934 2931 2077 2988 Oliv.

438 3008 497 3058 et
526 3005 756 3077 Anglic.
811 3011 952 3063 sunt
997 3010 1198 3066 addita
1244 3012 1552 3071 Basiliensi
1603 3017 1868 3091 editioni,
1901 3037 1934 3076 a
1965 3036 2081 3092 qua

441 3093 704 3150 aberant.
731 3095 793 3150 In
813 3095 994 3152 Oliva.
1018 3101 1215 3155 tamen
1248 3099 1568 3169 legebatur,
1591 3101 1678 3158 ἐπὶ
1707 3111 1826 3171 τοῖς
1857 3105 2079 3182 ἐχθροῖς

442 3199 560 3248 σου,
592 3198 731 3251 non,
759 3188 824 3241 ut
854 3185 912 3240 in
957 3186 1212 3260 vulgatis
1242 3190 1468 3264 Bibliis,
1499 3189 1587 3246 ἐπὶ
1642 3194 1770 3258 τοὺς
1825 3194 2076 3271 ἐχθρούς.

441 3287 557 3325 σου.

511 3357 630 3415 Col.
662 3359 785 3417 411.
819 3361 864 3418 D
909 3363 967 3418 5.
1029 3365 1407 3436 Perﬁciundw.
1445 3371 1588 3439 Imo,
1620 3394 1649 3422 «
1707 3375 1970 3444 perfecta:
2027 3381 2085 3432 et

441 3448 742 3519 acquisita;
770 3451 1028 3508 virtutis.
1063 3474 1091 3504 »
1121 3455 1323 3527 Itaque
1364 3457 1676 3516 Cornarius
1728 3463 1967 3535 propius
2010 3466 2082 3521 ad

439 3552 704 3608 sensum,
735 3537 869 3595 licet
924 3540 1080 3597 haud
1129 3545 1273 3600 satis
1329 3545 1553 3618 Latine,
1597 3571 1627 3598 «
1677 3551 1778 3606 sed
1838 3568 1964 3622 quae
2023 3554 2083 3609 in

439 3622 642 3682 laetitia
669 3631 726 3684 et
754 3627 1146 3687 exsultatione
1191 3633 1265 3688 ob
1311 3635 1638 3694 virtuosum
1697 3639 1805 3696 hoc
1863 3643 2082 3698 factum

439 3715 719 3786 gaudent.
755 3738 783 3763 ιι
830 3718 1019 3774 Codex
1056 3719 1202 3776 Oliv.
1251 3727 1590 3781 constanter
1646 3726 1942 3800 vulgatam
2002 3731 2082 3788 le-

441 3804 694 3861 ctionem
717 3805 928 3863 retinet
958 3804 1043 3876 tzri
1076 3811 1157 3880 τῷ
1178 3809 1413 3884 τοιούτῳ
1443 3815 1823 3890 κατορθώματι
1853 3818 2080 3894 χαίρου-

441 3910 550 3958 σαι,
576 3897 642 3949 ut
671 3893 870 3951 minus
898 3899 1231 3955 necessaria
1263 3901 1340 3956 sit
1369 3903 1696 3960 doctissimi
1741 3906 1850 3962 viri
1886 3893 2082 3980 conje-

441 3985 626 4050 ctura,
659 3982 755 4038 hic
785 3986 1217 4044 emendandum
1250 3991 1608 4062 suspicantis
1649 3991 1736 4047 ἐπὶ
1777 3994 1839 4049 τὸ
1866 4001 2082 4052 τοιοῦτο

439 4068 770 4144 κατόρθωμα
799 4077 1100 4147 χωροῦσαι.
1134 4080 1383 4149 Exponit
1414 4081 1571 4136 enim
1625 4083 1894 4154 Basilius,
1929 4089 2083 4144 unde

437 4158 542 4216 illa
587 4160 666 4216 sit
713 4158 1014 4238 εὐφροσύνη
1068 4163 1157 4217 καὶ
1207 4165 1550 4240 ἀγαλλίασις,
1601 4187 1670 4228 ex
1724 4175 2085 4233 conscientia

441 4253 594 4305 recte
637 4249 923 4307 factorum
974 4269 1078 4309 seu
1135 4253 1424 4312 bonorum
1452 4274 1717 4330 operum.
1745 4261 1946 4335 Neque
1993 4265 2081 4321 in-

441 4336 647 4393 terseri
722 4355 870 4408 Opus
927 4345 1036 4408 est,
1099 4348 1232 4412 post
1314 4343 1414 4400 illa
1480 4347 1656 4403 verba
1723 4348 1774 4402 ot
1849 4349 2085 4407 ἀπόστο-

442 4421 553 4478 λοι·
587 4441 721 4480 nam
769 4443 957 4498 neque
997 4429 1175 4484 codex
1197 4448 1308 4486 ms.
1333 4432 1477 4488 Oliv.
1501 4433 1646 4490 illud
1679 4437 1863 4505 addit,
1896 4457 2083 4512 neque

441 4512 656 4568 Catena
703 4513 902 4571 Graeca
947 4519 1349 4590 manuscripts
1394 4523 1453 4576 in
1484 4524 1750 4598 Psalmos,
1784 4545 1910 4599 qua;
1940 4530 2086 4588 inte-

442 4616 612 4672 grum
645 4601 801 4657 hunc
829 4602 1029 4660 Basilii
1080 4606 1270 4662 locum
1321 4611 1675 4684 exscriptum
1719 4616 1972 4676 exhibet.
2007 4625 2084 4678 De
2111 4611 2159 4678 D

441 4689 722 4761 apostolis
752 4695 951 4748 tamen
981 4710 1014 4750 a
1041 4695 1252 4752 Basilio
1284 4697 1648 4773 intelligitur,
1666 4708 1722 4760 et
1750 4709 2078 4780 exponitur,

441 4783 507 4835 ut
537 4784 594 4836 et
623 4781 1057 4871 abAEuthymio,
1095 4786 1265 4858 cujus
1296 4787 1416 4846 haec
1442 4793 1616 4849 verba
1647 4799 1786 4851 sunt
1813 4814 1882 4854 ex
1904 4798 2081 4871 Regio

439 4885 553 4925 ms.
585 4869 782 4928 codice
814 4889 826 4928 :
861 4871 976 4926 Υἱοὶ
1017 4869 1075 4926 δὲ
1104 4873 1155 4928 οἱ
1188 4875 1720 4950 ἀπόστολοιρῗτινες
1747 4869 2080 4956 ἐπανέϐησαν

438 4955 513 5019 εἷς
558 4959 621 5012 τὸ
669 4957 882 5033 ἀξίωμα
928 4965 1035 5017 τῶν
1082 4963 1328 5041 πατέρων
1398 4966 1584 5041 αὐτοῦ,
1631 4974 1967 5050 πατριάρχαι
2023 4997 2082 5032 τι

437 5046 744 5136 γενόμενοι,
777 5048 829 5104 ἰν
863 5053 943 5122 τῷ
972 5059 1226 5126 γεννῆσαι
1261 5052 1350 5110 διὰ
1403 5061 1499 5112 τοῦ
1551 5046 1922 5136 βαπτίσματος
1949 5067 2079 5120 πάν-

435 5155 501 5190 τα
556 5135 622 5190 τὰ
669 5133 817 5209 ἔθνη,
867 5138 956 5193 καὶ
1005 5139 1314 5211 ἀξιωθέντες
1375 5149 1472 5200 τοῦ
1521 5133 1863 5226 προφητικοῦ
1920 5153 2081 5230 χαρί-

441 5243 660 5298 σματος’
688 5250 715 5278 ‹‹
752 5227 881 5284 Filii
912 5247 1044 5286 vero
1076 5233 1345 5303 apostoli.
1369 5236 1470 5307 qui
1504 5238 1575 5292 ad
1609 5227 2081 5317 dignitatemipa-

437 5319 596 5372 trum
628 5317 757 5388 ejus
786 5319 1040 5390 provecti
1071 5326 1230 5389 sunt,
1259 5325 1446 5380 eﬁ'ecti
1479 5327 1760 5385 nimirum
1782 5336 1839 5387 et
1858 5333 1970 5404 ipsi
1989 5351 2082 5406 pa-

437 5406 725 5476 triarchae,
741 5409 883 5464 dum
901 5425 1106 5467 omnes
1124 5417 1328 5484 gentes
1359 5431 1464 5487 per
1491 5416 1850 5488 baptismum
1873 5438 2084 5494 genue-

441 5499 594 5565 runt,
627 5501 684 5552 et
710 5498 1030 5571 prophetiae
1061 5500 1282 5557 donum
1314 5503 1718 5565 obtinuerunt.
1754 5531 1785 5559 ››

508 5601 627 5657 Col.
660 5602 764 5657 423
794 5606 852 5658 C.
887 5605 995 5672 Qui
1018 5621 1118 5678 per
1143 5610 1450 5667 victoriam.
1482 5612 1615 5671 Haec
1643 5621 1732 5673 est
1772 5633 1937 5676 mens
1965 5626 2080 5679 Ba-

437 5689 697 5747 siliensis
711 5691 1007 5765 editionis,
1021 5711 1197 5768 quam
1218 5699 1479 5759 Cornarii
1500 5705 1691 5764 verbis
1708 5715 2081 5782 repraesenta-

2265 2068 2422 2124 Idem
2497 2069 2888 2142 Apollinarius
2957 2073 3017 2129 in
3082 2074 3301 2131 Catena
3372 2076 3614 2133 Barbari
3688 2077 3842 2133 vide-

2191 2161 2289 2213 tur
2339 2161 2650 2230 utramque
2697 2158 3006 2218 lectionem
3038 2162 3253 2219 iterum
3310 2166 3689 2237 conjungere,
3741 2168 3838 2223 sed

2193 2247 2400 2302 merito
2432 2247 2663 2304 dubitat
2687 2247 3011 2306 Flaminius
3040 2251 3309 2309 Nobilius
3341 2271 3413 2309 an
3447 2258 3691 2325 utraque
3745 2272 3842 2311 ex-

2193 2336 2405 2407 positio
2432 2337 2510 2392 sit
2536 2337 2882 2409 Apollinarii
2918 2355 2930 2392 :
2965 2339 3262 2411 siquidem
3295 2342 3354 2396 in
3401 2343 3620 2399 Catena
3662 2343 3842 2415 Regia

2193 2422 2596 2494 manuscripta
2645 2423 2811 2479 alteri
2869 2425 3093 2481 auctori
3141 2427 3424 2484 tribuitur
3478 2427 3630 2485 illa:
3666 2429 3840 2502 Πρόσ·

2193 2532 2340 2567 ωπον
2372 2509 2700 2580 Ἐκκλησίας
2727 2513 2969 2582 νοηθεῖεν
3001 2511 3059 2568 ἂν
3085 2514 3136 2568 οἱ
3197 2516 3340 2589 ἅγιοι
3397 2513 3720 2585 ἀπόστολοι,
3753 2517 3843 2570 καὶ

2191 2602 2244 2656 οἱ
2291 2601 2426 2655 κατὰ
2466 2597 2734 2675 διαδοχὴν
2785 2600 3088 2676 ἡγούμενοι
3135 2602 3326 2673 αὐτῆς,
3388 2603 3481 2668 οὓς
3521 2604 3613 2660 καὶ
3665 2611 3844 2681 νει)ροῖ

2188 2691 2324 2764 πρὸς
2370 2689 2432 2744 τὸ
2482 2685 2731 2752 δύνασθαι
2783 2687 3016 2753 εὐτόνως
3065 2687 3559 2765 ἀντιλαμϐάνεσθαι
3601 2697 3700 2749 τοῦ
3737 2714 3840 2764 κη-

2191 2777 2488 2854 ρύγματος·
2524 2801 2553 2830 ‹‹
2584 2777 2798 2836 Vultus
2827 2780 3100 2837 Ecclesia:
3134 2786 3383 2855 possunt
3423 2783 3677 2857 intelligi
3705 2801 3846 2840 san-

2189 2870 2265 2925 cti
2299 2867 2570 2940 apostoli,
2601 2871 2658 2924 et
2677 2870 2778 2939 qui
2807 2869 3012 2924 ordine
3041 2869 3154 2925 sibi
3186 2872 3512 2928 succedunt
3545 2874 3676 2944 ejus
3697 2890 3844 2946 prie-

2189 2956 2370 3029 sules,
2404 2973 2553 3028 quos
2598 2956 2774 3013 etiam
2823 2959 3182 3026 corroborat,
3233 2965 3296 3016 ut
3347 2960 3574 3018 fortiter
3614 2962 3846 3034 possint

2188 3045 2486 3118 Evangelii
2518 3045 2990 3116 praedicationem
3023 3065 3347 3121 capessere.
3382 3071 3410 3100 ››

2259 3134 2379 3191 Col.
2412 3135 2518 3189 435
2558 3139 2602 3187 Β
2631 3135 2684 3189 3.
2717 3135 3024 3208 Sapientia.
3059 3138 3240 3194 Locus
3297 3142 3389 3194 est
3443 3137 3843 3196 Ecclesiastici

2112 3245 2155 3313 ρ
2194 3224 2372 3293 xx,32
2395 3241 2407 3280 :
2434 3243 2460 3313 ιι
2482 3223 2778 3295 Sapientia
2800 3225 3565 3297 abscondita,etthesaurus
3587 3226 3844 3296 invisus,

2195 3329 2322 3385 qua:
2354 3312 2579 3369 utilitas
2609 3313 2667 3368 in
2713 3313 3022 3385 utrisque?
3055 3338 3077 3366 ι
3111 3315 3276 3380 Quod
3329 3317 3622 3388 sequitur,
3656 3315 3735 3378 εἰς
3781 3316 3844 3370 τὸ

2194 3401 2388 3474 ἓτὲρων
2469 3397 2775 3478 ὠφέλιμον,
2835 3409 2991 3460 recto
3063 3409 3313 3461 verterat
3393 3405 3839 3462 Volaterranus.

2198 3511 2225 3544 α
2255 3489 2643 3554 Quamobrem
2675 3491 2748 3546 ad
2778 3489 3027 3547 aliorum
3053 3509 3250 3549 usum.
3269 3514 3292 3546 ι
3327 3493 3683 3550 Tilmannus
3703 3495 3844 3551 scri-

2192 3583 2313 3653 psit
2347 3599 2373 3631 α
2404 3578 2734 3650 utriusque,
2762 3602 2790 3631 ››
2826 3581 2993 3652 quasi
3041 3586 3197 3639 esset
3242 3580 3588 3657 ἀμφοτέρων.
3620 3584 3841 3640 Coma-

2192 3669 2337 3736 rius,
2356 3689 2385 3718 «
2408 3673 2764 3739 quapropter
2792 3669 2862 3724 ad
2896 3668 3146 3726 aliorum
3180 3671 3420 3742 quidem
3453 3671 3837 3727 utilitatem.»

2263 3757 2383 3814 Col.
2443 3756 2547 3811 436
2594 3760 2638 3810 Β
2696 3757 2786 3814 13.
2847 3755 3213 3833 Ἐναγγέλλω.
3267 3759 3429 3816 Oliv.
3484 3765 3543 3816 et
3614 3760 3839 3833 Anglic.

2191 3841 2533 3921 ἆναγγέλλω,
2564 3841 2715 3898 οὖδὶν
2751 3842 2902 3917 ἰμὸν,
2939 3843 3092 3901 οὐδὶν
3121 3846 3364 3923 ἀνθρωπ.
3390 3846 3585 3924 λίγων.

2264 3934 2407 3990 Ibid.
2470 3938 2530 3990 D.
2583 3931 2654 3987 Οὐ
2708 3931 3004 3992 κυκλώσει.
3041 3937 3295 3994 Delenda
3349 3943 3441 3994 est
3497 3939 3729 4010 negatio
3781 3939 3839 3996 in

2193 4025 2410 4090 Graeco,
2435 4027 2501 4079 ut
2532 4025 2590 4079 in
2619 4023 2985 4081 Volaterrani
3015 4027 3490 4099 interpretatione
3521 4046 3555 4084 a
3580 4028 3840 4085 Tilman-

2192 4129 2267 4168 no
2299 4111 2488 4168 deleta
2517 4116 2625 4175 est.
2661 4130 2795 4169 cum
2827 4115 2982 4171 absit
3009 4133 3042 4171 a
3074 4116 3237 4184 LXX,
3272 4121 3328 4172 et
3375 4118 3446 4173 ab
3492 4117 3752 4189 Hebraeo,
3785 4122 3841 4174 et

2192 4217 2226 4257 a
2259 4218 2370 4256 ms.
2407 4199 2552 4258 Oliv.
2586 4201 2746 4258 Isaize
2794 4221 2918 4274 xm,
2962 4204 3017 4275 9,
3049 4205 3335 4278 scriptum
3375 4210 3465 4263 est
3495 4225 3509 4263 :
3541 4201 3687 4263 Ἰδοὺ
3734 4206 3837 4281 γὰρ

2189 4287 2371 4364 ἡμέρα
2428 4289 2628 4364 Κυρίου
2675 4283 2916 4365 ἔρχεται,
2969 4291 3206 4365 ἀνίατος,
3257 4291 3431 4367 θυμοῦ
3493 4293 3584 4349 καὶ
3645 4294 3839 4371 ὀργῆς,

2193 4379 2361 4432 θεῖναι
2389 4379 2490 4448 τὴν
2525 4378 2694 4454 ὀργὴν
2728 4376 2955 4454 ἔρημον.
2987 4403 3015 4437 α
3043 4383 3188 4439 Ecce
3234 4384 3391 4441 enim
3440 4384 3566 4441 dies
3608 4385 3838 4440 Domini

2190 4466 2753 4540 venit,insanabilis,
2785 4469 2997 4527 furoris
3027 4475 3084 4527 et
3114 4471 3232 4539 iraa,
3265 4472 3335 4528 ad
3367 4474 3705 4545 ponendum
3745 4490 3839 4529 or-

2191 4557 2325 4612 bem
2365 4561 2532 4612 terra:
2562 4558 2930 4615 desertum.»
2956 4561 3117 4626 Quod
3145 4578 3278 4617 vero
3309 4561 3599 4634 sequitur,
3622 4579 3693 4618 ex
3723 4562 3838 4618 alio

2193 4645 2478 4717 propheta
2521 4646 2900 4720 desumptum
2931 4653 3052 4716 est;
3079 4652 3223 4706 Osee
3251 4667 3352 4722 vn,
3381 4651 3419 4705 2
3445 4667 3456 4706 :
3492 4649 3836 4706 Ἐκύχλωσιν

2189 4730 2384 4793 αὐτοὺς
2438 4733 2506 4787 τὰ
2589 4728 2878 4790 διαϐοὖλια
2932 4734 3146 4790 αὐτῶν*
3209 4738 3695 4797 Circumdederunt
3751 4756 3838 4797 eos

2188 4822 2543 4893 cogitationes
2597 4839 2806 4881 eorum.
2842 4823 3020 4882 Paulo
3049 4831 3184 4898 post
3212 4826 3423 4898 scribe,
3460 4849 3488 4879 «
3518 4827 3646 4885 Non
3677 4829 3836 4884 enim

2191 4927 2285 4966 me
2315 4915 2706 4983 peccatorum,
2741 4934 2768 4963 ››
2793 4911 2855 4967 οὐ
2883 4913 2984 4988 γὰρ
3015 4916 3298 4989 περιστήσ.

2261 4997 2516 5056 (Σοι.λι39
2544 5000 2586 5056 Β
2620 5002 2706 5057 11.
2737 5001 2920 5073 Neque
2947 5005 3116 5060 enim.
3152 5005 3277 5063 Non
3326 5005 3476 5062 dixit
3527 5009 3698 5076 ζητοῖ,
3733 5007 3836 5063 sed

2193 5088 2361 5157 ζήτει.
2420 5089 2763 5148 Audiendus
2805 5092 3004 5164 potius
3044 5093 3385 5166 Carnarius,
3423 5116 3452 5151 ι
3478 5112 3670 5168 neque
3727 5097 3836 5168 igi-

2187 5182 2286 5234 tur
2315 5179 2551 5236 fratrem
2582 5196 2774 5252 quaare
2803 5181 2864 5238 in
2890 5183 3373 5254 redemptionem,
3405 5185 3508 5242 sed
3539 5202 3677 5241 eum
3735 5186 3834 5258 qui

2189 5267 2448 5324 extendit
2503 5273 2776 5326 naturam
2820 5274 3003 5328 tuam.
3037 5294 3067 5324 »
3115 5273 3442 5344 Subjicitur
3486 5274 3701 5331 deinde
3743 5274 3835 5331 hi-

2189 5357 2372 5414 storia
2427 5358 2608 5415 Exodi
2657 5362 2949 5432 xxxn,28,
2982 5365 3039 5418 et
3076 5361 3281 5430 altera,
3333 5379 3469 5419 cum
3518 5359 3829 5430 διστατιχήν

2189 5448 2372 5522 φωνήν
2407 5449 2646 5506 dubiam
2677 5455 2733 5507 et
2757 5450 3123 5508 haesitantem
3151 5452 3347 5510 emisit
3373 5455 3829 5521 vocem,Nume-

2188 5554 2303 5596 ror.
2335 5557 2429 5607 xx,
2463 5541 2549 5596 10.

2259 5628 2381 5684 Col.
2431 5630 2536 5685 446
2578 5635 2620 5686 Β
2674 5631 2727 5687 9.
2776 5631 3154 5704 lmipientem.
3189 5631 3319 5687 Haec
3376 5631 3461 5689 ita
3509 5635 3660 5690 verti
3713 5652 3826 5690 ma-

2185 5716 2311 5775 vult
2338 5718 2752 5793 Montacutius,
2777 5725 2842 5778 ut
2859 5725 3057 5778 Graeca
3077 5726 3308 5793 sonant,
3333 5745 3361 5772 ‹‹
3385 5721 3603 5780 Poterit
3631 5729 3824 5781 autem
