4128 6216
282 364 306 422 l
318 360 436 423 025

1438 365 1546 424 AD
1589 361 1962 424 HOMlLIAS
2007 363 2085 423 IN
2134 363 2516 428 PSALMOS.

3529 371 3686 433 1026

277 495 576 570 quispiam
608 474 818 562 dicere,
849 495 1244 568 insipientem'
1264 496 1431 553 illum
1474 495 1789 566 nominari,
1818 497 1918 569 qui
1949 498 2003 566 Α
2035 519 2064 549 ‹‹
2096 497 2261 555 Illam
2312 500 2567 571 Apostoli
2624 501 2946 576 περικοπήν,
2992 503 3053 558 in
3101 519 3221 576 qua
3249 505 3321 561 de
3348 505 3680 578 virginitate

273 585 509 642 ethnico
563 601 722 642 more
776 585 938 655 vivit,
996 593 1310 658 amentem,
1371 586 1471 659 qui
1527 585 1772 643 Jndaica
1803 602 1922 642 mo-

279 691 363 731 re.
402 697 424 727 ι
459 677 665 730 Postea
707 673 870 730 locus
912 675 1127 731 citatur
1174 691 1242 732 ex
1293 675 1435 732 Osee
1479 676 1722 745 vu,1l;
1779 692 1924 744 non,

278 768 347 819 ut
371 767 604 819 notarat
640 763 973 830 Carnarius,
1027 763 1170 821 Osee
1219 783 1295 820 ιχ.
1344 766 1503 822 Idem
1563 764 1736 836 paulo
1793 767 1928 836 post

276 852 651 908 commodius
697 852 1142 909 Volaterranum
1200 854 1281 910 ait
1336 853 1598 922 vertisse,
1660 849 1733 906 ὧν
1763 852 1920 928 γάρὸ

279 939 398 1015 βίος
423 944 649 1016 νεκρῶν·
679 962 708 993 ‹‹
739 945 995 1010 Quorum
1020 942 1175 998 enim
1225 943 1345 998 vita
1376 942 1624 999 mortuis
1650 943 1925 1014 operibus

275 1032 348 1087 ab
380 1030 574 1087 omnis
604 1031 835 1104 generis
872 1037 1105 1102 peccato
1154 1031 1577 1088 resultantibus
1603 1031 1926 1103 adimpleta
1957 1089 1961 1092 λ

276 1124 387 1189 est,
418 1119 669 1176 istarum
713 1120 926 1176 domus
975 1119 1036 1176 in
1066 1123 1350 1176 aaternum
1384 1119 1654 1193 sepulcra
1687 1120 1858 1176 fiunt.
1896 1142 1924 1170 »

280 1209 464 1266 Locus
495 1209 566 1264 de
595 1208 776 1264 Jacob
805 1212 896 1264 est
923 1207 1066 1264 Gen.
1096 1225 1229 1276 xxv,
1262 1210 1351 1266 27.

349 1315 470 1372 Col.
502 1315 605 1371 454
635 1319 673 1368 Β
718 1314 774 1372 9.
823 1315 938 1388 Qui
987 1317 1303 1388 imperium,
1354 1316 1670 1373 Carnarius
1719 1316 1925 1384 edidit,

280 1427 310 1456 ι(
342 1409 582 1478 propter
609 1420 747 1460 enm
795 1404 898 1477 qui
949 1404 1142 1476 ipsam
1185 1405 1493 1472 destruxit,
1520 1409 1578 1462 et
1606 1405 1924 1476 imperium

279 1493 488 1550 mortis
517 1493 715 1550 habet.
758 1515 788 1544 »
840 1493 1093 1566 Uterque
1144 1493 1434 1566 interpres
1490 1511 1526 1550 a
1587 1510 1765 1550 sensu
1815 1493 1925 1550 Ba-

278 1583 401 1640 silii
431 1583 590 1640 etab
622 1582 884 1654 Apostoli
935 1582 1226 1638 sententia
1267 1583 1594 1652 aberravit;
1647 1587 1708 1638 at
1763 1583 1930 1639 Vala-

277 1677 554 1728 terranus
584 1671 643 1726 in
676 1671 994 1744 antiquiori
1026 1671 1283 1727 editione
1312 1676 1466 1728 recte
1504 1673 1926 1744 interpretatus

276 1765 424 1828 erat,
459 1764 524 1815 ut
552 1760 812 1833 suggerit
841 1760 1296 1829 Montacutius,«
1331 1766 1568 1832 propter
1596 1777 1731 1816 eum
1754 1778 1788 1816 a
1809 1777 1924 1832 quo

2033 591 2089 642 et
2120 588 2344 659 nuptiis
2375 589 2656 662 disputat,
2703 591 2871 647 aliter
2900 591 3188 648 disserere
3219 594 3608 667 compelleris.
3651 622 3674 652 ι

2034 675 2288 733 Basilius
2346 679 2666 749 quaestione
2721 681 2793 736 de
2835 681 3126 752 baptismo
3158 683 3208 753 4,
3241 681 3329 735 καὶ
3363 679 3680 758 ὀλόκληρον

2032 764 2130 832 τὴν
2173 764 2507 840 περιέκοπὴν
2553 766 3021 843 ἀναγινώσκοντες.
3070 771 3155 826 Ita
3199 772 3684 846 demumlegitnr

2034 855 2093 909 in
2126 855 2338 911 Catena
2368 856 2566 914 Graeca
2596 874 2706 915 ms.
2740 859 2798 914 in
2825 875 2942 931 qua
2972 864 3129 916 tatus
3160 859 3256 916 hic
3284 861 3485 918 Basilii
3516 861 3680 920 locus

2035 945 2361 1017 exscriptus
2392 951 2506 1002 est.

2105 1051 2230 1107 Ibid
2290 1053 2330 1108 C
2388 1054 2442 1108 3.
2527 1056 2740 1127 Viginti
2812 1056 3018 1112 millia.
3105 1056 3522 1127 Corrigendum
3613 1075 3681 1114 ex

2035 1138 2290 1196 editione
2317 1142 2623 1199 Basiliens.
2654 1147 2712 1200 et
2739 1143 2920 1200 Oliva.
2959 1166 2986 1193 ‹‹
3029 1144 3232 1216 viginti
3265 1146 3382 1202 duo
3416 1145 3624 1203 millia.
3655 1166 3686 1200 α

2033 1227 2124 1283 Sic
2167 1228 2324 1284 enim
2373 1231 2660 1303 scriptum
2707 1237 2797 1288 est
2839 1236 2885 1288 II
2932 1234 3261 1306 Regnorum
3284 1251 3410 1302 vm,
3439 1235 3515 1291 5:
3577 1235 3678 1290 Καὶ

2034 1313 2259 1385 ἐπάταξε
2324 1315 2485 1372 Δαυὶδ
2543 1317 2594 1373 ἐν
2649 1324 2729 1391 τῷ
2784 1319 2945 1393 Σύρῳ
3001 1317 3171 1375 εἷᾏιοσι
3246 1318 3340 1376 δύο
3412 1320 3673 1398 χιλιάδας

2034 1401 2263 1478 ἀνδρῶν·
2292 1408 2354 1461 Et
2379 1411 2646 1479 percussit
2681 1410 2851 1466 David
2895 1413 2955 1466 in
3002 1410 3141 1482 Syro
3169 1413 3374 1481 viginti
3400 1412 3510 1468 duo
3539 1414 3676 1470 mil-

2036 1495 2114 1549 lia
2144 1497 2408 1552 virorum.

2106 1583 2226 1639 Col.
2258 1586 2362 1640 464
2383 1585 2498 1640 Β8.
2530 1589 2644 1639 Τῶν
2673 1584 2992 1660 ἀνθρώπων.
3025 1585 3194 1642 ε’ίκοσι
3225 1589 3406 1646 Oliva.
3438 1593 3546 1644 τῶν
3574 1611 3679 1646 παι

2033 1667 2227 1744 τὲρων,
2269 1694 2298 1723 α
2331 1678 2585 1743 paternae
2615 1675 2912 1731 vanitatis.
2944 1697 2965 1724 ιι
3019 1675 3143 1730 Non
3176 1679 3546 1747 aspernanda
3586 1696 3683 1734 va-

2036 1760 2123 1815 ria
2151 1758 2340 1828 lectio,
2373 1777 2509 1816 cum
2555 1763 2626 1818 de
2655 1763 2976 1833 gentilibus
3003 1768 3232 1835 agatur,
3274 1766 3374 1836 qui
3419 1767 3681 1838 paternis

276 1849 619 1905 vastabatur
673 1849 746 1916 is,
805 1849 906 1921 qui
965 1849 1172 1906 mortis
1218 1848 1473 1906 habebat
1519 1849 1854 1922 imperium.
1893 1871 1920 1904 ι
1957 1863 2005 1928 Β
2036 1849 2555 1921 superstitionibus
2588 1851 2981 1908 adherebant.
3015 1852 3171 1908 Dixit
3217 1858 3414 1910 tamen
3463 1855 3680 1927 pagina

281 1939 473 1994 Locus
528 1942 616 1994 est
673 1937 941 1994 Hebraior
997 1947 1058 2006 1i,
1111 1938 1207 1994 1t:
1259 1939 1375 1993 Ἵνα
1421 1933 1511 1990 διὰ
1551 1941 1649 1991 τοῦ
1698 1937 1927 2001 θανάτου

282 2029 598 2104 καταργήσῃ
663 2027 756 2083 τὸν
837 2027 900 2082 τὸ
975 2028 1173 2103 κράτος
1246 2023 1446 2102 ἔχοντα
1508 2032 1606 2082 τοῦ
1676 2029 1928 2101 θανάτου,

283 2116 532 2172 τουτέστι
586 2115 680 2170 τὸν
742 2109 1026 2171 διάϐολον·
1103 2120 1166 2175 ΠΙ
1221 2133 1317 2189 per
1385 2123 1614 2174 mortem
1683 2119 1927 2177 destrue-

284 2217 369 2263 rct
397 2201 544 2274 cum,
575 2208 674 2278 qui
699 2207 932 2262 habebat
957 2208 1152 2263 mortis
1189 2208 1510 2279 imperium,
1563 2208 1622 2264 id
1675 2218 1754 2266 est
1807 2211 1929 2267 dia-

289 2295 498 2353 bolum.
529 2297 617 2352 Ita
661 2296 833 2352 vertit
886 2300 946 2352 et
997 2295 1368 2366 Ambrosius,
1428 2296 1530 2352 lib.
1563 2314 1626 2353 ιιι
1679 2299 1751 2354 De
1801 2300 1929 2370 ﬁde,

287 2403 417 2458 cap.
475 2386 533 2456 5,
589 2386 858 2442 addens:
926 2408 956 2437 «
1017 2390 1126 2442 Per
1190 2402 1366 2457 quam
1443 2386 1556 2443 nisi
1632 2405 1734 2459 per
1811 2407 1933 2446 cor-

286 2475 448 2546 poris
504 2477 777 2541 mortem,
833 2473 1039 2530 martis
1095 2473 1327 2530 vincula
1381 2474 1752 2532 dissolvit?»
1785 2479 1929 2535 Cum

285 2579 426 2637 ergo
484 2567 742 2636 potestas
796 2561 911 2620 ista
965 2563 1172 2619 mortis
1248 2562 1479 2619 dicatur
1547 2565 1791 2635 abolita,
1868 2572 1933 2624 ut

286 2652 504 2708 fatetur
543 2655 704 2723 Beza,
753 2650 950 2723 inepte
991 2651 1324 2707 censendus
1369 2656 1460 2707 est
1487 2653 1930 2725 interpretatus,

283 2741 376 2795 τὸν
405 2737 625 2814 ἔχοντα,
662 2761 691 2790 ‹‹
721 2756 846 2796 eum
903 2740 1002 2812 qui
1056 2740 1232 2796 habet
1275 2740 1610 2813 imperium,
1660 2765 1688 2794 »
1720 2761 1834 2800 non
1867 2748 1934 2801 ut

281 2830 556 2902 Vulgata,
589 2850 618 2880 «
648 2827 750 2899 qui
779 2827 1045 2884 habebat.
1081 2850 1109 2879 »

358 2917 507 2974 Ibid.
539 2919 579 2972 Ο
610 2917 694 2972 10.
742 2917 834 2972 Ἐν
865 2919 945 2987 τῷ
974 2911 1100 2988 ᾄῦῃ.
1155 2917 1232 2972 Ad
1267 2916 1506 2972 verbum
1539 2921 1650 2985 est,
1683 2940 1711 2968 «
1748 2918 1808 2973 in
1841 2919 1930 2975 in-

285 3007 450 3062 ferno
480 3006 880 3078 protendatur,
917 3027 945 3055 »
976 3022 1090 3061 non
1125 3009 1189 3060 ut
1215 3004 1504 3061 Volaterr.
1536 3009 1593 3061 et
1621 3008 1934 3064 Carnarius

287 3117 316 3145 α
348 3096 423 3150 ad
453 3094 752 3150 infernum
777 3110 998 3165 usque;
1036 3099 1127 3149 «at
1151 3095 1306 3165 quod
1340 3091 1935 3166 sequitur,teleimo&i-

2038 1938 2386 2008 praecedenti
2435 1938 2493 1993 id
2553 1955 2723 2010 posse
2779 1941 2850 1996 de
2906 1941 3065 1996 omni
3123 1944 3365 1998 omnino
3422 1942 3681 2001 humano

2039 2041 2250 2098 genere
2301 2027 2569 2100 intelligi,
2623 2027 2749 2100 περὶ
2815 2027 3014 2084 παντὸς
3071 2033 3168 2083 τοῦ
3224 2028 3524 2102 ἀνθρώπων
3585 2030 3682 2107 γί-

2039 2131 2184 2176 νους.

2111 2201 2228 2259 Col.
2273 2204 2380 2259 470
2420 2204 2458 2260 Β
2516 2205 2572 2260 7.
2637 2205 2885 2261 Idithum
2943 2222 3068 2262 vero
3131 2212 3525 2263 consecratam.
3595 2211 3683 2265 Ad

2040 2291 2282 2347 verbum
2330 2309 2360 2348 e
2389 2293 2583 2349 Graaco
2614 2295 2788 2350 vertit
2831 2295 3168 2361 Carnarius,
3209 2318 3238 2345 «
3289 2296 3546 2352 Idithum
3579 2299 3685 2354 da-

2040 2382 2161 2434 tam
2193 2381 2412 2436 essein
2445 2381 2756 2439 utilitatem
2808 2383 3018 2455 ipsius.
3081 2406 3110 2434 »
3167 2385 3312 2442 Nam
3364 2391 3430 2440 ut
3479 2386 3686 2443 scribit

2038 2473 2094 2525 S.
2127 2473 2475 2529 Ambrosius
2506 2473 2564 2529 in
2587 2476 2644 2530 in
2673 2476 2872 2547 psalm.
2904 2493 3118 2532 xxxvm
3144 2494 3157 2533 :
3185 2501 3213 2527 «
3247 2476 3541 2533 Psalmum
3573 2478 3685 2534 Da-

2041 2560 2133 2615 vid
2187 2561 2442 2633 scripsit,
2488 2568 2548 2619 et
2596 2565 2854 2620 Idithum
2922 2565 3046 2622 viro
3112 2565 3444 2638 disciplinis
3497 2567 3682 2623 leviti-

2040 2650 2124 2704 cis
2171 2653 2230 2706 et
2301 2653 2762 2710 sacerdotalibus
2818 2655 3047 2711 erudito
3104 2655 3438 2711 canendum
3498 2656 3682 2712 dedit.

2040 2739 2303 2811 Denique
2353 2741 2528 2796 etiam
2586 2742 2643 2797 in
2689 2743 3070 2800 saecularibus
3099 2743 3357 2816 scriptis,
3389 2744 3488 2801 alii
3520 2749 3688 2801 erant

2043 2828 2142 2899 qui
2202 2829 2575 2896 scribebant,
2633 2831 2730 2886 alii
2799 2832 2902 2904 qui
2958 2833 3018 2888 in
3080 2849 3254 2888 scena
3310 2836 3398 2890 vel
3456 2834 3685 2890 cantica

2040 2915 2129 2972 vel
2186 2919 2502 2974 comoedias
2559 2919 2644 2975 vel
2707 2921 3023 2993 tragoedias
3080 2939 3284 2978 cauere
3360 2939 3682 2979 consueve-

2043 3011 2195 3061 rant.
2253 3028 2282 3056 »
2331 3007 2399 3061 Et
2455 3007 2856 3064 Tbeodoretus
2916 3013 2973 3064 in
3033 3009 3190 3065 hunc
3243 3012 3518 3082 psalmum
3549 3028 3681 3068 LxI:

2043 3091 2222 3163 Δῆλον
2272 3093 2449 3148 τοίνυν
2503 3097 2577 3158 ὡς
2624 3100 2721 3150 τοῦ
2755 3099 3025 3172 μακαρίου
3055 3098 3148 3170 μὶν
3183 3093 3348 3153 Δαϐὶδ
3384 3100 3411 3154 ὁ
3442 3098 3684 3173 ψαλμός·

283 3202 370 3237 σιν
403 3183 454 3237 oi
511 3180 930 3259 προειληφότες,
990 3185 1207 3239 rectius
1263 3184 1550 3254 expressit
1595 3185 1930 3253 Carnarius,

2047 3177 2205 3254 ᾔδετο
2237 3179 2294 3237 δὲ
2328 3183 2429 3237 ὑπὸ
2456 3183 2553 3238 τοῦ
2583 3182 2846 3256 Ἰδιθοὺμ,
2888 3183 2947 3247 ὅς
2980 3186 3154 3261 χόρου
3203 3187 3582 3263 προστατεύων
3632 3189 3684 3244 ἐν

284 3295 316 3323 ‹‹
350 3271 452 3344 qui
485 3271 790 3345 pragressi
819 3276 1038 3328 essent.
1070 3293 1098 3322 »
1133 3271 1304 3327 Hebr.
1337 3289 1412 3326 xl.
1447 3272 1537 3326 40.

357 3361 479 3428 Col,
529 3363 634 3417 458
680 3367 727 3415 Α
782 3362 868 3416 10.
923 3362 1203 3417 Introibis.
1262 3360 1660 3418 Tbeodoretus
1729 3363 1932 3418 admo-

283 3455 386 3506 net
435 3455 554 3506 tres
597 3451 825 3506 Graecos
866 3449 1238 3520 interpretes,
1296 3448 1568 3520 Aquilam
1628 3449 1932 3518 nimirum,

279 3539 727 3612 Symmachum,
756 3544 814 3594 et
842 3537 1323 3607 Theodotionem,
1368 3538 1647 3604 edidisse,
1695 3535 1930 3592 εἰσελεύ-

281 3647 417 3702 σῃ,‹(
438 3627 731 3694 introibis,
749 3650 778 3677 »
802 3627 956 3684 etita
974 3626 1190 3698 legisse
1217 3627 1373 3698 apud
1397 3627 1681 3682 Basilium
1705 3627 1934 3684 videtur

280 3719 597 3790 interpres,
629 3735 744 3773 non
778 3721 840 3772 ut
863 3716 1038 3772 habet
1058 3715 1234 3771 Oliva.
1263 3722 1320 3772 et
1349 3715 1654 3772 Basiliens.
1697 3713 1934 3771 εἷ’σιλεύ-

284 3827 459 3873 σεται,
498 3827 520 3855 ι
554 3805 836 3862 introibit.
873 3827 901 3855 ››
931 3805 1242 3860 Carnarius
1281 3805 1454 3860 etiam
1489 3805 1747 3876 scripsit,
1785 3826 1812 3856 ιι
1844 3808 1932 3861 in-

280 3895 516 3962 troibis,
552 3917 580 3944 η
603 3895 756 3966 quod
788 3893 1100 3950 adverterit
1128 3893 1187 3948 id
1218 3891 1446 3964 exigere
1463 3892 1931 3965 explanationem

284 3985 487 4042 Basilii
516 4002 529 4040 :
554 3988 860 4057 propterea
897 3983 1188 4053 sequitur,
1237 3983 1510 4037 Τοσοῦτον
1545 3982 1637 4035 οὗν
1667 3980 1933 4057 παραγίνῃ

286 4073 376 4146 σὺ,
409 4073 438 4128 ὁ
469 4071 619 4134 Θεός·
653 4095 682 4124 ‹‹
713 4073 965 4127 Tantum
998 4070 1178 4142 igitur
1221 4070 1450 4126 accedis
1505 4074 1591 4140 tu,
1641 4077 1817 4139 Deus,
1875 4075 1934 4127 et

282 4170 453 4220 tanta
482 4162 648 4220 estin
675 4161 804 4233 ipso
833 4161 904 4216 de
933 4164 991 4215 te
1023 4159 1221 4215 notia:
1258 4180 1285 4208 »
1330 4163 1388 4214 et
1441 4159 1524 4214 ita
1574 4160 1932 4216 restituenda

284 4259 380 4309 est
409 4249 830 4322 interpretatiO'

360 4341 482 4397 Col.
516 4340 620 4394 460
650 4344 688 4391 Β
721 4338 804 4393 13.
837 4335 968 4391 Εἶτα
998 4330 1087 4387 διὰ
1115 4331 1365 4410 φιλανθρ.
1398 4335 1529 4390 Haec
1559 4335 1756 4391 addita
1794 4341 1934 4392 sunt

284 4447 356 4486 ex
386 4427 612 4499 Anglic.
667 4431 724 4481 et
751 4424 897 4479 Oliv.
926 4440 938 4479 :
975 4445 1002 4474 «
1034 4423 1218 4478 Iidem
1250 4439 1456 4478 rursus
1496 4428 1735 4496 propter
1765 4424 1934 4480 mise-

281 4515 602 4574 ricordiam
638 4513 732 4569 Dei
762 4512 1005 4568 admissi
1035 4529 1100 4566 ac
1132 4512 1368 4582 recepti.
1405 4533 1432 4560 »

365 4605 512 4661 Ibid.
545 4606 585 4660 C
642 4603 730 4658 41.
795 4596 1096 4662 Βασιλέως.
1156 4600 1601 4655 Emendandum
1660 4617 1728 4657 ex
1780 4601 1926 4658 Oliv.
1963 4585 2006 4650 Ῐ)

281 4709 349 4760 et
393 4701 563 4774 Angl.
627 4695 853 4774 βασιλέα
906 4691 1071 4751 mea
1124 4713 1308 4768 regem
1351 4697 1509 4752 Soba.
1572 4699 1734 4769 Apud
1793 4698 1932 4754 LXX

277 4792 504 4864 legitur
567 4786 792 4863 βασιλέα
859 4779 1060 4853 Σουϐἆ,
1119 4786 1417 4856 iidemque
1470 4785 1770 4857 appellant
1828 4786 1932 4839 2-3-

277 4901 382 4956 ρον
423 4872 606 4948 Ῥαάϐ,
665 4877 870 4949 Syrum
916 4875 1127 4936 Rhaab.
1211 4875 1366 4946 quod
1422 4874 1674 4930 Basilius
1733 4872 1930 4948 Συρίαν

297 4961 478 5114 9:;le
505 5055 600 5111 464
640 5060 684 5108 Λ
715 5055 769 5108 9.
804 5050 1196 5126 Ηαρετάξαντο.
1231 5050 1651 5121 Corrigendum
1687 5065 1754 5105 ex
1783 5051 1930 5108 Oliv.

262 5153 340 5204 et
370 5143 596 5218 Anglic.
629 5141 981 5215 παρετάξατο,
1016 5145 1082 5195 ut
1108 5139 1298 5194 versio
1331 5138 1592 5210 requirit.

356 5251 473 5308 Col.
507 5253 610 5306 462
639 5253 684 5305 Α
718 5251 801 5304 12.
837 5248 1244 5317 Progressioni.
1279 5247 1364 5301 Ita
1411 5245 1746 5313 Carnarius,
1783 5270 1808 5295 «
1841 5247 1930 5302 hi-

261 5342 472 5399 storiae
507 5355 838 5412 processus,
875 5361 903 5387 ››
935 5337 1033 5392 sed
1069 5337 1126 5391 in
1159 5335 1299 5392 Oliv.
1337 5338 1396 5390 et
1426 5334 1598 5405 Angl.
1647 5353 1763 5390 non
1794 5355 1930 5410 προ-

260 5431 456 5502 κοπῇ,
489 5430 592 5484 sed
618 5429 896 5499 περικοπῇ
929 5425 1164 5496 legitur,
1200 5447 1226 5474 ‹‹
1258 5423 1439 5494 hujus
1468 5423 1726 5479 historiae
1759 5427 1930 5497 parti,

263 5537 387 5577 seu
426 5520 775 5590 fragmenta-
805 5539 833 5565 ››
887 5516 1122 5581 Suidas,
1166 5512 1461 5586 περικοπή,
1520 5512 1683 5585 μέρος
1732 5534 1783 5567 τι
1835 5522 1933 5585 τῆς

264 5607 621 5673 ὁποθὲστως,
681 5629 709 5658 ‹‹
751 5623 886 5678 pars
945 5604 1144 5676 aliqua
1199 5601 1619 5674 disputationis
1673 5603 1932 5676 integrae,

265 5697 377 5756 vel
429 5695 804 5754 narrationis.
867 5716 895 5744 »
943 5693 1329 5766 Hieronymus
1361 5691 1430 5747 ad
1466 5693 1931 5766 Pammachium,

2040 3275 2120 3343 τῷ
2151 3271 2275 3344 θείῳ
2305 3276 2408 3344 νεῷ
2438 3272 2592 3344 ὕμνει
2621 3273 2712 3328 τὸν
2744 3277 2850 3328 τῶν
2881 3272 3026 3330 ὅλων
3059 3275 3210 3330 Θιόν·
3245 3301 3274 3328 ‹‹
3320 3278 3528 3352 Liquet
3573 3280 3687 3353 igi-

2039 3364 2138 3418 tur
2174 3362 2465 3435 psalmum
2517 3365 2754 3434 quidem
2788 3365 2941 3420 beati
2974 3366 3210 3422 Davidis
3239 3384 3390 3439 esse,
3426 3369 3684 3426 Idithum

2040 3468 2174 3508 vero
2204 3468 2334 3507 eum
2366 3453 2785 3524 cecinisse,qui
2815 3454 2979 3510 chori
3011 3457 3318 3526 praefectus
3347 3471 3477 3513 cum
3511 3463 3685 3526 esset,

2041 3541 2223 3596 Deum
2256 3540 2661 3596 universorum
2696 3542 2755 3597 in
2808 3559 2971 3598 sacro
3029 3543 3246 3614 templa
3306 3543 3622 3615 laudabat;
3660 3569 3686 3597 ››

2040 3633 2097 3685 et
2144 3631 2205 3684 in
2249 3629 2455 3700 psalm.
2502 3647 2752 3686 xxxvm:
2810 3632 2923 3686 Τοῦ
2953 3631 3046 3703 μὲν
3082 3626 3247 3685 Δαϐὶδ
3279 3633 3307 3686 ὁ
3337 3630 3582 3706 ψαλμός·
3610 3638 3689 3706 τῷ

2041 3716 2098 3771 δὲ
2129 3713 2374 3789 Ἰδιθοὺμ
2403 3716 2476 3778 ὡς
2507 3718 2599 3771 τὸν
2639 3721 2747 3772 τῶν
2781 3716 3018 3788 ᾀδόντων
3051 3721 3219 3796 χορὸν
3255 3719 3690 3795 ἐμπεπιστευμέ-

2040 3826 2118 3877 νῳ
2150 3805 2225 3866 εἱς
2254 3806 2317 3859 τὸ
2346 3803 2580 3877 ψάλλειν
2603 3803 2786 3876 ἐδόθη·
2826 3830 2854 3858 (ί
2881 3809 3151 3865 Psalmus
3183 3811 3417 3881 quidem
3453 3813 3689 3868 Davidis

2040 3899 2149 3964 est,
2182 3893 2438 3950 Idithum
2469 3911 2603 3950 vero
2635 3896 2705 3950 ad
2738 3897 3068 3951 canendum
3104 3899 3275 3952 datus
3308 3899 3437 3964 fuit,
3470 3899 3560 3954 cui
3595 3915 3689 3955 ca-

2044 3983 2310 4039 nentium
2344 3983 2559 4039 ehorus
2581 3983 2936 4039 commissus
2966 3989 3110 4041 erat.
3144 4009 3171 4035 »
3207 3991 3378 4042 Porro
3407 3987 3466 4043 in
3489 3989 3688 4044 codice

2043 4088 2153 4127 ms.
2187 4071 2399 4127 Olivar.
2440 4076 2781 4127 constanter
2811 4073 3112 4145 legebatur
3151 4073 3347 4146 Δὶμάν,
3381 4093 3496 4132 non
3530 4081 3593 4132 ut
3625 4077 3683 4132 in

2043 4161 2268 4233 Anglic.
2334 4157 2516 4228 Δίθάν,
2567 4165 2626 4216 et
2673 4162 2753 4216 ita
2800 4163 2821 4217 Ῑ
2863 4161 3209 4234 Paralipam.
3242 4181 3374 4230 xxv,
3409 4166 3476 4220 1:
3510 4164 3684 4242 Ἀσάφ

2041 4248 2132 4303 καὶ
2193 4247 2372 4321 Αἱμάν
2415 4250 2502 4303 καὶ
2553 4246 2800 4321 Ἰδιθοὺμ
2867 4248 2994 4313 τοὺς
3058 4249 3570 4328 ἀποφθεγγομένους
3629 4253 3682 4307 ὲ»

2040 4336 2306 4413 κινύραις,
2366 4337 2455 4392 καὶ
2506 4337 2556 4391 ἓν
2608 4333 2857 4411 νάϐλοιις⁵
2905 4336 2993 4392 καί
3039 4338 3091 4393 ἐν
3148 4335 3477 4412 κυμϐάλοις·
3507 4344 3687 4415 Asaph

2039 4437 2095 4484 et
2126 4428 2341 4484 Aimam
2370 4436 2422 4483 ct
2469 4427 2712 4484 Idithum
2754 4433 3112 4497 personantes
3165 4432 3225 4484 in
3269 4432 3502 4487 citharis
3548 4435 3688 4489 etin

2037 4519 2319 4589 psalteriis
2349 4521 2400 4573 et
2431 4521 2492 4572 in
2516 4518 2788 4590 cymbalis
2813 4539 2826 4587 ;
2857 4523 3032 4591 atque
3061 4519 3171 4574 hoc
3200 4520 3374 4576 etiam
3409 4525 3574 4593 pacto
3605 4522 3688 4578 le-

2038 4607 2296 4677 gendum
2328 4606 2437 4661 hoc
2469 4605 2759 4675 loca,non,
2793 4609 2853 4662 in
2882 4607 3164 4679 cymbalis
3194 4617 3245 4664 et
3268 4611 3692 4677 organis.Basi-

2041 4695 2156 4750 lius
2187 4695 2412 4749 addidit
2440 4693 2528 4747 καὶ
2573 4693 2624 4746 ἐν
2656 4693 2979 4765 τυμπάνοις,
3013 4698 3165 4767 quod
3203 4697 3322 4753 illic
3371 4715 3487 4754 non
3520 4699 3691 4754 habe-

2042 4788 2157 4850 tur,
2217 4782 2361 4837 illud
2417 4788 2613 4838 autem
2667 4780 2966 4857 σάλπιγγὲς
3017 4804 3076 4838 τε
3123 4785 3214 4838 καὶ
3261 4781 3538 4859 κύμϐαλα,
3591 4792 3687 4842 τοῦ

2042 4873 2364 4948 ἀναφωνεῖν,
2399 4877 2487 4926 est
2513 4888 2581 4927 ex
2614 4874 2634 4928 Ι
2667 4872 3152 4944 Paralipomenon
3183 4892 3299 4946 xvx,
3332 4877 3420 4932 42.

2113 4977 2230 5034 Col.
2269 4979 2373 5034 473
2400 4980 2444 5034 Α
2473 4981 2526 5033 8.
2563 4975 3043 5051 Περιδονούμενοι.
3077 4983 3164 5036 Ita
3197 4999 3340 5038 mss.
3376 4983 3603 5056 Anglici
3634 4988 3690 5038 et

2042 5068 2446 5124 Olivarianus:
2499 5069 2732 5124 retineri
2780 5074 2974 5125 tamen
3026 5075 3218 5143 potest
3276 5077 3449 5127 vetus
3517 5071 3685 5127 lectio

2041 5158 2179 5213 edit.
2214 5155 2520 5212 Basilicus.
2549 5153 2995 5230 περιδονοῦμενα.
3027 5159 3360 5227 Carnarius,
3396 5183 3423 5209 ιι
3453 5159 3683 5231 plantae,

2042 5264 2168 5319 qua
2197 5263 2230 5301 a
2258 5245 2373 5301 leni
2406 5263 2550 5301 aura
2580 5247 2899 5319 agitantur.
2938 5272 2965 5298 »
3312 5291 3314 5294 ,

2112 5336 2230 5391 Col.
2311 5335 2414 5389 476
2467 5337 2506 5389 G
2574 5337 2661 5390 12.
2736 5335 2798 5388 Οἱ
2865 5335 2954 5390 καὶ
3020 5337 3082 5390 τὸ
3146 5333 3407 5411 φονεύειν.
3483 5334 3685 5407 Angli-

2042 5424 2092 5479 ai
2172 5441 2316 5480 mss.
2382 5423 2433 5476 οἱ
2505 5423 2909 5500 καταφονεύων.
2983 5425 3127 5480 ΟΙὶν.
3205 5423 3256 5476 οἱ
3331 5423 3391 5475 τὸ
3445 5442 3688 5500 καταφο-

2040 5512 2232 5567 νεόειν·
2291 5514 2561 5584 sequitur
2610 5520 2802 5569 tamen
2857 5515 3073 5584 absque
3107 5511 3224 5565 ulla
3255 5512 3686 5583 praepositionis

2041 5602 2338 5659 additione
2369 5602 2616 5674 simplex
2646 5600 2783 5656 κατὰ
2815 5600 2911 5667 τήν
2957 5602 3053 5652 τοῦ
3085 5597 3324 5676 φονεύειν
3352 5599 3684 5672 περιουσίαν,

2111 5691 2227 5746 Col.
2261 5691 2366 5744 479
2397 5696 2440 5746 Α
2468 5693 2523 5745 7.
2569 5692 2826 5747 Delicias.
2878 5693 3094 5765 Τρυφῆς
3141 5687 3302 5761 legit,
3354 5694 3416 5746 ut
3457 5690 3690 5762 praefert
