4124 6240
455 400 608 463 1021

1641 380 1874 440 NOTIE
1917 378 2361 441 FRONTONIS
2406 379 2664 443 ΒΗΟΑΞΙ

3715 384 3859 445 1028

451 527 600 586 ΟΙίν.
652 542 769 581 una
821 538 970 580 oum-
1014 515 1185 590 Angl.
1241 516 1314 569 At
1343 529 1412 570 ex
1441 509 1739 568 Basiliensi
1773 513 1918 578 ζωῆς
1961 509 2099 566 Cor.

2217 508 2396 578 aliter,
2461 509 2552 578 Μὴ
2627 511 2848 586 μέταιρε
2911 511 3034 588 ὅρια
3101 512 3321 583 αἰώνία,
3377 516 3503 572 Νοιί
3557 519 3859 587 transferre

456 618 657 674 narius
687 611 1009 684 expressit:
1072 629 1099 658 «
1159 612 1247 659 An
1291 602 1475 658 electa
1529 600 1588 654 in
1647 599 1884 656 virtutis
1939 616 2101 654 exer-

453 708 592 763 citio
649 702 951 760 affectione
1024 714 1125 768 per
1181 695 1359 764 hujus
1415 689 1764 746 beneﬁcium
1822 687 2103 759 consequi

453 802 729 853 aeternam
789 792 987 848 vitam.
1042 809 1069 836 »
1121 783 1294 838 Paulo
1327 785 1457 853 post
1515 777 1768 834 occurrit
1799 777 2104 849 Epicureo-

452 903 582 943 rum
612 884 700 940 vel
729 881 1045 952 impiorum
1075 892 1104 930 e
1135 874 1288 930 circo
1322 869 1504 941 petita
1541 868 1872 923 sententia:
1907 889 1935 916 ‹‹
1960 865 2104 921 Mihi

452 973 763 1048 praesentia
793 971 1021 1036 dentur,
1058 989 1079 1018 ι
1115 962 1210 1018 cui
1253 958 1507 1017 similem
1547 957 1822 1028 adjungit
1852 955 1912 1048 in
1945 972 2104 1048 mar-

455 1043 590 1137 gine
621 1063 966 1117 Tilmannus
997 1073 1067 1112 ex
1090 1055 1150 1110 S.
1179 1053 1352 1108 Joan.
1401 1047 1840 1137 Chrysostomo,
1895 1043 2102 1137 homil.

457 1127 492 1206 ‘9'
540 1152 600 1205 in
643 1151 693 1204 ι]
744 1148 912 1218 Epist.
973 1142 1044 1198 ad
1120 1137 1471 1196 Corinthios:
1556 1129 1657 1189 Καὶ
1715 1131 1817 1206 γὰρ
1875 1127 2102 1186 πολλῶν

463 1237 642 1294 ἀκούω
718 1233 986 1310 λεγόντων
1061 1229 1129 1284 τὰ
1208 1223 1584 1298 καταγέλαστα
1649 1224 1815 1275 ταῦτα
1863 1218 2102 1295 ῥήματα·

463 1323 563 1388 Δός
594 1346 686 1397 μοι
716 1307 814 1392 τὴν
875 1322 1138 1393 σήμερον,
1187 1313 1277 1369 καὶ
1318 1307 1454 1367 λάϐε
1479 1312 1578 1380 τὴν
1613 1308 1824 1383 αὸριον.
2005 1307 2107 1397 ,μὶν

461 1417 560 1490 γὰρ
587 1393 812 1470 τοιαῦτα
867 1411 928 1479 ἦ,
985 1406 1166 1484 φησὶν,
1226 1406 1314 1457 οἷα
1365 1401 1453 1455 καί
1509 1419 1640 1477 φατε
1703 1397 1834 1467 ἐκεῖ,
1886 1393 1940 1450 ἓν
1989 1396 2106 1460 ἀνθ’

455 1480 570 1566 ἓνδς
595 1501 836 1578 γέγονεν’
897 1497 956 1551 ἂν
998 1480 1073 1550 ’δὲ
1134 1490 1302 1566 μηδὲν
1362 1487 1508 1549 ὅλως
1559 1485 1618 1578 ᾖ,
1652 1483 1896 1578 δῗὸοῄἀνῖ
1946 1480 2105 1578 epse-

455 1595 568 1654 νός·
604 1573 632 1644 ξ‹
667 1573 892 1646 Etenim
925 1584 1259 1656 complures
1293 1579 1488 1648 audio,
1517 1576 1617 1649 qui
1649 1573 1917 1631 ridiculis
1946 1574 2106 1630 hisce

457 1682 648 1738 verbis
700 1682 963 1744 utuntur,
1014 1675 1100 1730 Da
1146 1670 1291 1727 mihi
1341 1667 1692 1724 hodiernum
1743 1665 1926 1732 diem,
1955 1667 2014 1719 et
2045 1667 2104 1718 tu

458 1770 784 1827 crastinum
815 1782 1002 1822 sume.
1028 1763 1171 1818 Nam
1207 1759 1257 1815 si
1286 1757 1419 1814 talis
1448 1762 1505 1812 et
1537 1758 1594 1810 in
1623 1755 1818 1810 futuro
1863 1769 1982 1808 aavo
2015 1769 2105 1808 re-

461 1876 589 1915 rum
621 1861 832 1925 status,
865 1852 1098 1925 qualem
1130 1848 1346 1911 dicitis,
1398 1861 1581 1948 unum
1616 1859 1718 1915 pro
1747 1859 1862 1897 uno
1894 1841 2102 1948 fuerit;
2135 1885 2181 1948 Β

455 1949 504 2005 si
535 1963 667 2004 vero
714 1961 783 2001 ex
829 1943 924 2010 iis,
974 1957 1099 2012 quae
1157 1939 1228 1993 de
1257 1952 1373 1990 aevo
1410 1934 1509 1989 illo
1543 1935 2097 1995 commemorantur,

457 2037 602 2092 nihil
635 2032 873 2090 omnino
903 2036 1011 2099 est,
1043 2030 1157 2083 duo
1186 2043 1289 2098 pro
1321 2022 1506 2079 nihilo
1537 2025 1730 2077 erunt.
1767 2043 1789 2071 ι
1828 2021 1962 2083 Quae
1996 2020 2100 2074 do-

454 2125 756 2182 ctissimus
790 2119 1017 2184 Billius,
1051 2116 1152 2171 lib.
1184 2131 1223 2181 1,
1256 2129 1386 2184 cap.
1421 2112 1507 2180 14,
1541 2107 2102 2177 0bservationum,sio

453 2213 727 2285 exponit:
767 2233 786 2260 α
823 2209 959 2264 Sine
991 2223 1084 2260 me
1123 2202 1430 2276 prasentis
1478 2200 1606 2254 vita;
1653 2196 2102 2253 oblectamentis

457 2303 590 2370 frui,
632 2307 695 2357 tu
745 2315 876 2354 vero
927 2297 1127 2352 futura
1156 2295 1310 2348 bona
1341 2290 1443 2344 tibi
1478 2288 1648 2344 habe.
1679 2287 1736 2340 Si
1767 2285 1922 2342 enim
1967 2302 2102 2340 vera

455 2396 614 2457 sunt,
647 2405 774 2461 quas
805 2387 876 2442 de
898 2387 1199 2457 justorum
1232 2377 1486 2452 priemiis
1516 2382 1572 2432 et
1604 2375 1935 2446 iniquorum
1969 2389 2102 2444 sup-

455 2480 647 2552 pliciis
677 2476 1238 2534 commemorantur,
1281 2484 1449 2539 aequa
1489 2465 1822 2522 conditione
1853 2463 2097 2518 erimus.

453 2551 571 2624 Nos
599 2567 756 2622 enim
791 2561 1098 2636 prasentia
1127 2558 1606 2624 habebimus,vos
1637 2553 1961 2608 futura.Sin
1992 2551 2098 2606 fal-

453 2675 519 2714 sa
540 2662 598 2712 et
621 2651 1042 2715 commentitia,
1067 2665 1173 2704 nos
1204 2646 1442 2718 quidem
1465 2642 1930 2714 duplicinomine
1943 2639 2098 2696 beati

450 2744 694 2810 erimus,
737 2746 802 2796 ut
831 2739 933 2811 qui
965 2743 1022 2794 et
1051 2737 1108 2790 in
1141 2736 1248 2790 hac
1276 2734 1392 2789 vita
1421 2732 1480 2787 in
1525 2733 1686 2786 omni
1730 2729 2096 2801 voluptatum

355 2853 362 2858 '
449 2849 662 2907 genere
709 2830 923 2886 versati
970 2825 1281 2891 fuerimus,
1332 2827 1390 2877 et
1439 2821 1498 2876 in
1541 2819 1722 2876 altero
1752 2835 1871 2875 aevo
1905 2816 2095 2874 nullas

453 2939 652 2994 poenas
679 2916 933 2976 subituri
984 2914 1213 2979 simus;
1249 2927 1348 2967 vos
1380 2914 1582 2964 contra
1612 2907 1828 2979 duplici
1864 2908 2098 2962 nomine

457 3009 658 3067 miseri
701 3013 763 3064 ut
799 3006 896 3076 qui
929 3009 985 3060 et
1009 3004 1064 3058 in
1088 3002 1196 3057 hac
1227 3000 1345 3054 vita
1377 3014 1622 3070 magnos
1646 2996 1873 3051 labores
1897 3010 2096 3050 susce-

455 3099 679 3173 peritis,
707 3101 764 3152 et
794 3095 852 3150 in
886 3095 1082 3149 futura
1113 3088 1296 3146 nihilo
1327 3086 1562 3143 meliore
1604 3083 1936 3142 conditione
1965 3082 2096 3138 sitis

454 3189 656 3243 futuri.
698 3208 725 3234 »
760 3184 980 3240 Ibidem
1013 3185 1164 3236 recte
1195 3196 1228 3234 a
1257 3176 1602 3232 doctissimo
1652 3174 1862 3229 Savilio
1912 3188 2098 3244 nuper

454 3278 677 3334 editum
735 3279 846 3341 est,
896 3269 1042 3325 ἀλλὰ
1093 3264 1188 3321 δύο
1237 3266 1346 3320 ἀντ’
1390 3261 1606 3323 οὐδενὸς
1653 3258 1797 3316 ἔσται
1846 3266 1962 3321 τοῖς
2012 3257 2092 3313 δι·
2127 3247 2170 3313 C

452 3362 723 3434 καίοις,υῐ
741 3361 1070 3431 conjecerat
1090 3354 1521 3412 emendandum
1547 3353 1697 3406 idem
1724 3349 1945 3405 Billius.
1973 3350 2107 3404 Sub'

457 3455 631 3510 finem
657 3451 881 3523 pagina:
904 3463 1006 3519 pro
1026 3440 1381 3518 προσφέρεται
1418 3439 1552 3514 ζυγά
1579 3438 1796 3510 legitur
1841 3438 1898 3492 in
1949 3437 2094 3493 Oliv.

455 3549 514 3599 et
543 3539 767 3610 Anglic.
800 3532 1147 3608 προφέρεται,
1185 3553 1212 3580 ‹‹
1244 3529 1604 3602 producitur.
1641 3552 1662 3579 ι

524 3629 645 3685 Col.
679 3627 782 3680 482
813 3629 862 3680 Δ
891 3624 976 3678 14.
1010 3623 1120 3676 Par
1147 3621 1343 3690 recipe.
1376 3616 1712 3684 Cornarius,
1747 3638 1775 3665 «
1827 3619 2098 3686 exspecta

457 3715 871 3790 aaquilibrium.
905 3734 932 3760 »
969 3708 1386 3774 Montacutius,
1414 3728 1441 3757 «ι
1463 3709 1737 3777 exspecta
1767 3722 1893 3777 par,
1927 3728 1953 3754 ››
1989 3703 2098 3759 hoc

455 3813 566 3875 est,
600 3809 664 3860 ut
687 3821 790 3877 par
822 3801 944 3873 pari
978 3800 1282 3854 referatur.
1317 3795 1497 3851 Aaulo
1529 3800 1682 3866 post,
1725 3817 1752 3843 «
1789 3793 2096 3849 Terminoe

452 3911 590 3953 esne
616 3899 1045 3964 transgressus,
1082 3909 1109 3936 »
1142 3902 1256 3941 non
1301 3884 1449 3938 satis
1480 3881 1756 3955 exprimit
1783 3881 2096 3953 Scriptura

454 3999 714 4048 sensum,
761 3997 831 4036 ex
878 3995 994 4050 qua
1035 3977 1148 4031 ista
1191 3975 1504 4044 desumpta
1535 3971 1802 4026 Proverb.
1836 3987 1973 4038 xxii,
2004 3971 2094 4040 28,

452 4073 550 4130 ubi
581 4069 852 4142 quamvis
881 4066 1035 4138 apud
1061 4061 1322 4135 Vulgata:
1354 4065 1648 4115 auctorem
1682 4059 1963 4132 legamus,
2023 4059 2098 4114 Ne

451 4159 877 4232 transgrediaris
915 4154 1179 4210 terminos
1211 4151 1467 4220 antiquos
1499 4163 1512 4202 :
1547 4154 1742 4203 tamen
1774 4148 1929 4219 apud
1967 4147 2092 4204 LXX

2210 601 2481 654 terminos
2509 609 2766 667 aeternos,
2825 603 3075 659 Basilius
3130 605 3298 674 dixit,
3361 605 3689 676 μετέθηκας.
3733 605 3864 660 Cor-

2215 687 2416 743 narius
2466 710 2495 739 υ
2545 690 2833 746 terminos
2882 697 3119 764 patrum
3178 696 3623 765 transposuisti.
3663 717 3685 744 ο
3743 693 3869 748 Plus

2212 776 2365 831 enim
2399 781 2489 832 est
2517 776 2644 833 loco
2678 795 2908 836 movere
2957 781 3176 837 limites
3221 784 3379 852 agris
3433 784 3687 854 positos,
3718 782 3869 837 litem

2214 870 2276 920 ut
2305 865 2647 922 discernant
2668 867 3032 941 arvis,quam
3055 871 3494 927 deambulando
3520 871 3655 926 illos
3687 878 3866 926 trans-

2211 955 2400 1025 gredi.

2282 1041 2405 1098 Col.
2439 1042 2543 1098 483
2575 1049 2612 1097 Β
2643 1045 2698 1100 8.
2757 1047 2820 1102 Ut
2847 1046 3092 1102 debitum
3135 1047 3281 1103 illis.
3341 1049 3656 1122 Interpres,
3719 1071 3749 1098 ‹‹
3807 1054 3862 1103 ut

2214 1131 2472 1187 debitam
2505 1131 2625 1190 illis
2675 1133 2978 1206 liturgiam
3027 1135 3403 1208 expleverim.
3470 1160 3496 1191 α
3533 1136 3870 1202 Carnarius,

2216 1243 2244 1270 ‹‹
2278 1225 2341 1276 ut
2371 1225 2428 1276 et
2448 1223 2604 1292 apud
2628 1222 2761 1278 illos
2784 1223 3182 1280 ministerium
3204 1225 3628 1298 impleverim.»
3649 1226 3870 1282 Similis

2211 1308 2477 1380 Apostoli
2534 1309 2753 1366 locutio
2804 1312 2854 1367 Il
2903 1312 3163 1368 Timoth.
3217 1331 3295 1380 xv,
3344 1316 3412 1370 5:
3455 1314 3570 1382 Τὴν
3601 1310 3872 1368 διακονίαν

2216 1415 2310 1450 σου
2340 1394 2796 1474 πληροφόρησον
2829 1401 3199 1457 Ministerium
3225 1407 3385 1458 tuum
3409 1405 3600 1474 imple.

2285 1485 2405 1543 Col.
2435 1488 2537 1543 487
2567 1489 2606 1543 C
2638 1489 2723 1542 12.
2774 1490 2879 1557 Qui
2926 1491 2986 1545 in
3029 1499 3277 1562 peccato.
3341 1493 3434 1547 Sic
3478 1492 3870 1560 restituimus,

2215 1592 2349 1631 cum
2389 1576 2671 1633 edidisset
2717 1577 3044 1650 interpres:
3099 1603 3127 1631 «
3181 1581 3290 1646 Qui
3335 1586 3531 1636 autem
3578 1599 3768 1654 usque
3799 1587 3867 1641 ad

2215 1670 2464 1720 mortem
2497 1665 2555 1719 in
2587 1664 2784 1738 aliquo
2809 1673 3048 1738 peccato
3077 1669 3444 1724 constitutus
3472 1671 3710 1725 fuerit.»
3741 1677 3866 1729 Non

2213 1751 2369 1807 enim
2394 1752 2488 1808 hic
2511 1753 2708 1826 agitur
2735 1755 2806 1810 de
2837 1772 2924 1824 eo,
2959 1757 3059 1828 qui
3085 1757 3157 1812 ad
3180 1762 3508 1813 extremum
3532 1774 3725 1829 usque
3740 1761 3864 1816 vita:

2213 1841 2482 1912 spiritum
2513 1843 2572 1897 in
2594 1852 2831 1914 peccato
2856 1845 3030 1901 fuerit
3049 1847 3537 1915 constitutus,sed
3568 1847 3640 1902 de
3669 1863 3737 1903 eo
3768 1851 3862 1921 qui

2213 1934 2519 1999 peccatum
2551 1931 2623 1986 ad
2647 1937 2895 1987 mortem
2927 1933 3255 2003 admiserit,
3289 1934 3460 2004 cujus
3509 1936 3861 1993 mentionem

2214 2017 2350 2073 facit
2404 2019 2611 2075 beatus
2660 2020 2917 2077 Joannes
2967 2023 3151 2093 Epist.
3202 2023 3247 2091 Ι,
3280 2039 3408 2095 cap.
3440 2040 3496 2089 v,
3532 2025 3638 2079 16:
3686 2026 3866 2081 Ἔστιν

2211 2105 2448 2177 ἁμαρτία
2504 2106 2641 2181 πρὸς
2696 2108 2939 2171 θάνατον·
3003 2115 3096 2167 Est
3148 2117 3433 2182 peccatum
3488 2112 3560 2167 ad
3601 2125 3852 2170 mortem.

2213 2198 2293 2252 Ex
2336 2214 2449 2268 qua
2479 2199 2656 2254 etiam
2692 2199 2946 2271 Epistola
2975 2205 3064 2256 est
3089 2201 3234 2257 illud
3267 2203 3417 2272 quod
3451 2203 3742 2274 sequitur,
3775 2211 3861 2260 ta-

2212 2285 2382 2341 metsi
2423 2286 2689 2343 nonnihil
2741 2289 3145 2361 immutatum,
3198 2289 3260 2345 '0
3310 2294 3483 2343 ποιῶν
3530 2290 3626 2358 τήν
3688 2292 3860 2367 ἁμαρ-

2207 2373 2324 2427 τίαν
2381 2371 2439 2427 ἐκ
2493 2378 2593 2428 τοῦ
2651 2369 2915 2430 διαϐόλου
2974 2375 3136 2431 ἐστίν·
3209 2378 3317 2446 Qui
3365 2381 3502 2449 facit
3551 2387 3857 2451 peccatum,

2207 2480 2279 2520 ea:
2298 2463 2520 2520 diabolo
2549 2471 2652 2521 est.
2685 2466 2797 2522 Sed
2821 2467 2881 2521 in
2907 2467 3147 2536 Olivar.,
3179 2466 3499 2540 γεγέννηται
3529 2468 3853 2542 legebatur,

2211 2568 2323 2608 non
2353 2551 2657 2627 γεγένηται,
2727 2556 3227 2626 quemadmodum
3285 2562 3344 2612 et
3399 2558 3552 2628 apud
3605 2563 3850 2630 Aposto-

2207 2640 2330 2696 lum
2366 2683 2380 2709 ,
2429 2642 2548 2697 Ὅτι
2607 2639 2665 2695 ἐκ
2729 2646 2864 2696 Θεοῦ
2916 2642 3190 2718 εγὲννηται
3220 2687 3234 2712 ,
3296 2645 3570 2713 Quoniam
3621 2664 3693 2703 ea:
3753 2651 3852 2705 Deo

2206 2735 2366 2787 natus
2397 2741 2494 2787 est.
2526 2731 2838 2789 Carnarius
2887 2734 3205 2806 scripserat
3235 2734 3343 2791 hoc
3379 2734 3526 2802 loco,
3561 2758 3590 2788 ιι
3635 2736 3743 2801 Qui
3797 2738 3854 2793 in

2206 2825 2442 2892 peccato
2472 2820 2664 2892 aliquo
2697 2821 2930 2878 mortali
2962 2823 3161 2878 haeret.
3199 2844 3228 2872 »

2278 2908 2414 2964 Col.
2472 2910 2574 2964 489
2639 2911 2680 2966 C
2735 2913 2830 2966 10.
2889 2911 3147 2986 Ἐχουσιν
3205 2910 3518 2980 ἀναπνοήν.
3579 2913 3852 2970 Additum

2209 2997 2429 3052 variam
2461 2997 2770 3054 lectionem
2803 2999 3054 3071 arripuit
3082 3000 3507 3073 typographus,
3538 3002 3640 3058 sed
3673 3001 3858 3058 verior

2207 3085 2544 3142 Basiliensis
2593 3087 2866 3143 editionis
2900 3087 3021 3154 illa,
3055 3105 3233 3161 quam
3264 3093 3321 3144 et
3349 3090 3636 3161 expressit
3675 3091 3856 3146 inter-

2207 3190 2362 3246 pres,
2395 3179 2451 3230 et
2488 3173 2856 3232 Olivarianus
2911 3177 3091 3233 codex
3137 3177 3528 3246 conﬁrmavit,
3586 3177 3855 3254 ἀναστροο

2204 3262 2332 3338 φήν,
2365 3263 2473 3318 hoc
2505 3268 2613 3331 est,
2648 3263 2712 3317 οὐ
2759 3260 3010 3318 δύνανται
3064 3263 3502 3342 ἀναστρέφεσθαι.
3537 3267 3618 3322 Ex
3648 3269 3851 3324 eodem

2207 3353 2607 3424 manuscripto
2639 3352 3007 3409 restituimus
3048 3360 3389 3425 sequentem
3440 3354 3660 3421 locum,
3721 3357 3857 3410 κατὰ

2205 3439 2364 3512 χάριν
2394 3442 2492 3493 τοῦ
2526 3437 2810 3516 μεγαλοδ,,
2845 3458 2980 3498 nam
3015 3443 3085 3498 ah
3126 3443 3355 3500 excusis
3404 3444 3606 3500 aberat
3660 3445 3846 3519 χάριν.

2275 3528 2390 3584 Col.
2457 3530 2561 3584 493
2607 3531 2648 3585 C
2694 3531 2749 3586 8.
2800 3529 3146 3604 Ἀλγήματα.
3200 3532 3308 3588 Ms.
3361 3531 3572 3588 Olivar.
3624 3531 3724 3587 οὐχ
3771 3531 3850 3587 ἔνι

2206 3611 2448 3690 ἄλγημα·
2483 3635 2598 3689 quo
2630 3625 2798 3691 pacto
2830 3621 3115 3693 scriptum
3148 3621 3462 3678 offendisse
3499 3622 3732 3678 videtur
3762 3624 3851 3678 in-

2204 3710 2449 3778 terpres.
2482 3707 2544 3762 In
2577 3709 2781 3764 eodem
2807 3709 2956 3764 libro
3000 3709 3251 3782 legimus
3309 3707 3571 3781 ἐμπορία,
3630 3713 3728 3767 sed
3786 3728 3854 3767 ex

2206 3794 2467 3866 Anglicis
2497 3797 2720 3852 editum
2753 3803 2860 3868 est,
2893 3795 3203 3871 ἐμπορεῖαι,
3249 3815 3426 3870 quam
3468 3816 3668 3855 vocem
3703 3801 3849 3856 omi-

2206 3889 2360 3938 serat
2392 3883 2723 3941 Basiliensis
2753 3886 2950 3942 editio.
2986 3887 3282 3942 Postremo
3308 3887 3463 3942 idem
3493 3889 3675 3943 codex
3705 3888 3850 3944 Oliv.

2207 3977 2336 4044 post
2361 3971 2541 4041 Ἰησοῦ
2572 3974 2941 4046 subjiciebat,
2969 3978 3046 4044 τῷ
3077 3973 3263 4047 Κυρίῳ
3303 3975 3486 4045 ἡμῶν,
3519 3998 3548 4024 ιι
3603 3976 3853 4031 Domino

2207 4067 2428 4116 nostro.
2465 4084 2492 4111 ››

451 4311 3861 4339 Μ

1484 4445 1562 4502 ΙΝ
1611 4441 1890 4502 LIBROS
1921 4442 2330 4504 ADVERSUS
2384 4445 2831 4506 EUNOMIUM.

527 4775 796 4832 Adversus
829 4769 1160 4826 Eunomium
1189 4765 1528 4822 haereticum
1580 4761 1889 4833 scripsisse
1919 4761 2100 4818 libros
2131 4765 2176 4830 D
2207 4779 2385 4836 quam
2436 4763 2592 4820 enim
2637 4764 2692 4819 S.
2736 4763 2990 4821 Basilius
3020 4764 3078 4818 in
3112 4763 3409 4820 coelestem
3445 4763 3870 4837 commigravit

455 4865 685 4937 aliquos
716 4863 774 4917 S.
811 4857 1088 4914 Basilium
1123 4861 1375 4911 testatur
1404 4861 1460 4908 Α.
1496 4852 1882 4923 Hieronymus
1913 4851 1972 4905 in
2004 4854 2102 4908 Ca-

457 4955 635 5024 talogo
679 4952 1014 5022 scriptorum
1059 4945 1407 5001 ecclesiastic.
1457 4941 1551 4996 his
1593 4940 1824 4996 verbis:
1875 4959 1896 4987 α
1943 4940 2104 4996 Basi-

457 5044 572 5099 lius
602 5044 871 5098 Cazsareze
905 5033 1279 5107 Cappadociae
1313 5031 1625 5104 episcopus
1656 5028 1920 5101 egregios
1977 5045 2105 5085 con-

455 5138 544 5189 tra
577 5129 908 5185 Eunomium
939 5123 1261 5180 elaboravit
1287 5120 1492 5185 libros,
1535 5123 1591 5174 et
1646 5119 1720 5173 De
1745 5120 1949 5189 spiritu
1978 5135 2105 5173 san-

453 5226 536 5276 cto
567 5219 860 5275 volumen.
905 5236 934 5263 »
975 5211 1339 5283 Sophronius
1389 5209 1576 5277 vertit,
1639 5205 1775 5260 κατὰ
1829 5204 2106 5278 Εὐνομίου

454 5307 756 5383 ἐξαιρέτους
810 5300 1057 5370 συνέταξε
1098 5297 1317 5373 λόγους·
1366 5299 1466 5353 sed
1519 5299 1662 5368 quot
1701 5311 1945 5351 numero
1979 5298 2107 5352 fue-

459 5401 593 5468 rint,
630 5414 739 5453 non
772 5394 917 5450 satis
943 5390 1168 5461 liquido
1202 5391 1455 5444 constat.
1478 5390 1558 5439 Ex
1584 5385 1770 5440 Photii
1804 5386 2108 5440 Bibliollie-

455 5506 540 5556 ca,
573 5500 818 5541 numero
849 5497 1070 5544 cxxxix,
1120 5478 1257 5532 licet
1289 5475 1562 5545 colligere
1595 5478 1712 5527 tres
1744 5474 2001 5543 primum
2036 5475 2108 5529 ab

457 5595 522 5634 eo
550 5576 733 5632 fuisse
763 5565 1532 5640 exaratos,quandoquidem
1565 5562 1812 5616 totidem
1851 5560 2016 5618 libn's
2047 5580 2110 5619 se

460 5667 741 5722 adversus
766 5659 932 5715 illum
965 5655 1116 5712 tueri
1149 5658 1392 5710 conatus
1425 5655 1514 5707 est
1563 5649 1906 5706 Eunomius.
1944 5654 2111 5708 Post-

2214 4849 2634 4923 hzereditatem,
2682 4857 2740 4908 et
2785 4853 3006 4924 ingenti
3040 4857 3198 4908 metu
3233 4851 3516 4909 liberatus
3546 4857 3638 4909 est
3665 4853 3874 4909 Euno-

2214 4939 2391 5007 mius,
2442 4958 2614 4997 suum
2666 4957 2812 5013 opus
2843 4941 3158 5014 evulgavit,
3217 4941 3276 4997 in
3335 4943 3489 5012 quod
3537 4942 3874 4998 incidentes

2221 5029 2568 5086 Theodorus
2629 5031 3049 5097 Antiochenus,
3104 5030 3420 5103 Gregorius
3453 5035 3779 5103 Nyssenus,
3813 5037 3875 5086 et

2214 5118 2607 5189 Sophronius,
2667 5116 2906 5180 πολλαῖς
2962 5117 3162 5179 αἲκίαις
3211 5116 3390 5194 λόγων
3448 5112 3872 5190 λωϐησάμενοι,

2218 5202 2372 5259 οὐδὲν
2401 5208 2560 5275 ἧττον
2621 5209 2717 5260 τοῦ
2765 5207 3055 5282 προτέρου,
3086 5206 3274 5281 νεκρὸν
3324 5205 3414 5260 καὶ
3447 5207 3624 5276 πάσης
3660 5207 3873 5275 ἀπόζον

2219 5294 2541 5369 ἀκαθαρσίας
2605 5299 2684 5366 τῷ
2753 5291 3092 5371 γεγιννηκότι
3155 5293 3486 5370 ἀπὲῤῥιψαν·
3558 5320 3586 5346 ‹‹
3666 5297 3877 5352 Multis

2218 5385 2524 5440 verborum
2557 5385 2763 5458 plagis,
2800 5403 2911 5441 non
2946 5402 3118 5441 secus
3149 5402 3215 5440 ac
3247 5385 3499 5455 priorem
3536 5383 3704 5440 illum
3740 5387 3878 5456 ejus

2219 5472 2480 5528 libellum
2514 5473 2782 5540 Basilius,
2808 5474 3180 5529 conficientes
3202 5473 3650 5544 vulgatumjam
3676 5480 3734 5528 et
3757 5491 3878 5545 prae

2219 5561 2562 5633 impuritate
2583 5563 2805 5618 olidum
2830 5563 2887 5618 in
2912 5567 3204 5618 auctorem
3232 5578 3408 5617 suum
3432 5563 3884 5632 conjecerunt.»

2222 5649 2666 5708 Illustrissimus
2719 5650 3036 5708 cardinalis
3084 5650 3473 5708 Bellarminus
3520 5650 3580 5707 in
3615 5651 3884 5722 Catalogo
