4128 6216
278 411 404 472 1029

1298 403 1403 463 AD
1449 401 1730 462 LIBROS
1776 398 2090 460 CONTRA
2138 398 2582 460 EUNOMIUM.

3488 402 3648 464 1030

267 545 555 615 scriptorum
584 539 1082 595 ecclesiasticon
1136 537 1217 593 ait
1272 537 1333 592 in
1379 535 1636 592 secundo
1686 532 1883 600 Basilii

2006 529 2288 603 Ἀνόμοιον
2343 530 2479 585 κατὰ
2534 531 2634 599 τῆν
2684 530 2873 585 οὐσίαν
2924 530 3059 586 εἶναι
3087 530 3180 586 τὸν
3227 533 3510 608 Μονογενῆ
3563 538 3647 606 τῷ

269 646 474 704 operum
502 633 657 684 tomo
690 628 828 699 poni
884 627 1068 682 libros
1117 631 1238 682 tres
1293 631 1481 682 contra
1531 625 1886 692 Eunomium,

267 721 350 778 sed
395 720 448 773 in
501 717 759 772 editione
820 715 1232 787 Antuerpiensi
1287 714 1468 770 libros
1527 714 1806 785 quinque,
1834 717 1892 766 et

269 807 504 882 quamvis
535 807 682 861 duos
717 805 957 861 ultimos
979 803 1161 859 libros
1182 805 1460 859 Erasmus
1483 801 1809 868 sustulerit,
1827 804 1892 856 ut

267 899 512 968 indignos
545 893 782 957 Basilio,
817 893 964 949 alios
995 899 1190 949 tamen
1239 909 1477 949 censere
1521 891 1732 947 Basilio
1774 907 1889 946 non

267 986 532 1058 indignos.
563 987 726 1038 Certe
784 983 938 1038 idem
997 982 1056 1036 in
1115 982 1240 1038 suis
1279 982 1354 1036 De
1399 981 1784 1036 controversiis
1816 978 1889 1032 li-

265 1077 391 1142 bris,
421 1078 482 1128 ut
511 1073 616 1127 lib.
644 1089 685 1127 ιι
719 1073 792 1127 De
821 1071 1056 1140 Christo,
1080 1071 1239 1138 0.25,
1255 1070 1394 1125 citat
1422 1087 1492 1125 ex
1520 1068 1668 1124 libro
1686 1067 1891 1139 quinto

265 1165 360 1220 tria
386 1165 524 1230 loca,
551 1161 770 1233 quibus
801 1159 1072 1216 Ecclesiae
1104 1159 1322 1214 Latinas
1372 1157 1720 1214 sententiam
1753 1171 1890 1212 con-

264 1254 440 1308 firmat
486 1251 559 1306 de
607 1249 980 1322 processione
1021 1247 1274 1320 Spiritus
1313 1246 1520 1303 sancti.
1556 1249 1687 1318 Ipsa
1715 1245 1890 1302 etiam

261 1347 435 1398 Greca
464 1337 721 1394 Ecclesia
749 1337 808 1392 in
844 1336 1087 1392 concilio
1119 1335 1472 1401 Florentino,
1507 1351 1639 1390 cum
1673 1351 1776 1406 pro
1826 1349 1894 1388 ea

261 1430 415 1487 verba
446 1430 660 1484 faceret
682 1427 922 1483 Marcus
945 1426 1256 1500 Ephesius,
1279 1429 1337 1482 et
1360 1442 1494 1482 cum
1528 1425 1744 1480 Latinis
1773 1423 1892 1479 dis-

257 1523 491 1592 putaret,
524 1534 594 1574 ex
632 1516 783 1573 libro
827 1517 1038 1588 quinto
1069 1514 1473 1572 testimonium
1518 1513 1739 1586 profert
1773 1528 1894 1567 ses-

257 1610 404 1665 sione
435 1609 518 1674 18,
555 1625 614 1680 p.
650 1607 755 1662 436
786 1606 1066 1662 editionis
1098 1607 1372 1662 Romanae
1405 1621 1419 1660 :
1455 1604 1510 1657 Ὀ
1567 1602 1735 1676 μέγα(
1793 1606 1892 1654 Βα-

253 1694 441 1758 σίλειος
501 1693 557 1749 ἐν
604 1699 721 1755 τοῖς
769 1693 904 1769 πρὸς
977 1692 1251 1765 Εὐνόμιον
1308 1690 1713 1766 ἂντιρῥητικοῖς
1769 1687 1893 1762 περὶ

253 1792 342 1855 τῆς
370 1784 427 1839 ἐκ
453 1787 552 1839 τοῦ
584 1783 794 1858 Πατρὸς
827 1780 1067 1858 προόδου
1096 1786 1194 1837 τοῦ
1244 1782 1398 1855 ἁγίου
1431 1778 1744 1851 Πνεύματος
1801 1777 1893 1832 τὸν

2001 619 2191 694 Πατρί,
2230 643 2257 671 ι(
2287 621 2556 678 Essentia
2586 621 2934 678 dissimilem
2968 637 3098 677 esse
3129 621 3502 695 Unigenitum
3535 628 3644 680 Pa-

2003 710 2097 766 tri.
2128 735 2148 759 ι
2177 711 2340 766 Unde
2375 711 2630 766 Anommi
2663 711 2804 766 dicti
2839 717 3154 767 sectatores
3185 711 3354 768 Aetii.
3397 713 3649 785 Epipha-

2003 801 2138 855 nius
2166 801 2372 855 haeresi
2404 817 2603 855 LXXXVI
2639 817 2650 854 :
2684 799 2968 872 Ἀνόμοιοι
3000 798 3166 854 πάλιν
3215 800 3357 862 τινὲς
3391 799 3521 854 εἷ’σιν
3550 821 3649 855 κα-

2004 884 2288 958 λούμενοι,
2339 887 2486 940 οὗτοι
2542 883 2598 941 δὲ
2644 887 2984 965 πρόσφατοι.
3034 889 3238 963 Ἔσχον
3296 885 3352 943 δὲ
3402 890 3648 965 ἀρχηγὸν

2001 973 2209 1029 Ἀἑτιόν
2268 996 2387 1029 τινα
2444 972 2690 1030 διάκονον
2746 976 3089 1052 προαχθέντα
3147 973 3236 1030 διὰ
3309 979 3407 1046 τήν
3485 977 3650 1032 αὐτοῦ

2003 1061 2269 1140 φλυαρίαν
2330 1064 2432 1118 ὑπὸ
2489 1065 2767 1140 Γεωργίου
2831 1069 2926 1119 τοῦ
2982 1063 3395 1138 ’Δλεξανδρὲως.
3430 1091 3456 1117 ι(
3500 1069 3652 1124 Sunt

2006 1169 2210 1208 rursus
2241 1154 2507 1225 quidam,
2542 1154 2638 1226 qui
2679 1155 3054 1227 appellantur
3078 1156 3367 1222 Anommi,
3398 1156 3508 1212 hoc
3539 1161 3652 1224 est,

2003 1241 2344 1297 dissimiles.
2378 1243 2445 1296 Hi
2480 1247 2675 1298 autem
2708 1248 2972 1300 recentes
3003 1245 3523 1301 sunt.Habuerunt
3553 1263 3655 1301 au-

2003 1335 2119 1386 tem
2154 1331 2360 1386 ducem
2397 1333 2617 1387 Aetium
2653 1333 2964 1404 quemdam
3019 1333 3356 1402 diaconum,
3384 1339 3650 1390 evectum

2003 1424 2240 1492 propter
2271 1436 2458 1492 nugas
2489 1438 2624 1477 suas
2655 1439 2688 1477 a
2710 1421 2954 1494 Georgio
2984 1421 3393 1480 Alexandrino.
3429 1446 3456 1474 »
3493 1424 3653 1478 Idem

2001 1508 2411 1580 corrigendum
2439 1514 2529 1565 est
2557 1509 2729 1578 infra,
2749 1532 2777 1560 «
2806 1510 3048 1566 alterius
3079 1527 3208 1567 esse
3237 1513 3648 1568 substantia.»

2073 1615 2194 1671 Col.
2244 1618 2352 1671 505
2405 1621 2447 1671 Β
2479 1618 2532 1672 3.
2567 1620 2674 1674 Cui
2700 1619 2858 1672 nulla
2887 1633 3139 1689 persona.
3173 1619 3268 1674 Sic
3324 1617 3651 1694 διπρόσωπον

2003 1705 2144 1760 verti
2179 1705 2422 1777 placuit,
2459 1723 2574 1762 non
2611 1712 2672 1760 ut
2701 1706 2991 1778 interpres
3044 1707 3380 1778 scripserat,
3423 1730 3451 1757 ‹‹
3485 1724 3656 1764 accu-

2003 1794 2220 1848 satoris
2248 1811 2498 1864 persona
2550 1794 2837 1851 relicta.»
2891 1795 3204 1850 Cornarius
3261 1812 3395 1852 vero
3451 1796 3654 1865 edidit,
3721 1805 3725 1810 '

255 1873 406 1948 λόγον
439 1871 773 1946 ποιούμενος
829 1869 1012 1926 τοιάδε
1062 1869 1194 1948 φησί
1218 1891 1230 1903 ·
1276 1873 1439 1939 Γεννᾷ
1469 1869 1496 1922 ὁ
1523 1867 1650 1928 Θεὸς
1681 1867 1788 1942 οὐχ
1819 1866 1891 1928 ὥς

2006 1904 2032 1931 ‹‹
2064 1881 2340 1953 apologias
2372 1889 2568 1938 actum
2601 1884 2728 1939 sine
2761 1901 3010 1955 persona
3041 1883 3224 1939 subit.
3255 1906 3283 1934 »
3317 1889 3481 1954 Beza,
3515 1883 3657 1940 «cui

256 1963 551 2041 ἄνθρωπος,
583 1968 744 2038 γεννᾷ
771 1960 829 2018 δὲ
859 1962 1100 2033 ἀληθῶς·
1133 1986 1160 2014 ‹‹
1221 1961 1477 2018 Basilius
1535 1962 1784 2033 Magnus
1833 1961 1891 2015 in

251 2055 635 2121 sermonibus,
663 2055 881 2125 quibus
903 2051 1252 2108 Eunomium
1279 2050 1621 2120 confutavit,
1647 2049 1894 2121 loquens

251 2146 315 2200 de
343 2144 728 2216 productione
759 2142 1016 2214 Spiritus
1050 2140 1237 2198 sancti
1269 2158 1337 2196 ex
1368 2141 1553 2208 Patre,
1586 2139 1678 2195 his
1711 2140 1896 2195 utitur

247 2234 424 2289 verbis
450 2251 463 2289 :
487 2237 742 2288 Generat
759 2231 913 2286 Deus
948 2247 1065 2285 non
1092 2235 1155 2284 ut
1177 2230 1373 2295 homo,
1393 2245 1524 2283 vere
1561 2233 1754 2282 tamen
1794 2242 1892 2299 ge-

247 2327 423 2376 nerat.
455 2341 483 2373 ι
523 2321 832 2392 Reperitur
862 2317 1026 2374 locus
1074 2317 1175 2372 lib.
1208 2334 1263 2371 ν.
1298 2317 1598 2372 Bessarion
1659 2331 1894 2386 quoque

242 2409 510 2464 Nicanus
532 2407 1010 2479 archiepiscopus
1031 2405 1089 2460 in
1114 2405 1385 2461 Oratione
1407 2404 1758 2475 dogmatica,
1774 2405 1894 2459 sive

241 2498 308 2553 de
331 2497 551 2553 unione
572 2497 642 2552 ad
684 2494 1003 2551 Ecclesiam
1044 2493 1422 2559 Orientalem,
1454 2509 1504 2548 c.
1536 2494 1592 2558 8,
1627 2507 1758 2564 pag.
1789 2492 1893 2546 544

239 2591 510 2642 Romanis
543 2585 712 2651 edit.,
743 2601 811 2638 ex
837 2584 1041 2638 eodem
1075 2582 1176 2637 li’o.
1202 2599 1232 2637 ν
1264 2581 1405 2637 citat
1435 2597 1485 2636 c.
1518 2582 1572 2648 9,
1599 2596 1729 2652 pag.
1758 2581 1890 2636 118:

244 2695 262 2721 ι
291 2673 544 2743 Magnus
575 2672 776 2742 itaque
806 2669 1059 2726 Basilius
1091 2686 1350 2725 consona
1375 2668 1649 2740 praedicto
1672 2669 1895 2730 doctori

237 2760 456 2830 dicens,
482 2765 612 2815 tum
627 2759 911 2831 Spiritum
948 2758 1170 2813 homini
1203 2775 1236 2813 a
1259 2756 1545 2830 principio
1569 2757 1893 2823 sufﬂatum,

238 2856 362 2906 tum
395 2865 429 2904 a
458 2847 758 2904 Salvatore
789 2846 1099 2917 discipulis
1138 2848 1366 2910 datum,
1397 2845 1586 2916 ipsam
1619 2845 1896 2917 hyposta-

239 2936 348 2991 sim
381 2936 642 3008 Spiritus
673 2935 858 2990 fuisse
906 2933 1118 2990 asserit
1175 2939 1377 2989 contra
1415 2933 1768 2988 Eunomium
1838 2933 1896 2988 in

240 3024 530 3097 capitulo,
565 3023 658 3079 cui
694 3023 922 3093 titulus,
953 3023 1116 3086 Quod
1146 3023 1397 3094 Spiritus
1445 3022 1643 3078 divina
1691 3027 1900 3078 natura

241 3117 352 3170 est.
387 3135 418 3163 »
452 3113 539 3168 Ex
572 3113 786 3184 quibus
818 3116 1048 3166 constat
1089 3111 1310 3182 passim
1370 3111 1524 3184 apud
1567 3111 1898 3166 Graecorum

236 3201 641 3257 bibliothecas
693 3199 1054 3255 circumferri
1101 3199 1326 3270 solitos,
1359 3204 1416 3254 et
1443 3197 1609 3254 citari
1641 3199 1902 3270 quinque

231 3289 386 3345 istos
414 3293 614 3344 contra
647 3289 980 3343 Eunomium
1009 3287 1210 3343 libros.
1243 3290 1342 3355 Ac,
1369 3288 1506 3343 lieet
1535 3287 1594 3342 in
1638 3269 1895 3343 editione
1927 3269 1969 3336 Ο

233 3377 481 3446 Veneta,
518 3377 676 3449 apud
724 3376 1084 3449 Stephanum
1134 3377 1370 3431 Sabium
1412 3393 1548 3431 ann.
1584 3377 1742 3444 1535,
1777 3382 1894 3432 tres

224 3471 467 3522 tantum
503 3466 732 3538 priores
763 3465 962 3520 excusi
995 3463 1231 3530 fuerint,
1263 3469 1461 3520 tamen
1494 3465 1551 3518 in
1584 3463 1890 3519 Basiliensi

222 3555 564 3627 posteriore
594 3553 733 3609 anni
755 3554 887 3608 1551
923 3553 1184 3624 quinque
1209 3563 1343 3608 sunt
1363 3553 1526 3619 editi,
1548 3568 1692 3623 quos
1715 3552 1890 3608 etiam

213 3644 445 3715 Regius
497 3643 684 3699 codex
732 3641 964 3698 Henrici
1012 3644 1060 3697 II
1107 3641 1396 3713 agnoscit,
1429 3658 1498 3696 ex
1542 3658 1658 3712 quo
1701 3641 1892 3695 multa

216 3733 349 3789 loca
381 3730 860 3788 emendavimus.
891 3731 1162 3786 Facessat
1180 3729 1596 3802 igiturErasmi
1619 3745 1889 3798 censura,

211 3826 269 3876 et
299 3821 613 3876 Theodori
647 3824 802 3874 Βοιαὶ
835 3818 1044 3874 merito
1077 3819 1418 3891 castiganda
1467 3818 1734 3883 audacia,
1766 3817 1890 3888 qui,

213 3926 351 3965 cum
389 3913 663 3981 quatuor
695 3908 877 3964 libros
929 3908 1238 3963 Latinitate
1290 3908 1590 3971 donasset,
1621 3906 1892 3976 quintum

211 4005 422 4054 tamen
463 3997 838 4068 supprimere
867 4012 1050 4051 ausus
1079 4001 1263 4064 est,et
1293 4001 1563 4066 quartum
1599 3998 1895 4066 postrema

207 4089 304 4143 sui
341 4093 526 4158 parte
556 4091 852 4150 truncare,
885 4100 1206 4156 suppressa
1236 4086 1364 4155 ejus
1394 4085 1577 4155 partis
1605 4083 1891 4154 interpre-

205 4175 471 4245 tatione,
511 4190 641 4246 qua
677 4173 955 4229 nimirum
987 4172 1271 4228 catholico
1303 4189 1368 4228 ac
1397 4189 1529 4228 vero
1556 4173 1626 4228 de
1666 4171 1891 4227 meritis

205 4279 474 4334 operum
535 4262 798 4335 dogmati
843 4261 1297 4334 suﬂragabatur.
1329 4265 1516 4316 Janus
1554 4260 1890 4329 Cornarius,

197 4356 256 4406 et
287 4352 431 4424 ipse
465 4352 546 4406 de
582 4367 826 4406 numero
845 4350 1325 4415 Protestantium,
1349 4349 1607 4421 quinque
1631 4349 1891 4419 integros

196 4441 421 4495 Latine
448 4439 768 4508 convertit,
789 4438 959 4508 cujus
983 4437 1526 4510 interpretationem
1558 4453 1691 4492 cum
1734 4436 1890 4492 Bezaa

195 4528 482 4584 editione
519 4527 676 4599 apud
709 4527 1024 4582 Henricum
1048 4526 1411 4598 Stephanum
1445 4543 1540 4582 an.
1576 4526 1714 4580 1570
1738 4541 1892 4580 com-

2003 1969 2163 2025 nulla
2195 1987 2444 2042 persona
2474 1972 2701 2037 subest,
2737 1993 2765 2021 ››
2794 1973 2917 2028 sive
2957 1973 3320 2029 accusatoris
3359 1973 3479 2029 sive
3511 1972 3658 2028 alte-

2004 2059 2126 2114 rius
2158 2078 2170 2116 :
2197 2065 2255 2114 at
2287 2059 2458 2131 paulo
2491 2067 2624 2132 post
2653 2061 2880 2116 addidit
2911 2061 3161 2117 Basilius
3192 2079 3387 2118 vocem
3422 2061 3658 2135 κατηγό-

2004 2165 2134 2222 ρων,
2169 2170 2196 2197 ‹‹
2231 2152 2658 2204 accusatorum.
2695 2171 2722 2198 ››
2756 2147 3034 2222 ΙῙρόσωπα
3080 2149 3402 2223 κατηγόρων
3459 2147 3656 2224 αἶσχῦ-

2001 2256 2168 2291 νεται.
2220 2237 2668 2309 Trapezuntius,
2717 2262 2744 2288 ι(
2799 2244 3205 2294 accusatorum
3263 2255 3544 2310 personas
3593 2239 3654 2294 in

2004 2326 2264 2381 medium
2297 2326 2589 2382 adducere
2620 2327 2875 2382 dedecus
2907 2326 3017 2382 sibi
3047 2327 3295 2398 putavit.
3331 2349 3360 2378 »

2076 2431 2223 2487 Ibid.
2254 2437 2317 2486 D.
2375 2433 2635 2504 Alloquor
2689 2435 2859 2489 enim.
2921 2436 3236 2504 Interpres.
3292 2457 3312 2481 ι
3363 2433 3658 2489 Habeatur

2003 2519 2158 2574 enim
2195 2520 2338 2574 mihi
2375 2523 2590 2592 pariter
2611 2521 2680 2576 ad
2707 2522 3047 2576 universum
3079 2520 3248 2576 illum
3281 2521 3490 2577 caelum
3523 2538 3658 2577 ora-

2003 2609 2105 2663 tio.
2144 2632 2163 2657 ι
2201 2607 2442 2680 Δημίους
2474 2626 2709 2682 quoque
2742 2631 2770 2660 «
2804 2610 3109 2666 ministros
3133 2609 3400 2682 publicos
3432 2617 3659 2666 »verte-

2007 2701 2114 2763 rat,
2139 2698 2239 2752 sed
2266 2700 2643 2769 postjudices
2679 2716 2793 2754 non
2837 2699 2987 2754 servi
3027 2699 3268 2771 publici,
3293 2705 3395 2754 aut
3422 2699 3658 2756 lictores

2006 2785 2216 2858 quivis,
2245 2793 2344 2842 aut
2373 2788 2646 2852 viatores,
2680 2803 2880 2843 verum
2915 2788 3222 2844 carniﬁces
3255 2787 3654 2860 subjiciendos

2006 2891 2136 2929 esse
2166 2875 2413 2947 intelligi
2445 2878 2657 2948 potuit.

2075 2965 2190 3018 Col.
2240 2964 2346 3016 506
2389 2966 2449 3018 A.
2510 2963 2721 3020 Pulsus
2774 2965 3075 3021 Eadm-cius.
3112 2968 3172 3020 In
3233 2964 3430 3022 codice
3479 2966 3658 3037 Regio

2007 3051 2327 3122 legebatur,
2361 3054 2514 3121 quod
2566 3053 2625 3107 in
2659 3053 2923 3124 margine
2983 3053 3326 3109 Basiliensis
3382 3053 3658 3109 editionis

2007 3139 2664 3211 ascripseramus,xa26
2725 3138 2981 3210 Εὐδόξιος
3041 3141 3136 3212 μὲν
3186 3145 3293 3194 τῶν
3356 3139 3406 3194 ἐν
3465 3139 3654 3215 Συρίᾳ.

2005 3227 2430 3300 Trapezuntius
2461 3230 2774 3301 scripserat
2807 3247 2875 3286 ex
2907 3233 3484 3302 manuscripto(nam
3517 3239 3654 3287 ante

2005 3334 2226 3372 annum
2287 3319 2444 3387 1530,
2473 3335 2588 3390 quo
2638 3321 2894 3390 primum
2945 3320 3206 3375 Venetiis
3244 3320 3384 3375 editi
3417 3325 3556 3375 sunt
3594 3320 3654 3375 hi

2002 3404 2158 3472 libri,
2218 3423 2247 3460 ο
2302 3406 2450 3461 vivis
2506 3407 2827 3478 excessit):
2863 3415 2998 3462 tunc
3028 3423 3058 3461 e
3087 3407 3254 3479 Syria
3301 3407 3475 3462 etiam
3524 3409 3654 3479 qui~

2001 3493 2138 3548 dam
2169 3494 2473 3566 expulsus,
2499 3494 3062 3568 Constantinopolim
3097 3495 3269 3567 quasi
3294 3497 3366 3551 ad
3399 3496 3656 3568 tyranni-

2001 3583 2134 3638 dem
2170 3584 2448 3655 pervenit.
2487 3605 2514 3632 »
2546 3585 2838 3655 Socrates,
2871 3584 2974 3640 lib.
3008 3601 3048 3639 11
3080 3587 3334 3642 Historia?
3360 3587 3572 3652 ccclcs.,
3605 3603 3654 3641 c.

1999 3671 2070 3726 34
2102 3689 2114 3726 :
2146 3670 2284 3726 Τότε
2340 3667 2396 3724 δὲ
2453 3665 2816 3740 ἐκϐληθέντος
2865 3670 3227 3742 Μακεδονίου,
3289 3670 3544 3744 Εὐδόξιος
3603 3672 3654 3728 ὲν

2003 3755 2234 3832 δευτέρῳ
2284 3759 2375 3812 τὸν
2418 3759 2755 3833 Ἀντιοχείας
2803 3759 3028 3832 θέμενος
3087 3761 3301 3835 θρόνον,
3343 3764 3444 3824 τῆς
3499 3764 3653 3818 Κων-

2001 3845 2498 3907 σταντινουπόλεως
2532 3845 2849 3922 ἀναδέχεται
2891 3849 2997 3916 (sic
3047 3849 3159 3921 legi
3213 3849 3440 3916 malim,
3475 3867 3652 3920 quam

2001 3931 2414 4007 ἀναδείκνυται),
2447 3938 2554 3988 τῶν
2605 3935 2730 4008 περὶ
2781 3936 3042 3990 Ἀκάκιον
3093 3935 3506 4009 ἕνθρονισάντων
3559 3936 3654 3990 αὐ-

1999 4023 2112 4077 τόν·
2148 4025 2260 4080 «Id
2295 4023 2579 4096 temporis
2612 4041 2744 4080 vero
2784 4026 3091 4080 exturbato
3140 4026 3501 4094 Macedonio,
3535 4027 3651 4082 Eu-

2001 4113 2210 4170 doxius
2249 4114 2450 4169 sedem
2480 4113 2800 4169 Antiochiae
2833 4114 3216 4184 posteriorem
3253 4115 3471 4170 ducens
3506 4117 3651 4171 Con-

2001 4201 2383 4274 stantinopoli
2417 4203 2553 4258 sede
2601 4203 2913 4274 episcopus
2957 4203 3496 4275 Constantinopolis
3554 4221 3658 4275 per

1999 4291 2276 4346 Acacium
2308 4296 2365 4346 et
2386 4292 2514 4362 ejus
2540 4290 2864 4346 familiares
2887 4291 3257 4346 renuntiatus
3288 4297 3396 4347 est.
3421 4311 3447 4342 ι
3485 4292 3650 4347 Nice-

2001 4379 2222 4451 phorus
2263 4395 2498 4450 quoque
2531 4380 2680 4435 libro
2717 4397 2794 4451 1x,
2821 4396 2946 4450 cap.
2981 4381 3069 4450 36,
3093 4381 3418 4436 Eudoxium
3452 4379 3656 4436 scribit

2001 4467 2304 4523 Antiochia
2339 4474 2621 4540 occupata
2652 4467 2951 4540 propalam
2980 4467 3126 4524 Aetii
3161 4469 3495 4542 opinionem
3521 4486 3654 4541 pro-

2003 4573 2320 4628 pugnasse,
2343 4562 2520 4629 atque
2549 4558 2716 4613 illum
2743 4559 3019 4629 adjuvare
3041 4564 3317 4614 conatum
3341 4576 3488 4615 esse.
3515 4559 3655 4615 Vide

195 4613 804 4717 Bambimuftsicukfi
831 4613 1000 4668 ﬂebis
1025 4613 1571 4717 “bsidi‘iemPEPd
1606 4618 1896 4717 recep‘mm
1927 4639 1977 4702 Ι)
2003 4613 2183 4699 etiam
2219 4613 2672 4716 Theodoretum,
2705 4613 2885 4701 libs,”
2917 4613 3129 4703 Hister.
3161 4613 3573 4717 ccclc:._,c.25,

190 4701 608 4776 Trapezuntii
630 4701 957 4758 versionem
984 4703 1425 4757 recensendam.
1449 4702 1506 4757 Si
1529 4703 1664 4774 quis
1695 4707 1889 4757 autem

187 4794 637 4866 disparitatem
671 4791 831 4863 styli,
853 4795 912 4846 et
939 4791 1228 4846 diversam
1263 4792 1546 4848 rationem
1583 4807 1892 4863 argumen-

184 4883 366 4936 tandi
397 4883 466 4936 in
497 4879 737 4934 duobus
759 4879 1184 4950 posterioribus
1208 4879 1372 4935 libris
1397 4881 1892 4947 animadvertens,

181 4987 423 5027 causas
485 4984 696 5024 earum
757 4968 1020 5039 requirat
1069 4985 1081 5023 :
1134 4985 1203 5023 ex
1257 4969 1526 5042 Prologo,
1584 4968 1684 5040 qui
1742 4968 1890 5023 libro

181 5065 421 5130 quarto
461 5057 748 5129 praefixas
797 5061 889 5111 est
936 5057 1008 5112 ab
1053 5057 1182 5128 ipso
1211 5057 1528 5129 interprete
1554 5057 1639 5112 vel
1673 5057 1744 5112 ab
1775 5057 1890 5112 alio

174 5148 501 5221 quopiam
543 5145 689 5214 viro,
722 5145 914 5214 docto,
948 5161 1048 5200 eas
1079 5146 1306 5201 discere
1336 5146 1568 5217 poterit.

255 5273 394 5330 Col.
440 5270 566 5325 499
597 5273 638 5322 Β
670 5269 759 5324 Η.
792 5268 1057 5324 Alterum
1091 5269 1306 5325 dicitur
1335 5270 1537 5339 etiam,
1573 5271 1727 5343 quod
1781 5287 1888 5325 nu-

177 5379 358 5418 mero
385 5361 648 5415 tantum
675 5357 972 5413 diversum
1009 5363 1120 5429 est,
1142 5359 1277 5414 licet
1303 5358 1522 5430 alioqui
1546 5357 1737 5414 simile
1779 5357 1886 5426 sit;

178 5456 244 5506 at
280 5466 418 5505 non
488 5445 643 5500 dixit
671 5443 996 5519 ὲτερούσιον.
1030 5449 1230 5518 Itaque
1283 5447 1498 5504 melius
1547 5447 1886 5516 Cornarius,

175 5564 204 5589 ‹‹
240 5531 644 5608 ἱηωςυαιοω
677 5549 804 5590 esse
854 5535 1178 5590 secundum
1219 5536 1559 5591 essentiam.
1593 5557 1620 5586 »
1656 5535 1890 5606 Optime

175 5630 256 5685 ad
297 5626 588 5684 verbum
621 5623 952 5694 scripseris,
981 5623 1372 5680 «dissimilem
1405 5625 1731 5680 secundum
1756 5625 1889 5681 sub-

170 5716 542 5777 stantiam.
578 5733 604 5761 »
638 5713 723 5768 Ita
752 5712 927 5784 paulo
970 5717 1105 5785 post
1145 5712 1206 5769 in
1247 5713 1448 5770 eodem
1492 5713 1640 5771 libro
1694 5713 1884 5770 dixit:

2003 4750 2051 4788 c.
2083 4737 2173 4788 27.
2206 4738 2284 4788 Ex
2315 4736 2516 4789 eodem
2566 4736 2766 4790 codice
2797 4735 2976 4807 Regio
3027 4736 3367 4792 addidimus
3417 4752 3652 4801 excuso,

2003 4828 2134 4894 post
2192 4840 2385 4878 vocem
2436 4820 2806 4899 λογογράφος,
2842 4841 2969 4895 quin
3021 4832 3377 4895 sequuntur,
3410 4821 3497 4878 διὰ
3551 4831 3651 4892 τῆς

1999 4909 2198 4963 τούτου
2255 4909 2585 4986 προστασίας
2648 4907 2861 4968 ἱδρῦσαι
2917 4911 2979 4964 τὸ
3038 4908 3216 4985 δόγμα
3278 4911 3650 4988 ἐπειγομένου.

2003 5000 2222 5054 Ibidem
2259 5017 2362 5072 pro
2395 4999 2784 5055 «Sardiensis
2845 5001 3103 5056 Ecclesia
3159 5003 3432 5058 devorata
3479 5007 3568 5058 cst
3625 5025 3651 5050 ››

2001 5088 2348 5160 scripsimus
2381 5106 2410 5144 e
2441 5089 2643 5144 Grmco
2674 5087 2977 5163 προεπόθη,
3014 5113 3040 5139 ‹‹
3070 5092 3377 5163 propinata
3408 5096 3517 5160 est,
3543 5114 3570 5140 »
3597 5098 3654 5147 et

2002 5178 2080 5233 ita
2112 5183 2276 5243 Beza,
2311 5193 2483 5248 quem
2519 5181 2714 5232 tamen
2766 5177 3081 5233 admodum
3138 5179 3476 5250 imperitum
3512 5198 3652 5252 geo-

2000 5265 2258 5339 graphia:
2290 5266 2474 5321 fuisse
2505 5269 2759 5332 constat,
2784 5283 2917 5320 cum
2951 5266 3044 5321 hic
3077 5267 3379 5338 scripserit
3428 5269 3482 5322 in
3536 5270 3652 5324 edi-

2000 5356 2157 5410 tione
2183 5356 2552 5427 Stcpbanaza,
2591 5376 2612 5404 ι
2651 5356 3012 5411 Sardicensis
3057 5357 3314 5412 Ecclesia
3344 5359 3651 5429 propinata

2000 5451 2104 5502 est.
2128 5469 2154 5495 ››
2192 5445 2369 5516 Atqui
2405 5444 2660 5510 Sardica,
2689 5445 2857 5514 cujus
2890 5445 3032 5498 civis
3084 5445 3473 5515 Sardicensis,
3510 5449 3651 5504 urbs

1997 5540 2088 5589 est
2117 5533 2377 5589 Thraciae
2427 5533 2891 5600 mediterranea;
2924 5533 3120 5587 Sardis
3152 5543 3346 5588 autem
3390 5535 3477 5590 vel
3515 5540 3651 5590 Sar-

1999 5625 2103 5679 des
2136 5623 2275 5678 urhs
2309 5622 2496 5694 Lydia)
2529 5622 2596 5677 ad
2643 5621 2796 5676 latus
2827 5621 3008 5677 Tmsli
3044 5622 3262 5678 montis
3311 5624 3445 5694 sita,
3478 5626 3650 5696 cujus

2000 5713 2142 5770 civis
2171 5712 2499 5769 Sardianus
2533 5710 2618 5767 vel
2651 5709 2986 5767 Sardiensis
3017 5710 3250 5768 dicitur.
3283 5718 3344 5772 8.
3372 5713 3647 5788 Hierony-
