4124 6240
429 361 580 424 1031

1611 352 1853 413 ΝΟΤιΕ
1893 348 2340 410 FRONTONIS
2386 346 2650 410 DUCEI

3688 347 3845 409 1032

435 509 591 560 mus,
623 491 681 547 in
716 488 980 558 Calalogo
1023 488 1357 556 scriptorum
1397 483 1686 540 ecclesiast
1729 483 2076 538 Bardensem
2105 481 2161 548 Α
2193 483 2351 536 ctum
2383 495 2514 535 esse
2533 496 2547 535 :
2568 500 2598 530 »
2629 494 2695 535 ao
2725 494 2788 535 re
2817 495 2950 535 vera
2979 476 3243 552 ἀγένητος
3263 482 3354 534 est
3374 500 3403 526 ‹‹
3422 493 3536 534 non
3559 478 3846 560 factitius,

433 579 710 655 appellat.
759 600 788 628 «
840 575 1036 633 Melito
1083 573 1354 644 Asianus,
1405 570 1714 628 Sardensis
1769 570 2080 642 episCOpus

433 673 625 728 Marco
656 667 952 724 Antonino
972 666 1119 720 Vero
1151 664 1567 735 imperatore,»
1592 661 1690 716 ubi
1715 658 2079 730 Sepbronius

433 754 683 810 Μελίτων
718 751 966 814 Ἀσιανὸς
1014 745 1263 824 Σάρδεων
1315 745 1627 804 ἐπίσκοπος.
1664 747 1932 801 Imitatus
1989 747 2080 799 est

433 851 567 902 ante
597 845 817 915 aliquot
845 859 1030 899 annos
1057 837 1430 914 ἀνιστορησίαν
1487 838 1660 893 istam
1715 841 1868 891 Beza:
1917 851 2078 907 sym-

432 939 622 1008 mysta
651 935 781 1005 ejus
810 928 1366 1001 Salmuriensis,qui
1399 927 1710 984 concilium
1736 924 2079 982 Sardicense

431 1025 650 1082 Gallico
691 1023 970 1077 idiomate
1001 1019 1084 1074 sic
1109 1017 1336 1086 extulit,
1363 1025 1422 1073 ut
1451 1016 1727 1072 Asianum
1762 1015 1948 1086 Lydiae
1982 1029 2075 1068 ur-

429 1113 557 1169 bem
590 1112 647 1166 in
681 1109 874 1165 locum
924 1106 1184 1163 Thraciae
1225 1104 1476 1161 civitatis
1525 1103 1926 1171 substitueret,
1962 1116 2080 1172 qua

425 1202 495 1256 de
527 1217 585 1255 re
617 1217 650 1254 a
680 1198 848 1254 nobis
881 1197 938 1252 in
970 1195 1222 1252 Elencho
1253 1194 1441 1268 ipsius
1464 1208 1728 1248 errorum
1751 1194 1907 1246 tomo
1931 1190 1955 1244 1
1979 1189 2076 1244 ad-

424 1289 682 1344 monitus
714 1290 825 1342 est.

497 1376 616 1432 C01.
649 1375 828 1431 508D
859 1375 912 1428 4.
965 1375 1134 1425 Τοῦτο
1196 1366 1253 1424 δὲ
1307 1367 1417 1423 ἐστι
1465 1371 1736 1422 τοιοῦτον.
1787 1365 1848 1421 In
1908 1363 2074 1419 Basi-

421 1465 592 1521 liensi
629 1464 770 1520 edit.
805 1467 948 1520 erat.
983 1464 1145 1515 τοῦτο
1178 1455 1234 1513 δὲ
1264 1456 1373 1512 ἐστι
1403 1461 1676 1512 τοιοῦτον.
1710 1453 1771 1508 Τί
1804 1450 1870 1522 δὴ
1904 1451 2073 1527 χαλε-

422 1552 636 1608 παίνετὲ
665 1572 758 1623 μοι
793 1569 805 1607 :
840 1552 994 1606 unde
1027 1548 1342 1606 Cornarius
1395 1564 1564 1602 suam
1611 1545 1938 1600 versionem
1973 1558 2073 1596 ex-

420 1642 653 1714 pressit.
683 1663 709 1691 ‹‹
742 1645 860 1695 Ηοο
892 1655 1022 1694 vero
1049 1637 1161 1693 tale
1193 1637 1334 1708 quid
1367 1641 1477 1691 est.
1521 1634 1666 1699 Quid
1712 1630 2073 1688 succensetis

419 1729 586 1800 mihi,
621 1746 651 1783 ο
684 1728 814 1798 viri,
839 1728 908 1782 ad
936 1725 1233 1797 fastigium
1255 1724 1486 1779 virtutis
1510 1738 1818 1796 progresso
1842 1719 1870 1774 ?
1891 1743 1916 1771 ι)
1956 1719 2071 1775 Nec

419 1817 588 1872 aliter
616 1821 762 1870 Beza
791 1830 804 1870 :
830 1830 1029 1869 verum
1063 1812 1121 1867 in
1155 1812 1331 1884 Regio
1356 1812 1422 1868 Η.
1445 1811 1749 1884 legebatur
1772 1826 1784 1864 :
1804 1809 1978 1864 Τοῦτο
2012 1802 2068 1858 δέ

419 1903 528 1958 ἐστί
555 1924 628 1970 τι,
681 1903 757 1974 μή
785 1898 1145 1976 χαλεπαίνετὲ
1179 1919 1293 1972 μοι.
1329 1903 1510 1973 Atque
1542 1900 1647 1954 hoc
1705 1902 1873 1970 pacto
1926 1895 2069 1951 scri-

417 1999 586 2066 ptum
616 1993 674 2047 in
709 1991 1112 2062 manuscripto
1145 1991 1430 2061 reperisse
1486 1989 1712 2044 videtur
1738 1988 2067 2058 Trapezun-

415 2085 559 2152 tius,
589 2101 693 2140 nec
725 2084 781 2138 in
815 2082 1010 2137 verbis
1064 2081 1333 2137 Eunomii
1384 2080 1696 2152 vestigium
1746 2077 1933 2133 ullum
1982 2082 2068 2130 est
2110 2109 2118 2116 -

414 2171 912 2244 interrogationis.
941 2169 1119 2225 Paulo
1153 2174 1283 2241 post
1307 2169 1676 2242 scripsimus,
1709 2191 1735 2217 ‹‹
1771 2167 1914 2222 Cum
1949 2182 2064 2236 quo

413 2263 728 2318 damnatus
766 2261 840 2316 sit
878 2276 890 2316 :
930 2283 948 2307 ιι
983 2257 1092 2312 Τίνι
1143 2259 1617 2334 συγκατακίκριται
1643 2275 1656 2288 ·
1689 2273 1829 2322 non,
1863 2259 1928 2310 ut
1975 2254 2065 2308 in-

414 2355 664 2422 terpres,
701 2374 721 2398 α
758 2366 826 2404 ex
856 2347 1216 2421 arrogantia,
1249 2365 1365 2419 qua
1391 2347 1818 2402 condemnatus
1874 2347 1999 2399 est:
2037 2365 2064 2392 »

413 2455 546 2494 cnm
578 2437 810 2494 diabolo
843 2437 1149 2505 nimirum,
1178 2437 1237 2490 in
1269 2438 1439 2506 cujus
1479 2434 1771 2506 judicium
1821 2437 1878 2488 et
1925 2446 2064 2487 con-

412 2527 845 2584 demnationem
881 2525 1106 2580 incidit.
1144 2528 1163 2580 I
1196 2525 1348 2580 Tim.
1382 2541 1468 2593 ιιι,
1497 2524 1532 2578 6
1565 2538 1578 2576 :
1609 2523 1724 2575 Ἵνα
1757 2521 1832 2593 μή
1882 2540 2062 2594 τυφω·

415 2615 524 2679 θεὶς
558 2613 635 2676 εἷς
667 2618 840 2689 κρῖμα
869 2612 1076 2686 ἒμπέσῄ
1108 2615 1206 2666 τοῦ
1238 2606 1522 2667 διαϐόλου.
1557 2633 1585 2661 ‹‹
1627 2612 1710 2666 Ne
1761 2611 1818 2664 in
1851 2625 2062 2682 super-

414 2703 569 2759 biam
603 2702 796 2758 elatus
826 2703 885 2758 in
909 2701 1204 2773 judicium
1239 2701 1458 2756 incidat
1489 2698 1726 2754 diaboli.
1763 2719 1792 2747 »

483 2812 604 2868 Col.
636 2813 742 2876 510
772 2815 811 2866 C
838 2814 890 2866 2.
927 2810 1076 2879 Quod
1105 2812 1156 2866 si
1201 2809 1723 2881 deprehenderetur.
1758 2805 1926 2862 Aliud
1971 2811 2062 2862 est

414 2899 732 2978 ὑφορᾶσθαι,
768 2899 926 2955 aliud
953 2899 1293 2973 φωραθῆναι.
1329 2897 1474 2954 Illud
1509 2914 1570 2954 se
1600 2896 1810 2967 legisse
1838 2895 2063 2966 putavit

409 2989 857 3062 Trapezuntius,
901 3005 1029 3044 cum
1061 2987 1320 3060 scripsit,
1355 3009 1383 3036 «
1418 2987 1578 3051 Quod
1641 2985 1690 3041 si
1749 2989 2061 3057 suspectus

412 3080 581 3149 foret,
609 3079 734 3135 sine
765 3078 886 3133 ulla
914 3077 1088 3148 culpa
1118 3094 1247 3133 esse
1278 3076 1567 3132 videatur.
1604 3097 1630 3124 »

481 3185 599 3241 Col.
660 3186 761 3240 511
822 3189 866 3239 Β
925 3185 1012 3240 10.
1078 3180 1467 3256 Ἀγυμνάστοις
1542 3179 1730 3242 ἀκοαῖς
1786 3183 2056 3250 verterat,

417 3296 444 3323 ‹‹
477 3273 532 3328 in
567 3273 783 3328 liberas
813 3288 984 3328 aures
1015 3271 1295 3327 incidens.
1317 3271 1669 3326 vCornarius
1701 3270 1916 3340 aptius,
1936 3292 1962 3319 «
1987 3285 2058 3323 ne

411 3362 809 3418 inexercitatis
843 3361 1086 3416 auribus
1116 3359 1380 3430 allapsus
1413 3359 1642 3430 sibiipsi
1675 3359 1846 3412 fidem
1891 3359 2056 3412 dero-

408 3455 523 3523 get.
559 3471 587 3498 ι)
627 3451 792 3518 Beza,
833 3449 1224 3504 «inassuetas
1278 3464 1451 3503 aures
1501 3448 1734 3502 feriens.
1768 3467 1796 3495 »
1831 3449 1894 3500 In
1944 3462 2054 3500 ms.

407 3544 531 3594 erat
561 3539 659 3606 τήν
693 3532 958 3604 ἀσέϐειαν,
995 3539 1094 3593 sed
1150 3537 1582 3592 emendandum
1627 3541 1781 3593 esset
1827 3534 2054 3588 ἑαυτοῦο

413 3651 434 3679 ι
473 3630 838 3702 Impietatem
869 3646 1036 3685 suam
1074 3629 1186 3684 [ide
1215 3628 1518 3700 indignam
1550 3628 1838 3696 redderet,
1867 3641 2057 3698 neque

407 3719 576 3775 facile
606 3719 989 3774 audiendam.
1024 3738 1051 3766 »

479 3808 626 3866 Ibid.
659 3809 721 3864 Ο.
753 3809 832 3866 Ad
888 3809 1222 3863 institutum.
1277 3806 1390 3882 Ἐφ’
1437 3803 1470 3858 ἃ
1517 3803 1863 3880 προείρηται,
1908 3821 2056 3877 quo-

407 3899 579 3955 modo
633 3899 847 3972 legitur
889 3902 945 3954 et
993 3896 1052 3951 in
1105 3896 1455 3968 Stephanaaa
1503 3896 1781 3961 editione,
1815 3894 1913 3949 ubi
1949 3893 2057 3949 hoc

406 3993 574 4060 pacto
609 3986 780 4044 vertit
837 3987 1016 4053 Beza;
1051 3985 1153 4040 sed
1205 3983 1402 4056 aptius
1462 3983 1711 4038 fortasse
1768 3983 2058 4054 legeretur

405 4076 718 4153 προῄρηται
775 4095 810 4132 a
866 4077 1041 4131 verbo
1089 4073 1488 4147 προαιρεῖσθαι.
1530 4072 1842 4128 Cornarius
1899 4087 2055 4127 rece-

405 4172 566 4240 ptam
598 4167 931 4238 exprimens
961 4163 1290 4231 lectionem,
1330 4185 1351 4211 ι
1388 4163 1458 4216 ad
1489 4179 1556 4218 ea
1605 4179 1732 4233 quae
1783 4161 2059 4232 praedicta

403 4262 561 4312 sunt.
601 4278 628 4305 ››
657 4257 729 4311 At
781 4254 1212 4325 Trapezuntius
1269 4251 1554 4314 ediderat,
1599 4272 1626 4300 «
1679 4251 1752 4305 ad
1809 4267 1896 4319 ea,
1929 4266 2056 4320 quae

400 4345 650 4412 volebat,
685 4367 712 4394 ››
744 4341 1056 4417 προαίρεσιν
1089 4341 1379 4396 indicans.
1413 4339 1594 4394 Paulo
1627 4343 1756 4410 post
1778 4355 1841 4393 ex
1878 4339 2057 4410 Hegio

401 4450 505 4505 pro
529 4429 856 4486 ἐπιστάσεως
889 4430 1326 4486 emendandum
1356 4427 1418 4480 τὸ
1446 4423 1652 4481 ἁπλοῦν
1679 4432 1778 4496 τῆς
1797 4426 2055 4493 πίστεως,

410 4541 430 4568 ε
465 4519 904 4592 simplicitatem
939 4517 1094 4588 ﬁdei,
1131 4538 1158 4567 »
1187 4533 1366 4588 quam
1398 4515 1704 4572 lectionem
1724 4515 1898 4571 etiam
1931 4516 2055 4571 Ste-

404 4610 650 4682 phanaza
680 4607 858 4662 editio
883 4605 1169 4678 agnoscit.

473 4694 592 4751 Col.
651 4695 759 4749 513
809 4693 850 4747 Β
899 4693 952 4746 6.
989 4689 1254 4762 Γνώμονα
1310 4695 1409 4757 τῆς
1469 4685 1746 4758 ἀληθείας.
1807 4690 2050 4744 Addidi-

400 4802 536 4840 mus
585 4800 654 4839 ex
700 4781 898 4838 codice
950 4782 1011 4835 11.
1047 4782 1163 4840 τοῖς
1193 4775 1416 4853 ἐχθροῖς
1454 4784 1554 4846 τῆς
1587 4776 1866 4847 ἀληθείας,
1898 4779 2049 4849 quod

399 4873 575 4929 etiam
605 4871 665 4926 in
701 4869 1032 4942 apograpbo
1064 4885 1171 4925 suo
1195 4868 1408 4941 legisse
1429 4867 1859 4939 Trapezuntius
1877 4883 2051 4938 appa-

397 4965 505 5031 ret,
539 4977 671 5017 cum
703 4964 835 5015 ante
867 4957 1120 5031 primam
1149 4957 1432 5012 Venetam
1467 4955 1780 5013 editionem
1825 4955 1932 5010 hos
1982 4955 2052 5008 li-

396 5051 592 5107 brose
649 5049 863 5106 Graecis
923 5046 1350 5119 manuscriptis
1399 5045 1708 5101 Latinitate
1763 5045 2050 5101 donaret:

396 5140 786 5212 quamobrem
821 5153 924 5192 nec
958 5153 992 5190 a
1024 5136 1168 5190 Beza
1213 5150 1402 5206 neque
1434 5151 1467 5188 a
1496 5133 1768 5189 Cornario
1816 5138 2053 5205 praeter-

398 5228 550 5284 mitti
585 5228 935 5283 debuerunt.

465 5318 582 5373 Col.
615 5319 722 5373 516
763 5320 803 5369 Δ
840 5315 926 5370 11.
960 5312 1063 5368 Τὸν
1119 5310 1248 5366 Θεὸν
1305 5308 1591 5385 ἀγένητον.
1628 5311 1712 5365 Ita
1769 5310 2053 5382 scriptum

396 5406 508 5462 fuit
528 5407 585 5460 in
613 5406 814 5478 Regio,
834 5408 891 5459 et
914 5403 971 5458 in
991 5401 1130 5457 edit.
1157 5399 1529 5472 Stephanaea,
1556 5398 2055 5470 quemadmodum

395 5501 452 5551 et
482 5495 539 5549 in
579 5495 650 5550 iis
677 5511 804 5565 qua:
839 5498 1174 5563 sequuntur
1195 5489 1450 5560 periodis
1482 5492 1954 5560 προσγεγενῆσθιι
2002 5493 2060 5543 et

396 5583 734 5659 γεγενῆσθαι’
769 5597 946 5654 quam
985 5579 1058 5635 ob
1103 5592 1347 5634 causam
1396 5576 1572 5631 vertit
1617 5577 1777 5644 Beza,
1811 5598 1839 5625 ‹‹
1873 5575 2058 5634 Deum

399 5691 519 5731 non
557 5690 687 5730 esse
717 5670 1034 5739 factitium,
1063 5672 1121 5724 et
1147 5666 1233 5722 vel
1267 5683 1301 5722 a
1329 5665 1522 5738 seipso
1553 5665 1639 5721 vel
1693 5665 1765 5720 ab
1811 5665 1924 5722 alio
1972 5667 2058 5723 fa-

2191 585 2306 624 non
2357 571 2607 632 creatus,
2645 583 2760 623 non
2801 567 3122 640 productus
3154 584 3168 622 :
3201 589 3230 618 ››
3264 566 3366 623 sed
3422 567 3482 623 in
3532 558 3847 622 Basiliensi

2190 656 2513 730 posteriore
2545 653 2836 731 ἀγέννητον
2867 671 3147 713 excusum
3179 657 3309 724 fuit,
3341 660 3399 712 et
3447 661 3844 730 Rpomyevvﬁ-

2191 756 2311 810 σθαι
2367 750 2424 802 et
2478 750 2853 819 γεγεννῆσθαι,
2911 751 3088 818 atque
3140 745 3358 801 idcirco
3413 745 3849 817 Trapezuntius

2191 837 2610 907 interpretatus
2640 840 2751 906 est,
2785 859 2811 884 ‹‹
2855 840 2912 890 et
2963 835 3261 890 communi
3313 835 3578 890 omnium
3642 851 3850 890 conce-

2188 925 2388 998 ptionc
2418 923 2601 979 Deum
2636 929 2838 979 natum
2875 940 2992 979 non
3023 939 3150 980 esse
3179 941 3192 980 :
3227 946 3254 973 ››
3289 923 3428 979 item
3460 923 3638 996 paulo
3691 929 3846 996 post,

2191 1036 2219 1065 ‹‹
2251 1013 2403 1085 quod
2464 1013 2796 1086 ingenitum
2847 1017 2956 1081 est,
2981 1012 3069 1068 vel
3100 1031 3132 1068 a
3163 1030 3225 1069 se
3255 1013 3340 1068 vel
3373 1014 3445 1068 ab
3476 1013 3593 1068 alio
3626 1013 3847 1069 factum

2187 1118 2313 1157 esse
2344 1102 2742 1170 contenderet,
2768 1123 2796 1152 »
2833 1107 2891 1156 et
2927 1125 2947 1150 ι
2981 1100 3079 1173 qui
3116 1105 3206 1157 est
3237 1101 3560 1174 ingenitus,
3590 1118 3787 1173 neque
3815 1120 3848 1158 a

2186 1207 2247 1247 se
2274 1206 2464 1263 neque
2495 1191 2566 1246 ab
2599 1190 2711 1246 alio
2743 1196 2946 1246 natum
2977 1207 2990 1245 ε
3022 1212 3050 1240 »
3083 1190 3278 1263 aptius
3309 1190 3573 1259 dixisset,
3605 1212 3627 1241 ι
3651 1207 3846 1264 neque

2185 1280 2258 1335 ab
2282 1279 2393 1334 alio
2424 1278 2710 1352 genitum.
2738 1302 2766 1329 »
2787 1283 3209 1335 Verumtamen
3242 1279 3300 1334 in
3335 1279 3838 1336 tantalectionum

2183 1369 2462 1424 varietate
2495 1367 3077 1424 animadvertendum
3108 1373 3221 1437 est,
3244 1369 3399 1440 quod
3432 1368 3572 1424 alibi
3606 1372 3841 1426 monui.

2187 1474 2345 1524 mus,
2373 1474 2569 1514 vocem
2603 1455 2920 1532 ἆγὲννητος,
2955 1475 3085 1514 cum
3119 1459 3190 1514 de
3231 1458 3348 1514 Deo
3401 1458 3568 1513 Patre
3618 1459 3837 1531 agitur,

2183 1548 2303 1602 sive
2325 1564 2459 1602 cum
2483 1546 2615 1602 aliis
2635 1547 2903 1619 personis
2924 1547 3226 1604 Trinitatis
3258 1553 3656 1620 comparatur,
3684 1565 3839 1604 nunc

2181 1633 2512 1706 signiﬁcare
2570 1634 2918 1706 ingenitum,
2959 1635 3067 1690 hoc
3124 1639 3231 1704 est,
3284 1652 3396 1691 non
3455 1637 3837 1708 generatione

2181 1723 2552 1796 productum,
2589 1739 2742 1778 nunc
2769 1722 3486 1794 autem,increatum,non
3519 1724 3832 1794 factitium,

2179 1829 2370 1884 neque
2402 1829 2504 1884 per
2533 1811 2884 1868 creationem
2929 1813 3286 1885 productum
3319 1831 3338 1868 :
3369 1813 3585 1886 saepius
3630 1819 3830 1869 tamen

2180 1898 2433 1976 ἀγένητος
2462 1917 2660 1956 vocem
2685 1900 2794 1956 hac
2817 1901 3077 1956 secunda
3105 1901 3342 1957 no'tione
3373 1903 3672 1974 usurpari,
3699 1919 3829 1974 quae

2177 2006 2309 2044 cum
2345 1988 2597 2060 simplici
2629 2009 2676 2060 ν,
2707 2006 2820 2044 non
2862 2007 2995 2045 cum
3029 1989 3250 2062 duplici
3284 1990 3542 2063 effertur,
3574 1996 3640 2046 ut
3668 1989 3824 2064 ἆγὲν-

2175 2098 2360 2148 νητος.
2390 2079 2535 2135 Vide
2565 2096 2692 2150 quae
2725 2078 2997 2152 superius
3019 2083 3300 2135 annotata
3328 2085 3488 2136 sunt.

2247 2185 2395 2242 Ibid.
2451 2189 2491 2240 C
2540 2187 2596 2240 5.
2656 2186 2826 2254 Quasi
2881 2186 3074 2242 solido.
3123 2183 3333 2246 ΙΙυκνὸς
3409 2184 3501 2238 καὶ
3573 2185 3829 2260 περιττὸς

2174 2274 2446 2330 solertem
2479 2279 2536 2330 et
2565 2276 2914 2347 prudentem
2939 2280 2997 2332 et
3024 2276 3260 2348 egregia
3289 2279 3484 2331 mente
3514 2276 3825 2347 praeditum

2175 2367 2452 2431 sonat,ut
2479 2362 2670 2418 caeteri
2703 2363 3049 2436 interpretes
3071 2363 3407 2432 ediderunt,
3430 2380 3548 2418 non
3581 2368 3648 2418 ut
3677 2364 3827 2418 Tra-

2175 2451 2503 2522 pezuntius,
2526 2473 2553 2501 «
2579 2450 2632 2505 Si
2667 2451 2866 2506 densis
2899 2457 3075 2523 atque
3107 2451 3356 2507 minutis
3384 2450 3827 2523 excogitationi-

2175 2540 2285 2594 bus
2318 2541 2443 2594 suis
2470 2540 2847 2595 redundaret.
2885 2562 2911 2589 »

2243 2628 2365 2684 Col.
2395 2630 2504 2684 517
2527 2631 2566 2684 Α
2596 2631 2650 2685 6.
2685 2633 2796 2685 Pro
2828 2626 3069 2704 συνάγειν
3126 2629 3479 2702 scripsimus
3525 2645 3596 2685 ex
3646 2629 3828 2702 Regio

2171 2717 2236 2774 Η.
2271 2715 2597 2792 συνεισάγειν
2608 2757 2622 2771 .

2241 2808 2358 2865 Col.
2411 2809 2517 2863 520
2574 2813 2619 2863 Β
2672 2809 2708 2863 9
2754 2808 3127 2884 Ὑφαρπαγήν.
3186 2808 3540 2866 Addidimue
3595 2825 3666 2865 ex
3714 2826 3824 2865 m8.

2170 2897 2237 2953 Η.
2262 2914 2390 2969 quae
2414 2898 2618 2954 deesse
2634 2897 2693 2953 in
2713 2897 3061 2971 Stephanea
3086 2903 3235 2954 Beza
3255 2899 3520 2970 apposito
3542 2898 3825 2954 asterisco

2169 2985 2518 3056 adverterat,
2543 2992 2601 3042 et
2621 2987 3300 3058 Trapezuntiiversionis
3334 2987 3618 3044 insistens
3648 2987 3822 3043 vesti-

2168 3074 2279 3146 giis
2326 3075 2750 3147 interpretatus
2793 3080 2940 3144 erat,
2981 3075 3267 3132 nimirum
3316 3075 3464 3146 αὐτῷ
3515 3072 3822 3152 ληφθέντος

2170 3159 2342 3238 λόγου
2374 3163 2509 3237 πρὸς
2539 3164 2638 3232 τὴν
2671 3164 3004 3233 κατασκευὴν
3065 3163 3302 3228 ἐντεῦθεν
3341 3168 3520 3239 χωρεῖ
3563 3167 3664 3218 τοῦ
3720 3164 3821 3230 τήν

2089 3225 2131 3292 C
2171 3253 2482 3329 ἀγεννησίαν
2543 3253 2725 3309 οὐσίαν
2782 3254 2937 3310 εἶναι’
2973 3259 3152 3313 «Iste
3200 3261 3398 3313 tamen
3447 3258 3618 3329 quasi
3665 3256 3820 3312 viam

2168 3345 2487 3414 quamdam
2520 3360 2588 3400 ex
2616 3361 2682 3401 eo
2713 3349 2947 3414 nactus,
2980 3347 3136 3417 quod
3197 3346 3397 3402 furtim
3449 3346 3724 3418 arripuit,
3756 3361 3826 3400 eo

2167 3432 2559 3503 progreditur,
2593 3437 2656 3487 ut
2686 3433 2844 3489 dicat
2873 3433 3190 3507 ἀγιννησίαν
3230 3451 3360 3490 esse
3409 3434 3570 3490 illius
3618 3449 3824 3489 essen-

2168 3521 2330 3590 tiam,
2354 3520 2566 3592 quiest
2595 3521 2864 3578 omnium
2894 3522 3070 3579 Deus.
3091 3545 3119 3573 ››
3143 3523 3461 3580 Cornarius
3491 3523 3690 3596 aptius
3709 3521 3826 3578 edi-

2167 3610 2273 3678 dit,
2297 3633 2324 3659 «
2349 3608 2485 3664 hino
2512 3610 2585 3666 ad
2615 3610 3122 3668 conﬁrmationem
3158 3612 3442 3684 procedit,
3469 3613 3624 3684 quod
3658 3611 3823 3682 inge-

2167 3697 2355 3754 nitum
2405 3714 2532 3754 esse
2575 3700 2834 3756 essentia
2882 3703 2979 3756 sit.
3015 3723 3043 3750 »
3078 3699 3423 3774 Ἀγεννησίαν
3470 3701 3658 3757 Latini
3712 3704 3820 3754 Pa-

2164 3792 2284 3844 tres
2316 3811 2343 3838 ιι
2378 3788 2899 3846 innasoibilitatem
2933 3813 2961 3840 »
2992 3795 3251 3846 vertunt.

2237 3894 2355 3949 (tot.
2382 3896 2490 3949 526
2524 3895 2566 3950 Β
2614 3896 2667 3951 3.
2702 3898 2766 3951 Et
2806 3898 2956 3967 quod
3002 3898 3122 3968 ejus
3164 3912 3351 3969 prapr.
3385 3901 3504 3952 Hoc
3529 3895 3817 3951 omissum

2165 3982 2238 4038 ab
2270 3982 2585 4054 interprete
2608 3984 2966 4051 addidimus,
2995 3986 3096 4056 qui
3115 3989 3174 4040 et
3195 3985 3517 4056 scripserat
3535 3984 3648 4040 hoc
3669 3984 3819 4048 loco,

2167 4091 2196 4121 ‹‹
2228 4087 2418 4141 neque
2457 4071 2529 4125 ad
2588 4071 2987 4128 irrationalem
3053 4072 3356 4128 dimittens
3413 4073 3817 4128 infirmitatem

2165 4159 2438 4227 subduci,
2471 4181 2500 4208 ‹‹
2560 4161 2713 4230 quod
2755 4160 2997 4232 legisset
3039 4162 3290 4217 fortasse
3339 4159 3723 4233 ὑποφέρεσθαι,
3757 4165 3825 4216 ut

2166 4247 2376 4302 habuit
2431 4247 2499 4303 Η.
2532 4248 2749 4320 Regius
2807 4249 2986 4305 codex
3044 4266 3149 4321 pro
3206 4245 3590 4326 ἀποφὲρεσθαι.
3643 4250 3823 4306 Paulo

2166 4342 2300 4391 ante
2330 4337 2426 4392 ubi
2461 4337 2532 4391 de
2563 4337 2676 4393 vite
2707 4337 2771 4392 ﬁt
2800 4337 3042 4402 mentio,
3076 4338 3448 4410 praetermisit
3485 4337 3657 4404 illud,
3688 4337 3827 4391 κατᾶ

2165 4425 2266 4492 τήν
2322 4424 2526 4491 πίστιν,
2561 4427 2721 4490 Beza,
2756 4426 2910 4497 quod
2968 4442 3109 4482 sane
3169 4427 3413 4494 mirum,
3471 4443 3605 4482 cum
3665 4426 3828 4482 illius

2167 4518 2503 4585 symmystie
2554 4513 2836 4585 neglectis
2886 4514 3182 4586 operibus,
3208 4515 3340 4570 fidei
3375 4515 3570 4586 potius
3619 4531 3822 4570 curam

2081 4593 2128 4657 D
2161 4617 2362 4672 gerere
2418 4603 2750 4657 videantur.
2802 4601 2958 4657 Dixit
3001 4607 3194 4658 autem
3249 4599 3647 4677 ἐρῥιζωμὲνους
3689 4602 3828 4656 κατὰ

2160 4689 2339 4742 πίστιν
2371 4695 2435 4744 ut
2464 4691 2685 4747 Paulus
2715 4690 2936 4746 Coloss.
2971 4707 3032 4761 ιι,
3067 4693 3098 4744 7
3135 4709 3147 4747 :
3180 4689 3573 4766 Ἐῥριζωμὲνοι
3603 4690 3694 4745 καὶ
3731 4692 3824 4766 βε-

2161 4771 2479 4850 ϐαιούμενοι
2540 4777 2594 4832 ἐν
2644 4782 2714 4852 τῇ
2741 4778 2956 4832 πίστει·
2989 4780 3246 4836 Radicati
3297 4790 3350 4838 et
3391 4783 3708 4852 conﬁrmati
3763 4784 3824 4836 in

2161 4867 2285 4938 ﬁde.

2234 4956 2383 5012 Ibid.
2417 4957 2459 5012 C
2490 4957 2543 5014 3.
2599 4957 3094 5029 lncorruptibilem.
3136 4961 3368 5014 Tractat
3417 4959 3576 5015 hunc
3625 4959 3821 5016 locum

2165 5045 2228 5102 S.
2265 5043 2465 5101 Basilii
2528 5047 2709 5100 frater
2764 5045 3084 5118 Gregorius
3126 5047 3426 5120 Nyssenus
3473 5047 3577 5104 lib.
3611 5049 3824 5106 ultimo

2160 5143 2350 5191 contra
2379 5135 2932 5206 Eunomium,nuper
2981 5135 3296 5192 Latinitate
3325 5137 3540 5192 donato
3570 5153 3606 5192 a
3635 5137 3827 5194 doctis

2165 5225 2319 5279 simo
2379 5223 2500 5278 viro
2545 5223 2590 5278 N
2653 5222 2923 5291 Gulonio,
2957 5241 3014 5296 p.
3059 5225 3188 5296 396,
3235 5241 3490 5297 eumque
3540 5227 3827 5283 adversus

2169 5312 2499 5368 calumnias
2558 5313 2826 5368 Eunomii
2885 5317 3106 5368 tuetur.
3149 5313 3405 5370 Diversis
3461 5319 3661 5371 tamen
3720 5315 3828 5371 ali-

2169 5402 2406 5472 quando
2468 5401 2824 5456 dictionibus
2899 5401 3125 5468 utitur,
3181 5407 3248 5457 ut
3322 5401 3821 5475 ὑπερεκπίπτουσαν

2169 5487 2352 5558 πάσης
2410 5495 2749 5565 περιγραφῆς
2801 5487 3158 5565 εὑρίσκοντες,
3217 5507 3321 5563 pro
3377 5489 3557 5560 πάσης
3616 5491 3819 5566 ἀρχῆς,

2173 5595 2300 5650 qua
2331 5577 2522 5633 verior
2551 5577 2745 5646 lectio,
2777 5582 2843 5632 ut
2885 5577 3302 5635 animadvertit
3349 5579 3641 5653 interpres
3669 5581 3816 5650 Nys-

2169 5667 2319 5736 seni,
2372 5666 2659 5737 scribens,
2711 5688 2739 5718 «
2787 5682 3022 5724 omnem
3070 5667 3676 5742 circumscriptionem
3724 5667 3813 5724 vel
