4128 6216
305 368 462 430 1033

1384 367 1465 426 ΙΝ
1506 365 1784 428 LIBROS
1825 369 2138 430 CONTRA
2184 370 2636 432 EUNOMIUM.

3560 375 3720 439 1034

296 517 470 557 omne
503 499 856 571 principium
876 504 1276 572 superantem.
1314 521 1342 548 ››
1374 499 1514 554 Item
1549 504 1663 560 τοῖς
1698 499 1863 553 aiam
1888 500 1944 554 ὸν
1981 509 2031 571 Α
2065 503 2354 574 interpres
2381 503 2642 574 scripsit,
2679 526 2706 553 «
2740 504 2991 560 Privatio
3022 505 3177 561 enim
3224 506 3375 578 ejus,
3423 507 3578 578 quod
3611 525 3714 565 na.

290 592 417 643 νοῦν
451 583 850 661 ἐπιϐάλλωμεν
882 607 986 662 pro
1029 587 1122 642 τὸν
1151 591 1275 642 νοῦν
1308 586 1719 660 ἰπεκτείνωμεν,
1753 595 1809 645 et
1839 594 1952 651 τοῖς

293 678 522 752 ὀνόμασι
583 676 797 740 τούτοις
856 678 1177 754 χρώμενοι,
1236 695 1339 751 pro
1399 676 1612 739 τούτοις
1673 697 1950 753 προσαγο-

288 767 570 842 ρεύοντες.
642 769 864 824 Ibidem
936 767 1294 824 correximus
1362 767 1506 823 illud
1567 769 1948 840 Trapezuntii

293 880 318 910 α
353 863 495 913 tunc
527 857 824 912 inﬁnitam
857 858 984 928 ejus
1015 857 1074 912 in
1109 857 1336 913 nullum
1371 857 1688 914 terminum
1737 873 1948 914 exeun-

292 951 413 1003 tem
442 946 949 1019 incorruptibilem
985 945 1376 1018 appellamus.
1410 969 1438 997 »

366 1055 486 1112 Col.
517 1057 625 1109 526
655 1055 696 1110 Ο
730 1056 814 1109 14.
841 1052 936 1106 Καὶ
960 1046 1293 1124 ἀσύμϐαντα.
1317 1054 1552 1110 Rectius
1575 1054 1631 1109 in
1653 1055 1948 1127 ms.Regio

296 1138 1086 1216 ΙΙ,ἆσύμϐαταοι]υρωειᾱωοά
1097 1160 1194 1198 um
1221 1148 1278 1198 et
1291 1145 1443 1214 apud
1458 1148 1670 1200 Gazam
1689 1145 1744 1199 in
1763 1145 1947 1200 Gram-

293 1239 502 1290 matice
536 1236 724 1291 Graeca
752 1233 957 1304 legunt
982 1234 1225 1304 quidam
1248 1226 1604 1304 ἀσυμϐἀντως
1639 1227 1807 1307 ἔχειν,
1840 1234 1944 1290 lib.

293 1343 350 1380 ιν
377 1341 390 1380 :
426 1325 529 1380 sed
555 1322 730 1396 paulo
763 1328 895 1395 post
918 1339 1032 1376 non
1065 1315 1443 1393 ἀσυμϐάντως,
1478 1323 1578 1378 sed
1623 1317 1946 1394 ἀσυμϐάτως

290 1415 581 1485 scriptum
608 1429 738 1469 esse
787 1413 1061 1468 observat
1108 1418 1312 1467 auctor
1363 1413 1540 1469 Graeci
1575 1413 1853 1479 Thesauri,
1889 1418 1947 1468 et

288 1522 360 1560 ex
391 1504 704 1559 Plutarcho
737 1503 879 1558 citat
907 1501 978 1558 de
1030 1501 1216 1573 primo
1266 1501 1521 1574 frigido:
1571 1501 1632 1557 ἸΙ
1687 1501 1781 1573 μὲν
1838 1501 1943 1576 γὰρ

287 1592 426 1646 κατά
493 1590 744 1662 στέρησιν
816 1592 908 1645 καὶ
981 1586 1082 1661 ἕξιν
1161 1590 1419 1655 ἀντίθεσις
1490 1588 1769 1664 πολεμικὴ
1850 1589 1941 1644 καὶ

288 1674 603 1752 ἀσύμϐατός
633 1678 796 1752 ἐστιν,
827 1681 884 1736 id
917 1687 1029 1748 est,
1059 1681 1330 1737 Turnebo
1380 1681 1717 1752 interprete,
1753 1681 1940 1735 «~Pri—

285 1771 540 1827 vationis
570 1771 725 1826 enim
757 1777 813 1826 et
843 1770 1077 1826 habitus
1109 1771 1491 1840 repugnantia
1523 1769 1814 1826 hostiliter
1844 1770 1939 1824 in-

286 1861 434 1917 festa
465 1865 574 1930 est,
609 1865 666 1915 et
695 1859 1146 1931 implacabiliter
1177 1860 1471 1914 dissentit.
1503 1881 1532 1909 ››

360 1967 480 2022 Col.
512 1968 619 2021 527
651 1969 710 2022 Β.
749 1967 865 2022 Νοη
888 1983 946 2021 se
992 1983 1062 2022 ex
1098 1969 1570 2022 commentatione.
1606 1966 1735 2021 Haec
1767 1966 1943 2022 verba

290 2055 560 2112 Eunomii
585 2057 670 2111 sic
696 2055 1301 2120 immutavimus,cum
1324 2061 1480 2110 esset
1500 2060 1670 2110 antea
1695 2071 1706 2109 :
1733 2078 1760 2105 «
1779 2054 1940 2109 Nolle

289 2144 701 2214 cogitationem
733 2145 1055 2199 humanam
1090 2145 1363 2199 decorare
1397 2146 1600 2212 Deum,
1632 2161 1742 2198 cun
1780 2145 1943 2214 lnge-

289 2236 484 2289 nitum
517 2233 792 2306 appellat.
829 2255 857 2283 »
884 2233 995 2288 Sed
1029 2230 1262 2285 ἐπίνοιαν
1297 2255 1324 2282 ‹‹
1345 2233 1930 2287 commentationem»

288 2323 437 2379 Beza
458 2325 675 2378 rectius
699 2322 889 2386 vertit,
919 2338 1095 2393 quam
1117 2322 1566 2392 Trapezuntius,
1590 2343 1616 2370 «
1643 2320 1940 2392 cogitatio-

288 2428 447 2478 nem,
485 2433 512 2460 »
543 2416 646 2465 aut
674 2409 1011 2476 Cornarius,
1051 2430 1078 2462 α
1108 2408 1659 2479 contemplationem
1687 2427 1700 2477 ;
1727 2431 1754 2459 ››
1803 2426 1936 2464 cum

286 2499 523 2554 ἐπινοεῖν
557 2501 636 2555 sit
665 2501 1013 2571 excogitare,
1045 2499 1133 2554 vel
1173 2498 1564 2566 comminisci,
1609 2498 1695 2554 vel
1745 2506 1939 2554 mente

285 2591 592 2660 concipere
613 2588 856 2644 solerter
887 2589 1107 2659 aliquid
1143 2588 1587 2643 adinveniendo.
1640 2589 1734 2643 Sic
1781 2589 1937 2658 apud

285 2680 620 2750 Nyssenum
652 2679 938 2733 Gulonius
961 2680 1030 2750 τῇ
1063 2675 1272 2746 ἐπινοίᾳ
1299 2679 1460 2747 ἡμῶν
1495 2674 1937 2750 ἐπιθεωρούντων

284 2772 477 2822 ταῦτα·
520 2791 539 2817 ι
595 2769 738 2822 dum
788 2767 910 2822 haec
956 2784 1057 2838 per
1104 2767 1654 2822 commentationem
1687 2767 1770 2822 ita
1799 2783 1939 2822 con-

285 2857 670 2928 templemur.
700 2878 729 2906 ››

361 2948 507 3002 Ibid.
597 2947 681 3000 12.
769 2945 1042 3013 Quomodo
1115 2946 1308 3016 igitur.
1380 2945 1670 3014 Interpres
1738 2945 1941 2999 edide-

285 3042 400 3103 rat,
436 3057 464 3083 «
507 3036 808 3099 Quomodo
859 3034 1040 3104 igitur
1069 3051 1186 3090 non
1218 3034 1410 3089 furere
1441 3038 1494 3088 te
1527 3033 1937 3104 perspicimus,

283 3127 338 3181 si
361 3124 656 3195 propriam
678 3125 891 3193 cuique
915 3123 1219 3177 nominum
1236 3127 1580 3194 potestatem
1606 3122 1801 3177 inesse
1823 3139 1938 3177 non

281 3221 485 3284 putes,
516 3214 616 3268 sed
639 3219 842 3267 contra
863 3212 1166 3267 veritatem
1196 3236 1208 3275 ;
1244 3234 1270 3262 ››
1297 3209 1555 3278 ἀλήθειαν
1587 3211 1746 3264 enim
1780 3211 1935 3281 legit,
1967 3251 2009 3318 Ε

280 3319 405 3357 non
440 3298 726 3374 ἐνέργειαν,
774 3302 928 3371 quod
961 3306 1157 3355 tamen
1198 3306 1396 3354 tuetur
1421 3316 1531 3354 ms.
1575 3299 1641 3353 H.
1676 3305 1732 3354 et
1756 3299 1934 3357 editio

278 3390 676 3461 Stephaniea,
731 3390 790 3444 in
845 3405 963 3460 qua
1017 3389 1218 3445 omisit
1259 3388 1406 3444 Beza
1452 3389 1598 3444 illud
1645 3388 1791 3462 παρὰ
1831 3388 1930 3456 τήν

275 3475 577 3550 ἐνέργειαν,
610 3477 765 3549 quod
798 3478 880 3532 ita
909 3478 1194 3549 expressit
1223 3476 1560 3547 Cornarius,
1593 3499 1620 3528 «
1655 3477 1755 3532 sed
1787 3494 1932 3550 prae-

274 3574 373 3624 ter
411 3567 734 3623 efﬁcaciam
785 3567 1095 3623 decernere
1141 3566 1341 3622 omnia
1388 3565 1629 3622 nomina
1675 3566 1828 3623 inter
1873 3583 1936 3624 se

274 3656 478 3712 valere
498 3655 525 3711 ?
558 3678 586 3705 »

359 3747 480 3801 Col.
512 3745 619 3800 529
650 3746 692 3800 Β
747 3746 802 3800 9.
856 3742 954 3798 Καὶ
1003 3743 1054 3798 ἐν
1103 3742 1298 3815 τούτῳ.
1358 3745 1425 3800 Η.
1486 3762 1597 3800 ms.
1652 3743 1739 3798 καὶ
1771 3743 1823 3798 ἐν
1857 3744 1934 3799 ἑνὶ

271 3833 494 3905 τούτῳ,
529 3835 684 3905 quod
718 3833 984 3905 agnoscit
1013 3833 1419 3905 interpretatio
1450 3834 1843 3905 Trapezuntii,
1875 3839 1938 3890 ut

276 3931 426 3981 ante
461 3923 608 3979 dixit
638 3921 688 3976 ἐν
724 3921 797 3976 ἑνὶ
826 3919 1003 3993 τούτῳ
1038 3921 1208 3994 μόνῳ·
1242 3929 1398 3980 verte
1430 3922 1628 3996 igitur,
1677 3947 1704 3974 ‹‹
1760 3930 1937 3996 atque

269 4015 345 4070 in
369 4014 485 4069 hoc
509 4029 625 4068 uno
651 4011 1079 4068 confessionem
1104 4011 1574 4083 persolvat,quod
1599 4013 1756 4068 estid
1781 4015 1936 4084 quod

267 4108 414 4160 est:
453 4123 483 4152 »
513 4108 572 4157 et
626 4101 686 4157 in
734 4101 927 4157 verbis
973 4101 1266 4169 Eunomii,
1314 4101 1528 4173 pagina
1557 4102 1682 4172 219,
1714 4119 1763 4158 c.
1795 4106 1850 4170 2,
1883 4099 1933 4156 ἐν

259 4195 348 4264 τῇ
382 4194 484 4245 τοῦ
517 4191 650 4244 εἶναι
686 4188 716 4243 ὅ
750 4189 890 4244 ἐστιν
939 4187 1232 4264 ὁμολογίᾳ,
1265 4190 1570 4261 conﬁtendo
1596 4192 1650 4246 id
1679 4208 1801 4248 eum
1823 4209 1940 4248 esse

253 4283 426 4354 quod
455 4285 560 4335 est.

349 4369 481 4426 Col.
505 4370 609 4424 531
640 4376 688 4425 A
720 4369 807 4423 14.
845 4367 1170 4440 Gategoriw.
1218 4368 1342 4424 Non
1397 4375 1457 4424 ut
1497 4369 1808 4441 interpres,
1865 4372 1939 4428 De

247 4463 594 4532 categoriis,
645 4461 1142 4531 quemadmodum
1175 4465 1232 4515 et
1259 4464 1316 4515 S.
1349 4462 1664 4534 Augustini
1694 4461 1936 4533 quidam

249 4554 474 4608 citant
507 4549 726 4605 librum
768 4555 852 4605 De
891 4549 1071 4605 decem
1121 4551 1438 4621 categoriis,
1489 4550 1588 4621 qui
1628 4551 1684 4604 in
1724 4551 1935 4606 inscri-

1967 1885 2014 1948 Β

2062 595 2196 646 tura
2244 591 2418 662 inest,
2475 592 2724 663 privatio
2765 599 2872 663 est,
2921 594 3209 665 posterior
3256 595 3553 651 habitu.»
3585 598 3717 654 Ari-

2063 680 2301 736 stoteles
2347 680 2404 734 in
2446 683 2761 753 Calcgoriis
2821 700 2866 738 c.
2922 685 3031 739 10:
3083 683 3434 757 Ἐστερῆσθαι
3479 680 3537 737 δὲ
3589 684 3713 740 τότε

2063 766 2291 842 λὲγομεν
2341 765 2564 823 ἕκαστον
2616 775 2722 824 τῶν
2769 778 2870 840 τῆς
2933 767 3090 842 ἕξεως
3131 771 3413 841 δεκτικῶν,
3467 771 3591 828 ὅταν
3656 773 3710 828 ἐν

2061 859 2106 930 ᾦ
2137 858 2369 931 πέφυκεν
2426 859 2706 934 ὑπάργειν,
2759 859 2793 928 ἢ
2837 861 2924 914 ὅτε
2963 859 3193 935 πέφυκεν
3229 858 3398 935 ἔχειν,
3436 858 3708 934 μηδαμῶς

2065 949 2308 1022 ὑπάρχῃ.
2349 972 2374 995 ‹‹
2396 949 2542 1004 Tum
2572 967 2706 1004 vero
2737 951 2989 1006 dicimus
3023 951 3406 1024 singula,qua3
3437 951 3705 1008 habitum

2059 1040 2313 1110 recipere
2347 1043 2612 1111 possunt,
2648 1038 2872 1110 privata
2902 1056 3051 1106 esse,
3085 1057 3218 1094 cum
3260 1040 3318 1095 in
3351 1056 3466 1112 quo
3498 1048 3708 1097 natura

2058 1131 2251 1186 inesse
2301 1130 2510 1196 debet,
2561 1135 2664 1185 aut
2718 1131 2954 1202 quando
3001 1135 3213 1186 natura
3259 1131 3460 1188 haberi
3513 1133 3705 1204 debet,

2061 1219 2221 1275 nullo
2255 1220 2426 1274 modo
2460 1219 2632 1274 inest.
2672 1242 2692 1268 ιθ
2728 1219 3072 1291 Exemplum
3108 1220 3273 1275 addit
3319 1220 3389 1275 de
3426 1222 3703 1278 edentulo

2057 1313 2113 1364 et
2144 1325 2332 1364 caeco:
2391 1325 2505 1363 non
2537 1309 2692 1363 enim
2734 1309 2887 1380 quod
2929 1310 3132 1364 dentes
3164 1326 3278 1364 non
3310 1309 3506 1380 habet,
3547 1329 3568 1358 ι
3602 1312 3702 1367 sed

2057 1398 2213 1469 quod
2250 1414 2364 1452 non
2407 1396 2602 1467 habet,
2645 1398 2880 1468 quando
2923 1397 3138 1453 habere
3184 1401 3394 1455 natura
3446 1400 3638 1468 debet,
3671 1425 3695 1453 ι

2054 1484 2402 1542 edentulum
2431 1485 2709 1555 dicimus,
2756 1490 2813 1541 et
2859 1502 3094 1554 CtBCUII],
3148 1487 3304 1558 quod
3355 1488 3555 1546 oculos
3585 1506 3699 1546 non

2055 1574 2248 1642 habet,
2284 1575 2520 1646 quando
2547 1577 2756 1628 natura
2785 1574 3001 1629 habere
3025 1574 3216 1630 debet.

2121 1663 2268 1718 Ibid.
2303 1663 2426 1730 (19,
2456 1662 2545 1722 Ὠς
2576 1661 2709 1736 πρὸς
2747 1662 2809 1715 τὸ
2856 1660 3008 1718 ὅλον.
3052 1662 3309 1720 Obscura
3352 1680 3696 1737 expressum

2049 1758 2191 1818 erat,
2227 1772 2255 1800 «
2289 1750 2565 1823 pusillam
2597 1752 2669 1806 ad
2699 1755 2886 1807 totum
2936 1756 3280 1824 congerunt.
3326 1775 3353 1803 »
3383 1754 3697 1812 Cornarius

2051 1843 2226 1909 dixit,
2260 1847 2610 1913 «quantum
2645 1842 2714 1896 ad
2750 1847 2937 1896 totum
2967 1843 3194 1897 attinet.
3229 1854 3276 1892 ››·

2121 1947 2241 2004 Col.
2291 1947 2398 2001 536
2447 1951 2490 2002 C
2530 1949 2581 2001 4.
2633 1948 2960 2003 Nultatenus
3007 1949 3426 2006 Emendandus
3476 1951 3534 2006 in
3580 1951 3697 2009 νο.

2051 2040 2186 2091 neta
2214 2041 2272 2090 et
2303 2035 2606 2092 Basiliensi
2639 2036 2804 2092 locus
2831 2031 3012 2109 σχολή
3036 2037 3085 2110 γ’
3118 2037 3199 2108 ἄν,
3232 2055 3297 2094 ex
3331 2039 3508 2110 Regio
3536 2041 3601 2096 H.
3642 2047 3700 2099 et

2049 2125 2325 2195 Stephani
2365 2125 2616 2180 editione
2662 2142 2718 2196 p.
2763 2126 2890 2194 233,
2937 2121 3120 2198 σχολῇ
3177 2125 3230 2199 γ’
3279 2122 3337 2179 ἄν
3385 2123 3547 2182 ἄλλο·
3593 2133 3695 2188 sed

2050 2212 2212 2267 illius
2259 2213 2546 2284 interpres
2600 2213 2844 2269 minime
2891 2213 3251 2286 sequendus,
3300 2214 3401 2286 qui
3441 2233 3474 2272 a
3503 2225 3698 2276 mente

2049 2301 2308 2357 auctoris
2340 2302 2651 2372 aberravit,
2685 2302 2818 2358 licet
2847 2319 2983 2371 eum
3031 2302 3366 2375 Stephanus
3414 2310 3693 2374 tanquam

2049 2390 2426 2463 ἀναμαρτητον
2461 2409 2614 2463 saepe
2642 2391 2699 2446 in
2753 2391 3023 2448 Thesauro
3073 2393 3318 2450 iaudet:
3380 2416 3408 2445 α
3450 2396 3596 2453 Nam
3647 2397 3695 2454 si

2049 2479 2307 2535 essentia
2334 2478 2486 2536 inter
2514 2497 2582 2536 ea
2610 2485 2884 2551 ponatur,
2908 2497 3034 2553 quae
3068 2499 3184 2538 non
3212 2487 3374 2551 sunt,
3407 2485 3695 2558 quidquid

2051 2575 2328 2642 praeterea
2357 2569 2637 2635 diximus,
2662 2586 2844 2625 unum
2878 2575 2934 2624 et
2963 2571 3135 2626 inane
3168 2573 3364 2628 fuerit.
3397 2596 3424 2623 ιι
3460 2575 3695 2631 Rectius

2051 2662 2235 2718 multo
2265 2663 2584 2718 Cornarius
2609 2679 2622 2717 :
2657 2685 2684 2712 «
2712 2661 2770 2718 Si
2798 2662 2953 2717 enim
2983 2665 3241 2719 essentia
3262 2664 3414 2721 inter
3443 2682 3531 2738 ea,
3564 2684 3695 2738 qua

2050 2769 2166 2806 non
2199 2756 2359 2817 sunt,
2413 2755 2522 2823 est,
2575 2751 2911 2807 nullatenus
2942 2769 3083 2808 sane
3105 2753 3261 2808 aliud
3295 2755 3435 2826 quid
3467 2773 3691 2818 eorum,

2049 2858 2172 2911 qua:
2205 2841 2273 2896 de
2304 2841 2419 2896 Deo
2451 2841 2745 2908 dicuntur,
2780 2843 2984 2897 aderit.
3021 2863 3049 2892 »
3101 2843 3276 2900 Paulo
3306 2850 3440 2916 post
3470 2845 3693 2902 immu-

2048 2933 2298 2984 tav1mus
2331 2929 2657 3000 illud,quod
2680 2947 2781 3002 pro
2810 2930 2901 2985 his
2924 2931 3134 2986 Graacis
3156 2933 3539 2990 substituerat
3560 2936 3697 2991 Tra-

2050 3017 2380 3089 pezuntius,
2419 3016 2506 3070 γαῖ
2540 3015 2705 3085 αὐτὴν
2735 3018 2833 3084 τὴν
2869 3015 3050 3071 οὐσίαν
3094 3017 3294 3074 τίθεται
3343 3021 3404 3075 τὸ
3463 3021 3692 3096 ἀγέννη-

2047 3125 2163 3174 τον,
2199 3130 2224 3156 ‹‹
2259 3112 2314 3160 et
2347 3107 2400 3160 in
2435 3107 2561 3178 ipsa
2593 3108 2928 3162 substantia
2957 3109 3476 3167 innascibilitatem
3504 3113 3696 3187 impo-

2051 3195 2187 3263 suit,
2216 3199 2274 3251 et
2303 3195 2626 3251 orationem
2662 3201 2942 3268 tanquam
2977 3199 3045 3252 ad
3075 3203 3249 3271 caput
3297 3201 3580 3274 colligens
3611 3205 3694 3262 sic

2043 3283 2377 3340 conscribit.
2405 3305 2432 3334 »
2457 3288 2578 3340 Imo
2611 3285 2932 3357 ingenitam
2966 3301 3090 3343 esse
3121 3287 3223 3343 Dei
3252 3290 3573 3347 essentiam
3600 3293 3689 3348 di-

2045 3374 2230 3444 cebat,
2265 3390 2378 3429 non
2413 3373 2472 3429 in
2505 3375 2760 3430 essentia
2807 3375 2899 3429 Dei
2931 3391 3081 3444 esse,
3114 3376 3462 3442 Eunomius.
3521 3384 3586 3436 ut
3623 3398 3693 3438 ex

2043 3462 2171 3534 ipso
2194 3461 2410 3519 Basilio
2441 3467 2689 3536 constat,
2723 3467 2781 3518 et
2810 3463 2980 3536 Greg.
3012 3464 3259 3538 Nyssen,
3292 3466 3444 3523 libro
3477 3468 3687 3528 ultimo

2041 3557 2232 3609 contra
2287 3555 2643 3624 Eunomium,
2694 3570 2754 3625 p.
2802 3554 2944 3608 204:
2995 3552 3137 3609 Αὐτὸ
3178 3552 3235 3609 δὲ
3263 3554 3325 3609 τὸ
3356 3552 3445 3611 διὰ
3470 3563 3572 3627 τῆς
3608 3560 3683 3632 μή

2041 3642 2390 3718 γεγεννῆσθαι
2449 3641 2646 3712 λέξεως
2708 3641 3104 3715 σημαινόμενον
3181 3642 3369 3700 οὐσίαν
3439 3647 3688 3719 νομίζειν

2047 3729 2222 3804 μόνων
2253 3734 2360 3784 τῶν
2395 3728 2453 3783 ἐκ
2486 3728 2676 3803 μανίας
2713 3733 3173 3808 παραφερομένων
3218 3733 3463 3808 οἰόμεθα⁹
3515 3760 3545 3788 «
3597 3740 3694 3813 Ip-

2043 3837 2176 3877 sum
2210 3825 2404 3876 autem
2439 3821 2588 3893 quod
2623 3821 2992 3892 significatur
3021 3839 3119 3894 per
3158 3824 3398 3879 verbum
3444 3842 3551 3882 non
3599 3844 3690 3898 ge-

2041 3912 2218 3965 nitum
2249 3925 2383 3979 esse,
2419 3909 2755 3964 existimare
2782 3911 3118 3980 essentiam,
3155 3915 3435 3985 solorum,
3465 3915 3566 3986 qui
3596 3917 3688 3971 fu-

2042 4015 2172 4053 rore
2202 3997 2590 4065 concitantur,
2625 4012 2753 4053 esse
2783 3998 3052 4052 arbitror.
3081 4020 3108 4047 »

2115 4105 2237 4160 Col.
2269 4105 2376 4158 542
2403 4109 2448 4158 Α
2477 4104 2532 4158 9.
2563 4101 2870 4160 Invisibilis
2897 4113 2950 4159 et
2988 4118 3110 4159 om.
3157 4103 3275 4160 Hoc
3325 4105 3690 4178 pratulimus

2044 4194 2240 4248 verbis
2291 4192 2628 4263 interpretis
2678 4209 2747 4248 ex
2791 4191 3031 4264 vulgata
3087 4191 3291 4250 Latina
3339 4210 3468 4266 qua:
3513 4213 3628 4252 non
3660 4209 3724 4254 e‘

2047 4282 2260 4338 Graecis
2292 4299 2588 4354 eXpressa,
2623 4282 2724 4337 sed
2758 4297 2826 4337 ex
2857 4281 3114 4350 Hebraeo,
3148 4292 3267 4337 erat
3300 4285 3485 4340 inanis
3515 4292 3568 4342 et
3597 4304 3689 4344 va~

2045 4389 2169 4427 cua.
2240 4370 2518 4427 Vaticana
2565 4371 2742 4426 editio
2785 4367 3014 4442 ἀόρατος
3081 4367 3170 4424 καὶ
3231 4369 3690 4437 ἀκατασκεύαστος

2045 4460 2236 4530 vertit,
2268 4459 2570 4516 invisibilis
2601 4465 2652 4516 et
2686 4460 3066 4530 incomposita.
3115 4460 3170 4514 S.
3221 4462 3583 4534 Augustinus
3632 4465 3690 4521 in

2045 4547 2228 4604 lib.De
2256 4550 2452 4604 Genesi
2465 4549 2539 4604 ad
2558 4547 3024 4614 litt.,inordinata
3047 4547 3135 4604 vel
3164 4552 3696 4626 imparata.Aquila

249 4641 486 4714 ptione
517 4638 716 4702 habet,
750 4638 1053 4709 Categoriae
1077 4638 1258 4693 decem
1307 4655 1380 4694 ea:
1435 4640 1739 4696 Aristotelis
1771 4640 1931 4696 libro.
1968 4622 2014 4689 Ι)
2049 4638 2270 4710 κὲνωμα
2315 4637 2402 4692 καὶ
2457 4635 2632 4710 οὐδὲν,
2690 4641 2937 4695 inanitas
2991 4644 3042 4695 et
3098 4641 3261 4696 nihil.
3305 4622 3695 4715 Symmachus

240 4736 429 4785 Sane
465 4727 708 4798 quidam
739 4727 958 4782 librum
991 4727 1148 4782 illum
1193 4727 1627 4800 inscripserunt
1670 4729 1782 4803 Πρὸ
1830 4733 1937 4782 τῶν

239 4819 546 4884 τοπικῶν,
605 4819 740 4872 Ante
786 4819 985 4888 topica,
1048 4823 1108 4873 ut
1173 4833 1241 4872 ex
1297 4817 1601 4890 Simplicio
1668 4819 1942 4876 observat

235 4907 511 4966 amicus
535 4913 734 4962 noster
756 4906 1375 4962 RobertusBalforazus
1398 4907 1484 4962 vir
1502 4907 1940 4964 eruditissimus

227 5001 318 5056 in
367 4996 501 5052 suis
550 4995 976 5051 Commentariis
1023 4996 1264 5067 togicis;
1315 4995 1580 5052 nonnulli
1631 4998 1705 5053 De
1761 4997 1938 5053 decem

223 5086 589 5158 categoriis,
615 5100 746 5150 seu,
778 5089 843 5140 ut
880 5085 1051 5140 vertit
1095 5085 1394 5153 Boethius,
1451 5087 1938 5158 praedicameniis:

226 5184 480 5234 tamen
514 5173 670 5244 apud
697 5175 895 5245 ipsum
913 5173 1289 5230 Aristotelem
1312 5177 1535 5247 etapud
1559 5176 1938 5232 Ammonium

220 5267 430 5323 liber
488 5261 830 5318 inscribitur
877 5261 1226 5338 Κατηγορίαι’
1281 5264 1352 5319 de
1395 5264 1718 5336 privatione
1748 5270 1805 5320 et
1837 5265 1939 5320 ha-

219 5357 406 5414 bitu
442 5351 568 5423 agit
618 5368 668 5407 c.
703 5352 790 5420 10,
824 5351 892 5406 de
924 5353 1247 5424 oppositis;
1292 5359 1348 5408 et
1380 5353 1518 5409 alibi
1553 5356 1795 5426 passim.
1828 5355 1940 5409 lbi-

213 5449 411 5504 dem
447 5458 516 5497 ex
542 5441 794 5497 Joannis
825 5458 951 5508 VIII,
988 5442 1075 5510 44,
1121 5442 1470 5514 scripsimus
1499 5460 1571 5499 ex
1599 5446 1839 5515 propriis
1871 5445 1948 5499 lo-

212 5537 493 5612 quitur,
526 5547 629 5602 pro
663 5553 690 5582 α
724 5547 792 5587 ex
821 5531 1038 5602 seipso,
1069 5553 1096 5581 υ
1129 5531 1225 5586 Ἐκ
1253 5534 1358 5584 τῶν
1395 5527 1543 5584 ἴδίων
1596 5529 1777 5602 λαλεῖ,
1826 5551 1940 5590 non

203 5628 342 5704 ἀφ’
393 5619 613 5675 ἑαυτοῦ.

315 5710 474 5770 Col.
526 5709 631 5766 634
683 5710 725 5767 Β
784 5710 870 5767 13.
924 5709 983 5766 Si
1024 5710 1244 5784 quidem
1295 5713 1653 5784 privationes.
1701 5711 1825 5769 Non
1878 5715 1943 5767 ut

559 5843 829 5905 ΡΑτιιοι..
877 5843 988 5906 Gn.
1028 5842 1218 5905 XXX.

2049 4725 2212 4802 ἀργὸν
2273 4727 2359 4781 καὶ
2417 4725 2747 4802 ἀδιάκριτον,
2806 4730 2950 4784 iners
3005 4734 3055 4784 et
3115 4731 3475 4789 indiscretum
3531 4737 3695 4806 quid-

2049 4819 2220 4872 dam:
2269 4834 2449 4889 quare
2495 4818 2776 4873 nimirum
2819 4816 2965 4873 illud
3009 4818 3187 4874 chaos
3219 4822 3372 4890 apud
3405 4821 3695 4895 Ovidium,

2051 4923 2069 4960 ι
2104 4907 2483 4978 Jletamorph.,
2528 4929 2556 4957 (ι
2606 4907 2770 4962 rudis
2818 4906 3159 4979 ingestaque
3209 4909 3411 4966 moles.
3455 4933 3482 4962 »
3518 4912 3697 4970 Paulo

2054 5001 2182 5066 post
2213 4997 2323 5051 sub
2357 4996 2531 5052 tinem
2583 5013 2715 5068 pag.
2760 4990 3075 5067 ἐμϐατεύειν
3125 4994 3305 5051 οὐσίαν
3358 5000 3584 5058 dixerat
3611 5002 3699 5058 in-

2050 5091 2198 5156 torp.
2265 5106 2290 5137 ιι
2339 5086 2527 5157 ipsam
2577 5103 2638 5142 se
2682 5085 2979 5157 ingressos
3023 5085 3417 5144 substantiam
3463 5091 3560 5148 Dei
3601 5093 3695 5163 ja-

2053 5180 2248 5242 ctant;
2283 5197 2308 5224 ››
2344 5175 2443 5230 sed
2476 5175 2737 5230 Graecum
2771 5173 2880 5230 hoc
2911 5175 3151 5230 verbum
3195 5194 3307 5232 non
3349 5177 3699 5250 simpliciter

2051 5263 2408 5334 ingredi,sed
2430 5263 2636 5335 pedem
2668 5262 2966 5333 inferre,et
2984 5265 3151 5335 quasi
3170 5263 3229 5318 in
3262 5266 3697 5336 possessionem

2053 5352 2288 5424 ingredi
2347 5356 2534 5422 sonat,
2597 5356 2660 5407 ut
2714 5350 3172 5422 Colass.n,18:
3234 5354 3302 5406 "A
3358 5353 3434 5425 μή
3463 5353 3694 5430 ἑώρακεν

2055 5435 2392 5512 ἐμϐατεύων
2452 5459 2574 5514 qua!
2656 5458 2766 5496 non
2840 5441 2978 5496 vidit
3033 5441 3364 5498 ambulans.
3424 5444 3698 5520 Budaeus,

2054 5534 2110 5586 in
2142 5547 2330 5587 eorum
2364 5546 2489 5602 qua:
2519 5547 2624 5586 non
2656 5531 3209 5602 vidit,possessionem
3239 5531 3440 5602 pedem
3465 5550 3694 5604 ponens.

2051 5622 2152 5677 Tic
2183 5619 2238 5675 in
2276 5620 2548 5676 Thesauro
2578 5620 2794 5676 citatur
2823 5636 2889 5674 ex
2920 5618 3256 5675 .Ecumenio
3283 5619 3368 5675 vel
3402 5622 3599 5692 potius
3629 5641 3698 5681 ex

2053 5709 2274 5766 Aretha
2333 5711 2391 5766 in
2451 5711 2582 5767 Acta
2636 5712 2812 5782 apost.
2849 5725 2860 5763 :
2923 5707 2978 5759 Ὀ
3020 5705 3214 5780 Κύριος
3248 5707 3275 5762 ὁ
3303 5711 3424 5771 ταῖς
3453 5708 3699 5784 καρδίαις

3335 5846 3413 5907 33
