4128 6216
468 322 624 386 1035

1669 317 1904 379 ΝΟΤΕ
1947 315 2389 378 ΕἮΟΝΤΟΝΙΒ
2435 317 2689 378 ΒϋΟιΕΙ

3721 323 3881 386 1036

464 450 804 530 ἐμϐατεύων.
871 453 1346 526 Chrysostomus,
1394 450 1498 507 lib.
1558 466 1620 506 ιι.
1677 451 1752 506 De
1805 450 2114 506 sacerdotio
2141 451 2196 518 Α
2225 447 2284 503 in
2316 448 2592 505 manibus
2615 449 3034 524 prophetarum
3060 451 3425 510 assimilatus
3449 470 3617 523 sum;
3651 471 3767 512 non
3790 473 3884 514 se-

463 565 520 622 p.
554 547 624 603 45
658 563 671 602 :
705 545 824 617 Οὐχ
855 540 941 597 ἶνα
970 541 1130 603 αὐτὸς
1166 538 1333 614 μάθῃ.
1360 543 1480 601 πῶς
1508 539 1610 615 γὰρ
1643 539 1671 593 6
1719 537 1815 599 τὰς
1862 537 2109 593 ἁπάντων

463 633 685 708 καρδίας
719 627 1072 705 ἒμϐατεῦωνς
1113 652 1140 680 ‹‹
1171 630 1294 687 Non
1328 646 1443 701 quo
1473 630 1600 701 ipse
1631 629 1973 684 edoceatur:
2009 627 2111 699 qui

467 726 622 782 enim
655 723 880 779 edoceri
903 722 1138 777 studeat
1159 719 1230 789 is,
1251 719 1344 774 cui
1367 719 1467 773 uni
1493 717 1830 774 mortalium
1851 717 2113 773 omnium

469 817 644 872 corda
667 818 807 872 sunt
828 813 1026 885 pervia
1046 812 1072 866 ?
1105 834 1134 860 »
1159 812 1364 882 Itaque
1394 826 1511 866 non
1543 809 1796 865 absurde
1819 809 1915 863 hic
1936 809 2116 863 inter-

468 910 729 978 pretatus
757 907 847 960 est
888 899 1222 968 Cornarius,
1271 923 1298 950 «
1342 901 1536 972 Ipsam
1570 899 1668 954 Dei
1710 898 2116 954 universorum

469 995 786 1052 essentiam
821 992 1248 1065 pervestigasse
1278 990 1392 1045 sibi
1425 993 1720 1060 arrogant.
1755 1010 1783 1038 »

534 1102 656 1160 Col.
689 1101 793 1156 544
839 1102 879 1154 C
938 1099 1023 1153 10.
1089 1093 1313 1167 Ὑλικήν
1372 1116 1513 1152 τινα.
1573 1095 1955 1151 Basiliensem
1999 1094 2120 1150 edi-

464 1192 682 1248 tionem
718 1190 812 1245 hic
837 1186 1395 1255 cmendavimus,vel
1421 1185 1615 1258 potius
1639 1183 2122 1257 typographicum

465 1279 692 1358 σφάλμα
738 1277 1130 1345 sustulimus;
1187 1279 1340 1331 recte
1392 1277 1547 1331 enim
1601 1281 1724 1329 erat
1773 1274 1830 1328 in
1877 1273 2123 1330 Veneta,

464 1371 620 1426 unde
640 1369 743 1424 illa
773 1367 1007 1423 videtur
1042 1381 1341 1438 expressa,
1377 1381 1490 1420 non
1514 1359 1716 1431 ἡλίκην
1750 1363 1849 1418 sed
1903 1359 2121 1429 ὑλικήν⁶

467 1459 668 1516 mirari
697 1462 893 1514 tamen
944 1455 1088 1512 satis
1143 1471 1257 1510 non
1313 1470 1552 1527 possum
1595 1453 1750 1508 Bezas
1797 1456 2125 1523 stuporem,

469 1549 566 1621 qui
600 1565 730 1604 cum
766 1548 824 1602 in
859 1545 1204 1617 Stephanaea
1227 1549 1380 1600 recte
1410 1559 1692 1599 excusum
1722 1543 1985 1598 cerneret
2013 1535 2127 1592 ὑλι-

469 1638 796 1706 κήν,ιιιωοῐι
821 1651 890 1690 ex
911 1635 1152 1690 adverso
1176 1633 1358 1689 Graeci
1381 1636 1576 1688 textus
1593 1631 1840 1688 ediderit
1863 1649 1874 1686 :
1916 1649 1938 1678 α
1971 1630 2122 1684 Prsa-

475 1731 740 1797 terquam
774 1724 928 1780 enim
963 1723 1117 1794 quod
1147 1723 1465 1778 essentiam
1515 1721 1613 1777 Dei
1669 1720 1950 1792 cogitabit
1997 1734 2126 1775 esse

2223 537 2481 593 cundum
2543 538 2864 596 essentiam
2921 541 3084 598 visus
3142 559 3297 598 sum.
3359 545 3544 610 Quare
3596 546 3883 616 propheta

2224 643 2456 697 quoque
2489 627 2942 685 similitudinem
2974 647 3037 686 se
3067 631 3209 686 dicit
3238 633 3474 688 vidisse.
3513 655 3532 683 ι

2295 715 2528 771 Οο].546
2547 719 2591 771 Α
2614 718 2669 770 7.
2701 719 2815 774 Non
2837 721 3380 778 enim.Sententiam
3404 722 3672 778 nonnihil
3693 724 3879 781 diver-

2226 821 2351 860 sam
2375 805 2886 879 extuleratinterp.
2906 811 3022 864 Non
3038 826 3101 866 en
3112 812 3190 866 im
3206 813 3254 866 si
3273 813 3609 883 inquirimus
3632 813 3763 886 quid
3783 817 3879 884 sit,

2226 894 2316 951 sed
2337 896 2392 951 si
2421 896 2584 951 illum
2624 911 2739 952 esse
2756 898 3100 968 conﬁtemur,
3131 902 3364 956 salutem
3395 903 3551 958 nobis
3571 913 3884 975 praeparat.

2303 999 2422 1055 Col.
2455 1000 2556 1054 551
2591 1005 2636 1054 Α
2665 1001 2718 1056 3.
2766 1003 2970 1059 Novam
3001 1004 3210 1077 blasph.
3244 1006 3331 1062 Ita
3361 1007 3735 1080 scripsimus,
3764 1027 3881 1066 non

2236 1091 2300 1144 ut
2315 1089 2796 1161 Trapezuntius,«
2818 1108 3026 1148 vanam
3042 1093 3414 1166 blasphemiae
3425 1098 3886 1155 consolationem

2235 1178 2609 1248 excogitans:
2653 1201 2681 1230 »
2731 1181 2964 1237 temetsi
3015 1182 3064 1238 ei
3100 1184 3536 1257 suti'ragabatur
3568 1187 3789 1260 Regius
3817 1189 3890 1256 Il,

2233 1269 2392 1336 κενὴν
2441 1276 2540 1338 τῆς
2597 1268 2948 1349 βλασφημίας
3013 1274 3358 1348 παραμυθίαν
3415 1294 3775 1351 suggerens:
3833 1284 3893 1336 at

2235 1361 2468 1429 Veneta,
2501 1361 2808 1418 Basiliens.
2840 1367 2897 1419 et
2922 1364 3268 1436 Stephanaaa
3291 1368 3505 1437 καινήν,
3527 1391 3556 1418 ‹‹
3587 1385 3827 1440 novam,
3858 1392 3887 1421 ιο

2236 1465 2362 1520 quae
2397 1449 2582 1521 magis
2613 1451 2833 1522 quadat
2877 1453 3054 1509 verbo
3103 1450 3336 1508 ἐπινοεῖν
3373 1474 3388 1524 ;
3438 1462 3502 1512 ut
3529 1462 3737 1529 postea
3765 1477 3893 1511 και-

2236 1537 2332 1606 νήν
2365 1556 2484 1590 τινα
2528 1538 2629 1606 τὴν
2681 1535 2804 1593 ὁδὸν
2851 1536 3206 1616 βλασφημίας
3236 1541 3489 1600 ἐπινοῶν⁶
3523 1547 3624 1602 sed
3658 1546 3716 1602 iu
3763 1549 3893 1603 Ste-

2237 1627 2480 1697 phanaaa
2509 1627 2718 1684 miram
2752 1629 3043 1687 inscitiam
3076 1632 3222 1688 Beza
3251 1650 3417 1692 suam
3459 1637 3652 1707 prodit
3683 1637 3768 1693 sio
3798 1636 3892 1692 in-

2234 1720 2531 1787 tepretans
2563 1734 2618 1788 p.
2651 1718 2783 1773 249:
2821 1740 2849 1769 «
2883 1720 3086 1777 Postea
3135 1723 3260 1794 ipse
3289 1722 3399 1779 sibi
3431 1725 3756 1796 opitulatur
3783 1743 3894 1784 no-

475 1813 818 1888 quantitatis
839 1812 1124 1882 alicujus:
1161 1828 1275 1884 qua
1305 1811 1363 1866 in
1396 1828 1456 1867 re
1487 1827 1622 1866 cum
1654 1809 1866 1865 Graecis
1889 1823 2128 1864 consen-
2157 1820 2205 1886 Β
2234 1821 2370 1860 vum
2405 1804 2783 1876 blasphemiae
2832 1808 3156 1865 remedium
3197 1812 3673 1887 comminiscens,
3727 1817 3888 1886 quod

471 1906 596 1975 tiet,
633 1925 655 1954 ι
691 1902 861 1974 quasi
895 1901 1175 1957 nimirum
1209 1897 1410 1969 ἡλίκην
1438 1900 1697 1972 legisset,
1733 1899 1886 1971 quod
1923 1895 2124 1965 ἡλίκος

472 2016 500 2045 ‹‹
535 1997 820 2065 quantum
855 2014 882 2043 »
917 1994 1102 2060 sonet,
1140 2007 1254 2046 non
1291 1986 1510 2060 ὑλικήν,
1547 2012 1574 2040 ‹‹
1608 1986 1969 2045 materialem
2002 1987 2124 2042 sive

469 2096 808 2154 corpoream
841 2079 1272 2135 substantiam:
1314 2101 1342 2128 »
1373 2078 1504 2134 vide
1536 2077 1690 2132 infra
1733 2080 1851 2136 ταῖς
1907 2072 2122 2136 ὑλικαῖς

470 2168 784 2245 φαντασίαις
821 2167 916 2229 τὰς
949 2167 1071 2240 περὶ
1107 2171 1260 2222 Θεοῦ.
1299 2166 1670 2236 Plutarchus,
1701 2165 1802 2221 lib.
1838 2183 1854 2220 ι
1888 2170 1968 2222 De
1995 2166 2122 2236 pla-

465 2262 589 2316 citis
609 2259 941 2332 philosoph.,
967 2273 1016 2314 c.
1049 2259 1104 2328 7,
1139 2257 1315 2313 tradit
1334 2256 1836 2313 Anaximandrum
1866 2254 2123 2311 voluisse

463 2347 591 2410 τοὺς
621 2345 843 2420 ἀστέρας
873 2344 1156 2422 οὐρανίους
1189 2344 1366 2411 θεούς,
1400 2368 1427 2395 ‹‹
1462 2345 1720 2402 caelestes
1736 2361 1863 2401 esse
1884 2345 2060 2411 deos;
2090 2365 2118 2394 »

467 2439 864 2495 Democritum
899 2436 1172 2492 docuisse
1201 2439 1326 2489 νοῦν
1355 2435 1448 2489 τὸν
1486 2434 1612 2488 Θεὸν
1656 2430 1992 2507 ἐμπυροιιδῆ
2020 2433 2120 2501 τήν

466 2531 562 2581 me
591 2527 802 2598 κόσμου
834 2525 1040 2599 ψυχήν,
1081 2545 1102 2574 ι
1141 2526 1320 2580 Deum
1355 2525 1415 2579 in
1449 2524 1620 2597 ignea
1652 2524 1866 2596 specie,
1918 2523 2125 2578 mundi

471 2617 768 2684 animam;
809 2639 829 2666 ι
862 2614 1088 2671 Stoicos
1119 2613 1246 2668 Θεὸν
1287 2612 1673 2691 ἀποφαίνεσθαι
1712 2616 1818 2686 πῦρ
1873 2611 2125 2687 τεχνικὸν

471 2703 581 2778 ὁδῷ
616 2701 833 2780 βαδίζον
869 2703 955 2758 ἐπὶ
987 2704 1186 2779 γένεσιν
1215 2704 1485 2775 κόσμου,‹‹
1519 2703 1719 2776 Ignem
1740 2703 2120 2759 artificiosum

471 2797 564 2854 via
593 2795 1020 2867 ingredientem
1054 2811 1119 2849 ac
1151 2793 1358 2849 mundi
1391 2793 1854 2865 procreationem
1881 2810 1894 2860 ;
1929 2813 1956 2843 »
1993 2792 2126 2864 Epi-

471 2901 677 2942 curum
746 2884 1000 2954 denique
1059 2877 1476 2956 ἀνθρωποειδεῖς
1517 2879 1715 2942 πάντας
1761 2878 1887 2942 τοὺς
1945 2879 2121 2950 θεούς,

473 2995 494 3024 ι
529 2974 808 3032 omnibus
854 2972 968 3029 diis
1016 2971 1341 3028 humanam
1390 2971 1640 3028 formam
1693 2970 1972 3038 tribuere,
2007 2975 2127 3027 «ut

471 3064 739 3121 solebant
770 3062 948 3118 etiam
982 3061 1201 3118 ethnici
1233 3065 1435 3133 postea.

2233 1893 2637 1950 antecedentia
2685 1896 3000 1952 contendat
3056 1900 3476 1970 posterioribus
3505 1903 3823 1961 occultare.
3859 1926 3889 1954 ››

2232 1984 2540 2055 Ignorasse
2559 1985 2794 2040 videtur
2822 1986 2963 2058 quid
2997 1986 3076 2042 sit
3099 1985 3542 2062 ἐπαγωνίζεσθαι,
3569 2010 3685 2048 non
3714 2016 3740 2045 «
3764 1995 3892 2066 opi-

2231 2072 2429 2140 tulari,
2456 2095 2484 2124 »
2519 2075 2618 2129 sed
2653 2097 2679 2124 «
2730 2079 2970 2141 certare,
3026 2097 3052 2126 »
3097 2081 3154 2132 et
3201 2076 3563 2153 ἀποκρύπτειν
3606 2082 3702 2138 hic
3730 2082 3893 2138 idem

2231 2162 2604 2234 valere,quod
2631 2166 2877 2232 νικᾷν,υι
2897 2165 3052 2236 apud
3071 2167 3342 2222 eumdem
3369 2169 3648 2225 Basilium
3671 2169 3834 2226 hom.
3857 2173 3892 2226 9

2229 2252 2291 2306 in
2324 2253 2582 2308 Hexaem.
2630 2251 2693 2308 Λὶ
2746 2247 2802 2306 δὲ
2832 2253 3168 2327 προγνώσεις
3197 2259 3304 2309 τῶν
3339 2254 3555 2331 ἀλόγων
3590 2259 3740 2326 ζώων
3783 2266 3894 2329 τῆς

2231 2339 2355 2414 περὶ
2397 2339 2490 2394 τὸν
2541 2339 2673 2416 ἀέρα
2719 2335 3030 2413 μεταϐολῆς
3061 2342 3219 2398 ποίαν
3251 2341 3378 2419 οὐχὶ
3411 2344 3618 2400 σύνεσιν
3651 2345 3894 2423 λογικὴν

2231 2428 2667 2504 ἀποκρύπτουσιν
2696 2448 2710 2499 ;
2735 2453 2763 2481 ‹‹
2788 2432 3181 2490 Przenotiones
3203 2439 3396 2491 autem
3421 2436 3728 2494 brutorum
3753 2441 3896 2496 ani-

2235 2519 2478 2576 malium
2497 2519 2842 2577 mutationis
2856 2521 3008 2577 aeris
3027 2539 3200 2594 quam
3219 2522 3538 2581 humanam
3561 2527 3900 2600 intelligen-

2233 2609 2376 2664 tiam
2396 2612 2452 2664 et
2474 2609 2846 2680 prudentiam
2866 2627 2980 2666 non
3006 2613 3333 2683 superant?
3357 2636 3377 2666 ι
3405 2614 3686 2671 Caeterum
3707 2617 3898 2673 Joan-

2234 2697 2326 2753 nis
2357 2715 2472 2766 xw,
2504 2697 2852 2770 9,scriptum
2876 2703 2985 2770 est,
3009 2697 3214 2773 ἑώρακε
3249 2700 3339 2754 τὸν
3373 2702 3756 2775 Πατὲραβίιίἰι
3775 2708 3893 2762 Pa-

2234 2790 2374 2841 trem
2407 2804 2420 2842 :
2455 2791 2514 2841 at
2541 2786 2707 2842 Joan.
2742 2788 2950 2857 311,45:
2985 2794 3176 2862 θεωρεῖ
3203 2788 3294 2843 τὸν
3325 2791 3609 2864 πέμψαντά
3638 2813 3726 2864 με,
3740 2796 3896 2852 videt

2232 2891 2356 2931 eum
2385 2878 2482 2947 qui
2508 2876 2663 2930 misit
2691 2892 2808 2932 me:
2847 2893 2975 2949 quis
3017 2879 3132 2934 duo
3173 2879 3300 2936 loca
3336 2881 3575 2938 miscuit
3602 2883 3892 2941 Basilius.

2303 2979 2423 3037 Col.
2451 2981 2560 3035 552
2588 2981 2629 3035 B
2652 2981 2707 3036 9.
2741 2980 2827 3036 'Ev
2864 2979 3033 3054 μέσῳ.
3082 2984 3421 3042 Mendosam
3452 2986 3758 3045 lectionem
3796 3008 3895 3048 se-

2233 3075 2405 3126 cutus
2426 3069 2742 3126 Cornarius
2773 3072 2993 3140 edidit;
3029 3093 3058 3122 ‹‹
3089 3073 3185 3130 Sic
3210 3074 3270 3129 in
3295 3076 3486 3133 medio
3515 3077 3708 3148 sigillo
3725 3082 3896 3151 ejus,

537 3169 684 3226 Ibid.
719 3170 805 3223 12,
861 3170 900 3223 Α
953 3170 1156 3225 lumbis
1200 3185 1440 3223 sursum.
1503 3167 1626 3226 Non
1677 3183 1856 3239 supra
1886 3166 2120 3257 lumbos
2152 3189 2194 3257 Ο
2234 3160 2334 3257 qui
2357 3159 2630 3257 signavit,
2661 3161 2850 3257 figura
2876 3162 3252 3233 conspicitur.
3282 3165 3486 3221 nldem
3509 3174 3745 3257 erraret
3779 3171 3895 3226 Ve-

465 3263 721 3324 tantum,
756 3262 820 3313 ut
848 3257 1135 3328 scriptum
1167 3260 1292 3312 erat
1322 3260 1494 3311 antea
1514 3273 1649 3311 nam
1673 3259 1731 3310 et
1750 3257 1830 3311 ita
1853 3256 2120 3312 Ezechie-

470 3349 544 3406 lis
575 3363 696 3413 VIII,
729 3350 784 3402 2.
813 3346 1065 3419 legitur:
1100 3344 1197 3398 Καὶ
1250 3340 1409 3411 εἶδον,
1441 3341 1531 3396 καὶ
1577 3339 1695 3396 ἰδοὺ
1747 3343 2005 3416 ὁμοίωμα
2051 3345 2125 3406 ὡς

477 3435 618 3498 εἶδος
674 3432 869 3508 ἀνδρὸς
927 3434 1031 3487 ἀπὸ
1087 3440 1186 3502 τῆς
1239 3431 1437 3508 ὀσφύος
1494 3431 1658 3485 αὐτοῦ
1706 3431 1792 3485 καὶ
1827 3431 1931 3495 ἓως
1976 3434 2123 3487 κάτω

479 3530 610 3600 πῦρ,
661 3522 749 3578 καὶ
803 3522 907 3576 ἀπὸ
959 3528 1058 3592 τῆς
1109 3520 1306 3599 ὀσφύος
1340 3520 1505 3575 αὐτοῦ
1537 3520 1784 3594 ὑπεράνω
1814 3520 1998 3590 αὐτοῦ,
2049 3523 2123 3585 ὡς

483 3611 626 3676 εἶδος
659 3611 949 3686 ἠλέκτρουο
987 3616 1048 3668 Et
1078 3612 1208 3680 vidi,
1233 3617 1286 3668 et
1315 3627 1433 3667 ecce
1452 3610 1758 3666 similitudo
1789 3612 1900 3667 viri
1925 3629 1961 3668 α
1991 3613 2128 3668 lum-

481 3707 548 3762 bo
576 3705 694 3772 eius
724 3710 778 3759 et
804 3719 976 3774 usque
1002 3702 1253 3758 deorsum
1282 3702 1456 3775 ignis,
1505 3705 1556 3757 et
1583 3717 1620 3756 α
1662 3701 1834 3757 lumbo
1878 3702 2014 3772 ejus,
2075 3707 2128 3758 et

478 3809 647 3868 supra
676 3809 822 3860 cum,
851 3793 1014 3864 quasi
1039 3793 1243 3864 species
1271 3791 1475 3847 electri.
1507 3790 1658 3847 Citat
1688 3792 1960 3847 eumdem
1993 3809 2124 3864 pro-

474 3885 662 3957 phetae
692 3883 885 3940 locum
918 3881 1095 3937 simili
1125 3881 1429 3937 occasione
1460 3882 1518 3937 S.
1541 3880 2122 3954 Joan.Chrysost.lib.

473 3991 536 4030 Iu
585 3975 658 4029 De
705 3971 1252 4044 zucomprehensibili
1307 3971 1407 4026 Dei
1459 3978 1688 4039 natura,
1752 3987 1806 4042 p.
1839 3972 1980 4026 361:
2019 3970 2122 4025 Καὶ

475 4062 608 4134 μετὰ
637 4064 801 4116 ταῦτα
828 4059 1003 4116 πάντα
1038 4056 1377 4135 βουλόμενος
1409 4055 1595 4131 δεῖξαι,
1627 4059 1709 4111 δτι
1752 4054 1876 4111 οὔτε
1908 4059 1935 4111 6
1986 4078 2121 4133 προ-

467 4152 647 4229 φήτης
699 4147 821 4204 οὔτε
863 4149 917 4203 αὶ
969 4145 1227 4222 δυνάμεις
1278 4147 1478 4202 ἐκεῖναι
1524 4145 1739 4221 ἀκράτῳ
1777 4142 2120 4220 προσέϐαλον

463 4239 599 4312 αὐτῇ
621 4238 688 4313 τῇ
717 4237 889 4310 οὐσίᾳ,
924 4236 1106 4316 φησίν⁶
1141 4236 1292 4308 Αὕτη
1326 4239 1360 4306 ἡ
1396 4235 1582 4312 ὅρασις
1610 4235 1940 4308 ὁμοιότητος
1962 4233 2124 4306 δόξης

463 4329 686 4402 Κυρίου“
723 4352 748 4379 ι(
775 4330 910 4384 Post
939 4329 1063 4384 haec
1095 4345 1227 4384 cum
1262 4327 1430 4384 vellet
1461 4327 1785 4398 exprimere
1807 4344 1913 4382 nec
1936 4345 1968 4381 a
1988 4343 2121 4399 pro-

467 4419 662 4490 pheta,
696 4435 800 4474 nec
824 4435 856 4474 a
880 4418 1199 4474 virtutibus
1228 4417 1344 4473 illis
1368 4433 1589 4472 meram
1619 4415 1810 4488 ipsam
1843 4417 2119 4472 substan-

465 4507 611 4562 tiam
644 4507 884 4578 percipi,
915 4506 1059 4562 illud
1094 4507 1359 4562 addidit:
1397 4507 1524 4561 Haec
1541 4504 1687 4560 visio
1710 4504 2120 4563 similitudinis

2234 3251 2377 3304 netis
2407 3249 2546 3303 edit.
2580 3252 2638 3303 et
2661 3249 3081 3321 Stephanmam
3109 3267 3222 3323 quo
3255 3267 3316 3309 se
3336 3257 3532 3311 tamen
3553 3255 3896 3316 immunem

2233 3336 2504 3409 praestitit
2532 3337 2731 3406 Beza,«
2764 3338 2857 3394 Sic
2887 3337 2947 3393 in
2979 3339 3107 3412 ipsa
3133 3356 3263 3412 quae
3291 3342 3469 3414 sigilli
3491 3344 3898 3418 impressione

2233 3425 2499 3482 redditur
2523 3426 2728 3497 ﬁgura,
2762 3428 3021 3484 cernitur
3049 3429 3350 3488 character
3377 3433 3553 3504 quiin
3573 3435 3739 3492 illam
3766 3438 3898 3496 im-

2233 3514 2519 3587 pressit.»
2541 3514 2738 3571 Graaee
2771 3515 2926 3572 enim
2959 3515 3078 3573 illic
3106 3523 3195 3574 est
3224 3519 3252 3574 ὁ
3280 3520 3531 3584 τυπώσας
3562 3528 3899 3598 χαρακτήρ,

2235 3609 2301 3660 ut
2328 3603 2471 3676 legit
2501 3604 2675 3660 etiam
2705 3605 3269 3678 Trapezuntius,non
3302 3615 3367 3666 ut
3396 3612 3612 3668 habent
3641 3615 3902 3690 reliqua

2235 3693 2542 3765 editiones,
2575 3693 2604 3747 6
2629 3696 2725 3748 τοῦ
2753 3695 3124 3758 τυπώσαντος.
3154 3698 3570 3772 Corrigendum
3598 3702 3791 3774 igitur
3821 3723 3900 3762 ex

2233 3785 2409 3856 Regio
2441 3801 2552 3840 ms.
2586 3789 2651 3839 H.
2685 3782 2858 3847 οὕτως
2888 3784 2940 3839 ἐν
2973 3787 3070 3858 μὶν
3099 3792 3176 3860 τῷ
3207 3787 3901 3865 ἀποσφραγίσματιΡευὶο

2235 3881 2368 3948 post
2398 3877 2630 3948 scripsi,
2682 3900 2710 3928 «
2770 3895 2897 3950 quae
2947 3880 3119 3936 estin
3151 3886 3396 3954 utroque
3427 3883 3831 3958 identit—atem,
3873 3912 3903 3940 κ

2234 3982 2348 4021 non
2383 3970 2445 4021 ut
2473 3967 2919 4039 Trapezuntius,
2952 3991 2980 4019 «
3010 3970 3068 4025 in
3099 3974 3345 4043 utroque
3371 3972 3902 4046 similitudinem,»

2233 4071 2348 4110 non
2379 4055 2536 4109 enim
2587 4053 2890 4126 ὁμοιότητα
2937 4058 3104 4128 dixit,
3159 4060 3259 4115 sed
3305 4060 3628 4132 ταυτότητα’
3664 4066 3905 4124 identi-

2231 4147 2410 4199 tatem
2443 4159 2677 4215 quoque
2707 4144 2853 4200 dixit
2867 4145 3200 4217 Carnarius,
3221 4166 3328 4206 nec
3347 4151 3656 4210 abhorruit
3674 4157 3750 4211 ab
3777 4157 3900 4214 hac

2231 4233 2481 4289 dictione
2511 4238 2576 4288 ut
2605 4233 2769 4290 Beza.
2796 4257 2824 4286 ‹‹
2854 4234 3030 4292 Nobis
3060 4237 3325 4295 videlicet
3354 4243 3618 4300 eamdem
3651 4248 3900 4302 utrobi-

2232 4339 2345 4395 que
2368 4323 2616 4379 t‘ormam
2639 4325 3159 4396 comparantibus:
3192 4349 3220 4377 »
3252 4345 3441 4402 neque
3470 4332 3765 4390 dubitavit
3823 4337 3898 4392 Η.

2229 4410 2583 4484 Stephanus,
2630 4412 2689 4467 in
2740 4412 3027 4482 Thesauro,
3074 4432 3142 4471 ex
3194 4418 3508 4476 Aristotele
3551 4423 3902 4496 proferens,

2230 4501 2473 4557 Ethicor.
2505 4501 2562 4570 6,
2593 4516 2792 4557 vocem
2822 4503 3109 4575 ταυτότης,
3155 4505 3369 4563 addere
3401 4531 3429 4559 «
3460 4512 3626 4582 quasi
3660 4513 3907 4572 dicere:

467 4568 663 4668 gloria;
688 4568 914 4651 Domini
938 4614 952 4665 ;
979 4617 1006 4646 »
1041 4595 1141 4651 ubi
1171 4596 1345 4652 verba
1376 4594 1669 4667 propheta:
1693 4595 1912 4667 profert
1932 4599 1997 4649 ut
2018 4597 2119 4652 Ba-
2148 4568 2196 4632 D
2226 4589 2506 4646 identitas.
2539 4568 2567 4642 ὲ)
2602 4590 2992 4650 Doctissimus
3023 4568 3227 4652 Dillius
3258 4599 3414 4668 apud
3445 4568 3738 4656 Isidorum

469 4685 656 4756 silius,
690 4683 795 4738 ἀπὸ
826 4684 1065 4758 ὁράσεως
1112 4683 1311 4761 ὀσφύος
1353 4683 1445 4737 καὶ
1479 4679 1581 4745 ἓως
1613 4681 1814 4740 ἐπάνω.
1849 4689 1911 4739 In
1951 4702 2114 4740 eum-

469 4775 601 4829 dem
632 4773 824 4829 locum
857 4775 1033 4830 etiam
1067 4770 1550 4842 Theodoretus,6'v
1584 4771 1670 4827 ἐπὶ
1700 4776 1806 4827 τῶν
1840 4768 2116 4847 χερουϐὶμ

468 4859 742 4933 ἐθεάσατο,
789 4865 980 4915 τοῦτον
1024 4860 1122 4935 ὁρᾷ
1171 4858 1298 4936 δίχα
1345 4866 1451 4916 τῶν
1504 4856 1797 4936 χερουϐίμ.
1833 4862 1968 4915 ΙΙοτὲ
2016 4862 2108 4933 μὲν

465 4952 568 5028 γὰρ
591 4951 738 5024 αὖτῷ
771 4945 1046 5029 φοϐεφῶς,
1078 4951 1209 5005 ποτέ
1251 4948 1308 5004 δὲ
1347 4949 1569 5026 ἡμέρως
1612 4950 1945 5028 ἑπιφαίνεται
1977 4949 2108 5005 πάν-

460 5062 526 5095 τα
581 5041 717 5117 πρὸς
761 5041 860 5109 τὴν
919 5039 1105 5114 χρείαν
1163 5039 1506 5112 οἷ’κονομῶν.
1565 5040 1741 5096 Αὐτυῦ
1782 5039 1882 5114 γὰρ
1932 5043 2106 5118 φωνή·

459 5131 598 5206 Ἐγὼ
665 5129 875 5206 ὁράσεις
931 5128 1228 5199 ἐπλήθυνα,
1303 5133 1391 5183 καὶ
1465 5129 1515 5184 ἐν
1594 5130 1752 5204 χερσὶ
1808 5134 2103 5208 προφητῶν

454 5221 773 5293 ὡμοιώθηνο
809 5219 868 5275 οὐ
899 5219 1032 5274 κατᾶ
1062 5220 1161 5288 τήν
1205 5217 1385 5274 οὐσίαν
1420 5213 1629 5298 ὤφθην,
1674 5216 1757 5273 διὸ
1787 5219 1877 5273 καὶ
1911 5220 1936 5274 ὁ
1969 5239 2104 5294 προσ

449 5312 628 5386 φήτης
663 5309 923 5382 ὁμοίωμα
956 5307 1103 5383 λέγει
1155 5308 1470 5382 ἑωρακέναι·
1535 5312 1716 5376 Quem
1765 5327 1940 5381 super
1971 5310 2104 5365 che-

444 5398 638 5455 rubim
659 5399 1089 5472 contemplatus
1121 5400 1431 5470 erat,bunc
1455 5399 1609 5455 videt
1638 5400 1860 5471 absque
1888 5400 2099 5455 cheru-

443 5489 895 5544 bim.lnterdum
926 5490 1082 5546 enim
1116 5489 1226 5562 ipsi
1249 5488 1960 5554 formidabilis,interdum
1986 5489 2099 5542 mi-

443 5577 520 5631 tis
562 5581 826 5647 apparet,
859 5579 1058 5634 omnia
1080 5597 1182 5649 pro
1215 5578 1466 5634 utilitate
1495 5579 1870 5650 dispensans.
1904 5578 2098 5649 Ipsius

446 5663 601 5720 enim
635 5663 857 5720 dictum
884 5665 1134 5722 estillud
1164 5685 1176 5723 :
1212 5669 1329 5739 Ego
1348 5666 1600 5725 visiones
1627 5665 2099 5752 multiplicavi,et_

2225 4678 2501 4736 lusiotam
2535 4679 2618 4735 ita
2645 4681 2838 4749 vertit,
2894 4682 3066 4755 epist.
3114 4685 3217 4739 142
3244 4685 3345 4740 lib.
3375 4703 3438 4753 ii,
3475 4688 3618 4744 illud
3647 4707 3661 4745 :
3697 4695 3896 4762 Προσ-

2223 4768 2386 4822 ώπων
2419 4769 2522 4842 γὰρ
2554 4768 2810 4839 ποιότητι
2836 4770 2924 4825 καὶ
2957 4771 3295 4828 ὑποστάσεων
3343 4771 3578 4846 ῗτδιότητι
3627 4775 3899 4836 διαστέλς

2223 4856 2431 4929 λοντες,
2486 4856 2563 4918 εἰς
2619 4854 2711 4912 ἕνα
2763 4857 2926 4914 πάλιν
2989 4859 3350 4936 συπελοῦμεν
3384 4865 3513 4920 Θεὸν
3561 4863 3649 4920 διὰ
3677 4869 3741 4923 τὸ
3779 4878 3893 4941 τῆς

2221 4945 2406 5008 οὐσίας
2433 4945 2652 5001 ταύτόνο
2687 4971 2715 4998 «
2747 4950 3046 5021 Siquidem
3071 4969 3452 5024 personarum
3472 4956 3764 5028 qualitate
3789 4969 3890 5017 at-

2219 5055 2332 5109 que
2363 5037 2754 5109 hypostaseon
2785 5040 3138 5112 proprietate
3168 5042 3600 5117 distinguentes
3630 5057 3892 5122 prepter

2215 5128 2482 5185 essentiaa
2514 5128 2905 5201 identitatem,
2937 5147 3060 5187 eam
3090 5149 3326 5190 rursum
3358 5137 3418 5191 in
3461 5153 3642 5193 unum
3672 5137 3880 5197 Deum

2214 5218 2683 5274 contrahemus.»
2703 5219 2822 5276 Hoc
2843 5221 2892 5276 si
2914 5221 3146 5278 fecisset
3164 5223 3452 5297 interpres
3465 5227 3676 5283 Justini
3700 5229 3878 5286 Lan-

2213 5326 2466 5381 gus,non
2489 5308 2574 5364 ita
2598 5309 2845 5366 obscure
2865 5310 3378 5370 extulissetlocum
3400 5317 3565 5373 illum
3589 5320 3876 5386 Quaestio-

2210 5417 2346 5455 num
2373 5400 2443 5456 ad
2475 5399 2707 5468 Graecos,
2743 5418 2876 5473 pag.
2912 5403 3011 5456 137
3038 5403 3178 5458 edit.
3221 5404 3520 5463 Commel:
3575 5407 3870 5481 Ἀναιρσυ-

2213 5489 2375 5561 μένου
2403 5493 2500 5542 τοῦ
2532 5485 2728 5556 ἄλλου,
2761 5488 2850 5542 καὶ
2895 5488 3090 5560 ἄλλου,
3134 5490 3539 5567 ἀναιρεθήσεται
3585 5494 3634 5564 ἐξ
3690 5497 3873 5574 ἀνάγ-

2206 5598 2306 5648 κης
2331 5580 2392 5632 τὸ
2422 5578 2612 5632 ταύτὸν
2647 5585 2746 5646 τῆς
2775 5579 2961 5642 οὐσίας
3014 5584 3110 5635 τοῦ
3155 5586 3288 5636 Θεοῦ
3346 5583 3561 5652 καὶτῆς
3618 5584 3868 5658 βουλῆς·

2211 5688 2237 5719 α
2267 5667 2390 5724 Alio
2423 5674 2599 5739 atque
2625 5667 2738 5724 alio
2769 5668 3024 5739 sublato,
3077 5669 3315 5730 tolletur
3346 5677 3660 5732 necessario
3697 5683 3769 5734 et
3807 5680 3870 5736 id
