  <div class='ocr_page' id='page_1' title='image "/cluster/home/n/w/nwhite01/storage/ocr_20150623/30/hvd.32044073501827/526.png"; bbox 0 0 4128 6216; ppageno 0'>
   <div class='ocr_carea' id='block_1_1' title="bbox 237 368 388 428">
    <p class='ocr_par' dir='ltr' id='par_1_1' title="bbox 237 368 388 428">
     <span class='ocr_line' id='line_1_1' title="bbox 237 368 388 428; baseline -0.02 0"><span class='ocrx_word' id='word_1_1' title='bbox 237 371 258 428; x_wconf 80' lang='lat' dir='ltr'>l</span> <span class='ocrx_word' id='word_1_2' title='bbox 271 368 388 427; x_wconf 86' lang='lat'><strong>037</strong></span> 
     </span>
    </p>
   </div>
   <div class='ocr_carea' id='block_1_2' title="bbox 1307 355 2568 420">
    <p class='ocr_par' dir='ltr' id='par_1_2' title="bbox 1307 355 2568 420">
     <span class='ocr_line' id='line_1_2' title="bbox 1307 355 2568 420; baseline 0.002 -4"><span class='ocrx_word' id='word_1_3' title='bbox 1307 357 1386 416; x_wconf 86' lang='lat' dir='ltr'>IN</span> <span class='ocrx_word' id='word_1_4' title='bbox 1433 355 1706 416; x_wconf 82' lang='lat' dir='ltr'>LIBROS</span> <span class='ocrx_word' id='word_1_5' title='bbox 1752 358 2064 417; x_wconf 79' lang='lat' dir='ltr'>CONTRA</span> <span class='ocrx_word' id='word_1_6' title='bbox 2115 358 2568 420; x_wconf 83' lang='lat' dir='ltr'>EUNOMIUM.</span> 
     </span>
    </p>
   </div>
   <div class='ocr_carea' id='block_1_3' title="bbox 3485 368 3644 430">
    <p class='ocr_par' dir='ltr' id='par_1_3' title="bbox 3485 368 3644 430">
     <span class='ocr_line' id='line_1_3' title="bbox 3485 368 3644 430; baseline 0.006 -1"><span class='ocrx_word' id='word_1_7' title='bbox 3485 368 3644 430; x_wconf 71' lang='lat'>1038</span> 
     </span>
    </p>
   </div>
   <div class='ocr_carea' id='block_1_4' title="bbox 225 490 3646 576">
    <p class='ocr_par' dir='ltr' id='par_1_4' title="bbox 225 490 3646 576">
     <span class='ocr_line' id='line_1_4' title="bbox 225 490 3646 576; baseline -0.001 -18"><span class='ocrx_word' id='word_1_8' title='bbox 225 502 380 574; x_wconf 88' lang='lat' dir='ltr'>quod</span> <span class='ocrx_word' id='word_1_9' title='bbox 412 501 567 557; x_wconf 90' lang='lat' dir='ltr'>idem</span> <span class='ocrx_word' id='word_1_10' title='bbox 587 499 667 556; x_wconf 89' lang='lat' dir='ltr'>sit</span> <span class='ocrx_word' id='word_1_11' title='bbox 695 495 962 554; x_wconf 67' lang='lat' dir='ltr'>essentiie</span> <span class='ocrx_word' id='word_1_12' title='bbox 992 494 1092 550; x_wconf 85' lang='lat' dir='ltr'>Dei</span> <span class='ocrx_word' id='word_1_13' title='bbox 1122 497 1180 549; x_wconf 88' lang='lat' dir='ltr'>et</span> <span class='ocrx_word' id='word_1_14' title='bbox 1208 490 1552 548; x_wconf 81' lang='lat' dir='ltr'>voluntatis.</span> <span class='ocrx_word' id='word_1_15' title='bbox 1573 513 1600 540; x_wconf 88' lang='grc'><strong>››</strong></span> <span class='ocrx_word' id='word_1_16' title='bbox 1650 490 1878 547; x_wconf 89' lang='lat' dir='ltr'>Clarius</span> <span class='ocrx_word' id='word_1_17' title='bbox 1907 495 1960 560; x_wconf 84' lang='grc' dir='ltr'><strong>Α</strong></span> <span class='ocrx_word' id='word_1_18' title='bbox 1992 496 2074 547; x_wconf 82' lang='lat' dir='ltr'>ter</span> <span class='ocrx_word' id='word_1_19' title='bbox 2098 508 2249 548; x_wconf 82' lang='lat' dir='ltr'>meus</span> <span class='ocrx_word' id='word_1_20' title='bbox 2276 495 2456 566; x_wconf 83' lang='lat' dir='ltr'>major</span> <span class='ocrx_word' id='word_1_21' title='bbox 2482 511 2566 550; x_wconf 88' lang='lat' dir='ltr'>me</span> <span class='ocrx_word' id='word_1_22' title='bbox 2609 499 2692 551; x_wconf 83' lang='lat' dir='ltr'>est</span> <span class='ocrx_word' id='word_1_23' title='bbox 2720 514 2740 552; x_wconf 86' lang='lat'><em>:</em></span> <span class='ocrx_word' id='word_1_24' title='bbox 2773 496 2920 554; x_wconf 94' lang='lat' dir='ltr'>illud</span> <span class='ocrx_word' id='word_1_25' title='bbox 2971 502 3184 570; x_wconf 90' lang='lat' dir='ltr'>autem,</span> <span class='ocrx_word' id='word_1_26' title='bbox 3219 499 3248 553; x_wconf 89' lang='lat'>6</span> <span class='ocrx_word' id='word_1_27' title='bbox 3296 498 3515 574; x_wconf 71' lang='grc' dir='ltr'>πέμψας</span> <span class='ocrx_word' id='word_1_28' title='bbox 3577 523 3646 576; x_wconf 80' lang='grc' dir='ltr'>μι</span> 
     </span>
    </p>
   </div>
   <div class='ocr_carea' id='block_1_5' title="bbox 228 579 1880 658">
    <p class='ocr_par' dir='ltr' id='par_1_5' title="bbox 228 579 1880 658">
     <span class='ocr_line' id='line_1_5' title="bbox 228 579 1880 658; baseline -0.007 -10"><span class='ocrx_word' id='word_1_29' title='bbox 228 593 498 658; x_wconf 85' lang='lat' dir='ltr'>dixisset,</span> <span class='ocrx_word' id='word_1_30' title='bbox 524 612 550 640; x_wconf 88' lang='grc'><em>‹‹</em></span> <span class='ocrx_word' id='word_1_31' title='bbox 587 588 826 644; x_wconf 80' lang='lat' dir='ltr'>tolletur</span> <span class='ocrx_word' id='word_1_32' title='bbox 856 583 1184 640; x_wconf 85' lang='lat' dir='ltr'>necessario</span> <span class='ocrx_word' id='word_1_33' title='bbox 1217 580 1492 637; x_wconf 87' lang='lat' dir='ltr'>identitas</span> <span class='ocrx_word' id='word_1_34' title='bbox 1524 579 1792 636; x_wconf 82' lang='lat' dir='ltr'>essentias</span> <span class='ocrx_word' id='word_1_35' title='bbox 1827 585 1880 636; x_wconf 88' lang='lat' dir='ltr'>et</span> 
     </span>
    </p>
   </div>
   <div class='ocr_carea' id='block_1_6' title="bbox 2000 581 3647 660">
    <p class='ocr_par' dir='ltr' id='par_1_6' title="bbox 2000 581 3647 660">
     <span class='ocr_line' id='line_1_6' title="bbox 2000 581 3647 660; baseline 0.009 -25"><span class='ocrx_word' id='word_1_36' title='bbox 2000 581 2210 656; x_wconf 75' lang='grc' dir='ltr'>Πατήρ,</span> <span class='ocrx_word' id='word_1_37' title='bbox 2240 582 2492 639; x_wconf 85' lang='lat' dir='ltr'>ascitum</span> <span class='ocrx_word' id='word_1_38' title='bbox 2525 588 2613 640; x_wconf 89' lang='lat' dir='ltr'>est</span> <span class='ocrx_word' id='word_1_39' title='bbox 2644 603 2711 641; x_wconf 84' lang='lat' dir='ltr'>ex</span> <span class='ocrx_word' id='word_1_40' title='bbox 2740 586 2853 643; x_wconf 87' lang='lat' dir='ltr'>alio</span> <span class='ocrx_word' id='word_1_41' title='bbox 2895 589 3144 645; x_wconf 85' lang='lat' dir='ltr'>Joannis</span> <span class='ocrx_word' id='word_1_42' title='bbox 3185 589 3335 660; x_wconf 90' lang='lat' dir='ltr'>loco,</span> <span class='ocrx_word' id='word_1_43' title='bbox 3367 592 3647 650; x_wconf 87' lang='lat' dir='ltr'>nimirum</span> 
     </span>
    </p>
   </div>
   <div class='ocr_carea' id='block_1_7' title="bbox 232 667 1899 753">
    <p class='ocr_par' dir='ltr' id='par_1_7' title="bbox 232 667 1890 746">
     <span class='ocr_line' id='line_1_7' title="bbox 232 667 1890 746; baseline -0.01 -8"><span class='ocrx_word' id='word_1_44' title='bbox 232 680 557 738; x_wconf 86' lang='lat' dir='ltr'>voluntatis</span> <span class='ocrx_word' id='word_1_45' title='bbox 594 678 756 734; x_wconf 81' lang='lat' dir='ltr'>Dei.»</span> <span class='ocrx_word' id='word_1_46' title='bbox 787 676 878 732; x_wconf 89' lang='lat' dir='ltr'>Sic</span> <span class='ocrx_word' id='word_1_47' title='bbox 909 675 966 730; x_wconf 88' lang='lat' dir='ltr'>in</span> <span class='ocrx_word' id='word_1_48' title='bbox 993 674 1343 746; x_wconf 75' lang='lat' dir='ltr'>Expositione</span> <span class='ocrx_word' id='word_1_49' title='bbox 1375 671 1522 743; x_wconf 79' lang='lat' dir='ltr'>ﬁdei,</span> <span class='ocrx_word' id='word_1_50' title='bbox 1554 687 1609 742; x_wconf 90' lang='lat' dir='ltr'>p.</span> <span class='ocrx_word' id='word_1_51' title='bbox 1636 670 1742 724; x_wconf 80' lang='lat'>296</span> <span class='ocrx_word' id='word_1_52' title='bbox 1770 687 1782 724; x_wconf 90' lang='lat'>:</span> <span class='ocrx_word' id='word_1_53' title='bbox 1811 667 1890 724; x_wconf 86' lang='lat' dir='ltr'>T6</span> 
     </span>
    </p>
   </div>
   <div class='ocr_carea' id='block_1_8' title="bbox 2010 667 3648 753">
    <p class='ocr_par' dir='ltr' id='par_1_8' title="bbox 2010 671 3648 753">
     <span class='ocr_line' id='line_1_8' title="bbox 2010 671 3648 753; baseline 0.007 -29"><span class='ocrx_word' id='word_1_54' title='bbox 2010 671 2084 725; x_wconf 79' lang='lat' dir='ltr'>vel</span> <span class='ocrx_word' id='word_1_55' title='bbox 2147 688 2213 726; x_wconf 87' lang='lat' dir='ltr'>ex</span> <span class='ocrx_word' id='word_1_56' title='bbox 2268 672 2438 728; x_wconf 85' lang='lat' dir='ltr'>Joan.</span> <span class='ocrx_word' id='word_1_57' title='bbox 2469 691 2594 738; x_wconf 85' lang='lat' dir='ltr'>vm,</span> <span class='ocrx_word' id='word_1_58' title='bbox 2628 676 2695 729; x_wconf 87' lang='lat'><strong>16</strong></span> <span class='ocrx_word' id='word_1_59' title='bbox 2729 694 2741 731; x_wconf 91' lang='lat'>:</span> <span class='ocrx_word' id='word_1_60' title='bbox 2776 677 2898 732; x_wconf 86' lang='grc' dir='ltr'>Ὅτι</span> <span class='ocrx_word' id='word_1_61' title='bbox 2961 675 3127 750; x_wconf 82' lang='grc' dir='ltr'>μόνος</span> <span class='ocrx_word' id='word_1_62' title='bbox 3186 677 3284 732; x_wconf 81' lang='grc' dir='ltr'>οὐκ</span> <span class='ocrx_word' id='word_1_63' title='bbox 3335 677 3473 753; x_wconf 74' lang='grc' dir='ltr'>εἰμὶ,</span> <span class='ocrx_word' id='word_1_64' title='bbox 3522 679 3648 736; x_wconf 82' lang='grc' dir='ltr'>ἀλλ’</span> 
     </span>
    </p>
   </div>
   <div class='ocr_carea' id='block_1_9' title="bbox 234 759 1891 839">
    <p class='ocr_par' dir='ltr' id='par_1_9' title="bbox 234 759 1891 839">
     <span class='ocr_line' id='line_1_9' title="bbox 234 759 1891 839; baseline -0.011 -13"><span class='ocrx_word' id='word_1_65' title='bbox 234 769 429 826; x_wconf 66' lang='grc' dir='ltr'>ταύτὸν</span> <span class='ocrx_word' id='word_1_66' title='bbox 460 772 559 834; x_wconf 77' lang='grc' dir='ltr'>τῆς</span> <span class='ocrx_word' id='word_1_67' title='bbox 592 765 778 826; x_wconf 77' lang='grc' dir='ltr'>οὐσίας</span> <span class='ocrx_word' id='word_1_68' title='bbox 809 762 1265 839; x_wconf 66' lang='grc' dir='ltr'>ἐπαγγειλάμενοι</span> <span class='ocrx_word' id='word_1_69' title='bbox 1308 759 1517 830; x_wconf 79' lang='grc' dir='ltr'>δείξεινο</span> <span class='ocrx_word' id='word_1_70' title='bbox 1553 785 1571 809; x_wconf 78' lang='grc' dir='ltr'>α</span> <span class='ocrx_word' id='word_1_71' title='bbox 1607 760 1749 816; x_wconf 86' lang='lat' dir='ltr'>Cum</span> <span class='ocrx_word' id='word_1_72' title='bbox 1783 775 1891 815; x_wconf 80' lang='lat' dir='ltr'>nos</span> 
     </span>
    </p>
   </div>
   <div class='ocr_carea' id='block_1_10' title="bbox 239 849 1894 926">
    <p class='ocr_par' dir='ltr' id='par_1_10' title="bbox 239 849 1894 926">
     <span class='ocr_line' id='line_1_10' title="bbox 239 849 1894 926; baseline -0.009 -10"><span class='ocrx_word' id='word_1_73' title='bbox 239 861 750 916; x_wconf 88' lang='lat' dir='ltr'>demonstraturos</span> <span class='ocrx_word' id='word_1_74' title='bbox 764 853 1160 926; x_wconf 84' lang='lat' dir='ltr'>receperimus</span> <span class='ocrx_word' id='word_1_75' title='bbox 1178 850 1463 906; x_wconf 87' lang='lat' dir='ltr'>unitatem</span> <span class='ocrx_word' id='word_1_76' title='bbox 1483 849 1605 905; x_wconf 85' lang='lat' dir='ltr'>sive</span> <span class='ocrx_word' id='word_1_77' title='bbox 1622 849 1894 904; x_wconf 84' lang='lat' dir='ltr'>identita-</span> 
     </span>
    </p>
   </div>
   <div class='ocr_carea' id='block_1_11' title="bbox 238 937 1892 1012">
    <p class='ocr_par' dir='ltr' id='par_1_11' title="bbox 238 937 1892 1012">
     <span class='ocr_line' id='line_1_11' title="bbox 238 937 1892 1012; baseline -0.01 -6"><span class='ocrx_word' id='word_1_78' title='bbox 238 955 358 1005; x_wconf 89' lang='lat' dir='ltr'>tem</span> <span class='ocrx_word' id='word_1_79' title='bbox 392 946 660 1004; x_wconf 69' lang='lat' dir='ltr'>essentia:</span> <span class='ocrx_word' id='word_1_80' title='bbox 691 943 1015 1000; x_wconf 83' lang='lat' dir='ltr'>Trinitatis.</span> <span class='ocrx_word' id='word_1_81' title='bbox 1051 964 1079 992; x_wconf 83' lang='lat'>»</span> <span class='ocrx_word' id='word_1_82' title='bbox 1113 940 1418 1012; x_wconf 80' lang='lat' dir='ltr'>Reperitur</span> <span class='ocrx_word' id='word_1_83' title='bbox 1447 943 1505 994; x_wconf 89' lang='lat' dir='ltr'>et</span> <span class='ocrx_word' id='word_1_84' title='bbox 1527 939 1680 1010; x_wconf 89' lang='lat' dir='ltr'>apud</span> <span class='ocrx_word' id='word_1_85' title='bbox 1716 937 1892 993; x_wconf 83' lang='lat' dir='ltr'>Isido-</span> 
     </span>
    </p>
   </div>
   <div class='ocr_carea' id='block_1_12' title="bbox 241 1024 1894 1107">
    <p class='ocr_par' dir='ltr' id='par_1_12' title="bbox 241 1024 1894 1107">
     <span class='ocr_line' id='line_1_12' title="bbox 241 1024 1894 1107; baseline -0.011 -13"><span class='ocrx_word' id='word_1_86' title='bbox 241 1055 398 1107; x_wconf 90' lang='lat' dir='ltr'>rum,</span> <span class='ocrx_word' id='word_1_87' title='bbox 433 1037 536 1092; x_wconf 86' lang='lat' dir='ltr'>lib.</span> <span class='ocrx_word' id='word_1_88' title='bbox 570 1052 645 1105; x_wconf 81' lang='lat' dir='ltr'>IV,</span> <span class='ocrx_word' id='word_1_89' title='bbox 677 1033 847 1105; x_wconf 82' lang='lat' dir='ltr'>epist.</span> <span class='ocrx_word' id='word_1_90' title='bbox 877 1032 1008 1097; x_wconf 81' lang='grc'>228,</span> <span class='ocrx_word' id='word_1_91' title='bbox 1040 1047 1148 1086; x_wconf 80' lang='lat' dir='ltr'>vox</span> <span class='ocrx_word' id='word_1_92' title='bbox 1196 1026 1485 1096; x_wconf 70' lang='grc' dir='ltr'>ταυτότης.</span> <span class='ocrx_word' id='word_1_93' title='bbox 1511 1027 1624 1079; x_wconf 83' lang='grc' dir='ltr'>Ἵνα</span> <span class='ocrx_word' id='word_1_94' title='bbox 1726 1043 1894 1098; x_wconf 83' lang='grc' dir='ltr'>παρα-</span> 
     </span>
    </p>
   </div>
   <div class='ocr_carea' id='block_1_13' title="bbox 241 1113 1892 1202">
    <p class='ocr_par' dir='ltr' id='par_1_13' title="bbox 241 1113 1892 1202">
     <span class='ocr_line' id='line_1_13' title="bbox 241 1113 1892 1202; baseline -0.008 -21"><span class='ocrx_word' id='word_1_95' title='bbox 241 1125 526 1202; x_wconf 75' lang='grc' dir='ltr'>δείγματα,</span> <span class='ocrx_word' id='word_1_96' title='bbox 556 1123 646 1178; x_wconf 82' lang='grc' dir='ltr'>καὶ</span> <span class='ocrx_word' id='word_1_97' title='bbox 700 1123 776 1194; x_wconf 77' lang='grc' dir='ltr'>μὴ</span> <span class='ocrx_word' id='word_1_98' title='bbox 823 1119 1090 1189; x_wconf 78' lang='grc' dir='ltr'>ταυτότης</span> <span class='ocrx_word' id='word_1_99' title='bbox 1149 1115 1255 1188; x_wconf 77' lang='grc' dir='ltr'>εἷή·</span> <span class='ocrx_word' id='word_1_100' title='bbox 1291 1142 1318 1168; x_wconf 86' lang='grc'><em>‹‹</em></span> <span class='ocrx_word' id='word_1_101' title='bbox 1354 1118 1427 1174; x_wconf 92' lang='lat' dir='ltr'>Ut</span> <span class='ocrx_word' id='word_1_102' title='bbox 1458 1117 1572 1172; x_wconf 85' lang='lat' dir='ltr'>sint</span> <span class='ocrx_word' id='word_1_103' title='bbox 1605 1113 1892 1186; x_wconf 76' lang='lat' dir='ltr'>exempla,</span> 
     </span>
    </p>
   </div>
   <div class='ocr_carea' id='block_1_14' title="bbox 239 1205 1894 1274">
    <p class='ocr_par' dir='ltr' id='par_1_14' title="bbox 239 1205 1894 1274">
     <span class='ocr_line' id='line_1_14' title="bbox 239 1205 1894 1274; baseline -0.01 0"><span class='ocrx_word' id='word_1_104' title='bbox 239 1224 298 1274; x_wconf 89' lang='lat' dir='ltr'>et</span> <span class='ocrx_word' id='word_1_105' title='bbox 329 1234 443 1272; x_wconf 89' lang='lat' dir='ltr'>non</span> <span class='ocrx_word' id='word_1_106' title='bbox 478 1215 560 1271; x_wconf 85' lang='lat' dir='ltr'>rei</span> <span class='ocrx_word' id='word_1_107' title='bbox 592 1214 871 1270; x_wconf 86' lang='lat' dir='ltr'>identitas</span> <span class='ocrx_word' id='word_1_108' title='bbox 901 1213 1120 1267; x_wconf 80' lang='lat' dir='ltr'>evadat.</span> <span class='ocrx_word' id='word_1_109' title='bbox 1156 1234 1177 1262; x_wconf 77' lang='grc' dir='ltr'>ι</span> <span class='ocrx_word' id='word_1_110' title='bbox 1224 1208 1488 1264; x_wconf 87' lang='lat' dir='ltr'>Bessario</span> <span class='ocrx_word' id='word_1_111' title='bbox 1519 1207 1760 1262; x_wconf 89' lang='lat' dir='ltr'>demum</span> <span class='ocrx_word' id='word_1_112' title='bbox 1795 1205 1894 1260; x_wconf 88' lang='lat' dir='ltr'>Ni-</span> 
     </span>
    </p>
   </div>
   <div class='ocr_carea' id='block_1_15' title="bbox 242 1297 1893 1378">
    <p class='ocr_par' dir='ltr' id='par_1_15' title="bbox 242 1297 1893 1378">
     <span class='ocr_line' id='line_1_15' title="bbox 242 1297 1893 1378; baseline -0.005 -15"><span class='ocrx_word' id='word_1_113' title='bbox 242 1323 443 1363; x_wconf 62' lang='lat' dir='ltr'>canus</span> <span class='ocrx_word' id='word_1_114' title='bbox 475 1305 629 1378; x_wconf 88' lang='lat' dir='ltr'>apud</span> <span class='ocrx_word' id='word_1_115' title='bbox 666 1301 1066 1372; x_wconf 83' lang='lat' dir='ltr'>Aristotelem,</span> <span class='ocrx_word' id='word_1_116' title='bbox 1100 1299 1201 1354; x_wconf 88' lang='lat' dir='ltr'>lib.</span> <span class='ocrx_word' id='word_1_117' title='bbox 1235 1316 1311 1365; x_wconf 78' lang='grc' dir='ltr'>ιν,</span> <span class='ocrx_word' id='word_1_118' title='bbox 1345 1315 1395 1353; x_wconf 91' lang='lat' dir='ltr'>c.</span> <span class='ocrx_word' id='word_1_119' title='bbox 1428 1298 1462 1351; x_wconf 89' lang='lat'>9</span> <span class='ocrx_word' id='word_1_120' title='bbox 1493 1297 1893 1368; x_wconf 78' lang='lat' dir='ltr'>Mclaphysico-</span> 
     </span>
    </p>
   </div>
   <div class='ocr_carea' id='block_1_16' title="bbox 241 1383 1890 1462">
    <p class='ocr_par' dir='ltr' id='par_1_16' title="bbox 241 1383 1890 1462">
     <span class='ocr_line' id='line_1_16' title="bbox 241 1383 1890 1462; baseline -0.008 -11"><span class='ocrx_word' id='word_1_121' title='bbox 241 1415 370 1452; x_wconf 80' lang='lat' dir='ltr'>ram</span> <span class='ocrx_word' id='word_1_122' title='bbox 393 1395 466 1451; x_wconf 91' lang='lat' dir='ltr'>ab</span> <span class='ocrx_word' id='word_1_123' title='bbox 499 1396 606 1450; x_wconf 88' lang='lat' dir='ltr'>hac</span> <span class='ocrx_word' id='word_1_124' title='bbox 640 1409 773 1448; x_wconf 85' lang='lat' dir='ltr'>voce</span> <span class='ocrx_word' id='word_1_125' title='bbox 805 1409 915 1447; x_wconf 89' lang='lat' dir='ltr'>non</span> <span class='ocrx_word' id='word_1_126' title='bbox 948 1389 1266 1446; x_wconf 89' lang='lat' dir='ltr'>abstinuit:</span> <span class='ocrx_word' id='word_1_127' title='bbox 1295 1389 1454 1440; x_wconf 81' lang='grc' dir='ltr'>Ὥστε</span> <span class='ocrx_word' id='word_1_128' title='bbox 1485 1383 1832 1462; x_wconf 76' lang='grc' dir='ltr'>φανερὸν,ὅτι</span> <span class='ocrx_word' id='word_1_129' title='bbox 1856 1387 1890 1454; x_wconf 77' lang='grc' dir='ltr'>ἡ</span> 
     </span>
    </p>
   </div>
   <div class='ocr_carea' id='block_1_17' title="bbox 239 1473 1891 1553">
    <p class='ocr_par' dir='ltr' id='par_1_17' title="bbox 239 1473 1891 1553">
     <span class='ocr_line' id='line_1_17' title="bbox 239 1473 1891 1553; baseline -0.008 -14"><span class='ocrx_word' id='word_1_130' title='bbox 239 1485 512 1553; x_wconf 73' lang='grc' dir='ltr'>ταυτότης</span> <span class='ocrx_word' id='word_1_131' title='bbox 557 1480 746 1550; x_wconf 77' lang='grc' dir='ltr'>ἑνότης</span> <span class='ocrx_word' id='word_1_132' title='bbox 792 1479 872 1541; x_wconf 73' lang='grc' dir='ltr'>τίς</span> <span class='ocrx_word' id='word_1_133' title='bbox 920 1477 1080 1545; x_wconf 80' lang='grc' dir='ltr'>ἐστιν,</span> <span class='ocrx_word' id='word_1_134' title='bbox 1113 1477 1147 1546; x_wconf 72' lang='grc' dir='ltr'><strong>ἢ</strong></span> <span class='ocrx_word' id='word_1_135' title='bbox 1196 1473 1466 1531; x_wconf 84' lang='grc' dir='ltr'>πλειόνων</span> <span class='ocrx_word' id='word_1_136' title='bbox 1517 1479 1613 1529; x_wconf 76' lang='grc' dir='ltr'>τοῦ</span> <span class='ocrx_word' id='word_1_137' title='bbox 1667 1474 1822 1542; x_wconf 80' lang='grc' dir='ltr'>εἶναι,</span> <span class='ocrx_word' id='word_1_138' title='bbox 1856 1476 1891 1545; x_wconf 71' lang='grc' dir='ltr'>ἢ</span> 
     </span>
    </p>
   </div>
   <div class='ocr_carea' id='block_1_18' title="bbox 241 1564 1895 1648">
    <p class='ocr_par' dir='ltr' id='par_1_18' title="bbox 241 1564 1895 1648">
     <span class='ocr_line' id='line_1_18' title="bbox 241 1564 1895 1648; baseline -0.007 -20"><span class='ocrx_word' id='word_1_139' title='bbox 241 1573 369 1628; x_wconf 78' lang='grc' dir='ltr'>ὅταν</span> <span class='ocrx_word' id='word_1_140' title='bbox 401 1575 602 1648; x_wconf 72' lang='grc' dir='ltr'>χρῆται</span> <span class='ocrx_word' id='word_1_141' title='bbox 632 1571 705 1631; x_wconf 87' lang='grc' dir='ltr'>ὡς</span> <span class='ocrx_word' id='word_1_142' title='bbox 730 1567 994 1624; x_wconf 73' lang='grc' dir='ltr'>πλείοσιψ</span> <span class='ocrx_word' id='word_1_143' title='bbox 1027 1591 1053 1618; x_wconf 88' lang='grc'><strong>‹‹</strong></span> <span class='ocrx_word' id='word_1_144' title='bbox 1090 1570 1277 1634; x_wconf 88' lang='lat' dir='ltr'>Quare</span> <span class='ocrx_word' id='word_1_145' title='bbox 1309 1570 1489 1638; x_wconf 87' lang='lat' dir='ltr'>patet,</span> <span class='ocrx_word' id='word_1_146' title='bbox 1522 1565 1677 1636; x_wconf 92' lang='lat' dir='ltr'>quod</span> <span class='ocrx_word' id='word_1_147' title='bbox 1727 1564 1895 1618; x_wconf 85' lang='lat' dir='ltr'>iden-</span> 
     </span>
    </p>
   </div>
   <div class='ocr_carea' id='block_1_19' title="bbox 242 1653 1896 1733">
    <p class='ocr_par' dir='ltr' id='par_1_19' title="bbox 242 1653 1896 1733">
     <span class='ocr_line' id='line_1_19' title="bbox 242 1653 1896 1733; baseline -0.007 -13"><span class='ocrx_word' id='word_1_148' title='bbox 242 1667 384 1720; x_wconf 88' lang='lat' dir='ltr'>titas</span> <span class='ocrx_word' id='word_1_149' title='bbox 417 1664 614 1719; x_wconf 86' lang='lat' dir='ltr'>unitas</span> <span class='ocrx_word' id='word_1_150' title='bbox 645 1661 912 1733; x_wconf 67' lang='lat' dir='ltr'>quaedam</span> <span class='ocrx_word' id='word_1_151' title='bbox 944 1657 1209 1714; x_wconf 73' lang='lat' dir='ltr'>essentia:</span> <span class='ocrx_word' id='word_1_152' title='bbox 1233 1660 1339 1726; x_wconf 88' lang='lat' dir='ltr'>est,</span> <span class='ocrx_word' id='word_1_153' title='bbox 1361 1659 1460 1712; x_wconf 91' lang='lat' dir='ltr'>aut</span> <span class='ocrx_word' id='word_1_154' title='bbox 1494 1653 1896 1726; x_wconf 87' lang='lat' dir='ltr'>plurium,aut</span> 
     </span>
    </p>
   </div>
   <div class='ocr_carea' id='block_1_20' title="bbox 247 1743 1896 1824">
    <p class='ocr_par' dir='ltr' id='par_1_20' title="bbox 247 1743 1896 1824">
     <span class='ocr_line' id='line_1_20' title="bbox 247 1743 1896 1824; baseline -0.006 -14"><span class='ocrx_word' id='word_1_155' title='bbox 247 1770 385 1810; x_wconf 92' lang='lat' dir='ltr'>cum</span> <span class='ocrx_word' id='word_1_156' title='bbox 417 1758 484 1808; x_wconf 91' lang='lat' dir='ltr'>ut</span> <span class='ocrx_word' id='word_1_157' title='bbox 514 1751 784 1824; x_wconf 88' lang='lat' dir='ltr'>pluribus</span> <span class='ocrx_word' id='word_1_158' title='bbox 835 1753 1052 1805; x_wconf 86' lang='lat' dir='ltr'>utatur.</span> <span class='ocrx_word' id='word_1_159' title='bbox 1087 1769 1114 1798; x_wconf 88' lang='lat'>»</span> <span class='ocrx_word' id='word_1_160' title='bbox 1147 1744 1473 1802; x_wconf 90' lang='lat' dir='ltr'>Plerionius</span> <span class='ocrx_word' id='word_1_161' title='bbox 1511 1743 1675 1810; x_wconf 84' lang='lat' dir='ltr'>dixit,</span> <span class='ocrx_word' id='word_1_162' title='bbox 1708 1766 1736 1794; x_wconf 87' lang='lat'><strong>«</strong></span> <span class='ocrx_word' id='word_1_163' title='bbox 1767 1745 1896 1814; x_wconf 83' lang='lat' dir='ltr'>ejus</span> 
     </span>
    </p>
   </div>
   <div class='ocr_carea' id='block_1_21' title="bbox 246 1835 1773 1916">
    <p class='ocr_par' dir='ltr' id='par_1_21' title="bbox 246 1835 1773 1916">
     <span class='ocr_line' id='line_1_21' title="bbox 246 1835 1773 1916; baseline -0.01 -17"><span class='ocrx_word' id='word_1_164' title='bbox 246 1843 408 1916; x_wconf 91' lang='lat' dir='ltr'>quod</span> <span class='ocrx_word' id='word_1_165' title='bbox 441 1842 596 1896; x_wconf 89' lang='lat' dir='ltr'>idem</span> <span class='ocrx_word' id='word_1_166' title='bbox 626 1844 712 1896; x_wconf 89' lang='lat' dir='ltr'>est</span> <span class='ocrx_word' id='word_1_167' title='bbox 739 1839 1050 1904; x_wconf 86' lang='lat' dir='ltr'>rationem,</span> <span class='ocrx_word' id='word_1_168' title='bbox 1080 1835 1451 1890; x_wconf 86' lang='lat' dir='ltr'>identitatem</span> <span class='ocrx_word' id='word_1_169' title='bbox 1479 1845 1708 1888; x_wconf 78' lang='lat' dir='ltr'>vocant.</span> <span class='ocrx_word' id='word_1_170' title='bbox 1745 1854 1773 1882; x_wconf 87' lang='lat'>»</span> 
     </span>
    </p>
   </div>
   <div class='ocr_carea' id='block_1_22' title="bbox 321 1916 1892 1995">
    <p class='ocr_par' dir='ltr' id='par_1_22' title="bbox 321 1916 1892 1995">
     <span class='ocr_line' id='line_1_22' title="bbox 321 1916 1892 1995; baseline -0.007 -7"><span class='ocrx_word' id='word_1_171' title='bbox 321 1931 445 1988; x_wconf 85' lang='lat' dir='ltr'>Col.</span> <span class='ocrx_word' id='word_1_172' title='bbox 475 1931 582 1986; x_wconf 83' lang='grc'>553</span> <span class='ocrx_word' id='word_1_173' title='bbox 637 1930 679 1983; x_wconf 90' lang='grc' dir='ltr'><strong>Β</strong></span> <span class='ocrx_word' id='word_1_174' title='bbox 740 1929 825 1983; x_wconf 84' lang='grc'>12.</span> <span class='ocrx_word' id='word_1_175' title='bbox 860 1923 1231 1995; x_wconf 79' lang='grc' dir='ltr'>Ἐκτείνωμεν.</span> <span class='ocrx_word' id='word_1_176' title='bbox 1262 1924 1328 1979; x_wconf 85' lang='grc' dir='ltr'>Η.</span> <span class='ocrx_word' id='word_1_177' title='bbox 1365 1940 1475 1980; x_wconf 88' lang='lat' dir='ltr'>ms.</span> <span class='ocrx_word' id='word_1_178' title='bbox 1511 1916 1892 1993; x_wconf 72' lang='grc' dir='ltr'>ἐκϐάλλωμεν.</span> 
     </span>
    </p>
   </div>
   <div class='ocr_carea' id='block_1_23' title="bbox 250 2012 1896 2094">
    <p class='ocr_par' dir='ltr' id='par_1_23' title="bbox 250 2012 1896 2094">
     <span class='ocr_line' id='line_1_23' title="bbox 250 2012 1896 2094; baseline -0.007 -17"><span class='ocrx_word' id='word_1_179' title='bbox 250 2023 321 2076; x_wconf 84' lang='grc' dir='ltr'>Ει</span> <span class='ocrx_word' id='word_1_180' title='bbox 348 2038 484 2076; x_wconf 84' lang='lat' dir='ltr'>mox</span> <span class='ocrx_word' id='word_1_181' title='bbox 515 2023 731 2094; x_wconf 79' lang='grc' dir='ltr'>πρῶτος</span> <span class='ocrx_word' id='word_1_182' title='bbox 754 2017 782 2071; x_wconf 98' lang='lat'>6</span> <span class='ocrx_word' id='word_1_183' title='bbox 805 2012 860 2070; x_wconf 80' lang='grc' dir='ltr'>δὲ</span> <span class='ocrx_word' id='word_1_184' title='bbox 890 2014 1200 2088; x_wconf 75' lang='grc' dir='ltr'>ὕστερος,οῒ.</span> <span class='ocrx_word' id='word_1_185' title='bbox 1221 2015 1681 2084; x_wconf 86' lang='lat' dir='ltr'>itaTrapezuut.,</span> <span class='ocrx_word' id='word_1_186' title='bbox 1702 2034 1728 2061; x_wconf 89' lang='grc'>‹‹</span> <span class='ocrx_word' id='word_1_187' title='bbox 1748 2014 1896 2083; x_wconf 85' lang='lat' dir='ltr'>prio-</span> 
     </span>
    </p>
   </div>
   <div class='ocr_carea' id='block_1_24' title="bbox 247 2097 1896 2182">
    <p class='ocr_par' dir='ltr' id='par_1_24' title="bbox 247 2097 1896 2182">
     <span class='ocr_line' id='line_1_24' title="bbox 247 2097 1896 2182; baseline -0.009 -15"><span class='ocrx_word' id='word_1_188' title='bbox 247 2127 374 2167; x_wconf 89' lang='lat' dir='ltr'>rem</span> <span class='ocrx_word' id='word_1_189' title='bbox 409 2115 467 2165; x_wconf 89' lang='lat' dir='ltr'>et</span> <span class='ocrx_word' id='word_1_190' title='bbox 496 2108 900 2182; x_wconf 83' lang='lat' dir='ltr'>posteriorem.</span> <span class='ocrx_word' id='word_1_191' title='bbox 926 2128 954 2156; x_wconf 85' lang='lat'><strong>»</strong></span> <span class='ocrx_word' id='word_1_192' title='bbox 986 2106 1055 2173; x_wconf 75' lang='lat' dir='ltr'>Et</span> <span class='ocrx_word' id='word_1_193' title='bbox 1087 2121 1293 2159; x_wconf 89' lang='lat' dir='ltr'>rursus</span> <span class='ocrx_word' id='word_1_194' title='bbox 1323 2105 1561 2177; x_wconf 74' lang='grc' dir='ltr'>πρῶτος,</span> <span class='ocrx_word' id='word_1_195' title='bbox 1595 2101 1622 2154; x_wconf 89' lang='lat'>6</span> <span class='ocrx_word' id='word_1_196' title='bbox 1655 2097 1711 2154; x_wconf 72' lang='grc' dir='ltr'>δὲ</span> <span class='ocrx_word' id='word_1_197' title='bbox 1744 2099 1896 2152; x_wconf 81' lang='grc' dir='ltr'>ὕστε-</span> 
     </span>
    </p>
   </div>
   <div class='ocr_carea' id='block_1_25' title="bbox 248 2187 1895 2274">
    <p class='ocr_par' dir='ltr' id='par_1_25' title="bbox 248 2187 1895 2274">
     <span class='ocr_line' id='line_1_25' title="bbox 248 2187 1895 2274; baseline -0.007 -21"><span class='ocrx_word' id='word_1_198' title='bbox 248 2220 363 2274; x_wconf 91' lang='grc' dir='ltr'>ρος.</span> <span class='ocrx_word' id='word_1_199' title='bbox 424 2204 569 2256; x_wconf 86' lang='lat' dir='ltr'>Item</span> <span class='ocrx_word' id='word_1_200' title='bbox 629 2196 803 2268; x_wconf 87' lang='lat' dir='ltr'>paulo</span> <span class='ocrx_word' id='word_1_201' title='bbox 863 2199 996 2268; x_wconf 91' lang='lat' dir='ltr'>post</span> <span class='ocrx_word' id='word_1_202' title='bbox 1051 2194 1334 2268; x_wconf 81' lang='grc' dir='ltr'>ἀναγκαῖον</span> <span class='ocrx_word' id='word_1_203' title='bbox 1397 2187 1631 2253; x_wconf 68' lang='grc' dir='ltr'>ἐντεῦθεν</span> <span class='ocrx_word' id='word_1_204' title='bbox 1705 2188 1895 2258; x_wconf 68' lang='grc' dir='ltr'>οἷέται,</span> 
     </span>
    </p>
   </div>
   <div class='ocr_carea' id='block_1_26' title="bbox 249 2280 1899 2354">
    <p class='ocr_par' dir='ltr' id='par_1_26' title="bbox 249 2280 1899 2354">
     <span class='ocr_line' id='line_1_26' title="bbox 249 2280 1899 2354; baseline -0.007 -9"><span class='ocrx_word' id='word_1_205' title='bbox 249 2287 717 2354; x_wconf 87' lang='lat' dir='ltr'>emendavimus,</span> <span class='ocrx_word' id='word_1_206' title='bbox 753 2303 822 2340; x_wconf 85' lang='lat' dir='ltr'>ex</span> <span class='ocrx_word' id='word_1_207' title='bbox 851 2285 1052 2340; x_wconf 89' lang='lat' dir='ltr'>eodem</span> <span class='ocrx_word' id='word_1_208' title='bbox 1086 2282 1297 2354; x_wconf 83' lang='lat' dir='ltr'>Regio;</span> <span class='ocrx_word' id='word_1_209' title='bbox 1333 2298 1466 2336; x_wconf 90' lang='lat' dir='ltr'>cum</span> <span class='ocrx_word' id='word_1_210' title='bbox 1509 2285 1565 2336; x_wconf 90' lang='lat' dir='ltr'>et</span> <span class='ocrx_word' id='word_1_211' title='bbox 1592 2280 1815 2334; x_wconf 85' lang='lat' dir='ltr'>Veneta</span> <span class='ocrx_word' id='word_1_212' title='bbox 1841 2284 1899 2334; x_wconf 87' lang='lat' dir='ltr'>et</span> 
     </span>
    </p>
   </div>
   <div class='ocr_carea' id='block_1_27' title="bbox 247 2369 1896 2448">
    <p class='ocr_par' dir='ltr' id='par_1_27' title="bbox 247 2369 1896 2448">
     <span class='ocr_line' id='line_1_27' title="bbox 247 2369 1896 2448; baseline -0.008 -13"><span class='ocrx_word' id='word_1_213' title='bbox 247 2381 381 2435; x_wconf 86' lang='lat' dir='ltr'>Bas.</span> <span class='ocrx_word' id='word_1_214' title='bbox 403 2382 460 2434; x_wconf 88' lang='lat' dir='ltr'>et</span> <span class='ocrx_word' id='word_1_215' title='bbox 481 2377 682 2448; x_wconf 90' lang='lat' dir='ltr'>Steph.</span> <span class='ocrx_word' id='word_1_216' title='bbox 699 2375 985 2447; x_wconf 82' lang='grc' dir='ltr'>ἀναγκαῖον</span> <span class='ocrx_word' id='word_1_217' title='bbox 1019 2389 1323 2445; x_wconf 85' lang='lat' dir='ltr'>perperam</span> <span class='ocrx_word' id='word_1_218' title='bbox 1346 2371 1567 2427; x_wconf 90' lang='lat' dir='ltr'>editum</span> <span class='ocrx_word' id='word_1_219' title='bbox 1596 2369 1896 2436; x_wconf 86' lang='lat' dir='ltr'>haberent,</span> 
     </span>
    </p>
   </div>
   <div class='ocr_carea' id='block_1_28' title="bbox 248 2459 1898 2539">
    <p class='ocr_par' dir='ltr' id='par_1_28' title="bbox 248 2459 1898 2539">
     <span class='ocr_line' id='line_1_28' title="bbox 248 2459 1898 2539; baseline -0.008 -13"><span class='ocrx_word' id='word_1_220' title='bbox 248 2473 306 2526; x_wconf 87' lang='lat' dir='ltr'>et</span> <span class='ocrx_word' id='word_1_221' title='bbox 326 2469 616 2539; x_wconf 87' lang='lat' dir='ltr'>interpres</span> <span class='ocrx_word' id='word_1_222' title='bbox 636 2465 814 2521; x_wconf 89' lang='lat' dir='ltr'>nimis</span> <span class='ocrx_word' id='word_1_223' title='bbox 836 2463 1087 2530; x_wconf 91' lang='lat' dir='ltr'>concise,</span> <span class='ocrx_word' id='word_1_224' title='bbox 1114 2485 1142 2513; x_wconf 75' lang='grc' dir='ltr'>«ι</span> <span class='ocrx_word' id='word_1_225' title='bbox 1163 2463 1425 2533; x_wconf 90' lang='lat' dir='ltr'>seipsum</span> <span class='ocrx_word' id='word_1_226' title='bbox 1450 2459 1898 2527; x_wconf 83' lang='lat' dir='ltr'>extrudens,ne-</span> 
     </span>
    </p>
   </div>
   <div class='ocr_carea' id='block_1_29' title="bbox 246 2547 1899 2626">
    <p class='ocr_par' dir='ltr' id='par_1_29' title="bbox 246 2547 1899 2626">
     <span class='ocr_line' id='line_1_29' title="bbox 246 2547 1899 2626; baseline -0.007 -13"><span class='ocrx_word' id='word_1_227' title='bbox 246 2557 569 2614; x_wconf 83' lang='lat' dir='ltr'>cessariam</span> <span class='ocrx_word' id='word_1_228' title='bbox 596 2572 657 2610; x_wconf 89' lang='lat' dir='ltr'>se</span> <span class='ocrx_word' id='word_1_229' title='bbox 675 2559 842 2626; x_wconf 89' lang='lat' dir='ltr'>putat</span> <span class='ocrx_word' id='word_1_230' title='bbox 863 2569 1104 2607; x_wconf 89' lang='lat' dir='ltr'>suorum</span> <span class='ocrx_word' id='word_1_231' title='bbox 1121 2551 1459 2619; x_wconf 84' lang='lat' dir='ltr'>dogmatum</span> <span class='ocrx_word' id='word_1_232' title='bbox 1475 2547 1899 2604; x_wconf 84' lang='lat' dir='ltr'>tradidissedo-</span> 
     </span>
    </p>
   </div>
   <div class='ocr_carea' id='block_1_30' title="bbox 247 2633 1901 2711">
    <p class='ocr_par' dir='ltr' id='par_1_30' title="bbox 247 2633 1901 2711">
     <span class='ocr_line' id='line_1_30' title="bbox 247 2633 1901 2711; baseline -0.01 -7"><span class='ocrx_word' id='word_1_233' title='bbox 247 2647 527 2704; x_wconf 88' lang='lat' dir='ltr'>ctrinam.</span> <span class='ocrx_word' id='word_1_234' title='bbox 552 2668 579 2695; x_wconf 86' lang='lat'>»</span> <span class='ocrx_word' id='word_1_235' title='bbox 601 2644 749 2701; x_wconf 82' lang='lat' dir='ltr'>Male</span> <span class='ocrx_word' id='word_1_236' title='bbox 770 2642 945 2699; x_wconf 82' lang='lat' dir='ltr'>etiam</span> <span class='ocrx_word' id='word_1_237' title='bbox 969 2642 1304 2707; x_wconf 86' lang='lat' dir='ltr'>Cornarius,</span> <span class='ocrx_word' id='word_1_238' title='bbox 1332 2639 1501 2711; x_wconf 88' lang='lat' dir='ltr'>quasi</span> <span class='ocrx_word' id='word_1_239' title='bbox 1533 2637 1770 2710; x_wconf 83' lang='lat' dir='ltr'>legisset</span> <span class='ocrx_word' id='word_1_240' title='bbox 1793 2633 1901 2689; x_wconf 82' lang='grc' dir='ltr'>δια·</span> 
     </span>
    </p>
   </div>
   <div class='ocr_carea' id='block_1_31' title="bbox 247 2725 1902 2810">
    <p class='ocr_par' dir='ltr' id='par_1_31' title="bbox 247 2725 1902 2810">
     <span class='ocr_line' id='line_1_31' title="bbox 247 2725 1902 2810; baseline -0.007 -20"><span class='ocrx_word' id='word_1_241' title='bbox 247 2733 454 2810; x_wconf 76' lang='grc' dir='ltr'>δοχήν,</span> <span class='ocrx_word' id='word_1_242' title='bbox 471 2752 585 2790; x_wconf 91' lang='lat' dir='ltr'>non</span> <span class='ocrx_word' id='word_1_243' title='bbox 603 2728 945 2808; x_wconf 73' lang='grc' dir='ltr'>παραδοχήν,</span> <span class='ocrx_word' id='word_1_244' title='bbox 973 2728 1430 2786; x_wconf 85' lang='lat' dir='ltr'>«Necessarium</span> <span class='ocrx_word' id='word_1_245' title='bbox 1453 2727 1590 2782; x_wconf 91' lang='lat' dir='ltr'>hinc</span> <span class='ocrx_word' id='word_1_246' title='bbox 1616 2725 1902 2782; x_wconf 86' lang='lat' dir='ltr'>arbitran-</span> 
     </span>
    </p>
   </div>
   <div class='ocr_carea' id='block_1_32' title="bbox 245 2817 1897 2897">
    <p class='ocr_par' dir='ltr' id='par_1_32' title="bbox 245 2817 1897 2897">
     <span class='ocr_line' id='line_1_32' title="bbox 245 2817 1897 2897; baseline -0.008 -15"><span class='ocrx_word' id='word_1_247' title='bbox 245 2832 351 2882; x_wconf 91' lang='lat' dir='ltr'>tur</span> <span class='ocrx_word' id='word_1_248' title='bbox 381 2825 751 2897; x_wconf 87' lang='lat' dir='ltr'>propriorum</span> <span class='ocrx_word' id='word_1_249' title='bbox 779 2823 1118 2892; x_wconf 86' lang='lat' dir='ltr'>dogmatum</span> <span class='ocrx_word' id='word_1_250' title='bbox 1153 2817 1586 2876; x_wconf 87' lang='lat' dir='ltr'>successionem</span> <span class='ocrx_word' id='word_1_251' title='bbox 1623 2817 1897 2872; x_wconf 89' lang='lat' dir='ltr'>ostende-</span> 
     </span>
    </p>
   </div>
   <div class='ocr_carea' id='block_1_33' title="bbox 245 2899 1900 2986">
    <p class='ocr_par' dir='ltr' id='par_1_33' title="bbox 245 2899 1900 2986">
     <span class='ocr_line' id='line_1_33' title="bbox 245 2899 1900 2986; baseline -0.009 -14"><span class='ocrx_word' id='word_1_252' title='bbox 245 2933 332 2972; x_wconf 85' lang='lat' dir='ltr'>re.</span> <span class='ocrx_word' id='word_1_253' title='bbox 354 2939 384 2967; x_wconf 84' lang='grc'><strong>››</strong></span> <span class='ocrx_word' id='word_1_254' title='bbox 408 2916 518 2970; x_wconf 86' lang='lat' dir='ltr'>Sed</span> <span class='ocrx_word' id='word_1_255' title='bbox 550 2914 703 2986; x_wconf 92' lang='lat' dir='ltr'>quod</span> <span class='ocrx_word' id='word_1_256' title='bbox 737 2909 1153 2984; x_wconf 69' lang='lat' dir='ltr'>prazcessit,mi</span> <span class='ocrx_word' id='word_1_257' title='bbox 1173 2907 1240 2962; x_wconf 82' lang='grc' dir='ltr'>τὰ</span> <span class='ocrx_word' id='word_1_258' title='bbox 1271 2905 1542 2961; x_wconf 76' lang='grc' dir='ltr'>ἀκόλουθα</span> <span class='ocrx_word' id='word_1_259' title='bbox 1574 2899 1755 2960; x_wconf 74' lang='grc' dir='ltr'>λαϐὼν</span> <span class='ocrx_word' id='word_1_260' title='bbox 1782 2909 1900 2965; x_wconf 78' lang='grc' dir='ltr'>ταῖς</span> 
     </span>
    </p>
   </div>
   <div class='ocr_carea' id='block_1_34' title="bbox 247 2995 1896 3072">
    <p class='ocr_par' dir='ltr' id='par_1_34' title="bbox 247 2995 1896 3072">
     <span class='ocr_line' id='line_1_34' title="bbox 247 2995 1896 3072; baseline -0.005 -13"><span class='ocrx_word' id='word_1_261' title='bbox 247 3005 562 3072; x_wconf 68' lang='grc' dir='ltr'>ὑποθέσεσι,</span> <span class='ocrx_word' id='word_1_262' title='bbox 595 3007 747 3058; x_wconf 86' lang='lat' dir='ltr'>recte</span> <span class='ocrx_word' id='word_1_263' title='bbox 781 3001 1197 3071; x_wconf 83' lang='lat' dir='ltr'>interpretatus</span> <span class='ocrx_word' id='word_1_264' title='bbox 1236 3004 1387 3068; x_wconf 90' lang='lat' dir='ltr'>est,»</span> <span class='ocrx_word' id='word_1_265' title='bbox 1415 3013 1547 3052; x_wconf 91' lang='lat' dir='ltr'>cum</span> <span class='ocrx_word' id='word_1_266' title='bbox 1571 3013 1638 3052; x_wconf 89' lang='lat' dir='ltr'>ea</span> <span class='ocrx_word' id='word_1_267' title='bbox 1665 3013 1792 3067; x_wconf 68' lang='lat' dir='ltr'>quae</span> <span class='ocrx_word' id='word_1_268' title='bbox 1825 2995 1896 3050; x_wconf 88' lang='lat' dir='ltr'>ad</span> 
     </span>
    </p>
   </div>
   <div class='ocr_carea' id='block_1_35' title="bbox 241 3085 1896 3163">
    <p class='ocr_par' dir='ltr' id='par_1_35' title="bbox 241 3085 1896 3163">
     <span class='ocr_line' id='line_1_35' title="bbox 241 3085 1896 3163; baseline -0.01 -12"><span class='ocrx_word' id='word_1_269' title='bbox 241 3095 570 3152; x_wconf 89' lang='lat' dir='ltr'>constituta</span> <span class='ocrx_word' id='word_1_270' title='bbox 591 3094 942 3163; x_wconf 85' lang='lat' dir='ltr'>argumenta</span> <span class='ocrx_word' id='word_1_271' title='bbox 967 3091 1410 3160; x_wconf 90' lang='lat' dir='ltr'>consequuntur</span> <span class='ocrx_word' id='word_1_272' title='bbox 1432 3085 1840 3156; x_wconf 88' lang='lat' dir='ltr'>assumpserit.</span> <span class='ocrx_word' id='word_1_273' title='bbox 1869 3105 1896 3134; x_wconf 89' lang='grc'><strong>››</strong></span> 
     </span>
    </p>
   </div>
   <div class='ocr_carea' id='block_1_36' title="bbox 243 3169 1896 3251">
    <p class='ocr_par' dir='ltr' id='par_1_36' title="bbox 243 3169 1896 3251">
     <span class='ocr_line' id='line_1_36' title="bbox 243 3169 1896 3251; baseline -0.007 -11"><span class='ocrx_word' id='word_1_274' title='bbox 243 3186 310 3240; x_wconf 87' lang='lat' dir='ltr'>In</span> <span class='ocrx_word' id='word_1_275' title='bbox 327 3184 653 3239; x_wconf 62' lang='lat' dir='ltr'>H.erat1t‘ov</span> <span class='ocrx_word' id='word_1_276' title='bbox 681 3175 1511 3251; x_wconf 64' lang='grc' dir='ltr'>τοιούτωνδογμάτων,ρῐότιῖ›ν</span> <span class='ocrx_word' id='word_1_277' title='bbox 1547 3170 1696 3227; x_wconf 74' lang='grc' dir='ltr'>ῒδίων</span> <span class='ocrx_word' id='word_1_278' title='bbox 1733 3169 1896 3248; x_wconf 82' lang='grc' dir='ltr'><strong>δογμ.</strong></span> 
     </span>
    </p>
   </div>
   <div class='ocr_carea' id='block_1_37' title="bbox 316 3256 1969 3360">
    <p class='ocr_par' dir='ltr' id='par_1_37' title="bbox 316 3256 1969 3360">
     <span class='ocr_line' id='line_1_37' title="bbox 316 3256 1969 3360; baseline -0.007 -15"><span class='ocrx_word' id='word_1_279' title='bbox 316 3290 440 3345; x_wconf 82' lang='lat' dir='ltr'>Col.</span> <span class='ocrx_word' id='word_1_280' title='bbox 473 3290 578 3344; x_wconf 80' lang='lat'>556</span> <span class='ocrx_word' id='word_1_281' title='bbox 609 3288 648 3343; x_wconf 90' lang='lat' dir='ltr'>C</span> <span class='ocrx_word' id='word_1_282' title='bbox 679 3288 733 3343; x_wconf 85' lang='lat'>2.</span> <span class='ocrx_word' id='word_1_283' title='bbox 767 3288 900 3346; x_wconf 82' lang='grc' dir='ltr'>Τοῖς</span> <span class='ocrx_word' id='word_1_284' title='bbox 933 3283 990 3338; x_wconf 75' lang='grc' dir='ltr'>ἐκ</span> <span class='ocrx_word' id='word_1_285' title='bbox 1018 3283 1244 3360; x_wconf 77' lang='grc' dir='ltr'>χρόνου.</span> <span class='ocrx_word' id='word_1_286' title='bbox 1282 3284 1624 3340; x_wconf 74' lang='lat' dir='ltr'>Addidimus</span> <span class='ocrx_word' id='word_1_287' title='bbox 1663 3299 1731 3336; x_wconf 84' lang='lat' dir='ltr'>ex</span> <span class='ocrx_word' id='word_1_288' title='bbox 1779 3298 1888 3336; x_wconf 92' lang='lat' dir='ltr'>ms.</span> <span class='ocrx_word' id='word_1_289' title='bbox 1923 3256 1969 3321; x_wconf 62' lang='grc' dir='ltr'>(ἶ</span> 
     </span>
    </p>
   </div>
   <div class='ocr_carea' id='block_1_38' title="bbox 239 3370 1898 3451">
    <p class='ocr_par' dir='ltr' id='par_1_38' title="bbox 239 3370 1898 3451">
     <span class='ocr_line' id='line_1_38' title="bbox 239 3370 1898 3451; baseline -0.008 -12"><span class='ocrx_word' id='word_1_290' title='bbox 239 3397 450 3438; x_wconf 84' lang='lat' dir='ltr'>vocem</span> <span class='ocrx_word' id='word_1_291' title='bbox 482 3370 810 3451; x_wconf 74' lang='grc' dir='ltr'>πρεσϐείοις,</span> <span class='ocrx_word' id='word_1_292' title='bbox 827 3393 1004 3448; x_wconf 86' lang='lat' dir='ltr'>quam</span> <span class='ocrx_word' id='word_1_293' title='bbox 1027 3380 1080 3431; x_wconf 89' lang='lat' dir='ltr'>et</span> <span class='ocrx_word' id='word_1_294' title='bbox 1105 3374 1494 3446; x_wconf 71' lang='lat' dir='ltr'>praecedentia</span> <span class='ocrx_word' id='word_1_295' title='bbox 1519 3372 1898 3445; x_wconf 82' lang='lat' dir='ltr'>repetendam</span> 
     </span>
    </p>
   </div>
   <div class='ocr_carea' id='block_1_39' title="bbox 235 3464 1898 3538">
    <p class='ocr_par' dir='ltr' id='par_1_39' title="bbox 235 3464 1898 3538">
     <span class='ocr_line' id='line_1_39' title="bbox 235 3464 1898 3538; baseline -0.005 -10"><span class='ocrx_word' id='word_1_296' title='bbox 235 3473 430 3528; x_wconf 83' lang='lat' dir='ltr'>fuisse</span> <span class='ocrx_word' id='word_1_297' title='bbox 453 3471 752 3538; x_wconf 89' lang='lat' dir='ltr'>docent,et</span> <span class='ocrx_word' id='word_1_298' title='bbox 773 3467 1062 3538; x_wconf 88' lang='lat' dir='ltr'>interpres</span> <span class='ocrx_word' id='word_1_299' title='bbox 1082 3483 1144 3522; x_wconf 87' lang='lat' dir='ltr'>se</span> <span class='ocrx_word' id='word_1_300' title='bbox 1165 3465 1224 3520; x_wconf 90' lang='lat' dir='ltr'>in</span> <span class='ocrx_word' id='word_1_301' title='bbox 1249 3464 1584 3537; x_wconf 86' lang='lat' dir='ltr'>apographo</span> <span class='ocrx_word' id='word_1_302' title='bbox 1610 3481 1715 3520; x_wconf 86' lang='lat' dir='ltr'>suo</span> <span class='ocrx_word' id='word_1_303' title='bbox 1735 3479 1898 3536; x_wconf 88' lang='lat' dir='ltr'>repe-</span> 
     </span>
    </p>
   </div>
   <div class='ocr_carea' id='block_1_40' title="bbox 241 3554 1899 3628">
    <p class='ocr_par' dir='ltr' id='par_1_40' title="bbox 241 3554 1899 3628">
     <span class='ocr_line' id='line_1_40' title="bbox 241 3554 1899 3628; baseline -0.009 -10"><span class='ocrx_word' id='word_1_304' title='bbox 241 3562 402 3618; x_wconf 80' lang='lat' dir='ltr'>risse</span> <span class='ocrx_word' id='word_1_305' title='bbox 434 3559 674 3628; x_wconf 86' lang='lat' dir='ltr'>indicat,</span> <span class='ocrx_word' id='word_1_306' title='bbox 699 3573 830 3612; x_wconf 91' lang='lat' dir='ltr'>cum</span> <span class='ocrx_word' id='word_1_307' title='bbox 855 3555 956 3624; x_wconf 88' lang='lat' dir='ltr'>ait,</span> <span class='ocrx_word' id='word_1_308' title='bbox 982 3578 1009 3605; x_wconf 86' lang='lat'><strong>«</strong></span> <span class='ocrx_word' id='word_1_309' title='bbox 1037 3559 1094 3610; x_wconf 89' lang='lat' dir='ltr'>et</span> <span class='ocrx_word' id='word_1_310' title='bbox 1116 3554 1396 3627; x_wconf 90' lang='lat' dir='ltr'>temporis</span> <span class='ocrx_word' id='word_1_311' title='bbox 1433 3554 1838 3610; x_wconf 85' lang='lat' dir='ltr'>eminentiam.</span> <span class='ocrx_word' id='word_1_312' title='bbox 1869 3575 1899 3603; x_wconf 86' lang='lat'><strong><em>»</em></strong></span> 
     </span>
    </p>
   </div>
   <div class='ocr_carea' id='block_1_41' title="bbox 242 3639 1899 3720">
    <p class='ocr_par' dir='ltr' id='par_1_41' title="bbox 242 3639 1899 3720">
     <span class='ocr_line' id='line_1_41' title="bbox 242 3639 1899 3720; baseline -0.009 -11"><span class='ocrx_word' id='word_1_313' title='bbox 242 3652 417 3709; x_wconf 90' lang='lat' dir='ltr'>Idem</span> <span class='ocrx_word' id='word_1_314' title='bbox 433 3665 543 3704; x_wconf 90' lang='lat' dir='ltr'>ms.</span> <span class='ocrx_word' id='word_1_315' title='bbox 560 3664 661 3720; x_wconf 90' lang='lat' dir='ltr'>pro</span> <span class='ocrx_word' id='word_1_316' title='bbox 673 3649 940 3720; x_wconf 81' lang='grc' dir='ltr'>ταχθεῖσα</span> <span class='ocrx_word' id='word_1_317' title='bbox 951 3645 1235 3717; x_wconf 91' lang='lat' dir='ltr'>scriptum</span> <span class='ocrx_word' id='word_1_318' title='bbox 1253 3639 1899 3716; x_wconf 68' lang='grc' dir='ltr'>οχῇἱὺυὶῐδιαταχθεῖσα,</span> 
     </span>
    </p>
   </div>
   <div class='ocr_carea' id='block_1_42' title="bbox 253 3737 747 3809">
    <p class='ocr_par' dir='ltr' id='par_1_42' title="bbox 253 3737 747 3809">
     <span class='ocr_line' id='line_1_42' title="bbox 253 3737 747 3809; baseline 0.004 -20"><span class='ocrx_word' id='word_1_319' title='bbox 253 3763 278 3789; x_wconf 78' lang='grc' dir='ltr'>ι</span> <span class='ocrx_word' id='word_1_320' title='bbox 319 3737 677 3809; x_wconf 90' lang='lat' dir='ltr'>dispositus.</span> <span class='ocrx_word' id='word_1_321' title='bbox 719 3757 747 3784; x_wconf 87' lang='grc'>››</span> 
     </span>
    </p>
   </div>
   <div class='ocr_carea' id='block_1_43' title="bbox 330 3819 1900 3895">
    <p class='ocr_par' dir='ltr' id='par_1_43' title="bbox 330 3819 1900 3895">
     <span class='ocr_line' id='line_1_43' title="bbox 330 3819 1900 3895; baseline -0.005 -13"><span class='ocrx_word' id='word_1_322' title='bbox 330 3825 454 3882; x_wconf 91' lang='lat' dir='ltr'>Col.</span> <span class='ocrx_word' id='word_1_323' title='bbox 478 3826 584 3880; x_wconf 88' lang='lat'>557</span> <span class='ocrx_word' id='word_1_324' title='bbox 615 3824 730 3880; x_wconf 87' lang='lat' dir='ltr'>C9.</span> <span class='ocrx_word' id='word_1_325' title='bbox 761 3823 974 3884; x_wconf 86' lang='grc' dir='ltr'>Ὅσοις.</span> <span class='ocrx_word' id='word_1_326' title='bbox 1037 3827 1176 3890; x_wconf 70' lang='lat' dir='ltr'>Quae</span> <span class='ocrx_word' id='word_1_327' title='bbox 1219 3832 1547 3895; x_wconf 89' lang='lat' dir='ltr'>sequuntur</span> <span class='ocrx_word' id='word_1_328' title='bbox 1601 3823 1798 3891; x_wconf 87' lang='lat' dir='ltr'>verba,</span> <span class='ocrx_word' id='word_1_329' title='bbox 1849 3819 1900 3874; x_wconf 86' lang='grc' dir='ltr'>ἐν</span> 
     </span>
    </p>
   </div>
   <div class='ocr_carea' id='block_1_44' title="bbox 252 3911 1902 3984">
    <p class='ocr_par' dir='ltr' id='par_1_44' title="bbox 252 3911 1902 3984">
     <span class='ocr_line' id='line_1_44' title="bbox 252 3911 1902 3984; baseline -0.002 -13"><span class='ocrx_word' id='word_1_330' title='bbox 252 3913 460 3976; x_wconf 79' lang='grc' dir='ltr'>ἄλλοις</span> <span class='ocrx_word' id='word_1_331' title='bbox 491 3911 627 3968; x_wconf 80' lang='grc' dir='ltr'>κατὰ</span> <span class='ocrx_word' id='word_1_332' title='bbox 673 3912 908 3984; x_wconf 81' lang='grc' dir='ltr'>τούτων,</span> <span class='ocrx_word' id='word_1_333' title='bbox 940 3929 1009 3968; x_wconf 83' lang='lat' dir='ltr'>ex</span> <span class='ocrx_word' id='word_1_334' title='bbox 1037 3913 1213 3968; x_wconf 88' lang='lat' dir='ltr'>variis</span> <span class='ocrx_word' id='word_1_335' title='bbox 1244 3912 1594 3968; x_wconf 89' lang='lat' dir='ltr'>lectionibus</span> <span class='ocrx_word' id='word_1_336' title='bbox 1642 3912 1802 3983; x_wconf 84' lang='lat' dir='ltr'>Regii</span> <span class='ocrx_word' id='word_1_337' title='bbox 1839 3912 1902 3968; x_wconf 87' lang='lat' dir='ltr'>ll.</span> 
     </span>
    </p>
   </div>
   <div class='ocr_carea' id='block_1_45' title="bbox 251 4002 1906 4074">
    <p class='ocr_par' dir='ltr' id='par_1_45' title="bbox 251 4002 1906 4074">
     <span class='ocr_line' id='line_1_45' title="bbox 251 4002 1906 4074; baseline -0.003 -13"><span class='ocrx_word' id='word_1_338' title='bbox 251 4007 393 4062; x_wconf 89' lang='lat' dir='ltr'>sine</span> <span class='ocrx_word' id='word_1_339' title='bbox 423 4021 600 4061; x_wconf 85' lang='lat' dir='ltr'>causa</span> <span class='ocrx_word' id='word_1_340' title='bbox 629 4009 768 4060; x_wconf 91' lang='lat' dir='ltr'>sunt</span> <span class='ocrx_word' id='word_1_341' title='bbox 799 4003 982 4060; x_wconf 77' lang='lat' dir='ltr'>textui</span> <span class='ocrx_word' id='word_1_342' title='bbox 1040 4002 1279 4069; x_wconf 89' lang='lat' dir='ltr'>inserta,</span> <span class='ocrx_word' id='word_1_343' title='bbox 1314 4019 1418 4058; x_wconf 89' lang='lat' dir='ltr'>nec</span> <span class='ocrx_word' id='word_1_344' title='bbox 1470 4003 1541 4058; x_wconf 92' lang='lat' dir='ltr'>ab</span> <span class='ocrx_word' id='word_1_345' title='bbox 1592 4002 1906 4074; x_wconf 90' lang='lat' dir='ltr'>interprete</span> 
     </span>
    </p>
   </div>
   <div class='ocr_carea' id='block_1_46' title="bbox 250 4090 1908 4168">
    <p class='ocr_par' dir='ltr' id='par_1_46' title="bbox 250 4090 1908 4168">
     <span class='ocr_line' id='line_1_46' title="bbox 250 4090 1908 4168; baseline -0.003 -17"><span class='ocrx_word' id='word_1_346' title='bbox 250 4099 673 4168; x_wconf 85' lang='lat' dir='ltr'>agnoscuntur</span> <span class='ocrx_word' id='word_1_347' title='bbox 705 4093 846 4149; x_wconf 89' lang='lat' dir='ltr'>:sed</span> <span class='ocrx_word' id='word_1_348' title='bbox 879 4091 1050 4165; x_wconf 87' lang='lat' dir='ltr'>paulo</span> <span class='ocrx_word' id='word_1_349' title='bbox 1084 4098 1218 4163; x_wconf 90' lang='lat' dir='ltr'>post</span> <span class='ocrx_word' id='word_1_350' title='bbox 1247 4090 1441 4163; x_wconf 88' lang='lat' dir='ltr'>aptius</span> <span class='ocrx_word' id='word_1_351' title='bbox 1490 4091 1794 4164; x_wconf 84' lang='lat' dir='ltr'>legebatur</span> <span class='ocrx_word' id='word_1_352' title='bbox 1850 4091 1908 4146; x_wconf 91' lang='lat' dir='ltr'>in</span> 
     </span>
    </p>
   </div>
   <div class='ocr_carea' id='block_1_47' title="bbox 256 4176 1914 4252">
    <p class='ocr_par' dir='ltr' id='par_1_47' title="bbox 256 4176 1914 4252">
     <span class='ocr_line' id='line_1_47' title="bbox 256 4176 1914 4252; baseline -0.002 -13"><span class='ocrx_word' id='word_1_353' title='bbox 256 4185 476 4239; x_wconf 88' lang='lat' dir='ltr'>eodem</span> <span class='ocrx_word' id='word_1_354' title='bbox 511 4182 580 4237; x_wconf 89' lang='lat' dir='ltr'>H.</span> <span class='ocrx_word' id='word_1_355' title='bbox 614 4179 664 4234; x_wconf 81' lang='grc' dir='ltr'>τί</span> <span class='ocrx_word' id='word_1_356' title='bbox 696 4179 785 4235; x_wconf 78' lang='grc' dir='ltr'>οὖν</span> <span class='ocrx_word' id='word_1_357' title='bbox 820 4180 992 4234; x_wconf 71' lang='grc' dir='ltr'>ἐκεῖνο</span> <span class='ocrx_word' id='word_1_358' title='bbox 1023 4181 1083 4234; x_wconf 84' lang='grc' dir='ltr'>τὸ</span> <span class='ocrx_word' id='word_1_359' title='bbox 1117 4176 1410 4252; x_wconf 79' lang='grc' dir='ltr'>διάστημα.</span> <span class='ocrx_word' id='word_1_360' title='bbox 1447 4181 1592 4236; x_wconf 88' lang='lat' dir='ltr'>Ibid.</span> <span class='ocrx_word' id='word_1_361' title='bbox 1629 4181 1914 4247; x_wconf 80' lang='lat' dir='ltr'>infra,Sed</span> 
     </span>
    </p>
   </div>
   <div class='ocr_carea' id='block_1_48' title="bbox 259 4269 1915 4340">
    <p class='ocr_par' dir='ltr' id='par_1_48' title="bbox 259 4269 1915 4340">
     <span class='ocr_line' id='line_1_48' title="bbox 259 4269 1915 4340; baseline -0.003 -11"><span class='ocrx_word' id='word_1_362' title='bbox 259 4273 510 4330; x_wconf 79' lang='lat' dir='ltr'>videtur.</span> <span class='ocrx_word' id='word_1_363' title='bbox 542 4275 673 4326; x_wconf 66' lang='lat' dir='ltr'>Haec</span> <span class='ocrx_word' id='word_1_364' title='bbox 702 4271 1016 4326; x_wconf 87' lang='lat' dir='ltr'>immutata</span> <span class='ocrx_word' id='word_1_365' title='bbox 1045 4274 1204 4337; x_wconf 90' lang='lat' dir='ltr'>sunt,</span> <span class='ocrx_word' id='word_1_366' title='bbox 1237 4269 1354 4324; x_wconf 88' lang='lat' dir='ltr'>illis</span> <span class='ocrx_word' id='word_1_367' title='bbox 1384 4270 1608 4340; x_wconf 89' lang='lat' dir='ltr'>ejectis,</span> <span class='ocrx_word' id='word_1_368' title='bbox 1640 4293 1667 4320; x_wconf 83' lang='lat'><strong><em>«</em></strong></span> <span class='ocrx_word' id='word_1_369' title='bbox 1704 4269 1915 4326; x_wconf 89' lang='lat' dir='ltr'>Verum</span> 
     </span>
    </p>
   </div>
   <div class='ocr_carea' id='block_1_49' title="bbox 2001 757 3646 842">
    <p class='ocr_par' dir='ltr' id='par_1_49' title="bbox 2001 757 3646 842">
     <span class='ocr_line' id='line_1_49' title="bbox 2001 757 3646 842; baseline 0.01 -31"><span class='ocrx_word' id='word_1_370' title='bbox 2001 757 2126 833; x_wconf 74' lang='grc' dir='ltr'><strong>ἐγὼ,</strong></span> <span class='ocrx_word' id='word_1_371' title='bbox 2154 761 2242 813; x_wconf 77' lang='grc' dir='ltr'>καὶ</span> <span class='ocrx_word' id='word_1_372' title='bbox 2276 761 2303 814; x_wconf 82' lang='grc' dir='ltr'>ὁ</span> <span class='ocrx_word' id='word_1_373' title='bbox 2335 762 2551 836; x_wconf 69' lang='grc' dir='ltr'>πέμψας</span> <span class='ocrx_word' id='word_1_374' title='bbox 2605 785 2670 836; x_wconf 85' lang='grc' dir='ltr'>με</span> <span class='ocrx_word' id='word_1_375' title='bbox 2722 768 2927 841; x_wconf 65' lang='grc' dir='ltr'>Πατήρ⁶</span> <span class='ocrx_word' id='word_1_376' title='bbox 2964 770 3104 837; x_wconf 84' lang='lat' dir='ltr'>Quia</span> <span class='ocrx_word' id='word_1_377' title='bbox 3152 771 3298 825; x_wconf 80' lang='lat' dir='ltr'>solus</span> <span class='ocrx_word' id='word_1_378' title='bbox 3347 787 3455 828; x_wconf 85' lang='lat' dir='ltr'>non</span> <span class='ocrx_word' id='word_1_379' title='bbox 3503 788 3646 842; x_wconf 75' lang='lat' dir='ltr'>sum,</span> 
     </span>
    </p>
   </div>
   <div class='ocr_carea' id='block_1_50' title="bbox 1999 850 3645 932">
    <p class='ocr_par' dir='ltr' id='par_1_50' title="bbox 1999 850 3645 932">
     <span class='ocr_line' id='line_1_50' title="bbox 1999 850 3645 932; baseline 0.008 -28"><span class='ocrx_word' id='word_1_380' title='bbox 1999 850 2091 905; x_wconf 83' lang='lat' dir='ltr'>sed</span> <span class='ocrx_word' id='word_1_381' title='bbox 2119 867 2235 920; x_wconf 88' lang='lat' dir='ltr'>ego,</span> <span class='ocrx_word' id='word_1_382' title='bbox 2267 855 2317 906; x_wconf 78' lang='lat' dir='ltr'>et</span> <span class='ocrx_word' id='word_1_383' title='bbox 2347 855 2445 924; x_wconf 78' lang='lat' dir='ltr'>qui</span> <span class='ocrx_word' id='word_1_384' title='bbox 2491 856 2645 909; x_wconf 82' lang='lat' dir='ltr'>misit</span> <span class='ocrx_word' id='word_1_385' title='bbox 2690 873 2776 911; x_wconf 86' lang='lat' dir='ltr'>me</span> <span class='ocrx_word' id='word_1_386' title='bbox 2822 863 3023 920; x_wconf 83' lang='lat' dir='ltr'>Pater;</span> <span class='ocrx_word' id='word_1_387' title='bbox 3055 858 3141 914; x_wconf 85' lang='lat' dir='ltr'>vel</span> <span class='ocrx_word' id='word_1_388' title='bbox 3172 875 3240 915; x_wconf 86' lang='lat' dir='ltr'>ex</span> <span class='ocrx_word' id='word_1_389' title='bbox 3270 877 3374 929; x_wconf 82' lang='lat' dir='ltr'>x11,</span> <span class='ocrx_word' id='word_1_390' title='bbox 3407 861 3478 915; x_wconf 88' lang='grc'>49</span> <span class='ocrx_word' id='word_1_391' title='bbox 3510 878 3522 916; x_wconf 92' lang='lat'>:</span> <span class='ocrx_word' id='word_1_392' title='bbox 3556 860 3645 932; x_wconf 76' lang='grc' dir='ltr'>Ἐξ</span> 
     </span>
    </p>
   </div>
   <div class='ocr_carea' id='block_1_51' title="bbox 2002 936 3645 1024">
    <p class='ocr_par' dir='ltr' id='par_1_51' title="bbox 2002 936 3645 1024">
     <span class='ocr_line' id='line_1_51' title="bbox 2002 936 3645 1024; baseline 0.008 -33"><span class='ocrx_word' id='word_1_393' title='bbox 2002 936 2238 1010; x_wconf 75' lang='grc' dir='ltr'>ἐμαυτοῦ</span> <span class='ocrx_word' id='word_1_394' title='bbox 2297 939 2397 994; x_wconf 81' lang='grc' dir='ltr'>οὐκ</span> <span class='ocrx_word' id='word_1_395' title='bbox 2447 940 2714 1012; x_wconf 83' lang='grc' dir='ltr'>ἐλαλησα,</span> <span class='ocrx_word' id='word_1_396' title='bbox 2761 941 2888 998; x_wconf 81' lang='grc' dir='ltr'>ἀλλ’</span> <span class='ocrx_word' id='word_1_397' title='bbox 2946 946 2972 999; x_wconf 88' lang='grc' dir='ltr'>ὁ</span> <span class='ocrx_word' id='word_1_398' title='bbox 3031 944 3246 1021; x_wconf 67' lang='grc' dir='ltr'>πέμψας</span> <span class='ocrx_word' id='word_1_399' title='bbox 3309 967 3374 1020; x_wconf 75' lang='grc' dir='ltr'><strong>με</strong></span> <span class='ocrx_word' id='word_1_400' title='bbox 3433 949 3645 1024; x_wconf 79' lang='grc' dir='ltr'>Πατήρ.</span> 
     </span>
    </p>
   </div>
   <div class='ocr_carea' id='block_1_52' title="bbox 2001 1031 3644 1109">
    <p class='ocr_par' dir='ltr' id='par_1_52' title="bbox 2001 1031 3644 1109">
     <span class='ocr_line' id='line_1_52' title="bbox 2001 1031 3644 1109; baseline 0.009 -27"><span class='ocrx_word' id='word_1_401' title='bbox 2001 1031 2084 1083; x_wconf 72' lang='lat' dir='ltr'>Ea:</span> <span class='ocrx_word' id='word_1_402' title='bbox 2114 1031 2316 1101; x_wconf 78' lang='lat' dir='ltr'>meipso</span> <span class='ocrx_word' id='word_1_403' title='bbox 2345 1047 2457 1086; x_wconf 78' lang='lat' dir='ltr'>non</span> <span class='ocrx_word' id='word_1_404' title='bbox 2489 1049 2609 1087; x_wconf 85' lang='lat' dir='ltr'>sum</span> <span class='ocrx_word' id='word_1_405' title='bbox 2641 1035 2874 1100; x_wconf 84' lang='lat' dir='ltr'>locutus,</span> <span class='ocrx_word' id='word_1_406' title='bbox 2903 1035 2997 1091; x_wconf 83' lang='lat' dir='ltr'>sed</span> <span class='ocrx_word' id='word_1_407' title='bbox 3023 1037 3118 1109; x_wconf 84' lang='lat' dir='ltr'>qui</span> <span class='ocrx_word' id='word_1_408' title='bbox 3145 1039 3294 1094; x_wconf 79' lang='lat' dir='ltr'>misit</span> <span class='ocrx_word' id='word_1_409' title='bbox 3322 1055 3408 1094; x_wconf 82' lang='lat' dir='ltr'>me</span> <span class='ocrx_word' id='word_1_410' title='bbox 3454 1043 3644 1097; x_wconf 73' lang='lat' dir='ltr'>Pater.</span> 
     </span>
    </p>
   </div>
   <div class='ocr_carea' id='block_1_53' title="bbox 2001 1118 3644 1195">
    <p class='ocr_par' dir='ltr' id='par_1_53' title="bbox 2001 1118 3644 1195">
     <span class='ocr_line' id='line_1_53' title="bbox 2001 1118 3644 1195; baseline 0.01 -24"><span class='ocrx_word' id='word_1_411' title='bbox 2001 1118 2144 1173; x_wconf 88' lang='lat' dir='ltr'>Cum</span> <span class='ocrx_word' id='word_1_412' title='bbox 2176 1119 2356 1191; x_wconf 82' lang='lat' dir='ltr'>igitur</span> <span class='ocrx_word' id='word_1_413' title='bbox 2386 1121 2505 1177; x_wconf 83' lang='lat' dir='ltr'>haec</span> <span class='ocrx_word' id='word_1_414' title='bbox 2546 1124 2626 1178; x_wconf 90' lang='lat' dir='ltr'>ita</span> <span class='ocrx_word' id='word_1_415' title='bbox 2648 1125 2907 1194; x_wconf 85' lang='lat' dir='ltr'>junxerit</span> <span class='ocrx_word' id='word_1_416' title='bbox 2941 1126 3211 1195; x_wconf 87' lang='lat' dir='ltr'>Basilius,</span> <span class='ocrx_word' id='word_1_417' title='bbox 3245 1128 3432 1184; x_wconf 84' lang='lat' dir='ltr'>ﬁdelis</span> <span class='ocrx_word' id='word_1_418' title='bbox 3462 1129 3644 1186; x_wconf 84' lang='lat' dir='ltr'>inter-</span> 
     </span>
    </p>
   </div>
   <div class='ocr_carea' id='block_1_54' title="bbox 2003 1209 3646 1286">
    <p class='ocr_par' dir='ltr' id='par_1_54' title="bbox 2003 1209 3646 1286">
     <span class='ocr_line' id='line_1_54' title="bbox 2003 1209 3646 1286; baseline 0.009 -24"><span class='ocrx_word' id='word_1_419' title='bbox 2003 1210 2184 1280; x_wconf 89' lang='lat' dir='ltr'>pretis</span> <span class='ocrx_word' id='word_1_420' title='bbox 2215 1210 2324 1266; x_wconf 83' lang='lat' dir='ltr'>fuit</span> <span class='ocrx_word' id='word_1_421' title='bbox 2347 1211 2485 1281; x_wconf 69' lang='lat' dir='ltr'>haec,</span> <span class='ocrx_word' id='word_1_422' title='bbox 2514 1213 2596 1268; x_wconf 89' lang='lat' dir='ltr'>uti</span> <span class='ocrx_word' id='word_1_423' title='bbox 2627 1218 2792 1270; x_wconf 89' lang='lat' dir='ltr'>erant</span> <span class='ocrx_word' id='word_1_424' title='bbox 2822 1214 2882 1271; x_wconf 89' lang='lat' dir='ltr'>in</span> <span class='ocrx_word' id='word_1_425' title='bbox 2912 1216 3146 1286; x_wconf 65' lang='lat' dir='ltr'>Graecis,</span> <span class='ocrx_word' id='word_1_426' title='bbox 3169 1209 3371 1273; x_wconf 87' lang='lat' dir='ltr'>Latine</span> <span class='ocrx_word' id='word_1_427' title='bbox 3401 1235 3646 1276; x_wconf 87' lang='lat' dir='ltr'>conver-</span> 
     </span>
    </p>
   </div>
   <div class='ocr_carea' id='block_1_55' title="bbox 2002 1301 3651 1377">
    <p class='ocr_par' dir='ltr' id='par_1_55' title="bbox 2002 1301 3651 1377">
     <span class='ocr_line' id='line_1_55' title="bbox 2002 1301 3651 1377; baseline 0.007 -25"><span class='ocrx_word' id='word_1_428' title='bbox 2002 1302 2144 1364; x_wconf 88' lang='lat' dir='ltr'>tere,</span> <span class='ocrx_word' id='word_1_429' title='bbox 2171 1315 2284 1354; x_wconf 89' lang='lat' dir='ltr'>non</span> <span class='ocrx_word' id='word_1_430' title='bbox 2307 1301 2696 1371; x_wconf 89' lang='lat' dir='ltr'>supprimere,</span> <span class='ocrx_word' id='word_1_431' title='bbox 2723 1308 2786 1358; x_wconf 86' lang='lat' dir='ltr'>ut</span> <span class='ocrx_word' id='word_1_432' title='bbox 2816 1305 3148 1377; x_wconf 88' lang='lat' dir='ltr'>suppressit</span> <span class='ocrx_word' id='word_1_433' title='bbox 3165 1306 3304 1362; x_wconf 87' lang='lat' dir='ltr'>The.</span> <span class='ocrx_word' id='word_1_434' title='bbox 3325 1307 3474 1364; x_wconf 90' lang='lat' dir='ltr'>Beza</span> <span class='ocrx_word' id='word_1_435' title='bbox 3503 1309 3651 1364; x_wconf 89' lang='lat' dir='ltr'>duo-</span> 
     </span>
    </p>
   </div>
   <div class='ocr_carea' id='block_1_56' title="bbox 2003 1387 3653 1468">
    <p class='ocr_par' dir='ltr' id='par_1_56' title="bbox 2003 1387 3653 1468">
     <span class='ocr_line' id='line_1_56' title="bbox 2003 1387 3653 1468; baseline 0.006 -27"><span class='ocrx_word' id='word_1_436' title='bbox 2003 1387 2115 1443; x_wconf 91' lang='lat' dir='ltr'>bus</span> <span class='ocrx_word' id='word_1_437' title='bbox 2145 1387 2308 1454; x_wconf 91' lang='lat' dir='ltr'>locis,</span> <span class='ocrx_word' id='word_1_438' title='bbox 2341 1405 2396 1458; x_wconf 90' lang='lat' dir='ltr'>p.</span> <span class='ocrx_word' id='word_1_439' title='bbox 2430 1390 2535 1445; x_wconf 87' lang='lat'>260</span> <span class='ocrx_word' id='word_1_440' title='bbox 2562 1396 2620 1446; x_wconf 86' lang='lat' dir='ltr'>et</span> <span class='ocrx_word' id='word_1_441' title='bbox 2650 1408 2707 1462; x_wconf 88' lang='lat' dir='ltr'>p.</span> <span class='ocrx_word' id='word_1_442' title='bbox 2751 1393 2880 1463; x_wconf 84' lang='lat'>263,</span> <span class='ocrx_word' id='word_1_443' title='bbox 2918 1395 3182 1451; x_wconf 89' lang='lat' dir='ltr'>scribens</span> <span class='ocrx_word' id='word_1_444' title='bbox 3212 1400 3466 1468; x_wconf 89' lang='lat' dir='ltr'>tantum,</span> <span class='ocrx_word' id='word_1_445' title='bbox 3488 1398 3653 1455; x_wconf 75' lang='lat' dir='ltr'>Pater</span> 
     </span>
    </p>
   </div>
   <div class='ocr_carea' id='block_1_57' title="bbox 2002 1476 3650 1547">
    <p class='ocr_par' dir='ltr' id='par_1_57' title="bbox 2002 1476 3650 1547">
     <span class='ocr_line' id='line_1_57' title="bbox 2002 1476 3650 1547; baseline 0.007 -16"><span class='ocrx_word' id='word_1_446' title='bbox 2002 1476 2182 1547; x_wconf 85' lang='lat' dir='ltr'>major</span> <span class='ocrx_word' id='word_1_447' title='bbox 2208 1493 2294 1532; x_wconf 90' lang='lat' dir='ltr'>me</span> <span class='ocrx_word' id='word_1_448' title='bbox 2323 1487 2422 1533; x_wconf 79' lang='lat' dir='ltr'>est.</span> <span class='ocrx_word' id='word_1_449' title='bbox 2457 1479 2737 1534; x_wconf 84' lang='lat' dir='ltr'>Eumdem</span> <span class='ocrx_word' id='word_1_450' title='bbox 2776 1481 2971 1537; x_wconf 87' lang='lat' dir='ltr'>locum</span> <span class='ocrx_word' id='word_1_451' title='bbox 3021 1486 3302 1540; x_wconf 86' lang='lat' dir='ltr'>adversus</span> <span class='ocrx_word' id='word_1_452' title='bbox 3329 1486 3650 1542; x_wconf 87' lang='lat' dir='ltr'>Eunomia-</span> 
     </span>
    </p>
   </div>
   <div class='ocr_carea' id='block_1_58' title="bbox 2005 1566 3644 1647">
    <p class='ocr_par' dir='ltr' id='par_1_58' title="bbox 2005 1566 3644 1647">
     <span class='ocr_line' id='line_1_58' title="bbox 2005 1566 3644 1647; baseline 0.007 -27"><span class='ocrx_word' id='word_1_453' title='bbox 2005 1583 2111 1621; x_wconf 92' lang='lat' dir='ltr'>nos</span> <span class='ocrx_word' id='word_1_454' title='bbox 2141 1571 2196 1621; x_wconf 91' lang='lat' dir='ltr'>et</span> <span class='ocrx_word' id='word_1_455' title='bbox 2228 1566 2476 1623; x_wconf 87' lang='lat' dir='ltr'>Arianos</span> <span class='ocrx_word' id='word_1_456' title='bbox 2506 1573 2816 1626; x_wconf 86' lang='lat' dir='ltr'>tractatum</span> <span class='ocrx_word' id='word_1_457' title='bbox 2847 1571 3105 1628; x_wconf 72' lang='lat' dir='ltr'>offendes</span> <span class='ocrx_word' id='word_1_458' title='bbox 3135 1572 3239 1629; x_wconf 89' lang='lat' dir='ltr'>lib.</span> <span class='ocrx_word' id='word_1_459' title='bbox 3272 1590 3350 1639; x_wconf 81' lang='grc' dir='ltr'>ιν,</span> <span class='ocrx_word' id='word_1_460' title='bbox 3381 1579 3439 1630; x_wconf 90' lang='lat' dir='ltr'>et</span> <span class='ocrx_word' id='word_1_461' title='bbox 3466 1576 3644 1647; x_wconf 89' lang='lat' dir='ltr'>epist.</span> 
     </span>
    </p>
   </div>
   <div class='ocr_carea' id='block_1_59' title="bbox 2005 1656 3658 1732">
    <p class='ocr_par' dir='ltr' id='par_1_59' title="bbox 2005 1656 3658 1732">
     <span class='ocr_line' id='line_1_59' title="bbox 2005 1656 3658 1732; baseline 0.007 -23"><span class='ocrx_word' id='word_1_462' title='bbox 2005 1656 2104 1710; x_wconf 88' lang='grc'>141</span> <span class='ocrx_word' id='word_1_463' title='bbox 2140 1657 2208 1711; x_wconf 87' lang='lat' dir='ltr'>ad</span> <span class='ocrx_word' id='word_1_464' title='bbox 2253 1657 2662 1726; x_wconf 57' lang='lat' dir='ltr'>Casarienses,</span> <span class='ocrx_word' id='word_1_465' title='bbox 2690 1664 2747 1715; x_wconf 89' lang='lat' dir='ltr'>et</span> <span class='ocrx_word' id='word_1_466' title='bbox 2796 1663 2948 1732; x_wconf 85' lang='lat' dir='ltr'>apud</span> <span class='ocrx_word' id='word_1_467' title='bbox 2999 1661 3413 1731; x_wconf 82' lang='lat' dir='ltr'>Athanasium,</span> <span class='ocrx_word' id='word_1_468' title='bbox 3443 1667 3589 1720; x_wconf 89' lang='lat' dir='ltr'>orat.</span> <span class='ocrx_word' id='word_1_469' title='bbox 3621 1669 3658 1719; x_wconf 88' lang='lat'><strong>2</strong></span> 
     </span>
    </p>
   </div>
   <div class='ocr_carea' id='block_1_60' title="bbox 2005 1745 3655 1822">
    <p class='ocr_par' dir='ltr' id='par_1_60' title="bbox 2005 1745 3655 1822">
     <span class='ocr_line' id='line_1_60' title="bbox 2005 1745 3655 1822; baseline 0.004 -23"><span class='ocrx_word' id='word_1_470' title='bbox 2005 1745 2270 1800; x_wconf 83' lang='lat' dir='ltr'>adversus</span> <span class='ocrx_word' id='word_1_471' title='bbox 2318 1749 2573 1817; x_wconf 80' lang='lat' dir='ltr'>Ariunos,</span> <span class='ocrx_word' id='word_1_472' title='bbox 2624 1766 2680 1820; x_wconf 89' lang='lat' dir='ltr'>p.</span> <span class='ocrx_word' id='word_1_473' title='bbox 2737 1749 2833 1804; x_wconf 87' lang='lat'><strong>181</strong></span> <span class='ocrx_word' id='word_1_474' title='bbox 2870 1747 3086 1805; x_wconf 75' lang='grc' dir='ltr'>εἈλλὰ</span> <span class='ocrx_word' id='word_1_475' title='bbox 3145 1749 3345 1822; x_wconf 80' lang='grc' dir='ltr'>μείζων</span> <span class='ocrx_word' id='word_1_476' title='bbox 3390 1752 3530 1806; x_wconf 70' lang='grc' dir='ltr'>εἶπεν</span> <span class='ocrx_word' id='word_1_477' title='bbox 3592 1751 3655 1806; x_wconf 83' lang='grc' dir='ltr'>οὐ</span> 
     </span>
    </p>
   </div>
   <div class='ocr_carea' id='block_1_61' title="bbox 2011 1832 3651 1912">
    <p class='ocr_par' dir='ltr' id='par_1_61' title="bbox 2011 1832 3651 1912">
     <span class='ocr_line' id='line_1_61' title="bbox 2011 1832 3651 1912; baseline 0.005 -23"><span class='ocrx_word' id='word_1_478' title='bbox 2011 1835 2219 1908; x_wconf 74' lang='grc' dir='ltr'>μεγέθει</span> <span class='ocrx_word' id='word_1_479' title='bbox 2251 1832 2376 1889; x_wconf 75' lang='grc' dir='ltr'>οὐδὲ</span> <span class='ocrx_word' id='word_1_480' title='bbox 2407 1835 2616 1910; x_wconf 82' lang='grc' dir='ltr'>χρόνῳ,</span> <span class='ocrx_word' id='word_1_481' title='bbox 2652 1834 2798 1892; x_wconf 75' lang='grc' dir='ltr'>ἀλλὰ</span> <span class='ocrx_word' id='word_1_482' title='bbox 2825 1837 2914 1892; x_wconf 73' lang='grc' dir='ltr'>διὰ</span> <span class='ocrx_word' id='word_1_483' title='bbox 2942 1842 3043 1907; x_wconf 70' lang='grc' dir='ltr'>τὴν</span> <span class='ocrx_word' id='word_1_484' title='bbox 3089 1839 3138 1912; x_wconf 80' lang='grc' dir='ltr'>ἐξ</span> <span class='ocrx_word' id='word_1_485' title='bbox 3185 1839 3350 1895; x_wconf 80' lang='grc' dir='ltr'>αὐτοῦ</span> <span class='ocrx_word' id='word_1_486' title='bbox 3397 1845 3492 1896; x_wconf 78' lang='grc' dir='ltr'>τοῦ</span> <span class='ocrx_word' id='word_1_487' title='bbox 3541 1847 3651 1897; x_wconf 76' lang='grc' dir='ltr'>Πα-</span> 
     </span>
    </p>
   </div>
   <div class='ocr_carea' id='block_1_62' title="bbox 2002 1923 3649 2004">
    <p class='ocr_par' dir='ltr' id='par_1_62' title="bbox 2002 1923 3649 2004">
     <span class='ocr_line' id='line_1_62' title="bbox 2002 1923 3649 2004; baseline 0.006 -26"><span class='ocrx_word' id='word_1_488' title='bbox 2002 1924 2131 1998; x_wconf 79' lang='grc' dir='ltr'>τρὸς</span> <span class='ocrx_word' id='word_1_489' title='bbox 2161 1923 2432 1998; x_wconf 67' lang='grc' dir='ltr'>γέννησιν·</span> <span class='ocrx_word' id='word_1_490' title='bbox 2466 1949 2492 1976; x_wconf 90' lang='grc'>‹‹</span> <span class='ocrx_word' id='word_1_491' title='bbox 2522 1927 2706 1997; x_wconf 87' lang='lat' dir='ltr'>Major</span> <span class='ocrx_word' id='word_1_492' title='bbox 2737 1945 2830 1983; x_wconf 90' lang='lat' dir='ltr'>me</span> <span class='ocrx_word' id='word_1_493' title='bbox 2860 1933 2950 1984; x_wconf 89' lang='lat' dir='ltr'>est</span> <span class='ocrx_word' id='word_1_494' title='bbox 2979 1947 3095 1986; x_wconf 91' lang='lat' dir='ltr'>non</span> <span class='ocrx_word' id='word_1_495' title='bbox 3137 1930 3377 2001; x_wconf 90' lang='lat' dir='ltr'>quidem</span> <span class='ocrx_word' id='word_1_496' title='bbox 3421 1932 3649 2004; x_wconf 86' lang='lat' dir='ltr'>magni-</span> 
     </span>
    </p>
   </div>
   <div class='ocr_carea' id='block_1_63' title="bbox 2003 2015 3645 2091">
    <p class='ocr_par' dir='ltr' id='par_1_63' title="bbox 2003 2015 3645 2091">
     <span class='ocr_line' id='line_1_63' title="bbox 2003 2015 3645 2091; baseline 0.005 -22"><span class='ocrx_word' id='word_1_497' title='bbox 2003 2015 2209 2070; x_wconf 77' lang='lat' dir='ltr'>tudine</span> <span class='ocrx_word' id='word_1_498' title='bbox 2240 2020 2341 2070; x_wconf 88' lang='lat' dir='ltr'>aut</span> <span class='ocrx_word' id='word_1_499' title='bbox 2371 2020 2555 2086; x_wconf 64' lang='lat' dir='ltr'>astate,</span> <span class='ocrx_word' id='word_1_500' title='bbox 2588 2018 2690 2072; x_wconf 90' lang='lat' dir='ltr'>sed</span> <span class='ocrx_word' id='word_1_501' title='bbox 2724 2018 2863 2088; x_wconf 89' lang='lat' dir='ltr'>quia</span> <span class='ocrx_word' id='word_1_502' title='bbox 2894 2035 2962 2074; x_wconf 83' lang='lat' dir='ltr'>ex</span> <span class='ocrx_word' id='word_1_503' title='bbox 3000 2018 3098 2074; x_wconf 93' lang='lat' dir='ltr'>illo</span> <span class='ocrx_word' id='word_1_504' title='bbox 3138 2024 3332 2076; x_wconf 85' lang='lat' dir='ltr'>ortum</span> <span class='ocrx_word' id='word_1_505' title='bbox 3387 2020 3584 2091; x_wconf 86' lang='lat' dir='ltr'>habet,</span> <span class='ocrx_word' id='word_1_506' title='bbox 3618 2045 3645 2073; x_wconf 83' lang='grc'>››</span> 
     </span>
    </p>
   </div>
   <div class='ocr_carea' id='block_1_64' title="bbox 2005 2105 3650 2181">
    <p class='ocr_par' dir='ltr' id='par_1_64' title="bbox 2005 2105 3650 2181">
     <span class='ocr_line' id='line_1_64' title="bbox 2005 2105 3650 2181; baseline 0.004 -21"><span class='ocrx_word' id='word_1_507' title='bbox 2005 2110 2063 2160; x_wconf 91' lang='lat' dir='ltr'>et</span> <span class='ocrx_word' id='word_1_508' title='bbox 2094 2105 2152 2160; x_wconf 88' lang='lat' dir='ltr'>in</span> <span class='ocrx_word' id='word_1_509' title='bbox 2186 2105 2334 2159; x_wconf 91' lang='lat' dir='ltr'>libro</span> <span class='ocrx_word' id='word_1_510' title='bbox 2360 2107 2432 2160; x_wconf 91' lang='lat' dir='ltr'>De</span> <span class='ocrx_word' id='word_1_511' title='bbox 2460 2107 2706 2161; x_wconf 85' lang='lat' dir='ltr'>humana</span> <span class='ocrx_word' id='word_1_512' title='bbox 2730 2117 2934 2163; x_wconf 76' lang='lat' dir='ltr'>natura</span> <span class='ocrx_word' id='word_1_513' title='bbox 2962 2114 3230 2180; x_wconf 82' lang='lat' dir='ltr'>suscepta,</span> <span class='ocrx_word' id='word_1_514' title='bbox 3260 2115 3317 2165; x_wconf 91' lang='lat' dir='ltr'>et</span> <span class='ocrx_word' id='word_1_515' title='bbox 3362 2112 3516 2181; x_wconf 83' lang='lat' dir='ltr'>apud</span> <span class='ocrx_word' id='word_1_516' title='bbox 3548 2111 3650 2166; x_wconf 79' lang='grc' dir='ltr'>Ηί-</span> 
     </span>
    </p>
   </div>
   <div class='ocr_carea' id='block_1_65' title="bbox 2007 2193 3649 2271">
    <p class='ocr_par' dir='ltr' id='par_1_65' title="bbox 2007 2193 3649 2271">
     <span class='ocr_line' id='line_1_65' title="bbox 2007 2193 3649 2271; baseline 0.005 -23"><span class='ocrx_word' id='word_1_517' title='bbox 2007 2193 2219 2250; x_wconf 89' lang='lat' dir='ltr'>larium</span> <span class='ocrx_word' id='word_1_518' title='bbox 2254 2194 2354 2249; x_wconf 90' lang='lat' dir='ltr'>lib.</span> <span class='ocrx_word' id='word_1_519' title='bbox 2390 2212 2444 2249; x_wconf 77' lang='lat' dir='ltr'>ix</span> <span class='ocrx_word' id='word_1_520' title='bbox 2476 2197 2550 2251; x_wconf 88' lang='lat' dir='ltr'>De</span> <span class='ocrx_word' id='word_1_521' title='bbox 2584 2197 2866 2267; x_wconf 76' lang='lat' dir='ltr'>Trinitate,</span> <span class='ocrx_word' id='word_1_522' title='bbox 2899 2202 2956 2252; x_wconf 90' lang='lat' dir='ltr'>et</span> <span class='ocrx_word' id='word_1_523' title='bbox 2985 2197 3044 2252; x_wconf 90' lang='lat' dir='ltr'>in</span> <span class='ocrx_word' id='word_1_524' title='bbox 3075 2197 3226 2254; x_wconf 91' lang='lat' dir='ltr'>libro</span> <span class='ocrx_word' id='word_1_525' title='bbox 3273 2200 3349 2255; x_wconf 86' lang='lat' dir='ltr'>De</span> <span class='ocrx_word' id='word_1_526' title='bbox 3391 2201 3649 2271; x_wconf 75' lang='lat' dir='ltr'>synodis,</span> 
     </span>
    </p>
   </div>
   <div class='ocr_carea' id='block_1_66' title="bbox 2008 2285 3652 2359">
    <p class='ocr_par' dir='ltr' id='par_1_66' title="bbox 2008 2285 3652 2359">
     <span class='ocr_line' id='line_1_66' title="bbox 2008 2285 3652 2359; baseline 0.004 -20"><span class='ocrx_word' id='word_1_527' title='bbox 2008 2289 2065 2340; x_wconf 90' lang='lat' dir='ltr'>et</span> <span class='ocrx_word' id='word_1_528' title='bbox 2093 2288 2262 2356; x_wconf 89' lang='lat' dir='ltr'>Greg.</span> <span class='ocrx_word' id='word_1_529' title='bbox 2297 2285 2430 2340; x_wconf 88' lang='lat' dir='ltr'>Naz.</span> <span class='ocrx_word' id='word_1_530' title='bbox 2465 2289 2610 2342; x_wconf 88' lang='lat' dir='ltr'>orat.</span> <span class='ocrx_word' id='word_1_531' title='bbox 2642 2287 2673 2340; x_wconf 90' lang='grc'>4</span> <span class='ocrx_word' id='word_1_532' title='bbox 2705 2286 2775 2342; x_wconf 88' lang='lat' dir='ltr'>de</span> <span class='ocrx_word' id='word_1_533' title='bbox 2805 2286 3280 2359; x_wconf 84' lang='lat' dir='ltr'>theologia.Vide</span> <span class='ocrx_word' id='word_1_534' title='bbox 3311 2287 3487 2344; x_wconf 87' lang='lat' dir='ltr'>etiam</span> <span class='ocrx_word' id='word_1_535' title='bbox 3519 2289 3652 2345; x_wconf 88' lang='lat' dir='ltr'>Bel-</span> 
     </span>
    </p>
   </div>
   <div class='ocr_carea' id='block_1_67' title="bbox 2007 2374 3654 2451">
    <p class='ocr_par' dir='ltr' id='par_1_67' title="bbox 2007 2374 3654 2451">
     <span class='ocr_line' id='line_1_67' title="bbox 2007 2374 3654 2451; baseline 0.002 -22"><span class='ocrx_word' id='word_1_536' title='bbox 2007 2374 2327 2430; x_wconf 89' lang='lat' dir='ltr'>larminum</span> <span class='ocrx_word' id='word_1_537' title='bbox 2351 2375 2509 2431; x_wconf 90' lang='lat' dir='ltr'>card.</span> <span class='ocrx_word' id='word_1_538' title='bbox 2534 2374 2860 2446; x_wconf 88' lang='lat' dir='ltr'>illustriss.,</span> <span class='ocrx_word' id='word_1_539' title='bbox 2894 2376 2997 2432; x_wconf 93' lang='lat' dir='ltr'>lib.</span> <span class='ocrx_word' id='word_1_540' title='bbox 3021 2394 3039 2432; x_wconf 89' lang='lat'>1</span> <span class='ocrx_word' id='word_1_541' title='bbox 3061 2379 3134 2434; x_wconf 88' lang='lat' dir='ltr'>De</span> <span class='ocrx_word' id='word_1_542' title='bbox 3165 2376 3400 2446; x_wconf 79' lang='lat' dir='ltr'>Christo,</span> <span class='ocrx_word' id='word_1_543' title='bbox 3419 2395 3545 2451; x_wconf 91' lang='lat' dir='ltr'>cap.</span> <span class='ocrx_word' id='word_1_544' title='bbox 3568 2379 3654 2434; x_wconf 87' lang='lat'>16.</span> 
     </span>
    </p>
   </div>
   <div class='ocr_carea' id='block_1_68' title="bbox 2079 2481 3653 2557">
    <p class='ocr_par' dir='ltr' id='par_1_68' title="bbox 2079 2481 3653 2557">
     <span class='ocr_line' id='line_1_68' title="bbox 2079 2481 3653 2557; baseline 0.003 -19"><span class='ocrx_word' id='word_1_545' title='bbox 2079 2481 2199 2538; x_wconf 91' lang='lat' dir='ltr'>Col.</span> <span class='ocrx_word' id='word_1_546' title='bbox 2257 2483 2362 2536; x_wconf 87' lang='lat'>570</span> <span class='ocrx_word' id='word_1_547' title='bbox 2415 2487 2477 2537; x_wconf 92' lang='lat' dir='ltr'>B.</span> <span class='ocrx_word' id='word_1_548' title='bbox 2511 2482 2912 2555; x_wconf 83' lang='lat' dir='ltr'>Comparative.</span> <span class='ocrx_word' id='word_1_549' title='bbox 2946 2483 3098 2552; x_wconf 91' lang='lat' dir='ltr'>Non,</span> <span class='ocrx_word' id='word_1_550' title='bbox 3158 2485 3653 2557; x_wconf 88' lang='lat' dir='ltr'>comparationem</span> 
     </span>
    </p>
   </div>
   <div class='ocr_carea' id='block_1_69' title="bbox 2010 2571 3660 2646">
    <p class='ocr_par' dir='ltr' id='par_1_69' title="bbox 2010 2571 3660 2646">
     <span class='ocr_line' id='line_1_69' title="bbox 2010 2571 3660 2646; baseline 0.001 -18"><span class='ocrx_word' id='word_1_551' title='bbox 2010 2571 2273 2642; x_wconf 89' lang='lat' dir='ltr'>majoris,</span> <span class='ocrx_word' id='word_1_552' title='bbox 2298 2576 2364 2627; x_wconf 91' lang='lat' dir='ltr'>ut</span> <span class='ocrx_word' id='word_1_553' title='bbox 2383 2573 2644 2629; x_wconf 88' lang='lat' dir='ltr'>ediderat</span> <span class='ocrx_word' id='word_1_554' title='bbox 2665 2573 2972 2646; x_wconf 88' lang='lat' dir='ltr'>interpres,</span> <span class='ocrx_word' id='word_1_555' title='bbox 2996 2575 3119 2644; x_wconf 91' lang='lat' dir='ltr'>sed,</span> <span class='ocrx_word' id='word_1_556' title='bbox 3145 2575 3362 2646; x_wconf 89' lang='lat' dir='ltr'>majus,</span> <span class='ocrx_word' id='word_1_557' title='bbox 3387 2575 3542 2646; x_wconf 90' lang='lat' dir='ltr'>quod</span> <span class='ocrx_word' id='word_1_558' title='bbox 3590 2592 3660 2631; x_wconf 84' lang='lat' dir='ltr'>ex</span> 
     </span>
    </p>
   </div>
   <div class='ocr_carea' id='block_1_70' title="bbox 2009 2660 3657 2736">
    <p class='ocr_par' dir='ltr' id='par_1_70' title="bbox 2009 2660 3657 2736">
     <span class='ocr_line' id='line_1_70' title="bbox 2009 2660 3657 2736; baseline 0.002 -20"><span class='ocrx_word' id='word_1_559' title='bbox 2009 2660 2444 2733; x_wconf 88' lang='lat' dir='ltr'>comparatione</span> <span class='ocrx_word' id='word_1_560' title='bbox 2475 2661 2712 2732; x_wconf 91' lang='lat' dir='ltr'>dicitur,</span> <span class='ocrx_word' id='word_1_561' title='bbox 2745 2668 2800 2718; x_wconf 89' lang='lat' dir='ltr'>et</span> <span class='ocrx_word' id='word_1_562' title='bbox 2829 2662 3016 2718; x_wconf 88' lang='lat' dir='ltr'>solam</span> <span class='ocrx_word' id='word_1_563' title='bbox 3049 2663 3444 2719; x_wconf 86' lang='lat' dir='ltr'>diversitatem</span> <span class='ocrx_word' id='word_1_564' title='bbox 3499 2664 3657 2736; x_wconf 87' lang='lat' dir='ltr'>prin-</span> 
     </span>
    </p>
   </div>
   <div class='ocr_carea' id='block_1_71' title="bbox 2010 2750 3652 2824">
    <p class='ocr_par' dir='ltr' id='par_1_71' title="bbox 2010 2750 3652 2824">
     <span class='ocr_line' id='line_1_71' title="bbox 2010 2750 3652 2824; baseline 0.002 -18"><span class='ocrx_word' id='word_1_565' title='bbox 2010 2750 2145 2821; x_wconf 91' lang='lat' dir='ltr'>cipii</span> <span class='ocrx_word' id='word_1_566' title='bbox 2175 2750 2262 2806; x_wconf 90' lang='lat' dir='ltr'>vel</span> <span class='ocrx_word' id='word_1_567' title='bbox 2294 2750 2538 2822; x_wconf 86' lang='lat' dir='ltr'>originis</span> <span class='ocrx_word' id='word_1_568' title='bbox 2563 2751 2805 2818; x_wconf 87' lang='lat' dir='ltr'>indicat,</span> <span class='ocrx_word' id='word_1_569' title='bbox 2833 2753 2989 2824; x_wconf 89' lang='lat' dir='ltr'>quod</span> <span class='ocrx_word' id='word_1_570' title='bbox 3024 2752 3301 2808; x_wconf 91' lang='lat' dir='ltr'>nimirum</span> <span class='ocrx_word' id='word_1_571' title='bbox 3334 2755 3652 2810; x_wconf 88' lang='lat' dir='ltr'>essentiam</span> 
     </span>
    </p>
   </div>
   <div class='ocr_carea' id='block_1_72' title="bbox 2009 2840 3658 2912">
    <p class='ocr_par' dir='ltr' id='par_1_72' title="bbox 2009 2840 3658 2912">
     <span class='ocr_line' id='line_1_72' title="bbox 2009 2840 3658 2912; baseline 0.004 -18"><span class='ocrx_word' id='word_1_572' title='bbox 2009 2858 2042 2894; x_wconf 89' lang='lat' dir='ltr'>a</span> <span class='ocrx_word' id='word_1_573' title='bbox 2067 2842 2232 2896; x_wconf 89' lang='lat' dir='ltr'>Patre</span> <span class='ocrx_word' id='word_1_574' title='bbox 2264 2840 2477 2896; x_wconf 88' lang='lat' dir='ltr'>habeat</span> <span class='ocrx_word' id='word_1_575' title='bbox 2506 2840 2703 2912; x_wconf 82' lang='lat' dir='ltr'>Filius,</span> <span class='ocrx_word' id='word_1_576' title='bbox 2723 2859 2836 2897; x_wconf 91' lang='lat' dir='ltr'>non</span> <span class='ocrx_word' id='word_1_577' title='bbox 2861 2843 3028 2898; x_wconf 89' lang='lat' dir='ltr'>Pater</span> <span class='ocrx_word' id='word_1_578' title='bbox 3057 2842 3373 2898; x_wconf 88' lang='lat' dir='ltr'>essentiam</span> <span class='ocrx_word' id='word_1_579' title='bbox 3407 2843 3536 2899; x_wconf 88' lang='lat' dir='ltr'>Filii</span> <span class='ocrx_word' id='word_1_580' title='bbox 3560 2859 3658 2900; x_wconf 85' lang='lat' dir='ltr'>es-</span> 
     </span>
    </p>
   </div>
   <div class='ocr_carea' id='block_1_73' title="bbox 2008 2930 2535 3000">
    <p class='ocr_par' dir='ltr' id='par_1_73' title="bbox 2008 2930 2535 3000">
     <span class='ocr_line' id='line_1_73' title="bbox 2008 2930 2535 3000; baseline 0 -15"><span class='ocrx_word' id='word_1_581' title='bbox 2008 2930 2199 2985; x_wconf 86' lang='lat' dir='ltr'>sentia</span> <span class='ocrx_word' id='word_1_582' title='bbox 2231 2931 2535 3000; x_wconf 84' lang='lat' dir='ltr'>majorem.</span> 
     </span>
    </p>
   </div>
   <div class='ocr_carea' id='block_1_74' title="bbox 2080 3017 3654 3094">
    <p class='ocr_par' dir='ltr' id='par_1_74' title="bbox 2080 3017 3654 3094">
     <span class='ocr_line' id='line_1_74' title="bbox 2080 3017 3654 3094; baseline 0.003 -20"><span class='ocrx_word' id='word_1_583' title='bbox 2080 3019 2224 3074; x_wconf 91' lang='lat' dir='ltr'>lbid.</span> <span class='ocrx_word' id='word_1_584' title='bbox 2248 3025 2310 3075; x_wconf 82' lang='grc' dir='ltr'>Ι).</span> <span class='ocrx_word' id='word_1_585' title='bbox 2330 3021 2452 3075; x_wconf 82' lang='lat' dir='ltr'>Tale</span> <span class='ocrx_word' id='word_1_586' title='bbox 2471 3036 2727 3092; x_wconf 81' lang='lat' dir='ltr'>namque.</span> <span class='ocrx_word' id='word_1_587' title='bbox 2745 3017 3222 3094; x_wconf 69' lang='grc' dir='ltr'>Ἀπροσπᾶλαστον</span> <span class='ocrx_word' id='word_1_588' title='bbox 3255 3038 3370 3077; x_wconf 90' lang='lat' dir='ltr'>non</span> <span class='ocrx_word' id='word_1_589' title='bbox 3394 3022 3538 3078; x_wconf 86' lang='lat' dir='ltr'>satis</span> <span class='ocrx_word' id='word_1_590' title='bbox 3555 3037 3654 3078; x_wconf 85' lang='lat' dir='ltr'>ex-</span> 
     </span>
    </p>
   </div>
   <div class='ocr_carea' id='block_1_75' title="bbox 2007 3108 3656 3183">
    <p class='ocr_par' dir='ltr' id='par_1_75' title="bbox 2007 3108 3656 3183">
     <span class='ocr_line' id='line_1_75' title="bbox 2007 3108 3656 3183; baseline 0.003 -21"><span class='ocrx_word' id='word_1_591' title='bbox 2007 3123 2276 3180; x_wconf 87' lang='lat' dir='ltr'>pressum</span> <span class='ocrx_word' id='word_1_592' title='bbox 2299 3113 2424 3164; x_wconf 87' lang='lat' dir='ltr'>erat</span> <span class='ocrx_word' id='word_1_593' title='bbox 2441 3108 2548 3164; x_wconf 93' lang='lat' dir='ltr'>hoc</span> <span class='ocrx_word' id='word_1_594' title='bbox 2567 3109 2740 3165; x_wconf 91' lang='lat' dir='ltr'>modo</span> <span class='ocrx_word' id='word_1_595' title='bbox 2766 3127 2778 3164; x_wconf 90' lang='lat'><strong>:</strong></span> <span class='ocrx_word' id='word_1_596' title='bbox 2809 3130 2835 3162; x_wconf 81' lang='grc' dir='ltr'>α</span> <span class='ocrx_word' id='word_1_597' title='bbox 2854 3108 2992 3166; x_wconf 86' lang='lat' dir='ltr'>Tale</span> <span class='ocrx_word' id='word_1_598' title='bbox 3008 3127 3260 3183; x_wconf 87' lang='lat' dir='ltr'>namque</span> <span class='ocrx_word' id='word_1_599' title='bbox 3275 3111 3656 3183; x_wconf 88' lang='lat' dir='ltr'>incompara-</span> 
     </span>
    </p>
   </div>
   <div class='ocr_carea' id='block_1_76' title="bbox 2008 3197 3658 3271">
    <p class='ocr_par' dir='ltr' id='par_1_76' title="bbox 2008 3197 3658 3271">
     <span class='ocr_line' id='line_1_76' title="bbox 2008 3197 3658 3271; baseline 0.004 -19"><span class='ocrx_word' id='word_1_600' title='bbox 2008 3197 2122 3252; x_wconf 89' lang='lat' dir='ltr'>bile</span> <span class='ocrx_word' id='word_1_601' title='bbox 2143 3201 2251 3268; x_wconf 84' lang='lat' dir='ltr'>est,</span> <span class='ocrx_word' id='word_1_602' title='bbox 2271 3202 2337 3252; x_wconf 91' lang='lat' dir='ltr'>ut</span> <span class='ocrx_word' id='word_1_603' title='bbox 2359 3198 2426 3252; x_wconf 87' lang='lat' dir='ltr'>ab</span> <span class='ocrx_word' id='word_1_604' title='bbox 2451 3198 2726 3253; x_wconf 90' lang='lat' dir='ltr'>omnibus</span> <span class='ocrx_word' id='word_1_605' title='bbox 2749 3199 2966 3270; x_wconf 88' lang='lat' dir='ltr'>pariter</span> <span class='ocrx_word' id='word_1_606' title='bbox 2987 3199 3267 3271; x_wconf 72' lang='lat' dir='ltr'>distet,[et</span> <span class='ocrx_word' id='word_1_607' title='bbox 3296 3199 3446 3257; x_wconf 89' lang='lat' dir='ltr'>nulli</span> <span class='ocrx_word' id='word_1_608' title='bbox 3468 3202 3546 3257; x_wconf 89' lang='lat' dir='ltr'>sit</span> <span class='ocrx_word' id='word_1_609' title='bbox 3565 3217 3658 3258; x_wconf 85' lang='lat' dir='ltr'>ac-</span> 
     </span>
    </p>
   </div>
   <div class='ocr_carea' id='block_1_77' title="bbox 2008 3286 3660 3362">
    <p class='ocr_par' dir='ltr' id='par_1_77' title="bbox 2008 3286 3660 3362">
     <span class='ocr_line' id='line_1_77' title="bbox 2008 3286 3660 3362; baseline 0.002 -20"><span class='ocrx_word' id='word_1_610' title='bbox 2008 3286 2495 3351; x_wconf 83' lang='lat' dir='ltr'>cessibile.Quare</span> <span class='ocrx_word' id='word_1_611' title='bbox 2508 3287 2555 3343; x_wconf 90' lang='lat' dir='ltr'>si</span> <span class='ocrx_word' id='word_1_612' title='bbox 2571 3288 2874 3360; x_wconf 65' lang='lat' dir='ltr'>aequaliter</span> <span class='ocrx_word' id='word_1_613' title='bbox 2889 3288 3020 3345; x_wconf 87' lang='lat' dir='ltr'>aliis</span> <span class='ocrx_word' id='word_1_614' title='bbox 3034 3307 3068 3345; x_wconf 88' lang='lat' dir='ltr'>a</span> <span class='ocrx_word' id='word_1_615' title='bbox 3086 3293 3258 3346; x_wconf 88' lang='lat' dir='ltr'>Patre</span> <span class='ocrx_word' id='word_1_616' title='bbox 3276 3290 3455 3347; x_wconf 85' lang='lat' dir='ltr'>Filius</span> <span class='ocrx_word' id='word_1_617' title='bbox 3474 3292 3660 3362; x_wconf 88' lang='lat' dir='ltr'>deest,</span> 
     </span>
    </p>
   </div>
   <div class='ocr_carea' id='block_1_78' title="bbox 2006 3375 3658 3449">
    <p class='ocr_par' dir='ltr' id='par_1_78' title="bbox 2006 3375 3658 3449">
     <span class='ocr_line' id='line_1_78' title="bbox 2006 3375 3658 3449; baseline 0.002 -18"><span class='ocrx_word' id='word_1_618' title='bbox 2006 3375 2498 3449; x_wconf 68' lang='lat' dir='ltr'>aequalisillisest,</span> <span class='ocrx_word' id='word_1_619' title='bbox 2513 3376 2867 3449; x_wconf 88' lang='lat' dir='ltr'>quibuscum</span> <span class='ocrx_word' id='word_1_620' title='bbox 2883 3379 3107 3435; x_wconf 88' lang='lat' dir='ltr'>deest.»</span> <span class='ocrx_word' id='word_1_621' title='bbox 3120 3377 3539 3435; x_wconf 78' lang='grc' dir='ltr'>Ἀπολείπεσθαι</span> <span class='ocrx_word' id='word_1_622' title='bbox 3567 3379 3658 3435; x_wconf 89' lang='lat' dir='ltr'>hic</span> 
     </span>
    </p>
   </div>
   <div class='ocr_carea' id='block_1_79' title="bbox 2007 3466 3663 3543">
    <p class='ocr_par' dir='ltr' id='par_1_79' title="bbox 2007 3466 3663 3543">
     <span class='ocr_line' id='line_1_79' title="bbox 2007 3466 3663 3543; baseline 0 -21"><span class='ocrx_word' id='word_1_623' title='bbox 2007 3470 2178 3522; x_wconf 88' lang='lat' dir='ltr'>sonat</span> <span class='ocrx_word' id='word_1_624' title='bbox 2193 3466 2397 3524; x_wconf 89' lang='lat' dir='ltr'>abesse</span> <span class='ocrx_word' id='word_1_625' title='bbox 2417 3467 2488 3523; x_wconf 88' lang='lat' dir='ltr'>ab</span> <span class='ocrx_word' id='word_1_626' title='bbox 2510 3467 2706 3539; x_wconf 91' lang='lat' dir='ltr'>aliquo</span> <span class='ocrx_word' id='word_1_627' title='bbox 2731 3467 2820 3524; x_wconf 91' lang='lat' dir='ltr'>vel</span> <span class='ocrx_word' id='word_1_628' title='bbox 2839 3468 2911 3524; x_wconf 87' lang='lat' dir='ltr'>ab</span> <span class='ocrx_word' id='word_1_629' title='bbox 2934 3468 3033 3525; x_wconf 91' lang='lat' dir='ltr'>illo</span> <span class='ocrx_word' id='word_1_630' title='bbox 3059 3469 3296 3528; x_wconf 87' lang='lat' dir='ltr'>distare.</span> <span class='ocrx_word' id='word_1_631' title='bbox 3315 3470 3398 3526; x_wconf 90' lang='lat' dir='ltr'>Ib.</span> <span class='ocrx_word' id='word_1_632' title='bbox 3417 3487 3522 3543; x_wconf 90' lang='lat' dir='ltr'>pro</span> <span class='ocrx_word' id='word_1_633' title='bbox 3542 3489 3663 3543; x_wconf 78' lang='grc' dir='ltr'>συγ·</span> 
     </span>
    </p>
   </div>
   <div class='ocr_carea' id='block_1_80' title="bbox 2007 3554 3664 3633">
    <p class='ocr_par' dir='ltr' id='par_1_80' title="bbox 2007 3554 3664 3633">
     <span class='ocr_line' id='line_1_80' title="bbox 2007 3554 3664 3633; baseline 0.002 -24"><span class='ocrx_word' id='word_1_634' title='bbox 2007 3554 2247 3631; x_wconf 81' lang='grc' dir='ltr'>κρίνοιτο</span> <span class='ocrx_word' id='word_1_635' title='bbox 2306 3573 2414 3612; x_wconf 91' lang='lat' dir='ltr'>ms.</span> <span class='ocrx_word' id='word_1_636' title='bbox 2448 3556 2515 3611; x_wconf 88' lang='grc' dir='ltr'>Η.</span> <span class='ocrx_word' id='word_1_637' title='bbox 2551 3557 2780 3629; x_wconf 85' lang='lat' dir='ltr'>legebat</span> <span class='ocrx_word' id='word_1_638' title='bbox 2839 3557 3194 3633; x_wconf 69' lang='grc' dir='ltr'>συγκρίνεται,</span> <span class='ocrx_word' id='word_1_639' title='bbox 3243 3567 3298 3616; x_wconf 90' lang='lat' dir='ltr'>et</span> <span class='ocrx_word' id='word_1_640' title='bbox 3350 3557 3664 3632; x_wconf 76' lang='grc' dir='ltr'>μνημονεύ-</span> 
     </span>
    </p>
   </div>
   <div class='ocr_carea' id='block_1_81' title="bbox 2009 3645 3660 3718">
    <p class='ocr_par' dir='ltr' id='par_1_81' title="bbox 2009 3645 3660 3718">
     <span class='ocr_line' id='line_1_81' title="bbox 2009 3645 3660 3718; baseline 0.004 -20"><span class='ocrx_word' id='word_1_641' title='bbox 2009 3665 2212 3718; x_wconf 80' lang='grc' dir='ltr'>σωμεν,</span> <span class='ocrx_word' id='word_1_642' title='bbox 2248 3663 2351 3716; x_wconf 86' lang='lat' dir='ltr'>pro</span> <span class='ocrx_word' id='word_1_643' title='bbox 2375 3645 2850 3718; x_wconf 69' lang='grc' dir='ltr'>μνημονεύσομεν.</span> <span class='ocrx_word' id='word_1_644' title='bbox 2878 3649 3141 3706; x_wconf 88' lang='lat' dir='ltr'>Subinde</span> <span class='ocrx_word' id='word_1_645' title='bbox 3177 3647 3336 3711; x_wconf 81' lang='grc' dir='ltr'>οὗτος</span> <span class='ocrx_word' id='word_1_646' title='bbox 3369 3645 3448 3707; x_wconf 78' lang='grc' dir='ltr'>δέ.</span> <span class='ocrx_word' id='word_1_647' title='bbox 3481 3651 3660 3707; x_wconf 83' lang='lat' dir='ltr'>Recta</span> 
     </span>
    </p>
   </div>
   <div class='ocr_carea' id='block_1_82' title="bbox 2010 3734 3662 3811">
    <p class='ocr_par' dir='ltr' id='par_1_82' title="bbox 2010 3734 3662 3811">
     <span class='ocr_line' id='line_1_82' title="bbox 2010 3734 3662 3811; baseline 0.001 -21"><span class='ocrx_word' id='word_1_648' title='bbox 2010 3735 2204 3801; x_wconf 90' lang='lat' dir='ltr'>lectio,</span> <span class='ocrx_word' id='word_1_649' title='bbox 2229 3738 2285 3790; x_wconf 91' lang='lat' dir='ltr'>et</span> <span class='ocrx_word' id='word_1_650' title='bbox 2305 3734 2781 3807; x_wconf 87' lang='lat' dir='ltr'>legitima,quam</span> <span class='ocrx_word' id='word_1_651' title='bbox 2814 3741 2884 3792; x_wconf 83' lang='lat' dir='ltr'>H.</span> <span class='ocrx_word' id='word_1_652' title='bbox 2921 3737 3138 3810; x_wconf 85' lang='lat' dir='ltr'>Regius</span> <span class='ocrx_word' id='word_1_653' title='bbox 3169 3739 3347 3794; x_wconf 81' lang='lat' dir='ltr'>codex</span> <span class='ocrx_word' id='word_1_654' title='bbox 3376 3739 3662 3811; x_wconf 79' lang='lat' dir='ltr'>suppedi-</span> 
     </span>
    </p>
   </div>
   <div class='ocr_carea' id='block_1_83' title="bbox 2011 3819 3655 3900">
    <p class='ocr_par' dir='ltr' id='par_1_83' title="bbox 2011 3819 3655 3900">
     <span class='ocr_line' id='line_1_83' title="bbox 2011 3819 3655 3900; baseline 0.001 -21"><span class='ocrx_word' id='word_1_655' title='bbox 2011 3827 2120 3896; x_wconf 86' lang='lat' dir='ltr'>tat,</span> <span class='ocrx_word' id='word_1_656' title='bbox 2149 3828 2248 3891; x_wconf 82' lang='grc' dir='ltr'>τῆς</span> <span class='ocrx_word' id='word_1_657' title='bbox 2278 3819 2338 3875; x_wconf 79' lang='grc' dir='ltr'>ἐκ</span> <span class='ocrx_word' id='word_1_658' title='bbox 2367 3820 2577 3896; x_wconf 76' lang='grc' dir='ltr'>φύσεως</span> <span class='ocrx_word' id='word_1_659' title='bbox 2606 3823 2754 3896; x_wconf 84' lang='grc' dir='ltr'>αὐτῷ</span> <span class='ocrx_word' id='word_1_660' title='bbox 2807 3825 3183 3900; x_wconf 73' lang='grc' dir='ltr'>ὑπαρχούσης,</span> <span class='ocrx_word' id='word_1_661' title='bbox 3214 3843 3329 3883; x_wconf 89' lang='lat' dir='ltr'>non</span> <span class='ocrx_word' id='word_1_662' title='bbox 3375 3831 3441 3881; x_wconf 89' lang='lat' dir='ltr'>ut</span> <span class='ocrx_word' id='word_1_663' title='bbox 3487 3826 3655 3899; x_wconf 87' lang='lat' dir='ltr'>Ven.,</span> 
     </span>
    </p>
   </div>
   <div class='ocr_carea' id='block_1_84' title="bbox 2013 3912 3653 3989">
    <p class='ocr_par' dir='ltr' id='par_1_84' title="bbox 2013 3912 3653 3989">
     <span class='ocr_line' id='line_1_84' title="bbox 2013 3912 3653 3989; baseline -0.002 -19"><span class='ocrx_word' id='word_1_664' title='bbox 2013 3913 2190 3970; x_wconf 89' lang='lat' dir='ltr'>Basil.</span> <span class='ocrx_word' id='word_1_665' title='bbox 2238 3921 2292 3968; x_wconf 91' lang='lat' dir='ltr'>et</span> <span class='ocrx_word' id='word_1_666' title='bbox 2337 3912 2616 3984; x_wconf 88' lang='lat' dir='ltr'>Stephani</span> <span class='ocrx_word' id='word_1_667' title='bbox 2659 3915 2966 3982; x_wconf 89' lang='lat' dir='ltr'>editiones,</span> <span class='ocrx_word' id='word_1_668' title='bbox 2997 3917 3094 3983; x_wconf 75' lang='grc' dir='ltr'>τήν</span> <span class='ocrx_word' id='word_1_669' title='bbox 3139 3914 3198 3969; x_wconf 78' lang='grc' dir='ltr'>ἐκ</span> <span class='ocrx_word' id='word_1_670' title='bbox 3246 3913 3653 3989; x_wconf 61' lang='grc' dir='ltr'>φύσιωςζαύτῷ</span> 
     </span>
    </p>
   </div>
   <div class='ocr_carea' id='block_1_85' title="bbox 2017 3999 3660 4077">
    <p class='ocr_par' dir='ltr' id='par_1_85' title="bbox 2017 3999 3660 4077">
     <span class='ocr_line' id='line_1_85' title="bbox 2017 3999 3660 4077; baseline 0.001 -21"><span class='ocrx_word' id='word_1_671' title='bbox 2017 4000 2369 4077; x_wconf 69' lang='grc' dir='ltr'>ὑπάρχουσαν</span> <span class='ocrx_word' id='word_1_672' title='bbox 2405 3999 2731 4072; x_wconf 79' lang='grc' dir='ltr'>οἰκειότητα.</span> <span class='ocrx_word' id='word_1_673' title='bbox 2750 4005 2907 4060; x_wconf 86' lang='lat' dir='ltr'>Solet</span> <span class='ocrx_word' id='word_1_674' title='bbox 2929 4004 3086 4060; x_wconf 88' lang='lat' dir='ltr'>enim</span> <span class='ocrx_word' id='word_1_675' title='bbox 3119 4021 3186 4060; x_wconf 82' lang='lat' dir='ltr'>ex</span> <span class='ocrx_word' id='word_1_676' title='bbox 3212 4003 3432 4075; x_wconf 86' lang='lat' dir='ltr'>regulis</span> <span class='ocrx_word' id='word_1_677' title='bbox 3462 4020 3660 4075; x_wconf 86' lang='lat' dir='ltr'>gram-</span> 
     </span>
    </p>
   </div>
   <div class='ocr_carea' id='block_1_86' title="bbox 2021 4091 3662 4166">
    <p class='ocr_par' dir='ltr' id='par_1_86' title="bbox 2021 4091 3662 4166">
     <span class='ocr_line' id='line_1_86' title="bbox 2021 4091 3662 4166; baseline -0.001 -18"><span class='ocrx_word' id='word_1_678' title='bbox 2021 4093 2264 4148; x_wconf 85' lang='lat' dir='ltr'>matices</span> <span class='ocrx_word' id='word_1_679' title='bbox 2297 4091 2496 4166; x_wconf 77' lang='grc' dir='ltr'>στερὲω</span> <span class='ocrx_word' id='word_1_680' title='bbox 2529 4093 2782 4164; x_wconf 90' lang='lat' dir='ltr'>genitivo</span> <span class='ocrx_word' id='word_1_681' title='bbox 2806 4093 3099 4166; x_wconf 87' lang='lat' dir='ltr'>reijungi,</span> <span class='ocrx_word' id='word_1_682' title='bbox 3125 4111 3239 4165; x_wconf 86' lang='lat' dir='ltr'>qua</span> <span class='ocrx_word' id='word_1_683' title='bbox 3270 4093 3536 4166; x_wconf 88' lang='lat' dir='ltr'>privatur</span> <span class='ocrx_word' id='word_1_684' title='bbox 3555 4091 3662 4148; x_wconf 86' lang='lat' dir='ltr'>ali-</span> 
     </span>
    </p>
   </div>
   <div class='ocr_carea' id='block_1_87' title="bbox 2022 4178 3664 4255">
    <p class='ocr_par' dir='ltr' id='par_1_87' title="bbox 2022 4178 3664 4255">
     <span class='ocr_line' id='line_1_87' title="bbox 2022 4178 3664 4255; baseline -0.002 -17"><span class='ocrx_word' id='word_1_685' title='bbox 2022 4183 2175 4254; x_wconf 82' lang='lat' dir='ltr'>quis,</span> <span class='ocrx_word' id='word_1_686' title='bbox 2211 4185 2275 4237; x_wconf 86' lang='lat' dir='ltr'>ut</span> <span class='ocrx_word' id='word_1_687' title='bbox 2304 4181 2602 4255; x_wconf 82' lang='grc' dir='ltr'>στερεῖσθαι</span> <span class='ocrx_word' id='word_1_688' title='bbox 2637 4189 2898 4255; x_wconf 73' lang='grc' dir='ltr'>κεφαλῆς,</span> <span class='ocrx_word' id='word_1_689' title='bbox 2933 4187 3231 4255; x_wconf 78' lang='grc' dir='ltr'>στερεῖσθαι</span> <span class='ocrx_word' id='word_1_690' title='bbox 3275 4187 3376 4251; x_wconf 75' lang='grc' dir='ltr'>τῆς</span> <span class='ocrx_word' id='word_1_691' title='bbox 3421 4178 3664 4249; x_wconf 86' lang='grc' dir='ltr'>πόλεως,</span> 
     </span>
    </p>
   </div>
   <div class='ocr_carea' id='block_1_88' title="bbox 2024 4270 3670 4345">
    <p class='ocr_par' dir='ltr' id='par_1_88' title="bbox 2024 4270 3670 4345">
     <span class='ocr_line' id='line_1_88' title="bbox 2024 4270 3670 4345; baseline -0.002 -17"><span class='ocrx_word' id='word_1_692' title='bbox 2024 4273 2200 4343; x_wconf 85' lang='lat' dir='ltr'>capite</span> <span class='ocrx_word' id='word_1_693' title='bbox 2230 4273 2312 4328; x_wconf 82' lang='lat' dir='ltr'>vel</span> <span class='ocrx_word' id='word_1_694' title='bbox 2343 4272 2478 4327; x_wconf 85' lang='lat' dir='ltr'>urbe</span> <span class='ocrx_word' id='word_1_695' title='bbox 2504 4273 2740 4343; x_wconf 84' lang='lat' dir='ltr'>privari.</span> <span class='ocrx_word' id='word_1_696' title='bbox 2779 4273 2926 4328; x_wconf 89' lang='lat' dir='ltr'>Beza</span> <span class='ocrx_word' id='word_1_697' title='bbox 2956 4289 3068 4328; x_wconf 93' lang='lat' dir='ltr'>non</span> <span class='ocrx_word' id='word_1_698' title='bbox 3112 4273 3256 4329; x_wconf 89' lang='lat' dir='ltr'>satis</span> <span class='ocrx_word' id='word_1_699' title='bbox 3286 4271 3573 4345; x_wconf 87' lang='lat' dir='ltr'>expressit</span> <span class='ocrx_word' id='word_1_700' title='bbox 3600 4270 3670 4326; x_wconf 89' lang='lat' dir='ltr'>il-</span> 
     </span>
    </p>
   </div>
   <div class='ocr_carea' id='block_1_89' title="bbox 265 4358 1899 4437">
    <p class='ocr_par' dir='ltr' id='par_1_89' title="bbox 265 4359 1897 4432">
     <span class='ocr_line' id='line_1_89' title="bbox 265 4359 1897 4432; baseline -0.002 -13"><span class='ocrx_word' id='word_1_701' title='bbox 265 4368 339 4419; x_wconf 89' lang='lat' dir='ltr'>ut</span> <span class='ocrx_word' id='word_1_702' title='bbox 369 4362 670 4417; x_wconf 85' lang='lat' dir='ltr'>videturet</span> <span class='ocrx_word' id='word_1_703' title='bbox 700 4376 916 4432; x_wconf 87' lang='lat' dir='ltr'>magna</span> <span class='ocrx_word' id='word_1_704' title='bbox 936 4359 1155 4431; x_wconf 88' lang='lat' dir='ltr'>ingenii</span> <span class='ocrx_word' id='word_1_705' title='bbox 1173 4359 1396 4414; x_wconf 88' lang='lat' dir='ltr'>vidiem</span> <span class='ocrx_word' id='word_1_706' title='bbox 1419 4375 1484 4414; x_wconf 91' lang='lat' dir='ltr'>ac</span> <span class='ocrx_word' id='word_1_707' title='bbox 1499 4363 1725 4416; x_wconf 90' lang='lat' dir='ltr'>noctem</span> <span class='ocrx_word' id='word_1_708' title='bbox 1749 4377 1897 4431; x_wconf 86' lang='lat' dir='ltr'>quas</span> 
     </span>
    </p>
   </div>
   <div class='ocr_carea' id='block_1_90' title="bbox 2010 4358 3678 4437">
    <p class='ocr_par' dir='ltr' id='par_1_90' title="bbox 2026 4358 3678 4437">
     <span class='ocr_line' id='line_1_90' title="bbox 2026 4358 3678 4437; baseline -0.001 -20"><span class='ocrx_word' id='word_1_709' title='bbox 2026 4362 2151 4428; x_wconf 91' lang='lat' dir='ltr'>lud,</span> <span class='ocrx_word' id='word_1_710' title='bbox 2187 4358 2246 4414; x_wconf 80' lang='grc' dir='ltr'>ἐκ</span> <span class='ocrx_word' id='word_1_711' title='bbox 2271 4360 2480 4437; x_wconf 75' lang='grc' dir='ltr'>φύσεως</span> <span class='ocrx_word' id='word_1_712' title='bbox 2518 4358 2892 4434; x_wconf 55' lang='grc' dir='ltr'>ὑπαρχούσης</span> <span class='ocrx_word' id='word_1_713' title='bbox 2928 4385 2954 4411; x_wconf 92' lang='grc'>‹‹</span> <span class='ocrx_word' id='word_1_714' title='bbox 2997 4361 3192 4417; x_wconf 88' lang='lat' dir='ltr'>Privat</span> <span class='ocrx_word' id='word_1_715' title='bbox 3219 4379 3288 4418; x_wconf 89' lang='lat' dir='ltr'>ea</span> <span class='ocrx_word' id='word_1_716' title='bbox 3332 4361 3460 4434; x_wconf 89' lang='lat' dir='ltr'>ipsa</span> <span class='ocrx_word' id='word_1_717' title='bbox 3499 4361 3678 4418; x_wconf 88' lang='lat' dir='ltr'>insita</span> 
     </span>
    </p>
   </div>
   <div class='ocr_carea' id='block_1_91' title="bbox 261 4447 3676 4521">
    <p class='ocr_par' dir='ltr' id='par_1_91' title="bbox 261 4447 3676 4521">
     <span class='ocr_line' id='line_1_91' title="bbox 261 4447 3676 4521; baseline -0.001 -13"><span class='ocrx_word' id='word_1_718' title='bbox 261 4450 582 4508; x_wconf 81' lang='lat' dir='ltr'>stellarum</span> <span class='ocrx_word' id='word_1_719' title='bbox 616 4454 780 4505; x_wconf 91' lang='lat' dir='ltr'>motu</span> <span class='ocrx_word' id='word_1_720' title='bbox 813 4452 982 4520; x_wconf 89' lang='lat' dir='ltr'>putat</span> <span class='ocrx_word' id='word_1_721' title='bbox 1012 4447 1158 4518; x_wconf 83' lang='lat' dir='ltr'>ﬁeri,</span> <span class='ocrx_word' id='word_1_722' title='bbox 1190 4452 1248 4503; x_wconf 90' lang='lat' dir='ltr'>et</span> <span class='ocrx_word' id='word_1_723' title='bbox 1280 4448 1387 4504; x_wconf 88' lang='lat' dir='ltr'>has</span> <span class='ocrx_word' id='word_1_724' title='bbox 1417 4463 1544 4504; x_wconf 88' lang='lat' dir='ltr'>esse</span> <span class='ocrx_word' id='word_1_725' title='bbox 1575 4454 1790 4520; x_wconf 88' lang='lat' dir='ltr'>partes.</span> <span class='ocrx_word' id='word_1_726' title='bbox 1820 4472 1847 4498; x_wconf 84' lang='lat'>»</span> <span class='ocrx_word' id='word_1_727' title='bbox 2032 4448 2486 4519; x_wconf 87' lang='lat' dir='ltr'>necessitudine,</span> <span class='ocrx_word' id='word_1_728' title='bbox 2521 4466 2646 4521; x_wconf 71' lang='lat' dir='ltr'>quae</span> <span class='ocrx_word' id='word_1_729' title='bbox 2680 4448 2790 4521; x_wconf 88' lang='lat' dir='ltr'>ipsi</span> <span class='ocrx_word' id='word_1_730' title='bbox 2833 4465 2967 4505; x_wconf 89' lang='lat' dir='ltr'>cum</span> <span class='ocrx_word' id='word_1_731' title='bbox 3017 4455 3257 4521; x_wconf 89' lang='lat' dir='ltr'>parente</span> <span class='ocrx_word' id='word_1_732' title='bbox 3287 4448 3613 4506; x_wconf 88' lang='lat' dir='ltr'>intercedit.</span> <span class='ocrx_word' id='word_1_733' title='bbox 3647 4471 3676 4498; x_wconf 88' lang='grc'><strong>››</strong></span> 
     </span>
    </p>
   </div>
   <div class='ocr_carea' id='block_1_92' title="bbox 345 4539 1899 4627">
    <p class='ocr_par' dir='ltr' id='par_1_92' title="bbox 345 4554 1892 4627">
     <span class='ocr_line' id='line_1_92' title="bbox 345 4554 1892 4627; baseline -0.002 -14"><span class='ocrx_word' id='word_1_734' title='bbox 345 4555 472 4613; x_wconf 87' lang='lat' dir='ltr'>Col.</span> <span class='ocrx_word' id='word_1_735' title='bbox 503 4555 610 4611; x_wconf 86' lang='lat'>559</span> <span class='ocrx_word' id='word_1_736' title='bbox 639 4560 677 4610; x_wconf 89' lang='lat' dir='ltr'><strong>C</strong></span> <span class='ocrx_word' id='word_1_737' title='bbox 703 4557 757 4610; x_wconf 89' lang='lat'>6.</span> <span class='ocrx_word' id='word_1_738' title='bbox 790 4557 856 4611; x_wconf 83' lang='lat' dir='ltr'>EI.</span> <span class='ocrx_word' id='word_1_739' title='bbox 884 4555 1151 4611; x_wconf 79' lang='lat' dir='ltr'>scarabei.</span> <span class='ocrx_word' id='word_1_740' title='bbox 1185 4555 1308 4611; x_wconf 92' lang='lat' dir='ltr'>Non</span> <span class='ocrx_word' id='word_1_741' title='bbox 1344 4578 1371 4605; x_wconf 86' lang='lat'><strong>«</strong></span> <span class='ocrx_word' id='word_1_742' title='bbox 1417 4554 1764 4627; x_wconf 87' lang='lat' dir='ltr'>papiliones,</span> <span class='ocrx_word' id='word_1_743' title='bbox 1798 4579 1824 4605; x_wconf 86' lang='grc'><strong>››</strong></span> <span class='ocrx_word' id='word_1_744' title='bbox 1861 4572 1892 4610; x_wconf 91' lang='lat' dir='ltr'>u</span> 
     </span>
    </p>
   </div>
   <div class='ocr_carea' id='block_1_93' title="bbox 2010 4539 3680 4627">
    <p class='ocr_par' dir='ltr' id='par_1_93' title="bbox 2034 4539 3680 4610">
     <span class='ocr_line' id='line_1_93' title="bbox 2034 4539 3680 4610; baseline -0.001 -15"><span class='ocrx_word' id='word_1_745' title='bbox 2034 4541 2113 4595; x_wconf 81' lang='lat' dir='ltr'>Ex</span> <span class='ocrx_word' id='word_1_746' title='bbox 2135 4539 2338 4594; x_wconf 90' lang='lat' dir='ltr'>eodem</span> <span class='ocrx_word' id='word_1_747' title='bbox 2371 4539 2546 4610; x_wconf 85' lang='lat' dir='ltr'>Regio</span> <span class='ocrx_word' id='word_1_748' title='bbox 2569 4539 2766 4595; x_wconf 91' lang='lat' dir='ltr'>codice</span> <span class='ocrx_word' id='word_1_749' title='bbox 2788 4540 3124 4595; x_wconf 89' lang='lat' dir='ltr'>addendum</span> <span class='ocrx_word' id='word_1_750' title='bbox 3145 4539 3277 4608; x_wconf 82' lang='lat' dir='ltr'>fuit,</span> <span class='ocrx_word' id='word_1_751' title='bbox 3300 4540 3458 4610; x_wconf 90' lang='lat' dir='ltr'>quod</span> <span class='ocrx_word' id='word_1_752' title='bbox 3476 4539 3547 4596; x_wconf 84' lang='lat' dir='ltr'>ab</span> <span class='ocrx_word' id='word_1_753' title='bbox 3579 4555 3680 4596; x_wconf 81' lang='lat' dir='ltr'>ex-</span> 
     </span>
    </p>
   </div>
   <div class='ocr_carea' id='block_1_94' title="bbox 266 4628 3680 4718">
    <p class='ocr_par' dir='ltr' id='par_1_94' title="bbox 266 4628 3680 4718">
     <span class='ocr_line' id='line_1_94' title="bbox 266 4628 3680 4718; baseline -0.001 -15"><span class='ocrx_word' id='word_1_754' title='bbox 266 4646 600 4716; x_wconf 87' lang='lat' dir='ltr'>scripserat</span> <span class='ocrx_word' id='word_1_755' title='bbox 628 4649 862 4716; x_wconf 87' lang='lat' dir='ltr'>Trapez.</span> <span class='ocrx_word' id='word_1_756' title='bbox 897 4645 1044 4700; x_wconf 89' lang='lat' dir='ltr'>Nam</span> <span class='ocrx_word' id='word_1_757' title='bbox 1075 4643 1220 4718; x_wconf 80' lang='grc' dir='ltr'>παρὰ</span> <span class='ocrx_word' id='word_1_758' title='bbox 1265 4643 1354 4697; x_wconf 84' lang='grc' dir='ltr'>τὸν</span> <span class='ocrx_word' id='word_1_759' title='bbox 1396 4643 1643 4698; x_wconf 76' lang='grc' dir='ltr'>κάνθωνα</span> <span class='ocrx_word' id='word_1_760' title='bbox 1685 4645 1924 4701; x_wconf 86' lang='lat' dir='ltr'>deduci-</span> <span class='ocrx_word' id='word_1_761' title='bbox 1955 4633 2002 4696; x_wconf 84' lang='grc' dir='ltr'>Ι)</span> <span class='ocrx_word' id='word_1_762' title='bbox 2034 4629 2193 4685; x_wconf 75' lang='grc' dir='ltr'>ουδίε</span> <span class='ocrx_word' id='word_1_763' title='bbox 2213 4628 2726 4718; x_wconf 16' lang='grc' dir='ltr'>γᾶὺθΐᾳίιοιθυδυιθι</span> <span class='ocrx_word' id='word_1_764' title='bbox 2751 4628 3031 4718; x_wconf 76' lang='lat' dir='ltr'>nimirum</span> <span class='ocrx_word' id='word_1_765' title='bbox 3053 4628 3172 4718; x_wconf 82' lang='lat' dir='ltr'>illa.</span> <span class='ocrx_word' id='word_1_766' title='bbox 3192 4629 3680 4718; x_wconf 12' lang='grc' dir='ltr'>ςυᾳαιγίῌιθτρνθξ</span> 
     </span>
    </p>
   </div>
   <div class='ocr_carea' id='block_1_95' title="bbox 268 4714 1899 4808">
    <p class='ocr_par' dir='ltr' id='par_1_95' title="bbox 268 4733 1898 4808">
     <span class='ocr_line' id='line_1_95' title="bbox 268 4733 1898 4808; baseline -0.002 -16"><span class='ocrx_word' id='word_1_767' title='bbox 268 4745 381 4793; x_wconf 87' lang='lat' dir='ltr'>tur</span> <span class='ocrx_word' id='word_1_768' title='bbox 416 4751 630 4790; x_wconf 89' lang='lat' dir='ltr'>nomen</span> <span class='ocrx_word' id='word_1_769' title='bbox 659 4733 944 4808; x_wconf 76' lang='grc' dir='ltr'>κάνθαρος,</span> <span class='ocrx_word' id='word_1_770' title='bbox 977 4735 1131 4806; x_wconf 90' lang='lat' dir='ltr'>quod</span> <span class='ocrx_word' id='word_1_771' title='bbox 1155 4734 1472 4790; x_wconf 88' lang='lat' dir='ltr'>scarabeus</span> <span class='ocrx_word' id='word_1_772' title='bbox 1504 4751 1572 4790; x_wconf 86' lang='lat' dir='ltr'>ex</span> <span class='ocrx_word' id='word_1_773' title='bbox 1605 4735 1754 4790; x_wconf 88' lang='lat' dir='ltr'>asini</span> <span class='ocrx_word' id='word_1_774' title='bbox 1779 4740 1898 4791; x_wconf 89' lang='lat' dir='ltr'>ster</span> 
     </span>
    </p>
   </div>
   <div class='ocr_carea' id='block_1_96' title="bbox 2010 4714 3684 4808">
    <p class='ocr_par' dir='ltr' id='par_1_96' title="bbox 2041 4714 3684 4789">
     <span class='ocr_line' id='line_1_96' title="bbox 2041 4714 3684 4789; baseline -0.003 -16"><span class='ocrx_word' id='word_1_775' title='bbox 2041 4717 2254 4789; x_wconf 78' lang='lat' dir='ltr'>adjecit</span> <span class='ocrx_word' id='word_1_776' title='bbox 2271 4717 2590 4773; x_wconf 80' lang='lat' dir='ltr'>Latinitate</span> <span class='ocrx_word' id='word_1_777' title='bbox 2618 4720 2911 4783; x_wconf 80' lang='lat' dir='ltr'>donatam,</span> <span class='ocrx_word' id='word_1_778' title='bbox 2945 4714 3091 4772; x_wconf 80' lang='grc' dir='ltr'>ἀλλὰ</span> <span class='ocrx_word' id='word_1_779' title='bbox 3135 4716 3225 4770; x_wconf 76' lang='grc' dir='ltr'>καὶ</span> <span class='ocrx_word' id='word_1_780' title='bbox 3259 4716 3387 4771; x_wconf 77' lang='grc' dir='ltr'>αὐτὸ</span> <span class='ocrx_word' id='word_1_781' title='bbox 3418 4717 3590 4787; x_wconf 73' lang='grc' dir='ltr'>ἑαυτῷ</span> <span class='ocrx_word' id='word_1_782' title='bbox 3621 4715 3684 4770; x_wconf 80' lang='grc' dir='ltr'>οὗ</span> 
     </span>
    </p>
   </div>
   <div class='ocr_carea' id='block_1_97' title="bbox 269 4804 1899 4912">
    <p class='ocr_par' dir='ltr' id='par_1_97' title="bbox 269 4821 1896 4896">
     <span class='ocr_line' id='line_1_97' title="bbox 269 4821 1896 4896; baseline -0.002 -16"><span class='ocrx_word' id='word_1_783' title='bbox 269 4840 419 4882; x_wconf 88' lang='lat' dir='ltr'>core</span> <span class='ocrx_word' id='word_1_784' title='bbox 445 4828 742 4894; x_wconf 84' lang='lat' dir='ltr'>nascatur,</span> <span class='ocrx_word' id='word_1_785' title='bbox 777 4828 842 4878; x_wconf 94' lang='lat' dir='ltr'>ut</span> <span class='ocrx_word' id='word_1_786' title='bbox 866 4821 1480 4896; x_wconf 70' lang='lat' dir='ltr'>xxveapdc,scarabeus</span> <span class='ocrx_word' id='word_1_787' title='bbox 1505 4822 1606 4893; x_wconf 90' lang='lat' dir='ltr'>qui</span> <span class='ocrx_word' id='word_1_788' title='bbox 1636 4823 1896 4878; x_wconf 85' lang='lat' dir='ltr'>frument</span> 
     </span>
    </p>
   </div>
   <div class='ocr_carea' id='block_1_98' title="bbox 2010 4804 3690 4912">
    <p class='ocr_par' dir='ltr' id='par_1_98' title="bbox 2040 4804 3690 4912">
     <span class='ocr_line' id='line_1_98' title="bbox 2040 4804 3690 4882; baseline -0.001 -22"><span class='ocrx_word' id='word_1_789' title='bbox 2040 4809 2250 4882; x_wconf 68' lang='grc' dir='ltr'>γένοιτο</span> <span class='ocrx_word' id='word_1_790' title='bbox 2308 4804 2652 4878; x_wconf 79' lang='grc' dir='ltr'>λυτρωθῆναι</span> <span class='ocrx_word' id='word_1_791' title='bbox 2702 4809 2849 4878; x_wconf 75' lang='grc' dir='ltr'>ἡμᾶς</span> <span class='ocrx_word' id='word_1_792' title='bbox 2909 4807 3098 4881; x_wconf 71' lang='grc' dir='ltr'>χάριτι</span> <span class='ocrx_word' id='word_1_793' title='bbox 3151 4809 3249 4859; x_wconf 78' lang='grc' dir='ltr'>τοῦ</span> <span class='ocrx_word' id='word_1_794' title='bbox 3299 4807 3497 4879; x_wconf 80' lang='grc' dir='ltr'>Κυρίου</span> <span class='ocrx_word' id='word_1_795' title='bbox 3528 4807 3690 4877; x_wconf 72' lang='grc' dir='ltr'>ἡμῶν</span> 
     </span>
     <span class='ocr_line' id='line_1_99' title="bbox 2044 4891 3642 4912; baseline -0.001 0"><span class='ocrx_word' id='word_1_796' title='bbox 2044 4898 2082 4912; x_wconf 74' lang='grc'>1-</span> <span class='ocrx_word' id='word_1_797' title='bbox 2199 4899 2221 4909; x_wconf 75' lang='lat'><strong>~</strong></span> <span class='ocrx_word' id='word_1_798' title='bbox 2259 4899 2295 4912; x_wconf 70' lang='lat' dir='ltr'>Ir</span> <span class='ocrx_word' id='word_1_799' title='bbox 2460 4900 2486 4910; x_wconf 63' lang='grc' dir='ltr'><em>ιν</em></span> <span class='ocrx_word' id='word_1_800' title='bbox 2620 4896 2665 4912; x_wconf 69' lang='grc' dir='ltr'>Λ,</span> <span class='ocrx_word' id='word_1_801' title='bbox 2731 4896 2758 4912; x_wconf 65' lang='grc' dir='ltr'><strong><em>ν</em></strong></span> <span class='ocrx_word' id='word_1_802' title='bbox 2846 4901 2872 4912; x_wconf 77' lang='lat'><strong><em>~</em></strong></span> <span class='ocrx_word' id='word_1_803' title='bbox 2947 4894 2960 4912; x_wconf 75' lang='grc'><strong>9</strong></span> <span class='ocrx_word' id='word_1_804' title='bbox 3015 4894 3025 4910; x_wconf 63' lang='grc' dir='ltr'><strong><em>α</em></strong></span> <span class='ocrx_word' id='word_1_805' title='bbox 3207 4901 3248 4912; x_wconf 59' lang='grc' dir='ltr'>σε</span> <span class='ocrx_word' id='word_1_806' title='bbox 3359 4895 3372 4912; x_wconf 61' lang='grc' dir='ltr'>ς</span> <span class='ocrx_word' id='word_1_807' title='bbox 3433 4891 3517 4912; x_wconf 60' lang='grc' dir='ltr'>δ’»</span> <span class='ocrx_word' id='word_1_808' title='bbox 3631 4892 3642 4910; x_wconf 74' lang='lat'><strong><em>\</em></strong></span> 
     </span>
    </p>
   </div>
   <div class='ocr_carea' id='block_1_99' title="bbox 271 4891 1899 5000">
    <p class='ocr_par' dir='ltr' id='par_1_99' title="bbox 271 4912 1899 4985">
     <span class='ocr_line' id='line_1_100' title="bbox 271 4912 1899 4985; baseline -0.004 -14"><span class='ocrx_word' id='word_1_809' title='bbox 271 4913 494 4971; x_wconf 83' lang='lat' dir='ltr'>erodit.</span> <span class='ocrx_word' id='word_1_810' title='bbox 520 4912 655 4968; x_wconf 72' lang='lat' dir='ltr'>Post</span> <span class='ocrx_word' id='word_1_811' title='bbox 677 4929 860 4983; x_wconf 87' lang='lat' dir='ltr'>pauca</span> <span class='ocrx_word' id='word_1_812' title='bbox 889 4912 947 4967; x_wconf 91' lang='lat' dir='ltr'>in</span> <span class='ocrx_word' id='word_1_813' title='bbox 974 4913 1448 4985; x_wconf 84' lang='lat' dir='ltr'>interpretatione</span> <span class='ocrx_word' id='word_1_814' title='bbox 1477 4912 1789 4967; x_wconf 90' lang='lat' dir='ltr'>verborum</span> <span class='ocrx_word' id='word_1_815' title='bbox 1824 4915 1899 4965; x_wconf 85' lang='lat' dir='ltr'>Eu</span> 
     </span>
    </p>
   </div>
   <div class='ocr_carea' id='block_1_100' title="bbox 2010 4891 3690 5000">
    <p class='ocr_par' dir='ltr' id='par_1_100' title="bbox 2044 4891 3690 4971">
     <span class='ocr_line' id='line_1_101' title="bbox 2044 4891 3690 4971; baseline -0.003 -19"><span class='ocrx_word' id='word_1_816' title='bbox 2044 4898 2226 4965; x_wconf 77' lang='grc' dir='ltr'>Ἰησοῦ</span> <span class='ocrx_word' id='word_1_817' title='bbox 2257 4899 2512 4969; x_wconf 80' lang='grc' dir='ltr'>Χριστοῦ,</span> <span class='ocrx_word' id='word_1_818' title='bbox 2549 4896 2665 4968; x_wconf 83' lang='grc' dir='ltr'>μεθ’</span> <span class='ocrx_word' id='word_1_819' title='bbox 2697 4896 2759 4950; x_wconf 82' lang='grc' dir='ltr'>οὗ</span> <span class='ocrx_word' id='word_1_820' title='bbox 2805 4901 2886 4968; x_wconf 77' lang='grc' dir='ltr'>τῷ</span> <span class='ocrx_word' id='word_1_821' title='bbox 2935 4894 3157 4971; x_wconf 78' lang='grc' dir='ltr'>ἀνάρχῳ</span> <span class='ocrx_word' id='word_1_822' title='bbox 3206 4895 3374 4970; x_wconf 80' lang='grc' dir='ltr'>ΙΙατρὶ</span> <span class='ocrx_word' id='word_1_823' title='bbox 3429 4891 3555 4965; x_wconf 78' lang='grc' dir='ltr'>δόξα</span> <span class='ocrx_word' id='word_1_824' title='bbox 3597 4892 3690 4948; x_wconf 70' lang='grc' dir='ltr'>σὺν</span> 
     </span>
    </p>
   </div>
   <div class='ocr_carea' id='block_1_101' title="bbox 273 4983 1899 5084">
    <p class='ocr_par' dir='ltr' id='par_1_101' title="bbox 273 4983 1899 5074">
     <span class='ocr_line' id='line_1_102' title="bbox 273 4983 1899 5074; baseline -0.003 -13"><span class='ocrx_word' id='word_1_825' title='bbox 273 5002 473 5061; x_wconf 84' lang='lat' dir='ltr'>nomii</span> <span class='ocrx_word' id='word_1_826' title='bbox 505 5001 625 5058; x_wconf 66' lang='lat' dir='ltr'>hinc</span> <span class='ocrx_word' id='word_1_827' title='bbox 656 5001 1074 5072; x_wconf 82' lang='lat' dir='ltr'>sustulimus,«</span> <span class='ocrx_word' id='word_1_828' title='bbox 1091 4983 1267 5074; x_wconf 80' lang='lat' dir='ltr'>Atqui</span> <span class='ocrx_word' id='word_1_829' title='bbox 1290 5001 1433 5057; x_wconf 89' lang='lat' dir='ltr'>dicit</span> <span class='ocrx_word' id='word_1_830' title='bbox 1463 5017 1566 5057; x_wconf 91' lang='lat' dir='ltr'>nec</span> <span class='ocrx_word' id='word_1_831' title='bbox 1601 5007 1663 5056; x_wconf 90' lang='lat' dir='ltr'>ut</span> <span class='ocrx_word' id='word_1_832' title='bbox 1685 5001 1899 5074; x_wconf 87' lang='lat' dir='ltr'>qualita</span> 
     </span>
    </p>
   </div>
   <div class='ocr_carea' id='block_1_102' title="bbox 2010 4983 3693 5084">
    <p class='ocr_par' dir='ltr' id='par_1_102' title="bbox 2049 4983 3692 5059">
     <span class='ocr_line' id='line_1_103' title="bbox 2049 4983 3692 5059; baseline -0.001 -20"><span class='ocrx_word' id='word_1_833' title='bbox 2049 4985 2190 5059; x_wconf 75' lang='grc' dir='ltr'>ἁγίῳ</span> <span class='ocrx_word' id='word_1_834' title='bbox 2225 4983 2490 5057; x_wconf 79' lang='grc' dir='ltr'>Πνεύματι</span> <span class='ocrx_word' id='word_1_835' title='bbox 2523 4989 2636 5053; x_wconf 74' lang='grc' dir='ltr'>νῦν,</span> <span class='ocrx_word' id='word_1_836' title='bbox 2668 4985 2758 5039; x_wconf 83' lang='grc' dir='ltr'>καὶ</span> <span class='ocrx_word' id='word_1_837' title='bbox 2791 4985 2893 5054; x_wconf 79' lang='grc' dir='ltr'>ἀεὶ,</span> <span class='ocrx_word' id='word_1_838' title='bbox 2925 4985 3014 5039; x_wconf 76' lang='grc' dir='ltr'>καὶ</span> <span class='ocrx_word' id='word_1_839' title='bbox 3047 4983 3123 5047; x_wconf 75' lang='grc' dir='ltr'>εἷς</span> <span class='ocrx_word' id='word_1_840' title='bbox 3151 4983 3278 5046; x_wconf 74' lang='grc' dir='ltr'>τοὺς</span> <span class='ocrx_word' id='word_1_841' title='bbox 3337 4984 3536 5046; x_wconf 81' lang='grc' dir='ltr'>αἰῶνας</span> <span class='ocrx_word' id='word_1_842' title='bbox 3583 4984 3692 5038; x_wconf 78' lang='grc' dir='ltr'>τῶν</span> 
     </span>
    </p>
   </div>
   <div class='ocr_carea' id='block_1_103' title="bbox 273 5073 1899 5174">
    <p class='ocr_par' dir='ltr' id='par_1_103' title="bbox 273 5073 1899 5164">
     <span class='ocr_line' id='line_1_104' title="bbox 273 5073 1899 5164; baseline -0.004 -14"><span class='ocrx_word' id='word_1_843' title='bbox 273 5100 392 5150; x_wconf 81' lang='lat' dir='ltr'>aut</span> <span class='ocrx_word' id='word_1_844' title='bbox 423 5091 628 5160; x_wconf 89' lang='lat' dir='ltr'>moles,</span> <span class='ocrx_word' id='word_1_845' title='bbox 662 5098 764 5148; x_wconf 86' lang='lat' dir='ltr'>aut</span> <span class='ocrx_word' id='word_1_846' title='bbox 794 5093 1091 5164; x_wconf 85' lang='lat' dir='ltr'>quantitas</span> <span class='ocrx_word' id='word_1_847' title='bbox 1121 5073 1548 5148; x_wconf 15' lang='lat' dir='ltr'>inisubstantia</span> <span class='ocrx_word' id='word_1_848' title='bbox 1578 5091 1680 5148; x_wconf 89' lang='lat' dir='ltr'>Dei</span> <span class='ocrx_word' id='word_1_849' title='bbox 1706 5073 1899 5163; x_wconf 17' lang='lat' dir='ltr'>ipoter</span> 
     </span>
    </p>
   </div>
   <div class='ocr_carea' id='block_1_104' title="bbox 2010 5073 3696 5174">
    <p class='ocr_par' dir='ltr' id='par_1_104' title="bbox 2049 5073 3696 5148">
     <span class='ocr_line' id='line_1_105' title="bbox 2049 5073 3696 5148; baseline -0.001 -21"><span class='ocrx_word' id='word_1_850' title='bbox 2049 5073 2285 5130; x_wconf 81' lang='grc' dir='ltr'>αἰώνων.</span> <span class='ocrx_word' id='word_1_851' title='bbox 2344 5074 2544 5146; x_wconf 77' lang='grc' dir='ltr'>Ἀμήν.</span> <span class='ocrx_word' id='word_1_852' title='bbox 2576 5079 2826 5130; x_wconf 89' lang='lat' dir='ltr'>Tantum</span> <span class='ocrx_word' id='word_1_853' title='bbox 2877 5075 3046 5143; x_wconf 91' lang='lat' dir='ltr'>illud,</span> <span class='ocrx_word' id='word_1_854' title='bbox 3084 5073 3332 5148; x_wconf 78' lang='grc' dir='ltr'>ἀνάρχῳ,</span> <span class='ocrx_word' id='word_1_855' title='bbox 3371 5098 3391 5124; x_wconf 76' lang='grc' dir='ltr'>ι</span> <span class='ocrx_word' id='word_1_856' title='bbox 3426 5073 3696 5146; x_wconf 86' lang='lat' dir='ltr'>principii</span> 
     </span>
    </p>
   </div>
   <div class='ocr_carea' id='block_1_105' title="bbox 275 5163 1899 5256">
    <p class='ocr_par' dir='ltr' id='par_1_105' title="bbox 275 5181 1899 5256">
     <span class='ocr_line' id='line_1_106' title="bbox 275 5181 1899 5256; baseline -0.002 -16"><span class='ocrx_word' id='word_1_857' title='bbox 275 5184 600 5240; x_wconf 80' lang='lat' dir='ltr'>inhaerere.</span> <span class='ocrx_word' id='word_1_858' title='bbox 636 5181 910 5238; x_wconf 88' lang='lat' dir='ltr'>Liberum</span> <span class='ocrx_word' id='word_1_859' title='bbox 961 5182 1116 5238; x_wconf 89' lang='lat' dir='ltr'>enim</span> <span class='ocrx_word' id='word_1_860' title='bbox 1174 5183 1246 5237; x_wconf 90' lang='lat' dir='ltr'>ab</span> <span class='ocrx_word' id='word_1_861' title='bbox 1304 5181 1463 5237; x_wconf 89' lang='lat' dir='ltr'>omni</span> <span class='ocrx_word' id='word_1_862' title='bbox 1521 5181 1899 5256; x_wconf 81' lang='lat' dir='ltr'>composition</span> 
     </span>
    </p>
   </div>
   <div class='ocr_carea' id='block_1_106' title="bbox 2010 5163 3554 5256">
    <p class='ocr_par' dir='ltr' id='par_1_106' title="bbox 2051 5163 3554 5237">
     <span class='ocr_line' id='line_1_107' title="bbox 2051 5163 3554 5237; baseline -0.003 -16"><span class='ocrx_word' id='word_1_863' title='bbox 2051 5168 2304 5237; x_wconf 82' lang='lat' dir='ltr'>experte,</span> <span class='ocrx_word' id='word_1_864' title='bbox 2339 5185 2367 5213; x_wconf 84' lang='lat'><strong>»</strong></span> <span class='ocrx_word' id='word_1_865' title='bbox 2397 5163 2483 5219; x_wconf 86' lang='lat' dir='ltr'>vel</span> <span class='ocrx_word' id='word_1_866' title='bbox 2517 5181 2630 5220; x_wconf 92' lang='lat' dir='ltr'>non</span> <span class='ocrx_word' id='word_1_867' title='bbox 2663 5163 2823 5236; x_wconf 87' lang='lat' dir='ltr'>legit,</span> <span class='ocrx_word' id='word_1_868' title='bbox 2855 5164 2943 5221; x_wconf 90' lang='lat' dir='ltr'>vel</span> <span class='ocrx_word' id='word_1_869' title='bbox 2967 5163 3219 5236; x_wconf 85' lang='lat' dir='ltr'>neglexit</span> <span class='ocrx_word' id='word_1_870' title='bbox 3247 5164 3554 5234; x_wconf 88' lang='lat' dir='ltr'>interpres.</span> 
     </span>
    </p>
   </div>
   <div class='ocr_carea' id='block_1_107' title="bbox 284 5267 3700 5344">
    <p class='ocr_par' dir='ltr' id='par_1_107' title="bbox 284 5267 3700 5344">
     <span class='ocr_line' id='line_1_108' title="bbox 284 5267 3700 5344; baseline -0.001 -15"><span class='ocrx_word' id='word_1_871' title='bbox 284 5280 483 5329; x_wconf 87' lang='lat' dir='ltr'>Deum</span> <span class='ocrx_word' id='word_1_872' title='bbox 510 5289 640 5328; x_wconf 89' lang='lat' dir='ltr'>esse</span> <span class='ocrx_word' id='word_1_873' title='bbox 671 5288 909 5328; x_wconf 89' lang='lat' dir='ltr'>necesse</span> <span class='ocrx_word' id='word_1_874' title='bbox 939 5276 1048 5328; x_wconf 88' lang='lat' dir='ltr'>est.</span> <span class='ocrx_word' id='word_1_875' title='bbox 1080 5295 1108 5322; x_wconf 85' lang='lat'>»</span> <span class='ocrx_word' id='word_1_876' title='bbox 1140 5272 1252 5327; x_wconf 87' lang='lat' dir='ltr'>Sed</span> <span class='ocrx_word' id='word_1_877' title='bbox 1300 5270 1360 5326; x_wconf 93' lang='lat' dir='ltr'>in</span> <span class='ocrx_word' id='word_1_878' title='bbox 1400 5271 1593 5327; x_wconf 88' lang='lat' dir='ltr'>verbis</span> <span class='ocrx_word' id='word_1_879' title='bbox 1647 5270 1944 5343; x_wconf 87' lang='lat' dir='ltr'>Evangelii</span> <span class='ocrx_word' id='word_1_880' title='bbox 2125 5271 2240 5326; x_wconf 89' lang='lat' dir='ltr'>Col.</span> <span class='ocrx_word' id='word_1_881' title='bbox 2268 5272 2375 5326; x_wconf 75' lang='lat'>573</span> <span class='ocrx_word' id='word_1_882' title='bbox 2404 5271 2464 5326; x_wconf 88' lang='lat' dir='ltr'>in</span> <span class='ocrx_word' id='word_1_883' title='bbox 2514 5270 2681 5326; x_wconf 92' lang='lat' dir='ltr'>titulo</span> <span class='ocrx_word' id='word_1_884' title='bbox 2716 5287 2729 5326; x_wconf 94' lang='lat'>:</span> <span class='ocrx_word' id='word_1_885' title='bbox 2765 5271 2894 5344; x_wconf 82' lang='grc' dir='ltr'>Περὶ</span> <span class='ocrx_word' id='word_1_886' title='bbox 2954 5270 3102 5337; x_wconf 64' lang='lat' dir='ltr'>rios,</span> <span class='ocrx_word' id='word_1_887' title='bbox 3161 5272 3235 5325; x_wconf 88' lang='lat' dir='ltr'>De</span> <span class='ocrx_word' id='word_1_888' title='bbox 3277 5270 3436 5324; x_wconf 81' lang='lat' dir='ltr'>Filio.</span> <span class='ocrx_word' id='word_1_889' title='bbox 3473 5268 3576 5324; x_wconf 86' lang='lat' dir='ltr'>Hie</span> <span class='ocrx_word' id='word_1_890' title='bbox 3633 5267 3700 5324; x_wconf 83' lang='lat' dir='ltr'>ti-</span> 
     </span>
    </p>
   </div>
   <div class='ocr_carea' id='block_1_108' title="bbox 284 5354 1899 5434">
    <p class='ocr_par' dir='ltr' id='par_1_108' title="bbox 284 5359 1899 5434">
     <span class='ocr_line' id='line_1_109' title="bbox 284 5359 1899 5434; baseline -0.004 -14"><span class='ocrx_word' id='word_1_891' title='bbox 284 5361 608 5434; x_wconf 86' lang='lat' dir='ltr'>legebatur</span> <span class='ocrx_word' id='word_1_892' title='bbox 662 5377 732 5416; x_wconf 86' lang='lat' dir='ltr'>ex</span> <span class='ocrx_word' id='word_1_893' title='bbox 789 5379 898 5417; x_wconf 90' lang='lat' dir='ltr'>ms.</span> <span class='ocrx_word' id='word_1_894' title='bbox 941 5362 1009 5428; x_wconf 91' lang='lat' dir='ltr'>H,</span> <span class='ocrx_word' id='word_1_895' title='bbox 1043 5361 1070 5414; x_wconf 86' lang='lat'>6</span> <span class='ocrx_word' id='word_1_896' title='bbox 1101 5359 1319 5432; x_wconf 66' lang='grc' dir='ltr'>πέμψας</span> <span class='ocrx_word' id='word_1_897' title='bbox 1375 5379 1440 5430; x_wconf 83' lang='grc' dir='ltr'><strong>με</strong></span> <span class='ocrx_word' id='word_1_898' title='bbox 1489 5359 1674 5432; x_wconf 64' lang='grc' dir='ltr'>Πατὴρ</span> <span class='ocrx_word' id='word_1_899' title='bbox 1725 5360 1899 5432; x_wconf 65' lang='grc' dir='ltr'>μείζω*</span> 
     </span>
    </p>
   </div>
   <div class='ocr_carea' id='block_1_109' title="bbox 2010 5354 3698 5434">
    <p class='ocr_par' dir='ltr' id='par_1_109' title="bbox 2055 5354 3698 5431">
     <span class='ocr_line' id='line_1_110' title="bbox 2055 5354 3698 5431; baseline -0.005 -14"><span class='ocrx_word' id='word_1_900' title='bbox 2055 5361 2214 5417; x_wconf 89' lang='lat' dir='ltr'>tulus</span> <span class='ocrx_word' id='word_1_901' title='bbox 2245 5365 2335 5416; x_wconf 89' lang='lat' dir='ltr'>est</span> <span class='ocrx_word' id='word_1_902' title='bbox 2363 5360 2495 5416; x_wconf 88' lang='lat' dir='ltr'>libri</span> <span class='ocrx_word' id='word_1_903' title='bbox 2529 5361 2706 5431; x_wconf 87' lang='lat' dir='ltr'>hujus</span> <span class='ocrx_word' id='word_1_904' title='bbox 2737 5360 2795 5415; x_wconf 93' lang='lat' dir='ltr'>in</span> <span class='ocrx_word' id='word_1_905' title='bbox 2829 5359 3078 5428; x_wconf 83' lang='lat' dir='ltr'>excusis,</span> <span class='ocrx_word' id='word_1_906' title='bbox 3102 5364 3158 5414; x_wconf 89' lang='lat' dir='ltr'>at</span> <span class='ocrx_word' id='word_1_907' title='bbox 3216 5359 3273 5412; x_wconf 89' lang='lat' dir='ltr'>in</span> <span class='ocrx_word' id='word_1_908' title='bbox 3325 5359 3388 5412; x_wconf 85' lang='lat' dir='ltr'>ll.</span> <span class='ocrx_word' id='word_1_909' title='bbox 3425 5375 3535 5412; x_wconf 90' lang='lat' dir='ltr'>ms.</span> <span class='ocrx_word' id='word_1_910' title='bbox 3571 5354 3698 5430; x_wconf 80' lang='grc' dir='ltr'>Περῖ</span> 
     </span>
    </p>
   </div>
   <div class='ocr_carea' id='block_1_110' title="bbox 286 5442 1899 5524">
    <p class='ocr_par' dir='ltr' id='par_1_110' title="bbox 286 5448 1899 5524">
     <span class='ocr_line' id='line_1_111' title="bbox 286 5448 1899 5524; baseline -0.001 -17"><span class='ocrx_word' id='word_1_911' title='bbox 286 5469 418 5510; x_wconf 89' lang='lat' dir='ltr'>non</span> <span class='ocrx_word' id='word_1_912' title='bbox 455 5455 520 5505; x_wconf 91' lang='lat' dir='ltr'>ut</span> <span class='ocrx_word' id='word_1_913' title='bbox 541 5451 600 5506; x_wconf 90' lang='lat' dir='ltr'>in</span> <span class='ocrx_word' id='word_1_914' title='bbox 634 5467 846 5506; x_wconf 88' lang='lat' dir='ltr'>excuso</span> <span class='ocrx_word' id='word_1_915' title='bbox 877 5450 904 5504; x_wconf 91' lang='lat'>6</span> <span class='ocrx_word' id='word_1_916' title='bbox 939 5451 1121 5524; x_wconf 72' lang='grc' dir='ltr'>Πατὴρ</span> <span class='ocrx_word' id='word_1_917' title='bbox 1145 5450 1172 5504; x_wconf 90' lang='lat'>6</span> <span class='ocrx_word' id='word_1_918' title='bbox 1202 5448 1442 5522; x_wconf 73' lang='grc' dir='ltr'>πέμψας,</span> <span class='ocrx_word' id='word_1_919' title='bbox 1475 5455 1532 5505; x_wconf 91' lang='lat' dir='ltr'>et</span> <span class='ocrx_word' id='word_1_920' title='bbox 1561 5451 1640 5506; x_wconf 87' lang='lat' dir='ltr'>ita</span> <span class='ocrx_word' id='word_1_921' title='bbox 1671 5451 1899 5507; x_wconf 69' lang='lat' dir='ltr'>colloca]</span> 
     </span>
    </p>
   </div>
   <div class='ocr_carea' id='block_1_111' title="bbox 2010 5442 3703 5524">
    <p class='ocr_par' dir='ltr' id='par_1_111' title="bbox 2059 5442 3703 5524">
     <span class='ocr_line' id='line_1_112' title="bbox 2059 5442 3703 5524; baseline -0.001 -22"><span class='ocrx_word' id='word_1_922' title='bbox 2059 5451 2186 5503; x_wconf 80' lang='grc' dir='ltr'>Υἱοῦ</span> <span class='ocrx_word' id='word_1_923' title='bbox 2243 5446 2407 5523; x_wconf 78' lang='grc' dir='ltr'>λόγος</span> <span class='ocrx_word' id='word_1_924' title='bbox 2466 5447 2733 5522; x_wconf 67' lang='grc' dir='ltr'>δεύτερος,</span> <span class='ocrx_word' id='word_1_925' title='bbox 2768 5448 3041 5524; x_wconf 78' lang='grc' dir='ltr'>ἀνατροπὴ</span> <span class='ocrx_word' id='word_1_926' title='bbox 3091 5449 3188 5499; x_wconf 75' lang='grc' dir='ltr'>τοῦ</span> <span class='ocrx_word' id='word_1_927' title='bbox 3238 5443 3396 5499; x_wconf 77' lang='grc' dir='ltr'>ἀϐἑου</span> <span class='ocrx_word' id='word_1_928' title='bbox 3429 5442 3703 5519; x_wconf 81' lang='grc' dir='ltr'>δόγματος</span> 
     </span>
    </p>
   </div>
   <div class='ocr_carea' id='block_1_112' title="bbox 283 5535 3705 5612">
    <p class='ocr_par' dir='ltr' id='par_1_112' title="bbox 283 5535 3705 5612">
     <span class='ocr_line' id='line_1_113' title="bbox 283 5535 3705 5612; baseline -0.003 -12"><span class='ocrx_word' id='word_1_929' title='bbox 283 5548 398 5600; x_wconf 84' lang='lat' dir='ltr'>tur</span> <span class='ocrx_word' id='word_1_930' title='bbox 428 5539 551 5595; x_wconf 74' lang='lat' dir='ltr'>haec</span> <span class='ocrx_word' id='word_1_931' title='bbox 581 5541 928 5610; x_wconf 88' lang='lat' dir='ltr'>verba,eum</span> <span class='ocrx_word' id='word_1_932' title='bbox 959 5539 1138 5595; x_wconf 89' lang='lat' dir='ltr'>simul</span> <span class='ocrx_word' id='word_1_933' title='bbox 1164 5540 1501 5612; x_wconf 87' lang='lat' dir='ltr'>junguntur</span> <span class='ocrx_word' id='word_1_934' title='bbox 1532 5540 1588 5594; x_wconf 91' lang='lat' dir='ltr'>in</span> <span class='ocrx_word' id='word_1_935' title='bbox 1607 5539 1947 5612; x_wconf 82' lang='lat' dir='ltr'>Evangelia:</span> <span class='ocrx_word' id='word_1_936' title='bbox 2060 5543 2154 5594; x_wconf 76' lang='grc' dir='ltr'>τοῦ</span> <span class='ocrx_word' id='word_1_937' title='bbox 2185 5537 2478 5612; x_wconf 74' lang='grc' dir='ltr'>Εὐνομίοο.</span> <span class='ocrx_word' id='word_1_938' title='bbox 2516 5560 2544 5590; x_wconf 80' lang='grc' dir='ltr'>ι(</span> <span class='ocrx_word' id='word_1_939' title='bbox 2578 5540 2749 5597; x_wconf 90' lang='lat' dir='ltr'>Liber</span> <span class='ocrx_word' id='word_1_940' title='bbox 2778 5557 2816 5597; x_wconf 83' lang='grc' dir='ltr'>ιι</span> <span class='ocrx_word' id='word_1_941' title='bbox 2843 5541 2913 5595; x_wconf 92' lang='lat' dir='ltr'>de</span> <span class='ocrx_word' id='word_1_942' title='bbox 2946 5537 3111 5604; x_wconf 86' lang='lat' dir='ltr'>Filio,</span> <span class='ocrx_word' id='word_1_943' title='bbox 3143 5535 3417 5592; x_wconf 87' lang='lat' dir='ltr'>refutatio</span> <span class='ocrx_word' id='word_1_944' title='bbox 3469 5537 3705 5606; x_wconf 84' lang='lat' dir='ltr'>dogma-</span> 
     </span>
    </p>
   </div>
   <div class='ocr_carea' id='block_1_113' title="bbox 290 5627 3711 5703">
    <p class='ocr_par' dir='ltr' id='par_1_113' title="bbox 290 5627 3711 5703">
     <span class='ocr_line' id='line_1_114' title="bbox 290 5627 3711 5703; baseline -0.004 -13"><span class='ocrx_word' id='word_1_945' title='bbox 290 5648 439 5690; x_wconf 84' lang='lat' dir='ltr'>nam</span> <span class='ocrx_word' id='word_1_946' title='bbox 475 5629 720 5687; x_wconf 88' lang='lat' dir='ltr'>Joannis</span> <span class='ocrx_word' id='word_1_947' title='bbox 750 5629 990 5702; x_wconf 85' lang='lat' dir='ltr'>quidem</span> <span class='ocrx_word' id='word_1_948' title='bbox 1021 5647 1136 5695; x_wconf 83' lang='lat' dir='ltr'>xxv,</span> <span class='ocrx_word' id='word_1_949' title='bbox 1165 5632 1259 5697; x_wconf 87' lang='lat'>28,</span> <span class='ocrx_word' id='word_1_950' title='bbox 1301 5635 1530 5685; x_wconf 86' lang='lat' dir='ltr'>tantum</span> <span class='ocrx_word' id='word_1_951' title='bbox 1563 5630 1684 5686; x_wconf 77' lang='lat' dir='ltr'>haec</span> <span class='ocrx_word' id='word_1_952' title='bbox 1730 5630 1950 5686; x_wconf 85' lang='lat' dir='ltr'>haben-</span> <span class='ocrx_word' id='word_1_953' title='bbox 2069 5636 2190 5686; x_wconf 89' lang='lat' dir='ltr'>tum</span> <span class='ocrx_word' id='word_1_954' title='bbox 2223 5630 2390 5703; x_wconf 89' lang='lat' dir='ltr'>impii</span> <span class='ocrx_word' id='word_1_955' title='bbox 2423 5631 2764 5686; x_wconf 80' lang='lat' dir='ltr'>Eunomii.»</span> <span class='ocrx_word' id='word_1_956' title='bbox 2793 5628 3166 5685; x_wconf 83' lang='lat' dir='ltr'>Subindezln</span> <span class='ocrx_word' id='word_1_957' title='bbox 3195 5627 3393 5682; x_wconf 82' lang='lat' dir='ltr'>scholis</span> <span class='ocrx_word' id='word_1_958' title='bbox 3422 5627 3600 5682; x_wconf 77' lang='lat' dir='ltr'>venit.</span> <span class='ocrx_word' id='word_1_959' title='bbox 3621 5631 3711 5678; x_wconf 80' lang='grc' dir='ltr'>Δι·</span> 
     </span>
    </p>
   </div>
   <div class='ocr_carea' id='block_1_114' title="bbox 293 5715 1899 5794">
    <p class='ocr_par' dir='ltr' id='par_1_114' title="bbox 293 5718 1899 5794">
     <span class='ocr_line' id='line_1_115' title="bbox 293 5718 1899 5794; baseline 0.005 -25"><span class='ocrx_word' id='word_1_960' title='bbox 293 5729 429 5793; x_wconf 67' lang='lat' dir='ltr'>:ur,</span> <span class='ocrx_word' id='word_1_961' title='bbox 467 5719 588 5776; x_wconf 82' lang='grc' dir='ltr'>’Ὀτι</span> <span class='ocrx_word' id='word_1_962' title='bbox 621 5719 648 5773; x_wconf 88' lang='grc' dir='ltr'>ὁ</span> <span class='ocrx_word' id='word_1_963' title='bbox 680 5720 866 5793; x_wconf 69' lang='grc' dir='ltr'>Πατήρ</span> <span class='ocrx_word' id='word_1_964' title='bbox 923 5733 1030 5794; x_wconf 81' lang='grc' dir='ltr'>μου</span> <span class='ocrx_word' id='word_1_965' title='bbox 1092 5719 1290 5793; x_wconf 78' lang='grc' dir='ltr'>μείζων</span> <span class='ocrx_word' id='word_1_966' title='bbox 1346 5740 1448 5793; x_wconf 84' lang='grc' dir='ltr'>μου</span> <span class='ocrx_word' id='word_1_967' title='bbox 1505 5718 1634 5788; x_wconf 81' lang='grc' dir='ltr'>ἐστί,</span> <span class='ocrx_word' id='word_1_968' title='bbox 1675 5721 1814 5788; x_wconf 83' lang='lat' dir='ltr'>Quia</span> <span class='ocrx_word' id='word_1_969' title='bbox 1842 5723 1899 5776; x_wconf 67' lang='lat'>1’4</span> 
     </span>
    </p>
   </div>
   <div class='ocr_carea' id='block_1_115' title="bbox 2010 5715 3712 5794">
    <p class='ocr_par' dir='ltr' id='par_1_115' title="bbox 2074 5715 3712 5793">
     <span class='ocr_line' id='line_1_116' title="bbox 2074 5715 3712 5793; baseline -0.002 -18"><span class='ocrx_word' id='word_1_970' title='bbox 2074 5717 2418 5782; x_wconf 77' lang='grc' dir='ltr'>δασκαλεῖοις</span> <span class='ocrx_word' id='word_1_971' title='bbox 2454 5720 2836 5793; x_wconf 82' lang='grc' dir='ltr'>ματαιότητος,</span> <span class='ocrx_word' id='word_1_972' title='bbox 2870 5719 2954 5775; x_wconf 83' lang='lat' dir='ltr'>sic</span> <span class='ocrx_word' id='word_1_973' title='bbox 2983 5718 3402 5790; x_wconf 73' lang='lat' dir='ltr'>interpretatus</span> <span class='ocrx_word' id='word_1_974' title='bbox 3443 5720 3532 5774; x_wconf 85' lang='lat' dir='ltr'>est</span> <span class='ocrx_word' id='word_1_975' title='bbox 3576 5715 3712 5773; x_wconf 83' lang='lat' dir='ltr'>Cor-</span> 
     </span>
    </p>
   </div>
  </div>
