4128 6216
471 380 630 444 1039

1655 385 1893 445 NOTAE
1936 382 2381 444 FRONTONIS
2430 381 2694 442 DUCfEI

3730 382 3890 442 1040

473 513 867 586 narius,quod
889 516 1074 588 magis
1099 516 1499 588 placet,quam
1525 516 1676 587 quod
1711 515 1974 585 Trapez.,
2004 535 2024 562 σ
2053 513 2108 566 In

2235 529 2362 566 rum
2388 527 2520 568 cum
2546 511 2602 566 in
2626 512 2819 567 verbis
2841 511 3132 582 Eunomii,
3159 511 3258 566 οὐκ
3284 508 3445 566 οὖσαν
3471 511 3579 585 πρὸ
3609 518 3710 580 τῆς
3742 508 3886 572 ἰδίας

472 603 639 658 vanis
666 605 973 660 auditoriis
999 605 1068 660 ad
1114 605 1556 661 meditationem
1597 605 1750 674 ejus,
1774 604 1930 675 quod
1966 603 2025 657 in
2058 617 2119 657 re

475 693 624 748 falsa
651 694 971 749 verisimile
992 699 1078 749 est
1103 712 1116 759 ;
1149 715 1177 743 ν»
1201 694 1288 749 vel
1323 694 1477 765 quod
1506 694 1673 764 Beza,
1709 693 2115 764 paraphastem

475 781 671 851 potius
693 798 893 853 agens,
918 805 939 830 ι
970 783 1030 837 In
1071 783 1250 848 ludis,
1281 784 1377 838 ubi
1420 783 1664 838 docetur
1691 783 1940 846 vanitas,
1977 781 2120 836 ado-

473 870 828 926 lescentibus
859 876 1291 942 proponuntur.
1336 894 1362 921 n
1395 871 1806 927 Conservanda
1839 870 2117 925 fuitlocu-

473 959 554 1014 tio
614 959 928 1030 Scriptura:
988 961 1222 1031 similis,
1255 960 1408 1017 Psal.
1458 979 1588 1032 xxv,
1622 962 1652 1015 4
1687 977 1699 1016 :
1735 958 1847 1017 Οὐκ
1904 956 2120 1021 ἐκοὶθιενδι

476 1048 611 1118 μετά
662 1045 938 1122 συνεδρίου
983 1045 1372 1120 ματαιότητος,
1425 1052 1537 1106 Non
1595 1050 1712 1105 sedi
1763 1066 1883 1104 cum
1931 1051 2120 1102 consi-

473 1137 547 1190 lio
574 1138 864 1207 vanitatis,
889 1139 996 1208 ubi
1029 1155 1135 1194 vox
1166 1141 1405 1194 Hebraa
1435 1145 1545 1207 est,
1580 1155 1756 1210 quam
1799 1138 1937 1193 alibi
1987 1136 2121 1192 LXX

471 1230 704 1280 vertunt
733 1219 864 1299 ἔργα
903 1225 1144 1298 ἀνόμων,
1175 1228 1286 1282 Job
1334 1245 1416 1294 x1,
1463 1230 1551 1292 11,
1583 1243 1749 1299 opera
1800 1226 2116 1297 impiorum.

471 1313 574 1367 llic
605 1330 842 1384 quoque
873 1315 1191 1385 impiorum
1223 1316 1310 1371 vel
1372 1317 1750 1388 profanorum
1810 1314 2118 1386 gentilium

470 1401 705 1457 scholas
737 1403 1025 1474 designat,
1056 1403 1116 1458 in
1158 1405 1376 1474 quibus
1430 1404 1827 1476 sophistarum
1876 1399 2117 1473 μελέται,

471 1490 931 1547 declamationes
962 1493 1566 1563 exercebantjuvenes
1598 1492 1813 1548 studiis
1842 1493 2119 1562 eloquen-

470 1581 584 1635 tia).
619 1581 702 1635 Ib.
735 1580 968 1654 γέγονεν.
1004 1582 1112 1637 Ms.
1167 1582 1234 1638 H.
1286 1579 1583 1656 ἐγγέγονεν,
1615 1590 1671 1636 et
1715 1597 1846 1652 pag.
1877 1579 2005 1646 239,
2038 1575 2118 1632 δι-

472 1668 775 1741 καιότερος.
815 1672 876 1724 Η.
911 1676 969 1726 et
1017 1671 1218 1742 Steph.
1252 1667 1608 1744 δικαιότερον.
1643 1670 1780 1725 Pad.
1835 1669 1960 1724 238.
1991 1687 2118 1720 κατ-

474 1757 711 1831 ηγόρους
749 1759 824 1828 μή
860 1759 1188 1835 ὑφεστῶτας,
1213 1769 1554 1816 accusatores
1581 1761 1678 1830 qui
1705 1776 1815 1814 non
1844 1761 1992 1820 sunt,
2025 1761 2119 1812 aut

470 1850 803 1914 subsistunt,
835 1848 1119 1914 diximus,
1153 1865 1266 1904 non
1319 1853 1385 1904 ut
1439 1848 1748 1918 interpres,
1778 1849 2115 1902 accusatores
2147 1880 2194 1945 Β
2227 1861 2329 1908 vn,
2389 1845 2454 1898 17
2506 1862 2519 1900 :

470 1953 581 1992 non
609 1939 930 1992 constitutos
961 1937 1032 1992 ad
1057 1954 1322 2008 pugnam.

541 2025 659 2080 Col.
704 2027 829 2081 576.
884 2029 950 2080 A.
1011 2024 1281 2097 Γὲννημα.
1331 2027 1455 2081 Non
1515 2031 1578 2081 ut
1632 2025 1689 2080 in
1741 2024 1971 2080 excusis
2026 2021 2110 2096 γὲ-

470 2133 639 2185 νημα,
682 2116 835 2185 quod
868 2114 1106 2185 vulgata
1136 2115 1316 2170 lexica
1345 2131 1459 2170 non
1495 2118 1842 2186 agnoscunt,
1860 2114 1961 2169 sed
1994 2113 2115 2185 γὲν-

469 2221 640 2273 νημα,
676 2203 825 2274 quod
845 2205 1095 2273 genitum
1118 2213 1222 2268 est,
1256 2207 1322 2258 ut
1349 2203 1557 2259 habuit
1589 2220 1698 2259 ms.
1736 2207 1800 2256 Η.

541 2292 689 2346 Ibid.
714 2292 755 2346 B
783 2293 838 2346 6.
871 2289 1390 2366 Μεταρῥυθμίζοντα
1421 2291 1561 2364 legit
1603 2291 1758 2346 idem
1790 2295 1857 2345 H.
1893 2307 2005 2345 ms.

540 2397 661 2452 Col.
685 2399 792 2452 579
811 2402 878 2452 Α.
901 2401 1055 2454 Jonw
1092 2399 1300 2468 ﬁlium.
1319 2398 1762 2469 Trapezuntius,
1791 2419 1814 2447 ‹‹
1838 2396 2113 2468 intelligi-

471 2503 604 2541 mus
625 2486 857 2542 Jonam.
885 2506 908 2535 ν
937 2487 1058 2540 Imo
1099 2487 1286 2542 ﬁlium
1306 2488 1490 2558 Jonas,
1514 2488 1670 2542 unde
1704 2486 1955 2542 Matthaei
1997 2503 2112 2553 XVI,

474 2576 561 2638 17,
599 2573 881 2648 Μακάριος
928 2575 992 2640 εἶ,
1029 2573 1214 2646 Σίμων
1258 2575 1560 2648 Βᾶρ-Ἰωνᾶ,
1597 2578 1791 2632 Beatus
1819 2591 1892 2645 es,
1926 2575 2112 2631 Simon

469 2665 772 2731 Har-Iona,
805 2666 957 2736 quod
1018 2671 1105 2719 est
1160 2666 1404 2720 Joannis
1455 2683 1492 2730 1,
1529 2667 1617 2730 42,
1650 2664 1724 2717 Σὺ
1772 2665 1822 2717 εἴ
1865 2663 2049 2735 Σίμων
2084 2664 2111 2717 ὁ

471 2751 586 2812 υἱὸς
616 2756 712 2805 τοῦ
744 2753 917 2821 Ἰωνᾶ,
954 2756 1025 2808 Tu
1055 2770 1108 2809 es
1141 2755 1329 2809 Simon
1380 2755 1530 2823 ﬁlius
1574 2756 1731 2810 Jona.
1770 2757 1972 2825 Itaque
2021 2753 2113 2808 hic

469 2843 633 2897 locus
664 2841 962 2915 vulgatam
987 2843 1289 2898 lectionem
1315 2845 1642 2910 conﬁrmat,
1675 2860 1789 2898 non
1823 2859 2024 2897 eorum
2052 2841 2115 2895 li-

470 2932 732 2999 brorum,
765 2933 863 3004 qui
899 2933 1103 3004 legunt
1150 2935 1247 2986 τοῦ
1278 2930 1527 2988 Ἰωάννου
1583 2931 1668 2987 vel
1725 2934 1820 2984 τοῦ
1870 2931 2109 2997 ’ῐωαννᾶ,

468 3027 535 3076 ut
564 3023 636 3076 de
665 3022 1021 3092 quibusdam
1053 3026 1306 3077 testatur
1337 3021 1726 3095 Hieronymus
1753 3037 1767 3077 :
1803 3022 2114 3077 confirmat

469 3111 734 3166 eamdem
759 3115 816 3165 et
847 3112 1027 3183 Syrus
1053 3112 1362 3183 interpres,
1388 3112 1593 3167 Matth.
1619 3129 1733 3167 xv1.
1759 3110 1938 3166 Paulo
1984 3113 2114 3180 post

472 3220 496 3250 ‹‹
531 3199 592 3254 in
623 3199 883 3269 seipsum
917 3201 1135 3270 recepit
1172 3224 1190 3249 ι
1227 3201 1600 3270 scripsimus,
1635 3216 1748 3254 non
1784 3205 1848 3253 ut
1900 3203 2110 3268 Trape-

468 3285 725 3355 zuntius,
744 3309 771 3336 ‹‹
796 3289 1173 3343 commissam
1199 3288 1310 3343 sibi
1329 3288 1773 3342 aedificationem
1796 3287 2112 3358 suscepit,»

470 3393 544 3431 ne
565 3376 698 3447 quis
727 3376 1163 3432 Dominicorum
1187 3392 1427 3448 operum
1453 3377 1787 3446 praefectum
1811 3375 1897 3431 vel
1923 3376 2116 3431 archi-

469 3469 690 3519 tectum
712 3481 840 3520 esse
860 3465 1233 3535 designatum
1261 3465 1553 3519 existimet
1586 3465 1837 3531 Petrum,
1862 3465 1946 3518 vel
1978 3479 2112 3519 cum

443 3537 581 3606 'hoc
611 3552 922 3607 editicium
952 3552 1279 3607 faciendum
1307 3552 1565 3617 locasse;
1597 3569 1798 3606 verum
1831 3551 2112 3624 superip-

470 3657 603 3695 sum
663 3641 1008 3694 aediﬁcatam
1069 3641 1249 3696 fuisse
1309 3639 1662 3697 Ecclesiam:
1695 3639 1815 3695 Ἐπὶ
1849 3639 2014 3713 ταύτῃ
2041 3643 2111 3713 τῇ

468 3728 637 3803 πέτρᾳ
668 3725 1020 3800 οἰκοδομήσω
1065 3748 1169 3799 μου
1217 3729 1315 3795 τὴν
1368 3726 1716 3799 Ἐκκλησίαν,
1751 3730 1957 3786 Matth.
1991 3748 2107 3798 XVI,

468 3819 553 3878 18.
586 3823 654 3872 Et
685 3817 936 3872 Basilius
966 3817 1093 3888 ipse
1123 3818 1180 3872 in
1231 3834 1358 3889 cap.
1393 3835 1433 3873 ιι
1467 3819 1655 3883 Isaize,
1686 3822 1829 3873 tom.
1883 3819 1924 3883 Ι,
1972 3835 2103 3890 pag.

462 3909 586 3974 427,
619 3907 712 3962 Ἐκ
766 3909 873 3959 τῶν
923 3903 1088 3978 ὀρέων
1140 3905 1205 3974 ἦν
1241 3907 1269 3960 ὁ
1302 3905 1523 3980 Πέτρος,
1557 3904 1634 3981 ἐφ’
1664 3908 1731 3974 ἧς
1759 3907 1847 3960 καὶ
1906 3905 2105 3980 πέτρας

461 3993 822 4070 ἐπηγγείλατο
864 3991 1250 4066 οἰκοδομήσειν
1304 3993 1472 4048 αὐτοῦ
1527 3995 1626 4061 τήν
1657 3993 1999 4059 Ἐκκλησίαν.
2036 3998 2104 4052 Et

459 4087 519 4140 in
578 4085 856 4156 procemio
891 4090 967 4141 De
998 4085 1202 4152 iudicio
1236 4086 1329 4140 Dei
1350 4086 1572 4140 caeteris
1603 4086 1683 4140 ait
1708 4101 1840 4140 eum
1866 4092 2102 4156 aposto-

457 4175 532 4230 lis
563 4175 886 4231 antelatum
916 4174 1119 4238 fuisse,
1151 4179 1208 4229 et
1241 4175 1487 4229 l-lomilia
1527 4175 1601 4230 De
1638 4176 1961 4245 paenitentia
2012 4193 2104 4246 pe-

455 4268 607 4318 tram
639 4263 822 4319 fuisse
853 4263 1047 4332 ipsum
1079 4262 1180 4329 ait,
1205 4260 1694 4316 licetinferiorem
1726 4259 1908 4316 altera
1940 4267 2104 4332 petra

456 4351 704 4408 Christo.

526 4440 642 4495 Col.
667 4441 794 4508 586,
817 4441 862 4493 A
900 4440 954 4492 6.
1001 4440 1381 4493 Retinuerunt.
1416 4435 1810 4508 Μετεκόμισαν,
1848 4460 1873 4491 α
1906 4443 2100 4494 trans-

452 4533 840 4600 posuerunt,»
860 4527 1031 4582 vertit
1050 4527 1397 4596 Trapezunt.
1411 4567 1423 4591 ,
1443 4532 1500 4580 et
1518 4527 1852 4595 Carnarius,
1873 4549 1897 4580 α
1912 4533 2101 4582 trans-

2231 598 2555 664 συστάσεως,
2579 601 2839 666 verterit,
2865 625 2893 651 «
2913 618 3044 656 cum
3069 618 3185 657 non
3223 610 3370 657 esset
3394 607 3528 658 ante
3553 603 3884 657 subsisten-

2230 691 2370 746 tiam
2405 707 2594 760 suam,
2622 713 2649 739 »
2673 691 2873 746 eadem
2907 692 3083 746 etiam
3114 692 3291 747 verba
3323 691 3415 745 hic
3448 691 3686 747 fuerunt
3718 708 3884 764 repe-

2231 781 2426 834 tenda.
2465 779 2643 835 Paulo
2694 784 2825 851 post
2855 780 3303 836 immutavimus
3330 780 3476 835 illud
3514 799 3527 836 :
3559 803 3588 831 «
3619 780 3884 836 melioris

2229 869 2591 932 ignoratione
2622 874 2725 923 aut
2755 869 3112 940 impotentiae
3153 869 3309 925 hunc
3360 869 3542 925 fuisse
3589 870 3882 925 defectum

2231 957 2760 1012 ratiocinabuntur.
2789 979 2816 1008 »
2851 957 2953 1012 Hic
2984 958 3135 1014 enim
3165 955 3476 1032 λογίζεσθαι
3515 974 3631 1012 non
3667 965 3758 1014 est
3789 976 3888 1013 ra-

2230 1045 2522 1110 tiocinari,
2556 1046 2656 1100 sed
2693 1045 2752 1100 in
2803 1045 3108 1102 ratiocinio
3156 1048 3240 1102 vel
3292 1053 3455 1103 extra
3505 1047 3887 1102 ratiocinium

2230 1133 2524 1204 imputare
2555 1134 2804 1205 aliquid,
2835 1135 2954 1188 sive
2989 1140 3294 1205 acceptum
3329 1136 3499 1202 ferre,
3533 1141 3597 1189 ut
3639 1139 3884 1190 Roman.

2232 1240 2307 1289 Iv,
2333 1223 2365 1275 3
2391 1238 2402 1276 :
2429 1220 2721 1295 Ἐλογίσθη
2756 1219 2901 1292 αὐτῷ
2933 1220 3007 1285 εἷς
3036 1218 3404 1293 δικαιοσύνην,
3439 1225 3772 1296 Reputatum
3803 1230 3890 1279 est

2228 1313 2322 1366 illi
2349 1312 2425 1367 ad
2450 1313 2755 1383 justitiam.

2301 1399 2418 1455 Col.
2451 1401 2558 1455 594
2589 1401 2629 1455 Β
2683 1401 2737 1456 3.
2770 1401 3146 1457 Adversarios.
3181 1402 3324 1474 Πρὸς
3367 1399 3496 1462 τοὺς
3547 1399 3753 1462 αἰτίους
3809 1403 3886 1457 ad

2228 1491 2468 1543 verbum
2494 1496 2604 1554 est,
2635 1510 2659 1539 «
2694 1490 2763 1544 ad
2799 1505 2937 1544 suos
2969 1495 3261 1556 auctores,
3297 1512 3324 1540 ι»
3355 1496 3419 1544 ut
3463 1491 3636 1546 vertit
3663 1490 3885 1546 Cerna-

2229 1578 2374 1644 rius.
2406 1577 2494 1632 vel
2530 1587 2591 1632 ut
2620 1579 2784 1648 Beza,
2821 1600 2849 1627 ‹‹
2895 1578 2952 1632 in
2995 1594 3198 1633 eorum
3249 1584 3424 1650 caput
3469 1584 3748 1647 vertatur,
3772 1581 3881 1651 qui

2229 1672 2368 1721 sunt
2397 1667 2525 1737 ejus
2546 1673 2836 1722 auctores.
2856 1688 2877 1714 ιι
2896 1669 3317 1738 Interpretatus
3345 1673 3434 1722 est
3451 1668 3882 1739 Trapezuntius

2229 1755 2398 1825 quasi
2422 1755 2657 1823 legisset
2678 1755 2816 1829 πρὸς
2837 1752 2966 1815 τοὺς
2989 1752 3280 1814 ἐναντίους.
3297 1755 3430 1811 Tale
3453 1755 3598 1810 illud
3620 1757 3882 1812 estPsal.

2565 1844 2908 1918 Ἐπιστρὲψει
2969 1845 2995 1897 ὁ
3053 1843 3219 1904 πόνος
3277 1843 3442 1898 αὐτοῦ
3502 1843 3576 1905 εἰς
3632 1844 3886 1918 κεφαλὴν

2227 1931 2412 1985 αὐτοῦ·
2446 1934 2798 1988 Convertetur
2826 1934 2985 1989 dolor
3031 1933 3152 2004 ejus
3192 1936 3252 1988 in
3298 1937 3463 2005 caput
3504 1937 3638 2006 ejus.
3674 1936 3883 1990 Hiero-

2227 2037 2462 2089 nymus,
2496 2022 2813 2076 Revertetur
2849 2023 3012 2077 dolor
3046 2038 3175 2077 suus
3215 2024 3276 2077 in
3324 2029 3489 2094 caput
3537 2024 3673 2092 eius,
3705 2033 3755 2079 et
3783 2040 3887 2079 su-

2219 2126 2324 2182 per
2350 2112 2603 2165 verticem
2625 2111 2742 2180 ejus
2771 2112 3041 2184 iniquitas
3070 2128 3169 2166 sua
3199 2112 3502 2167 descendet.

2296 2217 2413 2271 Col.
2447 2217 2552 2270 596
2582 2217 2622 2270 Β
2653 2217 2706 2271 3.
2740 2217 2833 2272 Ἐκ
2867 2217 2943 2288 μὴ
2978 2212 3169 2272 ὄντων.
3206 2217 3271 2272 Η.
3298 2215 3548 2278 ῐῐιε.τοὺς
3579 2215 3637 2270 bc
3664 2221 3759 2269 τοῦ
3797 2219 3880 2289 μὴ

2226 2298 2398 2363 ὄντος·
2434 2305 2532 2359 sed
2565 2308 2854 2375 receptam
2889 2304 3198 2361 lectionem
3261 2305 3603 2371 Stephansaa
3649 2311 3881 2370 tuetur,

2225 2397 2281 2447 et.
2310 2390 2624 2446 concilium
2656 2393 2953 2448 Nicaanum
2986 2393 3046 2448 in
3076 2394 3348 2467 Symbolo
3385 2410 3397 2448 :
3427 2392 3561 2454 Τοὺς
3591 2390 3647 2447 δὶ
3681 2392 3872 2467 λέγον.

2222 2500 2338 2546 τας,
2373 2479 2503 2554 Πρὶν
2536 2481 2859 2554 γεννηθῆναι
2896 2480 2997 2534 οὐκ
3051 2481 3142 2549 ἦν,
3174 2481 3263 2535 καὶ
3315 2480 3396 2535 ὅτι
3444 2479 3494 2553 ἐξ
3555 2482 3654 2536 οὐκ
3693 2479 3874 2536 ὄντων

2223 2566 2449 2642 ἐγένετοο
2492 2589 2513 2616 α
2548 2571 2657 2625 Eos
2689 2575 2883 2626 autem
2917 2570 3017 2642 qui
3047 2571 3270 2626 dicunt.
3302 2573 3624 2644 Antequam
3660 2590 3877 2628 nascc-

2225 2663 2384 2713 retur
2415 2675 2528 2713 non
2564 2663 2704 2728 erat,
2725 2663 2782 2714 et
2813 2660 2952 2730 quia
2983 2677 3049 2715 cx
3079 2661 3150 2715 iis
3182 2677 3309 2732 quae
3341 2677 3455 2716 non
3488 2667 3645 2728 sunt,
3673 2661 3877 2718 factus

2224 2752 2330 2803 est.
2370 2768 2392 2798 »
2428 2748 2817 2820 Hieronymus
2846 2750 3104 2805 adversus
3136 2749 3544 2822 Luciferianos,
3581 2772 3606 2802 α
3639 2751 3698 2806 Si
3732 2752 3878 2822 quis

2224 2837 2431 2892 dixerit
2455 2839 2525 2891 de
2557 2837 2735 2891 nullis
2767 2839 3135 2893 exstantibus
3165 2839 3398 2910 Filium,
3424 2843 3478 2894 et
3510 2857 3622 2896 non
3650 2841 3723 2894 de
3753 2841 3879 2895 Deo

2222 2925 2411 2992 Patre,
2437 2926 2753 2981 anathema
2787 2926 2882 2981 sit.
2916 2949 2944 2977 ››
2965 2927 3277 2983 Cornarius
3299 2928 3465 2995 dixit,
3491 2949 3519 2977 «
3550 2945 3617 2984 ex
3642 2945 3762 2984 non
3783 2946 3884 2984 ex-

2223 3015 2569 3070 sistentibus
2591 3015 2886 3086 Unigeniti
2907 3017 3221 3072 essentiam
3239 3018 3588 3088 producunt.
3614 3040 3640 3067 ››
3660 3018 3888 3088 Trape-

2222 3104 2478 3165 zuntius,
2503 3126 2527 3154 «
2553 3120 2621 3159 ex
2642 3121 2754 3158 non
2779 3120 2908 3159 esse
2930 3105 3135 3160 dicunt
3159 3105 3373 3160 Filium
3403 3123 3417 3161 :
3443 3129 3470 3155 ››
3495 3111 3556 3161 at
3574 3123 3688 3161 non
3713 3107 3801 3162 ait
3825 3105 3889 3160 ὲκ

2223 3194 2319 3244 τοῦ
2337 3192 2411 3262 μὴ
2429 3190 2581 3259 εἶναι,
2599 3192 2698 3247 sed
2723 3189 2896 3245 ἐκτῶν
2915 3193 2990 3263 μὴ
3007 3187 3363 3264 ὄντων,ροοά
3378 3199 3486 3261 est,
3505 3214 3528 3245 α
3545 3211 3613 3249 ex
3627 3195 3842 3251 nihilo.
3857 3219 3877 3243 ι

2296 3299 2391 3352 Col
2447 3299 2551 3352 598
2602 3303 2645 3351 A
2678 3299 2730 3353 6.
2768 3299 3044 3354 Creaturis
3085 3302 3286 3371 ipsum.
3333 3299 3515 3356 Paulo
3561 3301 3884 3357 obscurius

2224 3391 2348 3443 erat
2377 3386 2517 3442 illud
2552 3387 2886 3459 interpretis
2919 3404 2932 3442 :
2969 3389 3027 3442 in
3053 3389 3424 3460 praponendo
3451 3393 3722 3445 creaturis
3750 3392 3882 3460 glo-

2223 3476 2372 3531 riam
2405 3477 2458 3531 ei
2485 3480 2792 3531 attestatur.
2815 3477 2879 3530 In
2899 3477 3027 3548 ejus
3046 3477 3237 3533 locum
3257 3478 3678 3533 substituimus
3697 3480 3884 3535 verba

2220 3565 2505 3634 Cornarii;
2530 3565 2675 3620 Beza
2696 3582 2830 3621 vero
2858 3566 3134 3638 scripsit:
3161 3586 3185 3619 ι
3216 3566 3471 3622 Gloriam
3504 3568 3690 3638 ipsius
3717 3569 3776 3622 in
3809 3585 3882 3623 eo

2221 3656 2457 3710 demum
2481 3659 2752 3721 testatur,
2789 3656 2940 3726 quod
2975 3655 3068 3725 iis,
3095 3672 3222 3728 quae
3254 3656 3325 3710 ab
3354 3672 3420 3711 eo
3451 3657 3684 3711 condita
3705 3663 3880 3728 sunt,

2218 3745 2414 3814 ipsum
2449 3747 2783 3815 anteponat.
2820 3766 2846 3792 »
2878 3744 3093 3798 Verum
3147 3744 3288 3799 illud
3319 3767 3349 3795 «
3383 3745 3454 3800 ab
3494 3763 3581 3811 eo,
3616 3765 3640 3795 ι
3672 3746 3880 3802 Graeca

2219 3849 2333 3888 non
2381 3838 2728 3906 agnoscunt.
2762 3833 3150 3905 Hieronymus
3201 3833 3323 3889 loco
3369 3835 3630 3905 proxime
3692 3836 3878 3891 citato

2219 3923 2780 3978 anathematismum
2814 3921 2873 3976 in
2897 3922 3144 3978 concilio
3167 3923 3522 3979 Ariminensi
3545 3925 3876 3980 abArianis

2217 4010 2512 4083 prolatum
2545 4011 2630 4066 sic
2661 4011 2826 4066 effert
2859 4027 2871 4066 :
2905 4031 2930 4062 α
2980 4011 3037 4066 Si
3093 4016 3225 4082 quis
3276 4013 3488 4066 dixerit
3533 4019 3872 4069 creaturam

2214 4099 2427 4155 Filium
2451 4099 2574 4162 Dei,
2590 4105 2654 4154 ut
2671 4107 2807 4154 sunt
2825 4103 3041 4154 caetera;
3059 4105 3352 4166 creaturae,
3371 4101 3688 4156 anathema
3713 4104 3810 4157 sit.
3845 4123 3871 4153 ο

2212 4189 2422 4244 Filium
2447 4193 2771 4244 creaturam
2805 4205 2920 4244 non
2956 4190 3383 4261 negabant,sed
3415 4190 3671 4246 similem
3705 4198 3877 4247 caete-

2212 4279 2293 4334 ris
2325 4277 2629 4333 creaturis.

2282 4367 2430 4421 Ibid.
2466 4366 2505 4420 B
2535 4367 2590 4422 6.
2621 4366 2929 4434 Γεννήσεως
2961 4365 3168 4438 scripsi
3201 4383 3268 4422 ex
3312 4367 3490 4440 Regio
3521 4371 3586 4424 Η.
3621 4386 3727 4440 pro
3775 4389 3877 4444 γε-

2208 4454 2423 4515 νὲσεως.
2453 4456 2943 4526 Trapezuntius,«
2978 4457 3424 4528 generationem
3459 4475 3595 4513 nam
3613 4464 3672 4513 et
3690 4461 3876 4530 paulo

2213 4550 2344 4617 post
2366 4544 2706 4600 Basiliensis
2743 4544 2971 4615 habuit,
3005 4543 3371 4614 ὲξακουόντων
3400 4553 3500 4616 τῆς
3533 4549 3870 4620 γεννήσεως.

451 4617 713 4672 tulerunt
738 4635 750 4683 ;
779 4637 805 4664 ››
830 4616 901 4670 ad
937 4615 1201 4680 verbum,
1227 4637 1254 4663 «
1280 4619 1728 4670 transvexerunt
1751 4632 1764 4670 :
1793 4636 1816 4667 ν
1843 4617 1942 4672 sed
1969 4617 2102 4687 quia

2226 4615 2512 4688 Postremo
2539 4634 2648 4689 sub
2681 4633 2857 4688 finem
2882 4650 3012 4706 pag.
3050 4633 3460 4706 ὑπομνήσομεν,
3478 4615 3695 4705 Regius
3719 4639 3873 4692 scri-

452 4705 756 4760 transferri
781 4702 993 4758 dicitur
1014 4719 1082 4758 ex
1107 4719 1220 4757 uno
1242 4703 1515 4758 idiomale
1539 4704 1597 4758 in
1622 4703 1802 4772 aliud,
1822 4705 1973 4774 quod
2000 4722 2101 4775 per

451 4792 990 4865 interpretationem
1010 4791 1378 4862 exprimitur,
1401 4797 1456 4846 et
1479 4793 1571 4847 hic
1594 4793 1847 4848 Basilius
1879 4793 2004 4847 vult
2032 4810 2099 4849 ea

349 4907 354 4910 ·
452 4884 692 4938 nomina
723 4883 848 4936 sine
879 4881 1382 4951 interpretatione,
1420 4887 1594 4952 prout
1651 4883 1939 4938 sonabant
1985 4882 2096 4938 He-

447 4972 664 5036 braice,
695 4971 907 5025 Graecis
940 4969 1380 5026 cbaracteribus
1413 4969 1594 5026 fuisse
1635 4987 1929 5042 expressa,
1965 4987 2094 5039 pro-

446 5067 649 5133 pterea
679 5059 934 5114 contenti
968 5059 1187 5112 fuimus
1222 5058 1328 5112 hoc
1357 5061 1553 5126 verbo,
1587 5082 1614 5109 «
1649 5062 2038 5124 retinuerunt,
2065 5081 2093 5108 »

444 5155 501 5204 et
532 5149 904 5220 scripsimus,
941 5168 965 5199 α
999 5145 1142 5214 Eloi,
1175 5164 1206 5197 ι)
1238 5163 1350 5201 non
1393 5170 1412 5194 ει
1449 5147 1656 5213 Eloim,
1691 5170 1719 5198 ››
1753 5153 1817 5202 ut
1846 5154 1968 5203 erat
1993 5165 2092 5203 an-

437 5243 552 5294 tea.
573 5238 725 5294 Licet
746 5237 901 5293 enim
929 5251 1113 5290 unum
1133 5250 1200 5288 ex
1225 5235 1424 5290 decem
1453 5236 1794 5291 nominibus
1817 5237 1940 5306 Dei,
1965 5253 2090 5309 quae

441 5329 657 5398 profert
680 5328 738 5382 S.
779 5329 1184 5395 Hieronymus,
1209 5323 1382 5394 epist.
1422 5325 1544 5391 136,
1572 5327 1649 5380 sit
1676 5311 1866 5385 cith
1898 5348 1924 5374 «
1961 5325 2089 5380 Elo-

440 5417 583 5482 him,
621 5437 645 5467 ι)
681 5420 878 5470 tamen
911 5416 930 5468 Ι
961 5414 1098 5482 Reg.
1141 5429 1179 5480 ι,
1228 5414 1314 5478 11,
1367 5414 1653 5483 scriptum
1713 5420 1804 5469 est
1851 5409 2089 5467 ’ASwvat

439 5505 638 5578 Κυριος
674 5501 842 5558 Ἐλωὶ
874 5497 1128 5569 Σαϐαὼθ,
1165 5517 1280 5556 non
1316 5499 1549 5572 Ἐλωίμ.

507 5610 627 5665 Col.
659 5612 764 5664 592
795 5610 836 5664 Β
870 5611 956 5664 14.
989 5609 1095 5664 Sed
1145 5612 1275 5662 ante
1321 5624 1498 5662 suam.
1533 5608 1846 5665 Contentus
1897 5611 2088 5666 fuerat

509 5703 726 5769 ‘erpres
756 5699 965 5766 dicere,
1006 5717 1033 5751 α
1063 5697 1163 5753 sed
1190 5699 1506 5768 antequam
1539 5696 1666 5768 ipsa
1695 5703 1851 5755 esset
1876 5715 1888 5754 :
1926 5719 1951 5752 ιο
1985 5716 2087 5756 ve-

2211 4723 2385 4778 bebat
2411 4721 2834 4794 ὑπομνήσωμεν,
2869 4724 3298 4794 Trapezuntius
3330 4725 3411 4780 ita
3442 4725 3662 4798 legerat
3693 4750 3720 4774 α
3753 4728 3867 4780 ad-

2211 4828 2572 4867 moneamus.
2606 4833 2629 4862 ))

2281 4901 2428 4956 Ιιυὶό.
2459 4901 2500 4956 C
2531 4901 2617 4955 13.
2653 4903 2745 4955 His
2794 4899 3021 4956 duabus.
3069 4901 3275 4956 Totam
3333 4902 3488 4959 hanc
3546 4903 3860 4975 periodum

2206 4990 2484 5046 omiserat
2511 4989 2800 5060 interpres
2826 4989 3250 5060 Trapezuntius
3280 5007 3292 5046 ε
3329 4993 3426 5047 sed
3462 5009 3532 5047 ex
3564 4991 3692 5047 aliis
3725 5010 3861 5048 eam

2207 5078 2602 5148 restituimus,
2626 5094 2801 5148 quam
2826 5082 2883 5132 et
2904 5078 3123 5150 Regius
3146 5081 3507 5151 agnoscit,ex
3539 5098 3653 5152 quo
3677 5082 3856 5136 etiam

2205 5167 2651 5224 immutavimus
2682 5167 2740 5221 in
2773 5167 3028 5222 editione
3060 5168 3367 5225 Basiliensi
3409 5175 3462 5225 et
3511 5171 3856 5241 Stephanaa

2203 5256 2369 5321 illud,
2404 5252 2553 5327 εἷ’περ
2605 5250 2728 5331 ἔχοι
2777 5276 2827 5309 τι
2881 5256 3076 5320 ἑαυτῆς
3129 5255 3393 5330 ἐξωτέρω.
3430 5260 3540 5315 Ms.
3571 5258 3853 5330 ἐξώτερον.

2202 5345 2629 5416 Trapezuntius
2660 5346 2740 5401 ita
2768 5345 3060 5416 legeratzu
3094 5347 3151 5401 Si
3187 5348 3326 5418 quid
3361 5354 3498 5404 ante
3523 5365 3584 5405 se
3612 5349 3856 5403 haberet

2199 5433 2542 5503 superius,»
2574 5435 2963 5489 Carnariuszu
2999 5434 3053 5488 Si
3089 5435 3228 5506 quid
3265 5435 3417 5492 ultra
3448 5453 3512 5492 se
3542 5437 3801 5496 haberet.
3824 5459 3845 5485 Ι

2197 5523 2343 5577 Beza
2367 5525 2439 5579 ad
2471 5525 2735 5591 verbum,
2770 5525 2866 5578 sed
2904 5523 3100 5580 minus
3127 5530 3280 5580 recte
3313 5542 3324 5578 :
3367 5545 3390 5572 ι
3422 5527 3480 5581 Si
3514 5527 3646 5598 quid
3676 5533 3844 5581 extra

2197 5627 2325 5669 sese
2347 5612 2623 5680 haberet;
2652 5637 2677 5664 »
2704 5613 2842 5668 ferri
2864 5617 3062 5668 tamen
3085 5619 3278 5686 potest
3307 5612 3550 5688 ἑξωτὲρω
3579 5632 3591 5669 :
3623 5631 3755 5669 nam
3785 5623 3843 5671 et

2198 5701 2467 5772 sequitur
2495 5699 3078 5777 τὰρξωτᾶρωραύτης.
