4128 6216
240 300 391 359 1041

1315 301 1394 360 ΙΝ
1439 300 1718 360 LIBROS
1763 298 2078 361 CONTRA
2123 302 2574 366 EUNOMIUM.

3506 305 3659 365 1042

306 429 430 485 Col.
464 429 569 483 600
603 429 640 483 B
669 428 764 500 Τῷ
793 421 1165 501 ἀνυπερϐἀτῳ.
1203 430 1266 484 In
1299 429 1609 486 Basiliensi
1661 435 1718 485 et
1755 429 1887 484 aliis

2020 430 2191 500 ideae,
2223 430 2380 507 γέρας
2430 431 2546 507 εἶχε
2593 436 2764 506 κρεῶν
2807 451 2928 486 τινα
2967 433 3292 506 περιφορὰν,
3339 433 3367 486 ὁ
3418 430 3474 486 δὲ
3525 431 3652 488 ἀδυ-

238 525 364 574 erat
396 517 742 591 ἀνυπερθέτῳ
771 535 785 573 :
821 519 923 574 sed
955 519 1177 590 Regius
1206 523 1274 574 Η.
1299 520 1383 575 sic
1412 520 1637 586 habuit,
1669 525 1727 574 et
1755 524 1896 574 Tra-

240 626 382 680 pezu
396 608 715 674 ntius,cum
737 609 1124 679 insuperabili
1141 608 1249 664 hoc
1263 609 1710 680 principio.»Sic
1726 609 1897 679 paulo

241 704 376 752 ante
409 697 580 762 dixit,
616 701 744 768 μιᾶς
770 690 1143 771 ἀνυπερϐάτου
1173 696 1259 751 καὶ
1293 697 1475 772 ἑτέρας
1507 691 1823 751 ἀνεκϐἀτου.

315 804 466 860 Ibid.
496 804 536 858 B
565 806 620 859 5.
646 808 714 861 In
746 807 972 873 regione
999 806 1270 861 Ausitide.
1313 807 1626 876 lnterpres,
1666 826 1688 855 ‹‹
1713 805 1774 859 In
1809 819 1895 859 re-

237 895 411 966 gione
427 894 603 960 llus,»
622 900 797 964 atque
813 895 891 948 ita
909 896 1148 964 quidem
1163 894 1412 966 Vulgata
1429 895 1777 950 LatinaJob.
1796 897 1892 958 1,1:

241 1004 265 1034 α
301 983 408 1038 Vir
437 987 562 1039 erat
593 983 652 1037 in
703 987 862 1039 terra
909 983 1032 1038 Hus
1082 984 1320 1039 nomine
1366 985 1476 1039 Job
1505 1002 1517 1052 ;
1546 1005 1573 1032 »
1606 984 1705 1039 sed
1741 982 1895 1052 apud

238 1073 473 1128 Graecos
530 1073 881 1142 interpretes
940 1071 1214 1143 legimus,
1249 1072 1576 1145 Ἄνθρωπός
1621 1091 1705 1134 τις
1741 1071 1806 1138 ἧν
1842 1069 1893 1124 tv

236 1163 308 1233 τῇ
341 1160 504 1235 χώρᾳ
529 1158 798 1226 Αὐσίτιδι,
833 1160 878 1231 ᾧ
911 1155 1085 1232 ὄνομα
1135 1155 1280 1217 Ἰώϐ.
1328 1163 1501 1216 Homo
1545 1170 1664 1217 erat
1716 1163 1780 1216 in
1809 1176 1895 1216 re-

236 1254 400 1322 gione
428 1251 695 1320 Αηδὶιιιίε,
718 1252 811 1305 cui
830 1266 1029 1306 nomen
1054 1252 1172 1306 Job.
1199 1251 1680 1323 Chrysostomus,
1709 1251 1767 1304 in
1796 1253 1898 1307 Ca-

239 1345 376 1395 tene
434 1339 685 1395 Nicetes:
719 1339 1040 1412 ’Ἄνθρωπον
1093 1339 1224 1392 εἶναι
1281 1359 1443 1416 φησιν
1499 1337 1550 1393 ἐν
1612 1339 1772 1413 χώρᾳ
1827 1344 1895 1414 τῇ

237 1424 512 1494 Αὗσίτιδι,
545 1426 635 1480 καὶ
665 1428 824 1482 τοῦτο
877 1426 1011 1502 μέγα
1060 1426 1354 1503 ἐγκώμιον.
1390 1429 1468 1484 Τὸ
1511 1429 1614 1502 γὰρ
1650 1429 1701 1482 ἂν
1730 1434 1896 1503 Ἀρα-

241 1511 337 1586 ϐίᾳ
367 1514 540 1578 οὕτως
573 1514 726 1580 ,εἶναί
772 1537 894 1571 τινα
943 1513 1194 1589 δόκιμον,
1228 1513 1355 1572 ἔνθα
1402 1517 1597 1580 πάντες
1649 1515 1898 1593 διεφθαρο

247 1605 427 1678 μένοι,
459 1602 583 1667 ἔνθα
621 1602 772 1659 οὐδὲν
830 1603 1137 1680 ὑπόδιιγμαι
1182 1607 1248 1674 ἦν
1296 1606 1571 1679 εὐνομίας,
1620 1611 1781 1661 τοῦτο
1830 1608 1896 1675 ἦν

245 1694 579 1765 θαυμαστόν.
635 1717 655 1744 ι
696 1695 1006 1751 Hominem
1055 1695 1225 1751 illum
1259 1697 1318 1750 in
1366 1696 1633 1751 Ausitide
1663 1697 1899 1768 regione

2007 523 2261 590 νατήσας,
2309 521 2494 592 ἅλμης
2541 524 2804 597 ποτήριον
2857 520 3081 576 ἐκπιεῖν’
3121 546 3140 572 α
3178 522 3657 594 Compotatorum

2008 610 2252 681 insuper
2281 617 2368 667 est
2398 613 2641 680 aenigma
2671 617 2727 667 et
2748 612 2992 683 griphos
3017 631 3030 679 ;
3057 617 3112 667 et
3141 612 3285 666 illud
3312 613 3655 683 quidemjo-

2007 717 2162 767 cum,
2198 701 2291 756 hic
2323 719 2453 757 vero
2483 709 2539 757 et
2569 701 2864 757 solertiam
2902 701 3110 758 habet:
3148 706 3324 772 atque
3358 702 3512 756 hunc
3537 703 3658 772 qui-

2007 791 2140 843 dem
2172 792 2270 860 qui
2302 791 2588 859 solvebat,
2619 793 2885 846 carnium
2919 790 3156 861 aliquod
3192 790 3474 845 ferculum
3508 790 3655 845 acci-

2009 877 2204 946 piebat
2236 880 2291 933 in
2325 881 2632 950 praemium
2660 899 2674 950 ;
2701 883 2801 952 qui
2823 897 2936 934 non
2961 878 3534 951 poterat,salsuginis
3559 895 3659 951 po-

2008 967 2207 1022 culum
2233 969 2522 1024 ebibebat.
2546 992 2573 1019 »
2595 971 2777 1023 Addit
2794 969 3144 1024 scholiastes
3167 969 3501 1040 exemplum
3525 985 3665 1040 sup-

2009 1056 2272 1126 peditare
2291 1058 2593 1113 Samsonis
2609 1057 3047 1128 historiam,qui
3067 1058 3126 1112 in
3147 1057 3370 1128 nuptiis
3388 1057 3514 1112 suis
3534 1074 3662 1128 pro-

2009 1146 2213 1215 posuit
2238 1147 2624 1215 quasstionem
2648 1147 2718 1201 de
2739 1147 3112 1217 generatione
3129 1163 3329 1216 apum.
3355 1146 3666 1201 Athenaeus

2007 1232 2110 1286 lib.
2132 1250 2186 1298 x,
2217 1251 2348 1304 pag.
2374 1235 2477 1286 457
2505 1253 2516 1289 :
2542 1235 2662 1288 Τῶν
2697 1232 2908 1308 γρίφων
2941 1235 2974 1300 ἡ
3011 1235 3234 1302 ζήτησις
3267 1231 3364 1286 οὐκ
3395 1230 3664 1307 ἀλλοτρία

2007 1318 2335 1396 φιλοσοφίας
2370 1319 2503 1388 ἐστὶ,
2533 1321 2622 1374 καὶ
2654 1322 2710 1374 οἱ
2740 1319 3087 1389 παλαιοὶτήν
3120 1328 3219 1389 τῆς
3252 1319 3499 1382 παιδείας
3529 1321 3663 1375 ἀπό-

2009 1407 2167 1480 δειξιν
2193 1411 2245 1464 ἐν
2268 1410 2481 1473 τούτοις
2506 1410 2810 1466 ἐποιοῦντο.
2837 1436 2864 1462 ‹‹
2890 1414 3248 1483 Griphorum
3279 1413 3662 1485 perscrutatio

2008 1501 2200 1556 aliena
2213 1519 2326 1556 non
2346 1509 2479 1557 esta
2498 1502 3098 1574 philosophia,itaque
3113 1502 3460 1558 eruditionis
3481 1503 3662 1574 speci-

2009 1607 2141 1646 men
2175 1595 2398 1646 veteres
2422 1591 2482 1646 in
2516 1591 2609 1645 his
2632 1595 2985 1646 statuerunt.
3013 1612 3042 1639 ››
3066 1590 3448 1646 Proferuntur
3469 1607 3660 1646 exem-

2011 1678 2106 1750 pla
2137 1680 2355 1734 ibidem
2384 1684 2442 1734 et
2474 1697 2606 1751 pag.
2632 1680 2833 1747 448,ex
2862 1694 3121 1735 veterum
3151 1679 3522 1734 Comicorum
3544 1680 3663 1734 fra-

246 1786 434 1840 fuisse
464 1784 627 1850 dicit,
659 1790 715 1839 et,
766 1785 875 1840 hoc
923 1785 1131 1857 ingens
1183 1787 1562 1857 ρτεεοοηίυηι,
1597 1766 1897 1856 Siquidem
1936 1803 1979 1866 Β
2012 1767 3244 1866 gmentisfaulo-postimmutavimusillud
3267 1789 3295 1818 «
3320 1766 3663 1866 intellectio-

247 1874 310 1928 in
342 1873 558 1928 Arabia
590 1877 708 1928 tam
739 1875 988 1944 probum
1013 1874 1271 1945 aliquem
1298 1875 1664 1945 reperiri,ubi
1699 1891 1903 1929 omnes

257 1962 521 2032 corrupti
571 1968 775 2032 erant,
827 1964 925 2017 ubi
976 1963 1208 2018 nullum
1261 1966 1526 2019 exstabat
1571 1963 1905 2034 exemplum

252 2051 671 2122 equitatis,est
693 2052 1083 2107 admiratione
1101 2069 1382 2123 perquam
1405 2053 1908 2124 dignum.»0|ym-

254 2141 538 2212 piodorus
559 2141 778 2196 ibidem
803 2141 874 2196 ab
893 2143 1013 2195 Aus
1037 2158 1152 2196 uno
1175 2157 1245 2196 ex
1266 2142 1402 2197 ﬁliis
1424 2143 1574 2196 Esau
1599 2143 1812 2196 dictam
1837 2142 1906 2194 il-

247 2231 372 2285 lam
402 2230 582 2285 tradit
619 2230 942 2302 regionem,
975 2246 1151 2299 quam
1184 2230 1282 2285 alii
1314 2231 1373 2284 in
1406 2231 1682 2296 Idumaea,
1715 2230 1813 2285 alii
1846 2231 1904 2284 in

247 2319 472 2373 ﬁnibus
497 2318 722 2373 Arabia;
745 2323 803 2374 et
827 2319 1091 2373 Idumaeas
1117 2319 1422 2375 collocant.
1450 2320 1907 2388 S.Hieronymus

244 2406 395 2479 apud
441 2409 734 2463 Jeremz'am
781 2408 958 2463 etiam
988 2424 1114 2480 cap.
1144 2409 1454 2476 xxv,vertit
1485 2425 1549 2464 ζα
1583 2410 1649 2464 Et
1676 2409 1905 2464 eunetis

245 2497 492 2568 regibus
523 2503 684 2552 terra
714 2496 999 2552 Ausitidis
1024 2517 1038 2566 ;
1076 2520 1097 2546 ι
1142 2504 1199 2553 et
1228 2498 1371 2554 citat
1401 2515 1470 2554 ex
1503 2503 1662 2554 textu
1687 2498 1903 2565 Graeco,

243 2608 278 2635 «
312 2585 498 2641 Homo
531 2586 774 2657 quidam
805 2591 929 2640 erat
957 2586 1017 2640 in
1038 2586 1274 2658 regione
1302 2587 1608 2654 Ausitidis,
1635 2604 1765 2658 quae
1796 2587 1905 2642 He-

245 2675 453 2730 braice
500 2674 834 2747 appellatur
884 2676 1042 2744 Hus;
1076 2682 1133 2730 et
1164 2680 1357 2731 tamen
1403 2677 1708 2732 sciendum
1749 2675 1906 2732 hunc

247 2763 616 2819 versiculum
637 2766 790 2835 apud
810 2763 964 2818 LXX
984 2781 1098 2819 non
1126 2764 1390 2820 haberi.»
1413 2765 1625 2820 Eodem
1651 2766 1822 2820 modo
1845 2766 1905 2819 in

246 2851 508 2925 Vulgata
531 2852 899 2908 Ramathaim
923 2853 1160 2924 Sophim
1186 2853 1470 2924 scriptum
1495 2859 1584 2909 est
1606 2854 1626 2908 Ι
1653 2854 1788 2924 Reg.
1806 2855 1904 2922 1,1,

251 2941 365 2997 sed
401 2941 581 2996 Graeci
610 2941 882 3011 efferunt,
908 2939 956 3012 ἐξ
991 2938 1305 3014 Ἀρμαθαΐμ
1335 2940 1495 3018 mea,
1533 2963 1560 2992 «
1591 2959 1660 2997 ex
1697 2945 1904 2998 Arma-

250 3030 450 3086 thaim
480 3030 677 3101 Sipha.
713 3050 738 3080 ν
767 3031 912 3086 Ibid.
945 3029 1181 3104 ἄχρονον
1207 3037 1296 3087 est
1327 3051 1351 3083 α
1377 3032 1661 3103 temporis
1677 3047 1906 3103 expers,

242 3119 540 3190 temporis
576 3118 1102 3190 nescium,absque
1135 3123 1452 3191 tempore,»
1485 3137 1601 3175 non
1636 3125 1698 3174 ut
1727 3120 1904 3176 inter-

241 3225 414 3280 pres,
441 3230 468 3257 «
508 3207 664 3264 nullo
694 3213 956 3280 tempore
986 3209 1327 3266 obnoxium.
1359 3230 1388 3258 »

321 3297 448 3353 Col.
483 3298 589 3352 603
620 3301 662 3350 Α
709 3299 793 3352 15.
827 3299 964 3353 Nam
991 3316 1026 3354 α
1055 3301 1305 3354 veritate.
1340 3299 1408 3354 Et
1456 3299 1700 3355 obscure
1745 3314 1906 3354 versa

237 3391 308 3442 et
329 3384 487 3442 male
526 3387 900 3458 interpuncta
923 3386 1219 3458 periodus,
1245 3393 1498 3444 mentem
1531 3388 1786 3443 auctoris
1816 3404 1908 3443 oc-

239 3475 539 3532 cultabat.
564 3498 592 3527 «
626 3476 772 3531 Nam
796 3493 970 3532 casus
1019 3496 1052 3532 a
1082 3478 1321 3532 veritate
1351 3477 1762 3542 mentis,visus
1786 3477 1904 3547 pri-

239 3565 409 3620 vatio
439 3569 495 3620 et
517 3566 749 3620 caecitas
769 3570 878 3622 est.
903 3587 930 3616 »
959 3566 1184 3622 Rursus
1206 3583 1309 3637 pro
1329 3563 1666 3638 τετύφλωται
1692 3567 1906 3638 legisse

236 3654 490 3708 videtur
535 3654 976 3725 Trapezuntius,
1008 3659 1071 3709 ut
1110 3660 1236 3710 erat
1287 3656 1344 3710 in
1379 3657 1467 3721 H.,
1500 3655 1799 3731 τετύφωται
1828 3657 1905 3724 τῷ

240 3743 369 3795 δντι
411 3737 605 3811 μηδέν,
637 3743 727 3797 vel
776 3741 1102 3820 πεφύστβαι,
1135 3766 1162 3794 ‹‹
1196 3748 1252 3798 et
1282 3744 1484 3800 inﬂatu
1513 3745 1657 3799 nihil
1690 3743 1902 3799 intelli-

237 3832 360 3904 git,
385 3854 414 3879 »
440 3837 495 3886 et
525 3831 699 3903 paulo
730 3837 862 3904 post
882 3849 986 3904 pro
1023 3851 1045 3882 ι
1079 3832 1137 3888 in
1169 3849 1348 3889 sensu
1389 3833 1724 3904 phrenetico
1751 3851 1781 3885 ››
1816 3849 1907 3888 re-

238 3921 566 3992 posuimus
595 3941 618 3972 α
639 3921 699 3975 in
720 3921 934 3977 mentis
956 3938 1059 3994 per
1075 3921 1465 3993 phrenitidem
1484 3923 1824 3977 emotionezz
1853 3917 1908 3973 ἐν

238 4008 499 4062 ἐκστάσει
534 4012 961 4084 φρενιτικῇ,ῐιοι]
997 4008 1265 4079 αἰσθήσει.
1298 4011 1408 4066 Alii
1441 4011 1643 4066 dicunt
1669 4034 1696 4062 «
1727 4011 1908 4066 furio-

236 4100 357 4164 sis,
387 4114 524 4152 cum
558 4099 708 4170 apud
745 4114 807 4153 se
841 4116 954 4154 non
987 4103 1147 4154 sunt.
1183 4121 1212 4149 ››

322 4205 478 4260 Ibid.
505 4208 544 4258 C
572 4206 625 4259 8.
661 4205 699 4259 Α
730 4206 1142 4277 quaestionibus.
1173 4207 1496 4262 Restitutus
1518 4213 1607 4262 est
1625 4207 1720 4262 hic
1745 4207 1909 4263 locus

236 4312 321 4350 ex
359 4294 544 4365 Regio
575 4310 686 4349 ms.
713 4295 804 4362 H.,
828 4311 962 4351 eum
996 4301 1169 4351 antea
1188 4312 1493 4368 perperam
1517 4296 1575 4351 in
1598 4297 1819 4352 Veneta
1850 4303 1908 4352 et

239 4382 570 4440 Basiliensi
603 4389 759 4439 esset
785 4380 817 4435 ἆ
847 4386 954 4436 τῶν
983 4387 1202 4458 γραφῶν
1238 4380 1412 4438 οὐδὲν.
1447 4385 1525 4440 Ex
1555 4403 1670 4456 quo
1701 4386 1911 4441 extulit

237 4471 775 4542 Cornariusaquaa
818 4471 963 4527 nihil
1009 4473 1228 4528 absunt
1275 4473 1347 4528 ab
1381 4473 1450 4528 iis
1491 4474 1746 4546 scriptis,
1780 4491 1907 4546 quae

241 4562 327 4617 ad
368 4566 687 4632 utramque
719 4566 944 4632 partem
989 4561 1397 4634 scrupulosam
1439 4562 1777 4635 opinionem
1807 4565 1911 4619 ha-
1943 4548 1987 4611 D

241 4653 459 4707 bent.»
488 4653 560 4704 At
580 4650 641 4705 in
682 4651 1047 4722 Stephanaea,
1072 4646 1103 4703 ἃ
1131 4654 1236 4704 τῶν
1270 4655 1524 4724 γραπτῶν
1559 4649 1732 4708 οὐδέν.
1767 4654 1912 4711 Beza

239 4739 495 4805 vertit,¢
521 4755 648 4810 quae
671 4738 814 4794 nihil
835 4755 1072 4811 prorsus
1096 4740 1166 4794 ab
1189 4739 1262 4794 iis
1283 4741 1520 4812 scriptis
1539 4741 1911 4813 absunt,quaa

242 4830 316 4885 in
346 4828 637 4884 utramvis
659 4833 883 4900 partem
907 4827 1169 4900 accipere
1196 4828 1586 4900 periculosum
1607 4834 1753 4886 est.»
1777 4832 1914 4887 Tra-

242 4916 580 4991 pezuntius
605 4918 940 4988 scripserat,
976 4934 1106 4990 quae
1135 4917 1216 4972 nil
1248 4919 1319 4973 ab
1351 4918 1768 4977 insolubilibus
1809 4922 1946 5002 de-'

239 5010 573 5074 sunt,cum
605 5007 677 5062 ad
727 5011 1038 5078 utramque
1084 5011 1312 5078 partem
1358 5008 1682 5079 periculum
1717 5015 1914 5066 osten-

238 5098 430 5152 dant.
462 5113 486 5144 ι
519 5094 723 5168 Γρίπος
753 5100 811 5152 et
841 5095 1036 5172 γρίφος
1090 5096 1324 5169 proprie
1364 5102 1486 5153 rete
1517 5097 1607 5154 vel
1639 5116 1913 5168 sagenam

231 5188 458 5252 sonat,
494 5189 552 5239 et
583 5185 654 5240 ad
707 5186 1061 5257 quaestiones
1108 5184 1458 5243 conviviales
1492 5188 1913 5259 sanigmaticas,

227 5280 446 5344 atque
509 5276 579 5328 ad
631 5273 776 5330 alios
829 5291 1133 5331 sermones
1200 5275 1600 5347 aanigmaticos
1654 5277 1916 5332 extendi-

229 5379 382 5427 tur,
419 5366 596 5434 atque
646 5363 789 5419 adeo
834 5362 1104 5437 symbols
1151 5363 1280 5435 ipsa
1324 5363 1700 5436 Pythagorica
1746 5367 1916 5423 Athe-

229 5467 436 5512 nmus
482 5451 782 5525 «griphos
817 5473 842 5504 ι
897 5451 1172 5525 appellat.
1222 5451 1424 5508 Pollux
1460 5453 1562 5509 lib.
1613 5471 1687 5521 v1,
1737 5472 1784 5510 ο.
1831 5457 1917 5522 19,

222 5545 392 5601 Τῶν
437 5537 621 5611 μέντοι
664 5544 1012 5614 συμποτικῶν
1063 5539 1284 5617 αἴνιγμα
1326 5542 1414 5594 καὶ
1443 5541 1660 5616 γρῖφος·
1706 5543 1769 5597 τὸ
1823 5543 1917 5616 μὲν

229 5625 500 5690 παιδιὰν
553 5628 721 5707 εἶχεν,
772 5631 800 5686 ὁ
851 5627 906 5686 δὲ
949 5628 1140 5708 γρῖφος
1185 5628 1274 5684 καὶ
1315 5627 1576 5704 σπουδὴν,
1624 5631 1713 5686 καὶ
1763 5633 1790 5687 ὁ
1825 5633 1920 5706 μὶν

2019 1860 2109 1913 nis
2125 1863 2334 1913 natura
2348 1858 2604 1912 motibus
2628 1858 2840 1915 mentis
2860 1858 2986 1912 sine
3002 1863 3267 1928 tempore
3290 1857 3668 1912 constituta.»

2089 1965 2206 2020 Col.
2239 1966 2346 2018 606
2382 1965 2443 2018 Ο.
2488 1964 2950 2035 Respondeamus.
3005 1964 3284 2019 Mendum
3316 1963 3670 2019 sustulimus

2015 2057 2291 2112 editionis
2323 2056 2719 2121 Basiliens.,in
2755 2072 2870 2126 qua
2901 2055 3207 2127 legebatur
3235 2051 3666 2124 ἀποκλινόμεοα,

2016 2145 2072 2199 in
2098 2145 2318 2200 Neneta
2337 2161 2468 2200 vero
2493 2143 2919 2218 ἀποκρινόμεϐα,
2947 2165 2971 2195 α
2997 2145 3480 2215 respondemus»
3509 2142 3666 2197 idem

2013 2234 2360 2304 Stephanaea
2389 2238 2446 2288 et
2475 2233 2812 2301 Cornarius,
2846 2234 2947 2286 sed
2983 2232 3048 2286 Η.
3084 2249 3196 2286 ms.
3235 2236 3297 2286 ut
3348 2231 3662 2286 edidimus.

2016 2323 2440 2392 Trapezuntius
2501 2321 2733 2377 videtur
2782 2321 3142 2392 expressisse
3201 2318 3662 2392 ἀποκρινούμεθα·

2021 2432 2044 2463 ι
2078 2411 2581 2482 Respondebimus
2611 2426 2771 2480 ergo,
2804 2409 2922 2464 imo
2954 2409 3230 2478 quoniam
3266 2425 3382 2464 non
3404 2411 3666 2477 est,erat,

2016 2516 2130 2554 non
2164 2499 2510 2554 innascibile
2548 2499 2789 2565 habens,
2826 2499 2980 2569 quod
3029 2502 3155 2554 est:
3190 2514 3294 2553 ens
3343 2514 3476 2554 vero
3508 2514 3663 2553 sem-

2016 2605 2118 2660 per
2146 2594 2203 2643 et
2233 2589 2613 2643 coexsistens.
2648 2609 2677 2637 »

2085 2677 2204 2733 Col.
2249 2678 2354 2730 607
2389 2678 2430 2732 B
2483 2677 2534 2732 4.
2577 2677 2797 2747 Quoque
2845 2678 3138 2731 rationem.
3190 2675 3548 2730 Addidimus
3596 2691 3666 2730 ex

2017 2767 2266 2822 ms.H.et
2295 2763 2722 2836 ’e’vvozav,quam
2753 2766 3181 2837 Trapezuntius
3203 2786 3227 2817 α
3257 2764 3608 2820 sententiam
3634 2786 3662 2813 »

2015 2859 2356 2921 verterat,et
2385 2854 2697 2910 Cornarius
2727 2877 2754 2904 «
2791 2854 3112 2922 notionem,
3147 2876 3174 2904 »
3202 2855 3358 2926 quod
3382 2855 3663 2909 Venetam

2017 2946 2262 3000 fortasse
2294 2950 2502 2999 nactus
2525 2949 2682 3000 esset
2711 2943 3400 3014 editionem.8tephanaea
3421 2943 3558 2997 item
3585 2937 3662 2994 ἔν-

2012 3052 2160 3085 νοιαν
2194 3034 2366 3088 vertit
2391 3056 2419 3083 ‹‹
2453 3032 2929 3104 cogitationem.»
2952 3033 3031 3087 Ex
3053 3032 3255 3087 eodem
3291 3031 3664 3101 ms.scripsi-

2015 3138 2148 3176 mus
2181 3121 2584 3192 ὲπιζητῶν,ρῐ“0
2611 3120 2917 3191 ὑποζητῶν,
2937 3125 2994 3176 et
3021 3120 3214 3175 locum
3249 3122 3320 3174 ab
3347 3120 3664 3190 interprete

2016 3210 2350 3266 mutilatum
2383 3210 2644 3282 pristinas
2676 3209 2997 3280 integritati
3024 3209 3656 3264 restituimusztantum

2011 3299 2168 3355 enim
2201 3299 2558 3370 scripserat:
2581 3320 2609 3348 «
2638 3299 2748 3354 Sed
2773 3315 2877 3353 cur
2907 3297 3240 3352 amentibus
3263 3296 3663 3352 contradicen-

2013 3391 2151 3444 dum
2186 3389 2317 3444 est?
2338 3388 2428 3443 vel
2450 3389 2498 3443 si
2529 3389 2601 3444 ad
2625 3387 2848 3458 aliquid
2883 3403 3084 3442 eorum
3117 3403 3247 3457 qua:
3276 3390 3470 3441 sunt.»
3496 3384 3662 3440 Simi-

2012 3478 2086 3533 lis
2117 3478 2280 3534 locus
2310 3477 2629 3549 praecessit.

2085 3585 2205 3641 Col.
2237 3584 2344 3639 610
2372 3586 2410 3639 C
2439 3584 2492 3637 8.
2531 3585 2769 3640 Unxisti.
2807 3579 3029 3651 Στήλην
3064 3583 3264 3638 Latine
3297 3583 3666 3652 expresserat

2014 3674 2301 3744 interpres
2351 3692 2382 3724 ι(
2415 3673 2691 3743 lapidem,
2727 3692 2752 3723 ν
2787 3688 2893 3728 nec
2942 3671 3112 3726 aliter
3149 3673 3314 3740 Beza,
3347 3670 3444 3741 qui
3474 3669 3562 3724 vel
3597 3685 3666 3723 ex

2016 3766 2339 3833 symmysta
2387 3777 2493 3815 suo
2529 3762 2697 3814 Henr.
2732 3760 3028 3831 Stephano
3072 3758 3296 3814 discere
3327 3758 3517 3829 potuit
3546 3774 3660 3810 non

2016 3849 2282 3923 quemvis
2302 3849 2549 3920 lapidem
2575 3865 2703 3904 esse
2718 3845 3058 3918 στήλην,εοά
3076 3846 3328 3918 lapidem
3343 3845 3660 3915 titularem,

2014 3939 2101 3996 vel
2134 3938 2286 4008 signi
2316 3938 2500 4008 gratia
2525 3935 2898 4007 erectum,vel
2930 3941 3081 3991 certe
3112 3935 3473 3999 columnam,
3509 3934 3664 3988 unde

2017 4029 2170 4101 apud
2225 4027 2536 4083 historicos
2591 4021 2901 4100 Ἡράκλειοι
2958 4021 3153 4092 στῆλαι
3201 4029 3340 4079 sunt
3379 4022 3664 4079 columnae

2019 4117 2303 4184 Herculis,
2331 4121 2386 4172 et
2417 4113 2626 4183 στήλην
2679 4111 2995 4190 ἀναγράφειν
3030 4113 3240 4168 Budan
3285 4117 3372 4168 est
3402 4111 3461 4166 in
3492 4110 3663 4182 cippo

2017 4207 2399 4279 proscribere.
2429 4205 2714 4261 Vaticana
2735 4228 2762 4254 «
2787 4204 3028 4258 titulum
3065 4225 3092 4252 »
3124 4202 3294 4258 vertit
3326 4219 3338 4257 :
3365 4217 3467 4273 pro
3493 4200 3664 4271 cippo

2017 4297 2175 4351 enim
2217 4295 2491 4363 sumitur,
2524 4294 2584 4350 in
2624 4311 2739 4366 quo
2769 4293 2857 4350 vel
2892 4293 3297 4364 sepulcrorum
3329 4291 3664 4362 inscriptio-

2018 4402 2143 4454 nes,
2174 4386 2260 4440 vel
2312 4386 2592 4440 fcederum
2636 4383 2972 4439 testimonia
3002 4386 3059 4437 et
3107 4385 3490 4437 monumenta
3532 4396 3667 4452 per-

2020 4475 2449 4530 scribebantur.
2475 4474 2788 4528 Cornarius
2820 4477 2993 4539 recte,
3025 4476 3082 4526 et
3111 4471 3191 4526 ita
3223 4470 3663 4526 rescribendum

2023 4565 2127 4619 hoc
2180 4565 2326 4633 loco,
2359 4584 2387 4614 «
2420 4564 2521 4634 qui
2571 4561 2815 4635 apparui
2864 4561 2973 4617 tibi
3019 4561 3078 4616 in
3132 4559 3259 4616 loco
3308 4561 3410 4615 ubi
3448 4558 3672 4615 unxisti

2022 4651 2165 4707 mihi
2199 4650 2558 4706 columnam.
2586 4671 2609 4700 »
2634 4655 2750 4706 Nec
2781 4651 2862 4704 ita
2893 4648 3077 4703 multo
3113 4652 3245 4719 post
3270 4650 3389 4706 τοῖς
3412 4643 3551 4712 οὖσι,
3577 4642 3668 4697 καὶ

2021 4744 2255 4800 πιστοῖς.
2288 4740 2710 4795 Admonendus
2741 4744 2832 4794 est
2862 4737 3043 4792 lector
3070 4735 3664 4808 nunc,Ephesior.i,1,

2023 4830 2177 4901 apud
2235 4828 2568 4900 Apostolum
2620 4827 2756 4900 legi,
2814 4830 2936 4884 Τοῖς
2988 4825 3162 4898 ἁγίοις
3231 4829 3348 4884 τοῖς
3408 4822 3554 4876 οὖσιν
3613 4821 3665 4874 ἐν

2023 4919 2256 4995 Ἐφέσῳ,
2314 4917 2401 4971 καὶ
2459 4920 2674 4977 πιστοῖς
2732 4914 2784 4969 ἐν
2831 4915 3068 4990 Χριστῷ.
3129 4915 3343 4971 Sanctis
3400 4915 3496 4985 qui
3536 4915 3673 4968 sunt

2025 5008 2230 5080 Ephesi
2248 5013 2300 5063 et
2329 5006 2585 5076 ﬁdelibus
2605 5008 2666 5060 in
2698 5004 3148 5061 Christo.‘Alium
3185 5006 3429 5059 fortasse
3460 5005 3667 5057 nactus

2025 5103 2112 5154 est
2143 5097 2399 5152 codicem
2435 5096 2699 5165 Basilius,
2737 5113 2768 5149 a
2801 5112 2915 5165 quo
2954 5094 3195 5148 aberant
3225 5092 3323 5146 illa
3355 5089 3404 5144 ἐν
3438 5089 3664 5166 Ἐφέσῳ.

2027 5186 2524 5260 quemadmodum
2578 5189 2636 5239 et
2686 5189 2887 5239 auctor
2932 5183 3195 5254 Vulgatae
3242 5183 3416 5236 vertit
3452 5179 3670 5234 ibidem

2028 5299 2056 5327 ‹‹
2086 5274 2361 5331 omnibus
2386 5273 2668 5343 sanctis,»
2691 5273 2844 5345 quod
2868 5271 2927 5326 in
2951 5273 3143 5326 Graeco
3165 5271 3414 5324 fortasse
3435 5266 3674 5338 legisset

2026 5363 2154 5418 πᾶσι
2195 5367 2309 5423 τοῖς
2357 5360 2556 5436 ἁγίοις·
2602 5362 2979 5433 quamobrem
3026 5359 3208 5414 miror
3256 5357 3524 5429 equidem
3565 5372 3672 5410 au-

2026 5454 2275 5520 daciam,
2311 5454 2397 5508 vel
2429 5453 2622 5524 potius
2655 5449 3080 5523 impudentiam
3113 5453 3290 5514 Bezaa,
3323 5447 3421 5518 qni
3448 5460 3671 5500 meram

2029 5549 2086 5600 et
2115 5543 2350 5598 inanem
2381 5542 2672 5614 argutiam
2705 5557 2834 5597 esse
2876 5539 3038 5609 dicit,
3071 5554 3198 5609 quis
3231 5554 3263 5592 a
3294 5533 3670 5592 sanctissimo

2033 5636 2202 5690 Patre
2220 5634 2328 5688 hoc
2352 5632 2474 5689 loco
2491 5627 3006 5705 proteruntur.Sed
3025 5626 3304 5684 nimirum
3319 5627 3401 5682 ita
3421 5625 3674 5696 majores
