4124 6240
458 366 615 428 1043

1648 353 1885 416 NOTAE
1928 346 2377 412 FRONTONIS
2423 346 2680 408 DUCAEI

3724 347 3869 406 1641

464 518 606 558 suos
636 499 952 558 tradidisse
983 496 1209 555 addidit
1237 493 1504 552 Ecclesiae
1535 492 1738 547 doctor
1753 486 2027 554 Basilius,
2060 486 2118 541 et
2144 517 2157 550 λ

2271 482 2574 538 Dncinnius
2603 481 2717 552 legi
2748 480 3004 554 comperi
3037 478 3409 536 ἀναλλοίωτον
3443 479 3626 535 οὗσὲαν
3655 500 3878 554 παρα-τεο

467 592 550 646 ita
581 607 643 646 se
677 590 737 645 in
767 588 1018 646 vetustis
1061 584 1493 658 exemplaribus
1541 578 1896 651 comperisse
1925 593 1938 630 :
1975 590 2114 645 quo-

469 679 622 735 circa
654 678 854 734 mirari
881 677 1082 732 desino
1113 676 1258 730 istos
1301 676 1408 726 τῶν
1437 665 1809 746 παραδόσεων,
1853 665 2114 720 traditio-

403 818 408 822 .
474 786 615 824 num
643 768 927 838 hostes,et
947 781 1227 822 novarum
1253 763 1601 834 religionum
1625 757 1971 815 architectos
1993 754 2117 808 ina-

476 875 578 914 nes
610 858 871 931 argutias
920 860 1154 927 accepta
1184 873 1217 910 a
1250 852 1520 908 Patribus
1565 849 1841 921 dogmata
1886 859 2119 900 nuncu-

476 964 633 1020 pare.

547 1035 667 1093 Col.
725 1036 832 1090 615
888 1035 928 1090 C
975 1035 1028 1089 6.
1080 1035 1187 1102 Qui
1235 1031 1600 1088 commodius.
1667 1028 1752 1082 Ita
1801 1023 2121 1079 maluimus

477 1141 610 1181 cum
657 1123 932 1180 Cornario
979 1129 1225 1192 vertere,
1279 1137 1453 1192 quam
1502 1135 1635 1174 cum
1684 1111 2070 1186 Trapezuntio
2108 1154 2123 1176 ,

480 1234 504 1266 ι
541 1211 644 1283 qui
675 1211 887 1268 melius
927 1211 1272 1267 Hebraicam
1323 1209 1583 1280 linguam
1614 1206 1948 1268 tenuerunt,
1971 1220 1995 1252 ο
2027 1203 2128 1255 aut

477 1318 612 1357 eum
667 1302 835 1370 Beza,
863 1322 886 1352 α
919 1300 1337 1356 Hebraicarum
1377 1315 1585 1353 vocum
1638 1290 2125 1366 significationem

481 1392 740 1462 adeptos.
768 1410 793 1440 ι)
837 1391 1118 1462 Designat
1165 1389 1320 1444 enim
1367 1386 1637 1458 Aquilam
1672 1381 1997 1447 Ponticum,
2031 1378 2126 1434 cui

481 1480 690 1535 tribuit
741 1480 889 1534 hanc
935 1479 1169 1535 laudem
1200 1482 1256 1531 S.
1287 1477 1699 1546 Hieronymus,
1741 1471 1894 1544 quod
1925 1470 2128 1525 verbo-

487 1586 616 1624 rum
662 1569 1077 1640 proprietatem
1138 1566 1391 1622 maxime
1445 1561 1820 1635 expresserit,
1865 1565 1928 1615 ut
1958 1559 2128 1629 epist.

491 1658 582 1712 101
635 1658 706 1712 ad
755 1653 1412 1726 Marcellam,«Aquila,
1460 1657 1652 1708 autem
1704 1649 2034 1722 proselytus
2077 1650 2135 1702 et

490 1745 892 1801 contentiosus
935 1745 1245 1815 interpres,
1297 1744 1396 1816 qui
1429 1759 1544 1799 non
1575 1741 1766 1797 solum
1805 1740 2000 1807 verba,
2033 1736 2131 1792 sed

2227 569 2392 638 θὲναι,
2428 593 2455 621 ‹‹
2489 587 2605 626 non
2655 571 2909 641 credere,
2963 587 3153 641 neque
3208 587 3340 626 cum
3373 571 3530 626 ﬂuxa
3559 574 3798 636 natura,
3829 575 3880 625 et

2226 660 2554 716 innumeris
2587 661 2837 716 obnoxia
2867 659 3320 730 mutationibus,
3360 659 3798 716 immutabilem
3832 665 3883 713 et

2223 749 2508 805 invariabi
2523 749 2629 804 lem
2663 765 3022 822 comparare.
3055 769 3082 801 ι

2301 857 2418 913 Col.
2459 857 2563 911 624
2593 863 2640 915 Α
2665 859 2717 911 2.
2773 855 2990 931 βώλους
3041 853 3259 931 δρόσου,
3305 857 3500 930 glebas
3541 860 3708 928 roris,
3743 857 3884 929 legi-

2231 963 2364 1001 mus
2413 947 2471 1001 in
2519 947 2774 1002 editione
2817 946 3120 1019 Stephani,
3158 964 3264 1003 nec
3316 947 3488 1002 aliter
3535 948 3596 1002 in
3632 964 3747 1002 ms.
3783 963 3885 1002 suo

2232 1035 2681 1108 Trapezuntius,
2729 1052 2914 1106 eaque
2962 1035 3133 1091 lectio
3181 1037 3567 1092 confirmatur
3614 1035 3887 1091 editionis

2235 1125 2509 1180 Romanis
2542 1125 2890 1180 auctoritate
2936 1124 3092 1197 apud
3125 1125 3284 1193 LXX,
3306 1129 3362 1181 et
3393 1124 3800 1198 Olympiodori
3834 1125 3887 1178 in

2234 1218 2446 1270 Catena
2473 1214 2708 1285 Nicetes,
2735 1214 2832 1286 qui
2867 1211 3083 1288 βώλους
3123 1209 3318 1287 δρόσου
3350 1215 3588 1287 exponit
3616 1214 3889 1280 τουτέστι,

2234 1303 2331 1364 τὰς
2364 1304 2662 1373 συστάσεις,
2698 1327 2726 1354 ‹‹
2758 1303 2868 1359 hoc
2898 1307 3006 1372 est,
3055 1305 3455 1360 concretiones
3495 1321 3507 1360 :
3554 1327 3584 1354 »
3635 1309 3696 1359 at
3741 1305 3893 1359 Basi-

2235 1392 2441 1448 liensis
2471 1393 2649 1448 editio
2674 1391 2868 1448 Basilii
2902 1389 3103 1466 βόλους
3133 1388 3331 1466 δρόσου
3363 1392 3594 1458 habuit,
3616 1392 3896 1463 quemad-

2241 1483 2482 1538 modum
2514 1485 2572 1537 et
2604 1481 2818 1553 Regius
2851 1481 2941 1549 H.,
2976 1483 3131 1536 unde
3162 1481 3475 1536 Cornarius
3505 1481 3739 1545 vertit,«
3763 1485 3894 1552 gut-

2240 1577 2328 1627 tas
2357 1571 2525 1641 roris,
2562 1591 2585 1621 ιο
2623 1574 2798 1642 atque
2831 1570 2968 1626 huic
3000 1571 3235 1626 lectioni
3268 1570 3675 1642 suffragantur
3718 1569 3896 1624 Biblia

2244 1661 2613 1716 Plantiniana
2643 1677 2708 1715 ex
2757 1659 3278 1732 Complutensibus
3310 1676 3611 1731 expressa,
3645 1665 3704 1714 et
3735 1658 3896 1714 Basi-

2245 1749 2471 1816 licnsia,
2505 1749 2640 1804 licet
2673 1750 2730 1804 in
2777 1749 2869 1804 his
2913 1766 3217 1821 perperam
3249 1765 3485 1804 versum
3519 1749 3616 1815 sit,
3654 1748 3897 1818 «jactus

489 1834 877 1924 etymologiae
903 1850 1133 1906 quoque
1168 1833 1480 1924 verborum
1523 1831 1839 1924 transferre
1887 1831 2130 1924 conatus
2162 1861 2209 1924 Β
2249 1838 2718 1909 roris.»Vulgata
2749 1838 2958 1894 Lexica
2983 1835 3183 1912 βόλους
3204 1834 3400 1912 δρόσου
3422 1844 3726 1909 exponunt
3748 1837 3897 1908 apud

491 1928 601 1980 est.
633 1941 664 1976 ω
694 1924 764 1978 Et
792 1923 962 1994 epist.
1010 1923 1116 1978 439
1149 1939 1161 1980 :
1199 1943 1224 1974 «
1269 1921 1500 1994 Aquila,
1534 1920 1632 1992 qui
1665 1920 1974 1976 verborum
2017 1917 2131 1972 He-

489 2015 778 2069 braeorum
809 2011 1303 2084 diligentissimus
1333 2009 1653 2082 explicator
1681 2014 1790 2065 est.
1811 2007 1988 2063 »Etin
2005 2023 2133 2061 xmx

492 2102 677 2172 Isaias,
709 2118 860 2158 vers.
893 2102 965 2156 6:
993 2123 1021 2151 «
1057 2102 1134 2156 De
1161 2099 1374 2172 Aquila
1391 2116 1506 2156 non
1533 2099 1736 2163 miror,
1769 2097 1926 2168 quod
1957 2096 2133 2151 homo

488 2191 929 2248 eruditissimus
959 2189 1171 2262 linguae
1203 2190 1537 2257 Hebraeae,et
1572 2189 1834 2252 verbum,
1858 2187 1930 2241 de
1962 2186 2135 2240 verbo

492 2281 882 2353 exprimens.»
907 2285 1069 2335 Hunc
1099 2285 1293 2336 autem
1319 2279 1514 2335 locum
1547 2276 1993 2333 Proverbiorum
2014 2289 2135 2342 νιιι,

493 2372 586 2437 22,
629 2371 712 2426 ita
756 2370 996 2426 vertisse
1051 2368 1347 2442 Aquilam,
1399 2371 1463 2424 ut
1506 2366 1807 2438 scripserit
1854 2362 2136 2432 ἐκτήσατο,

495 2460 757 2532 possedit,
800 2458 898 2514 ubi
945 2457 1085 2514 LXX
1115 2459 1385 2513 dixerunt
1432 2453 1626 2520 ἔκτισε,
1676 2455 1844 2510 docet
1889 2452 2140 2524 Epipha-

502 2548 637 2604 nius
684 2546 889 2602 hzeresi
917 2548 1007 2614 69,
1048 2563 1103 2617 p.
1137 2547 1241 2601 3'20
1273 2563 1284 2600 :
1311 2543 1380 2598 Τὸ
1412 2539 1469 2596 δὲ
1500 2537 1786 2610 Ἐϐραῖκὸν
1830 2539 1937 2614 οὐχ
1967 2539 2141 2599 οὕτως

504 2633 620 2710 ἔχει
655 2678 669 2704 ,
725 2633 842 2689 ὅθεν
889 2632 1126 2695 Ἀκύλας
1185 2631 1328 2708 λέγει
1365 2650 1376 2661 ·
1434 2630 1634 2704 Κύριος
1691 2627 1951 2700 ἐκτήσατό
2030 2648 2095 2700 με
2127 2669 2140 2681 .

506 2724 613 2782 Ἀεὶ
671 2720 728 2778 ὃὶ
785 2724 836 2778 οἱ
889 2726 1174 2798 γεννῶντες
1222 2718 1420 2782 παῖδας
1471 2719 1742 2796 λέγουσίν,
1794 2716 2142 2789 Ἐκτησάμὴν

415 2859 424 2866 ,
505 2814 641 2870 υἱόν.
674 2836 702 2866 ‹‹
737 2813 1044 2870 Hebraeum
1068 2817 1263 2869 autem
1296 2829 1410 2868 non
1443 2812 1528 2867 sic
1559 2810 1918 2879 habet,unde
1938 2806 2151 2878 Aquila

506 2903 669 2971 dicit,
698 2904 958 2959 Dominus
994 2901 1231 2975 possedit
1276 2917 1361 2957 me
1395 2918 1408 2955 :
1442 2916 1674 2971 semper
1703 2903 1901 2955 autem
1935 2897 2016 2967 hi,
2049 2895 2149 2967 qui

509 2993 660 3050 filios
707 2997 1014 3066 generant,
1058 2993 1282 3060 dicunt,
1334 2990 1572 3046 Possedi
1601 2988 1690 3044 vel
1739 2989 1986 3059 adeptus
2018 3001 2151 3040 sum

510 3083 718 3140 tilium.
753 3080 1090 3153 »Intelligit
1137 3082 1313 3137 Evam
1365 3079 1764 3151 potissimum,
1817 3079 1988 3147 cujus
2032 3074 2154 3129 haec

512 3179 652 3231 sunt
708 3175 904 3242 verba,
965 3174 1172 3229 Genes.
1236 3189 1312 3238 1v,
1373 3173 1424 3239 1,
1460 3169 1682 3226 Possedi
1739 3168 2013 3224 hominem
2057 3181 2158 3237 per

2245 1928 2677 1984 Nazianzenum
2713 1948 2741 1977 «
2773 1926 2964 1983 stillas
3017 1928 3189 1992 roris,
3213 1949 3240 1978 ››
3279 1932 3342 1982 ut
3389 1927 3668 1983 admonet
3699 1931 3900 1981 auctor

2245 2018 2421 2074 Grazci
2456 2018 2736 2082 Thesauri,
2766 2017 2866 2088 qui
2912 2016 3076 2072 locus
3117 2021 3206 2072 est
3235 2017 3496 2072 oratione
3524 2017 3617 2082 34,
3651 2032 3782 2086 quae
3813 2020 3899 2070 est

2245 2107 2504 2162 secunda
2551 2107 2622 2161 de
2666 2105 3006 2177 Theologia,
3059 2123 3114 2177 p.
3163 2107 3292 2172 557,
3342 2106 3442 2160 ubi
3476 2106 3572 2160 hic
3618 2105 3750 2176 ipse
3779 2105 3900 2161 Jobi

2245 2213 2451 2252 versus
2482 2195 2540 2250 in
2575 2195 2834 2251 medium
2868 2195 3129 2264 affertur,
3154 2194 3292 2250 licet
3322 2193 3712 2250 doctissimus
3733 2196 3908 2248 inter-

2251 2301 2382 2358 pres
2418 2281 2633 2358 βώλους
2665 2283 2878 2356 legisse
2907 2285 3188 2352 videatur,
3224 2300 3356 2339 cum
3395 2306 3425 2333 «
3455 2283 3656 2353 glebas
3695 2282 3845 2338 roris
3881 2303 3903 2332 ι

2250 2374 2450 2442 vertit;
2485 2373 2738 2444 denique
2784 2372 3037 2445 Vulgata
3079 2372 3283 2428 Latina
3331 2373 3504 2437 favet,
3555 2393 3584 2422 ‹‹
3639 2372 3727 2426 vel
3778 2372 3912 2442 quis

2251 2465 2456 2536 genuit
2500 2462 2692 2518 stillas
2741 2462 2936 2518 roris?
2967 2483 2995 2512 »
3027 2462 3310 2518 Caeterum
3339 2462 3430 2517 his
3458 2461 3654 2516 verbis
3690 2462 3914 2515 abusus

2254 2555 2438 2609 fuisse
2470 2553 2765 2624 quondam
2797 2551 3041 2608 Arianos
3074 2553 3357 2607 adversus
3387 2551 3724 2610 Catholicos
3759 2555 3912 2606 Con—

2255 2641 2664 2700 substantialis
2711 2643 3046 2697 defensores
3095 2646 3321 2696 constat
3370 2658 3439 2696 ex
3481 2639 3917 2696 Commentario

2258 2731 2492 2803 Origeni
2515 2731 2731 2785 tributo
2762 2730 2822 2784 in
2849 2731 2980 2800 Job,
3014 2729 3113 2785 ubi
3149 2730 3267 2785 haec
3293 2729 3524 2785 recitari
3550 2729 3737 2800 jubet
3762 2729 3916 2800 apud

2259 2819 2724 2886 Homousiastas,
2758 2819 2859 2874 sed
2892 2819 3014 2874 haec
3046 2824 3242 2874 tamen
3273 2818 3558 2874 vocabula
3579 2838 3605 2869 ι
3630 2816 3784 2872 uteri
3810 2842 3838 2866 ››
3868 2821 3924 2872 et

2264 2933 2291 2960 «
2313 2918 2510 2981 partus
2544 2929 2568 2959 υ
2604 2913 2755 2964 recte
2787 2909 3064 2964 admonet
3094 2909 3151 2963 in
3184 2907 3331 2963 Filio
3368 2925 3483 2962 non
3516 2905 3920 2963 communica-

2266 2999 2485 3054 tionem
2547 3002 2603 3053 et
2650 2997 2981 3066 interitum,
3036 2997 3136 3052 sed
3188 3001 3538 3069 potestatem
3587 2995 3928 3067 signiﬁcare

2267 3087 2824 3159 generationemque
2857 3103 3063 3159 puram
3095 3090 3151 3141 et
3182 3085 3463 3141 mundam
3491 3104 3505 3153 ;
3538 3090 3598 3140 et
3625 3101 3697 3139 ex
3718 3088 3930 3138 Severo

2269 3178 2330 3232 in
2379 3177 2581 3232 eadem
2631 3180 2876 3232 Catena:
2910 3174 3134 3248 Ἑτέρως
3194 3173 3296 3248 γάρ
3354 3194 3435 3234 τις
3498 3169 3654 3227 ὖετοῦ
3721 3170 3932 3246 πατέρα

515 3229 705 3335 Deum,
738 3266 870 3334 post
890 3229 1262 3317 nativitatem
1295 3229 1436 3315 Cain
1468 3259 1711 3330 prolata,
1736 3273 1982 3328 quaeque
2003 3229 2157 3310 Basi-

2274 3229 2330 3232 ,_-
2568 3229 2579 3230 ,
3027 3229 3033 3248 .
3121 3229 3132 3235 _
3208 3229 3278 3248 ,ι
3423 3229 3434 3234 ,
3867 3229 3876 3246 ι

2276 3264 2405 3318 Οεὸν
2451 3263 2656 3330 ἀκούει,
2701 3264 2791 3317 καὶ
2844 3263 3039 3337 ἑτέρως
3099 3264 3247 3331 fin},
3299 3263 3390 3317 καὶ
3436 3262 3632 3317 τούτου
3687 3263 3940 3333 Μονογε-

516 3355 635 3411 lius
665 3353 790 3426 ipse
811 3354 870 3408 in
902 3354 1016 3409 (ine
1037 3353 1261 3424 paginae
1293 3351 1472 3420 hujus
1499 3349 1792 3416 affert,ubi
1815 3352 1905 3404 est
1925 3347 2166 3402 verbum

521 3455 646 3533 ἨΡ
679 3443 833 3515 quod
866 3443 926 3498 in
956 3443 1159 3498 eodem
1191 3439 1633 3496 Proverbiorum
1665 3437 1791 3492 loco
1823 3441 2168 3533 usurpatur,

528 3539 586 3590 et
611 3525 792 3604 quod,
827 3537 891 3587 ut
920 3535 1081 3586 notat
1127 3531 1518 3600 Hieronymus
1563 3528 1621 3582 in
1653 3543 1780 3598 cap.
1813 3543 1866 3580 ιν
1898 3525 2170 3591 Michzeae,

531 3620 844 3692 signiﬁcat,
875 3619 1130 3690 possedit,
1171 3617 1258 3674 vel
1297 3617 1506 3673 habuit.
1556 3618 1787 3671 Tractat
1826 3614 1980 3669 hunc
2010 3629 2174 3668 eum-

534 3711 665 3767 dem
695 3709 887 3765 locum
917 3709 1231 3781 Gregorius
1262 3707 1562 3780 Nyssenus
1591 3706 1693 3761 lib.
1729 3723 1746 3760 1
1777 3705 2036 3759 adversus
2067 3703 2175 3756 Eu-

533 3800 804 3869 nomium,
839 3799 1041 3871 pag.34
1073 3799 1212 3854 edit.
1254 3795 1495 3863 Morelli,
1521 3796 1674 3867 apud
1701 3811 1873 3866 quem
1908 3790 2176 3848 fortassis

531 3889 966 3948 emendandum
991 3885 1277 3957 ἐκτήσατο,
1309 3903 1413 3958 pro
1444 3882 1709 3953 ἐκτίσατο,
1742 3883 1879 3939 licet
1909 3884 1967 3937 in
2001 3879 2177 3952 Regio

533 3996 761 4054 quoque
789 3983 864 4037 Η.
904 3978 988 4035 ita
1017 3977 1305 4049 scriptum
1337 3976 1416 4031 sit
1444 3975 1600 4046 apud
1633 3971 1934 4028 Basilium.

601 4087 720 4144 Col.
752 4087 858 4142 618
888 4091 927 4143 Β
960 4086 1044 4142 11.
1079 4086 1346 4157 Quamvis
1390 4099 1491 4139 nec
1519 4081 1585 4137 ab
1622 4082 1778 4153 ipsis.
1812 4080 1918 4135 Ms.
1953 4078 2019 4133 Η.
2051 4093 2179 4132 ver-

535 4179 676 4234 bum
707 4176 1028 4248 repetebat,
1062 4175 1217 4245 quod
1251 4173 1597 4243 adjecimus,
1623 4165 1747 4222 οὐδὲ
1775 4170 1936 4221 τοῦτο
1964 4165 2027 4220 τὸ
2059 4185 2180 4218 συν-

538 4265 859 4343 εφάψασθαι,
893 4285 919 4318 α
943 4262 1212 4335 quamvis
1243 4276 1315 4316 ne
1337 4262 1445 4316 hoc
1467 4257 1954 4332 quidem,aliquid
1977 4259 2180 4310 contu-

537 4356 698 4424 lisse,
734 4377 762 4405 »
793 4354 882 4411 vel
921 4373 943 4401 ε
973 4368 1207 4424 operam
1250 4367 1419 4407 suam
1472 4347 1810 4404 adhibuisse
1856 4345 2068 4400 Filium
2109 4344 2180 4399 ab

538 4443 684 4515 ipsis
715 4443 1078 4498 concedatur.
1113 4461 1142 4490 »
1175 4443 1317 4495 Item
1363 4437 1508 4492 illud
1562 4436 1714 4507 quod
1760 4434 2048 4506 sequitur,
2099 4433 2183 4487 sic

540 4533 705 4588 effert
735 4533 891 4586 idem
939 4547 1048 4586 ms.
1099 4530 1299 4597 codex,
1335 4523 1603 4600 ὑπουγρὸν
1634 4523 1738 4598 γὰρ
1788 4521 1944 4576 αὐτὸν
1972 4518 2181 4574 τέλειον

539 4617 891 4693 ὀνομάζουσι,
929 4641 949 4669 α
986 4618 1280 4690 siquidem
1315 4617 1631 4688 perfectum
1663 4630 1797 4669 eum
1845 4611 2180 4667 ministrum
2219 4591 2262 4656 Ῑ)

538 4715 804 4766 vocant.»
827 4707 1006 4765 Paulo
1039 4712 1172 4780 post
1193 4705 1636 4762 immutavimus
1659 4703 1802 4757 illud
1829 4699 2184 4772 interpretis,

541 4803 658 4872 Ipse
704 4799 868 4869 dixit,
892 4803 944 4854 et
990 4799 1142 4871 facta
1176 4805 1326 4865 sunt,
1374 4796 1527 4867 quod
1581 4799 1637 4849 et
1690 4791 1906 4864 Regius
1966 4806 2076 4845 ms.
2133 4793 2190 4844 et

546 4888 886 4945 Basiliensis
912 4905 1027 4959 prie
1060 4904 1124 4943 se
1156 4887 1372 4943 ferrent
1401 4882 1783 4956 ἐγεννήθησανο
1819 4885 1878 4936 at
1907 4877 2189 4951 Stephani

546 4977 721 5034 editio
754 4977 1024 5036 convenit
1066 4993 1201 5033 cum
1250 4973 1618 5031 Psalmorum
1670 4974 1852 5039 textu,
1882 4966 1971 5021 καὶ
2002 4965 2188 5042 ἐγενή-

547 5079 733 5138 Οησαν,
767 5068 966 5142 itaque
996 5067 1398 5134 scribendum,
1421 5067 1488 5120 ut
1516 5067 1605 5118 est
1645 5059 1873 5135 psalmo
1901 5073 2081 5128 xxxn,
2111 5056 2146 5110 9
2176 5072 2189 5111 :

548 5164 668 5232 [pse
723 5159 884 5226 dixit,
941 5166 991 5215 et
1045 5159 1194 5228 facta
1249 5160 1401 5210 sunt.
1464 5156 1764 5208 Postremo
1835 5147 2194 5204 correximus

548 5246 818 5321 θελήματι
857 5242 1028 5320 μόνῳ,
1060 5269 1087 5297 ‹‹
1123 5244 1248 5302 sola
1276 5243 1573 5299 voluntate
1603 5244 1778 5308 creat,
1813 5261 1842 5288 »
1891 5254 1995 5310 pro
2029 5232 2192 5303 θελή-

553 5359 678 5410 ματι
717 5339 901 5412 μόνον,
936 5355 1004 5392 ex
1033 5337 1235 5392 eodem
1267 5350 1378 5388 ms.
1414 5332 1482 5387 H.

510 5432 519 5442 ’
621 5447 738 5502 Col.
771 5446 877 5500 622
917 5443 976 5501 Ο.
1011 5445 1133 5498 Νοη
1163 5441 1312 5497 enim
1341 5437 1714 5495 conveniebat.
1748 5435 1876 5488 Haec
1922 5435 1987 5487 ut
2039 5429 2196 5485 dilu-

551 5536 768 5593 cidiora
797 5537 1014 5602 essent,
1046 5548 1080 5587 a
1110 5530 1280 5586 nobis
1327 5529 1410 5584 ita
1439 5529 1658 5581 mutata
1688 5527 1848 5590 sunt,
1891 5519 2197 5592 expunctis

552 5625 693 5696 illis,
728 5643 749 5673 ι
784 5627 926 5681 Cum
953 5639 1070 5679 non
1119 5622 1383 5692 oporteat
1413 5615 1610 5670 minus
1662 5609 2196 5682 impassibilitatem

554 5713 658 5770 Dei
687 5713 940 5770 credere.
976 5733 1004 5762 ››
1037 5710 1148 5766 Sed
1180 5713 1237 5764 et
1265 5707 1528 5779 inspecto
1557 5717 1763 5759 rursus
1794 5699 1970 5772 Regio
2000 5698 2197 5755 codice

2277 3359 2421 3424 νοῦς,
2481 3349 2613 3428 ὅπερ
2670 3351 2895 3427 διορίζει
2934 3353 3024 3407 τὸν
3080 3351 3437 3426 μονοτρόπως
3491 3351 3817 3427 γεννηθέντα
3879 3350 3937 3403 ἐκ

2278 3442 2510 3518 Πατρὸς,
2568 3443 2657 3496 καὶ
2715 3443 2823 3518 οὐχ
2881 3443 2934 3496 αἱ
2992 3441 3304 3514 ὁμωνυμίαι
3360 3461 3575 3502 παντως
3620 3441 3718 3508 τὴν
3767 3441 3932 3516 ςρύσιν

2279 3537 2386 3586 τῶν
2465 3530 2800 3606 πραγμάτων
2880 3530 3234 3603 συνάπτουσι,
3294 3530 3472 3594 καθὼς
3543 3528 3937 3601 ὀνομάζονται·

2286 3646 2312 3672 ‹‹
2345 3621 2528 3677 Aliter
2557 3623 2711 3677 enim
2745 3621 2926 3677 Deum
2960 3622 3169 3693 pluvia:
3220 3627 3440 3693 patrem
3468 3637 3599 3676 esse
3630 3621 3940 3686 audimus,

2286 3711 2455 3768 aliter
2499 3711 2646 3780 Filii,
2697 3715 2753 3765 et
2801 3711 2980 3781 hujus
3032 3710 3269 3780 quidem
3319 3708 3632 3781 Unigeniti,
3667 3708 3728 3762 id
3776 3709 3942 3778 quod

2287 3801 2501 3857 Filium
2531 3818 2564 3855 a
2597 3799 2762 3854 Patre
2793 3799 3350 3871 singulariquodam
3384 3797 3556 3853 modo
3586 3801 3941 3869 generatum

2287 3906 2416 3946 esse
2446 3889 2724 3959 declarat,
2757 3904 2947 3959 neque
2978 3904 3174 3943 rerum
3206 3887 3490 3954 omnium,
3524 3903 3651 3958 qua
3685 3884 3946 3941 nomini-

2289 3979 2398 4034 bus
2427 3978 2797 4049 copulantur,
2829 3978 3031 4033 eadem
3067 3976 3216 4032 solet
3245 3991 3373 4032 esse
3407 3981 3636 4030 natura.
3675 3996 3696 4021 ι

2359 4085 2480 4142 Col.
2514 4087 2620 4140 627
2653 4086 2691 4140 A
2723 4085 2808 4140 12,
2853 4086 2987 4153 Quae
3037 4084 3275 4140 rationi.
3327 4083 3621 4154 Interpres
3653 4080 3952 4146 ediderat,

2291 4199 2319 4228 ‹‹
2354 4195 2480 4249 quae
2512 4175 2820 4247 cogitando
2847 4172 3191 4230 verisimilia
3211 4176 3441 4246 putant,
3466 4171 3950 4245 praedicationem

2291 4266 2546 4338 Spiritus
2593 4263 3000 4320 incredibilem
3033 4261 3237 4317 dicunt
3269 4279 3332 4318 ει
3371 4261 3430 4316 in
3462 4277 3715 4332 quorum
3749 4262 3951 4314 locum

2292 4353 2614 4410 substitute
2636 4357 2726 4408 est
2754 4351 3158 4424 interpretatio
3205 4349 3498 4418 Cornarii,
3529 4351 3628 4421 qui
3661 4345 3952 4411 ἀπειθοῦσι

2291 4445 2462 4500 vertit
2492 4465 2519 4493 «
2568 4442 2741 4497 ﬁdem
2783 4457 2899 4496 non
2938 4439 3230 4517 adhibent
3261 4456 3274 4494 :
3310 4462 3339 4488 ››
3373 4454 3510 4493 nam
3559 4443 3618 4492 et
3666 4439 3954 4503 Budaeus,

2294 4535 2504 4606 Ephes.
2562 4534 2618 4600 5,
2676 4533 2730 4598 6,
2804 4527 2954 4590 υἱοὺς
3021 4534 3120 4598 τῆς
3195 4526 3468 4590 ἀπειθείας
3523 4527 3960 4599 interpretatur

2295 4625 2437 4696 ﬁlios
2485 4621 2829 4693 difﬁdentia,
2883 4620 2971 4676 vel
3028 4618 3482 4684 incredulitatis,
3540 4623 3716 4688 prout
3770 4617 3962 4671 habet

2295 4715 2546 4786 Vulgata
2577 4713 2804 4779 Latina,
2838 4711 2974 4768 licet
3002 4717 3146 4767 Beza
3180 4709 3347 4766 malit
3377 4731 3405 4760 ‹‹
3440 4709 3712 4766 homines
3741 4715 3959 4764 contu-

2299 4819 2554 4870 maces,»
2574 4806 2629 4857 et
2644 4806 2842 4857 tamen
2865 4799 3098 4854 ἀπειθεῖν
3125 4817 3226 4872 pro
3251 4799 3571 4854 «difﬁdere
3590 4819 3616 4849 »
3641 4801 3700 4854 et
3719 4820 3747 4847 τ(
3772 4797 3960 4853 ﬁdem

2298 4911 2415 4948 non
2467 4891 2678 4948 habere
2728 4913 2754 4940 »
2808 4891 3131 4962 praesertim
3173 4889 3230 4944 in
3267 4886 3684 4944 ecclesiasticis
3716 4886 3964 4959 scriptis

2301 4981 2456 5039 sumi
2480 4981 2547 5036 Η.
2572 4979 2903 5052 Stephanus
2934 4978 3436 5052 agnoscit.Potest
3455 4980 3654 5033 autem
3688 4975 3798 5031 hoc
3833 4974 3962 5030 loco

2301 5072 2455 5142 apud
2486 5069 2769 5126 Basilium
2796 5068 2943 5124 verti
2992 5083 3125 5123 cum
3176 5067 3381 5123 eodem
3427 5070 3595 5135 Beza,
3632 5086 3662 5115 »
3695 5064 3858 5136 quod
3891 5063 3966 5118 iis

2304 5178 2428 5232 quae
2481 5161 2704 5216 ratione
2756 5159 3001 5230 liqueat,
3053 5157 3318 5213 obsecuti
3370 5155 3660 5228 prazconio
3705 5153 3966 5224 Spiritus

2303 5248 2492 5304 sancti
2525 5247 2932 5320 immorigeros
2965 5262 3028 5301 se
3060 5245 3340 5317 praebent.
3371 5265 3392 5293 ι
3427 5247 3572 5300 Nam
3605 5247 3663 5297 et
3693 5242 3774 5296 ait
3809 5252 3967 5312 Apo-

2304 5336 2491 5393 stolus
2518 5338 2588 5392 de
2635 5337 3018 5408 quibusdam,
3068 5335 3312 5390 Roman.
3345 5350 3412 5404 ιι,
3442 5333 3476 5387 8
3509 5349 3522 5388 :
3552 5331 3650 5384 Καὶ
3683 5331 3968 5392 ἀπειθοῦσι

2301 5429 2370 5499 τῇ
2402 5425 2651 5496 ἀληθείᾳ,
2685 5426 2784 5482 ubi
2833 5424 3106 5497 Vulgata,
3140 5425 3246 5492 Qui
3292 5439 3402 5479 non
3429 5424 3780 5494 acquiescant
3835 5422 3971 5475 ceri-

2305 5520 2414 5572 tati
2447 5558 2459 5572 .
2488 5521 2546 5572 et
2577 5518 2646 5572 ad
2708 5515 2964 5584 Galatas,
3013 5531 3101 5582 III,
3136 5515 3186 5582 1,
3218 5509 3309 5576 Τίς
3355 5512 3494 5586 ὑμᾶς
3524 5505 3787 5579 ἐϐάσκηνε
3821 5505 3970 5576 ἀλη-

2304 5605 2531 5678 θείᾳξμή
2583 5605 2858 5668 πείθεσθαι
2889 5622 2902 5673 ;
2939 5605 3072 5674 Quis
3120 5619 3211 5661 vos
3257 5603 3557 5676 fasciuavit
3605 5602 3828 5657 veritati
3855 5614 3973 5655 non

2303 5696 2522 5753 obedire
2544 5696 2572 5750 ‘t
2599 5697 2786 5752 Locus
2835 5694 3000 5752 Isaiae
3031 5698 3121 5751 est
3151 5711 3278 5767 cap.
3312 5708 3369 5761 v,
3398 5691 3464 5747 2i
3503 5706 3518 5748 :
3550 5688 3689 5747 Οὐαὶ
3720 5686 3770 5742 οἱ
3807 5707 3978 5741 συνε-
