4124 6240
320 389 477 450 1045

1399 392 1478 450 ΙΝ
1524 389 1802 451 LIBROS
1847 389 2155 454 CONTRA
2203 391 2652 456 EUNOMIUM.

3571 397 3725 460 1046

315 519 402 572 τοὶ
462 517 512 572 ἐν
575 518 808 586 ἑαυτοῖς,
869 514 963 570 καῖ
1033 515 1261 571 ἐνώπιον
1337 517 1513 574 αὐτῶν
1589 517 1971 589 ἐπιστήμονες.

2090 521 2444 582 inducimur.
2471 547 2500 575 »
2525 527 2686 589 Quod
2709 529 2905 582 autem
2938 525 3093 581 idem
3133 525 3446 582 Carnarius
3477 527 3640 584 addit
3668 529 3728 585 in

318 612 414 666 [lae
442 612 541 683 qui
568 614 701 664 sunt
742 608 936 678 arguti
973 609 1032 662 in
1085 610 1407 680 semetipsis,
1437 613 1489 665 et
1540 625 1728 665 coram
1773 613 1973 664 semet-

321 701 458 770 ipsis
487 702 742 755 scientes.
775 698 918 754 Beza
950 713 1256 770 perperam
1306 698 1426 754 hmo
1485 700 1638 770 apud
1688 697 1971 754 Basilium

315 789 376 844 in
410 789 669 845 secunda
728 805 977 860 persona
1026 787 1211 856 etl‘ert,
1247 810 1276 837 «
1325 787 1418 843 Vae
1453 788 1634 857 vobis,
1669 788 1767 859 qui
1816 787 1971 859 apud

319 896 422 935 vos
452 880 728 950 sapitis.»
751 878 1074 934 Dicendum
1103 878 1261 933 enim
1294 878 1503 934 fuisset
1533 875 1761 930 ἐνώπιον
1797 876 1971 948 ὑμῶν,

321 986 436 1025 non
470 965 701 1022 ἐνώπιον
735 967 935 1023 αὐτῶν.
968 968 1148 1024 Paulo
1186 971 1316 1038 post
1351 967 1566 1039 Regius
1606 969 1786 1024 codex
1816 967 1971 1022 inse-

319 1059 485 1114 rebat
512 1057 562 1111 ἐν
593 1060 662 1131 τῇ
694 1057 843 1132 ἀρχῇ
873 1059 970 1111 τοῦ
1002 1054 1270 1132 παρόντος
1306 1054 1502 1131 λόγου,
1534 1079 1562 1107 ‹‹
1597 1059 1654 1112 in
1688 1056 1973 1129 principio

315 1147 452 1204 libri
487 1147 689 1218 hujus,
725 1170 753 1197 »
785 1148 886 1203 sed
939 1147 1056 1202 haec
1106 1146 1268 1203 olent
1317 1146 1632 1219 glossema,
1663 1149 1816 1218 quod
1856 1147 1971 1202 for-

317 1237 504 1293 tassis
535 1253 605 1292 ex
634 1236 899 1309 margine
932 1236 990 1290 in
1025 1240 1247 1292 textum
1289 1236 1544 1308 irrepsit.

391 1327 511 1383 Col.
541 1326 647 1380 634
697 1327 739 1381 Β
780 1326 832 1380 4.
867 1326 1049 1393 Quare
1101 1327 1271 1381 sicut.
1318 1327 1382 1381 In
1437 1342 1550 1381 ms.
1586 1325 1650 1381 Η.
1686 1324 1971 1397 scriptum

319 1417 432 1471 fuit
459 1418 556 1470 τοῦ
590 1413 774 1491 φωτὸς
804 1410 1134 1486 μεταδόσεις,
1165 1430 1280 1485 quo
1331 1418 1496 1484 pacto
1555 1413 1768 1485 legisse
1817 1415 1972 1468 vide-

314 1509 414 1561 tur
469 1509 526 1562 et
576 1504 1025 1576 Trapezunlius,
1087 1521 1221 1559 cum
1281 1503 1366 1559 sic
1413 1504 1898 1575 interpretaretur
1956 1518 1970 1557 :

315 1616 344 1646 «
381 1597 569 1662 Quare
601 1595 756 1650 sicut
786 1611 1095 1666 nunquam
1135 1593 1236 1665 qui
1279 1597 1454 1649 natus
1474 1598 1582 1663 est,
1609 1591 1974 1648 innascibili-

312 1685 455 1741 tatis
476 1683 586 1740 erit
606 1685 920 1756 particeps,
938 1683 1021 1740 sic
1046 1700 1349 1755 nunquam
1373 1683 1486 1754 ipsi
1504 1684 1574 1738 de
1597 1682 1725 1738 luce
1746 1682 1972 1738 trades:

318 1781 375 1831 et
404 1774 488 1830 ita
511 1775 836 1830 secundum
869 1777 925 1828 te
955 1773 1254 1846 Unigeniti
1313 1772 1648 1829 substantia
1677 1771 1977 1843 aequaliter

314 1864 386 1919 ab
408 1861 673 1935 ingenito
691 1866 748 1917 et
768 1879 801 1917 a
823 1860 952 1962 luce
976 1862 1238 1918 distabit.
1265 1883 1293 1912 »
1313 1865 1385 1916 At
1409 1861 1667 1918 Joannes
1689 1861 1967 1916 omiserat
1993 1895 2043 1962 B

315 1951 485 2018 illud,
511 1955 752 2014 νοεῖσθαι
781 1949 870 2004 καὶ
903 1950 1262 2022 ὀνομάζεσθαι
1290 1968 1302 1980 ·
1338 1951 1558 2023 alioqui
1600 1950 1735 2006 ferri
1767 1953 1962 2022 posset

314 2041 492 2098 etiam
523 2040 646 2096 haec
677 2040 870 2108 lectio,
906 2035 1257 2112 μεταδώσειςο
1293 2063 1320 2090 ιι
1354 2040 1541 2112 Igitur
1585 2039 1758 2095 sicuti
1807 2056 1960 2094 nun-

316 2147 495 2202 quam
524 2131 576 2188 is
604 2130 706 2203 qui
738 2130 971 2202 genitus
1002 2134 1112 2196 est,
1146 2129 1626 2186 innascibilitatis
1671 2130 1962 2201 particeps

320 2221 455 2288 erit,
479 2221 562 2276 sic
585 2236 890 2291 nunquam
916 2218 1001 2276 illi
1021 2219 1215 2275 lucem
1243 2219 1588 2292 impertias?
1613 2240 1642 2270 »
1672 2219 1792 2274 Hoc
1824 2221 1914 2273 est
1945 2234 1959 2272 :

319 2331 347 2360 ‹‹
382 2327 687 2381 nunquam
717 2325 852 2366 eum
887 2309 1195 2381 praeditum
1230 2325 1358 2365 esse
1389 2307 1517 2364 luce
1549 2307 1923 2364 concedes?»

390 2417 539 2472 Ibid.
573 2418 617 2472 D
648 2420 701 2471 2.
737 2417 942 2486 Quibus
969 2417 1102 2488 ipse.
1140 2417 1267 2472 Haec
1314 2420 1404 2472 est
1456 2415 1625 2472 lectio
1678 2414 1963 2470 Basilien-

319 2509 404 2564 sis
433 2506 710 2563 editionis
735 2524 747 2562 :
777 2505 1142 2576 atinterpres
1165 2505 1222 2560 in
1257 2504 1663 2577 apographum
1687 2503 1964 2561 incidisse

315 2598 567 2666 videtur,
585 2596 738 2668 quod
766 2611 899 2651 cum
924 2595 1122 2650 codice
1145 2594 1318 2666 Regio
1341 2594 1717 2665 conSpirabat
1753 2610 1765 2650 :
1795 2592 1965 2653 Οὗτος

319 2685 370 2740 ἐν
404 2685 704 2761 πανουργίᾳ
730 2681 906 2740 δολῶν
938 2683 1031 2737 τὸν
1081 2680 1248 2758 λόγον
1288 2681 1830 2759 περικεκαλυμμὲνος
1877 2681 1959 2736 τόο

319 2800 348 2828 ‹‹
384 2777 607 2843 Quibus
636 2776 761 2847 ipse
793 2792 894 2846 per
924 2774 1188 2829 dolosam
1205 2775 1524 2828 versutiam
1550 2773 1840 2829 malitiose
1860 2789 1966 2828 suo

317 2866 607 2921 velamine
633 2863 954 2920 orationem
982 2862 1347 2918 occultans.»
1370 2859 1573 2916 Δολοῦν
1606 2860 1767 2936 λόγον
1799 2861 1963 2932 dixit,

323 2959 390 3012 ut
407 2955 701 3011 Lucianus
722 2949 918 3026 δολοῦν
948 2951 1040 3005 τὸν
1073 2951 1238 3017 οἶνον,
1272 2976 1299 3002 ‹‹
1323 2952 1526 3008 vinum
1553 2952 1911 3007 adulterare:
1932 2973 1955 3005 ι

325 3044 416 3101 vel
451 3043 643 3117 potius
674 3060 743 3100 ex
774 3043 900 3114 ipso
924 3041 1194 3114 Apostolo
1217 3041 1782 3109 didicit,IlCorinth.
1807 3041 1962 3110 “,2:

325 3133 416 3202 Μὴ
477 3136 900 3207 περιπατοῦντες
969 3128 1019 3183 ἐν
1079 3128 1404 3204 πανουργίᾳ,
1469 3127 1607 3202 μηδὲ
1682 3127 1968 3190 δολοῦντες

321 3222 416 3277 τὸν
467 3219 630 3298 λόγον
673 3225 769 3275 τοῦ
801 3224 955 3275 Θεοῦ·
987 3242 1014 3271 ‹‹
1049 3225 1177 3275 Non
1208 3218 1577 3276 ambulantes
1623 3219 1681 3274 in
1731 3218 1968 3286 astutia,
2003 3251 2046 3320 Ε

324 3325 515 3382 neque
561 3309 962 3365 adulterantes
1009 3310 1254 3365 verbum
1306 3309 1484 3365 Dei.»
1521 3309 1972 3381 Chrysostomus

324 3400 583 3472 exponit,
613 3402 852 3452 τοιοῦτοι
917 3393 1087 3466 ὄντες,
1141 3399 1247 3451 οἷοι
1308 3397 1630 3469 φαινόμεθα,
1675 3397 1762 3451 καὶ
1815 3393 1970 3450 οὐδὲν

323 3483 544 3565 ἔχοντες
573 3488 1043 3561 συνεσκιασμὲνον,
1075 3486 1165 3540 καὶ
1198 3485 1297 3540 οὐκ
1326 3484 1376 3540 ἐν
1403 3490 1482 3557 τῷ
1505 3484 1610 3560 βίῳ
1641 3485 1804 3558 μόνον
1844 3483 1973 3539 τού-

321 3598 427 3650 τῳ,
472 3574 618 3632 ἀλλά
659 3575 749 3631 καὶ
802 3573 853 3630 ἐν
904 3574 1052 3647 αὗτῷ
1104 3579 1184 3647 τῷ
1229 3572 1565 3649 κηρύγματι·
1603 3577 1771 3642 «Qui
1831 3575 1976 3630 tales

328 3685 558 3737 sumus,
591 3667 793 3739 quales
822 3666 1091 3723 videmur
1123 3683 1135 3720 :
1170 3682 1274 3721 nec
1306 3666 1627 3736 quidquam
1655 3682 1771 3720 non
1804 3665 1977 3720 modo

330 3758 390 3813 in
425 3758 543 3813 vita
581 3761 782 3812 nostra
811 3773 877 3812 ac
927 3755 1212 3825 moribus,
1244 3755 1345 3810 sed
1389 3770 1494 3810 nec
1540 3753 1601 3809 in
1645 3753 1774 3825 ipsa
1819 3753 1980 3809 verbi

331 3846 512 3902 divini
567 3844 975 3918 pradicatione
1035 3849 1256 3901 tectum
1314 3848 1490 3915 atque
1558 3844 1977 3898 adumbratum

328 3936 629 3991 habentes.
665 3956 692 3984 ››
727 3934 1020 3990 Postremo
1053 3933 1378 3989 notandum
1433 3933 1493 3987 in
1550 3933 1805 3988 editione
1854 3934 1979 3987 Ste-

329 4025 510 4097 phani
533 4023 800 4080 mutilam
825 4039 952 4080 esse
973 4023 1125 4078 hanc
1152 4021 1540 4092 sententiam;
1564 4026 1792 4077 tantum
1824 4021 1980 4076 enim

330 4118 440 4182 est,
474 4111 525 4166 ἐν
548 4109 848 4186 πανουργίᾳ
884 4115 991 4165 τῶν
1025 4109 1205 4185 λόγων
1237 4109 1712 4185 ἀποκρυψάμενος.

404 4219 524 4275 Col.
552 4219 656 4274 638
693 4221 730 4274 C
765 4219 848 4274 11.
872 4217 976 4274 Sed
1007 4217 1301 4274 evidentia.
1332 4219 1517 4283 Quam
1568 4215 1984 4272 addideramus

335 4310 394 4364 in
427 4307 690 4381 margine
721 4307 1217 4376 emendationem,
1251 4309 1311 4361 in
1347 4311 1572 4362 textum
1602 4323 1716 4362 non
1747 4304 1988 4361 admisit

334 4398 734 4472 typographus
765 4414 779 4452 :
814 4397 898 4454 sic
929 4396 1085 4453 enim
1119 4400 1208 4452 est
1239 4397 1294 4452 in
1318 4396 1408 4464 H.,
1431 4398 1500 4468 τῇ
1533 4393 1768 4470 ἐνεργείᾳ
1800 4390 1856 4448 δὶ
1878 4397 1983 4448 τῶν

324 4485 747 4562 γνωρισμάτων,
788 4508 816 4537 ιι
841 4486 1134 4542 evidentia
1166 4485 1540 4541 indiciorum.
1567 4508 1594 4535 »
1614 4490 1713 4541 Est
1733 4485 1890 4541 enim
1920 4501 1989 4541 ea

332 4577 570 4650 propria
598 4575 1122 4646 lausindiciorum,
1143 4579 1208 4631 ut
1230 4575 1542 4631 manifesta
1573 4575 1693 4630 sint
1719 4578 1776 4629 et
1807 4573 1983 4630 clara.

337 4667 544 4723 Verior
572 4666 771 4738 itaque
796 4665 916 4721 haec
947 4665 1140 4736 lectio,
1173 4682 1351 4738 quam
1394 4664 1496 4720 illa
1544 4664 1884 4721 Basiliensis
1931 4668 1989 4720 et

334 4755 693 4828 Stephanium
725 4755 863 4810 edit.
899 4773 953 4827 p.
985 4754 1115 4821 443,
1142 4770 1211 4809 ex
1258 4770 1376 4825 qua
1419 4754 1584 4822 Beza,
1619 4777 1648 4805 «
1695 4754 1991 4810 mentibus

338 4846 557 4902 nostris
575 4844 879 4901 notionum
903 4843 1244 4900 efﬁcacitate
1266 4842 1450 4899 illata.
1472 4866 1501 4893 »
1531 4844 1639 4898 Sed
1673 4847 1731 4899 et
1761 4844 1992 4899 videtur

337 4932 577 5009 ἐνεργείᾳ
608 4933 802 5008 potius
846 4933 1062 5005 legisse
1114 4933 1174 4988 in
1223 4933 1626 5005 manuscripto
1656 4933 1988 5006 Trapezdn-

335 5024 478 5092 tius,
509 5025 612 5095 qui
662 5023 999 5094 scripserat,
1033 5043 1062 5073 «
1111 5019 1502 5078 declarations
1549 5028 1746 5078 autem
1794 5023 1989 5078 notio-

335 5129 502 5169 num.
536 5135 558 5163 ιι
1615 5099 1629 5105 ’

407 5201 530 5259 Col-
559 5201 665 5258 639
695 5207 738 5256 Δ
769 5203 824 5257 6.
872 5201 998 5270 Qua
1043 5200 1284 5257 vocibus.
1334 5201 1436 5257 His
1485 5201 1801 5258 maluimus
1850 5203 1988 5258 Cor-

338 5292 488 5348 narii
520 5292 711 5349 verbis
742 5291 851 5358 uti,
882 5307 1061 5362 quam
1099 5289 1218 5346 illis
1267 5291 1664 5362 Trapezuntii,
1697 5314 1724 5341 ‹‹
1758 5291 1986 5363 signiﬁ-

332 5382 598 5438 cationes
615 5382 828 5438 harum
849 5397 1059 5437 vocum
1083 5379 1338 5436 differre.
1356 5403 1376 5429 ι
1401 5380 1624 5436 Similis
1651 5383 1805 5454 apud
1839 5382 1984 5453 Nys-

328 5488 542 5528 senum
575 5471 816 5542 locutio,
856 5469 960 5527 lib.
996 5487 1060 5526 ιιι
1104 5477 1299 5526 contra
1340 5471 1693 5540 Eunomium,
1743 5488 1799 5542 p.
1834 5472 1934 5526 127
1969 5487 1981 5527 :

336 5557 507 5615 Οὐδὲν
567 5558 656 5615 διὰ
696 5566 798 5630 τῆς
844 5558 1132 5634 συναφείας
1177 5562 1285 5612 τῶν
1333 5557 1614 5631 ὀνομάτων
1649 5557 1724 5622 εἷς
1747 5559 1844 5628 τὴν
1876 5562 1983 5612 τῶν

340 5649 763 5722 σημαινομένων
816 5647 1078 5722 σύγχυσιν
1139 5645 1468 5720 ὑπαγόμεθα*
1515 5671 1542 5700 ‹‹
1592 5653 1700 5704 Per
1748 5665 1986 5720 compa-

341 5755 476 5813 gem
501 5738 808 5797 nominum
831 5739 905 5797 ad
945 5736 1406 5811 signiﬁcatorum
1435 5739 1840 5806 confusionem
1871 5754 1987 5794 non

2017 4625 2065 4686 D

2087 614 2366 685 margine,
2400 615 2509 670 Job
2540 631 2773 683 xxxvm,
2807 614 3143 686 suspicatus
3191 615 3424 670 videtur
3470 616 3732 674 alludere

2087 703 2366 759 Basilium
2399 706 2469 760 ad
2506 705 2649 760 illud
2681 706 2789 762 Job
2839 723 3073 773 xxxvm,
3110 707 3200 772 49,
3233 708 3294 760 In
3341 723 3446 777 qua
3493 708 3583 762 via
3627 707 3731 761 tux
3770 745 3784 771 ,

2082 793 2312 864 habitet,
2342 797 2391 850 et
2419 798 2774 852 tenebrarum
2819 797 2938 866 quis
2976 801 3126 852 locus
3162 798 3269 857 sit;
3301 812 3551 866 quorum
3601 795 3726 852 loco

2083 883 2238 954 apud
2259 883 2396 940 LXX
2413 885 2696 957 scriptum
2713 890 2820 953 est,
2839 884 2979 954 Ποίᾳ
3005 881 3062 937 δὲ
3090 887 3163 957 γῇ
3196 880 3470 949 αὐλίζεται
3502 883 3564 938 τό
3587 887 3725 958 φῶς,

2055 975 2251 1042 'Quali
2279 979 2461 1030 autem
2493 977 2548 1030 in
2581 984 2733 1031 terra
2763 975 3083 1031 diversatur
3104 975 3242 1035 lux;
3274 990 3405 1030 cum
3445 991 3512 1029 eo
3561 991 3726 1046 spec-

2082 1063 2232 1116 taret
2263 1063 2458 1133 potius
2488 1067 2709 1134 auctor,
2747 1067 2765 1118 I
2797 1062 3052 1118 'l‘imotb.
3087 1063 3264 1134 v1,l6,
3297 1062 3357 1119 Ὀ
3391 1060 3553 1135 μόνος
3579 1056 3722 1135 ἔχων

2087 1147 2391 1218 ἀθανασίαν,
2445 1155 2559 1225 φῶς
2616 1151 2780 1206 οἰκῶν
2835 1151 3151 1225 ἀπρόσιτον,
3213 1153 3319 1220 Qui
3372 1154 3519 1208 solus
3569 1153 3730 1208 habet

2084 1241 2584 1312 immortalitatem,
2616 1249 2666 1298 et
2698 1243 2870 1297 lucem
2930 1241 3205 1297 inhabitat
3252 1242 3728 1302 inaccessibilem;

2085 1333 2142 1386 et
2171 1330 2396 1400 psalmo
2447 1347 2570 1399 c111,
2600 1333 2655 1399 2,
2689 1325 3133 1403 ἀναϐαλλόμενος
3191 1334 3305 1407 φῶς
3364 1330 3437 1390 ὡς
3485 1330 3727 1402 ἱμάτιον,

2083 1422 2318 1474 amictus
2376 1421 2586 1476 lumine
2635 1423 2780 1476 sicut
2835 1423 3172 1476 vestimento.
3207 1421 3574 1486 Quamobrem
3633 1436 3729 1475 sa-

2082 1508 2158 1564 tis
2213 1510 2415 1564 mirari
2471 1527 2589 1565 non
2643 1527 2886 1580 possum
2936 1511 3230 1566 inscitiam
3280 1509 3366 1565 vel
3397 1513 3548 1566 certe
3581 1507 3727 1565 osci-

2083 1598 2332 1654 tantiam
2363 1604 2541 1667 Bezze,
2577 1597 2676 1670 qui
2707 1603 2828 1654 tam
2884 1598 3203 1655 insolenter
3249 1604 3548 1655 auctorem
3593 1597 3728 1655 Vul-

2082 1691 2228 1760 gatae
2282 1688 2498 1743 Latinae
2556 1688 2860 1759 imperitiae
2915 1692 3175 1756 accusat,
3230 1691 3287 1743 et
3343 1687 3437 1742 hic
3493 1679 3728 1740 ἀναϐάλ-

2084 1773 2270 1829 λεσθαι
2331 1780 2445 1853 φῶς
2505 1776 2678 1832 vertit
2734 1799 2762 1827 ιι
2819 1781 2875 1832 et
2930 1776 3122 1832 lucem
3184 1776 3470 1844 emittere,
3513 1795 3542 1824 »
3593 1792 3727 1830 cum

2084 1871 2385 1938 sequatur,
2438 1867 2534 1922 ubi
2600 1865 2723 1940 περὶ
2785 1863 3098 1940 ἀγεννησίας
3146 1866 3322 1922 verba
3388 1866 3559 1934 ﬁunt,
3604 1860 3730 1917 οὐδὲ

2073 1949 2263 2025 ἔξωθεν
2324 1953 2496 2025 ἐαυτῷ
2571 1953 2954 2029 περικειμένην
3025 1952 3210 2028 ἔχειν·
3275 1977 3304 2005 ‹‹
3361 1954 3724 2010 extrinsecus

2073 2045 2583 2115 circumvolutum,
2616 2065 2642 2096 ι)
2680 2045 2833 2116 quod
2860 2046 3176 2116 respondet
3207 2043 3280 2114 ei,
3306 2045 3461 2116 quod
3495 2045 3567 2099 de
3601 2042 3729 2100 lucc

2073 2135 2296 2190 dictum
2331 2138 2441 2206 est,
2473 2156 2501 2185 «
2533 2150 2601 2190 ea
2629 2133 2816 2190 Deum
2863 2133 3146 2189 amictum
3198 2149 3349 2201 esse,
3386 2149 3503 2188 non
3563 2131 3727 2188 illam

2075 2225 2362 2282 emittere.
2399 2246 2426 2274 ››

2146 2313 2266 2369 Col.
2300 2314 2406 2367 6-12
2435 2313 2498 2368 B.
2530 2313 2783 2369 Priorem
2830 2310 3056 2383 repello.
3096 2309 3543 2366 Emendandum
3590 2324 3722 2365 cen-

2075 2419 2172 2459 seo
2202 2402 2396 2458 locum
2425 2417 2492 2457 ex
2524 2401 2636 2456 ﬁde
2667 2400 3103 2468 codicisH.,'ci,v
3129 2398 3264 2473 πρὸς
3293 2393 3475 2469 ἕτερον
3509 2394 3724 2471 σύγκρι-

2076 2511 2180 2560 σιν,
2226 2512 2252 2542 ιι
2285 2491 2780 2562 comparationem
2813 2507 2944 2545 cum
2977 2491 3157 2546 altero
3189 2506 3202 2544 :
3240 2511 3268 2538 »
3304 2489 3534 2544 videtur
3562 2485 3720 2542 enim

2075 2581 2572 2652 comparationem
2599 2597 2714 2636 non
2730 2595 2865 2636 cum
2892 2579 3030 2634 Filio
3053 2578 3268 2649 solum,
3290 2577 3391 2634 sed
3414 2593 3548 2633 cum
3573 2592 3722 2648 quo-

2079 2672 2164 2726 vis
2195 2671 2375 2726 altero
2406 2669 2667 2741 rejicere,
2695 2669 2848 2725 unde
2880 2669 3094 2741 pagina
3142 2667 3409 2740 sequenti
3465 2664 3722 2722 Basilius

2076 2760 2222 2816 dixit
2253 2777 2265 2815 :
2299 2758 2419 2833 Οὐχ
2446 2756 2690 2812 ἑκούσιον
2722 2749 2926 2831 ἔχουσα
2972 2755 3314 2830 ἀσύγκριτον,
3349 2779 3377 2807 ιι
3413 2772 3526 2812 non
3570 2754 3719 2810 libe-

2076 2867 2207 2905 rum
2238 2849 2474 2917 habere,
2508 2852 2570 2904 ut
2600 2847 2744 2903 nulli
2778 2848 2964 2918 possit
3004 2846 3354 2918 comparari,
3387 2867 3414 2898 υ
3450 2850 3506 2901 et
3546 2842 3719 2914 paulo

2074 2943 2204 3010 post
2228 2938 2355 3010 ipse
2384 2937 2710 2993 Eunomius
2738 2938 2950 2993 iterum
2985 2954 2998 2992 :
3030 2930 3164 2990 Οὔτε
3190 2936 3289 3003 τήν
3341 2933 3477 3009 πρὸς
3536 2928 3716 3006 ἕτερον

2078 3027 2350 3101 σύγκρισιν
2395 3023 2746 3100 ἐπιδέχεται·
2790 3049 2818 3077 ι‹
2869 3026 2984 3082 Nec
3029 3024 3528 3098 comparationem
3585 3039 3720 3078 cum

2081 3118 2260 3174 altero
2285 3116 2562 3171 admittit.
2598 3138 2626 3165 ››
2667 3115 2825 3172 Idem
2876 3132 3039 3172 error
3096 3115 3154 3170 in
3210 3113 3464 3170 editione
3515 3111 3716 3184 Steph.

2084 3206 2465 3279 corrigendos
2492 3222 2548 3276 p.
2580 3204 2704 3258 346.

2156 3295 2274 3350 Col.
2320 3295 2426 3349 643
2483 3293 2542 3350 C.
2581 3294 2894 3364 Unigenito.
2941 3291 3012 3346 Τὸ
3066 3289 3323 3366 γεννητόν
3388 3290 3554 3361 dixit,
3613 3307 3728 3345 non

2080 3382 2170 3437 τὸν
2201 3381 2474 3458 γεννητόν,
2513 3386 2577 3437 ut
2623 3398 2931 3454 perperam
2980 3386 3167 3436 vertat
3215 3383 3376 3450 Beza,
3411 3400 3440 3431 ιι
3491 3383 3548 3434 et
3592 3395 3728 3434 eum

2084 3490 2260 3546 quem
2311 3472 2534 3544 genuit,
2577 3488 2612 3527 a
2664 3470 2757 3526 sui
2815 3470 3347 3526 communicatione
3401 3467 3732 3524 inconsulto

2085 3561 2390 3634 repellat,»
2416 3565 2473 3617 et
2502 3559 2683 3618 altero
2709 3559 2880 3632 lapsu
2911 3559 3110 3616 omisit
3139 3576 3336 3616 vocem
3365 3561 3462 3611 τοῦ
3492 3562 3733 3630 Μονογε-

2085 3657 2228 3713 νοῦς.
2263 3654 2374 3709 Sed
2406 3651 2836 3724 Trapezuntius
2893 3666 3126 3722 quoque
3188 3649 3592 3706 emendandus
3638 3647 3734 3702 hic

2087 3741 2234 3810 fuit;
2284 3741 2607 3812 scripserat
2655 3741 2814 3796 enim
2850 3757 2864 3794 :
2902 3760 2928 3788 ιι
2961 3739 3081 3812 Ipsi
3140 3755 3370 3810 quoque
3430 3736 3739 3809 Unigenito

2088 3829 2562 3900 appropinquare
2593 3846 2708 3883 non
2739 3829 2946 3899 possit.
2979 3830 3057 3882 Ac
3087 3827 3472 3882 inconsonum
3504 3825 3741 3896 quidem

2089 3920 2148 3974 in
2180 3918 2252 3973 iis
2284 3935 2413 3989 quae
2446 3919 2517 3972 ab
2552 3917 2680 3989 ipso
2713 3917 3010 3985 dicuntur,
3041 3920 3276 3972 tantum
3308 3919 3418 3971 est.
3442 3936 3472 3965 »
3506 3913 3741 3986 Ἀπροσ-

2089 4005 2362 4066 πέλαστος
2392 4011 2502 4076 est,
2536 4012 2594 4061 et
2621 4003 2935 4079 ἀπρόσιτος,
2960 4004 3010 4059 is
3035 4005 3105 4060 ad
3139 4020 3317 4076 quem
3350 4003 3625 4059 accedere
3647 4019 3742 4058 ne-

2092 4114 2184 4153 mo
2218 4100 2428 4168 potest,
2455 4112 2572 4151 non
2593 4094 2783 4166 is,qui
2813 4094 2886 4149 ad
2910 4093 3057 4149 alios
3087 4110 3203 4149 non
3235 4097 3428 4165 potest
3446 4091 3741 4148 accedere.

2163 4203 2282 4259 Col.
2316 4203 2487 4257 646A
2513 4203 2599 4258 11.
2634 4202 2814 4269 Quare
2846 4200 2931 4255 his
2959 4199 3072 4272 qui.
3105 4200 3290 4255 Locus
3322 4203 3412 4254 est
3455 4199 3514 4252 in
3548 4198 3743 4254 Graeco

2095 4292 2360 4364 mutilus,
2380 4309 2483 4348 nec
2505 4291 2576 4347 ad
2599 4308 2733 4347 eum
2758 4290 3089 4346 sanandum
3112 4289 3258 4345 satis
3275 4289 3512 4359 adjuvat
3528 4287 3745 4358 Regius

2097 4401 2206 4438 ms.
2243 4384 2300 4436 in
2331 4399 2447 4452 quo
2479 4381 2629 4452 lego,
2663 4377 2736 4440 ὥς
2769 4399 2832 4453 γε
2859 4377 3074 4439 τούτοις
3108 4376 3410 4452 ἀντιλὲγκιν
3446 4374 3546 4430 οὐκ
3583 4370 3745 4449 ἔχου·

2096 4491 2203 4541 σιν,
2299 4467 2515 4524 πολλοῦ
2545 4467 2605 4523 ἂν
2629 4468 2997 4541 τιμησαίμην.
3015 4468 3442 4540 Trapezuntius
3464 4467 3744 4534 ediderat,

2098 4559 2353 4618 similem
2407 4560 2656 4616 fortasse
2706 4563 2917 4614 nactus
2965 4557 3294 4625 lectionem,
3329 4579 3354 4611 ιι
3397 4559 3583 4622 Quare
3626 4554 3745 4611 his-

2098 4650 2497 4706 contradicere
2513 4665 2627 4706 non
2646 4653 2916 4718 possunt,
2934 4647 3203 4720 quamvis
3227 4647 3394 4702 multi
3419 4648 3690 4702 facerem.

2097 4739 2440 4796 Basiliensis
2471 4738 2650 4794 editio
2682 4743 2739 4794 et
2783 4738 3059 4808 Stephan.
3094 4737 3321 4793 addunt
3359 4734 3629 4808 παρέλκον
3685 4731 3744 4788 ἂν

2098 4825 2204 4897 εἴη,
2234 4829 2335 4884 sed
2371 4827 2495 4884 loco
2530 4845 2636 4884 suo
2677 4831 2912 4883 movent
2956 4826 3103 4881 illud
3144 4821 3297 4878 οὐδὲν
3328 4819 3568 4900 ἔχουσιν.
3602 4825 3751 4880 Beza

2097 4919 2306 4974 vertit:
2337 4939 2363 4968 «
2389 4919 2591 4989 Itaque
2616 4917 2746 4973 istis
2769 4916 2869 4988 qui
2898 4914 3046 4970 nihil
3069 4915 3308 4984 habent,
3334 4917 3488 4987 quod
3513 4931 3748 4988 respon—

2096 5010 2289 5076 deant,
2352 5022 2852 5080 supervacaneum
2899 5005 3072 5062 fuerit
3126 5006 3606 5064 contradicere.»
3661 5008 3749 5061 Ita

2096 5097 2411 5170 legendum
2444 5097 2636 5152 Greece
2686 5096 2780 5151 hic
2833 5099 3010 5165 esset,
3061 5092 3198 5150 ὥστε
3241 5093 3456 5156 τούτοις
3514 5093 3746 5166 ἀποκρί-

2095 5195 2281 5248 νασθαι
2316 5184 2417 5239 οὐκ
2449 5204 2693 5259 εχουσιν,
2719 5181 2993 5255 παρὲλκον
3023 5181 3081 5237 ἃν
3117 5181 3198 5253 εἴη
3234 5181 3550 5256 ἀντιλέγειν.

2165 5295 2284 5352 Col.
2315 5297 2422 5350 650
2450 5297 2494 5351 A
2522 5296 2576 5350 9.
2608 5296 2904 5351 Dominum
2932 5298 3199 5366 priorum.
3231 5287 3514 5368 ΙΙροέλαϐε
3544 5309 3660 5365 prae
3684 5309 3748 5350 se

2096 5385 2360 5441 ferebant
2385 5385 2667 5441 editiones
2700 5386 2829 5439 duae
2860 5384 3202 5439 Basiliensis
3223 5383 3485 5455 etSteph.
3508 5384 3581 5438 ad
3604 5399 3747 5454 quas

2095 5476 2498 5547 interpretatio
2563 5473 3004 5530 accommodata
3076 5476 3186 5528 est.
3243 5476 3329 5527 Ita
3383 5473 3743 5530 Cornarius:

2099 5587 2122 5618 α
2148 5564 2273 5620 Non
2292 5564 2449 5619 enim
2475 5564 2730 5636 profecto
2753 5561 2891 5634 quia
2911 5561 3224 5617 Dominum
3249 5561 3357 5617 hac
3378 5560 3748 5633 blasphemia

2096 5668 2358 5725 praeoccu
2370 5653 2543 5725 pavit.
2563 5674 2590 5703 »
2611 5655 2685 5708 At
2711 5649 3166 5721 manuscriptus,
3183 5666 3297 5722 quo
3319 5648 3747 5720 Trapezuntius

2095 5745 2185 5797 est
2246 5757 2412 5812 usus,
2459 5757 2591 5796 cum
2653 5740 2831 5812 Regio
2897 5735 3191 5795 consentit
3241 5754 3253 5793 :
3303 5731 3608 5812 προσέλαϐε
3677 5740 3745 5812 τῇ
