4124 6240
443 355 597 416 1047

1635 357 1867 417 NOTAE
1913 353 2356 416 FRONTONIS
2399 354 2662 417 DUCIEI

3710 356 3860 414 1048

447 483 790 563 βλασφημίᾳ.
825 509 852 537 ‹‹
888 487 1200 543 Dominum
1248 503 1478 559 quoque
1526 488 1596 543 ad
1626 487 1774 543 hanc
1808 487 2087 560 blasphe-

2203 486 2350 542 libro
2400 486 2660 542 adversus
2700 487 3036 542 Eunomium
3066 505 3084 540 :
3115 484 3411 556 Ἀξιώματι
3463 485 3569 559 γὰρ
3611 464 3860 555 δεύτερα)ν

446 576 626 632 miam
661 575 984 647 conjunxit.
1023 598 1049 624 ››
1081 575 1499 631 Verumtamen
1543 581 1874 633 creaturam
1908 578 2104 633 Domi-

377 703 382 710 .
449 682 592 719 num
616 681 730 719 non
763 664 909 718 dixit
940 664 1164 735 primus
1204 665 1551 733 Eunomius,
1585 667 1684 722 sed
1719 671 1853 721 ante
1906 667 2101 738 ipsum

450 752 666 820 Arius;
699 752 981 824 Spiritum
1017 758 1286 808 sanctum
1315 763 1638 810 creaturam
1673 755 1897 827 primus
1923 756 2103 810 Euno-

451 841 606 896 mius
637 841 883 909 dixit,ut
901 841 1154 897 Basilius
1184 842 1276 897 hic
1310 844 1630 913 contendit,
1655 861 1843 916 neque
1883 845 1940 899 in
1974 845 2106 899 aliis

444 931 858 986 haereticorum
885 931 1048 986 libris
1083 931 1204 986 haec
1237 933 1428 988 fuerat
1449 934 1686 989 inventa
1717 934 2102 1007 blasphemia.

445 1019 594 1074 Male
642 1019 859 1090 quippe
912 1023 1159 1075 verterat
1217 1021 1391 1093 paulo
1441 1027 1572 1094 post
1604 1026 1948 1094 Trapezunt,
1985 1022 2018 1091 ἢ
2053 1020 2103 1074 ἐν

443 1111 559 1168 τοῖς
587 1105 1035 1185 καταληφθεῖσιν,
1055 1133 1080 1160 ‹‹
1108 1110 1222 1166 nisi
1248 1112 1403 1182 quod
1428 1111 1485 1165 in
1519 1112 1938 1184 superstitibus
1962 1112 2108 1167 isto-

449 1214 580 1253 rum
614 1199 988 1254 sermonibus
1020 1199 1172 1255 hanc
1204 1199 1656 1272 appellationem
1685 1201 2049 1257 invenimus.
2082 1223 2109 1250 ››

447 1291 526 1341 De
540 1286 979 1358 blasphemiain
996 1289 1282 1360 Spiritum
1305 1295 1576 1346 sanctum
1601 1309 1717 1346 non
1738 1291 2108 1351 remittenda,

444 1375 574 1431 vide
607 1375 816 1431 Matth.
851 1395 953 1448 xu,
985 1379 1078 1432 3‘2.

515 1482 632 1538 Col.
663 1484 764 1538 651
797 1486 862 1538 A.
899 1486 1068 1541 Unius
1111 1486 1377 1540 Montani.
1417 1486 1845 1558 Trapezuntius
1896 1486 2102 1540 edide-

447 1577 575 1627 rat:
618 1592 639 1620 α
678 1571 987 1628 Montanus
1018 1573 1180 1628 solus
1211 1579 1440 1630 tantum
1475 1576 1531 1630 in
1564 1575 1846 1647 Spiritum
1883 1574 2105 1630 insani-

445 1660 547 1728 vit,
563 1665 619 1714 et
639 1660 979 1716 nominibus
1001 1662 1355 1733 vituperavit
1375 1664 1723 1731 humilibus,
1742 1680 1808 1719 ac
1833 1668 2105 1720 naturam

444 1747 634 1819 ipsius
667 1754 896 1804 tantum
942 1751 1295 1821 extenuavit,
1323 1758 1385 1808 ut
1427 1753 1654 1808 diceret
1686 1754 1988 1808 infamiam
2022 1754 2103 1808 af-

445 1836 593 1891 ferre
615 1836 843 1893 factori.
867 1861 894 1888 ››
925 1838 1065 1894 Beza
1087 1840 1263 1896 etiam
1289 1842 1454 1911 pejus
1468 1840 1577 1896 hoc
1599 1842 1874 1897 ultimum
1899 1843 2094 1898 vertit:
2129 1860 2175 1926 Β

445 1947 472 1975 ‹‹
509 1924 581 1980 Ut
638 1925 815 1981 etiam
870 1926 1174 1984 infamiam
1233 1929 1436 1984 factori
1494 1947 1600 1986 suo
1653 1930 1883 1986 dicatur
1930 1932 2087 1985 atfri-

442 2012 722 2069 cuissezn
749 2016 916 2086 quasi
940 2016 1049 2072 hoc
1080 2016 1252 2072 vellet
1293 2017 1567 2087 Basilius,
1592 2019 1930 2074 Montanum
1973 2019 2086 2074 dici

445 2101 749 2157 infamiam
781 2103 1111 2160 aﬂ‘ricuisse
1158 2106 1426 2161 creatori.
1458 2107 1825 2178 Epiphanius
1867 2114 2083 2175 tamen,

444 2189 653 2246 heresi
682 2192 770 2263 48,
796 2192 1150 2265 Phrygastas
1189 2195 1306 2251 sive
1347 2197 1728 2252 Montanistas
1759 2198 1858 2265 ait,
1893 2199 1992 2268 qui
2026 2214 2087 2252 se

442 2279 787 2336 Montanum
821 2283 1135 2352 quemdam
1172 2283 1512 2356 prophetam
1537 2285 1749 2340 habere
1760 2286 2086 2356 jactabant,

439 2369 509 2423 de
533 2373 703 2424 Patre
725 2375 778 2424 et
806 2370 949 2426 Filio
973 2388 1038 2426 ac
1058 2373 1276 2442 Spiritu
1310 2379 1511 2427 sancto
1535 2372 1804 2429 similiter
1833 2376 2091 2430 sensisse

439 2456 600 2512 velut
634 2463 840 2514 sancta
892 2460 1179 2516 catholica
1225 2463 1405 2516 sentit
1444 2462 1718 2529 Ecclesia,
1741 2462 1864 2536 περὶ
1898 2459 1954 2516 δὲ
1989 2468 2091 2516 [Ια-

438 2545 566 2618 τρὸς
599 2546 687 2599 καὶ
720 2546 848 2600 rio?)
876 2548 963 2601 καὶ
1009 2549 1166 2622 ἁγίου
1219 2549 1528 2623 Πνεύματος
1575 2551 1782 2624 ὁμοίως
1831 2556 2090 2629 φρονοῦσι

439 2634 507 2704 τῇ
555 2631 683 2707 ἁγίᾳ
731 2633 997 2709 καθολικῇ
1049 2636 1365 2710 Ἐκκλησίᾳ.
1417 2641 1495 2695 Ex
1557 2641 1790 2697 Arianis
1846 2643 2086 2713 quidam

445 2723 722 2779 dixerunt
745 2725 1028 2796 Spiritum
1062 2732 1330 2783 sanctum
1358 2747 1470 2784 non
1505 2747 1634 2786 esse
1663 2732 1820 2786 Patri
1858 2737 1914 2786 et
1950 2733 2089 2786 Filio

445 2812 1036 2884 consubstantialem,
1069 2815 1186 2871 imo
1218 2833 1346 2872 esse
1365 2817 1508 2873 Filio
1533 2818 1819 2874 minorem
1846 2839 1859 2889 ;
1893 2821 1994 2875 sed
2021 2824 2091 2875 de

437 2901 581 2956 Filio
613 2901 990 2973 potissimum
1023 2905 1305 2960 adversus
1338 2905 1468 2962 illos
1498 2912 1692 2962 actum
1726 2914 1835 2979 est,
1868 2910 1939 2965 de
1961 2910 2090 2980 Spi-

439 2990 555 3046 ritu
582 2996 786 3048 sancto
824 2991 884 3047 in
917 2993 1160 3049 concilio
1193 3012 1234 3049 ιι
1269 2997 1628 3052 ωουῐηθηὶοο
1674 2998 2094 3054 Constantino-

435 3078 718 3150 politano,
735 3081 907 3152 cujus
934 3087 1250 3139 sectatores
1274 3087 2094 3160 Pneumatomachi,siveSpi-

396 3167 582 3223 'ritus
638 3168 1102 3241 impugnatores,
1162 3172 1438 3243 appellati
1509 3179 1666 3230 sunt.
1709 3175 2084 3248 Philastrius,

432 3271 562 3328 cap.
584 3258 674 3325 21,
699 3258 1096 3316 Eunomianos
1128 3261 1306 3316 tradit
1337 3266 1660 3319 asseruisse
1692 3263 1917 3320 Patrem
1952 3268 2082 3336 qui-

433 3345 566 3400 dem
591 3345 798 3402 fecisse
829 3346 1060 3415 Filium,
1095 3355 1152 3404 et
1182 3349 1390 3405 iterum
1425 3350 1658 3418 Filium,
1695 3354 1797 3423 qui
1819 3354 1896 3408 sit
1927 3372 2092 3410 crea-

429 3438 583 3506 tura,
620 3435 826 3490 fecisse
848 3437 1164 3506 Spiritum:
1205 3440 1358 3510 quod
1389 3441 1653 3495 refutans
1686 3442 1939 3498 Basilius
1971 3444 2090 3500 hoc

429 3520 554 3576 loco
607 3523 871 3593 subjicit.
931 3521 1107 3577 ἐκεῖνο
1169 3522 1226 3578 δὲ
1270 3524 1373 3580 τίνι
1419 3531 1526 3581 τῶν
1578 3527 1791 3583 πάντων
1836 3527 2085 3600 ἄδηλον;

432 3631 461 3659 ‹‹
497 3609 649 3666 Illud
681 3628 813 3667 vero
845 3615 937 3669 cui
976 3632 1086 3669 non
1124 3621 1302 3686 patet,
1339 3618 1494 3686 quod
1549 3618 1710 3674 nulla
1766 3621 1894 3675 Filii
1949 3639 2084 3694 ope-

434 3698 582 3754 ratio
613 3717 647 3754 a
675 3703 842 3756 Patre
873 3701 1066 3757 divisa
1107 3704 1238 3759 est?
1270 3729 1292 3756 ι
1329 3709 1390 3760 In
1442 3723 1616 3777 quem
1667 3709 1858 3764 locum
1900 3728 2082 3767 anno-

432 3791 588 3844 tarat
618 3788 908 3862 interpres
946 3793 1001 3847 in
1055 3793 1338 3866 margine,
1371 3797 1464 3852 hic
1506 3798 1738 3868 probari
1798 3801 2082 3872 Spiritum

432 3883 706 3935 sanctum
739 3880 812 3937 ab
845 3885 1096 3954 utroque
1135 3885 1465 3954 procedere.
1498 3886 1642 3942 Nam
1698 3893 1760 3943 ut
1816 3889 1897 3945 ait
1948 3891 2082 3948 illu-

438 3966 769 4024 strissimus
799 3969 1114 4027 cardinalis
1155 3971 1565 4043 Bellarminus,
1601 3975 1704 4032 lib.
1738 3995 1799 4048 ιι,
1832 3996 1960 4051 cap.
1989 3983 2077 4051 25,

432 4055 505 4112 De
539 4054 772 4125 Christo,
805 4063 959 4115 certe
989 4060 1240 4117 Basilius
1271 4064 1526 4134 probans
1587 4084 1699 4121 non
1750 4067 1941 4124 solum
1990 4071 2079 4125 Fi-

433 4141 578 4198 lium
611 4160 739 4200 esse
769 4160 1007 4202 causam
1031 4147 1305 4218 Spiritus,
1326 4151 1424 4205 sed
1459 4151 1633 4208 etiam
1665 4153 1914 4223 Patrem,
1942 4157 2080 4228 quia

436 4232 635 4288 omnia
663 4250 790 4305 qua
822 4233 997 4292 habet
1029 4235 1205 4293 Filius
1245 4237 1419 4294 habet
1467 4245 1645 4310 Pater,
1679 4242 1856 4298 simul
1890 4245 2074 4311 docet,

427 4320 548 4377 imo
600 4339 701 4393 pro
751 4329 1049 4396 comperto
1098 4329 1351 4382 assumit
1397 4327 1653 4400 Spiritus
1703 4347 1964 4404 causam,
2016 4339 2079 4391 ut

431 4410 612 4467 Graeci
644 4411 990 4484 loquuntur,
1022 4431 1150 4471 esse
1177 4414 1415 4470 Filium.

502 4515 622 4572 Col.
655 4517 760 4572 654
790 4517 831 4573 Β
859 4520 910 4574 4.
955 4520 1285 4578 Conseruere
1314 4524 1494 4578 a’octr.
1529 4526 1980 4586 Emendavimus
2009 4546 2077 4586 ex

432 4609 498 4659 Η.
534 4602 826 4682 φυλάσσειν
885 4604 1256 4682 διδασκαλίαν,
1286 4617 1342 4668 et
1389 4610 1700 4686 ἀποσιωπᾷ,
1730 4633 1861 4673 cum
1911 4625 2082 4676 antea
2113 4599 2156 4663 D

436 4692 757 4782 legeretur,
784 4693 1071 4773 φυλάσσων
1101 4705 1159 4756 et
1189 4704 1387 4770 σιωπᾷ.
1421 4702 1701 4774 Sequitur
1729 4706 1901 4776 paulo
1950 4713 2084 4782 post

427 4780 591 4837 locus
623 4782 1044 4844 celeberrimus
1075 4794 1132 4844 et
1162 4789 1220 4845 in
1256 4790 1446 4846 tribus
1487 4792 1720 4848 concilii
1763 4780 2081 4853 Florentini

427 4870 796 4930 sessionibus
829 4875 916 4945 18,
932 4877 1001 4933 49
1021 4882 1076 4933 et
1096 4880 1165 4932 20
1186 4878 1496 4951 diligenter
1516 4896 1820 4953 excussus,
1840 4901 1973 4940 cum
1997 4887 2082 4941 in-

418 4962 510 5014 ter
528 4959 742 5017 Latina:
773 4968 832 5019 et
851 4968 1056 5021 Graeca:
1077 4967 1346 5024 Ecclesia:
1374 4969 1595 5042 legatos
1617 4971 1687 5026 de
1711 4975 2078 5042 processione

423 5047 684 5120 Spiritus
717 5054 908 5109 sancti
934 5055 1358 5128 disputaretur.
1387 5064 1463 5114 Ac
1488 5060 1702 5132 Regius
1724 5063 1958 5132 quidem
1981 5082 2076 5120 co-

425 5137 536 5193 dex
552 5155 685 5196 cum
705 5157 771 5196 eo
791 5145 1100 5211 consentit,
1120 5164 1234 5218 quo
1258 5163 1403 5202 usus
1425 5153 1513 5204 est
1533 5147 1840 5221 interpres,
1865 5156 1921 5207 et
1941 5170 2076 5209 cum

421 5228 680 5316 editione
722 5232 1052 5301 Basiliensi,
1100 5235 1432 5309 legiturque
1465 5253 1476 5293 ε
1510 5235 1812 5309 Ἀξιώματι
1848 5240 1940 5312 μὲν
1973 5242 2074 5316 γὰρ

416 5310 748 5391 δευτερεύειν
808 5323 906 5374 τοῖ.»⁹
967 5321 1098 5376 Υἱοῦ
1155 5321 1525 5399 παραδίδωσιν
1561 5325 1587 5379 ὁ
1638 5331 1739 5394 τῆς
1800 5324 2072 5392 εὐσεϐείας

418 5398 606 5478 λόγος’
640 5412 699 5463 at
728 5410 985 5467 Joannes
1019 5398 1240 5469 Latinae
1263 5414 1530 5470 Ecclesiae
1564 5416 1800 5472 nomine
1829 5419 2074 5489 protulit

418 5511 488 5550 ex
543 5498 950 5556 vetustissimo
1008 5502 1205 5558 codice
1255 5502 1455 5558 Basilii
1509 5506 2073 5578 Constantinopolis

418 5582 659 5642 Nicolao
691 5586 924 5645 Cusano
966 5589 1180 5661 delato,
1211 5591 1311 5662 qui
1358 5595 1492 5646 ante
1541 5597 1846 5649 sexcentos
1885 5611 2069 5654 annos

414 5671 713 5732 videretur
734 5682 1028 5750 exaratus,
1044 5677 1451 5739 testimonium
1473 5679 1632 5738 istud
1664 5696 1733 5739 ex
1760 5680 1869 5740 hoc
1899 5685 2069 5743 tertio

2212 579 2309 628 τοῦ
2352 575 2478 628 Υἱοὖ
2529 573 2579 645 ἐξ
2629 574 2793 628 αἰντοῦ
2843 575 2906 628 τὸ
2956 575 3083 628 εἶναι
3141 571 3294 648 ἕχον,
3323 574 3414 627 καὶ
3445 573 3494 644 ἐξ
3528 572 3693 627 αὐτοῦ
3724 571 3858 645 λαμ-

2215 657 2374 716 ϐάνον
2432 662 2520 717 καὶ
2582 661 2916 738 ἀναγγέλλον
2974 665 3133 733 ἡμῖν,
3192 664 3283 717 καὶ
3341 660 3487 723 ὅλως
3542 668 3646 730 τῆς
3692 662 3859 722 αἰτίας

2212 750 2412 821 ταύτης
2469 751 2770 824 ἐξημμένον
2818 753 2846 806 ὁ
2903 758 3002 820 τῆς
3036 745 3328 814 ἐὐσεϐείας
3374 748 3718 825 παραδίδωσι
3772 750 3857 806 λό-

2213 859 2338 915 γος’
2374 840 2525 917 φύσει
2580 840 2637 894 δὲ
2673 843 2912 916 χρῆσθαι
2956 840 3134 916 τρίτῃ,
3168 838 3291 894 οὔτε
3337 841 3484 914 παρά
3527 845 3636 894 τῶν
3699 841 3858 914 ἁγίων

2217 927 2602 1002 διδασκόμεθα,
2639 927 2761 984 οὔτε
2809 929 2868 984 ἐκ
2903 935 3011 984 τῶν
3055 927 3358 1005 εἷ’ρημὲνων
3411 927 3685 1000 δυνάμεθα
3739 929 3858 982 co).-

2218 1016 2528 1091 λογίσασθαι
2584 1019 2719 1073 κατὰ
2763 1020 2862 1086 τὴν
2913 1017 3264 1082 ἀκολουθίαν·
3301 1043 3328 1070 ι(
3366 1019 3656 1090 Dignitate
3710 1021 3859 1075 enim

2218 1111 2536 1165 secundum
2571 1127 2701 1166 esse
2731 1127 2764 1165 a
2796 1109 2962 1175 Filio,
2985 1127 3120 1164 cum
3152 1109 3224 1165 ab
3255 1109 3382 1181 ipso
3415 1125 3544 1163 esse
3575 1126 3754 1163 suum
3778 1109 3864 1164 ha-

2219 1198 2372 1263 beat,
2405 1203 2460 1253 et
2517 1200 2588 1254 ab
2638 1199 2767 1271 ipso
2821 1198 3091 1270 accipiat,
3125 1203 3182 1254 et
3237 1199 3545 1252 annuntiet
3584 1198 3784 1262 nobis,
3814 1206 3865 1254 et

2218 1289 2456 1343 omnino
2487 1289 2558 1344 ab
2607 1288 2708 1344 illa
2764 1306 2941 1343 causa
2998 1289 3347 1360 dependeat,
3379 1304 3573 1343 sermo
3629 1289 3861 1359 pietatis

2217 1377 2397 1432 tradit
2421 1393 2434 1430 :
2455 1382 2666 1432 natura
2703 1394 2837 1433 vero
2859 1377 3034 1432 tertia
3075 1377 3179 1445 uti,
3206 1392 3396 1448 neque
3419 1393 3453 1431 a
3481 1376 3708 1431 sanctis
3740 1378 3866 1432 edo~

2217 1483 2441 1531 cemur,
2461 1483 2648 1537 neque
2670 1482 2737 1521 ex
2755 1467 2926 1521 dictis
2951 1471 3015 1520 ut
3043 1481 3410 1536 consequens
3432 1465 3710 1536 colligere
3742 1482 3867 1536 pos-

2217 1572 2444 1610 sumus.
2479 1577 2506 1605 »
2538 1556 2602 1610 In
2636 1571 2811 1627 quem
2838 1560 3034 1610 autem
3069 1555 3243 1609 tinem
3279 1554 3538 1624 prolatus
3569 1553 3653 1608 sit
3682 1553 3862 1622 locus,

2215 1644 2449 1716 exponit
2466 1644 2787 1716 praesertim
2816 1644 3079 1700 sessione
3103 1643 3187 1712 19,
3215 1659 3269 1715 p.
3290 1643 3394 1696 449
3416 1643 3555 1698 edit.
3573 1642 3858 1713 Romanis,

2214 1733 2366 1788 idem
2407 1733 2701 1789 Joannes:
2729 1757 2757 1783 ‹‹
2791 1733 2935 1788 Volo
2983 1733 3310 1788 necessaria
3365 1732 3858 1787 demonstratione

2214 1823 2624 1892 probare,cum
2649 1821 2869 1892 aliquid
2892 1839 2959 1877 ex
2981 1822 3176 1892 aliquo
3217 1819 3490 1890 dicimus,
3515 1819 3765 1891 intelligi
3795 1837 3854 1875 ex

2205 1911 2671 1982 persona,idque
2701 1912 3041 1967 demonstro
3073 1927 3175 1983 per
3206 1909 3428 1966 dictum
3462 1907 3684 1975 Basilii,
3721 1925 3846 1964 cum

2197 2001 2567 2073 aitSpiritum
2594 2001 2808 2056 habere
2836 2017 3010 2057 suum
3037 2017 3167 2056 esse
3190 2016 3255 2055 ex
3285 1998 3451 2064 Filio,
3485 2004 3541 2052 et
3574 1999 3647 2053 ab
3679 2015 3747 2053 eo
3763 1999 3850 2054 de-

2197 2091 2447 2161 pendere
2495 2095 2779 2162 tanquam
2813 2106 2880 2145 ex
2923 2107 3118 2146 causa.
3149 2090 3204 2145 Si
3243 2089 3426 2161 igitur
3454 2090 3719 2160 accipere
3766 2092 3852 2142 est

2198 2179 2411 2235 habere
2444 2180 2865 2251 esse,Spiritus
2897 2184 3137 2235 sanctus
3171 2180 3349 2235 habet
3371 2195 3522 2244 esse,
3555 2183 3615 2233 et
3640 2176 3851 2249 accipit

2197 2286 2266 2323 ex
2305 2267 2469 2338 Filio,
2503 2274 2560 2324 et
2591 2269 2662 2324 ab
2695 2285 2760 2324 eo
2793 2269 3080 2340 dependet
3112 2273 3178 2324 ut
3213 2285 3280 2324 ex
3318 2284 3496 2324 causa
3526 2284 3540 2322 :
3577 2284 3714 2338 ergo
3761 2284 3847 2321 se-

2198 2358 2420 2428 quitur,
2446 2363 2508 2412 ut
2530 2358 2577 2412 si
2607 2359 2859 2430 Spiritus
2885 2363 3124 2414 sanctus
3150 2358 3362 2430 accipit
3388 2374 3456 2412 ex
3508 2357 3676 2425 Filio,
3727 2373 3851 2426 prc-

2198 2449 2365 2504 cedat
2417 2447 2592 2503 etiam
2644 2465 2711 2504 ex
2742 2447 2889 2520 ipso.
2928 2471 2954 2496 ›·
2987 2447 3331 2520 Opponebat
3377 2451 3612 2500 Marcus
3669 2446 3850 2515 Ephe-

2199 2539 2343 2605 sius,
2371 2538 2469 2610 qui
2529 2555 2631 2609 pro
2691 2537 2905 2593 Graecis
2963 2538 3326 2609 disputabat,
3383 2537 3849 2591 additamentum

2197 2628 2343 2682 illud
2375 2645 2405 2682 a
2431 2627 2653 2682 Latinis
2674 2627 2962 2682 insertum
2989 2627 3202 2682 videri:
3229 2627 3327 2682 sed
3353 2625 3659 2697 respondit
3677 2625 3850 2680 Joan-

2200 2736 2304 2773 nes
2356 2722 2477 2772 tam
2528 2716 2835 2788 antiquum
2896 2716 3063 2771 illum
3104 2733 3234 2772 esse
3264 2705 3595 2780 librum,'ut
3630 2713 3852 2769 nullam

2201 2805 2540 2878 corruptelae
2572 2805 2967 2877 suspicionem
2991 2805 3240 2875 injiciat,
3275 2821 3412 2860 cum
3447 2805 3673 2858 multos
3721 2808 3851 2858 ante

2198 2912 2406 2964 annos,
2447 2911 2624 2965 quam
2682 2893 2940 2950 schisma
2996 2895 3104 2949 hoc
3161 2893 3408 2949 oriretur
3435 2910 3504 2948 ac
3536 2893 3849 2946 discidium

2202 2984 2615 3050 Ecclesiarum,
2647 2988 2922 3039 exaratus
2953 2987 3399 3056 appareret,nec
3431 2981 3554 3037 ulla
3584 2981 3642 3036 in
3677 2998 3744 3036 eo
3764 2997 3849 3034 ra-

2202 3091 2342 3130 sura
2367 3073 2454 3129 vel
2485 3072 2817 3145 depravatio
2845 3072 2929 3128 vel
2955 3090 3164 3129 manus
3187 3073 3436 3144 adjectio
3459 3071 3852 3144 deprehende-

2205 3170 2380 3218 retur.
2418 3163 2594 3218 Addit
2624 3161 3065 3219 illustrissimus
3095 3163 3412 3218 cardinalis
3434 3160 3850 3226 Bellarminus,

2118 3230 2161 3297 C
2200 3253 2301 3308 lib.
2330 3270 2368 3306 II
2393 3253 2463 3307 De
2497 3253 2739 3319 Christo,
2769 3253 2929 3317 c.25,
2959 3253 3424 3307 additamentum
3449 3251 3597 3305 illud
3633 3249 3848 3304 codicis

2203 3343 2543 3397 Latinorum
2577 3358 2705 3396 esse
2739 3342 2946 3397 debere
2973 3342 3026 3396 in
3064 3346 3223 3396 textu
3277 3340 3360 3395 vel
3413 3344 3567 3394 certe
3609 3355 3846 3394 sensum

2199 3430 2426 3486 illorum
2461 3447 2473 3484 :
2511 3452 2537 3478 ‹‹
2595 3429 2742 3484 Dicit
2789 3431 2944 3486 enim
2997 3430 3244 3485 Basilius
3275 3429 3553 3500 Spiritum
3590 3444 3716 3483 esse
3765 3443 3850 3482 se-

2197 3521 2455 3575 cundum
2488 3536 2519 3572 a
2551 3518 2690 3573 Filio
2723 3520 2928 3574 ordine
2958 3524 3014 3574 et
3043 3520 3486 3591 dignitate,non
3512 3522 3709 3572 tamen
3746 3535 3846 3572 na-

2195 3613 2327 3664 tura
2357 3625 2371 3663 :
2406 3612 2462 3662 et
2494 3608 2718 3679 probat,
2754 3608 2890 3679 quia
2921 3608 3075 3664 sicut
3105 3608 3288 3664 Filius
3341 3612 3430 3663 est
3487 3607 3780 3663 secundus
3813 3623 3846 3659 a

2193 3698 2380 3763 Patre,
2405 3697 2544 3768 quia
2566 3697 2637 3751 ab
2672 3695 2769 3750 illo
2802 3696 2976 3752 habet
3007 3713 3156 3766 esse,
3189 3697 3270 3752 ita
3329 3712 3560 3768 quoque
3591 3695 3844 3768 Spiritus

2191 3791 2280 3843 est
2307 3787 2601 3842 secundus
2633 3803 2665 3840 a
2698 3785 2840 3841 Filio
2877 3803 2890 3842 :
2925 3786 3020 3842 ubi
3056 3787 3104 3842 si
3139 3804 3252 3843 non
3283 3787 3555 3853 addatur,
3589 3786 3678 3842 vel
3701 3785 3844 3841 sub-

2191 3875 2575 3946 intelligatur,
2610 3875 2765 3946 quod
2807 3880 2895 3931 est
2935 3875 2991 3932 in
3028 3877 3247 3932 nostris
3279 3875 3603 3943 codicibus,
3635 3873 3840 3930 videli-

2189 3972 2277 4022 cet
2307 3966 2592 4037 Spiritum
2617 3965 2831 4022 habere
2858 3982 2986 4022 esse
3012 3984 3046 4022 a
3078 3967 3238 4035 Filio,
3269 3967 3424 4023 sicut
3454 3967 3636 4023 Filius
3667 3967 3843 4021 habet

2189 4070 2317 4108 esse
2346 4071 2378 4110 a
2411 4055 2598 4120 Patre,
2623 4055 2766 4110 ratio
2796 4054 2994 4111 Basilii
3023 4056 3166 4111 nihil
3220 4055 3551 4120 concludet,
3588 4072 3692 4112 nec
3723 4055 3842 4109 ullo

2189 4143 2364 4197 modo
2393 4142 2622 4214 probari
2659 4143 2874 4214 poterit
2904 4143 3186 4215 Spiritum
3231 4150 3500 4200 sanctum
3565 4161 3697 4200 esse
3747 4161 3841 4200 se-

2187 4230 2444 4285 cundum
2483 4247 2514 4284 a
2547 4231 2711 4299 Filio,
2745 4235 2811 4286 ut
2838 4231 3018 4288 Filius
3057 4237 3145 4289 est
3195 4235 3494 4290 secundus
3525 4251 3558 4288 a
3589 4238 3772 4288 Patre.
3809 4256 3836 4282 ι»

2257 4352 2376 4409 Col.
2409 4354 2516 4408 655
2554 4358 2600 4408 Α
2649 4355 2704 4412 3.
2761 4356 2954 4412 Sermo
3007 4359 3261 4429 fortasse.
3313 4363 3386 4416 Ut
3440 4358 3838 4430 interpretatio

2187 4458 2320 4497 cum
2356 4444 2549 4499 Graeco
2581 4447 2741 4500 textu
2775 4447 3107 4502 conveniret
3148 4447 3491 4504 Basiliensis
3539 4449 3838 4520 editionis,

2186 4532 2454 4587 additum
2487 4537 2576 4588 est
2608 4556 2634 4584 ‹‹
2671 4536 2940 4603 fortasse,
2972 4559 2998 4588 ››
3034 4541 3089 4592 et
3119 4537 3271 4593 infra
3300 4554 3314 4594 :
3344 4559 3374 4589 «
3399 4543 3465 4593 ut
3521 4538 3668 4593 illud
3702 4555 3838 4594 con-

2188 4621 2498 4690 cedamus;
2516 4645 2543 4671 »
2568 4623 2667 4679 sed
2691 4622 2967 4680 lectorem
2990 4629 3177 4682 tamen
3206 4628 3592 4684 admonemus
3611 4632 3837 4684 utrum-

2191 4726 2302 4781 que
2321 4711 2583 4767 abfuisse
2606 4713 2677 4768 ab
2701 4713 3184 4786 interpretatione
3199 4716 3462 4789 Trapez.,
3479 4734 3546 4773 ac
3570 4717 3831 4789 proinde,

2189 4801 2254 4852 ut
2285 4799 2601 4855 verisimile
2631 4805 2741 4869 est,
2767 4819 2800 4857 a
2831 4803 3026 4859 codice
3059 4821 3170 4861 ms:
3215 4822 3331 4877 quo
3387 4804 3484 4862 ille
3532 4824 3682 4863 usus
3723 4812 3831 4875 est,

2187 4903 2320 4942 cum
2345 4892 2478 4944 ante
2499 4889 2751 4960 primam
2775 4891 3158 4949 Basiliensem
3180 4894 3498 4950 editionem
3527 4895 3637 4952 hos
3655 4896 3831 4952 libros

2185 4977 2467 5033 verterit:
2503 4978 2712 5035 deinde
2769 4981 3030 5038 abfuisse
3077 4999 3314 5056 quoque
3344 5002 3392 5040 a.
3411 4985 3588 5057 Regio
3637 4985 3829 5041 codice

2186 5064 2356 5135 illud,
2392 5062 2542 5133 ἷ’σως,
2575 5066 2711 5123 licet
2741 5086 2854 5125 non
2905 5071 3059 5126 absit
3101 5072 3348 5129 alterum
3402 5073 3572 5140 illud,
3600 5071 3693 5127 ’ἕνα
3744 5073 3826 5126 καί

2185 5150 2331 5215 ὅλως
2356 5157 2828 5230 συγχωρήσωμεν·
2863 5159 3114 5232 denique
3145 5161 3205 5216 in
3236 5179 3302 5218 eo
3345 5161 3669 5235 legebatur,
3719 5180 3826 5218 non

2185 5241 2230 5296 εἶ
2278 5243 2366 5297 καὶ
2428 5239 2759 5318 ὑποϐέϐηκε,
2813 5250 2910 5304 sed
2971 5249 3015 5302 εἰ
3072 5249 3162 5304 καὶ
3223 5245 3593 5322 ὀποϐεϐηκός,
3644 5270 3826 5325 neque

2182 5332 2271 5385 καὶ
2344 5333 2406 5386 τὸ
2477 5333 2774 5390 ἀκόλουθον
2853 5335 3093 5410 ἐκεῖθεν,
3149 5341 3249 5397 sed
3319 5339 3528 5416 φύσεως
3604 5341 3822 5397 ἀκολου-

2184 5422 2329 5490 θοίη,
2363 5420 2560 5486 ἐκεῖθεν
2591 5419 2778 5493 δῆλον.
2813 5427 3254 5486 Observandum
3301 5435 3388 5487 est
3435 5436 3737 5502 praeterea,
3769 5435 3820 5486 in

2181 5511 2427 5567 concilio
2453 5513 2783 5571 Florentino
2815 5533 2885 5572 ex
2927 5517 3096 5575 libris
3139 5519 3474 5576 Graecorum
3522 5522 3606 5577 ita
3663 5521 3819 5578 citari

2180 5599 2336 5655 hunc
2386 5600 2576 5658 locum
2613 5619 2670 5675 p.
2715 5605 2840 5673 473,
2873 5610 2938 5662 ut
2964 5624 3080 5664 non
3110 5605 3367 5682 πρόοδος,
3401 5609 3504 5665 sed
3559 5607 3819 5682 πρόσοδος

2177 5684 2266 5742 καὶ
2297 5689 2632 5768 προσαγωγή
2665 5690 2912 5766 legatur,
2941 5694 3051 5754 hoc
3075 5701 3185 5769 est,
3218 5718 3248 5750 α
3281 5697 3478 5756 aditus
3523 5714 3818 5757 accessus-
