4128 6216
277 335 303 388 1
314 331 435 390 049

1353 328 1432 387 IN
1477 325 1760 388 LIBROS
1806 327 2120 387 CONTRA
2169 328 2621 391 EUNOMIUM.

3537 331 3693 390 I050

276 473 412 529 que.
450 479 478 507 »
507 460 651 512 Item
687 461 817 526 post
870 456 1342 530 συγχωρήσωμεν,
1395 473 1510 511 non
1559 454 1732 509 οὐκέτ’
1763 454 1822 509 ἂν
1851 453 1924 508 ιῖ-

2060 474 2090 510 a.
2125 457 2212 524 Μ,
2247 463 2304 513 et
2335 460 2392 513 in
2425 457 2626 514 Matth.
2664 475 2824 525 xvm,
2857 460 2942 525 10,
2978 460 3035 514 in
3078 459 3396 514 Harmonia
3422 461 3690 528 Evangel.

275 546 451 606 κότως
484 545 558 605 ὡς
589 543 899 617 ἀλλοτρίως
935 544 1178 618 ὑπάρχον
1212 544 1441 620 φύσεως,
1474 548 1573 599 sed
1611 546 1801 617 potius
1825 543 1931 618 οὐχ

277 635 432 708 ὅμως
468 632 653 688 ἕπεται
700 633 790 688 καὶ
845 633 1143 708 ἀλλοτρίας
1191 633 1323 688 εἶναι
1374 633 1600 711 φύσεωςσ
1635 659 1662 686 ‹‹
1697 654 1809 691 non
1842 643 1932 690 ta-

279 744 413 782 men
465 726 734 797 sequitur
761 725 962 781 aliene
995 743 1124 782 esse
1166 733 1403 781 nature.
1444 746 1468 777 ν
1503 730 1628 792 Qua
1656 729 1936 782 varietate

275 816 596 872 lectionum
629 815 1037 870 animadversa
1060 816 1267 870 merito
1289 819 1662 872 contendisse
1683 819 1930 872 arbitra-

273 905 775 960 bimurloanuem
804 902 1224 959 Provinclalem
1252 905 1308 960 in
1333 906 1578 961 concilio
1604 905 1934 962 Florentino

273 993 632 1065 particulam
665 993 837 1061 hanc,
876 987 1022 1060 ἴσως,
1063 1017 1089 1044 ο
1134 995 1400 1060 fortasse,
1440 1017 1460 1041 ν
1497 1011 1624 1065 que
1676 994 1934 1064 inlibris

268 1083 608 1140 Grecorum
670 1082 931 1148 additur,
987 1082 1244 1154 itemque
1303 1082 1447 1138 illud
1498 1081 1589 1136 ’ἱνα
1643 1083 1733 1137 καὶ
1789 1083 1936 1147 ὅλως

265 1170 754 1245 συγχωρήσωμεν,
817 1187 1089 1243 magnam
1153 1172 1366 1227 Basilio
1434 1180 1630 1230 notam
1677 1175 1931 1230 inurere.

261 1259 406 1314 Vult
432 1260 590 1314 enim
624 1259 686 1312 in
713 1259 819 1314 hoc
841 1259 1035 1331 capite
1056 1259 1309 1315 Basilius
1341 1264 1819 1334 consequentiam
1844 1283 1932 1320 re-

268 1347 498 1416 fellere,
532 1364 652 1418 qua
687 1348 960 1403 utebatur
983 1349 1306 1404 Eunomius
1325 1349 1433 1406 hoc
1458 1353 1649 1408 modo:
1672 1354 1791 1408 Etsi
1819 1360 1934 1409 tcr-

283 1439 404 1494 tius
436 1442 525 1493 est
552 1437 862 1508 dignitate,
895 1455 1009 1493 non
1043 1439 1210 1511 sequi
1244 1446 1436 1496 tamen
1474 1447 1538 1497 ut
1566 1448 1775 1498 natura
1793 1461 1934 1515 quo-

281 1544 399 1599 que
439 1525 515 1582 sit
543 1525 750 1581 tertius
772 1526 1024 1598 Spiritus
1056 1534 1314 1585 sanctus.
1339 1530 1395 1585 Si
1423 1547 1558 1603 ergo
1597 1533 1678 1588 ita
1700 1533 1936 1606 diceret,

283 1637 311 1664 ‹‹
348 1615 530 1670 tradit
557 1615 803 1670 fortasse
832 1615 1065 1687 pietatis
1083 1634 1296 1688 sermo,
1325 1641 1352 1667 ››
1379 1620 1596 1676 mirum
1623 1623 1936 1690 videretur,

285 1703 487 1776 ipsum
519 1704 589 1759 de
620 1720 686 1760 eo
717 1705 1008 1774 dubitare,
1041 1707 1194 1778 quod
1227 1723 1556 1765 asseverare
1587 1712 1822 1769 deberet
1865 1717 1936 1770 ad

2044 547 2364 600 Conﬁrmat
2394 548 2500 602 hoc
2527 549 2716 617 ipsum
2747 549 2992 603 Severus
3016 548 3232 603 Catena
3252 547 3448 603 Greca
3471 550 3529 603 in
3557 548 3696 602 Can-

2043 636 2158 690 tica
2191 636 2503 706 Scripture
2535 653 2546 689 :
2585 641 2718 688 Ιιᾶσι
2741 642 2859 697 τοῖς
2881 632 3050 690 ἔθνεσι
3076 633 3493 710 διαμερισθεῖσιν
3521 634 3693 708 ἷσαρίυ

2045 733 2216 793 Ομους
2271 722 2533 797 ἀγγέλους
2589 723 2918 794 ἀπέστησεν,
2978 723 3185 796 ἑκάστῳ
3242 725 3377 798 πρὸς
3445 721 3690 802 φυλακήν

2045 811 2302 887 ἀφορίσας
2354 808 2446 866 ἕνα
2483 815 2622 867 τινὰ.
2673 813 2778 867 Καὶ
2830 814 2929 888 γὰρ
2983 815 3113 867 εἶναι
3173 813 3367 876 αὐτοὺς
3415 812 3695 885 πνεύματα

2045 897 2398 974 λειτουργικᾶ
2450 901 2526 963 εἰς
2587 899 2854 956 διακονίαν
2927 901 3380 973 ἀποστελλόμενα
3429 900 3518 956 διὰ
3571 901 3696 962 τοὺς

2048 988 2350 1060 μέλλοντας
2399 989 2775 1064 κληρονομίαν
2826 991 3116 1065 σωτηρίας,
3175 990 3338 1045 πάλιν
3391 991 3534 1066 παρὰ
3586 992 3692 1045 τῶν

2045 1079 2416 1141 θεοπνεύστων
2468 1082 2810 1154 Γραμμάτων
2859 1081 3148 1153 ἀκούομεψ
3206 1080 3318 1135 ἐπεὶ
3367 1081 3455 1135 καὶ
3487 1080 3694 1151 ἑκάστῳ

2046 1164 2293 1222 δεδόσθαι
2354 1170 2489 1242 πρὸς
2538 1169 2786 1242 φυλακὴν
2836 1168 3070 1254 ἄγγελον
3122 1172 3156 1239 ἡ
3202 1174 3309 1224 τῶν
3351 1165 3692 1246 Εὐαγγιλίων

2044 1257 2326 1310 πιστοῦται
2373 1261 2548 1334 φωνή·
2589 1285 2610 1310 α
2646 1261 2932 1315 Omnibus
2974 1261 3248 1333 gentibus
3283 1261 3486 1316 divisis
3517 1276 3695 1331 ange-

2046 1346 2136 1401 los
2167 1351 2492 1403 secundum
2543 1352 2815 1405 eumdem
2859 1367 3168 1404 numerum
3219 1350 3495 1420 prefecit,
3529 1349 3696 1403 attri-

2047 1435 2232 1490 buens
2279 1437 2537 1507 aliquem
2590 1439 2907 1509 unicuique
2952 1442 3021 1493 ad
3077 1439 3424 1494 custodiam.
3467 1438 3693 1493 Etenim

2047 1542 2176 1580 esse
2206 1526 2365 1595 ipsos
2397 1526 2640 1596 spiritus
2669 1527 2965 1582 ministros
2987 1528 3044 1581 in
3070 1527 3457 1582 ministerium
3483 1527 3699 1582 missos

2051 1619 2285 1684 propter
2315 1631 2414 1669 eos
2437 1617 2535 1684 qui
2561 1615 2958 1669 hereditatem
2991 1615 3198 1669 salutis
3219 1615 3513 1685 accepturi
3536 1619 3696 1680 sunt,

2050 1721 2083 1756 a
2115 1703 2436 1774 Scripturis
2466 1703 2748 1758 divinitus
2777 1704 3080 1774 inspiratis
3101 1704 3375 1758 audimus
3401 1703 3698 1774 :quoniam

290 1793 722 1848 confutandam
756 1794 1108 1850 Eunomium
1146 1813 1158 1851 :
1194 1813 1329 1851 nam
1382 1813 1482 1869 per
1511 1802 1740 1856 οοιίοιυθ,
1771 1805 1944 1861 debe-
1975 1823 2022 1887 B
2053 1791 2230 1846 etiam
2263 1792 2504 1848 cuilibet
2532 1793 2806 1864 angelum
2840 1798 2910 1848 ad
2945 1793 3274 1848 custodiam
3297 1793 3498 1848 datum
3523 1792 3703 1847 fuisse

296 1900 432 1937 mus
465 1899 533 1937 ea
590 1900 716 1954 que
775 1884 973 1940 minus
1030 1889 1170 1940 sunt
1222 1891 1356 1941 nota
1403 1891 1728 1948 ostendere.
1770 1900 1947 1958 Addit

294 1971 476 2025 etiam
506 1972 778 2026 eumdem
832 1973 890 2026 in
931 1971 1176 2029 homilia
1210 1979 1288 2029 De
1329 1978 1534 2044 spiritu
1561 1987 1750 2038 sancto
1781 2004 1948 2045 asse-

295 2075 424 2114 rere
484 2075 497 2113 :
552 2064 806 2132 Φανερῶς
859 2060 946 2112 καὶ
1004 2060 1539 2136 ἁποκεκαλυμμὲνως
1607 2069 1669 2123 τὸ
1730 2078 1948 2148 Πνεῦμα

294 2139 565 2216 λαμϐάνει
626 2145 769 2220 παρὰ
825 2151 925 2200 τοῦ
976 2149 1102 2202 Γἱοῦ
1153 2150 1328 2225 χωρίς
1376 2173 1522 2215 τινος
1582 2139 1945 2234 ἀμφιϐολίας

292 2257 318 2283 ‹‹
357 2237 662 2293 Manifeste
694 2237 1116 2311 propalamque
1148 2241 1426 2313 Spiritum
1462 2253 1729 2305 sanctum
1756 2255 1948 2311 aFilio

291 2325 560 2397 accipere
607 2327 753 2381 citra
783 2327 960 2382 ullam
994 2329 1442 2388 hesitationem.
1479 2357 1506 2383 »
1539 2337 1686 2394 Tum
1720 2358 1788 2397 ex
1820 2345 1948 2400 aliis

290 2416 550 2470 auctoris
582 2416 766 2472 nostri
790 2416 934 2474 locis
955 2435 1024 2474 ex
1045 2419 1151 2475 hoc
1170 2437 1342 2492 opere
1369 2429 1571 2480 contra
1595 2427 1948 2490 Eunomium

290 2503 627 2575 desumptis
677 2505 784 2562 hoc
837 2508 965 2562 ﬁdei
1000 2510 1213 2580 dogma
1266 2513 1485 2583 probat,
1529 2532 1655 2587 que
1701 2521 1950 2578 subinde

290 2607 427 2648 cum
461 2600 772 2650 occurrent
801 2595 1216 2655 indicabimus.

365 2698 487 2756 Col.
536 2701 640 2755 658
685 2703 752 2757 A.
787 2702 1176 2762 Castrametab.
1233 2709 1661 2780 Trapezuntius
1694 2716 1949 2788 scripse-

292 2792 410 2857 rat,
447 2789 902 2860 Castrametatur,
937 2798 1001 2849 ut
1031 2794 1090 2849 in
1124 2800 1396 2867 presenti
1426 2802 1638 2857 extulit
1669 2803 1950 2879 Hierony-

300 2895 439 2932 mus
471 2895 540 2934 ex
573 2881 830 2952 Hebreo,
862 2883 1177 2941 Circumdat
1207 2889 1440 2957 angelus
1462 2891 1685 2947 Domini
1714 2896 1775 2948 in
1812 2912 1950 2968 gyro

294 2968 550 3023 timentes
595 2985 742 3036 eum,
791 2972 962 3042 quasi
1008 2980 1164 3031 esset
1208 2975 1401 3032 Grece
1448 2976 1851 3052 παρεμϐάλλει·
1891 2989 1952 3042 at

292 3055 477 3111 editio
518 3059 735 3113 Veneta
776 3059 1039 3116 omnium
1073 3062 1284 3134 prima,
1307 3069 1362 3120 et
1394 3065 1735 3125 Basiliensis
1757 3076 1949 3142 poste-

2056 1879 2502 1952 Evangeliorum
2536 1898 2641 1937 vox
2671 1886 2935 1937 testatur.
2972 1905 3000 1931 »

2131 1989 2275 2043 Ibid.
2310 1988 2398 2043 l2.
2440 1990 2656 2043 Restitit
2696 1988 2856 2044 mihi.
2892 1989 2977 2043 Ad
3011 1989 3251 2044 verbum
3287 1988 3515 2055 fuisset,
3554 1989 3704 2043 stetit

2057 2093 2128 2132 ea:
2156 2077 2380 2132 adverso
2410 2079 2568 2142 mihi,
2606 2082 2662 2132 et
2691 2077 2865 2146 paulo
2898 2082 3048 2148 post,
3081 2077 3170 2130 καὶ
3201 2075 3361 2130 αὐτὸν
3383 2072 3703 2146 κατέλιπον,

2056 2171 2109 2220 et
2138 2169 2322 2236 ipsum
2351 2167 2555 2237 reliqui
2581 2183 2703 2220 cum
2732 2169 2982 2237 principe
3011 2169 3156 2236 regis
3185 2165 3295 2237 (vel
3335 2167 3514 2235 regni,
3550 2171 3614 2220 ut
3643 2166 3703 2221 in

2059 2255 2190 2310 aliis
2249 2255 2416 2310 libris
2470 2255 2703 2326 legitur,
2768 2253 3070 2328 βασιλείας)
3118 2257 3436 2310 Persarum.
3485 2258 3699 2324 Trape-

2027 2345 2293 2400 .zuntius
2325 2343 2586 2415 Vulgate
2618 2344 2834 2399 Latine
2865 2346 3037 2399 verba
3063 2343 3384 2415 usurpavit,
3411 2344 3564 2412 Quod
3599 2359 3700 2398 ne-

2059 2449 2222 2488 cesse
2270 2450 2381 2487 non
2436 2433 2564 2499 fuit,
2614 2449 2750 2488 cum
2800 2432 3216 2504 prophetarum
3266 2436 3460 2487 textus
3493 2447 3702 2486 secun-

2059 2523 2197 2577 dum
2235 2523 2388 2576 LXX
2415 2522 2844 2576 convertendus
2874 2526 3029 2576 esset
3061 2537 3090 2575 e
3120 2521 3338 2584 Greco,
3371 2537 3472 2576 seu
3508 2519 3702 2591 potius

2058 2628 2126 2667 ex
2147 2613 2202 2666 S.
2232 2610 2565 2682 Hieronymi
2589 2611 3006 2666 commentario
3032 2609 3187 2664 Itale
3210 2609 3493 2664 versionis
3515 2614 3704 2665 textus

2058 2701 2479 2767 consulendus,
2524 2700 2674 2770 quod
2722 2700 2856 2755 fecit
2889 2699 3208 2754 Flaminius
3247 2697 3534 2767 Nobilius,
3567 2715 3697 2752 cum

2057 2794 2381 2844 Romanam
2413 2789 2728 2844 editionem
2761 2791 3092 2844 adornaret.
3121 2789 3182 2842 In
3214 2787 3390 2858 Regio
3415 2793 3606 2841 tamen
3631 2787 3698 2840 ll.

2056 2884 2286 2934 tantum
2337 2884 2462 2934 erat
2507 2877 2640 2948 μετὰ
2679 2880 2774 2930 τοῦ
2804 2874 3072 2950 ἄρχοντος
3104 2877 3345 2950 Περσῶν,
3379 2881 3436 2931 et
3465 2877 3521 2929 in
3555 2875 3697 2928 Vul-

2059 2974 2196 3041 gata
2215 2969 2379 3038 juxta
2407 2983 2586 3038 regem
2613 2969 2928 3022 Persarum.

2131 3074 2247 3129 Col.
2281 3075 2386 3128 659
2415 3075 2476 3129 Β.
2515 3079 2596 3129 Ex
2623 3075 2950 3130 attentione.
2987 3072 3438 3128 lmmutavimus
3474 3071 3571 3126 illa
3620 3070 3705 3126 in-

293 3144 415 3249 riopr
442 3145 646 3249 ‘Basi-l'ii
702 3147 954 3249 habent,
989 3155 1051 3206 ut
1110 3151 1274 3249 LXX,
1327 3154 1477 3249 Psal.
1528 3175 1725 3228 xxxiii,
1758 3162 1792 3214 8
1819 3181 1952 3234 nap-
1981 3183 2024 3249 ρ
2064 3163 2353 3236 terpretis,
2379 3188 2406 3213 «
2440 3180 2566 3234 que
2597 3165 2667 3218 ad
2700 3163 3250 3235 obtemperandum,
3289 3166 3344 3216 et
3375 3160 3701 3232 diligenter,

292 3226 529 3303 εμϐαλεῖ
576 3234 794 3310 Κύριος,
842 3241 1342 3311 castrametabitur,
1377 3243 1520 3300 Beza
1571 3226 1952 3322 veroperpe-

293 3339 446 3390 ram,
479 3325 671 3380 Castra
698 3330 930 3382 metatus
959 3338 1059 3385 est.

368 3422 514 3478 Ibid.
549 3424 587 3477 Α
623 3425 707 3479 10.
740 3425 1092 3495 Angelorum.
1127 3429 1294 3500 Apud
1341 3431 1476 3487 LXX
1510 3431 1782 3504 legimus,
1815 3436 1952 3489 κατὰ

292 3509 528 3584 ἀριθμὸν
577 3510 828 3586 ἀγγέλων
883 3519 1036 3586 Θεοῦ,
1101 3519 1260 3574 iuxta
1288 3537 1582 3577 numerum
1625 3525 1953 3595 angelorum

293 3601 414 3667 Dei,
451 3605 509 3655 et
541 3601 620 3656 ita
650 3601 1029 3675 Novatianus,
1058 3605 1160 3661 lib.
1185 3608 1257 3662 De
1289 3611 1564 3678 trinitate,
1596 3618 1652 3667 et
1684 3614 1950 3681 Ruﬁnus,

293 3688 445 3743 libro
495 3690 564 3744 De
605 3690 887 3760 Symbolo,
938 3699 995 3748 et
1043 3694 1447 3769 Hieronymus,
1500 3698 1597 3756 lib.
1652 3718 1693 3756 ιι
1745 3704 1805 3757 in
1848 3703 1952 3757 Mi-

292 3777 509 3835 ehaeam
539 3799 552 3845 ;
588 3779 866 3851 Origenes
897 3799 1152 3855 quoque,
1185 3785 1422 3842 homilia
1460 3788 1529 3842 28
1570 3791 1628 3844 in
1659 3795 1950 3861 Numeros,

301 3888 321 3913 ι
359 3868 633 3922 Filiorum
666 3869 781 3937 Dei,
813 3871 922 3937 vel,
958 3876 1021 3926 ut
1064 3872 1122 3928 in
1158 3873 1288 3930 aliis
1336 3876 1771 3948 exemplaribus
1801 3879 1950 3950 legi-

294 3973 457 4022 mus,
490 3957 738 4026 ﬁtiorum
787 3961 1000 4015 Israel:
1046 3983 1072 4010 ››
1106 3980 1281 4032 quam
1336 3965 1410 4019 ob
1461 3982 1703 4022 causam
1753 3967 1948 4038 suspi-

291 4050 508 4100 cantur
537 4047 778 4118 quidam
828 4048 886 4104 in
937 4049 1292 4121 quibusdam
1332 4054 1765 4126 exemplaribus
1799 4055 1951 4112 LXX

290 4133 686 4206 interpretum
712 4136 796 4191 ita
826 4138 1108 4210 scriptum
1135 4141 1337 4208 fuisse,
1362 4147 1425 4198 ut
1455 4159 1522 4198 ex
1545 4144 1782 4202 Ilsbreo
1815 4145 1950 4200 Vul-

289 4228 432 4294 gata
493 4224 718 4296 Latina,
775 4227 1022 4296 ﬁliorum
1079 4228 1268 4300 Israel,
1331 4231 1445 4287 nisi
1503 4233 1648 4290 forte
1696 4234 1948 4290 aliorum

289 4313 716 4383 exemplarium
752 4316 985 4372 nomine
1017 4334 1084 4374 ea
1117 4319 1302 4374 Biblia
1329 4319 1617 4377 intellexit
1645 4323 1947 4396 Origenes,

290 4419 424 4474 qua:
452 4419 818 4460 communem
839 4405 1096 4463 Grecam
1119 4409 1436 4466 editionem
1461 4415 1520 4466 et
1551 4411 1790 4468 mistam
1813 4429 1949 4468 con-

289 4491 562 4547 tinebant
583 4509 650 4548 ex
673 4493 804 4550 aliis
825 4494 1405 4568 interpretibus,cum
1431 4504 1658 4556 constet
1680 4501 1950 4572 Aquilam

289 4585 349 4635 et
409 4581 827 4653 Symmachum
901 4588 1100 4641 Grece
1155 4588 1412 4643 edidisse
1489 4588 1718 4661 ἀριθμὸν
1797 4590 1947 4660 ὑμῶν

289 4665 542 4740 Ἰσραήλ.
575 4671 721 4727 Beza
759 4689 993 4745 quoque
1032 4674 1128 4730 hic
1177 4677 1328 4732 satis
1375 4681 1640 4733 attentus
1671 4693 1784 4734 non
1817 4679 1946 4748 fuit,

289 4775 402 4814 nec
434 4758 578 4814 vidit
625 4758 760 4813 κατᾶ
807 4759 1063 4834 ἀριθμόν,
1113 4765 1402 4836 scriptum
1453 4765 1658 4832 fuisse,
1711 4784 1826 4822 non
1857 4764 1948 4820 καὶ

289 4846 552 4922 ἀριθμόν,
577 4851 752 4904 vertit
781 4853 960 4916 enim,
988 4860 1041 4908 et
1064 4869 1359 4908 numerum
1389 4856 1730 4926 angelorum.
1760 4855 1952 4910 Potuit

284 4941 515 5002 tamen,
548 4939 594 4993 si
631 4939 908 4994 attentior
939 4939 1167 5012 fuisset,
1193 4941 1339 4998 illud
1370 4943 1549 4999 etiam
1581 4943 1949 5000 animadver-

250 5035 252 5040 '
287 5031 437 5092 tere,
471 5025 564 5081 hic
613 5025 948 5082 conﬁrmari
980 5028 1212 5101 dogma,
1244 5032 1398 5103 quod
1435 5037 1678 5102 cogente
1707 5032 1948 5088 veritate

282 5114 600 5170 confessus
627 5120 720 5170 est
749 5115 1012 5172 scribens
1044 5119 1100 5172 in
1135 5137 1262 5191 cap.
1304 5137 1443 5175 xvm
1475 5122 1680 5177 Matth.
1717 5122 1805 5190 10,
1840 5139 1948 5177 an-

279 5203 453 5275 gelos
489 5204 827 5260 hominibus
878 5207 1253 5276 peculiariter
1299 5209 1568 5266 adhiberi
1613 5211 1947 5267 custodesa

278 5293 408 5350 Deo
440 5294 720 5350 adversus
770 5295 1042 5351 Satanam
1092 5302 1148 5352 et
1190 5298 1454 5371 impuros
1483 5298 1751 5371 spiritus,
1782 5303 1848 5356 ut
1879 5315 1946 5356 ex

281 5381 564 5456 pluribus
592 5382 822 5439 Veteris
855 5386 1178 5454 presertim
1204 5387 1563 5444 Testamenti
1590 5387 1944 5445 testimoniis

281 5473 480 5545 liquet
513 5491 526 5527 :
551 5472 786 5528 tametsi
809 5472 1082 5531 Calvinus
1103 5475 1213 5532 hoc
1239 5482 1300 5532 ut
1316 5479 1627 5549 profanum
1650 5481 1708 5533 et
1727 5477 1944 5535 falsum

277 5567 684 5620 commentum
721 5561 948 5628 irridet,
981 5562 1243 5622 scribens
1272 5566 1331 5621 in
1361 5583 1436 5622 xv
1478 5569 1758 5622 Actorum
1793 5571 1852 5622 et
1882 5567 1942 5623 in

274 5652 588 5728 psalmum
635 5666 726 5722 xc,
760 5654 816 5709 et
845 5648 907 5706 in
947 5650 1196 5711 dubium
1228 5659 1458 5714 revocat
1487 5655 1588 5712 lib.
1622 5671 1643 5711 ι
1670 5655 1940 5727 Institut.,

2063 3271 2191 3324 que
2222 3253 2540 3308 commissa
2569 3256 2728 3318 sunt,
2754 3250 3485 3314 curandum,sanctiﬁcatm
3509 3252 3701 3304 sunt.»

2062 3342 2320 3416 Προσοχή
2381 3343 2537 3398 enim
2596 3340 2755 3397 aliud
2816 3344 3003 3404 sonat,
3065 3339 3222 3395 aliud
3272 3338 3507 3406 ὑπακοή⁶
3565 3339 3706 3392 Beza

2061 3447 2217 3494 vero,
2251 3431 2349 3501 qui
2381 3429 2750 3500 Trapezuntii
2780 3428 3104 3483 versionem
3131 3425 3444 3481 emendare
3475 3423 3706 3478 inutilis

2061 3535 2188 3575 esse
2219 3519 2436 3574 laboris
2458 3517 2862 3590 dixit,longius
2888 3534 2921 3572 a
2943 3519 3136 3572 mente
3157 3515 3416 3570 auctoris
3437 3511 3706 3568 discessit

2061 3609 2348 3664 scribens.
2383 3631 2412 3658 «
2445 3607 2696 3678 Spiritus
2743 3623 2811 3662 ex
2859 3623 2925 3662 eo
2965 3606 3118 3677 quod
3160 3605 3274 3659 Deo
3304 3607 3518 3666 astant,
3551 3606 3608 3657 et
3637 3617 3705 3657 ex

2061 3696 2379 3752 functionis
2413 3713 2534 3751 sue
2565 3697 2790 3750 ratione
2814 3695 3087 3764 praeditos
3109 3693 3316 3748 merito
3349 3709 3463 3747 non
3492 3691 3706 3747 dixeris

2061 3791 2269 3839 natura
2299 3787 2534 3839 sanctos
2566 3799 2715 3838 esse.
2746 3803 2773 3834 ι)
2811 3783 3089 3838 Homines
3119 3781 3336 3852 quippe
3367 3797 3526 3835 nove
3572 3778 3704 3834 reli-

2059 3872 2248 3945 gionis
2283 3886 2598 3943 precones,
2618 3871 2716 3941 qui
2740 3874 2956 3942 negant
2977 3870 3405 3924 incrementum
3428 3866 3626 3937 gratias
3649 3869 3705 3921 et

2059 3961 2582 4016 sanctiﬁcationem
2616 3959 2825 4015 mereri
2857 3975 2963 4014 nos
2991 3973 3178 4029 posse,
3211 3954 3561 4011 sententiam
3594 3957 3701 4006 Pa-

2058 4056 2212 4106 trum
2240 4067 2353 4106 non
2378 4048 2638 4121 capiunt,
2663 4064 2792 4103 cum
2819 4045 3171 4103 sanctiﬁcari
3193 4049 3492 4099 creaturas
3510 4042 3702 4097 studio

2059 4144 2116 4196 et
2145 4140 2464 4196 attentione
2494 4138 2784 4210 acquisita
2815 4137 3122 4192 sanctitate
3147 4131 3705 4201 concedunt,cujus-

2061 4229 2216 4284 modi
2258 4234 2341 4285 est
2373 4228 2469 4284 ille
2518 4228 2700 4283 nostri
2743 4227 2922 4297 hujus
2953 4223 3206 4280 auctoris
3261 4226 3466 4294 quest.
3506 4221 3577 4275 53
3608 4221 3703 4275 Re-

2058 4320 2239 4390 gular.
2293 4319 2550 4374 breviora
2601 4315 2894 4390 Ἃγιασμὸς
2927 4311 2983 4368 δέ
3021 4312 3129 4366 ἐστι
3179 4311 3242 4366 τὸ
3291 4310 3595 4364 ἀνακεῖσθαι
3621 4313 3700 4362 τῶ

2061 4407 2195 4481 ἁγίῳ
2244 4411 2360 4477 Θεῷ
2421 4405 2472 4476 ἐξ
2529 4403 2844 4478 ὁλοκλήρου
2903 4402 2991 4457 καὶ
3043 4399 3378 4461 ἀδιαστάτως
3429 4397 3480 4453 ἐν
3539 4398 3698 4452 παντὶ

2062 4501 2236 4570 καιρῷ
2268 4493 2355 4549 διὰ
2384 4492 2669 4572 φροντίδος
2715 4493 2803 4547 καὶ
2836 4489 3075 4561 σπουδῆς
3100 4495 3210 4546 τῶν
3260 4488 3407 4560 αὺτῷ
3453 4485 3704 4561 ἀρεσκόν-

2062 4605 2191 4640 των.
2223 4590 2538 4656 Propterea
2567 4584 2781 4656 pagina
2809 4599 3039 4654 quoque
3086 4579 3352 4652 sequenti
3409 4575 3700 4651 ἀγιασμὸν,

2065 4673 2229 4728 ἆθλον
2280 4679 2566 4747 προκοπῆς
2611 4670 2700 4726 καὶ
2748 4672 3148 4744 εὐαρεστήσεως
3193 4685 3322 4725 esse
3352 4667 3514 4737 dicit,
3546 4667 3703 4739 quod

2061 4766 2350 4836 interpres
2379 4768 2652 4832 verterat,
2687 4785 2713 4814 (ι
2745 4763 2827 4818 ita
2856 4766 3194 4834 comparata
3234 4764 3346 4826 est,
3374 4764 3437 4814 ut
3478 4755 3706 4812 virtutis

2059 4860 2117 4908 et
2144 4853 2353 4908 divine
2387 4851 2716 4907 dilectionis
2757 4850 3062 4922 premium
3105 4847 3571 4906 sanctiﬁcatione
3600 4845 3703 4902 ha-

2060 4944 2214 4998 beat.
2252 4965 2272 4991 ι

2137 5030 2282 5086 Ibid.
2318 5034 2376 5086 C.
2397 5031 2604 5098 Quibus
2628 5038 2830 5086 autem.
2855 5031 3241 5100 Interpretare
3256 5025 3495 5094 clarius,
3518 5046 3544 5074 «
3574 5022 3706 5088 Qui-

2061 5121 2171 5176 bus
2193 5126 2386 5176 autem
2411 5120 2732 5174 adventitia
2751 5125 2806 5175 et
2827 5119 3066 5175 aliunde
3082 5116 3414 5174 contributa
3435 5114 3590 5168 inest
3611 5113 3704 5166 bo-

2057 5211 2232 5280 nitas,
2263 5226 2331 5266 ea
2363 5209 2665 5264 mutabilis
2699 5214 2837 5263 sunt
2868 5207 3322 5277 nature.Neque
3354 5201 3509 5259 enim
3543 5200 3706 5272 Luci}

2058 5299 2144 5354 fer
2171 5298 2499 5366 cecidisset,
2533 5297 2633 5368 qui
2657 5312 2828 5353 mane
2849 5297 3167 5364 oriebatur,
3188 5308 3378 5365 neque
3410 5291 3468 5346 in
3491 5295 3701 5359 terra,»

2057 5397 2167 5444 etc.
2202 5388 2311 5443 Isa.
2346 5403 2460 5456 xiv,
2494 5386 2581 5439 12.

2131 5477 2278 5534 Ibid.
2337 5477 2382 5533 D
2421 5477 2476 5531 5.
2529 5479 2651 5547 Quo
2705 5480 2860 5546 pacto
2915 5478 3120 5531 tertze.
3171 5473 3266 5528 Sic
3323 5469 3698 5526 emendatum

2053 5585 2088 5624 a
2121 5569 2288 5624 nobis
2320 5572 2409 5624 est
2455 5583 2524 5622 ex
2570 5566 2741 5639 Regio
2773 5567 2838 5622 Η.
2886 5567 2944 5622 in
2996 5567 3192 5622 Greco
3241 5567 3425 5627 textu,
3475 5578 3606 5616 cum
3635 5561 3697 5617 in

2051 5657 2362 5716 Basiliensi
2390 5657 2682 5730 legeretur
2722 5658 2839 5720 πῶς
2883 5653 3066 5732 τρίτον
3105 5676 3120 5727 ;
3153 5659 3211 5712 et
3239 5654 3300 5710 in
3350 5649 3698 5724 Stephanea
