4124 6240
458 345 611 404 1051

1643 341 1878 401 NOTAE
1922 339 2371 402 FBONTONIS
2416 342 2675 403 DUCuEl

3718 341 3869 400 1052

461 491 717 547 quoque,
751 491 815 530 ac
868 475 1007 530 Beza
1037 475 1206 545 pejus
1236 472 1655 544 interpretatus
1693 475 1869 540 esset,
1905 494 1932 520 «
1965 488 2108 542 quo-
2139 472 2192 539 Α
2227 475 2462 544 Πνεῦμα.
2495 475 2558 530 Si
2606 473 2743 546 quid
2798 475 2996 529 arcani
3042 489 3169 528 cum
3228 472 3330 527 Deo
3376 485 3666 527 commune
3713 469 3872 526 habet

458 565 632 619 modo
665 564 898 620 tertium
933 563 1120 619 est?»
1154 561 1516 617 Existimavit
1545 562 1952 633 corrigendum
1991 562 2108 620 πῶς

459 653 680 728 τρίτον;
719 654 871 724 quod
905 657 961 708 et
1009 652 1226 708 Veneta
1275 651 1450 707 editio
1483 669 1596 723 prae
1642 667 1703 706 se
1738 652 1864 720 fert,
1898 650 1997 705 sed
2028 649 2107 705 ita

454 743 797 797 vertendum
845 746 988 810 erat,
1033 765 1060 790 ‹‹
1107 741 1400 812 quomodo
1451 742 1657 796 tertius
1691 740 1826 795 est?
1859 762 1886 790 »
1929 739 2107 794 nimi-

456 849 586 887 rum
633 833 885 903 Spiritus
931 836 1191 886 sanctus.
1227 831 1408 900 Major
1455 829 1764 885 oscitantia
1800 829 1909 884 fuit
1957 829 2106 898 ejus,

455 937 560 977 nec
592 926 789 976 tamen
825 921 895 976 ab
926 919 1199 975 Herodoti
1231 923 1476 991 patrono
1510 919 1940 988 animadversa,
1974 933 2108 972 cum

456 1015 799 1081 sequentem
843 1009 1112 1065 Jeremize
1157 1009 1351 1065 locum
1401 1008 1904 1079 interpretaretur,
1947 1005 2107 1060 Chri-

455 1104 572 1156 stus
620 1101 882 1156 Dominus
927 1099 1026 1154 sub
1087 1099 1246 1166 cuius
1290 1098 1613 1165 umbrarum
1661 1098 1756 1154 ala
1810 1097 2046 1151 vivimus
2089 1112 2109 1150 :

458 1207 594 1244 nam
654 1194 712 1244 et
769 1188 969 1244 omisit
1023 1188 1167 1251 illud
1218 1187 1278 1241 οὗ
1330 1184 1579 1258 ε’ίπαμεν,
1629 1192 1686 1242 et
1723 1186 1986 1242 ordinem
2017 1184 2107 1239 in-

451 1278 625 1334 vertit
650 1279 981 1347 verborum,
1012 1279 1094 1333 ita
1146 1279 1349 1334 dicens
1383 1295 1484 1349 pro
1519 1297 1547 1327 «
1578 1276 1689 1332 sub
1740 1275 1944 1330 umbra
1996 1273 2108 1329 ala-

453 1386 606 1424 rum.
643 1393 664 1421 ι
702 1369 949 1433 Quidam
986 1369 1140 1440 apud
1171 1369 1510 1435 Jeremiam,
1544 1367 1757 1422 Thren.
1798 1383 1874 1431 ιν,
1915 1362 2107 1420 2οεοὔ

453 1455 705 1528 εἴποιμεν,
766 1457 853 1512 Ἐν
909 1459 976 1528 τῇ
1037 1460 1160 1525 σκιᾷ
1216 1460 1322 1508 τῶν
1383 1453 1660 1528 πτερύγων
1722 1451 1885 1507 αὐτοῦ
1946 1450 2106 1522 ζησό-

455 1557 614 1618 μεοαι,
648 1547 733 1600 sic
767 1547 965 1601 Latine
997 1549 1344 1601 convertunt
1371 1562 1383 1600 :
1421 1545 1818 1614 Cuidiximus,
1849 1544 1962 1598 Sub
1986 1559 2109 1597 um-

458 1637 555 1690 bra
589 1636 813 1690 alarum
860 1636 976 1706 ejus
1025 1637 1286 1689 vivemus.
1319 1635 1427 1689 Sed
1479 1633 1857 1689 scribendum
1913 1631 2109 1704 potius

455 1724 666 1778 fuisset
708 1729 772 1778 ut
818 1730 907 1780 est
958 1723 1019 1777 in
1069 1723 1338 1794 Vulgata,
1372 1725 1478 1779 Cui
1523 1723 1790 1789 diximus,
1823 1723 1884 1777 In
1915 1721 2109 1776 umbra

457 1821 549 1867 tua
579 1814 847 1868 vivemus.
894 1814 958 1867 In
1011 1813 1268 1868 editione
1312 1813 1574 1868 Romana
1623 1812 1860 1878 rectius,
1902 1812 1976 1865 De
2005 1826 2110 1880 quo

455 1903 718 1973 diximus,
768 1906 831 1960 In
873 1905 1071 1959 umbra
1117 1905 1232 1976 ejus
1279 1904 1542 1959 vivemus.
1577 1903 1687 1958 Sed
1731 1902 2109 1958 Hebraismus

457 1999 546 2050 est
588 1995 644 2049 in
687 1995 879 2051 verbis
931 1995 1087 2059 LXX,
1121 1995 1181 2049 in
1229 2011 1340 2065 quo
1381 2011 1702 2066 pronomen
1732 1993 1854 2065 ejus
1902 1987 2107 2065 παρέλ-

455 2102 560 2154 κει,
594 2084 746 2139 sicut
790 2085 1002 2156 psalm.
1053 2099 1246 2155 cxun,
1283 2085 1352 2140 45
1383 2100 1398 2138 :
1431 2087 1638 2140 Beatus
1663 2084 1922 2155 populus,
1955 2082 2112 2153 cujus

461 2175 724 2229 Dominus
755 2179 901 2229 Deus
931 2175 1064 2243 eius.
1097 2176 1301 2246 Itaque
1332 2175 1538 2230 Latina
1567 2173 1883 2238 locutione,
1917 2175 2110 2226 amoto

465 2263 837 2330 Hebraismo,
895 2265 1210 2319 dicendum
1262 2269 1439 2331 esset,
1489 2265 1659 2332 Cujus
1714 2263 1962 2317 diximus
2016 2276 2115 2316 nos

460 2353 560 2408 sub
619 2355 814 2408 umbra
843 2354 1062 2410 alarum
1115 2370 1227 2410 esse
1256 2356 1534 2410 victuros.
1593 2354 1688 2408 Sic
1745 2351 2115 2417 Ambrosius,

465 2441 524 2496 in
583 2442 880 2512 psalmum
938 2460 1127 2513 cxvm,
1185 2443 1294 2497 Sub
1352 2447 1511 2515 cujus
1568 2442 1784 2508 umbra,
1846 2441 2111 2505 diximus,

463 2533 707 2586 vivemus
743 2571 755 2585 .
814 2533 922 2586 Sed
981 2549 1091 2587 vox
1143 2530 1420 2605 πτερύγων
1480 2532 1647 2586 abest
1718 2531 1789 2585 ab
1847 2528 2113 2586 Jeremias

465 2626 647 2689 textu,
682 2622 864 2677 ascita
895 2622 968 2677 ab
1016 2626 1270 2690 auctore,
1305 2639 1441 2677 cum
1491 2621 1619 2691 ejus
1653 2621 1900 2676 fortasse
1933 2622 2113 2680 menti

465 2711 874 2766 observaretur
912 2711 1058 2766 illud
1111 2711 1321 2782 psalmi
1363 2727 1469 2781 va,
1513 2711 1548 2763 2
1584 2706 1721 2763 εΚαὶ
1769 2705 1820 2761 ἐν
1871 2709 1940 2778 τῇ
1992 2708 2116 2774 σκιᾷ

464 2803 572 2852 τῶν
603 2797 884 2872 πτερύγων
918 2819 1013 2852 σου
1058 2796 1256 2867 ἐλπιῶ,
1289 2801 1356 2855 Et
1405 2802 1461 2855 in
1513 2798 1710 2854 umbra
1747 2799 1966 2853 alarum
1997 2802 2114 2852 tua-

467 2906 593 2944 rum
614 2889 840 2961 sperabo
874 2905 886 2955 ;
921 2887 1030 2943 hoc
1061 2896 1167 2951 est,
1191 2889 1250 2942 in
1283 2887 1560 2959 tegmine,
1593 2886 1704 2941 sub
1735 2884 2114 2957 protectione,

467 2979 619 3034 utin
671 2977 819 3050 psal.
869 2995 986 3044 XVI,
1037 2977 1091 3045 8,
1144 2975 1230 3030 Ἐν
1283 2974 1450 3048 σκέπῃ
1496 2978 1602 3027 τῶν
1652 2971 1933 3047 πτερύγων
1994 2990 2114 3046 σκευ-

461 3067 650 3128 πάσεις
684 3086 772 3139 με,
801 3069 863 3122 1η
904 3068 1142 3138 tegmine
1185 3067 1410 3121 atarum
1461 3073 1688 3120 tuarum
1716 3071 1962 3134 proteges
2009 3076 2112 3116 me.

463 3157 737 3228 Vulgata,
769 3156 877 3210 Sub
907 3158 1102 3211 umbra
1133 3156 1357 3210 alarum
1388 3158 1638 3209 tuarum.
1672 3153 1741 3208 Et
1769 3151 1930 3208 Isaiae
1959 3167 2110 3215 xux,

2217 562 2478 633 Spiritus,
2504 580 2629 618 cum
2658 579 2833 634 neque
2861 564 3078 618 alienus
3109 562 3183 618 ab
3215 576 3275 617 eo
3303 562 3396 627 sit,
3427 576 3602 632 neque
3619 563 3867 632 peregri-

2219 669 2351 722 nus,
2424 653 2701 726 profunda
2759 653 3120 724 judiciorum
3189 652 3310 723 ejus
3382 653 3621 706 scrutari
3702 659 3872 722 potest

2218 742 2265 812 (I
2297 743 2419 798 Cor.
2453 759 2514 808 ιι,
2551 743 2660 810 10).

2290 831 2408 887 Col.
2439 833 2546 886 666
2577 837 2626 887 A
2671 831 2739 887 14
2789 833 2974 903 Utpote
3020 832 3290 903 primum.
3337 833 3633 902 Interpres
3669 830 3868 885 edide-

2219 924 2329 989 rat,
2380 925 2442 974 ut
2471 922 2682 990 primus
2711 924 2763 976 et
2791 921 2974 989 major
3004 920 3256 976 omnibus
3302 927 3354 976 et
3383 919 3529 976 solus
3576 919 3706 975 talis
3739 921 3868 974 uni-

2217 1009 2398 1078 geniti
2425 1011 2663 1080 facturae
2695 1027 2708 1066 :
2737 1009 3053 1066 Carnarius
3101 1009 3286 1066 nihilo
3335 1009 3566 1076 melius,
3598 1019 3652 1065 et
3692 1011 3872 1080 major

2217 1100 2470 1154 omnibus
2498 1107 2552 1156 et
2597 1101 2746 1155 solus
2771 1099 2903 1155 talis
2934 1100 3213 1170 unigeniti
3240 1103 3517 1154 creatura.
3563 1098 3746 1170 Atqui
3775 1103 3874 1152 Eu-

2220 1189 2456 1245 nomius
2485 1188 2721 1245 nolebat
2753 1190 3036 1260 majorem
3070 1191 3240 1244 Patre
3272 1194 3328 1244 et
3374 1187 3513 1244 Filio
3544 1187 3871 1243 existimari

2217 1279 2498 1350 Spiritum
2534 1297 2548 1336 :
2586 1296 2698 1336 non
2733 1279 2915 1352 igitur
2949 1279 3234 1350 majorem
3279 1279 3578 1346 omnibus,
3611 1279 3715 1334 sed
3751 1295 3872 1334 om-

2219 1369 2384 1424 nium
2416 1369 2737 1424 maximum
2771 1386 2940 1440 opus,
2964 1367 3053 1424 vel
3085 1367 3352 1423 omnium
3376 1366 3693 1423 maximam
3722 1383 3872 1423 crea-

2217 1463 2433 1514 turam.
2479 1461 2544 1513 In
2592 1458 2787 1514 verbis
2839 1457 3062 1522 Basilii,
3108 1475 3238 1529 quae
3289 1460 3642 1529 sequuntur,
3675 1456 3872 1511 deerat

2216 1547 2459 1602 verbum
2492 1545 2679 1616 οἰκεῖν,
2713 1547 2869 1618 quod
2903 1563 2970 1602 ex
3000 1547 3200 1602 codice
3232 1545 3412 1617 Regio
3441 1545 3868 1618 supplevimus,

2220 1658 2250 1687 «ι
2282 1653 2387 1692 nec
2418 1636 2695 1692 deitatem
2728 1637 2786 1691 in
2820 1637 2988 1692 nobis
3012 1635 3276 1691 habitare
3306 1635 3538 1690 videtur
3566 1633 3868 1690 crederem

2221 1743 2399 1798 quam
2427 1727 2501 1782 ob
2533 1742 2773 1782 causam
2806 1730 3007 1797 postea
3037 1724 3176 1780 citat
3204 1741 3273 1780 ex
3300 1724 3600 1796 Apostolo,
3624 1725 3869 1796 Spiritus

2141 1851 2186 1916 B
2221 1817 2318 1871 Dei
2343 1815 2557 1871 habitat
2586 1819 2644 1870 in
2676 1815 2824 1871 vobis
2849 1815 2899 1884 (Ι
2931 1816 3061 1871 Cor.
3095 1831 3183 1884 ιιι,
3222 1813 3337 1885 16).

2290 1923 2406 1978 Col.
2440 1924 2546 1978 667
2573 1925 2618 1977 A
2665 1924 2751 1978 13.
2805 1923 3080 1979 Montium
3130 1930 3182 1977 et
3230 1921 3524 1991 inexpleti.
3558 1919 3740 1992 Atqui
3768 1919 3869 1975 hoc

2221 2012 2562 2084 epiphetum
2597 2017 2782 2082 terrm,
2819 2029 2935 2067 non
2967 2011 3118 2066 mari
3174 2010 3379 2065 tribuit
3409 2009 3686 2075 Basilius,
3722 2009 3870 2080 quod

2223 2101 2442 2172 alioqui
2487 2101 2780 2174 poeticum
2831 2099 3181 2156 Plutarchus
3226 2099 3406 2156 etiam
3448 2103 3741 2172 usurpat:
3774 2099 3871 2154 sed

2224 2209 2340 2247 non
2387 2208 2620 2264 semper
2666 2190 2900 2244 ἄπλετον
2953 2194 3124 2246 sonat
3172 2186 3451 2257 ἄπληστον
3497 2187 3587 2244 vel
3636 2185 3872 2261 ἀχὸρτα-

2226 2301 2372 2347 στον,
2409 2302 2436 2330 ι(
2469 2279 2835 2352 inexplebile,
2871 2302 2899 2331 »
2933 2279 3074 2351 quin
3125 2281 3325 2351 potius
3373 2278 3497 2343 alii,
3529 2281 3812 2348 tanquam
3843 2294 3874 2331 a

2224 2367 2445 2438 πελάζω
2486 2371 2827 2437 deductum,
2879 2367 3168 2442 ἀπρόσιτον
3217 2367 3540 2440 accipiunt,
3589 2371 3655 2422 ut
3707 2369 3873 2438 Hesy-

2225 2459 2418 2524 chius,
2472 2465 2529 2515 et
2582 2453 3052 2533 ἀπροσπέλαστον,
3113 2481 3140 2508 ‹‹
3205 2457 3624 2522 inaccessum;
3685 2479 3708 2508 ι
3773 2455 3870 2510 sed

2225 2549 2554 2622 simplicius
2586 2554 2675 2605 est
2705 2549 2946 2622 ἄπειρον,
2971 2568 2992 2595 α
3015 2546 3422 2619 magnitudine
3444 2548 3801 2600 immensum
3824 2561 3870 2599 ευ

2225 2640 2414 2694 scribe
2452 2639 2650 2709 igitur,
2683 2661 2711 2688 ί(
2746 2639 3047 2693 immensa:
3078 2641 3244 2692 terra:
3275 2640 3332 2690 et
3361 2634 3578 2690 inﬁniti
3611 2635 3812 2690 maris.
3846 2656 3872 2684 »

2225 2729 2506 2785 Caeterum
2565 2728 2624 2783 in
2672 2728 2866 2784 verbis
2913 2726 3183 2783 Eunomii
3225 2724 3543 2798 propositis
3591 2725 3876 2796 interpres

2226 2817 2440 2891 legisse
2467 2817 2636 2890 plura
2659 2817 2907 2882 videtur,
2940 2833 3115 2886 quam
3147 2815 3364 2870 suntin
3397 2814 3632 2870 excusis
3667 2815 3876 2869 Veneto

2227 2913 2282 2963 et
2313 2906 2618 2963 Basiliensi
2678 2906 2867 2972 libris,
2914 2906 3218 2972 nimirum,
3269 2901 3396 2958 ἀλλ’
3448 2901 3548 2956 οὐκ
3590 2901 3878 2976 ἀγέννητὸς

2227 2994 2389 3063 ἐστιν,
2423 3019 2450 3046 ‹‹
2485 2998 2585 3053 sed
2635 3014 2749 3052 non
2794 3000 2883 3052 est
2927 2995 3246 3067 ingenitus,
3281 3018 3308 3044 ››
3356 2994 3510 3065 quod
3544 2993 3876 3048 observavit

2227 3083 2362 3139 etin
2395 3084 2656 3155 margine
2697 3083 3006 3138 admonuit
3036 3081 3417 3138 doctissimus
3457 3081 3877 3146 Montacutius,

2227 3174 2328 3229 sed
2389 3177 2445 3229 et
2501 3189 2533 3228 a
2582 3171 2760 3244 Regio
2797 3188 3025 3245 queque
3083 3187 3196 3228 ms.
3247 3171 3468 3226 aberat.
3511 3170 3699 3225 Paulo
3753 3173 3882 3242 post

459 3246 515 3312 2,
547 3247 608 3301 In
639 3245 836 3300 umbra
865 3262 1068 3301 manus
1113 3261 1228 3299 suae
1254 3245 1496 3315 protexit
1542 3259 1628 3298 me
1659 3257 1673 3296 ε
1705 3240 1834 3294 Ὑπὸ
1863 3240 1961 3308 τὴν
1996 3235 2108 3291 ext-

2226 3221 2762 3320 emendavimusoex
2891 3221 2948 3317 ei
2975 3260 3174 3333 Steph.
3207 3261 3347 3316 edit.
3375 3221 3878 3333 προσπελάζονῗεος,

461 3355 568 3404 πην
612 3339 713 3401 τῆς
754 3334 940 3408 χειρὸς
993 3332 1182 3390 αὐτοῦ.
1233 3333 1341 3388 Sub
1382 3335 1721 3403 protectione
1750 3346 1945 3385 manus
1971 3346 2107 3384 suae.

463 3427 744 3480 Caeterum
795 3424 950 3479 hunc
997 3423 1190 3478 locum
1241 3421 1461 3493 passim
1509 3421 1582 3476 de
1637 3420 1866 3474 Christo
1911 3418 2110 3474 Salva-

466 3518 587 3568 tore
618 3512 959 3584 intelligunt
991 3513 1207 3581 Patres,
1239 3516 1303 3566 ut
1333 3513 1607 3577 Irenaaus,
1631 3509 1732 3564 lib.
1763 3525 1826 3564 ιιι
1850 3509 2112 3564 adversus

464 3605 726 3672 Hmreses,
760 3619 886 3672 cap.
922 3602 982 3656 11
1011 3621 1025 3670 ;
1059 3601 1452 3656 Tertullianus
1475 3617 1535 3654 ιιι
1563 3602 1623 3654 in
1652 3600 1947 3664 Marciam,
1982 3615 2108 3668 cap.

460 3693 534 3760 6;
563 3691 848 3746 Eusebius
877 3695 1110 3756 Cresam,
1140 3692 1217 3746 De
1262 3690 1542 3746 demonstr
1583 3689 1838 3759 Evanget.
1873 3705 1946 3757 ιν,
1980 3703 2108 3758 cap.

459 3781 565 3849 2’1;
597 3780 912 3853 Gregorius
943 3779 1351 3851 Nyss.,Contra
1378 3779 1625 3846 Judaeos,
1653 3783 1711 3834 et
1732 3778 2111 3841 Ambros.,vn

463 3873 520 3926 in
541 3872 768 3940 Lucam,
801 3887 928 3942 cap.
974 3871 1064 3925 16.

535 3978 654 4035 Col.
688 3979 794 4033 663
825 3983 862 4031 B
896 3979 982 4034 10.
1032 3979 1156 4034 Ilch
1201 3977 1335 4033 dicit
1374 3976 1521 4048 Spir.
1571 3974 1958 4030 Annotandus
2002 3972 2113 4028 fuit

461 4067 629 4124 locus
659 4072 853 4124 Actor.
905 4066 1150 4139 apostol.
1199 4084 1326 4138 cap.
1378 4083 1494 4132 XXI,
1528 4065 1614 4129 11,
1663 4080 1734 4119 ne
1779 4063 1912 4134 quis
1941 4063 2110 4131 forte,

463 4158 562 4229 qui
595 4157 656 4212 in
686 4157 1013 4214 versionem
1044 4157 1201 4212 Bezae
1227 4155 1518 4220 inciderit,
1543 4169 1760 4208 caecum
1791 4153 1999 4207 ducem
2021 4169 2113 4207 se-

466 4251 638 4302 cutus
664 4249 852 4313 erret;
889 4245 1061 4316 cujus
1091 4243 1389 4300 subtilitas
1421 4241 1516 4296 hic
1549 4241 1768 4295 frustra
1804 4240 1934 4294 fuit.
1968 4241 2112 4295 Cum

465 4336 622 4391 enim
655 4351 717 4391 se
745 4334 960 4406 legisse
1007 4351 1123 4389 non
1156 4331 1525 4388 meminisset
1553 4329 1612 4384 in
1655 4329 1811 4384 Actis
1843 4330 2113 4400 Agabum

465 4425 588 4480 haec
618 4424 793 4479 verba
824 4423 1139 4494 protulisse
1189 4419 1614 4493 prophetando,
1658 4422 1792 4473 Haec
1827 4418 1960 4474 dicit
1990 4419 2116 4488 Spi-

467 4515 610 4568 ritus
639 4520 895 4568 sunctus:
936 4513 1120 4567 Virum
1173 4511 1328 4580 cujus
1380 4511 1460 4564 est
1513 4522 1655 4562 zona
1708 4508 1840 4577 haec,
1876 4513 2008 4572 etc.,
2041 4507 2113 4562 ad

2219 3357 2508 3424 expuncto
2533 3351 2592 3406 in
2641 3350 2946 3406 Basiliensi
2999 3347 3568 3422 προσπλεονάζοντος,
3601 3354 3658 3404 et
3693 3349 3752 3404 in
3781 3349 3877 3404 Vc-

2219 3446 2354 3497 neta
2395 3436 2949 3514 προσπλεονάζοντες·
2991 3460 3020 3491 ‹‹
3062 3455 3176 3511 quo
3219 3440 3316 3506 iis,
3358 3457 3486 3511 quae
3518 3439 3707 3510 aspici
3741 3455 3877 3510 pos-

2219 3533 2380 3597 sunt,
2412 3529 2668 3585 admoto.
2704 3551 2732 3578 ››

2291 3637 2436 3693 Ibid.
2458 3617 2507 3691 l3
2540 3637 2626 3691 10.
2659 3636 2806 3706 Quid
2856 3636 3049 3708 igitur.
3084 3636 3224 3691 Post
3253 3637 3493 3690 verbum
3533 3657 3561 3688 α
3591 3638 3875 3707 oportet»

2220 3725 2695 3797 interrogationis
2728 3728 2867 3781 nota
2897 3725 3237 3781 collocanda
3268 3729 3377 3792 est,
3421 3729 3484 3779 ut
3515 3725 3575 3779 in
3612 3723 3829 3779 Graecis
3859 3738 3874 3777 :

2221 3816 2374 3886 apud
2425 3815 2797 3886 interpretem
2851 3815 2989 3870 item
3034 3813 3476 3870 immutavimus
3508 3813 3682 3880 illud,
3715 3835 3742 3861 ‹‹
3777 3829 3880 3884 per

2221 3905 2409 3960 filium
2439 3903 2774 3974 praebitum.
2811 3926 2838 3954 ››
2865 3903 2929 3959 In
2972 3921 3083 3959 ms.
3120 3903 3187 3959 H.
3237 3920 3342 3975 pro
3376 3905 3706 3971 ζωοποιοῦν,
3738 3902 3880 3957 scri-

2222 3999 2388 4066 ptum
2420 3997 2544 4049 erat
2574 3991 2865 4061 ζωοποιόν,
2900 4014 2928 4043 ‹‹
2977 3992 3298 4048 viviﬁcum.
3347 4014 3374 4042 »
3426 3991 3574 4047 Ibid.
3633 4013 3655 4039 ι
3689 3990 3881 4046 credi-

2223 4100 2357 4138 mus
2387 4091 2650 4153 spectare
2672 4105 2698 4132 ››
2726 4081 3097 4154 scripsimus,
3123 4097 3257 4135 cum
3281 4079 3592 4152 legeretur,
3632 4099 3654 4127 ι
3687 4077 3883 4134 credi-

2221 4189 2353 4228 mus
2401 4170 2550 4238 tieri,
2585 4193 2612 4221 ››
2673 4172 2829 4242 quod
2885 4169 3310 4242 Trapezuntius
3357 4169 3605 4225 fortasse
3653 4167 3884 4224 calamo

2221 4263 2520 4316 exarasset
2550 4281 2578 4311 «
2613 4259 2768 4315 ferri.
2802 4282 2830 4309 ››
2854 4263 2941 4314 Ita
2971 4258 3238 4330 sequenti
3272 4275 3404 4330 pag.
3436 4255 3575 4331 πρὸς
3604 4257 3703 4323 τήν
3731 4253 3886 4309 ἐνπν-

2223 4348 2503 4423 ορὼπησιν
2546 4351 2640 4402 τοῦ
2687 4345 2890 4420 Κυρίου
2928 4346 3182 4423 φὲρσυσα.
3217 4349 3570 4418 Trapezunt.
3606 4369 3633 4396 ‹‹
3669 4346 3886 4401 huma-

2222 4438 2465 4494 nitatem
2497 4437 2728 4492 Domini
2762 4453 3139 4492 concernens.
3168 4460 3194 4485 ››
3228 4435 3544 4493 Cornarius
3579 4434 3722 4490 dixit
3749 4458 3783 4485 (ς
3814 4435 3885 4490 ad

2222 4526 2685 4582 incarnationem
2740 4526 2974 4581 Domini
3022 4527 3292 4581 tendens.
3328 4547 3356 4575 »
3403 4525 3463 4581 S.
3506 4524 3888 4590 Ambrosius,

469 4618 640 4673 quem
670 4601 864 4656 locum
896 4599 1023 4655 sine
1055 4597 1236 4654 dubio
1265 4601 1533 4669 spectant
1555 4597 1676 4652 haec
1698 4597 1873 4653 verba
1893 4597 2114 4668 Basilii,
2146 4596 2193 4661 D
2225 4615 2425 4671 Basilii
2458 4615 2702 4686 vestigia
2750 4613 3034 4686 relegens,
3090 4614 3170 4669 ita
3201 4613 3394 4670 locum
3447 4615 3646 4680 Amos,
3681 4629 3758 4680 ιν,
3801 4614 3887 4680 13,

470 4689 809 4746 mutilatum
857 4705 988 4744 esse
1036 4687 1230 4744 locum
1262 4687 1628 4753 existimans,
1661 4687 1746 4742 sic
1775 4703 1910 4742 eum
1943 4686 2114 4741 resti-

467 4786 632 4836 tuere
664 4783 912 4836 conatus
943 4782 1032 4835 est
1066 4797 1082 4832 :
1113 4778 1320 4834 Idcirco
1365 4778 1609 4832 clamant
1633 4775 1908 4848 praphetaz
1932 4778 1993 4831 in
2025 4777 2114 4832 Ve-

467 4879 589 4928 tere
619 4871 974 4941 Testamento,
1007 4871 1128 4924 Haec
1156 4867 1289 4923 dtcit
1327 4867 1628 4928 Dominus;
1658 4869 1720 4920 in
1759 4865 1902 4920 Novo
1933 4873 2117 4920 autem

467 4960 746 5032 apostoli,
805 4961 929 5014 Haec
991 4959 1126 5014 dicit
1179 4957 1422 5029 Spiritus
1473 4957 1694 5010 sanctus
1728 4995 1740 5009 .
1801 4955 2116 5010 Cornarius

468 5050 645 5105 etiam
689 5047 978 5104 indicarat
1023 5047 1080 5102 in
1137 5045 1400 5115 margine
1444 5045 1633 5099 Actor.
1684 5060 1774 5108 xv,
1805 5042 1972 5098 citari
2006 5061 2116 5115 pu-

469 5145 602 5196 tans
645 5138 791 5194 illud
842 5136 1243 5209 apostolorum
1291 5134 1352 5189 iu
1410 5132 1654 5188 concilio
1706 5132 2117 5204 lIierosolym.,

477 5232 656 5288 Visum
689 5237 770 5285 est
801 5227 1036 5300 Spiritui
1067 5234 1259 5282 sancto
1288 5231 1339 5280 et
1378 5223 1533 5278 nobis
1566 5238 1578 5277 :
1608 5223 1708 5278 sed
1741 5222 1850 5278 hoc
1878 5223 1948 5278 ad
1986 5239 2116 5294 pro-

467 5320 724 5376 bandam
757 5318 1012 5390 Spiritus
1033 5315 1392 5371 divinitatem
1415 5311 1813 5384 sufﬁcit,quod
1835 5313 2117 5367 nimirum

470 5408 788 5481 prOphetiaa
820 5408 1043 5463 donum
1065 5403 1477 5468 distribuat,ut
1505 5400 1768 5457 indicant
1797 5401 2116 5473 prophetae,

472 5515 607 5555 cum
639 5515 709 5553 ex
739 5496 898 5552 illius
945 5510 1197 5569 persona
1245 5491 1590 5564 loquuntur.
1637 5490 1784 5546 Vide
1811 5488 2031 5545 librum
2060 5506 2116 5562 v,

474 5584 740 5662 λεγόντων
771 5589 877 5640 τῶν
904 5577 1248 5639 ἀποστόλων.

544 5695 700 5753 Ibid.
733 5699 771 5750 Ο
798 5696 855 5752 2.
886 5695 947 5752 Si
993 5696 1128 5767 quid
1171 5708 1296 5750 cum
1341 5691 1468 5748 Dea.
1502 5688 1766 5741 Κοινωνιῖ
1788 5688 1868 5760 τῷ
1915 5691 2030 5761 Θεῷ
2057 5685 2119 5742 τὸ

2225 4705 2463 4777 exponit
2492 4704 2596 4760 lib.
2630 4722 2690 4776 ιι,
2725 4721 2852 4776 cap.
2893 4705 2948 4771 7,
2980 4708 3062 4760 De
3096 4705 3313 4776 Spiritu
3343 4707 3541 4760 sancto
3570 4720 3583 4757 :
3617 4725 3646 4753 «
3679 4704 3890 4760 Nonne

2226 4795 2528 4851 evidenter
2543 4793 2830 4849 dictorum
2853 4793 3208 4850 testificatur
3229 4793 3411 4849 series
3433 4794 3506 4848 de
3528 4793 3703 4849 istius
3727 4810 3891 4848 crea-

2225 4889 2360 4960 tura
2391 4884 2596 4938 mundi
2622 4882 2883 4939 locutum
2919 4883 3266 4956 prophetam
3289 4883 3360 4937 ?»
3385 4883 3597 4938 Hausit
3617 4900 3686 4939 ex
3709 4883 3886 4956 Didy-

2228 4991 2346 5043 mo,
2378 4972 2507 5028 lib.1
2525 4973 2600 5028 De
2622 4972 2838 5044 Cpiritu
2862 4981 3068 5043 sancto,
3097 4971 3523 5044 quibbusadde
3545 4971 3668 5028 haec
3683 4989 3753 5028 ex
3774 4975 3885 5043 Cy-

2228 5061 2345 5118 rilli
2375 5062 2684 5118 Alexandr.
2736 5061 3159 5118 commentario
3190 5063 3249 5117 in
3291 5062 3450 5117 Amos
3484 5079 3496 5118 :
3533 5061 3754 5134 Πνεῦμά
3779 5082 3884 5138 φη-

2229 5173 2307 5206 σιν
2344 5149 2470 5224 οὐχὶ
2513 5150 2574 5204 τὸ
2623 5151 2762 5204 Οεῖον
2811 5149 2899 5204 καὶ
2951 5151 3100 5226 ἅγιον
3153 5148 3270 5223 (κᾶν
3322 5149 3366 5204 εἱ
3421 5145 3703 5223 μαίνοιντὸ
3742 5167 3884 5208 τινες

2225 5245 2335 5295 τῶν
2367 5239 2434 5293 τὰ
2465 5237 2598 5314 ὀρθὰ
2630 5235 2965 5318 διαστρέφειν
3017 5236 3516 5312 μεμελετηκότων),
3558 5238 3704 5295 ἀλλὰ
3731 5239 3883 5294 τουτέ

2226 5329 2288 5384 τὸ
2329 5326 2506 5404 ἀὲριὸν
2538 5349 2596 5383 τε
2624 5329 2711 5383 καὶ
2748 5327 3061 5403 ἐγκόσμιον,
3095 5352 3124 5380 ‹‹
3155 5329 3443 5402 Spiritum
3468 5330 3736 5386 nominat
3767 5347 3882 5386 non

2229 5420 2495 5475 divinum
2527 5423 2584 5475 et
2604 5426 2871 5475 sanctum
2897 5418 3155 5492 (tametsi
3179 5419 3422 5490 quidam
3445 5418 3527 5475 ita
3558 5419 3882 5483 insaniunt,

2231 5508 2331 5582 qui
2363 5514 2522 5565 recta
2567 5514 2892 5580 pervertere
2940 5509 3278 5579 conantur),
3329 5509 3430 5564 sed
3482 5509 3643 5565 hunc
3683 5524 3880 5565 acrum

2229 5604 2286 5656 et
2311 5599 2682 5654 mundanum
2716 5616 2729 5666 ;
2769 5623 2789 5650 ι
2825 5603 2883 5656 et
2908 5599 3282 5664 Theodoret.,
3313 5597 3373 5654 in
3404 5601 3753 5655 Comment:
3785 5599 3881 5655 ’0:

2226 5687 2289 5742 τὸ
2325 5687 2497 5761 μανδν
2527 5689 2627 5743 τοῦ
2677 5687 2836 5764 ἀὲρος
2880 5687 2974 5744 καὶ
3018 5687 3082 5742 τὸ
3124 5689 3330 5762 χαῦνον
3382 5685 3457 5748 εἰς
3505 5686 3600 5743 τὸν
3633 5681 3880 5764 φρικώδη
