4124 6240
349 377 502 438 1053

1407 374 1483 431 IN
1527 371 1806 433 LIBROS
1851 372 2165 432 CONTRA
2209 368 2658 431 EUNOMIUM.

3598 364 3755 424 1054

345 515 446 579 τῆς
491 508 724 584 βροντῆς
773 497 1106 578 μεταϐάλλει
1155 503 1381 568 κτύπον,
1417 498 1506 555 διὰ
1548 504 1656 555 τῶν
1717 501 1806 556 ὑπ’
1835 499 1998 554 αὐτοῦ
2033 522 2046 572 Α

2165 517 2250 564 ιεη
2276 496 2365 553 καὶ
2397 497 2518 559 Υἱὸς
2551 496 2638 551 καὶ
2675 498 2986 572 μονογενής,
3021 499 3082 553 ut
3113 495 3440 568 exigitipsa
3462 495 3752 568 interpre-

349 599 728 674 γεγενημένων
785 593 1002 666 ἀνέμων
1062 596 1252 647 τοῦτον
1317 591 1582 645 ἀνακινῶν
1641 591 1730 644 καὶ
1780 589 1998 662 συστρὲ-

348 706 488 765 φων·
529 687 686 752 ςιΟυί
745 701 937 742 aerem
999 699 1198 738 rarum
1257 699 1324 738 ac
1383 681 1617 737 mollem
1651 681 1710 736 in
1742 682 2001 736 sonitum

351 777 653 835 horribilis
677 774 918 831 tonitrui
953 772 1257 842 convertit,
1285 788 1350 827 ac
1380 771 1569 826 ventis
1615 787 1647 824 a
1691 787 1752 826 se
1797 767 2005 824 creatis

351 868 511 923 hunc
543 868 874 922 commovet
903 867 1083 934 atque
1112 861 1385 917 concitat.
1421 882 1449 910 »
1481 860 1655 915 Τοῦτο
1689 860 1917 914 videtur
1939 858 2008 913 le-

351 953 847 1029 gisseinterpres,
882 968 998 1006 non
1045 952 1261 1016 τοῦτον,
1296 949 1452 1020 quod
1511 950 1582 1004 ad
1634 963 1829 1005 aerem
1861 946 2006 1003 rele-

351 1047 603 1103 rendum
635 1046 745 1109 est,
780 1058 895 1096 non
930 1040 1001 1096 ad
1035 1039 1283 1096 tonitru.

425 1161 546 1218 Col.
576 1160 682 1214 670
711 1158 752 1214 C
781 1158 834 1212 5.
888 1155 1272 1227 Contemptum
1320 1171 1452 1211 esse.
1499 1153 1780 1223 Ἀθὲτησιν
1819 1152 2014 1223 aptius

355 1249 648 1323 expressit
674 1245 1010 1313 Cornarius,
1039 1267 1067 1295 «
1089 1244 1434 1300 substantiae
1458 1243 1950 1316 reprobationem,
1986 1263 2013 1290 »

354 1341 465 1396 Th.
521 1342 688 1402 Beza,
728 1358 750 1386 α
811 1333 1032 1390 aboleri
1083 1334 1275 1405 ipsius
1334 1332 1741 1405 hypostasim;
1779 1353 1807 1381 »
1855 1334 2017 1402 potes

357 1429 534 1485 etiam
562 1429 802 1492 vertere,
830 1446 857 1475 α
896 1423 1336 1495 abrogationem
1376 1438 1505 1478 esse
1535 1420 1952 1486 subsistentiis,
1989 1441 2016 1467 ››

357 1520 466 1575 hoc
490 1515 746 1584 est,ideo
767 1513 926 1585 rejici
945 1518 1048 1567 aut
1068 1511 1370 1583 reprobari
1391 1510 1842 1566 subsistentiam
1867 1509 2018 1579 ejus,

361 1607 518 1682 quod
551 1621 686 1662 eum
720 1620 846 1659 esse
907 1605 1234 1658 creaturam
1286 1604 1551 1673 negetur.
1588 1604 1887 1655 Postremo
1919 1597 2022 1652 illa

359 1697 538 1754 verba
569 1711 696 1767 qua:
727 1695 1058 1764 sequuntur
1088 1688 1426 1760 ἀξιωθῶμεν,
1455 1688 1773 1760 aliquando
1798 1687 2027 1767 censuif

365 1803 508 1842 mus
542 1764 917 1855 interpretem
950 1781 1022 1835 de
1054 1796 1161 1835 suo
1193 1778 1495 1848 adjecisse,
1524 1795 1652 1850 qua:
1684 1796 1718 1833 a
1739 1778 1952 1834 Veneta
1973 1764 2030 1829 et

2110 588 2253 644 tatio
2277 592 2630 660 ‘Trapezunt.
2665 593 2721 644 et
2751 589 2928 644 Bezae.

2184 679 2328 734 Ibid.
2367 681 2402 733 Β
2431 682 2466 732 2
2497 681 2635 734 Deus
2680 678 2824 733 enim
2849 694 2946 733 nec
2969 693 3092 731 cum
3121 675 3262 732 ullo.
3300 675 3752 730 Immutavimus

2114 768 2269 839 quod
2299 768 2614 840 scripserat
2642 771 3057 839 'I‘rapezunt.,a
3092 769 3238 822 Deus
3269 767 3426 821 enim
3457 766 3528 820 ad
3561 763 3759 820 omnia

2117 865 2172 915 et
2204 876 2304 931 per
2333 861 2532 916 omnia
2560 859 3041 931 incomparabilis
3073 863 3180 914 est.
3227 880 3255 908 ››

2193 950 2336 1005 Ibid.
2372 951 2413 1004 Β
2469 951 2550 1004 li.
2587 951 2735 1018 Quod
2782 952 2839 1004 in
2888 952 3077 1022 forma
3124 949 3240 1004 Dei.
3275 945 3597 1002 Dilucidior
3649 943 3766 1000 alia

2120 1039 2521 1110 interpretatio
2543 1055 2610 1096 ex
2632 1039 2832 1112 Steph.
2865 1056 2878 1094 :
2904 1061 2930 1088 ‹‹
2967 1037 3119 1094 Illud
3152 1038 3210 1092 in
3244 1037 3433 1091 forma
3455 1033 3577 1100 Dei,
3601 1036 3691 1088 est
3710 1032 3767 1086 in

2122 1129 2380 1184 essentia
2408 1129 2506 1184 Dei
2536 1146 2548 1183 :
2603 1145 2792 1200 neque
2849 1128 3002 1184 enim
3062 1127 3222 1182 aliud
3255 1131 3345 1181 est
3377 1126 3578 1190 forma,
3614 1121 3772 1176 aliud

2124 1216 2380 1271 essentia
2411 1216 2528 1272 Dei.
2567 1239 2595 1266 »
2627 1215 2887 1287 Respicit
2915 1214 3070 1271 enim
3102 1214 3294 1269 locum
3329 1211 3514 1279 Pauli,
3550 1207 3774 1280 Philip-

2128 1321 2294 1375 peos.
2327 1321 2389 1370 ιι,
2420 1306 2454 1358 6
2489 1321 2500 1360 :
2534 1306 2640 1373 Qui
2667 1322 2792 1361 cum
2832 1307 2889 1360 in
2919 1307 3099 1375 forma
3131 1305 3228 1359 Dei
3271 1311 3427 1368 esset,
3459 1317 3569 1356 non
3618 1299 3770 1368 rapi-

2129 1411 2279 1448 nam.
2310 1394 2395 1448 Ab
2426 1395 2627 1449 eadem
2663 1399 2856 1449 mente
2885 1393 3033 1448 illud
3075 1396 3163 1449 est
3192 1393 3249 1448 S.
3283 1389 3585 1447 Athanasii
3615 1387 3773 1443 hunc

2129 1481 2391 1555 Apostoli
2423 1483 2772 1538 versiculum
2799 1483 3144 1554 exponentis
3175 1482 3276 1536 lib.
3308 1497 3364 1535 1v
3392 1489 3583 1536 contra
3609 1476 3772 1533 Aria-

2131 1590 2250 1640 nos,
2283 1592 2340 1646 p.
2371 1576 2478 1629 255
2509 1595 2523 1643 ;
2558 1572 2672 1630 Οὐκ
2703 1573 2761 1627 ἐκ
2811 1573 3004 1647 μέρους
3037 1570 3094 1626 δὲ
3122 1575 3157 1641 ἡ
3189 1578 3288 1640 τῆς
3322 1570 3576 1636 θεότητος
3640 1585 3774 1639 μορ-

2136 1664 2235 1739 φὴ,
2293 1661 2438 1718 ἀλλὰ
2491 1662 2552 1716 τὸ
2604 1659 2887 1737 πλήρωμα
2939 1669 3038 1730 τῆς
3095 1666 3192 1714 to")
3250 1661 3458 1734 Ματρὸς
3520 1654 3776 1725 θεότητός

2139 1752 2249 1807 ἐστι
2301 1752 2361 1806 τὸ
2413 1753 2542 1806 εἶναι
2600 1755 2697 1806 τοῦ
2757 1752 2903 1823 Ποῦ,
2934 1751 3024 1805 καὶ
3083 1750 3213 1813 ὅλος
3243 1749 3371 1810 Θεός
3405 1748 3542 1802 ἐστιν
3577 1747 3604 1798 ὁ
3634 1743 3780 1804 Υἱόςο

375 1833 1178 1930 Ea-s-iliensibus‘ed-itionibus
1201 1833 1821 1934 εὺυοιιιιηῐλξιιοιουευια
1836 1866 2030 1936 potius
2061 1878 2108 1942 Β
2141 1867 2169 1942 ξ(
2202 1843 2328 1899 Non
2354 1847 2548 1942 τξυίθίξ)
2576 1859 2644 1942 ἐκ
2673 1843 3060 1942 Ρθτξθ-ἒιξίῖυξλ
3089 1843 3277 1942 forma
3297 1833 3788 1942 ἀθίξξιίίξξίῇηδθὺ

372 1964 630 2034 alicujus
657 1959 957 2033 popularis
979 1955 1234 2014 homilite
1257 1957 1551 2022 videntur,
1570 1972 1748 2028 quam
1774 1952 2030 2029 ἀνιιῤῥη-

377 2054 534 2106 τικοῦ
566 2048 753 2125 λόγου·
788 2048 889 2105 sed
922 2048 980 2102 in
1016 2045 1193 2119 Regio
1224 2050 1292 2100 Η.
1327 2051 1469 2101 sunt
1499 2049 1745 2118 reperta.

449 2166 572 2224 Col.
625 2167 725 2221 671
788 2166 846 2220 in
918 2163 1110 2219 titulo.
1172 2159 1578 2236 Ἀντιρῥητικοὶ.
1639 2163 1745 2216 Hic
1823 2159 2035 2217 titulus

383 2256 795 2329 przefigebatur
844 2253 904 2308 in
962 2251 1138 2324 Regio
1199 2251 1264 2307 H.
1319 2251 1461 2306 huic
1515 2251 1666 2306 libro
1717 2255 1945 2322 quarto,
1981 2254 2038 2304 et

382 2345 622 2402 omissis
676 2343 817 2411 illis,
845 2341 894 2395 ὲν
931 2341 998 2411 ᾧ,
1045 2341 1447 2412 sequebatur:
1483 2337 1730 2412 Ἀπορίαι
1789 2337 1876 2392 καὶ
1935 2334 2036 2390 λύ-

383 2452 538 2494 σεις·
601 2433 906 2504 Refutatio,
967 2431 1082 2485 sive
1139 2432 1466 2500 qumstiones
1526 2433 1578 2483 ct
1622 2429 1918 2484 solutiones
1971 2445 2040 2482 ex

383 2526 690 2596 Scripturis
745 2523 1011 2578 divinitus
1068 2522 1372 2592 inspiratis,
1403 2535 1572 2591 super
1621 2521 1710 2582 iis,
1757 2534 1882 2590 quae
1938 2519 2039 2572 ob-

385 2615 662 2686 jiciuntur
713 2612 778 2666 de
833 2611 974 2665 Filio
1032 2609 1092 2663 in
1147 2608 1294 2663 Novo
1346 2613 1396 2664 et
1451 2609 1633 2664 Veteri
1681 2609 2039 2664 Testamento.

387 2705 607 2760 Aberat
662 2705 857 2756 autem
916 2715 950 2754 a
994 2701 1215 2754 Veneta
1262 2699 1516 2754 editione
1563 2703 1809 2769 quartus
1862 2697 1956 2752 hic
1986 2701 2044 2752 et

393 2791 639 2865 quintus
695 2789 880 2859 liber;
943 2792 1260 2860 utrumque
1328 2787 1544 2860 Regius
1603 2788 2045 2858 manuscriptus

396 2881 684 2953 agnoscit.

466 2981 584 3035 Col.
619 2978 726 3032 672
763 2978 812 3032 A
853 2977 904 3032 4.
949 2975 1171 3048 Λέγεται
1203 2971 1316 3029 οὖν.
1351 2975 1693 3047 Conjunctio
1725 2972 1815 3028 οὖν
1849 2975 2049 3032 aberat

401 3087 437 3126 a
468 3085 582 3124 ms.
616 3067 718 3138 qui
747 3065 1049 3137 conspirat
1078 3081 1211 3120 cum
1244 3081 1310 3120 eo
1343 3081 1458 3136 quo
1489 3065 1721 3121 videtur
1763 3082 1906 3121 usus
1958 3064 2046 3120 in-

398 3163 657 3230 terpres;
689 3160 748 3212 et
777 3171 847 3210 ex
892 3170 1007 3226 quo
1055 3152 1221 3224 illud,
1254 3149 1473 3225 ψεῦδος,
1506 3153 1882 3222 correximus,
1917 3153 2050 3224 ψευ-

2140 1937 2254 1999 tur,
2283 1933 2382 1988 sed
2415 1949 2484 1987 ex
2511 1932 2739 2004 integra
2770 1933 2982 1988 deitate
3015 1930 3197 1986 Patris
3225 1928 3480 1987 essentia
3509 1925 3636 1981 Filii
3659 1941 3792 1979 con-

2142 2021 2351 2094 surgit,
2385 2027 2440 2077 et
2471 2021 2694 2077 solidus
2725 2022 2882 2076 Deus
2912 2025 3002 2077 est
3033 2020 3214 2076 Filius
3248 2036 3260 2074 :
3299 2042 3326 2069 »
3360 2018 3446 2074 sic
3485 2015 3646 2070 illius
3679 2011 3789 2068 loci

2143 2110 2510 2168 restituenda
2555 2115 2645 2166 est
2673 2112 2900 2178 versio;
2933 2114 2988 2166 et
3020 2111 3077 2165 in
3109 2110 3268 2166 Orat.
3299 2115 3500 2164 contra
3542 2101 3784 2160 Sabellii

2144 2181 2407 2273 gregales
2441 2218 2494 2270 p.
2525 2201 2631 2255 509
2665 2217 2676 2255 :
2711 2197 2868 2254 Ἀλλ’
2901 2200 2928 2252 ὁ
2962 2196 3020 2252 ἐκ
3071 2201 3166 2251 τοῦ
3216 2200 3349 2252 Θεοῦ
3400 2193 3527 2254 Θεὸς
3567 2191 3658 2245 ἴσα
3684 2187 3788 2258 ἕξει

2143 2293 2222 2360 τῷ
2249 2283 2588 2364 γεγεννηκότι
2619 2289 2755 2341 κοιτὰ
2783 2289 2881 2354 τὴν
2913 2287 3091 2364 φύσιν,
3126 2287 3200 2348 ὡς
3244 2284 3333 2339 καὶ
3385 2282 3597 2342 Παῦλος
3655 2298 3812 2362 μοιρογ

2145 2384 2333 2452 tussi,
2387 2377 2453 2431 τὰ
2509 2377 2613 2450 πρὸ
2677 2384 2778 2446 τῆς
2847 2376 3304 2450 ἐνανθρωπήσεως
3379 2368 3789 2446 ἐξηγούμενος·

2148 2470 2312 2539 Atqui
2355 2471 2407 2523 si
2454 2473 2599 2524 Deus
2645 2485 2714 2523 ex
2750 2469 2856 2523 Deo
2895 2471 2994 2536 est,
3023 2467 3149 2536 ﬁeri
3176 2465 3391 2536 nequit,
3423 2463 3557 2535 quin
3588 2461 3801 2515 ratione

2147 2569 2370 2617 natura
2393 2561 2557 2632 paria
2585 2561 2782 2615 habeat
2809 2575 2934 2614 cum
2963 2561 3214 2628 genitore
3243 2572 3362 2626 suo,
3393 2563 3456 2610 ut
3501 2558 3551 2609 et
3588 2551 3800 2607 Paulus

2150 2655 2402 2720 testatur,
2437 2651 2533 2721 qui
2559 2650 2626 2705 de
2659 2652 2734 2706 iis
2764 2665 2887 2721 qua:
2907 2651 3346 2705 incarnationem
3374 2647 3796 2718 praecesserunt,

2151 2743 2599 2812 explanationem
2627 2742 2786 2811 facit.

2225 2829 2344 2886 Col.
2375 2832 2482 2885 675
2507 2832 2556 2885 A
2580 2832 2635 2884 7.
2666 2832 2906 2898 Quorum
2939 2828 3162 2887 ewdem.
3197 2824 3612 2907 Emendandus
3645 2821 3796 2876 Grai-

2155 2937 2260 2976 cus
2291 2924 2484 2975 textus
2514 2920 2779 2975 omnium
2813 2919 3242 2987 editionum,ex
3273 2933 3384 2972 ms.
3407 2915 3575 2981 H.,ut
3600 2924 3804 2966 conve-

2157 3011 2282 3066 niat
2329 3026 2462 3065 cum
2501 3009 2872 3081 Trapezuntii
2925 3007 3431 3080 interpretatione,
3461 3000 3698 3075 ἐνέργεια
3748 2993 3806 3049 δὲ

2160 3096 2368 3172 Πατρὸς
2415 3095 2504 3150 καὶ
2556 3097 2682 3150 rios
2732 3096 2850 3168 μία.
2884 3096 3048 3153 Unde
3096 3101 3153 3152 et
3199 3095 3258 3150 in
3302 3095 3426 3149 loco
3456 3089 3700 3148 Joannis
3748 3103 3804 3154 ν,

2163 3188 2248 3253 19,
2277 3186 2550 3260 praecedit
2573 3202 2785 3241 nomen
2817 3185 3026 3254 Patris,
3067 3189 3124 3241 et
3152 3183 3418 3256 sequitur
3463 3180 3607 3237 illud
3659 3176 3805 3232 Filii.

401 3243 528 3346 ab."
561 3247 750 3346 {itque
768 3244 922 3346 Atinio
954 3243 1411 3346 inteflflmwmi
1445 3243 1528 3299 sic
1559 3243 1822 3346 adamari
1861 3243 2050 3346 versi?
2081 3247 2124 3316 θ
2166 3243 2330 3342 Be'z‘a,
2362 3275 2496 3331 licet
2525 3275 2585 3330 in
2614 3280 2774 3331 textu
2809 3243 3367 3346 Graaco'Steph.‘non
3400 3271 3568 3326 aliter
3595 3268 3808 3339 legere-

406 3334 666 3408 poterit:
705 3355 732 3384 «
767 3333 824 3387 Si
876 3348 1011 3388 vero
1062 3332 1246 3387 Filius
1302 3336 1514 3387 natura
1564 3333 1716 3388 Deus
1774 3347 1891 3387 non
1941 3334 2051 3396 est,

403 3426 559 3482 sicut
617 3423 717 3498 qui
777 3421 924 3479 falso
983 3422 1063 3477 dii
1121 3426 1425 3491 vocantur,
1456 3423 1672 3478 dicitur
1715 3427 1772 3478 et
1818 3437 1932 3489 non
1966 3424 2056 3477 est

402 3515 586 3570 Deus.
628 3535 656 3564 »

477 3603 620 3658 Ibid.
658 3602 744 3656 11.
779 3600 928 3669 Quod
957 3599 1266 3671 adoptione.
1303 3603 1415 3657 Hoc
1449 3603 1530 3658 ita
1559 3619 1693 3658 cum
1734 3601 1866 3658 aliis
1906 3601 2054 3655 duo-

408 3692 516 3748 bus
547 3691 967 3763 interpretibus
989 3691 1177 3746 eil'erri
1197 3691 1536 3762 maluimus,
1562 3709 1738 3764 quam
1769 3693 2053 3763 positione.

407 3781 624 3838 Paulus
647 3780 949 3852 apostolus
964 3777 1228 3833 υἱοθεσίαν
1252 3780 1528 3852 appellat,
1546 3786 1610 3836 ut
1631 3780 2055 3853 Ephesior.1,3,

409 3869 715 3946 Προορίσας
774 3871 923 3942 ἡμᾶς
987 3869 1063 3932 εἷς
1121 3869 1430 3932 υἱοθεσίαν
1481 3871 1586 3940 Qui
1633 3871 2059 3944 praedestinavit

410 3978 507 4016 nos
536 3964 597 4016 in
627 3961 874 4030 ﬁliorum
904 3960 1269 4032 adoptionem.
1349 3972 1352 3976 ί

482 4067 599 4123 Col.
631 4067 741 4124 674
797 4068 864 4121 Α.
931 4067 1062 4122 Vere
1118 4067 1398 4138 imposita.
1449 4065 1531 4122 Τὰ
1577 4064 1804 4136 ἀληθῶς
1864 4063 2062 4138 ὀνόμα-

407 4175 494 4212 τα.
524 4157 817 4226 Imo,qua-.
842 4173 972 4211 vere
993 4159 1134 4212 sunt
1167 4157 1426 4225 nomina,
1444 4159 1591 4212 notae
1621 4161 1760 4212 sunt
1793 4155 2060 4212 essentia

412 4264 614 4302 earum
639 4263 856 4313 rerum,
873 4263 1125 4318 quarum
1148 4251 1286 4302 sunt
1308 4246 1565 4303 nomina.
1581 4247 1726 4302 Beza
1746 4263 1947 4303 vocem
1966 4243 2063 4298 οὐ-

416 4334 534 4397 σίας
577 4335 974 4407 praetermisit.
1000 4337 1167 4409 Apud
1203 4336 1547 4392 Cornarium
1589 4352 1894 4409 perperam
1939 4335 2061 4391 edi-

413 4429 539 4480 tum
571 4429 679 4494 est,
717 4447 745 4476 «
777 4441 903 4496 quae
935 4441 1068 4481 vero
1099 4431 1238 4481 sunt
1268 4426 1533 4481 nomina.
1568 4447 1596 4478 ››

491 4531 638 4588 Ibid.
696 4531 754 4587 6.
816 4532 920 4588 Sed
957 4533 1092 4605 quia
1142 4531 1620 4605 incomparabitis.
1672 4533 1779 4588 Hic
1838 4548 2067 4604 quoque

2162 3370 2261 3422 tur
2285 3371 2461 3437 atque
2491 3365 2552 3420 in
2582 3364 2914 3434 Basiliensi,
2956 3363 3194 3436 scripsit
3241 3367 3457 3417 tamen.
3482 3382 3510 3409 ‹‹
3545 3360 3803 3424 Quorum

2163 3457 2366 3512 eadem
2389 3459 2478 3511 est
2498 3455 2668 3525 actio,
2691 3454 2895 3510 eadem
2920 3469 3153 3526 quoque
3188 3456 3279 3508 est
3307 3449 3582 3506 essentia.
3620 3443 3808 3501 Patris

2165 3551 2359 3602 autem
2401 3549 2458 3601 et
2485 3544 2613 3600 Filii
2647 3561 2764 3600 una
2794 3549 2884 3601 est
2913 3543 3083 3600 actio.
3116 3565 3145 3594 »
3180 3541 3356 3612 Atqui
3407 3534 3665 3613 ἐνεργείας
3715 3533 3809 3588 di-

2162 3635 2269 3705 xit,
2298 3651 2413 3691 non
2445 3629 2736 3707 ἐνέργειαν.

2237 3724 2384 3780 Ibid.
2439 3724 2478 3777 C
2532 3725 2617 3778 10.
2676 3722 2826 3796 Πρὸς
2883 3721 2945 3776 τὸ
3021 3721 3110 3775 καὶ
3187 3716 3492 3790 ἆδννοιμεῖν.
3550 3715 3813 3771 Verterat

2164 3813 2344 3880 idem,
2382 3835 2404 3862 α
2439 3816 2578 3866 Cum
2613 3813 2683 3867 ad
2717 3813 2824 3866 hoc
2856 3813 3032 3866 etiam
3067 3808 3440 3865 imbecillitas
3470 3806 3583 3878 ipsi
3615 3805 3812 3860 insit.»

2169 3901 2285 3956 Hoc
2313 3905 2424 3969 est,
2448 3901 2506 3955 Si
2531 3917 2642 3954 non
2668 3903 2859 3970 potest
2877 3913 3176 3970 generare,
3193 3901 3248 3953 et
3278 3893 3584 3951 deterioris
3609 3891 3813 3947 condi-

2166 3989 2342 4045 tionis
2373 3994 2462 4044 est
2492 4005 2670 4059 quam
2698 4005 3008 4060 generans,
3043 4010 3069 4038 ι(
3116 3991 3174 4042 et
3221 3988 3500 4058 prznterea
3554 3979 3809 4037 imbecil.

2166 4077 2385 4135 lis.»In
2412 4077 2676 4133 membro
2707 4077 2862 4148 quod
2893 4076 3298 4147 sequitur,pro
3333 4074 3406 4146 μή
3441 4091 3574 4125 ποτε
3602 4070 3815 4142 legitur

2170 4169 2230 4224 in
2279 4183 2391 4223 ms.
2426 4172 2518 4233 11.,
2556 4166 2630 4238 μή
2681 4186 2768 4219 πω
2817 4165 3084 4241 ἐγέννησε.
3121 4167 3243 4231 Quo
3289 4168 3455 4235 pacto
3503 4169 3560 4217 et
3601 4161 3815 4232 legisse

2171 4256 2630 4329 Trapezuntium
2663 4274 2778 4327 ptas
2812 4273 2874 4312 se
2905 4257 3016 4310 fert
3045 4256 3174 4326 ejus
3205 4253 3411 4320 versio,
3442 4275 3469 4303 «
3502 4250 3634 4321 etsi,
3667 4266 3818 4306 non-

2173 4349 2315 4403 dum
2348 4346 2586 4419 genuit;
2618 4367 2647 4397 »
2679 4347 2842 4413 Beza,
2872 4368 2899 4395 «
2933 4344 3043 4400 etsi
3075 4360 3379 4414 nunquam
3407 4340 3609 4415 genuit
3643 4358 3655 4396 :
3690 4363 3718 4389 ››
3751 4355 3821 4395 ex

2174 4436 2453 4508 Stephan.
2489 4440 2548 4492 et
2576 4435 2754 4491 Basil.
2791 4435 2865 4506 μή
2900 4453 3051 4489 ποτε.

2251 4544 2391 4599 Ibid.
2449 4544 2488 4597 C
2541 4544 2632 4599 13.
2675 4545 2739 4598 Ει
2786 4552 2974 4614 postea
3026 4544 3164 4598 sine.
3221 4540 3546 4612 Scripserat
3601 4538 3817 4610 Trape-

416 4623 623 4695 lapsus
648 4639 782 4678 cum
803 4624 1077 4680 Cornario
1109 4624 1436 4682 communis
1466 4630 1578 4694 est,
1611 4625 1670 4680 ni
1700 4623 1891 4694 fallor,
1931 4628 2046 4679 Tral

2177 4639 2366 4701 zunt.,
2405 4655 2430 4686 α
2450 4633 2538 4690 vel
2569 4649 2703 4688 cum
2734 4633 2914 4688 semel
2945 4631 3148 4699 voluit,
3179 4631 3397 4688 invitus
3425 4631 3485 4686 in
3519 4632 3816 4701 posterum

421 4711 716 4786 pezuntio,
750 4715 906 4786 quod
933 4713 997 4768 τὸ
1043 4711 1360 4789 ἀσύγκριτον
1413 4715 1584 4771 vertit
1639 4731 1754 4770 non
1786 4734 1817 4767 «
1845 4713 2070 4770 incom-

423 4801 707 4876 parabile,
731 4823 760 4852 »
815 4804 917 4859 sed
967 4825 996 4854 ‹‹
1041 4803 1586 4876 incomparabilis,»
1621 4806 1690 4860 ad
1722 4805 1950 4861 Patrem
1977 4819 2072 4859 re-

421 4892 662 4948 ferendo
696 4907 711 4947 :
745 4895 903 4948 Beza:
932 4897 1125 4949 autem
1157 4894 1433 4966 preprius
1462 4898 1552 4950 est
1593 4910 1773 4963 error,
1808 4893 1964 4965 quod
2009 4891 2074 4946 τὸ

429 4976 709 5054 μονογενὲς
740 4981 913 5037 vertit
944 5003 968 5032 ιι
1005 4982 1362 5054 unigenitus.
1399 5003 1428 5031 »
1459 4986 1534 5038 Ut
1574 4981 1756 5054 igitur
1802 4982 1875 5038 ab
1916 4985 2074 5038 utro-

425 5086 538 5144 que
565 5069 740 5142 lapsu
771 5070 886 5126 sibi
916 5074 1116 5127 caveat
1155 5070 1357 5138 lector,
1388 5071 1471 5127 ita
1499 5070 1716 5128 scribet
1745 5087 1760 5127 :
1794 5093 1821 5122 «
1853 5072 1909 5126 Si
1941 5071 2076 5126 uni-

430 5159 698 5232 genitum
730 5176 859 5216 esse
887 5159 1282 5233 generationis
1311 5177 1426 5215 non
1457 5165 1566 5230 est,
1599 5160 1699 5216 sed
1730 5161 1802 5216 ob
1833 5160 1888 5215 id
1921 5159 2078 5231 quod

428 5247 506 5305 sit
537 5248 1018 5321 incomparabile,
1050 5247 1390 5322 unigenitus
1421 5248 1598 5304 etiam
1627 5253 1717 5305 est
1745 5249 1914 5305 Pater
1946 5265 1960 5304 :
1992 5252 2081 5304 est

433 5337 592 5393 enim
622 5337 1126 5412 incomparabilis.
1158 5357 1190 5392 »

502 5453 651 5510 Ibid.
683 5455 734 5511 9.
768 5451 836 5509 Et
885 5454 914 5508 ὁ
960 5453 1107 5516 Υἱός.
1160 5454 1534 5511 Correximus
1579 5453 1851 5512 vitiosam
1885 5455 2082 5513 lectio-

435 5559 568 5598 nem
601 5542 777 5600 Basil.
811 5542 839 5596 ὁ
868 5543 993 5604 Υἱὸς
1025 5541 1132 5618 οὐχ
1162 5543 1372 5615 ἁπλῶς,
1398 5548 1456 5600 et
1486 5542 1645 5600 illam
1674 5544 2084 5616 manuscripti,

436 5632 518 5692 εἷς
549 5631 696 5699 Υἱός,
731 5632 914 5689 secuti
947 5633 1087 5690 edit.
1119 5632 1321 5706 Steph.
1356 5633 1585 5690 Rursus
1615 5632 1673 5688 in
1706 5633 1909 5690 eodem
1946 5634 2087 5691 arti-

439 5718 592 5790 culo,
624 5737 728 5794 pro
759 5720 788 5777 ὁ
818 5720 944 5784 Υἱὸς
972 5721 1060 5776 καὶ
1114 5721 1418 5799 μονογενής
1459 5720 1592 5793 ἐστι,
1625 5722 1973 5796 scripsimus
2018 5738 2090 5782 ex

2179 4727 2288 4778 est.
2328 4745 2348 4772 ι
2384 4722 2718 4790 Cornarius,
2751 4746 2779 4773 ‹‹
2812 4722 2901 4778 vel
2934 4740 3067 4778 cum
3100 4721 3283 4778 semel
3310 4722 3573 4789 voluerit,
3612 4721 3684 4776 de
3713 4735 3818 4774 cae-

2180 4819 2304 4868 tero
2345 4829 2459 4868 non
2491 4811 2632 4866 vult.
2670 4834 2698 4862 »
2729 4805 3068 4882 Ἀϐούλητος
3100 4828 3216 4868 non
3249 4827 3480 4883 semper
3527 4808 3819 4882 passivam

2183 4901 2361 4957 habet
2392 4900 2981 4972 signiﬁcationem,ut
3011 4902 3224 4958 Suidas
3253 4902 3451 4957 docet:
3487 4893 3823 4966 Ἀϐούλητον

2184 4988 2370 5060 κακὸν,
2401 4986 2684 5058 ἀθὲλητον,
2716 4988 2744 5044 ὃ
2776 4989 2840 5044 οὐ
2872 4988 3016 5054 Οὲλει
3045 5010 3152 5057 τις,
3182 4989 3270 5044 καὶ
3311 4983 3643 5056 ἁϐοὖλητος,
3679 4986 3706 5039 ὁ
3751 4984 3826 5057 μή

2191 5075 2551 5154 βουλόμενος.
2589 5101 2616 5130 (ι
2644 5079 3106 5136 Involuntarium
3141 5081 3357 5135 dicitur
3405 5078 3628 5135 malum
3672 5075 3829 5147 quod

2189 5169 2323 5240 quis
2355 5185 2469 5223 non
2502 5167 2646 5236 vult,
2680 5173 2739 5224 et
2767 5161 3217 5241 ἀϐούλητος,(]υί
3250 5186 3364 5225 non
3398 5167 3519 5224 vult
3545 5185 3558 5223 :
3585 5189 3613 5216 ››
3636 5181 3828 5222 exem-

2190 5256 2355 5331 plum
2386 5274 2454 5313 ex
2485 5257 2595 5313 hoc
2625 5257 2826 5312 Basilii
2854 5257 2979 5314 loco
3011 5263 3306 5331 suppetet.

2263 5365 2380 5422 Col.
2411 5367 2590 5421 678A
2649 5367 2732 5420 12.
2792 5365 2924 5421 Cum
2979 5383 3077 5422 nos
3133 5381 3463 5422 asseramus.
3521 5362 3834 5420 Obscurior

2193 5460 2317 5512 erat
2347 5460 2519 5512 antea
2549 5455 2839 5512 sententia
2885 5457 3162 5528 auctoris,
3209 5479 3228 5505 υ
3265 5456 3410 5512 Cum
3461 5473 3567 5512 nos
3614 5472 3838 5511 assera-

2196 5563 2329 5602 mus
2357 5546 2588 5602 Patrem
2620 5561 2748 5602 esse
2776 5561 3279 5617 semper,necesse
3307 5551 3398 5602 est
3424 5547 3600 5603 etiam
3628 5544 3840 5601 Filium

2197 5651 2325 5692 esse
2357 5651 2609 5708 semper.
2647 5634 2738 5693 Illi
2788 5633 2994 5690 dicunt
3035 5650 3193 5707 ergo,
3227 5635 3526 5707 quoniam.
3560 5661 3582 5690 ι
3619 5637 3730 5692 Sed
3781 5637 3840 5692 in

2196 5724 2392 5782 locum
2451 5725 2780 5782 Grecarum
2827 5740 3036 5782 vocum
3084 5721 3419 5801 δημιουργός
3462 5730 3521 5782 et
3578 5721 3840 5803 δημιονρο
