4124 6240
358 285 518 346 1055

1558 281 1606 338 Ν
1614 278 1792 340 ΟΤΛί
1836 281 2203 340 FRONTON
2214 283 2278 343 IS
2324 283 2584 344 DUCAEI

3626 270 3788 331 1056

353 415 462 492 γία,
509 415 555 472 si
608 414 1059 472 substituuntur
1107 427 1172 467 ex
1223 411 1484 467 Cornarii
1534 411 2102 484 interpretationeA
2133 409 2489 487 ἐπιτάττεται,
2554 412 2766 470 melius
2823 409 3016 466 verbis
3075 406 3338 464 Cornarii
3401 404 3790 478 exprimetur,

365 509 498 562 duae
529 504 673 571 istae,
708 526 734 551 ‹‹
784 503 976 574 opifex
1025 507 1080 556 et
1132 501 1456 572 opiﬁcium,
1512 523 1538 549 »
1591 502 1786 572 potius
1841 517 2020 571 quam

364 616 392 644 ‹‹
431 599 660 649 creator
689 597 744 647 et
776 596 1042 648 creatura
1074 613 1101 640 »
1133 591 1221 646 vel
1255 613 1280 638 ‹‹
1309 591 1524 646 creatio
1550 610 1574 641 ιι
1603 607 1736 646 cum
1771 595 1912 646 Beza
1933 589 2021 644 vel

364 681 1103 755 ’I‘rapezuntio,dilucidior
1129 681 1238 735 erit
1261 681 1468 746 oratio,
1493 682 1642 751 quod
1667 697 1799 735 cum
1826 696 2023 735 exem-

371 772 483 844 plis
519 772 706 840 magis
737 769 1088 824 conveniant
1119 769 1488 824 mdiﬁeatoris
1540 775 1596 824 et
1628 769 1972 825 navicularii
2009 787 2021 825 :

363 877 554 932 neque
575 861 729 916 enim
757 858 838 913 illi
864 861 1108 914 domum
1135 864 1233 913 aut
1258 859 1451 913 navim
1474 875 1670 914 creare
1700 859 2021 914 dicuntur:

367 954 428 1004 at
453 950 646 1021 opifex
669 948 1097 1019 aedificatorque
1130 947 1336 1004 mundi
1369 954 1524 1004 Deus
1549 952 1638 1004 est
1659 949 1834 1004 etiam
1867 947 2026 1003 Cice-

364 1039 516 1109 roni,
552 1055 568 1092 Ι
604 1039 673 1092 De
701 1043 906 1092 natura
937 1037 1180 1092 deorum.

438 1127 683 1182 (101.678
707 1131 763 1180 Β.
785 1128 1159 1198 Omnipotens.
1184 1127 1299 1181 Hoc
1325 1127 1621 1195 usitatius,
1640 1142 1816 1199 quam
1843 1149 1869 1176 ‹‹
1891 1127 2024 1182 0m-

368 1217 660 1285 nitenens,
695 1239 722 1266 »
755 1215 1128 1288 Trapezuntii
1157 1233 1169 1269 :
1204 1216 1288 1270 sic
1339 1216 1494 1272 enim
1551 1217 1716 1272 effert
1765 1217 2024 1272 Graecam

362 1321 566 1360 vocem
610 1303 996 1379 παντοκράτωρ
1043 1309 1248 1360 auctor
1303 1305 1454 1360 Itala:
1505 1305 2023 1378 interpretationis,

367 1410 437 1449 ex
485 1412 603 1466 qua
649 1395 756 1450 viri
807 1395 960 1449 docti
1014 1395 1182 1449 nobis
1229 1403 1447 1450 restare
1479 1399 1690 1465 putant
1719 1411 1818 1449 eos
1849 1411 2025 1449 sacras

368 1484 685 1554 Scripturaa
737 1483 938 1551 libros,
975 1500 1120 1554 quos
1165 1499 1232 1537 ex
1285 1483 1519 1538 Hebraao
1569 1483 1812 1538 minime
1856 1483 2030 1538 vertit

364 1575 420 1628 S.
459 1573 867 1644 Hieronymus,
918 1576 982 1626 ut
1030 1572 1341 1643 Sapientiae
1382 1589 1483 1643 v11,
1535 1575 1651 1628 25:
1698 1571 1797 1625 Καὶ
1854 1566 2025 1646 ἀττόρ-

369 1657 491 1732 ῥοια
542 1664 641 1726 τῆς
687 1661 784 1711 τοῦ
847 1659 1288 1731 Παντοκράτορος
1360 1656 1557 1730 δόξης’
1621 1662 1682 1716 Et
1743 1661 2027 1716 emanatio

367 1747 626 1817 quaedam
669 1755 746 1802 est
774 1749 1053 1802 claritatis
1107 1751 1497 1820 omnipotentis
1527 1751 1641 1805 Dei.
1677 1751 1837 1805 Adde
1871 1749 2024 1821 quod

372 1836 760 1906 Septuaginta
792 1837 987 1891 Graeca
1018 1835 1116 1890 illa
1165 1853 1301 1892 voce
1358 1839 1449 1894 usi
1509 1846 1649 1894 sunt
1695 1839 1766 1894 ad
1825 1838 2014 1910 expri-

369 1925 640 1980 mendam
675 1926 970 1980 Hebrzeam
1003 1936 1138 1988 31W,
1171 1927 1366 1994 Sadai,
1401 1944 1528 1999 quae
1561 1929 1712 2000 apud
1745 1928 2015 1984 Hebraeos

369 2030 549 2068 unum
587 2030 655 2069 ex
685 2015 884 2069 decem
923 2015 1019 2068 Dei
1056 2015 1414 2088 nominibus,
1436 2017 1798 2072 uberrimum
1826 2021 2015 2085 sonat,

368 2107 423 2157 et
482 2119 615 2157 eum
675 2104 846 2173 cujus
906 2103 1137 2158 bonitas
1197 2121 1298 2174 per
1357 2107 1658 2162 universas
1717 2094 2015 2162 creatuﬁas

371 2195 668 2262 permeat;
703 2196 1012 2264 propterea
1049 2191 1158 2246 Job
1202 2211 1324 2260 vm,
1356 2195 1410 2258 3,
1455 2195 1698 2250 vertitur
1725 2195 1786 2250 Ὀ
1843 2194 2016 2247 πάντα

372 2279 636 2349 ποιήσας·
691 2283 805 2352 Qui
860 2283 1047 2336 omnia
1097 2283 1264 2352 fecit;
1328 2283 1598 2356 Vulgata,
1654 2286 2016 2356 Omnipotens

371 2369 655 2424 subvertit.
718 2371 915 2438 Idem,
978 2386 1103 2441 cap.
1165 2387 1303 2435 xxii,
1360 2372 1431 2426 25
1481 2389 1493 2426 :
1544 2374 1731 2426 Ἔσται
1779 2369 1868 2425 οὖν
1921 2392 2014 2424 σου

375 2457 402 2509 ὁ
461 2455 856 2532 Παντοκράτωρ
931 2456 1176 2531 βοηθόςο
1234 2461 1352 2514 Erit
1424 2463 1602 2530 igitur
1671 2463 2016 2533 Omnipotens

372 2547 676 2601 auxiliator
734 2555 1083 2606 limantur
1144 2541 1373 2610 Σαϐαώο
1427 2554 1619 2605 autem
1672 2551 1842 2622 jungi
1871 2550 2020 2605 solet

374 2652 509 2690 cum
543 2635 900 2692 dictionibus
951 2633 1170 2708 Κύριος,
1203 2636 1291 2691 vel
1337 2636 1488 2708 Θεός,
1524 2644 1586 2693 ut
1632 2640 1860 2695 dicatur
1911 2636 2013 2691 Κύ-

376 2743 491 2798 ριος
555 2718 810 2791 Σαϐαὼθ,
851 2746 876 2778 α
920 2724 1205 2780 Dominus
1258 2728 1700 2800 exercituum,»
1758 2729 1844 2784 vel
1876 2731 2018 2784 Deus

375 2816 796 2886 exercituum,1
847 2815 986 2886 Reg.
1035 2829 1072 2878 ι,
1130 2815 1207 2868 3:
1260 2813 1359 2869 Καὶ
1420 2815 1562 2878 θύειν
1615 2821 1694 2889 τῷ
1754 2821 1869 2889 Θεῷ
1911 2824 2015 2870 Σα-

378 2896 552 2965 ϐαώθο
587 2904 650 2957 Et
703 2905 1024 2974 sacriﬁcare
1079 2903 1182 2957 Deo
1229 2908 1584 2962 exercituum.
1638 2909 1799 2964 Isaiae
1849 2925 1888 2975 ι,
1934 2908 2014 2961 9:

374 2990 439 3046 Ei
495 2992 569 3064 μὴ
631 2991 831 3067 Κύριος
893 2985 1123 3054 Σαϐαὼθ
1182 2989 1532 3066 ἐγκατέλιπε”
1582 3000 1703 3054 Nisi
1758 3000 2020 3054 Dominus

371 3085 714 3139 exercituum
747 3085 1084 3158 reliquisset.

2135 525 2162 552 «
2194 505 2486 576 siquidem
2522 504 2634 577 ipsi
2662 502 2926 574 jubetur.
2979 521 3006 548 »

2203 594 2322 651 Col.
2380 596 2487 649 682
2536 596 2575 650 C
2636 594 2687 647 4.
2740 593 2813 646 Et
2860 591 3046 645 omnia
3095 605 3164 644 ea:
3193 589 3455 660 apposito.
3492 587 3792 656 Interpres

2133 683 2473 755 scripserat,
2507 705 2535 733 ‹‹
2568 687 2625 738 et
2656 681 3130 754 quandocunque
3156 694 3224 733 ex
3249 675 3517 748 opposito
3549 674 3707 728 inter
3737 689 3799 726 se

2134 771 2478 827 dividuntur
2512 788 2524 827 :
2562 772 2738 827 etiam
2773 767 3207 825 innascibilitas
3241 762 3618 821 nascibilitati
3654 777 3795 816 con-

2133 862 2312 916 traria
2341 867 2449 917 est.
2475 863 2666 927 Quare
2688 860 2735 916 si
2771 859 2982 914 modus
3027 854 3426 913 subsistentiis
3467 850 3798 907 innascibi-

2137 949 2270 1006 litas
2302 967 2414 1006 non
2472 955 2579 1018 est,
2615 951 2717 1006 sed
2769 946 3126 1042 substantia,
3160 945 3354 1042 Pater“
3379 941 3520 997 Filio
3576 955 3795 1042 secun-

2135 1040 2276 1096 dum
2319 1040 2712 1096 substantiam
2739 1032 3070 1095 contrarius
3101 1035 3281 1092 erit.»
3317 1034 3491 1089 Porro
3522 1032 3594 1086 ad
3629 1047 3792 1086 oram

2135 1129 2244 1184 loci
2278 1128 2460 1199 illius,
2487 1131 2753 1186 Dominus
2784 1144 2984 1183 nomen
3014 1127 3139 1192 tibi,
3176 1126 3407 1180 notarat
3449 1119 3793 1184 Cornarius,

2135 1218 2345 1291 psalm.
2373 1237 2580 1286 Lxxxn,
2615 1220 2785 1290 cujus
2815 1218 2872 1273 in
2895 1233 3065 1272 versu
3094 1217 3159 1270 19
3188 1213 3441 1286 legimus
3474 1228 3488 1266 :
3522 1209 3623 1264 Καὶ
3652 1209 3793 1282 γνώο

2133 1328 2306 1361 τωσαν
2346 1351 2360 1378 ,
2421 1306 2503 1362 ὅτι
2563 1301 2741 1380 ὄνομά
2804 1327 2888 1360 σοι
2968 1303 3215 1380 Κύριος⁶
3285 1303 3350 1358 Et
3423 1304 3796 1371 cognoscant,

2135 1399 2267 1469 quia
2298 1414 2494 1454 nomen
2526 1400 2629 1454 tibi
2656 1398 2943 1466 Dominus,
2977 1395 3075 1450 ubi
3109 1392 3390 1449 Hebraice
3447 1394 3538 1446 est
3587 1386 3652 1442 τὸ
3709 1406 3796 1439 τεο

2134 1484 2583 1559 τραγράμματον.
2618 1486 2779 1552 Quod
2813 1489 3010 1541 autem
3045 1483 3153 1539 hoc
3183 1481 3374 1554 capite
3427 1480 3796 1534 demonstrat

2136 1573 2390 1630 Basilius
2423 1575 2486 1627 τὸ
2511 1572 2824 1648 ἀγέννητον,
2857 1573 3188 1646 ingenitum
3227 1569 3312 1626 vel
3365 1565 3790 1622 innascibilita-

2138 1667 2254 1719 tem
2289 1681 2402 1720 non
2436 1664 2767 1736 significare
2788 1661 3180 1719 substantiam
3215 1659 3300 1716 vel
3326 1654 3786 1725 essentiam,sed

2138 1753 2375 1808 modum
2408 1755 2696 1822 essentiie,
2731 1753 2816 1808 vel
2851 1753 3090 1808 modum
3134 1747 3453 1806 exsistendi
3501 1759 3784 1818 personas,

2135 1842 2460 1898 admittunt
2508 1845 2685 1899 etiam
2734 1842 2830 1897 alii
2877 1843 3098 1911 Patres,
3134 1856 3283 1912 quos
3328 1837 3550 1909 profert
3591 1837 3787 1889 noster

2125 1931 2355 1988 Gabriel
2376 1932 2662 2003 Vasques,
2689 1932 2977 2003 Disputat.
3007 1931 3109 1986 137
3131 1930 3188 1983 in
3223 1946 3242 1983 ι
3273 1931 3499 2000 partem
3531 1925 3591 1979 S.
3624 1923 3779 1978 Tho-

2125 2036 2251 2085 mas,
2287 2025 2350 2075 ut
2394 2021 2663 2093 Cyrillus,
2699 2021 2802 2076 lib.
2838 2037 2855 2075 ι
2889 2020 3171 2088 Thesauri,
3203 2034 3331 2088 cap.
3374 2016 3426 2083 4,
3461 2014 3636 2083 cujus
3689 2010 3781 2064 hic

2124 2107 2337 2163 titulus
2386 2114 2522 2165 est:
2557 2106 2855 2182 Ἀπολογία
2899 2104 3200 2178 αὐτολεξεὶ,
3233 2105 3316 2159 ὅτι
3374 2104 3448 2177 μὴ
3500 2100 3568 2155 τό
3628 2096 3782 2173 ἀγέν-

2122 2217 2285 2266 νητον
2345 2195 2522 2265 οὐσία,
2556 2198 2722 2270 μόνον
2782 2195 2838 2251 δὲ
2892 2200 2987 2250 τοῦ
3054 2196 3131 2268 μή
3191 2191 3471 2269 γεγονέναι
3501 2191 3594 2244 τὸν
3654 2187 3780 2241 Θεὸν

2124 2284 2479 2357 σημαντικόν,
2515 2310 2542 2338 ‹‹
2575 2289 2736 2352 Quod
2767 2287 3094 2359 ingenitum
3127 2283 3465 2341 substantia
3496 2297 3614 2336 non
3671 2282 3781 2341 est,

2125 2375 2224 2429 sed
2250 2374 2621 2430 solummodo
2644 2377 2826 2430 Deum
2853 2393 2968 2430 non
2990 2391 3120 2430 esse
3141 2371 3404 2447 genitum
3428 2369 3772 2442 significat;-

2125 2468 2181 2517 et
2209 2480 2334 2535 cap.
2366 2465 2400 2518 3
2428 2465 2692 2534 ejusdem
2723 2464 2857 2520 libri
2893 2481 2905 2520 :
2939 2461 3054 2519 Οὐκ
3081 2459 3181 2535 ἄρα
3226 2460 3288 2514 τὸ
3341 2458 3634 2533 ἀγέννητον
3689 2451 3780 2508 οὗ·

2127 2548 2265 2608 σίας.
2299 2547 2444 2606 ἀλλὰ
2481 2556 2575 2605 τοῦ
2627 2553 2702 2624 μὴ
2751 2548 2990 2606 τοιῶσδε
3040 2551 3171 2604 εἶναι
3215 2549 3314 2616 τὴν
3350 2546 3534 2602 οὐσίαν
3572 2563 3782 2615 σημαν-

2123 2640 2294 2693 τικόν·
2313 2661 2341 2692 ‹‹
2365 2645 2490 2697 Non
2523 2657 2650 2697 esse
2681 2641 2860 2713 igitur
2882 2641 3208 2712 ingenitum
3233 2635 3658 2700 substantiam,
3683 2633 3782 2688 sed

2126 2731 2516 2787 substantiam
2563 2748 2678 2786 non
2727 2746 2857 2786 esse
2901 2731 2998 2785 tali
3061 2730 3233 2784 modo
3292 2726 3631 2799 signiﬁcat;
3668 2745 3696 2771 η
3728 2725 3783 2777 et

2125 2818 2438 2890 Gregorius
2460 2819 2760 2891 Nyssenus
2795 2819 2896 2874 lib.
2921 2835 3001 2874 xu
3032 2820 3297 2874 adversus
3325 2815 3698 2880 Eunomium,
3727 2828 3782 2882 p.

2126 2911 2230 2964 304
2264 2924 2276 2962 :
2311 2907 2373 2961 Ei
2430 2907 2492 2961 τὸ
2547 2907 2830 2982 ἀγέννητον
2893 2902 3066 2978 ὄνομά
3123 2926 3249 2982 φασι
3302 2904 3404 2972 τὴν
3436 2901 3625 2956 οὐσίαν
3689 2919 3785 2966 ση-

2133 2994 2361 3068 μαίνειν,
2393 2994 2482 3048 καὶ
2518 2996 2592 3068 μὴ
2624 2995 2684 3048 τὸ
2714 2991 2833 3049 ἄνευ
2886 2993 3059 3054 uitia:
3105 2994 3204 3060 τὴν
3260 2992 3550 3046 ὑπόστασιν
3612 2984 3784 3063 ἔχειν,

2129 3085 2272 3157 ποίῳ
2315 3083 2544 3157 ὀνόματι
2602 3084 2662 3137 τὸ
2713 3080 2836 3138 ἄνευ
2887 3083 3061 3145 αἰτίας
3121 3082 3254 3136 εἶναι
3283 3082 3375 3136 τὸν
3427 3077 3640 3153 Πατέρα
3695 3097 3785 3130 συ-

443 3173 591 3228 Ibid.
627 3174 668 3227 B
701 3175 788 3229 11.
815 3178 1018 3236 Rursus
1048 3183 1418 3252 interrogant.
1453 3180 1556 3236 Hic
1587 3195 1819 3251 quoque
1865 3178 2020 3234 dilu-
2051 3163 2094 3230 C
2133 3175 2390 3243 στήσουσι
2419 3192 2431 3241 ;
2465 3197 2492 3224 ‹‹
2527 3174 2584 3228 Si
2619 3190 2831 3229 nomen
2866 3175 2974 3229 hoc
3026 3174 3336 3246 ingenitum
3389 3167 3787 3226 substantiam

375 3261 676 3330 cidiorem,
711 3263 936 3336 Opinor,
997 3269 1413 3326 substituimus
1455 3269 1780 3324 versionem
1823 3268 2026 3340 ejectis

374 3348 491 3403 illis
521 3351 736 3420 verbis,
773 3374 800 3402 ‹‹
835 3371 907 3410 an
941 3373 1074 3412 cum
1110 3359 1188 3414 sit
1227 3363 1401 3413 natus
1430 3362 1517 3412 est
1546 3356 1745 3423 Filius,
1780 3374 1848 3412 an
1890 3373 2024 3412 cum

376 3454 493 3491 non
525 3438 621 3505 sit,
648 3463 668 3491 ι
708 3445 764 3494 et
803 3441 863 3496 in
895 3443 968 3500 iis
1000 3462 1122 3515 quae
1163 3450 1492 3517 sequuntur
1517 3445 1630 3500 alia
1669 3447 1975 3501 emendata
2009 3461 2022 3499 :

376 3527 472 3580 sed
522 3534 580 3580 et
629 3529 977 3596 majusculis
1028 3533 1240 3589 litteris
1289 3533 1388 3590 illa
1419 3535 1708 3589 ell‘erenda
1767 3535 2024 3602 fuerunt,

383 3635 404 3661 «ι
443 3613 768 3685 Aliquando
810 3623 865 3673 et
897 3620 958 3675 In
1014 3625 1293 3696 tempore,
1327 3631 1384 3679 et
1429 3628 1570 3678 Cum
1613 3628 1813 3680 esset:
1852 3645 1879 3675 ‹‹
1919 3623 2028 3678 hoc

378 3707 486 3774 est,
519 3726 546 3754 «
578 3703 700 3760 Non
735 3709 954 3765 audent
986 3711 1199 3781 dicere,
1235 3716 1318 3769 An
1349 3713 1687 3785 aliquando,
1723 3737 1750 3763 ››
1783 3713 1870 3769 vel
1900 3735 1929 3764 «
1965 3716 2026 3769 In

377 3797 640 3865 tempore
672 3796 749 3850 sit
778 3802 956 3854 natus
987 3801 1074 3856 vel
1107 3802 1359 3872 genitus.
1395 3825 1423 3852 »

451 3900 599 3956 Ibid.
647 3901 707 3958 C.
747 3904 832 3959 12.
868 3907 930 3960 Et
977 3910 1075 3977 qui
1117 3925 1262 3964 cum.
1305 3909 1688 3965 Distinximus
1748 3909 1865 3965 haec
1915 3910 2029 3964 duo

379 3989 508 4046 loca
565 3996 698 4048 ante
748 3995 992 4051 confusa
1044 3997 1100 4052 in
1161 4016 1344 4055 unum
1382 4014 1396 4055 :
1441 3999 1587 4055 alter
1613 3998 1768 4054 enim
1800 4002 1889 4054 est
1919 3999 2031 4054 He-

383 4079 692 4150 braeorum,
725 4098 765 4152 ι,
799 4084 852 4143 3,
887 4085 990 4153 Qui
1047 4103 1172 4142 eum
1211 4091 1285 4143 sit
1329 4088 1589 4159 splendor
1628 4106 1641 4143 :
1693 4087 1843 4144 alter
1897 4087 2032 4142 Phi-

390 4168 638 4241 lippeus.
667 4187 728 4240 ῐι,
763 4173 817 4241 6,
849 4171 938 4225 καὶ
970 4173 1028 4233 ὃς
1077 4172 1127 4227 ἐν
1174 4177 1362 4249 μορφῇ
1390 4179 1522 4230 Θεοῦ
1555 4174 1838 4251 ὑπάρχων,
1875 4177 2033 4248 quod

386 4274 691 4329 perperam
743 4261 907 4330 Beza,
945 4263 1049 4331 Qui
1087 4280 1210 4319 cum
1263 4266 1336 4319 sit
1381 4267 1440 4320 in
1489 4267 1670 4337 forma
1717 4267 1817 4320 Dei
1849 4282 1860 4319 :
1896 4281 2033 4320 nam

387 4350 444 4400 et
499 4346 626 4418 ipse
680 4347 740 4402 in
799 4352 962 4405 textu
1021 4351 1288 4422 Epistolas
1323 4354 1391 4408 ad
1429 4352 1839 4424 Pbilippenses
1870 4359 1925 4409 et
1974 4354 2034 4408 in

387 4433 548 4489 Notis
581 4435 706 4490 suis
738 4437 991 4493 reddidit
1020 4439 1243 4510 Latine,
1280 4442 1386 4510 Qui
1412 4458 1535 4498 cum
1565 4451 1702 4498 esset
1742 4445 1800 4498 in
1843 4443 2036 4515 forma

389 4521 488 4576 Dei
499 4563 510 4578 .

460 4608 577 4665 Col.
611 4610 718 4665 679
772 4614 816 4668 A
874 4614 927 4668 3.
963 4619 1138 4674 Homo
1193 4619 1340 4674 enim
1384 4619 1575 4677 altero.
1606 4625 1736 4677 Haec
1789 4622 2034 4679 obscure

390 4699 710 4756 admodum
733 4702 817 4757 sic
840 4703 1429 4780 edideratinterpres,
1455 4733 1480 4760 «
1517 4710 1692 4767 homo
1722 4711 1877 4767 enim
1926 4711 2036 4767 ho-

386 4789 546 4844 mine
608 4790 799 4862 magis
853 4811 968 4850 non
1003 4796 1219 4852 dicitur
1259 4815 1272 4854 :
1304 4799 1496 4856 bonus
1543 4805 1737 4856 autem
1773 4802 1945 4871 bono,
1980 4805 2037 4856 et

378 4879 583 4950 justus
607 4879 791 4949 justo.
814 4887 992 4940 nHaao
1025 4885 1302 4944 nimirum
1335 4893 1446 4960 est,
1471 4891 1624 4961 quod
1673 4890 1878 4945 dicunt
1909 4889 2036 4961 phi-

386 4967 642 5040 1030phi,
673 4970 1018 5030 Substantia
1047 4992 1160 5031 non
1195 4977 1444 5049 suscipit
1490 4979 1677 5050 magis
1719 4984 1776 5035 et
1815 4979 2032 5048 minus,

386 5058 486 5112 sed
541 5057 832 5129 qualitas:
873 5065 1028 5119 unde
1065 5066 1408 5123 Aristoteles
1456 5068 1513 5122 in
1565 5071 1750 5140 Categ.
1777 5091 1795 5124 .-
1824 5067 1933 5122 Οὐκ
1974 5066 2033 5122 ἂν

388 5142 700 5222 ἐπιδέχοιτο
732 5150 765 5217 ἡ
799 5149 958 5205 οὐσία
987 5151 1049 5206 τὸ
1085 5151 1296 5226 μᾶλλον
1329 5154 1418 5209 καὶ
1443 5154 1504 5208 τὸ
1535 5158 1717 5224 ἦττον.
1737 5158 2036 5215 Postremo

385 5255 435 5293 ο.
471 5255 549 5304 1x,
583 5255 652 5294 ex
679 5256 789 5294 ms.
824 5246 880 5296 et
907 5242 1185 5316 Stephan.
1222 5243 1517 5316 ἀρξάμενον
1551 5248 1897 5319 scripsimns
1934 5267 2035 5322 pro

384 5325 707 5400 ἀρξόμινον,
743 5352 769 5379 ‹‹
806 5333 958 5402 quod
991 5332 1231 5405 inempit
1260 5350 1409 5402 esse,
1442 5352 1556 5390 non
1587 5353 1836 5394 cessare.
1870 5361 1897 5389 »

458 5432 607 5490 Ibid.
641 5436 681 5492 Ο
714 5437 797 5492 13.
830 5439 958 5510 Ipsi.
1021 5441 1316 5496 Truncata
1378 5445 1503 5496 erat
1555 5442 1676 5498 haec
1724 5445 2034 5514 sententia,

389 5538 523 5577 cum
581 5521 875 5596 legeretur
921 5533 1115 5595 antea,
1153 5551 1174 5581 ι
1211 5528 1490 5602 quoniam
1521 5535 1579 5586 et
1607 5531 1717 5603 ipsi
1743 5532 2033 5603 jubetur:

390 5615 627 5670 coactus
658 5617 716 5669 et
747 5615 952 5674 nolens
984 5619 1301 5676 ministrat-
1336 5641 1365 5670 ››
1397 5619 1498 5676 sed
1531 5625 1588 5676 et
1616 5619 1762 5678 illud
1793 5619 1906 5698 εἷ’γι
1949 5619 2039 5677 καί

2135 3265 2301 3318 aiunt
2333 3263 2682 3334 signiﬁcare,
2717 3267 2775 3318 et
2803 3280 2916 3319 non
2949 3263 3172 3334 absque
3192 3277 3370 3316 causa
3399 3259 3629 3314 Patrem
3649 3256 3787 3312 sub-

2136 3352 2463 3408 sistentiam
2529 3353 2762 3417 habere,
2804 3369 2918 3424 quo
2994 3351 3230 3408 nomine
3278 3353 3504 3404 Patrem
3563 3347 3787 3417 absque

2137 3458 2314 3497 causa
2345 3458 2473 3497 esse
2503 3441 2904 3497 constituent?
2933 3462 2961 3492 »

2206 3550 2326 3605 Col.
2357 3550 2463 3604 683
2521 3550 2558 3604 B
2614 3551 2668 3604 5.
2701 3549 2809 3606 Sel
2864 3552 3041 3621 ipsum
3095 3547 3424 3603 substantia.
3478 3537 3785 3598 Αὖτοουσία

2137 3639 2373 3711 scripsit
2406 3639 2831 3711 typographus,
2850 3638 3153 3693 dubitante
3174 3637 3421 3691 fortasse
3439 3636 3782 3695 correctore,

2138 3745 2282 3784 num
2310 3728 2562 3783 Basilius
2605 3728 2799 3799 potius
2829 3728 3111 3782 edidisset
3151 3721 3459 3788 αὐτοουσία,
3492 3721 3786 3794 quomodo

2138 3822 2196 3872 et
2223 3818 2281 3872 in
2316 3817 2666 3888 Stephanosa
2699 3816 3024 3889 legebatur,
3055 3819 3110 3872 et
3156 3820 3302 3870 Beza
3330 3813 3594 3868 vertebat
3626 3827 3639 3865 :
3673 3832 3702 3860 «
3733 3808 3787 3863 Si

2140 3906 2438 3977 ingenitus
2487 3923 2602 3961 non
2663 3911 2754 3961 est
2799 3904 3070 3961 essentias
3129 3920 3365 3967 nomen,
3401 3902 3500 3956 sed
3537 3900 3789 3970 ipsamet

2141 3996 2394 4050 essentia
2425 4010 2440 4049 ε
2480 4017 2500 4043 ιι
2539 3994 2879 4050 Basiliensis
2911 3999 2968 4049 et
2997 3992 3209 4066 Regius
3241 3993 3336 4057 H.,
3364 3987 3492 4044 ἀλλ’
3535 3986 3667 4042 αὐτὸ
3698 3985 3790 4040 οὖ-

2143 4081 2249 4149 σία,
2285 4105 2313 4133 ‹‹
2349 4083 2448 4139 sed
2497 4083 2692 4154 ipsum
2727 4083 3063 4139 substantia
3093 4086 3183 4137 cst
3215 4099 3227 4137 :
3259 4101 3286 4133 ο
3324 4084 3383 4134 et
3431 4081 3513 4134 ita
3561 4092 3794 4149 quoque

2141 4173 2588 4245 'l‘rapezuntius.
2618 4173 2983 4245 Sequebatur
3017 4172 3170 4244 apud
3203 4169 3476 4226 eumdem
3509 4168 3792 4237 interpre-

2141 4268 2283 4330 tem,
2316 4286 2345 4314 «
2377 4279 2506 4321 cum
2542 4269 2599 4318 et
2630 4261 2810 4318 Filius
2841 4261 3174 4318 substantia
3217 4261 3313 4326 sit,
3346 4264 3405 4314 et
3455 4257 3584 4329 ipse
3631 4255 3796 4327 inge-

2145 4352 2305 4408 nitus
2337 4351 2670 4407 substantia
2700 4356 2810 4421 est,
2835 4355 2890 4406 et
2930 4350 3123 4406 omnis
3171 4347 3506 4404 substantia
3536 4344 3798 4416 ingenita

2145 4444 2266 4509 est;
2303 4464 2330 4491 »
2367 4442 2465 4496 sed
2499 4457 2634 4496 cum
2666 4441 2725 4496 in
2758 4439 3088 4508 Basiliensi,
3119 4437 3392 4508 Steph.et
3421 4452 3533 4490 ms.
3559 4435 3625 4490 Η.
3659 4433 3797 4488 scri-

2061 4535 2108 4600 D
2141 4537 2307 4602 ptum
2365 4530 2466 4598 sit,
2499 4527 2787 4603 ἀγὲννητος
2814 4528 2905 4582 καὶ
2958 4527 2986 4582 ὁ
3045 4525 3192 4596 Υἱός,
3241 4526 3452 4582 merito
3508 4524 3794 4579 immuta-

2142 4620 2359 4690 vimus,
2394 4642 2420 4669 ‹‹
2451 4618 2752 4691 ingenitus
2783 4618 2959 4674 etiam
2993 4617 3102 4674 erit
3134 4615 3335 4672 Filius.
3377 4638 3405 4665 »

2215 4725 2333 4781 Col.
2367 4727 2473 4782 687
2516 4730 2555 4780 C
2595 4727 2650 4782 3.
2687 4725 2746 4781 Si
2785 4724 2919 4797 quid
2964 4723 3135 4780 enim.
3183 4722 3248 4779 In
3298 4739 3412 4778 ms.
3458 4721 3597 4793 Reg.
3651 4721 3790 4776 scri-

2145 4820 2310 4887 ptum
2369 4815 2722 4871 offendimus
2780 4810 3022 4869 δεκτικὸν
3081 4811 3170 4867 καὶ
3246 4806 3534 4885 ἄνθρωπος
3594 4813 3790 4864 τοῦτο·

2145 4901 2284 4957 ἴδιον
2316 4900 2373 4958 δὲ
2401 4902 2710 4978 ἀνθρώπου,
2744 4903 3129 4976 quamobrem
3159 4901 3360 4958 addita
3391 4903 3480 4956 est
3511 4899 3798 4971 particula

2144 4993 2233 5048 καί
2281 4993 2455 5066 priori
2508 4994 2654 5065 loco,
2687 5010 2823 5049 cum
2867 4994 3099 5049 abesset
3143 5008 3178 5047 a
3206 4989 3516 5045 Basiliensi
3549 5006 3562 5044 :
3597 5004 3796 5044 verum

2147 5101 2217 5138 ex
2261 5084 2601 5155 Stephaniea
2650 5084 2844 5156 potius
2895 5083 2978 5138 ita
3025 5079 3428 5137 restituendus
3466 5083 3556 5134 est
3605 5082 3797 5134 textus

2147 5174 2379 5229 Graecus
2414 5191 2426 5229 :
2459 5169 2533 5228 Εἷ¹
2574 5193 2627 5226 τι
2684 5172 2786 5246 γὰρ
2850 5174 2986 5239 ζῶον
3041 5167 3289 5244 λογικὸν,
3322 5165 3541 5236 θνητὸν,
3583 5169 3679 5219 νοῦ
3709 5163 3791 5218 καὶ

2149 5261 2458 5334 ἐπιστήμης
2515 5257 2797 5334 δεκτικὸν,
2860 5257 3143 5334 ἅνθρωπος
3215 5260 3416 5328 τοῦτο,
3473 5253 3563 5309 καὶ
3639 5251 3794 5309 τοῦτο

2148 5353 2451 5425 ἄνθρωπος’
2484 5374 2512 5402 ‹‹
2542 5353 2690 5408 Nam
2729 5352 2779 5408 si
2811 5351 2969 5424 quod
3007 5354 3097 5405 est
3126 5347 3346 5404 animal
3376 5346 3622 5404 rationis
3667 5361 3796 5418 par-

2145 5442 2352 5514 ticeps,
2405 5441 2672 5513 mortale,
2721 5439 3122 5513 intelligentia
3178 5440 3235 5493 et
3281 5436 3535 5492 scientiae
3593 5451 3791 5508 capax,

2146 5531 2324 5588 homo
2383 5530 2528 5588 illud
2581 5536 2688 5600 est,
2721 5535 2780 5587 et
2826 5529 2974 5586 illud
3021 5532 3113 5586 est
3150 5525 3346 5583 homo.
3381 5547 3410 5576 »
3443 5523 3796 5597 Porphyrius

2150 5637 2277 5693 cap.
2329 5620 2364 5677 3
2419 5625 2519 5691 τῆς
2563 5618 2890 5698 Εἱσαγωγῆς
2947 5617 3057 5676 hac
3117 5615 3459 5674 definitione
3541 5612 3792 5672 hominis
