  <div class='ocr_page' id='page_1' title='image "/cluster/home/n/w/nwhite01/storage/ocr_20150623/30/hvd.32044073501827/536.png"; bbox 0 0 4124 6240; ppageno 0'>
   <div class='ocr_carea' id='block_1_1' title="bbox 307 362 460 422">
    <p class='ocr_par' dir='ltr' id='par_1_1' title="bbox 307 362 460 422">
     <span class='ocr_line' id='line_1_1' title="bbox 307 362 460 422; baseline -0.007 -1"><span class='ocrx_word' id='word_1_1' title='bbox 307 362 460 422; x_wconf 76' lang='grc'>1057</span> 
     </span>
    </p>
   </div>
   <div class='ocr_carea' id='block_1_2' title="bbox 1380 354 2645 419">
    <p class='ocr_par' dir='ltr' id='par_1_2' title="bbox 1380 354 2645 419">
     <span class='ocr_line' id='line_1_2' title="bbox 1380 354 2645 419; baseline -0.002 -2"><span class='ocrx_word' id='word_1_2' title='bbox 1380 359 1460 417; x_wconf 87' lang='grc' dir='ltr'>ΙΝ</span> <span class='ocrx_word' id='word_1_3' title='bbox 1504 356 1785 419; x_wconf 79' lang='lat' dir='ltr'>LIBROS</span> <span class='ocrx_word' id='word_1_4' title='bbox 1829 356 2138 416; x_wconf 74' lang='lat' dir='ltr'>CONTRA</span> <span class='ocrx_word' id='word_1_5' title='bbox 2188 354 2645 416; x_wconf 78' lang='lat' dir='ltr'>EUNOMIUM.</span> 
     </span>
    </p>
   </div>
   <div class='ocr_carea' id='block_1_3' title="bbox 3573 371 3729 432">
    <p class='ocr_par' dir='ltr' id='par_1_3' title="bbox 3573 371 3729 432">
     <span class='ocr_line' id='line_1_3' title="bbox 3573 371 3729 432; baseline 0.013 -3"><span class='ocrx_word' id='word_1_6' title='bbox 3573 371 3729 432; x_wconf 77' lang='grc'>1058</span> 
     </span>
    </p>
   </div>
   <div class='ocr_carea' id='block_1_4' title="bbox 298 487 1957 570">
    <p class='ocr_par' dir='ltr' id='par_1_4' title="bbox 298 487 1942 568">
     <span class='ocr_line' id='line_1_4' title="bbox 298 487 1942 568; baseline -0.007 -15"><span class='ocrx_word' id='word_1_7' title='bbox 298 497 610 553; x_wconf 86' lang='lat' dir='ltr'>contentus</span> <span class='ocrx_word' id='word_1_8' title='bbox 665 493 796 566; x_wconf 86' lang='lat' dir='ltr'>fuit,</span> <span class='ocrx_word' id='word_1_9' title='bbox 839 496 976 563; x_wconf 82' lang='grc' dir='ltr'>ζῶον</span> <span class='ocrx_word' id='word_1_10' title='bbox 1035 491 1260 568; x_wconf 84' lang='grc' dir='ltr'>λογικὸν</span> <span class='ocrx_word' id='word_1_11' title='bbox 1321 492 1514 561; x_wconf 83' lang='grc' dir='ltr'>θνητὸν</span> <span class='ocrx_word' id='word_1_12' title='bbox 1557 492 1586 546; x_wconf 85' lang='grc' dir='ltr'>ὁ</span> <span class='ocrx_word' id='word_1_13' title='bbox 1635 487 1942 564; x_wconf 74' lang='grc' dir='ltr'>ἄνθρωπος,</span> 
     </span>
    </p>
   </div>
   <div class='ocr_carea' id='block_1_5' title="bbox 2073 487 3723 570">
    <p class='ocr_par' dir='ltr' id='par_1_5' title="bbox 2073 488 3723 570">
     <span class='ocr_line' id='line_1_5' title="bbox 2073 488 3723 570; baseline 0.01 -27"><span class='ocrx_word' id='word_1_14' title='bbox 2073 505 2187 543; x_wconf 77' lang='lat' dir='ltr'>ram</span> <span class='ocrx_word' id='word_1_15' title='bbox 2218 488 2604 570; x_wconf 85' lang='lat' dir='ltr'>mutationem</span> <span class='ocrx_word' id='word_1_16' title='bbox 2625 505 2861 561; x_wconf 81' lang='lat' dir='ltr'>passam</span> <span class='ocrx_word' id='word_1_17' title='bbox 2891 508 3039 562; x_wconf 89' lang='lat' dir='ltr'>esse,</span> <span class='ocrx_word' id='word_1_18' title='bbox 3057 495 3316 566; x_wconf 90' lang='lat' dir='ltr'>primum</span> <span class='ocrx_word' id='word_1_19' title='bbox 3341 498 3505 556; x_wconf 91' lang='lat' dir='ltr'>illum</span> <span class='ocrx_word' id='word_1_20' title='bbox 3529 507 3723 560; x_wconf 87' lang='lat' dir='ltr'>ortum</span> 
     </span>
    </p>
   </div>
   <div class='ocr_carea' id='block_1_6' title="bbox 303 578 1960 656">
    <p class='ocr_par' dir='ltr' id='par_1_6' title="bbox 303 578 1960 656">
     <span class='ocr_line' id='line_1_6' title="bbox 303 578 1960 656; baseline -0.004 -16"><span class='ocrx_word' id='word_1_21' title='bbox 303 607 330 635; x_wconf 87' lang='lat'>«</span> <span class='ocrx_word' id='word_1_22' title='bbox 365 584 585 640; x_wconf 80' lang='lat' dir='ltr'>animal</span> <span class='ocrx_word' id='word_1_23' title='bbox 633 584 881 640; x_wconf 78' lang='lat' dir='ltr'>rationis</span> <span class='ocrx_word' id='word_1_24' title='bbox 932 584 1224 656; x_wconf 82' lang='lat' dir='ltr'>particeps</span> <span class='ocrx_word' id='word_1_25' title='bbox 1255 581 1520 649; x_wconf 86' lang='lat' dir='ltr'>mortale,</span> <span class='ocrx_word' id='word_1_26' title='bbox 1555 580 1752 637; x_wconf 87' lang='lat' dir='ltr'>homo.</span> <span class='ocrx_word' id='word_1_27' title='bbox 1783 599 1808 631; x_wconf 78' lang='grc' dir='ltr'>ι</span> <span class='ocrx_word' id='word_1_28' title='bbox 1850 578 1960 634; x_wconf 81' lang='lat' dir='ltr'>Ra-</span> 
     </span>
    </p>
   </div>
   <div class='ocr_carea' id='block_1_7' title="bbox 302 669 1961 746">
    <p class='ocr_par' dir='ltr' id='par_1_7' title="bbox 302 669 1961 746">
     <span class='ocr_line' id='line_1_7' title="bbox 302 669 1961 746; baseline -0.004 -16"><span class='ocrx_word' id='word_1_29' title='bbox 302 674 482 732; x_wconf 84' lang='lat' dir='ltr'>tionis</span> <span class='ocrx_word' id='word_1_30' title='bbox 512 674 808 746; x_wconf 78' lang='lat' dir='ltr'><strong>particeps</strong></span> <span class='ocrx_word' id='word_1_31' title='bbox 855 691 992 730; x_wconf 90' lang='lat' dir='ltr'>cum</span> <span class='ocrx_word' id='word_1_32' title='bbox 1025 674 1262 739; x_wconf 89' lang='lat' dir='ltr'>dicitur,</span> <span class='ocrx_word' id='word_1_33' title='bbox 1295 673 1367 729; x_wconf 91' lang='lat' dir='ltr'>ab</span> <span class='ocrx_word' id='word_1_34' title='bbox 1407 670 1766 728; x_wconf 81' lang='lat' dir='ltr'>animalibus</span> <span class='ocrx_word' id='word_1_35' title='bbox 1817 669 1961 724; x_wconf 91' lang='lat' dir='ltr'>bru-</span> 
     </span>
    </p>
   </div>
   <div class='ocr_carea' id='block_1_8' title="bbox 303 758 1962 834">
    <p class='ocr_par' dir='ltr' id='par_1_8' title="bbox 303 758 1962 834">
     <span class='ocr_line' id='line_1_8' title="bbox 303 758 1962 834; baseline -0.005 -14"><span class='ocrx_word' id='word_1_36' title='bbox 303 765 402 832; x_wconf 88' lang='lat' dir='ltr'>tis,</span> <span class='ocrx_word' id='word_1_37' title='bbox 435 780 572 820; x_wconf 87' lang='lat' dir='ltr'>cum</span> <span class='ocrx_word' id='word_1_38' title='bbox 626 780 761 820; x_wconf 89' lang='lat' dir='ltr'>vero</span> <span class='ocrx_word' id='word_1_39' title='bbox 819 763 1084 830; x_wconf 77' lang='lat' dir='ltr'>mortale,</span> <span class='ocrx_word' id='word_1_40' title='bbox 1115 763 1186 818; x_wconf 90' lang='lat' dir='ltr'>ab</span> <span class='ocrx_word' id='word_1_41' title='bbox 1238 761 1464 834; x_wconf 80' lang='lat' dir='ltr'>angelis</span> <span class='ocrx_word' id='word_1_42' title='bbox 1508 777 1640 816; x_wconf 92' lang='lat' dir='ltr'>eum</span> <span class='ocrx_word' id='word_1_43' title='bbox 1675 758 1962 830; x_wconf 79' lang='lat' dir='ltr'>distingui</span> 
     </span>
    </p>
   </div>
   <div class='ocr_carea' id='block_1_9' title="bbox 303 855 496 909">
    <p class='ocr_par' dir='ltr' id='par_1_9' title="bbox 303 855 496 909">
     <span class='ocr_line' id='line_1_9' title="bbox 303 855 496 909; baseline -0.005 0"><span class='ocrx_word' id='word_1_44' title='bbox 303 855 496 909; x_wconf 84' lang='lat' dir='ltr'>docet.</span> 
     </span>
    </p>
   </div>
   <div class='ocr_carea' id='block_1_10' title="bbox 375 940 1957 1017">
    <p class='ocr_par' dir='ltr' id='par_1_10' title="bbox 375 940 1957 1017">
     <span class='ocr_line' id='line_1_10' title="bbox 375 940 1957 1017; baseline -0.004 -17"><span class='ocrx_word' id='word_1_45' title='bbox 375 946 494 1002; x_wconf 92' lang='lat' dir='ltr'>Col.</span> <span class='ocrx_word' id='word_1_46' title='bbox 525 945 631 999; x_wconf 90' lang='lat'>689</span> <span class='ocrx_word' id='word_1_47' title='bbox 659 946 703 1000; x_wconf 87' lang='lat' dir='ltr'><strong>A</strong></span> <span class='ocrx_word' id='word_1_48' title='bbox 737 946 822 1000; x_wconf 82' lang='grc'>12.</span> <span class='ocrx_word' id='word_1_49' title='bbox 849 945 945 998; x_wconf 86' lang='grc' dir='ltr'>Ἦν</span> <span class='ocrx_word' id='word_1_50' title='bbox 998 941 1098 1017; x_wconf 75' lang='grc' dir='ltr'>ἄρα</span> <span class='ocrx_word' id='word_1_51' title='bbox 1126 963 1258 998; x_wconf 85' lang='grc' dir='ltr'>ταπ.</span> <span class='ocrx_word' id='word_1_52' title='bbox 1307 942 1598 998; x_wconf 87' lang='lat' dir='ltr'>Vitiosam</span> <span class='ocrx_word' id='word_1_53' title='bbox 1648 940 1957 996; x_wconf 85' lang='lat' dir='ltr'>lectionem</span> 
     </span>
    </p>
   </div>
   <div class='ocr_carea' id='block_1_11' title="bbox 301 1030 1960 1109">
    <p class='ocr_par' dir='ltr' id='par_1_11' title="bbox 301 1030 1960 1109">
     <span class='ocr_line' id='line_1_11' title="bbox 301 1030 1960 1109; baseline -0.005 -17"><span class='ocrx_word' id='word_1_54' title='bbox 301 1036 386 1092; x_wconf 91' lang='lat' dir='ltr'>sic</span> <span class='ocrx_word' id='word_1_55' title='bbox 406 1036 694 1109; x_wconf 81' lang='lat' dir='ltr'>expressit</span> <span class='ocrx_word' id='word_1_56' title='bbox 714 1036 1049 1103; x_wconf 87' lang='lat' dir='ltr'>Cornarlus,</span> <span class='ocrx_word' id='word_1_57' title='bbox 1072 1059 1099 1084; x_wconf 90' lang='grc'>‹‹</span> <span class='ocrx_word' id='word_1_58' title='bbox 1130 1035 1268 1089; x_wconf 84' lang='lat' dir='ltr'>Erat</span> <span class='ocrx_word' id='word_1_59' title='bbox 1292 1049 1428 1104; x_wconf 91' lang='lat' dir='ltr'>ergo</span> <span class='ocrx_word' id='word_1_60' title='bbox 1457 1030 1960 1101; x_wconf 87' lang='lat' dir='ltr'>humilius,quam</span> 
     </span>
    </p>
   </div>
   <div class='ocr_carea' id='block_1_12' title="bbox 298 1121 1962 1197">
    <p class='ocr_par' dir='ltr' id='par_1_12' title="bbox 298 1121 1962 1197">
     <span class='ocr_line' id='line_1_12' title="bbox 298 1121 1962 1197; baseline -0.005 -15"><span class='ocrx_word' id='word_1_61' title='bbox 298 1132 366 1182; x_wconf 89' lang='lat' dir='ltr'>ut</span> <span class='ocrx_word' id='word_1_62' title='bbox 400 1127 553 1182; x_wconf 85' lang='lat' dir='ltr'>Patri</span> <span class='ocrx_word' id='word_1_63' title='bbox 584 1127 940 1197; x_wconf 90' lang='lat' dir='ltr'>conveniret,</span> <span class='ocrx_word' id='word_1_64' title='bbox 979 1142 1177 1181; x_wconf 86' lang='lat' dir='ltr'>creare</span> <span class='ocrx_word' id='word_1_65' title='bbox 1221 1141 1311 1194; x_wconf 86' lang='lat' dir='ltr'>ea,</span> <span class='ocrx_word' id='word_1_66' title='bbox 1353 1140 1482 1194; x_wconf 65' lang='lat' dir='ltr'>quae</span> <span class='ocrx_word' id='word_1_67' title='bbox 1533 1140 1566 1177; x_wconf 93' lang='lat' dir='ltr'>a</span> <span class='ocrx_word' id='word_1_68' title='bbox 1616 1121 1756 1177; x_wconf 91' lang='lat' dir='ltr'>Filio</span> <span class='ocrx_word' id='word_1_69' title='bbox 1807 1121 1962 1175; x_wconf 85' lang='lat' dir='ltr'>facta</span> 
     </span>
    </p>
   </div>
   <div class='ocr_carea' id='block_1_13' title="bbox 294 1205 1960 1287">
    <p class='ocr_par' dir='ltr' id='par_1_13' title="bbox 294 1205 1960 1287">
     <span class='ocr_line' id='line_1_13' title="bbox 294 1205 1960 1287; baseline -0.007 -15"><span class='ocrx_word' id='word_1_70' title='bbox 294 1222 458 1287; x_wconf 90' lang='lat' dir='ltr'>sunt,</span> <span class='ocrx_word' id='word_1_71' title='bbox 489 1239 518 1267; x_wconf 86' lang='grc'>››</span> <span class='ocrx_word' id='word_1_72' title='bbox 553 1217 654 1272; x_wconf 86' lang='lat' dir='ltr'>sed</span> <span class='ocrx_word' id='word_1_73' title='bbox 687 1215 1056 1271; x_wconf 88' lang='lat' dir='ltr'>emendanda</span> <span class='ocrx_word' id='word_1_74' title='bbox 1104 1218 1192 1270; x_wconf 91' lang='lat' dir='ltr'>est</span> <span class='ocrx_word' id='word_1_75' title='bbox 1235 1230 1306 1269; x_wconf 86' lang='lat' dir='ltr'>ex</span> <span class='ocrx_word' id='word_1_76' title='bbox 1350 1213 1526 1283; x_wconf 84' lang='lat' dir='ltr'>Regio</span> <span class='ocrx_word' id='word_1_77' title='bbox 1576 1211 1666 1281; x_wconf 50' lang='lat' dir='ltr'>H.,</span> <span class='ocrx_word' id='word_1_78' title='bbox 1703 1208 1801 1263; x_wconf 71' lang='grc' dir='ltr'>οὐκ</span> <span class='ocrx_word' id='word_1_79' title='bbox 1858 1205 1960 1283; x_wconf 74' lang='grc' dir='ltr'>ἄρα</span> 
     </span>
    </p>
   </div>
   <div class='ocr_carea' id='block_1_14' title="bbox 291 1293 1959 1380">
    <p class='ocr_par' dir='ltr' id='par_1_14' title="bbox 291 1293 1959 1380">
     <span class='ocr_line' id='line_1_14' title="bbox 291 1293 1959 1380; baseline -0.005 -22"><span class='ocrx_word' id='word_1_80' title='bbox 291 1302 386 1358; x_wconf 79' lang='grc' dir='ltr'>οὖν</span> <span class='ocrx_word' id='word_1_81' title='bbox 415 1304 818 1380; x_wconf 76' lang='grc' dir='ltr'>ταπεινότερον,</span> <span class='ocrx_word' id='word_1_82' title='bbox 853 1303 936 1360; x_wconf 86' lang='lat' dir='ltr'>vel</span> <span class='ocrx_word' id='word_1_83' title='bbox 992 1319 1061 1359; x_wconf 85' lang='lat' dir='ltr'>ex</span> <span class='ocrx_word' id='word_1_84' title='bbox 1109 1303 1391 1374; x_wconf 88' lang='lat' dir='ltr'>Stephan.</span> <span class='ocrx_word' id='word_1_85' title='bbox 1427 1317 1483 1372; x_wconf 88' lang='lat' dir='ltr'>p.</span> <span class='ocrx_word' id='word_1_86' title='bbox 1535 1300 1662 1366; x_wconf 84' lang='lat'>399,</span> <span class='ocrx_word' id='word_1_87' title='bbox 1706 1297 1806 1352; x_wconf 80' lang='grc' dir='ltr'>οὐκ</span> <span class='ocrx_word' id='word_1_88' title='bbox 1855 1293 1959 1372; x_wconf 72' lang='grc' dir='ltr'>ἄρα</span> 
     </span>
    </p>
   </div>
   <div class='ocr_carea' id='block_1_15' title="bbox 292 1387 1960 1475">
    <p class='ocr_par' dir='ltr' id='par_1_15' title="bbox 292 1387 1960 1475">
     <span class='ocr_line' id='line_1_15' title="bbox 292 1387 1960 1475; baseline -0.003 -29"><span class='ocrx_word' id='word_1_89' title='bbox 292 1391 598 1463; x_wconf 54' lang='lat' dir='ltr'>numen,</span> <span class='ocrx_word' id='word_1_90' title='bbox 661 1417 688 1444; x_wconf 84' lang='lat'><strong>«</strong></span> <span class='ocrx_word' id='word_1_91' title='bbox 748 1397 1022 1475; x_wconf 60' lang='lat' dir='ltr'>Non.est</span> <span class='ocrx_word' id='word_1_92' title='bbox 1096 1393 1279 1464; x_wconf 80' lang='lat' dir='ltr'>igitur</span> <span class='ocrx_word' id='word_1_93' title='bbox 1342 1389 1627 1445; x_wconf 87' lang='lat' dir='ltr'>humilius</span> <span class='ocrx_word' id='word_1_94' title='bbox 1706 1387 1960 1458; x_wconf 87' lang='lat' dir='ltr'>aliquid,</span> 
     </span>
    </p>
   </div>
   <div class='ocr_carea' id='block_1_16' title="bbox 295 1475 1957 1554">
    <p class='ocr_par' dir='ltr' id='par_1_16' title="bbox 295 1475 1957 1554">
     <span class='ocr_line' id='line_1_16' title="bbox 295 1475 1957 1554; baseline -0.006 -15"><span class='ocrx_word' id='word_1_95' title='bbox 295 1499 477 1554; x_wconf 87' lang='lat' dir='ltr'>quam</span> <span class='ocrx_word' id='word_1_96' title='bbox 502 1487 565 1538; x_wconf 88' lang='lat' dir='ltr'>ut</span> <span class='ocrx_word' id='word_1_97' title='bbox 604 1483 760 1538; x_wconf 89' lang='lat' dir='ltr'>Patri</span> <span class='ocrx_word' id='word_1_98' title='bbox 799 1481 1127 1548; x_wconf 87' lang='lat' dir='ltr'>conveniat,</span> <span class='ocrx_word' id='word_1_99' title='bbox 1143 1496 1337 1536; x_wconf 89' lang='lat' dir='ltr'>creare</span> <span class='ocrx_word' id='word_1_100' title='bbox 1359 1495 1484 1551; x_wconf 64' lang='lat' dir='ltr'>qua</span> <span class='ocrx_word' id='word_1_101' title='bbox 1509 1479 1658 1532; x_wconf 84' lang='lat' dir='ltr'>tiunt</span> <span class='ocrx_word' id='word_1_102' title='bbox 1679 1494 1712 1532; x_wconf 90' lang='lat' dir='ltr'>a</span> <span class='ocrx_word' id='word_1_103' title='bbox 1737 1475 1901 1532; x_wconf 88' lang='lat' dir='ltr'>Filio.</span> <span class='ocrx_word' id='word_1_104' title='bbox 1931 1498 1957 1523; x_wconf 88' lang='grc'><strong>››</strong></span> 
     </span>
    </p>
   </div>
   <div class='ocr_carea' id='block_1_17' title="bbox 297 1566 1955 1644">
    <p class='ocr_par' dir='ltr' id='par_1_17' title="bbox 297 1566 1955 1644">
     <span class='ocr_line' id='line_1_17' title="bbox 297 1566 1955 1644; baseline -0.006 -17"><span class='ocrx_word' id='word_1_105' title='bbox 297 1573 461 1637; x_wconf 83' lang='lat' dir='ltr'>Quod</span> <span class='ocrx_word' id='word_1_106' title='bbox 523 1572 814 1643; x_wconf 84' lang='lat' dir='ltr'>sequitur,</span> <span class='ocrx_word' id='word_1_107' title='bbox 843 1570 907 1624; x_wconf 82' lang='grc' dir='ltr'>οὐ</span> <span class='ocrx_word' id='word_1_108' title='bbox 964 1568 1064 1644; x_wconf 76' lang='grc' dir='ltr'>γὰρ</span> <span class='ocrx_word' id='word_1_109' title='bbox 1121 1568 1187 1637; x_wconf 79' lang='grc' dir='ltr'>ἦν</span> <span class='ocrx_word' id='word_1_110' title='bbox 1245 1586 1376 1621; x_wconf 87' lang='grc' dir='ltr'>ποτε</span> <span class='ocrx_word' id='word_1_111' title='bbox 1406 1566 1632 1639; x_wconf 75' lang='grc' dir='ltr'>ἃσοφος,</span> <span class='ocrx_word' id='word_1_112' title='bbox 1677 1566 1955 1620; x_wconf 85' lang='lat' dir='ltr'>immuta-</span> 
     </span>
    </p>
   </div>
   <div class='ocr_carea' id='block_1_18' title="bbox 299 1654 1956 1731">
    <p class='ocr_par' dir='ltr' id='par_1_18' title="bbox 299 1654 1956 1731">
     <span class='ocr_line' id='line_1_18' title="bbox 299 1654 1956 1731; baseline -0.006 -15"><span class='ocrx_word' id='word_1_113' title='bbox 299 1662 498 1718; x_wconf 89' lang='lat' dir='ltr'>vimus</span> <span class='ocrx_word' id='word_1_114' title='bbox 529 1661 609 1716; x_wconf 89' lang='lat' dir='ltr'>ita</span> <span class='ocrx_word' id='word_1_115' title='bbox 640 1678 870 1716; x_wconf 87' lang='lat' dir='ltr'>versum</span> <span class='ocrx_word' id='word_1_116' title='bbox 905 1660 956 1731; x_wconf 82' lang='lat'>(«</span> <span class='ocrx_word' id='word_1_117' title='bbox 993 1677 1108 1713; x_wconf 91' lang='lat' dir='ltr'>non</span> <span class='ocrx_word' id='word_1_118' title='bbox 1141 1658 1300 1714; x_wconf 91' lang='lat' dir='ltr'>enim</span> <span class='ocrx_word' id='word_1_119' title='bbox 1353 1661 1498 1724; x_wconf 90' lang='lat' dir='ltr'>erat,</span> <span class='ocrx_word' id='word_1_120' title='bbox 1539 1654 1775 1727; x_wconf 83' lang='lat' dir='ltr'>quando</span> <span class='ocrx_word' id='word_1_121' title='bbox 1834 1662 1956 1707; x_wconf 77' lang='lat' dir='ltr'>erat</span> 
     </span>
    </p>
   </div>
   <div class='ocr_carea' id='block_1_19' title="bbox 301 1748 700 1822">
    <p class='ocr_par' dir='ltr' id='par_1_19' title="bbox 301 1748 700 1822">
     <span class='ocr_line' id='line_1_19' title="bbox 301 1748 700 1822; baseline -0.008 -18"><span class='ocrx_word' id='word_1_122' title='bbox 301 1749 614 1822; x_wconf 78' lang='lat' dir='ltr'>insipiens.</span> <span class='ocrx_word' id='word_1_123' title='bbox 648 1748 700 1820; x_wconf 85' lang='grc'>››)</span> 
     </span>
    </p>
   </div>
   <div class='ocr_carea' id='block_1_20' title="bbox 373 1829 2035 1928">
    <p class='ocr_par' dir='ltr' id='par_1_20' title="bbox 373 1829 2035 1928">
     <span class='ocr_line' id='line_1_20' title="bbox 373 1829 2035 1928; baseline -0.007 -34"><span class='ocrx_word' id='word_1_124' title='bbox 373 1837 493 1895; x_wconf 91' lang='lat' dir='ltr'>Col.</span> <span class='ocrx_word' id='word_1_125' title='bbox 527 1838 628 1895; x_wconf 87' lang='grc'>691</span> <span class='ocrx_word' id='word_1_126' title='bbox 663 1840 701 1892; x_wconf 85' lang='grc' dir='ltr'>Α</span> <span class='ocrx_word' id='word_1_127' title='bbox 744 1838 799 1891; x_wconf 90' lang='grc'>5.</span> <span class='ocrx_word' id='word_1_128' title='bbox 851 1836 1032 1928; x_wconf 75' lang='lat' dir='ltr'>Quare</span> <span class='ocrx_word' id='word_1_129' title='bbox 1072 1835 1332 1928; x_wconf 53' lang='lat' dir='ltr'>ridetur.</span> <span class='ocrx_word' id='word_1_130' title='bbox 1383 1833 1674 1928; x_wconf 78' lang='lat' dir='ltr'>Interpres</span> <span class='ocrx_word' id='word_1_131' title='bbox 1725 1829 1906 1928; x_wconf 79' lang='lat' dir='ltr'>edidit</span> <span class='ocrx_word' id='word_1_132' title='bbox 1941 1846 1954 1884; x_wconf 87' lang='lat'><strong>:</strong></span> <span class='ocrx_word' id='word_1_133' title='bbox 1989 1863 2035 1928; x_wconf 81' lang='grc' dir='ltr'><strong>Β</strong></span> 
     </span>
    </p>
   </div>
   <div class='ocr_carea' id='block_1_21' title="bbox 301 1919 1959 1994">
    <p class='ocr_par' dir='ltr' id='par_1_21' title="bbox 301 1919 1959 1994">
     <span class='ocr_line' id='line_1_21' title="bbox 301 1919 1959 1994; baseline -0.007 -9"><span class='ocrx_word' id='word_1_134' title='bbox 301 1950 330 1979; x_wconf 89' lang='grc'><strong>‹‹</strong></span> <span class='ocrx_word' id='word_1_135' title='bbox 362 1930 554 1994; x_wconf 86' lang='lat' dir='ltr'>Quare</span> <span class='ocrx_word' id='word_1_136' title='bbox 585 1928 818 1985; x_wconf 88' lang='lat' dir='ltr'>videtur</span> <span class='ocrx_word' id='word_1_137' title='bbox 849 1926 920 1982; x_wconf 90' lang='lat' dir='ltr'>de</span> <span class='ocrx_word' id='word_1_138' title='bbox 949 1923 1343 1980; x_wconf 87' lang='lat' dir='ltr'>similitudine</span> <span class='ocrx_word' id='word_1_139' title='bbox 1373 1940 1437 1978; x_wconf 91' lang='lat' dir='ltr'>ac</span> <span class='ocrx_word' id='word_1_140' title='bbox 1471 1921 1776 1977; x_wconf 89' lang='lat' dir='ltr'>identitate</span> <span class='ocrx_word' id='word_1_141' title='bbox 1806 1919 1959 1991; x_wconf 88' lang='lat' dir='ltr'>ipso-</span> 
     </span>
    </p>
   </div>
   <div class='ocr_carea' id='block_1_22' title="bbox 297 2009 1955 2084">
    <p class='ocr_par' dir='ltr' id='par_1_22' title="bbox 297 2009 1955 2084">
     <span class='ocr_line' id='line_1_22' title="bbox 297 2009 1955 2084; baseline -0.007 -11"><span class='ocrx_word' id='word_1_142' title='bbox 297 2035 432 2073; x_wconf 89' lang='lat' dir='ltr'>rum</span> <span class='ocrx_word' id='word_1_143' title='bbox 466 2018 524 2073; x_wconf 90' lang='lat' dir='ltr'>in</span> <span class='ocrx_word' id='word_1_144' title='bbox 553 2016 831 2072; x_wconf 89' lang='lat' dir='ltr'>omnibus</span> <span class='ocrx_word' id='word_1_145' title='bbox 857 2013 1156 2084; x_wconf 89' lang='lat' dir='ltr'>similique</span> <span class='ocrx_word' id='word_1_146' title='bbox 1189 2009 1673 2078; x_wconf 86' lang='lat' dir='ltr'>substantia,non</span> <span class='ocrx_word' id='word_1_147' title='bbox 1705 2009 1778 2063; x_wconf 90' lang='lat' dir='ltr'>de</span> <span class='ocrx_word' id='word_1_148' title='bbox 1798 2023 1955 2063; x_wconf 88' lang='lat' dir='ltr'>crea-</span> 
     </span>
    </p>
   </div>
   <div class='ocr_carea' id='block_1_23' title="bbox 295 2095 1957 2177">
    <p class='ocr_par' dir='ltr' id='par_1_23' title="bbox 295 2095 1957 2177">
     <span class='ocr_line' id='line_1_23' title="bbox 295 2095 1957 2177; baseline -0.008 -14"><span class='ocrx_word' id='word_1_149' title='bbox 295 2114 434 2163; x_wconf 84' lang='lat' dir='ltr'>tura</span> <span class='ocrx_word' id='word_1_150' title='bbox 481 2123 550 2162; x_wconf 89' lang='lat' dir='ltr'>ea</span> <span class='ocrx_word' id='word_1_151' title='bbox 597 2107 776 2161; x_wconf 90' lang='lat' dir='ltr'>verba</span> <span class='ocrx_word' id='word_1_152' title='bbox 824 2103 1063 2158; x_wconf 82' lang='lat' dir='ltr'>dixisse.</span> <span class='ocrx_word' id='word_1_153' title='bbox 1120 2123 1148 2151; x_wconf 86' lang='grc'>››</span> <span class='ocrx_word' id='word_1_154' title='bbox 1199 2101 1379 2177; x_wconf 32' lang='lat' dir='ltr'>Quid.</span> <span class='ocrx_word' id='word_1_155' title='bbox 1408 2100 1485 2156; x_wconf 87' lang='lat' dir='ltr'>sit</span> <span class='ocrx_word' id='word_1_156' title='bbox 1541 2095 1957 2170; x_wconf 73' lang='grc' dir='ltr'>ἀπαράλλακτος</span> 
     </span>
    </p>
   </div>
   <div class='ocr_carea' id='block_1_24' title="bbox 292 2185 1955 2267">
    <p class='ocr_par' dir='ltr' id='par_1_24' title="bbox 292 2185 1955 2267">
     <span class='ocr_line' id='line_1_24' title="bbox 292 2185 1955 2267; baseline -0.006 -18"><span class='ocrx_word' id='word_1_157' title='bbox 292 2194 474 2267; x_wconf 73' lang='grc' dir='ltr'>οὐσία,</span> <span class='ocrx_word' id='word_1_158' title='bbox 506 2199 564 2251; x_wconf 89' lang='lat' dir='ltr'>et</span> <span class='ocrx_word' id='word_1_159' title='bbox 595 2193 886 2266; x_wconf 83' lang='lat' dir='ltr'>quomodo</span> <span class='ocrx_word' id='word_1_160' title='bbox 912 2192 1114 2247; x_wconf 84' lang='lat' dir='ltr'>Latine</span> <span class='ocrx_word' id='word_1_161' title='bbox 1165 2208 1198 2246; x_wconf 90' lang='lat' dir='ltr'>a</span> <span class='ocrx_word' id='word_1_162' title='bbox 1247 2189 1517 2245; x_wconf 89' lang='lat' dir='ltr'>Patribus</span> <span class='ocrx_word' id='word_1_163' title='bbox 1565 2185 1955 2259; x_wconf 85' lang='lat' dir='ltr'>exprimatur,</span> 
     </span>
    </p>
   </div>
   <div class='ocr_carea' id='block_1_25' title="bbox 293 2274 1954 2349">
    <p class='ocr_par' dir='ltr' id='par_1_25' title="bbox 293 2274 1954 2349">
     <span class='ocr_line' id='line_1_25' title="bbox 293 2274 1954 2349; baseline -0.007 -8"><span class='ocrx_word' id='word_1_164' title='bbox 293 2287 466 2341; x_wconf 89' lang='lat' dir='ltr'>docet</span> <span class='ocrx_word' id='word_1_165' title='bbox 491 2285 550 2338; x_wconf 91' lang='lat' dir='ltr'>in</span> <span class='ocrx_word' id='word_1_166' title='bbox 579 2282 704 2338; x_wconf 92' lang='lat' dir='ltr'>suis</span> <span class='ocrx_word' id='word_1_167' title='bbox 765 2284 825 2336; x_wconf 81' lang='lat' dir='ltr'>in</span> <span class='ocrx_word' id='word_1_168' title='bbox 880 2280 1204 2349; x_wconf 80' lang='lat' dir='ltr'>Gregorium</span> <span class='ocrx_word' id='word_1_169' title='bbox 1247 2279 1664 2334; x_wconf 68' lang='lat' dir='ltr'>Nazianzenum</span> <span class='ocrx_word' id='word_1_170' title='bbox 1714 2274 1954 2330; x_wconf 91' lang='lat' dir='ltr'>scholiis</span> 
     </span>
    </p>
   </div>
   <div class='ocr_carea' id='block_1_26' title="bbox 293 2364 1956 2440">
    <p class='ocr_par' dir='ltr' id='par_1_26' title="bbox 293 2364 1956 2440">
     <span class='ocr_line' id='line_1_26' title="bbox 293 2364 1956 2440; baseline -0.008 -10"><span class='ocrx_word' id='word_1_171' title='bbox 293 2371 680 2430; x_wconf 89' lang='lat' dir='ltr'>doctissimus</span> <span class='ocrx_word' id='word_1_172' title='bbox 738 2369 944 2438; x_wconf 90' lang='lat' dir='ltr'>Bilius,</span> <span class='ocrx_word' id='word_1_173' title='bbox 983 2369 1084 2440; x_wconf 90' lang='lat' dir='ltr'>qui</span> <span class='ocrx_word' id='word_1_174' title='bbox 1144 2373 1202 2424; x_wconf 89' lang='lat' dir='ltr'>et</span> <span class='ocrx_word' id='word_1_175' title='bbox 1257 2367 1412 2436; x_wconf 91' lang='lat' dir='ltr'>apud</span> <span class='ocrx_word' id='word_1_176' title='bbox 1473 2365 1667 2430; x_wconf 91' lang='lat' dir='ltr'>illum,</span> <span class='ocrx_word' id='word_1_177' title='bbox 1721 2381 1778 2434; x_wconf 90' lang='lat' dir='ltr'>p.</span> <span class='ocrx_word' id='word_1_178' title='bbox 1825 2364 1956 2433; x_wconf 86' lang='lat'>682,</span> 
     </span>
    </p>
   </div>
   <div class='ocr_carea' id='block_1_27' title="bbox 293 2451 1959 2530">
    <p class='ocr_par' dir='ltr' id='par_1_27' title="bbox 293 2451 1959 2530">
     <span class='ocr_line' id='line_1_27' title="bbox 293 2451 1959 2530; baseline -0.011 -10"><span class='ocrx_word' id='word_1_179' title='bbox 293 2463 492 2529; x_wconf 88' lang='lat' dir='ltr'>vertit,</span> <span class='ocrx_word' id='word_1_180' title='bbox 523 2466 669 2518; x_wconf 81' lang='lat' dir='ltr'>orat.</span> <span class='ocrx_word' id='word_1_181' title='bbox 729 2461 820 2524; x_wconf 80' lang='grc'>42,</span> <span class='ocrx_word' id='word_1_182' title='bbox 868 2459 904 2526; x_wconf 75' lang='grc' dir='ltr'>ἡ</span> <span class='ocrx_word' id='word_1_183' title='bbox 957 2454 1378 2530; x_wconf 78' lang='grc' dir='ltr'>ἂπαροὶλλακτος</span> <span class='ocrx_word' id='word_1_184' title='bbox 1429 2451 1608 2522; x_wconf 81' lang='grc' dir='ltr'>εἰκὼν,</span> <span class='ocrx_word' id='word_1_185' title='bbox 1643 2453 1671 2505; x_wconf 89' lang='grc' dir='ltr'>ὁ</span> <span class='ocrx_word' id='word_1_186' title='bbox 1716 2455 1814 2504; x_wconf 76' lang='grc' dir='ltr'>τοῦ</span> <span class='ocrx_word' id='word_1_187' title='bbox 1853 2456 1959 2503; x_wconf 77' lang='lat' dir='ltr'>Ila-</span> 
     </span>
    </p>
   </div>
   <div class='ocr_carea' id='block_1_28' title="bbox 291 2542 1953 2628">
    <p class='ocr_par' dir='ltr' id='par_1_28' title="bbox 291 2542 1953 2628">
     <span class='ocr_line' id='line_1_28' title="bbox 291 2542 1953 2628; baseline -0.008 -20"><span class='ocrx_word' id='word_1_188' title='bbox 291 2554 424 2628; x_wconf 84' lang='grc' dir='ltr'>τρὸς</span> <span class='ocrx_word' id='word_1_189' title='bbox 457 2550 583 2626; x_wconf 80' lang='grc' dir='ltr'>ὅρος</span> <span class='ocrx_word' id='word_1_190' title='bbox 612 2550 698 2604; x_wconf 78' lang='grc' dir='ltr'>καὶ</span> <span class='ocrx_word' id='word_1_191' title='bbox 735 2546 925 2621; x_wconf 78' lang='grc' dir='ltr'>λόγος,</span> <span class='ocrx_word' id='word_1_192' title='bbox 953 2571 980 2597; x_wconf 91' lang='grc'>‹‹</span> <span class='ocrx_word' id='word_1_193' title='bbox 1015 2547 1113 2602; x_wconf 75' lang='lat' dir='ltr'>illa</span> <span class='ocrx_word' id='word_1_194' title='bbox 1143 2563 1246 2616; x_wconf 90' lang='lat' dir='ltr'>per</span> <span class='ocrx_word' id='word_1_195' title='bbox 1273 2546 1472 2600; x_wconf 87' lang='lat' dir='ltr'>omnia</span> <span class='ocrx_word' id='word_1_196' title='bbox 1503 2543 1715 2598; x_wconf 85' lang='lat' dir='ltr'>similis</span> <span class='ocrx_word' id='word_1_197' title='bbox 1737 2542 1953 2614; x_wconf 84' lang='lat' dir='ltr'>imago,</span> 
     </span>
    </p>
   </div>
   <div class='ocr_carea' id='block_1_29' title="bbox 293 2631 1954 2704">
    <p class='ocr_par' dir='ltr' id='par_1_29' title="bbox 293 2631 1954 2704">
     <span class='ocr_line' id='line_1_29' title="bbox 293 2631 1954 2704; baseline -0.009 -5"><span class='ocrx_word' id='word_1_198' title='bbox 293 2644 396 2701; x_wconf 90' lang='lat' dir='ltr'>ille</span> <span class='ocrx_word' id='word_1_199' title='bbox 425 2641 616 2697; x_wconf 87' lang='lat' dir='ltr'>Patris</span> <span class='ocrx_word' id='word_1_200' title='bbox 656 2639 945 2694; x_wconf 88' lang='lat' dir='ltr'>terminus</span> <span class='ocrx_word' id='word_1_201' title='bbox 980 2641 1037 2692; x_wconf 82' lang='lat' dir='ltr'>et</span> <span class='ocrx_word' id='word_1_202' title='bbox 1067 2636 1214 2690; x_wconf 80' lang='lat' dir='ltr'>ratio</span> <span class='ocrx_word' id='word_1_203' title='bbox 1250 2651 1261 2689; x_wconf 91' lang='lat'>:</span> <span class='ocrx_word' id='word_1_204' title='bbox 1294 2656 1321 2682; x_wconf 83' lang='lat'>»</span> <span class='ocrx_word' id='word_1_205' title='bbox 1357 2633 1556 2704; x_wconf 89' lang='lat' dir='ltr'>itaque</span> <span class='ocrx_word' id='word_1_206' title='bbox 1594 2632 1741 2687; x_wconf 87' lang='lat' dir='ltr'>illud</span> <span class='ocrx_word' id='word_1_207' title='bbox 1772 2631 1954 2685; x_wconf 86' lang='lat' dir='ltr'>Atha-</span> 
     </span>
    </p>
   </div>
   <div class='ocr_carea' id='block_1_30' title="bbox 295 2718 1954 2802">
    <p class='ocr_par' dir='ltr' id='par_1_30' title="bbox 295 2718 1954 2802">
     <span class='ocr_line' id='line_1_30' title="bbox 295 2718 1954 2802; baseline -0.011 -13"><span class='ocrx_word' id='word_1_208' title='bbox 295 2732 474 2800; x_wconf 88' lang='lat' dir='ltr'>nasii,</span> <span class='ocrx_word' id='word_1_209' title='bbox 507 2730 788 2802; x_wconf 87' lang='lat' dir='ltr'>disputat.</span> <span class='ocrx_word' id='word_1_210' title='bbox 820 2728 854 2781; x_wconf 81' lang='lat'><em>2</em></span> <span class='ocrx_word' id='word_1_211' title='bbox 883 2731 1084 2781; x_wconf 80' lang='lat' dir='ltr'>contra</span> <span class='ocrx_word' id='word_1_212' title='bbox 1111 2725 1367 2791; x_wconf 85' lang='lat' dir='ltr'>Arianos,</span> <span class='ocrx_word' id='word_1_213' title='bbox 1400 2740 1458 2794; x_wconf 91' lang='lat' dir='ltr'>p.</span> <span class='ocrx_word' id='word_1_214' title='bbox 1494 2721 1619 2790; x_wconf 68' lang='grc'>155,</span> <span class='ocrx_word' id='word_1_215' title='bbox 1648 2718 1736 2773; x_wconf 82' lang='grc' dir='ltr'>καὶ</span> <span class='ocrx_word' id='word_1_216' title='bbox 1781 2719 1954 2792; x_wconf 71' lang='grc' dir='ltr'>ἀπαρ-</span> 
     </span>
    </p>
   </div>
   <div class='ocr_carea' id='block_1_31' title="bbox 292 2810 1953 2890">
    <p class='ocr_par' dir='ltr' id='par_1_31' title="bbox 292 2810 1953 2890">
     <span class='ocr_line' id='line_1_31' title="bbox 292 2810 1953 2890; baseline -0.007 -13"><span class='ocrx_word' id='word_1_217' title='bbox 292 2819 570 2876; x_wconf 81' lang='grc' dir='ltr'>άλλακτον</span> <span class='ocrx_word' id='word_1_218' title='bbox 641 2812 798 2890; x_wconf 70' lang='grc' dir='ltr'>ἔσχεν</span> <span class='ocrx_word' id='word_1_219' title='bbox 859 2813 1079 2882; x_wconf 77' lang='grc' dir='ltr'>εἰκόνα,</span> <span class='ocrx_word' id='word_1_220' title='bbox 1133 2813 1217 2869; x_wconf 91' lang='lat' dir='ltr'>sic</span> <span class='ocrx_word' id='word_1_221' title='bbox 1302 2810 1673 2882; x_wconf 83' lang='lat' dir='ltr'>interpretari</span> <span class='ocrx_word' id='word_1_222' title='bbox 1749 2813 1953 2884; x_wconf 79' lang='lat' dir='ltr'>potes,</span> 
     </span>
    </p>
   </div>
   <div class='ocr_carea' id='block_1_32' title="bbox 288 2898 1951 2979">
    <p class='ocr_par' dir='ltr' id='par_1_32' title="bbox 288 2898 1951 2979">
     <span class='ocr_line' id='line_1_32' title="bbox 288 2898 1951 2979; baseline -0.012 -11"><span class='ocrx_word' id='word_1_223' title='bbox 288 2935 317 2963; x_wconf 85' lang='lat'><strong><em>«</em></strong></span> <span class='ocrx_word' id='word_1_224' title='bbox 351 2909 673 2979; x_wconf 89' lang='lat' dir='ltr'>habuitque</span> <span class='ocrx_word' id='word_1_225' title='bbox 703 2923 806 2978; x_wconf 90' lang='lat' dir='ltr'>per</span> <span class='ocrx_word' id='word_1_226' title='bbox 835 2903 1034 2961; x_wconf 88' lang='lat' dir='ltr'>omnia</span> <span class='ocrx_word' id='word_1_227' title='bbox 1065 2901 1326 2959; x_wconf 89' lang='lat' dir='ltr'>similem</span> <span class='ocrx_word' id='word_1_228' title='bbox 1379 2901 1468 2955; x_wconf 90' lang='lat' dir='ltr'>sui</span> <span class='ocrx_word' id='word_1_229' title='bbox 1519 2898 1839 2970; x_wconf 87' lang='lat' dir='ltr'>imaginem</span> <span class='ocrx_word' id='word_1_230' title='bbox 1873 2915 1885 2952; x_wconf 89' lang='lat'><strong>:</strong></span> <span class='ocrx_word' id='word_1_231' title='bbox 1923 2918 1951 2946; x_wconf 85' lang='lat'>»</span> 
     </span>
    </p>
   </div>
   <div class='ocr_carea' id='block_1_33' title="bbox 288 2985 1953 3064">
    <p class='ocr_par' dir='ltr' id='par_1_33' title="bbox 288 2985 1953 3064">
     <span class='ocr_line' id='line_1_33' title="bbox 288 2985 1953 3064; baseline -0.011 -6"><span class='ocrx_word' id='word_1_232' title='bbox 288 3007 359 3059; x_wconf 82' lang='lat' dir='ltr'>ut</span> <span class='ocrx_word' id='word_1_233' title='bbox 389 3001 448 3056; x_wconf 89' lang='lat' dir='ltr'>in</span> <span class='ocrx_word' id='word_1_234' title='bbox 481 2999 678 3054; x_wconf 88' lang='lat' dir='ltr'>eodem</span> <span class='ocrx_word' id='word_1_235' title='bbox 722 2995 874 3051; x_wconf 92' lang='lat' dir='ltr'>libro</span> <span class='ocrx_word' id='word_1_236' title='bbox 917 2992 1066 3049; x_wconf 82' lang='lat' dir='ltr'>dixit</span> <span class='ocrx_word' id='word_1_237' title='bbox 1103 3009 1159 3064; x_wconf 88' lang='lat' dir='ltr'>p.</span> <span class='ocrx_word' id='word_1_238' title='bbox 1185 2992 1308 3058; x_wconf 87' lang='grc'>151,</span> <span class='ocrx_word' id='word_1_239' title='bbox 1329 2986 1419 3043; x_wconf 72' lang='grc' dir='ltr'>καί</span> <span class='ocrx_word' id='word_1_240' title='bbox 1453 2987 1646 3061; x_wconf 79' lang='grc' dir='ltr'>ὅμοιός</span> <span class='ocrx_word' id='word_1_241' title='bbox 1677 2985 1787 3040; x_wconf 82' lang='grc' dir='ltr'>ἐστι</span> <span class='ocrx_word' id='word_1_242' title='bbox 1817 2987 1953 3040; x_wconf 75' lang='grc' dir='ltr'>κατὰ</span> 
     </span>
    </p>
   </div>
   <div class='ocr_carea' id='block_1_34' title="bbox 283 3076 1950 3159">
    <p class='ocr_par' dir='ltr' id='par_1_34' title="bbox 283 3076 1950 3159">
     <span class='ocr_line' id='line_1_34' title="bbox 283 3076 1950 3159; baseline -0.011 -16"><span class='ocrx_word' id='word_1_243' title='bbox 283 3088 459 3144; x_wconf 83' lang='grc' dir='ltr'>πάντα</span> <span class='ocrx_word' id='word_1_244' title='bbox 488 3089 584 3140; x_wconf 79' lang='grc' dir='ltr'>τοῦ</span> <span class='ocrx_word' id='word_1_245' title='bbox 617 3081 851 3159; x_wconf 67' lang='grc' dir='ltr'>Πατρός,</span> <span class='ocrx_word' id='word_1_246' title='bbox 884 3104 912 3132; x_wconf 89' lang='grc'>‹‹</span> <span class='ocrx_word' id='word_1_247' title='bbox 949 3081 1281 3153; x_wconf 87' lang='lat' dir='ltr'>similisque</span> <span class='ocrx_word' id='word_1_248' title='bbox 1330 3096 1432 3151; x_wconf 90' lang='lat' dir='ltr'>per</span> <span class='ocrx_word' id='word_1_249' title='bbox 1480 3077 1679 3133; x_wconf 92' lang='lat' dir='ltr'>omnia</span> <span class='ocrx_word' id='word_1_250' title='bbox 1713 3076 1885 3131; x_wconf 82' lang='lat' dir='ltr'>Patri.</span> <span class='ocrx_word' id='word_1_251' title='bbox 1922 3098 1950 3126; x_wconf 85' lang='lat'>»</span> 
     </span>
    </p>
   </div>
   <div class='ocr_carea' id='block_1_35' title="bbox 282 3165 1951 3247">
    <p class='ocr_par' dir='ltr' id='par_1_35' title="bbox 282 3165 1951 3247">
     <span class='ocr_line' id='line_1_35' title="bbox 282 3165 1951 3247; baseline -0.011 -11"><span class='ocrx_word' id='word_1_252' title='bbox 282 3181 406 3236; x_wconf 86' lang='lat' dir='ltr'>Nec</span> <span class='ocrx_word' id='word_1_253' title='bbox 439 3177 582 3233; x_wconf 81' lang='lat' dir='ltr'>satis</span> <span class='ocrx_word' id='word_1_254' title='bbox 617 3175 955 3247; x_wconf 88' lang='lat' dir='ltr'>exprimunt</span> <span class='ocrx_word' id='word_1_255' title='bbox 984 3171 1101 3226; x_wconf 86' lang='lat' dir='ltr'>vim</span> <span class='ocrx_word' id='word_1_256' title='bbox 1131 3167 1545 3239; x_wconf 80' lang='lat' dir='ltr'>dictionis,qui</span> <span class='ocrx_word' id='word_1_257' title='bbox 1581 3189 1611 3217; x_wconf 85' lang='lat'><strong>«</strong></span> <span class='ocrx_word' id='word_1_258' title='bbox 1645 3182 1758 3220; x_wconf 89' lang='lat' dir='ltr'>non</span> <span class='ocrx_word' id='word_1_259' title='bbox 1777 3165 1951 3220; x_wconf 91' lang='lat' dir='ltr'>dissi-</span> 
     </span>
    </p>
   </div>
   <div class='ocr_carea' id='block_1_36' title="bbox 2071 577 3725 662">
    <p class='ocr_par' dir='ltr' id='par_1_36' title="bbox 2071 577 3725 662">
     <span class='ocr_line' id='line_1_36' title="bbox 2071 577 3725 662; baseline 0.01 -30"><span class='ocrx_word' id='word_1_260' title='bbox 2071 593 2202 632; x_wconf 79' lang='lat' dir='ltr'>esse</span> <span class='ocrx_word' id='word_1_261' title='bbox 2233 580 2479 647; x_wconf 87' lang='lat' dir='ltr'>negant:</span> <span class='ocrx_word' id='word_1_262' title='bbox 2503 577 2690 634; x_wconf 89' lang='lat' dir='ltr'>eidem</span> <span class='ocrx_word' id='word_1_263' title='bbox 2729 583 2925 636; x_wconf 88' lang='lat' dir='ltr'>tamen</span> <span class='ocrx_word' id='word_1_264' title='bbox 2960 584 3300 655; x_wconf 87' lang='lat' dir='ltr'>angelorum</span> <span class='ocrx_word' id='word_1_265' title='bbox 3334 589 3725 662; x_wconf 86' lang='lat' dir='ltr'>principatum</span> 
     </span>
    </p>
   </div>
   <div class='ocr_carea' id='block_1_37' title="bbox 2074 664 3729 750">
    <p class='ocr_par' dir='ltr' id='par_1_37' title="bbox 2074 664 3729 750">
     <span class='ocr_line' id='line_1_37' title="bbox 2074 664 3729 750; baseline 0.01 -31"><span class='ocrx_word' id='word_1_266' title='bbox 2074 664 2335 720; x_wconf 80' lang='lat' dir='ltr'>delatum</span> <span class='ocrx_word' id='word_1_267' title='bbox 2368 682 2496 720; x_wconf 84' lang='lat' dir='ltr'>esse</span> <span class='ocrx_word' id='word_1_268' title='bbox 2529 668 2881 730; x_wconf 87' lang='lat' dir='ltr'>concedunt.</span> <span class='ocrx_word' id='word_1_269' title='bbox 2917 671 3014 742; x_wconf 91' lang='lat' dir='ltr'>qui</span> <span class='ocrx_word' id='word_1_270' title='bbox 3051 689 3204 728; x_wconf 89' lang='lat' dir='ltr'>unus</span> <span class='ocrx_word' id='word_1_271' title='bbox 3247 691 3276 729; x_wconf 92' lang='lat' dir='ltr'>e</span> <span class='ocrx_word' id='word_1_272' title='bbox 3325 676 3530 745; x_wconf 87' lang='lat' dir='ltr'>primis</span> <span class='ocrx_word' id='word_1_273' title='bbox 3570 680 3729 750; x_wconf 89' lang='lat' dir='ltr'>prin-</span> 
     </span>
    </p>
   </div>
   <div class='ocr_carea' id='block_1_38' title="bbox 2072 755 3732 828">
    <p class='ocr_par' dir='ltr' id='par_1_38' title="bbox 2072 755 3732 828">
     <span class='ocr_line' id='line_1_38' title="bbox 2072 755 3732 828; baseline 0.009 -17"><span class='ocrx_word' id='word_1_274' title='bbox 2072 755 2303 827; x_wconf 89' lang='lat' dir='ltr'>cipibus</span> <span class='ocrx_word' id='word_1_275' title='bbox 2351 760 2525 826; x_wconf 86' lang='lat' dir='ltr'>esset,</span> <span class='ocrx_word' id='word_1_276' title='bbox 2561 773 2595 811; x_wconf 91' lang='lat' dir='ltr'>a</span> <span class='ocrx_word' id='word_1_277' title='bbox 2640 774 2753 828; x_wconf 91' lang='lat' dir='ltr'>quo</span> <span class='ocrx_word' id='word_1_278' title='bbox 2806 776 2910 814; x_wconf 89' lang='lat' dir='ltr'>nec</span> <span class='ocrx_word' id='word_1_279' title='bbox 2963 760 3106 816; x_wconf 92' lang='lat' dir='ltr'>illud</span> <span class='ocrx_word' id='word_1_280' title='bbox 3139 763 3434 822; x_wconf 90' lang='lat' dir='ltr'>dissidet:</span> <span class='ocrx_word' id='word_1_281' title='bbox 3469 769 3533 821; x_wconf 81' lang='lat' dir='ltr'>Et</span> <span class='ocrx_word' id='word_1_282' title='bbox 3587 772 3732 826; x_wconf 80' lang='lat' dir='ltr'>sicut</span> 
     </span>
    </p>
   </div>
   <div class='ocr_carea' id='block_1_39' title="bbox 2070 845 3726 923">
    <p class='ocr_par' dir='ltr' id='par_1_39' title="bbox 2070 845 3726 923">
     <span class='ocr_line' id='line_1_39' title="bbox 2070 845 3726 923; baseline 0.009 -23"><span class='ocrx_word' id='word_1_283' title='bbox 2070 861 2214 900; x_wconf 86' lang='lat' dir='ltr'>unus</span> <span class='ocrx_word' id='word_1_284' title='bbox 2261 845 2326 900; x_wconf 86' lang='lat' dir='ltr'>de</span> <span class='ocrx_word' id='word_1_285' title='bbox 2373 845 2728 916; x_wconf 73' lang='lat' dir='ltr'>principibus</span> <span class='ocrx_word' id='word_1_286' title='bbox 2776 850 2984 905; x_wconf 82' lang='lat' dir='ltr'>caditis</span> <span class='ocrx_word' id='word_1_287' title='bbox 3024 851 3198 921; x_wconf 89' lang='lat' dir='ltr'>(Psal.</span> <span class='ocrx_word' id='word_1_288' title='bbox 3248 857 3462 923; x_wconf 82' lang='lat' dir='ltr'>Lxxx1).</span> <span class='ocrx_word' id='word_1_289' title='bbox 3507 859 3726 916; x_wconf 82' lang='lat' dir='ltr'>«Idem</span> 
     </span>
    </p>
   </div>
   <div class='ocr_carea' id='block_1_40' title="bbox 2071 933 3728 1005">
    <p class='ocr_par' dir='ltr' id='par_1_40' title="bbox 2071 933 3728 1005">
     <span class='ocr_line' id='line_1_40' title="bbox 2071 933 3728 1005; baseline 0.009 -17"><span class='ocrx_word' id='word_1_290' title='bbox 2071 933 2461 1005; x_wconf 83' lang='lat' dir='ltr'>Hieronymus</span> <span class='ocrx_word' id='word_1_291' title='bbox 2490 935 2755 991; x_wconf 81' lang='lat' dir='ltr'>adversus</span> <span class='ocrx_word' id='word_1_292' title='bbox 2787 939 3140 995; x_wconf 75' lang='lat' dir='ltr'>Iovinianum</span> <span class='ocrx_word' id='word_1_293' title='bbox 3189 942 3258 997; x_wconf 91' lang='lat' dir='ltr'>de</span> <span class='ocrx_word' id='word_1_294' title='bbox 3311 943 3573 1001; x_wconf 83' lang='lat' dir='ltr'>Lucifero</span> <span class='ocrx_word' id='word_1_295' title='bbox 3608 952 3728 1003; x_wconf 86' lang='lat' dir='ltr'>tra-</span> 
     </span>
    </p>
   </div>
   <div class='ocr_carea' id='block_1_41' title="bbox 2073 1022 3732 1099">
    <p class='ocr_par' dir='ltr' id='par_1_41' title="bbox 2073 1022 3732 1099">
     <span class='ocr_line' id='line_1_41' title="bbox 2073 1022 3732 1099; baseline 0.01 -23"><span class='ocrx_word' id='word_1_296' title='bbox 2073 1022 2156 1076; x_wconf 88' lang='lat' dir='ltr'>dit</span> <span class='ocrx_word' id='word_1_297' title='bbox 2202 1032 2258 1077; x_wconf 88' lang='lat' dir='ltr'>et</span> <span class='ocrx_word' id='word_1_298' title='bbox 2299 1022 2425 1093; x_wconf 86' lang='lat' dir='ltr'>ejus</span> <span class='ocrx_word' id='word_1_299' title='bbox 2459 1041 2620 1078; x_wconf 90' lang='lat' dir='ltr'>casu.</span> <span class='ocrx_word' id='word_1_300' title='bbox 2656 1028 2711 1079; x_wconf 91' lang='lat' dir='ltr'>S.</span> <span class='ocrx_word' id='word_1_301' title='bbox 2745 1027 3114 1099; x_wconf 90' lang='lat' dir='ltr'>Augustinus</span> <span class='ocrx_word' id='word_1_302' title='bbox 3167 1029 3268 1087; x_wconf 90' lang='lat' dir='ltr'>lib.</span> <span class='ocrx_word' id='word_1_303' title='bbox 3303 1049 3366 1087; x_wconf 73' lang='grc' dir='ltr'>ιη</span> <span class='ocrx_word' id='word_1_304' title='bbox 3412 1034 3487 1088; x_wconf 85' lang='lat' dir='ltr'>De</span> <span class='ocrx_word' id='word_1_305' title='bbox 3538 1035 3732 1092; x_wconf 77' lang='lat' dir='ltr'>Genesi</span> 
     </span>
    </p>
   </div>
   <div class='ocr_carea' id='block_1_42' title="bbox 2070 1113 3727 1198">
    <p class='ocr_par' dir='ltr' id='par_1_42' title="bbox 2070 1113 3727 1198">
     <span class='ocr_line' id='line_1_42' title="bbox 2070 1113 3727 1198; baseline 0.008 -30"><span class='ocrx_word' id='word_1_306' title='bbox 2070 1114 2144 1168; x_wconf 87' lang='lat' dir='ltr'>ad</span> <span class='ocrx_word' id='word_1_307' title='bbox 2199 1113 2468 1180; x_wconf 80' lang='lat' dir='ltr'>litteram,</span> <span class='ocrx_word' id='word_1_308' title='bbox 2511 1132 2639 1187; x_wconf 88' lang='lat' dir='ltr'>cap.</span> <span class='ocrx_word' id='word_1_309' title='bbox 2707 1117 2791 1184; x_wconf 89' lang='grc'>10,</span> <span class='ocrx_word' id='word_1_310' title='bbox 2845 1117 3117 1174; x_wconf 88' lang='lat' dir='ltr'>meminit</span> <span class='ocrx_word' id='word_1_311' title='bbox 3175 1125 3590 1193; x_wconf 89' lang='lat' dir='ltr'>quorumdam,</span> <span class='ocrx_word' id='word_1_312' title='bbox 3627 1128 3727 1198; x_wconf 88' lang='lat' dir='ltr'>qui</span> 
     </span>
    </p>
   </div>
   <div class='ocr_carea' id='block_1_43' title="bbox 2073 1203 3728 1285">
    <p class='ocr_par' dir='ltr' id='par_1_43' title="bbox 2073 1203 3728 1285">
     <span class='ocr_line' id='line_1_43' title="bbox 2073 1203 3728 1285; baseline 0.009 -28"><span class='ocrx_word' id='word_1_313' title='bbox 2073 1203 2154 1258; x_wconf 90' lang='lat' dir='ltr'>ita</span> <span class='ocrx_word' id='word_1_314' title='bbox 2186 1205 2538 1271; x_wconf 85' lang='lat' dir='ltr'>sentiebant,</span> <span class='ocrx_word' id='word_1_315' title='bbox 2565 1221 2670 1260; x_wconf 89' lang='lat' dir='ltr'>nec</span> <span class='ocrx_word' id='word_1_316' title='bbox 2700 1205 2834 1262; x_wconf 91' lang='lat' dir='ltr'>illos</span> <span class='ocrx_word' id='word_1_317' title='bbox 2866 1210 3031 1263; x_wconf 90' lang='lat' dir='ltr'>notat</span> <span class='ocrx_word' id='word_1_318' title='bbox 3061 1213 3162 1264; x_wconf 90' lang='lat' dir='ltr'>aut</span> <span class='ocrx_word' id='word_1_319' title='bbox 3193 1212 3394 1283; x_wconf 86' lang='lat' dir='ltr'>carpit.</span> <span class='ocrx_word' id='word_1_320' title='bbox 3414 1214 3728 1285; x_wconf 86' lang='lat' dir='ltr'>Gregorius</span> 
     </span>
    </p>
   </div>
   <div class='ocr_carea' id='block_1_44' title="bbox 2073 1291 3725 1371">
    <p class='ocr_par' dir='ltr' id='par_1_44' title="bbox 2073 1291 3725 1371">
     <span class='ocr_line' id='line_1_44' title="bbox 2073 1291 3725 1371; baseline 0.007 -24"><span class='ocrx_word' id='word_1_321' title='bbox 2073 1292 2345 1364; x_wconf 84' lang='lat' dir='ltr'>Magnus,</span> <span class='ocrx_word' id='word_1_322' title='bbox 2379 1291 2586 1347; x_wconf 90' lang='lat' dir='ltr'>homil.</span> <span class='ocrx_word' id='word_1_323' title='bbox 2638 1293 2706 1347; x_wconf 87' lang='grc'>34</span> <span class='ocrx_word' id='word_1_324' title='bbox 2757 1299 2837 1350; x_wconf 79' lang='lat' dir='ltr'>De</span> <span class='ocrx_word' id='word_1_325' title='bbox 2877 1300 3094 1350; x_wconf 81' lang='lat' dir='ltr'>centum</span> <span class='ocrx_word' id='word_1_326' title='bbox 3145 1300 3358 1364; x_wconf 83' lang='lat' dir='ltr'>ovibus,</span> <span class='ocrx_word' id='word_1_327' title='bbox 3417 1317 3590 1371; x_wconf 88' lang='lat' dir='ltr'>quem</span> <span class='ocrx_word' id='word_1_328' title='bbox 3630 1319 3725 1358; x_wconf 87' lang='lat' dir='ltr'>se-</span> 
     </span>
    </p>
   </div>
   <div class='ocr_carea' id='block_1_45' title="bbox 2071 1380 3723 1458">
    <p class='ocr_par' dir='ltr' id='par_1_45' title="bbox 2071 1380 3723 1458">
     <span class='ocr_line' id='line_1_45' title="bbox 2071 1380 3723 1458; baseline 0.008 -24"><span class='ocrx_word' id='word_1_329' title='bbox 2071 1381 2272 1452; x_wconf 90' lang='lat' dir='ltr'>quitur</span> <span class='ocrx_word' id='word_1_330' title='bbox 2302 1380 2361 1436; x_wconf 91' lang='lat' dir='ltr'>S.</span> <span class='ocrx_word' id='word_1_331' title='bbox 2394 1380 2668 1450; x_wconf 88' lang='lat' dir='ltr'>Thomas,</span> <span class='ocrx_word' id='word_1_332' title='bbox 2702 1400 2716 1437; x_wconf 78' lang='grc' dir='ltr'><strong><em>ι</em></strong></span> <span class='ocrx_word' id='word_1_333' title='bbox 2749 1400 2832 1454; x_wconf 92' lang='lat' dir='ltr'>p.,</span> <span class='ocrx_word' id='word_1_334' title='bbox 2859 1389 3062 1454; x_wconf 65' lang='lat' dir='ltr'>quaest.</span> <span class='ocrx_word' id='word_1_335' title='bbox 3095 1386 3185 1457; x_wconf 88' lang='lat'>63,</span> <span class='ocrx_word' id='word_1_336' title='bbox 3211 1388 3374 1443; x_wconf 89' lang='lat' dir='ltr'>artic.</span> <span class='ocrx_word' id='word_1_337' title='bbox 3409 1390 3467 1458; x_wconf 90' lang='lat'>7,</span> <span class='ocrx_word' id='word_1_338' title='bbox 3497 1407 3603 1446; x_wconf 89' lang='lat' dir='ltr'>nec</span> <span class='ocrx_word' id='word_1_339' title='bbox 3635 1396 3723 1448; x_wconf 90' lang='lat' dir='ltr'>ta-</span> 
     </span>
    </p>
   </div>
   <div class='ocr_carea' id='block_1_46' title="bbox 2071 1470 3726 1551">
    <p class='ocr_par' dir='ltr' id='par_1_46' title="bbox 2071 1470 3726 1551">
     <span class='ocr_line' id='line_1_46' title="bbox 2071 1470 3726 1551; baseline 0.008 -26"><span class='ocrx_word' id='word_1_340' title='bbox 2071 1487 2205 1526; x_wconf 89' lang='lat' dir='ltr'>men</span> <span class='ocrx_word' id='word_1_341' title='bbox 2258 1470 2501 1526; x_wconf 85' lang='lat' dir='ltr'>alteram</span> <span class='ocrx_word' id='word_1_342' title='bbox 2561 1472 2896 1542; x_wconf 88' lang='lat' dir='ltr'>opinionem</span> <span class='ocrx_word' id='word_1_343' title='bbox 2945 1474 3214 1530; x_wconf 90' lang='lat' dir='ltr'>damnari</span> <span class='ocrx_word' id='word_1_344' title='bbox 3262 1477 3406 1545; x_wconf 88' lang='lat' dir='ltr'>vult,</span> <span class='ocrx_word' id='word_1_345' title='bbox 3461 1496 3588 1551; x_wconf 69' lang='lat' dir='ltr'>qua:</span> <span class='ocrx_word' id='word_1_346' title='bbox 3637 1486 3726 1538; x_wconf 87' lang='lat' dir='ltr'>est</span> 
     </span>
    </p>
   </div>
   <div class='ocr_carea' id='block_1_47' title="bbox 2071 1558 3723 1638">
    <p class='ocr_par' dir='ltr' id='par_1_47' title="bbox 2071 1558 3723 1638">
     <span class='ocr_line' id='line_1_47' title="bbox 2071 1558 3723 1638; baseline 0.007 -24"><span class='ocrx_word' id='word_1_347' title='bbox 2071 1558 2418 1615; x_wconf 88' lang='lat' dir='ltr'>Damasceni</span> <span class='ocrx_word' id='word_1_348' title='bbox 2450 1559 2554 1614; x_wconf 86' lang='lat' dir='ltr'>lib.</span> <span class='ocrx_word' id='word_1_349' title='bbox 2589 1577 2630 1614; x_wconf 81' lang='grc' dir='ltr'><strong>ιι</strong></span> <span class='ocrx_word' id='word_1_350' title='bbox 2661 1561 2735 1615; x_wconf 86' lang='lat' dir='ltr'>De</span> <span class='ocrx_word' id='word_1_351' title='bbox 2763 1563 2872 1632; x_wconf 82' lang='lat' dir='ltr'>ﬁde</span> <span class='ocrx_word' id='word_1_352' title='bbox 2909 1563 3239 1632; x_wconf 73' lang='lat' dir='ltr'>orthodoxa,</span> <span class='ocrx_word' id='word_1_353' title='bbox 3272 1583 3399 1638; x_wconf 89' lang='lat' dir='ltr'>cap.</span> <span class='ocrx_word' id='word_1_354' title='bbox 3434 1569 3488 1638; x_wconf 87' lang='grc'>4,</span> <span class='ocrx_word' id='word_1_355' title='bbox 3519 1587 3587 1624; x_wconf 89' lang='lat' dir='ltr'>ex</span> <span class='ocrx_word' id='word_1_356' title='bbox 3635 1571 3723 1626; x_wconf 84' lang='lat' dir='ltr'>in-</span> 
     </span>
    </p>
   </div>
   <div class='ocr_carea' id='block_1_48' title="bbox 2069 1648 3723 1731">
    <p class='ocr_par' dir='ltr' id='par_1_48' title="bbox 2069 1648 3723 1731">
     <span class='ocr_line' id='line_1_48' title="bbox 2069 1648 3723 1731; baseline 0.007 -29"><span class='ocrx_word' id='word_1_357' title='bbox 2069 1649 2380 1704; x_wconf 85' lang='lat' dir='ltr'>ferioribus</span> <span class='ocrx_word' id='word_1_358' title='bbox 2414 1648 2692 1704; x_wconf 88' lang='lat' dir='ltr'>nimirum</span> <span class='ocrx_word' id='word_1_359' title='bbox 2728 1651 3038 1707; x_wconf 89' lang='lat' dir='ltr'>ordinibus</span> <span class='ocrx_word' id='word_1_360' title='bbox 3095 1653 3277 1710; x_wconf 80' lang='lat' dir='ltr'>fuisse</span> <span class='ocrx_word' id='word_1_361' title='bbox 3329 1657 3568 1727; x_wconf 89' lang='lat' dir='ltr'>angelos</span> <span class='ocrx_word' id='word_1_362' title='bbox 3621 1660 3723 1731; x_wconf 91' lang='lat' dir='ltr'>qui</span> 
     </span>
    </p>
   </div>
   <div class='ocr_carea' id='block_1_49' title="bbox 2067 1739 3723 1812">
    <p class='ocr_par' dir='ltr' id='par_1_49' title="bbox 2067 1739 3723 1812">
     <span class='ocr_line' id='line_1_49' title="bbox 2067 1739 3723 1812; baseline 0.007 -18"><span class='ocrx_word' id='word_1_363' title='bbox 2067 1739 2212 1812; x_wconf 90' lang='lat' dir='ltr'>lapsi</span> <span class='ocrx_word' id='word_1_364' title='bbox 2246 1740 2574 1796; x_wconf 89' lang='lat' dir='ltr'>sunt.Sane</span> <span class='ocrx_word' id='word_1_365' title='bbox 2595 1741 2830 1808; x_wconf 88' lang='lat' dir='ltr'>quidem</span> <span class='ocrx_word' id='word_1_366' title='bbox 2865 1742 3057 1797; x_wconf 90' lang='lat' dir='ltr'>locum</span> <span class='ocrx_word' id='word_1_367' title='bbox 3089 1743 3256 1799; x_wconf 90' lang='lat' dir='ltr'>illum</span> <span class='ocrx_word' id='word_1_368' title='bbox 3287 1746 3418 1801; x_wconf 90' lang='lat' dir='ltr'>Jobi</span> <span class='ocrx_word' id='word_1_369' title='bbox 3443 1747 3723 1806; x_wconf 87' lang='lat' dir='ltr'>historico</span> 
     </span>
    </p>
   </div>
   <div class='ocr_carea' id='block_1_50' title="bbox 2069 1828 3723 1910">
    <p class='ocr_par' dir='ltr' id='par_1_50' title="bbox 2069 1828 3723 1910">
     <span class='ocr_line' id='line_1_50' title="bbox 2069 1828 3723 1910; baseline 0.006 -25"><span class='ocrx_word' id='word_1_370' title='bbox 2069 1845 2244 1885; x_wconf 88' lang='lat' dir='ltr'>sensu</span> <span class='ocrx_word' id='word_1_371' title='bbox 2279 1828 2510 1884; x_wconf 88' lang='lat' dir='ltr'>malunt</span> <span class='ocrx_word' id='word_1_372' title='bbox 2539 1829 2636 1884; x_wconf 91' lang='lat' dir='ltr'>alii</span> <span class='ocrx_word' id='word_1_373' title='bbox 2668 1831 2738 1885; x_wconf 93' lang='lat' dir='ltr'>de</span> <span class='ocrx_word' id='word_1_374' title='bbox 2769 1831 3010 1886; x_wconf 84' lang='lat' dir='ltr'>animali</span> <span class='ocrx_word' id='word_1_375' title='bbox 3033 1833 3289 1904; x_wconf 84' lang='lat' dir='ltr'>quodam</span> <span class='ocrx_word' id='word_1_376' title='bbox 3319 1837 3603 1910; x_wconf 86' lang='lat' dir='ltr'>terrestri,</span> <span class='ocrx_word' id='word_1_377' title='bbox 3636 1839 3723 1895; x_wconf 91' lang='lat' dir='ltr'>vel</span> 
     </span>
    </p>
   </div>
   <div class='ocr_carea' id='block_1_51' title="bbox 2068 1919 3727 1997">
    <p class='ocr_par' dir='ltr' id='par_1_51' title="bbox 2068 1919 3727 1997">
     <span class='ocr_line' id='line_1_51' title="bbox 2068 1919 3727 1997; baseline 0.005 -22"><span class='ocrx_word' id='word_1_378' title='bbox 2068 1920 2139 1975; x_wconf 91' lang='lat' dir='ltr'>de</span> <span class='ocrx_word' id='word_1_379' title='bbox 2178 1925 2448 1991; x_wconf 89' lang='lat' dir='ltr'>serpente</span> <span class='ocrx_word' id='word_1_380' title='bbox 2479 1919 2536 1974; x_wconf 93' lang='lat' dir='ltr'>in</span> <span class='ocrx_word' id='word_1_381' title='bbox 2582 1919 2974 1978; x_wconf 84' lang='lat' dir='ltr'>humentibus</span> <span class='ocrx_word' id='word_1_382' title='bbox 3019 1921 3161 1980; x_wconf 92' lang='lat' dir='ltr'>locis</span> <span class='ocrx_word' id='word_1_383' title='bbox 3214 1925 3459 1997; x_wconf 84' lang='lat' dir='ltr'>degente</span> <span class='ocrx_word' id='word_1_384' title='bbox 3508 1928 3727 1984; x_wconf 89' lang='lat' dir='ltr'>intelli-</span> 
     </span>
    </p>
   </div>
   <div class='ocr_carea' id='block_1_52' title="bbox 2067 2008 3725 2087">
    <p class='ocr_par' dir='ltr' id='par_1_52' title="bbox 2067 2008 3725 2087">
     <span class='ocr_line' id='line_1_52' title="bbox 2067 2008 3725 2087; baseline 0.007 -24"><span class='ocrx_word' id='word_1_385' title='bbox 2067 2026 2221 2080; x_wconf 87' lang='lat' dir='ltr'>gere,</span> <span class='ocrx_word' id='word_1_386' title='bbox 2259 2008 2528 2079; x_wconf 88' lang='lat' dir='ltr'>nihilque</span> <span class='ocrx_word' id='word_1_387' title='bbox 2560 2009 2629 2064; x_wconf 93' lang='lat' dir='ltr'>de</span> <span class='ocrx_word' id='word_1_388' title='bbox 2660 2008 2924 2081; x_wconf 89' lang='lat' dir='ltr'>principe</span> <span class='ocrx_word' id='word_1_389' title='bbox 2975 2012 3308 2069; x_wconf 68' lang='lat' dir='ltr'>daemonum</span> <span class='ocrx_word' id='word_1_390' title='bbox 3354 2015 3453 2087; x_wconf 90' lang='lat' dir='ltr'>qui</span> <span class='ocrx_word' id='word_1_391' title='bbox 3503 2018 3725 2075; x_wconf 89' lang='lat' dir='ltr'>cecide-</span> 
     </span>
    </p>
   </div>
   <div class='ocr_carea' id='block_1_53' title="bbox 2067 2097 3724 2176">
    <p class='ocr_par' dir='ltr' id='par_1_53' title="bbox 2067 2097 3724 2176">
     <span class='ocr_line' id='line_1_53' title="bbox 2067 2097 3724 2176; baseline 0.007 -24"><span class='ocrx_word' id='word_1_392' title='bbox 2067 2102 2224 2164; x_wconf 91' lang='lat' dir='ltr'>runt,</span> <span class='ocrx_word' id='word_1_393' title='bbox 2251 2114 2320 2153; x_wconf 85' lang='lat' dir='ltr'>ex</span> <span class='ocrx_word' id='word_1_394' title='bbox 2352 2097 2656 2169; x_wconf 88' lang='lat' dir='ltr'>Scriptura</span> <span class='ocrx_word' id='word_1_395' title='bbox 2687 2103 2842 2154; x_wconf 89' lang='lat' dir='ltr'>certo</span> <span class='ocrx_word' id='word_1_396' title='bbox 2874 2099 3071 2172; x_wconf 90' lang='lat' dir='ltr'>colligi</span> <span class='ocrx_word' id='word_1_397' title='bbox 3105 2119 3299 2174; x_wconf 87' lang='lat' dir='ltr'>posse,</span> <span class='ocrx_word' id='word_1_398' title='bbox 3345 2109 3409 2160; x_wconf 90' lang='lat' dir='ltr'>ut</span> <span class='ocrx_word' id='word_1_399' title='bbox 3453 2105 3724 2176; x_wconf 89' lang='lat' dir='ltr'>pluribus</span> 
     </span>
    </p>
   </div>
   <div class='ocr_carea' id='block_1_54' title="bbox 2066 2187 3722 2261">
    <p class='ocr_par' dir='ltr' id='par_1_54' title="bbox 2066 2187 3722 2261">
     <span class='ocr_line' id='line_1_54' title="bbox 2066 2187 3722 2261; baseline 0.005 -20"><span class='ocrx_word' id='word_1_400' title='bbox 2066 2187 2274 2257; x_wconf 90' lang='lat' dir='ltr'>probat</span> <span class='ocrx_word' id='word_1_401' title='bbox 2300 2195 2494 2242; x_wconf 88' lang='lat' dir='ltr'>noster</span> <span class='ocrx_word' id='word_1_402' title='bbox 2525 2187 2757 2242; x_wconf 89' lang='lat' dir='ltr'>Gabriel</span> <span class='ocrx_word' id='word_1_403' title='bbox 2785 2187 3049 2261; x_wconf 88' lang='lat' dir='ltr'>Vasques</span> <span class='ocrx_word' id='word_1_404' title='bbox 3088 2190 3147 2245; x_wconf 94' lang='lat' dir='ltr'>in</span> <span class='ocrx_word' id='word_1_405' title='bbox 3198 2190 3357 2247; x_wconf 87' lang='lat' dir='ltr'>illam</span> <span class='ocrx_word' id='word_1_406' title='bbox 3401 2197 3457 2248; x_wconf 88' lang='lat' dir='ltr'>S.</span> <span class='ocrx_word' id='word_1_407' title='bbox 3490 2194 3722 2250; x_wconf 72' lang='lat' dir='ltr'>Thomas</span> 
     </span>
    </p>
   </div>
   <div class='ocr_carea' id='block_1_55' title="bbox 2064 2277 2573 2348">
    <p class='ocr_par' dir='ltr' id='par_1_55' title="bbox 2064 2277 2573 2348">
     <span class='ocr_line' id='line_1_55' title="bbox 2064 2277 2573 2348; baseline -0.002 -17"><span class='ocrx_word' id='word_1_408' title='bbox 2064 2277 2135 2332; x_wconf 88' lang='lat'>63</span> <span class='ocrx_word' id='word_1_409' title='bbox 2163 2277 2573 2348; x_wconf 69' lang='lat' dir='ltr'>quaestionem.</span> 
     </span>
    </p>
   </div>
   <div class='ocr_carea' id='block_1_56' title="bbox 2137 2365 3723 2444">
    <p class='ocr_par' dir='ltr' id='par_1_56' title="bbox 2137 2365 3723 2444">
     <span class='ocr_line' id='line_1_56' title="bbox 2137 2365 3723 2444; baseline 0.005 -24"><span class='ocrx_word' id='word_1_410' title='bbox 2137 2365 2254 2420; x_wconf 90' lang='lat' dir='ltr'>Col.</span> <span class='ocrx_word' id='word_1_411' title='bbox 2289 2367 2394 2420; x_wconf 87' lang='lat'>695</span> <span class='ocrx_word' id='word_1_412' title='bbox 2436 2366 2476 2421; x_wconf 88' lang='lat' dir='ltr'>C</span> <span class='ocrx_word' id='word_1_413' title='bbox 2523 2367 2578 2420; x_wconf 92' lang='lat'>8.</span> <span class='ocrx_word' id='word_1_414' title='bbox 2631 2365 2769 2422; x_wconf 83' lang='lat' dir='ltr'>Cum</span> <span class='ocrx_word' id='word_1_415' title='bbox 2817 2379 3149 2440; x_wconf 69' lang='lat' dir='ltr'>sperassent.</span> <span class='ocrx_word' id='word_1_416' title='bbox 3183 2369 3352 2426; x_wconf 88' lang='lat' dir='ltr'>Aliud</span> <span class='ocrx_word' id='word_1_417' title='bbox 3404 2375 3494 2427; x_wconf 88' lang='lat' dir='ltr'>est</span> <span class='ocrx_word' id='word_1_418' title='bbox 3541 2373 3723 2444; x_wconf 63' lang='lat' dir='ltr'>paeni-</span> 
     </span>
    </p>
   </div>
   <div class='ocr_carea' id='block_1_57' title="bbox 2064 2455 3719 2534">
    <p class='ocr_par' dir='ltr' id='par_1_57' title="bbox 2064 2455 3719 2534">
     <span class='ocr_line' id='line_1_57' title="bbox 2064 2455 3719 2534; baseline 0.005 -25"><span class='ocrx_word' id='word_1_419' title='bbox 2064 2455 2311 2510; x_wconf 86' lang='lat' dir='ltr'>tentiam</span> <span class='ocrx_word' id='word_1_420' title='bbox 2343 2471 2534 2527; x_wconf 88' lang='lat' dir='ltr'>agere,</span> <span class='ocrx_word' id='word_1_421' title='bbox 2558 2455 2714 2510; x_wconf 91' lang='lat' dir='ltr'>aliud</span> <span class='ocrx_word' id='word_1_422' title='bbox 2742 2457 3108 2529; x_wconf 88' lang='lat' dir='ltr'>resipiscere,</span> <span class='ocrx_word' id='word_1_423' title='bbox 3128 2466 3230 2514; x_wconf 88' lang='lat' dir='ltr'>aut</span> <span class='ocrx_word' id='word_1_424' title='bbox 3264 2461 3435 2516; x_wconf 88' lang='lat' dir='ltr'>vitam</span> <span class='ocrx_word' id='word_1_425' title='bbox 3471 2468 3719 2534; x_wconf 89' lang='lat' dir='ltr'>mutare,</span> 
     </span>
    </p>
   </div>
   <div class='ocr_carea' id='block_1_58' title="bbox 2066 2543 3722 2624">
    <p class='ocr_par' dir='ltr' id='par_1_58' title="bbox 2066 2543 3722 2624">
     <span class='ocr_line' id='line_1_58' title="bbox 2066 2543 3722 2624; baseline 0.005 -25"><span class='ocrx_word' id='word_1_426' title='bbox 2066 2544 2444 2615; x_wconf 91' lang='lat' dir='ltr'>quamobrem</span> <span class='ocrx_word' id='word_1_427' title='bbox 2469 2543 2791 2600; x_wconf 83' lang='lat' dir='ltr'>delevimus</span> <span class='ocrx_word' id='word_1_428' title='bbox 2817 2545 2959 2601; x_wconf 91' lang='lat' dir='ltr'>illud</span> <span class='ocrx_word' id='word_1_429' title='bbox 2984 2551 3357 2620; x_wconf 87' lang='lat' dir='ltr'>Trapezunt.,</span> <span class='ocrx_word' id='word_1_430' title='bbox 3396 2573 3415 2599; x_wconf 78' lang='grc' dir='ltr'>σι</span> <span class='ocrx_word' id='word_1_431' title='bbox 3438 2567 3572 2606; x_wconf 92' lang='lat' dir='ltr'>cum</span> <span class='ocrx_word' id='word_1_432' title='bbox 3595 2568 3722 2624; x_wconf 88' lang='lat' dir='ltr'>spe-</span> 
     </span>
    </p>
   </div>
   <div class='ocr_carea' id='block_1_59' title="bbox 2065 2632 3176 2704">
    <p class='ocr_par' dir='ltr' id='par_1_59' title="bbox 2065 2632 3176 2704">
     <span class='ocr_line' id='line_1_59' title="bbox 2065 2632 3176 2704; baseline -0.001 -18"><span class='ocrx_word' id='word_1_433' title='bbox 2065 2649 2266 2688; x_wconf 86' lang='lat' dir='ltr'>ramus</span> <span class='ocrx_word' id='word_1_434' title='bbox 2297 2632 2642 2704; x_wconf 84' lang='lat' dir='ltr'>poenitentia</span> <span class='ocrx_word' id='word_1_435' title='bbox 2673 2649 2846 2704; x_wconf 91' lang='lat' dir='ltr'>posse</span> <span class='ocrx_word' id='word_1_436' title='bbox 2877 2633 3110 2690; x_wconf 86' lang='lat' dir='ltr'>salvari.</span> <span class='ocrx_word' id='word_1_437' title='bbox 3149 2658 3176 2685; x_wconf 85' lang='grc'>››</span> 
     </span>
    </p>
   </div>
   <div class='ocr_carea' id='block_1_60' title="bbox 2135 2739 3718 2813">
    <p class='ocr_par' dir='ltr' id='par_1_60' title="bbox 2135 2739 3718 2813">
     <span class='ocr_line' id='line_1_60' title="bbox 2135 2739 3718 2813; baseline 0.004 -20"><span class='ocrx_word' id='word_1_438' title='bbox 2135 2739 2250 2794; x_wconf 76' lang='lat' dir='ltr'>Col.</span> <span class='ocrx_word' id='word_1_439' title='bbox 2282 2740 2388 2794; x_wconf 82' lang='grc'>699</span> <span class='ocrx_word' id='word_1_440' title='bbox 2421 2741 2457 2794; x_wconf 75' lang='grc' dir='ltr'><strong>Β</strong></span> <span class='ocrx_word' id='word_1_441' title='bbox 2485 2741 2538 2795; x_wconf 89' lang='grc'>8.</span> <span class='ocrx_word' id='word_1_442' title='bbox 2573 2740 2640 2794; x_wconf 77' lang='lat' dir='ltr'>Et</span> <span class='ocrx_word' id='word_1_443' title='bbox 2667 2741 2941 2796; x_wconf 74' lang='lat' dir='ltr'>creatrix.</span> <span class='ocrx_word' id='word_1_444' title='bbox 2977 2741 3085 2797; x_wconf 89' lang='lat' dir='ltr'>MS.</span> <span class='ocrx_word' id='word_1_445' title='bbox 3120 2746 3215 2805; x_wconf 62' lang='lat'>1—1.,</span> <span class='ocrx_word' id='word_1_446' title='bbox 3248 2742 3335 2796; x_wconf 75' lang='grc' dir='ltr'>καὶ</span> <span class='ocrx_word' id='word_1_447' title='bbox 3384 2745 3418 2813; x_wconf 83' lang='grc' dir='ltr'>ἡ</span> <span class='ocrx_word' id='word_1_448' title='bbox 3470 2740 3718 2808; x_wconf 78' lang='grc' dir='ltr'>ἄκτιστος</span> 
     </span>
    </p>
   </div>
   <div class='ocr_carea' id='block_1_61' title="bbox 2064 2825 3718 2904">
    <p class='ocr_par' dir='ltr' id='par_1_61' title="bbox 2064 2825 3718 2904">
     <span class='ocr_line' id='line_1_61' title="bbox 2064 2825 3718 2904; baseline 0.007 -26"><span class='ocrx_word' id='word_1_449' title='bbox 2064 2825 2279 2896; x_wconf 84' lang='grc' dir='ltr'>Θεότης,</span> <span class='ocrx_word' id='word_1_450' title='bbox 2311 2850 2339 2878; x_wconf 90' lang='grc'>‹‹</span> <span class='ocrx_word' id='word_1_451' title='bbox 2393 2834 2450 2883; x_wconf 90' lang='lat' dir='ltr'>et</span> <span class='ocrx_word' id='word_1_452' title='bbox 2498 2828 2760 2884; x_wconf 88' lang='lat' dir='ltr'>increata</span> <span class='ocrx_word' id='word_1_453' title='bbox 2810 2828 3090 2884; x_wconf 89' lang='lat' dir='ltr'>divinitas</span> <span class='ocrx_word' id='word_1_454' title='bbox 3126 2847 3138 2884; x_wconf 91' lang='lat'>:</span> <span class='ocrx_word' id='word_1_455' title='bbox 3177 2854 3197 2880; x_wconf 70' lang='grc' dir='ltr'>ο</span> <span class='ocrx_word' id='word_1_456' title='bbox 3252 2839 3310 2886; x_wconf 91' lang='lat' dir='ltr'>at</span> <span class='ocrx_word' id='word_1_457' title='bbox 3348 2834 3628 2904; x_wconf 88' lang='lat' dir='ltr'>Stephan.</span> <span class='ocrx_word' id='word_1_458' title='bbox 3661 2841 3718 2891; x_wconf 90' lang='lat' dir='ltr'>et</span> 
     </span>
    </p>
   </div>
   <div class='ocr_carea' id='block_1_62' title="bbox 2062 2915 3714 2986">
    <p class='ocr_par' dir='ltr' id='par_1_62' title="bbox 2062 2915 3714 2986">
     <span class='ocr_line' id='line_1_62' title="bbox 2062 2915 3714 2986; baseline 0.005 -16"><span class='ocrx_word' id='word_1_459' title='bbox 2062 2921 2208 2972; x_wconf 87' lang='lat' dir='ltr'>Beza</span> <span class='ocrx_word' id='word_1_460' title='bbox 2247 2915 2490 2986; x_wconf 76' lang='grc' dir='ltr'>κτίστης,</span> <span class='ocrx_word' id='word_1_461' title='bbox 2525 2941 2551 2967; x_wconf 90' lang='grc'>‹‹</span> <span class='ocrx_word' id='word_1_462' title='bbox 2597 2925 2654 2973; x_wconf 88' lang='lat' dir='ltr'>et</span> <span class='ocrx_word' id='word_1_463' title='bbox 2698 2919 2950 2974; x_wconf 88' lang='lat' dir='ltr'>creatrix</span> <span class='ocrx_word' id='word_1_464' title='bbox 2989 2919 3196 2985; x_wconf 89' lang='lat' dir='ltr'>deitas,</span> <span class='ocrx_word' id='word_1_465' title='bbox 3226 2943 3275 2972; x_wconf 84' lang='lat'>.»</span> <span class='ocrx_word' id='word_1_466' title='bbox 3317 2924 3550 2977; x_wconf 89' lang='lat' dir='ltr'>tametsi</span> <span class='ocrx_word' id='word_1_467' title='bbox 3600 2925 3714 2979; x_wconf 84' lang='lat' dir='ltr'>for-</span> 
     </span>
    </p>
   </div>
   <div class='ocr_carea' id='block_1_63' title="bbox 2062 3004 3716 3082">
    <p class='ocr_par' dir='ltr' id='par_1_63' title="bbox 2062 3004 3716 3082">
     <span class='ocr_line' id='line_1_63' title="bbox 2062 3004 3716 3082; baseline 0.006 -24"><span class='ocrx_word' id='word_1_468' title='bbox 2062 3009 2219 3059; x_wconf 86' lang='lat' dir='ltr'>tasse</span> <span class='ocrx_word' id='word_1_469' title='bbox 2258 3004 2400 3076; x_wconf 88' lang='lat' dir='ltr'>legit</span> <span class='ocrx_word' id='word_1_470' title='bbox 2437 3005 2859 3077; x_wconf 88' lang='lat' dir='ltr'>Trapezuntius</span> <span class='ocrx_word' id='word_1_471' title='bbox 2894 3010 3100 3066; x_wconf 85' lang='grc' dir='ltr'>κτῖστις</span> <span class='ocrx_word' id='word_1_472' title='bbox 3132 3005 3344 3076; x_wconf 81' lang='grc' dir='ltr'>θεότης.</span> <span class='ocrx_word' id='word_1_473' title='bbox 3379 3009 3553 3065; x_wconf 88' lang='lat' dir='ltr'>Paulo</span> <span class='ocrx_word' id='word_1_474' title='bbox 3581 3017 3716 3082; x_wconf 87' lang='lat' dir='ltr'>post</span> 
     </span>
    </p>
   </div>
   <div class='ocr_carea' id='block_1_64' title="bbox 2061 3095 3714 3166">
    <p class='ocr_par' dir='ltr' id='par_1_64' title="bbox 2061 3095 3714 3166">
     <span class='ocr_line' id='line_1_64' title="bbox 2061 3095 3714 3166; baseline 0.004 -18"><span class='ocrx_word' id='word_1_475' title='bbox 2061 3110 2128 3148; x_wconf 90' lang='lat' dir='ltr'>ex</span> <span class='ocrx_word' id='word_1_476' title='bbox 2159 3095 2357 3149; x_wconf 88' lang='lat' dir='ltr'>eadem</span> <span class='ocrx_word' id='word_1_477' title='bbox 2385 3095 2522 3150; x_wconf 89' lang='lat' dir='ltr'>edit.</span> <span class='ocrx_word' id='word_1_478' title='bbox 2571 3095 2853 3166; x_wconf 87' lang='lat' dir='ltr'>Stephan.</span> <span class='ocrx_word' id='word_1_479' title='bbox 2887 3101 3210 3153; x_wconf 90' lang='lat' dir='ltr'>correctum</span> <span class='ocrx_word' id='word_1_480' title='bbox 3245 3103 3333 3154; x_wconf 89' lang='lat' dir='ltr'>est</span> <span class='ocrx_word' id='word_1_481' title='bbox 3383 3097 3466 3152; x_wconf 83' lang='grc' dir='ltr'>ἐπὶ</span> <span class='ocrx_word' id='word_1_482' title='bbox 3515 3098 3577 3153; x_wconf 90' lang='grc' dir='ltr'>τὸ</span> <span class='ocrx_word' id='word_1_483' title='bbox 3625 3121 3714 3154; x_wconf 85' lang='grc' dir='ltr'>πι-</span> 
     </span>
    </p>
   </div>
   <div class='ocr_carea' id='block_1_65' title="bbox 2064 3180 3713 3255">
    <p class='ocr_par' dir='ltr' id='par_1_65' title="bbox 2064 3180 3713 3255">
     <span class='ocr_line' id='line_1_65' title="bbox 2064 3180 3713 3255; baseline 0.005 -21"><span class='ocrx_word' id='word_1_484' title='bbox 2064 3180 2286 3244; x_wconf 58' lang='grc' dir='ltr'>στεύειν</span> <span class='ocrx_word' id='word_1_485' title='bbox 2321 3205 2348 3233; x_wconf 89' lang='grc'><em>‹‹</em></span> <span class='ocrx_word' id='word_1_486' title='bbox 2379 3184 2855 3254; x_wconf 89' lang='lat' dir='ltr'>quandoquidem</span> <span class='ocrx_word' id='word_1_487' title='bbox 2905 3185 3140 3240; x_wconf 86' lang='lat' dir='ltr'>credere</span> <span class='ocrx_word' id='word_1_488' title='bbox 3188 3203 3294 3241; x_wconf 89' lang='lat' dir='ltr'>nos</span> <span class='ocrx_word' id='word_1_489' title='bbox 3345 3187 3401 3241; x_wconf 91' lang='lat' dir='ltr'>in</span> <span class='ocrx_word' id='word_1_490' title='bbox 3434 3204 3590 3255; x_wconf 91' lang='lat' dir='ltr'>eum,</span> <span class='ocrx_word' id='word_1_491' title='bbox 3624 3189 3713 3243; x_wconf 90' lang='lat' dir='ltr'>vel</span> 
     </span>
    </p>
   </div>
   <div class='ocr_carea' id='block_1_66' title="bbox 284 3233 3718 3344">
    <p class='ocr_par' dir='ltr' id='par_1_66' title="bbox 284 3233 3718 3344">
     <span class='ocr_line' id='line_1_66' title="bbox 284 3233 3718 3344; baseline -0.001 -10"><span class='ocrx_word' id='word_1_492' title='bbox 284 3269 560 3333; x_wconf 65' lang='lat' dir='ltr'>mitem.»</span> <span class='ocrx_word' id='word_1_493' title='bbox 581 3264 670 3322; x_wconf 77' lang='lat' dir='ltr'>V61</span> <span class='ocrx_word' id='word_1_494' title='bbox 693 3287 719 3314; x_wconf 73' lang='grc' dir='ltr'>ί(</span> <span class='ocrx_word' id='word_1_495' title='bbox 743 3257 1288 3318; x_wconf 63' lang='grc' dir='ltr'>ίηοοωωυίαδίῖθω</span> <span class='ocrx_word' id='word_1_496' title='bbox 1314 3279 1342 3306; x_wconf 65' lang='grc' dir='ltr'>δ)</span> <span class='ocrx_word' id='word_1_497' title='bbox 1367 3258 1634 3326; x_wconf 63' lang='lat' dir='ltr'>vertunt;</span> <span class='ocrx_word' id='word_1_498' title='bbox 1666 3255 1956 3310; x_wconf 61' lang='lat' dir='ltr'>excedunt</span> <span class='ocrx_word' id='word_1_499' title='bbox 1983 3233 2026 3300; x_wconf 60' lang='grc' dir='ltr'>α</span> <span class='ocrx_word' id='word_1_500' title='bbox 2069 3272 2250 3328; x_wconf 91' lang='lat' dir='ltr'>simul</span> <span class='ocrx_word' id='word_1_501' title='bbox 2281 3233 2414 3328; x_wconf 69' lang='lat' dir='ltr'>cuni</span> <span class='ocrx_word' id='word_1_502' title='bbox 2441 3289 2528 3340; x_wconf 90' lang='lat' dir='ltr'>eo,</span> <span class='ocrx_word' id='word_1_503' title='bbox 2560 3233 2653 3327; x_wconf 73' lang='lat' dir='ltr'>vei</span> <span class='ocrx_word' id='word_1_504' title='bbox 2688 3278 2822 3328; x_wconf 89' lang='lat' dir='ltr'>ante</span> <span class='ocrx_word' id='word_1_505' title='bbox 2861 3274 3056 3344; x_wconf 87' lang='lat' dir='ltr'>ipsum</span> <span class='ocrx_word' id='word_1_506' title='bbox 3098 3233 3552 3333; x_wconf 36' lang='lat' dir='ltr'>invenireturr;</span> 
     </span>
    </p>
   </div>
   <div class='ocr_carea' id='block_1_67' title="bbox 284 3345 1574 3427">
    <p class='ocr_par' dir='ltr' id='par_1_67' title="bbox 284 3345 1574 3427">
     <span class='ocr_line' id='line_1_67' title="bbox 284 3345 1574 3427; baseline -0.013 -12"><span class='ocrx_word' id='word_1_507' title='bbox 284 3362 510 3427; x_wconf 89' lang='lat' dir='ltr'>autem,</span> <span class='ocrx_word' id='word_1_508' title='bbox 535 3353 636 3426; x_wconf 90' lang='lat' dir='ltr'>qui</span> <span class='ocrx_word' id='word_1_509' title='bbox 658 3375 687 3404; x_wconf 87' lang='lat'><strong>«</strong></span> <span class='ocrx_word' id='word_1_510' title='bbox 721 3350 1096 3407; x_wconf 89' lang='lat' dir='ltr'>identitatem</span> <span class='ocrx_word' id='word_1_511' title='bbox 1140 3369 1168 3396; x_wconf 87' lang='lat'>»</span> <span class='ocrx_word' id='word_1_512' title='bbox 1201 3346 1296 3402; x_wconf 90' lang='lat' dir='ltr'>hic</span> <span class='ocrx_word' id='word_1_513' title='bbox 1326 3345 1574 3400; x_wconf 90' lang='lat' dir='ltr'>addunt.</span> 
     </span>
    </p>
   </div>
   <div class='ocr_carea' id='block_1_68' title="bbox 363 3451 1967 3527">
    <p class='ocr_par' dir='ltr' id='par_1_68' title="bbox 363 3451 1967 3527">
     <span class='ocr_line' id='line_1_68' title="bbox 363 3451 1967 3527; baseline -0.009 -9"><span class='ocrx_word' id='word_1_514' title='bbox 363 3463 426 3519; x_wconf 91' lang='lat' dir='ltr'>1h</span> <span class='ocrx_word' id='word_1_515' title='bbox 448 3463 530 3518; x_wconf 91' lang='lat' dir='ltr'>id.</span> <span class='ocrx_word' id='word_1_516' title='bbox 580 3466 618 3514; x_wconf 88' lang='grc' dir='ltr'><strong>Β</strong></span> <span class='ocrx_word' id='word_1_517' title='bbox 647 3462 702 3514; x_wconf 91' lang='grc'>7.</span> <span class='ocrx_word' id='word_1_518' title='bbox 735 3458 796 3514; x_wconf 84' lang='lat' dir='ltr'>Si</span> <span class='ocrx_word' id='word_1_519' title='bbox 825 3460 1028 3527; x_wconf 86' lang='lat' dir='ltr'>imago.</span> <span class='ocrx_word' id='word_1_520' title='bbox 1062 3453 1484 3526; x_wconf 90' lang='lat' dir='ltr'>Corrigendum</span> <span class='ocrx_word' id='word_1_521' title='bbox 1543 3451 1601 3506; x_wconf 92' lang='lat' dir='ltr'>in</span> <span class='ocrx_word' id='word_1_522' title='bbox 1657 3451 1851 3506; x_wconf 66' lang='lat' dir='ltr'>Graeco</span> <span class='ocrx_word' id='word_1_523' title='bbox 1899 3465 1967 3527; x_wconf 78' lang='lat' dir='ltr'>ex</span> 
     </span>
    </p>
   </div>
   <div class='ocr_carea' id='block_1_69' title="bbox 291 3524 1963 3614">
    <p class='ocr_par' dir='ltr' id='par_1_69' title="bbox 291 3524 1963 3614">
     <span class='ocr_line' id='line_1_69' title="bbox 291 3524 1963 3614; baseline -0.011 -3"><span class='ocrx_word' id='word_1_524' title='bbox 291 3571 408 3610; x_wconf 89' lang='lat' dir='ltr'>ms.</span> <span class='ocrx_word' id='word_1_525' title='bbox 443 3552 512 3607; x_wconf 85' lang='grc' dir='ltr'>Η.</span> <span class='ocrx_word' id='word_1_526' title='bbox 564 3549 868 3602; x_wconf 64' lang='grc' dir='ltr'>καθοτιοῦν·</span> <span class='ocrx_word' id='word_1_527' title='bbox 905 3524 1006 3601; x_wconf 80' lang='lat' dir='ltr'>sed</span> <span class='ocrx_word' id='word_1_528' title='bbox 1067 3524 1254 3598; x_wconf 39' lang='lat' dir='ltr'>aliter&#39;</span> <span class='ocrx_word' id='word_1_529' title='bbox 1293 3540 1732 3598; x_wconf 88' lang='lat' dir='ltr'>distinctionem</span> <span class='ocrx_word' id='word_1_530' title='bbox 1789 3524 1963 3614; x_wconf 53' lang='lat' dir='ltr'>adh’:</span> 
     </span>
    </p>
   </div>
   <div class='ocr_carea' id='block_1_70' title="bbox 297 3629 1965 3710">
    <p class='ocr_par' dir='ltr' id='par_1_70' title="bbox 297 3629 1965 3710">
     <span class='ocr_line' id='line_1_70' title="bbox 297 3629 1965 3710; baseline -0.008 -10"><span class='ocrx_word' id='word_1_531' title='bbox 297 3647 516 3700; x_wconf 87' lang='lat' dir='ltr'>buerat</span> <span class='ocrx_word' id='word_1_532' title='bbox 575 3635 952 3710; x_wconf 78' lang='lat' dir='ltr'>Trapezuntii</span> <span class='ocrx_word' id='word_1_533' title='bbox 1009 3634 1211 3698; x_wconf 85' lang='lat' dir='ltr'>codex,</span> <span class='ocrx_word' id='word_1_534' title='bbox 1263 3649 1396 3687; x_wconf 91' lang='lat' dir='ltr'>cum</span> <span class='ocrx_word' id='word_1_535' title='bbox 1451 3647 1566 3702; x_wconf 91' lang='lat' dir='ltr'>quo</span> <span class='ocrx_word' id='word_1_536' title='bbox 1605 3629 1779 3686; x_wconf 85' lang='lat' dir='ltr'>etiam</span> <span class='ocrx_word' id='word_1_537' title='bbox 1832 3629 1965 3687; x_wconf 87' lang='lat' dir='ltr'>Ste-</span> 
     </span>
    </p>
   </div>
   <div class='ocr_carea' id='block_1_71' title="bbox 298 3715 1962 3807">
    <p class='ocr_par' dir='ltr' id='par_1_71' title="bbox 298 3715 1962 3807">
     <span class='ocr_line' id='line_1_71' title="bbox 298 3715 1962 3807; baseline -0.013 -19"><span class='ocrx_word' id='word_1_538' title='bbox 298 3733 486 3807; x_wconf 85' lang='lat' dir='ltr'>phani</span> <span class='ocrx_word' id='word_1_539' title='bbox 531 3728 711 3786; x_wconf 82' lang='lat' dir='ltr'>editio</span> <span class='ocrx_word' id='word_1_540' title='bbox 743 3723 1051 3792; x_wconf 75' lang='lat' dir='ltr'>consentit,</span> <span class='ocrx_word' id='word_1_541' title='bbox 1086 3720 1131 3775; x_wconf 81' lang='grc' dir='ltr'>εἰ</span> <span class='ocrx_word' id='word_1_542' title='bbox 1166 3718 1326 3774; x_wconf 68' lang='grc' dir='ltr'>εἰκὼν</span> <span class='ocrx_word' id='word_1_543' title='bbox 1357 3717 1572 3778; x_wconf 74' lang='grc' dir='ltr'>πάντως</span> <span class='ocrx_word' id='word_1_544' title='bbox 1625 3715 1792 3788; x_wconf 77' lang='grc' dir='ltr'>ὁμοία</span> <span class='ocrx_word' id='word_1_545' title='bbox 1836 3717 1962 3768; x_wconf 61' lang='grc' dir='ltr'>καθ-</span> 
     </span>
    </p>
   </div>
   <div class='ocr_carea' id='block_1_72' title="bbox 284 3805 1963 3888">
    <p class='ocr_par' dir='ltr' id='par_1_72' title="bbox 284 3805 1963 3888">
     <span class='ocr_line' id='line_1_72' title="bbox 284 3805 1963 3888; baseline -0.013 -11"><span class='ocrx_word' id='word_1_546' title='bbox 284 3805 506 3888; x_wconf 74' lang='grc' dir='ltr'>οτιοῦν,</span> <span class='ocrx_word' id='word_1_547' title='bbox 537 3816 635 3873; x_wconf 82' lang='grc' dir='ltr'>καὶ</span> <span class='ocrx_word' id='word_1_548' title='bbox 668 3815 696 3870; x_wconf 86' lang='grc' dir='ltr'><strong>ὁ</strong></span> <span class='ocrx_word' id='word_1_549' title='bbox 728 3813 854 3875; x_wconf 73' lang='grc' dir='ltr'>Υἱός</span> <span class='ocrx_word' id='word_1_550' title='bbox 897 3811 1036 3868; x_wconf 78' lang='grc' dir='ltr'>ἐστιν</span> <span class='ocrx_word' id='word_1_551' title='bbox 1084 3808 1265 3881; x_wconf 83' lang='grc' dir='ltr'>εἰκών,</span> <span class='ocrx_word' id='word_1_552' title='bbox 1297 3832 1324 3860; x_wconf 88' lang='grc'>‹‹</span> <span class='ocrx_word' id='word_1_553' title='bbox 1376 3808 1436 3864; x_wconf 91' lang='lat' dir='ltr'>Si</span> <span class='ocrx_word' id='word_1_554' title='bbox 1485 3805 1722 3863; x_wconf 86' lang='lat' dir='ltr'>omnino</span> <span class='ocrx_word' id='word_1_555' title='bbox 1771 3805 1963 3876; x_wconf 80' lang='lat' dir='ltr'>imago</span> 
     </span>
    </p>
   </div>
   <div class='ocr_carea' id='block_1_73' title="bbox 285 3897 1961 3980">
    <p class='ocr_par' dir='ltr' id='par_1_73' title="bbox 285 3897 1961 3980">
     <span class='ocr_line' id='line_1_73' title="bbox 285 3897 1961 3980; baseline -0.013 -11"><span class='ocrx_word' id='word_1_556' title='bbox 285 3919 381 3969; x_wconf 89' lang='lat' dir='ltr'>est</span> <span class='ocrx_word' id='word_1_557' title='bbox 423 3910 483 3966; x_wconf 88' lang='lat' dir='ltr'>in</span> <span class='ocrx_word' id='word_1_558' title='bbox 518 3907 726 3980; x_wconf 89' lang='lat' dir='ltr'>quovis</span> <span class='ocrx_word' id='word_1_559' title='bbox 761 3903 998 3974; x_wconf 86' lang='lat' dir='ltr'>similis,</span> <span class='ocrx_word' id='word_1_560' title='bbox 1022 3905 1079 3959; x_wconf 89' lang='lat' dir='ltr'>et</span> <span class='ocrx_word' id='word_1_561' title='bbox 1107 3899 1293 3957; x_wconf 84' lang='lat' dir='ltr'>Filius</span> <span class='ocrx_word' id='word_1_562' title='bbox 1325 3901 1414 3954; x_wconf 86' lang='lat' dir='ltr'>est</span> <span class='ocrx_word' id='word_1_563' title='bbox 1445 3897 1660 3967; x_wconf 88' lang='lat' dir='ltr'>imago.</span> <span class='ocrx_word' id='word_1_564' title='bbox 1695 3916 1719 3946; x_wconf 76' lang='grc' dir='ltr'>ι)</span> <span class='ocrx_word' id='word_1_565' title='bbox 1750 3897 1961 3948; x_wconf 82' lang='lat' dir='ltr'>Emen-</span> 
     </span>
    </p>
   </div>
   <div class='ocr_carea' id='block_1_74' title="bbox 286 3980 1959 4058">
    <p class='ocr_par' dir='ltr' id='par_1_74' title="bbox 286 3980 1959 4058">
     <span class='ocr_line' id='line_1_74' title="bbox 286 3980 1959 4058; baseline -0.013 -1"><span class='ocrx_word' id='word_1_566' title='bbox 286 4000 561 4058; x_wconf 83' lang='lat' dir='ltr'>davimus</span> <span class='ocrx_word' id='word_1_567' title='bbox 593 4014 662 4052; x_wconf 89' lang='lat' dir='ltr'>ex</span> <span class='ocrx_word' id='word_1_568' title='bbox 692 3997 895 4051; x_wconf 88' lang='lat' dir='ltr'>eadem</span> <span class='ocrx_word' id='word_1_569' title='bbox 951 3997 1009 4048; x_wconf 89' lang='lat' dir='ltr'>et</span> <span class='ocrx_word' id='word_1_570' title='bbox 1063 4008 1128 4046; x_wconf 84' lang='lat' dir='ltr'>ex</span> <span class='ocrx_word' id='word_1_571' title='bbox 1180 4006 1290 4044; x_wconf 91' lang='lat' dir='ltr'>ms.</span> <span class='ocrx_word' id='word_1_572' title='bbox 1323 3985 1440 4040; x_wconf 81' lang='grc' dir='ltr'>κατ’</span> <span class='ocrx_word' id='word_1_573' title='bbox 1480 3980 1632 4038; x_wconf 75' lang='grc' dir='ltr'>οὐδὲν</span> <span class='ocrx_word' id='word_1_574' title='bbox 1683 3982 1872 4055; x_wconf 82' lang='grc' dir='ltr'>ὁμοία,</span> <span class='ocrx_word' id='word_1_575' title='bbox 1905 3985 1959 4037; x_wconf 86' lang='lat' dir='ltr'>et</span> 
     </span>
    </p>
   </div>
   <div class='ocr_carea' id='block_1_75' title="bbox 286 4069 1957 4154">
    <p class='ocr_par' dir='ltr' id='par_1_75' title="bbox 286 4069 1957 4154">
     <span class='ocr_line' id='line_1_75' title="bbox 286 4069 1957 4154; baseline -0.013 -9"><span class='ocrx_word' id='word_1_576' title='bbox 286 4089 429 4145; x_wconf 81' lang='grc' dir='ltr'>κατά</span> <span class='ocrx_word' id='word_1_577' title='bbox 497 4085 672 4140; x_wconf 78' lang='grc' dir='ltr'>πάντα</span> <span class='ocrx_word' id='word_1_578' title='bbox 729 4081 1026 4154; x_wconf 81' lang='grc' dir='ltr'>ἀνόμοιος·</span> <span class='ocrx_word' id='word_1_579' title='bbox 1077 4080 1180 4135; x_wconf 88' lang='lat' dir='ltr'>sed</span> <span class='ocrx_word' id='word_1_580' title='bbox 1252 4079 1308 4132; x_wconf 88' lang='lat' dir='ltr'>in</span> <span class='ocrx_word' id='word_1_581' title='bbox 1371 4073 1628 4147; x_wconf 89' lang='lat' dir='ltr'>capitulo</span> <span class='ocrx_word' id='word_1_582' title='bbox 1694 4069 1957 4143; x_wconf 89' lang='lat' dir='ltr'>sequenti</span> 
     </span>
    </p>
   </div>
   <div class='ocr_carea' id='block_1_76' title="bbox 291 4159 1960 4245">
    <p class='ocr_par' dir='ltr' id='par_1_76' title="bbox 291 4159 1960 4245">
     <span class='ocr_line' id='line_1_76' title="bbox 291 4159 1960 4245; baseline -0.012 -9"><span class='ocrx_word' id='word_1_583' title='bbox 291 4179 575 4236; x_wconf 88' lang='lat' dir='ltr'>mendose</span> <span class='ocrx_word' id='word_1_584' title='bbox 608 4177 665 4231; x_wconf 90' lang='lat' dir='ltr'>in</span> <span class='ocrx_word' id='word_1_585' title='bbox 699 4172 982 4245; x_wconf 85' lang='lat' dir='ltr'>Stephan.</span> <span class='ocrx_word' id='word_1_586' title='bbox 1018 4174 1073 4226; x_wconf 85' lang='lat' dir='ltr'>et</span> <span class='ocrx_word' id='word_1_587' title='bbox 1119 4165 1435 4224; x_wconf 88' lang='lat' dir='ltr'>Basiliensi</span> <span class='ocrx_word' id='word_1_588' title='bbox 1488 4163 1597 4220; x_wconf 80' lang='lat' dir='ltr'>fuit</span> <span class='ocrx_word' id='word_1_589' title='bbox 1655 4159 1872 4237; x_wconf 75' lang='grc' dir='ltr'>βλέπων</span> <span class='ocrx_word' id='word_1_590' title='bbox 1904 4165 1960 4216; x_wconf 90' lang='lat' dir='ltr'>et</span> 
     </span>
    </p>
   </div>
   <div class='ocr_carea' id='block_1_77' title="bbox 289 4251 1956 4338">
    <p class='ocr_par' dir='ltr' id='par_1_77' title="bbox 289 4251 1956 4338">
     <span class='ocr_line' id='line_1_77' title="bbox 289 4251 1956 4338; baseline -0.012 -13"><span class='ocrx_word' id='word_1_591' title='bbox 289 4266 549 4337; x_wconf 69' lang='grc' dir='ltr'>ἀκούων,</span> <span class='ocrx_word' id='word_1_592' title='bbox 603 4282 704 4338; x_wconf 82' lang='lat' dir='ltr'>pro</span> <span class='ocrx_word' id='word_1_593' title='bbox 771 4259 976 4336; x_wconf 68' lang='grc' dir='ltr'>βλέπον</span> <span class='ocrx_word' id='word_1_594' title='bbox 1041 4263 1097 4314; x_wconf 84' lang='lat' dir='ltr'>et</span> <span class='ocrx_word' id='word_1_595' title='bbox 1156 4257 1391 4311; x_wconf 81' lang='grc' dir='ltr'>ἄκοῦον’</span> <span class='ocrx_word' id='word_1_596' title='bbox 1460 4259 1521 4310; x_wconf 86' lang='lat' dir='ltr'>ut</span> <span class='ocrx_word' id='word_1_597' title='bbox 1579 4252 1842 4324; x_wconf 82' lang='lat' dir='ltr'>suggerit</span> <span class='ocrx_word' id='word_1_598' title='bbox 1889 4251 1956 4306; x_wconf 85' lang='grc' dir='ltr'>Η.</span> 
     </span>
    </p>
   </div>
   <div class='ocr_carea' id='block_1_78' title="bbox 292 4339 1957 4430">
    <p class='ocr_par' dir='ltr' id='par_1_78' title="bbox 292 4339 1957 4430">
     <span class='ocr_line' id='line_1_78' title="bbox 292 4339 1957 4430; baseline -0.014 -13"><span class='ocrx_word' id='word_1_599' title='bbox 292 4379 412 4418; x_wconf 86' lang='lat' dir='ltr'>ms.</span> <span class='ocrx_word' id='word_1_600' title='bbox 474 4357 574 4430; x_wconf 89' lang='lat' dir='ltr'>qui</span> <span class='ocrx_word' id='word_1_601' title='bbox 633 4370 842 4410; x_wconf 87' lang='lat' dir='ltr'>rursus</span> <span class='ocrx_word' id='word_1_602' title='bbox 920 4364 1225 4423; x_wconf 87' lang='lat' dir='ltr'>perperam</span> <span class='ocrx_word' id='word_1_603' title='bbox 1307 4345 1518 4401; x_wconf 89' lang='lat' dir='ltr'>habuit</span> <span class='ocrx_word' id='word_1_604' title='bbox 1591 4339 1802 4416; x_wconf 71' lang='grc' dir='ltr'>βλέπει,</span> <span class='ocrx_word' id='word_1_605' title='bbox 1855 4357 1957 4413; x_wconf 92' lang='lat' dir='ltr'>pro</span> 
     </span>
    </p>
   </div>
   <div class='ocr_carea' id='block_1_79' title="bbox 294 4433 1960 4527">
    <p class='ocr_par' dir='ltr' id='par_1_79' title="bbox 294 4433 1960 4527">
     <span class='ocr_line' id='line_1_79' title="bbox 294 4433 1960 4527; baseline -0.013 -20"><span class='ocrx_word' id='word_1_606' title='bbox 294 4448 512 4527; x_wconf 63' lang='grc' dir='ltr'>βλέψεν</span> <span class='ocrx_word' id='word_1_607' title='bbox 551 4447 706 4503; x_wconf 87' lang='lat' dir='ltr'>unde</span> <span class='ocrx_word' id='word_1_608' title='bbox 733 4438 1181 4513; x_wconf 84' lang='lat' dir='ltr'>Trapezuntius,</span> <span class='ocrx_word' id='word_1_609' title='bbox 1223 4459 1251 4486; x_wconf 89' lang='lat'><strong>«</strong></span> <span class='ocrx_word' id='word_1_610' title='bbox 1286 4439 1351 4490; x_wconf 91' lang='lat' dir='ltr'>ut</span> <span class='ocrx_word' id='word_1_611' title='bbox 1397 4449 1609 4504; x_wconf 91' lang='lat' dir='ltr'>corpus</span> <span class='ocrx_word' id='word_1_612' title='bbox 1654 4433 1870 4527; x_wconf 75' lang='lat' dir='ltr'>cernet,</span> <span class='ocrx_word' id='word_1_613' title='bbox 1903 4433 1960 4486; x_wconf 91' lang='lat' dir='ltr'>et</span> 
     </span>
    </p>
   </div>
   <div class='ocr_carea' id='block_1_80' title="bbox 293 4519 1951 4610">
    <p class='ocr_par' dir='ltr' id='par_1_80' title="bbox 293 4519 1951 4610">
     <span class='ocr_line' id='line_1_80' title="bbox 293 4519 1951 4610; baseline -0.019 -10"><span class='ocrx_word' id='word_1_614' title='bbox 293 4519 362 4600; x_wconf 78' lang='lat' dir='ltr'>ut</span> <span class='ocrx_word' id='word_1_615' title='bbox 421 4519 634 4610; x_wconf 85' lang='lat' dir='ltr'>corpus</span> <span class='ocrx_word' id='word_1_616' title='bbox 700 4532 917 4601; x_wconf 88' lang='lat' dir='ltr'>audiet,</span> <span class='ocrx_word' id='word_1_617' title='bbox 976 4530 1064 4601; x_wconf 90' lang='lat' dir='ltr'>(ut</span> <span class='ocrx_word' id='word_1_618' title='bbox 1127 4523 1452 4599; x_wconf 71' lang='grc' dir='ltr'>ἐνεργήσει,)</span> <span class='ocrx_word' id='word_1_619' title='bbox 1507 4519 1862 4594; x_wconf 87' lang='lat' dir='ltr'>operabitur.</span> <span class='ocrx_word' id='word_1_620' title='bbox 1932 4544 1951 4568; x_wconf 77' lang='grc' dir='ltr'>ιι</span> 
     </span>
    </p>
   </div>
   <div class='ocr_carea' id='block_1_81' title="bbox 2071 3359 3543 3433">
    <p class='ocr_par' dir='ltr' id='par_1_81' title="bbox 2071 3359 3543 3433">
     <span class='ocr_line' id='line_1_81' title="bbox 2071 3359 3543 3433; baseline 0.005 -20"><span class='ocrx_word' id='word_1_621' title='bbox 2071 3375 2376 3432; x_wconf 90' lang='lat' dir='ltr'>perperam</span> <span class='ocrx_word' id='word_1_622' title='bbox 2407 3359 2513 3432; x_wconf 86' lang='grc' dir='ltr'>πρό</span> <span class='ocrx_word' id='word_1_623' title='bbox 2547 3361 2716 3414; x_wconf 90' lang='lat' dir='ltr'>vertit</span> <span class='ocrx_word' id='word_1_624' title='bbox 2747 3383 2774 3410; x_wconf 84' lang='grc'>‹‹</span> <span class='ocrx_word' id='word_1_625' title='bbox 2808 3365 2958 3432; x_wconf 89' lang='lat' dir='ltr'>post,</span> <span class='ocrx_word' id='word_1_626' title='bbox 2991 3383 3018 3411; x_wconf 84' lang='lat'>»</span> <span class='ocrx_word' id='word_1_627' title='bbox 3054 3367 3110 3416; x_wconf 89' lang='lat' dir='ltr'>et</span> <span class='ocrx_word' id='word_1_628' title='bbox 3138 3362 3288 3433; x_wconf 74' lang='grc' dir='ltr'>ἡμᾶς</span> <span class='ocrx_word' id='word_1_629' title='bbox 3325 3363 3543 3420; x_wconf 88' lang='lat' dir='ltr'>omisit.</span> 
     </span>
    </p>
   </div>
   <div class='ocr_carea' id='block_1_82' title="bbox 2142 3467 3719 3537">
    <p class='ocr_par' dir='ltr' id='par_1_82' title="bbox 2142 3467 3719 3537">
     <span class='ocr_line' id='line_1_82' title="bbox 2142 3467 3719 3537; baseline 0.002 -14"><span class='ocrx_word' id='word_1_630' title='bbox 2142 3467 2260 3524; x_wconf 89' lang='lat' dir='ltr'>Col.</span> <span class='ocrx_word' id='word_1_631' title='bbox 2310 3467 2417 3521; x_wconf 85' lang='lat'>702</span> <span class='ocrx_word' id='word_1_632' title='bbox 2471 3471 2516 3521; x_wconf 89' lang='lat' dir='ltr'><strong>A</strong></span> <span class='ocrx_word' id='word_1_633' title='bbox 2567 3467 2651 3521; x_wconf 91' lang='grc'>15.</span> <span class='ocrx_word' id='word_1_634' title='bbox 2705 3467 2885 3533; x_wconf 84' lang='lat' dir='ltr'>Ipsam</span> <span class='ocrx_word' id='word_1_635' title='bbox 2955 3469 3190 3537; x_wconf 68' lang='lat' dir='ltr'>petebat.</span> <span class='ocrx_word' id='word_1_636' title='bbox 3239 3470 3530 3525; x_wconf 88' lang='lat' dir='ltr'>Truncala</span> <span class='ocrx_word' id='word_1_637' title='bbox 3597 3470 3719 3526; x_wconf 68' lang='lat' dir='ltr'>haec</span> 
     </span>
    </p>
   </div>
   <div class='ocr_carea' id='block_1_83' title="bbox 2071 3556 3722 3630">
    <p class='ocr_par' dir='ltr' id='par_1_83' title="bbox 2071 3556 3722 3630">
     <span class='ocr_line' id='line_1_83' title="bbox 2071 3556 3722 3630; baseline 0.003 -19"><span class='ocrx_word' id='word_1_638' title='bbox 2071 3556 2304 3611; x_wconf 87' lang='lat' dir='ltr'>fuerant</span> <span class='ocrx_word' id='word_1_639' title='bbox 2337 3556 2538 3612; x_wconf 88' lang='lat' dir='ltr'>Latine</span> <span class='ocrx_word' id='word_1_640' title='bbox 2575 3573 2852 3613; x_wconf 91' lang='lat' dir='ltr'>conversa</span> <span class='ocrx_word' id='word_1_641' title='bbox 2885 3557 2957 3612; x_wconf 91' lang='lat' dir='ltr'>ab</span> <span class='ocrx_word' id='word_1_642' title='bbox 2988 3557 3325 3630; x_wconf 84' lang='lat' dir='ltr'>interprete,</span> <span class='ocrx_word' id='word_1_643' title='bbox 3357 3560 3525 3630; x_wconf 91' lang='lat' dir='ltr'>quasi</span> <span class='ocrx_word' id='word_1_644' title='bbox 3556 3561 3722 3616; x_wconf 89' lang='lat' dir='ltr'>dees-</span> 
     </span>
    </p>
   </div>
   <div class='ocr_carea' id='block_1_84' title="bbox 2071 3637 3726 3719">
    <p class='ocr_par' dir='ltr' id='par_1_84' title="bbox 2071 3637 3726 3719">
     <span class='ocr_line' id='line_1_84' title="bbox 2071 3637 3726 3719; baseline 0.001 -21"><span class='ocrx_word' id='word_1_645' title='bbox 2071 3650 2204 3699; x_wconf 89' lang='lat' dir='ltr'>sent</span> <span class='ocrx_word' id='word_1_646' title='bbox 2253 3645 2387 3707; x_wconf 85' lang='lat' dir='ltr'>ista,</span> <span class='ocrx_word' id='word_1_647' title='bbox 2433 3641 2599 3710; x_wconf 84' lang='grc' dir='ltr'>αὐτήν</span> <span class='ocrx_word' id='word_1_648' title='bbox 2658 3637 2798 3716; x_wconf 78' lang='grc' dir='ltr'>ᾔτει.</span> <span class='ocrx_word' id='word_1_649' title='bbox 2833 3641 2909 3699; x_wconf 77' lang='grc' dir='ltr'>Οὐ</span> <span class='ocrx_word' id='word_1_650' title='bbox 2956 3644 3060 3718; x_wconf 80' lang='grc' dir='ltr'>γὰρ</span> <span class='ocrx_word' id='word_1_651' title='bbox 3092 3643 3152 3697; x_wconf 75' lang='grc' dir='ltr'>ἂν</span> <span class='ocrx_word' id='word_1_652' title='bbox 3181 3643 3210 3698; x_wconf 79' lang='grc' dir='ltr'><strong>ὃ</strong></span> <span class='ocrx_word' id='word_1_653' title='bbox 3242 3645 3359 3719; x_wconf 75' lang='grc' dir='ltr'>εἶχε</span> <span class='ocrx_word' id='word_1_654' title='bbox 3389 3640 3574 3700; x_wconf 77' lang='grc' dir='ltr'>λαϐεῖν</span> <span class='ocrx_word' id='word_1_655' title='bbox 3607 3642 3726 3700; x_wconf 79' lang='grc' dir='ltr'>ἐπι-</span> 
     </span>
    </p>
   </div>
   <div class='ocr_carea' id='block_1_85' title="bbox 2073 3732 3724 3801">
    <p class='ocr_par' dir='ltr' id='par_1_85' title="bbox 2073 3732 3724 3801">
     <span class='ocr_line' id='line_1_85' title="bbox 2073 3732 3724 3801; baseline 0.004 -17"><span class='ocrx_word' id='word_1_656' title='bbox 2073 3732 2243 3800; x_wconf 82' lang='grc' dir='ltr'>ζήτει,</span> <span class='ocrx_word' id='word_1_657' title='bbox 2277 3748 2402 3801; x_wconf 71' lang='lat' dir='ltr'>quaa</span> <span class='ocrx_word' id='word_1_658' title='bbox 2435 3748 2639 3786; x_wconf 91' lang='lat' dir='ltr'>omnes</span> <span class='ocrx_word' id='word_1_659' title='bbox 2671 3732 2956 3787; x_wconf 88' lang='lat' dir='ltr'>editiones</span> <span class='ocrx_word' id='word_1_660' title='bbox 2985 3738 3043 3788; x_wconf 87' lang='lat' dir='ltr'>et</span> <span class='ocrx_word' id='word_1_661' title='bbox 3073 3751 3213 3789; x_wconf 85' lang='lat' dir='ltr'>mss.</span> <span class='ocrx_word' id='word_1_662' title='bbox 3249 3734 3540 3790; x_wconf 86' lang='lat' dir='ltr'>exhibent.</span> <span class='ocrx_word' id='word_1_663' title='bbox 3572 3736 3724 3791; x_wconf 84' lang='lat' dir='ltr'>Rur-</span> 
     </span>
    </p>
   </div>
   <div class='ocr_carea' id='block_1_86' title="bbox 2071 3817 3719 3893">
    <p class='ocr_par' dir='ltr' id='par_1_86' title="bbox 2071 3817 3719 3893">
     <span class='ocr_line' id='line_1_86' title="bbox 2071 3817 3719 3893; baseline 0.002 -19"><span class='ocrx_word' id='word_1_664' title='bbox 2071 3837 2174 3875; x_wconf 89' lang='lat' dir='ltr'>sus</span> <span class='ocrx_word' id='word_1_665' title='bbox 2195 3820 2253 3874; x_wconf 93' lang='lat' dir='ltr'>in</span> <span class='ocrx_word' id='word_1_666' title='bbox 2277 3821 2391 3873; x_wconf 86' lang='lat' dir='ltr'>ﬁne</span> <span class='ocrx_word' id='word_1_667' title='bbox 2411 3817 2649 3890; x_wconf 88' lang='lat' dir='ltr'>capituli</span> <span class='ocrx_word' id='word_1_668' title='bbox 2673 3820 2851 3890; x_wconf 86' lang='lat' dir='ltr'>hujus</span> <span class='ocrx_word' id='word_1_669' title='bbox 2867 3838 3062 3876; x_wconf 86' lang='lat' dir='ltr'>vocem</span> <span class='ocrx_word' id='word_1_670' title='bbox 3087 3820 3404 3893; x_wconf 77' lang='grc' dir='ltr'>οἰκονομίας</span> <span class='ocrx_word' id='word_1_671' title='bbox 3420 3824 3719 3879; x_wconf 88' lang='lat' dir='ltr'>omiserat.</span> 
     </span>
    </p>
   </div>
   <div class='ocr_carea' id='block_1_87' title="bbox 2069 3906 3723 3981">
    <p class='ocr_par' dir='ltr' id='par_1_87' title="bbox 2069 3906 3723 3981">
     <span class='ocr_line' id='line_1_87' title="bbox 2069 3906 3723 3981; baseline 0.003 -19"><span class='ocrx_word' id='word_1_672' title='bbox 2069 3907 2150 3962; x_wconf 86' lang='lat' dir='ltr'>De</span> <span class='ocrx_word' id='word_1_673' title='bbox 2191 3906 2432 3962; x_wconf 89' lang='lat' dir='ltr'>Photino</span> <span class='ocrx_word' id='word_1_674' title='bbox 2469 3906 2854 3978; x_wconf 83' lang='lat' dir='ltr'>Epiphanius,</span> <span class='ocrx_word' id='word_1_675' title='bbox 2885 3907 3095 3964; x_wconf 62' lang='lat' dir='ltr'>haeresi</span> <span class='ocrx_word' id='word_1_676' title='bbox 3125 3910 3215 3975; x_wconf 82' lang='grc' dir='ltr'>Ἠ,</span> <span class='ocrx_word' id='word_1_677' title='bbox 3250 3911 3349 3981; x_wconf 92' lang='lat' dir='ltr'>qui</span> <span class='ocrx_word' id='word_1_678' title='bbox 3386 3911 3443 3964; x_wconf 93' lang='lat' dir='ltr'>in</span> <span class='ocrx_word' id='word_1_679' title='bbox 3477 3911 3723 3967; x_wconf 90' lang='lat' dir='ltr'>concilio</span> 
     </span>
    </p>
   </div>
   <div class='ocr_carea' id='block_1_88' title="bbox 2069 3994 3726 4062">
    <p class='ocr_par' dir='ltr' id='par_1_88' title="bbox 2069 3994 3726 4062">
     <span class='ocr_line' id='line_1_88' title="bbox 2069 3994 3726 4062; baseline 0.002 -11"><span class='ocrx_word' id='word_1_680' title='bbox 2069 3994 2401 4052; x_wconf 87' lang='lat' dir='ltr'>Sardicensi</span> <span class='ocrx_word' id='word_1_681' title='bbox 2445 4011 2579 4050; x_wconf 88' lang='lat' dir='ltr'>eum</span> <span class='ocrx_word' id='word_1_682' title='bbox 2625 3995 2972 4050; x_wconf 89' lang='lat' dir='ltr'>damnatum</span> <span class='ocrx_word' id='word_1_683' title='bbox 3019 3997 3252 4062; x_wconf 87' lang='lat' dir='ltr'>asserit,</span> <span class='ocrx_word' id='word_1_684' title='bbox 3300 3997 3410 4052; x_wconf 89' lang='lat' dir='ltr'>hoc</span> <span class='ocrx_word' id='word_1_685' title='bbox 3452 4001 3540 4052; x_wconf 80' lang='lat' dir='ltr'>est</span> <span class='ocrx_word' id='word_1_686' title='bbox 3570 3997 3726 4054; x_wconf 91' lang='lat' dir='ltr'>circa</span> 
     </span>
    </p>
   </div>
   <div class='ocr_carea' id='block_1_89' title="bbox 2070 4082 3726 4158">
    <p class='ocr_par' dir='ltr' id='par_1_89' title="bbox 2070 4082 3726 4158">
     <span class='ocr_line' id='line_1_89' title="bbox 2070 4082 3726 4158; baseline -0.002 -18"><span class='ocrx_word' id='word_1_687' title='bbox 2070 4101 2301 4140; x_wconf 87' lang='lat' dir='ltr'>annum</span> <span class='ocrx_word' id='word_1_688' title='bbox 2326 4083 2541 4138; x_wconf 84' lang='lat' dir='ltr'>Christi</span> <span class='ocrx_word' id='word_1_689' title='bbox 2565 4082 2666 4136; x_wconf 81' lang='grc'>347</span> <span class='ocrx_word' id='word_1_690' title='bbox 2693 4100 2706 4139; x_wconf 87' lang='lat'><strong>:</strong></span> <span class='ocrx_word' id='word_1_691' title='bbox 2734 4082 2934 4135; x_wconf 81' lang='grc' dir='ltr'>Φάσκει</span> <span class='ocrx_word' id='word_1_692' title='bbox 2967 4082 3224 4158; x_wconf 74' lang='grc' dir='ltr'>ἆπαρχῆς</span> <span class='ocrx_word' id='word_1_693' title='bbox 3254 4083 3345 4138; x_wconf 85' lang='grc' dir='ltr'>τὸν</span> <span class='ocrx_word' id='word_1_694' title='bbox 3378 4084 3608 4158; x_wconf 83' lang='grc' dir='ltr'>Χριστὸν</span> <span class='ocrx_word' id='word_1_695' title='bbox 3649 4085 3726 4157; x_wconf 80' lang='grc' dir='ltr'>μή</span> 
     </span>
    </p>
   </div>
   <div class='ocr_carea' id='block_1_90' title="bbox 2069 4168 3723 4246">
    <p class='ocr_par' dir='ltr' id='par_1_90' title="bbox 2069 4168 3723 4246">
     <span class='ocr_line' id='line_1_90' title="bbox 2069 4168 3723 4246; baseline -0.001 -18"><span class='ocrx_word' id='word_1_696' title='bbox 2069 4172 2348 4244; x_wconf 77' lang='grc' dir='ltr'>εἶναι,ἀπὸ</span> <span class='ocrx_word' id='word_1_697' title='bbox 2381 4168 2436 4225; x_wconf 72' lang='grc' dir='ltr'>δὲ</span> <span class='ocrx_word' id='word_1_698' title='bbox 2467 4169 2703 4244; x_wconf 80' lang='grc' dir='ltr'>Μαρίας,</span> <span class='ocrx_word' id='word_1_699' title='bbox 2735 4171 2822 4224; x_wconf 82' lang='grc' dir='ltr'>καὶ</span> <span class='ocrx_word' id='word_1_700' title='bbox 2857 4168 3013 4246; x_wconf 79' lang='grc' dir='ltr'>δεῦρο</span> <span class='ocrx_word' id='word_1_701' title='bbox 3045 4171 3204 4226; x_wconf 83' lang='grc' dir='ltr'>αὐτὸν</span> <span class='ocrx_word' id='word_1_702' title='bbox 3235 4171 3522 4246; x_wconf 76' lang='grc' dir='ltr'>ὑπάρχειν,</span> <span class='ocrx_word' id='word_1_703' title='bbox 3557 4171 3723 4244; x_wconf 82' lang='grc' dir='ltr'>ἐξότε,</span> 
     </span>
    </p>
   </div>
   <div class='ocr_carea' id='block_1_91' title="bbox 2068 4257 3723 4339">
    <p class='ocr_par' dir='ltr' id='par_1_91' title="bbox 2068 4257 3723 4339">
     <span class='ocr_line' id='line_1_91' title="bbox 2068 4257 3723 4339; baseline -0.001 -24"><span class='ocrx_word' id='word_1_704' title='bbox 2068 4261 2222 4339; x_wconf 72' lang='grc' dir='ltr'>φησὶ,</span> <span class='ocrx_word' id='word_1_705' title='bbox 2270 4260 2333 4315; x_wconf 81' lang='grc' dir='ltr'>τὸ</span> <span class='ocrx_word' id='word_1_706' title='bbox 2392 4263 2611 4330; x_wconf 76' lang='grc' dir='ltr'>Πνεῦμα</span> <span class='ocrx_word' id='word_1_707' title='bbox 2659 4257 2722 4313; x_wconf 87' lang='grc' dir='ltr'>τὸ</span> <span class='ocrx_word' id='word_1_708' title='bbox 2774 4259 2923 4333; x_wconf 77' lang='grc' dir='ltr'>ἅγιον</span> <span class='ocrx_word' id='word_1_709' title='bbox 2974 4257 3210 4329; x_wconf 77' lang='grc' dir='ltr'>ἐπῆλθεν</span> <span class='ocrx_word' id='word_1_710' title='bbox 3262 4257 3342 4313; x_wconf 83' lang='grc' dir='ltr'>ἐπ’</span> <span class='ocrx_word' id='word_1_711' title='bbox 3397 4259 3587 4328; x_wconf 74' lang='grc' dir='ltr'>αὐτὴν,</span> <span class='ocrx_word' id='word_1_712' title='bbox 3633 4260 3723 4314; x_wconf 81' lang='grc' dir='ltr'>καὶ</span> 
     </span>
    </p>
   </div>
   <div class='ocr_carea' id='block_1_92' title="bbox 2066 4346 3723 4428">
    <p class='ocr_par' dir='ltr' id='par_1_92' title="bbox 2066 4346 3723 4428">
     <span class='ocr_line' id='line_1_92' title="bbox 2066 4346 3723 4428; baseline 0.001 -23"><span class='ocrx_word' id='word_1_713' title='bbox 2066 4351 2318 4428; x_wconf 78' lang='grc' dir='ltr'>ἐγεννήθη</span> <span class='ocrx_word' id='word_1_714' title='bbox 2363 4348 2421 4404; x_wconf 67' lang='grc' dir='ltr'>ἐκ</span> <span class='ocrx_word' id='word_1_715' title='bbox 2475 4347 2786 4419; x_wconf 80' lang='grc' dir='ltr'>Πνεόματος</span> <span class='ocrx_word' id='word_1_716' title='bbox 2836 4346 2990 4423; x_wconf 81' lang='grc' dir='ltr'>ἁγίου</span> <span class='ocrx_word' id='word_1_717' title='bbox 3022 4367 3032 4379; x_wconf 85' lang='grc'><strong>·</strong></span> <span class='ocrx_word' id='word_1_718' title='bbox 3073 4373 3092 4396; x_wconf 73' lang='grc' dir='ltr'>ι</span> <span class='ocrx_word' id='word_1_719' title='bbox 3154 4351 3379 4404; x_wconf 84' lang='lat' dir='ltr'>Asserit</span> <span class='ocrx_word' id='word_1_720' title='bbox 3437 4351 3508 4405; x_wconf 86' lang='lat' dir='ltr'>ab</span> <span class='ocrx_word' id='word_1_721' title='bbox 3558 4350 3723 4406; x_wconf 89' lang='lat' dir='ltr'>initio</span> 
     </span>
    </p>
   </div>
   <div class='ocr_carea' id='block_1_93' title="bbox 2066 4438 3724 4510">
    <p class='ocr_par' dir='ltr' id='par_1_93' title="bbox 2066 4438 3724 4510">
     <span class='ocr_line' id='line_1_93' title="bbox 2066 4438 3724 4510; baseline -0.001 -14"><span class='ocrx_word' id='word_1_722' title='bbox 2066 4441 2358 4496; x_wconf 88' lang='lat' dir='ltr'>Christum</span> <span class='ocrx_word' id='word_1_723' title='bbox 2400 4456 2514 4493; x_wconf 90' lang='lat' dir='ltr'>non</span> <span class='ocrx_word' id='word_1_724' title='bbox 2557 4455 2708 4503; x_wconf 84' lang='lat' dir='ltr'>esse,</span> <span class='ocrx_word' id='word_1_725' title='bbox 2744 4453 2943 4492; x_wconf 84' lang='lat' dir='ltr'>verum</span> <span class='ocrx_word' id='word_1_726' title='bbox 2991 4455 3023 4492; x_wconf 90' lang='lat' dir='ltr'>a</span> <span class='ocrx_word' id='word_1_727' title='bbox 3073 4438 3277 4505; x_wconf 86' lang='lat' dir='ltr'>Maria,</span> <span class='ocrx_word' id='word_1_728' title='bbox 3311 4443 3366 4493; x_wconf 87' lang='lat' dir='ltr'>et</span> <span class='ocrx_word' id='word_1_729' title='bbox 3413 4438 3724 4510; x_wconf 87' lang='lat' dir='ltr'>hucusque</span> 
     </span>
    </p>
   </div>
   <div class='ocr_carea' id='block_1_94' title="bbox 2065 4524 3720 4603">
    <p class='ocr_par' dir='ltr' id='par_1_94' title="bbox 2065 4524 3720 4603">
     <span class='ocr_line' id='line_1_94' title="bbox 2065 4524 3720 4603; baseline -0.001 -21"><span class='ocrx_word' id='word_1_730' title='bbox 2065 4529 2259 4600; x_wconf 89' lang='lat' dir='ltr'>ipsum</span> <span class='ocrx_word' id='word_1_731' title='bbox 2309 4526 2610 4593; x_wconf 87' lang='lat' dir='ltr'>exsistere,</span> <span class='ocrx_word' id='word_1_732' title='bbox 2642 4541 2710 4579; x_wconf 88' lang='lat' dir='ltr'>ex</span> <span class='ocrx_word' id='word_1_733' title='bbox 2753 4541 2868 4595; x_wconf 91' lang='lat' dir='ltr'>quo</span> <span class='ocrx_word' id='word_1_734' title='bbox 2921 4524 3177 4596; x_wconf 84' lang='lat' dir='ltr'>Spiritus</span> <span class='ocrx_word' id='word_1_735' title='bbox 3205 4529 3468 4593; x_wconf 87' lang='lat' dir='ltr'>sanctus,</span> <span class='ocrx_word' id='word_1_736' title='bbox 3506 4526 3720 4603; x_wconf 69' lang='lat' dir='ltr'>inquit,</span> 
     </span>
    </p>
   </div>
   <div class='ocr_carea' id='block_1_95' title="bbox 368 4603 3722 4705">
    <p class='ocr_par' dir='ltr' id='par_1_95' title="bbox 368 4603 3722 4705">
     <span class='ocr_line' id='line_1_95' title="bbox 368 4603 3722 4705; baseline -0.01 0"><span class='ocrx_word' id='word_1_737' title='bbox 368 4603 622 4705; x_wconf 59' lang='lat'>(301.6911</span> <span class='ocrx_word' id='word_1_738' title='bbox 652 4641 770 4697; x_wconf 88' lang='lat' dir='ltr'>C8.</span> <span class='ocrx_word' id='word_1_739' title='bbox 826 4638 891 4694; x_wconf 85' lang='lat' dir='ltr'>Se</span> <span class='ocrx_word' id='word_1_740' title='bbox 945 4635 1248 4692; x_wconf 83' lang='lat' dir='ltr'>diabolum.</span> <span class='ocrx_word' id='word_1_741' title='bbox 1284 4628 1684 4701; x_wconf 84' lang='lat' dir='ltr'>Expunximus</span> <span class='ocrx_word' id='word_1_742' title='bbox 1734 4626 1943 4682; x_wconf 88' lang='lat' dir='ltr'>obscu-</span> <span class='ocrx_word' id='word_1_743' title='bbox 1976 4603 2021 4666; x_wconf 80' lang='lat' dir='ltr'><strong>D</strong></span> <span class='ocrx_word' id='word_1_744' title='bbox 2052 4615 2392 4688; x_wconf 76' lang='lat' dir='ltr'>supervenit</span> <span class='ocrx_word' id='word_1_745' title='bbox 2443 4615 2501 4669; x_wconf 91' lang='lat' dir='ltr'>in</span> <span class='ocrx_word' id='word_1_746' title='bbox 2554 4615 2764 4686; x_wconf 87' lang='lat' dir='ltr'>ipsam,</span> <span class='ocrx_word' id='word_1_747' title='bbox 2821 4617 2877 4668; x_wconf 87' lang='lat' dir='ltr'>et</span> <span class='ocrx_word' id='word_1_748' title='bbox 2928 4616 3164 4686; x_wconf 88' lang='lat' dir='ltr'>genitus</span> <span class='ocrx_word' id='word_1_749' title='bbox 3228 4619 3319 4670; x_wconf 88' lang='lat' dir='ltr'>est</span> <span class='ocrx_word' id='word_1_750' title='bbox 3372 4631 3440 4670; x_wconf 81' lang='lat' dir='ltr'>ex</span> <span class='ocrx_word' id='word_1_751' title='bbox 3498 4615 3722 4688; x_wconf 89' lang='lat' dir='ltr'>Spiritu</span> 
     </span>
    </p>
   </div>
   <div class='ocr_carea' id='block_1_96' title="bbox 294 4716 1944 4798">
    <p class='ocr_par' dir='ltr' id='par_1_96' title="bbox 294 4716 1944 4798">
     <span class='ocr_line' id='line_1_96' title="bbox 294 4716 1944 4798; baseline -0.016 -4"><span class='ocrx_word' id='word_1_752' title='bbox 294 4753 426 4794; x_wconf 88' lang='lat' dir='ltr'>ram</span> <span class='ocrx_word' id='word_1_753' title='bbox 458 4733 808 4798; x_wconf 88' lang='lat' dir='ltr'>versionem,</span> <span class='ocrx_word' id='word_1_754' title='bbox 834 4751 861 4776; x_wconf 72' lang='grc' dir='ltr'>ιι</span> <span class='ocrx_word' id='word_1_755' title='bbox 900 4726 1081 4781; x_wconf 85' lang='lat' dir='ltr'>latent</span> <span class='ocrx_word' id='word_1_756' title='bbox 1110 4720 1412 4777; x_wconf 91' lang='lat' dir='ltr'>diabolum</span> <span class='ocrx_word' id='word_1_757' title='bbox 1445 4716 1703 4773; x_wconf 90' lang='lat' dir='ltr'>colentes</span> <span class='ocrx_word' id='word_1_758' title='bbox 1741 4719 1798 4770; x_wconf 90' lang='lat' dir='ltr'>et</span> <span class='ocrx_word' id='word_1_759' title='bbox 1828 4731 1944 4770; x_wconf 89' lang='lat' dir='ltr'>non</span> 
     </span>
    </p>
   </div>
   <div class='ocr_carea' id='block_1_97' title="bbox 292 4804 1948 4883">
    <p class='ocr_par' dir='ltr' id='par_1_97' title="bbox 292 4804 1948 4883">
     <span class='ocr_line' id='line_1_97' title="bbox 292 4804 1948 4883; baseline -0.015 -1"><span class='ocrx_word' id='word_1_760' title='bbox 292 4825 510 4883; x_wconf 84' lang='lat' dir='ltr'>Filium</span> <span class='ocrx_word' id='word_1_761' title='bbox 567 4818 693 4876; x_wconf 92' lang='lat' dir='ltr'>Dei.</span> <span class='ocrx_word' id='word_1_762' title='bbox 732 4841 751 4868; x_wconf 75' lang='grc' dir='ltr'>ι</span> <span class='ocrx_word' id='word_1_763' title='bbox 790 4821 961 4872; x_wconf 86' lang='lat' dir='ltr'>Porro</span> <span class='ocrx_word' id='word_1_764' title='bbox 1021 4813 1178 4867; x_wconf 89' lang='lat' dir='ltr'>hunc</span> <span class='ocrx_word' id='word_1_765' title='bbox 1226 4809 1421 4865; x_wconf 88' lang='lat' dir='ltr'>locum</span> <span class='ocrx_word' id='word_1_766' title='bbox 1465 4805 1596 4862; x_wconf 85' lang='lat' dir='ltr'>Jobi</span> <span class='ocrx_word' id='word_1_767' title='bbox 1627 4823 1718 4876; x_wconf 77' lang='lat' dir='ltr'>XL,</span> <span class='ocrx_word' id='word_1_768' title='bbox 1753 4805 1837 4875; x_wconf 86' lang='grc'>14,</span> <span class='ocrx_word' id='word_1_769' title='bbox 1878 4804 1948 4858; x_wconf 91' lang='lat' dir='ltr'>de</span> 
     </span>
    </p>
   </div>
   <div class='ocr_carea' id='block_1_98' title="bbox 2053 4711 2338 4762">
    <p class='ocr_par' dir='ltr' id='par_1_98' title="bbox 2053 4711 2338 4762">
     <span class='ocr_line' id='line_1_98' title="bbox 2053 4711 2338 4762; baseline -0.007 0"><span class='ocrx_word' id='word_1_770' title='bbox 2053 4723 2112 4762; x_wconf 86' lang='lat' dir='ltr'>sa</span> <span class='ocrx_word' id='word_1_771' title='bbox 2127 4711 2276 4761; x_wconf 90' lang='lat' dir='ltr'>ncto.</span> <span class='ocrx_word' id='word_1_772' title='bbox 2313 4727 2338 4753; x_wconf 85' lang='lat'>»</span> 
     </span>
    </p>
   </div>
   <div class='ocr_carea' id='block_1_99' title="bbox 2127 4747 3723 4862">
    <p class='ocr_par' dir='ltr' id='par_1_99' title="bbox 2127 4791 3723 4862">
     <span class='ocr_line' id='line_1_99' title="bbox 2127 4791 3723 4862; baseline -0.002 -12"><span class='ocrx_word' id='word_1_773' title='bbox 2127 4793 2246 4850; x_wconf 82' lang='lat' dir='ltr'>Col.</span> <span class='ocrx_word' id='word_1_774' title='bbox 2280 4792 2384 4847; x_wconf 71' lang='lat'>703</span> <span class='ocrx_word' id='word_1_775' title='bbox 2433 4795 2476 4845; x_wconf 80' lang='grc' dir='ltr'>Α</span> <span class='ocrx_word' id='word_1_776' title='bbox 2529 4791 2614 4845; x_wconf 86' lang='grc'>13.</span> <span class='ocrx_word' id='word_1_777' title='bbox 2668 4791 2880 4846; x_wconf 82' lang='lat' dir='ltr'>Creavi.</span> <span class='ocrx_word' id='word_1_778' title='bbox 2936 4793 3023 4847; x_wconf 87' lang='lat' dir='ltr'>lta</span> <span class='ocrx_word' id='word_1_779' title='bbox 3077 4793 3398 4847; x_wconf 91' lang='lat' dir='ltr'>Cornarius</span> <span class='ocrx_word' id='word_1_780' title='bbox 3449 4795 3506 4846; x_wconf 91' lang='lat' dir='ltr'>et</span> <span class='ocrx_word' id='word_1_781' title='bbox 3553 4791 3723 4862; x_wconf 87' lang='lat' dir='ltr'>Beza,</span> 
     </span>
    </p>
   </div>
   <div class='ocr_carea' id='block_1_100' title="bbox 292 4872 3725 4990">
    <p class='ocr_par' dir='ltr' id='par_1_100' title="bbox 292 4872 3725 4990">
     <span class='ocr_line' id='line_1_100' title="bbox 292 4872 3725 4990; baseline -0.01 -23"><span class='ocrx_word' id='word_1_782' title='bbox 292 4914 563 4990; x_wconf 83' lang='lat' dir='ltr'>principe</span> <span class='ocrx_word' id='word_1_783' title='bbox 614 4910 946 4965; x_wconf 65' lang='lat' dir='ltr'>daemonum</span> <span class='ocrx_word' id='word_1_784' title='bbox 981 4901 1268 4974; x_wconf 88' lang='lat' dir='ltr'>quosdam</span> <span class='ocrx_word' id='word_1_785' title='bbox 1314 4894 1674 4952; x_wconf 85' lang='lat' dir='ltr'>intellexisse</span> <span class='ocrx_word' id='word_1_786' title='bbox 1723 4895 1952 4950; x_wconf 89' lang='lat' dir='ltr'>constat</span> <span class='ocrx_word' id='word_1_787' title='bbox 2057 4884 2502 4990; x_wconf 47' lang='lat' dir='ltr'>rectiusﬂq‘uam</span> <span class='ocrx_word' id='word_1_788' title='bbox 2546 4879 2993 4990; x_wconf 51' lang='lat' dir='ltr'>Trapezuntius,</span> <span class='ocrx_word' id='word_1_789' title='bbox 3031 4880 3258 4990; x_wconf 61' lang='lat' dir='ltr'>Posscai</span> <span class='ocrx_word' id='word_1_790' title='bbox 3304 4879 3616 4990; x_wconf 48' lang='lat' dir='ltr'>nominzem,</span> <span class='ocrx_word' id='word_1_791' title='bbox 3649 4872 3725 4982; x_wconf 68' lang='lat' dir='ltr'>ut</span> 
     </span>
    </p>
   </div>
   <div class='ocr_carea' id='block_1_101' title="bbox 289 4980 1948 5074">
    <p class='ocr_par' dir='ltr' id='par_1_101' title="bbox 289 4980 1948 5074">
     <span class='ocr_line' id='line_1_101' title="bbox 289 4980 1948 5074; baseline -0.017 -13"><span class='ocrx_word' id='word_1_792' title='bbox 289 4980 368 5062; x_wconf 74' lang='lat' dir='ltr'>ex</span> <span class='ocrx_word' id='word_1_793' title='bbox 399 4980 816 5074; x_wconf 75' lang='lat' dir='ltr'>Olympiodoro</span> <span class='ocrx_word' id='word_1_794' title='bbox 870 4994 929 5048; x_wconf 90' lang='lat' dir='ltr'>in</span> <span class='ocrx_word' id='word_1_795' title='bbox 971 4991 1184 5048; x_wconf 87' lang='lat' dir='ltr'>Catena</span> <span class='ocrx_word' id='word_1_796' title='bbox 1215 4988 1425 5074; x_wconf 76' lang='lat' dir='ltr'>Nicetes</span> <span class='ocrx_word' id='word_1_797' title='bbox 1460 5003 1473 5041; x_wconf 89' lang='lat'><strong>:</strong></span> <span class='ocrx_word' id='word_1_798' title='bbox 1513 4980 1717 5074; x_wconf 16' lang='grc' dir='ltr'>(γι-’μιν</span> <span class='ocrx_word' id='word_1_799' title='bbox 1743 5001 1948 5074; x_wconf 46' lang='lat' dir='ltr'>eum,</span> 
     </span>
    </p>
   </div>
   <div class='ocr_carea' id='block_1_102' title="bbox 289 5067 1948 5162">
    <p class='ocr_par' dir='ltr' id='par_1_102' title="bbox 289 5067 1948 5162">
     <span class='ocr_line' id='line_1_102' title="bbox 289 5067 1948 5162; baseline -0.016 -14"><span class='ocrx_word' id='word_1_800' title='bbox 289 5096 382 5148; x_wconf 79' lang='grc' dir='ltr'>ὅτι</span> <span class='ocrx_word' id='word_1_801' title='bbox 439 5067 656 5162; x_wconf 61' lang='grc' dir='ltr'>πρῶτον</span> <span class='ocrx_word' id='word_1_802' title='bbox 704 5086 894 5138; x_wconf 78' lang='grc' dir='ltr'>τοῦτον</span> <span class='ocrx_word' id='word_1_803' title='bbox 947 5075 1152 5135; x_wconf 78' lang='grc' dir='ltr'>ἓκτισεν</span> <span class='ocrx_word' id='word_1_804' title='bbox 1207 5076 1234 5130; x_wconf 87' lang='grc' dir='ltr'>ὁ</span> <span class='ocrx_word' id='word_1_805' title='bbox 1287 5072 1452 5134; x_wconf 85' lang='grc' dir='ltr'>Θεός·</span> <span class='ocrx_word' id='word_1_806' title='bbox 1490 5072 1542 5125; x_wconf 77' lang='grc' dir='ltr'>οἱ</span> <span class='ocrx_word' id='word_1_807' title='bbox 1575 5067 1631 5125; x_wconf 77' lang='grc' dir='ltr'>δὲ</span> <span class='ocrx_word' id='word_1_808' title='bbox 1661 5068 1948 5144; x_wconf 69' lang='grc' dir='ltr'>φεύγοντες</span> 
     </span>
    </p>
   </div>
   <div class='ocr_carea' id='block_1_103' title="bbox 290 5158 1949 5248">
    <p class='ocr_par' dir='ltr' id='par_1_103' title="bbox 290 5158 1949 5248">
     <span class='ocr_line' id='line_1_103' title="bbox 290 5158 1949 5248; baseline -0.017 -11"><span class='ocrx_word' id='word_1_809' title='bbox 290 5182 496 5248; x_wconf 76' lang='grc' dir='ltr'>εἰπεῖν,</span> <span class='ocrx_word' id='word_1_810' title='bbox 553 5176 635 5231; x_wconf 81' lang='grc' dir='ltr'>ὅτι</span> <span class='ocrx_word' id='word_1_811' title='bbox 692 5175 908 5245; x_wconf 80' lang='grc' dir='ltr'>πρῶτον</span> <span class='ocrx_word' id='word_1_812' title='bbox 966 5165 1182 5239; x_wconf 80' lang='grc' dir='ltr'>ποίημα</span> <span class='ocrx_word' id='word_1_813' title='bbox 1239 5169 1336 5220; x_wconf 82' lang='grc' dir='ltr'>τοῦ</span> <span class='ocrx_word' id='word_1_814' title='bbox 1394 5165 1527 5218; x_wconf 75' lang='grc' dir='ltr'>Θεοῦ</span> <span class='ocrx_word' id='word_1_815' title='bbox 1583 5161 1682 5229; x_wconf 71' lang='grc' dir='ltr'>τήν</span> <span class='ocrx_word' id='word_1_816' title='bbox 1743 5158 1949 5231; x_wconf 71' lang='grc' dir='ltr'>τροπὴν</span> 
     </span>
    </p>
   </div>
   <div class='ocr_carea' id='block_1_104' title="bbox 291 5247 1952 5341">
    <p class='ocr_par' dir='ltr' id='par_1_104' title="bbox 291 5247 1952 5341">
     <span class='ocr_line' id='line_1_104' title="bbox 291 5247 1952 5341; baseline -0.016 -16"><span class='ocrx_word' id='word_1_817' title='bbox 291 5270 596 5341; x_wconf 72' lang='grc' dir='ltr'>ὑπέμεινε,</span> <span class='ocrx_word' id='word_1_818' title='bbox 653 5261 851 5340; x_wconf 78' lang='grc' dir='ltr'>φασὶν,</span> <span class='ocrx_word' id='word_1_819' title='bbox 911 5256 993 5312; x_wconf 78' lang='grc' dir='ltr'>ὅτι</span> <span class='ocrx_word' id='word_1_820' title='bbox 1053 5255 1114 5310; x_wconf 77' lang='grc' dir='ltr'>οὐ</span> <span class='ocrx_word' id='word_1_821' title='bbox 1167 5259 1384 5330; x_wconf 82' lang='grc' dir='ltr'>πρῶτος</span> <span class='ocrx_word' id='word_1_822' title='bbox 1450 5253 1526 5325; x_wconf 77' lang='grc' dir='ltr'>μὴ</span> <span class='ocrx_word' id='word_1_823' title='bbox 1578 5250 1794 5326; x_wconf 75' lang='grc' dir='ltr'>γέγονε,</span> <span class='ocrx_word' id='word_1_824' title='bbox 1853 5247 1952 5314; x_wconf 73' lang='grc' dir='ltr'>τὴν</span> 
     </span>
    </p>
   </div>
   <div class='ocr_carea' id='block_1_105' title="bbox 289 5338 1952 5431">
    <p class='ocr_par' dir='ltr' id='par_1_105' title="bbox 289 5338 1952 5431">
     <span class='ocr_line' id='line_1_105' title="bbox 289 5338 1952 5431; baseline -0.016 -17"><span class='ocrx_word' id='word_1_825' title='bbox 289 5338 524 5431; x_wconf 68' lang='grc' dir='ltr'>πρώτην</span> <span class='ocrx_word' id='word_1_826' title='bbox 582 5350 638 5407; x_wconf 64' lang='lat' dir='ltr'>Si</span> <span class='ocrx_word' id='word_1_827' title='bbox 668 5338 874 5424; x_wconf 31' lang='grc' dir='ltr'>-ἆρχήν</span> <span class='ocrx_word' id='word_1_828' title='bbox 940 5343 1088 5418; x_wconf 78' lang='grc' dir='ltr'>παρὰ</span> <span class='ocrx_word' id='word_1_829' title='bbox 1155 5341 1410 5418; x_wconf 70' lang='grc' dir='ltr'>ἀγγέλοις</span> <span class='ocrx_word' id='word_1_830' title='bbox 1472 5341 1656 5415; x_wconf 67' lang='grc' dir='ltr'>εἶχεν,</span> <span class='ocrx_word' id='word_1_831' title='bbox 1712 5338 1788 5398; x_wconf 83' lang='grc' dir='ltr'>εἷς</span> <span class='ocrx_word' id='word_1_832' title='bbox 1845 5338 1952 5389; x_wconf 79' lang='grc' dir='ltr'>τῶν</span> 
     </span>
    </p>
   </div>
   <div class='ocr_carea' id='block_1_106' title="bbox 288 5423 1954 5520">
    <p class='ocr_par' dir='ltr' id='par_1_106' title="bbox 288 5423 1954 5520">
     <span class='ocr_line' id='line_1_106' title="bbox 288 5423 1954 5520; baseline -0.017 -16"><span class='ocrx_word' id='word_1_833' title='bbox 288 5423 532 5520; x_wconf 48' lang='grc' dir='ltr'>πέώτων</span> <span class='ocrx_word' id='word_1_834' title='bbox 587 5440 868 5516; x_wconf 82' lang='grc' dir='ltr'>ἀρχόντων</span> <span class='ocrx_word' id='word_1_835' title='bbox 922 5432 1231 5509; x_wconf 81' lang='grc' dir='ltr'>τυγχάνων,</span> <span class='ocrx_word' id='word_1_836' title='bbox 1262 5433 1398 5487; x_wconf 80' lang='grc' dir='ltr'>κατᾶ</span> <span class='ocrx_word' id='word_1_837' title='bbox 1452 5430 1535 5501; x_wconf 81' lang='grc' dir='ltr'>τὸ,</span> <span class='ocrx_word' id='word_1_838' title='bbox 1602 5427 1703 5485; x_wconf 81' lang='grc' dir='ltr'>Καὶ</span> <span class='ocrx_word' id='word_1_839' title='bbox 1757 5425 1831 5486; x_wconf 82' lang='grc' dir='ltr'>ὡς</span> <span class='ocrx_word' id='word_1_840' title='bbox 1881 5423 1954 5486; x_wconf 74' lang='grc' dir='ltr'>εἷς</span> 
     </span>
    </p>
   </div>
   <div class='ocr_carea' id='block_1_107' title="bbox 285 5515 1960 5607">
    <p class='ocr_par' dir='ltr' id='par_1_107' title="bbox 285 5515 1960 5607">
     <span class='ocr_line' id='line_1_107' title="bbox 285 5515 1960 5607; baseline -0.016 -16"><span class='ocrx_word' id='word_1_841' title='bbox 285 5515 405 5592; x_wconf 74' lang='grc' dir='ltr'>τῶν</span> <span class='ocrx_word' id='word_1_842' title='bbox 477 5531 760 5607; x_wconf 80' lang='grc' dir='ltr'>ἀρχόντων</span> <span class='ocrx_word' id='word_1_843' title='bbox 839 5523 1096 5580; x_wconf 72' lang='grc' dir='ltr'>πίπτετεο</span> <span class='ocrx_word' id='word_1_844' title='bbox 1163 5546 1190 5574; x_wconf 94' lang='grc'>‹‹</span> <span class='ocrx_word' id='word_1_845' title='bbox 1252 5523 1502 5587; x_wconf 78' lang='lat' dir='ltr'>Quidam</span> <span class='ocrx_word' id='word_1_846' title='bbox 1571 5519 1741 5574; x_wconf 84' lang='lat' dir='ltr'>aiunt</span> <span class='ocrx_word' id='word_1_847' title='bbox 1806 5515 1960 5572; x_wconf 83' lang='lat' dir='ltr'>hunc</span> 
     </span>
    </p>
   </div>
   <div class='ocr_carea' id='block_1_108' title="bbox 291 5605 1960 5700">
    <p class='ocr_par' dir='ltr' id='par_1_108' title="bbox 291 5605 1960 5700">
     <span class='ocr_line' id='line_1_108' title="bbox 291 5605 1960 5700; baseline -0.013 -19"><span class='ocrx_word' id='word_1_848' title='bbox 291 5605 560 5700; x_wconf 85' lang='lat' dir='ltr'>primum</span> <span class='ocrx_word' id='word_1_849' title='bbox 591 5637 625 5675; x_wconf 89' lang='lat' dir='ltr'>a</span> <span class='ocrx_word' id='word_1_850' title='bbox 655 5623 770 5673; x_wconf 85' lang='lat' dir='ltr'>Deo</span> <span class='ocrx_word' id='word_1_851' title='bbox 823 5618 1088 5671; x_wconf 90' lang='lat' dir='ltr'>creatum</span> <span class='ocrx_word' id='word_1_852' title='bbox 1132 5629 1295 5681; x_wconf 85' lang='lat' dir='ltr'>esse;</span> <span class='ocrx_word' id='word_1_853' title='bbox 1329 5611 1426 5668; x_wconf 91' lang='lat' dir='ltr'>alii</span> <span class='ocrx_word' id='word_1_854' title='bbox 1481 5626 1636 5676; x_wconf 82' lang='lat' dir='ltr'>vero,</span> <span class='ocrx_word' id='word_1_855' title='bbox 1683 5621 1818 5661; x_wconf 90' lang='lat' dir='ltr'>cum</span> <span class='ocrx_word' id='word_1_856' title='bbox 1878 5605 1960 5660; x_wconf 90' lang='lat' dir='ltr'>di-</span> 
     </span>
    </p>
   </div>
   <div class='ocr_carea' id='block_1_109' title="bbox 289 5699 1959 5783">
    <p class='ocr_par' dir='ltr' id='par_1_109' title="bbox 289 5699 1959 5783">
     <span class='ocr_line' id='line_1_109' title="bbox 289 5699 1959 5783; baseline -0.012 -13"><span class='ocrx_word' id='word_1_857' title='bbox 289 5699 428 5783; x_wconf 43' lang='lat' dir='ltr'>gere</span> <span class='ocrx_word' id='word_1_858' title='bbox 463 5706 842 5767; x_wconf 79' lang='lat' dir='ltr'>reformident</span> <span class='ocrx_word' id='word_1_859' title='bbox 885 5703 1135 5777; x_wconf 88' lang='lat' dir='ltr'>primam</span> <span class='ocrx_word' id='word_1_860' title='bbox 1169 5719 1203 5758; x_wconf 93' lang='lat' dir='ltr'>a</span> <span class='ocrx_word' id='word_1_861' title='bbox 1233 5706 1348 5758; x_wconf 92' lang='lat' dir='ltr'>Dco</span> <span class='ocrx_word' id='word_1_862' title='bbox 1383 5699 1679 5757; x_wconf 86' lang='lat' dir='ltr'>conditam</span> <span class='ocrx_word' id='word_1_863' title='bbox 1733 5699 1959 5753; x_wconf 86' lang='lat' dir='ltr'>creatu—</span> 
     </span>
    </p>
   </div>
   <div class='ocr_carea' id='block_1_110' title="bbox 2060 4965 3718 5042">
    <p class='ocr_par' dir='ltr' id='par_1_110' title="bbox 2060 4965 3718 5042">
     <span class='ocr_line' id='line_1_110' title="bbox 2060 4965 3718 5042; baseline -0.005 -16"><span class='ocrx_word' id='word_1_864' title='bbox 2060 4978 2148 5027; x_wconf 70' lang='lat' dir='ltr'>est</span> <span class='ocrx_word' id='word_1_865' title='bbox 2180 4971 2236 5024; x_wconf 92' lang='lat' dir='ltr'>in</span> <span class='ocrx_word' id='word_1_866' title='bbox 2271 4969 2525 5042; x_wconf 85' lang='lat' dir='ltr'>Vulgata</span> <span class='ocrx_word' id='word_1_867' title='bbox 2575 4984 2642 5023; x_wconf 86' lang='lat' dir='ltr'>ex</span> <span class='ocrx_word' id='word_1_868' title='bbox 2693 4967 2952 5038; x_wconf 73' lang='lat' dir='ltr'>Hebrzeo,</span> <span class='ocrx_word' id='word_1_869' title='bbox 2986 4969 3154 5040; x_wconf 91' lang='lat' dir='ltr'>quasi</span> <span class='ocrx_word' id='word_1_870' title='bbox 3211 4968 3449 5041; x_wconf 88' lang='lat' dir='ltr'>legisset</span> <span class='ocrx_word' id='word_1_871' title='bbox 3492 4965 3718 5036; x_wconf 78' lang='grc' dir='ltr'>ἐκτησά-</span> 
     </span>
    </p>
   </div>
   <div class='ocr_carea' id='block_1_111' title="bbox 2065 5056 3718 5133">
    <p class='ocr_par' dir='ltr' id='par_1_111' title="bbox 2065 5056 3718 5133">
     <span class='ocr_line' id='line_1_111' title="bbox 2065 5056 3718 5133; baseline -0.002 -20"><span class='ocrx_word' id='word_1_872' title='bbox 2065 5082 2194 5133; x_wconf 77' lang='grc' dir='ltr'>μην,</span> <span class='ocrx_word' id='word_1_873' title='bbox 2229 5063 2398 5132; x_wconf 89' lang='lat' dir='ltr'>prout</span> <span class='ocrx_word' id='word_1_874' title='bbox 2423 5057 2738 5113; x_wconf 88' lang='lat' dir='ltr'>ediderunt</span> <span class='ocrx_word' id='word_1_875' title='bbox 2778 5056 2953 5110; x_wconf 83' lang='lat' dir='ltr'>etiam</span> <span class='ocrx_word' id='word_1_876' title='bbox 2991 5057 3154 5126; x_wconf 79' lang='lat' dir='ltr'>LXX,</span> <span class='ocrx_word' id='word_1_877' title='bbox 3182 5057 3426 5113; x_wconf 85' lang='lat' dir='ltr'>Genesis</span> <span class='ocrx_word' id='word_1_878' title='bbox 3464 5074 3574 5112; x_wconf 79' lang='lat' dir='ltr'>xu.</span> <span class='ocrx_word' id='word_1_879' title='bbox 3610 5056 3718 5110; x_wconf 84' lang='lat' dir='ltr'>Re-</span> 
     </span>
    </p>
   </div>
   <div class='ocr_carea' id='block_1_112' title="bbox 2063 5143 3718 5224">
    <p class='ocr_par' dir='ltr' id='par_1_112' title="bbox 2063 5143 3718 5224">
     <span class='ocr_line' id='line_1_112' title="bbox 2063 5143 3718 5224; baseline -0.005 -19"><span class='ocrx_word' id='word_1_880' title='bbox 2063 5151 2183 5224; x_wconf 81' lang='lat' dir='ltr'>gin.</span> <span class='ocrx_word' id='word_1_881' title='bbox 2217 5150 2284 5204; x_wconf 82' lang='lat' dir='ltr'>Il.</span> <span class='ocrx_word' id='word_1_882' title='bbox 2317 5149 2494 5203; x_wconf 90' lang='lat' dir='ltr'>habet</span> <span class='ocrx_word' id='word_1_883' title='bbox 2526 5143 2846 5217; x_wconf 72' lang='grc' dir='ltr'>ἰκτισάμην,</span> <span class='ocrx_word' id='word_1_884' title='bbox 2884 5150 2940 5201; x_wconf 84' lang='lat' dir='ltr'>et</span> <span class='ocrx_word' id='word_1_885' title='bbox 2972 5147 3051 5201; x_wconf 90' lang='lat' dir='ltr'>ita</span> <span class='ocrx_word' id='word_1_886' title='bbox 3082 5153 3306 5203; x_wconf 87' lang='lat' dir='ltr'>certum</span> <span class='ocrx_word' id='word_1_887' title='bbox 3345 5150 3432 5202; x_wconf 89' lang='lat' dir='ltr'>est</span> <span class='ocrx_word' id='word_1_888' title='bbox 3477 5145 3567 5200; x_wconf 90' lang='lat' dir='ltr'>edi</span> <span class='ocrx_word' id='word_1_889' title='bbox 3618 5160 3718 5199; x_wconf 85' lang='lat' dir='ltr'>vo-</span> 
     </span>
    </p>
   </div>
   <div class='ocr_carea' id='block_1_113' title="bbox 2062 5235 3721 5307">
    <p class='ocr_par' dir='ltr' id='par_1_113' title="bbox 2062 5235 3721 5307">
     <span class='ocr_line' id='line_1_113' title="bbox 2062 5235 3721 5307; baseline -0.005 -11"><span class='ocrx_word' id='word_1_890' title='bbox 2062 5241 2243 5296; x_wconf 86' lang='lat' dir='ltr'>luisse</span> <span class='ocrx_word' id='word_1_891' title='bbox 2284 5237 2586 5304; x_wconf 83' lang='lat' dir='ltr'>Basilium,</span> <span class='ocrx_word' id='word_1_892' title='bbox 2621 5237 2774 5307; x_wconf 88' lang='lat' dir='ltr'>quod</span> <span class='ocrx_word' id='word_1_893' title='bbox 2828 5236 3191 5292; x_wconf 80' lang='lat' dir='ltr'>existimaret</span> <span class='ocrx_word' id='word_1_894' title='bbox 3239 5236 3319 5291; x_wconf 90' lang='lat' dir='ltr'>ita</span> <span class='ocrx_word' id='word_1_895' title='bbox 3367 5235 3652 5305; x_wconf 77' lang='lat' dir='ltr'>scriptun]</span> <span class='ocrx_word' id='word_1_896' title='bbox 3687 5251 3721 5288; x_wconf 90' lang='lat' dir='ltr'>a</span> 
     </span>
    </p>
   </div>
   <div class='ocr_carea' id='block_1_114' title="bbox 2065 5320 3715 5396">
    <p class='ocr_par' dir='ltr' id='par_1_114' title="bbox 2065 5320 3715 5396">
     <span class='ocr_line' id='line_1_114' title="bbox 2065 5320 3715 5396; baseline -0.007 -9"><span class='ocrx_word' id='word_1_897' title='bbox 2065 5330 2220 5387; x_wconf 86' lang='lat' dir='ltr'>LXX.</span> <span class='ocrx_word' id='word_1_898' title='bbox 2255 5329 2400 5383; x_wconf 89' lang='lat' dir='ltr'>Nam</span> <span class='ocrx_word' id='word_1_899' title='bbox 2463 5323 2798 5395; x_wconf 65' lang='grc' dir='ltr'>ἐκτησάμην,</span> <span class='ocrx_word' id='word_1_900' title='bbox 2835 5343 2864 5378; x_wconf 90' lang='lat' dir='ltr'>a</span> <span class='ocrx_word' id='word_1_901' title='bbox 2909 5327 3183 5396; x_wconf 63' lang='lat' dir='ltr'>praesenti</span> <span class='ocrx_word' id='word_1_902' title='bbox 3231 5322 3488 5394; x_wconf 75' lang='grc' dir='ltr'>κτάομαι,</span> <span class='ocrx_word' id='word_1_903' title='bbox 3531 5320 3715 5390; x_wconf 78' lang='lat' dir='ltr'>possi-</span> 
     </span>
    </p>
   </div>
   <div class='ocr_carea' id='block_1_115' title="bbox 2066 5413 3716 5487">
    <p class='ocr_par' dir='ltr' id='par_1_115' title="bbox 2066 5413 3716 5487">
     <span class='ocr_line' id='line_1_115' title="bbox 2066 5413 3716 5487; baseline -0.008 -8"><span class='ocrx_word' id='word_1_904' title='bbox 2066 5424 2168 5479; x_wconf 79' lang='lat' dir='ltr'>rleo</span> <span class='ocrx_word' id='word_1_905' title='bbox 2201 5422 2389 5487; x_wconf 81' lang='lat' dir='ltr'>sonat,</span> <span class='ocrx_word' id='word_1_906' title='bbox 2425 5434 2536 5473; x_wconf 86' lang='lat' dir='ltr'>non</span> <span class='ocrx_word' id='word_1_907' title='bbox 2570 5431 2692 5471; x_wconf 86' lang='lat' dir='ltr'>creo</span> <span class='ocrx_word' id='word_1_908' title='bbox 2722 5433 2739 5468; x_wconf 90' lang='lat'><strong><em>:</em></strong></span> <span class='ocrx_word' id='word_1_909' title='bbox 2775 5431 2962 5485; x_wconf 90' lang='lat' dir='ltr'>neque</span> <span class='ocrx_word' id='word_1_910' title='bbox 2991 5422 3078 5471; x_wconf 81' lang='lat' dir='ltr'>est</span> <span class='ocrx_word' id='word_1_911' title='bbox 3111 5415 3170 5469; x_wconf 92' lang='lat' dir='ltr'>in</span> <span class='ocrx_word' id='word_1_912' title='bbox 3222 5432 3330 5469; x_wconf 88' lang='lat' dir='ltr'>usu</span> <span class='ocrx_word' id='word_1_913' title='bbox 3381 5413 3533 5480; x_wconf 79' lang='lat' dir='ltr'>apud</span> <span class='ocrx_word' id='word_1_914' title='bbox 3582 5428 3716 5484; x_wconf 90' lang='lat' dir='ltr'>pro-</span> 
     </span>
    </p>
   </div>
   <div class='ocr_carea' id='block_1_116' title="bbox 2068 5504 3716 5576">
    <p class='ocr_par' dir='ltr' id='par_1_116' title="bbox 2068 5504 3716 5576">
     <span class='ocr_line' id='line_1_116' title="bbox 2068 5504 3716 5576; baseline -0.006 -8"><span class='ocrx_word' id='word_1_915' title='bbox 2068 5514 2236 5568; x_wconf 86' lang='lat' dir='ltr'>fanos</span> <span class='ocrx_word' id='word_1_916' title='bbox 2266 5514 2492 5565; x_wconf 66' lang='lat' dir='ltr'>Graecos</span> <span class='ocrx_word' id='word_1_917' title='bbox 2525 5511 2790 5564; x_wconf 91' lang='lat' dir='ltr'>auctores</span> <span class='ocrx_word' id='word_1_918' title='bbox 2822 5504 3100 5576; x_wconf 77' lang='grc' dir='ltr'>κτίζομαι,</span> <span class='ocrx_word' id='word_1_919' title='bbox 3135 5510 3197 5560; x_wconf 90' lang='lat' dir='ltr'>ut</span> <span class='ocrx_word' id='word_1_920' title='bbox 3240 5504 3527 5576; x_wconf 78' lang='lat' dir='ltr'>signiﬁcet</span> <span class='ocrx_word' id='word_1_921' title='bbox 3567 5519 3716 5573; x_wconf 80' lang='lat' dir='ltr'>creo,</span> 
     </span>
    </p>
   </div>
   <div class='ocr_carea' id='block_1_117' title="bbox 2069 5591 3717 5670">
    <p class='ocr_par' dir='ltr' id='par_1_117' title="bbox 2069 5591 3717 5670">
     <span class='ocr_line' id='line_1_117' title="bbox 2069 5591 3717 5670; baseline -0.005 -12"><span class='ocrx_word' id='word_1_922' title='bbox 2069 5602 2155 5659; x_wconf 84' lang='lat' dir='ltr'>vel</span> <span class='ocrx_word' id='word_1_923' title='bbox 2201 5601 2396 5657; x_wconf 83' lang='lat' dir='ltr'>condo.</span> <span class='ocrx_word' id='word_1_924' title='bbox 2431 5597 2734 5670; x_wconf 88' lang='lat' dir='ltr'>Scriptura</span> <span class='ocrx_word' id='word_1_925' title='bbox 2781 5611 3011 5667; x_wconf 90' lang='lat' dir='ltr'>quoque</span> <span class='ocrx_word' id='word_1_926' title='bbox 3065 5596 3236 5650; x_wconf 86' lang='lat' dir='ltr'>verbo</span> <span class='ocrx_word' id='word_1_927' title='bbox 3284 5593 3481 5662; x_wconf 83' lang='grc' dir='ltr'>κτίζειν</span> <span class='ocrx_word' id='word_1_928' title='bbox 3533 5591 3717 5649; x_wconf 87' lang='lat' dir='ltr'>activo</span> 
     </span>
    </p>
   </div>
   <div class='ocr_carea' id='block_1_118' title="bbox 2071 5677 3712 5758">
    <p class='ocr_par' dir='ltr' id='par_1_118' title="bbox 2071 5677 3712 5758">
     <span class='ocr_line' id='line_1_118' title="bbox 2071 5677 3712 5758; baseline -0.009 -8"><span class='ocrx_word' id='word_1_929' title='bbox 2071 5692 2260 5750; x_wconf 88' lang='lat' dir='ltr'>utitur</span> <span class='ocrx_word' id='word_1_930' title='bbox 2315 5693 2564 5756; x_wconf 87' lang='lat' dir='ltr'>tantum,</span> <span class='ocrx_word' id='word_1_931' title='bbox 2618 5690 2680 5742; x_wconf 88' lang='lat' dir='ltr'>ut</span> <span class='ocrx_word' id='word_1_932' title='bbox 2725 5686 2859 5758; x_wconf 90' lang='lat' dir='ltr'>Sap.</span> <span class='ocrx_word' id='word_1_933' title='bbox 2923 5701 2984 5756; x_wconf 80' lang='grc' dir='ltr'>ιι,</span> <span class='ocrx_word' id='word_1_934' title='bbox 3034 5685 3103 5740; x_wconf 83' lang='lat'>23</span> <span class='ocrx_word' id='word_1_935' title='bbox 3155 5703 3167 5741; x_wconf 89' lang='lat'><strong>:</strong></span> <span class='ocrx_word' id='word_1_936' title='bbox 3212 5683 3339 5747; x_wconf 84' lang='grc' dir='ltr'>Θεὸς</span> <span class='ocrx_word' id='word_1_937' title='bbox 3395 5677 3568 5737; x_wconf 77' lang='grc' dir='ltr'>ἔκτισε</span> <span class='ocrx_word' id='word_1_938' title='bbox 3620 5681 3712 5736; x_wconf 85' lang='grc' dir='ltr'>τὸν</span> 
     </span>
    </p>
   </div>
  </div>
