4138 6216
427 357 451 414 1
462 355 581 416 059

1611 341 1660 401 Ν
1667 339 1845 400 ΟΤιΕ
1887 335 2333 399 FRONTONIS
2382 334 2641 397 DUGEI

3677 334 3838 396 1060

427 481 708 556 ἄνθρωπον
758 478 840 533 ἐπ’
893 473 1180 555 ἀφθαρσίᾳ,
1213 475 1354 530 Deus
1411 473 1618 530 creavit
1678 470 1954 526 hominem
2011 469 2068 522 in

2203 463 2395 533 -itatis,
2416 465 2528 520 nisi
2548 480 2724 538 opera
2763 468 2970 521 cuncta
2987 468 3328 521 sanctorum
3359 467 3598 520 Patrum
3633 465 3835 520 eadem

428 571 890 643 incorruptione;
938 571 994 623 et
1037 563 1213 621 Eccli.
1266 580 1424 630 xvm,
1469 563 1494 617 1
1533 561 1636 618 :‘O
1698 562 1802 627 ζῶν
1865 556 1940 619 εἷς
1986 557 2077 610 τὸν

429 662 599 718 αἰῶνα
655 655 832 714 ἔκτισε
879 656 945 709 τὰ
1002 654 1174 708 πάντα
1231 653 1409 724 κοινῇ,
1455 651 1561 719 Qui
1610 650 1748 705 vivit
1803 650 1861 703 in
1914 655 2077 704 aeter-

430 771 559 808 num
589 752 796 807 creavit
843 747 1030 802 omnia.
1067 743 1252 800 simul.
1292 739 1621 812 Suspicioni
1668 743 1865 793 tamen
1917 736 2081 792 locus

433 840 784 912 relinquitur
814 837 872 892 in
902 834 1258 907 quibusdam
1293 831 1461 886 libris
1480 833 1770 886 Geneseos
1793 826 2079 898 scriptum

431 931 744 990 offendisse
792 925 1074 983 Basilium
1132 919 1399 991 ἐκτίσατο,
1461 917 1939 992 quandoquidem
1999 915 2081 970 ita

432 1037 663 1095 quoque
694 1017 945 1089 legimus
973 1014 1128 1085 apud
1161 1013 1289 1082 ejus
1314 1010 1550 1065 fratrem
1571 1007 1915 1079 Gregorium
1935 1005 2081 1077 Nys-

434 1094 662 1179 Senum,
695 1107 794 1162 lib.
830 1123 865 1160 ιι
914 1107 1107 1161 contra
1166 1101 1517 1165 Eunomium,
1571 1115 1627 1170 p.
1683 1098 1747 1150 34
1811 1094 2082 1151 editionis

433 1199 674 1268 Morelli,
706 1196 804 1252 ubi
845 1195 916 1250 de
963 1191 1332 1247 humanitate
1371 1187 1582 1244 Christi
1630 1202 1863 1256 quoque
1908 1199 2082 1254 expo-

435 1291 589 1347 nitur
629 1287 792 1342 locus
842 1281 1283 1339 Proverbiorum
1333 1295 1460 1347 vm,
1508 1280 1578 1331 22
1617 1293 1630 1331 ε
1667 1275 1918 1342 Ἑκτίσοη
1979 1272 2082 1345 γὰρ

433 1379 654 1450 ἀληθῶς
717 1372 802 1428 ἐπ’
855 1370 1089 1446 ἐσχάτου
1131 1372 1239 1422 τῶν
1286 1369 1510 1440 ἡμερῶν
1559 1365 1586 1418 ὁ
1637 1360 1706 1418 δι’
1751 1365 1900 1435 ἡμᾶς
1965 1363 2083 1424 καθ’

432 1473 580 1542 ἡμᾶς
612 1464 923 1540 γενόμενος’
959 1484 988 1512 ‹‹
1035 1461 1278 1515 Grcatus
1336 1457 1489 1512 enim
1543 1459 1633 1510 est
1679 1471 1809 1509 vere
1857 1453 1918 1506 in
1975 1467 2083 1507 no-

433 1557 696 1615 vissimis
724 1554 955 1623 diebus,
975 1550 1072 1606 ille
1095 1549 1191 1620 qui
1216 1552 1453 1620 prOpter
1483 1561 1589 1601 nos
1620 1543 1944 1601 secundum
1977 1557 2084 1597 nos

435 1654 612 1706 natus
651 1649 757 1699 est.
795 1664 823 1691 ››

502 1753 624 1810 Col.
653 1751 760 1806 706
808 1750 853 1804 A
885 1751 935 1800 8.
968 1748 1106 1803 Nam
1150 1747 1272 1816 ipsa
1319 1759 1418 1812 per
1463 1759 1541 1796 se.
1593 1734 1908 1814 Αὗτοσοφία
1939 1738 2084 1792 scri-

433 1844 662 1918 psimus
704 1856 772 1894 ex
811 1842 877 1892 Η.
913 1853 1047 1902 ms.,
1081 1837 1145 1889 ut
1174 1838 1346 1889 antea
1376 1828 1626 1898 αὐτοζωή
1661 1827 1793 1881 εἶναι
1821 1825 1886 1880 οὐ
1920 1822 2080 1880 δύνα-
2115 1852 2161 1916 Β

431 1955 539 1988 ται.
574 1933 759 2002 Atque
786 1929 842 1982 in
878 1924 1130 1996 vulgatis
1161 1923 1386 1977 Lexicis
1419 1923 1758 1975 annotatum
1793 1921 1883 1972 est
1905 1920 2081 1971 Deum

434 2021 713 2092 αὖτοζωήν
747 2038 781 2076 a
810 2016 1084 2090 Dionysio
1135 2031 1287 2086 saepe
1337 2011 1650 2080 nominari,
1685 2010 1840 2082 quod
1892 2025 1994 2081 per
2024 2023 2085 2062 se

432 2119 606 2185 vivat,
644 2116 701 2168 et
746 2109 877 2165 aliis
926 2106 1156 2163 vivendi
1205 2108 1407 2160 auctor
1446 2104 1542 2174 sit,
1577 2107 1632 2156 et
1663 2119 1695 2156 a
1725 2100 2085 2156 Nazianzeno

434 2205 714 2279 Spiritum
770 2203 1040 2255 sanctum
1091 2193 1340 2271 αὐτοφῶς
1388 2190 1694 2265 appellari,
1749 2190 1902 2262 quod
1959 2188 2086 2260 ipse

435 2275 568 2351 vero
622 2292 720 2346 lux
778 2290 875 2354 sit,
907 2296 960 2343 et
1018 2285 1143 2341 sine
1211 2300 1275 2340 eo
1344 2298 1512 2338 nemo
1577 2279 1964 2334 illuminetur.
2018 2275 2090 2332 Ut

437 2387 585 2440 orat.
617 2383 707 2448 37,
739 2395 868 2451 pag.
919 2375 1028 2430 610
1058 2390 1070 2429 :
1108 2369 1460 2449 φωτιστικὸν,
1497 2367 1750 2437 ζωτικὸν,
1785 2363 1995 2439 μᾶλλον
2032 2361 2088 2419 δὲ

440 2472 688 2548 actaeo;
720 2467 807 2521 καὶ
841 2465 975 2534 ζωήο
1013 2487 1039 2514 ‹‹
1074 2464 1172 2534 qui
1197 2462 1385 2516 lucem
1418 2476 1483 2514 ac
1521 2459 1698 2514 vitam
1733 2457 1917 2525 affert,
1947 2455 2086 2522 imo,

442 2563 542 2638 qui
589 2546 843 2634 ipsamet
888 2555 988 2611 lux
1058 2559 1115 2610 et
1160 2552 1278 2608 vita
1328 2556 1435 2608 est.
1479 2569 1503 2601 η
1560 2553 1629 2604 Et
1677 2566 1710 2604 a
1754 2547 1985 2603 Justino
2028 2546 2087 2600 in

447 2633 843 2723 Quaestionibus
869 2645 938 2701 ad
971 2644 1179 2698 Graecos
1225 2641 1376 2696 Deus
1419 2639 1635 2694 dicitur
1683 2633 2089 2710 αὐτοπάρακτος

445 2740 531 2796 καὶ
581 2735 895 2812 αὐτογενής,
931 2749 1096 2805 «per
1146 2748 1207 2785 sc
1258 2729 1578 2800 productus
1627 2732 1684 2781 et
1732 2743 1833 2797 per
1877 2741 1938 2780 se
1987 2739 2088 2796 ge-

445 2830 626 2886 nitus.
652 2849 680 2878 ››
715 2811 777 2881 ln
811 2819 1119 2879 Basiliensi
1152 2825 1344 2874 tamen
1377 2820 1502 2872 erat
1530 2820 1585 2870 et
1615 2815 1672 2870 in
1704 2812 1956 2886 Stepbn};
1987 2811 2087 2886 γὰρ

444 2920 610 2975 αὐτοῦ
642 2913 800 2992 σοφία
829 2912 930 2966 οὐκ
967 2908 1194 2985 ἐγένετο.
1225 2905 1673 2979 Trapezuntius,
1717 2927 1744 2954 «
1799 2903 1945 2958 Nam
1995 2919 2088 2957 sa-

446 3008 661 3083 pientia
687 2990 814 3078 ejus
863 3004 1014 3058 facta
1051 3017 1166 3055 non
1216 3002 1305 3053 est
1337 3013 1349 3052 :
1388 3017 1415 3046 ››
1449 2999 1697 3066 utraque
1738 2993 1908 3049 lectio
1954 2990 2088 3046 ferri

447 3103 656 3172 potest.
1200 3147 1212 3165 ,

514 3186 638 3244 Ibid
670 3184 711 3239 C
738 3183 792 3237 3.
829 3186 912 3238 Ex
940 3179 1198 3251 opposito.
1232 3171 1461 3234 Ψευδῶς
1511 3187 1743 3245 quoque
1801 3169 2085 3242 scriptum

445 3277 676 3334 exhibet
699 3273 914 3345 Regius
933 3271 1112 3326 codex
1134 3267 1227 3336 H.,
1250 3267 1447 3336 itaque
1469 3261 1891 3333 Trapezuntius
1920 3277 1988 3315 ex
2018 3259 2093 3314 si-

446 3367 566 3423 mili
599 3369 756 3420 textu
790 3361 1174 3432 expresserat,
1199 3378 1226 3405 κ
1259 3353 1366 3420 Qui
1395 3369 1565 3408 verus
1590 3355 1698 3419 est,
1732 3351 1802 3406 ad
1835 3367 1954 3422 eos,
1987 3347 2090 3420 qui

444 3471 512 3510 ex
533 3451 798 3525 opposito
820 3447 967 3503 falso
990 3439 1694 3525 distinguuntur,dicitur.
1717 3461 1744 3489 ››
1772 3440 1843 3492 At
1868 3439 1922 3492 in
1948 3439 2086 3492 edit.

445 3523 726 3612 Stephan.
761 3536 883 3607 lego
930 3533 1066 3608 πρὸς
1119 3529 1245 3590 τοὺς
1275 3525 1487 3602 ψευδεῖς
1516 3523 2087 3598 ἀντιδιαστελλόμενος

447 3627 685 3703 λέγεται.
719 3625 905 3681 Nimis
954 3621 1365 3693 compendiose
1412 3620 1579 3687 Beza,
1612 3640 1638 3667 «
1691 3617 1877 3672 Verus
1924 3614 2088 3671 falsis

445 3717 781 3792 opponitur.
818 3736 846 3764 »

515 3826 634 3881 Col.
664 3824 768 3877 707
803 3824 838 3876 Α
869 3821 924 3876 7.
959 3818 1018 3875 Si
1047 3819 1214 3875 solus.
1249 3815 1406 3871 Duas
1455 3815 1639 3870 lineas
1687 3814 1833 3869 istas
1881 3811 2092 3884 adjeci-

447 3932 580 3971 mus
610 3907 1100 3984 interpretationi,
1134 3923 1282 3978 quas
1313 3904 1588 3960 omiserat
1621 3901 2048 3973 'l‘rapezuntius
2074 3917 2086 3957 :

442 4008 669 4060 tantum
698 4001 852 4056 enim
887 3998 1172 4064 ediderat,
1197 4018 1224 4044 ‹‹
1251 3995 1308 4050 Si
1343 4009 1520 4064 super
1544 3991 1741 4048 omnia
1772 3996 1862 4046 est
1882 3997 2089 4062 Deus,»

445 4098 552 4149 etc.
592 4093 653 4147 Et
686 4091 743 4144 in
776 4088 978 4144 eadem
1012 4084 1245 4158 pagina,
1279 4099 1404 4154 cap.
1441 4083 1528 4150 12,
1560 4084 1746 4136 totam
1787 4079 1949 4134 illam
1998 4079 2090 4134 in-

445 4180 823 4253 scriptionem
858 4175 1096 4248 capituli
1127 4173 1419 4228 edidimus
1451 4171 1508 4226 in
1539 4170 1733 4226 Graeca
1775 4170 1950 4224 etiam
1982 4168 2089 4224 Ba-

445 4269 672 4327 siliensi
709 4266 966 4324 secunda
995 4269 1052 4319 et
1099 4260 1442 4332 Slepbanaea
1489 4260 1875 4314 desideratam
1911 4276 1923 4314 :
1957 4281 1984 4308 «
2028 4259 2090 4314 In

445 4359 615 4427 illud,
648 4358 766 4412 Non
812 4361 890 4410 est
943 4369 1128 4408 meum
1179 4352 1318 4406 dare
1357 4350 1506 4405 vobis
1537 4347 1766 4420 (Matth.
1799 4365 1894 4413 xx,
1923 4347 2036 4419 23),
2064 4369 2086 4399 ι

443 4465 619 4521 quam
654 4447 869 4518 Regius
901 4444 1081 4499 codex
1113 4439 1584 4512 repraesentavit;
1614 4443 1670 4494 et
1701 4439 1843 4493 satis
1867 4444 2095 4495 constat

442 4534 683 4592 alterius
739 4532 1053 4604 Scriptores
1117 4525 1536 4602 expositionem
1586 4527 1738 4582 hanc
1793 4527 2094 4602 περικοπήν

444 4625 736 4682 exhibere.

513 4712 633 4770 Col.
665 4713 770 4766 710
802 4716 848 4764 Α
881 4713 936 4765 9.
967 4712 1173 4766 Eorum
1205 4710 1394 4780 igitur.
1429 4711 1720 4780 Interpres
1753 4710 2098 4780 scripserat:

449 4825 469 4853 ι
521 4803 735 4858 Eorum
788 4800 972 4873 igitur
1019 4800 1120 4871 qui
1173 4798 1490 4869 accipiunt,
1537 4802 1646 4863 est,
1680 4796 1887 4869 dignos
1939 4814 1999 4852 se
2030 4797 2102 4852 ad

454 4894 754 4948 dexteram
785 4889 874 4944 vel
921 4890 991 4944 ad
1044 4888 1344 4944 sinistram
1392 4887 1594 4942 sedere
1644 4888 1829 4941 facere
1865 4903 1876 4941 :
1915 4908 1940 4935 »
1974 4903 2101 4957 qua

450 4981 628 5037 verba
651 4995 782 5034 cum
814 4982 1010 5050 aperte
1035 4976 1322 5032 catholico
1345 4975 1602 5047 dogmati
1617 4976 2012 5047 suffragantur
2033 4977 2104 5030 de

447 5071 714 5127 libertate
748 5069 993 5126 humani
1029 5067 1278 5134 arbitrii,
1311 5068 1498 5138 deque
1540 5083 1782 5138 operum
1813 5067 2103 5121 bonorum

449 5160 698 5230 meritis,
715 5159 961 5231 insigni,
979 5156 1172 5228 plagio
1195 5156 1493 5226 dicam,an
1519 5155 1842 5226 sacrilegio,
1866 5173 1898 5210 a
1922 5155 2105 5210 Theo-

449 5251 590 5306 doro
622 5250 767 5306 Beza
799 5262 1122 5320 suppressa
1151 5249 1310 5314 sunt,
1346 5261 1534 5316 neque
1565 5262 1732 5299 suam
1765 5244 2107 5315 interpreta-

448 5343 665 5396 tionem
703 5342 1022 5412 adjungere
1056 5335 1268 5392 Graecis
1303 5336 1480 5391 voluit
1509 5337 1567 5391 in
1591 5336 1843 5392 editione
1866 5335 2104 5406 Stepha-

455 5450 750 5506 naaa,pag.
776 5434 900 5498 421,
919 5430 1020 5486 sed
1043 5429 1162 5483 hmo
1189 5427 1363 5484 verba
1385 5434 1616 5484 tantum
1641 5427 2109 5499 appinxit.«Cur

455 5524 577 5580 haec
608 5523 830 5579 omissa
858 5520 1074 5588 sint,in
1107 5518 1347 5575 scholiis
1378 5519 1604 5574 dicetur
1636 5536 1703 5574 :»
1735 5534 1864 5590 quae
1886 5517 2110 5574 scholia

457 5615 528 5668 ad
553 5611 845 5668 Kalendas
871 5612 1096 5666 Graecas
1117 5609 1330 5680 rejects.
1353 5613 1512 5678 sunt,
1538 5624 1642 5663 nec
1666 5623 1939 5679 usquam,
1956 5607 2108 5678 quod

456 5702 658 5771 sciam,
690 5702 1191 5772 comparuerunt:
1229 5697 1328 5754 sed
1380 5697 1528 5753 nihil
1577 5703 1760 5769 agunt
1791 5697 1986 5754 hostes
2014 5713 2108 5753 ve-

2189 573 2326 612 cura
2347 554 2753 622 exterminant,
2778 571 2911 610 cum
2946 570 3074 610 eam
3107 553 3210 608 illa
3257 554 3478 625 ubique
3525 556 3835 608 testentur.

2189 649 2332 699 Nam
2365 649 2423 698 et
2451 643 2545 699 hic
2574 643 2699 715 ipse
2720 642 2974 700 Basilius
3005 643 3263 716 idipsum
3297 645 3467 699 docet
3493 643 3553 698 in
3583 643 3842 698 Sermone

2188 733 2252 790 de
2305 734 2540 789 ascetica
2595 749 2694 788 seu
2739 736 3047 789 monastica
3104 736 3217 789 vita
3249 752 3268 790 :
3306 752 3326 780 α
3362 731 3840 788 Custodientibus

2191 823 2470 879 mandata
2507 823 2636 893 ejus
2680 822 2986 878 retributio
3035 821 3259 890 multa;
3292 836 3516 877 merces
3557 821 3838 876 nimirum

2190 912 2293 968 illa
2320 911 2554 981 copiosa
2583 915 2672 967 est
2699 915 2759 966 et
2790 927 3004 966 corona
3023 910 3295 982 justitize,
3326 915 3542 965 aeterna
3571 911 3840 965 taberna-

2191 1001 2342 1067 cula,
2375 1001 2492 1056 vita
2521 1001 2696 1056 finem
2730 1016 3036 1072 nunquam
3085 999 3381 1055 habitura.
3417 1021 3446 1048 »
3479 1003 3547 1053 Et
3591 997 3845 1054 Homilia

2189 1091 2250 1146 in
2305 1089 2660 1162 principium
2713 1089 3006 1154 Proverb.,
3040 1105 3094 1159 p.
3133 1089 3236 1143 473
3269 1104 3281 1141 :
3319 1088 3536 1156 Omnes,
3569 1089 3668 1159 qui
3701 1088 3844 1142 viam

2191 1181 2568 1250 evangelicum
2595 1179 2920 1249 incedimus,
2950 1183 3278 1234 mercatores
3307 1194 3520 1247 sumus,
3546 1193 3648 1249 per
3673 1193 3845 1244 opera

2194 1275 2590 1331 mandatorum
2620 1273 2774 1329 nobis
2820 1272 3209 1345 possessionem
3257 1271 3569 1326 cwleslium
3621 1285 3844 1340 compa-

2193 1369 2403 1420 rantes.
2437 1362 2710 1419 Justinus
2741 1362 3014 1433 Apologia
3041 1361 3076 1414 2
3126 1376 3224 1432 pro
3258 1359 3571 1432 ,L'hrislian.
3602 1375 3622 1412 :
3655 1358 3721 1413 Οἳ
3755 1354 3841 1409 ἐὰν

2195 1452 2374 1522 ἀξίους
2420 1456 2499 1523 τῷ
2545 1449 2750 1505 ἐκείνου
2808 1447 3121 1525 βουλήματι
3174 1446 3393 1508 ἑαυτοὺς
3435 1443 3506 1500 δι’
3538 1444 3708 1520 ἔργων
3737 1442 3843 1499 85i-

2195 1543 2344 1614 ξωσι,
2376 1547 2475 1610 τῆς
2535 1541 2648 1612 μετ’
2678 1538 2843 1593 αὐτοῦ
2895 1539 3234 1614 ἀναστροφῆς
3278 1536 3672 1606 καταξιωθῆναι
3707 1554 3843 1608 προσ

2194 1631 2517 1708 ειλήφοιμεν,
2564 1623 3064 1701 συμϐασιλεύοντας
3130 1625 3431 1704 ἀφθάρτους
3475 1623 3565 1678 καὶ
3625 1623 3846 1682 ἀπαθεῖς

2191 1720 2538 1796 γενομὲνους·
2570 1743 2597 1770 ‹‹
2627 1719 2735 1782 Qui
2769 1718 2817 1772 si
2851 1717 3059 1788 dignos
3092 1734 3154 1771 se
3185 1716 3461 1787 operibus
3511 1714 3638 1770 suis
3687 1713 3844 1768 illius

2193 1809 2437 1866 consilio
2495 1813 2553 1863 et
2609 1807 2895 1863 voluntati
2953 1804 3353 1878 prsestiterint,
3409 1802 3844 1860 conversatione

2196 1917 2328 1955 cum
2361 1897 2461 1953 illo
2493 1897 2798 1968 dignatum
2834 1895 2905 1950 iri
2938 1895 3181 1961 scimus,
3215 1899 3271 1948 et
3308 1897 3658 1964 regnaturae
3709 1908 3841 1946 cum

2195 1989 2294 2044 illo
2323 1986 2714 2059 corruptionis
2745 2002 2811 2041 ac
2835 1983 3231 2056 perpessionis
3251 1986 3515 2054 expertes
3538 1981 3791 2037 futuros.
3817 2001 3843 2028 ιι

2194 2079 2604 2147 Hieronymus,
2635 2074 2737 2129 lib.
2763 2091 2802 2132 ιι
2833 2078 3028 2128 contra
3056 2073 3430 2141 Iovinianum,
3461 2069 3539 2125 ita
3572 2069 3748 2142 plane
3769 2067 3846 2123 lo-

2197 2183 2330 2222 cum
2363 2167 2521 2220 hunc
2553 2162 2807 2219 Matthaci
2840 2162 2911 2217 de
2941 2161 3223 2237 petitione
3279 2158 3534 2214 ﬁliorum
3581 2157 3842 2214 Zebedsei

2197 2255 2435 2328 exponit
2469 2273 2481 2310 ε
2515 2254 2631 2310 Νοη
2663 2260 2741 2308 est
2784 2250 2924 2307 Filii
2965 2251 3116 2321 dare,
3149 2258 3202 2305 el
3246 2248 3510 2321 quomodo
3551 2248 3738 2303 Patris
3766 2251 3844 2302 est

2194 2346 2562 2418 praporare?
2597 2345 2836 2409 Paratae,
2861 2342 3064 2411 inquit,
3097 2346 3223 2395 sunt
3253 2341 3312 2394 in
3359 2337 3493 2394 ctelo
3535 2336 3769 2391 diversae
3797 2339 3850 2390 et

2193 2437 2452 2508 plurimae
2481 2432 2792 2487 mansiones
2835 2429 3096 2502 plurimis
3143 2428 3481 2499 diversisque
3521 2425 3846 2492 virtutibus,

2199 2542 2341 2598 quas
2369 2540 2480 2580 non
2501 2537 2754 2594 personae
2782 2521 3080 2591 accipiunt,
3109 2518 3201 2574 sed
3251 2533 3452 2589 Opera-,-
3475 2517 3693 2587 frustra
3718 2529 3849 2584 ergo

2197 2633 2231 2671 a
2261 2631 2346 2670 me
2390 2613 2592 2685 petitis,
2626 2610 2764 2683 quod
2824 2612 2880 2665 in
2931 2610 3082 2665 vobis
3137 2609 3307 2663 situm
3362 2614 3462 2672 est,
3503 2604 3654 2677 quod
3683 2608 3854 2660 Pater

2198 2721 2351 2760 meus
2381 2703 2496 2758 illis
2538 2703 2782 2774 paravit,
2815 2699 2913 2770 qui
2959 2699 3142 2768 dignis
3171 2697 3468 2752 virtutibus
3516 2695 3594 2750 ad
3624 2699 3853 2748 tantum

2198 2793 2486 2850 aesceusuri
2535 2795 2667 2846 sunt
2719 2790 3070 2859 dignilalcm.
3106 2787 3172 2842 Et
3210 2787 3269 2841 S.
3299 2786 3468 2840 Joan.
3499 2783 3849 2854 Chrysosto-

2201 2900 2334 2939 mus
2365 2883 2422 2938 in
2457 2881 2726 2938 eumdem
2758 2879 2973 2944 locum,
3006 2877 3052 2932 ll
3084 2877 3154 2932 ad
3189 2873 3449 2930 Corinth.
3481 2889 3536 2940 v,
3561 2873 3652 2942 10,
3684 2888 3755 2926 ex
3786 2885 3852 2926 eo

2199 2973 2422 3046 colligit
2451 2987 2558 3027 nos
2592 2967 2852 3040 corporis
2885 2966 3069 3022 nostri
3097 2965 3343 3036 gloriam
3375 2961 3545 3046 bonis
3569 2960 3856 3032 operibus

2200 3045 2538 3131 morituros,
2568 3057 2772 3114 homil.
2796 3057 2862 3111 10
2895 3071 2908 3111 :
2942 3053 3017 3110 Οὐ
3047 3052 3148 3127 γὰρ
3181 3049 3360 3122 δήπου
3404 3050 3466 3103 τὸ
3515 3045 3850 3117 διακονησά-

2204 3171 2360 3224 μενον
2390 3149 2462 3210 εἲς
2491 3151 2672 3215 τοῦτο,
2706 3144 2922 3199 κάκεῖνο
2969 3146 3075 3197 τῶν
3124 3134 3371 3213 ἀμοιϐὧν
3417 3136 3518 3208 ἔξω
3567 3138 3851 3205 στήσεται,

2119 3228 2161 3294 C
2200 3239 2344 3295 ἀλλᾶ
2378 3237 2510 3312 μετᾶ
2537 3235 2635 3304 τῆς
2667 3237 2852 3309 ψυχῆς
2890 3232 2956 3286 τὰ
3009 3231 3102 3304 μὲν
3160 3228 3467 3297 κολάζεται,
3499 3227 3569 3279 τὰ
3616 3223 3679 3279 δὲ
3734 3245 3852 3279 στι-

2199 3333 2478 3416 φανυῦται·
2501 3349 2529 3378 ι(
2550 3327 2674 3382 Non
2696 3325 2852 3381 enim
2883 3322 3154 3379 videlicet
3184 3320 3240 3374 id
3276 3319 3430 3390 quod
3465 3318 3536 3373 ad
3569 3316 3855 3372 virtutem

2197 3405 2286 3477 vel
2319 3405 2525 3476 vitium
2559 3431 2794 3487 operam
2829 3429 2997 3470 suam
3030 3407 3522 3473 subministravit,
3547 3424 3582 3462 a
3610 3405 3855 3478 praemio

2197 3510 2285 3566 vel
2319 3525 2489 3582 poena
2519 3505 2860 3563 excludetur
2892 3517 2906 3558 :
2939 3502 3040 3558 sed
3073 3517 3190 3556 una
3214 3514 3350 3554 cum
3380 3497 3581 3553 anima
3637 3511 3858 3568 corpus
3959 3550 3969 3560 ,

2199 3599 2413 3672 partim
2470 3594 2846 3663 cruciabitur,
2907 3591 3119 3663 partim
3197 3604 3471 3644 coronam
3527 3601 3857 3657 conseque-

2197 3695 2312 3744 tur.
2353 3711 2373 3738 ι

2269 3796 2386 3852 Col.
2416 3794 2524 3848 710
2579 3792 2639 3846 in
2700 3787 2872 3845 titulo
2907 3803 2920 3842 ε
2955 3784 3057 3842 Καὶ
3102 3783 3183 3839 ὅτι
3230 3782 3293 3836 οὗ
3337 3778 3560 3853 κτίσμα.
3595 3781 3736 3837 Haec
3793 3779 3856 3835 in

2198 3885 2368 3942 titulo
2401 3885 2629 3954 adjecta
2659 3883 2796 3935 sunt
2828 3895 2862 3934 a
2892 3876 3063 3933 nobis
3095 3891 3163 3930 ex
3193 3891 3302 3930 ms.
3341 3872 3517 3944 Regio
3551 3871 3856 3940 H.,inter-

2200 3971 2509 4048 pretationi
2538 3987 2670 4026 vero
2703 3965 2842 4023 illud
2895 3983 2964 4022 ex
3009 3962 3284 4022 Cornario
3340 3961 3662 4032 adjectum,
3687 3983 3718 4008 ‹‹
3753 3964 3860 4014 aut

2200 4046 2266 4121 ea
2293 4081 2420 4136 quae
2453 4061 2714 4116 nondum
2746 4059 3021 4128 corrupta
3041 4057 3200 4122 sunt,
3217 4053 3697 4122 corrumpantur,
3718 4071 3746 4098 ››
3768 4046 3860 4103 vel

2201 4179 2229 4205 ‹‹
2264 4155 2457 4226 potius
2487 4147 2782 4220 corrumpi
2815 4146 3083 4201 debeant.
3118 4163 3149 4193 ι»

2272 4259 2390 4317 Col.
2417 4259 2517 4314 711
2556 4263 2598 4310 A
2648 4257 2734 4310 14.
2768 4251 3072 4310 Secundum
3127 4247 3481 4321 praphetam.
3517 4249 3710 4301 Locus
3774 4247 3866 4300 est

2203 4353 2374 4406 Amos
2404 4365 2460 4415 v,
2492 4350 2546 4414 8,
2579 4344 2678 4401 ubi
2704 4348 2901 4398 tamen
2934 4357 3049 4396 non
3085 4337 3325 4394 additur
3354 4333 3486 4388 αὐτά
3518 4338 3654 4405 post
3691 4351 3861 4404 μετα-

2203 4435 2496 4505 σκευάζων.
2530 4430 2842 4489 Cornarius
2896 4431 2976 4498 τῷ
3024 4429 3138 4497 Θεῷ
3194 4422 3367 4479 vertit
3421 4421 3496 4477 ad
3524 4423 3724 4476 Deum.
3757 4422 3874 4490 Qui

2202 4528 2341 4601 facis
2371 4526 2577 4593 omnia,
2610 4527 2662 4577 et
2691 4521 3030 4576 transmittas
3060 4519 3200 4588 ipsa.
3233 4512 3393 4580 Quod
3427 4511 3476 4566 si
3507 4510 3701 4566 oratio
3736 4526 3874 4581 pro-

2125 4605 2170 4668 D
2203 4598 2392 4691 pheta:
2425 4616 2494 4671 ad
2523 4614 2707 4669 Deum
2739 4610 2959 4664 directa
2987 4603 3372 4675 intelligatur,
3395 4604 3548 4656 recte
3579 4598 3876 4671 interpre-

2210 4715 2392 4776 tatur,
2426 4707 2452 4760 ὁ
2480 4707 2674 4774 ποιῶν,
2707 4702 2803 4774 qui
2829 4700 2992 4773 facis.
3021 4697 3083 4752 In
3117 4693 3364 4766 Vulgata
3410 4695 3520 4761 est,
3553 4691 3873 4747 Facientem

2212 4801 2504 4854 Arcturum
2535 4797 2585 4851 et
2611 4793 2884 4850 Orionem.
2920 4787 3032 4844 Sed
3065 4783 3368 4858 praecessit
3403 4781 3464 4836 in
3507 4781 3724 4837 eodem
3774 4795 3873 4834 ca-

2214 4890 2332 4962 pite
2364 4902 2538 4942 versu
2571 4885 2601 4938 4
2634 4901 2647 4938 :
2683 4881 2822 4950 Quia
2869 4877 2990 4934 haec
3036 4875 3171 4930 dicit
3210 4871 3481 4928 Dominus
3535 4870 3738 4925 domui
3793 4870 3874 4924 ls-

2211 4953 2350 5047 i'uel,
2379 4975 2613 5043 Quaerite
2641 4972 2953 5027 Dominum.
2979 4963 3380 5022 Theodoretus
3409 4960 3472 5015 in
3499 4961 3685 5015 Amos
3711 4953 3876 5030 εΘαρ-

2217 5065 2435 5142 ῥήσατε,
2469 5061 2622 5138 φησὶ,
2654 5063 2723 5133 τῇ
2754 5061 2851 5112 τοῦ
2900 5057 3034 5110 Θεοῦ
3085 5049 3327 5122 δυνάμει,
3359 5046 3448 5102 καὶ
3487 5047 3698 5116 ταύτης
3750 5041 3876 5119 ἔχε-

2216 5137 2306 5210 clis
2362 5137 2755 5217 τῆςνέλπίδος.
2790 5144 3044 5203 Εὐπετῶς
3093 5141 3194 5216 γὰρ
3250 5141 3400 5193 ποιεῖ
3454 5137 3542 5192 καὶ
3601 5137 3874 5203 σκευάζει,

2215 5244 2248 5298 ἃ
2308 5241 2583 5319 βούλεται,
2636 5234 2723 5292 καί
2799 5231 2982 5311 ῥᾴδιον
3041 5229 3191 5299 αὐτῷ
3247 5226 3336 5282 καὶ
3393 5226 3520 5286 τοὺς
3581 5223 3873 5297 μεγίστους

2217 5310 2500 5392 κινδύνους
2533 5328 2606 5390 εἷς
2640 5325 2895 5398 εὐθυμίαν
2961 5312 3281 5394 μεταϐαλεῖν
3314 5334 3327 5372 :
3367 5340 3387 5366 ι
3423 5315 3716 5372 Conﬁdite
3781 5310 3876 5368 Dei

2218 5421 2517 5496 potestati,
2552 5420 2819 5487 hancque
2843 5429 3006 5486 spem
3034 5405 3479 5481 amplectimini.
3503 5402 3700 5461 Facile
3720 5400 3875 5458 enim

2218 5491 2359 5570 iacit
2379 5518 2438 5567 et
2466 5509 2869 5574 transformat,
2904 5519 3030 5574 quae
3061 5497 3207 5564 vult,
3241 5502 3414 5568 atque
3471 5495 3523 5550 ei
3573 5491 3747 5548 facile
3793 5493 3879 5545 est

2224 5602 2486 5660 maxima
2538 5595 2800 5672 pericula
2845 5595 2903 5649 in
2954 5587 3439 5662 tranquillitatem
3470 5582 3813 5640 transferre.
3845 5600 3872 5627 ιι

2223 5699 2290 5753 In
2351 5669 2558 5749 eodeni
2611 5687 2822 5760 capite,
2855 5699 2986 5757 pag.
3046 5679 3174 5748 297,
3231 5693 3336 5750 pro
3395 5673 3561 5748 ἑτέρῳ
3613 5669 3875 5746 παρέχειν
