4124 6240
286 363 437 424 1061

1358 363 1438 422 IN
1481 361 1761 424 LIBROS
1806 361 2118 423 CONTRA
2163 363 2612 425 EUNOMIUM.

3536 364 3695 427 1062

277 497 633 570 suggerebat
664 496 816 552 idem
849 513 991 552 mss.
1024 497 1093 552 II.
1123 501 1267 569 Reg.
1314 494 1482 569 ἒτὲρῳ
1513 493 1740 570 ὀρέγειν·
1776 494 1924 551 Illud

2059 495 2132 552 sic
2180 496 2420 552 effertur
2473 497 2632 553 Isaiae
2684 496 2885 553 locus:
2937 493 3285 572 Τετύφλωκεν
3338 495 3512 552 αὐτῶν
3563 498 3691 562 τοὺς

274 592 496 654 autem,
541 582 1110 656 ἀπαθανατιζομὲνων,
1145 585 1590 641 emendavimus
1611 601 1677 640 ex
1699 585 1931 640 eodem.

276 693 412 732 cum
448 679 620 731 antea
671 681 828 730 esset
870 673 1373 746 ἀπαθανιζομένων.
1423 677 1544 739 Quo
1575 675 1753 730 verbo
1785 691 1935 730 usus

275 770 368 820 est
388 764 564 821 etiam
584 765 930 832 Herodotus,
978 762 1081 818 lib.
1125 781 1204 827 ιν,
1227 768 1283 818 et
1311 780 1459 835 quos
1482 763 1654 818 Getas
1678 763 1774 818 ille
1796 762 1937 817 dicit

278 851 695 922 ἀθανατίζοντας
743 854 1030 909 Arrianus
1079 851 1568 922 ἀπαθανατίζοντας
1633 860 1818 920 vocat,
1873 852 1931 907 id

281 944 501 1016 est,qui
517 943 952 1000 immortalitate
972 943 1602 1013 donant,etindeorum
1621 958 1935 997 numerum

282 1034 565 1090 referunt.
601 1033 753 1088 Usus
801 1037 889 1088 est
937 1037 994 1088 et
1026 1032 1186 1087 Philo
1225 1034 1304 1102 De
1327 1035 1446 1087 vita
1475 1031 1650 1098 Mosis,
1684 1027 1937 1093 ἀθανατί-

288 1126 431 1191 ζεται
480 1120 625 1195 παρᾶ
667 1125 782 1192 Θεῷ
848 1144 868 1170 α
921 1120 1364 1176 immortalitate
1411 1120 1732 1192 perfruitur
1781 1120 1935 1192 apud

287 1212 493 1268 Deum.
525 1229 553 1262 ι
592 1211 750 1266 Idem
783 1209 1028 1265 verbum
1061 1210 1236 1265 etiam
1269 1209 1700 1265 restituendum
1728 1225 1937 1265 censeo

285 1303 339 1356 S.
383 1300 657 1373 Gregorio
711 1300 999 1372 Nysseno,
1034 1298 1234 1354 Basilii
1269 1298 1452 1368 fratri,
1480 1297 1538 1353 in
1573 1299 1722 1353 libro
1771 1299 1936 1354 Cate-

287 1390 536 1455 chetico,
591 1406 718 1460 cap.
770 1390 858 1456 37,
894 1405 1024 1461 pag.
1053 1388 1181 1457 535,
1213 1393 1271 1443 et
1299 1387 1493 1443 locum
1529 1387 1609 1442 ita
1641 1386 1937 1458 corrigen-

287 1480 468 1535 dum:
527 1476 772 1551 Καθάπερ
830 1477 931 1552 γὰρ
996 1476 1164 1550 μικρὰ
1225 1475 1367 1548 ζύμη
1423 1474 1554 1530 ὃλον
1595 1475 1657 1529 τὸ
1719 1473 1942 1554 φύραμα

285 1567 420 1642 πρὸς
465 1567 657 1634 ἑαυτὴν
706 1566 1071 1638 συνεξομοιοῖ,
1133 1563 1274 1619 οὕτω
1325 1565 1386 1620 τὸ
1432 1564 1776 1627 ἀθανατισοεν
1838 1563 1941 1618 ὑπὸ

286 1661 383 1711 τοῦ
415 1660 550 1711 Θεοῦ
581 1660 742 1728 σῶμα
769 1653 820 1709 ἐν
857 1658 937 1726 τῷ
967 1654 1223 1728 ἡμετέρῳ
1252 1649 1572 1728 γενὸμενον,
1605 1652 1740 1709 ὅλον
1806 1653 1943 1728 πρὸς

288 1745 448 1800 ἑαυτὸ
503 1749 787 1818 μεταποιεῖ
827 1744 916 1798 καὶ
962 1744 1331 1816 μετατίθησιν·
1386 1765 1409 1796 (ι
1463 1744 1607 1800 Nam
1661 1744 1943 1816 quemad-

291 1836 533 1893 modum
567 1850 775 1907 parum
805 1833 1076 1889 fermenti
1104 1833 1217 1888 sibi
1249 1836 1434 1887 totam
1465 1832 1944 1905 conspersionem

291 1923 618 1983 assimilat:
656 1923 736 1978 ita
767 1939 979 1994 corpus
1013 1925 1280 1978 nostrum
1311 1938 1346 1976 a
1375 1922 1490 1978 Deo
1515 1915 1808 1977 redditum
1841 1922 1952 1976 im-

295 2013 542 2072 mortale
573 2030 706 2069 cum
748 2012 926 2068 fuerit
970 2012 1124 2068 intra
1172 2015 1462 2080 nostrum,
1522 2016 1712 2068 totum
1767 2011 1826 2066 in
1884 2027 1948 2067 se

289 2107 653 2162 transmutat
694 2107 752 2159 et
800 2102 1102 2158 transfert.
1148 2122 1175 2150 »
1206 2100 1434 2172 Alioqui
1466 2117 1581 2155 non
1630 2100 1948 2172 quadraret

291 2191 729 2266 comparatio,si
761 2187 1129 2261 θανατισθέν,‹‹
1164 2195 1350 2246 morte
1371 2190 1644 2246 affectum
1668 2212 1696 2240 »
1726 2190 1947 2246 dicere-

297 2287 396 2339 tur
428 2281 571 2337 illud
605 2297 841 2353 corpus,
895 2281 1048 2352 quod
1113 2283 1317 2352 postea
1381 2278 1444 2332 τὸ
1486 2279 1746 2342 ἀθάνατον
1786 2283 1948 2352 σῶμα

290 2371 626 2428 immortale
655 2387 914 2442 corpus»
945 2369 1300 2443 appellatur,
1331 2374 1396 2425 ut
1443 2369 1945 2426 immortalitatem

293 2461 520 2535 corpori
552 2461 810 2516 humano
844 2461 1162 2532 impertiat.
1196 2464 1265 2515 Et
1295 2460 1351 2514 in
1392 2460 1507 2514 fine
1555 2459 1763 2531 capitis
1816 2463 1948 2532 post

295 2550 398 2606 illa
441 2551 638 2620 verba,
682 2548 782 2602 οὐκ
830 2545 932 2624 ἄρα
978 2548 1180 2618 κτίσμα
1209 2547 1271 2602 τὸ
1323 2551 1561 2620 Πνεῦμα,
1594 2549 1949 2620 subjiciebat

297 2657 411 2696 ms.
443 2644 534 2706 H.,
584 2637 674 2692 καὶ
725 2638 823 2690 ὅσα
874 2634 999 2708 μίαν
1051 2635 1140 2691 καὶ
1188 2638 1286 2705 τήν
1339 2635 1503 2704 αὐτὴν
1543 2635 1803 2711 ἐνὲργῐιαν
1838 2633 1949 2691 δεί-

295 2748 448 2782 κνυσι
478 2729 577 2795 τῆς
609 2727 767 2800 ἁγίας
798 2726 886 2780 καὶ
924 2723 1190 2799 μακαρίας
1220 2722 1478 2800 Τριάδος,
1520 2749 1540 2776 ι
1572 2726 1635 2781 Et
1665 2743 1946 2798 quascun-

299 2835 414 2891 que
462 2834 641 2874 unam
684 2817 952 2873 eamdem
1003 2832 1128 2872 esse
1185 2816 1582 2887 operationem
1628 2820 1842 2872 sanctae
1892 2822 1948 2874 et

298 2908 480 2964 beatae
509 2905 813 2962 Trinitatis
835 2906 1156 2961 ostendunt
1182 2922 1195 2974 ;
1219 2923 1244 2956 ι
1283 2906 1385 2961 sed
1420 2905 1539 2960 haec
1568 2921 1697 2961 meo
1720 2906 1946 2976 judicio

299 3014 419 3054 non
455 3000 597 3052 sunt
623 2996 806 3067 hujus
842 2995 956 3052 loci
984 2994 1076 3051 vel
1108 2994 1550 3067 disputationis.

369 3103 490 3160 Col.
519 3103 624 3158 714
665 3105 707 3158 C
759 3102 844 3158 10.
894 3103 958 3157 Et
1009 3101 1284 3172 deﬁcient.
1330 3100 1449 3156 Hoc
1489 3117 1522 3156 ο.
1553 3101 1722 3157 nobis
1781 3101 1943 3172 adje-

296 3198 458 3250 ctum
489 3195 670 3248 estex
702 3207 812 3248 me.
847 3191 914 3246 H.
941 3188 1032 3243 καὶ
1065 3185 1399 3262 ἐκλείψουσι,
1452 3195 1507 3246 et
1556 3190 1768 3264 psalm.
1819 3207 1940 3260 cur,

294 3284 386 3352 30,
419 3289 475 3338 et
516 3281 804 3353 scriptum
852 3281 1098 3349 Emiues,
1148 3297 1264 3336 non
1304 3282 1521 3349 Emitte,
1554 3279 1691 3336 licet
1719 3281 1780 3335 in
1811 3281 1942 3352 qui-

298 3372 547 3427 busdam
571 3370 738 3426 libris
762 3369 1022 3440 Vulgata;
1071 3369 1283 3425 Latinaa
1314 3369 1396 3425 ita
1442 3370 1735 3442 legeretur
1782 3371 1947 3440 olim,

296 3461 401 3518 sed
429 3460 575 3517 LXX
603 3453 980 3529 ἔξαποστελεῖς
1016 3459 1346 3526 ediderunt,
1381 3463 1437 3516 et
1463 3459 1520 3516 S.
1555 3459 1948 3533 Hieronymus

300 3567 370 3606 ex
399 3550 636 3606 Hebraeo
666 3550 915 3604 Emittcs.

375 3647 497 3704 Col.
551 3649 658 3702 716
705 3648 750 3703 D
807 3648 861 3701 2.
896 3644 1176 3717 Σημείων.
1211 3651 1338 3702 Haec
1375 3646 1551 3703 verba
1581 3645 1824 3720 σημείων
1857 3647 1946 3702 καὶ

307 3733 548 3808 ἰαμάτων
577 3734 638 3789 τὸ
693 3734 747 3788 ὲν
807 3755 861 3789 τι
917 3735 1116 3791 addita
1164 3739 1304 3791 sunt
1335 3751 1438 3806 per
1469 3750 1726 3791 errorem
1765 3739 1949 3794 textui

306 3825 646 3882 Basiliensis
673 3824 948 3881 editionis
977 3840 1045 3880 ex
1079 3823 1254 3879 variis
1283 3822 1636 3880 lectionibus
1667 3824 1830 3897 Regii
1862 3843 1954 3883 co-

305 3915 492 3970 dicis:
524 3914 741 3970 idcirco
773 3913 1054 3970 delenda:
1116 3913 1232 3968 nisi
1265 3913 1435 3969 malis
1471 3913 1720 3969 retinere
1756 3913 1819 3967 τὸ
1851 3935 1950 3982 ση-

309 4003 497 4076 μείων,
531 4003 612 4059 ita
634 4004 902 4076 legendo,
935 4003 1314 4077 χαρισμάτων,
1343 4002 1404 4055 τὸ
1435 4000 1678 4074 σημείων
1721 4001 1831 4056 ἐστὶ
1861 4003 1951 4057 καὶ

301 4096 411 4146 τῶν
445 4091 712 4165 ἴαμάτων,
770 4092 832 4145 τὸ
889 4087 942 4145 ἓν
995 4112 1070 4162 τι,
1129 4090 1220 4145 καὶ
1266 4089 1395 4165 οὐχὶ
1433 4091 1500 4144 τὰ
1530 4089 1654 4148 ὅλα.
1688 4092 1792 4149 Sed
1818 4095 1954 4164 quia

302 4198 480 4238 unum
503 4181 774 4253 quoddam
805 4197 874 4237 ex
901 4181 1170 4238 divisione
1212 4181 1483 4238 donorum
1511 4189 1589 4238 cst
1614 4181 1816 4239 donum
1845 4186 1949 4240 mi-

301 4272 646 4340 raculorum,
695 4279 750 4327 et
804 4280 882 4326 est
919 4270 1125 4328 donum
1157 4273 1544 4339 sanationum,
1580 4288 1753 4328 unum
1782 4273 1950 4346 quod-

301 4361 449 4431 dam,
481 4369 533 4417 et
559 4376 666 4417 non
699 4361 978 4416 universa.

373 4458 495 4516 Col.
536 4460 642 4513 722
668 4463 710 4515 C
738 4460 823 4516 10.
859 4459 1002 4516 Dicit
1031 4459 1182 4514 enim
1213 4459 1274 4514 in
1309 4459 1698 4530 proprio.ch
1730 4462 1952 4518 omissa

300 4549 534 4604 fuerant
593 4549 664 4603 ab
724 4548 1074 4619 interprete:
1137 4551 1369 4604 tantum
1419 4549 1576 4603 enim
1636 4550 1946 4606 ediderat:

1980 1880 2027 1945 B

2045 582 2388 661 ὀφθαλμοὺς,
2474 584 2564 639 καὶ
2621 586 2952 660 πεπώρωκεν
3014 585 3188 640 αὐτῶν
3232 587 3350 655 ’τήν
3434 584 3684 663 καρδίαν,

2037 672 2130 727 ἵνα
2163 675 2238 746 μή
2277 671 2487 728 ἴδωσιν
2532 677 2850 733 Excaacavit
2893 679 3075 733 oculos
3121 693 3332 746 eorum,
3385 685 3436 732 et
3465 678 3698 734 indura-

2045 766 2123 819 vit
2151 780 2246 821 cor
2300 780 2512 833 eorum,
2568 769 2629 819 ut
2658 781 2768 820 non
2799 765 3057 827 videant;
3116 764 3375 820 Matthaai
3406 781 3540 822 vero
3574 782 3702 835 xm,

2050 854 2134 920 14,
2172 859 2228 909 ct
2257 857 2525 909 Actorum
2557 872 2755 921 xxvru,
2787 855 2878 921 27,
2911 856 3112 910 eadem
3145 856 3419 922 citantur,
3455 860 3518 910 ut
3543 857 3696 928 apud
3789 841 3792 844 i

2049 943 2394 1014 prophetam
2448 943 2662 998 Isaiam
2705 961 2785 1010 ιιι,
2837 945 2896 1011 9,
2953 944 3319 999 efferuntur:
3375 942 3695 1018 Ἐπαχύνθη

2047 1031 2145 1105 γὰρ
2205 1033 2239 1099 ἠ
2287 1028 2482 1105 καρδία
2530 1035 2626 1085 τοῦ
2681 1030 2817 1085 λαοῦ
2865 1030 3081 1098 τούτου,
3139 1032 3228 1084 καὶ
3295 1030 3422 1093 τοὺς
3491 1032 3697 1107 ὀφθαλ-

2053 1118 2187 1192 μοὺς
2244 1121 2420 1174 αὐτων
2482 1119 2815 1193 ἐκάμμυσανο
2871 1124 3248 1178 Incrassatum
3299 1134 3382 1178 est
3449 1140 3544 1178 cor
3599 1140 3698 1195 po-

2045 1211 2174 1280 puli
2218 1209 2400 1280 hujus,
2448 1215 2499 1266 ct
2545 1213 2738 1266 oculos
2785 1226 2909 1266 suos
2955 1211 3316 1266 clauserunt:
3358 1215 3414 1266 at
3447 1212 3701 1268 Basilius

2051 1298 2198 1352 dixit
2225 1296 2596 1371 τετύφλωνται
2622 1299 2671 1352 οἱ
2706 1296 3103 1375 ὀφθαλμοὶ,καὶ
3138 1299 3466 1374 πεπώρωται
3491 1301 3524 1369 ἡ
3556 1321 3700 1374 παρ-

2053 1383 2139 1440 δία
2169 1390 2226 1442 et
2276 1388 2470 1459 verba,
2520 1389 2737 1460 quibus
2769 1393 2858 1444 est
2887 1405 3028 1446 usus
3059 1389 3438 1462 evangelista,
3469 1392 3702 1462 passivo

2051 1492 2259 1548 genere
2291 1477 2498 1532 extulit
2529 1482 2594 1532 ut
2627 1477 2762 1533 LXX
2804 1480 2957 1550 apud
2991 1479 3337 1550 prophetam
3372 1480 3704 1536 extulerant

2055 1562 2369 1639 ἐπαχύνθηε
2406 1567 2562 1638 puod
2595 1567 2723 1622 sine
2753 1567 2930 1624 dubio
2964 1567 3208 1639 impune
3234 1585 3348 1624 non
3380 1568 3704 1636 tulisset,si

2053 1655 2232 1710 Notas
2265 1655 2323 1710 in
2356 1671 2490 1710 eum
2545 1655 2877 1726 scripsisset
2934 1658 3099 1725 Beza,
3135 1658 3232 1725 qui
3282 1657 3500 1712 librum
3548 1658 3705 1715 hunc

2055 1743 2330 1815 quintum
2371 1745 2853 1816 interpretatione
2902 1762 3008 1800 sua
3051 1745 3328 1817 dignatus
3355 1762 3470 1802 non
3503 1751 3617 1818 est,
3649 1751 3708 1802 et

2060 1832 2358 1890 immerito
2390 1837 2588 1890 tamen
2611 1834 2844 1890 vellicat
2865 1839 3164 1890 auctorem
3195 1835 3461 1907 Vulgata
3491 1836 3710 1892 Latinae

2057 1939 2219 1978 more
2251 1940 2380 1992 suo,
2415 1925 2568 1995 quod
2597 1925 2751 1996 apud
2802 1928 3084 1980 Joannem
3113 1924 3416 1996 πεπώρωκε
3443 1925 3544 1992 τὴν
3575 1944 3706 1998 καρ-

2059 2007 2173 2064 δίαν
2207 2013 2409 2068 Latine
2458 2012 2778 2069 reddiderit
2808 2014 3128 2082 excaecauit,
3179 2012 3437 2086 πώρωσιν
3479 2021 3536 2070 et
3590 2015 3706 2084 πή-

2060 2120 2223 2175 ρωσιν
2257 2119 2363 2157 suo
2387 2119 2548 2158 more
2577 2102 3127 2174 confundens,quod
3152 2103 3322 2174 plane
3344 2103 3558 2158 falsum
3591 2108 3700 2173 est;

2059 2191 2228 2247 vertit
2257 2191 2435 2259 enim,
2468 2190 2758 2247 induravit
2785 2207 2880 2247 cor
2897 2208 3086 2247 eorum
3121 2209 3133 2246 :
3169 2208 3357 2263 neque
3382 2196 3581 2248 tamen
3615 2211 3704 2249 er-

2058 2284 2266 2350 rasset,
2290 2279 2338 2336 si
2369 2279 2454 2336 ita
2483 2281 2778 2348 vertisset,
2824 2286 2891 2336 ut
2921 2281 3094 2335 Marci
3129 2298 3211 2347 III,
3252 2282 3306 2348 5,
3369 2278 3456 2333 ἐπί
3505 2281 3709 2354 πωρώ-

2059 2389 2158 2436 σει,
2190 2386 2359 2442 super
2386 2372 2646 2441 caecitate,
2677 2387 2835 2440 cum,
2873 2374 2934 2425 ut
2963 2386 3096 2425 eum
3125 2371 3330 2425 docere
3349 2369 3541 2441 potuit
3573 2371 3700 2427 The-

2055 2462 2218 2516 sauri
2246 2461 2427 2515 Graeci
2448 2463 2688 2528 auctor;
2721 2460 2906 2533 πωρός
2940 2459 3132 2515 Suidaa
3156 2459 3233 2514 sit
3253 2457 3482 2535 τυφλός,
3517 2476 3705 2517 caecus

2060 2553 2118 2604 et
2164 2548 2392 2622 πωρόω,
2443 2564 2678 2615 excazco,
2725 2547 3001 2623 πώρωσις,
3025 2546 3325 2614 τύφλωσις,
3358 2549 3701 2619 θΧΟωϐαιίος

2059 2654 2237 2709 quam
2271 2638 2343 2693 ob
2375 2654 2613 2693 causam
2645 2639 2926 2693 Erasmus
2959 2654 3190 2709 quoque
3222 2639 3377 2709 apud
3409 2638 3704 2710 evangeli-

2057 2731 2179 2782 stas
2226 2730 2284 2781 et
2330 2726 2576 2782 Paulum
2627 2727 2811 2782 edidit
2859 2724 3147 2801 ἐπώρωσεν
3201 2730 3524 2794 ρωεκεαυὶι,
3570 2727 3706 2800 licet

2057 2815 2154 2870 alii
2185 2815 2478 2872 obduravit
2511 2815 2720 2871 malint
2739 2819 2984 2884 vertere,
3008 2815 3159 2886 quod
3191 2818 3374 2888 πῶρος
3396 2815 3613 2871 callum
3647 2822 3705 2872 et

2058 2904 2333 2959 duritiem
2367 2909 2554 2973 sonet,
2589 2905 2743 2960 unde
2773 2908 2830 2958 et
2857 2906 3074 2976 πωροῦν
3109 2903 3385 2959 indurare
3413 2920 3425 2959 :
3454 2909 3704 2975 utraque

2053 3009 2192 3049 voce
2226 2993 2408 3048 animi
2441 2992 2719 3049 obstinati
2749 2992 3070 3065 pertinacia
3100 2998 3157 3049 et
3199 2993 3424 3049 hebetis
3469 2994 3704 3050 inscitia

2055 3081 2416 3152 designatur.

2125 3169 2243 3226 Col.
2273 3171 2378 3225 724
2408 3174 2456 3224 Α
2486 3171 2538 3224 8.
2571 3167 2789 3225 Εἰκόνα.
2841 3170 3296 3226 Emendavimus
3355 3169 3585 3226 titulum
3630 3189 3700 3227 ex

1976 3249 2018 3316 C
2056 3277 2166 3316 ms.
2201 3260 2292 3331 11.,
2325 3277 2458 3315 cum
2493 3263 2663 3316 antea
2693 3261 2749 3314 in
2782 3259 3093 3327 Basiliens,
3137 3259 3427 3332 legeretur
3461 3257 3527 3314 τὰ
3583 3261 3700 3314 κατ’

2057 3347 2256 3417 εἷ’κόνα,
2278 3352 2437 3402 τοῦτο
2473 3345 2528 3402 δὲ
2559 3345 2647 3401 διὰ
2673 3351 2769 3402 τοῦ
2826 3345 3131 3420 πνεύματος
3165 3347 3425 3421 γινόμενα
3458 3366 3470 3404 :
3533 3353 3590 3405 et
3642 3350 3702 3406 in

2057 3443 2215 3494 textu
2248 3439 2457 3510 capitis
2487 3438 2875 3510 expunximus
2906 3434 3127 3491 Παύλου
3158 3433 3215 3490 δὲ
3245 3435 3430 3505 εἰκών,
3463 3437 3704 3509 scripsi—

2059 3545 2310 3600 mnsque
2366 3524 2578 3588 πάντως
2638 3523 2695 3580 δὲ
2750 3528 2785 3595 ἡ
2815 3525 2997 3593 εἷ’κών,
3031 3531 3087 3582 et
3116 3528 3270 3599 apud
3301 3527 3706 3599 interpretem,

2063 3640 2090 3668 ››
2121 3617 2373 3674 Omnino
2403 3621 2624 3682 autem,
2657 3639 2684 3667 »
2719 3634 2824 3689 pro
2854 3639 2881 3667 «
2914 3617 3195 3673 Omnium
3227 3621 3444 3672 autem.
3485 3639 3513 3666 »

2129 3725 2248 3781 Col.
2277 3725 2383 3778 726
2413 3729 2449 3776 B
2478 3725 2533 3779 3.
2568 3726 2705 3779 Cum
2737 3725 3217 3781 inhabitationem.
3280 3724 3575 3796 Interpres
3607 3740 3710 3780 no-

2059 3830 2192 3868 vam
2253 3814 2558 3885 periodum
2593 3813 2916 3881 inchoaret,
2951 3831 3085 3869 cum
3119 3815 3381 3869 nondum
3411 3814 3709 3870 conclusio

2062 3903 2394 3973 argumenti
2440 3906 2592 3958 esset
2638 3901 2822 3972 illata,
2872 3902 2980 3957 hoc
3031 3907 3236 3974 pacto:
3270 3925 3295 3951 ‹‹
3330 3902 3598 3958 Christus
3651 3902 3711 3957 in

2062 3992 2346 4046 nobis.....
2383 3992 2510 4046 Ilaec
2539 3991 2720 4062 igitur
2750 4007 2884 4046 cum
2916 3990 3094 4060 dicat,
3138 3989 3388 4061 Spiritus
3417 3989 3707 4045 inhabita-

2062 4080 2279 4136 tionem
2311 4080 2521 4137 Christi
2554 4079 2974 4135 habitationem
3008 4095 3135 4135 esse
3167 4079 3440 4134 afﬁrmet.
3468 4099 3496 4128 »
3529 4083 3609 4132 Ac
3647 4077 3713 4132 li-

2061 4175 2153 4226 cet
2182 4170 2242 4225 in
2269 4171 2461 4226 Graeco
2491 4169 2758 4225 videatur
2805 4168 3029 4241 aliquid
3063 4169 3267 4224 deesse
3296 4168 3471 4224 etiam
3505 4167 3564 4222 in
3593 4183 3706 4222 ms.

2061 4262 2154 4327 H.,
2190 4265 2388 4334 utpote
2419 4261 2685 4335 repetitio
2717 4261 2873 4316 vocis
2914 4258 3206 4328 ἐνοίκησιν,
3253 4276 3371 4314 non
3421 4256 3713 4313 dubitavit

2059 4356 2258 4406 tamen
2281 4350 2361 4406 ita
2390 4356 2610 4406 vertere
2639 4350 2952 4405 Cornarius
2977 4365 2989 4405 :
3024 4349 3224 4420 quibus
3254 4347 3434 4403 verbis
3465 4347 3709 4417 Spiritus

2058 4440 2525 4497 inhabitationem
2557 4439 2762 4496 Christi
2792 4439 3257 4494 inhabitationem
3287 4437 3634 4509 pronuntiat.

2131 4551 2277 4606 Ibid.
2324 4556 2368 4604 B
2417 4552 2502 4605 10.
2556 4549 2663 4606 Sed
2711 4555 2765 4604 et
2814 4550 3019 4619 imago.
3069 4547 3258 4618 Hujus
3289 4545 3466 4603 etiam
3499 4543 3711 4617 capitis

302 4659 331 4688 «
372 4635 691 4709 praebuisse
743 4636 1058 4708 prophetae,
1115 4637 1396 4708 quoniam
1453 4637 1595 4693 dicit
1639 4638 1820 4695 Isaias
1879 4641 1948 4696 de
1980 4627 2028 4690 Ι)
2059 4639 2294 4694 initium
2327 4639 2662 4695 mutilatum
2691 4635 3555 4711 expresseratinterpres,quod
3577 4635 3712 4691 sub-

298 4726 469 4799 ipsis,
528 4727 832 4782 Excmcavit
884 4726 1066 4782 oculos
1120 4743 1332 4792 eorum,
1392 4732 1449 4782 et
1513 4727 1804 4784 induravit
1856 4746 1948 4785 cor

293 4832 543 4872 eorum.»
580 4819 766 4887 Atque
794 4815 875 4870 ita
908 4815 1146 4886 quidem
1177 4814 1299 4870 haec
1330 4815 1549 4886 scripta
1577 4816 1978 4888 reperiuntur'

292 4903 537 4961 Joannis
566 4921 668 4972 xu,
701 4905 791 4974 40,
839 4905 992 4975 apud
1053 4908 1352 4960 auctorem
1410 4903 1674 4977 Vulgata;
1704 4907 1943 4978 Latinae,

296 4995 470 5066 cujus
501 4999 661 5050 amat
690 5009 976 5064 usurpare
1005 4994 1184 5050 verba
1231 4993 1675 5064 Trapezuntius,
1709 5001 1772 5052 ut
1801 5015 1945 5069 prae-

298 5083 528 5139 cedenti
560 5099 693 5155 pag.
747 5083 872 5147 299,
907 5083 1065 5154 quasi
1116 5085 1220 5138 nix
1250 5082 1656 5140 dealbabuntur
1711 5093 1761 5140 et
1782 5090 1842 5141 ut
1872 5088 1949 5143 la-

297 5190 370 5229 na
401 5173 529 5228 alba
555 5177 738 5238 erunt,
771 5172 1033 5227 ediderat
1076 5173 1237 5228 Isaiae
1286 5189 1325 5239 ι,
1386 5173 1448 5227 1:
1507 5173 1610 5228 sed
1671 5174 1945 5245 quoniam

299 5279 368 5319 ex
392 5263 630 5319 Hebraeo
654 5279 767 5317 non
802 5278 833 5316 e
864 5261 1058 5317 ϐιωοο
1090 5261 1265 5318 vertit
1295 5266 1498 5317 auctor
1534 5260 1818 5333 Vulgatte,
1851 5265 1944 5319 in-

300 5354 637 5424 terpretatio
681 5351 877 5422 potius
926 5351 1076 5408 LXX
1122 5349 1449 5408 exhibenda
1496 5355 1586 5407 est
1630 5352 1717 5407 vel
1769 5355 1944 5410 Graeci

297 5447 492 5497 textus
523 5441 664 5497 Novi
693 5440 1073 5506 Testamenti,
1103 5439 1190 5496 vel
1221 5440 1401 5496 etiam
1428 5445 1622 5496 textus
1667 5445 1944 5513 auctoris,

298 5530 400 5601 qui
435 5527 809 5600 Evangelium
851 5527 1093 5582 mutatis
1141 5527 1334 5583 verbis
1386 5527 1544 5598 citat,
1587 5533 1651 5584 ut
1682 5529 1788 5586 hoc
1819 5530 1944 5590 loco

297 5618 573 5687 Basilius,
609 5634 681 5674 ne
711 5632 983 5673 censores
1014 5616 1211 5688 potius
1243 5621 1298 5673 et
1338 5623 1714 5691 correctores,
1770 5637 1944 5692 quam

295 5707 645 5780 interpretes
676 5723 847 5779 agere
867 5706 1198 5766 videamur.
1227 5708 1301 5763 Ac
1331 5706 1578 5764 Joannis
1601 5709 1842 5780 quidem
1865 5730 1946 5770 xu

2049 4729 2346 4799 jiciemus,
2374 4746 2446 4784 ne
2479 4729 2614 4800 quis
2641 4730 2699 4784 in
2731 4727 2989 4785 deterius
3012 4727 3388 4783 immutatam
3423 4726 3709 4797 interpre-

2057 4818 2336 4875 tationem
2369 4823 2650 4890 queratur
2677 4835 2690 4873 :
2727 4841 2753 4869 ι(
2797 4819 2867 4873 Et
2897 4818 3094 4889 imago
3124 4833 3259 4872 vera
3291 4833 3405 4872 non
3439 4831 3509 4871 ex
3556 4815 3706 4870 ima-

2057 4909 2191 4980 gine
2222 4926 2357 4964 vera
2385 4909 2538 4965 sicut
2569 4925 2673 4964 nos
2699 4925 2711 4963 :
2745 4912 3050 4979 propterea
3085 4905 3375 4962 assimilat
3396 4905 3464 4961 ad
3499 4905 3712 4976 imagic

2061 5015 2214 5066 nem,
2247 5002 2305 5054 et
2333 4997 2530 5065 efﬁcit,
2565 5014 2680 5053 non
2712 4996 2991 5061 efficitur,
3021 5000 3078 5051 et
3102 4995 3300 5051 unctio
3331 5000 3443 5063 est,
3488 4999 3546 5049 et
3594 5009 3709 5048 non

2060 5088 2421 5160 inungitur.»
2456 5087 2682 5142 Rursus
2714 5085 3159 5142 emendavimus
3181 5084 3354 5150 infra,
3389 5105 3417 5133 «
3450 5100 3552 5154 per
3575 5081 3710 5137 alie-

2060 5194 2200 5232 num
2253 5194 2287 5231 a
2336 5174 2570 5240 deitate,
2624 5196 2648 5225 υ
2697 5191 2832 5230 cum
2875 5179 3030 5230 esset
3061 5178 3232 5229 antea
3263 5195 3288 5225 α
3323 5188 3424 5242 per
3455 5169 3707 5226 alienam

2057 5266 2354 5322 deitatem.
2392 5285 2420 5312 »
2471 5264 2647 5318 Porro
2679 5263 2890 5317 cilatur
2919 5262 3099 5332 hujus
3130 5259 3341 5331 capitis
3371 5256 3582 5312 titulus
3633 5256 3708 5312 ab

2057 5355 2357 5410 illustriss.
2391 5351 2674 5408 cardinali
2704 5350 3079 5418 Bellarmino,
3112 5348 3212 5402 lib.
3248 5364 3313 5415 ιι,
3346 5363 3475 5418 cap.
3511 5346 3604 5414 25,
3636 5345 3712 5400 De

2059 5446 2275 5500 Christo
2339 5447 2402 5498 ut
2468 5442 2746 5514 probetur
2821 5439 3098 5494 divinitas
3171 5435 3426 5509 Spiritus
3499 5436 3707 5501 sancti,

2057 5536 2367 5605 ejusquea
2410 5534 2578 5588 Patre
2639 5530 2897 5601 Filioque
2952 5527 3290 5599 processio:
3353 5541 3487 5580 cum
3548 5523 3707 5578 enim

2055 5626 2216 5680 dicat
2262 5621 2356 5678 hic
2416 5621 2646 5689 titulus,
2708 5619 2791 5674 ὅτι
2852 5615 3013 5671 εἰκὼν
3073 5614 3287 5686 ἀληθὴς
3340 5613 3430 5667 καὶ
3507 5612 3706 5689 φυσική

2055 5715 2188 5769 Θεοῦ
2263 5711 2354 5765 καὶ
2425 5711 2655 5786 Χριστοῦ
2722 5709 2784 5763 τὸ
2863 5709 3118 5780 Πνεῦμαε
3201 5728 3229 5757 ‹‹
3311 5720 3506 5760 veram
3580 5719 3710 5760 esse
