4138 6216
489 367 644 426 1063

1673 359 1910 421 NOTAE
1950 355 2393 420 FRONTONIS
2437 361 2698 421 DUCAEI

3708 365 3833 426 £064

484 513 550 554 ac
582 496 908 552 naturalem
939 495 1252 566 imaginem
1288 494 1390 549 Dei
1422 497 1478 548 et
1507 492 1720 548 Christi
1753 491 2064 563 Spiritum,
2100 512 2128 540 -›

2244 486 2412 563 ἤγουν
2465 489 2516 560 ἐξ
2565 491 2748 565 ἐτέρας
2817 489 3019 552 οὐσίας’
3079 488 3375 565 ἐπειδήπερ
3433 490 3613 546 ἐκεῖνοι
3660 493 3828 569 ἐπῆγον

483 588 630 642 satis
663 587 881 640 indicat
910 586 1194 657 spiritum
1228 584 1442 638 habere
1481 598 1611 637 esse
1653 599 1686 636 a
1720 587 1885 636 Patre
1931 585 1986 636 et
2036 579 2132 634 Fi-

480 676 595 732 lio:
650 693 764 731 non
811 675 968 730 enim
1013 678 1103 728 est
1151 688 1288 726 vera
1334 678 1390 726 et
1438 670 1725 725 naturalis
1758 671 1972 740 imago,
2006 685 2132 740 quae

483 782 596 821 non
631 765 977 836 producitur
1007 763 1078 818 ab
1109 761 1452 832 exemplari.

554 871 674 927 Col.
705 872 810 924 7‘28
838 871 880 923 Λ
912 869 960 922 4.
1014 872 1121 935 Τῆς
1171 865 1501 938 ὁμοιότητος
1543 868 1641 929 τῆς
1673 863 1838 928 θείας.
1868 867 1984 921 Has
2014 871 2133 922 tres

488 963 697 1025 lineas,
731 977 857 1030 quis
890 959 947 1012 in
980 958 1290 1013 Basiliensi
1321 958 1829 1022 desiderabantur,
1865 973 1931 1012 ex
1963 957 2134 1011 H.ad-

484 1051 765 1117 didimus,
796 1065 944 1119 quas
972 1052 1029 1101 et
1057 1048 1346 1118 interpres
1380 1047 1667 1118 agnoscit.

553 1157 698 1212 Ibid.
730 1156 768 1209 Β
800 1156 853 1209 2.
888 1153 1272 1225 Διαμένουσαψ
1301 1153 1361 1207 In
1396 1153 1575 1225 Regio
1604 1156 1729 1208 erat
1759 1151 1851 1219 H.,
1885 1147 1972 1203 διὰ
2003 1148 2130 1203 Θεό-

482 1266 647 1316 τητος
676 1242 750 1305 ε’ς
804 1242 973 1297 αἰῶνα
1008 1241 1279 1315 μένουσιν·
1321 1264 1347 1292 ‹‹
1383 1259 1487 1314 per
1527 1241 1900 1298 Divinitatem
1935 1240 1992 1294 in
2026 1257 2130 1294 saa-

484 1339 682 1395 culum
714 1339 1194 1408 permanentem:
1234 1356 1260 1384 »
1309 1339 1364 1390 et
1412 1326 1792 1397 ἐπαναλαϐεῖν,
1846 1350 1946 1404 pro
2003 1330 2098 1384 ἀνα

485 1421 674 1482 λαϐεῖν
685 1469 697 1482 .

555 1534 672 1591 Col.
721 1534 829 1588 73'3
877 1537 920 1586 A
964 1533 1020 1587 6.
1083 1530 1180 1584 Διά
1226 1533 1385 1583 τοῦτο
1445 1529 1532 1582 καὶ
1569 1531 1724 1582 Θεοῦ.
1786 1527 1980 1584 Utitur
2036 1526 2130 1581 his

482 1622 698 1688 verbis,
727 1625 785 1677 et
816 1620 887 1675 iis
919 1637 1045 1689 quae
1081 1619 1134 1672 in
1170 1616 1339 1671 titulo
1370 1615 1702 1686 sunthujus
1735 1613 2129 1686 capitis,idem

482 1709 800 1768 cardinalis
831 1708 1223 1764 Bellarminus
1269 1705 1394 1760 loco
1416 1705 1544 1776 jam
1575 1704 1774 1772 citato,
1828 1711 1890 1757 ut
1922 1717 2126 1774 proce-

483 1800 617 1855 dere
650 1816 682 1852 a
713 1797 854 1853 Filio
884 1797 1165 1868 Spiritum
1219 1795 1443 1866 probet.
1477 1793 1776 1856 Quomodo
1810 1792 1964 1846 enim
2015 1791 2126 1844 dici

485 1890 674 1958 potest
705 1886 789 1940 sic
821 1903 884 1941 se
926 1884 1142 1940 habere
1186 1883 1468 1954 Spiritum
1514 1883 1582 1937 ad
1619 1881 1852 1951 Filium,
1887 1881 2040 1936 sicut
2071 1896 2132 1934 se
2163 1877 2208 1942 B

483 1977 658 2031 habet
691 1975 873 2030 Filius
905 1974 975 2028 ad
1011 1973 1263 2042 Patrem,
1314 1971 1362 2026 si
1404 1971 1586 2026 Filius
1618 1971 1854 2042 quidem
1891 1987 1922 2025 a
1972 1969 2134 2023 Patre

488 2063 770 2134 procedit,
816 2061 1069 2132 Spiritus
1111 2064 1307 2114 autem
1341 2061 1583 2113 sanctus
1618 2075 1651 2112 a
1681 2057 1823 2113 Filio
1856 2074 1966 2111 non
2005 2072 2133 2128 pro-

482 2153 679 2207 cedit?
712 2155 813 2206 aut
858 2149 1148 2221 quomodo
1195 2148 1450 2220 Spiritus
1483 2151 1570 2203 est
1602 2147 1836 2203 verbum
1875 2145 2024 2215 Filii,
2083 2143 2132 2199 si

480 2242 554 2296 ab
585 2241 712 2313 ipso
745 2257 859 2294 non
894 2237 1197 2310 procedit?

552 2351 698 2406 Ibid.
732 2350 788 2404 Β.
823 2346 920 2402 Διά
946 2345 998 2400 τί
1033 2347 1109 2418 μὴ
1142 2345 1202 2398 τὸ
1234 2345 1476 2416 Πνεῦμα.
1513 2345 1727 2401 Eodem
1760 2343 1933 2399 modo
1967 2343 2134 2414 quin-

481 2446 606 2496 tum
638 2439 794 2494 hunc
831 2436 1024 2493 locum
1059 2436 1279 2507 profert
1312 2435 1370 2489 in
1403 2435 1605 2490 eodem
1639 2434 1826 2505 capite
1856 2432 1959 2487 lib.
1990 2449 2030 2486 ιι
2059 2434 2136 2487 De

485 2531 718 2594 Christo,
781 2528 840 2582 in
893 2543 1008 2598 quo
1056 2526 1225 2580 docet
1254 2524 1509 2580 Basilius
1563 2523 1847 2595 Spiritum
1899 2539 1965 2577 ex
2017 2521 2132 2576 Dco

481 2636 612 2676 esse
644 2635 745 2690 per
775 2616 1005 2680 Filium,
1041 2615 1140 2670 sed
1176 2631 1289 2669 non
1323 2613 1436 2668 dici
1473 2613 1680 2666 Filium
1715 2611 1866 2679 Filii,
1917 2627 1988 2665 ne
2033 2627 2130 2664 su-

486 2709 784 2782 spicemur
800 2705 1146 2760 Trinitatem
1171 2703 1229 2757 in
1253 2703 1549 2757 inﬁnitum
1576 2699 2130 2772 multiplicari.Nam

484 2801 530 2854 si
567 2798 824 2870 Spiritus
857 2796 1152 2849 diceretur
1198 2793 1357 2846 ﬁlius
1391 2791 1541 2861 Filii,
1576 2807 1942 2862 consequens
1973 2789 2132 2844 vide-

486 2894 666 2956 retur,
698 2891 764 2941 ut
794 2883 970 2940 etiam
1005 2881 1186 2938 alium
1220 2880 1406 2935 ﬁlium
1461 2879 1703 2935 haberet
1741 2879 1884 2950 ipse,
1945 2883 2003 2932 et
2049 2876 2133 2932 sic

484 2978 780 3047 deinceps.

551 3092 672 3150 Col.
742 3091 842 3146 731
897 3090 937 3146 C
987 3089 1075 3143 13.
1143 3088 1388 3144 Curiose.
1459 3083 1899 3160 Ιίεριεργάζεσθαι
1960 3083 2132 3138 vertit

481 3183 828 3253 Trapezunt.
863 3203 890 3230 ‹‹
943 3177 1122 3232 variis
1169 3177 1329 3231 curis
1360 3192 1616 3238 versare,
1649 3197 1670 3224 ι
1707 3173 1863 3244 quod
1899 3173 2131 3243 pr0prie

2243 575 2497 652 λέγοντες
2554 580 2617 634 τὸ
2668 583 2888 652 Πνεῦμα
2935 580 3156 652 κτίσμα’
3209 605 3236 631 ‹‹
3286 581 3347 638 In
3399 582 3504 636 hoc
3545 584 3713 653 capite
3738 588 3837 640 Ma-

2242 684 2395 740 gnus
2428 669 2679 724 Basilius
2709 674 2958 726 conatur
2973 672 3280 726 ostendere
3303 670 3578 743 Spiritum
3609 679 3832 730 sanctum

2241 775 2309 812 ex
2342 757 2510 813 Patre
2537 775 2667 814 esse
2697 765 2753 814 et
2784 777 2898 816 non
2943 759 3202 824 aliunde,
3237 760 3343 814 hoc
3375 765 3464 815 est
3496 776 3560 814 ex
3587 760 3689 815 alia
3722 764 3840 818 sub-

2241 848 2489 903 stantia:
2516 848 2645 904 ideo
2662 849 2816 920 quod
2831 849 3162 905 inferebant
3185 849 3438 904 haeretici
3455 850 3715 920 Spiritum
3735 869 3838 907 esse

2241 941 2594 993 creaturam.
2632 961 2653 987 ι
2680 939 2824 994 Cum
2851 939 3027 1005 igitur
3051 956 3216 994 mens
3248 938 3446 992 Basilii
3475 939 3639 993 fuerit
3666 940 3844 1005 haec,ut

2242 1023 2495 1094 Spiritus
2529 1031 2771 1081 sanctus
2807 1043 2918 1082 non
2951 1027 3029 1081 sit
3059 1027 3260 1083 alienae
3313 1032 3552 1095 naturae,
3605 1029 3693 1083 sed
3737 1031 3841 1097 ejus

2242 1130 2419 1183 quam
2439 1114 2612 1169 habet
2629 1119 2819 1179 Pater,
2837 1120 2894 1170 et
2912 1115 3196 1186 Spiritum
3224 1121 3491 1170 sanctum
3510 1133 3616 1171 non
3638 1116 3842 1189 intelligi

2245 1218 2278 1255 a
2308 1202 2476 1257 Patre
2505 1220 2633 1258 csse
2665 1205 2776 1258 nisi
2810 1221 2843 1259 a
2873 1205 3206 1260 substantia
3235 1205 3421 1260 Patris
3465 1211 3522 1261 et
3548 1208 3693 1264 Filii:
3715 1226 3841 1264 exeo

2241 1290 2610 1346 concluditur
2640 1292 3034 1348 substantiam
3067 1308 3216 1359 esse,
3250 1310 3377 1364 quas
3408 1297 3667 1362 producit
3690 1297 3845 1368 Spiri-

2241 1381 2368 1433 tum
2400 1385 2671 1434 sanctum
2704 1397 2718 1435 :
2765 1397 2829 1436 ac
2881 1382 3125 1452 proinde
3176 1399 3210 1437 a
3255 1382 3397 1438 Filio
3429 1399 3652 1455 quoque
3680 1401 3844 1456 prore.

2241 1468 2399 1533 dare,
2429 1485 2560 1523 cum
2597 1469 2784 1525 Patris
2815 1473 2872 1525 et
2901 1470 3027 1525 Filii
3059 1471 3138 1524 sit
3169 1487 3285 1525 una
3316 1473 3662 1526 substantia.
3706 1473 3850 1528 Plura

2241 1556 2309 1610 ad
2345 1556 2522 1624 hujus
2544 1556 2651 1612 loci
2673 1558 3127 1613 illustrationem
3159 1558 3316 1613 illinc
3340 1561 3460 1630 peti
3490 1566 3847 1628 poterunt;nos

2241 1645 2396 1699 solas
2419 1647 2708 1702 variantes
2725 1646 3003 1704 lectiones
3019 1665 3222 1719 perseq
3235 1664 3404 1702 uemu
3418 1649 3609 1704 r.Nam
3629 1648 3847 1714 illud,mi

2241 1730 2324 1785 ὅτι
2361 1733 2436 1804 μή
2467 1733 2714 1806 γέννησις
2746 1737 2780 1803 ἡ
2829 1739 2925 1788 τοῦ
2968 1734 3304 1806 Πνεῦμα-τος,
3338 1737 3421 1792 sic
3458 1737 3696 1792 refertur
3722 1737 3848 1792 illic:

2240 1819 2462 1889 Ἐπειδὴ
2525 1825 2558 1891 ἡ
2617 1821 2931 1896 ἐκπόρευσις
2976 1827 3072 1878 τοῦ
3126 1823 3438 1894 Πνεῦματος
3484 1828 3577 1878 τοῦ
3606 1829 3724 1878 θεοῦ
3752 1826 3848 1900 γένο

2243 1931 2400 1978 νησις
2459 1910 2556 1965 οὐκ
2618 1910 2859 1982 ἐκλήθη·
2929 1919 2986 1968 et
3038 1913 3205 1982 illud,
3263 1915 3360 1967 Καὶ
3400 1919 3726 1989 περιφρονῶν
3762 1919 3848 1968 τῶν

2245 1998 2598 2071 ἀνθρωπίνων
2658 1999 3029 2076 παραδειγμ.,
3095 2005 3178 2058 ita
3224 2003 3528 2070 scribitur,
3580 2003 3663 2056 καὶ
3709 2023 3850 2076 παραυ

2245 2084 2527 2163 δείγμασιν
2587 2091 2946 2164 ἀνθρωπίνοις
2996 2092 3212 2167 ἀφορῶν
3265 2092 3580 2166 ἀνατρέπεις
3619 2091 3680 2145 τὰ
3707 2091 3750 2160 ἐξ
3777 2091 3853 2144 αὖ·

2242 2181 2349 2231 τῶν
2403 2178 2760 2252 συνιστάμενα
2815 2182 2932 2234 θεῖα
2979 2177 3244 2255 δόγματα.
3305 2181 3472 2237 Unde
3521 2188 3734 2238 constat
3775 2184 3856 2236 ad-

2243 2268 2498 2324 dendum
2516 2271 2890 2342 participium
2917 2271 3273 2338 συνιστάμενα
3295 2271 3481 2326 textui
3510 2271 3854 2342 Basilii,quod

2244 2359 2551 2427 agnovisse
2582 2359 2816 2414 videtur
2837 2361 3124 2432 interpres
3146 2377 3280 2414 cum
3305 2361 3408 2425 ait,
3428 2383 3458 2410 «
3495 2377 3621 2432 qum
3648 2377 3709 2414 ex
3737 2360 3857 2430 ipsis

2242 2445 2656 2518 intelliguntur
2685 2448 2882 2503 divina
2911 2450 3222 2520 dogmata;
3260 2470 3288 2497 «
3320 2449 3612 2521 interpres
3659 2448 3856 2503 concilii

2243 2534 2404 2602 dixit,
2439 2557 2466 2586 ‹‹
2501 2553 2628 2608 quae
2661 2554 2762 2608 per
2791 2537 2892 2592 illa
2917 2543 3393 2609 cognoscuntur:
3429 2560 3458 2586 »
3507 2544 3564 2594 et
3602 2537 3758 2599 illud,
3784 2534 3859 2587 καὶ

2243 2620 2494 2698 δέχεσθαι
2554 2623 2647 2678 σὺν
2697 2621 2955 2695 εὐσεϐείᾳ,
3006 2627 3234 2681 concilii
3283 2631 3504 2694 textus,
3551 2625 3638 2680 καὶ
3682 2631 3773 2678 πᾶν
3808 2623 3861 2677 τὸ

2243 2713 2535 2788 λεγόμενον
2564 2711 2962 2789 προσδέχεσθαι
2997 2715 3112 2787 μετ’
3160 2709 3425 2775 εὐσεϐείας
3455 2714 3548 2768 καὶ
3598 2715 3694 2768 οὐκ
3721 2714 3861 2781 ἀνοη-

2239 2801 2437 2856 τότατα
2491 2802 2626 2856 κατά
2678 2809 2776 2871 τῆς
2820 2798 3086 2864 εὐσεϐείας
3134 2803 3455 2878 ἐπιχειρεῖνο
3510 2810 3570 2860 et
3598 2805 3861 2874 interpres

2242 2894 2390 2963 ejus,
2425 2915 2452 2942 «
2487 2897 2544 2947 et
2574 2910 2686 2948 non
2719 2898 2924 2949 contra
2953 2893 3229 2964 pietatem
3254 2893 3669 2948 insulsissimis
3691 2895 3762 2947 uti
3785 2910 3862 2946 ar-

2240 2982 2576 3054 gumentis:
2609 3001 2635 3032 η
2673 2983 2892 3054 quibus
2913 2982 3103 3037 verbis
3125 2983 3516 3037 confirmatur
3537 2982 3698 3037 lectio
3720 2981 3858 3052 Regii

2241 3071 2458 3126 codicis
2491 3071 2556 3126 Η.
2614 3071 2705 3124 καὶ
2740 3073 2815 3142 μή
2865 3069 3154 3145 μωρότατα
3195 3071 3261 3124 τὰ
3287 3077 3386 3138 τῆς
3435 3066 3705 3131 εὐσεϐείας
3734 3070 3865 3145 σοφί-

2244 3159 2440 3226 ζεσθαι.
2503 3161 2746 3228 Rursus,
2803 3157 2892 3212 καὶ
2947 3158 3009 3212 τὸ
3037 3157 3281 3227 γέννημα
3310 3156 3359 3226 ἐξ
3410 3157 3579 3210 αὐτοῦ
3627 3156 3863 3232 ἐκφαίνει,

482 3277 669 3338 ssnat,
701 3271 914 3325 curiose
941 3268 1202 3332 scrutari,
1237 3271 1294 3320 et
1329 3263 1468 3327 θέσει
1495 3261 1760 3339 γινέσθω,
1792 3282 1823 3314 ι(
1851 3261 2131 3332 positione

2250 3248 2481 3302 concilii
2513 3254 2726 3315 textus,
2759 3248 2845 3302 καὶ
2897 3247 2959 3302 τὸ
2996 3245 3388 3321 γεγεννημένον
3419 3244 3470 3318 ἐξ
3506 3245 3670 3300 αὐτοῦ
3727 3247 3870 3318 ἀναγ-

480 3361 688 3426 factos,
721 3381 749 3409 ››
785 3374 919 3412 cum
944 3361 1149 3427 postea
1182 3334 1524 3409 meminerit
1551 3353 1660 3404 τῶν
1693 3349 2131 3420 υἰοθετουμὲνων1

2253 3334 2439 3410 γέλλει
2471 3335 2622 3412 ῥῆμα
2651 3336 2685 3405 ἢ
2719 3335 2907 3411 λόγον.

479 3472 506 3497 ‹‹
543 3448 987 3519 adoptivorum;
1025 3465 1052 3493 ››
1086 3444 1342 3514 ideoque
1375 3464 1402 3490 «
1437 3441 1754 3512 adoptione
1784 3439 1967 3494 factos
1999 3460 2027 3488 »
2059 3439 2144 3492 di-
2320 3443 2436 3498 Col.
2463 3445 2568 3497 738
2599 3446 2642 3499 A
2671 3445 2719 3498 4.
2770 3445 2937 3514 Quasi
2985 3445 3242 3500 humano.
3291 3446 3449 3501 Hanc
3485 3443 3778 3517 periodum
3824 3441 3870 3494 in

479 3541 528 3592 ci
564 3536 918 3592 maluimus.
2251 3531 2398 3588 duas
2428 3532 2706 3589 diviserat
2732 3533 3040 3606 interpres,
3065 3538 3121 3590 et
3151 3550 3390 3590 sensum
3413 3535 3672 3588 auctoris
3694 3531 3873 3586 obscu-

2251 3625 2440 3676 rarat:
2469 3645 2497 3671 «
2524 3623 2698 3686 Quasi
2723 3624 2877 3678 enim
2895 3625 3300 3696 proferebatur
3321 3623 3589 3678 humana
3610 3621 3876 3676 locutione

2251 3716 2315 3765 ut
2341 3729 2442 3782 per
2471 3712 2717 3786 ﬁguram
2751 3713 3070 3769 humanam
3094 3722 3416 3785 exponalur
3447 3729 3555 3783 per
3587 3713 3771 3783 ipsum
3802 3709 3872 3762 fa-

2249 3804 2403 3855 ctam
2436 3817 2566 3856 esse
2592 3806 2940 3856 creaturam.
2976 3826 2998 3854 ι
3057 3803 3194 3866 Quae
3241 3810 3576 3872 sequuntur
3608 3814 3785 3869 usque
3811 3795 3868 3851 ad

2248 3889 2422 3944 ﬁnem
2455 3891 2683 3962 capitis,
2701 3891 3007 3946 decurtata
3028 3897 3198 3947 erant
3222 3892 3277 3945 in
3301 3890 3564 3945 editione
3594 3885 3872 3944 Basiliensi

2248 3977 2356 4032 hoc
2383 3980 2590 4034 modo:
2625 3979 2777 4034 Ἔστι
2809 3979 2870 4034 τὸ
2915 3981 3131 4050 Πνεῦμα
3181 3978 3262 4033 ἀεὶ
3311 3977 3398 4032 καὶ
3445 3977 3579 4052 πρὶν
3629 3980 3873 4052 γραφῆναι

562 3650 683 3706 Col.
715 3649 823 3703 735
853 3650 892 3702 A
925 3649 981 3700 5.
1017 3649 1091 3700 Tu
1120 3662 1244 3702 vero
1273 3645 1555 3700 similiter.
1621 3644 1682 3699 In
1733 3641 1979 3698 concilio
2013 3642 2139 3697 Flo-

485 3740 739 3805 rentino,
775 3737 1038 3792 sessione
1072 3737 1224 3806 i8,p.
1257 3737 1362 3790 440
1388 3733 1663 3789 editionis
1694 3737 2136 3806 Romanae,tom.

474 3833 546 3885 IV
583 3827 905 3891 Conciliat,
942 3825 1237 3897 profertur
1267 3827 1323 3878 et
1354 3823 1665 3894 diligenter
1695 3821 1988 3877 excutitur
2044 3820 2142 3880 hic

476 3919 666 3986 locus,
727 3918 798 3972 ab
855 3915 948 3970 bis
997 3913 1192 3970 verbis
1242 3929 1432 3983 usque
1473 3913 1541 3966 ad
1576 3911 1678 3966 illa
1711 3910 1991 3986 μόρφωσιν
2023 3908 2138 3962 κτί-

474 4028 628 4076 σεως,
663 4030 689 4056 ‹‹
727 4005 1136 4060 formationem
1167 4007 1472 4058 creaturae.
1502 4023 1530 4052 »
1563 4001 1704 4056 Cum
1731 4001 1885 4054 enim
1911 3999 2142 4055 Marcus

474 4097 760 4168 Ephesius
780 4109 884 4165 pro
901 4092 1115 4147 Grzscis
1141 4091 1454 4161 disputans
1471 4090 1745 4144 dixisset:
1766 4088 1826 4143 Ὁ
1853 4085 2015 4162 μέγας
2033 4089 2140 4143 Βα-

475 4183 677 4244 σίλειος
707 4180 759 4236 ἐν
790 4185 909 4241 τοῖς
939 4179 1076 4252 πρὸς
1126 4179 1396 4249 Εὐνόμιον
1430 4175 1843 4250 ἀντιρῥητικοῖς
1877 4177 2000 4250 περὶ
2031 4183 2134 4244 τῆς

475 4272 534 4327 ἐκ
556 4275 651 4326 τοῦ
692 4270 902 4343 [ἰατρὸς
930 4264 1174 4340 προόδου
1215 4271 1312 4320 τοῦ
1359 4265 1516 4341 ἁγίου
1551 4264 1864 4336 Πνεῦματος
1895 4265 1986 4318 τὸν
2041 4262 2135 4318 λό-

473 4382 566 4433 γον
612 4357 942 4429 ποιούμενος
993 4351 1179 4410 τοιάδε
1221 4354 1372 4432 φησί’
1435 4357 1600 4422 Γεννᾷ
1649 4353 1675 4406 ὁ
1727 4352 1855 4412 Θεὸς
1908 4349 2012 4425 οὐχ
2064 4352 2136 4412 ὡς

476 4447 785 4521 ἄνθρωπος.
849 4444 911 4498 Et
937 4444 1114 4498 τοίνυν
1166 4443 1227 4496 τὸ
1263 4446 1488 4513 Πνεῦμα
1539 4439 1588 4509 ἐξ
1619 4441 1784 4493 αὑτοῦ
1830 4438 2134 4508 ἀκούοντες,

477 4539 704 4605 νοοῦμεν
753 4532 811 4587 ἐκ
841 4539 942 4600 τῆς
974 4530 1324 4590 ὑποστάσεως
1367 4529 1553 4593 αυτοῦ,
1580 4526 1690 4597 ’ἤδη
1723 4533 1970 4601 καθαρῶς
2002 4529 2132 4582 ἀπε-

2250 4065 2352 4119 ὑπὸ
2380 4067 2618 4128 Μωσέως
2651 4067 2994 4143 ἐπιφέρεσθαι
3025 4069 3157 4122 αὐτὸ
3199 4067 3378 4121 ἐπάνω
3419 4071 3520 4120 τοῦ
3568 4064 3754 4124 ὕδατος
3800 4062 3874 4116 ναὶ

2247 4152 2610 4230 ἐκφυσηθῆναι
2646 4157 2775 4210 αὑτὸ
2799 4157 2872 4218 είς
2907 4156 3257 4227 ζωοποίησιν.
3293 4157 3615 4213 Cornarius
3643 4156 3712 4212 ad
3744 4156 3874 4209 hanc

2244 4244 2551 4300 lectionem
2585 4264 2755 4302 suam
2787 4247 3111 4306 versionem
3150 4248 3586 4303 conformarat:
3636 4268 3664 4295 «
3695 4245 3789 4299 Est
3829 4247 3878 4295 et

2243 4334 2498 4410 Spiritus
2555 4352 2809 4407 semper,
2853 4335 3026 4392 etiam
3087 4341 3404 4407 antequam
3453 4335 3804 4390 scriberetur
3849 4347 3877 4383 a

2245 4423 2403 4478 Moss
2428 4423 2561 4479 lerri
2586 4424 2780 4496 ipsum
2807 4443 2985 4497 super
3009 4431 3279 4497 aquas,et
3295 4425 3678 4480 exsufﬂatum
3702 4424 3874 4492 ipsum

2245 4527 2374 4567 esse
2406 4513 2476 4566 ad
2511 4512 2958 4568 viviﬁcationem
2986 4530 2998 4567 :
3037 4536 3063 4562 »
3097 4515 3196 4568 sed
3251 4513 3413 4583 Regii
3444 4513 3666 4567 codicis
3697 4510 3874 4564 lectio-

479 4601 686 4701 φήνατο
733 4621 791 4674 ἐκ
843 4619 1016 4692 μόνης
1061 4623 1161 4683 τῆς
1215 4619 1560 4678 ὑποστάσεως
1609 4621 1705 4672 τοῦ
1757 4617 1986 4692 Πατρὸς,
2043 4617 2131 4671 καὶ

2249 4617 2381 4656 nem
2417 4601 2717 4672 antiquior
2744 4602 3114 4672 Trapezuntii
3144 4601 3332 4657 versio
3365 4601 3700 4656 conﬁrmat.

481 4712 580 4766 οὐκ
601 4711 652 4781 ἐξ
685 4708 861 4778 ἄλλης
908 4708 1051 4770 τινὸς
1085 4706 1430 4768 ὑποστάσεως
1490 4707 1620 4761 εἶναι
1677 4707 1740 4760 τὸ
1801 4710 2021 4776 Πνεῦμα
2070 4706 2132 4760 τὸ

478 4805 648 4876 ἅγιον-
682 4825 708 4850 ‹‹
735 4799 988 4855 Basilius
1011 4800 1260 4869 Magnus
1290 4799 1346 4852 in
1383 4797 2005 4866 sermonibus,quibus
2030 4797 2138 4850 Eu-

483 4891 744 4947 nomium
778 4889 1120 4952 confutavit,
1154 4887 1402 4957 loquens
1426 4888 1497 4940 de
1521 4886 1906 4955 productione
1938 4887 2130 4940 sancti

476 4980 738 5049 Spiritus
770 4994 839 5030 ex
873 4977 1060 5044 Patre,
1093 4976 1186 5030 bis
1219 4977 1408 5029 utitur
1438 4974 1668 5028 verbis:
1704 4974 1950 5027 Generat
1985 4979 2133 5028 Deus

479 5085 594 5122 non
628 5073 693 5122 ut
723 5067 920 5129 homo,
943 5081 1077 5119 vere
1109 5071 1301 5118 tamen
1338 5061 1661 5134 generat.Si
1692 5077 1830 5131 ergo
1853 5061 2129 5132 Spiritum

475 5173 542 5208 ex
574 5155 700 5225 ipso
732 5154 1059 5219 audientes,
1090 5150 1470 5215 intelligimus
1491 5167 1558 5204 ex
1587 5151 1717 5218 ejus
1747 5149 2133 5206 subsistentia

480 5243 789 5314 perspicue
810 5245 933 5310 jam
971 5239 1223 5294 Basilius
1249 5239 1650 5309 pronuntiavit
1679 5254 1744 5292 ex
1777 5237 1901 5293 sola
1945 5239 2131 5293 Patris

479 5330 806 5401 hypostasi,
855 5337 908 5382 et
963 5344 1076 5382 non
1123 5343 1191 5381 ex
1222 5327 1337 5380 alia
1368 5327 1621 5395 quadam
1657 5327 1952 5398 hypostasi
2006 5343 2132 5382 esse

478 5419 758 5486 Spiritum
783 5425 1053 5471 sanctum
1081 5431 1095 5469 :
1137 5437 1164 5463 »
1199 5415 1503 5484 respondit
1523 5415 1780 5469 Joannes
1804 5415 2129 5471 Provincia-

478 5505 573 5572 lis,
607 5506 706 5573 qui
741 5505 1079 5559 Latinorum
1115 5511 1312 5573 partes
1365 5505 1674 5557 tuebatur:
1730 5503 1817 5556 Ἐν
1844 5502 2023 5572 τούτῳ
2051 5509 2131 5576 τῷ

477 5588 756 5666 κεφαλαίῳ
788 5589 1054 5666 ἐπείγεται
1087 5591 1115 5644 ὃ
1161 5592 1324 5664 μέγας
1359 5589 1646 5650 Βασίλειος
1677 5587 1844 5658 δεῖξαι
1874 5592 1936 5645 τὸ
1965 5597 2130 5646 Πνεῦ-

483 5697 554 5745 μα
601 5678 662 5730 τὸ
722 5678 869 5749 ἅγιον
911 5677 1043 5731 εἶναι
1095 5676 1154 5732 ἐκ
1200 5683 1296 5732 τοῦ
1343 5678 1552 5751 Πατρὸς
1593 5677 1683 5732 καὶ
1714 5677 1819 5754 οὐχ
1848 5680 2126 5754 ἑτέρωθεν,

2315 4707 2431 4761 Col.
2461 4709 2568 4760 739
2596 4713 2636 4760 Ο
2663 4708 2718 4762 2.
2750 4707 3094 4763 Discentibus
3125 4708 3354 4778 apostol.
3415 4710 3545 4761 Hec
3593 4716 3875 4776 perperam

2245 4813 2410 4851 versa
2443 4813 2684 4852 sensum
2719 4797 2977 4851 auctoris
3011 4797 3496 4851 interverterunt:
3544 4816 3571 4846 ι
3607 4790 3878 4865 Apostolis

2245 4887 2390 4956 ipsis
2423 4883 2670 4955 gloriam
2702 4885 3252 4953 tribuentibus,haac
3281 4885 3426 4939 dicit
3452 4884 3743 4955 Spiritum
3765 4896 3874 4934 san-

2242 4982 2391 5031 ctus.
2429 5000 2450 5028 ν
2492 4975 2835 5044 Quanquam
2863 4974 2981 5029 hrec
3013 4974 3194 5044 Agabi
3227 4973 3522 5045 propheta
3557 4977 3702 5028 sunt
3725 4969 3877 5025 verba

2243 5066 2514 5119 Actorum
2548 5065 2760 5127 xxi,tl.
2793 5064 2902 5118 Sed
2938 5063 3057 5118 hac
3089 5063 3437 5118 conﬁrmant
3465 5062 3871 5116 correctionem

2244 5160 2530 5218 nostram,
2583 5169 2699 5222 qua
2747 5152 3116 5207 temerariam
3162 5151 3712 5222 interpretationem
3745 5152 3875 5202 Bezae

2241 5243 2657 5312 castigavimus
2689 5257 2888 5312 supra,
2915 5240 3063 5294 libro
3095 5257 3156 5294 n.
3182 5239 3358 5294 Paulo
3393 5243 3544 5310 post,
3580 5236 3644 5290 οὐ
3677 5233 3870 5289 συντάσ·

2243 5349 2422 5390 σοντες
2453 5329 2878 5400 Trapezuntius
2899 5351 2928 5378 «
2963 5345 3078 5384 non
3112 5328 3525 5382 coordinantes
3562 5350 3591 5375 »
3623 5326 3871 5387 verterat,

2242 5435 2345 5491 pro
2378 5441 2405 5467 ‹‹
2440 5422 3310 5489 componentes,comparantes,
3341 5439 3367 5465 ››
3392 5422 3453 5470 ut
3473 5415 3797 5471 “Corinth.
3825 5428 3870 5477 ι,

2243 5509 2340 5562 12:
2375 5504 2453 5562 Οὐ
2511 5507 2614 5579 γὰρ
2675 5503 2971 5577 τολμῶμεν
3027 5510 3306 5580 συγκρῖναι
3359 5503 3586 5565 ἑαυτούς
3615 5521 3742 5557 τισι·
3773 5506 3870 5560 Non

2237 5599 2387 5653 enim
2459 5597 2726 5652 audemus
2795 5611 3128 5666 comparare
3187 5611 3290 5650 nos
3359 5595 3708 5667 quibusdam.
3779 5591 3870 5646 lbi-

2243 5687 2376 5741 dem
2409 5683 2919 5760 χειραγωγούμενοι
2952 5701 3021 5741 ex
3051 5702 3163 5742 nis.
3197 5685 3582 5751 correximus,
3618 5705 3647 5735 ‹‹
3677 5679 3866 5743 ducti,n
