4124 6240
281 377 437 439 1065

1360 375 1441 434 ΙΝ
1484 372 1760 435 LIBROS
1804 369 2118 430 CONTRA
2165 372 2619 436 EUNOMIUM.

3530 379 3689 443 1066

275 525 411 566 cum
461 513 631 564 antea
680 506 960 563 mendose
1007 505 1298 579 legeretur
1339 506 1398 560 in
1431 505 1605 560 Basil.
1639 499 1926 577 χωρηγού-
1955 505 2010 568 Α
2108 501 2227 558 Col.
2259 505 2365 559 747
2396 511 2436 559 Α
2471 508 2524 560 7.
2586 509 2780 563 Verum
2807 507 3051 566 divinus.
3085 511 3512 582 Trapezuntius
3541 516 3688 572 scri-

279 617 454 671 μενοι.

346 705 466 764 Col.
496 707 602 762 746
635 711 694 760 Β.
737 707 876 761 Heus
909 721 1018 762 vos.
1058 708 1174 759 Has
1205 705 1354 759 duas
1387 703 1674 759 dictiones
1706 700 1925 772 adjeci-

274 815 408 854 mus
440 794 930 868 interpretationi,
956 798 1013 850 et
1037 794 1094 848 in
1129 792 1345 850 Graecis
1374 792 1731 849 correximus
1754 789 1800 842 ὧ
1831 785 1924 842 οὗ·

268 907 380 955 τοι,
414 903 546 942 cum
593 889 764 941 antea
817 883 1106 954 legeretur
1149 883 1210 938 in
1244 884 1419 939 Basil.
1455 882 1527 942 ὡς
1567 878 1738 950 οὗτοι,
1771 879 1924 935 unde

269 975 585 1032 Cornarius
617 977 1040 1046 expresserat,«
1066 972 1189 1028 Non
1215 975 1489 1043 separant
1509 968 1700 1026 solum
1724 985 1757 1023 a
1777 968 1920 1022 dua-

265 1064 436 1120 litate
461 1062 617 1119 velut
646 1063 766 1118 isti.
794 1084 821 1112 »
845 1063 1063 1117 Docent
1084 1061 1455 1133 grammatici
1487 1074 1805 1132 pronomen
1829 1051 1922 1108 οὗ.

265 1174 366 1214 τος
396 1169 527 1209 cum
553 1153 811 1216 secunda
835 1167 1085 1223 persona
1102 1150 1524 1218 cupulatum,et
1547 1149 1922 1218 conjunctam

270 1243 489 1298 habens
522 1239 865 1313 particulam
897 1238 1305 1312 di,significars
1328 1247 1405 1293 tu.
1437 1233 1921 1308 [υοίοηιιε,μέχρι

262 1329 430 1400 τίνος,
465 1327 509 1382 ὦ
554 1326 732 1394 οὗτος,
779 1324 1085 1400 ὀδυρόμεθα
1115 1345 1128 1388 ;
1163 1350 1191 1377 ‹(
1243 1329 1575 1396 Quousque,
1630 1324 1777 1378 heus
1833 1327 1924 1404 tu,

267 1421 516 1476 ﬂemus?
551 1443 578 1470 »
608 1416 652 1472 ὧ
699 1417 876 1486 αὗται,
911 1442 938 1468 ‹‹
974 1419 1120 1473 heus
1150 1434 1248 1473 vos
1299 1416 1558 1473 feminae!
1589 1414 1922 1470 »Eusebius

267 1509 373 1564 lib.
409 1527 471 1564 ιιι
521 1511 885 1565 Historiarum
933 1509 1226 1563 eccleszust.
1269 1523 1393 1577 cap.
1442 1507 1559 1561 25:
1611 1503 1749 1557 Φασὶ
1790 1507 1918 1577 γοῦν

263 1598 359 1652 τὸν
397 1597 660 1672 μακάριον
711 1597 912 1672 Πέτρον
965 1596 1291 1668 θεασάμενον
1338 1595 1434 1662 τήν
1476 1594 1667 1648 ἑαυτοῦ
1695 1597 1922 1668 γυναῖκα

268 1685 623 1763 ἀπαγομένην
691 1683 777 1740 ἐπὶ
838 1687 1096 1757 θανάτῳ,
1157 1689 1490 1758 επιφωνῆσαι
1544 1681 1594 1753 ἐξ
1655 1681 1922 1754 ὀνόματος

261 1775 648 1849 προσειπόντα,
693 1774 976 1847 Μέμνησο,
1011 1771 1056 1826 ὦ
1086 1771 1246 1842 αὕτη,
1293 1776 1391 1827 τοῦ
1432 1770 1653 1847 Κυρίοιν
1683 1795 1710 1822 ‹‹
1742 1772 1920 1827 Aiunt

2038 594 2278 661 pserat:
2320 614 2346 645 «ι
2375 595 2589 651 Verum
2635 597 2914 669 quoniam
2963 599 3218 671 Spiritus
3269 600 3426 657 Deus
3476 608 3686 662 cuncta

2036 696 2163 750 qua:
2192 698 2224 737 a
2273 683 2389 738 Deo
2420 699 2524 755 per
2569 686 2775 742 Filium
2818 692 2954 743 sunt
2999 689 3058 743 in
3101 705 3230 745 esse
3278 691 3684 759 corroborans,

2035 770 2247 827 idcirco
2277 777 2334 828 et
2364 774 2595 829 essendi
2627 777 2989 832 durationem
3018 779 3234 850 praebet
3261 781 3679 852 principatus.»

2107 877 2223 932 Col.
2255 880 2361 933 752
2386 882 2428 934 A
2463 881 2547 936 11.
2584 882 2689 949 Qui
2734 882 3052 939 dissimiles.
3087 885 3453 942 Correximus
3485 887 3545 942 in
3576 893 3684 945 Ba-

2035 965 2281 1036 siliensi,
2306 970 2457 1040 quod
2512 987 2816 1042 perperam
2849 973 3132 1045 scriptum
3167 978 3290 1030 erat
3320 974 3684 1046 ἀνομοουσια-

2035 1058 2195 1126 στῶν,
2255 1073 2323 1111 ex
2371 1057 2548 1130 Regio
2606 1061 2707 1130 qui
2759 1062 3101 1132 prmferebat
3155 1061 3678 1136 ἀνομοιουσιαστῶν.

2035 1146 2342 1202 Haareticos
2373 1150 2527 1204 enim
2555 1149 2797 1218 indicat,
2830 1152 2930 1223 qui
2959 1152 3216 1224 ἀνόμοιον
3262 1153 3470 1224 οὐσίαν,
3504 1157 3678 1213 dissi-

2034 1235 2233 1291 milem
2268 1238 2658 1295 substantiam
2694 1242 2878 1297 Patris
2909 1247 2964 1298 et
2998 1243 3121 1297 Filii
3156 1243 3682 1317 dicebant:6powo-

2033 1344 2152 1385 σιος
2185 1342 2320 1399 ergo
2343 1331 2452 1394 est,
2481 1329 2576 1400 qui
2601 1330 2854 1385 similem
2877 1331 3051 1387 habet
3081 1333 3680 1407 substantiam,6poo-

2034 1411 2205 1480 ύσιος,
2229 1415 2330 1486 qui
2361 1418 2628 1472 eamdem
2660 1417 2962 1488 habet,sed
2996 1418 3346 1492 ἀνομοούσιοι
3370 1440 3486 1479 non
3520 1441 3680 1496 repe-

2032 1503 2289 1570 riuntur,
2349 1510 2451 1560 aut
2505 1505 2964 1578 ἀνομοουσιασταί
3013 1511 3170 1564 dicti.
3226 1511 3677 1584 Chrysostomus

2031 1597 2175 1647 orat.
2209 1594 2242 1647 3
2297 1596 2370 1649 De
2412 1595 2961 1666 incomprehensibili
3006 1599 3106 1653 Dei
3149 1604 3371 1666 natura,
3420 1598 3536 1654 ἐπεὶ
3583 1598 3674 1655 οὖν

2028 1682 2191 1752 ἡμεῖς
2241 1680 2562 1754 ἐκτέμνομεν
2612 1683 2801 1757 ἄγριον
2852 1686 2941 1738 καὶ
2989 1685 3262 1761 ἀνήμερον
3311 1683 3526 1762 δένδρον
3567 1692 3677 1742 τῶν
3774 1707 3780 1716 ‘

2029 1768 2333 1841 Ἀνομοίων
2387 1771 2485 1838 τήν
2531 1768 2756 1845 αἵρεσιν·
2798 1793 2820 1821 α
2858 1776 3000 1830 Cum
3053 1776 3248 1846 itsque
3296 1792 3402 1831 nos
3443 1793 3676 1849 quoque

262 1869 504 1923 beatum
535 1870 795 1933 Petrum,
837 1882 972 1921 cum
1001 1880 1237 1921 uxorem
1271 1880 1439 1920 suam
1469 1863 1539 1918 ad
1582 1878 1782 1918 necem
1811 1861 1912 1916 ab-
1943 1877 1990 1942 Β
2029 1859 2295 1915 arborem
2347 1861 2736 1931 praecidamus
2790 1861 3117 1918 silvestrem
3169 1867 3344 1935 atque
3384 1869 3674 1937 agrestem

260 1958 500 2012 ductam
533 1956 990 2028 conspicaretur,
1025 1953 1109 2008 sic
1126 1969 1252 2008 eam
1283 1952 1520 2007 nomine
1549 1950 1908 2022 compellan-

259 2058 379 2108 tem
417 2043 654 2112 dixisse,
690 2043 845 2098 Heus
877 2049 960 2108 tu,
989 2059 1213 2098 memor
1240 2046 1364 2098 esto
1397 2041 1683 2096 Domini.»
1718 2041 1910 2095 Refert

258 2134 369 2190 hoc
382 2134 671 2190 Eusebius
689 2149 758 2188 ex
771 2131 1066 2188 Clemente
1080 2130 1580 2196 Alexandrino,vn
1595 2131 1906 2196 Stromate,

255 2225 361 2280 sed
398 2226 561 2278 locus
592 2222 744 2294 apud
777 2221 956 2277 istum
981 2219 1361 2293 corrigendus
1384 2224 1472 2276 est
1492 2235 1558 2274 ex
1582 2219 1708 2290 ipso
1728 2220 1907 2274 Euse-

259 2314 396 2380 bio;
434 2311 584 2367 male
614 2311 769 2367 enim
817 2311 875 2365 in
908 2309 1162 2366 editione
1193 2308 1654 2364 Commeliuiana
1683 2307 1905 2363 editum

257 2406 350 2457 est
395 2417 525 2473 pag.
576 2401 726 2456 3l2:
766 2399 1059 2471 μεμνήσθω
1110 2395 1245 2470 αὐτῇ
1291 2400 1387 2450 τοῦ
1447 2394 1678 2471 Κυρίου.
1731 2395 1908 2452 Paulo

259 2495 394 2564 post
442 2490 537 2545 hic
585 2489 1028 2545 emendavimus
1076 2504 1144 2543 ex
1174 2487 1219 2542 H
1253 2485 1514 2561 ἁγιασμὸν
1555 2484 1906 2560 εἰσηγήσατο,

259 2597 367 2653 pro
417 2577 758 2652 ἐπηγήσατο,
813 2582 870 2633 et
899 2575 1010 2651 οὐχ
1057 2574 1385 2649 ὑπεξῂρηκε,
1437 2592 1538 2647 pro
1586 2575 1696 2648 οὐχ
1749 2573 1909 2648 ὑπερ-

259 2668 461 2741 ήρηκε.
491 2667 720 2722 Rursus
749 2681 817 2721 ex
847 2665 1048 2720 eodem
1098 2681 1209 2718 ms.
1246 2663 1437 2719 locum
1470 2671 1809 2734 sequentem
1843 2678 1908 2716 ex

260 2761 429 2829 parte
477 2755 871 2822 restituimus,
921 2755 1019 2826 qui
1069 2752 1152 2810 sic
1197 2753 1449 2808 habebat
1478 2751 1536 2806 in
1579 2752 1717 2806 edit.
1750 2749 1908 2807 Basi-

263 2845 441 2901 liensi
479 2842 578 2900 :Ei
609 2840 666 2896 δὲ
695 2841 785 2896 καὶ
821 2842 896 2914 μή
933 2841 1211 2914 ὀνομάζων
1247 2838 1454 2913 Πατὲρα
1485 2835 1654 2908 δηλοῖ
1679 2836 1835 2893 αὐτὸν
1860 2836 1912 2891 ἐν

255 2937 340 3004 τῷ
369 2933 497 2986 Υἱοῦ
545 2926 795 3003 ὀνόματι,
829 2928 996 3000 δηλοῖ
1041 2951 1098 2984 τε
1131 2929 1265 3002 μετὰ
1292 2932 1389 2982 τοῖ’)
1427 2928 1683 3000 πατρῴου
1715 2926 1911 2999 ὀνόμα-

263 3043 361 3085 τος
390 3021 602 3075 καὶτὸν
647 3017 1054 3095 γεγεννημένον.
1105 3019 1531 3090 Trapezuntius
1575 3018 1916 3090 interpreta-

265 3117 366 3168 tus
399 3116 488 3167 est
522 3130 588 3168 :«
624 3111 784 3175 Quod
821 3111 869 3166 si
902 3114 1130 3165 Patrem
1164 3125 1278 3164 non
1312 3107 1781 3174 nominans,cum
1815 3107 1918 3162 Pa-

263 3201 374 3257 tris
402 3201 638 3256 nomine
671 3205 865 3255 tamen
912 3198 1120 3254 Filium
1173 3199 1347 3253 etiam
1393 3197 1706 3269 significat.
1742 3216 1770 3246 »
1803 3196 1910 3250 Sed

262 3291 423 3345 idem
459 3289 606 3344 liber
639 3289 850 3360 Regius
899 3287 1228 3342 accuratius
1276 3287 1579 3357 inspectus
1623 3284 1914 3358 integrum

265 3380 466 3434 locum
499 3378 583 3433 sic
615 3380 1030 3449 repraesentat:
1064 3374 1126 3431 Ei
1160 3370 1216 3428 δὲ
1244 3372 1332 3426 καὶ
1369 3373 1444 3446 μή
1491 3371 1770 3445 ὀνομάζων
1805 3377 1916 3426 Ila-

262 3468 418 3540 τέρα,
453 3461 620 3535 δηλοῖ
655 3465 789 3536 μετά
834 3469 933 3532 τῆς
976 3461 1098 3516 ι’ὶοῦ
1127 3460 1496 3536 προσηγορίας
1535 3461 1624 3516 καὶ
1672 3461 1763 3515 τὸν
1794 3482 1918 3536 γεν-

265 3556 497 3628 νήτορα,
528 3551 617 3606 καὶ
655 3553 730 3626 μὴ
780 3551 1065 3625 ὀνομάζων
1105 3551 1196 3604 τὸν
1245 3551 1364 3604 Υἱὸν
1417 3548 1587 3620 δηλοῖ
1645 3550 1776 3623 μετὰ
1822 3553 1918 3603 τοῦ

267 3642 528 3716 πατρῴου
571 3641 838 3715 ὀνόματος
879 3639 966 3694 καὶ
1013 3640 1104 3693 τὸν
1159 3639 1566 3714 γεγεννημένον.
1607 3663 1634 3690 ‹‹
1675 3640 1832 3703 Quod
1869 3639 1918 3693 si

272 3734 504 3787 Patrem
541 3749 655 3787 non
690 3732 1163 3797 nominans,cum
1199 3729 1321 3782 Filii
1356 3729 1745 3800 appellatione
1766 3727 1922 3798 geni-

273 3829 459 3877 torem
494 3837 726 3892 quoque
766 3820 1061 3892 significat
1094 3823 1187 3873 :et
1223 3817 1424 3872 Filium
1453 3834 1567 3872 non
1587 3817 1918 3885 nominans,

271 3926 411 3965 cum
443 3909 680 3964 nomine
713 3914 952 3981 paterno
983 3908 1245 3979 genitum
1275 3921 1509 3978 quoque
1541 3905 1856 3976 significat.
1893 3926 1920 3953 »

271 4003 354 4054 At
382 3997 440 4053 in
473 3998 862 4068 sequentibus
893 3996 1243 4066 coniecturae
1267 3998 1428 4050 locus
1452 3993 1576 4050 dari
1602 3997 1810 4065 potest,
1835 3997 1920 4062 ut,

275 4086 418 4141 licet
451 4085 894 4158 manuscriptus
925 4089 1259 4140 constanter
1289 4083 1534 4139 retineat
1570 4081 1657 4135 καὶ
1710 4080 1924 4153 μεταδί-

273 4170 453 4243 δοται,
484 4174 572 4228 καὶ
603 4179 826 4240 νοεῖται,
861 4174 1016 4229 unde
1035 4172 1348 4229 Cornarius
1365 4172 1621 4244 scripsit,
1649 4193 1671 4223 ι
1704 4171 1764 4226 in
1783 4188 1922 4244 sup-

277 4266 574 4337 peditante
605 4283 617 4320 :
653 4265 849 4336 ipsum
883 4269 941 4319 et
969 4264 1145 4318 datur
1182 4268 1238 4318 et
1269 4261 1647 4334 intelligitur:
1677 4281 1701 4313 ιι
1728 4266 1922 4317 tamen

274 4355 650 4425 suspicemur
679 4352 990 4426 legendum
1021 4350 1109 4404 καὶ
1147 4346 1484 4423 μεταδιδόντι
1515 4353 1737 4416 νοεῖται,
1771 4351 1923 4420 quod

273 4439 700 4512 Trapezuntius
723 4441 956 4506 habeat,
994 4461 1015 4490 ι
1042 4440 1099 4494 in
1125 4441 1416 4511 praebente
1446 4439 1642 4510 ipsum
1677 4443 1734 4494 et
1754 4440 1927 4494 dante

279 4529 644 4602 intelligitur.
677 4552 704 4580 »

2019 1949 2191 2004 istam
2220 1954 2632 2004 Anomoeorum
2656 1950 2980 2006 haeresim.»
3013 1952 3478 2022 Hieronymusin
3505 1953 3678 2010 Chro-

2017 2039 2141 2092 nico
2193 2038 2263 2092 ad
2309 2037 2714 2111 Olympiadem
2759 2041 2883 2094 286:
2922 2063 2950 2089 «
2983 2041 3251 2113 Synodus
3290 2041 3608 2101 Antiochiae
3639 2060 3674 2099 a

2021 2125 2253 2182 Meletio
2284 2131 2340 2181 et
2365 2127 2491 2182 suis
2518 2127 2685 2198 facta,
2720 2128 2777 2183 in
2803 2145 2916 2200 qua
2947 2129 3257 2186 homousio
3289 2147 3671 2204 anommoque

2019 2216 2522 2285 rejecto,medium
2550 2217 2701 2272 inter
2721 2217 2841 2272 haec
2875 2217 3279 2275 hommousion
3304 2220 3670 2276 Macedonia-

2020 2320 2154 2359 num
2189 2305 2400 2377 dogma
2447 2304 2909 2361 vindicaverunt.
2941 2329 2962 2354 ιι
2989 2306 3096 2362 Ubi
3135 2308 3370 2363 nomine
3401 2309 3666 2364 Anomaai

2019 2394 2355 2464 Opinionem
2380 2392 2572 2448 Acacii
2596 2399 2652 2450 et
2676 2394 2922 2449 aliorum
2945 2396 3016 2450 de
3035 2395 3309 2451 dissimili
3332 2397 3668 2454 substantia

2018 2481 2233 2536 Christi
2264 2499 2298 2537 a
2329 2482 2494 2537 Patre
2521 2481 2817 2554 intelligit.
2851 2483 3326 2540 Hommousianos
3348 2491 3544 2542 autem
3578 2486 3666 2542 di-

2019 2575 2141 2625 ctos
2173 2571 2622 2626 Macedonianos
2646 2576 2876 2627 eonstat
2904 2589 2972 2628 ex
3004 2575 3306 2644 Tripartita
3337 2573 3667 2649 lib.1v,cap.

2017 2661 2107 2715 22.
2150 2659 2416 2715 Meminit
2440 2660 2616 2715 etiam
2646 2660 2974 2732 impietatis
3004 2666 3374 2717 Anomceanae
3423 2664 3676 2735 epistola

2019 2751 2083 2804 41
2120 2748 2395 2818 Basilius,
2432 2749 2530 2803 ubi
2563 2753 2718 2804 recte
2765 2751 2847 2804 ita
2877 2751 3254 2807 emendatum
3287 2755 3537 2818 est,cum
3569 2771 3672 2808 an-

2019 2843 2107 2892 tea
2159 2839 2497 2892 Anomianze
2527 2837 3006 2909 legeretur:nam
3060 2841 3406 2896 Eunomiani
3450 2843 3524 2898 ab
3555 2842 3671 2897 Eu-

2023 2927 2221 2981 nomio
2253 2931 2394 2980 sunt
2421 2925 2700 2992 haeretici,
2727 2928 3036 2983 Anomiani
3069 2933 3262 2984 autem
3297 2929 3465 2984 nulli.

2096 3032 2243 3086 Ibid.
2277 3032 2318 3086 B
2349 3033 2402 3086 8.
2441 3031 2589 3085 Μετᾶ
2619 3032 2890 3094 ἀπιστίας.
2926 3035 3241 3091 Cornarius
3280 3035 3432 3090 hanc
3470 3035 3674 3092 lectio-

2026 3138 2157 3177 nem
2189 3121 2495 3192 expressit,
2539 3143 2566 3171 ιι
2609 3138 2735 3193 quas
2781 3139 2914 3177 cum
2958 3122 3364 3179 incredulitate
3396 3125 3673 3181 omnibus

2027 3217 2166 3265 suut
2195 3209 2527 3278 manifesta,
2566 3233 2592 3259 η
2624 3227 2727 3266 nec
2755 3211 2921 3267 aliter
2948 3211 3128 3268 habet
3158 3217 3205 3267 H
3237 3229 3372 3281 ms.,
3402 3215 3500 3268 sed
3531 3215 3676 3269 Tra-

2027 3299 2636 3371 pezuntiusscriptum
2663 3301 2976 3356 offendisse
2997 3301 3188 3356 videtu
3200 3300 3393 3372 ι·,μετὰ
3416 3298 3672 3369 πίστεως,

2024 3388 2112 3443 vel
2147 3386 2281 3460 μετᾶ
2311 3384 2623 3458 εὒπίστεως,
2647 3412 2674 3439 ‹‹
2708 3407 2841 3445 cum
2871 3391 3212 3447 credulitate
3260 3396 3363 3447 aut
3399 3391 3678 3447 facilitate

2028 3478 2323 3546 credendi,
2353 3501 2373 3526 ι»
2411 3480 2566 3551 quod
2603 3481 2871 3535 convenit
2921 3496 3053 3536 cum
3105 3497 3170 3536 eo
3203 3481 3356 3552 quod
3409 3481 3678 3553 sequitur

2028 3567 2268 3623 citatum
2303 3585 2369 3622 ex
2413 3569 2593 3640 Epist.
2638 3569 2708 3623 ad
2751 3569 2921 3624 Hebr.
2961 3586 3038 3634 ιιι,
3069 3570 3144 3624 6:
3190 3569 3427 3626 Credere
3469 3573 3681 3642 oportet

2029 3657 2360 3712 accedentem
2392 3656 2462 3711 ad
2493 3658 2682 3726 Deum,
2716 3663 2772 3713 et
2804 3659 2958 3729 quod
3009 3663 3100 3714 est
3130 3658 3292 3714 Isaiae
3321 3659 3516 3725 vu,9:
3551 3657 3677 3714 Ἐὰν

2033 3745 2109 3817 μὴ
2169 3743 2538 3812 πιστεύσητε,
2617 3742 2740 3798 οὐδὲ
2808 3747 2883 3819 μὴ
2945 3751 3174 3814 συνῆτε.
3237 3747 3391 3815 Quod
3463 3748 3516 3801 si
3569 3762 3678 3803 non

2028 3834 2401 3898 credideritis,
2431 3850 2775 3905 nequaquam
2822 3835 3165 3903 intelligetis.
3200 3835 3380 3890 Paulo
3413 3839 3544 3905 post
3574 3851 3676 3905 pro

2031 3921 2299 3977 ἀκούσωσι
2332 3927 2454 3977 erat
2483 3922 2539 3976 in
2582 3939 2693 3977 ms.
2730 3921 3050 3992 ἀκούσουσι,
3081 3924 3494 3978 auscultabunt.
3527 3923 3596 3978 Et
3625 3920 3676 3974 ἐν

2029 4009 2251 4080 ἀπιστίᾳ
2285 4005 2548 4085 ὑπάρχων
2580 4010 2951 4083 reposuimus
2982 4026 3050 4065 ex
3077 4011 3302 4078 eodem,
3327 4028 3442 4067 non
3475 4016 3540 4067 ut
3571 4013 3677 4067 Ba-

1980 4159 1981 4162 η
2031 4099 2253 4156 siliens.
2282 4096 2536 4172 ὑπάρχει.

2101 4188 2222 4244 Col.
2253 4189 2357 4242 754
2415 4193 2451 4240 Β
2507 4189 2561 4242 6.
2614 4187 2701 4248 Ὡς
2760 4186 3069 4243 ὑπόστασιν.
3124 4189 3192 4245 Η.
3245 4188 3320 4251 ὡς
3361 4187 3674 4259 ὑπόστασις,

2033 4282 2098 4333 ut
2129 4281 2552 4348 praecesserunt
2599 4275 2674 4339 ὡς
2720 4280 2929 4342 νοῦς,οῐ
2974 4279 3047 4338 ὼς
3095 4274 3347 4350 δύναμις,
3377 4283 3435 4336 et
3481 4280 3562 4336 ita
3592 4281 3682 4336 in-

2032 4366 2368 4438 terpretatio
2401 4367 2768 4440 Trapezuntii
2802 4368 3068 4441 exigit,et
3091 4368 3404 4426 Carnarius
3425 4370 3681 4441 agnovit.

2037 4480 2063 4507 ‹‹
2093 4461 2154 4512 ut
2185 4457 2519 4512 substantia
2564 4457 2864 4530 prOprium
2915 4457 3329 4514 characterem.
3385 4481 3412 4508 »
3463 4459 3568 4526 Qui
3628 4464 3687 4514 et.

2038 4545 2212 4619 paulo
2246 4551 2374 4618 post
2405 4547 2620 4602 melius
2648 4547 2956 4619 expressit,
2989 4570 3017 4597 «
3051 4547 3308 4619 Spiritus
3340 4548 3533 4622 imago
3554 4548 3686 4604 Filii

355 4637 499 4690 Ibid.
535 4641 598 4690 υ.
632 4634 730 4688 Καὶ
773 4633 827 4688 ἰν
876 4633 1040 4704 αὐτῷ.
1095 4635 1156 4690 In
1214 4650 1325 4688 ms.
1380 4635 1443 4689 Ii.
1497 4633 1799 4706 legebatur
1837 4632 1926 4686 καὶ
1963 4616 2006 4679 D
2039 4616 2370 4704 dictusiest,
2404 4658 2432 4686 ι)
2465 4653 2642 4708 quam
2673 4616 3123 4709 Trapezuntius,
3149 4661 3176 4687 «
3211 4638 3404 4710 imago
3437 4616 3562 4694 Filii
3594 4638 3686 4694 di-

283 4723 358 4785 εἷς
391 4723 570 4792 αὐτόν,
603 4741 718 4795 quo
752 4729 920 4795 pacto
952 4723 1127 4778 etiam
1161 4722 1443 4793 scriptum
1479 4729 1567 4777 est
1591 4723 1694 4794 Ep.
1719 4722 1790 4776 ad
1827 4723 1932 4777 Ro-

285 4831 492 4868 manos
523 4831 599 4880 χι,
623 4814 712 4879 36,
738 4814 890 4868 unde
913 4813 1162 4868 fortasse
1184 4811 1444 4866 manavit
1468 4811 1568 4865 illa
1597 4809 1930 4865 lectiomam

291 4902 538 4959 Basilius
561 4901 733 4973 plane
762 4901 843 4955 ita
879 4901 1021 4973 legit
1051 4898 1102 4953 ἐν
1149 4897 1316 4969 αὐτῷ,
1351 4904 1415 4954 ut
1445 4916 1570 4970 quae
1604 4904 1935 4970 sequuntur

286 4993 766 5061 ostendunt,cum
791 4992 861 5046 ad
886 4991 1171 5063 Spiritum
1191 4995 1458 5045 sanctum
1482 4990 1585 5044 hoc
1605 4989 1779 5044 refert
1796 4986 1849 5041 ἓν
1879 4986 1935 5041 δὲ

291 5085 503 5153 Πνεῦμα
536 5081 684 5154 ἅγιον
735 5079 788 5133 ὲν
819 5080 864 5152 ᾧ
909 5079 1100 5134 πάντα.
1155 5085 1370 5134 Auctor
1417 5095 1647 5150 quoque
1678 5078 1934 5145 Vulgatae

288 5170 504 5225 Latinae
537 5170 620 5224 sic
665 5169 878 5240 legisse
907 5169 1138 5224 videtur
1166 5169 1320 5239 apud
1374 5167 1709 5239 Apostolum
1746 5185 1758 5222 :
1790 5175 1940 5222 tam-

289 5259 400 5315 etsi
459 5276 606 5314 novo
658 5261 881 5316 censori
935 5265 1089 5314 Bezaa
1139 5259 1196 5314 id
1250 5275 1364 5312 non
1420 5258 1719 5329 probatur,
1779 5259 1930 5327 quod

293 5350 467 5405 tinem
501 5349 766 5404 omnium
799 5349 898 5404 Dei
933 5350 1216 5404 factorum
1245 5347 1362 5401 illic
1393 5352 1560 5418 putet
1591 5346 1934 5416 signiﬁcari:

291 5439 388 5494 sed
428 5439 473 5494 si
527 5438 795 5509 quintum
843 5437 998 5492 hunc
1050 5437 1239 5492 Basilii
1293 5436 1504 5491 librum
1569 5437 1935 5506 interpretari

294 5525 620 5590 maluisset,
651 5542 828 5596 quam
862 5525 1117 5596 maligne
1148 5524 1534 5596 supprimere.
1569 5541 1683 5595 qua
1717 5524 1939 5578 ratione

290 5614 522 5671 defendi
554 5614 726 5670 lectio
768 5613 870 5670 illa
900 5615 1106 5686 possit,
1139 5630 1206 5668 ex
1250 5613 1625 5669 sanctissimo
1651 5613 1820 5668 Patre
1849 5613 1938 5668 di-

291 5703 551 5760 dicisset.

619 5833 876 5891 ΡΑτιιοι..
929 5833 1038 5891 Gn.
1086 5830 1274 5890 XXX.

2043 4729 2133 4780 cta
2164 4729 2271 4780 est.
2309 4748 2336 4774 »

2113 4813 2232 4868 Col.
2263 4815 2370 4868 760
2403 4815 2460 4869 D.
2496 4813 2583 4880 Μῆ
2633 4813 2873 4889 μερίσῃς.
2925 4818 3012 4870 Ita
3049 4815 3422 4871 restituimus
3472 4833 3539 4870 ex
3573 4833 3686 4874 ms.

2043 4902 2134 4968 H.,
2195 4918 2327 4956 cum
2379 4906 2550 4958 antea
2597 4901 2901 4958 Basiliens.
2954 4901 3029 4974 μὴ
3085 4901 3315 4977 μερίσασ
3358 4903 3446 4972 τά,
3500 4928 3527 4954 ‹‹
3577 4922 3692 4962 non

2043 4990 2337 5058 scindens,
2374 5013 2402 5040 »
2429 4995 2484 5047 et
2513 4996 2706 5046 tamen
2758 4991 2991 5056 agnovit
3030 4991 3108 5047 ita
3141 4993 3519 5050 scribendum
3551 4995 3690 5051 Cor-

2044 5080 2266 5147 uarius,
2301 5074 2331 5127 ‹‹’
2360 5081 2439 5135 Ne
2473 5080 2749 5151 partiaris
2777 5098 2864 5137 ea:
2899 5099 3025 5154 quae
3053 5081 3111 5136 in
3139 5087 3334 5154 partes
3366 5082 3542 5138 dividi
3577 5099 3690 5138 non

2047 5174 2316 5241 possunt,
2352 5192 2379 5217 »
2419 5174 2474 5224 et
2494 5175 2840 5242 Trapezunt.
2875 5194 2899 5221 κ
2935 5171 3058 5227 Νοιι
3093 5172 3388 5244 partiaris,
3424 5188 3548 5243 quae
3582 5171 3690 5226 im-

2049 5257 2359 5329 partibilia.
2399 5280 2425 5307 ι)

2118 5347 2374 5400 (301.762
2405 5349 2444 5402 Β
2491 5350 2576 5403 12.
2630 5351 2708 5404 Ibi
2754 5354 3142 5405 convenerunt.
3203 5347 3425 5419 Duplici
3481 5348 3695 5402 mendo

2051 5435 2354 5492 laborabat
2394 5437 2544 5493 male
2593 5439 2838 5494 affectus
2869 5441 2963 5493 hic
2994 5439 3247 5502 locus,et
3276 5438 3347 5492 ab
3379 5436 3698 5507 interprete

2049 5529 2103 5579 et
2135 5541 2166 5578 a
2200 5527 2583 5599 typographo.
2611 5551 2629 5577 α
2658 5529 2740 5583 lbi
2770 5528 2996 5583 obviam
3030 5528 3262 5582 fuerunt
3293 5526 3610 5593 servi,etur
3631 5543 3704 5582 us

2049 5630 2250 5669 eorum
2304 5631 2418 5669 non
2471 5620 2558 5670 est
2608 5615 2867 5672 relictus.
2907 5635 2935 5664 »
2965 5617 3038 5669 At
3081 5614 3240 5670 Isaiae
3271 5631 3464 5681 xxxxv,
3501 5616 3587 5682 15,
3622 5617 3704 5671 ita

2051 5702 2297 5758 vertitur
2325 5721 2392 5759 ex
2424 5705 2568 5762 LXX
2596 5723 2629 5759 a
2657 5710 2713 5758 Β.
2749 5705 3096 5775 Hieronymo
3127 5703 3187 5760 in
3219 5705 3653 5761 Commentario
3689 5736 3702 5775 ε

3302 5833 3379 5891 34
