4138 6216
410 365 565 426 1067

1540 437 1546 442 θ
1603 355 1837 424 ΝΟΤΛΕ
1878 364 2320 424 FRONTONIS
2367 364 2652 426 DUCIEI.

3666 361 3826 422 1068

481 497 566 553 Ibi
591 497 946 554 obviaverunt
975 498 1089 554 sibi
1115 499 1281 566 cervi,
1312 504 1364 553 et
1389 497 1646 553 viderunt
1682 497 1856 566 facies
1884 512 2011 551 suas
2042 513 2054 551 :
2089 499 2140 563 Α
2242 498 2359 552 Col.
2393 498 2497 552 770
2525 500 2568 553 C
2593 497 2648 551 8.
2710 496 2860 552 Sicut
2914 499 3082 553 enim.
3144 498 3210 551 In
3254 511 3367 552 ms.
3421 497 3463 551 Η
3511 493 3823 568 φωτίσασαι

410 602 556 642 unus
584 601 654 642 ex
694 589 832 657 ipsis
874 604 986 642 non
1014 588 1201 658 periit.
1236 583 1520 639 Ἀπώλιτο
1549 584 1771 657 legunt,
1807 600 1920 640 non
1956 583 2060 637 im-

413 672 657 752 ελείφθη.
690 675 947 748 Vulgata
974 692 1108 731 vero
1140 675 1298 730 aliud
1331 692 1449 746 prae
1479 691 1541 729 se
1574 675 1682 729 fert
1715 691 1727 728 :
1758 674 1897 728 Illuc
1924 688 2056 728 con-

2167 581 2327 659 νὲφος
2353 584 2676 656 legebatur,
2711 586 2910 642 minus
2939 590 3114 641 recte:
3135 585 3236 640 sed
3271 589 3330 639 et
3360 584 3650 656 interpres
3675 601 3824 655 pau-

2168 673 2223 728 lo
2255 674 2564 730 obscurius
2597 674 2858 730 dixerat:
2898 697 2926 724 «
2951 675 3116 731 Sicut
3145 674 3286 730 solis
3319 673 3465 728 radii
3499 673 3716 728 nubem
3749 673 3825 728 il-

411 766 630 836 gregati
655 770 786 821 sunt
813 766 954 820 mihi
985 765 1130 820 alter
1157 764 1226 818 ad
1252 765 1506 819 alterum.
1542 761 1643 818 Ille
1669 767 1864 816 autem
1913 761 2060 816 alter
2165 762 2552 831 luminantes,
2584 767 2642 818 et
2671 765 2860 834 ipsam
2894 764 3201 836 splendere
3242 762 3539 833 facientes,
3572 763 3825 820 aurifor-

414 870 483 910 ex
511 855 716 910 eodem
767 853 1051 926 propheta
1097 852 1262 908 locus
1293 856 1382 908 est
1422 852 1514 906 [sa
1543 866 1678 920 LVII,
1713 851 1799 904 16.
1835 849 2060 905 Omnem

410 946 634 1014 ﬂatum,
692 959 811 998 non
867 947 1096 1009 statum,
1153 941 1390 1013 scripsi,
1429 939 1600 1006 πνοὴν
1663 942 1871 994 πᾶσαν.
1927 943 2057 995 Ter-

411 1033 533 1087 tius
564 1036 654 1087 est
681 1031 811 1088 Jobi
842 1049 1016 1097 xxxu,
1049 1033 1102 1098 8,
1138 1029 1236 1086 ubi
1287 1029 1540 1100 legimus
1587 1027 1802 1099 τινεῦμά
1831 1025 1972 1080 ἐστιν
2007 1024 2056 1080 ἐν

416 1119 658 1193 βροτοῖς,
692 1137 804 1174 non
835 1117 889 1172 ἐν
938 1119 1214 1193 βρονταῖς,
1249 1120 1306 1173 in
1357 1118 1692 1184 hominibus,
1729 1134 1840 1172 non
1883 1118 1941 1172 in
1973 1122 2059 1172 το-

407 1211 638 1275 nilruis,
673 1213 738 1263 ut
767 1208 1080 1280 scripserat
1117 1207 1563 1280 Trapezuntius,
1597 1212 1650 1262 et
1683 1207 1847 1275 ﬂatus
1877 1209 2061 1261 autem

408 1299 828 1365 omnitenentis,
856 1299 953 1369 qui
968 1315 1054 1353 me
1075 1297 1244 1352 docet.
1277 1295 1671 1368 Symmachus
1692 1295 1868 1351 etiam
1890 1296 2062 1350 vertit

412 1404 481 1442 ex
532 1387 806 1442 Hebrum:
843 1386 1050 1446 Ὄντως
1111 1381 1169 1438 δὲ
1221 1387 1432 1456 πνιῦμα
1481 1387 1618 1438 Θεοῦ
1679 1381 1817 1436 ἐστιν
1870 1381 1921 1436 ὲν
1969 1382 2059 1436 ἀν-

415 1474 676 1547 θρώποις.
717 1477 846 1531 Vere
872 1480 1058 1532 autem
1096 1477 1322 1545 spiritus
1357 1475 1457 1531 Dei
1491 1478 1570 1530 est
1599 1475 1661 1530 in
1691 1473 2010 1528 hominibus
2044 1489 2057 1528 :

415 1581 521 1620 nec
551 1563 719 1620 aliter
750 1564 992 1636 Vulgata
1023 1580 1089 1618 ex
1111 1565 1371 1632 Hebraeo,
1406 1563 1463 1618 in
1496 1579 1612 1633 quo
1659 1579 1766 1618 vox
1793 1571 1944 1623 una
1972 1577 2060 1617 ac-

415 1653 530 1725 cipi
564 1670 677 1710 non
711 1657 903 1725 potest
934 1669 1036 1724 pro
1064 1652 1319 1708 tonitruo
1347 1672 1360 1720 ;
1395 1655 1479 1707 est
1508 1667 1644 1721 ergo
1675 1650 1954 1705 mendum
1987 1649 2058 1704 li-

416 1742 618 1809 brarii,
644 1743 741 1811 qui
775 1759 878 1814 pro
913 1740 1130 1815 βροτοῖς
1163 1740 1398 1812 scripsit
1430 1739 1702 1813 βρονταῖς.

486 1830 743 1926 Col..766
792 1836 827 1882 Β
880 1830 964 1884 13.
999 1833 1124 1886 Non
1378 1829 1628 1884 disceret.
1679 1827 1842 1926 _Yitio
1902 1825 2060 1898 praeli
2091 1863 2136 1926 Β

416 1924 589 1975 antea
618 1918 940 1989 legebatur,
966 1941 994 1968 ‹‹
1028 1924 1086 1974 et
1117 1918 1254 1989 quid
1289 1917 1495 1988 loquar
1515 1933 1628 1972 non
1662 1917 1840 1972 dices:
1875 1937 1904 1965 ››
1927 1932 2060 1972 cum

415 2008 755 2079 scripsisset
812 2007 1080 2063 fortassis
1131 2007 1443 2078 interpres,
1494 2028 1514 2054 α
1551 2021 1664 2061 non
1711 2004 1964 2070 discens,
2000 2001 2060 2056 οὐ

417 2094 717 2168 μανθάνων·
753 2102 811 2152 at
840 2097 899 2150 in
937 2097 1117 2168 Regio
1150 2096 1195 2151 Η
1229 2113 1355 2167 quas
1391 2085 1722 2166 sequuntur
1750 2094 1832 2149 ita
1861 2093 2058 2149 effere-

415 2187 632 2240 bantur
663 2203 675 2240 :
711 2187 887 2240 Τοῦτο
920 2183 1023 2257 γὰρ
1072 2185 1135 2252 ἦν
1182 2181 1420 2255 ἀμαθοῦς
1451 2183 1539 2236 καὶ
1573 2180 1819 2242 ἀτελοῦςο
1853 2205 1883 2234 ‹‹
1915 2183 2060 2237 Nam

413 2275 472 2329 id
505 2278 661 2330 esset
695 2273 878 2345 ignari
911 2278 968 2328 et
999 2273 1343 2344 imperfecti.
1375 2295 1404 2322 ››

485 2362 600 2418 Col.
631 2364 738 2417 768
765 2366 826 2418 C.
861 2359 1232 2432 Εὐθομείσθω.
1268 2366 1403 2428 Quae
1434 2365 1762 2433 sequuntur
1792 2361 1862 2415 ad
1883 2360 2059 2415 finem

414 2468 604 2522 usque
633 2450 766 2506 libri
799 2451 986 2522 quinti
1019 2449 1221 2506 Contra
1241 2451 1590 2518 Eun/omium,
1616 2453 1672 2506 et
1697 2447 2062 2504 constituunt

415 2545 592 2612 caput
620 2541 913 2596 decimum
943 2543 1278 2612 septimum,
1300 2540 1360 2596 in
1392 2539 1695 2596 Basiliensi
1717 2539 1917 2595 Graeca
1935 2538 2060 2594 edi-

415 2632 573 2686 tione
603 2630 910 2701 posteriori
943 2631 1432 2686 desiderabantur
1463 2647 1476 2685 :
1513 2630 1623 2696 sed.
1650 2631 1707 2684 ln
1753 2628 1935 2685 alium
1975 2626 2059 2682 lo-

417 2735 552 2774 cum
586 2718 869 2774 translata
890 2723 1220 2790 separatam
1247 2718 1549 2774 homiliam
1573 2714 2059 2787 efﬁciebantzﬂepl

416 2810 514 2861 τοῦ
551 2804 862 2879 [Ινεύματος
906 2804 1080 2880 ἁγίου,
1114 2829 1141 2857 ι(
1176 2811 1254 2863 De
1292 2807 1512 2878 Spiritu
1564 2811 1788 2872 sancto,
1820 2828 1847 2854 ››
1897 2809 1955 2860 et
2000 2805 2058 2858 in

418 2897 674 2952 editione
709 2896 906 2952 Latina
954 2895 1266 2952 Parisiensi
1315 2913 1410 2951 an.
1455 2896 1613 2965 1603,
1644 2911 1699 2967 p.
1732 2895 1858 2951 223.
1893 2917 1920 2944 ‹‹
1953 2893 2057 2948 Co-

413 2986 556 3058 gitet
585 2985 779 3041 omnis
825 2985 1060 3054 anima;
1099 3007 1119 3036 ι
1159 2991 1217 3040 at
1248 2985 1304 3040 in
1344 2985 1541 3042 codice
1573 2983 1752 3056 Regio
1785 2982 2059 3038 ultimum

415 3079 592 3148 caput
658 3074 791 3130 libri
847 3092 903 3142 v,
967 3092 1101 3130 cum
1175 3075 1284 3130 hoc
1340 3074 1560 3144 titulo,
1620 3071 1751 3146 Περὶ
1809 3069 2060 3143 Πνεύμα-

411 3165 973 3235 τος.Τι·ορρΖυῐιιίυε
1030 3180 1258 3236 quoque
1309 3164 1661 3234 subjiciebat
1690 3163 1848 3216 istud
1899 3166 2064 3217 caete-

2170 867 2322 907 mem
2353 851 2466 922 ipsi
2498 853 2706 906 faciem
2740 852 3088 923 praebentes.
3123 873 3152 901 ››

2239 941 2357 995 Col.
2384 941 2493 993 772
2539 945 2576 992 Β
2623 941 2707 994 10.
2763 938 2842 995 Οὐ
2887 938 3202 1013 χωρίζεται.
3253 939 3709 997 Emendavimus
3757 946 3820 997 in

2171 1027 2477 1084 Basiliens.
2524 1028 2632 1103 οὐχ
2679 1026 2914 1100 ὁρίζεται
2961 1045 3269 1100 perperam
3319 1032 3490 1084 antea
3529 1029 3823 1100 scriptum

2171 1133 2274 1188 pro
2305 1114 2366 1169 οὐ
2398 1114 2712 1191 χωρίζεται,
2747 1141 2775 1168 ‹‹
2808 1118 2926 1172 haec
2958 1117 3029 1172 ab
3059 1117 3162 1172 illo
3194 1133 3306 1172 non
3339 1121 3669 1188 separatur,
3703 1140 3733 1168 »
3757 1126 3828 1175 ut

2171 1209 2326 1260 recte
2355 1206 2780 1276 Trapezuntius
2815 1225 2831 1260 :
2864 1205 3010 1262 alter
3039 1205 3331 1276 interpres
3363 1205 3618 1261 homiliie
3651 1223 3826 1276 sepa-

2170 1299 2309 1348 rates
2344 1295 2688 1350 mendosam
2738 1293 3046 1351 lectionem
3077 1299 3318 1350 secutus
3352 1316 3378 1346 ιι
3425 1293 3580 1350 hanc
3629 1295 3688 1350 in
3722 1295 3828 1352 illo

2172 1399 2286 1436 non
2307 1381 2795 1439 circumscribitz»
2823 1386 2883 1438 at
2903 1382 3219 1438 Carnarius
3247 1383 3522 1439 mendum
3551 1383 3826 1440 animad-

2168 1472 2364 1538 vertit,
2400 1476 2459 1527 et
2487 1471 2650 1538 dixit,
2685 1495 2714 1522 ‹‹
2746 1489 2860 1528 non
2890 1476 3233 1544 segregatur
3261 1473 3333 1527 ab
3365 1473 3511 1543 ipso.
3546 1495 3577 1523 ›ι

2242 1559 2387 1616 Ibid.
2410 1562 2449 1616 C
2480 1561 2566 1615 14.
2589 1561 2742 1617 Nihil
2772 1563 2832 1616 in
2859 1577 2936 1626 se,
2967 1561 3193 1616 Citatur
3224 1560 3318 1615 hic
3349 1559 3513 1616 locus
3553 1578 3588 1617 a
3617 1567 3826 1618 Bessa-

2169 1651 2334 1706 rione
2362 1653 2594 1706 Nicasno
2623 1652 2682 1706 in
2715 1652 2977 1708 oratione
3003 1651 3513 1724 dogmatica,edita
3533 1651 3593 1706 in
3626 1654 3823 1708 conci-

2171 1740 2248 1795 lio
2279 1740 2898 1810 Florentino,sessione
2927 1741 3018 1809 20,
3045 1759 3098 1806 p.
3124 1742 3249 1804 532,
3272 1738 3564 1816 πεφηνέναι
3598 1748 3663 1796 ut
3694 1759 3829 1813 pro-

2170 1829 2340 1884 betur
2370 1852 2394 1879 (α
2445 1828 2808 1885 manil’estari
2843 1829 2963 1882 »τὸ
3009 1827 3141 1882 εἶναι
3185 1828 3276 1882 καὶ
3326 1827 3389 1882 τὸ
3432 1827 3694 1903 ὑπάρχειν
3724 1826 3826 1898 δη-

2171 1919 2298 1970 κοῦν
2327 1917 2662 1989 signiﬁcare
2709 1935 2840 1975 esse
2871 1924 2928 1975 et
2955 1923 3233 1974 aeternam
3285 1917 3733 1974 subsistentiam
3767 1925 3828 1975 et

2169 2006 2604 2079 generationem
2653 2007 2802 2076 Filii,
2855 2007 3332 2078 quandoquidem
3381 2007 3453 2062 de
3492 2009 3714 2077 Spiritu
3766 2015 3829 2064 et

2171 2100 2387 2150 {eterna
2408 2097 2534 2166 ejus
2559 2096 2931 2167 processione
2958 2095 3186 2164 dicitur,
3218 2095 3444 2152 dicente
3472 2097 3640 2152 beato
3663 2098 3826 2153 Basi-

2171 2182 2249 2239 lio
2283 2185 2354 2239 de
2383 2185 2601 2255 Spiritu
2625 2190 2830 2240 sancto
2863 2183 2950 2238 ἐπὶ
2979 2187 3075 2238 τοῦ
3109 2181 3422 2255 Πνιύματος
3463 2185 3550 2238 καὶ
3582 2191 3684 2254 τῆς
3717 2185 3822 2240 ὁπ-

2172 2279 2432 2346 αρκτικῆς
2461 2270 2625 2326 αὐτοῦ
2653 2270 2920 2346 προόδου,
2953 2264 3104 2345 (ἶύοά
3155 2274 3444 2345 reperitur
3491 2275 3550 2329 in
3600 2275 3710 2331 hoc
3740 2277 3825 2331 lo-

2173 2379 2260 2430 co,
2292 2362 2353 2415 τὸ
2388 2365 2608 2434 Πνεῦμα
2655 2358 2809 2415 οὐδὲν
2848 2355 2975 2436 ἕχον
3027 2361 3166 2416 ἐστὶν
3213 2361 3500 2430 ἐπίκτητον
3548 2361 3602 2416 ἐν
3642 2363 3821 2435 ἑαυτῷ

2173 2447 2302 2504 ἀλλ’
2332 2446 2519 2512 ἀιδίως
2560 2450 2733 2504 πάντα
2758 2448 2895 2525 ἔχει·
2926 2475 2954 2501 ‹‹
2987 2451 3079 2507 Nil
3111 2451 3496 2507 adventitium
3527 2452 3586 2507 in
3619 2469 3681 2508 se
3709 2453 3822 2508 ha-

2171 2541 2290 2611 bet,
2323 2541 2421 2596 sed
2455 2540 2805 2597 aeternaliter
2829 2542 3028 2596 omnia
3047 2541 3225 2596 habet
3255 2547 3538 2612 tanquam
3567 2541 3823 2614 Spiritus

2171 2629 2272 2685 Dei
2296 2635 2352 2684 et
2383 2646 2451 2686 ex
2482 2647 2546 2685 eo
2581 2631 3012 2687 manifestatus.
3036 2654 3064 2681 »
3088 2630 3205 2686 Hoc
3229 2629 3436 2686 melius
3459 2632 3732 2703 exprimit
3755 2632 3822 2685 τὸ

2169 2717 2411 2794 πεφηνός
2465 2735 2643 2790 quam
2683 2723 3050 2790 Trapezunt.,
3088 2740 3116 2768 ιι
3146 2720 3426 2782 existens.
3460 2743 3483 2772 ι
3533 2719 3621 2775 vel
3671 2720 3825 2776 alter

2172 2807 2464 2879 interpres
2513 2807 2788 2877 homilias,
2823 2832 2849 2858 «
2885 2813 2940 2864 et
2970 2825 3040 2863 ex
3068 2807 3185 2863 Deo
3232 2808 3508 2878 prodiens
3549 2826 3564 2864 :
3600 2833 3621 2860 ι
3663 2811 3823 2866 unde

2172 2896 2468 2952 concludit
2499 2897 2823 2962 Bessarion,
2857 2897 3011 2970 quod
3056 2896 3199 2951 dixit
3247 2897 3564 2968 Gregorius
3608 2898 3822 2970 Nysse-

2172 3002 2305 3052 nus,
2340 2983 2414 3045 ὡς
2448 2981 2516 3038 δι’
2546 2985 2674 3038 Υἱοῦ
2705 2984 2912 3060 πέφηνε
2935 2989 3052 3046 τοϊς
3080 2983 3413 3058 ἀνθρώποις,
3449 3006 3474 3037 ε
3508 2987 3662 3057 quod
3693 2988 3822 3059 Spi-

2171 3073 2321 3128 ritus
2353 3090 2454 3144 per
2485 3073 2694 3128 Filium
2731 3073 2806 3130 sit
2835 3074 3269 3141 manifestatus,
3307 3090 3441 3129 eum
3474 3074 3827 3132 hominibus

2169 3163 2536 3218 notiﬂcatum
2567 3179 2696 3219 esse
2729 3163 3146 3234 temporaliter,
3179 3185 3206 3211 ι»
3237 3161 3300 3215 τὸ
3332 3158 3400 3216 δι’
3443 3162 3572 3215 Υἱοῦ
3603 3163 3825 3238 ἀνθρώ-

411 3253 515 3323 ris,
591 3234 678 3308 et
727 3253 955 3324 legebat
1013 3234 1072 3308 in
1141 3253 1478 3324 apographo
1537 3269 1644 3308 suo
1701 3248 2058 3322 εὐθυμείσθω,

2175 3269 2296 3311 ποις
2324 3251 2628 3323 γνωσθῆναι
2654 3249 2704 3304 ἒν
2738 3251 2926 3325 χρόνῳ
2953 3249 3040 3304 καὶ
3074 3247 3143 3304 δι’
3175 3251 3301 3304 Υἱοῦ
3330 3251 3428 3319 τὴν
3475 3247 3650 3305 ἀΐδιον
3685 3234 3824 3307 firm-

420 3345 592 3413 prout
617 3346 740 3398 erat
795 3342 854 3396 in
905 3343 998 3408 H.,
1048 3342 1148 3398 sed
1194 3342 1341 3398 alter
1387 3341 1674 3412 interpres
1725 3339 1864 3410 legit
1911 3337 2061 3392 ἐνθυ-

427 3429 652 3502 μείσθω·
688 3453 717 3481 ‹‹
764 3430 990 3503 Cogitet
1042 3430 1234 3485 omnis
1271 3430 1489 3496 anima,
1531 3446 1603 3484 an
1661 3427 1808 3482 tales
1854 3427 2066 3484 habeat

423 3517 624 3576 oculos
657 3535 670 3576 :
705 3541 734 3568 »
767 3519 851 3574 sic
899 3519 1178 3574 nimirum
1225 3519 1305 3573 ait
1359 3522 1583 3590 postea,
1638 3514 1904 3569 σκοπείτω
1953 3511 2066 3568 διά-

413 3626 558 3676 νοια,
592 3627 623 3660 «
654 3624 821 3663 mens
851 3607 1197 3674 consideret,
1232 3632 1252 3660 ι
1291 3606 1380 3660 καὶ
1410 3603 1602 3660 νοείτω
1625 3605 1692 3660 τὰ
1721 3601 1895 3658 πάντα
1923 3601 2064 3674 πλη-

416 3694 673 3770 ρούμενα,
708 3720 734 3746 ‹‹
769 3696 985 3768 cogitet
1014 3698 1212 3752 omnia
1241 3697 1452 3768 spiritu
1483 3697 1583 3752 Dei
1620 3697 1832 3752 referta
1859 3712 2007 3752 esse.
2035 3715 2059 3746 ι)

485 3785 630 3840 Ibid.
665 3785 725 3840 C.
757 3787 811 3840 5.
844 3786 908 3840 Si
929 3788 1156 3856 quaeris.
1193 3787 1381 3843 Locus
1413 3791 1504 3840 est
1535 3786 1695 3841 Isaiae
1726 3803 1844 3854 xxI,
1873 3786 1941 3840 12
1965 3800 1978 3839 :
2005 3785 2066 3840 Si

411 3890 646 3944 qua’ras,
672 3892 856 3946 quare
879 3875 1008 3931 :ubi
1041 3874 1286 3948 Vulgata
1324 3875 1615 3945 Latina,Si
1637 3877 2063 3946 quwritisquée-

410 3965 517 4018 rite
564 3981 582 4018 :
624 3966 1036 4030 convertimini,
1098 3967 1300 4019 venite.
1362 3969 1646 4020 Caeterum
1695 3965 1754 4019 in
1803 3981 1914 4020 ms.
1958 3964 2062 4019 Ro-

412 4054 506 4123 gio
572 4059 717 4120 erat,
775 4051 958 4115 Οἷκιῖς
1015 4049 1071 4106 δὲ
1125 4051 1271 4122 τότε,
1332 4051 1420 4106 ὅτι
1479 4051 1612 4124 μετὰ
1665 4053 1897 4114 πίστεως
1960 4057 2058 4122 ζη-

408 4145 541 4202 τεῖς⁹
583 4162 604 4190 ι
636 4143 797 4198 Tunc
828 4147 1023 4198 autem
1056 4142 1561 4216 habitas,quando
1593 4161 1724 4200 cum
1759 4145 1867 4199 [ide
1897 4161 2057 4216 quae-

411 4248 512 4288 I‘lS.
553 4254 580 4280 ))

481 4320 599 4377 Col.
643 4322 750 4376 770
797 4326 842 4376 A
892 4321 978 4376 12.
1022 4323 1386 4393 Reliquisquc.
1451 4322 1580 4377 Haec
1638 4321 1863 4378 inserta
1921 4327 2059 4378 sunt

407 4411 601 4464 verbis
633 4409 1030 4481 Trapezuntii,
1065 4427 1190 4481 quae
1221 4415 1278 4465 et
1309 4411 1526 4484 Regius
1557 4411 1737 4468 codex
1769 4413 2056 4484 agnoscit,

410 4503 466 4553 et
506 4498 653 4552 alter
699 4499 1005 4569 interpres,
1041 4522 1067 4549 ‹‹
1103 4499 1308 4555 haeresi
1353 4505 1409 4555 et
1452 4499 1696 4571 reliquis
1750 4501 2055 4557 incantan-

409 4588 558 4643 tium
587 4603 652 4643 ac
682 4587 1053 4643 illicientium
1087 4589 1571 4646 muliercularum
1598 4589 2054 4663 voluptatibus.»
2087 4603 2136 4668 D

2174 3341 2282 3414 ρξιν
2315 3333 2484 3414 ἔχειν·
2519 3363 2547 3391 ‹‹
2581 3345 2638 3396 et
2669 3341 2821 3413 quod
2853 3356 2956 3413 per
2985 3339 3194 3398 Filium
3226 3341 3579 3399 eternaliter
3609 3343 3827 3414 produ-

2172 3435 2357 3488 catur.
2395 3453 2422 3479 ››

2243 3519 2363 3576 Col.
2395 3518 2500 3573 774
2543 3523 2584 3572 Α
2621 3519 2706 3573 10.
2758 3517 2922 3573 Multi
2965 3521 3113 3574 sunt.
3164 3519 3554 3575 Restituimus
3605 3537 3823 3592 prmee~

2172 3609 2405 3664 dentem
2435 3607 2629 3663 locum
2660 3624 2691 3662 e
2722 3607 2956 3676 Greco;
2987 3606 3140 3662 male
3163 3608 3320 3663 enim
3351 3609 3505 3680 apud
3528 3609 3824 3681 interpre-

2171 3701 2290 3753 tem
2344 3696 2666 3769 legebatur,
2704 3721 2725 3745 ε
2753 3698 2828 3752 Ac
2867 3713 3071 3752 rursus
3120 3696 3333 3769 inquit,
3386 3697 3677 3754 Docibiles
3718 3699 3826 3754 Dei

2171 3791 2381 3843 erunt:
2409 3807 2436 3836 ››
2464 3788 2614 3841 hunc
2635 3801 2768 3841 vero
2792 3786 2872 3841 ita
2897 3787 3087 3842 Graece
3108 3792 3454 3859 conceptum
3477 3787 3711 3842 videtur
3732 3805 3825 3843 re-

2171 3877 2392 3948 perisse
2443 3874 2888 3947 Trapezuntius,
2923 3880 2986 3930 ut
3031 3880 3120 3931 est
3151 3875 3210 3930 in
3269 3875 3468 3947 Regio,
3500 3873 3717 3930 πολλοὶ
3745 3876 3822 3929 ὧν

2169 3969 2327 4019 τοῦτο
2352 3963 2414 4018 τὸ
2445 3969 2588 4028 θεῖον
2613 3962 2666 4018 ὲν
2697 3965 2871 4038 ψυχῇ·
2910 3968 2969 4020 at
2999 3964 3290 4037 interpres
3315 3964 3464 4021 alter
3492 3966 3616 4021 vice
3649 3983 3825 4022 versa

2169 4055 2510 4112 Basiliensis
2556 4054 2830 4109 editionis
2884 4057 3107 4110 textum
3146 4053 3423 4126 exprimit
3455 4070 3468 4108 :
3506 4077 3532 4102 ‹‹
3566 4054 3825 4110 Multum

2168 4145 2366 4216 itaque
2394 4144 2467 4199 de
2497 4143 2604 4198 hoc
2636 4142 2876 4198 numine
2924 4143 3080 4199 inest
3125 4143 3334 4198 animas
3378 4143 3676 4209 rationali,
3708 4143 3832 4199 nisi

2168 4233 2405 4306 propria
2442 4232 2671 4306 ignavia
2719 4233 2964 4289 deiicere
3009 4233 3081 4288 ab
3127 4231 3226 4287 illo
3279 4231 3453 4302 velit;
3488 4253 3517 4280 »
3567 4233 3675 4287 sed
3735 4230 3836 4286 διὰ

2169 4319 2433 4398 ρᾳθυμίαν
2502 4320 2718 4394 Regius
2769 4321 2996 4388 habuit,
3051 4344 3079 4371 «
3123 4323 3358 4393 propter
3408 4320 3710 4393 ignaviam
3763 4321 3831 4375 il~

2166 4412 2290 4467 lum
2344 4411 2648 4484 (Spiritum
2701 4415 2970 4466 sanctum
3018 4409 3262 4482 scilicet)
3311 4409 3612 4466 discedere
3666 4427 3700 4465 a
3761 4427 3832 4466 se

2166 4500 2321 4557 velit.
2361 4523 2388 4549 ››

1686 4935 2538 5031 APPENDIX.

1929 5117 2096 5190 (Opp.
2129 5120 2173 5171 t.
2209 5115 2305 5188 ΙΙ.)

480 5417 599 5473 Col.
629 5419 702 5472 73
732 5422 770 5472 C
799 5419 850 5473 2.
883 5419 1023 5492 Πρὸς
1074 5413 1342 5492 Ἀϐραάμ.
1396 5423 1672 5479 Additum
1705 5429 1792 5480 est
1837 5440 1906 5479 ex
1934 5425 2052 5477 An-

406 5507 541 5578 glic.
572 5505 622 5559 ἰν
657 5506 891 5580 ὁράματι
945 5506 1228 5582 λέγοντος
1265 5514 1648 5583 quamobrem
1680 5519 1738 5569 et
1766 5511 2052 5582 adjicien-

409 5596 548 5649 dum
574 5595 762 5651 verbis
781 5597 1138 5668 interpretis,
1178 5623 1197 5648 α
1226 5601 1454 5655 Domini
1477 5602 1875 5673 conscriptum
1898 5600 2056 5655 inve-

408 5684 606 5738 nimus
637 5684 696 5738 in
745 5685 967 5741 visione
1019 5687 1290 5744 dicentis.
1329 5711 1354 5738 ››
1389 5691 1531 5745 Gen.
1566 5706 1656 5756 xv,
1692 5692 1715 5745 1
1745 5707 1758 5746 ;
1793 5690 1878 5744 Ἐν
1933 5688 2054 5763 apd.

2167 5440 2292 5493 ματι
2361 5419 2550 5480 νυκτὸς
2640 5417 2810 5494 λέγων
2847 5464 2861 5488 ,
2924 5421 2984 5474 in
3057 5418 3270 5474 visione
3331 5420 3508 5473 nocti:
3579 5418 3776 5473 dicens
3809 5461 3821 5474 .

2164 5511 2312 5574 Quid
2348 5509 2618 5564 habuerit
2649 5510 2829 5564 codex
2876 5507 3022 5564 Oliv.
3058 5524 3172 5562 non
3222 5507 3620 5578 exprimimus,
3653 5508 3821 5576 quod

2164 5599 2284 5654 haec
2314 5598 2496 5654 altera
2540 5600 2597 5652 in
2639 5597 2920 5669 psalmum
2965 5613 3140 5652 xxvm
3181 5595 3427 5652 humilia
3464 5596 3536 5652 ab
3581 5594 3681 5650 illo
3715 5596 3819 5651 ab-

2163 5692 2339 5745 esset.
