4124 6240
299 354 456 416 1069

358 486 506 541 Ibid.
538 487 592 542 8.
625 486 690 541 Et
716 488 817 544 ubi
844 502 1019 543 voces.
1059 488 1389 547 Restitutus
1437 496 1527 548 est
1557 493 1651 550 hic
1681 493 1847 551 locus
1876 514 1946 554 ex

283 573 599 646 Scripturaa
625 575 839 644 verbis,
876 592 1008 632 cum
1046 581 1222 634 antea
1261 578 1577 638 mutilatus
1609 587 1764 640 esset
1788 587 1940 658 apud

286 663 689 735 interpretem.
744 664 840 720 Sic
882 665 1037 721 enim
1089 671 1180 723 est
1226 668 1402 725 Exodi
1443 688 1564 740 χιι,
1616 673 1675 727 11
1713 689 1726 729 :
1775 672 1873 727 Καὶ
1906 674 1941 745 ἡ

282 748 484 829 νεφίλη
534 750 743 827 ἀπέλθῃ
802 753 909 809 ἀπὸ
964 758 1063 809 τοῦ
1122 750 1284 830 ὅρους
1317 775 1331 790 ⁸
1390 761 1455 815 Et
1510 762 1730 833 quando
1785 780 1937 820 voces

282 850 335 898 et
392 842 537 898 tuba!
586 848 638 899 et
680 844 852 901 uubes
906 844 1261 903 discesserint
1308 864 1342 903 a
1370 853 1571 920 monte,
1629 850 1721 906 illi
1762 868 1947 909 ascen-

283 930 432 987 dent.

353 1019 476 1075 Col.
507 1022 580 1076 75
607 1023 652 1077 A
685 1022 772 1078 11.
806 1024 916 1080 Vox
944 1040 1068 1081 vero
1100 1026 1222 1081 illa.
1252 1026 1480 1099 Legisse
1509 1028 1741 1085 videtur
1761 1030 1943 1087 inter-

283 1126 438 1181 pres,
470 1107 654 1185 ὅρασις
683 1110 774 1179 ἧν,
807 1115 947 1169 dum
979 1114 1172 1179 vertit,
1202 1137 1231 1167 «
1258 1115 1383 1172 Vox
1410 1134 1545 1173 vero
1575 1117 1835 1191 illa,qnaa
1868 1121 1940 1176 ad

279 1199 555 1269 populum
584 1202 732 1256 facta
751 1201 1013 1272 est,visio
1039 1208 1221 1269 erat,»
1248 1221 1364 1261 non
1387 1204 1556 1280 ὁρατή
1578 1206 1781 1275 ἧν,εθ‹1
1812 1224 1941 1280 per-

280 1303 500 1358 peram.
535 1288 714 1345 Paulo
747 1297 875 1362 post
906 1291 1081 1347 etiam
1113 1292 1553 1350 immutavimus
1595 1295 1764 1367 illud,
1801 1295 1934 1366 αὕτη

283 1372 381 1429 οὖν
414 1378 449 1445 ἡ
486 1380 662 1455 φωνή,
694 1380 847 1452 quod
881 1380 1081 1436 Latine
1103 1387 1250 1447 erat,
1275 1385 1459 1455 «Ipsa
1482 1384 1681 1457 itaque
1708 1403 1815 1441 vox
1841 1387 1936 1451 Dei

281 1470 409 1520 erat
438 1482 617 1538 super
647 1485 826 1540 aquas
852 1487 865 1525 :
900 1491 928 1519 ››
962 1486 1150 1541 neque
1179 1471 1333 1526 enim
1358 1472 1641 1545 scriptum
1666 1478 1776 1544 est,
1801 1473 1936 1542 αὗτή

282 1548 374 1605 οὖν
404 1555 461 1621 ἡ.
494 1555 587 1610 Sic
618 1572 847 1628 quoque
879 1557 1127 1614 ﬁdeliter
1147 1560 1435 1630 expressit
1458 1566 1709 1618 mentem
1738 1568 1936 1619 aucto-

283 1641 362 1698 ris
394 1653 558 1700 velus
579 1644 869 1720 interpres
888 1647 1286 1721 Basilii,cujus
1308 1652 1500 1707 verbis
1527 1653 1713 1709 utitur
1730 1653 1936 1711 Roma-

280 1749 423 1788 num
455 1734 809 1791 Breviarium
827 1737 1001 1792 tertia
1021 1737 1116 1793 die
1146 1738 1303 1794 infra
1333 1745 1597 1798 octavam
1624 1742 1935 1801 S.Joannis

280 1822 558 1894 Baptista
590 1840 790 1879 mense
818 1825 1012 1881 lunio.

351 1891 469 1967 Col.
502 1913 573 1966 78
604 1912 859 1982 09.0utd
883 1924 961 1971 est
991 1924 1200 1971 autem.
1223 1917 1492 1975 Fortasse
1516 1919 1852 1993 legendum,
1874 1920 1926 1973 τί
1962 1891 2007 1957 Β

286 1998 379 2055 οὖν
431 2000 575 2055 ἐστιν
607 2001 634 2056 ὁ
671 2001 916 2077 μόσχος;
948 2003 1004 2057 τί
1036 2004 1063 2057 ὁ
1096 1998 1328 2069 Λίϐανος
1364 2025 1377 2076 ;
1411 2030 1439 2058 ι(
1473 2008 1616 2074 Quid
1668 2026 1803 2081 ergo
1843 2015 1929 2066 est

286 2090 557 2147 vitulus?
588 2093 727 2164 quid
781 2093 1084 2150 Libanus?
1110 2115 1137 2146 ι
1174 2095 1278 2151 'vel
1339 2102 1510 2163 certe,
1554 2096 1606 2151 τί
1648 2094 1739 2151 οὗν
1786 2097 1925 2151 ἐστιν

287 2179 315 2234 ὁ
372 2178 585 2254 μόσχος
637 2183 735 2235 τοῦ
791 2175 1028 2237 Λιϐάνου
1062 2202 1075 2253 ;
1108 2206 1137 2235 ‹‹
1171 2185 1322 2251 Quid
1382 2203 1519 2258 ergo
1568 2192 1657 2241 est
1704 2187 1927 2243 vitulus

287 2269 544 2324 Libani?
578 2291 606 2319 ›)
660 2271 820 2336 Quod
880 2272 1168 2344 sequitur,
1220 2270 1306 2326 διὰ
1359 2278 1455 2328 τοῦ
1502 2268 1738 2329 Λιϐάνου
1799 2295 1930 2348 μορ-

284 2360 530 2431 φοῦντες,
576 2358 862 2431 interpres
913 2361 1194 2432 ediderat,
1238 2385 1265 2413 ‹‹
1312 2367 1390 2418 De
1444 2363 1655 2420 Libano
1706 2365 1926 2434 dicunt,

284 2447 441 2519 quod
496 2446 946 2505 simulacrorum
991 2450 1247 2507 cultores
1292 2452 1607 2508 vitulorum
1655 2454 1928 2528 imagun-

282 2536 469 2605 cuias,
519 2553 667 2608 quas
715 2538 824 2593 sibi
874 2537 935 2593 in
957 2538 1174 2595 Libano
1220 2541 1471 2613 ﬁngunt,
1503 2541 1705 2613 sicque
1751 2561 1871 2615 eas,
1902 2566 1929 2592 ››

282 2629 395 2681 etc.
453 2628 680 2682 Rursus
733 2626 877 2682 illud
912 2669 930 2698 ,
989 2627 1018 2681 6
1079 2627 1290 2703 μόσχος
1348 2629 1376 2683 ὁ
1437 2627 1526 2684 διὰ
1578 2635 1676 2685 τοῦ
1730 2626 1927 2686 Λιϐά-

280 2734 401 2783 νου,
435 2715 749 2771 Cornarius
778 2715 970 2783 vertit,
1005 2739 1034 2768 ‹‹
1064 2724 1167 2772 aut
1204 2717 1425 2775 vitulus
1472 2720 1662 2777 thuris
1693 2723 1766 2777 ab
1795 2722 1929 2795 igne

283 2802 640 2876 liquescens.
667 2826 695 2853 »
719 2803 1171 2876 Montacutius,«
1197 2812 1297 2862 aut
1317 2808 1536 2864 vitulus
1558 2826 1589 2864 e
1612 2810 1832 2867 Libano
1853 2811 1929 2866 ef-

284 2893 474 2949 fectus
505 2910 606 2965 per
633 2893 829 2965 ignem
858 2894 1234 2966 liquefactus.
1270 2918 1299 2946 »
1330 2898 1513 2953 Antea
1543 2899 1763 2954 editnm
1782 2905 1926 2970 erat,

284 3005 310 3032 ‹‹
345 2987 461 3037 Ant
488 2982 705 3039 vitulus
737 2988 847 3049 est,
880 2984 979 3055 qui
1011 2985 1068 3039 in
1104 2991 1304 3042 monte
1348 2987 1568 3043 Libano
1600 3004 1702 3060 per
1730 2989 1924 3060 ignem

283 3070 533 3143 liqueﬁt,
562 3072 887 3127 secundum
938 3073 1092 3145 quod
1143 3074 1362 3130 dictum
1412 3081 1501 3131 est
1537 3092 1551 3131 :
1588 3098 1615 3125 υ
1647 3076 1927 3133 nimirum

281 3160 434 3230 psal.
470 3177 639 3228 vau,
671 3161 724 3228 3,
757 3177 864 3216 vox
890 3161 1087 3217 Graeca
1115 3155 1350 3223 Λίϐανος
1382 3168 1439 3218 et
1471 3170 1726 3220 montem
1760 3165 1928 3222 illum

278 3250 457 3322 Syriae
487 3250 781 3324 significat
802 3256 859 3306 et
887 3251 1057 3307 thus:
1081 3252 1183 3307 sed
1205 3253 1358 3324 apud
1388 3253 1658 3311 Hebraeos
1678 3255 1817 3311 thus
1836 3257 1924 3311 di-

280 3341 438 3393 citur
460 3323 632 3400 επιιὸ
665 3338 931 3394 Lebonah
964 3356 998 3393 a
1026 3323 1297 3405 candore,
1333 3358 1505 3398 mons
1543 3348 1739 3399 autem
1773 3327 1927 3433 ΓΙπῶ

283 3426 580 3493 Lebanon,
600 3428 753 3499 quod
784 3427 844 3482 in
876 3444 942 3482 eo
965 3427 1104 3484 thus
1132 3434 1390 3497 crescat;
1411 3435 1615 3487 auctor
1635 3426 1929 3504 Pagninus

280 3513 342 3569 in
404 3516 608 3571 Lexico
661 3515 963 3572 Hebraico.
1016 3516 1271 3573 Possunt
1314 3517 1498 3590 igitur
1543 3520 1788 3593 intelligi
1839 3521 1929 3577 hae

282 3603 670 3674 imagunculae
711 3603 1028 3658 vitulorum
1060 3604 1336 3671 eLibano
1383 3608 1606 3677 effictis,
1638 3610 1695 3664 id
1739 3610 1930 3665 estde

286 3692 491 3747 Libani
526 3692 854 3759 arboribus,
886 3692 974 3748 vel
1002 3708 1072 3748 ex
1101 3694 1294 3763 thure,
1317 3698 1470 3766 quod
1500 3697 1561 3753 in
1592 3698 1695 3754 illo
1728 3704 1928 3754 monte

283 3778 511 3845 crescit,
543 3785 600 3834 et
630 3779 783 3850 quod
837 3780 973 3850 igne
1016 3785 1211 3852 potest
1243 3781 1551 3853 liquefieri.
1586 3784 1765 3841 Paulo
1798 3791 1930 3857 post

286 3865 454 3922 initio
483 3869 786 3938 sequentis
817 3868 1044 3939 paginas
1072 3867 1163 3922 τὸν
1192 3867 1437 3944 ἀρχηγὸν
1456 3876 1557 3940 τῆς
1582 3876 1691 3926 τῶν
1723 3870 1929 3947 ulliva

282 3953 560 4029 ὲπάρσεως
593 3955 880 4012 vertimus
904 3959 1253 4030 :Principem
1281 3963 1333 4014 et
1361 3969 1639 4017 auctorem
1666 3963 1929 4019 elationis

278 4044 588 4099 cedrorum.
648 4046 928 4114 Quoniam
973 4046 1125 4101 cedri
1176 4047 1314 4119 ipsae
1355 4065 1481 4104 cum
1533 4051 1660 4107 altae
1700 4055 1832 4119 sint,
1863 4069 1928 4108 ea

281 4132 426 4204 quod
489 4148 658 4202 supra
722 4142 963 4190 montem
1015 4140 1162 4190 nate
1212 4140 1387 4207 sunt,
1433 4140 1717 4197 accedente
1769 4159 1927 4197 mon-

280 4224 351 4277 tis
432 4222 756 4278 celsitudine
835 4226 1143 4295 conspicuas
1219 4227 1398 4296 magis
1478 4228 1618 4299 ﬁunt
1657 4274 1673 4300 ,
1727 4236 1792 4286 ut
1849 4231 1930 4286 ait

282 4312 409 4383 ipse
467 4311 722 4367 Basilius
781 4311 996 4368 citatus
1067 4314 1125 4367 in
1196 4318 1414 4372 Catena
1481 4317 1812 4375 Graecorum
1868 4322 1929 4374 in

284 4401 551 4455 Psalmos.

354 4487 473 4545 Col.
507 4489 577 4544 83
607 4489 648 4545 C
675 4490 730 4544 6.
764 4489 978 4546 Cantici
1007 4491 1079 4546 ad
1105 4494 1331 4551 animae.
1381 4495 1693 4553 Carnarius
1734 4498 1928 4570 aptius

283 4578 475 4644 vertit,
511 4602 539 4629 ‹‹
564 4578 948 4650 Utereturque
979 4580 1108 4652 ipso
1126 4598 1231 4652 pro
1259 4581 1592 4641 incentione
1624 4587 1694 4642 ad
1719 4587 1927 4643 animae

282 4685 402 4722 suae
435 4668 745 4724 medelam.
782 4690 810 4718 »
836 4664 1052 4740 Ἑπῳδή
1086 4675 1143 4725 et
1162 4666 1388 4741 ἑπαοιδή
1424 4690 1457 4727 a
1498 4673 1772 4731 Cicerone
1799 4692 1934 4732 can-

281 4759 381 4824 tio,
415 4775 449 4813 a
477 4756 659 4813 Gellio
685 4761 927 4813 tncenlio
949 4759 1219 4828 vertitur,
1251 4761 1322 4815 ab
1353 4761 1485 4818 aliis
1526 4763 1845 4821 incantatio
1877 4772 1935 4821 et

286 4848 811 4914 incantamentum,
855 4846 963 4902 hoc
994 4852 1104 4915 est,
1137 4864 1373 4904 carmen
1425 4855 1494 4906 ad
1529 4852 1930 4910 amoliendum

284 4934 508 5006 aliquid
534 4935 774 4991 noxium
797 4934 885 4990 vel
906 4942 1058 4991 certe
1087 4936 1526 4996 emolliendum.
1554 4941 1713 4998 Plato
1738 4944 1794 4997 in
1825 4949 1932 5000 Eu-

282 5024 535 5095 lhydemo
567 5038 580 5078 :
609 5022 672 5077 Ἥ
734 5021 829 5093 μὲν
887 5023 989 5097 γὰρ
1045 5026 1153 5078 τῶν
1206 5022 1455 5098 ἐπῳδῶν,
1501 5026 1675 5103 ἔχεών
1732 5050 1790 5085 τε
1844 5032 1933 5085 καὶ

283 5108 628 5187 φαλαγγίων,
660 5109 751 5164 καὶ
782 5112 1081 5185 σκορπίων,
1111 5112 1202 5167 καὶ
1250 5118 1358 5169 τῶν
1405 5113 1591 5171 ἄλλων
1643 5118 1847 5193 θηρίων
1876 5139 1935 5173 τε

280 5199 373 5253 καὶ
402 5198 574 5254 νόσων
606 5196 843 5270 κήλησίς
870 5200 1034 5255 ἐστιν·
1071 5223 1100 5252 ιι
1130 5207 1277 5260 Nam
1309 5222 1405 5261 ars
1452 5208 1691 5278 quidem
1722 5226 1933 5265 excan-

283 5294 557 5360 tatorum,
588 5291 840 5363 viperas,
875 5290 1211 5364 phalangis,
1244 5296 1526 5367 scorpios,
1557 5303 1614 5353 et
1658 5297 1774 5354 alia
1802 5315 1933 5370 pes-

284 5379 454 5435 tifera
509 5379 791 5435 animalia
848 5380 994 5436 lenit
1059 5398 1124 5436 ac
1180 5383 1528 5454 permulcet.
1579 5409 1608 5438 »
1648 5386 1935 5444 Homerus

283 5463 499 5524 Ὀδυσσ.
533 5469 600 5524 Τ.
634 5469 706 5525 de
741 5469 982 5525 vulnere
1014 5468 1261 5542 Ulyssis,

359 5608 956 5737 1ᾳὲῖγὶσανϋὶειτισταμίινως,
991 5609 1222 5687 ἐπαριδῇ
1255 5609 1301 5667 δ’
1331 5615 1468 5687 αἷμα
1505 5611 1754 5672 κελαινὸν

428 5701 529 5737 cve
566 5703 644 5737 ον.

428 5701 644 5757 σχευον.

1461 364 1571 424 AD
1611 352 1994 429 HOMlLlAS
2036 369 2119 430 IN
2162 370 2549 439 relicuos.

1970 4631 2012 4695 Ι)
2041 4626 2375 4684 τελειωθῶσι
2409 4649 2422 4662 ·

3553 388 3710 453 1070

1973 518 2026 585 Α
2062 502 2330 571 Ligarun!
2357 507 2613 577 scienter,
2645 514 2897 571 carmine
2920 517 3103 570 autem
3123 519 3458 589 sanguinem
3484 522 3708 594 nigrum

2054 599 2451 664 represserunt.
2486 596 2627 671 dign
2641 641 2653 656 .

2127 680 2441 754 Sophocles
2474 685 2533 741 in
2566 689 2750 761 Ajace,

2729 804 2792 859 οὐ
2824 806 2958 879 πρὸς
2993 806 3178 890 ἰατροῦ
3210 816 3380 890 σοφοῦ

2125 873 2312 944 Θροεῖν
2347 868 2563 945 ἐπῳδὰς
2593 875 2729 951 πρὸς
2758 868 3000 951 modum
3032 868 3107 951 πῆ
3120 903 3272 954 ματι.

2052 986 2170 1040 Νοη
2184 995 2266 1043 est
2281 990 2543 1059 sapientis
2561 992 2763 1049 medici
2782 996 2903 1050 inca
2910 999 3211 1054 vitationem
3226 1002 3463 1059 recitare
3480 1004 3540 1059 in
3558 1020 3705 1060 mor-

2054 1072 2137 1142 bo,
2169 1078 2266 1145 qui
2280 1081 2517 1134 sectione
2544 1095 2676 1151 opus
2706 1082 2883 1139 habet.
2924 1084 3199 1142 Horatius
3230 1089 3409 1160 Epist.
3441 1092 3493 1158 1,
3524 1092 3628 1148 lib.
3660 1111 3699 1149 ι.

2122 1162 2264 1219 Sunt
2296 1167 2455 1223 verba
2492 1171 2543 1224 et
2572 1186 2747 1237 voces,
2777 1173 2977 1243 quibus
2998 1175 3148 1231 hunc
3176 1176 3357 1234 lenire
3385 1179 3651 1239 dolorem.

2124 1255 2304 1308 Possis
2332 1259 2383 1309 et
2410 1272 2670 1327 magnam
2698 1262 2881 1317 morbi
2908 1263 3186 1333 deponere
3207 1275 3443 1336 partem.

2122 1339 2241 1396 Col.
2273 1342 2379 1397 403
2410 1343 2453 1399 Β
2482 1345 2534 1400 4.
2580 1347 2840 1403 Ρνκιίυω.
2894 1350 3323 1410 Admonuimus
3364 1355 3695 1414 iterandam

2048 1428 2145 1485 hic
2176 1430 2360 1486 fuisse
2390 1448 2589 1489 vocem
2620 1457 2649 1485 ι(
2682 1437 2851 1504 ﬁdes,
2887 1459 2914 1487 »
2949 1444 3012 1494 ut
3041 1440 3099 1495 in
3130 1441 3363 1511 Graecis,
3385 1444 3444 1500 in
3476 1446 3694 1517 quibus

2047 1522 2107 1573 et
2135 1536 2262 1590 quas
2291 1528 2624 1591 sequuntur
2650 1525 2910 1596 exigunt,
2944 1534 3007 1583 ut
3034 1528 3118 1584 ita
3158 1536 3433 1601 vertatur,
3466 1555 3495 1585 «
3525 1535 3696 1594 Fides

2047 1623 2164 1662 non
2196 1625 2321 1679 quae
2351 1610 2727 1680 geometricis
2758 1614 2966 1670 nititur
2986 1618 3452 1687 probationibus.
3483 1645 3513 1673 »

2114 1695 2238 1752 Col.
2299 1697 2405 1752 406
2463 1702 2503 1750 Δ
2566 1699 2653 1753 15.
2711 1701 3027 1758 Assensum.
3082 1707 3299 1762 Omisit
3351 1725 3545 1766 vocem
3603 1711 3695 1765 πί-

2045 1804 2213 1845 στεως
2239 1786 2553 1841 Carnarius
2602 1787 2687 1844 sic
2736 1789 2982 1846 efferens
3017 1809 3030 1847 :
3067 1815 3095 1844 «
3127 1801 3450 1852 Assensum
3482 1816 3551 1854 ex
3580 1802 3694 1857 ﬁde

2042 1873 2189 1928 citra
2218 1874 2711 1932 examinationem
2735 1880 3033 1948 requirit;»
3057 1882 3456 1942 Muntacutius
3477 1909 3505 1938 «
3524 1904 3558 1944 a
3581 1889 3695 1944 ﬁde

2040 1963 2285 2017 minime
2314 1963 2557 2034 probata
2590 1970 2647 2020 et
2675 1966 2974 2038 explorata
3004 1972 3333 2029 rationibus
3377 1992 3691 2034 assensum

2040 2051 2269 2123 quaerit.
2304 2072 2334 2101 ››
2377 2052 2600 2109 similis
2642 2053 2744 2110 illa
2773 2059 3065 2113 sententia
3090 2062 3144 2115 S.
3167 2064 3411 2119 Joannis
3443 2066 3690 2140 Chryso-

2039 2138 2215 2195 stomi
2240 2139 2340 2195 lib.
2382 2139 2584 2197 Contra
2611 2145 2843 2213 gentiles
2864 2163 2921 2217 p.
2954 2148 3061 2202 735
3085 2150 3225 2206 edit.
3259 2138 3578 2210 Parisiens.
3621 2156 3685 2208 Οἳ

2040 2223 2383 2281 διαπιστοῦσι
2437 2233 2558 2283 τοῖς
2606 2233 2990 2305 γεγενημένοις
3024 2278 3039 2305 ,
3088 2236 3178 2291 καὶ
3244 2237 3452 2295 πολλοὶ
3509 2242 3682 2305 οὕτως

2039 2309 2408 2379 ἀϐασανίστως
2467 2316 2554 2372 καὶ
2614 2318 2967 2389 ἀνεξετάστως
3003 2342 3015 2355 ·
3079 2327 3187 2394 Qui
3252 2330 3467 2387 nullam
3523 2332 3685 2396 ﬁdem

2040 2405 2434 2480 habent,atque
2463 2410 2630 2465 multi
2657 2409 2724 2466 de
2752 2426 2810 2467 re
2837 2417 2949 2469 tota
2978 2415 3122 2472 nihil
3146 2418 3448 2492 quidquam
3470 2422 3688 2478 investi-

2039 2511 2203 2565 gare,
2235 2497 2381 2552 nihil
2411 2499 2737 2556 examinare
2762 2501 3036 2558 laborant.
3071 2504 3231 2561 Idem
3263 2507 3324 2563 in
3356 2508 3511 2566 hunc
3530 2511 3688 2583 psal-

2040 2600 2205 2638 mum
2238 2584 2500 2640 scribens
2531 2604 2590 2658 p.
2628 2587 2766 2643 40οε
2800 2588 2965 2661 Ορᾷς,
2999 2590 3122 2645 ὅσον
3154 2591 3317 2647 κακόν
3360 2594 3496 2665 ἐστι,
3528 2596 3689 2673 λογι-

2038 2675 2205 2743 σμοῖς
2249 2671 2553 2748 ὲπιτρέπειν
2603 2674 2672 2730 τὰ
2717 2676 3017 2752 πράγματα
3061 2686 3161 2749 τῆς
3201 2681 3453 2754 πίστεως,
3487 2671 3688 2760 καὶ

2035 2764 2105 2835 τῇ
2138 2760 2313 2816 πίστει
2348 2780 2362 2831 ;
2396 2786 2423 2814 ιι
2451 2763 2624 2821 Vides
2647 2770 2938 2838 quantum
2958 2769 3035 2825 sit
3064 2771 3411 2843 periculum,
3440 2794 3530 2832 res
3555 2779 3688 2835 fidei

2038 2850 2375 2922 permittere
2406 2854 2754 2927 rationibus,
2787 2862 2844 2911 et
2873 2874 2988 2913 non
3021 2859 3199 2916 ﬁdei?
3220 2884 3248 2912 »
3286 2864 3470 2921 Locus
3491 2868 3685 2939 proxi-

2040 2956 2134 2996 me
2163 2957 2418 3012 sequens
2474 2947 2563 2999 est
2618 2945 2908 3001 Hebre-eor.
2968 2965 3044 3017 ιι,
3104 2950 3139 3003 6
3185 2967 3198 3006 :
3248 2951 3536 3008 Πιστεῦσαι
3580 2954 3682 3030 γὰρ

2041 3024 2125 3082 δεῖ
2173 3029 2264 3082 τὸν
2313 3029 2760 3105 προσερχόμενον
2800 3037 2879 3106 τῷ
2924 3040 3060 3107 Θεῷ,
3113 3035 3195 3092 ὅτι
3255 3036 3393 3100 ἔστι.
3456 3024 3686 3102 Credere

2040 3120 2193 3174 enim
2217 3123 2426 3190 Oportet
2471 3121 2815 3180 accedentem
2846 3124 2916 3180 ad
2944 3127 3137 3196 Deum,
3171 3132 3302 3201 quia
3333 3142 3430 3189 est.
3463 3135 3580 3190 Sub
3608 3134 3681 3190 {i-

2042 3224 2172 3262 nem
2207 3207 2431 3280 paginae
2454 3208 2899 3269 immutavimus
2928 3214 3072 3271 illud
3107 3217 3444 3292 interpretis
3486 3245 3515 3275 ‹‹
3545 3239 3682 3281 con-

2039 3296 2213 3352 tendo
2234 3297 2303 3353 ad
2318 3298 2731 3369 perfectionem
2756 3318 2859 3373 per
2880 3305 3282 3377 martyrium.»
3304 3310 3404 3366 Hic
3425 3312 3582 3369 enim
3602 3334 3684 3368 τε·

2038 3381 2260 3446 λείωσις
2304 3388 2870 3447 consummationem
2917 3399 3108 3463 sonat,
3141 3400 3206 3451 ut
3245 3403 3406 3455 Luca:
3444 3419 3568 3468 xm,
3591 3405 3682 3460 32.

2037 3469 2224 3533 Ἱάσεις
2287 3470 2523 3528 ἐπιτελῶ
2599 3476 2837 3552 σήμερον
2895 3478 2984 3533 καὶ
3060 3477 3273 3557 αὔριον,
3323 3485 3411 3541 καὶ
3468 3492 3537 3562 τῇ
3593 3490 3682 3564 τρί

2036 3582 2104 3635 τῃ
2134 3558 2477 3635 τελειοῦμαι*
2518 3565 2797 3624 Sanitates
2847 3571 3074 3642 perﬁcio
3123 3573 3287 3630 hodie
3335 3583 3393 3632 et
3443 3558 3585 3648 cras,
3630 3558 3687 3638 et

2037 3653 2202 3707 tertia
2258 3652 2346 3708 die
2397 3668 2764 3711 consummor.
2823 3662 2891 3714 Et
2941 3661 3195 3733 Sapient.
3257 3681 3334 3732 ιν,
3391 3667 3457 3722 13
3517 3685 3531 3725 :
3587 3672 3685 3724 Τι-

2040 3737 2288 3801 λιιωθεὶς
2373 3739 2425 3794 ἐν
2503 3738 2679 3818 ὀλίγῳ
2750 3742 3041 3821 ἐπλήρωσε
3122 3752 3359 3826 χρόνους
3443 3757 3685 3832 μακροὺς

2036 3830 2461 3886 Consummatus
2491 3832 2550 3887 in
2580 3832 2729 3888 brevi
2756 3836 2992 3906 explevit
3020 3841 3262 3909 tempore
3290 3844 3487 3899 multa.
3511 3830 3686 3902 Theo-

2040 3916 2281 3974 doretus
2328 3918 2533 3974 itidem
2585 3919 2707 3977 haec
2751 3923 2926 3980 verba
2969 3926 3183 3998 psalmi
3230 3945 3544 4002 exponens,
3580 3935 3682 3990 de-

2037 4021 2165 4060 cere
2199 4005 2279 4060 ait
2308 4007 2585 4062 audacter
2632 4025 2735 4081 pro
2787 4010 3035 4069 Domino
3081 4022 3331 4073 mortem
3377 4020 3594 4090 subire,
3625 4026 3683 4078 et

2037 4093 2189 4148 hanc
2238 4096 2773 4153 remunerationem
2806 4116 2909 4171 pro
2949 4102 3126 4158 variis
3160 4105 3456 4164 beneficiis
3493 4109 3631 4167 dare
3664 4127 3678 4166 :

2038 4182 2311 4256 Προσήκει
2359 4182 2540 4237 τοίνυν
2588 4184 2901 4262 θαρραλέως
2949 4189 3038 4244 τὸν
3099 4190 3229 4268 ὑπὲρ
3273 4195 3436 4250 αὐτοῦ
3467 4196 3684 4252 καταδὲ-

2039 4270 2224 4340 ξασθαι
2282 4270 2529 4343 θάνατον,
2561 4275 2649 4329 καὶ
2707 4275 2911 4347 ταύτην
2953 4276 3134 4335 δοῦναι
3183 4289 3285 4352 τῆς
3333 4283 3685 4357 παντοδαπῆς

2040 4358 2345 4436 εὐεργεσίας
2369 4358 2663 4418 ἀντίδοσιν.
2687 4365 2779 4421 Sic
2802 4369 2955 4439 apud
2987 4371 3356 4444 Apostolum,
3389 4378 3682 4435 Hebraeor.

2038 4465 2100 4522 Il,
2155 4452 2275 4507 10:
2337 4452 2433 4506 Διὰ
2483 4451 2822 4526 παθημάτων
2875 4454 3184 4527 τελειῶσαι,
3246 4469 3354 4519 Per
3403 4467 3687 4537 passiones

2038 4557 2425 4598 consummare
2456 4562 2470 4612 ;
2504 4549 2559 4599 et
2591 4544 2764 4600 Hebr.
2801 4563 2891 4615 xc,
2925 4549 2993 4602 40
3025 4549 3169 4604 εἺνα
3201 4551 3278 4623 μὴ
3311 4554 3486 4629 χωρὶς
3525 4557 3684 4629 ἡμῶν

2453 4634 2517 4689 Ut
2548 4651 2663 4690 non
2689 4636 2816 4692 sine
2843 4638 3000 4693 nobis
3027 4654 3556 4702 consummarenlur.
3603 4650 3688 4703 Ita

2043 4736 2195 4791 saepe
2226 4719 2503 4799 dicuntur
2529 4721 2588 4777 in
2640 4723 3070 4799 Martyrologiis
3100 4729 3205 4785 viri
3251 4735 3436 4789 sancti
3471 4742 3687 4808 marty-

2040 4808 2194 4864 rium
2227 4825 2660 4880 consummare,
2693 4816 2750 4868 et
2780 4818 3057 4887 martyrio
3090 4824 3516 4879 consummari.

2112 4897 2230 4953 Col.
2266 4900 2364 4953 107
2398 4903 2450 4954 Β.
2487 4900 2539 4954 4.
2590 4904 2655 4956 1η
2704 4909 3049 4974 conspectum
3097 4910 3279 4966 Acliis.
3330 4911 3417 4968 Ita
3448 4913 3686 4985 quidem

2042 4986 2197 5057 apud
2231 4993 2527 5043 auctorem
2563 4988 2813 5057 Vulgata
2845 4992 3060 5050 Latinae
3085 5003 3322 5055 vocatur
3347 5000 3445 5058 ille
3477 5020 3597 5074 rex,
3630 5007 3689 5059 at

2043 5075 2198 5145 apud
2241 5075 2445 5145 LXX,I
2478 5077 2616 5150 Reg.
2668 5096 2786 5149 xxI,
2837 5082 2947 5150 14,,
2978 5082 3216 5161 Ἀγχούς
3257 5091 3498 5148 Auchus
3543 5092 3685 5147 dici-

2043 5166 2162 5229 tur,
2194 5165 2365 5235 cujus
2394 5164 2515 5220 hec
2546 5167 2723 5224 verba
2750 5177 2890 5227 sunt
2920 5173 2993 5229 ad
3045 5177 3297 5235 famulos
3351 5198 3512 5248 suos,
3546 5176 3685 5234 Ἰδοὺ

2046 5246 2187 5304 ἴδετε
2240 5248 2406 5327 ἄνδρα
2453 5253 2780 5327 ἐπίληπτον,
2812 5262 2941 5318 Ecce
2995 5266 3216 5323 vidistis
3270 5271 3451 5323 virum
3498 5246 3688 5341 furio-

2041 5356 2206 5395 sum:
2238 5341 2400 5411 item,
2452 5343 2538 5412 Μή
2592 5341 2920 5420 ἐλαττοῦμαι
2967 5350 3285 5423 ἰπιλτςπτων
3335 5353 3444 5430 ἐγώ
3487 5376 3501 5428 ;
3549 5358 3692 5413 Num

2044 5429 2270 5499 indigeo
2296 5431 2611 5503 [urentibus
2656 5438 3300 5515 ego?Chrysostomus,
3348 5429 3451 5500 lib.
3500 5464 3564 5501 ιιι
3620 5448 3693 5502 De

2044 5519 2422 5607 Providentia,
2455 5539 2585 5595 pag.
2616 5525 2724 5580 237
2759 5543 2771 5582 :
2807 5526 2949 5601 Πρὸς
2996 5529 3087 5583 τὸν
3146 5530 3383 5607 Ἄγχους
3416 5532 3689 5603 ἀπελθὼν,

2043 5604 2171 5668 τοὺς
2221 5610 2583 5684 μαινομένους
2636 5614 2975 5690 ὑπεκρίνατο.
3019 5640 3045 5672 ιι
3085 5621 3168 5676 Ad
3218 5604 3456 5679 anchus
3506 5624 3693 5697 profe-

2047 5701 2198 5768 ctus,
2232 5699 2509 5758 insanum
2527 5718 2590 5759 se
2612 5703 2949 5761 simulabat.
2981 5730 3007 5757 ››
3029 5711 3216 5783 Atque
3237 5714 3391 5785 apud
3416 5715 3692 5786 profanos
