4138 6216
445 389 596 451 1071

1630 377 1864 438 NOTIE
1904 376 2347 438 FRONTONIS
2392 379 2652 440 DUCIEI

3698 380 3851 441 1073

441 519 681 593 quidem
713 519 979 572 auctores
1023 509 1330 582 ἐπίληπτος
1393 512 1722 582 correptum
1776 507 2072 580 epilepsia,

2198 527 2308 579 γων
2337 505 2427 562 τὸν
2463 505 2667 562 Σαούλ·
2705 532 2734 560 ‹‹
2765 510 2838 566 Se
2865 507 3155 582 epilepsia
3184 513 3516 582 correptum
3555 509 3855 566 simulavit

440 615 499 665 et
544 605 826 665 comitiali
875 605 1079 660 morbo
1127 601 1486 656 laborantem
1535 598 1849 671 signiﬁcat,
1883 603 1940 652 et
1969 594 2090 648 ἐπι-

442 695 724 768 ληπτίζειν
749 712 815 750 eo
844 693 1046 748 morbo
1077 690 1363 758 laborare,
1398 693 1463 743 ut
1493 689 1764 743 observat
1801 686 2087 741 Henricus

441 787 774 858 Stephanus
821 783 879 837 in
935 779 1375 846 1hesauro;sed
1429 777 1650 832 fallitur
1697 792 1826 830 cum
1875 775 2092 829 ibidem

447 876 611 932 addit
640 870 1054 941 ἐπιλήπτεσθαι,
1088 885 1192 940 pro
1221 867 1425 924 eodem
1465 865 1658 921 afferri
1688 883 1780 919 xxr
1804 862 1949 918 lib.I
1982 868 2091 919 Re-

447 983 610 1040 gum,
644 963 731 1019 vel
760 961 843 1016 illi
894 963 1047 1016 certe
1094 957 1396 1023 falluntur,
1451 956 1552 1026 qui
1603 955 1752 1010 hanc
1793 952 2090 1009 notionem

448 1056 534 1111 illi
564 1054 736 1109 verbo
769 1051 827 1107 in
857 1066 923 1106 eo
954 1048 1080 1104 loco
1107 1047 1414 1118 afﬁngunt.
1453 1043 1605 1099 Licet
1643 1043 1800 1098 enim
1825 1041 1962 1097 alibi
1987 1059 2092 1097 vox

449 1142 751 1212 ἐπίληπτος
805 1137 1084 1194 comitiali
1137 1135 1340 1190 morbo
1383 1133 1746 1188 laborantem
1780 1132 2091 1204 signiﬁcet,

447 1239 624 1304 atque
652 1231 828 1284 etiam
859 1244 890 1281 a
921 1226 1182 1280 daemone
1212 1230 1565 1294 correptum,
1602 1225 1665 1275 ut
1692 1221 1844 1291 apud
1877 1220 2091 1290 Grego-

447 1322 599 1376 rium
633 1317 1084 1379 Nazianzenum,
1119 1316 1262 1368 orat.
1302 1311 1386 1375 18,
1420 1311 1488 1364 de
1537 1313 1742 1364 sancto
1781 1307 2086 1380 Cypriano,

443 1429 501 1482 p.
532 1409 639 1463 280
671 1423 685 1462 :
713 1406 770 1458 Ὀ
814 1400 997 1478 ἄφρων
1048 1398 1299 1473 ἐραστὴς,
1339 1397 1428 1452 καὶ
1480 1396 1710 1473 σώφρων
1761 1392 2089 1464 ἐπίληπτος,

445 1520 472 1552 α
502 1499 752 1554 Demens
797 1500 1042 1561 amator,
1093 1496 1150 1544 et
1199 1489 1456 1560 prudens
1495 1485 1833 1557 arreptitius
1869 1502 1881 1539 :
1914 1509 1934 1536 ι
1977 1503 2088 1541 non

437 1594 636 1644 tamen
665 1581 1119 1640 existimandum
1154 1583 1262 1648 est,
1296 1576 1632 1646 ubicunque
1654 1574 1725 1629 ab
1756 1573 2086 1644 interpreti-

441 1676 551 1730 bus
609 1670 822 1727 Grascis
870 1666 1091 1722 Veteris
1147 1663 1503 1718 Testamenti
1567 1662 1917 1727 adhibetur,
1957 1677 2086 1716 eam

439 1778 612 1835 posse
658 1759 760 1814 illa
807 1756 1008 1814 omnia
1049 1770 1281 1818 sonare,
1324 1752 1372 1807 si
1423 1767 1592 1807 voces
1633 1751 1906 1816 Hebraeae,
1938 1766 2086 1821 quas

441 1851 561 1907 illic
602 1848 898 1921 exprimit,
945 1846 1002 1901 id
1059 1860 1173 1899 non
1225 1843 1434 1898 ferant.
1489 1842 1691 1912 Itaque
1740 1839 1858 1894 illic
1908 1839 2084 1894 dictio

442 1941 722 1998 Hebraica
750 1949 928 2003 Ἡρη
977 1933 1284 2000 furiosum,
1315 1931 1400 1987 vel
1443 1931 1717 1987 insanum
1769 1930 2081 2002 signiﬁcat,

445 2038 508 2086 ut
567 2030 639 2085 IV
697 2029 838 2098 Reg.
892 2044 966 2095 lx,
1003 2026 1061 2078 11
1102 2021 1212 2078 :Tt
1265 2019 1346 2074 ὅτι
1407 2018 1655 2088 εῗσῆλΟεν
1705 2019 1732 2072 ὀ
1783 2017 2082 2088 ἐπίληπτος

442 2120 617 2180 οὗτος·
678 2115 818 2185 Quid
876 2115 1020 2169 venit
1077 2113 1307 2166 insanus
1364 2111 1464 2164 iste
1509 2109 1579 2163 ad
1625 2112 1726 2163 te?
1767 2116 1822 2162 et
1866 2107 2080 2162 Jerem.

437 2226 591 2274 xxtx,
622 2208 735 2260 36:
775 2201 874 2259 Καὶ
942 2199 1101 2254 παντὶ
1162 2198 1432 2272 ἀνθρώπῳ
1493 2195 1831 2269 μαινομένῳ,
1883 2198 1948 2251 Et
1990 2214 2081 2251 su-

430 2315 533 2370 per
562 2297 837 2351 hominem
865 2292 1232 2347 insanientem
1265 2305 1278 2343 :
1310 2293 1364 2342 et
1405 2283 1860 2355 ἐπιληπτεύεσοαι
1892 2286 2084 2341 furere

435 2392 522 2444 est
573 2392 630 2444 et
671 2385 964 2443 insanire:
1000 2382 1100 2436 sed
1152 2378 1431 2435 comitiali
1481 2379 1684 2432 morbo
1718 2377 2079 2432 laborantem

433 2494 549 2533 non
581 2474 892 2546 signiﬁcat.
917 2470 1306 2535 Quamobrem
1339 2468 1493 2539 apud
1530 2467 1748 2521 Theod.
1785 2466 2080 2522 Balsamo-

434 2583 564 2621 nem
597 2561 1014 2618 commentario
1046 2559 1105 2614 in
1136 2558 1307 2629 epist.
1340 2557 1494 2612 Petri
1542 2555 1848 2611 Alexandr.
1875 2571 2078 2627 perpe-

433 2671 558 2710 ram
590 2651 761 2707 vertit
789 2651 1101 2721 interpres.
1132 2644 1230 2699 Τὸν
1283 2643 1585 2714 ἐπίληπτον
1639 2641 1897 2717 ὑπεκρίθη
1952 2641 2076 2719 φεύ-

2205 596 2434 667 fugiens
2465 597 2625 653 Saul.
2661 621 2681 647 ι
2719 598 2822 653 Hic
2853 615 2991 670 ergo
3034 597 3435 664 scribendum,
3488 621 3516 648 ‹‹
3562 598 3852 655 simulans

2205 702 2296 740 me
2325 685 2557 741 insania
2587 691 2944 758 correptum,
2979 691 3078 741 aut
3106 687 3394 758 percitum
3429 686 3644 742 furore.
3684 711 3712 737 υ

2274 775 2394 830 Col.
2431 777 2532 830 114
2557 779 2601 830 Α
2634 777 2719 830 13.
2770 778 2853 830 Ex
2889 777 3159 832 exsoluta.
3212 773 3643 845 Ἀνθρωπότητα
3690 785 3853 834 vocat

2202 880 2316 918 non
2353 880 2529 918 unam
2560 863 2817 936 aliquam
2852 864 3318 932 multitudinem,
3367 881 3472 920 nec
3512 866 3852 924 universum

2201 953 2851 1022 genushumanum,sed
2872 971 2970 1008 eos
2985 952 3537 1025 homines,quorum
3557 970 3651 1010 res
3673 962 3847 1027 gestas

2203 1061 2268 1098 ac
2301 1045 2465 1115 probi
2501 1061 2690 1100 mores
2711 1045 2767 1099 id
2795 1048 3337 1117 promeruerant,ut
3359 1045 3433 1099 ab
3457 1045 3693 1101 internis
3715 1062 3854 1118 sup-

2203 1132 2394 1204 pliciis
2424 1132 2720 1188 immunes
2751 1138 2948 1189 essent
2983 1150 2994 1188 :
3029 1134 3228 1204 itaque
3253 1134 3322 1188 ad
3356 1133 3599 1189 verbum
3642 1136 3855 1190 Coma-

2203 1221 2346 1288 rius,
2383 1226 2558 1288 recte,
2594 1246 2620 1271 ‹‹
2656 1222 3142 1293 Quandoquidem
3176 1239 3267 1278 me
3301 1239 3333 1278 a
3356 1223 3607 1279 vinculis
3641 1224 3855 1295 peccati

2202 1309 2488 1378 liberasti,
2528 1311 2668 1366 dum
2719 1311 3076 1367 descendisti
3121 1312 3191 1366 ad
3226 1311 3548 1378 infernum,
3579 1318 3637 1367 et
3677 1313 3860 1367 exsol-

2199 1397 2331 1452 visti
2364 1398 2798 1454 humanitatem
2829 1399 3085 1454 vinctam
3123 1401 3328 1454 mortis
3370 1401 3773 1468 exsistentem,
3807 1405 3857 1457 et

2199 1487 2255 1540 in
2293 1488 2627 1543 carceribus
2659 1488 2870 1543 inferni
2903 1489 3343 1544 inevitabilibus
3375 1490 3694 1545 detentam.
3730 1513 3760 1542 ››
3797 1492 3854 1546 ln

2198 1575 2418 1631 Catena
2448 1577 2647 1632 Graeca
2697 1580 2754 1631 in
2806 1579 3050 1633 Psalmos
3099 1577 3228 1650 lego
3274 1575 3548 1632 κατελθὼν
3586 1576 3664 1638 εἰς
3696 1572 3850 1648 ᾅδην,

2196 1662 2286 1716 καὶ
2320 1661 2485 1727 λύσας
2512 1665 2611 1732 τὴν
2648 1665 3063 1740 ἀνθρωπότητα.
3101 1666 3272 1722 Porro
3307 1666 3458 1721 hanc
3473 1667 3544 1722 de
3565 1669 3848 1723 descensu

2197 1753 2408 1809 animae
2439 1754 2655 1809 Christi
2706 1756 2776 1809 ad
2829 1755 3049 1810 inferos
3097 1771 3465 1810 communem
3512 1761 3846 1810 sanctorum

2197 1847 2438 1897 Patrum
2465 1843 2798 1898 doctrinam
2831 1844 3050 1898 frustra
3076 1859 3110 1898 a
3139 1843 3304 1898 novis
3327 1843 3596 1898 Ecclesia
3636 1843 3849 1900 Christi

2198 1931 2598 2004 perduellibus
2629 1939 3028 2004 Oppugnatam
3060 1937 3259 1988 tuetur
3278 1932 3454 1987 etiam
3480 1931 3617 1986 alibi
3648 1938 3715 1986 ut
3744 1933 3852 1987 hoc

2194 2021 2320 2077 loco
2356 2020 2634 2090 Basilius,
2688 2021 2967 2076 nimirum
3019 2023 3079 2076 in
3137 2022 3414 2093 psalmum
3461 2037 3630 2076 xuv:
3678 2017 3851 2075 Ἀλλὰ

2193 2107 2470 2162 κατελθεῖν
2519 2107 2594 2170 εἷς
2646 2107 2777 2178 ᾅδου
2824 2115 2924 2177 τῆς
2982 2109 3104 2184 περὶ
3158 2110 3255 2177 τήν
3314 2110 3594 2163 ἀνάστασιν
3639 2108 3848 2162 οἷκονο-

2198 2197 2322 2270 μίας
2363 2194 2557 2251 ἕνεκενο
2607 2204 2662 2253 et
2710 2201 2770 2253 in
2814 2201 2961 2269 psal.
3012 2217 3185 2254 XLVIII
3221 2217 3232 2254 :
3269 2203 3465 2272 Σαφῶς
3512 2199 3845 2276 προφητεύει

2191 2287 2290 2354 τὴν
2323 2289 2418 2339 τοῦ
2447 2285 2643 2362 Κυρίου
2674 2283 2900 2340 κάθοδον
2934 2285 3009 2348 εἷς
3035 2282 3185 2356 ᾅδου.

2265 2375 2383 2431 Col.
2419 2377 2521 2431 115
2552 2381 2594 2430 Β
2628 2377 2712 2430 12.
2747 2375 2835 2428 Ἐν
2863 2371 3055 2435 αὐλαῖς
3102 2378 3217 2430 τοῦ.
3253 2376 3383 2431 Ηωο
3435 2374 3644 2430 ultima
3696 2376 3846 2448 psal-

2194 2464 2274 2519 mi
2304 2465 2478 2519 verba
2508 2480 2576 2519 ex
2605 2464 2786 2535 Oliva,
2834 2471 2891 2520 et
2933 2464 3187 2537 Anglicis
3225 2466 3452 2536 adjecta
3500 2469 3662 2529 sunt,
3709 2481 3843 2520 cum

2193 2571 2300 2610 sua
2348 2553 2827 2626 interpretatione
2860 2570 3037 2626 quam
3069 2572 3157 2623 ea,
3199 2570 3325 2626 quas
3354 2559 3713 2626 sequuntur,
3748 2571 3843 2609 ex-

2191 2647 2436 2716 ponunt.

1160 2952 1323 3046 AD
1395 2948 2374 3046 COMMENTARIUS
2447 2950 2576 3042 IN
2646 2949 3104 3042 IS'AIAM.

497 3299 616 3358 Col.
671 3299 768 3354 131
823 3303 884 3352 Β.
935 3297 1126 3353 Videris
1181 3294 1369 3350 simul.
1421 3297 1636 3348 Praeter
1689 3308 1788 3348 eos
1844 3295 2024 3347 testes
2059 3330 2072 3357 ,
2106 3291 2148 3359 C
2189 3289 2554 3346 characteres
2585 3289 2646 3344 F.
2680 3288 2748 3344 Η.
2785 3288 2829 3344 Ι.
2854 3293 2911 3344 et
2929 3291 2994 3344 A.
3023 3289 3436 3361 designabunt.
3465 3288 3617 3347 Illud
3641 3295 3850 3347 autem

425 3405 574 3459 quos
605 3389 676 3445 ad
707 3387 1088 3443 vindicandos
1119 3383 1334 3440 Basilio
1366 3381 1817 3438 commentarios
1847 3381 1990 3436 istos
2015 3381 2071 3434 in

426 3478 631 3532 Isaiam
659 3477 797 3531 citat
822 3475 910 3530 vir
927 3473 1310 3530 doctissimus
1331 3470 1677 3526 Godefridus
1697 3467 2070 3536 Tilmannus,

425 3566 572 3620 alios
594 3565 742 3620 duos
764 3563 1035 3618 laudabo.
1061 3561 1339 3616 Tarasins
1358 3559 1514 3615 enim
1545 3556 2074 3628 Constantinopoli-

425 3659 600 3709 tanus
631 3651 964 3725 patriarcha
994 3649 1052 3704 in
1086 3647 1333 3720 epistola
1364 3649 1434 3703 ad
1483 3647 1803 3702 Adrianum
1838 3661 2072 3716 papam,

429 3759 554 3814 quae
588 3743 646 3796 in
679 3742 818 3797 Jure
850 3744 1041 3794 Graeco
1068 3743 1325 3793 Romano
1357 3741 1542 3793 exstat
1575 3754 1629 3808 p.
1666 3736 1790 3802 193,
1846 3733 1944 3789 ubi
1986 3750 2073 3789 re-

427 3833 614 3888 fertur
673 3831 766 3885 hic
821 3830 981 3885 locus
1015 3845 1029 3884 :
1063 3829 1176 3882 Τοῦ
1226 3821 1515 3881 Βασιλείου
1573 3823 1631 3878 ἐκ
1685 3825 1784 3892 τῆς
1843 3821 1916 3883 εἷς
1980 3822 2070 3875 τὸν

432 3919 650 3974 Ἦτοιίαν
710 3917 1021 3992 ἑρμηνείας.
1072 3914 1253 3988 Νόμον
1308 3911 1504 3969 ἔδωκεν
1552 3913 1626 3974 εἰς
1677 3907 2074 3986 βοήθειαν,⁹ίνα

431 4005 655 4062 εἷ’πωσιν
705 4006 810 4082 οὐχ
840 4005 914 4068 ὡς
960 4005 1021 4058 τὸ
1073 4004 1221 4079 ῥῆμα
1265 4008 1446 4057 τοῦτο.
1483 4026 1508 4052 ‹‹
1553 4004 1755 4075 Legem
1807 4002 1967 4056 dedit
2013 4001 2072 4055 in

428 4099 738 4166 auxilium,
769 4102 834 4153 ut
863 4097 1060 4152 dicant
1090 4112 1202 4150 non
1232 4099 1292 4149 ut
1321 4094 1428 4148 hoc
1460 4093 1696 4146 verbum
1725 4109 1738 4160 ;
1766 4114 1794 4140 ››
1818 4096 1874 4146 et
1906 4107 2071 4161 repe-

351 4247 367 4262 .
424 4189 540 4243 rios
581 4187 701 4242 Ι]ωο
749 4187 878 4257 ipsa
919 4185 1092 4240 verba
1139 4185 1198 4238 in
1245 4187 1420 4253 caput
1468 4187 1757 4235 octavum.
1799 4179 1956 4235 Alter
1984 4183 2073 4234 est

420 4279 624 4332 auctor
652 4274 1008 4330 scholiorum
1059 4273 1392 4328 Graecorum
1425 4271 1483 4323 in
1517 4268 1807 4341 Epistolas
1837 4277 2069 4339 aposto-

415 4364 582 4429 licas,
616 4381 745 4436 quas
777 4362 1013 4418 nomine
1033 4358 1368 4418 OEcumenii
1391 4358 2067 4429 circumferuntur,apud

417 4467 591 4522 quem
626 4453 748 4506 haec
782 4467 850 4505 ex
883 4449 1086 4506 Photio
1119 4449 1494 4520 proferuntur
1543 4463 1673 4518 pag.
1706 4447 1811 4500 399
1859 4447 2067 4502 editio-

413 4540 507 4595 nis
538 4539 773 4594 Veron.:
809 4539 895 4593 Ἐν
940 4541 1008 4609 τῇ
1059 4535 1324 4610 ἑρμηνείᾳ
1351 4537 1448 4589 τοῦ
1493 4531 1714 4587 Ἠσαίου
1746 4534 1773 4587 ὁ
1807 4531 1857 4587 ἐν
1891 4533 2066 4608 ἁγίοις

415 4626 694 4686 Βασίλειος
752 4623 997 4698 δεύτερον
1052 4624 1405 4696 ἐπιμνησθεὶς
1459 4627 1554 4677 τοῦ
1613 4621 1803 4697 ῥητοῦ,
1857 4620 1943 4676 ἐπὶ
1975 4644 2063 4676 κα-

409 4717 592 4789 Θαὶρσει
626 4715 754 4769 αὐτὸ
788 4712 1020 4784 ἐδέξατο·
1063 4738 1082 4763 ιι
1120 4718 1180 4770 In
1215 4715 1696 4786 interpretatione
1730 4714 1890 4768 Isaia?
1922 4731 2055 4768 san—

409 4811 538 4861 ctus
581 4806 832 4860 Basilius
881 4806 1093 4860 iterum
1146 4805 1294 4858 facta
1327 4803 1506 4872 hujus
1550 4803 1706 4857 verbi
1741 4804 2056 4873 mentione,

407 4911 508 4964 pro
543 4894 943 4966 puriﬁcatione
977 4894 1172 4965 ipsum
1225 4892 1466 4961 accepit.
1499 4913 1526 4940 »
1559 4891 1749 4945 Habes
1784 4891 1937 4947 hunc
1971 4891 2052 4946 lo-

404 4999 536 5038 cum
564 4983 618 5038 in
647 4987 822 5053 caput
845 4985 1430 5053 quartum.Ceet.crum
1456 4980 1526 5033 ad
1553 4979 1732 5050 hujus
1755 4985 2055 5036 Commen-

398 5073 530 5126 tarii
555 5071 868 5127 editionem
897 5071 1294 5126 adornandum
1321 5072 1528 5138 praeter
1548 5070 1950 5141 apographnm
1985 5088 2050 5125 ex

395 5161 606 5233 Anglia
632 5161 874 5216 missum
896 5162 1072 5216 variis
1093 5157 1438 5214 lectionibus
1466 5157 1518 5211 in
1548 5160 1810 5230 margine
1835 5161 2050 5215 notatis

395 5250 785 5321 illustratum,
811 5267 918 5324 ope
949 5251 1200 5304 duorum
1227 5247 1490 5301 codicum
1523 5247 1838 5318 Regiorum
1865 5250 2046 5321 adjuti

394 5354 626 5408 sumus,
651 5355 901 5409 quorum
935 5339 1080 5393 alter
1111 5336 1475 5400 chartarous,
1506 5336 1658 5407 regis
1683 5338 1974 5393 Francisci
2002 5342 2041 5406 Ι,

395 5442 461 5480 ex
486 5443 602 5496 quo
627 5445 790 5483 suam
815 5424 1355 5498 interpretationem
1385 5425 1910 5497 ofﬁnxitinterpres
1931 5429 2042 5481 Til-

395 5531 670 5583 mannus,
708 5518 852 5572 alter
873 5514 1617 5580 membranaccus,Henrici
1641 5515 1684 5568 ΙΙ
1712 5515 2044 5586 insignibus

393 5610 656 5671 ornatus,
710 5608 919 5662 tertius
965 5605 1139 5661 etiam
1192 5621 1257 5659 ex
1309 5602 1695 5658 illustrissimi
1729 5605 2043 5661 cardinalis

391 5691 637 5749 Joeusaai
671 5694 1026 5750 bibliotheca
1075 5699 1278 5748 erutus
1326 5692 1437 5746 fuit
1471 5707 1483 5746 :
1519 5690 1781 5762 singulos
1823 5695 2039 5766 proprii

2184 3378 2482 3451 propheta:
2533 3381 2710 3432 Amos
2752 3376 2935 3432 habes
2976 3393 3104 3449 cap.
3136 3393 3239 3446 vn,
3275 3379 3342 3432 12
3375 3395 3388 3433 :
3421 3377 3479 3430 Ὀ
3532 3376 3704 3450 ὀρῶν,
3745 3378 3846 3452 βά-

2185 3463 2317 3534 διζε·
2353 3468 2425 3521 Tu
2473 3468 2573 3538 qni
2623 3465 2792 3532 vides,
2842 3467 2954 3520 abi.
3002 3467 3064 3520 In
3115 3481 3288 3536 quem
3331 3465 3524 3521 locum
3567 3467 3851 3522 scribens

2183 3553 2433 3628 Cyrillus
2461 3554 2888 3610 Alexandrinus
2935 3554 3090 3609 idem
3139 3555 3368 3610 videtur
3410 3555 3659 3612 innuere
3704 3573 3843 3612 esse

2186 3660 2394 3700 nomen
2424 3646 2525 3697 τοῦ
2576 3643 2834 3718 ὁρῶντος,
2889 3643 3123 3699 videntis
3169 3648 3218 3698 et
3252 3644 3549 3715 prole/tete.
3583 3644 3843 3718 Ὀρῶντα

2187 3731 2281 3804 μὶν
2339 3731 2436 3808 γὰρ
2493 3731 2582 3786 τὸν
2632 3732 2924 3809 προφήτην
2980 3729 3180 3802 ἐκάλει,
3240 3728 3387 3800 πλὴν
3425 3731 3524 3786 οὐκ
3577 3733 3844 3803 ἀξιώσας,

2185 3821 2309 3878 οὐδὲ
2355 3823 2432 3897 τῷ
2488 3827 2586 3889 τῆς
2636 3823 2969 3900 προφητείας
3019 3823 3242 3895 ὀνόματι
3287 3825 3693 3896 κατασεμνύνας
3746 3824 3845 3878 αὖ·

2181 3913 2294 3969 τόν.
2332 3937 2360 3964 ‹‹
2407 3915 2714 3970 Videntem
2765 3915 2922 3970 enim
2971 3913 3225 3986 appellat
3276 3913 3622 3986 prophetam
3661 3932 3674 3970 :
3734 3917 3844 3970 sed

2183 4005 2338 4060 enim
2373 4021 2486 4058 non
2518 4003 2757 4058 honoris
2788 4020 2987 4070 causa,
3018 4020 3207 4074 neque
3252 4008 3315 4057 ut
3344 4019 3478 4059 eum
3509 4005 3844 4076 prophetiae

2183 4093 2418 4148 nomine
2464 4097 2788 4148 veneretur.
2823 4114 2850 4140 »
2883 4091 3354 4164 'I‘heophylactus
3401 4092 3458 4146 in
3501 4109 3629 4163 cap.
3665 4111 3684 4148 ι
3721 4094 3844 4148 Na-

2181 4187 2321 4242 hum
2355 4201 2369 4242 :
2405 4181 2583 4240 Ἀλλὰ
2610 4183 2698 4238 καί
2750 4182 2935 4258 ὅρασις
2982 4182 3164 4259 ὥσπερ
3193 4184 3369 4238 κοινόν
3402 4204 3454 4238 τι
3486 4181 3638 4238 δοκεῖ
3674 4185 3843 4240 εἶναι.

2181 4273 2300 4330 Ἐπὶ
2333 4272 2544 4328 πάντων
2587 4273 2686 4350 γὰρ
2733 4277 2840 4328 τῶν
2889 4273 3106 4348 τρόπων
3147 4279 3246 4342 τῆς
3273 4276 3606 4350 προφητείας
3641 4274 3672 4327 ὁ
3708 4279 3846 4336 νοῦς

2178 4364 2243 4432 ἦν
2280 4361 2699 4436 ἐλλαμπόμενος
2727 4367 2806 4434 τῷ
2844 4363 2983 4440 φωτὶ
3019 4366 3117 4418 τοῦ
3150 4361 3483 4434 Πνεύμιπιτος⁸
3517 4389 3537 4413 ι
3574 4365 3845 4437 Insuper

2177 4457 2233 4509 et
2265 4453 2409 4510 visio
2442 4453 2596 4508 velut
2627 4469 2940 4509 commune
2970 4453 3262 4508 vaticiniis
3293 4453 3520 4508 videtur
3551 4469 3712 4509 esse.
3749 4455 3843 4510 Si-

2177 4543 2414 4613 quidem
2446 4542 2500 4596 in
2537 4541 2809 4597 omnibus
2840 4543 3156 4614 prOphetiaa
3191 4542 3394 4597 formis
3437 4558 3601 4597 mens
3633 4544 3840 4614 Spiri-

2175 4635 2272 4686 tus
2302 4630 2524 4686 lumine
2551 4629 3014 4687 illustrabatur.»
3037 4631 3146 4686 Sed
3181 4631 3607 4685 observandum
3635 4638 3741 4688 est
3780 4633 3842 4687 in

2169 4718 2317 4774 libro
2347 4720 2367 4774 I
2398 4723 2615 4790 Regum
2668 4737 2796 4792 cap.
2831 4737 2906 4785 ιχ,
2935 4719 2988 4790 9,
3040 4720 3120 4774 ita
3149 4721 3448 4791 conceptis
3475 4719 3668 4775 verbis
3709 4721 3844 4777 haec

2167 4810 2355 4863 etI‘erri
2407 4826 2440 4863 a
2490 4808 2672 4864 LXX:
2707 4811 2828 4863 Ὅτι
2885 4808 2974 4861 τὸν
3022 4808 3312 4880 προφήτην
3362 4805 3545 4861 ἐκάλει
3601 4808 3633 4860 ὁ
3696 4808 3840 4871 λαὸς

2166 4890 2493 4969 ἔμπροσθεν,
2526 4896 2554 4949 ὁ
2590 4894 2830 4971 βλέπωψ
2868 4920 2895 4945 ‹‹
2927 4895 3212 4961 Quoniam
3254 4897 3596 4968 prophetam
3653 4916 3841 4955 voca-

2165 4987 2265 5042 bat
2295 4985 2547 5057 pOpulus
2597 4991 2787 5052 antea,
2823 4987 3059 5040 Videns.
3096 5007 3123 5033 ››
3157 4985 3305 5040 Illud
3356 4986 3554 5057 igitur,
3604 4981 3840 5060 ἔμπρο-

2163 5084 2304 5139 σθεν,
2342 5093 2450 5129 non
2487 5092 2620 5129 cum
2654 5074 2956 5146 participio
2992 5071 3550 5147 pléawvjunxerunt
3579 5074 3834 5142 alii,sed

2161 5181 2295 5218 cum
2330 5166 2500 5218 verbo
2531 5161 2736 5231 ἐκάλει,
2768 5163 2933 5235 quasi
2983 5164 3159 5232 dicat,
3201 5163 3339 5218 olim
3389 5163 3478 5219 vel
3527 5169 3709 5221 antea
3745 5167 3833 5222 sic

2160 5256 2428 5307 vocatum
2457 5253 2637 5308 fuisse
2655 5253 3021 5326 prephetam,
3043 5275 3068 5302 α
3096 5252 3457 5318 Videntem,»
3480 5271 3593 5308 non
3615 5262 3831 5311 autem

2160 5365 2185 5392 «
2221 5344 2405 5396 Antea
2426 5342 2741 5413 videntem,
2769 5363 2796 5392 »
2821 5342 2903 5397 vel
2929 5364 2954 5392 «
2979 5341 3416 5396 Prasvidentem.
3451 5365 3478 5389 ››
3497 5345 3582 5398 Ita
3601 5343 3665 5397 S.
3687 5344 3827 5398 Hie-

2157 5448 2437 5502 ronymus
2469 5433 2589 5486 sive
2626 5437 2829 5486 auctor
2858 5431 3119 5501 Vulgata;
3155 5430 3395 5484 Latina}.
3443 5454 3468 5480 α
3517 5433 3619 5494 Qui
3661 5436 3832 5489 enim

2159 5520 2442 5592 propheta
2471 5521 2685 5574 dicitur
2715 5521 2887 5575 hodie
2915 5562 2927 5585 ,
2964 5519 3279 5573 vocabatur
3309 5518 3447 5574 olim
3480 5519 3714 5576 Videns
3752 5541 3766 5574 :
3809 5546 3827 5572 ι

2151 5607 2307 5664 idem
2339 5609 2631 5680 Pagninus
2663 5627 2732 5663 ex
2763 5609 3100 5676 Hebraeo,et
3117 5607 3505 5678 Symmachus
3533 5625 3546 5662 :
3577 5607 3688 5661 Τὸν
3714 5611 3824 5684 γὰρ

2151 5698 2468 5773 προφήτην-τ
2489 5697 2612 5750 τότε
2660 5696 2885 5751 ἐκάλουν
2921 5695 3055 5750 κατὰ
3084 5694 3146 5748 τὸ
3187 5694 3417 5770 ἀρχαῖον
3449 5697 3538 5750 τὸν
3571 5697 3819 5768 ὁρῶντα.
