4138 6216
391 293 545 352 1073

1557 294 1679 368 AD
1725 291 2130 353 COMMEN’I‘.
2177 293 2256 352 IN
2302 293 2598 354 ISAIAM.

3641 297 3795 356 1074

384 425 530 479 Nam
557 422 882 495 prophetam
922 432 1040 478 tum
1069 425 1330 480 vocabant
1361 440 1514 480 more
1541 425 1790 496 antiquo,
1828 424 2028 480 Viden-
2064 427 2114 492 Α
2149 425 2360 480 Isaiam
2394 427 2776 498 prophetasse
2801 443 2813 480 :
2841 427 3248 481 verumtamen
3279 425 3416 482 huic
3445 429 3793 499 conjecturae

383 522 514 568 tem.
550 511 670 566 Vox
702 511 942 568 Hebraea
977 530 1092 567 non
1125 512 1295 569 aliter
1325 513 1609 586 accipitur
1641 513 1821 568 Ruth.
1856 531 1929 582 ιν,
1960 515 2029 568 7:

381 601 558 656 Τοῦτο
587 599 650 653 τὸ
683 596 960 672 δικαίωμα
1010 598 1310 675 ἔμπροσθεν
1345 599 1398 654 ἐν
1425 604 1504 656 τῶ
1529 599 1768 674 Ἰσραήλ,
1801 604 1895 656 llic
1922 618 2030 656 au—

382 698 494 748 tem
525 701 646 746 erat
675 707 790 746 mos
813 693 1121 762 antiquitus
1150 693 1207 747 in
1236 693 1424 748 Israel.

451 799 569 854 Col.
606 800 708 854 135
735 801 773 852 C
801 799 855 853 2.
893 800 950 852 In
982 800 1169 865 priore
1198 800 1347 854 enim
1379 791 1631 870 Paralip.
1671 799 1753 854 Ita
1803 815 2029 869 quoque

377 887 632 960 legimus
645 887 799 960 apud
815 888 1292 960 Pr000pium,qui
1311 888 1510 944 Basilii
1525 887 1958 942 Commentariu
1971 904 2026 940 m

378 978 654 1050 plurimis
685 979 744 1033 in
778 977 921 1033 locis
961 983 1203 1034 secutus
1235 983 1342 1046 est,
1379 997 1434 1050 p.
1467 980 1538 1035 6:
1578 979 1662 1033 ’Ev
1699 978 1792 1049 μὲν
1827 977 1929 1051 γὰρ
1955 978 2023 1048 τῇ

379 1062 601 1141 δευτέρᾳ
658 1069 768 1120 τῶν
821 1062 1319 1140 Ιῖαραλειπομὲνων
1371 1065 1549 1134 Ὀζίας
1603 1063 1830 1142 εἷ’ρηται·
1866 1064 1919 1119 ἐν
1968 1061 2025 1118 δὲ

372 1158 442 1228 τῇ
476 1151 697 1231 δευτέρᾳ
748 1158 856 1209 τῶν
915 1153 1207 1210 Βασιλειῶν
1259 1155 1528 1230 ’Δζαρίαςο
1580 1157 1716 1211 Nam
1761 1159 1820 1211 in
1851 1158 2023 1212 altero

373 1246 844 1318 Paralipomenon
875 1244 1034 1301 Ozias
1069 1246 1421 1313 nominatur,
1467 1255 1522 1302 et
1553 1248 1612 1301 in
1642 1247 1876 1302 secundo
1917 1247 2020 1300 Re-

366 1351 606 1405 gnorum
634 1336 896 1391 Azarias.
930 1337 1004 1389 At
1031 1335 1309 1391 memoria
1342 1335 1547 1407 lapsus
1596 1335 1826 1391 videtur
1856 1335 2021 1390 Basi-

368 1421 524 1478 lius:
560 1424 645 1479 sic
668 1424 825 1480 enim
852 1422 1136 1494 scriptum
1160 1429 1249 1479 est
1279 1426 1327 1479 II
1351 1424 1702 1496 Paralipom.
1726 1440 2016 1495 cap.xxvr,

368 1512 393 1565 1
430 1528 442 1566 :
496 1514 739 1583 Populus
781 1514 926 1570 Iuda
978 1513 1160 1581 ﬁlium
1198 1515 1314 1586 ejus
1362 1514 1559 1569 Oziam
1606 1516 1892 1569 constituit
1921 1529 2016 1567 re-

362 1615 495 1672 gem
522 1618 626 1671 pro
657 1605 880 1659 Amasia
905 1614 1064 1675 patre
1091 1620 1230 1666 suo;
1261 1609 1318 1659 et
1359 1603 1505 1659 alter
1534 1603 1699 1659 locus
1719 1604 1790 1658 de
1810 1603 2015 1658 Azaria

365 1707 483 1744 non
525 1695 614 1746 est
662 1691 720 1745 in
754 1692 805 1747 II
838 1694 1193 1766 Regnorum,
1238 1695 1341 1748 sed
1373 1693 1430 1747 in
1467 1694 1561 1762 IV,
1596 1709 1722 1764 cap.
1755 1710 1870 1759 xxv,
1901 1694 1964 1745 21
1994 1710 2006 1747 :

363 1800 391 1826 ‹‹
448 1778 610 1833 Tulit
647 1789 839 1836 autem
881 1782 1187 1838 universus
1237 1781 1490 1853 populus
1538 1782 1702 1837 Judae
1746 1782 2010 1836 Azariam
2045 1799 2089 1864 Β
2126 1782 2236 1842 est,

360 1883 550 1922 annos
573 1873 777 1923 natum
799 1871 1176 1934 sexdecim,et
1207 1870 1790 1926 constituerunteum
1815 1887 2008 1942 regem

360 1972 469 2027 pro
490 1961 654 2028 patre
675 1957 804 2026 ejus
827 1961 1078 2014 Amasis.
1111 1982 1138 2008 ››
1162 1960 1324 2023 Quod
1353 1964 1545 2014 autem
1569 1955 2010 2030 sequiturmlﬁv

359 2042 449 2096 καὶ
477 2045 678 2119 πατρὸς
707 2043 870 2100 αὐτοῦ
899 2048 988 2101 καὶ
1023 2047 1252 2121 μητρός,
1304 2049 1470 2104 aliter
1527 2064 1760 2103 versum
1822 2049 2009 2104 fuerat

357 2133 433 2187 ab
466 2134 784 2206 interprete
822 2136 956 2192 licet
1003 2136 1063 2192 in
1111 2136 1402 2192 Francisci
1455 2141 1476 2190 Ι
1509 2137 1679 2202 libro,
1714 2154 1829 2208 quo
1860 2154 2005 2193 usus

354 2226 466 2288 est,
500 2223 729 2296 legatur
759 2227 1258 2297 quemadmodum
1291 2230 1348 2280 et
1388 2225 1446 2280 in
1479 2225 1826 2281 Henriciano
1857 2230 1915 2281 et
1943 2226 2001 2280 in

352 2310 554 2367 Joeus.
588 2309 676 2365 καὶ
698 2313 901 2386 πατρὸς
930 2317 1026 2368 τοῦ
1065 2313 1227 2367 αἰ)τοῦ
1279 2312 1368 2366 καὶ
1430 2313 1657 2387 μητρός.
1712 2317 2002 2385 Interpres

353 2399 639 2471 ediderat,
669 2405 847 2472 patris
886 2408 1071 2458 tamen
1109 2405 1413 2473 matrisque
1457 2404 1685 2458 nomina
1729 2412 2004 2474 comperta

351 2495 503 2544 sunt.
537 2489 720 2547 Mater
749 2496 946 2547 autem
978 2492 1105 2562 ejus
1137 2493 1196 2547 in
1245 2493 1450 2548 Franc.
1502 2493 1999 2563 quemadmodum

353 2582 412 2633 et
443 2579 501 2633 in
533 2579 758 2651 Anglic.
795 2577 970 2634 Χαλιά
1001 2580 1236 2646 dicitur,
1292 2581 1350 2636 in
1407 2581 1475 2637 H.
1528 2585 1584 2636 et
1632 2582 1673 2636 Ι.
1725 2584 2001 2638 mendose

354 2666 513 2722 sicut
544 2671 600 2723 et
629 2669 784 2740 apud
813 2671 1158 2741 Procopium
1190 2670 1381 2724 Χαναά
1437 2674 1494 2726 et
1523 2669 1696 2738 Χανά,
1757 2671 1957 2727 Chana
1980 2689 1998 2726 :

354 2755 458 2812 sed
490 2757 684 2813 verius
717 2760 870 2830 apud
906 2758 1072 2828 LXX,
1104 2759 1175 2815 IV
1206 2760 1344 2831 Reg.
1379 2778 1493 2828 xxv,
1552 2757 1786 2834 Ἱεχελία
1817 2758 1866 2831 ἐξ
1900 2760 1997 2817 Ἱε-

354 2843 600 2915 ρουσαλή
611 2867 672 2918 μ,
703 2848 984 2904 Hiechelia
1013 2849 1079 2903 de
1105 2847 1442 2904 Jerusalem.

424 2951 574 3008 Ibid.
606 2953 656 3007 6.
687 2954 917 3024 Tempus
959 2957 1149 3010 etiam.
1186 2954 1303 3010 Hoc
1333 2971 1568 3027 quoque
1600 2956 1788 3010 fuerat
1818 2957 1998 3014 omis-

352 3055 488 3094 sum
523 3039 594 3095 ab
653 3041 993 3114 interprete,
1048 3043 1146 3112 qui
1177 3043 1468 3116 jungebat
1499 3045 1578 3099 ita
1607 3045 1761 3115 quod
1795 3047 1998 3116 sequi-

350 3132 489 3182 tur:
525 3131 877 3201 Prophetavit
916 3147 1043 3187 vero
1073 3133 1244 3186 Isaias
1274 3149 1425 3189 anno
1449 3135 1618 3205 regni
1648 3134 1799 3191 Ozias
1826 3138 1994 3206 quin-

347 3221 667 3288 quagesimo
696 3219 1118 3293 secundo.Legit
1149 3221 1452 3290 nimirum,
1485 3225 1546 3276 ut
1579 3238 1694 3293 prie
1718 3239 1780 3278 se
1801 3224 1996 3280 ferunt

345 3307 393 3360 A
447 3307 529 3373 F.,
581 3311 942 3380 Πεντηχοστῷ
999 3305 1234 3384 δευτέρῳ
1290 3305 1395 3363 ἔτει
1456 3307 1544 3363 ἐπὶ
1601 3308 1783 3378 Ὀζίου
1858 3332 1993 3387 προ-

348 3396 659 3469 εφήτευσεν,
721 3402 793 3452 At
840 3399 898 3453 in
951 3399 1016 3455 H.
1070 3404 1127 3455 et
1174 3404 1197 3452 Ι
1256 3400 1589 3468 πεντήκοντα
1629 3396 1724 3453 δύο
1772 3400 1873 3474 γὰρ
1897 3397 1988 3472 ἔτη

347 3480 433 3536 ἐπὶ
469 3483 654 3553 Ὀζίου
702 3488 1128 3562 προεφήτευσαν
1162 3492 1219 3544 et
1264 3489 1385 3544 haec
1413 3488 1582 3545 lectio
1609 3491 1808 3545 sanior
1839 3509 1994 3548 nunc

343 3573 596 3642 videtur,
612 3579 789 3646 atque
813 3576 892 3631 ita
909 3578 1351 3632 rescribendum
1375 3584 1431 3633 et
1453 3579 1880 3650 interpungend
1892 3598 1989 3636 um

344 3667 480 3717 est:
543 3661 640 3715 Καὶ
696 3662 895 3738 χρόνος
953 3663 1231 3738 βασιλείας
1289 3665 1316 3718 ὁ
1368 3665 1528 3726 αὐτὸς
1563 3707 1576 3732 ,
1657 3668 1992 3736 πεντήκοντα

345 3745 443 3802 δύο
506 3745 621 3821 ἔτη.
697 3751 817 3808 Ἐπὶ
887 3753 1072 3821 Ὀζίου
1147 3751 1205 3808 δὲ
1272 3755 1676 3829 προεφήτευσαν
1743 3754 1986 3818 Ἡσαΐαςθ

347 3841 576 3911 'Iempus
628 3844 800 3898 etiam
854 3846 1014 3915 regni
1059 3852 1142 3900 est
1195 3844 1360 3915 idem,
1411 3846 1548 3899 onni
1575 3847 1990 3916 quinquaginta

340 3929 474 3985 duo.
532 3930 943 4002 Prophetarum
997 3936 1188 3989 autem
1242 3933 1346 3988 sub
1373 3935 1510 3992 Otia
1541 3933 1736 3988 Isaias.
1769 3935 1985 3988 Suffra-

338 4022 557 4088 gantur
584 4019 722 4075 huic
751 4022 1145 4077 emendatieni
1177 4039 1309 4076 eum
1334 4023 1461 4092 ipse
1501 4022 1765 4094 Procopii
1816 4023 1985 4089 Com-

337 4107 666 4163 mentarius
696 4126 764 4164 ex
795 4109 1010 4166 Basilio
1040 4117 1368 4182 excerptus,
1399 4116 1522 4166 tum
1553 4111 1787 4167 Eusebii
1817 4113 1985 4168 Chro-

2144 514 2379 569 ohsistit
2410 516 2535 587 ipse
2585 515 2900 588 prophetia;
2951 519 3167 585 textus,
3217 514 3274 570 in
3309 533 3422 588 quo
3455 516 3706 589 legimus
3738 535 3787 576 c.

2141 619 2220 664 v1,
2252 605 2323 658 4:
2360 605 2637 659 Elevatum
2668 607 2838 676 fuisse
2886 606 3318 676 superliminare
3361 622 3394 659 a
3442 621 3566 660 voce
3623 607 3788 662 Sera-

2139 691 2292 762 phim
2321 691 2690 748 clamantium
2720 693 2968 762 Sanetus,
3009 695 3250 761 sanctus,
3285 695 3784 764 quemadmodum

2140 785 2194 834 et
2241 783 2438 850 Amos,
2489 800 2566 850 ix,
2625 785 2676 848 1,
2723 800 2794 838 ea:
2851 784 3203 854 apparitione
3252 785 3478 839 Domini
3522 784 3787 856 proliheta

2135 872 2468 940 peroutiente
2495 873 2954 942 superliminaria
2983 881 3409 928 commoventur.

2209 976 2327 1032 Col.
2382 979 2482 1032 138
2526 983 2564 1032 Ο
2620 978 2704 1033 13.
2761 979 2851 1033 Vir
2889 983 3125 1034 astutus.
3196 980 3358 1048 Apud
3427 977 3784 1034 scholiasten

2137 1063 2399 1120 Graecum
2422 1068 2480 1122 in
2505 1067 2658 1122 natis
2676 1065 2860 1122 Flam.
2883 1067 3093 1124 Nohilii
3121 1066 3375 1138 legimus
3397 1067 3630 1138 quidem
3647 1072 3785 1122 Pro-

2134 1153 2382 1210 verbior.
2414 1173 2517 1222 xu,
2554 1156 2646 1222 23,
2698 1155 2860 1227 ’Δνήρ
2904 1159 3228 1230 πανοῦργος,
3287 1158 3376 1210 Vir
3419 1156 3675 1226 callidus,
3727 1162 3786 1210 at

2134 1243 2190 1296 in
2225 1243 2351 1314 ipso
2383 1249 2537 1300 textu
2571 1245 2844 1300 editionis
2876 1245 3169 1300 Vaticanae
3201 1250 3258 1300 et
3288 1245 3558 1311 aliarum,
3606 1245 3776 1319 Ἀνὴρ

2130 1329 2360 1399 συνετός,
2400 1335 2491 1388 Vir
2515 1335 2828 1405 intelligens
2859 1336 3083 1390 thronus
3113 1337 3189 1390 est
3241 1351 3450 1392 sensus.
3501 1336 3774 1406 Symma-

2129 1419 2276 1474 chus
2324 1422 2516 1486 vertit,
2560 1420 2791 1495 καλύψει
2838 1426 3059 1496 γνῶσιν,
3111 1424 3310 1479 celabit
3374 1425 3663 1480 scientiam
3716 1429 3774 1479 et

2125 1506 2208 1561 ita
2241 1509 2440 1564 Latina
2473 1510 2737 1582 Vulgata.
2770 1513 3120 1583 Sequentem
3165 1512 3469 1582 periodum
3499 1513 3769 1568 emenda-

2124 1596 2336 1666 vimus,
2366 1599 2424 1654 in
2457 1617 2574 1672 qua
2604 1601 2921 1672 scripserat
2958 1601 3246 1672 interpres
3276 1617 3288 1656 :
3325 1623 3351 1651 «
3386 1603 3772 1666 Quemadmo-

2123 1686 2264 1742 dum
2296 1690 2450 1743 enim
2505 1707 2567 1746 se
2617 1690 2791 1745 habet
2839 1691 3008 1745 sedes
3058 1707 3290 1756 sensus,
3341 1691 3440 1762 qui
3493 1695 3767 1746 sensatus

2271 1802 2290 1826 ι
2329 1783 2384 1833 et
2414 1777 2573 1834 illam
2608 1780 2666 1834 in
2699 1780 2813 1835 ﬁne
2845 1779 3104 1851 paginae:
3151 1801 3180 1828 «
3213 1795 3348 1834 cum
3397 1779 3578 1852 igitur
3622 1780 3771 1835 inter

2123 1870 2438 1938 utrumque
2473 1885 2762 1940 congener
2793 1870 3078 1939 quaedam.
3111 1889 3137 1920 ι»

2191 1956 2306 2011 Col.
2344 1958 2439 2012 141
2474 1961 2518 2013 Α
2551 1959 2637 2012 10‘.
2689 1960 2826 2012 Eum
2873 1960 2972 2029 qui
2997 1963 3086 2013 sit.
3122 1957 3329 2013 Latine
3359 1958 3643 2013 convertit
3673 1958 3769 2012 in-

2117 2048 2362 2116 terpres,
2422 2046 2590 2116 quasi
2649 2045 2888 2117 legisset
2945 2047 3003 2101 in
3064 2063 3206 2102 mss.
3269 2045 3358 2099 τὸν
3414 2043 3622 2120 ἐνεργὸν
3664 2045 3760 2112 τήν

2115 2133 2327 2206 ψυχήν·
2369 2139 2426 2189 at
2475 2150 2580 2190 nos
2624 2134 2684 2189 in
2734 2151 2800 2190 eo
2838 2135 3125 2207 scriptum
3178 2135 3559 2206 offendimus,
3613 2140 3676 2189 ut
3705 2135 3763 2188 in

2114 2223 2338 2278 caeteris
2365 2225 2594 2294 etapud
2630 2226 2999 2295 Procopium,
3029 2222 3092 2276 τὸ
3140 2222 3354 2298 ἐνεργὸν
3399 2228 3500 2290 τῆς
3549 2225 3756 2295 ψυχῆς·

2113 2320 2170 2365 et
2198 2312 2326 2381 ejus
2362 2313 2647 2384 interpres
2677 2313 2880 2378 edidit,
2911 2333 2937 2365 α
2967 2312 3025 2366 id
3057 2318 3299 2377 est,eam
3324 2311 3504 2366 animi
3529 2317 3757 2382 partem

2110 2419 2233 2473 quae
2284 2401 2482 2458 labore
2525 2410 2580 2458 et
2628 2404 2973 2459 strenuitate
3015 2404 3250 2475 gaudet,
3305 2419 3437 2457 cum
3485 2418 3572 2469 ea,
3626 2419 3756 2473 quae

2108 2490 2508 2562 voluptatibus
2534 2498 2591 2547 et
2633 2493 2958 2561 affectibus,
3006 2491 3298 2563 copulare.
3349 2492 3474 2546 Non
3506 2491 3683 2546 enim.
3721 2513 3749 2542 »

2106 2583 2192 2634 Ite
2228 2579 2398 2649 paulo
2456 2585 2589 2652 post
2636 2580 2981 2636 Tilmannus
3034 2582 3154 2651 ipse
3201 2579 3262 2633 τὸ
3307 2576 3608 2652 φιλόπονον
3653 2584 3752 2648 τῆς

2107 2669 2291 2741 ψυχῆς
2342 2667 2626 2744 ἐπεγείρων
2681 2671 2869 2737 vertit,
2937 2691 2965 2719 ‹‹
3016 2668 3334 2725 exsuscitat
3373 2669 3490 2724 vim
3541 2669 3749 2725 anima

2107 2774 2470 2829 generosam,
2504 2776 2570 2814 ac
2601 2759 2868 2814 laborum
2909 2758 3265 2830 patientem;
3304 2781 3324 2807 ‹ι
3361 2759 3461 2813 sed
3497 2757 3750 2814 alterum

2109 2848 2434 2902 membrum
2468 2865 2581 2903 non
2616 2849 2697 2903 ita
2727 2847 2970 2902 feliciter
3018 2847 3310 2918 exprimit,
3368 2844 3458 2898 καὶ
3500 2846 3563 2898 τὸ
3595 2841 3755 2921 φιλή-

2108 2931 2265 2988 δονον
2321 2935 2490 3005 αὐτῆς
2546 2935 2870 3012 θεραπεύων
2927 2954 3062 2992 nam
3121 2937 3216 2992 hic
3273 2933 3581 3007 θεραπεύειν
3638 2953 3753 2992 non

2107 3030 2196 3080 est
2222 3049 2249 3076 «
2282 3025 2492 3093 colere,
2525 3050 2550 3076 ››
2586 3027 2687 3083 sed
2721 3050 2747 3076 «
2783 3025 3025 3090 mederi,
3057 3026 3262 3080 sedare
3296 3047 3322 3074 »
3353 3025 3442 3080 vel
3492 3048 3520 3076 «
3571 3026 3749 3080 refre-

2111 3132 2267 3184 nare,
2303 3136 2330 3164 »
2362 3115 2559 3187 itaque
2609 3131 2740 3171 cum
2788 3115 3051 3170 Curterio
3094 3113 3596 3185 interpretaberis,
3635 3135 3656 3162 ιι
3692 3119 3751 3169 et

2109 3219 2237 3258 eam
2269 3204 2520 3273 cohibet,
2546 3221 2672 3276 quae
2702 3203 3102 3275 voluptatibus
3135 3202 3477 3258 delectatur.

2172 3310 2288 3364 Col.
2320 3311 2424 3366 442
2454 3311 2498 3366 D
2533 3313 2580 3366 1.
2611 3312 2766 3366 Nunc
2794 3316 2994 3366 autem.
3026 3315 3154 3365 Non
3187 3310 3246 3364 in
3290 3309 3580 3382 prophetae
3625 3326 3748 3365 ser-

2103 3414 2297 3468 mone,
2331 3401 2431 3455 sed
2461 3400 2520 3455 in
2554 3401 2754 3472 populi
2787 3399 3012 3455 malitia
3039 3401 3289 3471 gradum
3339 3399 3656 3470 quemdam
3687 3402 3746 3453 et

2102 3503 2478 3559 progressum
2503 3490 2720 3544 factum
2738 3505 2867 3546 esse
2888 3492 3055 3544 notat
3076 3487 3329 3543 Basilius
3353 3503 3368 3544 :
3400 3487 3615 3544 idcirco
3649 3504 3745 3542 ex-

2101 3578 2422 3648 punximus
2460 3577 2562 3633 illa
2606 3578 2784 3634 verba
2830 3578 3206 3649 interpretis:
3255 3600 3283 3627 ‹‹
3331 3577 3499 3632 Nunc
3549 3580 3743 3632 autem

2101 3683 2343 3723 exorsus
2375 3672 2463 3722 est
2490 3669 2565 3723 ab
2594 3685 2685 3734 eo,
2732 3669 2890 3740 quod
2939 3684 3081 3739 gens
3131 3667 3261 3738 ipsa
3305 3666 3596 3738 peccatrix
3645 3666 3748 3733 sit,

2098 3756 2443 3826 gravitatem
2475 3772 2831 3827 exaggerans
2881 3758 3009 3828 ipso
3053 3773 3368 3828 progressu
3420 3755 3772 3811 sententiae,

2098 3845 2312 3899 Plenus
2343 3845 2498 3899 enim
2533 3846 2786 3916 peccatis
2807 3845 3070 3899 redditur
3090 3843 3363 3914 populus.
3398 3848 3465 3897 Et
3494 3843 3647 3913 quod
3671 3843 3742 3896 ab

2096 3947 2162 3987 eo
2195 3931 2431 4002 proﬂuit
2473 3947 2698 3998 semen,
2751 3931 2856 3985 ﬁlii
2906 3931 3246 3986 efficiuntur
3276 3930 3487 4000 iniqui.
3515 3951 3543 3978 »
3576 3930 3742 3984 Idem

2094 4019 2276 4075 habes
2324 4022 2477 4093 apud
2530 4019 2875 4092 Procopium
2919 4037 2976 4090 p.
3023 4020 3112 4088 41,
3164 4018 3264 4074 ubi
3309 4019 3436 4073 sine
3465 4018 3642 4073 dubio
3673 4033 3742 4072 ex

2094 4109 2306 4165 Basilio
2337 4110 2794 4178 emendandum,
2828 4105 3006 4162 ἐπὶτὸ
3056 4106 3303 4181 γενέσθαι
3351 4106 3460 4160 υἱοί
3516 4102 3735 4178 ἄνομοι,

334 4196 530 4250 nicum
578 4199 729 4267 quod
779 4198 1012 4254 initium
1069 4199 1385 4271 prophetiae
1444 4198 1637 4267 Isaiae,
1697 4199 1870 4270 Osee,
1929 4206 1987 4256 et

2116 4216 2196 4254 iro
2216 4199 2306 4252 καὶ
2334 4197 2397 4252 τὸ
2426 4196 2686 4272 γενέσθαι.

333 4289 519 4340 Amos
547 4286 770 4342 confert
801 4304 915 4344 non
947 4288 1008 4343 in
1039 4305 1260 4343 annum
1293 4288 1849 4360 quinquagesimum
1891 4306 1981 4345 se-
2162 4287 2279 4343 Col.
2337 4289 2440 4343 143
2493 4288 2537 4342 D
2584 4289 2631 4342 1.
2698 4287 2846 4343 Velut
2891 4289 3176 4356 interpret.
3236 4283 3563 4357 Ἐρμηνείαν
3622 4284 3732 4339 hoc

332 4374 597 4429 cundum
655 4375 802 4431 Oziaa
849 4377 1024 4448 regis,
1073 4377 1175 4433 sed
1220 4377 1279 4432 in
1331 4376 1626 4433 decimum
1657 4377 1979 4448 septimum
2089 4375 2214 4432 loco
2246 4377 2507 4450 intellige
2531 4394 2646 4432 non
2677 4376 3115 4432 conversionem
3139 4392 3206 4430 ex
3233 4374 3641 4430 unoidiomate
3670 4374 3730 4429 in

332 4461 491 4518 circa
539 4480 760 4520 annum
811 4467 882 4522 ab
933 4465 1229 4522 Abraham
1282 4483 1452 4522 mccx.
1499 4467 1616 4523 Hoc
1644 4466 1826 4538 igitur
1856 4466 1981 4522 vult
2012 4528 2047 4540 _
2089 4465 2271 4534 aliud,
2304 4469 2403 4524 sed
2435 4492 2463 4519 ‹‹
2491 4468 2986 4540 explanationem,
3022 4488 3048 4515 ››
3079 4466 3244 4538 quasi
3273 4464 3430 4521 dicat
3459 4464 3727 4520 additum

333 4550 590 4608 Basilius
647 4570 715 4609 ex
758 4571 824 4610 eo
877 4560 1146 4611 constare
1198 4557 1470 4611 eumdem
1522 4572 1651 4612 esse
1700 4554 1895 4610 Oziam
1923 4560 1980 4610 et
2012 4528 2054 4591 θ
2086 4571 2214 4610 esse
2245 4557 2316 4611 ab
2347 4557 2593 4628 Origene
2623 4555 2709 4612 vel
2739 4573 2773 4612 a
2804 4557 3053 4611 Luciano
3100 4560 3383 4626 tanquam
3416 4553 3730 4625 expositio-

327 4639 623 4708 Azariam,
655 4643 809 4714 quod
843 4643 990 4699 Ozias
1015 4647 1074 4699 et
1101 4643 1321 4700 Azariae
1354 4645 1507 4700 idem
1531 4647 1764 4716 tempus
1813 4644 1976 4716 regni
2085 4660 2218 4700 nem
2249 4645 2410 4701 verbi
2459 4641 2862 4719 ἐγκαταλιπεῖν,
2909 4662 3021 4714 quo
3072 4643 3163 4700 usi
3209 4649 3345 4698 sunt
3398 4641 3554 4711 LXX,
3613 4642 3725 4697 nisi

328 4728 648 4800 tribuatur,
682 4731 963 4788 nimirum
990 4733 1128 4789 anni
1161 4733 1594 4806 quinquaginta
1625 4735 1762 4790 duo.
1810 4733 1972 4798 Quod
2082 4735 2231 4790 forte
2261 4733 2554 4806 intelligas
2585 4733 3040 4789 Theodotionem
3089 4732 3282 4787 Grmce
3313 4731 3395 4786 sic
3447 4730 3727 4786 extulisse

326 4834 466 4874 vero
496 4820 786 4891 sequitur,
818 4821 924 4878 Sed
952 4825 1084 4895 quia
1112 4824 1458 4894 principium
1487 4823 1570 4878 ita
1599 4822 1816 4878 clarius
1845 4840 1971 4878 ver-
2079 4824 2321 4879 verbum
2349 4822 2668 4888 Hebraeum,
2705 4823 2857 4892 quod
2901 4821 3048 4876 LXX
3080 4825 3380 4876 verterunt
3435 4815 3722 4893 ἐγκαταλι-

325 4905 398 4961 tit
427 4907 812 4967 doctissimus
843 4911 1106 4983 Procopii
1133 4911 1421 4983 interpres
1456 4912 1776 4977 Curterius,
1810 4938 1837 4962 α
1861 4913 1970 4966 An-
2078 4916 2221 4966 πεῖν.
2254 4912 2399 4967 Nam
2433 4911 2650 4982 alioqui
2684 4911 3002 4966 fuerantab
3024 4909 3272 4982 Origene
3291 4910 3402 4965 sub
3427 4909 3721 4965 asteriscis

324 5011 442 5050 non
477 5011 611 5051 vero
642 4999 800 5070 quia,
834 4999 1194 5072 Principium
1241 4999 1402 5055 verbi
1439 4999 1670 5055 Domini
1701 4999 1771 5055 ad
1803 5000 1967 5067 Osee,
2078 5015 2146 5056 ex
2177 4999 2591 5056 Theodotionis
2617 4999 3092 5070 interpretatione
3128 4999 3323 5053 addita
3365 4999 3544 5053 textui
3579 4998 3719 5068 Sep-

321 5082 382 5137 in
414 5087 556 5139 Osee
589 5083 1098 5159 legimus,primus
1115 5092 1172 5143 et
1198 5087 1326 5160 ipse
1355 5087 1655 5144 vaticinari
1686 5088 1906 5160 coepit?
1939 5111 1966 5137 ››
2076 5089 2365 5161 tuaginta,
2416 5106 2542 5160 qua:
2576 5091 2646 5144 ab
2698 5089 2813 5144 illis
2839 5106 2907 5143 ex
2939 5089 3174 5143 Hebraeo
3207 5106 3320 5142 non
3363 5089 3594 5142 fuerant
3622 5103 3717 5141 ex-

318 5169 473 5225 Illud
539 5176 756 5243 tamen,
817 5175 922 5250 πρὸ
966 5177 1064 5248 τῆς
1112 5176 1349 5248 ὁράσεως
1397 5180 1493 5230 τοῦ
1539 5174 1779 5245 Ἡσαΐου,
1833 5175 1883 5230 ἐν
1932 5175 1968 5250 ᾖ

2117 5182 2372 5243 ressa,ut
2402 5177 2604 5232 scribit
2631 5178 3016 5250 Hieronymus
3054 5177 3224 5249 epist.
3257 5178 3344 5245 89,
3383 5182 3440 5232 et
3470 5176 3718 5248 Epipha-

317 5279 507 5334 φησιν,
543 5269 773 5320 nonest
820 5266 1351 5338 interpretandum,
1407 5289 1428 5316 ι
1482 5272 1616 5323 ante
1657 5268 1962 5335 visionem,
2074 5267 2208 5322 nius
2234 5265 2337 5320 lib.
2371 5267 2442 5322 De
2497 5267 2831 5338 ponderibus
2877 5271 2927 5322 et
2979 5267 3271 5322 mensuris.
3331 5265 3490 5321 Idem
3541 5281 3710 5335 porro

315 5366 434 5420 qua
464 5349 753 5410 elevatum
783 5354 1235 5428 superliminare
1265 5355 1428 5426 dicit,
1458 5375 1483 5408 υ
1522 5358 1645 5428 sed,
1680 5380 1707 5408 «
1741 5357 1801 5412 in
1849 5375 1965 5428 qua

317 5437 466 5494 dicit
494 5439 786 5500 elevatum
818 5461 970 5515 esse,
1004 5468 1033 5496 »
1065 5463 1178 5502 non
1211 5463 1244 5501 a
1271 5445 1514 5513 visione,
1542 5447 1644 5503 sed
1679 5452 1743 5503 ut
1771 5447 1961 5518 suspi-

315 5530 489 5584 catur
512 5530 761 5589 Basilius
779 5550 812 5590 a
831 5538 996 5590 terra:
1011 5537 1269 5602 motu,ut
1291 5534 1424 5589 inde
1438 5534 1960 5607 colligaturAmos,

315 5615 421 5688 qui
442 5617 816 5690 prophetavit
845 5625 980 5680 ante
1010 5622 1157 5680 duos
1178 5637 1364 5679 annos
1393 5625 1558 5679 terra:
1582 5628 1797 5695 motus,
1829 5627 1964 5680 ante

2075 5355 2460 5427 Hieronymus
2518 5355 2577 5410 in
2630 5355 3052 5411 commentario
3111 5355 3166 5407 in
3207 5355 3411 5409 Isaiam
3466 5357 3716 5409 testatur

2071 5444 2182 5501 hoc
2232 5437 2604 5512 membrum,
2651 5445 2960 5500 abalienati
3017 5448 3144 5498 sunt
3193 5451 3514 5510 retrorsum,
3568 5443 3714 5497 LXX

2069 5533 2362 5604 interpres
2411 5549 2524 5589 non
2583 5534 2818 5590 habere.
2869 5529 3123 5587 Basilius
3172 5547 3242 5586 ex
3288 5530 3708 5588 Theodotionis

2069 5620 2324 5678 editione
2379 5621 2646 5679 additum
2713 5636 2842 5680 esse
2901 5619 3048 5688 vult,
3117 5627 3173 5676 at
3265 5620 3421 5693 apud
3504 5625 3707 5679 Proco-
