4138 6216
431 340 585 401 1075

1631 340 1862 402 NOTAE
1905 339 2344 402 FRONTONIS
2390 339 2648 400 DUCJEI

3681 344 3827 404 1076

425 468 590 540 pium
621 467 680 524 in
707 468 970 540 margine
999 471 1191 523 textus
1223 467 1376 522 LXX
1408 467 1561 522 idem
1593 467 1816 538 Aquilae
1866 466 2074 522 tribui-

2202 467 2345 539 ἷχνος
2378 463 2486 520 ἐστὶ
2520 462 2739 538 πληγῆς
2771 462 3033 541 ὕφαιμον,
3082 462 3113 518 ὅ
3152 464 3246 526 τὰς
3288 463 3558 527 ὑπούλους
3609 465 3828 538 καρδίας

427 562 561 614 tur:
597 575 774 630 quam
809 558 881 613 ob
915 574 1153 613 causam
1179 556 1504 611 Flaminius
1531 555 1798 614 Nobilius
1831 556 1887 610 in
1916 561 2076 612 nota-

429 647 689 703 tionibus
722 648 781 702 in
813 648 1013 701 Isaiam
1046 645 1386 716 ProcOpium
1417 644 1559 700 dicit
1590 644 1698 700 hoc
1729 644 1951 716 Aquilae
1977 644 2077 700 tri-

430 737 631 805 buere,
693 735 960 808 quamvis
1023 751 1220 789 revera
1301 735 1560 805 Procolﬁi
1621 734 2078 790 commentarius

431 827 762 881 membrum
796 822 944 879 illud
981 841 1090 879 non
1127 827 1442 896 agnoscat:
1477 823 1576 878 sed
1610 822 2077 878 animadverten-

425 915 567 970 dum
601 920 690 972 est
721 915 777 969 in
813 931 878 969 eo
911 913 1332 970 commentario
1367 917 1587 967 textum
1634 930 1700 968 ex
1733 911 1844 967 alio
1878 929 2078 984 perve-

424 1008 587 1059 tusto
610 1004 806 1058 codice
830 1001 1234 1074 manuscripto
1262 1003 1465 1057 Renati
1493 1001 1903 1073 Marchali,qui
1927 1018 2078 1056 nunc

421 1095 510 1148 est
530 1092 913 1148 illustrissimi
944 1091 1260 1147 cardinalis
1284 1090 1702 1164 Rupifucaldii,
1721 1091 2072 1162 exscriptum

421 1181 603 1238 fuisse
637 1185 692 1236 et
746 1181 1008 1253 Procopii
1055 1181 1475 1236 commentario
1520 1181 1845 1252 praeﬁxum.
1897 1180 2076 1236 Paulo

419 1274 552 1342 post
599 1269 1049 1326 immutavimus
1095 1268 1196 1325 illa
1239 1269 1609 1341 interpretis:
1646 1293 1672 1319 υ
1705 1269 1890 1324 Tanta
1917 1269 2075 1340 passi

419 1358 562 1415 estis
596 1359 838 1429 frustra,
873 1360 1042 1414 bonis
1073 1377 1228 1430 op.v.
1254 1359 1347 1414 ad.
1386 1359 1662 1431 n.r.quod
1686 1375 1811 1430 qua:
1836 1359 2074 1413 tandem

419 1449 613 1502 futura
635 1453 800 1504 erant
825 1447 1165 1520 neglexistis
1187 1448 1535 1520 przevidere:
1575 1469 1588 1496 ο
1631 1447 1923 1519 siquidem
1949 1445 2074 1517 cipit-

420 1534 539 1590 λεια
570 1535 621 1590 ἐν
652 1542 768 1598 τοῖς
799 1535 1020 1611 ὕστερον
1053 1543 1224 1593 sonat
1273 1561 1300 1587 ‹‹
1357 1536 1772 1609 negligentiam
1813 1536 1871 1593 ill
1903 1537 2075 1592 annis

421 1627 918 1698 consequentibus
953 1626 1297 1682 exbibitam‘.
1335 1647 1358 1677 ι

493 1732 616 1788 Col.
666 1734 766 1786 146
803 1734 841 1786 D
876 1734 926 1786 4.
957 1734 1199 1803 Accipite
1245 1732 1413 1788 enim.
1463 1735 1783 1787 Commune
1815 1733 1920 1787 hoc
1949 1748 2073 1786 om-

2189 552 2374 624 δηλοῖ.
2438 557 2603 611 Livor
2647 560 2832 611 autem
2862 565 2943 611 est
2969 554 3162 626 plagae
3187 558 3485 625 vestigium
3524 559 3820 616 subcruen-

2188 656 2328 710 (um,
2363 646 2510 700 unde
2539 645 2765 699 subdola
2796 649 2848 699 et
2878 645 3111 712 fallacia
3139 647 3307 700 corda
3339 649 3673 700 imzuuntur.

2260 752 2488 806 (301.149
2518 756 2564 806 Α
2603 752 3046 822 14.Quaecunque
3076 753 3398 817 enim.Quaa
3419 752 3474 806 in
3505 752 3612 807 hac
3632 755 3825 826 pagina

2189 847 2445 895 correcta
2475 847 2634 906 sunt,
2668 858 2735 895 ea
2768 839 2968 912 paucis
3001 840 3418 906 indicabimus,
3461 859 3653 912 neque
3683 846 3824 898 enim

2189 929 2447 984 omnium
2461 929 2742 984 rationem
2761 930 3002 984 reddere
3018 945 3254 984 necesse
3267 929 3494 998 est,nisi
3511 931 3700 986 sicubi
3714 949 3828 988 sese

2187 1018 2391 1072 atterat
2403 1018 2630 1072 occasio
2645 1016 2870 1073 similes
2885 1019 3122 1072 Patrum
3140 1018 3463 1074 sententias
3481 1018 3825 1075 illustrandi.

2189 1107 2464 1162 Poterunt
2493 1107 2592 1178 qui
2626 1108 2943 1163 editionem
2991 1107 3164 1162 istam
3197 1125 3330 1162 cum
3367 1111 3827 1180 praecedentibus

2187 1196 2560 1264 contulerint,
2595 1196 2830 1267 singula
2857 1213 2983 1268 qua:
3015 1202 3156 1251 sunt
3187 1199 3498 1254 emendata
3529 1215 3827 1271 cognosce-

2187 1303 2267 1341 re.
2295 1285 2398 1340 I-Iio
2425 1303 2557 1356 ergo
2584 1283 2728 1340 illud
2765 1283 3161 1357 ἁμαρτάνουσιν
3191 1287 3261 1341 ad
3295 1287 3527 1342 Judaaos
3560 1288 3828 1343 retulerat

2187 1375 2494 1446 interpres,
2529 1397 2556 1424 ‹‹
2595 1375 2748 1429 mala
2775 1374 2861 1428 illi
2893 1375 3106 1446 populo
3139 1376 3401 1447 peccanti
3426 1377 3655 1431 intenta
3677 1385 3824 1443 sunt,

2184 1459 2413 1517 licuerit
2441 1466 2498 1516 et
2531 1462 2588 1516 in
2624 1463 2790 1516 nobis
2825 1462 2966 1532 ipsis
2995 1463 3337 1534 perspicere.
3379 1487 3407 1513 ››
3433 1465 3665 1519 Rursus
3689 1466 3827 1520 intra

2185 1551 2500 1621 scripserat
2533 1574 2558 1598 ‹‹
2595 1550 2898 1606 ωάὶίὶοαιὶο
2931 1569 3133 1619 nostra
3161 1553 3209 1607 si
3243 1569 3278 1608 a
3323 1553 3588 1607 doctrina
3621 1571 3823 1625 pepen-

2183 1639 2354 1708 derit,
2388 1639 2556 1695 nobis
2587 1640 2784 1694 minus
2815 1641 3225 1696 convenienter
3284 1641 3461 1696 vitam
3513 1641 3671 1698 hanc
3717 1643 3824 1698 exi-

2182 1729 2478 1799 gentibus.
2516 1751 2544 1778 ››

423 1821 598 1876 nibus
618 1820 1790 1893 BasiliimanuscriptiscumGallicistum
1814 1819 2074 1892 Anglicis
2105 1840 2151 1904 Β
2257 1817 2374 1873 Col.
2424 1819 2516 1873 -l5l
2569 1817 2609 1872 Β
2661 1818 2711 1872 1.
2756 1818 2861 1886 Qui
2901 1821 2964 1873 in
3027 1834 3254 1875 aicano.
3321 1815 3660 1872 Ὑποκλαίειν
3725 1820 3820 1876 hoc

418 1915 509 1965 est
548 1911 852 1974 mendum,
893 1903 1096 1962 Λάϐετε
1143 1909 1242 1983 γὰρ
1277 1907 1554 1983 ἀπαρχήν,
1590 1910 1742 1981 quod
1784 1910 2070 1980 interpres

418 2003 572 2054 recte
603 1999 1159 2070 expressit,Accipite
1186 1999 1469 2070 primitias
1490 2020 1509 2054 :
1542 1999 1698 2072 apud
1722 1999 1912 2055 solum
1940 2000 2072 2054 Pro-

419 2087 676 2159 copium,
711 2105 768 2158 p.
806 2089 891 2156 13,
918 2087 1131 2159 legitur
1160 2081 1364 2142 Λάϐετε
1389 2087 1591 2162 ἀρχήν,
1625 2105 1728 2143 nec
1760 2088 1867 2143 fuit
1897 2105 2073 2143 causa

419 2195 525 2232 cur
557 2175 714 2232 illius
748 2177 1037 2248 interpres
1069 2177 1310 2232 adderet
1355 2178 1535 2232 textui
1567 2175 1693 2246 ἀπό,
1737 2194 1868 2232 cum
1902 2177 2073 2249 plane

423 2266 577 2321 absit
625 2283 658 2320 a
697 2265 1008 2335 Scripturzn
1051 2271 1209 2321 textu
1241 2266 1478 2322 Numer.
1519 2284 1556 2332 ι,
1590 2268 1643 2334 2,
1697 2267 1793 2322 ubi
1826 2266 2075 2339 Vulgata

427 2355 652 2422 Latina,
705 2353 902 2409 Tollite
971 2371 1243 2410 summam
1309 2356 1578 2410 universae
1636 2358 2076 2426 congregationis

429 2443 678 2498 Sanctus
707 2443 1051 2498 Ambrosius
1081 2462 1110 2498 e
1143 2445 1338 2500 Graeco
1369 2451 1599 2499 vertens
1631 2443 1799 2499 initio
1831 2443 1962 2498 libri
2001 2449 2080 2499 De

432 2549 545 2588 χιιι
576 2533 960 2588 mansionibus
991 2533 1074 2588 sic
1105 2533 1553 2604 interpretatur:
1589 2534 1779 2604 Accipe
1806 2550 2080 2589 summam

437 2623 716 2678 universae
743 2625 1182 2692 congregationis
1230 2621 1486 2690 filiorum
1536 2621 1712 2677 Israel
1756 2638 1854 2692 per
1900 2621 2081 2677 domos

437 2711 804 2779 familiarum.
844 2715 963 2766 Vox
994 2712 1234 2765 Hebraea
1265 2728 1381 2766 non
1436 2710 1669 2766 initium
1715 2715 1968 2774 tantum.
2021 2715 2085 2766 ut

437 2799 609 2855 vertit
657 2800 1037 2856 doctissimus
1086 2800 1350 2871 Procopii
1395 2799 1708 2871 interpres,
1761 2801 1862 2855 sed
1905 2801 2081 2856 etiam

441 2904 744 2944 summam
775 2892 832 2943 et
863 2894 1040 2960 caput
1066 2892 1328 2957 sonat,ut
1351 2889 1494 2943 vidit
1514 2889 1860 2944 Ambrosius
1890 2905 2086 2945 vocem

437 2975 614 3050 ἀρχήν
649 2976 744 3033 hic
778 2993 845 3033 ex
876 2977 1220 3033 Hebraismo
1253 2978 1608 3050 signiﬁcare,
1636 2977 1732 3033 oui
1765 2979 1958 3050 potius
1989 2995 2082 3033 as-

440 3066 837 3138 sentiendum,
872 3083 1044 3138 quam
1081 3066 1426 3138 Augustino,
1459 3067 1558 3139 qui
1594 3069 1651 3122 in
1692 3067 2087 3122 locutionibus

444 3154 745 3210 Hebraicis
796 3153 973 3229 ἀρχήν
1026 3172 1234 3210 sonare
1278 3161 1442 3227 putat
1469 3157 1646 3211 robur
1676 3158 1863 3212 aetatis
1897 3156 1954 3210 in
1984 3173 2082 3227 po-

441 3242 601 3314 pulo.
636 3243 729 3298 Sic
761 3248 816 3299 et
850 3244 1088 3302 Numer.
1123 3261 1162 3310 ι,
1197 3245 1283 3311 49,
1315 3245 1560 3300 vertitur
1589 3245 1789 3300 eadem
1824 3263 1931 3300 vox
1979 3243 2089 3317 ἀρι-

445 3330 604 3400 Ομὸς,
669 3331 769 3386 Καὶ
817 3331 908 3385 τὸν
965 3330 1195 3405 ἀριθμὸν
1247 3331 1422 3385 αὐτῶν
1474 3330 1535 3384 οὐ
1589 3331 1761 3405 λήψῃ,
1810 3335 1874 3388 Et
1902 3348 2094 3388 nume-

446 3436 572 3473 rum
631 3437 820 3476 eorum
863 3439 977 3475 non
1022 3439 1243 3477 sumes:
1283 3427 1338 3477 et
1387 3421 1563 3476 Exodi
1611 3439 1739 3491 xxx,
1776 3423 1859 3485 12,
1895 3418 2095 3474 συλλο-

446 3507 692 3580 γισμόςθ
756 3509 874 3563 Ἐὰν
945 3504 1119 3584 λάϐῃς
1185 3511 1275 3564 τὸν
1354 3507 1727 3584 συλλογισμὸν
1791 3514 1898 3563 τῶν
1964 3510 2094 3563 υἱῶν

454 3595 697 3668 Ἰσραήλ,
750 3599 814 3653 Si
841 3601 1118 3669 acceperis
1148 3603 1606 3670 computationem
1634 3601 1877 3670 ﬁliorum
1903 3600 2094 3655 Israel.

452 3685 568 3740 lIoc
599 3686 781 3758 igitur
820 3691 1037 3759 profert
1071 3689 1318 3744 Basilius
1346 3694 1410 3743 ut
1442 3690 1647 3761 probet
1693 3688 1826 3742 κατὰ
1854 3686 2093 3764 κεφαλήν

449 3774 607 3830 idem
647 3775 836 3832 valere
885 3779 1062 3848 quod,
1117 3779 1186 3833 ad
1245 3796 1426 3833 unum
1479 3795 1722 3845 omnes;
1774 3778 2099 3834 delevimus

451 3864 606 3919 enim
643 3865 700 3918 in
737 3867 1085 3936 precedenti
1121 3865 1376 3938 periodo,
1411 3891 1438 3917 ‹‹
1482 3867 1716 3921 nomine
1745 3867 1975 3938 capitis.
2025 3870 2097 3924 Ac

449 3951 498 4006 si
531 3952 955 4026 diceretipsam
979 3955 1265 4011 diutinam
1294 3955 1864 4012 immemorationem
1883 3956 2099 4012 conﬁr-

452 4041 593 4097 mati
628 4042 868 4100 doloris.
907 4066 935 4093 »
967 4044 1200 4100 Putavit
1228 4061 1289 4100 se
1319 4043 1533 4116 legisse
1566 4043 1761 4116 μόνην,
1798 4047 1861 4100 ut
1895 4044 2098 4101 eratin

449 4129 732 4203 Anglicis,
783 4151 920 4202 non,
969 4139 1034 4188 ut
1065 4135 1178 4190 duo
1207 4133 1368 4205 Regii
1401 4138 1457 4189 et
1488 4133 1899 4189 Cardinalitius
1953 4151 2099 4206 pra:-

449 4220 735 4289 ferebant,
780 4220 903 4297 περὶ
953 4221 1122 4290 αὐτὴν
1172 4221 1361 4294 μόνην,
1415 4222 1666 4294 «ipsum
1703 4223 1894 4278 solum
1926 4228 2102 4295 caput

451 4309 710 4366 doiorem
741 4309 1099 4368 incumbere.
1139 4334 1167 4361 »

533 4416 762 4473 001.147
794 4418 835 4473 C
864 4418 1098 4474 3.Corda
1127 4418 1558 4474 sunt.Ediderat
1588 4418 1933 4488 interpres,«
1954 4417 2100 4473 vibi-

453 4528 548 4566 ces
580 4512 777 4564 autem
829 4508 1006 4562 corda
1053 4512 1212 4576 sunt,
1247 4523 1374 4577 quae
1408 4505 1540 4562 licet
1571 4507 1923 4562 obduxerint
1949 4507 2099 4560 cica-

2182 1907 2305 1963 loco
2339 1924 2576 1962 necesse
2626 1925 2741 1962 non
2792 1908 2903 1962 fuit
2954 1907 3151 1962 addito
3195 1907 3451 1979 epitheto
3477 1909 3817 1978 exprimere,

2179 1999 2240 2052 in
2269 2012 2470 2052 arcano
2496 2013 2707 2052 secessu
2752 1996 2952 2066 deﬂere
2985 2015 2999 2065 ;
3050 1998 3149 2052 sed
3185 2013 3286 2068 pro
3317 1996 3572 2068 simplici
3623 1995 3820 2050 κλαίειν

2182 2087 2377 2158 aptius
2410 2102 2636 2152 sumas,
2669 2088 2991 2158 praesertim
3037 2101 3170 2140 cum
3207 2092 3487 2158 sequatur
3521 2085 3831 2160 αἰσχύνεται

2181 2174 2303 2248 γάρ,
2339 2173 2493 2245 quod
2523 2174 2743 2228 indicat
2772 2190 2899 2229 eam
2934 2175 3132 2246 potius
3186 2173 3496 2229 stationem
3561 2176 3836 2246 paeniten-

2185 2264 2331 2320 tium
2363 2281 2493 2334 quae
2538 2260 2924 2337 πρόσκλαυσις,
2977 2265 3157 2334 ﬂetus,
3191 2263 3518 2332 dicebatur,
3553 2265 3730 2334 cujus
3779 2266 3837 2320 lit

2188 2354 2404 2408 mentio
2435 2354 2494 2407 in
2543 2353 2868 2425 appendice
2925 2352 3188 2424 epistolaa
3237 2353 3530 2409 canonica:
3582 2354 3833 2426 Gregorii

2185 2441 2998 2514 Thaumaturgi.Sequebatur
3017 2441 3357 2513 hic,¢quare
3375 2459 3490 2496 non
3510 2442 3640 2512 jam
3673 2460 3836 2514 oppe-

2188 2533 2305 2586 rior
2324 2531 2527 2586 horam
2552 2530 3013 2599 communionis;
3040 2555 3059 2580 υ
3088 2531 3251 2602 atqui
3270 2528 3482 2600 σύναξις
3510 2548 3628 2586 non
3659 2531 3837 2602 ipsam

2192 2617 2399 2690 μέθεξιν
2429 2622 2535 2672 τῶν
2590 2619 2954 2693 ἁγιασμάτων,
3003 2619 3481 2674 communionem
3525 2620 3837 2691 participa-

2190 2709 2528 2780 tionemque
2572 2714 3076 2764 sacramentorum
3126 2708 3440 2780 signiﬁcat,
3499 2710 3602 2763 sed
3658 2715 3836 2763 totum

2190 2797 2358 2868 illud,
2398 2821 2418 2847 ι
2453 2798 2715 2853 divinum
2740 2797 3020 2863 officium,
3055 2820 3082 2847 »
3111 2798 3266 2869 quod
3303 2798 3488 2853 Latini
3536 2797 3838 2853 collectam

2194 2893 2251 2943 et
2302 2887 2568 2954 missam,
2621 2888 2801 2942 Graaci
2853 2887 3030 2942 etiam
3081 2884 3228 2958 ἁγίαν
3265 2883 3607 2960 λειτουργίαν
3644 2887 3838 2958 appel-

2194 2975 2414 3044 lant,ut
2440 2977 2720 3031 adversus
2751 2976 3060 3031 Erasmum
3095 2975 3362 3045 pluribus
3389 2975 3765 3031 ostendimus
3787 2977 3838 3030 in

2198 3064 2415 3121 nostris
2444 3067 2602 3121 notis
2633 3066 2704 3120 ad
2740 3065 3041 3120 bomiliam
3087 3065 3487 3137 Chrysostomi
3518 3068 3554 3118 2
3583 3065 3842 3121 adversus

2199 3154 2436 3221 Judazos,
2470 3154 2604 3208 licet
2640 3155 2797 3209 illius
2839 3153 3230 3225 patrocinium
3268 3155 3488 3208 frustra
3519 3155 3844 3225 suscipiant

2203 3243 2312 3297 viri
2364 3243 2516 3297 docti
2567 3242 2625 3296 in
2677 3241 2840 3297 novis
2891 3243 3016 3297 suis
3062 3242 3602 3297 exercitationibus.
3659 3247 3846 3310 Neque

2205 3332 2359 3387 enim
2388 3347 2494 3386 nos
2527 3333 2868 3402 negavimus
2915 3328 3123 3398 σύναξιν
3175 3330 3590 3386 eucharistiam
3625 3331 3844 3402 signiti-

2206 3437 2359 3487 care,
2397 3419 2479 3476 vel
2512 3422 2707 3491 potius
2755 3425 3104 3475 conventum
3158 3421 3226 3474 ad
3262 3419 3683 3475 eucharistiam
3715 3419 3847 3475 cele-

2207 3509 2491 3565 brandam
2539 3515 2844 3578 coactum,
2896 3510 2998 3564 sed
3052 3507 3261 3577 σόναξιν
3319 3509 3390 3564 ad
3441 3525 3570 3563 eam
3624 3514 3843 3580 partem

2206 3598 2562 3670 sumptionis
2595 3605 3096 3652 sacramentorum
3133 3596 3406 3668 restringi
3437 3597 3626 3652 solere
3659 3599 3732 3652 ab
3757 3613 3844 3652 ec-

2207 3686 2553 3742 clesiasticis
2583 3686 2970 3759 scriptoribus
2994 3693 3329 3742 constanter
3358 3702 3672 3758 negamus.
3709 3686 3843 3740 illud

2208 3776 2446 3830 demum
2478 3776 2632 3847 quod
2665 3775 2954 3847 sequitur,
2985 3775 3014 3828 ὃ
3063 3795 3114 3828 τι
3166 3771 3226 3828 ἄν
3272 3773 3416 3848 τύχῃ
3479 3773 3844 3847 πλασάμενος,

2209 3869 2460 3919 verterat
2489 3865 2795 3936 interpres,
2835 3888 2855 3913 α
2889 3870 2951 3920 ut
2981 3881 3053 3920 ne
3097 3864 3573 3937 deprehendatur
3614 3866 3741 3936 ejus
3772 3863 3844 3919 si-

2209 3953 2471 4010 mulatio.
2510 3976 2537 4003 ››

2282 4043 2398 4099 Col.
2434 4043 2533 4097 154
2566 4048 2604 4098 C
2636 4045 2686 4099 1.
2721 4045 2782 4098 Et
2811 4045 2862 4098 si
2903 4046 3061 4115 forte.
3107 4045 3432 4116 Scripserat
3479 4044 3846 4107 Tilmannus,

2208 4137 2267 4187 ut
2296 4132 2456 4188 hodie
2484 4133 2627 4187 ritus
2655 4132 2921 4203 quosdam
2968 4138 3336 4205 exsequantur
3365 4135 3503 4189 olim
3533 4134 3659 4202 lege
3689 4136 3847 4187 inter-

2209 4221 2395 4278 dictas.
2431 4223 2553 4277 Imo
2581 4221 2756 4277 etiam
2789 4221 2839 4277 si
2864 4221 2988 4294 lege
3016 4222 3383 4295 praescriptos
3404 4222 3555 4278 ritus
3580 4223 3716 4294 quis
3738 4237 3849 4277 ser-

2209 4315 2323 4378 vet,
2351 4310 2406 4364 in
2435 4309 2750 4380 perniciem
2773 4309 2830 4364 id
2865 4311 3038 4378 cedit,
3077 4312 3232 4366 unde
3252 4311 3567 4384 Apostolus
3589 4311 3774 4366 Galat.
3800 4325 3850 4376 v,

2211 4415 2247 4454 u
2273 4418 2286 4455 :
2323 4400 2590 4468 Quoniam
2615 4401 2664 4454 si
2690 4401 3194 4466 circumcidamini,
3243 4399 3490 4455 Christus
3528 4399 3690 4455 vobis
3716 4399 3854 4454 nihil

2207 4488 2477 4559 proderit.
2515 4488 2572 4543 In
2595 4490 2834 4560 periodo
2857 4490 3124 4561 sequenti
3147 4487 3336 4563 ὀπώρα
3369 4505 3485 4544 non
3503 4494 3850 4544 autumnum

452 4597 894 4666 tricem,subter
909 4600 1098 4650 tamen
1115 4595 1455 4667 purulentia
1467 4599 1523 4650 et
1535 4595 1699 4650 sanie
1713 4595 2087 4650 redundant.)

2211 4579 2311 4633 sed
2349 4579 2570 4632 fructus
2600 4577 2996 4647 autumnales,
3026 4577 3112 4633 vel
3141 4594 3314 4650 poma
3344 4577 3662 4651 signiﬁcat.
3690 4575 3852 4632 Deni-

459 4687 586 4742 Non
635 4684 858 4740 viderat
906 4683 1210 4750 nimirum,
1254 4684 1362 4739 etsi
1406 4679 1618 4737 ὕπουλα
1666 4678 1803 4751 ἕλκη
1833 4683 2106 4738 dicantur

455 4774 688 4847 proprie
731 4773 945 4841 ulcera,
997 4789 1124 4845 quae
1174 4773 1501 4828 cicatricem
1552 4773 1944 4842 obduxerunt,
2002 4772 2101 4828 sed

456 4862 771 4937 purulenta
828 4866 966 4918 sunt
1012 4862 1243 4928 subtus,
1297 4867 1490 4916 tamen
1543 4861 1938 4933 metaphorice
1991 4860 2104 4916 dici

456 4952 692 5026 quidvis
725 4947 964 5004 ὕπουλον
999 4950 1108 5006 sub
1144 4967 1259 5022 quo
1292 4950 1495 5006 vitium
1529 4948 1767 5021 aliquod
1798 4948 1959 5018 latet,
1984 4950 2105 5005 sive

457 5040 775 5099 subdolum
807 5044 863 5096 et
892 5039 1140 5095 inﬁdum
1165 5039 1417 5111 quidvis,
1443 5043 1507 5094 ut
1536 5039 1691 5111 apud
1721 5037 2104 5093 Plutarchum

459 5135 532 5187 De
575 5133 800 5202 fortuna
845 5128 1126 5184 Alexand.
1190 5131 1383 5202 Φυγῶν
1425 5125 1689 5196 ἐνέπλησε
1737 5127 1821 5180 καὶ
1869 5127 2102 5181 στάσεων

465 5218 715 5274 ὑπούλων
736 5219 833 5287 τήν
877 5215 1200 5291 ἡγεμοοίαν·
1243 5218 1468 5273 Exsiliis
1498 5236 1560 5273 ac
1592 5217 1880 5273 discordiis
1910 5217 2107 5287 inﬁdis

460 5311 757 5377 imperium
787 5310 1034 5380 replevit.
1063 5307 1533 5378 Chrysostomus,
1563 5306 1666 5363 lib.
1701 5324 1717 5361 ι
1752 5307 1821 5361 De
1848 5322 2106 5378 compun-

455 5400 635 5453 clione
689 5398 886 5467 cordis,
947 5414 1004 5468 p.
1073 5397 1210 5451 117;
1281 5393 1380 5448 Καὶ
1452 5393 1708 5457 ὑπούλως
1775 5391 2103 5466 διακείμενοι

455 5491 572 5547 τοῖς
635 5484 1036 5559 θυσιαστηρίοις
1084 5485 1384 5561 πρόσιμεν·
1437 5493 1487 5540 et
1547 5484 1700 5542 dolos
1766 5493 1985 5540 tantum
2044 5486 2106 5540 in

456 5575 615 5632 corde
661 5579 939 5632 versantes
985 5576 1294 5631 accedimus
1341 5573 1412 5630 ad
1439 5574 1634 5630 altare.
1669 5574 1826 5629 Vidit
1859 5573 1965 5630 hoc
2010 5573 2104 5630 in-

455 5666 681 5733 terpres
714 5664 1121 5721 commentarii
1153 5662 1439 5735 Procopii,
1471 5680 1528 5735 p.
1563 5662 1631 5719 l3
1653 5680 1672 5718 :
1703 5661 1762 5718 '0
1795 5658 1852 5716 δὲ
1889 5659 2105 5738 μώλωψ

2213 4681 2325 4738 que
2352 4666 2410 4720 in
2440 4670 2698 4722 extremo
2737 4666 2960 4738 paginae
3005 4671 3261 4722 verterat
3291 4666 3605 4739 interpres,
3639 4688 3670 4717 «
3701 4681 3851 4721 com-

2215 4755 2477 4827 plectens
2508 4755 2836 4812 studiosam
2870 4755 3202 4813 alacriatem
3233 4756 3653 4828 perfectorum,
3679 4777 3702 4809 ι
3731 4754 3854 4810 licet

2213 4845 2272 4898 in
2309 4859 2417 4899 ms.
2453 4848 2608 4900 esset
2633 4841 2880 4912 τελειῶν,
2915 4861 3029 4901 non
3050 4841 3293 4899 τελείων.

2285 4951 2404 5007 Col.
2459 4952 2560 5006 156
2600 4957 2638 5007 C
2684 4952 2740 5007 9.
2791 4951 3279 5022 Quemadmodum.
3331 4951 3626 5025 Interpres
3672 4949 3848 5007 edide-

2214 5045 2335 5097 rat:
2370 5064 2396 5090 «
2435 5041 2940 5106 Quemadmodum
2970 5042 3123 5099 enim
3156 5042 3292 5098 vitis
3323 5058 3425 5114 per
3452 5041 3850 5097 fodicationem

2214 5147 2327 5186 non
2359 5130 2660 5202 exspirans
2693 5131 2860 5187 facile
2891 5133 3200 5188 evanescit.
3253 5153 3282 5180 ››
3326 5135 3395 5185 At
3422 5131 3581 5186 enim
3623 5125 3848 5182 διαπνεῖ-

2214 5220 2334 5273 σθαι
2369 5219 2583 5275 dicitur
2613 5237 2729 5276 non
2761 5221 2952 5276 solum
2985 5221 3139 5293 quod
3162 5220 3424 5276 difflatur
3454 5225 3511 5275 et
3541 5217 3848 5280 evanescit,

2215 5311 2314 5366 sed
2348 5311 2520 5365 etiam
2556 5311 2708 5382 quod
2743 5310 3044 5382 perﬂatur,
3075 5314 3176 5366 aut
3205 5313 3376 5365 vento
3426 5314 3734 5381 purgatur,
3791 5307 3847 5358 ut

2216 5400 2368 5470 apud
2394 5398 2801 5455 Dioscoridem
2856 5400 2957 5455 lib.
3006 5416 3060 5468 v,
3115 5415 3242 5470 cap.
3290 5399 3348 5465 9,
3406 5393 3844 5450 δυσδιάπνευσ-εος

2215 5488 2450 5552 dicitur,
2483 5487 2582 5560 qui
2614 5505 2716 5560 per
2746 5487 3038 5561 spiritales
3069 5491 3298 5544 meatus
3329 5504 3477 5562 aegre
3509 5483 3841 5544 transmitti-

2214 5581 2332 5642 tur,
2370 5578 2450 5631 ita
2479 5572 2820 5649 εὐδιάπνοος,
2847 5577 2946 5650 qui
2986 5577 3266 5651 perﬂatus
3323 5576 3492 5633 facile
3548 5574 3721 5646 capit.
3763 5571 3841 5626 Sic

2215 5665 2554 5737 Columella,
2582 5664 2682 5722 lib.
2721 5682 2797 5737 xv,
2850 5683 2975 5740 cap.
3027 5665 3116 5739 44,
3143 5663 3419 5722 colendas
3448 5670 3507 5722 et
3548 5661 3838 5720 nudandas
