4124 6240
391 362 545 420 1077

1585 367 1688 426 AD
1733 366 2141 428 COMMENT.
2191 368 2266 428 IN
2313 369 2607 430 lSAlAM.

3649 374 3809 436 1078

395 507 526 547 esse
555 491 703 546 vites
736 497 954 558 monet,
987 496 1053 549 ut
1085 494 1310 550 hiberni
1341 495 1558 551 imbres
1589 498 1661 552 ad
1709 513 1808 552 eas
1858 503 2049 554 trans-
2080 511 2133 574 Α
2165 499 2405 556 Hebrszo
2438 517 2450 554 :
2491 503 2686 558 Vocare
2711 503 3151 558 convocationem
3180 518 3291 558 non
3317 511 3524 575 potero.
3549 505 3643 562 Sic
3669 521 3806 577 ergo

396 581 736 635 mittantur.
772 581 997 637 Rursus
1022 581 1192 649 illud,
1229 584 1303 654 μή
1337 582 1840 657 ἀποσκευασαμένη,
1863 596 2046 643 verte-

386 673 498 732 rat,
516 670 706 723 anima
731 672 916 724 minus
946 680 1092 726 recte
1121 687 1176 726 se
1203 688 1528 744 componens
1559 677 1707 730 circa
1727 675 1840 730 hec
1859 692 2043 748 corpo-

389 758 562 812 ralia.
589 762 662 813 At
684 759 841 814 enim
871 759 1323 828 ἀποσκευάζεσθαι
1353 781 1467 819 non
1491 770 1580 819 est
1601 765 2042 838 παρασκευάζειν,

392 862 742 919 praeparare,
769 864 1135 921 componere,
1157 852 1256 906 sed
1293 869 1595 922 exornare,
1626 854 1713 909 vel
1745 870 2042 922 evacuare,

391 941 457 991 ut
542 936 782 992 Levitici
853 955 967 1009 xxv,
1027 941 1097 994 36
1153 957 1166 995 :
1226 940 1519 1012 Προστάξει
1578 942 1605 995 ὁ
1664 941 1840 1016 ἱερεὺς
1909 942 2041 996 ἀπο-

385 1025 637 1079 σκευάσαι
709 1030 800 1079 τὸν
883 1025 1030 1080 οἷκον
1067 1046 1079 1058 ο
1141 1030 1438 1102 Praecipiet
1499 1034 1746 1088 sacerdos
1808 1049 2046 1088 vacuare

387 1116 629 1170 domum.
662 1114 936 1188 Vulgata,
966 1121 1030 1172 ut
1057 1119 1287 1190 efferant
1326 1121 1588 1177 universa
1627 1123 1696 1177 de
1737 1121 1918 1177 domo.
1953 1123 2041 1177 Si-

383 1203 542 1260 milis
578 1221 743 1260 error
775 1204 1040 1261 sublatus
1072 1212 1161 1262 est
1199 1209 1309 1263 sub
1340 1210 1512 1265 ﬁnem
1543 1211 1792 1282 paginas,
1816 1207 2043 1279 ἑξοιδαί-

377 1311 488 1346 νειν
541 1291 1037 1366 παρασκευάζοντα,
1074 1317 1102 1347 ‹‹
1135 1297 1204 1352 ad
1266 1297 1372 1353 hoc
1434 1305 1850 1371 componentes
1909 1300 2040 1354 ani-

383 1397 564 1450 mam,
590 1388 656 1437 ut
681 1382 841 1438 inani
869 1389 1099 1440 tumore
1132 1386 1368 1458 superb.
1403 1392 1720 1458 turgescat.
1757 1411 1784 1436 »
1817 1389 2037 1443 Ibidem

384 1473 798 1543 corrigendum
832 1488 901 1527 ex
917 1474 1112 1546 Regiis
1145 1481 1208 1529 ut
1237 1477 1296 1530 in
1321 1478 1655 1549 apographo
1672 1477 1907 1548 Anglico
1931 1477 2040 1532 fuit

391 1560 816 1636 ὑπερφυσᾶσθαι,
850 1579 954 1634 pro
991 1562 1412 1636 ὑπερφύσασθαι.

453 1667 572 1724 Col.
598 1669 700 1723 158
719 1670 764 1723 Α
787 1669 872 1724 14.
905 1671 966 1725 In
997 1686 1184 1727 eremo
1214 1673 1488 1728 nutritus.
1522 1673 1750 1728 Vitiosa
1779 1673 1950 1730 lectio
1974 1675 2033 1730 F.

386 1774 498 1813 ms.
533 1759 860 1814 versionem
895 1761 1115 1832 peperit
1150 1761 1420 1818 vitiosam
1453 1760 1656 1839 ἐτράφη
1714 1761 1766 1817 tv
1820 1761 2032 1838 ἐρήμῳ,

2156 589 2532 644 scribendum
2567 591 2675 646 hoc
2709 590 2908 646 loco:«
2926 592 3306 647 reddiderunt
3333 597 3596 659 vocatam,
3623 595 3804 650 Theo-

2157 679 2350 734 dotion
2385 685 2578 735 autem
2612 678 2823 748 nim-4v
2864 684 3230 747 convocatam,
3264 682 3646 752 Symmachus
3669 699 3799 738 vero

2151 765 2364 836 κλητήν
2396 771 2832 824 concertationem
2862 786 2968 825 non
2997 771 3172 838 feram
3196 788 3215 827 .'
3245 787 3425 840 quare
3455 787 3570 825 non
3601 772 3799 826 existi-

2155 860 2664 925 mamus,etc.,sed
2687 875 2917 914 omnem
2944 859 3098 914 diem
3120 859 3220 929 qui
3243 864 3484 915 vocatus
3515 860 3632 914 sive
3656 860 3796 916 cele-

2153 945 2273 1000 bris
2303 946 2693 1018 appellatur.»
2719 948 2812 1002 Sic
2844 949 2996 1018 apud
3023 947 3366 1018 Procopium
3401 947 3652 1020 legimus
3680 949 3798 1004 haec

2151 1035 2210 1088 in
2244 1036 2656 1107 compendium
2689 1037 2946 1105 redacta,
2971 1033 3116 1090 ’Λντῖ
3164 1033 3220 1090 δὲ
3247 1042 3346 1104 τῆς
3382 1035 3624 1109 μεγάλης
3655 1038 3797 1108 ἡμὲ-

2153 1141 2246 1196 ρας
2276 1121 2487 1192 κλητὴν
2509 1122 2769 1194 ἐξέδωκαν
2803 1125 2853 1178 oi
2887 1123 3097 1191 λοιποὶ,
3128 1124 3203 1185 ὡς
3239 1124 3313 1196 μὴ
3350 1123 3472 1195 μίαν
3535 1125 3798 1196 σημαίνε-

2151 1221 2291 1278 σθαι,
2325 1216 2498 1265 πᾶσαν
2531 1209 2588 1266 δὲ
2614 1215 2713 1282 τὴν
2748 1211 2798 1266 ἐν
2832 1218 2910 1284 τῷ
2939 1213 3095 1286 νόμῳ
3126 1210 3473 1284 καλουμένην
3501 1212 3736 1284 κλητήν.

2220 1317 2339 1371 Col.
2378 1318 2481 1373 182
2538 1318 2581 1373 D
2639 1320 2693 1373 6.
2729 1319 2982 1374 Animam
3021 1321 3251 1391 justam.
3288 1319 3536 1387 Vulgata
3593 1321 3797 1376 Latina

2148 1421 2215 1459 ex
2267 1407 2549 1463 Hebraeo:
2593 1408 2707 1462 Non
2760 1409 2969 1479 afﬂiget
3018 1409 3278 1464 Dominus
3331 1411 3488 1479 fame
3541 1412 3796 1466 animam

2145 1495 2281 1557 justi
2312 1512 2324 1550 :
2361 1497 2459 1550 sed
2492 1495 2586 1550 hic
2618 1497 2688 1550 ad
2719 1498 2956 1552 verbum
2988 1499 3332 1553 vertendum
3364 1503 3504 1566 erat,
3537 1501 3794 1554 animam

2144 1585 2434 1651 iustorum.
2470 1584 2632 1648 Quod
2664 1601 2795 1640 vero
2827 1586 3114 1657 sequitur,
3145 1587 3215 1641 ab
3260 1587 3577 1658 interprete
3607 1587 3789 1644 omis-

2143 1689 2298 1742 sum,
2321 1690 2428 1729 nos
2450 1673 2814 1744 interpretati
2838 1691 3066 1745 sumus,
3093 1676 3193 1729 sed
3219 1693 3336 1730 una
3355 1692 3491 1731 voce
3512 1677 3788 1732 mutilum

2144 1761 2226 1816 sic
2249 1763 2579 1817 sanandum
2615 1767 2704 1817 est
2733 1780 2800 1818 ex
2835 1780 2976 1818 mss.
2995 1764 3054 1818 F.
3073 1761 3363 1818 Η.Ι;οῧτω
3386 1759 3431 1816 δ’
3455 1758 3511 1816 ἂν
3533 1764 3623 1817 καὶ
3645 1761 3790 1818 ἐναν-

383 1863 562 1919 quam
588 1853 919 1920 sequuntur
948 1853 1004 1904 et
1031 1850 1256 1922 Anglici
1291 1868 1433 1908 mss.
1465 1853 1678 1907 Verum
1733 1855 1790 1907 in
1824 1853 2028 1908 Henri-

2147 1848 2322 1921 τέωμα
2352 1849 2417 1917 ἦν
2451 1851 2588 1924 πρὸς
2621 1851 2704 1905 τὸν
2732 1855 2839 1905 τῶν
2878 1871 3075 1924 μακαρ.
3111 1852 3236 1907 Non
3277 1854 3625 1924 deprecatur
3652 1870 3787 1926 ergo

385 1937 553 1992 ciano
580 1945 639 1992 et
668 1937 929 1993 Joeusaao
958 1939 1244 2010 scriptum
1291 1945 1446 1996 recte
1475 1937 1666 2016 ἐτάφη,
1699 1964 1726 1990 ‹‹
1759 1941 2030 2012 sepultus

386 2031 496 2082 est.
533 2047 561 2075 η
594 2029 796 2098 Itaque
854 2027 1251 2084 restituendus
1299 2034 1389 2084 est
1435 2029 1598 2084 locus
1628 2047 1695 2086 ex
1755 2030 2028 2101 Procopio

386 2133 520 2190 pag.
556 2118 623 2172 16
653 2134 664 2171 :
700 2117 792 2170 'Qv
829 2117 856 2170 ὁ
888 2115 1227 2190 ἐπιθυμήσας
1277 2117 1618 2192 ίπιθυμητὴς
1665 2118 1834 2174 πάλαι
1894 2116 2027 2181 λαὸς

386 2203 438 2258 ἐν
469 2208 538 2278 τῇ
571 2203 765 2279 ἐρήμῳ
813 2205 1004 2284 ἐτάφηο
1041 2231 1068 2260 α
1119 2210 1376 2274 Quorum
1421 2210 1710 2266 desiderio
1760 2227 1892 2266 cum
1948 2214 2030 2264 te-

385 2300 623 2351 neretur
654 2297 1014 2352 desiderator
1043 2298 1299 2370 p0pulus
1329 2298 1467 2355 olim
1499 2299 1556 2353 in
1589 2300 1819 2354 deserto
1839 2299 2030 2370 sepul-

381 2389 480 2439 tus
512 2389 621 2441 est.
660 2407 686 2434 »
717 2386 808 2441 Sic
865 2387 1020 2442 enim
1078 2387 1326 2458 legimus
1381 2389 1618 2444 Numer.
1658 2406 1736 2458 x1,
1763 2389 1830 2443 34
1863 2405 1877 2444 :
1909 2390 2027 2440 Ὅτι

379 2469 491 2526 ἐκεῖ
533 2469 733 2546 ἔθαψαν
790 2473 882 2528 τὸν
945 2470 1074 2528 λαὸν
1130 2475 1221 2530 τὸν
1281 2473 1648 2547 ἐπιθυμητήν,
1681 2477 1835 2550 quod
1891 2480 2028 2532 Am-

380 2562 612 2619 brosius
645 2562 746 2618 lib.
766 2565 841 2620 De
868 2581 982 2620 xm
1010 2567 1384 2622 mansionibus
1413 2566 1848 2638 interpretatur,
1870 2583 2030 2621 man-

379 2651 544 2708 sione
573 2668 674 2718 xu,
712 2655 845 2723 quia
892 2655 974 2709 ibi
1007 2655 1345 2726 sepelierunt
1394 2656 1659 2727 populum
1687 2655 2030 2711 desiderato-

377 2756 518 2795 rem.
552 2740 844 2812 Interpres
903 2759 1134 2813 quoque
1193 2743 1453 2816 Procopii
1509 2761 1705 2800 vocem
1765 2742 2031 2815 ἐπιθυμη-

377 2829 480 2898 τής
512 2846 624 2886 non
659 2832 965 2902 expressit.

453 2917 570 2974 Col.
605 2919 708 2973 163
740 2927 783 2973 A
818 2920 903 2974 11.
934 2921 1088 2975 Sicut
1109 2922 1317 2978 cazteri.
1351 2922 1462 2977 Hoc
1493 2937 1728 2993 quoque
1762 2922 1940 2976 miror
1959 2919 2031 2975 ab

382 3006 700 3079 interprete
723 3007 910 3064 fuisse
942 3009 1230 3065 omissum
1263 3011 1416 3081 quod
1449 3025 1562 3066 ms.
1595 3009 1654 3064 F.
1690 3010 1740 3064 ei
1788 3024 2031 3080 sugges-

382 3101 557 3166 serat,
589 3097 750 3154 etab
799 3097 932 3154 aliis
985 3098 1287 3154 codicibus
1347 3099 1704 3170 agnoscitur,
1737 3103 1913 3162 atque
1961 3098 2031 3152 ab

383 3185 532 3257 ipsis
591 3189 880 3258 excerptis
939 3187 1200 3258 Procopii
1256 3205 1386 3258 pag.
1440 3190 1564 3244 20:
1614 3187 1701 3250 Ὡς
1757 3183 2031 3249 ἀσυνέτοις

381 3272 446 3328 τὸ
503 3276 812 3350 προσέχειν,
846 3275 881 3344 ἢ
937 3276 1000 3330 τὸ
1057 3273 1419 3345 ἐνωτίζεσθαι,
1461 3276 1535 3339 ὡς
1602 3272 1861 3346 ἐξέδωκαν
1918 3271 2031 3330 ἓτε-

380 3381 488 3438 ροι”
521 3366 757 3437 Populos
796 3369 1091 3422 crassiores
1131 3374 1183 3422 et
1233 3367 1484 3422 radiores
1539 3366 1881 3436 attende-udi,
1912 3373 2028 3433 aut,

377 3456 438 3507 ut
466 3453 572 3508 alii
599 3454 916 3523 ediderunt,
936 3455 1162 3510 auribus
1186 3456 1546 3526 percipiendi.
1579 3460 1717 3509 Tres
1752 3454 2029 3509 nimirum

375 3541 722 3614 interpretes
777 3544 1004 3600 Graecos
1063 3543 1356 3615 intelligit,
1415 3543 1708 3614 Aquilam,
1767 3548 2030 3615 Symma-

375 3630 646 3697 chum,et
668 3632 1421 3704 Theodotionem,quorum
1443 3633 1630 3688 versio
1676 3633 1733 3687 in
1765 3633 2033 3704 Tetraplis

307 3752 321 3768 ε
376 3736 508 3775 cum
543 3721 929 3793 Septuaginta
958 3722 1273 3791 conjuncta
1303 3727 1444 3796 erat.
1472 3722 1672 3792 Itaque
1721 3721 1829 3777 hoc
1875 3723 2028 3792 frag-

380 3815 644 3865 mentum
707 3809 941 3866 illorum
1020 3809 1293 3866 Flaminii
1369 3809 1582 3865 Nobilii
1659 3809 2030 3865 collectansis

381 3899 825 3971 adjungendum
911 3903 1023 3956 est.
1085 3898 1264 3954 Paulo
1350 3903 1501 3970 post,
1558 3897 1620 3950 οὗ
1697 3894 2028 3971 φυλακτικάς

381 3985 639 4054 ἰστιν,εἰο
668 3987 955 4044 extulerat
987 3988 1341 4060 interpres,«
1369 3988 1439 4042 ad
1473 3989 1645 4058 cujus
1675 3986 2028 4055 custodiam,

377 4076 474 4146 qui
497 4081 757 4134 attentus
785 4081 894 4146 est,
927 4076 1154 4134 celeber
1185 4075 1396 4132 evadit.
1434 4099 1460 4126 ››

448 4183 566 4239 Col.
602 4184 704 4238 179
733 4185 888 4239 A13.
923 4183 1028 4240 Sed
1056 4199 1274 4240 omnem
1302 4184 1550 4238 omnino.
1582 4182 1756 4254 Atqui
1808 4181 2026 4238 falsum

376 4278 466 4330 est
497 4289 735 4329 omnem
766 4273 1008 4329 omnino
1040 4272 1195 4328 diem
1229 4272 1314 4328 sic
1343 4277 1613 4328 vocatum
1644 4287 1797 4337 esse,
1820 4287 2030 4342 nempe

373 4360 743 4432 κλητήν·ἱωο
766 4362 874 4418 hoc
895 4361 1022 4418 vult
1051 4361 1304 4418 Basilius
1334 4377 1448 4416 non
1474 4377 1657 4416 unum
1690 4361 2028 4432 quempiam

376 4452 818 4508 celeberrimum
849 4451 1004 4508 diem
1038 4450 1220 4523 rejici,
1254 4467 1454 4506 verum
1495 4466 1699 4506 omnes
1747 4449 2026 4506 celebres.

376 4543 571 4614 Neque
603 4541 759 4598 enim
819 4557 1025 4597 omnes
1084 4540 1324 4596 omnino
1382 4540 1508 4595 dies
1565 4535 1765 4606 κληταὶ
1821 4535 2026 4613 ἡμέραι

2141 1941 2402 2010 corporis
2438 1941 2669 2008 famem,
2705 1957 2882 2012 quam
2931 1942 3085 1996 inter
3127 1941 3474 1998 afﬂictioncs
3515 1942 3790 1999 laudibus

2141 2030 2584 2099 prosequendas
2616 2035 2888 2085 numerat
2918 2029 3156 2086 Paulus.

2203 2135 2323 2190 Col.
2361 2134 2460 2190 194
2511 2136 2551 2190 C
2604 2137 2650 2190 1.
2687 2138 2784 2192 Res
2832 2141 2907 2192 est
2963 2138 3138 2208 cujus.
3174 2137 3506 2193 Delevimus
3556 2137 3660 2193 illa
3698 2139 3792 2194 in-

2138 2226 2434 2294 terpretis,
2471 2247 2497 2274 «
2528 2225 2824 2281 submotio
2859 2242 2891 2280 a
2923 2226 3092 2281 nobis
3132 2224 3276 2295 ipsis
3321 2225 3567 2296 requirit
3616 2242 3791 2281 accu-

2135 2317 2321 2367 ratam
2354 2330 2594 2382 cperam
2625 2314 3117 2369 exercitationem.
3155 2337 3181 2362 ››
3233 2314 3519 2368 Aberrant
3565 2314 3721 2369 enim
3757 2331 3793 2369 a

2135 2417 2313 2457 sensu
2344 2403 2622 2470 auctoris,
2647 2419 2821 2473 quem
2854 2402 3148 2474 eleganter
3177 2403 3557 2458 doctissimus
3580 2405 3788 2458 Curte-

2139 2489 2260 2545 rius
2283 2495 2432 2562 apud
2461 2491 2804 2563 ProcOpium
2828 2494 2911 2546 sic
2935 2508 3062 2564 pag.
3086 2493 3156 2546 25
3177 2492 3498 2564 expressit:
3526 2491 3590 2546 Ἡ
3617 2487 3673 2544 δὲ
3690 2493 3791 2555 τῆς

2135 2581 2242 2631 τῶν
2301 2582 2480 2632 κακῶν
2537 2575 2697 2648 ἕξεως
2755 2579 3031 2649 ἀπόθεσις,
3085 2574 3241 2654 ἔργον
3300 2580 3591 2655 ἡμέτερον,
3659 2579 3792 2653 βοη-

2139 2667 2360 2727 θοῦντος
2391 2668 2658 2722 κάνταῦθα
2688 2672 2822 2723 Θεοῦ
2852 2669 2942 2723 καὶ
2998 2668 3127 2730 τοὺς
3175 2666 3461 2730 ἐθέλοντας
3520 2666 3790 2742 ὁδηγοῦν-

2136 2775 2228 2816 τος
2285 2757 2420 2830 πρὸς
2471 2756 2746 2828 ἀρετήνσα
2783 2760 2876 2816 Sic
2935 2759 3219 2815 scelerum
3279 2775 3488 2828 pravos
3548 2759 3787 2814 habitus

2142 2851 2340 2901 nostra
2367 2863 2542 2917 opera
2572 2863 2799 2913 exuere,
2825 2848 2875 2904 si
2908 2849 3105 2903 divino
3137 2848 3352 2902 auxilio
3382 2847 3656 2902 voluntas
3685 2863 3787 2902 no-

2137 2935 2228 2991 bis
2260 2937 2330 2991 ad
2354 2935 2629 2992 virtutem
2645 2937 2954 3009 dirigatur,
2981 2953 3370 3007 possumus.»
3390 2937 3581 2991 Alium
3602 2936 3791 2992 locum

2139 3025 2581 3081 emendavimus
2613 3025 2784 3097 paulo
2816 3027 2988 3092 intra,
3013 3021 3107 3078 ’ίνα
3141 3025 3217 3096 μή
3273 3025 3437 3097 μόνον
3487 3023 3593 3078 ἀπὸ
3659 3028 3789 3081 τῶν.

2141 3112 2323 3175 Quem
2356 3113 2436 3167 ita
2465 3120 2831 3185 expresserat
2860 3114 3230 3178 Tilmannus,
3265 3135 3293 3165 «
3326 3119 3390 3169 ut
3420 3131 3491 3169 ne
3543 3113 3628 3168 illi
3663 3113 3789 3168 sdi-

2151 3217 2379 3255 mamus
2418 3201 2608 3257 solum
2641 3203 2714 3258 ab
2754 3203 3086 3258 actionibus
3136 3219 3301 3258 suam
3345 3201 3790 3273 providentiam,

2143 3290 2242 3344 sed
2269 3305 2340 3344 ne
2362 3291 2596 3362 quidem
2617 3308 2649 3346 a
2670 3291 2894 3347 mutuis
2913 3291 3508 3347 confabulationibus.
3535 3313 3563 3339 »
3576 3289 3786 3346 Vocem

2142 3375 2306 3446 αὐτήν
2334 3379 2624 3434 retulitad
2648 3380 2746 3436 Dei
2773 3381 3222 3452 providentiam,
3245 3397 3360 3435 non
3393 3380 3460 3434 ad
3495 3379 3786 3452 πονηρίαν,

2142 3473 2198 3523 et
2241 3463 2655 3543 διαλογισμούς,
2681 3470 2752 3524 ad
2800 3469 3106 3539 colloquia,
3140 3486 3254 3524 non
3283 3470 3354 3524 ad
3385 3470 3786 3539 cogitationes,

2141 3558 2212 3612 ad
2237 3574 2384 3629 quas
2407 3559 2651 3628 pertinet
2669 3559 2822 3630 quod
2848 3559 3116 3629 sequitur
3135 3574 3204 3614 ex
3223 3557 3524 3629 Apostolo,
3546 3558 3580 3624 ἡ
3607 3555 3784 3632 ἀγάπη

2141 3644 2202 3698 οὐ
2235 3643 2510 3719 λογίζεται
2539 3646 2603 3700 τὸ
2633 3645 2817 3703 κακόν.
2850 3650 3213 3719 Suffragatur
3241 3647 3380 3702 huic
3435 3647 3789 3718 interpreta-

2141 3735 2284 3789 tioni
2314 3736 2575 3806 Procopii
2600 3737 3111 3808 paraphrasiseri
3141 3733 3232 3788 οὖν
3266 3732 3567 3808 λογισμοὺς
3599 3733 3788 3789 καθαί-

2140 3841 2271 3894 ρειν,
2301 3821 2361 3875 οὐ
2397 3824 2560 3895 μόνον
2619 3824 2807 3884 κακίας
2861 3823 3186 3878 ἀποκόπτειν
3233 3822 3518 3897 ἐνέργειαν·
3553 3847 3581 3873 ‹‹
3617 3825 3791 3878 Decet

2138 3911 2319 3982 igitur
2338 3913 2520 3967 animi
2547 3918 2740 3968 motus
2765 3913 3026 3968 internos
3050 3911 3593 3984 purgars,nonipsa
3616 3913 3789 3966 modo

2141 4000 2413 4071 nequitiae
2437 4017 2632 4072 opera.
2662 4022 2691 4051 »

2211 4089 2330 4144 Col.
2349 4091 2452 4144 195
2471 4089 2514 4144 D
2536 4091 2588 4143 3.
2611 4091 2820 4146 Omnia
2843 4091 3010 4145 enim.
3029 4093 3114 4144 Ita
3136 4088 3372 4160 quidem
3402 4086 3621 4158 Anglici
3644 4103 3787 4144 mss.

2139 4185 2195 4233 et
2219 4178 2430 4251 Regius
2453 4180 2512 4235 F.
2538 4176 2713 4231 πάντα
2741 4183 2912 4247 ποιεῖ,
2958 4177 3342 4250 quamobrem
3376 4194 3516 4232 sane
3548 4177 3786 4241 mirum,

2139 4269 2294 4338 quod
2315 4268 2602 4340 interpres
2627 4268 2966 4339 scripserat,
2995 4290 3014 4315 α
3039 4265 3337 4322 innovabit
3359 4266 3513 4320 enim
3537 4265 3788 4332 omnia,»

2141 4357 2308 4430 quasi
2325 4358 2562 4431 legisset
2576 4349 2872 4429 μεταϐαλεῖ
2890 4354 2990 4430 γὰρ
3007 4355 3306 4410 πάνταἝΘᾶ
3323 4354 3582 4426 inspecto
3594 4359 3791 4425 postea

2139 4448 2314 4519 Regio
2373 4447 2556 4503 altero
2611 4463 2726 4502 ms.
2768 4445 2834 4500 Η.
2867 4451 2924 4500 et
2975 4446 3016 4500 Ι.
3050 4445 3335 4514 scriptum
3367 4443 3581 4499 otl‘endi
3611 4441 3786 4497 πάντα

2138 4535 2304 4592 ποίει.
2329 4536 2786 4593 Rescribendum
2815 4535 3017 4608 igitur,
3045 4532 3242 4588 Omnia
3268 4535 3358 4604 fac
3384 4549 3508 4588 cum
3535 4535 3790 4590 consitio.

381 4609 523 4687 sunt
557 4631 866 4701 dictae,sed
897 4629 1244 4685 celebriores
1276 4632 1506 4683 tantum
1538 4633 1596 4684 et
1623 4609 2032 4685 solemniores.
2064 4609 2110 4674 D
2140 4625 2271 4680 Jam
2303 4641 2434 4680 vero
2467 4625 2516 4681 si
2547 4641 2800 4696 quaras,
2825 4622 3052 4679 ubiboc
3074 4621 3369 4693 Scriptura
3390 4622 3618 4690 dixerit,
3645 4621 3791 4677 nihil

381 4721 467 4777 Ita
521 4720 762 4776 Levitici
794 4737 960 4789 mu,
992 4720 1063 4774 35
1095 4736 1108 4774 :
1141 4716 1240 4771 Καὶ
1270 4718 1305 4786 ἡ
1335 4717 1516 4792 ἡμέρα
1544 4718 1579 4784 ἡ
1611 4716 1803 4791 πρώτη
1853 4713 2038 4785 κλητὴ

379 4809 507 4885 ἁγία
559 4803 728 4863 ἔσται.
763 4811 828 4866 Et
882 4809 998 4864 dies
1055 4809 1243 4879 prima
1285 4816 1482 4863 vocata
1509 4812 1704 4863 sancta
1732 4809 1836 4862 erit
1865 4808 2034 4862 vobis-

376 4903 526 4954 Item
579 4899 691 4965 23,
748 4896 815 4951 At
871 4895 1054 4970 ἑορταὶ
1129 4892 1376 4970 Κυρίου,
1435 4891 1495 4956 ἂς
1552 4892 1804 4949 καλίσετε
1867 4893 2030 4956 αὐτὰς

375 4985 584 5058 κλητὰς
643 4984 832 5062 ἁγίας·
865 4987 1146 5043 Solemnia
1199 4986 1422 5041 Domini
1473 5000 1596 5056 qua:
1653 4985 1907 5040 vocabitis
1959 5002 2031 5041 ea

374 5085 577 5135 vocata
607 5085 821 5133 sancta.
853 5077 1066 5133 Eadem
1116 5091 1226 5132 vox
1279 5074 1516 5130 Hebraea
1573 5085 1742 5162 mpm
1800 5070 2031 5162 ἐπίκλη-

376 5186 470 5226 τος
524 5166 774 5222 vertitur
807 5183 840 5222 a
869 5165 1025 5234 LXX,
1075 5170 1140 5220 ut
1179 5164 1417 5220 Numer.
1464 5161 1664 5229 xxvm,
1707 5164 1792 5229 18,
1825 5161 2030 5236 Ἡμέρα

378 5256 414 5323 ἡ
447 5254 638 5327 πρώτη
663 5255 698 5324 ἡ
732 5252 1026 5324 ἐπίκλητος
1073 5249 1197 5328 ἁγία
1251 5247 1418 5320 ἔσται,
1450 5251 1566 5306 dies
1618 5252 1801 5322 prima
1841 5254 2033 5306 sancta

378 5347 483 5400 erit
503 5346 673 5402 vobis.
687 5345 942 5417 Vulgata
965 5342 1164 5400 Latina
1184 5357 1334 5414 saepe
1353 5337 1566 5409 κλητήν
1586 5339 2031 5396 celeberrimum

382 5435 536 5490 diem
574 5434 859 5508 appellat;
895 5432 1183 5506 Isychius,
1215 5430 1473 5487 vocalem
1523 5429 1678 5486 diem
1737 5433 2029 5484 sanctum.

383 5523 626 5580 Videtur
657 5523 954 5596 designari
987 5523 1098 5578 hac
1128 5535 1266 5578 voce
1321 5519 1444 5574 dies
1494 5518 1926 5575 convocationis
1978 5522 2034 5574 et

382 5613 719 5671 festivitatis
754 5629 766 5668 :
802 5628 936 5669 nam
971 5616 1026 5667 et
1054 5612 1138 5666 ita
1167 5608 1359 5665 reddit
1385 5607 1790 5679 Hieronymus,
1818 5609 2032 5678 festivi-

385 5705 522 5760 tates
551 5703 703 5759 atias
720 5717 832 5756 non
857 5704 1078 5773 feram;
1092 5697 1248 5771 quod
1267 5697 1340 5754 ad
1363 5695 1606 5752 verbum
1631 5695 1946 5753 Montanus
1967 5711 2034 5753 ex

2148 4714 2305 4769 aliud
2361 4714 2715 4786 respondere
2773 4711 3127 4783 possum,in
3184 4711 3496 4766 consilium
3529 4710 3790 4767 adhibito

2145 4808 2338 4858 Graeco
2361 4803 2552 4858 indice
2577 4803 2697 4858 sive
2719 4800 3158 4857 Concordantiis
3199 4799 3477 4869 Kircheri,
3496 4817 3671 4869 quam
3703 4800 3790 4855 al-

2143 4893 2343 4948 ludere
2375 4891 2652 4946 Basilium
2682 4891 2752 4946 ad
2784 4888 2951 4944 illum
2977 4887 3364 4944 Ecclesiastici
3391 4888 3582 4944 locum
3615 4905 3788 4958 xxxu,

2141 4984 2231 5051 20,
2264 4982 2426 5035 Ἀνευ
2455 4977 2664 5053 βουλῆς
2719 4977 2886 5047 μηθὲν
2937 4977 3204 5045 ποιήσῃς,
3235 4977 3336 5032 ubi
3383 4977 3634 5049 Vulgata
3683 4977 3790 5032 La-

2143 5072 2288 5135 tina,
2320 5073 2456 5126 Sine
2484 5069 2715 5124 consitio
2745 5068 2889 5122 nihil
2919 5067 3112 5138 facias.
3148 5067 3246 5121 Est
3292 5067 3526 5137 quidem
3577 5065 3788 5120 similis

2144 5161 2297 5216 alius
2329 5164 2492 5213 Prov.
2530 5175 2654 5227 xm,
2692 5159 2776 5224 16,
2811 5159 3027 5212 Astutus
3058 5160 3240 5212 omnia
3274 5159 3385 5225 agit
3431 5172 3553 5209 cum
3609 5155 3792 5209 consi-

2149 5248 2264 5316 tio;
2322 5247 2421 5303 sed
2487 5248 2594 5302 hoc
2642 5263 2676 5302 a
2729 5245 2866 5301 LXX
2915 5244 2997 5301 sic
3051 5246 3307 5312 effertur,
3341 5247 3450 5302 Πᾶς
3480 5245 3790 5314 πανοῦργος

2142 5337 2366 5411 πράσσει
2431 5333 2565 5408 μετὰ
2619 5335 2892 5409 γνώσεως,
2953 5334 3139 5392 Omnis
3193 5335 3403 5387 astutus
3479 5333 3595 5400 agit
3667 5347 3791 5386 cum

2140 5428 2375 5484 scientia
2413 5441 2424 5481 :
2458 5431 2516 5480 et
2548 5426 2605 5480 in
2655 5425 2857 5482 eodem
2908 5422 3096 5494 capite
3144 5437 3290 5475 vers.
3327 5420 3394 5474 10
3427 5435 3440 5474 :
3475 5421 3582 5488 Qui
3607 5424 3792 5476 autem

2142 5518 2334 5574 omnia
2363 5523 2533 5586 agunt
2558 5531 2682 5570 cum
2710 5513 2962 5574 consitio,
2986 5518 3256 5578 reguntur
3275 5509 3574 5578 sapientia,
3597 5507 3793 5566 Graece

2144 5611 2252 5673 est,
2294 5606 2357 5658 Οἱ
2412 5601 2470 5658 δὲ
2527 5603 2701 5658 αὐτῶν
2761 5598 3126 5674 ἐπιγνώμονες
3185 5595 3363 5672 σοφοί,
3422 5601 3534 5668 Qui
3604 5602 3791 5654 autem

2143 5695 2230 5750 sui
2262 5697 2507 5767 ipsorum
2553 5693 2882 5764 cognitores,
2912 5688 3210 5758 sapientes.
3242 5684 3565 5744 Theodotio
3622 5687 3790 5746 dixit.
