4124 6240
409 311 565 372 1079

1593 313 1830 375 NOTAE
1871 313 2319 376 FRONTONlS
2363 311 2625 374 DUCIEI

3669 311 3826 372 1080

409 439 518 498 Καὶ
575 441 628 496 ἰν
689 434 1226 514 συμϐουλευομένοις
1288 440 1468 518 σοφία·
1493 445 1560 500 Et
1619 446 1679 499 in
1705 446 1776 499 iis
1805 444 1902 515 qui
1929 459 2041 500 coni

2175 439 2387 495 Γίνεσθε
2442 445 2758 516 τραπεζῖται
2820 437 3089 512 δόκιμοι·
3151 445 3331 497 Estote
3398 442 3559 512 probi
3637 448 3823 514 trape-

409 531 610 588 silium
648 531 936 600 adhibent,
964 534 1263 604 sapientia.
1297 531 1421 588 lluc
1476 534 1776 605 spectabat
1815 533 2063 589 fortasse

411 620 792 676 doctissimus
823 621 1291 689 Curterius,cum
1318 622 1376 676 in
1409 623 1673 693 margine
1693 623 2060 677 Commenta-

412 709 482 764 rii
514 708 780 780 Procopii
813 711 1052 765 notabat
1082 709 1486 776 Proverb.xui,
1509 728 1562 782 p.
1596 711 1685 781 26,
1722 711 1818 765 ubi
1851 710 2066 782 legitur

413 797 615 854 itidem
649 802 714 853 ut
749 798 806 854 in
838 795 1009 852 πάντα
1039 797 1202 865 ποίει,
1241 799 1374 854 Cum
1404 801 1633 855 consilio
1659 803 1845 855 omnia
1871 801 2061 871 facito.

417 887 683 959 Sequens
714 890 908 942 autem
933 887 1095 944 locus
1136 893 1224 944 est
1254 889 1522 944 Proverb.
1549 905 1612 954 ιι,
1637 890 1691 943 5.
1727 887 1901 943 Paulo
1932 894 2064 944 ante

419 994 548 1050 cap.
593 979 646 1046 2,
681 978 824 1033 illud
875 979 1098 1045 Basilii,
1129 983 1164 1047 ὴ
1226 974 1402 1032 ἔννοια
1456 983 1562 1032 τῶν
1623 978 2062 1054 κεκηρυγμένων,

413 1067 498 1122 sic
529 1067 813 1122 extulerat
842 1067 1151 1140 interpres,
1191 1092 1211 1117 α
1247 1069 1526 1140 cogitatio
1581 1086 1927 1125 arcanorum
1961 1087 2064 1125 no-

419 1153 626 1226 bisque
658 1156 1142 1226 formidabilium,
1177 1175 1302 1230 quae
1335 1158 1393 1212 in
1424 1159 1727 1215 tremendo
1750 1159 1975 1229 judicio
2005 1175 2067 1214 se

414 1244 678 1301 offerent.
715 1267 742 1295 »
768 1248 842 1301 At
873 1263 1076 1302 omnes
1107 1251 1444 1304 constanter
1482 1247 1686 1320 legunt
1730 1246 2066 1321 κεκηρυγμέ-

414 1354 546 1401 νων,
576 1351 691 1390 non
721 1334 1132 1408 κεκρυμμένων.

486 1423 604 1480 Col.
625 1423 729 1478 498
751 1430 794 1477 A
816 1424 867 1480 4.
887 1426 1021 1493 Quae
1041 1425 1397 1497 acceptanda.
1423 1426 1716 1498 Scriptum
1744 1426 1978 1482 exhibet
2003 1427 2064 1481 F.

414 1517 471 1568 et
503 1511 786 1584 Anglicus
843 1531 994 1569 unus
1052 1511 1116 1566 τά
1172 1533 1227 1567 τε
1275 1511 1466 1567 λεκτέα
1521 1513 1609 1566 καὶ
1670 1515 1769 1585 μὴ,
1811 1513 1899 1568 καὶ
1949 1518 2067 1577 ταῖς

416 1619 640 1674 συγκατ.
673 1605 748 1655 At
773 1602 926 1657 alius
959 1602 1178 1674 Anglic.
1209 1602 1275 1654 τά
1327 1622 1386 1656 τε
1423 1600 1614 1657 λεκτέα
1669 1603 1757 1656 καὶ
1813 1603 1880 1656 τὰ
1935 1623 2067 1678 πρα-

415 1686 562 1759 κτέα,
595 1688 684 1742 καὶ
720 1689 826 1760 μὴν
862 1688 950 1742 καὶ
1008 1694 1124 1750 ταῖς
1171 1711 1327 1764 συγκ.
1364 1711 1390 1743 ι
1422 1695 1554 1758 Quae
1599 1693 1846 1748 dicenda
1900 1701 2061 1760 sunt,

2172 533 2318 588 sitm.
2355 532 2373 586 l
2433 531 2695 587 Thessal.
2757 548 2813 601 v,
2844 531 2953 585 21;
2989 531 3188 586 Omnia
3238 531 3483 602 probate,
3517 533 3670 602 quod
3729 533 3824 588 bo-

2172 637 2307 675 num
2335 625 2412 675 est
2443 625 2638 677 tenete.

2243 709 2500 766 001.214
2557 717 2596 764 C
2646 712 2700 764 7.
2748 710 2918 777 Quale
2974 711 3142 765 enim.
3205 707 3332 764 Haec
3391 709 3670 780 periodus
3727 728 3824 764 us-

2174 816 2285 870 que
2315 800 2384 852 ad
2419 799 2720 868 sequentis
2749 798 2968 869 paginae
2999 797 3213 853 lineam
3237 799 3503 869 quintam
3535 800 3819 855 deciman'

2176 888 2462 959 pendente
2495 888 2784 942 sententia
2817 894 3090 959 protensa
3111 887 3169 941 in
3192 892 3310 942 tres
3343 888 3607 943 diversas
3641 891 3824 945 fuerat

2175 977 2361 1032 divisa
2416 977 2686 1049 periodos
2735 978 2808 1032 ab
2843 977 3158 1049 interprete
3189 976 3298 1031 hoc
3331 982 3498 1048 pacto
3535 995 3548 1032 :
3585 1001 3612 1027 «
3648 979 3825 1042 Quale

2176 1065 2330 1120 enim
2349 1070 2603 1137 spectac.
2623 1082 2880 1137 quanam
2895 1067 3117 1120 ratione
3140 1064 3484 1137 religiosum
3509 1067 3625 1121 dici
3651 1076 3824 1138 queat

2176 1159 2233 1209 et
2264 1155 2649 1210 admiratione
2679 1154 2968 1227 dignum?
2999 1155 3209 1210 Parum
3243 1155 3408 1209 abest
3440 1159 3555 1210 tale
3588 1156 3730 1227 quid
3757 1160 3824 1212 ab

2183 1243 2493 1299 hominum
2529 1244 3017 1315 naturaﬁiquum
3043 1244 3234 1298 fuerat
3252 1243 3419 1298 utvel
3449 1243 3653 1299 multis
3690 1247 3822 1301 aﬁ‘c-

2175 1337 2304 1388 ctus
2335 1333 2629 1400 conviciis,
2671 1353 2700 1382 »
2731 1339 2840 1388 etc.
2873 1331 2997 1387 Non
3029 1331 3213 1403 igitur
3263 1331 3336 1386 ab
3385 1331 3693 1388 hominum
3730 1352 3825 1388 na-

2175 1426 2310 1476 tura
2365 1423 2505 1478 dicit
2563 1423 2787 1490 abesse,
2843 1422 2959 1477 imo
3019 1419 3178 1476 illius
3229 1425 3468 1491 captum
3528 1424 3825 1489 excedere,

2176 1511 2330 1580 quod
2367 1511 2648 1566 nimirum
2682 1511 2752 1565 ab
2785 1527 2852 1565 ea
2881 1510 3092 1564 virtute
3120 1509 3392 1564 homines
3445 1514 3555 1564 Deo
3606 1511 3823 1568 similes

2175 1601 2525 1656 efficiantur.
2561 1601 2723 1656 Unde
2772 1599 2970 1655 Cicero
3025 1614 3125 1670 pro
3177 1599 3452 1663 Marcello,
3486 1622 3515 1648 «
3546 1601 3820 1657 Animum

2174 1690 2425 1762 vincere,
2448 1691 2811 1747 iracundiam
2839 1688 3130 1755 cohibere,
3152 1688 3445 1744 victoriam
3474 1694 3817 1760 temperare,

419 1794 664 1850 quisque
693 1779 939 1849 agenda.
973 1801 1001 1829 »
1034 1780 1101 1835 H.
1132 1786 1174 1835 Ι.
1207 1778 1273 1834 τά
1301 1800 1358 1833 τε
1389 1777 1580 1835 λεκτέα
1607 1781 1694 1836 καὶ
1732 1783 1830 1854 μή.
1872 1805 1892 1833 ι
1928 1784 2041 1848 Qua

2175 1781 2570 1836 adversarium
2598 1777 3406 1850 nobilitate,ingenio,virtute
3419 1781 3813 1850 praestantem,

417 1865 667 1921 dicenda
696 1866 836 1936 sint,
868 1884 994 1939 quas
1024 1885 1139 1924 non
1169 1869 1436 1926 dicenda.
1469 1893 1499 1922 »

481 1971 598 2027 Col.
634 1973 736 2028 199
765 1973 806 2028 C
865 1974 912 2028 1.
947 1975 1329 2046 Despondenti,
1379 1974 1861 2048 καθαρμοζομὲνῳ.
1912 1977 2052 2033 Ver-

407 2063 560 2117 terat
607 2060 918 2133 interpres,
950 2083 978 2115 ιι
1003 2066 1466 2122 accommodanti
1499 2082 1619 2122 eam
1648 2066 1758 2122 sibi
1790 2068 1862 2122 ad
1893 2067 2050 2122 salu-

407 2153 526 2205 tem
561 2167 573 2205 :
607 2171 636 2201 »
663 2151 763 2206 sed
797 2169 930 2207 cum
963 2154 1034 2208 ad
1064 2154 1326 2224 Apostoli
1356 2154 1548 2210 locum
1583 2155 1804 2211 alludat
1845 2156 1894 2210 ΙΙ
1944 2156 2049 2211 Co-

403 2237 582 2294 rinth.
615 2256 694 2311 XI,
725 2241 780 2312 2,
814 2240 1172 2314 Ἠρμοσάμην
1222 2243 1324 2317 γὰρ
1373 2242 1511 2315 ὑμᾶς
1563 2243 1640 2298 ἑνὶ
1691 2240 1867 2316 ἀνδρί,
1909 2244 2048 2299 Vul-

399 2330 546 2398 gatts
606 2328 821 2384 Latinae
870 2331 1046 2386 verba
1101 2332 1543 2402 substituimus,
1579 2333 1847 2404 Despondi
1901 2336 2050 2389 enim

396 2431 490 2471 vos
519 2418 622 2471 uni
653 2419 795 2474 viro.
831 2419 977 2477 Nam
1008 2437 1112 2475 nec
1145 2421 1270 2493 ipse
1299 2421 1445 2476 Beza
1502 2422 1789 2476 dit‘litetur
1844 2420 2048 2494 ἁρμότ-

398 2504 578 2557 τεσθαι
609 2507 764 2577 apud
797 2507 1152 2564 Herodotum
1186 2511 1342 2564 sumi
1387 2527 1490 2581 pro
1553 2509 1961 2580 μνηστεύεσθαι,
1993 2516 2051 2566 ει

399 2595 644 2649 verbum
674 2595 986 2652 Hebraeum
1018 2609 1136 2663 11:1,
1156 2616 1291 2654 cum
1323 2601 1394 2655 de
1423 2599 1582 2654 omni
1609 2601 1916 2655 commoda
1946 2618 2046 2672 ap-

399 2680 712 2753 plicatione
742 2685 992 2752 dicatur,
1027 2688 1099 2742 de
1123 2704 1190 2742 ea
1218 2688 1449 2760 proprie
1477 2688 1612 2758 dici,
1639 2705 1766 2761 quae
1798 2689 1868 2744 ad
1901 2705 2039 2744 oon-

391 2771 626 2844 jugium
659 2780 900 2845 spectat.
932 2777 1112 2830 Paulo
1143 2781 1276 2847 post
1330 2794 1445 2832 non
1503 2777 1647 2832 satis
1701 2794 2042 2849 expressum

396 2857 589 2916 fuerat
620 2859 785 2929 illud,
806 2861 1094 2935 ὁμοτίμως
1121 2869 1239 2926 τοῖς
1273 2863 1601 2938 ἀνθρώποις·
1637 2890 1664 2917 ‹‹
1699 2866 1868 2937 quasi
1891 2872 2043 2924 Deus

397 2963 461 3003 se
492 2949 764 3006 demittat
793 2953 864 3006 ad
889 2951 1530 3026 hominumjudicium,
1551 2955 1692 3024 imo,
1711 2955 1882 3027 quasi
1913 2957 2040 3028 pari

397 3053 531 3092 cum
562 3038 647 3094 eis
677 3039 805 3110 iure
837 3040 1140 3114 disceptet.
1167 3065 1195 3092 »

464 3124 585 3181 Col.
614 3127 722 3182 206
750 3129 797 3183 A
825 3130 881 3184 5.
915 3131 978 3185 In
1034 3133 1163 3187 creto
1216 3149 1432 3189 carnes.
1491 3137 1814 3189 Annotarat
1866 3137 2040 3189 antea

391 3212 679 3286 interpres
709 3215 796 3272 vel
831 3217 982 3274 alius
1021 3220 1314 3291 quispiam
1355 3238 1457 3292 pro
1488 3219 1700 3293 οὐρανῷ
1729 3223 1922 3278 forsan
1958 3222 2036 3278 le-

390 3303 649 3374 gendum
684 3301 860 3377 ζήλῳ,
892 3309 1006 3364 zelo
1035 3326 1054 3362 :
1084 3311 1186 3364 sed
1219 3327 1334 3365 non
1366 3310 1693 3366 adverterat
1720 3312 1896 3366 verba
1912 3327 2042 3367 esse

391 3392 689 3464 prophetae
745 3395 912 3451 Isaias
965 3413 1159 3462 XXXIV,
1207 3399 1243 3452 5
1289 3395 1638 3468 εἘμιθύσθη
1693 3400 1727 3465 ἡ
1793 3399 2039 3472 μάχαιρά

395 3497 500 3548 μου
532 3478 583 3533 ἐν
604 3484 682 3550 τῷ
713 3480 952 3555 οὐρανῷ·
991 3485 1305 3542 Inebriatus
1359 3489 1437 3542 est
1492 3487 1713 3555 gladius
1767 3505 1920 3544 meus
1978 3491 2036 3544 in

389 3568 542 3624 caelo.
572 3571 744 3641 Apud
777 3574 1123 3643 ProcOpium
1157 3573 1370 3631 similis
1399 3582 1488 3631 est
1517 3592 1586 3631 ex
1613 3577 1865 3632 Jeremia
1903 3594 2034 3632 sen-

391 3655 598 3723 tentia,
658 3655 958 3729 Ἐμεθύσθη
1035 3659 1138 3713 ἀπὸ
1202 3658 1430 3732 α’ίματος
1514 3668 1882 3736 τραυματιῶν,
1943 3671 2035 3722 ln-

389 3742 636 3802 ebrz'alus
665 3756 742 3803 est
761 3751 1037 3821 sanguine
1051 3752 1463 3808 vulneratorum
1487 3771 1500 3809 :
1519 3754 1616 3809 ubi
1639 3771 1766 3825 cap.
1790 3772 1958 3810 xxxrv
1974 3755 2032 3810 in

391 3835 655 3907 margine
688 3840 911 3893 notavit
939 3839 1246 3912 iuterpres,
1280 3859 1413 3897 cum
1458 3843 1532 3898 sit
1571 3843 1837 3899 Jeremiae
1883 3863 2032 3915 XLVI,

390 3923 502 4006 10:
556 3922 663 3978 Καὶ
715 3928 1076 4002 καταφάγεται
1134 3930 1167 3998 ἡ
1233 3927 1479 4005 μάχαιρα
1533 3935 1628 3985 τοῦ
1686 3931 1886 4006 Κυρίου
1941 3933 2028 3987 καὶ

383 4005 858 4085 ἐμπλησθήσεται,
916 4015 1005 4069 καὶ
1069 4019 1458 4089 μεθυσθήσεται
1513 4019 1619 4074 ἀπὸ
1702 4005 1798 4074 τοῦ
1868 4017 2030 4093 α’ἱμα-

381 4117 475 4160 τος
503 4099 706 4156 αὐτῶν
737 4106 800 4160 Et
856 4104 1143 4162 devorabit
1187 4109 1413 4180 gladius
1469 4111 1709 4178 Domini,
1740 4113 1790 4165 el
1817 4115 2032 4166 satura-

382 4188 548 4259 bitur,
579 4196 630 4247 et
661 4193 1036 4250 inebriabilur
1063 4198 1334 4266 sanguine
1355 4214 1562 4254 eorum.

453 4295 572 4352 Col.
612 4299 719 4353 207
750 4304 789 4356 Β
818 4301 905 4356 12.
942 4302 1026 4358 Ad
1051 4303 1414 4373 probabilem.
1454 4303 1523 4358 Ut
1571 4303 1630 4358 in
1680 4309 1806 4359 cote
1859 4321 2030 4360 secu»

382 4399 476 4439 res
508 4391 567 4441 et
595 4388 778 4457 gladii
808 4393 1220 4457 acuuntur,sic
1252 4391 1484 4448 illorum
1508 4409 1700 4448 sermo
1732 4395 2030 4449 mundana

383 4472 670 4543 sapientia
700 4481 757 4530 et
785 4477 1087 4534 rhetoricas
1118 4482 1419 4551 praeceptis
1451 4481 1681 4536 acuitur
1713 4498 1724 4536 :
1759 4488 1818 4537 at
1845 4481 2026 4538 inter-

385 4563 841 4632 presverborum
855 4567 1365 4636 trajectionehunc
1377 4585 1614 4624 sensum
1631 4569 2027 4626 obscuriorem

384 4650 720 4708 reddiderat
751 4669 764 4708 :
800 4676 828 4703 ‹‹
861 4654 1108 4711 Perinde
1134 4673 1199 4712 ac
1228 4657 1422 4728 gladio
1454 4675 1724 4715 sermone
1755 4660 2027 4731 quopiam

383 4738 676 4810 sapientia
697 4743 986 4799 mundiali
1007 4753 1506 4817 exacuentes,quo
1532 4765 1635 4819 per
1666 4748 2025 4818 probabilem

384 4829 960 4889 verisimilitudinem
991 4834 1248 4890 exitialia
1278 4835 1519 4892 vulneia
1549 4837 1821 4891 inferant.
1857 4859 1884 4886 »
1919 4838 2026 4892 Re-

379 4917 533 4973 ctius
563 4934 700 4990 ergo
731 4922 1015 4990 scribes,«
1039 4924 1281 4994 perinde
1311 4941 1376 4980 ac
1405 4924 1599 4997 gladio
1629 4925 1882 4996 quodam
1904 4941 2025 4982 ser-

375 5021 568 5075 mone,
603 5008 676 5064 ad
720 5010 1002 5067 orationis
1050 5012 1547 5084 probabilitatem,
1602 5015 1901 5070 mundana
1931 5033 2026 5071 sa-

371 5096 596 5166 pientia
625 5097 901 5155 instructi
953 5101 1233 5156 exitialia.
1269 5125 1296 5150 »
1328 5102 1643 5174 Procopius
1676 5102 1821 5158 dixit
1854 5120 1866 5158 :
1902 5105 2022 5159 Τῶν

377 5181 762 5261 ἁπλουστὲρων
791 5188 890 5256 τήν
949 5189 1091 5257 ζωὴν
1151 5189 1830 5267 ἀφαιρο·3μενοι,καθάπερ
1887 5189 2023 5270 ξίφει

367 5276 448 5343 τῷ
481 5271 628 5350 λόγῳ
659 5283 758 5346 τῆς
785 5281 883 5332 τοῦ
913 5277 1124 5350 κόσμου
1153 5277 1364 5354 σοφίας
1401 5304 1428 5331 ‹‹
1465 5281 1649 5340 Veluti
1689 5281 1882 5353 gladio
1915 5282 2024 5338 hu-

363 5361 470 5432 jus
500 5366 707 5422 mundi
739 5367 1041 5438 sapientiae
1079 5368 1222 5423 fuco'
1244 5369 1513 5442 instructi
1562 5370 2024 5442 simplicioribus

373 5450 551 5508 vitam
585 5455 875 5512 adimunt.
915 5480 936 5507 ι
971 5457 1090 5512 Sub
1123 5458 1294 5514 tinem
1346 5459 1570 5532 paginae
1628 5459 1798 5532 pauci
1857 5461 2023 5532 probi

375 5542 1357 5618 rapezitaadicunturjuxtaDomini
1373 5550 1636 5620 verbum,
1662 5550 1836 5620 cujus
1859 5566 2021 5606 men-

355 5629 455 5687 .tio
505 5631 968 5694 Constitutionum
1025 5637 1463 5710 apostolicarum
1518 5638 1621 5694 lib.
1673 5655 1735 5707 ιι,
1769 5654 1896 5710 cap.
1930 5639 2018 5697 36.

2171 1887 2284 1925 non
2319 1871 2490 1925 modo
2521 1869 2794 1925 extollere
2815 1869 3130 1940 jacentem,
3163 1867 3262 1921 sed
3297 1866 3661 1938 ampliﬁcare
3691 1869 3814 1937 ejus

2162 1959 2471 2031 pristinam
2495 1959 2863 2030 dignitatem,
2885 1957 3000 2012 haec
3026 1955 3123 2027 qui
3153 1955 3346 2022 faciat,
3381 1973 3499 2010 non
3528 1972 3638 2028 ego
3673 1971 3806 2012 eum

2161 2065 2295 2103 cum
2327 2048 2578 2104 summis
2599 2047 2738 2102 viris
2755 2061 3048 2117 comparo,
3065 2045 3164 2100 sed
3189 2044 3561 2100 simillimum
3592 2047 3806 2116 Deoju-

2160 2138 2326 2206 dico;
2366 2161 2385 2187 ι
2421 2142 2478 2193 et
2506 2137 2864 2193 Claudianus
2888 2139 2964 2190 De
2995 2139 3186 2206 quarto
3216 2134 3528 2201 consulatu,

2407 2245 2541 2301 Sola
2574 2246 2706 2300 Deos
2733 2247 2918 2314 aequat
2946 2241 3240 2298 clementia
3267 2241 3447 2296 nobis.

2229 2352 2347 2407 Col.
2406 2353 2531 2406 342.
2582 2353 2620 2406 Β
2677 2352 2728 2406 9.
2795 2351 2857 2407 Ut
2911 2350 3212 2421 gravions.
3268 2352 3454 2403 Antea
3506 2347 3806 2419 legebatur

2160 2441 2357 2496 minus
2390 2447 2545 2512 apte,
2569 2464 2596 2492 «
2618 2440 2772 2512 quod
2807 2441 2878 2494 ab
2907 2455 2974 2494 eo
3003 2439 3221 2492 videret
3251 2454 3314 2492 se
3344 2442 3510 2492 tanto
3528 2437 3806 2509 graviori-

2157 2531 2269 2585 bus
2299 2529 2656 2585 circumsisti
2714 2527 3102 2584 molestiiszn
3168 2531 3228 2580 at
3283 2526 3375 2580 hic
3429 2525 3802 2599 περιίστασθαι

2157 2637 2270 2675 non
2320 2619 2577 2674 obsideri
2634 2623 2824 2685 sonat,
2878 2617 2979 2672 sed
3039 2614 3353 2679 declinare,
3405 2621 3509 2669 aut
3563 2615 3800 2670 evitare.

2155 2707 2333 2764 Paulo
2365 2713 2496 2780 post
2520 2707 2824 2778 expunctis
2842 2705 3100 2776 Vulgata:
3123 2703 3317 2758 verbis
3340 2703 3706 2773 subjecimus
3725 2703 3804 2756 in-

2152 2797 2624 2866 terpretationem
2656 2797 2728 2850 ad
2761 2795 3001 2850 verbum
3049 2809 3118 2847 ex
3174 2791 3485 2847 Basiliensi
3518 2790 3796 2860 editione,

2151 2886 2286 2957 Sap.
2321 2903 2398 2955 v1,
2423 2886 2480 2940 7.

2220 2973 2475 3029 (101.219
2505 2977 2549 3028 Α
2577 2976 2630 3027 2.
2677 2973 2757 3030 0b
2815 2973 2913 3027 hoc
2967 2981 3020 3027 et
3072 2978 3298 3025 statuta.
3336 2971 3657 3025 Annotarat
3713 2969 3795 3023 in-

2147 3069 2374 3135 terpres
2404 3064 2463 3117 in
2497 3063 2780 3132 margine,
2819 3084 2840 3111 α
2873 3060 3123 3116 Attende
3154 3059 3411 3129 priscum
3446 3075 3673 3114 morem
3696 3059 3795 3113 Ec-

2149 3153 2367 3208 clesiae:
2389 3173 2416 3200 »
2450 3153 2547 3207 sed
2584 3153 2676 3206 hic
2709 3167 2836 3206 mos
2870 3167 2981 3204 non
3015 3149 3160 3204 satis
3191 3148 3448 3202 dilucide
3479 3151 3608 3201 erat
3627 3148 3799 3219 expli-

2150 3248 2354 3310 catus;
2390 3243 2471 3296 sic
2502 3243 2654 3296 enim
2687 3246 2807 3296 erat
2839 3256 2852 3292 :
2893 3240 3028 3292 «Ob
3083 3237 3190 3291 hoc
3220 3242 3277 3291 et
3309 3236 3477 3307 signa
3533 3236 3795 3306 quaedam

2148 3331 2368 3385 circum
2401 3330 2705 3386 ecclesiam
2740 3332 3103 3391 statuuntur,
3137 3342 3262 3394 quae
3296 3324 3696 3395 deprehensos
3741 3326 3794 3378 in

2147 3419 2474 3474 interdictis
2495 3418 2745 3490 peccatis
2768 3420 3045 3472 abarcent
3063 3416 3329 3486 ingressu
3352 3417 3410 3467 et
3429 3419 3792 3484 segregant:-

2148 3507 2314 3576 quasi
2353 3507 2628 3561 nimirum
2662 3511 2863 3561 essent
2891 3505 3113 3575 el'ligies
3146 3504 3417 3574 quaedam
3442 3509 3543 3556 aut
3583 3520 3790 3573 μορμο-

2147 3593 2355 3661 λυκεῖα,
2390 3612 2519 3667 quaa
2546 3595 2680 3650 illos
2711 3595 3014 3666 abigerent
3046 3611 3058 3660 ;
3093 3592 3215 3647 imo
3251 3592 3412 3661 ipsas
3441 3589 3784 3645 ecclesiasti-

2146 3701 2241 3739 cas
2275 3685 2492 3740 indicat
2524 3684 2876 3739 sanctiones.
2910 3685 3125 3737 Amant
3187 3680 3344 3736 enim
3406 3679 3517 3733 hac
3547 3694 3685 3734 voce
3714 3679 3792 3732 uti

2144 3773 2253 3828 hac
2276 3774 2508 3829 notione
2526 3773 2778 3829 Basilius
2810 3777 2866 3828 et
2897 3771 2992 3827 alii
3019 3773 3288 3826 auctores
3311 3766 3718 3832 ecclesiastici,
3734 3773 3794 3821 ut

2142 3862 2243 3917 lib.
2280 3867 2358 3917 De
2397 3863 2609 3934 Spiritu
2656 3871 2842 3918 sancto
2898 3876 3024 3931 cap.
3075 3859 3191 3912 29:
3228 3856 3325 3910 Καὶ
3370 3851 3438 3922 δὴ
3498 3854 3588 3908 καὶ
3652 3855 3792 3926 παρὰ

2140 3954 2248 4004 τῶν
2274 3952 2381 4024 πρὸ
2405 3953 2567 4022 ὑμῶν
2601 3945 2975 4024 πρεσϐυτὲρων
3003 3949 3173 4002 τύπον
3229 3945 3321 4000 καὶ
3372 3945 3574 3998 κανόνα
3606 3963 3790 4018 παρει-

2143 4037 2401 4116 ληφότεςο
2443 4060 2464 4089 ι
2500 4042 2566 4096 Et
2607 4059 2714 4098 nos
2757 4041 2934 4096 etiam
2967 4040 3152 4094 forma
3182 4033 3505 4107 regulaque
3535 4050 3568 4088 a
3597 4035 3789 4089 senio-

2141 4129 2328 4199 ribus,
2362 4131 2461 4200 qui
2496 4137 2629 4186 ante
2660 4147 2766 4186 nos
2791 4129 3079 4193 vixerunt,
3099 4129 3355 4196 accepta.
3383 4145 3411 4172 η
3444 4127 3508 4177 Et
3539 4123 3597 4177 in
3627 4123 3790 4194 epist.

2142 4219 2169 4272 1
2207 4235 2218 4272 :
2253 4214 2630 4287 Ὑποδέξασθαι
2661 4221 2730 4292 τῇ
2781 4213 2976 4291 καρδίᾳ
3030 4214 3126 4274 τὰς
3185 4212 3247 4266 ἐκ
3297 4217 3397 4279 τῆς
3455 4208 3600 4272 Θείας
3655 4206 3796 4264 διδαο

2138 4303 2366 4367 σκαλίας
2393 4305 2744 4381 ἐγγινομένας
2777 4302 3158 4363 διατυπώσιις·
3198 4326 3219 4353 ι
3247 4300 3323 4356 Ut
3350 4305 3555 4371 aptum
3590 4299 3669 4353 sit
3689 4299 3785 4352 ad-

2140 4396 2372 4451 mittere
2411 4397 2784 4468 disciplinam
2816 4413 2886 4451 ex
2914 4393 3128 4450 divinis
3174 4387 3579 4446 monumentis
3609 4387 3788 4442 infor-

2138 4492 2379 4540 matam.
2405 4508 2430 4534 ››
2454 4486 2546 4541 Sic
2568 4485 2918 4556 accepitboc
2939 4483 3064 4538 loco
3091 4478 3294 4538 τύπους
3325 4478 3618 4548 interpres
3652 4475 3787 4531 Pro-

2137 4574 2287 4644 copii
2320 4591 2450 4645 pag.
2483 4576 2554 4629 35
2583 4593 2602 4630 :
2633 4575 2724 4628 Διὸ
2753 4572 2843 4628 καὶ
2873 4578 2971 4640 τῆς
3003 4567 3332 4635 Ἐκκλησίας
3364 4566 3415 4618 οἱ
3439 4563 3601 4619 τύποι
3657 4560 3784 4623 τοὺς

2135 4659 2553 4737 ἀπηγορευμένα
2602 4660 3071 4735 πλημμελοῦντας
3126 4655 3482 4731 χωρίζουσιν·
3519 4677 3547 4704 «
3580 4657 3785 4724 Itaque

2135 4756 2194 4806 et
2251 4753 2384 4818 illis,
2414 4754 2627 4823 quibus
2684 4753 2945 4809 Ecclesia
2989 4749 3199 4815 utitur,
3226 4743 3492 4802 formula:
3531 4758 3654 4809 eos,
3685 4742 3785 4814 qui

2133 4839 2310 4896 vetita
2339 4848 2661 4912 patrarunt,
2696 4860 2729 4897 a
2758 4841 3002 4914 reliquis
3033 4839 3330 4910 separant.
3364 4854 3391 4884 »
3423 4831 3534 4888 Sed
3561 4836 3621 4885 et
3649 4847 3784 4885 con-

2134 4929 2500 4986 stitutionem
2525 4935 2696 4988 sonat
2717 4926 3070 4997 διατύπωσις,
3094 4931 3159 4982 ut
3175 4922 3365 4992 τύπος,
3384 4943 3413 4970 ι(
3438 4923 3780 4975 statutum.-

2133 5019 2453 5076 Concilium
2473 5021 2818 5078 Sardicense
2837 5035 2964 5075 can.
2994 5019 3060 5073 12
3083 5033 3094 5073 :
3119 5017 3391 5072 ’Ἅπαντες
3415 5007 3467 5063 οἱ
3498 5004 3782 5061 ἐπίσκοποι

2135 5107 2304 5162 εἶπον·
2337 5111 2580 5185 Ἀρέσκει
2638 5110 2727 5165 καὶ
2785 5107 2917 5177 αὕτη
2975 5108 3010 5174 ἡ
3067 5101 3396 5160 διατύπωσις
3433 5119 3444 5131 ·
3482 5119 3510 5146 ‹‹
3568 5096 3783 5185 Omnes

2133 5199 2393 5270 episcopi
2409 5183 2700 5256 dixerunt
2724 5217 2736 5256 :
2763 5199 2954 5255 Placet
2974 5197 3097 5252 haec
3118 5207 3350 5266 quoque
3373 5183 3781 5270 constitutio.»

2133 5269 2406 5356 Basilius,
2429 5291 2630 5359 Regula
2661 5293 2727 5344 47
2755 5291 2936 5362 fusius
2965 5286 3168 5358 disput.
3200 5276 3331 5354 Περὶ
3362 5279 3470 5330 τῶν
3503 5273 3578 5346 μῆ
3615 5269 3778 5362 δεχίῖξ

2137 5375 2309 5449 μένων
2369 5376 2435 5431 τὰ
2480 5381 2625 5453 παρὰ
2678 5383 2775 5433 τοῦ
2819 5378 3162 5452 προεστῶτος
3214 5365 3551 5439 τυπούμενα.
3582 5361 3689 5453 ’ξὺν
3725 5356 3780 5413 δὶ

2137 5447 2210 5536 μὴ
2263 5447 2697 5542 καταδεχόμενον
2741 5467 2808 5521 τὰ
2863 5447 3009 5541 λιπαρὰ
3065 5465 3162 5518 τοῦ
3209 5458 3553 5534 προεστῶτος
3591 5447 3777 5542 Δδιατε-

2129 5552 2382 5627 ταγμὲνα·
2420 5558 2503 5614 sic
2531 5559 2686 5614 enim
2713 5573 2921 5614 censeo
2951 5551 3364 5626 corrigendum
3425 5560 3528 5617 pro
3587 5536 3772 5593 διαπι-

2129 5642 2431 5718 πραγμένα·
2471 5667 2498 5701 α
2546 5652 2624 5702 De
2680 5648 2792 5718 his,
2843 5645 2943 5720 qui
3002 5643 3212 5702 nolunt
3259 5635 3585 5700 admittere,
3645 5643 3773 5702 quas
