4138 6216
283 362 431 422 1081

1466 360 1567 420 AD
1614 360 2018 422 COMMENT.
2066 361 2145 420 IN
2190 359 2484 420 ISAlAM.

3535 357 3690 420 1082

278 508 382 564 per
409 491 733 548 antistitem
767 491 1106 562 praescripta
1137 494 1298 559 sunt,
1332 491 1547 546 Verum
1579 490 1760 561 is,qui
1787 489 1932 545 nolit
1960 491 2013 558 Α
2041 491 2222 546 Vetus
2244 491 2684 546 Testamentum
2708 489 2766 544 in
2790 490 3042 544 Graecam
3070 488 3332 559 linguam
3356 504 3424 544 ex
3445 489 3682 544 Hebraeo

278 581 610 645 admittere,
637 596 764 650 quae
795 580 1041 636 antistes
1063 578 1708 651 perﬁciundajusserit.
1731 602 1755 628 »
1781 582 1927 634 Con-

275 670 370 724 cil.
407 670 793 741 Ephosinum,
823 686 951 724 can.
983 671 1006 724 1
1034 687 1045 723 :
1082 669 1283 742 Ἐχρῆν
1311 670 1386 739 μὴ
1417 666 1678 740 ἀγνοῆσαι
1709 669 1773 720 τὰ
1805 667 1928 738 περὶ

274 756 451 810 αὐτῶν
502 755 876 829 τετυπιυμὲνα·
925 781 952 808 ‹‹
987 757 1300 829 Oportebat
1339 775 1448 812 non
1480 758 1769 828 ignorare,
1802 773 1928 828 qua:

272 847 344 903 de
377 847 524 918 ipsis
555 852 694 902 sunt
734 848 1072 902 constituta.
1109 870 1135 896 »
1170 853 1250 902 Ita
1277 846 1492 918 passim
1517 847 1574 901 in
1604 846 1928 902 canonibus

272 937 676 1007 apostolorum
727 943 782 992 et
824 937 1204 992 conciliorum
1254 937 1566 1009 Ancyrani,
1620 935 1927 991 Laodiceni

271 1026 633 1096 Gangrensis
668 1026 945 1081 dicuntur
983 1025 1252 1094 adulteri,
1301 1025 1589 1095 sacrilegi,
1621 1031 1679 1080 et
1709 1024 1804 1081 alii
1839 1025 1927 1078 di-

271 1115 460 1170 versis
508 1115 857 1171 criminibus
901 1115 1162 1186 obnoxii,
1198 1113 1564 1189 ἀφορίζεσθαι,
1595 1111 1922 1180 κωλύεσθαι,

273 1200 512 1274 ἀνάθεμα
557 1200 815 1278 γίνεσθαι,
863 1202 953 1260 vel
993 1205 1061 1259 ad
1095 1205 1356 1260 diversos
1387 1203 1794 1275 paenitentiam
1828 1219 1925 1257 or-

272 1292 444 1348 dines
477 1293 803 1348 amandari.

343 1399 466 1455 Col.
497 1399 604 1454 219
655 1401 695 1455 C
742 1401 826 1457 10.
878 1400 981 1457 Sed
1027 1403 1422 1473 unusquisque.
1456 1400 1625 1472 Apud
1661 1398 1798 1454 LXX
1845 1398 1924 1454 le-

269 1487 474 1557 gimus
504 1488 777 1544 Judicum
811 1507 951 1559 xvn,
983 1492 1038 1559 6,
1071 1495 1128 1546 et
1155 1507 1270 1556 xxr,
1316 1491 1424 1544 24:
1477 1485 1591 1543 Οὐκ
1642 1485 1708 1553 ἦν
1765 1485 1920 1558 βασι-

272 1574 404 1637 λεὺς
459 1574 512 1630 ἐν
558 1577 803 1652 Ἰσραὴλ,
856 1579 991 1652 ἀνὴρ
1041 1579 1102 1633 τὸ
1147 1578 1297 1639 εὐθὲς
1331 1577 1381 1631 ἐν
1416 1574 1723 1654 δφοαλμοῖς
1754 1574 1921 1628 αὐτοῦ

271 1664 468 1719 ἰποίει·
522 1668 637 1723 Non
683 1674 804 1724 erat
835 1685 938 1725 rex
982 1671 1043 1724 in
1072 1671 1280 1724 Israel:
1310 1671 1396 1724 vir
1422 1675 1630 1722 rectum
1661 1668 1722 1720 in
1751 1666 1922 1720 oculis

269 1759 390 1810 suis
419 1758 674 1826 faciebat.
707 1758 1027 1831 Utrobique
1057 1764 1146 1814 est
1178 1759 1237 1813 in
1288 1758 1560 1829 Vulgata,
1604 1755 1706 1810 Sed
1746 1771 1921 1810 unus-

273 1849 529 1918 quisque,
579 1848 721 1919 quod
776 1850 884 1903 sibi
933 1853 1139 1904 rectum
1179 1849 1495 1915 videbatur,
1529 1846 1626 1902 hoc
1652 1844 1914 1915 faciebat.

269 1933 599 2006 Scripserat
627 1936 879 1991 Tilman.
920 1937 1060 2009 quod
1104 1938 1356 2009 placebat
1403 1936 1573 1992 oculis
1603 1933 1739 1999 suis,
1791 1949 1918 2003 quas

261 2021 485 2078 locutio
521 2024 826 2081 familiaris
853 2027 1027 2081 etiam
1061 2027 1394 2098 Scripturae,
1429 2029 1493 2080 ut
1531 2023 1738 2079 Esther
1767 2038 1831 2087 ιι,
1862 2021 1916 2089 4,

261 2128 387 2183 qna’
415 2114 590 2168 oculis
645 2117 794 2183 regis
833 2115 1130 2184 placuerit.
1179 2116 1245 2170 Et
1279 2115 1301 2170 Ι
1334 2115 1474 2186 Reg.
1508 2131 1603 2182 xx,
1636 2113 1688 2179 3,
1726 2109 1921 2167 Inveni

256 2204 598 2273 gratiamin
632 2204 804 2258 oculis
829 2205 1116 2260 tuts.Nam
1153 2204 1431 2275 quoniam
1466 2203 1700 2257 habitus
1731 2202 1910 2257 animi

254 2290 448 2346 oculis
477 2292 731 2347 maxime
762 2309 824 2348 se
858 2294 1069 2365 prodit,
1103 2293 1317 2348 idcirco
1349 2309 1452 2364 pro
1494 2292 1724 2357 affectu,
1775 2308 1910 2346 sen-

255 2379 466 2446 tentia,
499 2380 586 2435 vel
606 2381 834 2450 judicio
866 2383 1079 2438 mentis
1109 2384 1384 2448 sumitur,
1410 2387 1474 2435 ut
1506 2384 1908 2450 Deuteron.xv,

259 2468 297 2520 9
321 2484 335 2522 ι
369 2473 451 2525 Ne
479 2470 821 2541 malignelur
849 2472 1036 2526 ocnlus
1063 2475 1190 2527 tuus
1219 2475 1410 2527 contra
1447 2474 1678 2542 fratrem
1728 2474 1907 2538 tuum,

255 2558 370 2612 hoc
401 2561 510 2628 est,
537 2574 609 2614 ne
638 2559 874 2614 invidus
911 2560 994 2616 sis
1027 2565 1127 2615 aut
1168 2560 1626 2626 immisericors;
1673 2560 1722 2614 II
1765 2559 1904 2629 Reg.

253 2663 316 2710 x,
369 2648 440 2701 3:
501 2648 616 2704 Non
663 2650 895 2705 honorat
938 2650 1118 2704 David
1166 2658 1378 2722 patrem
1425 2654 1582 2705 tuum
1632 2650 1694 2704 in
1735 2649 1908 2703 oculis

255 2739 391 2806 tuis,
439 2736 544 2792 hoc
574 2742 682 2807 est,
713 2743 817 2794 tua
839 2739 1129 2794 sententia
1149 2739 1232 2795 vel
1267 2738 1588 2811 opinione?
1621 2743 1713 2792 Ar.
1748 2737 1906 2792 Mon-

252 2829 438 2881 tanus
467 2827 524 2880 in
555 2827 872 2884 Idiotismis.

330 2913 452 2970 Col.
484 2917 594 2970 223
623 2917 664 2971 Β
693 2918 864 2986 7.Qui
890 2933 958 2973 ne
988 2919 1054 2973 ab
1077 2919 1502 2987 initio."Avopt0t
1536 2915 1907 2988 appellantur

253 3003 370 3059 hoc
399 3003 529 3060 loco
559 3005 642 3061 illi
675 3007 774 3078 qui
807 3007 916 3077 legi
965 3008 1215 3079 subjecti
1260 3025 1376 3062 non
1409 3007 1666 3075 fuerunt,
1702 3011 1765 3061 ut
1793 3009 1905 3060 Ro-

252 3109 420 3148 man.
455 3110 536 3157 1x,
566 3095 601 3148 2
635 3112 647 3150 :
707 3099 831 3156 Τοῖς
882 3095 1106 3167 ἀνόμοις
1155 3097 1230 3159 ὡς
1268 3096 1494 3167 ἄνομος,
1521 3091 1649 3148 ἀλλ’
1675 3092 1903 3164 ἔννομος

248 3184 500 3254 Χριστῷ·
553 3185 630 3239 Iis
676 3186 772 3256 qui
814 3187 941 3241 sine
987 3187 1100 3257 lege
1142 3194 1319 3252 erant,
1350 3190 1610 3256 tanquam
1637 3186 1756 3240 sine
1785 3186 1905 3252 legs

2040 581 2322 636 convertit
2350 585 2524 647 κῆπον
2569 580 2771 635 Latine
2829 578 3084 634 reddidit
3132 577 3374 634 Genesis
3405 594 3466 643 II,
3493 579 3548 642 8,
3581 578 3681 632 ubi

2042 671 2211 733 LXX,
2246 666 2591 742 παράδεισον,
2622 668 2969 740 paradisum.
3007 669 3122 722 lmo
3153 667 3265 737 ipsi
3297 667 3473 721 etiam
3509 666 3677 733 LXX,

2039 760 2468 814 Dauteronomii
2505 777 2579 825 ιιι,
2616 760 2702 826 10,
2733 759 2994 813 eamdem
3029 773 3224 814 vocem
3266 761 3441 822 κῆπον
3492 760 3682 810 verte-

2039 853 2208 903 runt:
2268 846 2363 900 Καὶ
2415 845 2677 914 ποτίζινισι
2723 851 2837 906 τοῖς
2889 844 3044 898 ποσὶν
3098 844 3222 897 ὡσεὶ
3271 849 3447 912 κῆπον
3495 840 3682 916 λαχσιο

2036 936 2198 996 velat‘
2247 939 2312 992 Et
2368 938 2662 1007 irrigarint
2704 935 2936 1006 pedibus
2987 936 3130 988 sicut
3171 934 3386 987 hOrlum
3445 933 3678 986 olerum.

2037 1025 2159 1081 Illic
2190 1027 2343 1082 enim
2374 1026 2587 1081 dicitur
2617 1030 2831 1080 terram
2867 1022 3275 1096 promissionis
3306 1022 3476 1091 longe
3531 1020 3680 1075 ube-

2038 1115 2246 1170 riorem
2279 1131 2404 1170 esse
2440 1120 2831 1188 Egypto,quaa
2864 1106 3299 1182 διαϐαλλομὲνη,
3325 1133 3351 1160 ‹‹
3379 1111 3515 1165 dum
3539 1109 3682 1163 vitu-

2037 1209 2328 1276 peratur,»
2343 1204 2693 1260 dicituresse
2708 1204 2874 1276 quasi
2889 1203 3095 1258 hortus
3109 1199 3513 1270 olerum,quod
3535 1198 3681 1269 pede

2035 1293 2272 1364 rigetur,
2299 1294 2418 1348 sive
2455 1295 2648 1349 labore
2675 1293 2980 1347 hominum
3014 1295 3071 1345 et
3101 1289 3376 1355 fosslone,
3409 1285 3681 1342 videlicet

2033 1398 2100 1437 ex
2122 1380 2247 1437 Nilo
2273 1400 2455 1454 aquas
2487 1383 2827 1438 deducendo
2852 1398 2952 1453 per
2973 1379 3168 1435 sulcos
3189 1383 3245 1432 et
3268 1379 3490 1432 fossas:
3525 1381 3586 1431 at
3617 1375 3675 1429 in

2032 1476 2187 1526 terra
2216 1472 2487 1527 Chanaan
2534 1472 2657 1544 agri
2693 1472 2818 1528 sine
2848 1469 3045 1525 labore
3075 1485 3143 1523 ex
3182 1466 3324 1522 coelo
3369 1466 3564 1538 pluvia
3595 1463 3677 1518 ri-

2031 1567 2262 1632 gentur,
2298 1578 2474 1628 quam
2507 1577 2619 1615 non
2647 1561 2820 1615 habet
2852 1560 3149 1630 zEgyptus.
3194 1556 3372 1610 Paulo
3415 1557 3544 1625 post
3601 1551 3675 1612 ὡς

2031 1648 2166 1723 πρὸς
2196 1649 2258 1702 τὸ
2290 1649 2452 1724 ῥητόν
2510 1666 2741 1704 versum
2803 1650 3006 1702 fuerat.
3064 1667 3088 1697 ‹ι
3149 1646 3308 1711 Quod
3344 1643 3549 1698 attinet
3601 1641 3673 1696 ad

2030 1740 2180 1794 hanc
2213 1741 2582 1801 sententiam,
2622 1760 2644 1790 ι)
2682 1755 2808 1803 nos,
2843 1752 3080 1792 sensum
3109 1731 3571 1797 litteralem,sive
3593 1730 3680 1784 bi-

2032 1830 2312 1884 storicum
2348 1829 2588 1884 indic-ari
2622 1825 3084 1891 censuimus,cui
3116 1823 3435 1895 apponitur
3466 1819 3678 1874 deinde

1951 1890 1999 1954 B
2029 1921 2153 1978 νοῦς
2185 1917 2398 1987 ἠθικός,
2434 1919 2552 1973 sive
2584 1933 2793 1972 sensus
2822 1912 3234 1986 tropologicus.

2099 2029 2216 2084 Col.
2239 2029 2345 2082 230
2376 2029 2416 2083 C
2445 2031 2498 2081 2.
2532 2025 2810 2082 Scintilla.
2863 2025 3187 2078 Annotarat
3218 2020 3531 2090 interpres,
3566 2034 3670 2089 pro

2027 2117 2256 2190 σπινθὴρ
2290 2113 2537 2185 δικαίων,
2571 2115 2723 2185 quod
2759 2111 3043 2182 scriptum
3078 2113 3166 2164 est
3196 2107 3473 2163 exhibent
3506 2107 3564 2160 Ρ.
3599 2106 3664 2161 Η.

2024 2207 2094 2273 1.,
2125 2206 2434 2277 legendum
2459 2204 2691 2275 σπινθὴρ
2721 2199 2912 2270 πυρός,
2947 2223 2972 2250 ‹‹
3000 2199 3174 2270 ignis.
3211 2218 3239 2246 »
3270 2199 3340 2250 At
3370 2194 3559 2250 verior
3579 2197 3668 2249 est

2019 2298 2084 2349 A.
2120 2295 2313 2362 lectio,
2343 2291 2586 2361 δικαίως,
2625 2315 2651 2342 ‹‹
2687 2291 2916 2358 merito,
2953 2311 2979 2338 ››
3023 2287 3402 2359 quamobrem
3437 2299 3660 2353 expun-

2017 2387 2213 2440 ximus
2235 2401 2429 2439 vocem
2463 2406 2489 2432 ‹‹
2543 2383 2860 2453 juszorum,
2894 2399 2919 2431 ιι
2973 2383 3027 2432 et
3074 2372 3334 2448 ἐλέγχους
3379 2371 3661 2428 vertimus

2020 2496 2047 2523 ‹‹
2079 2473 2500 2542 accusationes,
2540 2495 2559 2519 -
2597 2469 2790 2542 potius
2840 2483 3017 2540 quam
3051 2489 3078 2514 «
3113 2465 3481 2536 argumenta.
3517 2482 3546 2510 »
3598 2460 3661 2513 In

2018 2561 2249 2618 duobus
2282 2579 2425 2618 mss.
2457 2559 2522 2615 H.
2557 2564 2613 2616 et
2643 2562 2686 2615 Ι.
2719 2553 3107 2630 inaugura-Sami
3157 2551 3506 2624 reperimus,
3559 2564 3663 2620 pro

2016 2649 2396 2725 ἐμπορεύεται.

2091 2742 2233 2796 Ibid.
2269 2741 2310 2795 D
2341 2744 2393 2796 2.
2417 2742 2532 2796 Una
2549 2739 2786 2811 quidem.
2814 2733 3200 2791 Restituimus
3224 2727 3657 2800 interpretatio-

2015 2845 2148 2886 nem
2181 2829 2361 2902 hujus
2392 2829 2777 2900 periodi,cum
2802 2840 3005 2880 omnes
3028 2820 3332 2876 codicesin
3367 2821 3658 2888 receptam

2014 2917 2321 2974 lectionem
2355 2916 2776 2986 consentirent,
2809 2912 3009 2969 deletis
3041 2909 3222 2977 illis,«
3266 2907 3411 2973 Quia
3431 2907 3516 2960 vis
3540 2905 3660 2960 haec

2014 3010 2218 3064 efﬁcax
2249 3026 2281 3063 a
2316 3009 2426 3064 Deo
2457 3007 2753 3062 confertur
2781 3001 3020 3059 sanctis.
3058 3023 3085 3049 »
3115 2997 3431 3053 Conﬁrmat
3460 3011 3660 3050 emen-

2015 3101 2304 3155 dationem
2331 3097 2592 3169 Procopii
2615 3091 3139 3166 interpres,pag.40
3164 3107 3176 3146 :
3203 3111 3230 3138 «
3267 3087 3389 3143 Una
3419 3084 3656 3158 quidem

2015 3195 2104 3244 est
2133 3190 2385 3261 Spiritus
2416 3186 2624 3258 gratia,
2650 3186 2922 3240 virtutem
2955 3199 2988 3236 a
3018 3181 3133 3236 Deo
3165 3176 3384 3234 sanctis
3415 3174 3552 3229 viris
3584 3173 3655 3227 ad

245 3289 450 3342 essem,
509 3290 634 3329 cum
676 3278 734 3330 in
782 3277 898 3346 lege
930 3293 1100 3334 essem
1149 3278 1379 3336 Christi:
1428 3277 1527 3331 sed
1577 3276 1748 3340 illud,
1795 3275 1894 3342 τὴν
1936 3255 1977 3322 C
2013 3295 2216 3335 eorum
2248 3295 2374 3349 quae
2404 3278 2750 3348 ignorantur
2778 3271 3166 3344 cognitionem
3199 3283 3325 3338 quae
3356 3262 3655 3320 revelatio-

248 3361 460 3435 ἀρχήν.
493 3365 650 3434 quod
681 3365 938 3421 adverbii
972 3367 1154 3422 vicem
1205 3365 1458 3438 supplet,
1505 3382 1618 3420 non
1657 3365 1904 3420 advertit

245 3451 548 3523 interpres
579 3453 732 3510 idem
765 3455 955 3510 valere
987 3456 1139 3526 quod
1175 3454 1264 3507 ἀπ’
1295 3453 1498 3528 ἀρχῆς,
1549 3458 1615 3509 ut
1654 3453 1901 3510 Joannis

245 3557 378 3604 νιιῐ,
411 3541 485 3594 25
515 3557 527 3596 :
579 3541 683 3610 Τὴν
731 3542 909 3617 ἀρχὴν
956 3541 1036 3596 ὅτι
1077 3542 1165 3597 καὶ
1200 3540 1356 3597 λαλῶ
1407 3543 1553 3614 ὑμῖν·
1580 3544 1793 3606 «Quod
1828 3545 1899 3597 ab

245 3630 424 3685 initio
457 3631 584 3686 dico
615 3632 800 3688 vobis.
835 3655 864 3684 »
892 3633 1220 3705 Scripserat
1248 3649 1385 3703 ergo
1417 3633 1693 3697 Tilman.,
1722 3654 1750 3683 «
1798 3636 1900 3688 aut

241 3723 426 3782 certe,
460 3719 556 3790 qui
597 3736 668 3774 ne
698 3721 1052 3794 principium
1086 3723 1322 3793 quidem
1355 3722 1614 3794 aggressi
1646 3727 1805 3791 sunt,
1835 3726 1899 3776 ut

241 3823 423 3876 opere
456 3807 746 3878 expleant.
782 3831 810 3859 ››
844 3810 1069 3867 Rursus
1103 3812 1253 3866 infra
1301 3827 1404 3882 pro
1453 3807 1892 3882 ἐνεργηθήσεται,

237 3895 671 3968 interpretatus
725 3905 814 3955 est
871 3899 1038 3971 quasi
1098 3899 1334 3972 legisset
1389 3899 1892 3972 εὐεργετηθήσεται·

237 4008 270 4037 α
299 3986 481 4048 Quasi
508 4003 638 4041 vero
657 3987 1059 4060 derelinquere
1085 3989 1392 4048 Dominum
1421 4004 1529 4044 non
1556 3989 1796 4059 posthac
1819 3987 1896 4042 sit

237 4080 580 4146 peccatum,
614 4079 679 4131 ut
707 4077 882 4132 etiam
915 4077 1196 4134 beneﬁcio
1241 4078 1551 4133 afﬁciatur.
1601 4099 1628 4126 »
1679 4076 1894 4132 Omnes

232 4167 445 4218 tamen
471 4164 701 4219 codices
723 4181 984 4237 mss.pra2
998 4183 1060 4222 se
1071 4167 1546 4221 feruntexcusam
1562 4165 1892 4234 lectionem,

232 4257 297 4307 et
321 4248 425 4303 οὐκ
450 4248 777 4324 ἐνεργεῖσθαι
799 4258 1001 4325 postea
1033 4254 1270 4326 exponit
1320 4253 1567 4310 Basilius
1586 4251 1712 4314 τοὺς
1746 4251 1891 4327 ἐνερ-

229 4343 479 4414 γοῦντας
535 4338 859 4397 κωλύεσθαι.
917 4348 994 4398 At
1051 4343 1525 4415 Chrysostomus,
1583 4359 1713 4414 pag.
1763 4343 1890 4410 661,

229 4429 420 4484 aliter
477 4429 764 4500 explicat,
823 4428 1362 4500 συντελεσοήσονται.
1423 4430 1490 4486 Οἱ
1550 4426 1606 4484 δὲ
1662 4423 1888 4497 ἀσεϐεῖς,

227 4514 431 4592 φησὶν,
467 4514 821 4573 ἀπολοῦνται.
863 4520 1087 4591 «Ιῑῑιρίἱ
1148 4536 1301 4590 vero,
1362 4519 1577 4590 inquit,
1641 4518 1889 4590 disperi-

2010 3384 2141 3422 nem
2176 3367 2484 3439 cordisque
2517 3363 2967 3420 illustrationem
3004 3363 3306 3432 praestans.
3341 3376 3368 3404 ››

2081 3475 2308 3530 Col.234
2347 3477 2385 3528 C
2413 3466 3105 3542 2.Quapropter.Mutilam
3127 3461 3528 3519 exhibethanc
3553 3474 3654 3531 pe-

2008 3565 2239 3620 riodum
2274 3564 2490 3635 Regius
2519 3564 2699 3616 codex
2731 3560 2786 3614 F.
2831 3561 3144 3628 Propterea
3193 3553 3502 3621 interpres,
3551 3547 3651 3618 qui

2008 3669 2073 3708 eo
2107 3655 2401 3718 utebatur,
2433 3653 2722 3722 integram
2753 3646 2913 3703 illam
2947 3645 3362 3716 repraasentare
3393 3655 3508 3693 non
3542 3653 3649 3708 po-

2005 3743 2138 3796 tuit.
2173 3741 2268 3793 Διὰ
2319 3738 2378 3793 ἐκ
2425 3738 2723 3813 προσώπου
2753 3739 2852 3790 τοῦ
2883 3733 3080 3808 Κυρίου
3113 3727 3526 3803 διαλεγομένοις
3557 3723 3649 3778 αὐ-

2003 3835 2140 3894 τοῖς,
2171 3829 2243 3890 ὡς
2277 3825 2462 3896 δηλοῖ·
2484 3832 2542 3883 at
2573 3827 2788 3898 Regius
2820 3825 2964 3880 alter
2995 3824 3061 3878 Η.
3095 3827 3150 3876 et
3177 3825 3220 3874 Ι.
3252 3819 3651 3888 suffragantur

2001 3917 2277 3990 Anglicis,
2310 3917 2367 3971 in
2401 3917 2613 3987 quibus
2638 3897 2832 3969 tamen
2861 3908 3269 3981 corrigendum
3302 3905 3447 3959 illud
3512 3897 3645 3974 μὲλ-

2003 4004 2136 4074 λειν,
2169 4014 2226 4063 et
2264 4006 2638 4062 scribendum
2685 4000 2888 4076 μέλειν,
2941 4004 3007 4054 ut
3055 3995 3406 4067 scripsimus
3463 3990 3639 4046 alibi:

2002 4096 2090 4164 Μὴ
2127 4094 2309 4169 μέλειν
2338 4093 2484 4165 αὐτῷ
2529 4097 2635 4148 τῶν
2663 4092 2986 4168 γινομένων.
3022 4110 3048 4136 ‹‹
3083 4089 3198 4141 Aut
3230 4100 3341 4138 non
3376 4097 3507 4137 eum
3543 4095 3644 4134 cu-

2003 4203 2150 4252 rare,
2187 4203 2313 4258 quae
2345 4189 2668 4256 geruntur:
2706 4204 2731 4229 ››
2764 4179 2858 4234 hic
2886 4192 3119 4249 quoque
3147 4171 3490 4228 vertendum
3522 4175 3640 4222 est:

2007 4296 2027 4323 σ
2051 4276 2193 4330 Nam
2216 4274 2492 4346 quoniam
2520 4273 2703 4327 Deum
2727 4286 2840 4324 non
2864 4282 3067 4322 curare
3089 4262 3526 4320 arbitrabantur
3550 4273 3642 4346 res

2002 4345 2313 4428 humanas,
2345 4380 2443 4418 eos
2476 4360 2942 4420 subsannabant,
2992 4355 3092 4426 qui
3141 4368 3210 4407 ex
3251 4364 3501 4423 persona
3546 4345 3644 4401 Dei

2001 4455 2150 4524 apud
2188 4471 2284 4509 eos
2309 4452 2827 4518 concionabantur,
2853 4447 3003 4503 sicut
3021 4441 3305 4500 Jeremias
3329 4437 3540 4494 indicat
3563 4435 3646 4490 di-

2002 4559 2177 4598 cens:
2219 4546 2349 4598 Tota
2393 4542 2483 4596 die
2515 4539 2858 4612 perseverari
2881 4534 3272 4591 subsannatus.
3310 4551 3337 4580 »
3391 4526 3643 4598 Vulgata

224 4606 415 4661 bunt.
447 4628 472 4656 ››
506 4607 626 4663 Sub
657 4607 830 4663 ﬁnem
865 4608 1108 4680 paginae,
1141 4606 1186 4662 εἰ
1215 4608 1317 4681 γὰρ
1350 4607 1384 4676 ἠ
1435 4605 1658 4674 ἅλωσις,
1692 4623 1890 4662 emen-

2020 4632 2205 4687 Latina
2232 4631 2446 4687 Jerem.
2478 4605 2573 4697 xx,
2604 4630 2673 4687 7:
2704 4629 2900 4682 Factus
2945 4641 3067 4680 sum
3114 4623 3174 4678 in
3214 4621 3460 4676 derisum
3522 4619 3644 4672 tota

225 4696 511 4751 dandum
539 4713 607 4751 ex
637 4700 704 4750 H.
737 4707 792 4753 et
825 4700 867 4752 Ι.
900 4698 934 4764 ἡ
968 4695 1261 4761 ἀνάλωσις,
1306 4699 1520 4768 rejecta
1547 4696 1792 4752 lectione
1821 4699 1887 4751 A.

222 4789 291 4840 et
346 4784 435 4851 F.,
492 4801 669 4857 quam
727 4789 968 4842 secutus
1032 4785 1383 4842 Tilmannus
1437 4787 1775 4859 scripserat,
1833 4784 1894 4839 Si

1999 4721 2113 4789 die,
2145 4736 2327 4775 omnes
2346 4719 2688 4774 subsannant
2717 4730 2824 4772 me.

2071 4809 2189 4866 Col.
2221 4810 2326 4864 234
2357 4809 2398 4864 Β
2432 4809 2518 4862 10.
2550 4811 2732 4878 Supra
2782 4803 3228 4874 fundamentum.
3285 4796 3510 4852 Vitiosa
3566 4791 3644 4849 le-

218 4877 392 4931 em'm
421 4876 732 4946 captivitas.

306 4981 436 5039 Col.
483 4983 588 5036 227
637 4984 682 5037 A
732 4983 782 5037 1.
834 4984 984 5040 Hane
1032 4983 1196 5040 horti.
1241 4982 1625 5060 Ἐπαμφότερα
1676 4984 1890 5040 alicubi

216 5070 484 5142 reperiri
537 5087 638 5142 pro
687 5069 769 5125 ἐπ’
800 5070 1082 5148 ἀμφότερα
1113 5074 1280 5130 docet
1311 5079 1513 5130 auctor
1543 5073 1720 5130 erci
1759 5074 1894 5130 The-

213 5161 422 5223 sauri,
456 5159 550 5215 cui
582 5159 713 5216 locu‘
739 5161 951 5232 poterit
979 5162 1088 5217 hoc
1110 5163 1440 5234 exemplum
1474 5162 1890 5233 adjici,suﬁ‘ra-

210 5249 523 5322 gantibus
562 5250 622 5305 F'.
658 5254 713 5305 et
740 5252 804 5306 A.
840 5267 1007 5319 mss.,
1043 5251 1158 5307 nisi
1189 5251 1420 5307 obstent
1449 5251 1546 5306 alii
1579 5252 1692 5306 duo
1728 5253 1790 5306 Η.
1833 5255 1891 5306 et

209 5343 269 5393 Ι.
317 5339 421 5408 qui
454 5335 537 5390 ἐπ’
568 5337 847 5416 ἀμφότερα
877 5341 1167 5414 scriptum
1218 5340 1514 5398 exhibent.
1574 5341 1692 5396 Hoc
1751 5357 1887 5413 ergo

207 5425 363 5481 vult
393 5426 671 5498 Basilius,
693 5428 753 5484 in
785 5429 1000 5485 bonam
1032 5447 1460 5504 nonnunquam
1485 5435 1884 5504 partem,non-

206 5533 544 5586 nunquam
579 5517 636 5573 in
669 5518 886 5574 malam
919 5520 1103 5593 accipi
1142 5519 1199 5575 in
1246 5521 1549 5594 Scriptura
1571 5537 1772 5576 vocem
1830 5531 1885 5608 μ

205 5621 418 5680 quam
447 5606 658 5677 Aquila
684 5607 1090 5681 Ponticus,qui
1120 5610 1231 5666 sub
1253 5611 1511 5666 Adriano
1532 5606 1885 5681 imperatore

200 5695 391 5752 circa
411 5711 638 5752 annum
669 5695 883 5754 Christi
929 5697 1032 5754 125
1062 5704 1196 5772 post
1223 5699 1609 5773 Septuaginta
1654 5697 1884 5771 primus

2001 4901 2080 4955 tio
2115 4917 2223 4955 ms.
2259 4900 2319 4954 F.
2367 4895 2653 4969 imposuit
2683 4892 3010 4964 interpreti,
3044 4904 3220 4962 quam
3254 4890 3525 4956 etoperae
3554 4888 3641 4954 ty-

2000 4988 2365 5062 pographicos
2397 4987 2675 5058 amplexa:
2695 4983 3000 5050 sunt,dum
3030 4979 3328 5050 eleganter
3357 4973 3641 5045 scriptum

2000 5081 2258 5135 codicem
2291 5078 2532 5150 Regium
2562 5091 2739 5146 quam
2774 5069 3176 5145 apographum
3210 5065 3518 5139 Anglicum
3549 5077 3645 5114 va-

1999 5169 2104 5224 riis
2153 5166 2500 5223 lectionibus
2548 5167 2854 5218 oneratum
2900 5157 3067 5230 sequi
3098 5155 3362 5212 malunt:
3397 5156 3456 5207 at
3486 5151 3542 5204 in
3575 5165 3640 5204 eo

1998 5256 2153 5312 sicut
2185 5254 2318 5310 etin
2357 5254 2419 5308 Η.
2457 5253 2501 5308 Ι.
2537 5252 2822 5322 scriptum
2857 5248 3113 5304 oﬁ‘endes
3171 5241 3258 5298 ἐπὶ
3291 5245 3370 5312 τῷ
3404 5234 3640 5310 θεμελίῳ

1995 5346 2100 5398 τῶν
2134 5338 2564 5411 ἀποστόλων,Θι
2591 5333 2645 5392 ἓν
2701 5340 2806 5391 τῶν
2867 5333 3034 5410 ὀρέων
3093 5333 3157 5400 ἦν
3217 5330 3437 5403 Πέτρος.
3491 5325 3636 5398 Eph.

1995 5451 2053 5502 ιι,
2082 5436 2137 5488 2.
2199 5435 2401 5503 Itaque
2454 5427 2844 5502 expunximus
2904 5424 3063 5480 illam
3096 5417 3634 5492 interpretationem

1995 5521 2353 5590 Tilmanni,«
2385 5523 2484 5576 Est
2512 5517 2666 5573 enim
2698 5515 2984 5572 mdiﬁcata
3013 5513 3072 5567 in
3105 5507 3384 5582 apostolis
3416 5510 3474 5562 et
3503 5521 3635 5577 pro-

1993 5610 2317 5684 phetis,qui
2330 5610 2460 5681 ejus
2475 5602 3201 5673 fundamentumjecerunt
3214 5611 3463 5684 quorum
3478 5609 3634 5649 unus

1991 5682 2115 5758 erat
2136 5682 2366 5758 Petrus.
2389 5717 2416 5752 ι
2460 5695 2577 5754 Asti
2584 5694 2823 5768 palatur
2843 5697 3053 5750 nostris
3075 5682 3469 5747 emendationi
3495 5686 3632 5738 Pro-
