4138 6216
548 369 705 429 1083

1739 372 1975 432 NOTJE
2019 375 2465 436 FRONTONIS
2510 376 2770 438 DUCEI

3792 378 3920 439 1084

543 499 695 570 copii
728 499 1022 572 interpres
1058 517 1187 573 pag.
1221 503 1282 556 41
1315 519 1326 557 :
1366 524 1393 551 ‹‹
1430 502 1537 568 Qui
1569 502 2064 576 supermdiﬁcatos
2099 521 2194 560 su-
2227 508 2279 575 Α
2313 503 2517 576 μάτων·
2553 529 2580 558 ‹‹
2609 506 2682 563 Ut
2711 505 2945 579 gladius
2985 505 3223 578 ille,qui
3245 506 3314 562 ad
3337 504 3791 564 interimendum
3812 509 3918 582 plu-

544 607 648 661 per
663 590 1109 645 fundamentum
1130 591 1530 662 apostolorum
1544 598 1600 647 et
1615 593 2034 665 prophetarum
2052 593 2193 648 scri-

543 679 685 733 bit.»
712 678 932 734 Similis
954 680 1408 735 sententialib.n
1425 681 1689 738 Adversus
1711 683 2040 737 Eanum-ium
2065 699 2076 738 :
2103 680 2190 734 τὸν

543 765 631 820 διὰ
664 766 895 828 πίστεως
953 767 1227 843 ὑπεροχῆν
1279 767 1363 846 ἐφ’
1391 770 1574 824 ἑαυτὸν
1609 768 1908 843 ολκοδομὴν
1937 777 2036 840 τῆς
2073 771 2192 826 Ἐκ-

540 854 775 924 κλησῖας
808 853 1112 928 δεξάμενον.
1167 860 1258 913 Sic
1305 865 1361 914 et
1391 860 1760 932 Augustinus
1811 862 1868 916 in
1917 864 2192 933 psalmum

544 964 767 1012 Lxxxvx,
807 947 1191 1003 fundamenta
1222 949 1350 1020 ejus
1383 949 1439 1004 in
1475 951 1876 1022 montibus,de
1910 949 2194 1023 apostolis

541 1041 596 1089 et
629 1035 931 1108 prophetis
963 1037 1218 1108 exponit.

611 1142 731 1198 Col.
764 1143 868 1196 237
897 1143 940 1198 D
977 1145 1024 1198 1.
1057 1149 1163 1211 Τῆς
1213 1140 1544 1214 ἀϊδιὸτητος.
1582 1145 1710 1200 Haec
1744 1149 1834 1201 est
1864 1145 2028 1218 Regii
2059 1147 2187 1202 cod.

538 1231 598 1288 F.
633 1232 947 1303 scriptura,
972 1249 1148 1304 quam
1183 1239 1418 1290 secutus
1448 1233 2190 1303 Tilmann.ediderat,sem-

531 1322 774 1391 ρίίθνηίε
822 1323 918 1377 Dei
968 1331 1233 1379 naturas:
1286 1327 1345 1378 at
1383 1324 1790 1396 apograpbum
1847 1323 2075 1396 Anglic.
2131 1325 2188 1379 in

541 1409 804 1482 margine
837 1411 1047 1466 habuit
1075 1417 1176 1479 τῆς
1210 1410 1496 1485 ἁγιότητος
1546 1416 1641 1464 τοῦ
1684 1416 1840 1482 Θεοῦ,
1884 1413 2191 1469 sanctitatis

536 1500 655 1565 Dei,
693 1500 746 1554 in
780 1499 908 1572 ipso
935 1518 1067 1556 vero
1099 1505 1256 1556 textu
1290 1507 1388 1570 τῆς
1432 1497 1698 1570 ἷδιότητς,
1735 1502 1827 1556 cui
1858 1502 2188 1574 suifragan-

536 1593 632 1643 tur
689 1587 756 1643 H.
814 1594 870 1643 et
921 1590 962 1646 Ι.
1011 1591 1331 1662 Procopius
1377 1607 1434 1662 p.
1485 1590 1591 1646 43:
1645 1588 1776 1645 Εἶτα
1803 1589 2189 1664 προκοπτούσῃ

531 1680 602 1749 τῇ
655 1676 850 1750 γνώσει
903 1678 1002 1746 τήν
1052 1675 1153 1732 τοῦ
1205 1682 1337 1732 Θεοῦ
1384 1679 1768 1752 προσθήσομεν
1813 1675 2063 1750 ἰδιότητα
2091 1683 2188 1734 τοῦ

534 1768 668 1818 Θεοῦ
703 1759 955 1818 Ἰακώϐ·‹‹
980 1768 1195 1822 Deinde
1216 1775 1593 1840 promovente
1618 1768 1998 1840 intelligentia
2023 1787 2189 1839 pecu-

535 1854 679 1909 liare
712 1854 812 1909 Dei
842 1856 1023 1911 Jacob
1070 1857 1415 1925 adjiciemus
1463 1857 1803 1912 discrimen.
1852 1883 1874 1910 ι
1935 1858 2189 1930 Opponit

535 1959 904 1999 communem
935 1945 1204 2001 notitiam
1235 1947 1359 2013 Dei,
1393 1946 1677 2018 peculiari
1702 1952 1758 2002 et
1777 1946 2047 2019 propriae,
2072 1964 2187 2019 qua

537 2033 760 2089 scilicet
793 2039 941 2092 Deus
971 2037 1152 2092 Jacob
1185 2036 1544 2108 agnoscitur,
1581 2041 1639 2093 et
1672 2043 1735 2092 ut
1765 2037 1844 2092 ait
1873 2037 2185 2109 Apostolus

539 2123 710 2179 Hebr.
769 2142 848 2194 x1,
899 2126 984 2192 16,
1032 2142 1138 2182 non
1189 2126 1550 2196 confunditur
1597 2129 1782 2182 vocari
1809 2128 1948 2182 Deus
1973 2143 2182 2194 eorum,

537 2211 646 2266 hoc
679 2216 788 2282 est,
818 2214 1009 2269 vocari
1046 2215 1201 2270 Deus
1235 2215 1546 2282 Abraham,
1583 2216 1743 2271 Isaac
1767 2214 2186 2280 etJacob,tan-

537 2321 716 2376 quam
760 2304 1073 2376 peculiaris
1105 2323 1307 2362 eorum
1340 2307 1519 2373 Deus,
1550 2308 1729 2363 Exodi
1761 2325 1844 2372 III,
1877 2309 1932 2362 5.
1984 2309 2186 2379 Itaque

539 2393 735 2464 aptius
766 2393 859 2449 hic
883 2396 1174 2451 scribetur
1206 2420 1232 2446 ‹‹
1269 2396 1580 2468 peculiaris
1612 2398 1740 2468 ejus
1775 2396 2119 2452 divinitatis.
2157 2419 2184 2445 ››

543 2482 608 2535 In
641 2483 907 2539 eamdem
940 2486 1289 2540 sententiam
1323 2485 1469 2540 dixit
1499 2485 1603 2540 lib.
1641 2503 1657 2540 ι
1687 2485 1949 2541 Adversus
2004 2489 2185 2542 Euno-

542 2571 719 2625 mium
740 2591 758 2625 :
789 2575 914 2632 Τοῖς
968 2571 1062 2643 μὲν
1094 2571 1266 2648 ἁγίοις
1315 2571 1478 2626 αὐτοῦ
1510 2573 1537 2626 6
1567 2573 1694 2634 Θεὸς
1724 2578 1805 2646 τῷ
1835 2569 2068 2647 Αϐραὰμ
2095 2574 2185 2628 καὶ

537 2662 618 2730 τῷ
675 2659 858 2714 Ἰσαὰκ
899 2661 988 2715 καὶ
1037 2666 1118 2734 τῷ
1169 2657 1384 2734 Ἰακὼϐ,
1437 2661 1509 2716 ὦν
1553 2659 1642 2716 διὰ
1665 2664 1726 2716 τὸ
1757 2661 1831 2725 εἲς
1863 2670 2033 2718 πᾶσαν
2063 2663 2185 2738 ἀρε-

536 2747 635 2816 τὴν
668 2747 876 2803 τέλειον
927 2749 1016 2804 καὶ
1059 2749 1121 2805 τὸ
1181 2751 1309 2813 Θιὸς
1342 2747 1720 2824 ὅνομάζεσθαι·
1755 2759 1813 2808 et
1840 2754 2186 2826 Chrysosto-

540 2853 673 2892 mus
722 2840 782 2894 in
827 2840 1030 2910 psalm.
1081 2857 1282 2910 cxxxv,
1329 2858 1460 2912 pag.
1508 2843 1652 2897 507:
1686 2841 1745 2898 Ὁ
1779 2841 1908 2902 Θεὸς
1965 2836 2180 2910 Ἰακὼϐ,

530 2921 622 2977 ’ἱνα
670 2925 766 2994 τὴν
820 2925 1090 2981 οἰκείωσιν
1142 2929 1458 3002 παραστήσῃ
1505 2929 1594 2983 καὶ
1646 2929 1745 2998 τὴν
1793 2927 2017 2999 ποΛλήν
2049 2931 2184 3005 πρὸς

535 3012 730 3076 αὐτοὺς
761 3016 992 3092 ἀγᾶπην·
1033 3041 1061 3068 ‹‹
1091 3020 1245 3075 Deus
1273 3025 1430 3076 lsaac
1454 3027 1509 3076 et
1530 3020 1683 3076 Deus
1702 3020 1979 3090 Jacob,ut
1998 3027 2185 3078 osten-

539 3107 638 3161 dat
687 3107 1139 3165 familiaritatem
1192 3115 1249 3164 et
1299 3110 1774 3180 conjunctionem
1817 3115 1873 3166 et
1900 3128 2182 3182 magnum

538 3212 710 3251 suum
735 3196 792 3250 in
816 3214 914 3253 eos
943 3215 1220 3254 amorem.
1251 3221 1278 3248 »
1299 3198 1526 3255 Rursus
1547 3201 1907 3255 correximus
1931 3199 2036 3255 hoc
2054 3200 2178 3255 loco

2306 596 2521 651 rimum
2569 596 2738 666 valet,
2774 597 2844 651 ad
2891 597 3274 668 praaparanda
3301 597 3529 652 vivifica
3559 598 3779 653 semina
3809 603 3918 655 usui

2305 691 2612 756 esset,qua2
2635 685 2948 742 animabus
2965 686 3188 742 ratione
3206 685 3466 757 praeditis
3480 704 3582 758 per
3597 688 3916 758 sapientiam

2305 774 2669 847 inseruntur,
2716 781 2771 832 et
2827 777 3278 832 convertendus.
3325 799 3352 826 υ
3399 777 3768 848 Astipulatur
3810 777 3922 832 huic

2304 865 2700 921 emendationi
2733 866 2965 922 Grmcus
3014 870 3206 920 textus
3237 870 3294 920 et
3356 866 3601 922 Latinus
3661 866 3920 947 interpres

2303 954 2589 1026 Procopii,
2613 972 2669 1027 p.
2703 956 2791 1022 46,
2825 978 2851 1005 «ι
2888 954 2946 1010 in
2980 959 3239 1010 aratrum
3265 955 3390 1025 jam
3423 971 3741 1012 conversus
3771 958 3921 1012 semi-

2304 1060 2378 1098 na
2410 1041 2510 1098 illa
2558 1043 2808 1112 viviﬁca,
2853 1061 2979 1116 qua:
3026 1044 3330 1116 sapientiae
3363 1043 3645 1100 beneficio
3700 1045 3924 1100 rationis

2304 1131 2688 1204 participibus
2706 1133 2919 1189 animis
2943 1134 3771 1206 innascuntur,praepararet.»
3787 1135 3924 1198 Quod

2304 1220 2590 1292 sequitur,
2628 1218 2855 1296 χάριτος
2902 1217 3271 1297 φυλακτήρων
3327 1219 3616 1289 ποιητικόν
3660 1221 3825 1278 lectio
3851 1226 3923 1278 est

2303 1310 2466 1382 Regii
2499 1328 2610 1366 ms.
2644 1311 2711 1366 H.
2737 1316 2793 1366 et
2823 1311 2866 1367 Ι.
2901 1311 3134 1366 Rectius
3166 1311 3226 1366 in
3258 1311 3318 1367 F.
3352 1316 3409 1366 et
3439 1310 3665 1384 Anglic.
3702 1311 3928 1367 habetur

2301 1395 2681 1475 φυλακτηρίων
2711 1399 3022 1470 ποιητικόν.
3054 1401 3358 1456 Postremo
3386 1399 3767 1473 πεπωρωμὲνα
3793 1418 3927 1456 com-

2302 1489 2533 1546 modius
2583 1489 2677 1545 hic
2725 1490 2946 1562 legetur
2984 1505 3052 1545 ex
3102 1490 3215 1546 fide
3263 1490 3516 1545 duorum
3547 1489 3854 1562 Regiorum
3881 1494 3929 1545 et

2299 1581 2458 1633 textu
2517 1579 2804 1652 Procopii,
2859 1595 3038 1651 quam
3087 1595 3222 1634 cum
3277 1579 3499 1651 Anglic.
3555 1580 3921 1652 πεπυρωμένα,

2298 1660 2496 1737 Ζιϐύνη
2530 1673 2726 1723 autem
2758 1667 3088 1740 simplicius
3120 1668 3396 1724 reddetur
3427 1692 3455 1717 ‹‹
3490 1667 3753 1739 lancea,»
3771 1685 3924 1739 quam

2299 1755 2605 1828 «jaculum
2638 1757 2788 1812 ferro
2821 1757 3366 1829 praaacuminatum,
3405 1780 3426 1805 ιο
3468 1773 3540 1812 ne
3563 1757 3716 1812 forte
3745 1758 3924 1812 adver-

2299 1850 2462 1901 setur
2490 1844 2626 1901 huic
2658 1845 3055 1901 additamenta
3087 1845 3446 1917 interpretis,
3480 1847 3640 1918 quod
3672 1849 3763 1901 est
3789 1846 3924 1918 apud

2296 1934 2649 2006 Hesychium
2685 1939 2742 1990 et
2773 1935 3040 2006 Suidam,
3078 1927 3265 2004 ζιϐύνη
3318 1929 3645 2007 ὁλοσίδηρον
3700 1932 3924 1987 ἀκόντιον

2295 2023 2328 2092 ἢ
2364 2022 2572 2097 λόγχη,
2601 2047 2627 2074 (‹
2661 2024 2934 2080 Jaculum
2968 2041 3210 2096 prorsus
3243 2023 3493 2079 ferreum
3544 2023 3634 2079 vel
3684 2023 3864 2079 hasta.
3898 2047 3921 2073 »ι

2295 2112 2708 2181 Tertullianus,
2732 2130 2795 2168 ιιι
2819 2116 2878 2169 in
2918 2113 3246 2169 Marcionem
3276 2130 3400 2186 cap.
3433 2114 3524 2184 21,
3557 2113 3814 2168 Graecam
3844 2114 3924 2168 di-

2295 2202 2549 2257 ctionem
2597 2201 2861 2269 retinuit,
2894 2202 3194 2259 Concident
3221 2203 3529 2260 machaeras
3559 2205 3620 2258 in
3651 2219 3714 2260 ω
3729 2208 3864 2271 atra,
3885 2205 3930 2276 et

2294 2289 2516 2360 sibynas
2563 2293 2623 2345 in
2671 2292 2834 2362 falce.
2881 2292 3182 2347 Hebraeam
3234 2309 3454 2359 vocem,
3488 2309 3604 2363 qua
3666 2308 3809 2347 usus
3853 2294 3933 2345 est

2298 2379 2669 2452 Isaiasmun,
2691 2397 2846 2436 nunc
2885 2377 3038 2455 δόρυ,
3075 2385 3140 2436 ut
3170 2381 3419 2437 Michaeaa
3450 2398 3525 2450 ιν,
3558 2381 3611 2446 3,
3649 2397 3803 2435 nunc
3835 2397 3930 2431 σει-

2299 2467 2599 2541 ρομάστην,
2643 2475 2706 2524 ut
2746 2470 2818 2525 IV
2864 2471 3004 2542 Reg.
3055 2488 3133 2535 χι,
3168 2471 3253 2539 10,
3277 2474 3574 2527 verterunt
3606 2469 3784 2526 LXX:
3815 2485 3933 2540 quae

2297 2557 2476 2613 dictio
2494 2575 2609 2613 non
2633 2581 2661 2609 «
2703 2558 3060 2630 pharetram,
3088 2582 3113 2609 »
3139 2559 3444 2631 utpulavit
3473 2559 3812 2624 Kircherus,
3842 2555 3932 2612 sed

2301 2665 2327 2698 α
2356 2645 2618 2702 lanceam
2654 2670 2680 2696 »
2715 2647 2909 2719 potius
2939 2647 3266 2720 signiﬁcat:
3300 2665 3499 2704 verum
3533 2647 3737 2704 omisit
3767 2648 3933 2702 inter.

2295 2751 2448 2806 pres,
2478 2734 2566 2789 καὶ
2598 2733 3012 2808 ἀπωθούμενον,
3039 2757 3066 2787 ‹‹
3097 2737 3341 2809 cuspide
3371 2738 3712 2810 perfodiens
3736 2754 3800 2792 ac
3816 2752 3936 2806 pro-

2296 2823 2600 2896 peHens.»

2367 2912 2485 2968 Col.
2535 2914 2643 2969 246
2695 2915 2736 2970 Β
2791 2915 2876 2970 15.
2920 2915 3074 2970 Falso
3125 2915 3398 2971 arbitrata
3439 2921 3536 2972 est.
3593 2911 3936 2988 ἰ’πολαμὸάι

2293 3021 2399 3055 νειν
2425 3001 2533 3058 hoc
2563 3003 2687 3058 loco
2720 3021 2836 3058 non
2867 3008 2959 3059 est
2990 3027 3017 3053 «
3053 3005 3336 3077 excipere,
3365 3024 3391 3056 ι
3431 3010 3495 3060 ut
3515 3007 3750 3078 putavit
3781 3008 3939 3061 inter-

2295 3110 2448 3166 pres,
2483 3093 2584 3149 sed
2619 3115 2646 3142 ‹‹
2679 3093 2973 3162 arbitrari,
3005 3094 3365 3162 existimare,
3410 3093 3678 3165 νομίζειν·
3713 3120 3741 3145 η
3795 3096 3938 3169 quod

2292 3181 2533 3237 verbum
2565 3181 3051 3238 substituendum
3084 3187 3175 3240 est
3207 3184 3277 3239 ad
3311 3183 3579 3240 lacunam
3635 3184 3806 3241 illam
3853 3201 3940 3240 ex-

533 3285 860 3340 versionem
885 3284 1143 3356 illorum,
1193 3290 1309 3346 τοῖς
1337 3282 1392 3339 δὲ
1425 3291 1825 3360 στοιχειωθιῖσι
1859 3285 2052 3341 λοιπὸν
2087 3285 2177 3340 καὶ

2299 3270 2562 3343 plendam
2589 3272 2742 3342 apud
2773 3272 3143 3343 Procopium,
3166 3272 3262 3343 qui
3288 3273 3347 3327 in
3371 3289 3545 3328 suum
3573 3273 3939 3329 Commenta-

530 3369 676 3434 τίνος
709 3376 862 3444 Θεοῦ,
892 3399 917 3424 ι(
949 3375 1034 3430 eis
1056 3392 1209 3445 vero,
1243 3375 1339 3446 qui
1369 3376 1646 3445 deinceps
1680 3377 1807 3446 jam
1859 3381 1998 3431 sunt
2044 3394 2181 3432 eru-

533 3461 637 3514 diti
674 3463 743 3516 de
774 3462 928 3531 Deo;
966 3486 993 3512 ››
1027 3481 1141 3518 non
1176 3465 1332 3518 enim
1356 3463 1624 3519 absolute
1647 3463 1717 3520 de
1739 3468 1981 3535 Deo,sed
2013 3466 2183 3536 cujus

536 3548 635 3603 Dei
667 3551 1043 3620 peculiariter
1073 3552 1465 3623 cognitionem
1500 3553 1674 3608 nacti.

605 3654 723 3709 Col.
769 3657 876 3710 540
922 3657 966 3711 D
1015 3658 1072 3712 5.
1121 3660 1227 3710 Τοῦ
1269 3655 1412 3712 τότε,
1465 3657 1556 3712 Sic
1610 3658 1671 3714 F.
1706 3663 1777 3712 At
1805 3661 1872 3714 Π.
1907 3659 1950 3715 Ι.
1982 3667 2037 3715 et
2064 3662 2180 3715 An-

537 3743 673 3813 glic.
719 3747 817 3797 τοῦ
865 3765 994 3799 ποτε
1035 3741 1307 3816 δοθᾶντος,
1340 3746 1374 3815 ἢ
1407 3766 1513 3800 που
1541 3746 1944 3821 γεγραμμένου·
1992 3771 2016 3798 ‹‹
2050 3750 2183 3813 Quae

539 3831 679 3888 olim
713 3834 978 3902 data,aut
1010 3835 1225 3891 alicubi
1257 3836 1563 3907 scripta,et
1592 3837 1836 3891 verbum
1863 3838 2088 3893 Domini
2111 3839 2183 3893 de

530 3921 874 3994 Jerusalem,
910 3925 1314 3996 propheticum
1338 3926 1580 3982 verbum
1614 3924 1790 3981 dicit:
1815 3930 2031 3983 Verum
2052 3927 2181 3982 ubi-

534 4027 648 4082 que
680 4012 740 4067 in
771 4013 977 4068 Judzea
1005 4013 1126 4069 hzec
1158 4015 1443 4084 evenisse,
1475 4031 1590 4070 non
1623 4015 1798 4071 modo
1822 4015 1880 4069 in
1908 4015 2182 4072 Hierusa-

533 4098 709 4154 lem.»
731 4105 924 4172 Atque
947 4102 1055 4157 hoc
1080 4101 1278 4177 Italico
1302 4102 1639 4158 charactere
1662 4103 2041 4158 scribendum
2067 4120 2183 4158 non

536 4188 664 4259 fuit,
700 4206 890 4262 neque
919 4191 1075 4248 enim
1107 4207 1275 4247 voces
1307 4191 1393 4247 hae
1427 4195 1565 4247 sunt
1594 4192 1909 4264 prophetae,
1943 4193 2043 4248 sed
2077 4197 2183 4247 Ba-

535 4278 677 4349 silii,
738 4283 802 4335 ut
851 4283 1081 4336 constat
1123 4297 1189 4336 ex
1240 4281 1516 4352 Procopio
1560 4296 1691 4352 pag.
1725 4281 1831 4335 liii:
1881 4277 1975 4341 Τίς
2010 4276 2067 4332 δὲ
2094 4281 2184 4334 καὶ

536 4364 563 4416 6
627 4363 835 4443 λόγος,
882 4369 944 4422 Et
993 4368 1097 4445 γὰρ
1151 4369 1178 4423 6
1228 4369 1605 4444 προφητικὸς,
1657 4373 1773 4431 πῶς
1817 4367 1867 4442 ἐξ
1916 4369 2182 4444 Ἰερουσα-

537 4453 659 4526 λήμ
685 4474 697 4524 ;
731 4479 758 4507 ‹‹
793 4459 1096 4525 Quodnam
1121 4463 1315 4514 autem
1341 4459 1584 4514 verbum
1608 4458 1636 4513 ?
1665 4459 1724 4514 Si
1755 4459 1908 4514 enim
1941 4458 2185 4531 prophe-

534 4544 716 4600 ticum
763 4547 1182 4619 respondeant,
1233 4547 1523 4620 quomodo
1551 4548 1622 4603 de
1651 4547 2018 4604 Hierusalem
2048 4567 2184 4620 pro-

533 4632 716 4689 diisse
747 4635 1085 4692 docebunt?
1115 4659 1142 4686 »
1178 4637 1297 4693 Hoc
1329 4636 1453 4692 vult
1484 4636 1786 4709 propheta,
1807 4637 1866 4693 in
1887 4637 2181 4693 Judaeale«
2211 4623 2259 4689 D

535 4738 667 4794 gem
692 4723 824 4780 illos
846 4724 2182 4800 habuisse,etpr0phetarumverbisinstructos

535 4812 717 4868 fuisse
749 4813 966 4886 ubique
995 4813 1278 4870 locorum.
1311 4819 1594 4870 Praaterea
1624 4812 2068 4871 immutavimus
2096 4831 2185 4871 se-

537 4905 813 4972 quentem
847 4903 1191 4974 periodum:
1229 4904 1510 4960 «Etenim
1535 4903 1755 4960 sanctis
1778 4904 2048 4978 congruit
2069 4905 2184 4960 dis-

534 4994 696 5045 creta
726 4990 826 5046 illa
854 4992 1224 5062 dijudicatio,
1259 4998 1320 5048 ut
1349 4993 1568 5065 quique
1599 4993 2032 5064 noverint,quid
2067 4993 2186 5050 sint

534 5079 835 5150 promeriti
863 5097 875 5136 :
901 5081 1195 5150 judicium
1230 5085 1424 5136 autem
1447 5081 1538 5138 bis
1561 5083 1848 5138 convenit.
1883 5105 1910 5133 ››
1944 5085 2066 5138 Imo
2091 5084 2186 5154 ju-

532 5167 715 5224 dicari
748 5170 986 5236 debent,
1019 5187 1132 5226 non
1158 5171 1448 5241 judicare.

603 5259 723 5314 Col.
757 5260 863 5315 243
895 5260 936 5315 Β
973 5261 1022 5315 1.
1063 5261 1124 5317 Ut
1155 5259 1380 5329 gladius
1413 5259 1523 5315 ille.
1553 5260 1751 5331 junxit
1774 5278 1970 5318 vocem
2017 5272 2184 5338 φθαρ-

532 5347 690 5415 τικήν
724 5365 856 5404 cum
890 5349 1008 5404 illis
1041 5349 1276 5404 duabus
1304 5351 1586 5416 ζωοποιῶν
1623 5349 1973 5423 σπερμάτων,
2006 5353 2184 5408 inter-

535 5453 690 5507 pres,
739 5455 874 5494 cum
904 5438 1097 5505 vertit,
1129 5461 1157 5488 «
1191 5436 1426 5509 gladius
1459 5436 1556 5493 ille
1587 5438 2009 5494 internectivus
2039 5440 2182 5496 vita-

536 5523 682 5579 lium
713 5526 1082 5596 seminum,»
1116 5527 1261 5598 vel,«
1296 5524 1398 5598 qui
1425 5523 1624 5581 vitalia
1655 5526 1847 5598 perdit
1867 5527 2129 5598 semina;
2155 5551 2184 5579 ››

538 5614 638 5670 sed
665 5615 856 5686 aptius
876 5633 1009 5672 cum
1033 5615 1213 5672 altero
1233 5613 1455 5670 verbali
1472 5614 1797 5687 jungentur
1817 5615 2032 5672 eaedem
2061 5617 2186 5674 duae

538 5717 729 5772 voces,
788 5707 853 5759 ut
903 5703 1148 5774 dicatur,
1203 5703 1454 5778 μάχαιρα
1501 5705 1973 5777 παρασκευαστικὴ
2025 5723 2185 5783 σπερ-

2293 3361 2446 3416 rium
2480 3360 2601 3415 haec
2633 3360 3019 3433 transtulitp.
3047 3362 3114 3415 47
3143 3379 3155 3417 :
3187 3360 3258 3414 Τὸ
3277 3359 3616 3438 προφητικὸν
3641 3359 3794 3436 ἔχειν
3826 3359 3936 3415 ἐνό-

2296 3452 2472 3520 μιζον,
2526 3447 2590 3502 τὸ
2649 3448 2849 3520 Κυρίου
2898 3449 3252 3522 προσέθηκεν·
3311 3473 3338 3500 ct
3397 3451 3687 3514 Quoniam
3752 3456 3940 3506 autem

2293 3537 2679 3592 sufficientem
2705 3537 2818 3591 sibi
2838 3537 3029 3593 lucem
3051 3538 3267 3595 habere
3293 3555 3355 3595 se
3373 3538 3941 3609 arhitrabantur,qni

2291 3625 2461 3697 legali
2487 3631 2540 3681 et
2569 3625 2904 3697 prophetica
2924 3625 3620 3698 illustrarentur,Domini
3641 3628 3834 3685 lucem
3854 3627 3944 3682 ad-

2287 3714 2444 3786 jecit.
2481 3737 2508 3764 »
2543 3713 2850 3786 Reliquam
2881 3715 3060 3787 hujus
3093 3717 3316 3788 periodi
3347 3717 3704 3774 sententiam
3736 3735 3805 3773 ex
3833 3716 3942 3772 col-

2294 3803 2511 3859 latione
2541 3819 2672 3858 eum
2707 3804 2902 3860 Graeco
2937 3805 3326 3873 restituimus,
3351 3805 3558 3861 deletis
3588 3805 3736 3875 illis,
3772 3829 3800 3856 «
3834 3821 3944 3877 qua

2292 3893 2430 3948 item
2478 3892 2608 3947 luce
2655 3892 2863 3964 praevia
2915 3893 3310 3965 ignorantiam
3356 3910 3557 3950 eorum
3603 3896 3942 3968 corrigeret,

2293 3982 2392 4053 qui
2425 3981 2486 4036 in
2519 3981 2778 4038 tenebris
2811 3983 3036 4038 sedent.
3071 4006 3099 4033 »

2363 4069 2460 4125 Col
2472 4111 2484 4124 .
2509 4069 2618 4123 247
2631 4069 3454 4143 A13.Sternutavit.lnterpres
3471 4072 3946 4142 ediderat,«Quid

2292 4159 2401 4215 hoc
2449 4157 2646 4213 innuit
2699 4163 3016 4215 sermone?
3067 4159 3194 4216 Non
3239 4161 3747 4218 animadverterat
3805 4163 3948 4216 inter

2292 4247 2548 4319 ineptias
2587 4246 2977 4303 ominantium
3003 4245 3091 4300 καὶ
3122 4251 3230 4302 τῶν
3263 4245 3777 4322 κληδονιζομὲνων,
3807 4251 3948 4306 hanc

2293 4336 2614 4405 numerari,
2650 4339 2716 4391 ut
2746 4335 2974 4393 scilicet
3018 4353 3089 4393 ex
3118 4339 3546 4395 sternutatione
3577 4344 3822 4412 captent
3851 4357 3944 4394 au-

2293 4426 2480 4498 guria.
2513 4425 2854 4482 Theocritus
2884 4426 3119 4499 eidyllio
3149 4429 3185 4481 7
3210 4445 3223 4482 :

2583 4535 2852 4615 ξιμιχίδα
2887 4541 2980 4613 μὲν
3017 4537 3214 4614 ἔρωτες
3249 4539 3566 4615 ἐπέπταρον·

2577 4602 2898 4669 δίἠιίἑλίᾱέέ
2926 4602 3140 4670 amares
3165 4602 3616 4670 sternutav'erunt
3633 4633 3658 4678 ,-

2294 4729 2354 4785 in
2387 4745 2560 4800 quem
2615 4727 2741 4784 loco
2790 4727 3148 4786 Scholiastes
3196 4732 3436 4785 annotat
3477 4735 3946 4786 sternutamenta

2293 4819 2561 4890 quaedam
2592 4817 2762 4872 utilia
2791 4833 2942 4884 esse,
2968 4817 3236 4890 quaedam
3268 4817 3526 4889 noxia,et
3557 4819 3722 4890 apud
3749 4820 3946 4876 Home-

2293 4924 2424 4964 rum
2447 4906 2506 4962 in
2526 4907 2743 4963 bonam
2771 4911 2998 4978 partem
3023 4906 3223 4978 accipi.
3249 4905 3572 4963 Athenazus
3589 4907 3701 4974 lib,
3724 4925 3770 4965 ιι
3799 4907 3944 4965 ιὊτι

2295 4991 2341 5050 δ’
2373 4995 2516 5070 ἱερὸν
2550 4991 2801 5067 ἰνόμιζον
2828 4993 2926 5062 τήν
2989 4992 3255 5071 κεφαλὴν,
3290 4990 3459 5063 δῆλον
3493 4992 3554 5049 ἐκ
3580 5000 3685 5050 τοῦ
3718 4995 3811 5052 καὶ
3841 4995 3945 5050 κατ’

2294 5083 2463 5153 αὐτῆς
2494 5083 2739 5156 ὀμνύειν,
2770 5082 2860 5137 καὶ
2891 5081 3017 5145 τοὺς
3047 5082 3366 5159 γινομένους
3417 5084 3509 5138 ὑπ’
3548 5083 3727 5156 αὐτῆς
3788 5105 3945 5159 πταρο

2300 5173 2433 5249 μους
2481 5177 2801 5247 προσκυνεῖν
2851 5173 2925 5235 ὡς
2971 5172 3174 5248 ἱερούς·
3211 5197 3238 5224 ‹‹
3290 5174 3453 5240 Quod
3485 5182 3685 5231 autem
3720 5193 3941 5233 sacrum

2296 5262 2436 5319 olim
2469 5267 2643 5334 caput
2675 5263 3161 5334 existimaverint,
3203 5263 3420 5320 indicio
3459 5270 3551 5321 est
3574 5266 3824 5338 jurandi
3855 5280 3943 5337 per

2295 5351 2493 5425 ipsum
2526 5354 2914 5420 consuetudo,
2947 5357 3004 5409 et
3035 5358 3529 5422 sternutamenta,
3563 5371 3695 5425 qua:
3728 5371 3800 5411 ex
3830 5355 3939 5426 ipso

2298 5441 2611 5515 prodeunt,
2646 5443 2952 5499 adorandi.
2986 5465 3014 5494 »
3047 5441 3386 5515 Xenophon.
3418 5442 3594 5500 lib.m
3621 5444 3704 5498 De
3733 5441 3939 5515 expedio

2294 5533 2446 5588 tione
2478 5530 2770 5605 Gyri,pag.
2803 5533 2945 5590 300:
2979 5535 3149 5586 Τοῦτο
3182 5530 3238 5584 δὲ
3270 5527 3527 5604 λέγοντος
3556 5529 3748 5600 αὐτοῦ,
3789 5525 3942 5604 πτάρ-

2297 5617 2445 5675 ννταί
2500 5638 2622 5681 τις.
2689 5618 3040 5682 Ἀκούσαντες
3095 5617 3153 5675 δὶ
3214 5619 3266 5673 οἱ
3323 5624 3644 5694 στρατιῶται
3710 5618 3940 5685 πάντες,

2302 5710 2400 5783 μιᾷ
2431 5706 2582 5784 ὁρμῇ
2635 5707 3042 5784 προσεκύνησαν
3089 5707 3180 5766 τὸν
3213 5707 3354 5773 θεόν.
3385 5707 3484 5763 Καὶ
3517 5710 3783 5787 Ξενοφῶν
3813 5705 3940 5761 εἶπε.
