4124 6240
298 418 323 474 1
334 413 451 474 085

1493 419 1597 476 AD
1643 417 2048 478 COMMENT.
2094 419 2169 477 ΙΝ
2217 417 2510 476 ISAIAM.

3549 420 3706 482 1086

280 547 447 597 Δοκεῖ
480 563 595 615 μοι,
635 544 681 596 ὦ
711 540 923 619 ἄνδρες,
955 544 1066 598 ἐπεὶ
1099 545 1222 619 περῖ
1256 544 1528 620 σωτηρίας
1557 547 1717 617 ἡμῶν
1752 545 1922 620 λεγόν

2059 547 2336 619 γαστέρος,
2371 570 2399 596 ‹‹
2431 545 2740 601 ventriculi
2776 564 2788 602 :
2827 570 2852 594 ιι
2875 548 3217 605 existimans
3245 549 3489 606 fortasse
3519 550 3702 605 alludi

280 653 390 685 των
421 632 614 693 οἰωνὸς
643 637 741 686 τοῦ
769 633 892 696 Διὸς
919 637 1015 687 τοῦ
1055 641 1308 705 σωτῆρος
1361 635 1548 711 ἐφάνη,
1583 631 1826 704 εὔξασθαι
1855 639 1936 706 τῷ

280 722 386 790 0εῷ
414 720 611 793 τούτῳ·
651 746 677 772 ‹‹
707 725 838 779 Haec
868 739 933 779 eo
966 723 1240 795 loquente
1293 728 1531 796 quidam
1569 727 1838 780 sternuit.
1872 726 1933 781 Id

280 827 414 864 cum
450 813 752 867 audissent
787 813 1041 869 universi
1069 813 1311 882 milites,
1350 831 1462 870 uno
1495 816 1715 887 impetu
1750 821 1933 870 Deum

280 900 553 955 adorant.
601 901 666 956 Et
699 901 1016 972 Xenophon
1050 903 1133 957 ait
1166 921 1178 957 :
1213 904 1476 968 Quando,
1504 903 1740 971 milites,
1768 904 1935 958 nobis

276 989 346 1044 de
401 989 590 1044 salute
648 989 1025 1062 loquentibus
1084 991 1400 1047 servatoris
1429 991 1587 1046 Jovis
1619 993 1932 1064 augurium

272 1077 538 1132 oblatum
573 1082 684 1144 est,
718 1079 994 1150 equidem
1026 1079 1167 1134 huic
1197 1080 1314 1136 Deo
1355 1084 1553 1136 votum
1589 1097 1934 1154 nuncupan-

271 1166 413 1221 dum
458 1168 730 1223 arbitror.
767 1190 795 1216 »
828 1169 1167 1242 Propertius
1201 1168 1302 1225 lib.
1335 1187 1398 1241 ιι,
1431 1171 1602 1242 epist.
1637 1171 1670 1226 3
1706 1187 1718 1224 :

415 1275 629 1330 Aridus
659 1284 915 1346 argutum
939 1278 1180 1331 sternuit
1217 1292 1375 1332 omen
1405 1293 1579 1333 amor.

272 1381 411 1436 Vide
441 1381 836 1447 Aristotelem,
868 1381 1272 1452 problem.20;
1308 1382 1701 1450 Plinium,lib.
1725 1391 1928 1438 xxvm’

259 1487 390 1540 cap.
412 1470 468 1524 2.
487 1470 664 1525 Paulo
687 1476 820 1541 post
853 1468 1109 1544 ἐνισχὲθη
1147 1470 1359 1540 legitur
1382 1472 1437 1526 in
1465 1471 1741 1527 omnibus
1761 1469 1930 1528 mss.’

264 1576 383 1613 non
415 1555 726 1631 ἐνεσχίσθη,
753 1565 820 1614 ut
849 1561 1012 1614 visus
1045 1565 1137 1615 est
1168 1559 1281 1614 sibi
1312 1560 1528 1630 legisse
1557 1560 1927 1616 Tilmannus’

253 1670 283 1698 «
321 1647 751 1703 Vestimentum
785 1647 1102 1705 discissum
1135 1653 1246 1704 est.
1271 1649 1603 1705 »0miserat
1631 1650 1805 1706 etiam
1830 1650 1932 1706 illa

264 1735 359 1790 καὶ
388 1739 497 1790 τῶν
529 1736 669 1789 πάνυ
700 1737 1019 1810 γνωρίμων.

340 1826 463 1881 Col.
525 1826 631 1880 247
683 1825 728 1880 D
787 1826 840 1881 l.
907 1827 1290 1897 Vociferantcs.
1348 1827 1716 1898 Sequebatur
1771 1830 1926 1899 apud

2047 637 2115 688 ad
2171 637 2316 689 illud
2381 635 2588 706 psalmi
2640 652 2826 700 CXXVI,
2860 637 2892 690 3
2926 655 2938 691 :
2971 637 3034 691 Ἡ
3089 636 3441 711 κληρονομία
3493 638 3696 711 Κυρίου

2047 724 2179 790 eiet,
2215 724 2242 776 ὁ
2279 724 2465 794 μισθὸς
2526 727 2620 776 τοῦ
2677 729 2888 795 καρποῦ
2943 726 3043 793 τῆς
3104 726 3361 800 γαστρόςπ
3393 729 3696 784 [hereditas

2045 816 2266 869 Domini
2293 815 2422 882 ﬁlii,
2445 830 2644 869 merces
2672 817 2884 883 fructus
2915 818 3258 872 ventris.Sed
3297 816 3453 888 Regii
3479 818 3694 873 codicis

2047 907 2103 956 F.
2128 903 2436 958 lectionem
2462 905 2698 956 tuentur
2722 903 2786 956 H.
2812 908 2848 956 Ι.
2872 908 2927 957 ct
2945 903 3196 975 Anglic.,
3217 908 3390 975 atque
3413 905 3538 976 ipse
3562 910 3691 960 Pro-

2044 989 2622 1061 cepius,quanquam
2651 989 2939 1044 sententia
2975 991 3240 1045 nonnihil
3265 992 3693 1048 variantez’Eni

2045 1079 2228 1151 ψυχῆς
2289 1073 2346 1129 δὲ
2403 1076 2560 1130 τέκνα
2609 1072 2899 1154 ἀλλόφυλα
2960 1077 3011 1130 οἱ
3070 1077 3175 1132 ἀπὸ
3229 1083 3335 1132 τῶν
3371 1074 3562 1149 ἔξωθεν
3592 1087 3692 1149 τῆς

2045 1160 2351 1226 Οεοσιϐείας
2383 1164 2559 1238 λόγων
2605 1167 2826 1238 καρποί’
2864 1190 2891 1218 ‹‹
2933 1168 3013 1222 Ad
3070 1168 3332 1223 animum
3389 1174 3581 1226 autem
3645 1174 3693 1226 si

2046 1257 2260 1311 referas
2280 1256 2430 1310 ﬁlios
2456 1255 2840 1326 alienigenas,
2864 1257 3086 1312 fructus
3115 1257 3197 1311 illi
3225 1259 3440 1314 fuerint
3478 1260 3694 1315 intelli-

2043 1346 2238 1416 gendi,
2271 1345 2369 1414 qui
2408 1346 2477 1400 de
2507 1343 2744 1416 scriptis
2775 1345 3031 1400 externis
3065 1357 3121 1400 et
3151 1363 3184 1400 a
3233 1348 3449 1418 pietate
3488 1348 3694 1404 alienis

2043 1431 2426 1504 colliguntur.
2459 1454 2486 1483 »

2113 1539 2357 1594 001.251
2394 1539 2433 1593 C
2458 1540 2512 1592 5.
2546 1539 2602 1594 Id
2632 1540 2774 1608 ﬁeri.
2811 1540 3036 1596 llursus
3067 1542 3462 1612 conjecturam
3520 1562 3688 1600 suam

2040 1629 2098 1683 in
2136 1629 2398 1700 margine
2431 1630 2781 1698 adjunxcrat
2839 1633 3152 1701 interpres,
3186 1632 3564 1689 inserendum
3614 1637 3694 1689 vi-

2041 1719 2188 1785 deri,
2227 1742 2251 1768 «ι
2286 1719 2423 1772 dum
2459 1718 2598 1772 dicit
2632 1719 2739 1788 lex,
2775 1721 3119 1789 Nequando,
3154 1743 3175 1770 ι
3214 1727 3348 1788 etc.,
3381 1729 3437 1777 et
3483 1724 3691 1778 suffra-

2039 1808 2288 1878 gabatur
2311 1808 2438 1876 ejus
2469 1808 2815 1876 conjecturae
2841 1810 3178 1880 Procopius,
3213 1812 3364 1880 apud
3405 1828 3578 1882 quem
3611 1811 3691 1868 le-

265 1914 682 1984 interpretem,
715 1937 743 1964 «
776 1915 848 1970 de
877 1892 1129 1985 quorum
1163 1914 1416 1970 clamore
1441 1892 1661 1971 dicitur
1692 1933 1704 1971 :
1741 1892 1922 1971 Et-de-

2039 1895 2234 1966 gimus
2265 1911 2319 1966 p.
2345 1897 2442 1962 113;
2475 1892 2721 1956 εἰπόντος
2754 1899 2847 1947 τοῦ
2879 1895 3175 1968 νόμου,Μὴ
3210 1895 3506 1963 πληθυνεῖς
3537 1920 3689 1954 σεαυ-

269 2008 535 2058 errantes
563 2019 628 2058 ac
662 2003 851 2058 mmsti
877 2021 994 2075 prae
1017 2004 1214 2075 inopia
1231 2005 1558 2060 venationis
1584 2005 1930 2078 intemperie

267 2092 464 2146 cordis
495 2092 942 2147 contrahuntur.
969 2115 996 2142 »
1031 2093 1089 2147 F.
1119 2090 1364 2166 κόρακες,
1383 2089 1468 2145 ἐπὶ
1503 2089 1559 2146 δὶ
1586 2096 1682 2146 τοῦ
1711 2092 1924 2168 κράζειν

269 2177 490 2251 λέγεται
521 2179 612 2233 καὶ
637 2177 919 2240 ἀλύοντες.
952 2183 1030 2236 Ac
1061 2182 1290 2237 videtur
1315 2181 1411 2236 ille
1453 2183 1690 2254 quidem
1723 2183 1927 2238 existi-

266 2286 464 2325 masse
494 2269 615 2326 haec
647 2275 932 2342 tanquam
949 2270 1267 2343 Scripturze
1300 2273 1470 2326 verba
1503 2273 1924 2343 proferriznec-

278 2358 422 2413 dum
454 2365 646 2415 tamen
680 2359 738 2414 in
771 2377 838 2414 ea
873 2360 1041 2415 nobis
1072 2376 1376 2415 occurrere
1407 2365 1540 2430 post
1587 2361 1922 2432 diligentem

276 2446 783 2518 investigationem
818 2453 1154 2519 potuerunt,
1175 2466 1281 2504 nec
1306 2450 1534 2521 uspiam
1567 2466 1634 2506 ea
1666 2451 1750 2506 vel
1774 2451 1926 2506 corvi

259 2534 352 2590 vel
389 2535 600 2605 aquila
619 2542 920 2608 gementes
944 2538 1016 2593 ob
1042 2538 1300 2609 inopiam
1334 2540 1537 2611 praeda:
1561 2538 1752 2610 pullos
1774 2556 1927 2596 com-

263 2635 590 2691 memorat;
623 2631 849 2680 tantum
882 2629 1058 2682 Amos
1102 2644 1185 2696 ιιι,
1221 2628 1251 2680 4
1282 2626 1535 2699 legimus
1569 2644 1582 2682 :
1619 2625 1685 2683 Ei‘
1716 2626 1924 2703 ἐρεύξεο

270 2732 359 2766 ται
419 2709 558 2767 λέων
618 2712 677 2767 ἐκ
731 2717 829 2768 τοῦ
891 2710 1100 2788 δρυμοῦ
1160 2714 1322 2770 αὐτοῦ
1379 2719 1548 2790 θήραν
1604 2715 1707 2771 οὐκ
1735 2715 1922 2791 ἔχων;

271 2804 341 2857 Si
383 2804 562 2873 rugiet
607 2803 688 2859 leo
723 2804 797 2859 de
840 2805 988 2860 saltu
1035 2823 1144 2860 non
1191 2807 1396 2861 habens
1423 2806 1711 2877 pradam?
1742 2808 1799 2861 In
1834 2823 1924 2862 se-

274 2891 478 2961 quenti
512 2896 706 2948 autem
740 2893 978 2964 periodo
1009 2893 1196 2950 multa
1224 2895 1832 2966 immutavimus,qum
1853 2895 1923 2951 ab

261 2981 526 3036 auctoris
551 2986 744 3038 mente
763 2982 1134 3055 aberrabant,
1161 2985 1231 3039 de
1259 2985 1626 3056 apparitione
1658 2983 1923 3040 mustelae

261 3067 350 3125 vel
385 3069 546 3125 canis
587 3087 649 3127 se
680 3070 1088 3143 discerpentis,
1111 3073 1198 3129 vel
1232 3074 1424 3146 potius
1448 3079 1624 3146 caput
1653 3090 1921 3130 exseren-

260 3159 359 3227 tis,
397 3175 524 3230 quae
549 3159 842 3228 omittam,
873 3163 1022 3232 quod
1056 3163 1277 3231 omnia,
1310 3180 1436 3234 quae
1469 3168 1728 3219 correcta
1758 3167 1917 3231 sunt,

259 3264 503 3304 necesse
535 3265 650 3304 non
684 3251 761 3305 sit
793 3249 1072 3307 indicare.
1108 3251 1286 3308 Porro
1321 3251 1573 3308 similem
1616 3252 1672 3307 in
1707 3269 1918 3324 super-
1953 3277 1994 3342 Ο
2031 3235 2162 3300 νεῖςν

260 3337 528 3394 stitiosos
559 3338 742 3395 habes
773 3340 1093 3397 orationem
1124 3346 1181 3396 et
1220 3342 1503 3397 adversus
1535 3342 1734 3398 omnia
1765 3343 1916 3414 apud

263 3427 627 3496 Ciceronem,
649 3425 746 3483 lib.
782 3447 800 3484 ι
830 3429 903 3484 De
929 3429 1418 3501 divinatione,sub
1450 3431 1649 3502 finem,
1680 3435 1738 3488 et
1757 3431 1930 3504 paulo

261 3520 400 3586 post
436 3515 672 3571 initium
706 3516 840 3572 libri
874 3535 914 3572 ιι
948 3534 960 3573 :
997 3540 1023 3567 ιι
1052 3519 1326 3575 Crassum
1355 3537 1468 3575 non
1503 3521 1683 3576 fuisse
1714 3521 1928 3592 perilu-

261 3620 421 3672 rum,
449 3602 497 3657 si
529 3602 710 3659 omini
744 3605 1066 3675 paruisset;
1095 3622 1220 3675 quae
1251 3607 1302 3661 si
1334 3606 1929 3680 suscipiamus,pedis

264 3693 513 3749 offensio
571 3693 763 3763 nobis,
796 3698 854 3749 et
915 3695 1188 3766 abruptio
1231 3695 1514 3766 corrigim,
1546 3699 1602 3752 et
1632 3700 1930 3751 sternuta-

262 3786 464 3836 menta
505 3785 679 3837 erunt
706 3782 1088 3838 observanda.
1121 3807 1140 3831 -
1166 3787 1237 3838 Et
1263 3783 1418 3855 quod
1449 3783 1528 3839 ait
1558 3783 1829 3850 Basilius,
1855 3786 1927 3840 ob

262 3871 524 3941 inopiam
560 3870 668 3925 sibi
697 3870 1044 3942 plerumque
1073 3871 1274 3943 lugere
1307 3888 1591 3942 aves,non
1619 3872 1926 3944 utaliquid

261 3959 399 4015 mali
428 3960 803 4032 protendunt,
828 3960 1019 4017 simile
1042 3965 1130 4016 est
1151 3960 1237 4014 illi
1261 3947 1923 4034 apophtbegmati,quod

261 4049 444 4104 refert
468 4051 624 4105 idem
649 4050 866 4114 Cicero,
890 4049 995 4106 lib.
1023 4067 1038 4104 ι
1063 4052 1133 4105 De
1162 4052 1543 4106 divinalione:
1570 4052 1762 4108 «Cum
1803 4051 1928 4129 Fla_

259 4137 489 4193 minius
520 4138 726 4194 consul
759 4144 962 4196 contra
994 4138 1342 4196 Annibalem
1374 4139 1633 4212 legiones
1664 4143 1924 4224 duceret,

261 4242 328 4282 ex
361 4225 614 4300 pullario
647 4227 938 4299 quaasivit,
965 4229 1012 4284 si
1046 4228 1194 4301 pulli
1229 4245 1340 4284 non
1376 4234 1770 4301 pascerentur,
1787 4231 1922 4302 quid

261 4317 596 4372 faciendum
631 4321 930 4386 censeret;
955 4335 1085 4374 cum
1113 4317 1210 4374 ille
1233 4317 1656 4391 quiescendum
1681 4334 1924 4390 respon-

259 4406 464 4472 disset,
502 4406 850 4473 Flaminius,
887 4405 1167 4464 Prmelara
1212 4424 1345 4462 vero
1394 4406 1676 4479 auspicia,
1702 4406 1750 4462 si
1783 4425 1922 4464 esu-

258 4493 549 4550 rientibus
581 4494 760 4566 pullis
795 4512 886 4550 res
917 4496 1040 4568 geri
1073 4496 1309 4568 poterit,
1350 4496 1566 4552 saturis
1622 4495 1766 4551 nihil
1814 4513 1918 4570 ge-

259 4588 442 4639 retur.
481 4606 510 4634 »
540 4583 684 4640 Vide
728 4585 904 4641 etiam
951 4585 1330 4641 Plutarchum
1389 4583 1520 4660 Πιρὶ
1579 4580 1916 4657 δεισιδαιμο·

259 4670 400 4732 νίας.

331 4761 453 4819 Col.
485 4763 590 4818 250
620 4764 660 4818 D
697 4763 751 4818 2.
787 4763 924 4818 Cum
956 4764 1263 4820 sceleratos.
1299 4767 1361 4820 In
1414 4765 1680 4836 margine
1728 4781 1914 4819 anno-

259 4855 414 4906 tarat
445 4850 796 4908 Tilmannus
830 4868 914 4920 se,
947 4870 1051 4925 pro
1109 4849 1280 4906 πολιά
1329 4850 1450 4920 ἔθη,
1480 4853 1672 4925 legere
1729 4849 1916 4906 πολλὰ

260 4935 413 5009 ἴθνη,
449 4962 477 4989 ‹‹
509 4957 640 4997 cum
678 4940 899 4998 multas
924 4946 1149 5015 gentes,
1184 4947 1241 4998 et
1273 4939 1620 5013 improbatis
1654 4941 1914 4997 moribus

261 5035 530 5086 assuetas
543 5030 931 5102 excepissent,
947 5031 1250 5103 elegerunt
1273 5031 1597 5086 secundum
1621 5047 1739 5096 eas,
1761 5052 1786 5078 ››
1803 5034 1910 5085 etc.

258 5121 330 5174 At
360 5119 419 5174 in
454 5119 520 5174 Η.
553 5124 610 5181 et
641 5120 682 5174 Ι.
719 5119 1004 5191 scriptum
1040 5120 1416 5186 offendimus,
1450 5121 1514 5173 ut
1562 5118 1736 5174 habet
1769 5135 1909 5190 apo-

257 5208 550 5282 grapbum
601 5207 826 5280 Anglic.
860 5213 916 5264 et
975 5209 1238 5283 Procopii
1294 5213 1484 5264 textus
1523 5225 1579 5280 p.
1617 5209 1705 5278 48,
1738 5212 1912 5279 atque

255 5299 447 5369 ipsius
486 5299 968 5370 interpres,apud
1004 5315 1178 5370 quem
1211 5299 1408 5371 aptius
1436 5297 1683 5353 fortasse
1706 5296 1806 5352 illa
1827 5299 1910 5353 sic

254 5392 471 5454 vertes,
501 5385 590 5440 καὶ
619 5383 773 5446 εὐθὺς
819 5383 878 5440 ἐκ
924 5386 1180 5462 γενέσενος
1241 5385 1508 5462 ἀλλότρια
1564 5382 1766 5461 γίνεται
1814 5389 1910 5440 τοῦ

259 5480 414 5544 Θεοῦ,
449 5500 476 5526 ‹‹
511 5475 825 5548 statimque
873 5477 945 5532 ab
999 5478 1128 5550 ipsa
1167 5477 1471 5534 nativitate
1513 5475 1688 5532 alieni
1732 5493 1765 5532 a
1798 5477 1910 5532 Deo

258 5567 619 5636 efﬁciuntur,
652 5570 710 5620 et
762 5564 1099 5636 alienigenas
1157 5565 1545 5639 appellantur.
1599 5587 1627 5614 »
1689 5565 1911 5622 Rursus

258 5655 416 5712 idem
438 5655 723 5726 interpres
746 5652 946 5710 Basilii
969 5652 1025 5708 in
1049 5655 1711 5728 margineadmonuerat
1723 5671 1785 5711 se
1807 5671 1910 5727 pro

259 5751 360 5817 τῆς
391 5743 575 5819 ψυχῆς
607 5742 896 5814 conjicere
925 5738 1242 5816 legendum
1296 5744 1493 5801 forsan
1543 5737 1777 5816 κοιλίας,
1809 5748 1912 5803 aut

2037 1986 2131 2052 τῷ.
2171 1984 2581 2039 Verumtamen
2615 2000 2746 2038 cum
2783 1986 3253 2042 additamentum
3314 1987 3459 2044 illud
3502 2007 3693 2062 neque

2036 2071 2199 2143 Regii
2233 2087 2422 2142 neque
2453 2071 2552 2125 ulli
2580 2071 2677 2126 alii
2712 2074 2942 2128 codices
2965 2080 3688 2149 agnoscnnt,supcrﬂuum

2037 2159 2268 2214 videtur
2299 2176 2312 2213 :
2348 2164 2576 2214 tantum
2609 2161 2760 2231 apud
2796 2161 3172 2234 interpretem
3230 2165 3351 2219 base
3399 2167 3689 2223 sententia

2037 2247 2130 2303 his
2158 2247 2348 2303 verbis
2380 2248 2760 2319 concipienda
2782 2255 2872 2304 est
2906 2268 2918 2305 :
2953 2273 2979 2300 «
3017 2251 3340 2323 Nequando
3395 2255 3685 2326 multipli-

2040 2337 2265 2392 caveris
2314 2337 2419 2391 tibi
2470 2353 2726 2408 equum:
2761 2339 2861 2410 qui
2902 2344 3025 2394 tum
3083 2343 3683 2416 reprehendebantur,

2036 2433 2255 2482 tantam
2302 2426 2409 2481 sibi
2463 2444 2748 2497 equorum
2812 2428 3253 2486 multitudinem
3313 2449 3680 2504 comparave-
3772 2492 3774 2494 ,

2037 2521 2190 2582 rant,
2219 2521 2282 2570 ut
2314 2531 2626 2570 numerum
2652 2520 3242 2588 supergrederetur.»
3276 2522 3497 2577 Pendet
3522 2525 3677 2578 enim

2035 2605 2325 2661 sententia
2355 2607 2425 2660 ab
2458 2605 2628 2660 initio
2663 2605 2878 2676 periodi
2907 2610 3005 2659 τοῦ
3049 2606 3150 2684 γὰρ
3195 2613 3332 2663 Θιοῦ
3403 2609 3682 2684 βουλομέ-

2034 2716 2150 2762 νου,
2187 2696 2388 2751 «Nam
2449 2713 2582 2750 cum
2643 2697 2812 2752 vellet
2868 2697 3044 2767 Deus,
3081 2722 3108 2748 ››
3141 2707 3250 2756 etc.
3315 2702 3485 2759 Porro
3532 2705 3681 2759 Deu-

2033 2786 2337 2841 terouomii
2388 2803 2526 2855 xvn,
2563 2788 2648 2851 t6,
2682 2786 2854 2857 paulo
2907 2788 3078 2844 aliter
3133 2791 3417 2862 scriptum
3469 2801 3554 2849 est
3613 2796 3684 2849 de

2037 2891 2170 2946 rege
2221 2874 2340 2929 sive
2401 2875 2662 2946 principe
2721 2876 2974 2946 pepuli:
3027 2877 3106 2933 Οὐ
3178 2874 3450 2946 πληθυνεῖ
3511 2880 3682 2952 ἑαυτῷ

2028 2959 2222 3016 ἵππον.
2256 2965 2373 3019 Νοη
2401 2964 2793 3034 multiplicabit
2822 2965 2928 3019 sibi
2955 2981 3177 3037 equum,
3211 2968 3319 3024 hoc
3348 2976 3437 3026 est
3465 2971 3686 3042 equita-

2033 3059 2179 3124 tum,
2244 3059 2307 3107 ut
2390 3057 2627 3123 exponit
2676 3053 2735 3108 S.
2795 3055 3162 3127 Augustinus
3226 3059 3285 3113 in
3370 3061 3680 3116 Locutioni-

2036 3143 2150 3196 bus.
2213 3141 2391 3196 Aliter
2449 3143 2624 3196 etiam
2682 3142 2890 3198 extulit
2944 3145 3282 3216 Procopius,
3336 3148 3412 3218 μὴ
3466 3145 3679 3218 πληθυ-

2211 3254 2238 3281 ‹‹
2300 3248 2412 3286 non
2478 3231 2919 3303 multiplicabis.
2971 3255 3000 3283 ››
3058 3235 3240 3292 Paulo
3287 3237 3439 3293 infra
3491 3237 3684 3310 ἐπίμι-

2039 3339 2186 3388 κτον,
2205 3343 2233 3369 ‹‹
2267 3319 2707 3375 miscellaneum
2734 3327 2790 3376 et
2819 3324 3134 3393 promiscui
3162 3327 3407 3382 seminis
3431 3349 3458 3376 »
3480 3329 3684 3397 vertit;

2040 3428 2144 3466 vox
2184 3410 2426 3465 Hebraea
2482 3411 2790 3466 subtemen
2843 3418 2899 3466 et
2955 3417 3204 3470 tramam
3251 3401 3561 3488 significat,
3596 3424 3684 3473 at-

2039 3515 2154 3569 que
2209 3498 2388 3554 etiam
2446 3498 2658 3570 vulgus
2715 3500 3137 3570 promiscuum,
3193 3506 3577 3574 quamobrem
3631 3513 3688 3562 et

2039 3587 2213 3644 Exodi
2265 3604 2368 3654 XII,
2411 3587 2499 3650 38,
2555 3586 2644 3639 καὶ
2699 3584 2984 3660 ἐπίμικτος
3042 3587 3216 3652 πολὺς
3270 3587 3530 3662 συνανέϐη
3591 3592 3685 3648 αὖε

2034 3679 2172 3742 τοῖς,
2205 3687 2259 3730 et
2287 3676 2598 3731 commistus
2627 3679 2836 3732 multus
2860 3680 3104 3736 ascendit
3131 3697 3255 3736 cum
3286 3684 3499 3749 eis,ubi
3523 3683 3688 3739 Chal-

2037 3767 2196 3821 daeus
2215 3765 2648 3837 paraphrastes,
2677 3791 2696 3813 «
2723 3769 2978 3824 extranei
3021 3769 3210 3835 multi,
3234 3775 3330 3842 qui
3372 3791 3483 3827 non
3518 3779 3685 3828 erant

2040 3855 2364 3912 Israelitici.
2399 3877 2427 3905 »
2461 3855 2610 3910 Sunt
2634 3855 2734 3927 qui
2755 3857 3396 3932 intelligant/Egyptios
3420 3863 3489 3917 ad
3517 3863 3684 3917 ﬁdem

2036 3962 2346 4001 conversos
2378 3945 2556 4000 unius
2587 3944 2709 4002 Dei.

2105 4033 2228 4090 Col.
2256 4034 2360 4089 234
2392 4037 2435 4089 Α
2485 4034 2540 4087 8.
2587 4034 2783 4089 Odiosa
2837 4040 3068 4106 spectas.
3120 4038 3443 4110 Legebatur
3491 4043 3679 4110 antea,

2040 4123 2326 4180 «fastidio
2381 4128 2542 4188 sunt,
2574 4139 2639 4178 ac
2685 4123 2966 4192 vitantur,
2996 4142 3098 4180 ceu
3149 4127 3478 4198 spectaculo
3529 4128 3679 4182 indi-

2033 4213 2156 4285 gni,
2190 4212 2359 4283 quasi
2390 4212 2840 4268 excrementitiaa
2880 4219 3070 4284 erupt.
3106 4237 3135 4265 »
3164 4218 3236 4270 At
3276 4215 3370 4271 hic
3427 4214 3680 4289 ἐντρᾶπε-

2031 4311 2150 4362 σθαι
2181 4301 2422 4356 verbum
2457 4306 2545 4356 est
2577 4301 2858 4368 medium,
2894 4319 3005 4356 non
3040 4303 3360 4372 passivum.
3388 4305 3674 4361 Craterum
3780 4341 3783 4343 -

2031 4391 2186 4462 quod
2221 4391 2314 4445 hic
2345 4390 2514 4445 docet
2543 4395 2764 4454 auctor,
2793 4386 3077 4464 βδέλυγμα
3109 4393 3292 4448 solere
3315 4394 3677 4466 Scripturam

2029 4479 2187 4534 idola
2217 4495 2445 4546 vocare,
2474 4477 2829 4535 confirmant
2862 4479 3022 4548 LXX,
3055 4497 3189 4536 cum
3238 4482 3535 4538 Hebrazam
3592 4484 3675 4539 dio

2027 4567 2278 4622 ctionem
2309 4551 2444 4627 575x
2477 4583 2594 4638 qua
2623 4566 2719 4622 hic
2751 4584 2893 4622 usus
2941 4572 3030 4623 est
3075 4570 3358 4643 prOpheta
3401 4589 3533 4628 cum
3585 4573 3677 4628 di-

1945 4648 2188 4720 Dxit,«
2245 4662 2461 4711 terram
2521 4655 3060 4714 abominationibus
3117 4660 3410 4729 refertam,
3473 4683 3501 4711 »
3553 4677 3676 4718 ver-

2027 4751 2163 4801 tunt
2221 4745 2451 4802 Levitic.
2512 4761 2630 4808 χιιι,
2686 4746 2717 4798 4
2781 4761 2795 4802 :
2860 4741 3086 4811 εἶ’δωλα,
3142 4749 3289 4804 idola
3349 4766 3363 4805 :
3421 4748 3530 4804 Οὐκ
3582 4748 3675 4804 ἐπ-

2025 4834 2426 4905 ακολουθὴσιτε
2501 4829 2776 4895 εἰδώλοις.
2836 4837 2952 4892 Νοη
3025 4841 3332 4908 sequamini
3375 4841 3558 4910 idola;
3617 4848 3674 4899 et

2025 4928 2239 4998 psalm.
2317 4943 2478 4992 XCVI,
2535 4926 2569 4977 7
2630 4941 2643 4980 :
2705 4925 2772 4982 Oi
2821 4923 3232 5001 ἐγκαυχώμενοι
3314 4935 3432 4995 τοῖς
3514 4929 3670 4986 εἰδώ-

2025 5013 2166 5076 λοις·
2203 5017 2308 5084 Qui
2360 5015 2671 5086 gloriantur
2725 5018 2786 5069 in
2832 5017 3164 5074 simulacris.
3198 5019 3669 5092 Chrysostomus,

2026 5106 2085 5160 in
2115 5123 2154 5159 II
2190 5107 2325 5174 lsa.,
2357 5123 2414 5176 p.
2447 5103 2550 5157 677
2586 5121 2597 5158 :
2636 5099 2931 5177 Βδέλυγμα
2962 5101 3018 5160 δὲ
3050 5104 3232 5162 εἷ’ωθεν
3262 5110 3296 5177 ἡ
3332 5111 3514 5186 Γραυὴ
3573 5130 3665 5163 κα-

2024 5189 2136 5246 λεῖν
2195 5190 2261 5244 τὰ
2311 5187 2554 5244 εἴδωλον
2583 5187 2819 5244 ὲντεῦθεν
2872 5191 2961 5248 καὶ
3005 5192 3286 5270 βδέλυγμα
3335 5195 3666 5271 ἐρημώσεως

2023 5276 2235 5356 λέγεται
2267 5281 2294 5334 ὁ
2325 5277 2542 5354 ἀνδριὰς
2582 5279 2610 5332 ὁ
2664 5279 2751 5333 ἐπὶ
2783 5285 2879 5335 τοῦ
2911 5289 3042 5338 ναοῦ
3098 5284 3284 5345 ἑστώς.
3315 5287 3463 5342 Sane
3512 5287 3665 5342 Scri-

2021 5375 2194 5441 ptura
2225 5387 2328 5441 pro
2374 5386 2532 5425 more
2577 5387 2684 5424 suo
2716 5370 2868 5428 idola
2901 5379 3064 5430 vocat
3122 5375 3614 5432 abominationem
3648 5395 3661 5434 :

2021 5458 2159 5514 hinc
2217 5459 2575 5515 abominatio
2625 5458 3004 5518 desolationis
3033 5463 3250 5518 dicitur
3281 5468 3500 5535 statua,
3533 5481 3660 5537 qua:

2018 5552 2135 5605 stat
2165 5549 2224 5603 in
2258 5550 2497 5621 templo,
2534 5570 2560 5596 »
2594 5548 2798 5604 Matth.
2831 5567 2982 5620 xxxv,
3017 5552 3102 5607 15.

2087 5653 2208 5712 Col.
2265 5655 2369 5710 257
2431 5659 2472 5708 Β
2527 5655 2581 5710 3.
2640 5651 2738 5707 Καὶ
2797 5651 3028 5725 δήξεται.
3090 5657 3540 5718 Emendavimus
3591 5679 3659 5719 ex

2018 5748 2179 5801 textu
2209 5743 2504 5816 prophetis
2536 5737 2771 5816 δήξεται,
2803 5749 2978 5816 prout
3008 5750 3133 5804 erat
3187 5749 3363 5808 etiam
3410 5749 3469 5809 in
3500 5755 3569 5810 Η.
3602 5755 3660 5812 et
