4138 6216
557 318 710 378 1087

561 453 603 507 Ι.
638 451 914 509 Mendose
967 454 1190 527 Anglic.
1227 453 1452 528 δέξεται,
1484 481 1512 508 ‹‹

562 540 619 598 F.
639 536 886 612 δείξεται,
909 566 929 591 ι
955 547 1286 600 ostendet.»
1307 550 1443 602 Item
1471 548 1642 620 paulo
1672 553 1804 620 post
1830 547 2200 619 scripsimus,

563 651 583 677 ι
622 630 730 685 hoc
760 639 870 700 est,
894 633 950 685 in
985 633 1239 689 solidum
1274 637 1734 702 firmamentum,
1762 659 1787 685 υ
1822 655 1924 708 pro
1952 636 2069 691 illis
2086 653 2204 691 ver-

558 719 651 773 bis
682 720 1045 792 interpretis,
1069 744 1097 771 «
1121 721 1232 778 hoc
1253 729 1364 787 est,
1393 741 1454 780 se
1485 726 1865 781 substernant
1896 726 2081 780 solido
2106 725 2200 779 tir-

562 815 857 865 mamento
877 810 1030 864 ﬁdei.
1062 834 1087 858 ι)
1112 811 1414 868 Mutuatus
1437 819 1524 870 est
1549 816 1653 869 hoc
1687 816 1757 869 ab
1783 814 2056 887 Apostolo
2097 815 2201 869 Co-

557 897 805 953 lossens.
841 901 989 963 11,5:
1018 899 1111 953 Καὶ
1166 901 1225 954 τὸ
1270 902 1548 975 στερέωμα
1595 910 1695 972 τῆς
1746 903 1822 964 εἷς
1852 904 2078 978 Χριστὸν
2107 903 2198 957 πί·-

561 1005 726 1047 στιως
758 985 932 1059 ὑμῶν’
970 1009 991 1036 α
1017 991 1538 1049 Etﬁrmamentum
1562 996 1710 1066 ejus,
1737 1012 1862 1068 quae
1886 995 1942 1050 in
1969 994 2199 1050 Christo

557 1080 665 1144 est,
699 1076 834 1131 fidei
864 1083 1086 1134 νοείτω.
1120 1102 1148 1130 )›

629 1183 777 1238 Ibid.
803 1184 842 1240 C
864 1185 916 1238 3.
948 1188 1258 1258 leporibus.
1297 1190 1689 1262 Expunximus
1715 1207 1910 1247 vocem
1941 1213 1960 1239 α
2006 1192 2196 1248 erina-

555 1271 672 1326 ceis
705 1296 732 1322 »
758 1271 893 1327 huic
925 1277 1218 1346 praefixam
1255 1299 1268 1335 ε
1301 1278 1438 1335 licet
1466 1279 1523 1336 in
1585 1283 1764 1337 veteri
1816 1281 2094 1338 Psalterio
2143 1289 2198 1339 et

554 1362 708 1431 apud
743 1361 800 1416 S.
836 1365 1232 1436 Augustinum
1263 1368 1487 1439 psalmo
1536 1387 1682 1427 CLxu
1713 1415 1724 1439 ,
1759 1373 1845 1439 18,
1881 1377 2197 1445 utrumque

553 1450 858 1519 habeatur,
900 1475 925 1505 α
955 1460 1121 1526 petra
1150 1457 1444 1529 refugium
1477 1459 1713 1516 bericiis
1742 1465 1796 1516 et
1831 1461 2193 1533 leporibus.»

543 1540 617 1593 At
671 1540 808 1595 LXX
867 1542 1235 1614 scaipserunt
1293 1550 1525 1602 tantum
1579 1545 1843 1622 λαγωοῖς,
1901 1551 2192 1621 leporibus,

554 1642 668 1682 non
729 1629 1203 1704 χοιρογρυλλίοις,
1254 1637 1560 1698 erinaceis;
1618 1643 1682 1692 ut
1747 1643 1996 1694 testatur
2061 1638 2194 1695 Hie-

551 1732 832 1789 ronymns
855 1719 912 1774 in
947 1720 1203 1791 Epistola
1236 1724 1304 1778 ad
1340 1724 1584 1780 Suniam
1608 1731 1663 1780 et
1695 1727 1898 1783 Fretel.
1936 1729 2098 1784 Certe
2135 1729 2192 1783 in

1746 325 1980 386 NOTAE
2024 318 2466 383 FRONTONIS
2510 319 2773 380 DUCEI

1555 457 1853 529 suscipiet,
1890 480 1918 510 »
1950 456 2210 527 itemque
2241 451 2290 519 Α
2322 452 2692 522 prudentem,
2727 474 2754 500 »
2786 452 2940 522 quod
2972 451 3220 508 fortasse
3246 452 3305 507 in
3338 454 3668 528 apograpbo
3710 456 3914 532 legisset

3787 330 3913 392 |088

2314 542 2602 615 interpres
2635 541 2871 613 ἀνοήτῳ,
2905 559 3005 614 pro
3049 542 3316 616 ἆνονήτῳ,
3358 547 3509 617 quod
3546 547 3605 602 F.
3655 547 3717 604 Η.
3747 555 3796 606 et
3835 553 3913 609 alii

2313 645 2454 684 mss.
2480 634 2816 685 constanter
2836 631 3151 702 prefer-unt
3174 648 3186 686 :
3211 637 3271 687 at
3292 633 3351 687 in
3387 651 3558 690 versu
3588 637 3783 706 psalmi
3815 657 3912 710 cm,

2315 717 2569 787 16,561:
2624 716 2824 792 Κυρίου
2883 720 3024 791 legit
3071 719 3156 786 F.,
3195 728 3553 794 quapropter
3607 726 3917 788 Tilmannus

2313 808 2570 863 ediderat
2588 808 2745 878 ligna
2760 810 2996 873 Domini,
3015 826 3127 880 quo
3151 815 3320 880 pacto
3342 813 3516 868 etiam
3541 814 3914 890 Symmachus,

2313 897 2520 967 quinta
2552 903 2609 951 et
2640 902 2800 952 sexta
2825 898 3002 954 editio
3032 903 3333 954 verterunt
3360 917 3372 954 :
3403 902 3539 972 quia
3570 908 3757 960 tamen
3799 907 3857 962 Η.
3881 912 3915 965 Ι.

2311 990 2368 1040 et
2418 986 2732 1058 ProcOpius
2808 987 3025 1042 habent
3091 983 3299 1053 πεδίου,
3354 994 3561 1060 campi,
3615 1009 3740 1050 cum
3803 997 3918 1053 Vul-

2309 1078 2444 1146 gata
2485 1075 2686 1130 Latina
2715 1077 2800 1131 sic
2829 1076 3294 1134 immutavimus.
3331 1079 3537 1148 Aquila
3587 1086 3644 1137 et
3685 1084 3916 1142 Theodo-

2308 1163 2390 1219 tio
2422 1168 2739 1237 utrumque
2777 1165 3029 1237 amplexi
3061 1172 3221 1233 sunt,
3257 1164 3390 1235 ξύλα
3443 1172 3540 1222 τοῦ
3597 1167 3778 1226 πεδίου
3830 1175 3918 1230 Ku-

2309 1250 2450 1325 ρίου,
2479 1254 2632 1324 ligna
2660 1259 2840 1326 campi
2870 1257 3114 1312 Domini.

2379 1340 2500 1396 Col.
2525 1342 2631 1396 267
2665 1343 2707 1398 B
2759 1344 2844 1398 11.
2891 1342 3250 1400 Consuetudo.
3284 1346 3450 1416 Κοινή
3484 1347 3651 1418 dixit,
3683 1367 3793 1406 non
3818 1371 3921 1405 και-

2308 1430 2398 1497 νή,
2427 1437 2492 1484 ut
2523 1431 2832 1502 interpres,
2865 1454 2890 1484 α
2924 1435 3405 1491 consuetudinem
3455 1436 3696 1510 insuper
3720 1441 3918 1496 vivendi

2307 1519 2562 1575 novitate
2595 1521 2982 1592 excogitatam
3006 1523 3227 1578 confert
3249 1525 3512 1594 quercui.
3551 1549 3580 1576 »
3615 1527 3734 1583 Imo
3763 1534 3822 1583 ut
3856 1531 3920 1585 ait

2306 1610 2644 1680 Procopius,
2707 1607 2946 1684 σκληρὸν
3020 1610 3154 1678 ἦθος
3226 1607 3394 1680 δηλοῖ
3464 1613 3555 1666 καὶ
3635 1615 3918 1687 ἀντίτυπον,

2303 1698 2430 1758 τοὺς
2485 1693 2541 1750 δὲ
2593 1699 2872 1759 τοιούτους
2922 1699 3008 1752 καὶ
3041 1700 3074 1767 ἡ
3127 1701 3282 1768 κοινὴ
3339 1702 3597 1771 συνήθεια
3641 1704 3917 1778 παρεικάζει

551 1806 827 1863 omnibus
845 1808 1042 1864 Basilii
1067 1827 1206 1866 mss.
1229 1813 1528 1870 codicibus
1545 1813 1786 1889 λαγωοῖς
1804 1822 2031 1872 tantum
2047 1823 2188 1872 erat:
2223 1821 2270 1885 B
2306 1781 2446 1889 δρΫῖ
2480 1806 2505 1836 “
2523 1786 2731 1889 ‘Ipsam
2766 1789 3300 1889 memﬂPrmein
3337 1807 3825 1889 perﬁca‘immque
3851 1813 3916 1849 δι’

549 1895 650 1949 sed
694 1896 753 1951 in
786 1898 844 1952 F.
879 1899 1052 1970 paulo
1085 1905 1216 1972 post
1240 1903 1561 1976 legebatur,
1597 1911 1660 1962 ut
1686 1923 1964 1963 excusum
1998 1912 2087 1963 est
2110 1910 2190 1979 τῷ

547 1989 768 2058 καθαρῷ
801 1985 1154 2063 πρόσκαιρον,
1172 2014 1198 2041 ‹‹
1219 1992 1266 2046 ei
1288 1994 1382 2065 qui
1411 2011 1592 2066 purus
1611 2000 1700 2051 est
1721 2001 2137 2069 opportunum,
2161 2019 2187 2046 ››

549 2073 670 2130 sive
706 2078 1076 2150 conveniens,
1098 2102 1126 2130 »
1159 2098 1271 2136 non
1311 2104 1332 2132 ‹‹
1388 2084 1735 2157 suffugium,
1761 2107 1788 2135 »
1813 2090 1876 2141 ut
1907 2087 2071 2142 addit
2101 2086 2187 2141 in-

545 2166 810 2235 terpres;
845 2183 1032 2238 neque
1065 2169 1219 2225 enim
1251 2173 1535 2250 καταφυγή
1589 2180 1720 2248 apte
1771 2177 1945 2248 jungi
2000 2181 2191 2248 potest

545 2268 678 2307 cum
712 2254 966 2326 epitheto
997 2255 1351 2335 πρόσκαιρον,
1385 2264 1484 2317 sed
1519 2265 1587 2319 ad
1616 2264 1678 2317 τὸ
1712 2261 1837 2336 μέλι
1869 2267 2066 2338 potius
2098 2283 2186 2321 rc-

542 2340 679 2396 ferri
713 2345 948 2413 poterit,
975 2347 1061 2402 vel
1094 2353 1246 2404 certe
1275 2355 1338 2405 ut
1369 2352 1652 2423 scriptum
1676 2359 1764 2409 est
1798 2354 1856 2409 in
1888 2354 2080 2427 Angl.,
2111 2357 2190 2426 τῷ

543 2433 766 2521 καθαρῷ
790 2431 1225 2509 πρόσκορονΝθΙ
1258 2443 1322 2494 ut
1349 2440 1409 2494 in
1443 2441 1508 2496 Η.
1545 2447 1601 2496 et
1630 2447 1670 2497 Ι.
1701 2442 1760 2496 τὸ
1791 2445 2023 2519 καθαρὸν
2055 2448 2190 2521 πρὸς

544 2515 731 2587 κόρον,
762 2543 789 2570 ‹‹
825 2539 1036 2594 purum
1070 2528 1140 2580 ad
1165 2528 1520 2597 satietatem,
1546 2554 1572 2581 ››
1597 2533 1680 2588 sic
1712 2539 1775 2588 ut
1819 2535 2072 2593 insertus
2102 2539 2187 2592 vi-

547 2607 759 2664 deatur
791 2609 953 2668 locus
985 2617 1196 2686 psalmi
1248 2635 1366 2686 cm,
1397 2642 1423 2669 ‹‹
1460 2621 1624 2676 Petra
1657 2622 1945 2696 refugium
1992 2626 2183 2681 crina-

549 2697 699 2766 ceis;
729 2721 755 2748 »
782 2717 916 2757 cum
942 2703 1012 2758 ad
1033 2705 1212 2762 alium
1241 2708 1434 2779 potius
1453 2710 1688 2780 Davidis
1711 2712 1903 2769 locum
1927 2715 2034 2771 hoc
2057 2734 2184 2787 spe-

546 2787 748 2859 ctaret,
765 2787 861 2844 ubi
893 2790 1106 2846 dicitur
1126 2810 1270 2865 puro
1299 2795 1471 2852 melle
1494 2799 1564 2853 ad
1589 2799 1912 2856 satietatem
1934 2804 2186 2874 populus

548 2880 756 2965 pastus
815 2895 962 2945 esse,
1016 2881 1161 2949 psal.
1198 2901 1358 2955 Lxxx,
1395 2885 1461 2940 17
1495 2903 1506 2940 :
1542 2885 1639 2940 Καὶ
1693 2887 1751 2942 ἐκ
1800 2888 1995 2965 πέτρας
2057 2890 2183 2963 μὲλι

543 2958 835 3036 ἐχόρτασεν
880 2965 1096 3041 αὐτούς,
1135 2975 1198 3028 Et
1254 2973 1319 3028 de
1365 2980 1528 3046 petra.
1575 2978 1735 3034 melle
1779 2958 2181 3037 saturavit-cos.

543 3051 658 3108 Nec
691 3055 800 3110 fuit
831 3073 1148 3127 causa,cur
1176 3062 1412 3120 adderet
1443 3071 1643 3136 postea
1672 3086 1867 3126 vocem
1903 3086 2182 3143 «reges,»

2299 1876 2541 1946 gniﬁcat
2568 1891 2716 1948 :qua
2738 1877 2837 1948 qui
2871 1877 3097 1949 praediti
3129 1882 3269 1933 sunt
3298 1883 3601 1935 communi
3633 1889 3917 1938 consuetu-

2301 1965 2436 2020 dine
2465 1982 2596 2020 cum
2632 1983 2848 2037 quercu
2883 1972 3320 2038 comparantur.
3357 1989 3386 2017 »
3418 1969 3634 2025 Notum
3668 1977 3755 2027 est
3793 1972 3916 2027 illud

2300 2054 2674 2110 Homericum
2706 2051 2920 2111 Ὀδυσσ.
2955 2057 3020 2125 Τ,

2299 2167 2372 2222 Οὐ
2436 2167 2538 2242 γὰρ
2612 2168 2719 2224 ἀπὸ
2807 2166 2967 2245 δρυός
3045 2169 3156 2225 ἐσσι
3231 2169 3613 2252 παλαιφάτου,
3663 2173 3772 2252 οὐδ’
3822 2176 3912 2230 ἀπὸ

3593 2248 3826 2324 [πέτρης.

2296 2358 2434 2413 Nam
2463 2374 2636 2430 neque
2669 2359 2900 2419 laticida
2947 2377 3150 2432 quercu
3181 2366 3329 2418 satus
3359 2380 3435 2432 es,
3463 2381 3642 2437 neque
3687 2383 3829 2422 saxo.

2295 2447 2376 2502 Ad
2407 2449 2559 2518 quod
2589 2447 2787 2504 allusit
2817 2449 2974 2505 Plato
3005 2445 3106 2505 lib.
3135 2468 3232 2507 VIII
3267 2458 3344 2508 Dc
3373 2454 3660 2524 republica
3692 2473 3705 2510 :
3737 2455 3804 2510 Ἤ
3831 2452 3922 2508 οἴει

2299 2533 2357 2588 ἐκ
2388 2532 2548 2608 δρυός
2576 2538 2759 2605 ποθεν,
2790 2539 2825 2608 ἢ
2860 2537 2919 2592 ἐκ
2960 2537 3158 2612 πέτρας
3204 2539 3302 2602 τὰς
3338 2537 3632 2604 πολιτείας
3690 2542 3924 2618 γίνεσθαι,

2297 2621 2423 2678 ἀλλ’
2455 2623 2583 2699 οὐχὶ
2617 2624 2675 2680 ἐκ
2697 2629 2804 2681 τῶν
2831 2627 2980 2696 ἠθῶν
3010 2633 3117 2683 τῶν
3151 2627 3200 2683 ἐν
3233 2634 3352 2691 ταῖς
3381 2626 3577 2685 πόλεσι
3605 2651 3619 2702 ;
3648 2657 3675 2683 ‹‹
3708 2639 3794 2689 An
3822 2635 3923 2690 exi-

2297 2715 2505 2771 stimas
2536 2732 2565 2771 e
2589 2733 2802 2788 quercu
2837 2717 3034 2790 aliqua
3063 2719 3426 2791 respublicas
3458 2723 3648 2793 nasci,
3682 2728 3781 2779 aut
3825 2741 3925 2779 non

2297 2805 2490 2874 potius
2522 2821 2590 2861 ex
2617 2807 2879 2864 moribus
2901 2825 3125 2878 eorum,
3150 2808 3250 2880 qui
3273 2809 3331 2864 in
3354 2810 3691 2868 civitatibus
3711 2830 3923 2868 versan-

2294 2893 2438 2948 tur?
2471 2917 2498 2943 »
2552 2895 2772 2951 Profert
2820 2897 2952 2952 Des.
3000 2897 3281 2953 Erasmus
3339 2898 3578 2955 chiliad.
3619 2903 3670 2969 1,
3705 2906 3850 2957 cent.
3877 2903 3924 2966 8,

2294 2984 2558 3052 proverb.
2591 2985 2706 3040 87:
2748 3009 2768 3035 ι
2804 2986 2883 3040 Ex
2935 2986 3272 3058 quercubus
3331 2989 3471 3052 nati,
3534 3011 3564 3038 »
3626 2996 3686 3045 et
3742 2991 3926 3061 repetit

2293 3071 2531 3130 chiliad.
2565 3075 2618 3144 4,
2651 3079 2808 3130 cent.
2847 3077 2901 3142 7,
2934 3077 3202 3146 proverb.
3233 3077 3335 3132 96:
3367 3099 3395 3126 ‹‹
3426 3077 3555 3132 Non
3587 3096 3619 3134 e
3651 3096 3860 3152 quercu
3879 3085 3927 3134 et

545 3157 674 3196 cum
709 3143 936 3217 Moyses
968 3148 1177 3205 dixerit
1221 3156 1474 3222 tantum,
1511 3160 1816 3214 Deuteron.
1849 3177 2023 3226 xxxn,
2069 3161 2134 3215 13
2169 3178 2181 3217 :
2215 3175 2258 3242 α
2297 3175 2458 3230 saxo,
2492 3185 2519 3212 »
2554 3143 2708 3219 idem
2741 3164 3039 3235 Erasmus,
3061 3163 3374 3221 immemor
3401 3182 3636 3234 eorum,
3666 3185 3792 3239 qua
3809 3167 3928 3222 scri-

541 3227 843 3326 ᾜΟήλασαν
900 3233 1027 3306 μέλι
1086 3235 1145 3292 ἐκ
1200 3241 1419 3314 πέτρας,
1479 3243 1567 3297 καὶ
1626 3242 1805 3300 ἔλαιον
1856 3247 1916 3302 ἐκ
1973 3252 2181 3323 στερεᾶς

2295 3227 2512 3322 pserat,
2545 3252 2666 3308 sive
2697 3252 2829 3325 quis
2861 3227 3218 3324 alius,cujus
3247 3254 3345 3310 ille
3374 3272 3551 3326 opera
3585 3227 3854 3313 utebatur
3870 3259 3929 3313 ad

539 3317 756 3381 πέτρας·
791 3323 1070 3383 Suxerunt
1102 3331 1212 3384 mel
1260 3333 1329 3387 de
1368 3337 1551 3404 petra,
1586 3339 1635 3391 et
1682 3336 1870 3393 oleum
1927 3341 1998 3395 de
2051 3317 2184 3395 saxo

537 3408 698 3464 duro.

610 3497 727 3555 Col.
760 3502 866 3556 260
907 3505 942 3558 A
973 3505 1026 3559 7.
1060 3511 1126 3561 Ἦ
1158 3507 1185 3560 ὁ
1227 3504 1315 3562 διὰ
1364 3509 1798 3585 μετριοπάθειαν.
1829 3520 1948 3573 Hoc
1997 3535 2181 3575 mem-

539 3585 708 3680 brum
742 3590 944 3647 aberat
974 3611 1007 3648 a
1038 3595 1124 3662 F.,
1157 3614 1332 3668 quam
1379 3601 1452 3655 ob
1494 3618 1732 3660 causam
1766 3607 1837 3660 ab
1870 3605 2182 3680 interprete

539 3676 825 3768 omissum
861 3682 992 3750 fuit,
1021 3685 1121 3740 sed
1154 3686 1211 3740 in
1255 3688 1558 3760 Anglican.
1593 3692 1658 3749 H.
1692 3699 1749 3750 et
1796 3695 1837 3750 Ι.
1873 3676 2176 3768 reperitur.

606 3765 725 3822 Col.
758 3770 864 3823 262
889 3771 929 3826 c
961 3774 1010 3828 1.
1043 3776 1126 3829 Ea:
1154 3775 1242 3831 his
1281 3780 1457 3834 verbis
1502 3765 2180 3843 contumeliosis—Mutila

536 3860 660 3910 erat
689 3856 811 3914 haec
841 3862 1118 3931 periodus
1149 3864 1209 3921 in
1239 3867 1416 3940 Regio
1450 3871 1533 3936 F.,
1568 3889 1682 3944 quo
1712 3874 1930 3930 factum
1974 3882 2082 3944 est,
2116 3881 2181 3932 ut

536 3959 804 4003 mancam
821 3950 999 4007 etiam
1013 3952 1551 4025 interpretationem
1573 3963 1882 4033 pepererit,
1901 3981 2076 4036 quam
2093 3982 2177 4021 re-

535 4032 860 4103 stituimus,
889 4040 946 4092 ni
981 4041 1167 4111 fallor,
1201 4046 1269 4099 ad
1315 4052 1568 4103 mentem
1623 4032 1896 4108 auctoris.
1917 4032 2174 4110 _Tantum

534 4122 691 4178 enim
724 4131 847 4181 erat
874 4125 1052 4204 ἀρχὴν
1079 4131 1214 4206 πρὸς
1242 4133 1305 4187 τὸ
1336 4134 1828 4214 ὑπερηφανεύεσθαι
1880 4145 1985 4195 τῶν
2045 4141 2179 4197 πολ-

537 4206 671 4303 λῶν,
707 4214 819 4303 sed
861 4221 920 4272 et
950 4219 1008 4273 in
1044 4220 1216 4291 Regio
1246 4223 1315 4278 H.
1350 4206 1451 4296 pro
1502 4206 1823 4302 δ’ποφέριται
1877 4229 2178 4303 legebatur

537 4300 911 4394 ὑπερφέρεται.
948 4309 1234 4383 Interpres
1267 4300 1647 4387 inscripserat
1679 4300 1691 4373 ξ
1733 4341 1752 4367 ι
1797 4300 1980 4375 Suum
2016 4323 2176 4394 prin-

533 4391 792 4482 cipatum
825 4399 1086 4472 opponit,
1120 4406 1185 4457 ut
1231 4420 1412 4475 supra
1463 4410 1701 4462 caeteros
1732 4391 2127 4482 conspiciatur
2159 4431 2172 4468 :

531 4481 698 4536 anxie
728 4489 1048 4560 contendit,
1070 4496 1134 4545 ut
1157 4494 1593 4564 superemineat
1616 4497 1837 4553 multis.
1866 4481 1891 4552 ιν
1919 4502 2038 4556 Imo
2067 4501 2172 4557 hoc

526 4573 651 4627 vult
670 4574 942 4644 Basilius,
963 4579 1197 4638 initium
1221 4601 1450 4643 sumere
1467 4588 1804 4660 superbiam
1827 4592 1898 4647 ab
1923 4591 2170 4647 aliorum

528 4667 864 4737 contemptu
899 4685 912 4723 :
948 4671 1102 4727 unde
1131 4677 1449 4748 Procopius
1500 4681 1901 4753 paraphrasim
1960 4682 2169 4739 horum

529 4755 997 4844 compendiosum
1044 4764 1252 4844 texens
1299 4782 1358 4837 p.
1416 4768 1533 4824 55:
1568 4773 1894 4844 ΙΙροηγεῖται
1956 4766 2014 4824 δὲ
2067 4778 2166 4841 τῆς

531 4839 899 4929 ᾇπερηφανίας
927 4847 962 4915 ἡ
995 4842 1171 4923 ὕϐρις’
1208 4852 1236 4905 ὁ
1283 4852 1385 4929 γὰρ
1433 4855 1562 4918 τοὺς
1606 4839 1812 4920 ἄλλους
1869 4839 2164 4929 διαπτῦωυ,

523 4925 838 4999 ἀλαζονείαν
890 4925 1404 5010 ’προοιμιάζεταιίι
1441 4945 1604 5002 Viam
1660 4964 1790 5004 vero
1846 4950 2038 5005 munit
2094 4925 2166 5005 ad

521 5022 856 5091 superbiam
890 5029 1268 5087 contumelia:
1293 5033 1392 5104 qui
1423 5034 1578 5090 enim
1612 5036 1758 5094 alios
1787 5038 2052 5110 despicit,
2076 5039 2163 5094 in-

520 5111 715 5166 stituit
735 5115 1034 5173 exordium
1066 5123 1428 5192 arrogantiae.
1469 5147 1494 5172 ››
1526 5126 1617 5182 Sic
1666 5129 2008 5183 vertendum
2068 5145 2160 5183 ar-

520 5199 704 5290 bitror
731 5201 922 5260 locum
982 5206 1150 5264 illum
1193 5209 1452 5284 Procopi.
1485 5214 1664 5270 Paulo
1707 5216 1858 5272 infra
1903 5215 2162 5290 integras

518 5289 667 5346 duas
701 5293 969 5361 periodos
1010 5297 1380 5355 restituimus
1430 5318 1498 5357 ex
1554 5303 1778 5376 Anglic.
1814 5306 1879 5360 Η.
1916 5310 1973 5361 et
2005 5289 2067 5373 Ιξ,
2105 5311 2162 5363 et

516 5377 715 5470 Latine
771 5384 1188 5443 convertimus.
1239 5404 1369 5460 quae
1421 5391 1664 5448 aberant
1704 5411 1736 5450 a
1771 5396 1854 5463 F.,
1887 5400 2160 5470 συγγενεῖς

513 5463 613 5560 γτξρ
673 5469 952 5560 ἁμαρτίαι,
1004 5478 1115 5532 etc.
1168 5478 1488 5552 Procopius
1563 5482 1729 5552 dixit,
1786 5483 1853 5536 τὰ
1929 5463 2155 5560 συγγενῆ

515 5552 630 5622 πλη
642 5556 828 5628 μμελή
840 5580 999 5632 ματα.

587 5661 707 5718 Col.
738 5668 842 5721 267
873 5671 922 5724 Δ
947 5669 1001 5725 2.
1035 5675 1102 5728 Et
1147 5675 1426 5733 inutilem.
1477 5677 1829 5748 Delevimus,
1863 5701 1891 5732 ‹‹
1933 5684 1990 5737 et
2045 5681 2156 5738 im-

2296 3341 2733 3410 proverbiorum
2779 3342 3060 3400 chiliadas
3109 3343 3484 3416 colligendas.
3519 3346 3690 3410 Quod
3749 3352 3927 3402 autem

2296 3428 2459 3484 nullo
2491 3431 2745 3487 indicato
2777 3440 3009 3488 auctore
3039 3433 3204 3498 citat,
3242 3453 3266 3484 ε
3300 3439 3357 3488 et
3404 3434 3551 3489 duro
3604 3435 3811 3492 robore
3839 3453 3926 3490 na~

2295 3523 2403 3586 tos,
2441 3540 2466 3566 »
2499 3524 2588 3576 est
2617 3537 2684 3575 ex
2710 3520 2979 3593 Virgilio,
3011 3538 3110 3577 vm
3140 3523 3357 3578 xEneid.
3391 3523 3518 3592 314,
3551 3524 3664 3579 315
3697 3542 3711 3580 :

2364 3616 2606 3688 Gensquc
2624 3619 2810 3673 virum
2840 3619 3050 3674 truncis
3080 3624 3138 3674 et
3159 3620 3298 3674 duro
3328 3619 3524 3676 robore
3556 3626 3715 3689 nata,

2363 3689 2529 3755 Queis
2556 3706 2734 3762 neque
2752 3707 2868 3746 mos
2892 3707 3068 3763 neque
3097 3691 3278 3746 cultus
3305 3696 3543 3747 erat.....

2288 3784 2357 3839 Et
2389 3801 2455 3840 ex
2477 3787 2766 3856 Juvenali,
2801 3793 2997 3861 satyra
3023 3790 3057 3843 6
3092 3806 3105 3844 :

2359 3883 2631 3941 Vivebant
2658 3886 2905 3943 homines
2927 3889 3027 3958 qui
3054 3890 3216 3956 rupto
3247 3887 3446 3944 robore
3473 3890 3618 3944 nati.

2359 3978 2478 4034 Col.
2510 3981 2686 4037 274B
2721 3983 2805 4038 13.
2857 3986 2934 4038 Et
2987 3999 3226 4039 omnem.
3287 3983 3402 4039 Has
3453 3986 3722 4055 quinque
3770 3998 3921 4039 voces

2288 4067 2568 4124 omiserat
2585 4070 2894 4143 interpres,
2925 4073 3020 4126 sed
3044 4076 3275 4142 recepta
3292 4070 3759 4144 lectione,quam
3779 4083 3924 4126 tuen-

2286 4159 2385 4211 tur
2418 4160 2476 4214 A.
2510 4159 2578 4214 Η.
2613 4159 2681 4227 1.,
2713 4160 2905 4216 verior
2931 4161 3162 4216 videtur
3193 4160 3292 4215 illa
3315 4161 3536 4216 codicis
3568 4161 3632 4219 F.
3667 4163 3766 4220 Ὅς
3796 4158 3919 4213 ἐστιν

2289 4244 2422 4321 ὑπὲρ
2468 4248 2642 4301 πάντα
2688 4252 2835 4304 νοῦν.
2873 4250 3020 4305 Ibid.
3055 4250 3096 4305 E
3123 4250 3177 4318 4,
3213 4246 3702 4324 ἐπιπεπλεγμένως
3749 4249 3921 4316 vertit,

2288 4337 2456 4406 quasi
2488 4343 2645 4394 esset
2673 4335 3034 4406 ἐπιπολαίως,
3071 4361 3096 4386 ‹‹
3127 4339 3434 4410 superficie
3481 4344 3664 4396 tenus
3709 4341 3920 4394 denun-

2285 4426 2426 4480 tiat:
2459 4443 2592 4482 cum
2642 4425 3024 4482 ἐπιπλέκεσοαι
3055 4428 3132 4483 sit
3160 4426 3472 4498 implicari,
3504 4429 3865 4500 permisceri.
3898 4448 3918 4476 ι

2202 4548 2249 4612 D
2285 4514 2448 4577 Quod
2485 4515 2567 4570 ita
2605 4517 2759 4587 cepit
2792 4516 3367 4612 interpres‘Procopii
3397 4532 3531 4612 pag.
3564 4517 3642 4572 85
3671 4535 3686 4572 :
3723 4517 3920 4612 Ἐπιπεο

2283 4600 2606 4676 πλεγμένως
2638 4601 2694 4658 δὲ
2741 4605 2864 4680 περὶ
2912 4608 3018 4659 τῶν
3070 4600 3165 4658 δύο
3212 4607 3307 4658 τοῦ
3356 4603 3556 4678 Κυρίου
3619 4607 3915 4680 παρουσιῶν

2280 4692 2314 4760 ἠ
2373 4695 2557 4770 Γραφὴ
2614 4689 2937 4770 διαλέγεται⁴
2977 4717 3005 4745 ‹‹
3057 4694 3296 4751 Mistum
3355 4699 3553 4750 autem
3613 4701 3916 4766 utrumque

2279 4781 2496 4838 Christi
2528 4784 2842 4840 adventum
2874 4784 3168 4858 prophetae
3200 4784 3500 4856 complexa
3532 4790 3631 4841 est
3662 4785 3860 4841 oratio.
3893 4805 3910 4830 ι

2349 4871 2467 4927 Col.
2509 4874 2614 4928 278
2670 4875 2712 4929 B
2772 4875 2856 4929 11.
2919 4876 3196 4944 Figurate.
3232 4873 3557 4946 Scripserat
3618 4875 3911 4945 interpres,

2277 4983 2306 5010 «
2341 4960 2644 5032 allegorice
2670 4962 2783 5018 dici
2816 4967 3064 5035 possunt
3090 4963 3532 5035 vespertiliones
3568 4979 3584 5021 :
3624 4985 3654 5013 ››
3689 4967 3749 5019 at
3774 4962 3911 5019 enim

2275 5049 2384 5105 hoc
2415 5067 2530 5105 non
2568 5051 2710 5106 dicit
2738 5050 3013 5120 Basilius,
3046 5053 3149 5108 sed
3175 5052 3335 5124 ipsos
3365 5052 3671 5108 daemones
3703 5067 3912 5124 vesper-

2274 5139 2505 5195 tilioncs
2529 5140 2723 5212 potius
2745 5141 3253 5214 appellari.Neque
3274 5140 3428 5196 enim
3452 5137 3909 5208 idololatras,sed

2273 5231 2567 5286 daemones
2598 5230 2745 5286 dixit
2777 5231 3082 5287 nocturnis
3131 5230 3390 5286 tenebris
3422 5229 3732 5287 delectari.
3765 5228 3907 5300 Apud

2268 5319 2640 5392 Procopium,
2674 5337 2729 5393 p.
2761 5321 2852 5391 58,
2877 5321 3026 5377 idem
3061 5336 3275 5376 sensus
3305 5318 3526 5388 elucet;
3561 5337 3769 5376 verum
3789 5333 3906 5392 pan-

2269 5407 2325 5464 lo
2346 5413 2482 5480 post
2508 5411 2713 5480 «juxta
2736 5410 3066 5482 analogiam
3090 5408 3226 5465 fidei
3248 5430 3275 5458 »
3301 5408 3532 5480 scripsi,
3557 5426 3682 5465 non
3706 5414 3770 5464 ut
3802 5409 3905 5462 erat

2269 5503 2498 5570 antea,«
2514 5499 2684 5570 juxta
2705 5499 3036 5572 analogiam
3060 5497 3310 5570 singulis
3332 5498 3674 5571 quibusque
3695 5499 3754 5554 in
3767 5492 3902 5552 Chri-

2267 5592 2428 5645 stum
2453 5588 2826 5646 credentibus
2848 5593 2989 5646 sunt
3007 5587 3431 5656 condistincta,
3456 5609 3482 5638 »
3513 5592 3585 5644 ut
3615 5588 3901 5661 appareret

2267 5680 2565 5735 auctorem
2614 5677 2874 5752 Apostoli
2931 5676 3122 5736 verbis
3171 5676 3262 5734 uti
3292 5679 3533 5734 Roman.
3570 5691 3681 5747 xu,
3710 5678 3745 5731 6
3773 5690 3787 5730 :
3815 5667 3898 5729 Εἴ·
