4138 6216
220 401 251 458 1
266 398 373 459 089

1404 388 1511 449 AD
1553 388 1960 452 COMMENT.
2012 389 2092 449 IN
2138 391 2436 454 ISAIAM.

3473 399 3495 454 1
3509 398 3629 460 090

221 549 282 584 τε
380 523 713 601 προφητείαν
817 519 954 576 κατὰ
1053 521 1153 588 τήν
1228 517 1523 593 ἀναλογίαν
1600 521 1700 583 τῆς
1774 520 2162 589 πί-Αιίῐαιὶε
2190 525 2380 581 studio
2411 542 2624 597 aquam
2656 524 3438 597 ὴαυνίοηεξοεὶᾳυίόθηιὶιθ.
3463 527 3630 585 locus

223 634 402 676 στεως·
477 614 604 670 Sive
646 612 1000 684 prophetiam
1049 609 1347 665 secundum
1393 610 1666 665 rationem
1709 610 1870 681 ﬁdei.

222 708 387 763 Porro
421 703 700 759 ultimum
733 700 876 755 illud
910 699 1266 769 membrum,
1304 720 1332 747 «
1362 697 1651 762 Quiescite
1677 699 1748 752 ab
1765 698 1870 753 ho-

226 797 392 862 mine,
430 816 458 843 »
478 793 756 848 admonet
783 788 1038 844 Basilius
1063 789 1122 843 in
1143 787 1579 858 exemplaribus
1601 803 1868 842 commu-

227 885 313 939 nis
341 881 613 939 editionis
636 897 752 936 non
779 877 1002 947 haberi,
1030 878 1128 933 sed
1152 877 1209 932 in
1244 876 1520 932 Hebraico
1545 875 1803 947 positum
1838 893 1872 931 a

224 973 455 1044 reliquis
483 969 924 1040 interpretibus,
956 966 1204 1022 diversis
1235 965 1518 1021 nimirum
1551 983 1584 1020 a
1617 965 1869 1036 Septua-

225 1063 378 1136 ginta
406 1063 464 1116 et
509 1058 930 1124 Theodotione,
974 1054 1329 1110 translatum
1363 1070 1532 1109 esse:
1581 1071 1756 1125 quam
1794 1055 1866 1110 ob

223 1167 452 1209 causam
475 1150 534 1204 in
557 1147 820 1218 margine
843 1149 1150 1201 annotarat
1171 1143 1464 1215 quispiam
1488 1160 1865 1199 communem

224 1239 532 1297 editionem
563 1253 692 1293 esse
740 1235 977 1301 Grecis,
1020 1250 1147 1302 quae
1179 1237 1236 1288 et
1264 1233 1653 1304 Septuaginta
1685 1233 1866 1287 inter-

228 1334 480 1402 pretum:
517 1325 672 1398 quod
733 1331 926 1380 tamen
960 1340 1162 1378 verum
1196 1339 1313 1377 non
1343 1327 1453 1393 est,
1487 1324 1536 1376 si
1569 1323 1625 1376 S.
1659 1322 1860 1376 Hiero-

229 1435 391 1490 nymo
437 1416 758 1480 credimus,
811 1413 911 1484 qui
959 1414 1017 1467 in
1068 1412 1240 1484 epist.
1279 1412 1419 1466 13:3:
1473 1433 1501 1460 «
1531 1410 1606 1466 Ut
1663 1410 1866 1466 sciatis

226 1509 392 1565 aliam
439 1524 568 1562 esse
615 1504 956 1572 editionem,
1007 1519 1186 1573 quam
1235 1501 1534 1570 Origenes,
1585 1505 1642 1554 et
1680 1504 1864 1554 Caesa-

228 1599 430 1654 riensis
461 1595 772 1660 Eusebius,
795 1591 1356 1663 omnesqueGraaciaa
1380 1594 1724 1644 tractatorcs
1746 1607 1863 1640 κοι-

223 1689 340 1755 νήν,
394 1686 453 1741 id
511 1690 621 1750 est,
680 1697 1051 1738 communem
1105 1679 1436 1751 appellant,
1492 1689 1667 1749 atque
1730 1677 1864 1731 vul-

226 1782 440 1846 gatam,
507 1779 566 1828 et
622 1789 656 1827 a
708 1771 1006 1842 plerisque
1063 1785 1218 1823 nuuc
1278 1764 1575 1826 Λουκιανός
1609 1766 1861 1821 dicitur:

227 1863 395 1919 aliam
455 1860 842 1933 Septuaginta
900 1859 1310 1928 interpretum,
1370 1873 1498 1927 quae
1556 1858 1614 1910 et
1671 1855 1730 1908 in
1782 1853 1865 1923 ἑξ-

234 1947 425 2009 απλοῖς
465 1947 768 2004 codicibus
826 1944 1150 2016 reperitur;
1181 1965 1209 1994 »
1259 1949 1317 1998 et
1351 1943 1408 1997 in
1441 1942 1782 1998 Praefatione
1813 1943 1873 1996 in

249 2040 349 2094 lib.
379 2035 674 2108 Paralip.:
713 2058 733 2083 ι
786 2034 1062 2106 Origenes
1111 2033 1169 2087 in
1221 2032 1476 2088 editione
1503 2031 1886 2103 Septuaginta

249 2123 659 2184 Theodotionis
709 2122 1023 2178 editionem
1073 2121 1330 2190 miscuit,
1381 2119 1680 2176 asteriscis
1726 2120 1885 2174 vide-

247 2216 377 2272 licet
405 2216 745 2285 designans,
795 2227 922 2282 quae
968 2211 1165 2264 minus
1217 2211 1465 2275 fuerant,
1531 2214 1588 2263 et
1614 2208 1882 2279 virgulis,

247 2321 370 2377 qua:
429 2320 498 2358 ex
573 2298 867 2372 superﬂuo
924 2298 1276 2353 videbantur
1331 2297 1623 2369 apposita.
1684 2318 1712 2346 ››
1772 2296 1883 2352 Sed

243 2395 392 2449 idem
415 2391 802 2462 Hieronymus
824 2389 883 2444 in
910 2386 1160 2459 epistola
1182 2386 1360 2442 citata
1381 2393 1581 2442 monet
1606 2386 1754 2440 inter
1775 2405 1886 2438 κοι-

243 2484 341 2551 νήν
371 2487 427 2537 et
471 2479 791 2536 editionem
843 2477 990 2532 LXX
1041 2476 1146 2530 hoc
1177 2492 1303 2531 esse
1335 2475 1676 2540 discrimen,
1725 2476 1882 2545 quod

243 2569 571 2628 communis
603 2585 705 2639 pro
734 2567 880 2622 locis
900 2571 959 2620 et
991 2565 1351 2635 temporibus
1374 2569 1430 2619 et
1460 2580 1563 2634 pro
1584 2563 1884 2619 voluntate

244 2659 597 2732 scriptorum
633 2661 889 2712 veterum
922 2677 949 2704 «
983 2659 1256 2724 corrupta
1287 2652 1364 2707 sit
1395 2652 1666 2720 editio,ea
1687 2657 1882 2708 autem

244 2766 368 2821 quae
399 2748 648 2803 habetur
671 2744 732 2800 in
768 2741 1077 2812 Ἑξαπλοῖς,
1110 2742 1450 2812 incorrupta
1472 2741 1548 2796 sit
1579 2762 1607 2791 »
1639 2742 1884 2812 Septua-

241 2839 408 2910 ginta
437 2836 823 2906 interpretum
847 2831 1046 2887 editio.
1077 2831 1221 2886 Cum
1253 2831 1434 2902 igitur
1449 2846 1516 2884 ex
1537 2833 1695 2884 textu
1722 2830 1883 2886 Isaia:

244 2927 344 2999 qui
375 2930 466 2982 est
495 2924 651 2996 apud
700 2920 1068 2993 ProcOpium,
1119 2936 1190 2975 ex
1230 2919 1408 2975 veteri
1449 2919 1645 2974 codice
1677 2919 1883 2975 Renati

244 3012 527 3072 Marchali
555 3014 890 3083 desumpto,
915 3009 1015 3083 qui
1047 3025 1205 3064 nunc
1235 3013 1320 3064 est
1343 3007 1731 3063 illustrissimi
1763 3025 1885 3064 car-

242 3103 459 3160 dinalis
506 3099 924 3173 Rupifucaldii,
973 3102 1217 3166 constet,
1267 3097 1374 3153 hoc
1433 3097 1766 3153 membrum
1817 3115 1887 3156 ex

239 3191 461 3265 Aquilae
483 3189 706 3246 Pontici
725 3189 992 3245 versione
1012 3203 1142 3243 esse
1175 3187 1535 3258 decerptum,
1555 3185 1694 3241 hinc
1716 3187 1884 3242 colli-

1980 621 2068 669 est
2097 616 2356 670 Rebecca
2387 615 2759 687 peregrinum
2786 614 3106 670 Abrahami
3137 617 3427 671 famulum
3472 619 3630 674 exci-

1981 703 2168 774 piens,
2221 703 2428 759 Genes.
2487 721 2638 770 xxxv,
2696 704 2765 757 20
2817 720 2829 758 :
2890 702 2987 756 Καὶ
3035 703 3129 766 τὰς
3183 701 3472 776 καμήλους
3533 725 3630 760 σου

1979 795 2154 844 ποτιῶ
2189 834 2203 859 ,
2257 792 2346 845 καὶ
2423 788 2775 867 ὑδρεόσομαι.
2835 790 2931 844 Καὶ
2992 788 3220 865 ἔδραμεν
3291 791 3368 847 ἔτι
3424 792 3511 848 ἐπὶ
3569 795 3632 850 τὸ

1980 879 2168 956 φρέαρ,
2220 879 2480 946 ἀντλῆσαι
2527 877 2694 954 ὕδωρο
2728 884 2792 937 Ει
2822 882 3052 938 camelis
3101 885 3206 938 tuis
3235 889 3424 954 potum
3465 885 3638 954 dabo,

1978 980 2026 1025 et
2058 972 2318 1026 hauriam
2375 989 2596 1043 aquam.
2628 973 2692 1026 Et
2738 974 2986 1027 cucurrit
3037 973 3238 1027 iterum
3281 973 3351 1028 ad
3379 985 3634 1043 puteum,

1978 1065 2036 1114 ut
2067 1077 2270 1131 aquam
2300 1061 2577 1117 hauriret.

2049 1158 2168 1213 Col.
2220 1159 2324 1212 283
2377 1160 2414 1213 C
2456 1160 2510 1213 6.
2558 1157 2666 1215 Sed
2714 1163 2765 1214 et
2809 1159 2867 1213 in
2917 1159 3187 1214 Ecclesia.
3242 1160 3530 1217 Inciderat
3575 1162 3633 1216 in

1978 1247 2234 1302 codicem
2269 1247 2546 1302 mutilum
2599 1248 2658 1302 F.
2693 1247 3007 1319 interpres,
3057 1247 3276 1304 idcirco
3307 1253 3364 1304 et
3392 1255 3632 1304 trunca-

1976 1339 2097 1390 tam
2132 1335 2279 1390 hanc
2313 1336 2617 1406 periodum
2649 1336 2957 1407 expressit,
2989 1358 3016 1387 ‹‹
3049 1337 3263 1392 Verum
3292 1337 3350 1392 in
3374 1339 3634 1394 Ecclesia

1976 1424 2298 1495 primatum
2352 1425 2620 1479 obtinent
2665 1425 2939 1495 apostoli,
2993 1428 3322 1482 secundum
3364 1427 3630 1482 ordinem

1976 1513 2296 1584 propheta.
2333 1535 2361 1563 ››
2395 1513 2593 1569 Innuit
2630 1513 2822 1568 locum
2853 1515 3140 1584 Apostoli,
3178 1516 3196 1568 Ι
3232 1515 3496 1572 Corinth.
3528 1533 3634 1583 xu,

1973 1601 2026 1678 8.
2073 1601 2269 1657 Greece
2316 1602 2472 1656 enim
2523 1608 2647 1657 erat
2697 1603 2755 1655 in
2807 1619 2919 1657 ms.
2983 1603 3044 1658 F.
3097 1599 3274 1657 Ἀλλὰ
3325 1602 3417 1657 καὶ
3469 1602 3522 1658 ἰν
3562 1608 3630 1676 τῇ

1977 1688 2278 1771 ,Εκκλησίᾳ
2325 1693 2539 1764 πρῶτον
2588 1689 2963 1756 ἀποστόλους,
3025 1687 3274 1765 δεύτερον
3329 1693 3634 1768 προφάτας.

1992 1778 2097 1831 Εάν
2131 1776 2221 1832 οὖν
2248 1799 2403 1833 ποτε.
2451 1782 2589 1846 Qum
2636 1796 2768 1836 vero
2818 1780 3016 1836 addita
3066 1787 3206 1836 sunt
3238 1798 3307 1836 ex
3349 1782 3636 1854 Anglicis,

1992 1868 2206 1939 Regius
2240 1869 2284 1923 H
2316 1875 2374 1924 et
2403 1869 2443 1923 Ι.
2479 1870 2849 1925 confirmant.

2065 1965 2187 2020 Col.
2220 1966 2326 2020 289
2355 1971 2399 2020 Β
2427 1967 2480 2020 9.
2517 1967 2949 2037 Quinquaginta.
2982 1966 3043 2021 In
3079 1968 3310 2022 duobus
3357 1968 3552 2041 Regiis
3583 1973 3642 2025 et

1997 2055 2040 2119 Ι,
2099 2061 2330 2109 tantum
2388 2062 2512 2110 erat
2568 2052 2886 2122 ἐννακόσια,
2949 2057 3049 2109 sed
3108 2057 3414 2128 Anglican.
3477 2059 3643 2113 addit

1993 2142 2171 2212 πέντε,
2204 2143 2411 2199 vitiose
2442 2143 2650 2215 opinor
2680 2160 2782 2215 pro
2835 2144 3194 2212 πεντήκοντα·
3250 2145 3336 2200 sic
3365 2144 3522 2200 enim
3555 2151 3643 2201 est

1996 2232 2200 2287 Genes.
2248 2249 2325 2298 Ix,
2368 2233 2484 2286 29:
2520 2230 2616 2284 Καὶ
2662 2229 2905 2306 ἐγένοντο
2949 2236 3113 2285 πᾶσαι
3162 2232 3216 2284 αἱ
3257 2230 3459 2306 ἡμέραι
3513 2237 3639 2288 Νῶε

1995 2317 2276 2372 ἐννακόσια
2325 2322 2659 2389 πεντήκοντα
2704 2319 2822 2390 ἔτη,
2874 2319 2962 2374 καὶ
3011 2320 3289 2374 ἀπέθανενο
3329 2344 3356 2371 ‹‹
3400 2323 3467 2376 Et
3498 2323 3634 2377 facti

1995 2414 2134 2463 sunt
2162 2425 2364 2464 omnes
2389 2409 2514 2466 dies
2545 2411 2684 2480 Noe,
2714 2411 2987 2478 nongenti
3013 2411 3444 2482 quinquaginta
3475 2410 3635 2479 anni,

1993 2503 2053 2552 et
2083 2503 2350 2554 mortuus
2377 2503 2485 2554 est.
2527 2521 2546 2548 ι
2586 2503 2699 2553 Nec
2732 2500 3058 2569 refragatur
3100 2499 3303 2554 Latina
3332 2498 3592 2570 Vulgata
3625 2518 3640 2567 ;

1994 2586 2096 2640 sed
2127 2592 2185 2641 et
2214 2589 2366 2658 quod
2392 2588 2536 2642 dixit
2564 2588 2636 2643 de
2667 2587 3021 2656 Mathusala,
3055 2588 3323 2642 tribuens
3357 2587 3440 2641 illi
3493 2605 3644 2642 non—

1994 2680 2200 2746 gentos
2231 2676 2605 2748 septuaginta
2629 2693 2698 2730 an
2711 2675 3112 2745 nos,nonnihil
3137 2675 3435 2732 diversum
3461 2680 3548 2731 est
3569 2677 3642 2732 ab

1993 2779 2059 2819 eo
2092 2766 2247 2836 quod
2293 2765 2513 2820 habent
2553 2765 2706 2831 LXX,
2745 2765 2951 2820 Genes.
2994 2781 3049 2830 ν,
3082 2765 3151 2818 27
3195 2781 3208 2818 :
3253 2762 3356 2818 Καὶ
3390 2763 3641 2838 ὲγὲνοντο

1993 2856 2160 2905 πᾶσαι
2235 2852 2289 2905 αἱ
2365 2851 2565 2927 ἡμέραι
2634 2849 2984 2920 Μαθουσάλα,
3062 2848 3124 2913 ἃς
3201 2855 3384 2921 εζησεν
3418 2893 3432 2918 ,
3493 2849 3640 2906 ἰννέα

1991 2939 2082 2992 καὶ
2141 2937 2398 3008 ἰξήκοντα
2473 2937 2562 2993 καὶ
2643 2937 2951 2993 ἇννεακόσια
3021 2936 3137 3008 ἔτη,
3193 2938 3282 2992 καὶ
3337 2938 3637 2993 ἀπέθανεν·

1993 3031 2058 3084 Et
2083 3031 2217 3100 [acti
2237 3033 2362 3084 sunt
2392 3044 2578 3084 omnes
2625 3030 2746 3085 dies
2775 3030 3102 3098 Mathusala,
3131 3045 3262 3100 quos
3304 3031 3466 3100 vixit,
3498 3045 3636 3087 non-

1992 3121 2142 3188 genti
2168 3121 2464 3188 sexaginta
2491 3135 2684 3174 novem
2716 3121 3186 3174 anni.Postremo
3209 3135 3341 3173 cum
3367 3118 3641 3188 ambigua

1995 3213 2151 3264 esset
2181 3208 2566 3279 manuscripti
2601 3208 2911 3278 scriptura,
2945 3205 3149 3260 ἐκείνου
3181 3207 3321 3279 legit
3351 3207 3640 3279 interpres

238 3283 438 3355 Simus
461 3295 893 3370 pqnnunqum}
912 3277 1115 3370 _‘_'9_°ar_i
1139 3292 1510 3370 99mm_“9_em
1542 3275 1883 3370 editio???»
1914 3269 1957 3336 Ο
1997 3314 2101 3370 pro
2133 3294 2368 3367 txeivwv,
2402 3302 2708 3370 propterea
2755 3297 2944 3366 vertit,
2978 3320 3005 3346 ‹‹
3040 3313 3155 3368 quo
3201 3314 3315 3352 uno
3364 3297 3640 3369 deinceps

239 3385 417 3442 quam
450 3366 729 3439 Origenes
759 3382 830 3422 ex
869 3365 1006 3420 LXX
1048 3368 1105 3420 et
1146 3364 1537 3420 Theodotione
1589 3363 1881 3432 conﬂavit,

241 3465 302 3514 ut
324 3458 437 3512 hoc
457 3456 582 3512 loco
607 3474 639 3512 a
661 3454 907 3510 Basilio:
935 3469 1357 3524 nonnunquam
1380 3451 1554 3508 etiam
1579 3468 1732 3520 eam,
1755 3469 1882 3524 quae

236 3565 307 3604 ex
330 3546 602 3602 omnium
628 3545 1012 3616 interpretum
1036 3541 1400 3598 versionibus
1423 3541 1668 3597 diversis
1688 3541 1886 3609 mista,

241 3641 303 3691 ut
323 3636 480 3690 idem
505 3634 893 3704 Hieronymus
916 3631 1209 3687 indicavit.
1244 3631 1400 3685 Idem
1433 3630 1609 3685 etiam
1633 3631 1690 3684 in
1718 3631 1884 3686 Com-

238 3722 533 3779 mentario
571 3722 627 3776 in
664 3721 821 3776 hunc
853 3720 1013 3776 Isaia:
1060 3719 1254 3775 locum
1289 3722 1534 3774 testatur
1558 3719 1664 3773 hoc
1697 3736 1883 3774 mem-

238 3816 344 3870 bru
359 3830 411 3867 m
440 3830 474 3868 a
499 3812 647 3867 LXX
659 3809 1207 3884 pratermissumjn
1225 3809 1439 3864 Graecis
1458 3808 1884 3880 exemplaribus

234 3904 306 3958 ab
331 3903 584 3973 Origene
596 3901 705 3957 sub
720 3898 1015 3955 asteriscis
1029 3900 1098 3953 de
1112 3899 1364 3954 editione
1375 3898 1596 3970 Aquilae
1614 3897 1880 3953 additum

231 4009 388 4049 esse.
415 3992 710 4046 Postremo
733 3990 1058 4044 notandum
1093 3989 1151 4043 in
1185 3988 1415 4043 duobus
1449 3987 1641 4056 Regiis
1672 4003 1800 4042 esse
1831 3985 1881 4040 tv

227 4080 336 4135 τίνι
373 4078 676 4153 ἒλογίσθη;
741 4096 855 4134 non
905 4075 958 4132 iv
1013 4097 1143 4146 τινι,
1202 4080 1259 4132 in
1315 4093 1418 4149 quo
1457 4080 1738 4148 reputatus
1766 4081 1888 4132 est?

227 4190 370 4229 cum
423 4171 910 4244 interrogatione,
957 4171 1107 4242 quod
1152 4169 1328 4225 etiam
1361 4169 1512 4240 apud
1543 4167 1884 4239 Chrysosto-

227 4277 400 4317 mum
435 4260 845 4332 corrigendum
880 4259 940 4314 in
971 4259 1406 4315 Commentario
1440 4258 1499 4314 in
1531 4258 1769 4315 Isaiam.

302 4384 427 4441 Col.
455 4385 634 4440 279A
669 4385 750 4438 14.
805 4387 1014 4440 Fuisset
1070 4385 1371 4454 cruciﬁxus
1427 4388 1559 4440 Haec
1618 4383 1890 4440 immuta-

223 4478 455 4542 vimus,
488 4481 551 4530 ut
581 4480 978 4546 agnoscantur
1009 4476 1184 4529 verba
1230 4473 1510 4545 Apostoli,
1548 4476 1594 4528 II
1625 4474 1884 4529 Corinth.

225 4581 362 4628 xm,
397 4565 429 4617 4
456 4580 468 4616 :
498 4587 526 4613 ιι
559 4563 706 4618 Nam
737 4569 796 4618 et
825 4565 1142 4618 cruciﬁxus
1175 4567 1264 4618 est
1294 4579 1363 4618 ex
1392 4563 1755 4631 inﬁrmitate,
1785 4563 1886 4618 sed

1995 3403 2165 3442 nemo
2195 3388 2394 3442 senior
2423 3387 2581 3441 vixit.
2620 3407 2643 3438 α

2065 3484 2185 3540 Col.
2215 3485 2322 3538 290
2376 3485 2503 3539 B1.
2557 3486 2657 3553 Qui
2715 3486 2850 3540 loco.
2909 3484 3124 3539 Eadem
3183 3483 3527 3556 legebantur
3575 3486 3634 3538 in

1998 3574 2078 3630 F.:
2133 3576 2396 3629 ediderat
2451 3579 2646 3629 tamen
2707 3575 3017 3646 interpres,
3067 3596 3094 3623 «
3147 3573 3250 3644 qui
3310 3590 3414 3645 pro
3470 3577 3637 3629 eruto

1995 3662 2160 3716 oculo
2191 3662 2542 3731 consulit,ut
2562 3661 2811 3718 alterum
2836 3663 3041 3719 oti‘erat
3073 3667 3188 3717 »τιςιί
3214 3662 3322 3717 hoc
3343 3679 3638 3732 nusquam

1993 3749 2244 3822 legimus
2287 3750 2344 3805 in
2397 3752 2872 3821 Evangeliozsed
2924 3758 3154 3806 tantum
3204 3751 3412 3805 Matth.
3461 3767 3517 3816 ν,
3549 3752 3638 3817 39,

1994 3839 2238 3911 opponit
2267 3839 2553 3902 Christus,
2589 3839 2708 3893 Non
2756 3841 3014 3894 resistere
3060 3840 3224 3899 malo,
3271 3839 3374 3892 sed
3419 3839 3470 3891 si
3517 3840 3640 3908 quis

1992 3928 2323 4000 percusserit
2352 3931 2410 3982 in
2439 3928 2720 3983 dexteram
2751 3928 3052 3982 maxillam
3079 3928 3442 3996 tuam,przbe
3475 3927 3562 3981 illi
3590 3929 3642 3980 et

1994 4020 2232 4074 atteram
2265 4034 2277 4072 :
2313 4016 2397 4070 illi
2427 4017 2572 4087 legis
2619 4015 2828 4071 veteris
2881 4019 3166 4086 praecepto
3198 4014 3437 4069 Levitici
3481 4031 3634 4082 xxxv,

1993 4110 2064 4162 20
2144 4125 2157 4164 :
2237 4102 2552 4182 Ὀφθαλμὸν
2608 4103 2722 4158 ἀντὶ
2805 4101 3093 4181 ὀφθαλμοῦ
3153 4145 3166 4170 ,
3242 4099 3436 4156 ὀδόντα
3523 4102 3634 4156 ἀντὶ

1997 4194 2245 4258 ὀδόντοςο
2326 4196 2513 4250 καθότι
2581 4192 2640 4248 ἂν
2721 4191 2799 4266 δῷ
2857 4198 3050 4266 μῶμον
3119 4192 3438 4267 ἀνθρώπῳ,
3496 4191 3638 4246 οὕτω

1998 4283 2285 4356 δοθήσεται
2353 4284 2518 4357 αὐτῷ’
2581 4286 2814 4342 Oculum
2860 4302 2960 4357 pro
3026 4285 3205 4349 oculo,
3266 4283 3481 4338 dentem
3533 4299 3643 4353 pro

1996 4377 2158 4432 dente
2183 4395 2196 4444 ;
2218 4378 2358 4432 sicut
2387 4376 2603 4431 dederit
2632 4375 2907 4429 maculam
2939 4374 3170 4438 homini,
3201 4373 3278 4428 sic
3301 4373 3524 4428 dabitur
3554 4374 3639 4439 ei;

1999 4473 2056 4521 et
2086 4465 2518 4521 Deuteronomii
2549 4481 2664 4531 χιχ,
2694 4466 2784 4518 21.
2819 4465 2982 4534 Apud
3027 4461 3398 4533 Procopium,
3435 4479 3488 4534 p.
3525 4463 3590 4516 6/1
3625 4481 3639 4520 :

2001 4578 2028 4604 ‹‹
2063 4556 2170 4620 Qui
2203 4572 2317 4610 non
2342 4555 2468 4624 jam
2493 4553 2729 4608 oculum
2752 4570 2852 4624 pro
2872 4552 3039 4607 oculo
3061 4551 3438 4620 etioderc,sed
3463 4568 3640 4605 unam

222 4655 379 4710 vivit
436 4670 506 4708 ex
561 4653 771 4708 virtute
830 4653 950 4707 Dei.
1011 4675 1039 4703 »
1070 4654 1214 4708 Item
1249 4653 1417 4719 illud,
1448 4649 1884 4706 ἐναποθανεῖσθαι
1917 4641 1964 4704 D
1996 4644 2292 4701 maxillam
2325 4643 2551 4698 ferienti
2599 4642 2842 4696 alteram
2877 4642 3054 4696 etiam
3100 4642 3394 4712 porrigere
3426 4657 3640 4695 consu-

219 4739 356 4814 γάρ,
392 4742 547 4812 quod
579 4746 833 4795 verterat
861 4740 1158 4794 Tilman.«
1191 4740 1446 4795 Peccatis
1478 4741 1634 4794 enim
1668 4739 1886 4795 nostris

225 4835 512 4884 mortuus
541 4834 652 4899 est,
685 4833 830 4883 teste
852 4829 1170 4898 Scriptura,
1205 4851 1234 4877 »
1268 4845 1382 4883 non
1413 4828 1887 4884 animadvertens

216 4935 367 4974 esse
398 4918 576 4973 verba
626 4916 838 4972 Christi
893 4916 1139 4972 Joannis
1192 4935 1268 4983 x1,
1299 4919 1389 4972 25.
1448 4917 1711 4988 Denique
1765 4923 1885 4972 tam

219 5008 422 5064 multa
451 5014 620 5064 erant
666 5008 1054 5076 emendanda,
1103 5013 1166 5062 ut
1218 5009 1359 5062 dum
1411 5017 1678 5064 currente
1715 5008 1888 5079 praalo

212 5099 780 5170 interpretationem
833 5097 984 5152 hanc
1024 5114 1399 5153 recensemus
1453 5097 1888 5168 quamplurima

217 5205 339 5242 nos
394 5186 726 5258 etingerint,
765 5187 1098 5256 cujusmodi
1146 5194 1234 5242 est
1266 5187 1409 5241 illud
1442 5187 1594 5257 quod
1633 5186 1890 5257 proxime

210 5277 534 5347 sequitur,
563 5271 652 5327 διὰ
682 5271 988 5351 φιλοξενίαν
1014 5273 1415 5347 ἀντλοῦσαηπο
1442 5293 1556 5346 quo
1581 5280 1890 5330 annotarat

209 5369 527 5437 interpres
560 5365 896 5436 legendum,
928 5364 1160 5426 ἀνθοῦσα
1201 5366 1650 5436 scripseratque,
1686 5387 1711 5414 «
1761 5371 1889 5420 stu-

204 5455 324 5508 «lin
368 5454 788 5526 hospitalitatis
840 5455 986 5508 mire
1038 5454 1312 5510 efﬂoruit.
1374 5478 1403 5504 »
1461 5458 1649 5525 Atque
1679 5452 1887 5508 ἀντλεῖν

204 5545 478 5616 quidem
511 5544 742 5615 vulgata
773 5543 978 5599 Lexica
1009 5551 1308 5616 exponunt
1347 5544 1662 5614 aliquando
1712 5566 1739 5594 «
1793 5561 1890 5598 ex-

202 5635 344 5690 hau
359 5633 810 5699 rirelaborem,»
829 5631 916 5688 vel
949 5656 976 5682 «
1011 5634 1346 5700 exantlare;
1380 5655 1407 5683 ››
1442 5634 1542 5688 sed
1578 5633 1702 5688 loco
1729 5649 1893 5689 accu-

199 5724 424 5779 ratius
455 5739 707 5793 expeuso
740 5723 1170 5778 emendandum
1206 5739 1538 5792 censemus,
1569 5744 1595 5771 κ
1630 5722 1888 5793 hospita-

1995 4733 2077 4789 lat
2098 4735 2124 4787 Ἰ
2158 4754 2182 4784 υ
2217 4731 2396 4788 Paulo
2429 4741 2556 4803 post
2590 4729 3009 4804 μετεωρίζεσθαι
3055 4730 3153 4796 τὴν
3203 4726 3440 4782 διάνοιαν
3475 4728 3643 4793 dixit,

1997 4829 2063 4878 ut
2086 4829 2285 4878 auctor
2311 4821 2444 4876 libri
2477 4837 2517 4875 ιι
2549 4821 3008 4877 Machabaaorum
3042 4835 3096 4885 ν,
3134 4820 3219 4884 17,
3252 4818 3323 4872 de
3363 4817 3643 4873 Antiocho

1997 4926 2151 4981 rege-
2197 4907 2294 4960 Καὶ
2346 4905 2734 4980 ἰμετεωρίζετο
2762 4906 2861 4973 τὴν
2896 4903 3133 4959 διάνοιαν
3168 4905 3196 4960 ὁ
3233 4903 3538 4978 Ἀντίοχος*
3570 4908 3647 4960 Et

1997 5000 2240 5054 elevatus
2268 5010 2344 5052 est
2375 4999 2550 5051 mente
2578 4995 2898 5052 Antiochus.

2076 5101 2222 5154 Ibid.
2270 5100 2359 5152 13.
2419 5103 2625 5152 Verum
2683 5099 2745 5151 in
2803 5099 2990 5151 animi
3042 5113 3262 5168 propos.
3325 5097 3648 5149 Annotarat

1999 5190 2288 5258 interpres
2323 5187 2587 5240 mulilani
2612 5202 2741 5240 esse
2771 5186 2923 5240 hanc
2956 5185 3326 5256 particulam,
3359 5199 3534 5253 quam
3564 5183 3647 5236 ita

1999 5275 2259 5332 vertebat
2291 5293 2303 5330 :
2341 5297 2368 5324 «
2400 5275 2461 5328 In
2494 5275 2799 5328 sumendis
2823 5275 3035 5330 eduliis
3055 5291 3126 5328 ne
3158 5277 3233 5328 sit
3265 5274 3648 5342 spurcus,aut

2003 5365 2321 5433 foedus,sed
2355 5363 2512 5418 cordi
2539 5379 2742 5427 suo,ac
2775 5364 2987 5416 mentis
3023 5360 3404 5416 destinationi
3438 5358 3645 5429 impri-

2003 5462 2144 5521 mat,
2197 5454 2336 5525 quia
2382 5453 2738 5517 Dominus,»
2771 5457 2880 5505 etc.
2928 5453 3050 5506 lmo
3105 5449 3482 5522 pollutionem
3532 5465 3646 5503 non

2003 5561 2132 5600 esse
2162 5543 2285 5599 vult
2316 5543 2373 5598 in
2406 5541 2574 5612 cibis,
2608 5545 2674 5595 ut
2710 5541 3183 5595 Constitutionum
3211 5539 3649 5594 monasticarum

2004 5651 2129 5705 cap.
2197 5635 2232 5686 6
2262 5633 2344 5686 ait
2375 5647 2480 5685 nos
2512 5647 2542 5684 a
2572 5630 2717 5685 cibis
2740 5629 3053 5691 abstinere,
3082 5645 3193 5684 non
3221 5633 3287 5682 ut
3315 5627 3648 5681 Judteorum

2007 5725 2177 5796 ritus,
2212 5737 2546 5792 sequamur,
2607 5716 2667 5770 οὐ
2725 5718 2828 5792 γὰρ
2875 5721 2981 5770 τῶν
3035 5715 3296 5771 τοιούτων
3331 5713 3650 5788 ἀπιχόμεθα
