4124 6240
458 338 610 400 1091

1638 331 1877 397 NOTIE
1916 330 2364 394 FRONTONIS
2407 330 2668 394 DUGEI

3714 328 3868 390 1092

456 465 863 537 Ἰουδαΐζοντες,
908 462 1058 521 ἀλλὰ
1102 471 1201 534 τῆς
1245 469 1453 542 τρυφῆς
1483 474 1581 533 τήν
1624 460 1953 536 πλησμονὴν
1978 461 2096 540 φεύ-

2218 463 2506 536 designet.
2536 467 2714 518 Porro
2745 462 2901 535 apud
2934 460 3278 534 Procopium
3326 460 3537 517 lacuna
3566 464 3679 527 est,
3738 478 3863 533 quis

454 577 663 634 γοντες,
698 579 726 608 ‹‹
758 556 859 612 sed
892 560 959 611 ut
985 554 1327 611 deliciarum
1349 553 1718 611 saturitatem
1745 552 2096 625 fugiamus;-

456 654 513 705 et
561 646 923 714 Augustinus
981 646 1085 701 lib.
1141 646 1211 699 3O
1266 648 1470 701 Contra
1512 646 1776 700 Faustum
1832 659 1961 714 cap.
2016 643 2098 697 5:

456 762 484 790 ‹‹
544 735 860 794 Christiani
913 733 1241 790 adornandi
1295 733 1556 806 corporis
1613 748 1813 802 causa,
1867 734 2105 804 propter

455 826 714 882 animam
747 824 818 880 ab
863 822 1302 879 irrationalibus
1355 823 1611 879 motibus
1648 820 2098 887 humiliaudam,

456 933 569 971 non
602 914 756 986 quod
788 912 892 968 illa
921 929 1050 968 esse
1080 912 1387 967 immunda
1412 913 1671 981 credant,
1705 927 1819 965 non
1846 909 2035 966 solum
2068 926 2101 965 a

455 1003 750 1063 carnibus,
781 1018 982 1057 verum
1011 1019 1043 1056 a
1074 1002 1432 1073 quibusdam
1466 1001 1642 1056 etiam
1695 1004 1861 1055 terrae
1893 997 2100 1054 fructi-

455 1095 564 1148 bus
595 1091 946 1147 abstinent.»
973 1090 1151 1146 Paulo
1170 1091 1323 1145 infra
1342 1091 1558 1145 citetur
1579 1088 1741 1145 locus
1760 1087 2099 1143 Proverbio-

455 1197 585 1237 rum
611 1198 738 1245 xxv,
763 1180 855 1245 12,
876 1180 1072 1235 verbis
1095 1178 1363 1233 nonnihil
1395 1179 1675 1246 diversis;
1709 1178 1790 1232 ita
1820 1176 1974 1231 enim
2011 1180 2101 1231 est

456 1270 609 1341 apud
664 1270 794 1324 LXX
844 1284 857 1324 :
909 1266 1003 1328 Εἰς
1061 1266 1280 1321 ἐνώτιον
1337 1269 1575 1340 χρυσοῦν
1648 1261 1866 1339 σάρδιον
1921 1259 2097 1317 πολυ-

452 1357 604 1419 τελὶς
632 1354 859 1412 δέδεται·
906 1355 1071 1431 Λόγος
1120 1355 1283 1434 σοφὸς
1327 1354 1402 1416 εἷς
1449 1354 1675 1424 εὐήκοον
1716 1353 1826 1415 οὖς·
1877 1355 1938 1410 In
1987 1370 2097 1409 au-

450 1465 601 1504 ream
628 1450 883 1504 inaurem
910 1447 1159 1502 sardium
1189 1448 1489 1517 pretiosum
1519 1446 1756 1513 ligatum
1785 1451 1897 1499 est:
1926 1457 2098 1498 sermo

447 1539 667 1606 sapiens
696 1538 752 1590 in
786 1551 978 1591 aurem
1008 1535 1368 1590 obedientem.
1401 1534 1563 1605 Apud
1601 1532 1940 1604 Procopium
1994 1547 2099 1602 pro

449 1648 477 1675 «
510 1626 753 1679 verbum
803 1623 1146 1695 pretiosum,
1180 1642 1207 1673 ››
1242 1621 1514 1694 legimus,
1551 1642 1575 1673 α
1609 1621 1851 1676 verbum
1900 1636 2100 1692 opero-

448 1727 602 1783 sum,
637 1734 665 1760 »
687 1711 825 1765 vitio
858 1712 1106 1766 fortasse
1136 1708 1504 1781 typographi.

520 1815 638 1873 Col.
668 1817 773 1871 294
803 1816 845 1870 Β
873 1816 926 1871 8.
968 1816 1087 1871 Vidi
1133 1818 1284 1871 enim
1312 1823 1382 1870 te.
1428 1814 1874 1905 Emendandnm
1908 1817 2000 1905 est
2028 1830 2096 1868 ex
2128 1839 2175 1905 B

448 1906 630 1962 altero
663 1905 836 1976 Regio
868 1906 912 1959 H
944 1910 1002 1960 et
1051 1904 1093 1960 Ι.
1138 1905 1291 1975 quod
1326 1920 1628 1975 perperam
1664 1919 1731 1957 ex
1776 1903 1835 1957 F.
1871 1901 2092 1958 editum

448 1999 555 2062 est,
591 1996 747 2049 unde
779 1993 981 2049 Latine
1000 1992 1121 2047 haec
1142 1990 1807 2061 eduxeratTilmannus,
1830 2012 1858 2041 «
1878 1990 2096 2046 Videns

449 2084 606 2139 enim
654 2082 772 2137 vidi
823 2098 1052 2137 morum
1104 2081 1441 2149 gravitatem
1490 2080 1548 2136 in
1598 2097 1811 2136 arcana
1860 2079 2096 2147 canitie,

449 2189 578 2245 qna
607 2175 666 2228 et
690 2170 863 2227 senili
895 2187 1071 2226 sensu
1117 2170 1363 2241 praedita
1411 2173 1501 2225 est
1531 2185 1545 2225 :
1580 2190 1608 2220 »
1642 2174 1701 2225 at
1749 2186 1885 2227 vera
1925 2168 2095 2224 lectio

449 2260 629 2332 exigit
664 2305 679 2329 ,
742 2263 822 2331 τῷ
878 2258 983 2333 γὰρ
1068 2259 1376 2335 φρονήματι
1448 2257 1663 2332 ἑώρακα
1738 2251 2092 2325 πρεσϐυτικὸν

449 2348 784 2424 τυγχάνοντα
840 2346 868 2401 ὀ
940 2345 1157 2421 βλέπων
1224 2347 1323 2415 τήν
1386 2345 1692 2417 σεμνότητα
1748 2352 1848 2415 τῆς
1907 2346 1961 2399 ὲν
2017 2349 2096 2415 τῷ

447 2441 671 2511 κρυπτῷ
726 2436 948 2496 πολιᾶς.
1015 2437 1328 2507 Procopius
1383 2436 1527 2491 dixit
1574 2453 1630 2509 p.
1661 2437 1778 2491 66:
1826 2433 1975 2489 Ἐπεὶ
2006 2433 2097 2488 καὶ

446 2527 583 2599 πρὸς
636 2524 901 2601 Ἱερεμίαν
961 2523 1103 2579 οὕτω
1155 2522 1453 2598 διελέγετο,
1506 2524 1582 2595 μή
1638 2524 1783 2599 Λιγε,
1837 2520 1919 2577 ὅτι
1963 2520 2098 2577 νεώ-

444 2614 600 2688 τερός
645 2613 781 2686 εἶμι,
829 2609 1038 2674 δεικνὺς
1086 2612 1162 2685 μὴ
1214 2611 1371 2666 οὖσαν
1422 2612 1473 2666 ἐν
1533 2611 1681 2684 αὐτῷ
1724 2606 1952 2681 νεότητα
2009 2608 2097 2665 διὰ

448 2706 545 2772 τὴν
579 2708 679 2772 τῆς
710 2700 955 2764 διανοίας
982 2698 1281 2756 τελείωσιν.
1318 2704 1402 2757 Ita
1432 2702 1718 2773 explenda
1764 2706 1853 2758 est
1880 2702 1999 2756 illic
2030 2719 2099 2757 ex

452 2794 668 2850 Basilio
707 2792 935 2856 lacuna,
970 2797 1037 2847 ut
1083 2791 1334 2862 conjecit
1381 2790 1758 2846 doctissimus
1811 2792 2097 2862 interpres

455 2882 792 2938 Curterius:
829 2903 857 2931 «
878 2881 1179 2951 Siquidem
1207 2886 1263 2934 et
1283 2880 1566 2935 Dominus
1598 2880 1744 2952 ipse,
1779 2896 1910 2935 cum
1943 2881 2097 2936 Jere-

457 2972 634 3027 miam
689 2969 1041 3036 conveniret,
1094 2984 1166 3024 ne
1216 2985 1277 3025 se
1320 2968 1622 3025 Juniorem
1672 2986 1801 3025 esse
1858 2968 2094 3032 diceret,

456 3058 781 3132 prohibuit,
815 3062 879 3113 ut
916 3058 1196 3129 juvenem
1243 3075 1358 3113 non
1390 3074 1519 3114 esse
1552 3058 1651 3129 qui
1697 3058 1913 3113 mentis
1941 3061 2099 3112 esset

452 3148 624 3204 senili
683 3146 1038 3218 perfectione
1092 3146 1391 3217 praeditus,
1444 3146 1799 3202 ostenderet.
1864 3167 1893 3195 »
1946 3145 2099 3199 Dixit

2210 567 2278 608 ex
2330 552 2439 609 hoc
2497 551 2695 609 Basilii
2726 556 2922 608 Graaco
2965 554 3124 607 textu
3157 549 3378 623 expleri
3412 554 3625 625 potest,
3678 549 3731 606 si
3785 550 3864 607 ita

2208 641 2479 714 legamus
2518 659 2576 714 p.
2635 641 2740 698 67:
2794 643 3050 712 Γαμικῶν
3107 635 3443 712 ἐνδυμάτων,
3501 638 3593 693 καὶ
3650 638 3861 711 κόσμου

2207 734 2304 784 τοῦ
2360 727 2661 804 πρέποντος
2722 726 3098 803 ἰστερημὲνον,
3160 728 3518 803 πτωχεύοντα
3547 728 3860 804 βρωμάτων

2208 822 2605 892 πνευματικῶν·
2642 841 2671 870 ‹‹
2720 819 2830 884 Qui
2889 817 3258 892 nuptialibus
3315 818 3576 875 vestibus
3641 825 3860 888 careat,

2210 910 2311 981 qui
2368 908 2595 965 decenti
2653 909 2733 965 sit
2785 908 2949 964 cultu
2983 908 3327 976 destitutus,
3367 912 3424 963 et
3453 906 3860 979 spiritualium

2209 999 2473 1054 ciborum
2506 996 2753 1071 penuria
2781 996 3026 1067 laboret,
3058 1000 3115 1053 et
3158 1012 3361 1052 verum
3421 1011 3653 1069 panem,
3690 1017 3720 1045 »
3752 1002 3858 1051 etc.

2281 1086 2426 1143 Ibid.
2474 1088 2515 1142 Ο
2576 1090 2627 1143 ἦ.
2686 1079 2958 1154 Τουτὲστι,
3015 1083 3079 1139 τὸ
3137 1082 3502 1160 σιτομέτριον.
3558 1085 3692 1140 Haec
3762 1085 3860 1139 ab-

2207 1181 2373 1232 erant
2403 1194 2435 1231 a
2467 1193 2576 1232 ms.
2612 1177 2671 1231 F.
2698 1194 2712 1245 ;
2746 1192 2861 1230 non
2893 1176 3035 1231 item
3066 1175 3138 1231 ab
3168 1174 3235 1230 Η.
3269 1179 3325 1230 et
3358 1175 3397 1230 Ι.
3431 1173 3654 1229 Idcirco
3688 1174 3864 1229 inter-

2208 1266 2390 1338 pretis
2419 1264 2611 1321 verbis
2643 1264 2990 1337 adjecimus,
3035 1284 3065 1315 «
3120 1263 3227 1319 hoc
3284 1267 3395 1335 est,
3454 1262 3635 1318 tritici
3696 1279 3855 1317 men-

2207 1371 2368 1411 ευω.
2399 1376 2428 1405 δ)

2279 1443 2396 1498 Col.
2455 1443 2561 1498 299
2607 1444 2647 1499 Β
2697 1444 2752 1497 5.
2812 1441 2929 1498 Non
2983 1442 3385 1498 contradicunt.
3446 1440 3577 1496 Iliso
3636 1440 3858 1495 omissa

2207 1533 2440 1588 fuerant
2470 1533 2541 1587 ab
2570 1532 2908 1603 interprete,
2942 1548 3069 1600 quis
3100 1536 3218 1585 tres
3275 1536 3470 1586 tamen
3536 1547 3683 1586 mss.
3745 1546 3858 1584 uno

2207 1638 2499 1677 consensu
2560 1620 2853 1675 exhibent.
2901 1618 3008 1675 Ubi
3060 1620 3319 1675 notanda
3378 1620 3642 1691 probitas
3699 1618 3859 1673 illius

2206 1710 2426 1777 saeculi,
2486 1727 2602 1783 quo
2659 1709 3051 1782 sejungebant
3081 1725 3141 1763 se
3195 1709 3266 1763 ab
3301 1707 3460 1762 omni
3496 1708 3856 1780 dignitatum

2206 1798 2740 1855 ecclesiasticarum
2774 1798 3001 1852 ambitu
3032 1796 3143 1851 viri
3174 1797 3548 1868 sancti,quod
3581 1802 3639 1852 et
3662 1812 3856 1852 exem-

2206 1888 2301 1960 plo
2333 1904 2439 1942 suo
2470 1886 2837 1942 conﬁrmavit
2858 1886 2917 1942 S.
2941 1886 3198 1942 Joannes
3229 1885 3853 1958 Chrysostomus,cum

2205 1977 2345 2049 iuga
2376 1975 2688 2031 consulens
2720 1975 2855 2044 sibi,
2888 1973 3200 2030 occultavit
3228 1990 3312 2044 se,
3343 1991 3416 2029 ne
3444 1975 3515 2029 ad
3558 1974 3857 2046 epiecopa-

2203 2069 2330 2120 tum
2366 2068 2814 2136 promoveretur,
2848 2068 2905 2118 et
2934 2063 3152 2118 librum
3189 2062 3550 2119 defensionis
3604 2080 3726 2118 sum
3783 2063 3855 2117 ad

2207 2153 2491 2209 Basiliam
2521 2153 2745 2208 socium
2778 2157 2838 2209 et
2866 2152 3351 2208 contubernalem
3382 2168 3561 2208 suum
3596 2152 3855 2225 scripsit,

2205 2259 2320 2315 quo
2351 2242 2504 2297 inter
2533 2241 2649 2297 alia
2663 2241 3042 2297 difﬁcultates
3070 2241 3326 2314 exponit,
3351 2241 3570 2313 quibus
3601 2240 3857 2313 episcopi

2206 2346 2427 2385 munus
2457 2329 2765 2384 obsessum
2797 2334 2905 2395 est,
2940 2327 3106 2383 libris
3137 2345 3238 2384 sex
3273 2332 3358 2384 De
3413 2328 3744 2396 sacerdotio,
3797 2335 3861 2383 ut

2203 2417 2385 2474 tradit
2414 2421 2701 2483 Socrates,
2733 2416 2838 2472 lib.
2871 2434 2924 2472 vi
2985 2418 3222 2485 Histor.,
3280 2434 3409 2489 cap.
3468 2418 3522 2473 3.
3584 2418 3861 2473 Testatur

2204 2509 2378 2563 etiam
2397 2506 2550 2561 idem
2574 2505 2717 2560 illud
2748 2505 3011 2560 studium
3028 2504 3287 2578 fugiendi
3305 2506 3678 2579 episcopatus
3702 2507 3856 2579 apud

2203 2601 2428 2652 veteres
2458 2594 2705 2667 epistola
2734 2594 2835 2650 illa
2866 2593 3094 2650 concilii
3147 2594 3438 2651 Valentini
3490 2596 3561 2650 ad
3610 2598 3856 2667 Foroju-

2204 2685 2399 2753 liens.,
2434 2701 2549 2756 qua
2579 2684 2883 2740 declarant
2913 2684 3201 2757 quosdam
3222 2684 3462 2740 horrore
3493 2685 3855 2758 suscipiendi

2205 2773 2517 2832 sacerdotii
2547 2790 2677 2830 sese
2706 2771 2944 2845 aliquod
2998 2772 3367 2829 commisisse
3396 2772 3676 2829 delictum
3729 2791 3858 2829 esse

2206 2861 2704 2933 confessos,cujus
2734 2862 2927 2934 gratia
2955 2866 3194 2934 possent
3215 2861 3287 2918 ab
3318 2861 3419 2916 illo
3451 2861 3687 2934 depelli.
3723 2866 3855 2917 Am-

2205 2953 2440 3009 brosius
2497 2952 2674 3007 etiam
2714 2956 2778 3005 ut
2834 2949 3180 3024 dignitatem
3237 2950 3536 3023 ell'ugeret,
3597 2951 3854 3007 credulis

2206 3041 2388 3098 voluit
2415 3046 2470 3097 et
2495 3040 2828 3114 impudicus
2859 3040 3065 3096 videri.
3093 3039 3235 3096 Vide
3265 3040 3603 3109 Paulinum,
3638 3041 3696 3095 in
3729 3041 3858 3112 ejus

2212 3132 2359 3198 Vita,
2392 3134 2448 3185 et
2466 3129 2803 3200 Baronium,
2836 3146 2931 3184 an.
2962 3129 3086 3193 374,
3119 3130 3173 3183 6.

454 3206 732 3302 Basilius,
763 3232 960 3289 πολιὰν
1019 3232 1071 3288 ἐν
1095 3206 1205 3305 ’τῷ
1232 3206 1477 3308 κρυπτῷ,
1528 3240 1593 3290 ut
1637 3233 1955 3307 Apostolus
1992 3234 2096 3289 Ro-

2283 3238 2432 3293 Ibid.
2494 3238 2578 3292 13.
2632 3236 2703 3289 Τὸ
2755 3232 2904 3306 ἄξιος
2959 3235 3108 3292 εἶναι.
3160 3236 3526 3292 (Ξοῐλίτᾶι-ἰυω
3582 3235 3860 3293 eliciebat

454 3341 608 3380 man.
661 3341 723 3391 II,
772 3324 842 3377 29
876 3340 889 3378 :
925 3320 1082 3378 Ἀλλ’
1114 3322 1141 3375 ὀ
1190 3321 1241 3375 ἐν
1281 3325 1362 3393 τῷ
1415 3326 1638 3396 κρυπτῷ
1687 3319 1972 3388 Ἰουδαῖος,
2005 3320 2094 3375 καὶ

447 3413 719 3487 περιτομή
752 3407 981 3486 καρδίας
1010 3429 1020 3443 ’
1060 3433 1089 3462 ‹‹
1121 3412 1231 3467 Sed
1265 3413 1358 3481 qui
1395 3412 1451 3465 in
1484 3411 1827 3466 abscondito
1860 3415 2097 3465 Judaaus

448 3505 558 3565 est,
621 3506 678 3555 et
720 3500 1089 3555 circumcisio
1148 3500 1444 3567 cordis;»
1465 3502 1524 3553 et
1584 3498 1833 3555 Matthaei
1884 3516 1961 3567 v1,
2013 3500 2094 3555 4:

450 3589 511 3644 Ὀ
595 3589 782 3662 Πατήρ
837 3608 953 3657 σου,
1009 3586 1037 3639 ὁ
1110 3585 1326 3660 βλέπων
1374 3586 1425 3639 ἐν
1479 3589 1558 3658 τῷ
1619 3587 1863 3661 κρυπτῷ·
1923 3594 2098 3645 Pater

452 3688 579 3733 tuus
609 3678 710 3750 qui
738 3676 879 3733 videt
903 3678 963 3731 in
985 3676 1321 3732 abscondito.
1347 3677 1468 3732 Sub
1499 3677 1673 3733 ﬁnem
1699 3678 1922 3750 paginas
1947 3677 2097 3734 alter

452 3765 618 3822 locus
674 3770 764 3822 est
819 3783 853 3820 a
908 3766 1080 3821 nobis
1130 3767 1439 3822 restitutus
1490 3766 1642 3838 apud
1691 3765 2094 3840 interpretem,

447 3855 752 3927 expunctis
783 3854 923 3910 illis.
962 3878 983 3904 ι
1016 3861 1246 3911 suamet
1275 3856 1640 3922 auctoritate,
1675 3872 1776 3927 per
1805 3873 1936 3928 quas
1965 3858 2091 3912 sin-

445 3946 568 4017 guli
600 3944 711 4001 sibi
747 3950 997 4015 possunt
1025 3943 1310 4000 asciscere
1334 3945 1587 4000 suismet
1617 3945 1807 4014 factis,
1830 3946 1978 4001 etab
2010 3946 2094 4001 eis

447 4034 703 4104 arripere
750 4038 1098 4106 potestatem
1151 4034 1518 4089 dominandi.
1557 4055 1583 4082 ι)
1628 4034 1751 4088 Νοη
1803 4035 1958 4088 enim
2015 4034 2097 4089 ait

448 4122 704 4179 Basilius
721 4122 996 4179 illusores
1016 4129 1351 4193 arrepturos
1365 4126 1711 4193 potestatem
1726 4123 2093 4193 dominandi,

445 4211 536 4265 vel
565 4228 694 4267 eam
726 4211 894 4266 factis
913 4212 1038 4267 suis
1061 4211 1171 4265 sibi
1196 4211 1487 4265 ascituros
1513 4227 1526 4265 :
1551 4212 1650 4265 sed
1685 4212 1845 4282 ipsos
1860 4212 2096 4267 Judaaos

451 4299 648 4370 potius
680 4302 935 4369 peccatis
967 4301 1092 4355 suis
1114 4300 1785 4371 promerituros,utjugo
1818 4301 2091 4356 barbaro-

450 4406 579 4444 rum
613 4388 1024 4459 subjiciantur.
1065 4390 1274 4445 Verum
1306 4404 1374 4442 ex
1422 4387 1655 4443 duobus
1688 4404 1829 4444 mss.
1863 4393 1928 4456 Η,
1963 4394 2020 4444 et
2051 4391 2092 4456 l,

450 4477 884 4532 emendandum
918 4488 1008 4533 est
1056 4476 1115 4531 in
1169 4475 1366 4532 Graeco
1401 4493 1414 4530 :
1445 4473 1601 4529 Ἀλλ’
1635 4475 1721 4552 ἀφ’
1764 4476 1965 4531 ἑαυτῶν
1997 4472 2090 4548 ἔση

2203 3343 2273 3383 ex
2303 3327 2397 3382 his
2427 3326 2619 3383 verbis
2652 3327 2960 3397 interpres,
2992 3348 3020 3377 «
3048 3326 3265 3383 docens
3321 3325 3637 3399 indignum
3667 3343 3731 3383 se
3758 3343 3849 3384 es-

2207 3418 2396 3488 se,qui
2430 3415 2798 3489 praesideret:
2834 3437 2861 3464 »
2897 3415 3060 3487 atqui
3091 3416 3202 3471 hoc
3235 3415 3361 3487 ipso
3392 3433 3455 3471 se
3481 3415 3730 3487 dignum
3762 3432 3854 3472 es-

2205 3521 2268 3561 se
2315 3505 2679 3573 ostendebat,
2738 3504 2889 3576 quod
2950 3503 3196 3560 humilis
3239 3520 3305 3559 ac
3336 3504 3639 3560 modestus
3678 3508 3851 3560 esset.

2276 3594 2422 3649 Ibid.
2488 3594 2527 3648 D
2583 3594 2636 3648 5.
2696 3589 2896 3647 Μεσταὶ
2941 3589 3190 3665 ἀνομίας.
3249 3593 3699 3648 Emendandum
3758 3593 3854 3648 hic

2208 3681 2340 3754 μετὰ
2371 3680 2618 3754 ἀνομίας,
2652 3699 2783 3755 quas
2802 3683 2963 3737 varia
2992 3681 3187 3749 lectio,
3219 3682 3279 3737 in
3314 3682 3580 3754 margine
3611 3699 3853 3754 apogra-

2205 3770 2306 3843 phi
2338 3772 2560 3836 addita,
2591 3771 2949 3841 prmferenda
2979 3770 3093 3827 fuit
3123 3769 3288 3826 alteri
3313 3788 3329 3842 ;
3369 3786 3621 3843 eamque
3650 3771 3852 3844 sequi-

2204 3864 2303 3917 tur
2333 3860 2753 3931 interpretatio.

2276 3948 2395 4003 Col.
2427 3949 2532 4003 302
2563 3954 2609 4001 Α
2629 3950 2682 4003 8.
2716 3948 2851 4003 Cum
2878 3964 3072 4004 eorum
3103 3948 3315 4019 lingua.
3347 3947 3661 4017 Conjunxit
3719 3965 3853 4004 cum

2202 4039 2376 4094 verbo
2408 4035 2727 4109 ἀντιλέγειν,
2778 4054 2895 4092 non
2954 4053 3086 4092 cum
3151 4033 3371 4109 μελετᾷ,
3411 4053 3612 4093 vocem
3667 4033 3853 4111 γλώσ-

2204 4146 2303 4197 σης
2337 4128 2654 4199 intorpres,
2714 4142 2817 4181 nec
2874 4126 3291 4182 animadvertit
3344 4127 3501 4197 apud
3570 4126 3856 4183 Davidem

2204 4216 2470 4288 linguam
2528 4214 2643 4270 dici
2705 4210 2957 4287 μελετᾷν,
3018 4215 3164 4287 psal.
3237 4232 3428 4283 χχχιιι,
3487 4215 3601 4270 24:
3658 4214 3767 4269 Καὶ
3818 4216 3855 4284 ἡ

2201 4301 2426 4378 γλῶσσά
2505 4324 2610 4376 μου
2718 4301 3004 4375 μελετήσει
3085 4303 3187 4371 τήν
3283 4299 3632 4372 δικαιοσύνην
3736 4321 3854 4357 σου·

2202 4395 2270 4450 Et
2338 4395 2531 4465 lingua
2598 4409 2720 4449 mea
2769 4394 3141 4449 meditabitur
3187 4394 3476 4465 justitiam
3532 4397 3737 4453 tuam:
3802 4397 3899 4465 et,

2202 4500 2392 4545 xxxvx,
2423 4487 2526 4539 28:
2564 4486 2642 4541 0.:
2669 4485 2804 4553 iusti
2830 4484 3192 4539 meditabitur
3219 4484 3570 4555 sapientiam,
3595 4483 3695 4538 ubi
3726 4498 3855 4555 per-

445 4562 766 4637 κυριεύσειν,
819 4563 869 4637 ἐξ
919 4566 991 4618 ὧν
1044 4562 1264 4624 ἕκαστος
1314 4563 1489 4635 ὶαυτῷ
1537 4560 1626 4617 διὰ
1665 4569 1773 4619 τῶν
1816 4563 2003 4641 ἔργων,
2037 4574 2093 4624 et

2211 4588 2401 4644 peram
2454 4572 2513 4627 in
2570 4571 2935 4627 Germanicis
2994 4570 3199 4626 Bibliis
3237 4571 3503 4637 vertitur,
3538 4591 3567 4620 α
3624 4572 3857 4625 curabit

448 4654 604 4723 apud
666 4653 1007 4725 Procopium
1063 4655 1265 4725 p.66:
1302 4651 1612 4727 Κυριεύσειν
1659 4654 1820 4731 φησὶν
1867 4655 2090 4710 ἑκάστου

449 4741 509 4795 τὸ
566 4740 913 4815 κυριευθῆναι
971 4763 1031 4800 π.
1098 4762 1149 4796 α.
1212 4738 1261 4799 δ.
1317 4763 1367 4798 τ.
1432 4741 1836 4815 ἐπισπωμένου·
1898 4767 1922 4798 ι
1984 4746 2090 4810 Qui

450 4833 521 4885 ab
568 4848 925 4905 unoquoque
972 4834 1045 4889 ad
1095 4832 1437 4888 dominandi
1488 4832 1785 4889 licentiam
1818 4833 2093 4905 operibus

450 4920 841 4978 attrahantur.
1748 4907 1753 4910 θ

522 5025 638 5083 Col.
669 5028 775 5083 298
807 5035 852 5083 Α
888 5031 973 5085 11.
1007 5031 1066 5085 1η
1096 5046 1290 5085 eorum
1314 5036 1517 5101 partes.
1545 5028 1833 5085 Omiserat
1851 5030 2091 5085 verbum

446 5114 835 5192 προσεχώρουν
869 5118 1334 5190 interpres,quod
1368 5122 1570 5190 aptum
1593 5123 1681 5174 est
1710 5120 1781 5173 ad
1817 5120 2095 5176 factiones

441 5210 498 5261 et
529 5206 774 5263 dissidia
806 5207 1240 5277 seditiosorum,
1269 5206 1370 5278 qui
1395 5211 1658 5278 tempore
1679 5206 2093 5281 Hierosolymi-

440 5299 590 5350 tanas
623 5297 950 5352 obsidionis
982 5296 1181 5352 omnia
1211 5296 1548 5364 turbabant,
1584 5296 1901 5352 indicanda
1925 5315 1937 5353 :
1963 5299 2094 5355 vide

442 5384 765 5456 Josephum
797 5385 900 5441 lib.
934 5404 988 5457 v,
1020 5403 1075 5441 v1
1106 5390 1161 5440 et
1190 5402 1269 5441 vu
1303 5387 1374 5439 De
1413 5384 1556 5440 bello
1584 5387 1833 5442 Iudaico.
1870 5387 2092 5442 Rursus

441 5469 682 5547 χλανίδα
713 5497 742 5525 ‹‹
794 5476 1277 5546 paludamentum
1332 5493 1359 5522 n
1410 5473 1716 5539 vertimus,
1760 5492 1873 5530 non
1910 5496 1939 5523 ‹‹
1973 5481 2091 5530 tor-

443 5578 642 5635 quem,
680 5586 707 5614 »
739 5579 841 5619 seu
882 5564 1201 5619 amiculum
1255 5567 1533 5634 pertenue
1584 5579 1649 5617 ac
1702 5562 2089 5633 molliculum,

445 5653 600 5722 quod
632 5653 920 5723 ejusmodi
972 5658 1216 5709 ornatus
1264 5655 1365 5706 aut
1412 5650 1589 5707 vestis
1620 5651 1943 5724 principem
1977 5671 2088 5710 non

2202 4660 2577 4732 sapientiam.
2638 4683 2665 4710 ››
2726 4677 2839 4715 non
2875 4661 3028 4716 enim
3061 4665 3152 4716 est
3184 4657 3360 4732 μέλει,
3404 4660 3504 4716 sed
3542 4657 3852 4731 μελετήσει,

2203 4749 2262 4804 in
2294 4748 2507 4819 quibus
2539 4749 2683 4804 locis
2715 4750 2955 4804 verbum
2987 4749 3291 4805 Hebraeum
3351 4759 3468 4810 run
3503 4765 3618 4805 non
3659 4750 3851 4806 solum

2204 4857 2233 4886 «
2268 4836 2537 4890 meditari
2569 4857 2597 4887 ››
2634 4836 2937 4896 sonat.sed
2957 4836 3133 4891 etiam
3165 4838 3565 4893 «mussitare:
3590 4859 3621 4888 ››
3653 4836 3856 4910 itaque

2201 4924 2377 4981 etiam
2427 4924 2654 4996 psalmo
2693 4942 2852 4995 cxm,
2901 4925 2991 4993 45,
3042 4929 3240 4999 φωνεῖν
3269 4926 3535 4995 vertitur,
3569 4924 3633 4981 οὗ
3665 4928 3853 5000 φωνή-

2202 5031 2384 5066 σουσιν
2444 5012 2497 5067 ἐν
2541 5017 2622 5084 τῷ
2671 5012 2908 5088 λάρυγγι
2964 5011 3162 5082 αὐτῶν,
3233 5030 3343 5071 non
3408 5015 3740 5072 clamabunt
3795 5019 3853 5072 in

2201 5106 2417 5173 gutture
2444 5118 2569 5158 suo.
2602 5103 2824 5158 Idcirco
2861 5101 2958 5157 hic
2984 5102 3304 5158 delevimus
3334 5102 3435 5158 illa
3463 5104 3644 5160 verba
3673 5105 3852 5161 inter-

2202 5191 2422 5261 pretis:
2464 5210 2485 5240 ι
2525 5194 2589 5245 ut
2618 5191 3047 5248 meditarentur
3071 5197 3239 5247 nocte
3268 5208 3336 5248 ac
3366 5192 3459 5248 die
3501 5191 3692 5265 legem
3751 5194 3854 5249 Do-

2203 5279 2371 5348 mini,
2398 5280 2600 5352 lingua
2628 5297 2829 5336 eorum
2861 5280 3315 5337 contradicebat.
3350 5302 3376 5329 ››

2273 5385 2420 5441 Ibid.
2474 5386 2515 5440 C
2566 5389 2637 5441 2.
2699 5387 2849 5455 Quod
2900 5388 3141 5459 papulas
3173 5429 3185 5443 .
3264 5387 3599 5444 Cavendum
3669 5390 3847 5445 inter-

2200 5473 2373 5547 preti,
2412 5491 2485 5530 ne
2516 5475 2843 5532 similitudo
2874 5493 3085 5532 vocum
3116 5493 3251 5534 eum
3286 5476 3465 5543 fallat,
3490 5483 3555 5534 ut
3585 5479 3695 5535 hoc
3730 5478 3847 5535 loco

2198 5561 2262 5616 τὸ
2295 5560 2505 5617 ἀνίατον
2535 5587 2562 5615 ‹‹
2614 5564 2939 5621 incurabile
2970 5564 3213 5633 malum,
3248 5588 3276 5615 ››
3307 5566 3668 5625 existimavit
3721 5585 3845 5625 esse

2199 5650 2348 5726 παρὰ
2382 5650 2446 5707 τὸ
2478 5652 2628 5723 ἁνιᾷν
2684 5654 2840 5725 quod
2899 5658 3011 5724 est,
3069 5677 3098 5706 κ
3157 5655 3483 5713 molestiam
3548 5657 3840 5727 inferre,»
