4124 6240
210 341 371 403 1093

1409 354 1512 415 AD
1556 354 1970 418 COMMENT.
2016 357 2097 417 IN
2138 358 2439 422 ISAIAM.

3471 382 3630 444 1094

208 474 599 570 scripsitque,
618 476 877 570 «populi
908 494 1058 552 egre
1087 480 1523 570 ferentis,quod
1550 485 1864 570 responde-
1891 486 1947 555 Α
1976 483 2136 540 αὐτὸν
2169 485 2222 541 ἐν
2256 491 2324 562 τῇ
2346 491 2439 563 γῇ.
2472 493 2537 549 Et
2569 495 2795 553 beatum
2818 500 2992 570 faciat
3021 517 3144 559 eum
3177 505 3237 562 in
3260 514 3432 565 terra.
3463 511 3629 570 Chal-

212 565 373 619 rit.»
424 564 599 636 Atqui
649 563 865 621 ἀνίατον
911 573 1002 624 est
1054 568 1118 622 τὸ
1169 566 1347 633 ῗᾶσθαι
1409 572 1485 644 μὴ
1546 568 1865 646 δύνάμενον,

208 675 237 702 ‹‹
273 652 431 724 quod
465 651 663 708 sanari
695 669 811 709 non
865 658 1074 723 potest.
1108 678 1135 706 ››
1171 656 1280 712 Sed
1336 658 1604 731 sequenti
1652 660 1869 732 pagina

209 746 364 797 recte
420 741 531 797 hoc
589 742 1027 811 animadvertit,
1056 742 1278 799 ἀνίατον
1339 749 1612 811 νοσοῦσιν,
1652 770 1676 801 ιι
1711 749 1867 805 insa-

208 829 486 886 nabiliter
513 835 819 903 aegrotant.
851 853 880 881 »

278 918 398 975 Col.
429 920 536 975 303
566 920 608 975 B
640 919 729 975 l3.
764 919 1097 993 Signiﬁcare
1140 921 1443 979 Christum.
1476 924 1866 981 Restituimus

205 1008 365 1064 hunc
386 1008 581 1064 locum
606 1024 676 1064 ex
696 1008 880 1065 altero
916 1010 1094 1084 Regio
1142 1012 1207 1066 Η.
1229 1015 1288 1066 et
1314 1011 1596 1085 Anglicis,
1628 1012 1687 1070 in
1722 1030 1865 1086 quo-

206 1115 341 1153 rum
392 1114 511 1153 uno
568 1096 875 1171 legebatur
927 1098 1025 1167 τὴν
1060 1099 1183 1176 περὶ
1212 1099 1431 1162 αὐτούς·
1462 1106 1522 1157 at
1548 1103 1867 1175 Procopius

204 1186 648 1260 compendiose,
696 1184 730 1239 ἃ
786 1184 853 1255 δή
904 1184 1179 1250 ποικίλως
1238 1187 1531 1244 ἰπινοεῖται
1590 1190 1861 1268 Χριστόςο

203 1301 229 1325 ‹‹
268 1276 491 1349 quibus
520 1276 677 1332 varie
708 1276 1028 1351 signiﬁcari
1061 1278 1361 1336 Christum
1394 1279 1811 1353 intelligimus.
1833 1306 1861 1334 ι)

203 1371 266 1421 In
300 1365 363 1420 Ρ.
395 1364 624 1420 calamo
680 1370 980 1422 exaratum
1038 1368 1255 1439 reperit
1313 1368 1688 1437 Tilmannua,
1730 1370 1864 1424 κατὰ

199 1450 469 1521 ποικίλην
493 1452 597 1520 τὴν
623 1451 746 1527 περὶ
779 1452 1001 1516 ἑαυτοὺς
1034 1449 1378 1527 συμϐουλίαν
1412 1456 1499 1510 καὶ
1542 1454 1783 1511 ἐπίνοιαν
1834 1459 1862 1513 ὁ

200 1540 457 1616 Χριστός-
489 1565 517 1593 (ι
552 1542 775 1598 Cuncta
834 1542 1058 1598 faciunt
1106 1545 1178 1599 ad
1233 1545 1658 1602 multiformem
1700 1547 1858 1603 illam

199 1636 408 1687 contra
428 1635 615 1687 semet
634 1631 1126 1688 consultationem
1160 1639 1217 1689 et
1248 1633 1605 1691 molitiones.
1643 1659 1670 1685 »
1705 1638 1858 1692 Idem

202 1720 381 1793 paulo
403 1725 536 1793 post
556 1722 893 1794 scripserat,
917 1744 947 1772 «
981 1722 1236 1779 Dimidia
1260 1724 1418 1780 enim
1451 1726 1589 1780 mali
1623 1743 1762 1799 pars
1799 1744 1861 1784 se

201 1810 358 1865 stitit
412 1810 568 1866 intra
614 1814 921 1882 peccatum
985 1811 1045 1866 in
1104 1812 1234 1884 ipso
1286 1815 1508 1885 peracri
1539 1814 1860 1872 voluntatis

202 1898 414 1954 affectu
452 1914 465 1953 :
502 1920 530 1948 ››
555 1899 654 1955 sed
681 1899 881 1955 aboral
906 1916 939 1954 a
960 1900 1138 1972 Regio
1163 1902 1219 1957 F.
1246 1903 1400 1974 quod
1434 1902 1591 1958 aliud
1618 1906 1684 1959 II.
1711 1922 1855 1979 sug-

199 1987 387 2054 gessit
412 1991 469 2043 et
514 1988 916 2061 apographum
940 1989 1275 2063 Anglicum,
1309 1992 1461 2064 quod
1496 1993 1636 2065 quia
1664 1994 1861 2050 minus

199 2078 500 2149 eleganter
529 2077 815 2149 scriptum
859 2082 1006 2147 erat,
1039 2094 1225 2150 operae
1276 2082 1707 2154 typographicae
1750 2083 1858 2139 Re-

201 2165 366 2237 gium
426 2165 683 2222 codicem
744 2167 913 2240 sequi
966 2167 1329 2236 maluerunt,
1380 2170 1627 2242 ideoque
1665 2171 1860 2228 Graece

202 2254 537 2309 omiserunt
557 2253 723 2326 illud,
739 2257 893 2327 quod
918 2254 1261 2328 interpretis
1281 2257 1475 2314 verbis
1493 2259 1857 2316 addideram:

205 2366 229 2395 ιι
261 2342 361 2399 Est
383 2343 538 2399 enim
563 2345 820 2416 perfecta
854 2342 1103 2414 malitia,
1128 2361 1260 2400 cum
1297 2346 1452 2418 quis,
1480 2368 1507 2397 »
1532 2351 1643 2402 etc.
1674 2344 1862 2403 Τελεία

200 2432 304 2507 γὰρ
362 2428 523 2486 κακία
571 2431 635 2487 τὸ
692 2431 782 2487 καὶ
838 2431 1033 2506 γνώμῃ
1079 2432 1169 2487 καὶ
1200 2432 1451 2509 πράξεσιν
1487 2435 1807 2510 ἁμαρτάνειν
1844 2456 1857 2469 ·

203 2519 381 2592 ἥμισυ
415 2518 473 2574 δὲ
499 2524 618 2576 τοῦ.
653 2522 748 2578 Sic
777 2524 930 2578 enim
964 2527 1089 2577 erat
1145 2522 1203 2578 in
1255 2523 1321 2578 Η.
1356 2529 1413 2579 et
1458 2525 1684 2598 Anglic.
1721 2527 1862 2582 Hinc

202 2610 589 2682 corrigendus
619 2615 709 2666 est
741 2610 1005 2683 Procopii
1035 2611 1507 2669 Commentarius
1537 2632 1593 2687 p.
1626 2616 1715 2684 68,
1759 2617 1857 2689 qui

204 2699 326 2753 haec
356 2697 415 2752 in
449 2698 867 2769 compendium
900 2699 1127 2771 redegit
1161 2716 1175 2756 :
1222 2699 1285 2753 τὸ
1330 2698 1539 2755 τέλειον
1591 2700 1757 2758 εἰπὼν
1805 2703 1857 2759 ἄν

199 2783 383 2857 κακίᾳ,
418 2785 503 2840 σοῖ
562 2786 625 2840 τὸ
684 2784 877 2841 λεῖπον
928 2786 978 2859 ἐξ
1009 2785 1285 2863 ἀναλόγου
1314 2787 1592 2846 κατέλιπε.
1625 2792 1700 2849 Τὸ
1757 2791 1859 2870 γὰρ

200 2872 359 2951 ἔργον
387 2872 619 2944 τελειοῗ,
651 2877 686 2944 ὴ
723 2871 782 2930 δὲ
808 2881 908 2945 τῆς
944 2874 1191 2938 διανοίας
1224 2877 1370 2953 ὁρμὴ
1404 2877 1626 2950 ἀτελής.

274 2982 395 3040 Col.
417 2982 525 3038 305
552 2982 593 3039 C
624 2983 691 3038 13
750 2982 853 3037 Καὶ
881 2979 932 3036 ἐν
965 2982 1110 3056 ἰμοί.
1146 2984 1275 3041 Haec
1306 2985 1550 3043 aberant
1595 2989 1668 3043 ab
1720 3004 1858 3062 apo-

203 3072 430 3145 grapho
465 3071 691 3146 Anglic.
726 3089 851 3145 quae
882 3089 952 3129 ex
1002 3073 1180 3147 regiis
1231 3090 1375 3131 mss.
1411 3075 1471 3131 F.
1506 3080 1560 3131 et
1591 3076 1658 3132 Η.
1709 3081 1767 3133 et
1814 3079 1856 3133 I.

204 3160 566 3216 addidimus.
585 3161 749 3233 Apud
774 3161 1060 3218 Joannem
1084 3163 1552 3234 x1v,30,tantum
1575 3164 1854 3222 habetur:

206 3248 304 3303 Καὶ
365 3245 416 3303 ἒν
478 3246 600 3322 ἐμοὶ
634 3227 759 3303 ὀὐκ
810 3242 930 3325 ἔχει
987 3227 1363 3307 οὐδέν’-ΕιΠίη
1418 3270 1507 3309 me
1558 3270 1667 3310 non
1699 3254 1858 3311 habet
1888 3227 1931 3293 Ο

203 3337 529 3411 quidquam.
562 3339 835 3395 Testatur
863 3344 1058 3397 tamen
1085 3340 1423 3398 Theodorus
1448 3343 1590 3399 Beza
1627 3342 1686 3398 in
1719 3344 1863 3399 duo-

205 3428 317 3483 bus
344 3426 781 3499 exemplaribus
833 3428 977 3483 Novi
1035 3429 1378 3485 testamenti
1408 3430 1613 3500 fuisse,
1647 3436 1714 3488 ut
1770 3433 1866 3488 hic

209 3517 356 3589 legit
407 3516 683 3581 Basilius,
715 3514 824 3590 οὔχ
853 3516 1091 3593 εὑρήσει,
1128 3538 1157 3569 ιι
1205 3535 1320 3575 non
1380 3519 1658 3577 inveniet.
1691 3540 1716 3573 ο
1780 3521 1866 3578 Ita

206 3606 564 3678 loquebatur
593 3610 649 3662 et
679 3605 891 3661 beatus
948 3607 1239 3663 Martinus
1290 3609 1463 3665 morti
1514 3611 1815 3683 proximus
1849 3628 1862 3667 :

213 3717 233 3743 ι
269 3695 418 3761 Quid
454 3697 675 3762 adstas,
708 3699 953 3751 cruenta
984 3696 1220 3752 bestia?
1249 3697 1402 3752 Nihil
1435 3699 1493 3754 in
1529 3716 1620 3755 me
1649 3699 1865 3757 funesti

207 3785 489 3857 reperies.
525 3805 553 3833 »
585 3787 829 3840 Severus
861 3784 919 3839 in
951 3785 1081 3841 Vita
1114 3785 1169 3841 S.
1208 3790 1379 3843 Mart.

276 3889 397 3947 Col.
428 3890 532 3945 307
565 3891 608 3946 D
640 3891 690 3946 1.
731 3890 1013 3949 Semitam.
1064 3891 1169 3948 Hic
1217 3892 1532 3966 repetierat
1577 3893 1867 3968 interpres

208 3982 362 4037 hanc
387 3980 736 4036 sententiam
756 3984 938 4053 tanqu
948 3980 1039 4036 am‘
1052 3985 1244 4038 textus
1262 3988 1511 4055 partem,
1529 3999 1719 4055 neque
1733 4001 1865 4050 cum

207 4069 552 4142 praecedenti
572 4070 836 4126 membro
860 4071 1271 4143 coniunxerat;
1295 4072 1405 4127 hoc
1425 4073 1581 4129 enim
1607 4074 1721 4130 sibi
1742 4062 1872 4131 vult

205 4162 434 4228 auctor,
458 4172 580 4227 eos,
604 4159 702 4231 qui
742 4162 950 4231 praeter
989 4159 1264 4217 meritum
1306 4160 1570 4235 laudant,
1590 4163 1863 4220 semitam

206 4247 422 4319 pedum
479 4247 851 4319 conturbare,
884 4252 943 4303 et
992 4253 1056 4303 ut
1104 4248 1186 4323 ait
1227 4249 1565 4322 Procopius,
1600 4249 1867 4327 Συνέχεον

207 4333 387 4390 αὐτῶν
441 4334 539 4397 τὰς
596 4330 781 4401 ὁδοὺς,
809 4340 929 4399 ταῖς
986 4340 1166 4399 σκιαῖς
1222 4335 1571 4411 ἐναπομιῖναι
1618 4337 1870 4396 κελεύον-

202 4445 313 4488 τες.
348 4447 373 4478 α
397 4424 526 4481 Vias
546 4442 744 4481 eorum
773 4426 1229 4495 contendebant,
1256 4428 1356 4501 qui
1377 4428 1604 4485 umbris
1637 4430 1867 4503 acquie-

205 4530 373 4571 scere
396 4514 724 4586 jubebant;
760 4537 789 4565 ››
819 4515 1114 4588 siquidem
1153 4515 1215 4570 τὸ
1277 4515 1608 4592 μακαρίζειν,
1642 4521 1750 4575 etsi
1796 4520 1868 4576 ad

1980 575 2106 632 da-a
2134 578 2326 635 versio
2355 579 2674 651 ibidem,Et
2704 585 2858 643 dabit
2887 591 2945 644 ei
2972 589 3359 653 beatitudinem
3378 600 3438 654 in
3460 604 3627 660 terra.

1979 664 2038 720 S.
2073 665 2484 742 Hieronymus,
2516 679 2569 727 et
2599 673 2785 731 beatus
2805 679 2912 735 erit
2940 682 2996 736 in
3021 684 3189 740 terra.

2051 773 2169 829 Col.
2199 774 2380 830 313A
2438 778 2524 833 t4.
2558 780 2679 836 Non
2732 785 2886 840 enim
2931 795 3009 843 est
3055 789 3236 861 judic.
3297 795 3627 856 Lectionem

1980 859 2133 955 hanc
2257 879 2370 955 ms.
2403 867 2765 955 exprimebat
2795 872 2887 929 his
2918 859 3107 934 verbis
3144 879 3515 955 Tilmannus,
3549 886 3625 944 Οὐ

1975 948 2075 1023 γὰρ
2129 954 2224 1004 τοῦ
2271 951 2554 1022 κρίνον-τός
2606 956 2715 1012 icti
2765 960 2900 1033 μετὰ
2943 968 3052 1018 τῶν
3101 970 3438 1041 κρινομένων
3470 971 3627 1051 ἔρχι-

1977 1038 2294 1134 σραιήπρὸς
2350 1043 2548 1119 κρίσιν,
2600 1045 2746 1103 ἀλλά
2798 1052 2932 1123 μετά
2983 1059 3091 1108 τῶν
3136 1038 3469 1133 κρινομένων
3499 1038 3630 1134 ’μὲν

1977 1124 2243 1225 ἀλλήλων
2275 1151 2326 1185 α.
2361 1152 2419 1225 πῖ.
2451 1154 2515 1225 π,
2544 1154 2632 1211 κρ.
2666 1161 2694 1189 (ι
2722 1138 2846 1195 Non
2878 1145 3034 1200 enim
3096 1124 3340 1206 interest
3380 1124 3624 1225 judicia,

1976 1219 2252 1309 cumjam
2277 1224 2670 1309 praejudicatis
2693 1229 2890 1287 venire
2930 1234 3003 1288 ad
3029 1237 3345 1309 judicium,
3380 1219 3446 1298 ut
3474 1219 3624 1302 inter

1975 1321 2037 1360 se
2063 1305 2219 1362 obvii
2250 1308 2370 1365 sint
2390 1311 2602 1382 judici.
2626 1335 2653 1367 ιι
2680 1315 2896 1375 Verum
2922 1305 3114 1393 aptior
3129 1331 3218 1382 est
3246 1305 3339 1400 ea,
3361 1348 3539 1402 quam
3557 1351 3627 1391 ex

1972 1396 2040 1447 H.
2075 1395 2116 1449 ι.
2152 1399 2209 1450 et
2228 1398 2401 1470 Angl.
2435 1404 2851 1473 expressimus.
2884 1410 3031 1474 Quin
3063 1414 3238 1471 etiam
3268 1395 3331 1473 in
3362 1395 3625 1481 membro

1974 1484 2329 1578 praecedenti
2350 1490 2695 1559 praeferebat.
2719 1497 2781 1550 F.
2802 1493 2902 1550 οὐκ
2931 1495 3019 1552 ἐπὶ
3047 1504 3127 1572 τῷ
3149 1508 3346 1578 κρῖναι,
3378 1504 3507 1562 ἀλλ’
3537 1510 3625 1566 ἐπὶ

1972 1573 2053 1641 τῷ
2084 1566 2378 1648 διακρῖναι’
2413 1599 2442 1662 ιι
2475 1580 2577 1634 sed
2611 1587 2675 1635 ut
2719 1583 2866 1641 alios
2905 1566 3211 1662 secernat';
3243 1614 3270 1647 ι
3304 1566 3509 1655 verum
3564 1603 3624 1658 in

1969 1660 2215 1759 Anglico
2247 1667 2372 1720 est:
2397 1661 2523 1719 ἀλλ’
2553 1664 2642 1722 ἐπὶ
2666 1674 2745 1741 τῷ
2775 1668 3140 1749 διακριθῆναι,
3174 1660 3206 1733 ιι
3241 1686 3341 1739 sed
3376 1692 3440 1742 ut
3460 1688 3622 1759 judi-

1971 1749 2060 1804 cio
2109 1754 2448 1826 contendat,
2469 1777 2498 1806 ››
2514 1756 2599 1812 vel
2632 1782 2659 1809 «
2686 1766 2752 1816 ut
2772 1763 3000 1833 judicio
3024 1769 3375 1839 experiatur.
3401 1797 3431 1825 »
3458 1749 3497 1828 VA
3518 1777 3623 1833 Re-

1887 1860 1937 1925 B
1969 1838 2063 1906 gio
2083 1841 2153 1893 Η.
2174 1839 2335 1897 istud
2376 1842 2657 1902 ultimum
2688 1851 2925 1920 penitus
2972 1838 3193 1912 aberat.
3222 1860 3302 1916 Ex
3330 1863 3533 1920 eodem
3569 1870 3627 1922 et

1973 1926 2018 1982 Ι.
2053 1927 2114 1983 F.
2146 1929 2217 1984 A.
2252 1931 2593 2024 addidimus
2616 1935 3083 2009 interpretationi
3108 1948 3323 2019 pagina
3353 1955 3624 2024 sequenti

1971 2036 2000 2065 «
2031 2022 2089 2071 et
2115 2019 2382 2075 mercede
2412 2023 2741 2095 conductis,
2762 2048 2791 2078 »
2819 2035 2954 2099 etc.,
2987 2048 3115 2103 quae
3137 2034 3371 2093 fuerant
3392 2019 3626 2112 piaeter-

2043 2193 2166 2249 Col.
2197 2195 2304 2250 317
2333 2198 2374 2253 Α
2402 2197 2457 2254 8.
2496 2200 2615 2257 Ἐπὶ
2646 2202 2725 2274 τῷ
2755 2202 2922 2263 κάτω.
2955 2208 3193 2267 Rectius
3226 2212 3282 2267 in
3344 2215 3411 2271 H.
3462 2222 3520 2274 et
3575 2220 3620 2276 Ι.

1971 2278 2058 2379 tiri
2087 2281 2151 2336 τὸ
2180 2281 2348 2379 κᾴῖω,
2375 2290 2531 2360 quod
2564 2292 2857 2361 adjectum
2898 2302 2986 2352 est
3015 2303 3351 2373 apographo
3373 2306 3620 2379 Anglico

1970 2369 2066 2426 hic
2096 2373 2304 2429 mutilo
2331 2393 2345 2444 ;
2378 2379 2479 2432 sed
2511 2382 2905 2451 expunximus
2934 2403 2968 2441 a
2997 2369 3263 2446 versione
3293 2392 3422 2449 sine
3442 2369 3623 2453 causa

1970 2461 2289 2554 repetitum
2320 2463 2491 2537 illud,
2524 2491 2552 2519 «
2586 2474 2799 2527 terram
2837 2490 3057 2532 versus.
3096 2498 3123 2527 n
3157 2482 3339 2536 Paulo
3361 2489 3494 2554 post
3522 2486 3621 2541 ubi

1970 2549 2042 2605 de
2065 2548 2342 2608 basilisco
2366 2556 2579 2628 agitur,
2605 2560 2889 2632 scriptum
2911 2569 3056 2635 erat,
3083 2587 3107 2617 ιι
3132 2583 3266 2623 cum
3290 2548 3414 2627 solo
3448 2589 3619 2645 aspe-

1970 2641 2065 2693 ctu
2097 2656 2505 2715 corrumpere;
2539 2668 2566 2696 »
2601 2654 2662 2703 at
2693 2644 3021 2725 διαφθείρειν
3055 2654 3149 2710 hic
3177 2662 3268 2711 est
3293 2680 3320 2707 ‹‹
3354 2641 3618 2719 necare.»

1970 2727 2097 2782 Non
2127 2729 2284 2785 enim
2326 2732 2520 2789 solum
2551 2734 2879 2806 inﬁcil,sed
2924 2741 3220 2799 interﬁcit.
3245 2746 3493 2805 Plinius.
3515 2750 3617 2808 lib.

1968 2834 2169 2884 xxvm,
2194 2836 2322 2892 cap.
2341 2821 2395 2892 4,
2422 2823 2716 2881 Historias:
2750 2848 2776 2875 ‹‹
2811 2826 3283 2904 Basilisci,quam
3307 2836 3483 2892 etiam
3506 2856 3623 2896 ser-

1968 2911 2172 2997 pentes
2199 2909 2319 2997 ipsi
2344 2910 2578 2983 fugiunt
2607 2912 2753 2970 alios
2783 2915 2998 2973 oll'aotu
3034 2928 3360 2990 necantem,
3393 2927 3493 2997 qui
3515 2928 3619 2985 ho-

1970 2993 2213 3066 minem,
2238 2996 2324 3051 vel
2357 2999 2403 3053 si
2439 3000 2688 3071 aspiciat
2712 3007 2968 3076 tantum,
2999 3007 3217 3064 dicitur
3260 2993 3618 3088 interimere,

1968 3084 2315 3175 sanguinem
2348 3089 2501 3159 magi
2534 3090 2701 3147 miris
2732 3090 3011 3150 laudibus
3041 3096 3356 3157 celebrant.
3392 3126 3412 3152 ι
3435 3084 3617 3175 Idem,

1968 3169 2071 3226 lib.
2092 3190 2214 3244 V111,
2238 3190 2365 3247 cap.
2386 3176 2477 3247 21,
2500 3184 2718 3250 narrat,
2744 3185 2801 3235 et
2838 3182 3214 3255 Cyrenaicam
3259 3169 3620 3260 provinciam

1969 3276 2104 3315 eum
2134 3277 2411 3333 generare
2440 3283 2518 3321 x11
2550 3267 2868 3338 digitorum
2903 3288 3017 3327 non
3038 3275 3295 3347 amplius
3328 3285 3621 3352 magnitu-

1974 3347 2109 3404 dine
2138 3370 2152 3419 ;
2188 3351 2449 3442 )Elianus
2481 3355 2655 3412 etiam
2688 3357 2790 3413 lib.
2826 3376 2889 3429 11,
2921 3377 3048 3433 cap.
3080 3364 3134 3434 5,
3169 3370 3250 3420 De
3295 3347 3623 3442 aniniatib.,

1973 3452 2119 3527 eum
2142 3455 2269 3527 esse
2298 3441 2480 3513 palmi
2510 3442 2877 3517 longitudine
2907 3451 3408 3527 scribit,2meapil
3442 3453 3500 3512 δὲ
3527 3441 3624 3513 τοῦ

1978 3523 2325 3620 βασιλίσκουῌ
2352 3529 2416 3584 τὸ
2478 3530 2654 3603 μῆκός
2713 3533 2846 3604 im,
2873 3536 2963 3591 καὶ
3000 3537 3181 3610 μέντοι
3232 3523 3622 3620 καὶ-θεασάμε-

1973 3634 2066 3674 νος
2098 3615 2126 3668 ὁ
2155 3620 2267 3709 τῶν
2296 3613 2470 3696 ὄφεων
2497 3622 2761 3692 μήκιστος
2791 3625 2952 3680 αὐτὸν
2979 3624 3038 3681 ἐκ
3075 3634 3176 3698 τῆς
3222 3634 3320 3685 τοῦ
3369 3613 3624 3709 φυσήμα-

1974 3722 2066 3763 τος
2090 3698 2410 3778 προσϐολῆς
2440 3706 2597 3769 οὗτός
2623 3707 2754 3766 ἐστι.
2789 3735 2817 3763 ‹‹
2842 3714 2940 3770 Vel
2963 3724 3304 3787 serpentum
3329 3698 3627 3782 maximus

1974 3791 2136 3848 illius
2160 3799 2396 3865 aspectu
2440 3797 2639 3853 statim
2675 3801 3088 3871 exspiretionis
3128 3808 3378 3879 appulsu
3413 3817 3625 3870 torres—

1978 3881 2075 3936 cit.
2108 3903 2135 3929 »
2157 3881 2267 3936 Sed
2289 3882 2392 3939 lib.
2414 3901 2431 3938 1
2461 3901 2497 3950 1,
2520 3901 2646 3956 cap.
2670 3887 2731 3942 3l
2747 3930 2760 3955 ,
2779 3888 3122 3948 basiliscum
3144 3895 3226 3950 ait
3241 3896 3365 3954 viso
3387 3899 3630 3970 gallina-

1978 3984 2078 4024 ceo
2106 3971 2375 4043 tremere,
2399 3976 2455 4027 et
2479 3973 2679 4029 audito
2704 3974 2863 4031 illius
2905 3983 3102 4049 cantu,
3122 3989 3342 4040 terrore
3380 4002 3626 4044 concus-

1979 4074 2136 4124 sum,
2160 4059 2339 4115 emori
2368 4076 2381 4114 :
2405 4077 2577 4131 quam
2602 4062 2675 4117 ob
2698 4080 2960 4133 causam,
2985 4067 3091 4138 illi,
3111 4070 3211 4141 qui
3244 4088 3347 4144 per
3374 4075 3628 4132 Africam

1977 4148 2088 4204 iter
2105 4148 2345 4218 faciunt,
2368 4150 2588 4224 gallum
2607 4151 2833 4210 itineris
2847 4157 3120 4214 comitem
3140 4160 3253 4216 sibi
3275 4163 3625 4235 adjungunt.

2051 4238 2172 4295 Col.
2209 4239 2353 4295 Ibid.
2389 4241 2429 4297 C
2460 4243 2513 4311 4,
2538 4242 2706 4317 Atque
2762 4247 2997 4301 utinam.
3028 4244 3152 4302 Εἴθε
3209 4244 3267 4304 δὲ
3300 4252 3375 4324 μή
3408 4252 3495 4307 καὶ
3525 4262 3628 4325 τῆς

1980 4325 2306 4399 Ἐκκλησίας
2338 4329 2392 4383 αἱ
2425 4330 2713 4407 θυγατέρες
2743 4331 2811 4387 τὰ
2860 4332 2992 4389 αὖτᾶ
3034 4333 3370 4411 ἰγκαλοῖντο·
3406 4342 3491 4399 sic
3548 4346 3626 4402 le-

1977 4417 2234 4505 gendum
2259 4435 2328 4476 ex
2358 4419 2425 4477 H.
2460 4423 2502 4476 Ι.
2537 4427 2757 4489 A.,non
2791 4428 2856 4479 ut
2886 4431 3009 4480 erat
3034 4425 3093 4481 in
3128 4428 3187 4483 F.
3221 4424 3326 4483 εἷ’τε
3357 4425 3414 4484 δὲ
3454 4433 3630 4505 amet

1978 4502 2350 4572 ἰνικαλοῢντο,
2382 4510 2539 4566 unde
2565 4511 2849 4583 expressit
2870 4512 3177 4587 interpres,
3201 4539 3229 4569 «
3254 4518 3321 4574 At
3353 4502 3464 4576 non
3496 4502 3628 4580 ﬁlias

205 4603 450 4661 verbum
474 4620 901 4676 nonnunquam
922 4609 1091 4661 sonat
1110 4605 1349 4661 beatum
1373 4607 1616 4663 reddere
1631 4608 1719 4664 vel
1740 4609 1861 4664 bea-

1978 4595 2149 4651 stiam
2199 4596 2468 4653 Ecclesia
2503 4598 2577 4654 ob
2617 4600 2821 4656 eadem
2859 4601 3035 4674 injus
3056 4610 3266 4662 vocatae
3299 4613 3460 4665 sunt.
3486 4631 3515 4660 »
3549 4613 3631 4670 Ex

220 4692 468 4760 tificare,
502 4697 569 4749 ut
615 4693 880 4750 ediderat
909 4694 1235 4767 interpres;
1270 4694 1619 4769 plerumque
1664 4700 1859 4753 tamen

206 4783 451 4838 beatum
475 4782 745 4853 judicare
768 4782 853 4839 vel
876 4783 1193 4855 praedicare
1210 4784 1362 4856 apud
1387 4785 1664 4857 profanos
1686 4786 1861 4842 etiam

202 4876 480 4927 auctores
526 4871 847 4945 signiﬁcat,
881 4872 1039 4930 unde
1069 4872 1362 4929 Aristoteli
1392 4891 1410 4929 1
1436 4875 1657 4930 Rhetor.
1697 4893 1863 4948 μακα-

201 4957 404 5032 ρισμός
436 4963 493 5015 et
534 4955 959 5034 εὐδαιμονισμός
988 4961 1344 5018 laudationis
1375 4963 1679 5036 praecipuae
1731 4981 1858 5037 spe-

202 5048 325 5104 cies
355 5053 519 5105 sunt.
550 5049 645 5105 Sic
688 5053 746 5106 et
775 5048 1170 5107 Ecclesiastici
1200 5069 1282 5119 x1,
1305 5051 1376 5107 30
1407 5067 1419 5107 :
1453 5050 1570 5127 Πρὸ
1598 5050 1862 5122 τελευτῆς

206 5138 286 5210 μὴ
342 5138 603 5211 μακάριζε
657 5134 885 5211 μηδένα.
936 5141 1070 5196 Ante
1133 5144 1364 5197 mortem
1418 5157 1747 5214 quamquam
1791 5160 1864 5199 ne

201 5226 398 5283 laudes
427 5227 720 5284 hominem.
740 5228 993 5301 Vulgata
1018 5245 1251 5302 quoque
1278 5229 1436 5286 Isaia
1460 5231 1649 5302 111,42,
1672 5231 1781 5300 Qui
1808 5242 1863 5288 te

203 5318 426 5372 beatum
454 5316 647 5374 dicunt
666 5318 782 5390 ipsi
811 5322 862 5373 te
889 5318 1195 5391 decipiunt.
1226 5319 1350 5375 Vox
1373 5318 1591 5392 quippe
1622 5320 1860 5378 Hebraea

199 5418 336 5467 Tm»:
369 5422 484 5461 non
519 5405 679 5463 aliud
737 5411 927 5474 sonat,
961 5412 1027 5464 ut
1057 5408 1206 5481 psal.
1249 5425 1439 5477 cxuu,
1482 5410 1544 5465 l5
1573 5426 1586 5467 :
1623 5409 1859 5483 Ἐμακά-

202 5514 357 5571 ρισαν
388 5494 481 5548 τὸν
534 5491 691 5566 λαόν,
726 5496 945 5553 beatum
1002 5497 1266 5554 dixerunt
1320 5496 1589 5570 populum
1641 5518 1660 5555 :
1711 5518 1859 5556 non-

202 5601 513 5656 nunquam
544 5589 744 5642 tamen
779 5584 1093 5662 μακαρίζειν
1146 5587 1383 5643 beatum
1435 5587 1625 5644 facere
1683 5588 1860 5647 inter-

205 5678 473 5745 pretatur
504 5673 650 5731 Itala
682 5679 872 5746 vetus,
906 5679 970 5733 ut
1005 5675 1153 5749 psal.
1179 5694 1272 5746 χι,
1303 5678 1339 5731 2
1370 5694 1384 5734 :
1413 5673 1513 5731 Καὶ
1567 5677 1858 5755 μακαρίσαι

1972 4684 2181 4740 iisdem
2208 4701 2351 4741 mss.
2373 4687 2676 4744 codicibus
2699 4692 3062 4749 correximus
3084 4695 3256 4767 paulo
3279 4702 3415 4754 ante
3436 4698 3496 4755 in
3518 4701 3625 4756 An-

1971 4771 2121 4844 glico
2153 4776 2490 4861 apograpbo
2514 4778 2864 4834 mendosum
2897 4779 3063 4849 illud,
3088 4781 3184 4846 τὰς
3214 4784 3493 4861 ἀρχηγοὺς
3525 4788 3627 4843 αὑ-

1970 4863 2077 4914 τῶν
2108 4860 2203 4923 τὰς
2240 4862 2532 4937 θυγατέρας
2567 4864 2729 4921 Σιών.
2784 4867 2895 4924 Sed
2944 4873 3212 4942 quamvis
3262 4860 3417 4932 recte
3477 4879 3622 4934 scri-

1969 4955 2136 5023 ptum
2170 4957 2347 5017 esset,
2380 4954 2556 5025 paulo
2590 4958 2722 5026 post
2752 4956 2808 5011 in
2863 4958 2923 5013 F.
2957 4955 3200 5023 παιδιαῖς
3251 4961 3532 5035 ἆσὲμνοις,
3565 4984 3627 5024 se

1973 5038 2188 5112 legisse
2217 5041 2440 5112 putavit
2471 5042 2782 5118 interpres,
2810 5043 3103 5118 παιδείαις,
3131 5068 3189 5109 δε
3228 5052 3432 5111 dedam
3466 5055 3627 5111 ιἠιιο-

1969 5131 2147 5186 uestis
2175 5129 2513 5201 disciplinis.

2042 5234 2425 5293 001.349B10.
2442 5241 2544 5294 list
2575 5238 2756 5313 igitur
2775 5244 3300 5315 opus.Sustulimus
3318 5252 3516 5303 notam
3535 5248 3624 5305 in-

1969 5325 2404 5397 tarrogationis,
2422 5345 2598 5400 quam
2629 5328 2825 5387 Graeca
2848 5350 2962 5390 non
2977 5341 3324 5406 agnoscunt,
3344 5340 3401 5390 et
3422 5351 3623 5392 emen-

1970 5415 2242 5470 davimus
2264 5432 2331 5471 ex
2350 5416 2546 5490 Regiis
2580 5420 2734 5491 quod
2766 5425 2890 5477 erat
2928 5423 2987 5477 in
3012 5423 3278 5495 Anglico,
3300 5422 3390 5476 καὶ
3421 5420 3623 5488 σ’ίτινες

1967 5504 2130 5576 ἡμῶν
2188 5507 2295 5557 τῶν
2348 5505 2644 5580 τιμωμένη
2679 5514 2735 5565 et
2786 5510 3231 5568 immutavimus
3261 5511 3408 5568 illud
3438 5513 3622 5570 inter-

1968 5592 2152 5665 pretis
2179 5611 2242 5649 :«
2267 5595 2430 5660 Quod
2453 5597 2633 5670 igitur
2655 5602 2743 5654 est
2765 5615 2914 5670 opus
2934 5599 3201 5655 Domini?
3221 5600 3493 5659 Revelare
3515 5602 3621 5661 ha-

1971 5682 2159 5740 bitum
2188 5700 2201 5754 ;
2231 5688 2288 5741 et
2320 5683 2517 5758 itaque
2544 5686 2697 5743 inter
2744 5701 2850 5743 nos
2910 5687 2960 5743 si
3014 5687 3231 5746 honore
3287 5690 3623 5750 afﬁciantur
