4124 6240
472 382 625 441 1095

1642 367 1876 430 ΝΟΤιΕ
1916 364 2364 426 FRONTONIS
2409 364 2677 428 DUCEI

3731 367 3884 429 1006

469 514 580 569 hoc
610 512 906 583 praetextu.
941 529 971 559 »
1002 505 1183 561 Paulo
1213 508 1347 577 post
1392 504 1700 560 annotarat
1735 497 2100 556 doctissimus

2234 494 2289 551 ΙΙ
2310 582 2316 583 7
2337 495 2690 570 Paralipom.
2736 514 2821 567 In,
2853 498 2907 569 5,
2942 491 3173 575 ἔγλυφεν
3208 494 3291 551 ἐπ’
3321 494 3487 552 αὐτοῦ
3517 497 3768 576 φοίνικας
3796 497 3882 554 καὶ

485 600 834 658 Tilmannus
857 615 960 671 pro
980 594 1388 671 καλυφθησεται
1410 592 1468 647 in
1503 594 1558 647 ιε’.
1584 589 1993 663 corrigendum
2018 584 2117 640 ἀνα

469 689 887 767 καλυφθήσεται·
922 687 1021 743 sed
1056 684 1202 740 alter
1250 682 1466 755 Regius
1498 686 1555 738 et
1586 682 1629 736 Ι.
1662 684 1720 736 et
1748 677 1916 750 Angl.
1950 676 2116 767 exhi-

472 766 650 836 buere
680 777 963 849 scriptum
1013 774 1116 829 οὐκ
1159 768 1694 849 ἀποκαλυφθήσεται,
1728 772 1793 825 ut
1832 771 1923 824 est
1968 766 2114 823 Mat-

473 870 606 925 thai
634 886 689 936 x,
716 869 806 936 26,
838 870 895 922 et
928 867 1087 921 Lucas
1116 880 1221 933 xu,
1242 865 1296 917 2.

543 976 660 1033 Col.
713 975 821 1030 322
860 974 901 1029 C
956 975 1009 1042 1,
1058 974 1239 1029 Nemus
1293 971 1573 1042 quosdam.
1632 957 1959 1038 Κοσύμϐους
2019 978 2113 1018 ex-

473 1066 637 1139 ponit
667 1070 889 1134 auctor,
921 1057 1265 1132 ἀποδέσμους
1320 1057 1468 1118 τινὰς
1513 1061 1621 1111 τῶν
1671 1057 1916 1130 κροσσῶν
1967 1069 2114 1124 quos

470 1157 759 1226 interpres
789 1156 1056 1219 verterat,
1076 1172 1103 1200 «
1131 1149 1415 1222 quasdam
1436 1146 1707 1203 fasciolas
1736 1143 1985 1199 ﬁmbriis
2014 1158 2112 1197 as-

468 1250 654 1311 sutas,
677 1243 735 1298 id
767 1249 878 1309 est,
898 1244 1091 1296 vestes
1121 1237 1449 1294 ﬁmbriatas
1480 1252 1613 1290 cum
1645 1230 2112 1306 appendentibus

468 1330 904 1387 tintinnabulis.
944 1351 971 1379 ››
1004 1328 1064 1384 S.
1097 1328 1515 1399 Hieronymus,
1549 1324 1720 1395 epist.
1752 1322 1872 1391 130,
1905 1336 2110 1374 nume-

465 1427 554 1478 rat
585 1423 732 1476 inter
760 1419 1106 1475 vestimenta
1136 1412 1524 1472 sacerdotalia
1551 1407 2035 1485 superhumerale
2057 1411 2113 1462 et

469 1510 701 1566 tunicas
758 1499 1117 1578 κοσυμϐωτάς
1179 1509 1233 1560 et
1290 1503 1557 1569 cidarim,
1590 1501 1647 1554 in
1692 1515 1864 1570 quem
1915 1496 2109 1551 locum

462 1600 726 1656 scribens
739 1598 1033 1653 Marianus
1046 1593 1362 1657 Victorius,
1378 1592 1545 1646 docet
1561 1588 1921 1644 ﬁmbriatum
1944 1584 2112 1640 vesti-

467 1693 731 1743 mentum
776 1683 1120 1756 signiﬁcari,
1165 1682 1316 1753 quod
1381 1678 1701 1752 Hesychius
1751 1668 2106 1747 κοσυμϐωτὸν

461 1774 769 1846 κροσσωτόν
802 1775 1237 1844 interpretetur,
1253 1770 1309 1825 id
1329 1774 1438 1836 est,
1454 1767 1837 1834 ﬁmbriatum,
1853 1770 1909 1821 et
1930 1764 2109 1819 Exodi

462 1882 666 1932 xxvm,
700 1864 798 1919 ubi
858 1862 1110 1952 Vulgata
1168 1859 1382 1915 lineam
1442 1858 1722 1930 scriptam
1785 1853 2187 1952 trans’tulit,B

465 1957 657 2010 Graece
710 1956 800 2008 est
854 1943 1252 2022 κοσυμϐωτόν·
1299 1948 1395 2004 alii
1470 1946 1699 2002 malunt
1750 1936 2106 2015 κοσυμϐωτόν

463 2042 856 2100 dicitunicam
890 2040 1060 2095 nodis
1085 2037 1486 2103 substrictam,
1520 2039 1576 2090 et
1604 2038 1901 2107 exponunt
1931 2032 2109 2088 Exodi

462 2151 662 2204 xxvm,
712 2124 985 2203 κόσυμὸοι
1034 2132 1139 2182 τῶν
1195 2127 1443 2204 χιτώνων
1505 2125 1565 2181 ἐκ
1626 2123 1849 2201 βύσσου,
1885 2146 1913 2172 ‹‹
1971 2122 2108 2178 nodi

460 2216 796 2278 tunicarum
829 2237 897 2276 ex
928 2220 1125 2291 bysso.
1162 2240 1189 2267 ››
1221 2216 1382 2273 Certe
1414 2215 1618 2271 Pollux
1649 2213 1757 2269 lib.
1799 2230 1867 2280 ιι,
1896 2229 2020 2285 cap.
2049 2212 2107 2281 3,

457 2303 743 2383 κοσύμϐην
777 2325 880 2382 pro
912 2306 1163 2363 crinium
1197 2307 1367 2362 modo
1399 2304 1581 2377 accipi
1609 2304 1906 2367 admonet,
1929 2316 2103 2373 quem

457 2393 746 2472 κρώϐυλον
781 2397 978 2469 potius
1015 2395 1199 2451 Attice
1242 2393 1367 2450 vult
1396 2391 1673 2467 appellari
1709 2409 1722 2447 :
1756 2390 2015 2466 Ἑτρεφον
2050 2383 2107 2442 δὲ

454 2508 595 2548 τινες
629 2484 689 2541 ἐκ
721 2482 955 2559 πλαγίου
986 2482 1167 2555 κόμην
1220 2482 1255 2552 ἢ
1306 2482 1530 2535 κατόπιν
1581 2478 1616 2548 ἢ
1678 2478 1810 2553 ὑπὶρ
1867 2480 1931 2531 τὸ
1978 2475 2103 2550 μέτ-

456 2579 915 2647 ωπον,ποταμοῖς
945 2573 981 2643 ἢ
1015 2571 1281 2643 θεοῖς,καὶ
1313 2571 1627 2643 ὠνομάζετο
1648 2567 1909 2643 πλοχμὸς
1926 2566 1961 2637 ἢ
1986 2565 2106 2620 σκόο

458 2665 555 2727 λυς
584 2665 618 2734 ἢ
679 2663 830 2739 σειρά
880 2665 1112 2738 τριχῶν
1151 2652 1404 2732 κοσύμϐη
1438 2654 1485 2712 δ’
1524 2656 1623 2712 οὐκ
1661 2656 1926 2723 Ἀττικὸν,
1960 2652 2106 2709 ἀλλὰ

458 2749 767 2827 κρώϐυλος·
798 2776 825 2804 ‹‹
851 2752 1200 2807 Nutriebant
1220 2766 1353 2804 vero
1375 2764 1601 2803 comam
1636 2746 1875 2819 quidam
1909 2745 1966 2799 in
2002 2744 2102 2799 ob-

458 2848 686 2919 liquum
708 2848 1065 2916 vergentem,
1082 2845 1182 2897 aut
1198 2856 1376 2912 super
1389 2842 1749 2912 tergum,aut
1764 2852 1941 2909 super
1954 2835 2105 2890 fron-

461 2944 600 3005 tem,
622 2933 965 2992 ﬂuminibus
987 2937 1087 2988 aut
1103 2931 1217 2987 diis
1234 2934 1660 3000 consecratam,
1683 2944 1810 2999 qua
1839 2923 2103 2999 πλοχμός

460 3033 562 3084 aut
592 3023 792 3086 σκόλυς
849 3022 1283 3080 nominabatur.
1315 3020 1441 3076 Non
1491 3019 1646 3076 enim
1695 3010 1971 3088 κοσύμϐη,
2004 3017 2102 3071 sed

458 3108 769 3189 κρώϐυλος,
795 3112 1121 3167 Atticorum
1155 3114 1259 3165 est.
1286 3130 1314 3158 ››
1340 3108 1400 3164 S.
1446 3106 1814 3180 Augustinus
1845 3104 1905 3158 in
1938 3103 2100 3171 Quac-

453 3202 726 3258 slionibus
752 3204 811 3256 in
842 3199 1091 3256 Exodum
1112 3198 1213 3253 lib.
1250 3215 1311 3265 ιι,
1346 3200 1551 3268 quiest.
1573 3196 1674 3251 114
1711 3210 1724 3251 :
1757 3217 1782 3243 ‹‹
1816 3193 2098 3248 Tunicam

457 3307 590 3346 vero
622 3306 757 3346 cum
790 3287 1067 3344 cornibus
1097 3285 1406 3342 honestius
1456 3287 1738 3356 putarunt
1776 3280 1961 3336 Latini
2012 3279 2098 3334 in-

456 3384 738 3453 terpretes
790 3377 925 3444 dici,
961 3394 1137 3450 quam
1187 3375 1235 3431 si
1294 3376 1573 3439 dicerent,
1604 3389 1728 3428 cum
1780 3371 1963 3438 cirris,
1996 3369 2097 3442 qui

456 3470 600 3526 bene
630 3468 933 3540 dispositis
979 3470 1323 3523 ornamento
1363 3480 1491 3520 esse
1518 3462 1783 3518 vestibus
1814 3458 2024 3516 solent.
2068 3481 2088 3507 ι

452 3558 595 3612 Cum
630 3556 811 3627 igitur
830 3554 1008 3610 Exodi
1034 3570 1227 3618 xxvm,
1249 3552 1338 3621 35,
1373 3543 1640 3623 διόσυμϐοι
1671 3553 1811 3605 sunt
1833 3548 1969 3604 nodi
2001 3552 2095 3602 tu-

454 3645 717 3700 nicarum
745 3660 813 3699 ex
844 3643 1042 3716 bysso,
1058 3641 1330 3697 videntur
1358 3639 1812 3713 appellationem
1846 3636 1998 3693 nacti
2027 3655 2095 3692 ex

450 3733 839 3788 similitudine
854 3732 1105 3788 cirorum
1129 3730 1216 3786 vel
1239 3730 1510 3796 crinium,
1535 3730 1632 3801 qui
1656 3734 1795 3785 sunt
1816 3728 1950 3783 nodi
1972 3727 2093 3783 sive

452 3839 638 3877 nexus
661 3821 1004 3893 capillorum
1028 3840 1041 3888 ;
1068 3825 1373 3891 propterea
1399 3835 1579 3873 nexus
1607 3817 1972 3872 ﬁmbriarum
2000 3816 2093 3871 hic

451 3911 923 3982 interpretamur.
959 3908 1136 3963 Paulo
1194 3912 1328 3980 post
1386 3900 1793 3980 ἔγκομϐώματα
1847 3907 2091 3979 κροσσῶν

448 3999 735 4055 vertimus
765 4023 791 4047 ‹‹
818 4003 1091 4054 ornatum
1124 3996 1516 4064 ﬁmbriarum,
1545 4018 1572 4045 »
1613 3995 1765 4067 quod
1800 3994 1959 4050 dicat
1990 3995 2091 4049 Pe-

452 4094 602 4159 trus,
637 4086 896 4160 Epistola
945 4105 985 4152 ι,
1017 4087 1072 4157 5,
1104 4078 1522 4158 ἰγκομϐώσασθε
1584 4082 1683 4151 τήν
1739 4101 2093 4158 ταπεινοφρο-

452 4175 635 4247 σῦνην,
660 4200 689 4227 ‹‹
724 4174 1114 4231 humilitatem
1149 4173 1463 4239 insinuate,
1488 4195 1515 4223 ››
1539 4172 1625 4228 vel
1658 4194 1686 4223 «
1718 4176 1903 4227 estote
1931 4172 2094 4228 intus

451 4265 783 4322 humilitate
807 4262 1032 4320 ornati:
1060 4285 1087 4312 ››
1112 4263 1262 4335 quod
1284 4266 1451 4317 vetus
1475 4261 1738 4317 [.exicum
1758 4254 2093 4335 ἐγκόμϐωμα

448 4359 698 4427 exponat
719 4350 914 4425 δεσμὸν
941 4355 1048 4405 τῶν
1078 4346 1359 4425 χιιρίδων,
1397 4372 1420 4402 ι
1445 4366 1652 4405 nexum
1680 4349 2041 4406 manicarum
2062 4372 2092 4401 ››

450 4445 569 4502 sive
591 4445 775 4499 nodos
798 4442 1164 4497 ﬁmbriarum
1198 4438 1443 4495 manicis
1463 4442 1717 4493 assutor.
1736 4437 1842 4493 Alii
1867 4438 2095 4494 malunt

451 4528 870 4605 ἐγκωμϐώματα
890 4529 1004 4585 dici
1024 4528 1375 4584 vestimenta
1392 4527 1749 4597 qumdam,ut
1771 4527 2091 4602 Hesychius

2182 587 2194 608 '
2226 582 2497 658 χαλαστά.
2530 586 2639 642 Ubi
2669 586 2922 659 Vulgata
2948 587 3072 643 Lat.
3108 603 3122 643 :
3156 586 3500 661 Sculpsitque
3554 590 3611 644 in
3664 606 3734 646 ea
3766 593 3881 663 pal-

2224 691 2363 745 mas,
2393 682 2445 731 et
2465 677 2631 748 quasi
2648 677 2932 733 catenatas
2958 691 3017 733 se
3045 677 3278 733 invicem
3306 678 3733 748 complectentes
3761 698 3783 734 :
3810 683 3878 736 ad

2225 765 2490 832 verbum,
2523 766 2785 822 laxatiles
2811 776 2943 821 sunt
2971 769 3201 823 catenae.

2295 853 2415 910 Col.
2433 854 2539 909 223
2557 855 2603 909 Α
2622 854 3025 927 10.Supercilia
3037 856 3242 927 pingit.
3258 857 3721 914 Immutavimus
3739 858 3876 914 illud

2224 943 2468 1015 interpr.
2487 961 2500 999 :
2522 967 2550 994 «
2573 944 2794 1001 Similis
2815 943 2969 1000 lunae
2990 944 3048 999 in
3071 961 3290 1001 cornua
3315 944 3537 1001 inflexa:
3561 948 3880 1019 supercilia

2223 1048 2331 1088 suo
2363 1032 2587 1088 ambitu
2620 1033 2839 1088 circum
2873 1033 3073 1089 oculos
3096 1034 3488 1107 amplectitur.
3515 1061 3535 1088 ο
3572 1037 3881 1109 Signiﬁcat

2222 1120 2496 1193 Basilius,
2511 1121 2791 1177 delineari
2814 1121 3035 1178 circum
3059 1123 3263 1179 oculos
3288 1125 3706 1195 supercilia,ut
3724 1127 3880 1183 velut

2220 1210 2280 1266 in
2313 1227 2511 1265 arcum
2546 1209 2748 1266 lunata
2779 1210 2912 1267 illos
2938 1212 3221 1268 ambiant.
3258 1212 3318 1268 S.
3353 1213 3759 1287 Hieronymus
3784 1233 3877 1287 ep.

2224 1301 2291 1354 10
2322 1317 2335 1355 :
2376 1319 2397 1347 ι
2431 1304 2556 1354 Non
2590 1300 2799 1355 habuit
2829 1300 3145 1356 stridentes
3205 1300 3513 1374 calceolos,
3549 1320 3658 1359 nec
3711 1304 3879 1360 orbes

2220 1388 2396 1444 stibio
2415 1388 2778 1462 fuliginatos.
2806 1412 2834 1439 »
2860 1390 3207 1463 Epist.27:«
3236 1390 3553 1463 Turpanda
3584 1397 3677 1448 est
3702 1393 3876 1450 facies

2221 1497 2397 1552 quam
2432 1496 2670 1537 cerussa
2701 1486 2756 1537 et
2786 1481 2962 1538 stibio
2993 1499 3145 1553 saepe
3174 1482 3435 1555 depinxi.
3468 1505 3495 1533 ››
3526 1488 3583 1539 S.
3614 1484 3874 1540 Joannes

2219 1568 2671 1640 Chrysostomus
2704 1570 2762 1625 in
2795 1575 3044 1626 tractatu
3078 1588 3112 1625 a
3142 1571 3313 1627 nobis
3344 1571 3578 1645 vulgato
3609 1574 3682 1628 de
3702 1574 3762 1630 S.
3783 1574 3869 1629 Jo-

2219 1658 2400 1730 sepho
2436 1674 2449 1713 :
2485 1655 2686 1713 Μέλανι
2716 1656 2842 1720 rei);
2875 1656 3196 1735 ὀφθαλμοὺς
3231 1659 3646 1737 ὑπογράφουσι,
3671 1686 3701 1713 ‹‹
3731 1680 3867 1718 oc-u-

2217 1746 2305 1802 los
2339 1747 2510 1802 stibio
2542 1748 2840 1819 pingebat.
2877 1770 2897 1797 ι
2930 1746 3354 1818 Tertullianus,
3385 1752 3461 1806 De
3511 1751 3667 1806 cultu
3709 1754 3864 1823 femi-

2218 1853 2440 1907 narum,
2471 1853 2578 1909 cap
2620 1839 2693 1908 51:
2727 1858 2753 1890 α
2780 1845 2912 1904 Quae
2938 1853 3119 1909 genas
3152 1838 3364 1895 rubore
3394 1839 3718 1907 maculant,
3734 1857 3865 1896 ocu-

2217 1923 2304 1981 los
2339 1924 2583 1997 fuligine
2615 1924 3057 1981 circumlinunt.
3094 1947 3120 1975 υ
3154 1926 3360 1982 Pollux
3387 1925 3494 1983 lib.
3525 1946 3584 1999 ν,
3609 1945 3743 2002 cap.
3766 1930 3865 1986 46:

2215 2013 2349 2074 Τοὺς
2403 2011 2724 2087 ὀφθαλμοὺς
2785 2012 3103 2092 ὑπογράφει,
3133 2012 3228 2076 τὰς
3289 2015 3456 2093 ὀφρῦς
3495 2014 3767 2090 μλαῖνει,
3798 2017 3871 2079 εἰς

2214 2101 2477 2176 γραμμὰς
2509 2099 2859 2175 ἡμικυκλίων
2891 2103 3137 2177 περιάγει
3166 2110 3473 2181 γεωμετρεῖ
3499 2105 3630 2179 περὶ
3660 2105 3873 2161 Emend-

2214 2191 2599 2247 wov-«Oculos
2614 2193 2823 2248 subtus
2847 2192 3873 2267 inﬁcit,superciliadenigrat,lineas

2215 2280 2685 2337 semicirculares
2733 2281 3145 2352 circumducit,
3178 2282 3428 2340 frontem
3481 2285 3810 2353 dimetitur,
3843 2310 3870 2335 υ

2213 2370 2299 2425 vol
2335 2370 2551 2442 potius,
2591 2393 2610 2419 α
2647 2370 3031 2443 geometriam
3065 2370 3124 2427 in
3173 2373 3508 2444 superciliis
3556 2380 3805 2430 exercet.
3836 2397 3864 2425 ιι

2285 2458 2403 2516 Col.
2433 2459 2559 2529 327,
2590 2461 2653 2514 Α.
2681 2460 2737 2514 ’7.
2770 2459 2927 2529 Quod
2974 2466 3163 2518 autem
3212 2464 3458 2519 nemine.
3490 2463 3686 2520 Aliam
3737 2481 3867 2520 sen-

2211 2549 2455 2603 tentiam
2488 2548 2798 2604 exhibebat
2836 2549 2996 2605 edita
3025 2551 3236 2623 versio,
3272 2574 3300 2602 (ί
3328 2552 3386 2606 Si
3419 2553 3661 2625 quidem
3695 2570 3864 2609 nemo

2210 2637 2367 2692 videt
2397 2653 2579 2692 unum
2613 2636 2870 2709 aliquem
2895 2638 3143 2694 seorsim
3162 2644 3217 2696 et
3239 2640 3527 2713 privatam
3551 2642 3859 2714 degentem

2212 2726 2390 2781 vitam
2416 2730 2604 2782 vestes
2623 2725 2955 2783 luculentas
2980 2727 3199 2784 circum
3200 2730 3383 2800 jicere
3406 2747 3512 2802 per
3529 2732 3710 2787 aedes.
3734 2731 3863 2787 Hac

2213 2816 2366 2872 enim
2401 2816 2702 2873 declarant
2730 2832 3030 2873 excessum
3059 2835 3316 2887 omnem,
3350 2836 3467 2891 quo
3500 2819 3628 2876 ista;
3656 2820 3865 2877 abute-

2212 2904 2447 2961 bantur.
2476 2927 2503 2953 ››
2525 2905 2683 2970 Quod
2707 2910 2905 2961 autem
2943 2910 3154 2963 attinet
3182 2908 3256 2963 ad
3286 2906 3388 2963 illa
3426 2912 3716 2966 Laconica
3752 2910 3867 2983 pel-

2210 2993 2429 3062 lucida,
2451 2994 2509 3049 S.
2536 2994 2928 3064 Hieronymus
2951 2994 3032 3052 ait
3052 2996 3131 3052 ita
3155 2997 3311 3052 LXX
3350 3013 3484 3054 esse
3511 2997 3867 3071 interpreta-

2210 3087 2324 3151 tos,
2345 3083 2601 3140 volentes
2622 3083 3000 3140 tenuissimas
3032 3085 3370 3157 signiﬁcare
3400 3091 3616 3156 vestes,
3648 3088 3865 3159 quibus

2212 3171 2807 3244 Lacedaemoniorum,
2839 3173 2938 3245 qui
2972 3173 3210 3229 fuerunt
3241 3175 3312 3230 ad
3344 3174 3497 3231 bella
3548 3179 3863 3249 promptis-

2131 3250 2174 3319 C
2210 3261 2367 3329 simi,
2402 3267 2459 3316 et
2491 3262 2834 3317 austerioris
2867 3262 3020 3328 vitae,
3055 3278 3296 3334 corpora
3343 3264 3736 3336 tegebantur;
3763 3266 3862 3322 alii

2206 3350 2469 3406 referunt
2492 3352 2561 3406 ad
2596 3367 2888 3424 purpuras
2920 3351 3238 3408 Laconicas
3264 3353 3517 3409 nitentes
3562 3359 3621 3410 et
3669 3354 3861 3428 splen-

2205 3439 2431 3507 dentes,
2457 3440 2611 3511 quod
2646 3440 2957 3497 Laconicas
2986 3458 3279 3514 purpuras
3308 3459 3437 3498 esse
3488 3443 3853 3516 pretiosissi-

2205 3544 2333 3585 mas
2365 3528 2582 3585 scribat
2604 3528 2846 3600 Plinius,
2873 3531 2973 3587 lib.
2996 3548 3144 3586 xxxv
3182 3532 3412 3603 Hirtam,
3445 3549 3575 3603 cap.
3606 3534 3661 3590 6.
3696 3534 3852 3590 Basi-

2201 3616 2317 3673 lius
2339 3622 2535 3674 tamen
2564 3624 2931 3675 Lacaenarum
2951 3625 3142 3677 vestes
3164 3619 3487 3692 pellucidae
3511 3621 3694 3679 fuisse
3707 3624 3850 3693 vult,

2203 3707 2536 3777 cujusmodi
2557 3710 2793 3764 fuerunt
2812 3709 2935 3764 Coae
2958 3713 3148 3765 vestes
3170 3727 3203 3765 a
3232 3710 3419 3782 poetis
3449 3710 3677 3768 Latinis
3706 3712 3850 3768 cele-

2200 3795 2401 3852 bratae.
2434 3795 2728 3863 Tibullus,
2758 3797 2901 3869 eleg.
2934 3798 2988 3869 3,
3022 3798 3125 3855 lib.
3157 3814 3200 3852 ιι
3234 3814 3246 3854 :

2307 3895 2415 4021 [Ilia
2445 3902 2600 4022 θῆναι
2630 3900 2804 3951 veste:
2833 3902 3040 3964 tenues,
3071 3912 3205 3968 qua:
3236 3896 3449 3967 [emine
3479 3897 3587 3953 Coa

2360 3983 2491 4022 exui

2360 3983 2629 4023 exuu.....

2205 4068 2261 4120 et
2292 4063 2587 4131 Horatius,
2620 4063 2719 4119 lib.
2755 4082 2795 4135 ι,
2827 4068 3024 4137 satyra
3049 4064 3087 4118 2
3116 4080 3130 4119 :

2307 4163 2499 4218 Altera
2518 4163 2613 4235 nit
2640 4162 2833 4232 obstat,
2869 4163 2990 4220 Coi:
3017 4163 3124 4218 tibi
3144 4178 3288 4235 pene
3314 4163 3503 4220 videre
3527 4170 3614 4221 est

2313 4236 2377 4292 Ut
2403 4234 2735 4290 nudam.....

2201 4332 2555 4405 Propertius,
2589 4331 2689 4387 lib.
2721 4348 2784 4400 ιι,
2816 4331 2961 4404 eleg.
2995 4333 3021 4387 1
3060 4349 3073 4386 :

2308 4440 2432 4495 Sive
2462 4441 2598 4511 togis
2628 4439 2787 4495 illam
2815 4439 3121 4510 fulgentem
3150 4437 3398 4493 incidere
3426 4439 3567 4496 Cois.

2204 4546 2320 4601 Coa
2351 4545 2507 4600 enim
2538 4545 2719 4600 vestis
2751 4544 3080 4616 puellarum
3117 4544 3226 4599 fuit
3256 4544 3411 4600 fama
3441 4552 3570 4600 non'
3603 4546 3855 4605 nimium

455 4613 733 4691 κόσυμϐον
766 4634 895 4675 esse
936 4617 1079 4672 dicit
1126 4610 1462 4689 ἐγκόμϐωμα
1491 4612 1580 4668 καὶ
1610 4614 1895 4689 περίζωμα
1927 4614 2094 4689 Αἰγύ-

2215 4637 2378 4690 bona.
2403 4633 2650 4702 Plinius,
2676 4610 3173 4706 de—bombycibus,
3198 4632 3300 4687 lib.
3323 4649 3402 4702 x1,
3426 4649 3474 4688 c.
3498 4634 3571 4688 22
3596 4651 3610 4689 :
3642 4636 3857 4692 cTelas

454 4729 637 4774 πτιον,
659 4730 686 4757 ‹‹
721 4705 1158 4780 subligaculum
1189 4704 1270 4761 vel
1305 4705 1584 4761 amictum
1613 4705 1969 4778 Egyptium.
2000 4729 2019 4755 ο

523 4816 671 4872 Ibid.
720 4815 810 4871 13.
856 4815 1015 4871 Alter
1071 4813 1319 4885 quidam.
1371 4813 1430 4868 S.
1477 4811 1867 4885 Hieronymus
1916 4812 1973 4867 in
2036 4829 2095 4871 ιιι

456 4906 653 4961 Isaiae:
676 4926 703 4955 ‹‹
724 4905 855 4960 Hac
893 4903 1089 4959 omnia
1116 4902 1252 4958 licet
1284 4900 1431 4957 LXX
1465 4901 1831 4972 interpretes,
1862 4901 2095 4973 Aquila,

452 5000 510 5048 et
529 4993 942 5066 Symmachus,
975 5008 1041 5048 ac
1069 4990 1391 5047 Theodotio
1423 4988 1666 5045 diversis
1699 4990 1890 5045 modis
1921 4990 2096 5046 inter-

456 5086 780 5154 pretantur,
805 5098 913 5137 nos
945 5085 1008 5136 ut
1034 5081 1356 5151 potuimus,
1389 5077 1473 5133 vel
1508 5079 1578 5133 de
1612 5078 1869 5146 lJebnro,
1899 5078 1983 5135 vel
2028 5081 2098 5135 de

454 5172 716 5243 ipsorum
748 5169 1130 5226 translatione
1180 5166 1492 5222 texuimus.
1527 5187 1551 5217 ι
1604 5167 1666 5221 In
1710 5171 1868 5222 textu
1919 5167 2095 5224 etiam

456 5260 770 5333 prophetae,
795 5276 968 5331 quem
997 5257 1253 5328 vulgavit
1282 5254 1660 5311 doctissimus
1690 5256 1861 5312 Joan.
1896 5257 2097 5314 Curte-

457 5351 579 5406 rius
597 5367 665 5405 ex
686 5348 1084 5406 vetustissimo
1104 5344 1301 5401 codice
1315 5343 1412 5414 qui
1439 5360 1592 5397 nunc
1606 5349 1693 5400 est
1714 5344 2099 5401 illustrissimi

460 5439 774 5495 cardinalis
800 5433 1220 5510 Rupifucaldii,
1246 5436 1563 5487 annotatur
1603 5433 1659 5486 in
1705 5435 1966 5505 margine
1996 5452 2098 5506 pro

464 5525 782 5599 μηνίσκους,
842 5524 1089 5592 lunatas,
1123 5519 1543 5596 Symmachum
1600 5521 1857 5579 edidisse
1911 5521 2097 5595 μανιάο

457 5637 579 5687 κας,
607 5621 848 5689 torques,
897 5620 954 5672 et
1012 5631 1114 5686 pro
1168 5610 1234 5664 τὰ
1287 5608 1583 5680 καθέματα,
1636 5612 1891 5679 monilia,
1926 5611 2099 5685 χαλα-

461 5705 575 5774 στά,
633 5707 933 5762 calenutas.
993 5704 1138 5759 Nam
1198 5705 1254 5755 et
1312 5699 1392 5754 ita
1450 5697 1699 5769 legimus
1752 5702 1903 5772 apud
1968 5703 2100 5757 LXX

2208 4740 2557 4779 araneorum
2585 4722 2758 4779 modo
2789 4726 3013 4788 texunt,
3047 4721 3119 4777 ad
3145 4723 3366 4777 vestem
3397 4720 3728 4796 laxumque
3774 4726 3856 4781 fe-

2208 4812 2524 4869 minarum.
2552 4811 2749 4867 Prima
2772 4825 2872 4867 eas
2895 4808 3178 4866 redordiri
3203 4825 3523 4881 rursusque
3552 4815 3753 4869 texere
3772 4815 3857 4870 in-

2206 4901 2365 4957 venit
2390 4901 2448 4956 in
2478 4900 2589 4956 Ceo
2619 4899 2706 4956 vel
2738 4899 2837 4967 Co,
2871 4897 3084 4955 mulier
3112 4897 3455 4971 Pamphyla,
3490 4904 3558 4956 ut
3598 4902 3857 4959 denudet

2206 4989 2453 5046 feminas
2482 4989 2680 5044 vestis.
2708 5011 2736 5039 »
2771 4987 3037 5044 Clemens
3070 4986 3491 5044 Alexandrinus
3512 4989 3636 5046 haec
3667 4992 3741 5048 de
3761 5010 3854 5050 ve-

2208 5079 2353 5135 stitu
2410 5080 2803 5146 Lacmnarum,
2836 5076 2941 5132 lib.
2975 5093 3015 5132 ιι
3046 5077 3366 5147 Ριτάαροθί,
3399 5092 3528 5150 cap.
3572 5080 3643 5135 10
3675 5098 3689 5136 :
3724 5076 3854 5135 Οὗδὶ

2206 5166 2310 5241 γὰρ
2366 5165 2496 5239 ὑπὲρ
2555 5165 2687 5240 γόνυ
2742 5164 2981 5238 καθάπερ
3036 5163 3133 5225 τὰς
3212 5162 3480 5228 Λακαίνας
3546 5164 3854 5233 ἐστολῖσοαι

2208 5253 2399 5310 καλόν
2435 5251 2587 5309 οὐδὲν
2620 5254 2723 5329 γὰρ
2760 5253 2923 5327 μέρος
2956 5252 3137 5308 ὁτιοῦν
3195 5250 3636 5328 ἀπογυμνοῦσθαι
3680 5279 3850 5332 γυναι-

2208 5345 2301 5405 κὸς
2332 5341 2615 5417 εὐπρεπές,
2655 5366 2681 5391 α
2707 5344 2906 5415 Neque
2928 5343 3087 5399 enim
3119 5341 3271 5397 sicut
3308 5342 3572 5400 Lacaenas
3603 5348 3852 5421 virgines

2209 5451 2388 5507 supra
2409 5450 2561 5506 genu
2594 5433 2789 5488 vestiri
2822 5432 3138 5488 honestum
3165 5448 3178 5487 :
3206 5430 3431 5488 nullam
3448 5435 3604 5491 enim
3628 5443 3848 5508 partem

2209 5523 2438 5580 feminas
2457 5523 2664 5579 nudari
2688 5523 2962 5578 decorum
2983 5525 3092 5577 est.
3126 5543 3156 5572 »
3179 5525 3450 5578 Lacaenas
3470 5522 3649 5580 etiam
3673 5546 3849 5599 φαινο-

2210 5607 2440 5687 μηρίδας
2466 5611 2780 5685 appellavit
2803 5612 3034 5684 Ibycus,
3059 5611 3212 5682 quod
3246 5610 3477 5668 incessu
3501 5630 3677 5672 coxas
3709 5621 3849 5673 rete-

2208 5707 2434 5776 gerent,
2454 5710 2507 5757 et
2529 5696 2909 5775 ἀνδρομανεῖς,
2937 5700 3106 5773 quasi
3140 5701 3349 5755 insano
3382 5701 3439 5757 in
3471 5703 3627 5760 viros
3658 5722 3848 5761 amore
