4124 6240
285 304 440 367 1097

1490 297 1568 359 IN
1614 274 2035 361 CUMMENT.
2070 297 2147 357 1N
2192 294 2494 361 ISAIAM.

3547 300 3703 367 1098

286 436 564 495 ardentes
596 412 759 507 apud
786 431 1166 490 Plutarchum
1196 431 1307 488 sub
1340 430 1516 487 ﬁnem
1553 429 1687 487 Vitae
1717 434 1938 488 Numae.
1970 434 2021 501 Α
2054 427 2233 485 dubio
2264 427 2572 501 scripsisse
2620 429 2907 487 Basilium
2962 428 3258 485 κατάκλιτα
3309 432 3530 491 indicat
3573 436 3706 506 ipsa

358 543 476 600 Col.
508 544 609 599 321
658 541 722 598 Β.
750 542 838 597 10.
871 545 1136 612 Purpura
1162 556 1287 611 pro.
1321 537 1450 593 Haac
1479 540 1544 591 ut
1570 538 1764 592 Greece
1793 536 1945 592 desi-

292 634 659 691 derabantur
688 630 747 686 in
771 629 952 703 Regio
977 629 1038 687 F.
1063 631 1122 685 et
1147 643 1217 683 ex
1236 627 1304 682 Η.
1329 626 1372 683 Ι.
1405 628 1463 682 et
1491 623 1949 697 Angl.suppleta

289 728 454 791 sunt,
481 723 560 779 ita
592 737 796 778 eorum
826 716 1232 790 interpretatio
1264 715 1465 771 Latina
1508 713 1687 770 textui
1717 718 1808 769 est
1837 713 1949 769 ad-

290 813 515 880 dita,ut
543 815 797 882 quatuor
825 808 1251 865 elementorum
1283 806 1473 877 ﬁgura
1502 803 1760 876 perlecta
1778 801 1839 857 in
1859 817 1947 857 ve-

290 903 437 959 stitu
493 896 840 956 sacerdotali
880 899 1208 968 appareret,
1241 909 1418 965 quam
1476 892 1653 949 etiam
1712 890 1949 962 exponit

290 992 354 1049 S.
393 989 786 1061 Hieronymus
818 986 991 1058 epist.
1026 985 1131 1040 428
1167 1002 1180 1039 :
1213 1005 1242 1035 α
1276 982 1537 1046 Quatuor
1594 979 1816 1037 colores
1874 979 1947 1034 ad

288 1085 546 1153 quatuor
576 1077 866 1134 elementa
901 1075 1256 1140 referuntur,
1290 1089 1358 1127 ex
1407 1071 1625 1143 quibus
1675 1069 1948 1125 universa

285 1167 643 1224 subsistunt.
673 1165 896 1236 Byssus
926 1169 1091 1217 terra:
1123 1160 1460 1233 deputatur;
1495 1157 1634 1230 quia
1663 1174 1733 1213 ex
1790 1163 1948 1212 terra

284 1256 571 1331 gignitur.
595 1254 866 1325 Purpura
886 1249 1056 1318 mari,
1081 1248 1221 1321 quia
1242 1265 1309 1303 ex
1330 1248 1457 1319 ejus
1487 1244 1799 1302 cochleolis
1843 1245 1947 1301 tin-

284 1343 828 1419 gitur;hyacinthus
841 1336 1452 1411 aeri,proptercoloris
1466 1334 1944 1405 similitudinem;

289 1449 500 1490 coccus
530 1431 650 1503 igni
680 1434 739 1487 et
767 1427 989 1499 aztheri,
1022 1426 1120 1497 qui
1153 1425 1435 1481 Hebraice
1463 1434 1569 1485 ms
1608 1439 1702 1479 sen
1742 1422 1944 1495 appel-

287 1524 481 1579 latur:
517 1521 827 1592 etjustum
878 1533 1008 1572 esse
1056 1525 1539 1582 commemorant,
1578 1521 1636 1568 ut
1684 1513 1946 1585 pontifex

287 1610 576 1670 Creatoris
609 1625 725 1665 non
757 1607 950 1663 solum
983 1621 1085 1677 pro
1128 1602 1333 1671 Israel,
1365 1604 1467 1659 sed
1519 1618 1621 1674 pro
1668 1602 1942 1659 universo

291 1701 512 1756 mundo
535 1695 1183 1771 roget.»'l‘heodcretus,
1201 1694 1272 1747 de
1294 1692 1651 1763 tegminibus
1673 1691 1943 1747 taberna-

2055 517 2431 590 etymologia,
2456 536 2624 591 quam
2660 520 2845 587 affert,
2870 521 3024 593 quod
3058 521 3266 579 toralia
3295 523 3704 595 designentur,

2057 609 2177 663 sive
2208 611 2455 680 tapetes,
2482 608 2699 680 quibus
2724 608 2857 665 lecti
2902 628 3015 666 non
3057 610 3272 667 lecticae
3302 611 3708 669 insterneban-

2056 702 2171 763 tur,
2233 714 2368 753 eum
2429 697 2919 771 diseumheretur,
2976 706 3040 758 ut
3096 703 3250 773 apud
3302 700 3641 774 Virgilium,
3688 720 3707 759 ι

2056 786 2271 842 Αῗηείά.
2305 804 2324 842 :

2166 875 2574 948 .....Stratoque
2602 893 2767 948 super
2795 876 3163 934 discumbitur
3191 884 3357 936 ostro.

2055 974 2148 1030 Sic
2179 976 2334 1046 apud
2366 975 2819 1044 Tertullianum,
2854 978 2929 1031 lle
2953 979 3149 1049 pallio,
3182 995 3309 1051 cap.
3343 980 3395 1049 3,
3428 979 3707 1053 intelligit

2055 1063 2350 1119 Pamelius
2380 1064 2524 1120 illud
2578 1066 2649 1121 de
2684 1082 2905 1137 pavone
2938 1085 2950 1124 :
2986 1090 3013 1117 ‹‹
3059 1067 3401 1139 Quanquam
3454 1074 3511 1125 et
3558 1087 3705 1143 pavo

2056 1152 2260 1224 pluma
2289 1155 2487 1225 vestis,
2520 1161 2577 1210 et
2616 1155 2855 1226 quidem
2905 1158 2977 1212 de
3030 1157 3340 1226 cataclitis,
3375 1159 3494 1215 imo
3543 1161 3705 1216 omni

2057 1241 2359 1314 conchylio
2390 1243 2743 1316 depressior,
2770 1265 2798 1293 ››
2824 1244 2879 1299 id
2914 1251 3023 1312 est,
3048 1247 3120 1301 de
3149 1248 3456 1316 accubitis,
3489 1249 3706 1321 quibus

2056 1331 2128 1385 ad
2163 1332 2633 1391 aceumbeudum
2659 1338 2992 1400 utebantur,
3016 1337 3251 1391 tametsi
3273 1336 3485 1393 Suidas
3500 1355 3613 1394 non
3628 1342 3708 1393 to-

2056 1419 2223 1485 ralia,
2256 1420 2356 1476 sed
2390 1419 2599 1488 κλίνας,
2650 1420 2854 1487 lectos,
2901 1440 3029 1479 esse
3082 1424 3209 1480 vult
3262 1424 3329 1478 τὰ
3384 1424 3702 1481 κατάκλίτα.

2054 1508 2163 1564 Sed
2201 1526 2305 1565 nec
2340 1508 2424 1563 illi
2456 1510 2899 1565 assentiendum
2934 1518 3096 1583 puto,
3130 1530 3234 1569 nec
3266 1515 3396 1570 aliis
3428 1516 3530 1587 qui
3559 1513 3706 1589 παρὰ

2050 1598 2113 1650 τὸ
2160 1594 2513 1664 κατακλύζειν
2570 1599 2870 1654 deducunt
2902 1600 3043 1655 illud
3083 1624 3112 1652 ‹‹
3162 1603 3471 1675 cataclitis,
3509 1628 3528 1653 ι
3567 1620 3700 1659 cum

2052 1686 2430 1744 scribendum
2465 1686 2659 1758 potius
2709 1687 2935 1754 fuisset,
2969 1690 3038 1745 de
3080 1690 3417 1763 cataclystis
3451 1709 3464 1746 :
3501 1708 3700 1748 verum

287 1790 407 1847 culi
450 1804 651 1860 agens,
678 1783 970 1857 quaest.60
994 1784 1054 1838 in
1074 1782 1336 1839 Exortum
1365 1798 1387 1835 .·
1413 1779 1512 1833 Τὸν
1548 1774 1605 1833 δὲ
1631 1773 1830 1856 ὄροφον
1865 1779 1940 1832 εἴ·
1972 1808 2020 1872 Β
2051 1776 2282 1872 optimc
2301 1775 2623 1872 conjecisse
2651 1776 3471 1872 doctissimum_Th_eodorum
3498 1780 3703 1835 Marci-

285 1897 389 1953 ’χον
437 1875 487 1948 ἐξ
535 1873 862 1950 ὑφασμάτων
913 1868 1184 1924 ποικίλων
1231 1867 1292 1923 ἐκ
1336 1864 1610 1945 διαφόρων
1653 1878 1940 1921 κατεσκευ-

286 1962 518 2037 ασμὲνον
547 1961 884 2038 χρωμάτων,
925 1958 1013 2013 καὶ
1043 1962 1211 2012 ταῦτα
1242 1953 1299 2011 δὲ
1344 1960 1451 2011 τῶν
1484 1957 1756 2032 τεσσάρων
1790 1976 1940 2010 στοι-

286 2053 456 2129 χείων
488 2053 555 2121 ἧν
588 2050 655 2105 τὰ
684 2048 1002 2123 αἰνίγματα.
1035 2048 1097 2104 Ὁ
1132 2047 1227 2119 μὶν
1257 2046 1359 2119 γὰρ
1384 2044 1643 2129 Ῠὺάκινθος
1690 2049 1769 2117 τῷ
1816 2043 1939 2120 ἀάρι

285 2128 595 2219 στροσὲοικεο
627 2138 689 2193 τὸ
734 2134 793 2192 δὲ
824 2133 1095 2213 ῥοδοειδὶς
1129 2136 1163 2206 ἢ
1196 2128 1533 2210 κοκκοϐαφὲς
1569 2137 1649 2205 τῷ
1698 2134 1852 2210 πυρὶ,
1878 2134 1942 2188 τὸ

288 2230 347 2287 δὲ
378 2227 709 2304 άλουργικὸν
745 2225 940 2301 μηνύει
970 2226 1067 2294 τὴν
1119 2221 1415 2279 θάλατταν·
1452 2221 1626 2292 ἐκείνη
1666 2222 1768 2297 γὰρ
1820 2223 1941 2296 τρε..

290 2341 377 2399 ερει
407 2321 505 2390 τήν
538 2314 773 2391 κόχλον,
808 2315 860 2386 ἐξ
887 2315 949 2369 οὗ
976 2314 1039 2369 τὸ
1095 2316 1341 2368 τοιοῦτον
1385 2311 1587 2387 γίνεται
1634 2315 1863 2387 χρῶμα·
1904 2314 1939 2382 ἡ

291 2410 349 2466 δὲ
383 2409 581 2486 βύσσος
616 2407 714 2475 τὴν
773 2411 898 2480 γῆν·
933 2402 991 2458 ἐκ
1037 2402 1236 2472 ταύτης
1282 2401 1381 2477 γὰρ
1432 2400 1651 2479 φύεσθαι
1706 2400 1939 2476 λίγεται.

295 2525 315 2551 ι
354 2498 728 2573 Tegebantur
756 2495 933 2551 variis
965 2492 1212 2549 texturis
1242 2492 1489 2547 diversns
1523 2491 1718 2548 tinctis
1736 2491 1943 2548 colori-

290 2592 427 2658 bus,
456 2587 556 2660 qui
587 2584 825 2658 quidem
854 2588 1107 2655 quatuor
1135 2580 1424 2638 elementa
1463 2581 1939 2637 subindicabant.

288 2680 436 2736 Nam
463 2675 814 2751 hyacinthus
832 2674 905 2729 ad
928 2676 1202 2728 naturam
1226 2671 1375 2727 aeris
1397 2670 1649 2739 accedit;
1668 2686 1941 2727 rosaceus

287 2774 485 2826 autem
517 2764 698 2832 color,
731 2780 834 2819 seu
868 2776 1036 2818 cocco
1067 2761 1313 2827 tinctus,
1345 2760 1417 2815 ad
1453 2763 1725 2815 naturam
1756 2758 1937 2831 ignis;

2050 1865 2196 1921 lium
2228 1864 2321 1921 hic
2342 1866 2800 1934 emendandum,
2817 1867 2886 1923 de
2908 1866 3253 1937 cataclistis,
3269 1886 3336 1925 ex
3357 1869 3700 1942 Fortunato,

2052 1954 2154 2009 lib.
2186 1956 2259 2009 De
2291 1957 2477 2011 vite-.S.
2501 1953 2750 2020 Martini,

2159 2043 2415 2115 Cycladis
2444 2049 2538 2100 aut
2570 2044 2751 2116 qualis
2779 2045 3081 2101 cataclistis
3113 2048 3288 2119 c/Tora
3317 2047 3481 2117 vasis,

2054 2143 2112 2196 et
2142 2140 2292 2198 libro
2325 2158 2399 2210 iv,

2161 2241 2296 2309 Quae
2324 2258 2524 2298 manus
2553 2242 2784 2311 artiﬁcis
2812 2243 3155 2299 cataclistica
3184 2245 3280 2314 ﬁla
3309 2245 3559 2312 rotavit;

2053 2343 2110 2393 et.
2154 2355 2221 2393 ex
2275 2339 2540 2411 Apuleio,
2576 2340 2678 2395 lib.
2712 2357 2793 2407 χι,
2819 2362 2846 2390 ‹‹
2882 2342 2991 2396 Eas
3049 2358 3318 2397 amoenus
3373 2341 3703 2397 lectissimae

2045 2427 2373 2495 juventutis
2420 2434 2579 2483 veste
2631 2428 2798 2484 nivea
2854 2435 2911 2484 et
2968 2430 3272 2486 cataclista
3321 2432 3578 2486 renitens
3606 2446 3700 2486 se-

2054 2516 2342 2588 quebatur
2398 2517 2657 2585 chorus;
2708 2539 2736 2568 »
2797 2535 2911 2574 non
2966 2528 3160 2575 autem
3218 2536 3285 2575 ex
3344 2520 3700 2576 Tertulliano

2050 2603 2457 2671 corrigendum
2529 2604 2862 2675 Apuleium,
2923 2612 2986 2660 ut
3044 2606 3267 2662 volebat
3331 2607 3421 2663 Jo.
3482 2608 3700 2663 Merce-

2052 2690 2176 2744 rius
2228 2690 2284 2745 J.
2331 2695 2413 2757 C.,
2464 2708 2600 2746 cum
2648 2693 2809 2749 illam
2858 2694 3330 2750 emendationem
3390 2696 3699 2752 confirmet

2051 2778 2174 2833 haec
2219 2778 2390 2835 lectio
2450 2782 2632 2837 Graeci
2687 2786 2880 2838 textus
2930 2782 3089 2853 LXX,
3148 2784 3249 2840 ubi
3300 2784 3549 2859 θέριστρα
3594 2803 3697 2838 κα-

287 2870 625 2931 purpureus
656 2855 853 2908 autem
878 2865 1039 2905 mare
1059 2848 1397 2917 denotabat,
1419 2847 1475 2903 in
1509 2864 1625 2921 quo
1648 2847 1941 2904 enutritur

2057 2863 2339 2921 τάκλειστα
2399 2869 2678 2925 dicuntur
2737 2892 2765 2921 ‹‹
2825 2870 3064 2942 palliola
3119 2871 3340 2942 clausa,
3384 2895 3414 2923 »
3468 2879 3525 2929 et
3580 2872 3695 2928 alia

283 2940 879 3011 0000ba,unde°01°r
897 2937 1482 3030 θᾶξιεωοάξερῐῐξίιυνῑ
1506 2937 1720 3030 δ-Υδεαες
1739 2940 1938 3030 ante?
2046 2957 2463 3025 Senecae,lib,1
2497 2960 2570 3013 De
2600 2937 2911 3030 tranquill.,
2949 2964 3006 3014 et
3041 2937 3338 3016 Ammiani
3376 2961 3698 3018 Marcellini

285 3040 503 3092 terram
523 3030 832 3097 referebat,
857 3027 1013 3084 unde
1035 3025 1199 3083 nasci
1221 3026 1457 3082 dicitur.
1486 3025 1818 3098 nJosephus
1845 3026 1939 3081 de-

285 3139 476 3192 mum,
502 3121 604 3177 lib.
623 3136 708 3187 iu,
731 3135 858 3191 cap.
887 3119 941 3190 8,
964 3117 1235 3189 Antiquit.
1265 3132 1284 3170 :
1313 3114 1390 3167 Τά
1416 3133 1474 3168 τε
1504 3113 1607 3189 γὰρ
1650 3114 1827 3190 φάρση
1880 3111 1939 3169 ἐκ

290 3210 563 3287 τεσσάρων
599 3208 893 3286 ὑφανθέντα
918 3206 1017 3275 τὴν
1057 3208 1165 3259 τῶν
1209 3201 1496 3279 στοιχείων
1550 3201 1705 3279 φύσιν
1753 3199 1940 3273 δηλοῖ.
1975 3176 2019 3244 C

290 3303 368 3359 ’Ἡ
398 3285 584 3375 τιτγᾶρ
621 3285 817 3375 βύσσος
844 3296 943 3365 τὴν
970 3296 1068 3371 γῆν
1110 3292 1505 3365 ἀποσημαίνειν
1550 3285 1715 3365 ἔοικε,
1750 3289 1840 3345 διὰ
1886 3292 1948 3346 τὸ

299 3390 354 3462 ιε
384 3389 553 3458 αὐτῆς
599 3386 862 3449 ἀνιιῖσθαι
907 3384 999 3438 τὸν
1052 3381 1223 3439 λίνον·
1258 3381 1291 3450 ἥ
1323 3402 1382 3436 τε
1423 3380 1676 3459 πορφύρα
1727 3381 1825 3451 τήν
1856 3379 1948 3434 θά-

300 3478 526 3550 λασσαν,
558 3480 636 3548 τῷ
668 3472 1018 3552 πεφοινίχθαι
1047 3476 1147 3541 τῆς
1204 3469 1417 3545 κόχλου
1463 3474 1543 3542 τῷ
1594 3468 1803 3545 eripiet-tv
1853 3470 1946 3524 τὸν

296 3565 356 3623 δὲ
387 3566 517 3641 ἁὲρα
553 3561 807 3639 βούλεται
841 3557 1043 3631 δηλοῦν
1078 3560 1112 3628 ἡ
1150 3556 1519 3628 ὑάκινθος,καὶ
1542 3558 1569 3611 ὁ
1601 3557 1776 3635 φοίνιξ
1808 3554 1854 3611 δ’
1882 3557 1947 3611 αὗ

290 3656 593 3730 τεκμήριον
624 3648 722 3708 τοῦ
752 3648 947 3724 πυρός.
986 3671 1014 3700 ι(
1041 3648 1186 3705 Vela
1218 3664 1454 3721 quoque
1484 3666 1514 3704 Β
1545 3652 1799 3720 quatuor
1852 3663 1946 3703 co-

292 3746 522 3803 loribus
553 3745 825 3800 contexta
853 3737 1282 3796 elementorum
1305 3743 1578 3793 naturam
1612 3738 1944 3808 designant.

292 3836 440 3891 Nam
471 3834 685 3906 byssus
707 3834 923 3906 terram
945 3827 1160 3883 referre
1180 3826 1431 3895 videtur,
1464 3842 1532 3882 ex
1563 3842 1681 3898 qua
1707 3825 1815 3880 lini
1839 3825 1949 3880 hoc

297 3938 489 3999 genus
513 3902 817 3994 provenit;
850 3931 1112 3990 purpura
1139 3930 1276 3971 vero
1299 3931 1479 3987 mare,
1512 3931 1578 3971 eo
1610 3914 1765 3986 quod
1807 3930 1945 3969 con-

302 4012 479 4086 chylii
501 4024 708 4067 cruore
728 4008 805 4064 sit
829 4008 1053 4073 fucata;
1079 4020 1270 4061 aerem
1301 4020 1436 4060 vero
1472 4003 1826 4077 hyacinthus
1857 4020 1948 4059 re-

304 4104 655 4177 praesentare
684 4098 932 4162 videtur,
964 4095 1120 4152 sicut
1147 4093 1435 4167 puniceus
1482 4093 1640 4149 color
1669 4094 1884 4166 ignem.
1922 4116 1943 4143 ι

302 4191 506 4248 Merito
538 4188 718 4263 igitur
737 4186 1000 4242 ordinem
1024 4183 1347 4239 dictionum
1371 4183 1825 4239 interturbatum
1856 4198 1949 4237 re-

302 4279 630 4349 stituimus,
656 4292 789 4331 cum
814 4279 988 4330 antea
1005 4273 1091 4329 sic
1112 4288 1389 4345 expressa
1409 4277 1606 4329 essent
1624 4272 1757 4343 ista,
1781 4271 1950 4343 quasi

307 4368 584 4425 mulieres
615 4369 816 4422 essent
837 4364 1053 4418 indute:
1086 4361 1625 4434 vestimentis,quzn
1647 4362 1772 4417 suis
1802 4360 1954 4416 colo-

305 4458 472 4515 ribus
494 4458 783 4511 elementa
805 4456 1313 4524 repraesentarent,
1338 4451 1438 4506 sed
1462 4456 1519 4507 et
1537 4451 1596 4505 in
1619 4450 1829 4506 Graecis
1850 4450 1950 4505 ad-

2046 3044 2194 3115 loca,
2226 3063 2295 3101 ex
2324 3046 2541 3117 quibus
2591 3052 2820 3103 constat
2866 3050 3268 3105 commendari
3321 3050 3698 3122 potissimum

2056 3140 2265 3204 vestes,
2292 3152 2416 3207 qua:
2450 3153 2520 3191 ex
2550 3137 2766 3192 arculis
2798 3137 3180 3207 proferuntur
3210 3155 3423 3211 pressat
3458 3140 3703 3211 penden-

2063 3223 2220 3279 tibus
2256 3228 2319 3279 ut
2349 3225 2539 3296 magis
2572 3224 2922 3297 splendeant
2953 3243 2965 3280 :
2997 3244 3186 3298 neque
3208 3227 3376 3284 facile
3404 3244 3708 3285 occurrere

2059 3313 2247 3385 possit
2269 3319 2491 3379 auctor,
2516 3314 2617 3386 qui
2649 3320 2836 3371 vestes
2860 3315 3163 3372 cataclitas
3197 3316 3377 3385 dicat,
3400 3318 3500 3373 sed
3547 3321 3709 3374 cata-

2059 3401 2195 3458 clita
2221 3406 2448 3458 tantum
2473 3402 2685 3459 toralia
2703 3410 3004 3459 vocantur.
3029 3406 3091 3460 In
3125 3410 3284 3461 textu
3306 3405 3481 3461 etiam
3513 3406 3707 3462 Greco

2058 3508 2092 3545 a
2113 3490 2374 3547 Curterio
2396 3491 2550 3547 edito
2585 3508 2698 3548 non
2735 3489 3032 3547 κατάκλιτα
3059 3494 3312 3566 legimus
3342 3495 3496 3566 apud
3530 3497 3703 3567 LXX,

2058 3580 2163 3636 sed
2184 3578 2567 3638 κατάκλειστα.
2594 3582 2670 3636 Ex
2690 3582 2928 3638 Hebraeo
2950 3600 3066 3639 non
3099 3589 3291 3656 potest
3320 3583 3543 3656 liquere
3577 3590 3706 3640 utra

2056 3687 2164 3725 vox
2186 3670 2264 3726 sit
2285 3671 2496 3743 aptior,
2521 3672 2678 3743 quod
2702 3671 2812 3727 hoc
2844 3672 3107 3728 additum
3150 3674 3227 3729 sit
3253 3674 3488 3730 Hebraeo
3517 3674 3702 3730 textui

2058 3776 2092 3813 a
2125 3759 2283 3827 LXX,
2318 3764 2382 3815 ut
2438 3776 2504 3815 ex
2560 3765 2616 3814 S.
2677 3760 3028 3834 Hieronymo
3070 3768 3317 3831 constat,
3373 3763 3473 3835 qui
3530 3764 3708 3821 habet

2056 3854 2287 3904 tantum
2321 3872 2349 3901 α
2383 3855 2441 3904 et
2468 3849 2784 3906 theristra:
2822 3872 2851 3899 ››
2883 3867 3061 3921 quam
3085 3851 3157 3905 ob
3189 3868 3429 3907 causam
3454 3853 3708 3909 Basilius

2058 3937 2138 3993 ait
2160 3937 2254 3992 hic
2276 3937 2443 3993 ohelo
2475 3943 2737 3994 notatam
2773 3937 2933 3993 illam
2983 3938 3322 4006 dictionem,
3357 3942 3428 3997 ab
3476 3942 3708 4013 Aquila,

2057 4026 2409 4098 Symmacho
2441 4032 2495 4082 et
2526 4026 2771 4098 reliquis
2800 4027 3108 4095 omissam,
3128 4033 3193 4083 ut
3219 4033 3425 4085 cratera
3444 4028 3713 4100 obeloju-

2059 4114 2416 4187 gulahantur
2447 4114 2507 4171 in
2534 4115 2792 4171 editione
2823 4115 3115 4187 Origcnis,
3150 4134 3277 4188 qua)
3309 4118 3542 4175 Hebraeo
3585 4121 3713 4174 fue-

2060 4210 2191 4261 rant
2220 4206 2611 4275 addita,sicut
2632 4209 2804 4260 antea
2826 4205 2886 4259 in
2927 4205 3068 4259 illud
3095 4205 3386 4262 Geneseos
3411 4207 3712 4263 annotavi-

2061 4312 2215 4365 mus,
2232 4318 2258 4345 ‹‹
2276 4295 2343 4349 Et
2364 4298 2714 4366 congregata
2737 4298 2827 4349 est
2849 4309 3025 4365 aqua,
3049 4315 3077 4342 »
3101 4293 3423 4351 homilJiz'n
3441 4302 3709 4353 Ilexaem.

2132 4383 2249 4439 Col.
2309 4384 2415 4439 330
2470 4388 2511 4436 Β
2567 4383 2621 4438 8.
2670 4386 2735 4438 Et
2791 4384 3101 4441 incensum.
3153 4384 3461 4456 Scriptura:
3517 4385 3711 4441 locum

2062 4472 2526 4543 designavimus,
2559 4471 2614 4525 in
2649 4486 2765 4542 quo
2797 4471 2864 4524 fit
2901 4472 3114 4525 mentio
3165 4471 3275 4528 olei
3328 4474 3624 4531 unctionis
3656 4480 3713 4532 et

307 4549 426 4637 huc
448 4562 516 4601 θι
537 4544 677 4637 ῐῖθελ
703 4540 1201 4637 ξίοεοτιξίεξθῖῖἀυω
1228 4544 1393 4637 “Ret
1416 4542 1599 4637 δηθῗο
1619 4539 1957 4637 Αηὸιοδξθῖα
1986 4545 2034 4616 D.
2067 4539 2467 4634 thymiamatis
2506 4539 2973 4633 compositionis,
3008 4562 3164 4631 quod
3215 4562 3466 4635 Vulgata
3521 4588 3549 4614 ι(
3583 4565 3714 4637 thy-

310 4635 505 4691 ἐκεῖνοι
533 4625 809 4704 σύμϐολα,
837 4654 863 4680 ‹‹
897 4630 1139 4702 indutae,
1173 4628 1371 4702 qualia
1406 4634 1574 4686 erant
1618 4647 1705 4699 ea,
1740 4629 1944 4702 quibus

2067 4651 2287 4706 miama
2318 4655 2645 4706 aromatum
2681 4671 2709 4698 ››
2740 4653 2925 4704 vocat.
2959 4653 3138 4706 Porro
3189 4668 3324 4708 cum
3371 4653 3466 4709 hic
3495 4653 3715 4726 aliquid

313 4724 649 4784 sacerdotes
678 4719 890 4776 induti.
924 4738 951 4771 ι

2067 4741 2271 4796 deesse
2329 4739 2716 4794 arbitraretur
2771 4737 3083 4810 interpres,
3126 4741 3420 4811 adjecerat
3494 4719 3719 4816 aliquot

383 4831 529 4889 Ibid.
593 4829 679 4883 14.
747 4826 1110 4883 Accubiloria.
1170 4824 1528 4898 Scripsimus
1598 4827 1958 4897 accubitoria,
2066 4831 2262 4898 verba,
2291 4834 2348 4885 et
2380 4845 2555 4884 unam
2580 4827 2881 4900 periodum
2912 4828 3134 4884 induas
3157 4830 3435 4887 diviserat
3468 4850 3479 4888 :
3517 4857 3545 4883 ι(
3580 4834 3716 4890 For-

309 4928 369 4980 et
423 4920 484 4976 in
541 4917 757 4975 Graecis
811 4911 1006 4968 κατάκ)
1027 4932 1131 4981 ιτα,
1163 4915 1319 4986 quod
1377 4914 1437 4969 in
1486 4932 1614 4970 eam
1648 4915 1957 4971 lectionem
2067 4923 2224 4974 tasse
2272 4919 2431 4974 enim
2482 4922 2794 4990 postquam
2843 4916 2904 4971 in
2955 4919 3175 4990 tempto
3240 4936 3369 4976 esse
3414 4930 3719 4994 cmperunt

312 5006 685 5067 consentiant
707 5006 821 5061 duo
846 5003 1010 5076 Regii
1037 5003 1094 5058 Ρ.
1127 5003 1195 5057 Η.
1229 5008 1285 5058 et
1315 5004 1357 5059 l.
1390 5020 1521 5059 cum
1554 5004 1827 5076 Anglicis.
1864 5006 1959 5059 ln-
2070 5006 2428 5079 voluptuosa:
2463 5005 2794 5077 fragrantia
2824 5006 3209 5071 odores,tunc
3242 5016 3609 5082 unguentum
3628 5029 3720 5065 sa-

311 5107 539 5170 tcrpres
566 5100 761 5151 tamen
792 5092 1073 5165 quoniam
1108 5093 1166 5147 in
1208 5091 1414 5149 Bibliis
1474 5092 1860 5149 Plantinianis
1908 5098 1965 5148 et
2072 5114 2182 5152 crae
2214 5095 2509 5151 unctionis
2540 5102 2595 5149 et
2629 5094 2953 5166 thymiama
2983 5098 3427 5169 compositionis
3456 5116 3582 5156 esse
3613 5102 3717 5154 de-

318 5184 689 5245 Gcrmanicis
720 5182 876 5255 apud
906 5179 1251 5253 prophetam
1284 5181 1496 5253 legitur
1524 5182 1773 5258 Οέριστρα
1801 5178 1944 5235 κατά

2074 5187 2321 5241 sierunt.
2356 5187 2418 5240 In
2452 5189 2667 5238 terram
2700 5183 2855 5238 enim
2898 5185 3229 5257 disjectum.
3264 5210 3291 5237 ››

296 5272 566 5341 aluerat,
596 5276 871 5341 verterat,
897 5293 925 5320 ‹‹
969 5269 1249 5326 theristra
1297 5269 1516 5326 clausa.
1552 5296 1578 5321 ›.
1613 5272 1680 5327 Et
1724 5288 1854 5327 vero
1905 5270 1964 5326 in
2148 5274 2266 5329 Col.
2299 5274 2396 5328 331
2446 5278 2485 5327 C
2522 5273 2574 5329 3.
2622 5278 2759 5329 Ante
2806 5275 3042 5330 virilem.
3096 5278 3383 5346 lnterpres
3439 5275 3719 5345 ediderat,

314 5363 681 5441 quibusdam
713 5362 894 5417 etiam
929 5359 1125 5415 Basilii
1159 5360 1594 5433 exemplaribus
1626 5361 1706 5415 ita
1738 5359 1844 5431 legi
1867 5362 1966 5416 ad-
2082 5386 2107 5411 α
2143 5361 2371 5435 praeripi
2406 5368 2587 5418 inerte
2631 5368 2765 5417 ante
2816 5379 3159 5418 messoriam
3218 5365 3422 5419 falcem
3453 5381 3465 5419 :
3510 5389 3529 5415 ιι
3566 5368 3721 5437 quod

314 5452 628 5515 monctvir
648 5449 1032 5507 doctissimus
1064 5448 1386 5505 Flaminius
1431 5450 1698 5505 Nobilius
1744 5449 1803 5504 in
1857 5450 1971 5505 edi-
2081 5452 2263 5524 ἀκμήν
2299 5469 2413 5507 non
2445 5452 2949 5521 animadverterit,
2975 5469 3087 5525 non
3133 5451 3323 5506 solum
3379 5454 3561 5510 aciem
3607 5458 3728 5512 sive

314 5546 478 5603 tione
501 5544 761 5599 Romana
777 5539 1460 5610 LXX,quemadmodum
1495 5543 1549 5595 et
1584 5540 1636 5593 in
1674 5539 1973 5596 nonnullis
2085 5541 2387 5613 cuspidem
2423 5558 2648 5611 sonare,
2683 5542 2783 5597 sed
2815 5540 2992 5595 etiam
3024 5540 3123 5606 τήν
3171 5538 3416 5613 νεότητα,
3449 5544 3727 5614 juventu-

315 5634 484 5692 Isaias
534 5631 828 5706 prophetae
880 5626 1049 5683 libris
1108 5627 1320 5683 Graecis
1356 5646 1368 5683 :
1403 5634 1801 5685 verumtaan
1848 5629 1938 5686 sin

2090 5638 2232 5700 tem,
2266 5637 2321 5687 et
2370 5628 2420 5683 ἐν
2467 5630 2617 5703 ἀκμῇ
2667 5631 2789 5686 sive
2834 5626 2960 5689 τοὺς
3003 5626 3361 5704 ἀκμάζοντας,
3412 5638 3579 5691 etate
3623 5635 3727 5690 ﬁo.

627 5759 895 5819 Parcet.
941 5753 1057 5817 GI.
1108 5754 1295 5815 XXX.
3078 5762 3087 5765 “
3330 5758 3403 5820 35
