  <div class='ocr_page' id='page_1' title='image "/cluster/home/n/w/nwhite01/storage/ocr_20150623/30/hvd.32044073501827/557.png"; bbox 0 0 4138 6216; ppageno 0'>
   <div class='ocr_carea' id='block_1_1' title="bbox 503 324 2131 389">
    <p class='ocr_par' dir='ltr' id='par_1_1' title="bbox 503 326 2131 389">
     <span class='ocr_line' id='line_1_1' title="bbox 503 326 2131 389; baseline -0.001 -1"><span class='ocrx_word' id='word_1_1' title='bbox 503 326 660 389; x_wconf 79' lang='grc'><strong>1099</strong></span> <span class='ocrx_word' id='word_1_2' title='bbox 1241 361 1246 366; x_wconf 62' lang='grc' dir='ltr'><strong>ε</strong></span> <span class='ocrx_word' id='word_1_3' title='bbox 1692 326 1925 387; x_wconf 71' lang='lat' dir='ltr'>NOT/E</span> <span class='ocrx_word' id='word_1_4' title='bbox 1969 326 2131 386; x_wconf 80' lang='lat' dir='ltr'>FBO</span> 
     </span>
    </p>
   </div>
   <div class='ocr_carea' id='block_1_2' title="bbox 2252 324 3870 389">
    <p class='ocr_par' dir='ltr' id='par_1_2' title="bbox 2252 324 3870 386">
     <span class='ocr_line' id='line_1_2' title="bbox 2252 324 3870 386; baseline -0.001 0"><span class='ocrx_word' id='word_1_5' title='bbox 2252 324 2413 386; x_wconf 77' lang='lat' dir='ltr'>)NIS</span> <span class='ocrx_word' id='word_1_6' title='bbox 2456 324 2713 385; x_wconf 65' lang='lat' dir='ltr'>DUCzEl</span> <span class='ocrx_word' id='word_1_7' title='bbox 3738 325 3870 385; x_wconf 81' lang='grc'><strong>1100</strong></span> 
     </span>
    </p>
   </div>
   <div class='ocr_carea' id='block_1_3' title="bbox 498 438 2131 529">
    <p class='ocr_par' dir='ltr' id='par_1_3' title="bbox 498 438 2130 529">
     <span class='ocr_line' id='line_1_3' title="bbox 498 438 2130 529; baseline -0.004 -13"><span class='ocrx_word' id='word_1_8' title='bbox 498 462 714 526; x_wconf 90' lang='lat' dir='ltr'>rentes,</span> <span class='ocrx_word' id='word_1_9' title='bbox 745 453 874 520; x_wconf 72' lang='grc' dir='ltr'>τοὺς</span> <span class='ocrx_word' id='word_1_10' title='bbox 902 453 953 510; x_wconf 83' lang='grc' dir='ltr'>ἐν</span> <span class='ocrx_word' id='word_1_11' title='bbox 986 457 1055 529; x_wconf 80' lang='grc' dir='ltr'>τῇ</span> <span class='ocrx_word' id='word_1_12' title='bbox 1109 438 1301 525; x_wconf 67' lang='grc' dir='ltr'>ἦλικίᾳ</span> <span class='ocrx_word' id='word_1_13' title='bbox 1332 453 1714 525; x_wconf 75' lang='grc' dir='ltr'>καθεστηκυίᾳ,</span> <span class='ocrx_word' id='word_1_14' title='bbox 1744 461 1808 512; x_wconf 93' lang='lat' dir='ltr'>ut</span> <span class='ocrx_word' id='word_1_15' title='bbox 1850 457 2003 513; x_wconf 86' lang='lat' dir='ltr'>infra</span> <span class='ocrx_word' id='word_1_16' title='bbox 2054 461 2130 510; x_wconf 81' lang='grc' dir='ltr'>Βι</span> 
     </span>
    </p>
   </div>
   <div class='ocr_carea' id='block_1_4' title="bbox 2252 438 3870 529">
    <p class='ocr_par' dir='ltr' id='par_1_4' title="bbox 2271 451 3870 529">
     <span class='ocr_line' id='line_1_4' title="bbox 2271 451 3870 529; baseline 0.002 -20"><span class='ocrx_word' id='word_1_17' title='bbox 2271 453 2565 529; x_wconf 82' lang='grc' dir='ltr'>ὑπόσχεσις</span> <span class='ocrx_word' id='word_1_18' title='bbox 2614 453 2702 512; x_wconf 88' lang='lat' dir='ltr'>vel</span> <span class='ocrx_word' id='word_1_19' title='bbox 2759 451 3088 528; x_wconf 75' lang='grc' dir='ltr'>ἐπαγγελίαο</span> <span class='ocrx_word' id='word_1_20' title='bbox 3123 469 3256 510; x_wconf 91' lang='lat' dir='ltr'>cum</span> <span class='ocrx_word' id='word_1_21' title='bbox 3308 453 3541 526; x_wconf 81' lang='lat' dir='ltr'>proprie</span> <span class='ocrx_word' id='word_1_22' title='bbox 3569 454 3642 510; x_wconf 87' lang='lat' dir='ltr'>sit</span> <span class='ocrx_word' id='word_1_23' title='bbox 3669 471 3870 527; x_wconf 60' lang='lat' dir='ltr'>posses-</span> 
     </span>
    </p>
   </div>
   <div class='ocr_carea' id='block_1_5' title="bbox 500 538 2131 617">
    <p class='ocr_par' dir='ltr' id='par_1_5' title="bbox 500 539 2131 616">
     <span class='ocr_line' id='line_1_5' title="bbox 500 539 2131 616; baseline -0.004 -12"><span class='ocrx_word' id='word_1_24' title='bbox 500 549 670 605; x_wconf 81' lang='lat' dir='ltr'>silius</span> <span class='ocrx_word' id='word_1_25' title='bbox 700 546 864 615; x_wconf 83' lang='lat' dir='ltr'>dixit,</span> <span class='ocrx_word' id='word_1_26' title='bbox 899 545 950 600; x_wconf 71' lang='grc' dir='ltr'>οἱ</span> <span class='ocrx_word' id='word_1_27' title='bbox 982 543 1032 598; x_wconf 75' lang='grc' dir='ltr'>ἐν</span> <span class='ocrx_word' id='word_1_28' title='bbox 1066 539 1260 614; x_wconf 71' lang='grc' dir='ltr'>ἡλικίᾳ</span> <span class='ocrx_word' id='word_1_29' title='bbox 1289 543 1507 613; x_wconf 74' lang='grc' dir='ltr'>πάντες,</span> <span class='ocrx_word' id='word_1_30' title='bbox 1545 567 1565 594; x_wconf 77' lang='grc' dir='ltr'>ι</span> <span class='ocrx_word' id='word_1_31' title='bbox 1601 545 1696 616; x_wconf 87' lang='lat' dir='ltr'>qui</span> <span class='ocrx_word' id='word_1_32' title='bbox 1730 547 2062 602; x_wconf 86' lang='lat' dir='ltr'>consistunt</span> <span class='ocrx_word' id='word_1_33' title='bbox 2091 546 2131 600; x_wconf 76' lang='lat' dir='ltr'>ir</span> 
     </span>
    </p>
   </div>
   <div class='ocr_carea' id='block_1_6' title="bbox 2252 538 3869 617">
    <p class='ocr_par' dir='ltr' id='par_1_6' title="bbox 2268 538 3869 617">
     <span class='ocr_line' id='line_1_6' title="bbox 2268 538 3869 617; baseline -0.002 -16"><span class='ocrx_word' id='word_1_34' title='bbox 2268 546 2355 601; x_wconf 91' lang='lat' dir='ltr'>sio</span> <span class='ocrx_word' id='word_1_35' title='bbox 2389 561 2402 600; x_wconf 86' lang='lat'><strong>:</strong></span> <span class='ocrx_word' id='word_1_36' title='bbox 2438 543 2587 601; x_wconf 88' lang='lat' dir='ltr'>Psal.</span> <span class='ocrx_word' id='word_1_37' title='bbox 2622 561 2682 612; x_wconf 83' lang='grc' dir='ltr'>ιι,</span> <span class='ocrx_word' id='word_1_38' title='bbox 2713 545 2750 598; x_wconf 90' lang='lat'>8</span> <span class='ocrx_word' id='word_1_39' title='bbox 2780 560 2792 599; x_wconf 90' lang='lat'><strong>:</strong></span> <span class='ocrx_word' id='word_1_40' title='bbox 2827 542 2995 597; x_wconf 87' lang='grc' dir='ltr'>Δώσω</span> <span class='ocrx_word' id='word_1_41' title='bbox 3053 562 3136 597; x_wconf 90' lang='grc' dir='ltr'>σοι</span> <span class='ocrx_word' id='word_1_42' title='bbox 3197 538 3323 612; x_wconf 82' lang='grc' dir='ltr'>ἔθνη</span> <span class='ocrx_word' id='word_1_43' title='bbox 3381 541 3480 609; x_wconf 83' lang='grc' dir='ltr'>τήν</span> <span class='ocrx_word' id='word_1_44' title='bbox 3536 540 3869 617; x_wconf 74' lang='grc' dir='ltr'>κληρονομίαν</span> 
     </span>
    </p>
   </div>
   <div class='ocr_carea' id='block_1_7' title="bbox 500 629 2131 708">
    <p class='ocr_par' dir='ltr' id='par_1_7' title="bbox 500 633 2131 708">
     <span class='ocr_line' id='line_1_7' title="bbox 500 633 2131 708; baseline -0.002 -14"><span class='ocrx_word' id='word_1_45' title='bbox 500 637 690 694; x_wconf 67' lang='lat' dir='ltr'>astatis</span> <span class='ocrx_word' id='word_1_46' title='bbox 720 635 981 708; x_wconf 80' lang='lat' dir='ltr'>vigore.»</span> <span class='ocrx_word' id='word_1_47' title='bbox 1009 635 1118 690; x_wconf 89' lang='lat' dir='ltr'>Sed</span> <span class='ocrx_word' id='word_1_48' title='bbox 1149 639 1204 690; x_wconf 92' lang='lat' dir='ltr'>et</span> <span class='ocrx_word' id='word_1_49' title='bbox 1235 633 1405 689; x_wconf 90' lang='lat' dir='ltr'>illica</span> <span class='ocrx_word' id='word_1_50' title='bbox 1438 638 1632 690; x_wconf 81' lang='lat' dir='ltr'>mente</span> <span class='ocrx_word' id='word_1_51' title='bbox 1663 635 1920 691; x_wconf 79' lang='lat' dir='ltr'>auctoris</span> <span class='ocrx_word' id='word_1_52' title='bbox 1941 635 2131 691; x_wconf 87' lang='lat' dir='ltr'>disces</span> 
     </span>
    </p>
   </div>
   <div class='ocr_carea' id='block_1_8' title="bbox 2252 629 3869 708">
    <p class='ocr_par' dir='ltr' id='par_1_8' title="bbox 2268 629 3869 706">
     <span class='ocr_line' id='line_1_8' title="bbox 2268 629 3869 706; baseline 0 -20"><span class='ocrx_word' id='word_1_53' title='bbox 2268 652 2403 700; x_wconf 86' lang='grc' dir='ltr'>σου,</span> <span class='ocrx_word' id='word_1_54' title='bbox 2467 631 2555 686; x_wconf 84' lang='grc' dir='ltr'>καὶ</span> <span class='ocrx_word' id='word_1_55' title='bbox 2635 631 2734 699; x_wconf 75' lang='grc' dir='ltr'>τὴν</span> <span class='ocrx_word' id='word_1_56' title='bbox 2812 629 3136 706; x_wconf 81' lang='grc' dir='ltr'>κατάσχεσίν</span> <span class='ocrx_word' id='word_1_57' title='bbox 3213 650 3308 684; x_wconf 92' lang='grc' dir='ltr'>σου</span> <span class='ocrx_word' id='word_1_58' title='bbox 3395 630 3461 684; x_wconf 75' lang='grc' dir='ltr'>τὰ</span> <span class='ocrx_word' id='word_1_59' title='bbox 3528 630 3720 706; x_wconf 70' lang='grc' dir='ltr'>πέρατα</span> <span class='ocrx_word' id='word_1_60' title='bbox 3789 639 3869 701; x_wconf 79' lang='grc' dir='ltr'>τῆς</span> 
     </span>
    </p>
   </div>
   <div class='ocr_carea' id='block_1_9' title="bbox 501 721 3871 795">
    <p class='ocr_par' dir='ltr' id='par_1_9' title="bbox 501 721 3871 795">
     <span class='ocr_line' id='line_1_9' title="bbox 501 721 3871 795; baseline -0.001 -12"><span class='ocrx_word' id='word_1_61' title='bbox 501 727 601 795; x_wconf 89' lang='lat' dir='ltr'>sit,</span> <span class='ocrx_word' id='word_1_62' title='bbox 659 726 971 782; x_wconf 89' lang='lat' dir='ltr'>emendato</span> <span class='ocrx_word' id='word_1_63' title='bbox 1021 722 1216 778; x_wconf 88' lang='lat' dir='ltr'>codice</span> <span class='ocrx_word' id='word_1_64' title='bbox 1266 722 1588 778; x_wconf 89' lang='lat' dir='ltr'>destitutus</span> <span class='ocrx_word' id='word_1_65' title='bbox 1630 730 1689 780; x_wconf 88' lang='lat' dir='ltr'>et</span> <span class='ocrx_word' id='word_1_66' title='bbox 1718 729 1970 791; x_wconf 88' lang='lat' dir='ltr'>vertens,</span> <span class='ocrx_word' id='word_1_67' title='bbox 2008 746 2036 775; x_wconf 86' lang='grc'>‹‹</span> <span class='ocrx_word' id='word_1_68' title='bbox 2095 729 2160 780; x_wconf 91' lang='lat' dir='ltr'>ut</span> <span class='ocrx_word' id='word_1_69' title='bbox 2267 721 2393 795; x_wconf 78' lang='grc' dir='ltr'>γῆς·</span> <span class='ocrx_word' id='word_1_70' title='bbox 2427 722 2570 777; x_wconf 85' lang='lat' dir='ltr'><strong><em>Dabo</em></strong></span> <span class='ocrx_word' id='word_1_71' title='bbox 2620 722 2723 776; x_wconf 73' lang='lat' dir='ltr'>tibi</span> <span class='ocrx_word' id='word_1_72' title='bbox 2766 729 2954 790; x_wconf 87' lang='lat' dir='ltr'>gentes</span> <span class='ocrx_word' id='word_1_73' title='bbox 3002 721 3378 778; x_wconf 70' lang='lat' dir='ltr'>haereditatem</span> <span class='ocrx_word' id='word_1_74' title='bbox 3414 725 3586 790; x_wconf 84' lang='lat' dir='ltr'>tuam,</span> <span class='ocrx_word' id='word_1_75' title='bbox 3617 730 3668 776; x_wconf 86' lang='lat' dir='ltr'>et</span> <span class='ocrx_word' id='word_1_76' title='bbox 3690 739 3871 792; x_wconf 81' lang='lat' dir='ltr'>posses-</span> 
     </span>
    </p>
   </div>
   <div class='ocr_carea' id='block_1_10' title="bbox 504 809 3870 885">
    <p class='ocr_par' dir='ltr' id='par_1_10' title="bbox 504 809 3870 885">
     <span class='ocr_line' id='line_1_10' title="bbox 504 809 3870 885; baseline -0.002 -13"><span class='ocrx_word' id='word_1_77' title='bbox 504 815 654 872; x_wconf 87' lang='lat' dir='ltr'>nulli</span> <span class='ocrx_word' id='word_1_78' title='bbox 687 814 820 870; x_wconf 86' lang='lat' dir='ltr'><strong>usui</strong></span> <span class='ocrx_word' id='word_1_79' title='bbox 854 827 1173 885; x_wconf 82' lang='lat' dir='ltr'>occupasse</span> <span class='ocrx_word' id='word_1_80' title='bbox 1203 811 1516 868; x_wconf 89' lang='lat' dir='ltr'>videantur</span> <span class='ocrx_word' id='word_1_81' title='bbox 1558 829 1679 869; x_wconf 70' lang='lat' dir='ltr'>sure</span> <span class='ocrx_word' id='word_1_82' title='bbox 1732 814 1912 869; x_wconf 88' lang='lat' dir='ltr'>robur</span> <span class='ocrx_word' id='word_1_83' title='bbox 1950 812 2158 878; x_wconf 81' lang='lat' dir='ltr'>aetatis,</span> <span class='ocrx_word' id='word_1_84' title='bbox 2265 814 2474 866; x_wconf 81' lang='lat' dir='ltr'>sionem</span> <span class='ocrx_word' id='word_1_85' title='bbox 2505 819 2654 866; x_wconf 86' lang='lat' dir='ltr'>tuam</span> <span class='ocrx_word' id='word_1_86' title='bbox 2682 812 2946 866; x_wconf 85' lang='lat' dir='ltr'>terminos</span> <span class='ocrx_word' id='word_1_87' title='bbox 2984 819 3148 867; x_wconf 62' lang='lat' dir='ltr'>terrea</span> <span class='ocrx_word' id='word_1_88' title='bbox 3176 828 3197 864; x_wconf 75' lang='grc' dir='ltr'>,ο</span> <span class='ocrx_word' id='word_1_89' title='bbox 3227 814 3284 865; x_wconf 93' lang='lat' dir='ltr'>et</span> <span class='ocrx_word' id='word_1_90' title='bbox 3309 810 3464 865; x_wconf 90' lang='lat' dir='ltr'>idem</span> <span class='ocrx_word' id='word_1_91' title='bbox 3513 809 3740 866; x_wconf 85' lang='lat' dir='ltr'>verbum</span> <span class='ocrx_word' id='word_1_92' title='bbox 3780 816 3870 866; x_wconf 84' lang='lat' dir='ltr'>He-</span> 
     </span>
    </p>
   </div>
   <div class='ocr_carea' id='block_1_11' title="bbox 508 896 3869 974">
    <p class='ocr_par' dir='ltr' id='par_1_11' title="bbox 508 896 3869 974">
     <span class='ocr_line' id='line_1_11' title="bbox 508 896 3869 974; baseline -0.002 -11"><span class='ocrx_word' id='word_1_93' title='bbox 508 909 781 964; x_wconf 89' lang='lat' dir='ltr'>autcerte</span> <span class='ocrx_word' id='word_1_94' title='bbox 803 901 941 974; x_wconf 89' lang='lat' dir='ltr'>quia</span> <span class='ocrx_word' id='word_1_95' title='bbox 968 901 1186 958; x_wconf 80' lang='lat' dir='ltr'>auxilio</span> <span class='ocrx_word' id='word_1_96' title='bbox 1218 901 1486 956; x_wconf 77' lang='lat' dir='ltr'>destituti</span> <span class='ocrx_word' id='word_1_97' title='bbox 1521 901 1655 973; x_wconf 78' lang='lat' dir='ltr'>sint,</span> <span class='ocrx_word' id='word_1_98' title='bbox 1691 919 1805 958; x_wconf 93' lang='lat' dir='ltr'>non</span> <span class='ocrx_word' id='word_1_99' title='bbox 1838 903 2156 958; x_wconf 87' lang='lat' dir='ltr'>admodum</span> <span class='ocrx_word' id='word_1_100' title='bbox 2269 899 2489 954; x_wconf 70' lang='lat' dir='ltr'>braeum</span> <span class='ocrx_word' id='word_1_101' title='bbox 2519 896 2867 972; x_wconf 79' lang='grc' dir='ltr'>κληρονομία</span> <span class='ocrx_word' id='word_1_102' title='bbox 2897 898 3145 954; x_wconf 85' lang='lat' dir='ltr'>vertitur</span> <span class='ocrx_word' id='word_1_103' title='bbox 3176 899 3226 953; x_wconf 89' lang='lat' dir='ltr'>Il</span> <span class='ocrx_word' id='word_1_104' title='bbox 3275 897 3628 970; x_wconf 88' lang='lat' dir='ltr'>Paralipom.</span> <span class='ocrx_word' id='word_1_105' title='bbox 3668 903 3869 964; x_wconf 81' lang='lat' dir='ltr'>xxx1,1.</span> 
     </span>
    </p>
   </div>
   <div class='ocr_carea' id='block_1_12' title="bbox 508 989 3875 1078">
    <p class='ocr_par' dir='ltr' id='par_1_12' title="bbox 508 989 3875 1078">
     <span class='ocr_line' id='line_1_12' title="bbox 508 989 3875 1078; baseline -0.001 -26"><span class='ocrx_word' id='word_1_106' title='bbox 508 992 776 1052; x_wconf 83' lang='lat' dir='ltr'>difﬁciles</span> <span class='ocrx_word' id='word_1_107' title='bbox 809 993 877 1048; x_wconf 89' lang='lat' dir='ltr'>ad</span> <span class='ocrx_word' id='word_1_108' title='bbox 910 989 1213 1078; x_wconf 85' lang='lat' dir='ltr'>toleranda</span> <span class='ocrx_word' id='word_1_109' title='bbox 1236 990 1438 1078; x_wconf 79' lang='lat' dir='ltr'>omnia</span> <span class='ocrx_word' id='word_1_110' title='bbox 1471 1009 1547 1078; x_wconf 38' lang='grc' dir='ltr'>ς.»</span> <span class='ocrx_word' id='word_1_111' title='bbox 1578 1008 1778 1047; x_wconf 87' lang='lat' dir='ltr'>verum</span> <span class='ocrx_word' id='word_1_112' title='bbox 1813 1008 1880 1047; x_wconf 83' lang='lat' dir='ltr'>ex</span> <span class='ocrx_word' id='word_1_113' title='bbox 1910 991 2086 1063; x_wconf 82' lang='lat' dir='ltr'>Regio</span> <span class='ocrx_word' id='word_1_114' title='bbox 2105 993 2161 1045; x_wconf 86' lang='lat' dir='ltr'>et</span> <span class='ocrx_word' id='word_1_115' title='bbox 2339 1004 2460 1062; x_wconf 68' lang='grc' dir='ltr'>σοι,</span> <span class='ocrx_word' id='word_1_116' title='bbox 2491 1006 2596 1060; x_wconf 75' lang='grc'>356</span> <span class='ocrx_word' id='word_1_117' title='bbox 2627 1013 2670 1060; x_wconf 69' lang='grc' dir='ltr'><strong>Α</strong></span> <span class='ocrx_word' id='word_1_118' title='bbox 2720 1007 2774 1060; x_wconf 67' lang='grc'>8,</span> <span class='ocrx_word' id='word_1_119' title='bbox 2809 1005 3276 1076; x_wconf 57' lang='lat' dir='ltr'>Quandoquidem,</span> <span class='ocrx_word' id='word_1_120' title='bbox 3314 1006 3442 1060; x_wconf 53' lang='lat' dir='ltr'>nec</span> <span class='ocrx_word' id='word_1_121' title='bbox 3488 1022 3713 1078; x_wconf 72' lang='lat' dir='ltr'>quoque</span> <span class='ocrx_word' id='word_1_122' title='bbox 3757 1023 3875 1078; x_wconf 64' lang='lat' dir='ltr'>pm-</span> 
     </span>
    </p>
   </div>
   <div class='ocr_carea' id='block_1_13' title="bbox 500 1072 2131 1169">
    <p class='ocr_par' dir='ltr' id='par_1_13' title="bbox 500 1072 1772 1148">
     <span class='ocr_line' id='line_1_13' title="bbox 500 1072 1772 1148; baseline -0.004 -9"><span class='ocrx_word' id='word_1_123' title='bbox 500 1085 548 1139; x_wconf 73' lang='lat' dir='ltr'>&#39;I.</span> <span class='ocrx_word' id='word_1_124' title='bbox 583 1080 1009 1138; x_wconf 88' lang='lat' dir='ltr'>restituendum</span> <span class='ocrx_word' id='word_1_125' title='bbox 1043 1084 1133 1135; x_wconf 87' lang='lat' dir='ltr'>est</span> <span class='ocrx_word' id='word_1_126' title='bbox 1163 1077 1196 1146; x_wconf 73' lang='grc' dir='ltr'>ἢ</span> <span class='ocrx_word' id='word_1_127' title='bbox 1233 1075 1321 1132; x_wconf 83' lang='grc' dir='ltr'>διὰ</span> <span class='ocrx_word' id='word_1_128' title='bbox 1349 1078 1410 1132; x_wconf 90' lang='grc' dir='ltr'>τὸ</span> <span class='ocrx_word' id='word_1_129' title='bbox 1439 1072 1772 1148; x_wconf 69' lang='grc' dir='ltr'>ἀϐοήθητος.</span> 
     </span>
    </p>
   </div>
   <div class='ocr_carea' id='block_1_14' title="bbox 2252 1072 3870 1169">
    <p class='ocr_par' dir='ltr' id='par_1_14' title="bbox 2268 1094 3870 1169">
     <span class='ocr_line' id='line_1_14' title="bbox 2268 1094 3870 1169; baseline 0.001 -19"><span class='ocrx_word' id='word_1_130' title='bbox 2268 1095 2544 1150; x_wconf 86' lang='lat' dir='ltr'>termissa</span> <span class='ocrx_word' id='word_1_131' title='bbox 2595 1094 2829 1150; x_wconf 86' lang='lat' dir='ltr'>fuerant</span> <span class='ocrx_word' id='word_1_132' title='bbox 2877 1095 2949 1150; x_wconf 91' lang='lat' dir='ltr'>ab</span> <span class='ocrx_word' id='word_1_133' title='bbox 3001 1094 3335 1166; x_wconf 84' lang='lat' dir='ltr'>antiquaria</span> <span class='ocrx_word' id='word_1_134' title='bbox 3382 1111 3481 1150; x_wconf 92' lang='lat' dir='ltr'>seu</span> <span class='ocrx_word' id='word_1_135' title='bbox 3515 1094 3762 1161; x_wconf 90' lang='lat' dir='ltr'>librario,</span> <span class='ocrx_word' id='word_1_136' title='bbox 3790 1099 3870 1169; x_wconf 90' lang='lat' dir='ltr'>qui</span> 
     </span>
    </p>
   </div>
   <div class='ocr_carea' id='block_1_15' title="bbox 575 1167 2131 1256">
    <p class='ocr_par' dir='ltr' id='par_1_15' title="bbox 575 1167 2131 1244">
     <span class='ocr_line' id='line_1_15' title="bbox 575 1167 2131 1244; baseline -0.003 -19"><span class='ocrx_word' id='word_1_137' title='bbox 575 1170 693 1225; x_wconf 89' lang='lat' dir='ltr'>Col.</span> <span class='ocrx_word' id='word_1_138' title='bbox 725 1171 832 1225; x_wconf 76' lang='grc'><strong>334</strong></span> <span class='ocrx_word' id='word_1_139' title='bbox 879 1169 921 1224; x_wconf 90' lang='lat' dir='ltr'>C</span> <span class='ocrx_word' id='word_1_140' title='bbox 965 1169 1020 1225; x_wconf 89' lang='lat'>3.</span> <span class='ocrx_word' id='word_1_141' title='bbox 1081 1173 1147 1225; x_wconf 87' lang='lat' dir='ltr'>Et</span> <span class='ocrx_word' id='word_1_142' title='bbox 1200 1169 1532 1224; x_wconf 77' lang='lat' dir='ltr'>molestiam.</span> <span class='ocrx_word' id='word_1_143' title='bbox 1594 1169 1702 1224; x_wconf 86' lang='lat' dir='ltr'>Pro</span> <span class='ocrx_word' id='word_1_144' title='bbox 1761 1167 1940 1244; x_wconf 80' lang='grc' dir='ltr'>ἀγῶνα</span> <span class='ocrx_word' id='word_1_145' title='bbox 1991 1167 2131 1221; x_wconf 59' lang='grc' dir='ltr'>αὐτοτ</span> 
     </span>
    </p>
   </div>
   <div class='ocr_carea' id='block_1_16' title="bbox 2252 1167 3875 1256">
    <p class='ocr_par' dir='ltr' id='par_1_16' title="bbox 2268 1167 3875 1256">
     <span class='ocr_line' id='line_1_16' title="bbox 2268 1167 3875 1256; baseline 0.001 -18"><span class='ocrx_word' id='word_1_146' title='bbox 2268 1183 2510 1255; x_wconf 83' lang='lat' dir='ltr'>Regium</span> <span class='ocrx_word' id='word_1_147' title='bbox 2547 1185 2608 1238; x_wconf 86' lang='lat' dir='ltr'>F.</span> <span class='ocrx_word' id='word_1_148' title='bbox 2642 1183 2939 1256; x_wconf 81' lang='lat' dir='ltr'>excripsit,</span> <span class='ocrx_word' id='word_1_149' title='bbox 2973 1183 3250 1239; x_wconf 89' lang='lat' dir='ltr'>restituta</span> <span class='ocrx_word' id='word_1_150' title='bbox 3279 1200 3347 1239; x_wconf 85' lang='lat' dir='ltr'>ex</span> <span class='ocrx_word' id='word_1_151' title='bbox 3378 1182 3557 1239; x_wconf 89' lang='lat' dir='ltr'>altero</span> <span class='ocrx_word' id='word_1_152' title='bbox 3617 1184 3778 1255; x_wconf 82' lang='lat' dir='ltr'>Regio</span> <span class='ocrx_word' id='word_1_153' title='bbox 3807 1167 3875 1239; x_wconf 60' lang='grc' dir='ltr'><strong>Ἠ.</strong></span> 
     </span>
    </p>
   </div>
   <div class='ocr_carea' id='block_1_17' title="bbox 503 1255 2131 1347">
    <p class='ocr_par' dir='ltr' id='par_1_17' title="bbox 503 1255 2125 1331">
     <span class='ocr_line' id='line_1_17' title="bbox 503 1255 2125 1331; baseline -0.004 -14"><span class='ocrx_word' id='word_1_154' title='bbox 503 1263 813 1317; x_wconf 87' lang='lat' dir='ltr'>annotarat</span> <span class='ocrx_word' id='word_1_155' title='bbox 840 1257 1090 1314; x_wconf 90' lang='lat' dir='ltr'>Tilman.</span> <span class='ocrx_word' id='word_1_156' title='bbox 1119 1274 1181 1314; x_wconf 92' lang='lat' dir='ltr'>se</span> <span class='ocrx_word' id='word_1_157' title='bbox 1229 1256 1420 1329; x_wconf 86' lang='lat' dir='ltr'>legere</span> <span class='ocrx_word' id='word_1_158' title='bbox 1461 1255 1699 1331; x_wconf 86' lang='grc' dir='ltr'>ἀγωνίαν</span> <span class='ocrx_word' id='word_1_159' title='bbox 1753 1257 1980 1328; x_wconf 76' lang='grc' dir='ltr'>ἑαυτῶν,</span> <span class='ocrx_word' id='word_1_160' title='bbox 2014 1257 2125 1312; x_wconf 90' lang='lat' dir='ltr'>scri</span> 
     </span>
    </p>
   </div>
   <div class='ocr_carea' id='block_1_18' title="bbox 2252 1255 3874 1347">
    <p class='ocr_par' dir='ltr' id='par_1_18' title="bbox 2267 1255 3874 1347">
     <span class='ocr_line' id='line_1_18' title="bbox 2267 1255 3874 1347; baseline -0.001 -20"><span class='ocrx_word' id='word_1_161' title='bbox 2267 1278 2324 1327; x_wconf 92' lang='lat' dir='ltr'>et</span> <span class='ocrx_word' id='word_1_162' title='bbox 2349 1272 2626 1343; x_wconf 81' lang='lat' dir='ltr'>Anglicis,</span> <span class='ocrx_word' id='word_1_163' title='bbox 2650 1289 2782 1327; x_wconf 91' lang='lat' dir='ltr'>cum</span> <span class='ocrx_word' id='word_1_164' title='bbox 2804 1255 3084 1328; x_wconf 73' lang='lat' dir='ltr'>versione</span> <span class='ocrx_word' id='word_1_165' title='bbox 3114 1288 3258 1328; x_wconf 91' lang='lat' dir='ltr'>sua:</span> <span class='ocrx_word' id='word_1_166' title='bbox 3302 1288 3474 1345; x_wconf 91' lang='lat' dir='ltr'>porro</span> <span class='ocrx_word' id='word_1_167' title='bbox 3503 1272 3645 1328; x_wconf 92' lang='lat' dir='ltr'>illud</span> <span class='ocrx_word' id='word_1_168' title='bbox 3679 1271 3725 1326; x_wconf 80' lang='grc' dir='ltr'>ἐν</span> <span class='ocrx_word' id='word_1_169' title='bbox 3753 1273 3874 1347; x_wconf 70' lang='grc' dir='ltr'>χειρὶ</span> 
     </span>
    </p>
   </div>
   <div class='ocr_carea' id='block_1_19' title="bbox 500 1345 2131 1434">
    <p class='ocr_par' dir='ltr' id='par_1_19' title="bbox 500 1345 2131 1422">
     <span class='ocr_line' id='line_1_19' title="bbox 500 1345 2131 1422; baseline -0.002 -18"><span class='ocrx_word' id='word_1_170' title='bbox 500 1351 816 1422; x_wconf 88' lang='lat' dir='ltr'>pseratque</span> <span class='ocrx_word' id='word_1_171' title='bbox 848 1368 878 1398; x_wconf 88' lang='lat'><strong><em>«</em></strong></span> <span class='ocrx_word' id='word_1_172' title='bbox 911 1345 1076 1418; x_wconf 89' lang='lat' dir='ltr'>proin</span> <span class='ocrx_word' id='word_1_173' title='bbox 1101 1345 1248 1403; x_wconf 87' lang='lat' dir='ltr'>velle</span> <span class='ocrx_word' id='word_1_174' title='bbox 1276 1362 1338 1402; x_wconf 91' lang='lat' dir='ltr'>se</span> <span class='ocrx_word' id='word_1_175' title='bbox 1367 1345 1557 1403; x_wconf 88' lang='lat' dir='ltr'>levare</span> <span class='ocrx_word' id='word_1_176' title='bbox 1590 1351 1646 1402; x_wconf 86' lang='lat' dir='ltr'>et</span> <span class='ocrx_word' id='word_1_177' title='bbox 1673 1345 1963 1403; x_wconf 89' lang='lat' dir='ltr'>consolari</span> <span class='ocrx_word' id='word_1_178' title='bbox 1987 1362 2131 1401; x_wconf 89' lang='lat' dir='ltr'>suan</span> 
     </span>
    </p>
   </div>
   <div class='ocr_carea' id='block_1_20' title="bbox 2252 1345 3875 1434">
    <p class='ocr_par' dir='ltr' id='par_1_20' title="bbox 2271 1345 3875 1434">
     <span class='ocr_line' id='line_1_20' title="bbox 2271 1345 3875 1434; baseline 0.002 -20"><span class='ocrx_word' id='word_1_179' title='bbox 2271 1359 2490 1432; x_wconf 79' lang='grc' dir='ltr'>μεσίτου</span> <span class='ocrx_word' id='word_1_180' title='bbox 2522 1365 2610 1417; x_wconf 87' lang='lat' dir='ltr'>est</span> <span class='ocrx_word' id='word_1_181' title='bbox 2638 1377 2706 1416; x_wconf 88' lang='lat' dir='ltr'>ex</span> <span class='ocrx_word' id='word_1_182' title='bbox 2737 1361 2922 1433; x_wconf 89' lang='lat' dir='ltr'>Epist.</span> <span class='ocrx_word' id='word_1_183' title='bbox 2957 1362 3027 1416; x_wconf 89' lang='lat' dir='ltr'>ad</span> <span class='ocrx_word' id='word_1_184' title='bbox 3074 1360 3260 1417; x_wconf 86' lang='lat' dir='ltr'>Galat.</span> <span class='ocrx_word' id='word_1_185' title='bbox 3311 1377 3395 1425; x_wconf 83' lang='grc' dir='ltr'>ιιι,</span> <span class='ocrx_word' id='word_1_186' title='bbox 3440 1362 3526 1417; x_wconf 87' lang='grc'><strong>19.</strong></span> <span class='ocrx_word' id='word_1_187' title='bbox 3579 1361 3658 1418; x_wconf 88' lang='lat' dir='ltr'>De</span> <span class='ocrx_word' id='word_1_188' title='bbox 3700 1345 3875 1434; x_wconf 82' lang='lat' dir='ltr'>angelo</span> 
     </span>
    </p>
   </div>
   <div class='ocr_carea' id='block_1_21' title="bbox 450 1434 3871 1523">
    <p class='ocr_par' dir='ltr' id='par_1_21' title="bbox 450 1434 3871 1523">
     <span class='ocr_line' id='line_1_21' title="bbox 450 1434 3871 1523; baseline -0 -16"><span class='ocrx_word' id='word_1_189' title='bbox 450 1492 455 1497; x_wconf 89' lang='grc'><strong>-</strong></span> <span class='ocrx_word' id='word_1_190' title='bbox 499 1435 807 1493; x_wconf 65' lang='lat' dir='ltr'>orbitatem</span> <span class='ocrx_word' id='word_1_191' title='bbox 840 1435 1046 1491; x_wconf 65' lang='lat' dir='ltr'>dicunt</span> <span class='ocrx_word' id='word_1_192' title='bbox 1075 1435 1250 1492; x_wconf 69' lang='grc' dir='ltr'>δίωυῙ</span> <span class='ocrx_word' id='word_1_193' title='bbox 1284 1434 1482 1507; x_wconf 66' lang='lat' dir='ltr'>le‘e8</span> <span class='ocrx_word' id='word_1_194' title='bbox 1517 1452 1529 1490; x_wconf 71' lang='grc' dir='ltr'><em>τ</em></span> <span class='ocrx_word' id='word_1_195' title='bbox 1571 1459 1590 1485; x_wconf 74' lang='grc'>³*</span> <span class='ocrx_word' id='word_1_196' title='bbox 1629 1453 1734 1492; x_wconf 75' lang='grc' dir='ltr'>ηοε</span> <span class='ocrx_word' id='word_1_197' title='bbox 1767 1440 1967 1492; x_wconf 59' lang='lat' dir='ltr'>contra</span> <span class='ocrx_word' id='word_1_198' title='bbox 2016 1452 2156 1491; x_wconf 75' lang='grc' dir='ltr'>εοη-</span> <span class='ocrx_word' id='word_1_199' title='bbox 2267 1451 2509 1506; x_wconf 86' lang='lat' dir='ltr'>custode</span> <span class='ocrx_word' id='word_1_200' title='bbox 2545 1449 2865 1523; x_wconf 89' lang='lat' dir='ltr'>unicuique</span> <span class='ocrx_word' id='word_1_201' title='bbox 2913 1450 3195 1506; x_wconf 88' lang='lat' dir='ltr'>attributo</span> <span class='ocrx_word' id='word_1_202' title='bbox 3242 1450 3465 1506; x_wconf 90' lang='lat' dir='ltr'>dictum</span> <span class='ocrx_word' id='word_1_203' title='bbox 3503 1454 3595 1506; x_wconf 88' lang='lat' dir='ltr'>est</span> <span class='ocrx_word' id='word_1_204' title='bbox 3636 1450 3782 1521; x_wconf 81' lang='lat' dir='ltr'>alibi,</span> <span class='ocrx_word' id='word_1_205' title='bbox 3825 1453 3871 1506; x_wconf 89' lang='lat' dir='ltr'>in</span> 
     </span>
    </p>
   </div>
   <div class='ocr_carea' id='block_1_22' title="bbox 498 1524 2131 1612">
    <p class='ocr_par' dir='ltr' id='par_1_22' title="bbox 498 1524 2128 1582">
     <span class='ocr_line' id='line_1_22' title="bbox 498 1524 2128 1582; baseline -0.002 0"><span class='ocrx_word' id='word_1_206' title='bbox 498 1541 742 1582; x_wconf 86' lang='lat' dir='ltr'>sensum</span> <span class='ocrx_word' id='word_1_207' title='bbox 798 1524 1064 1580; x_wconf 91' lang='lat' dir='ltr'>omnium</span> <span class='ocrx_word' id='word_1_208' title='bbox 1096 1525 1366 1581; x_wconf 89' lang='lat' dir='ltr'>codicum</span> <span class='ocrx_word' id='word_1_209' title='bbox 1388 1524 1536 1579; x_wconf 83' lang='lat' dir='ltr'>nihil</span> <span class='ocrx_word' id='word_1_210' title='bbox 1563 1527 1617 1578; x_wconf 88' lang='lat' dir='ltr'>in</span> <span class='ocrx_word' id='word_1_211' title='bbox 1640 1524 1853 1580; x_wconf 63' lang='lat' dir='ltr'>Grascis</span> <span class='ocrx_word' id='word_1_212' title='bbox 1876 1525 2128 1579; x_wconf 88' lang='lat' dir='ltr'>immuta</span> 
     </span>
    </p>
   </div>
   <div class='ocr_carea' id='block_1_23' title="bbox 2252 1524 3874 1612">
    <p class='ocr_par' dir='ltr' id='par_1_23' title="bbox 2267 1539 3874 1612">
     <span class='ocr_line' id='line_1_23' title="bbox 2267 1539 3874 1612; baseline 0.001 -17"><span class='ocrx_word' id='word_1_213' title='bbox 2267 1539 2562 1612; x_wconf 85' lang='lat' dir='ltr'>psalmum</span> <span class='ocrx_word' id='word_1_214' title='bbox 2604 1556 2808 1608; x_wconf 66' lang='grc' dir='ltr'>χχχιιι,</span> <span class='ocrx_word' id='word_1_215' title='bbox 2840 1541 2874 1594; x_wconf 91' lang='lat'>3</span> <span class='ocrx_word' id='word_1_216' title='bbox 2907 1557 2920 1596; x_wconf 88' lang='lat'><strong>:</strong></span> <span class='ocrx_word' id='word_1_217' title='bbox 2953 1539 3191 1596; x_wconf 87' lang='lat' dir='ltr'>Immitet</span> <span class='ocrx_word' id='word_1_218' title='bbox 3210 1541 3466 1612; x_wconf 82' lang='lat' dir='ltr'>angelus,</span> <span class='ocrx_word' id='word_1_219' title='bbox 3494 1539 3583 1595; x_wconf 85' lang='lat' dir='ltr'>vel</span> <span class='ocrx_word' id='word_1_220' title='bbox 3613 1545 3874 1596; x_wconf 73' lang='lat' dir='ltr'>castrame-</span> 
     </span>
    </p>
   </div>
   <div class='ocr_carea' id='block_1_24' title="bbox 500 1612 2131 1687">
    <p class='ocr_par' dir='ltr' id='par_1_24' title="bbox 500 1612 2127 1687">
     <span class='ocr_line' id='line_1_24' title="bbox 500 1612 2127 1687; baseline -0.002 -16"><span class='ocrx_word' id='word_1_221' title='bbox 500 1616 715 1684; x_wconf 82' lang='lat' dir='ltr'>vimus,</span> <span class='ocrx_word' id='word_1_222' title='bbox 749 1614 848 1670; x_wconf 90' lang='lat' dir='ltr'>sed</span> <span class='ocrx_word' id='word_1_223' title='bbox 882 1613 940 1668; x_wconf 93' lang='lat' dir='ltr'>in</span> <span class='ocrx_word' id='word_1_224' title='bbox 972 1612 1215 1682; x_wconf 89' lang='lat' dir='ltr'>Latinis,</span> <span class='ocrx_word' id='word_1_225' title='bbox 1249 1616 1397 1668; x_wconf 88' lang='lat' dir='ltr'>utet</span> <span class='ocrx_word' id='word_1_226' title='bbox 1428 1612 1602 1684; x_wconf 89' lang='lat' dir='ltr'>paulo</span> <span class='ocrx_word' id='word_1_227' title='bbox 1634 1617 1766 1684; x_wconf 87' lang='lat' dir='ltr'>post</span> <span class='ocrx_word' id='word_1_228' title='bbox 1810 1618 2020 1687; x_wconf 78' lang='grc' dir='ltr'>χρῆσον</span> <span class='ocrx_word' id='word_1_229' title='bbox 2067 1629 2127 1668; x_wconf 88' lang='lat' dir='ltr'>re</span> 
     </span>
    </p>
   </div>
   <div class='ocr_carea' id='block_1_25' title="bbox 2252 1612 2500 1687">
    <p class='ocr_par' dir='ltr' id='par_1_25' title="bbox 2266 1629 2500 1684">
     <span class='ocr_line' id='line_1_25' title="bbox 2266 1629 2500 1684; baseline 0.004 -1"><span class='ocrx_word' id='word_1_230' title='bbox 2266 1629 2500 1684; x_wconf 76' lang='lat' dir='ltr'>labitur.</span> 
     </span>
    </p>
   </div>
   <div class='ocr_carea' id='block_1_26' title="bbox 502 1697 2131 1777">
    <p class='ocr_par' dir='ltr' id='par_1_26' title="bbox 502 1697 2131 1777">
     <span class='ocr_line' id='line_1_26' title="bbox 502 1697 2131 1777; baseline -0.003 -18"><span class='ocrx_word' id='word_1_231' title='bbox 502 1703 813 1772; x_wconf 89' lang='lat' dir='ltr'>tinuimus,</span> <span class='ocrx_word' id='word_1_232' title='bbox 835 1717 1024 1774; x_wconf 87' lang='lat' dir='ltr'>neque</span> <span class='ocrx_word' id='word_1_233' title='bbox 1054 1718 1186 1756; x_wconf 92' lang='lat' dir='ltr'>cum</span> <span class='ocrx_word' id='word_1_234' title='bbox 1219 1700 1321 1756; x_wconf 91' lang='lat' dir='ltr'>illo</span> <span class='ocrx_word' id='word_1_235' title='bbox 1352 1701 1712 1758; x_wconf 83' lang='lat' dir='ltr'>correximus</span> <span class='ocrx_word' id='word_1_236' title='bbox 1751 1701 2038 1770; x_wconf 74' lang='grc' dir='ltr'>κεκλήσθω</span> <span class='ocrx_word' id='word_1_237' title='bbox 2077 1697 2131 1777; x_wconf 63' lang='grc' dir='ltr'>ἐς</span> 
     </span>
    </p>
   </div>
   <div class='ocr_carea' id='block_1_27' title="bbox 2252 1697 3876 1777">
    <p class='ocr_par' dir='ltr' id='par_1_27' title="bbox 2335 1718 3876 1776">
     <span class='ocr_line' id='line_1_27' title="bbox 2335 1718 3876 1776; baseline 0.001 -5"><span class='ocrx_word' id='word_1_238' title='bbox 2335 1719 2453 1773; x_wconf 88' lang='lat' dir='ltr'>Col.</span> <span class='ocrx_word' id='word_1_239' title='bbox 2503 1718 2608 1772; x_wconf 81' lang='lat'>362</span> <span class='ocrx_word' id='word_1_240' title='bbox 2669 1719 2706 1774; x_wconf 91' lang='lat' dir='ltr'><strong>B</strong></span> <span class='ocrx_word' id='word_1_241' title='bbox 2755 1721 2806 1773; x_wconf 92' lang='lat'>1.</span> <span class='ocrx_word' id='word_1_242' title='bbox 2859 1722 2977 1776; x_wconf 83' lang='lat' dir='ltr'>Non</span> <span class='ocrx_word' id='word_1_243' title='bbox 3029 1724 3107 1774; x_wconf 88' lang='lat' dir='ltr'>est</span> <span class='ocrx_word' id='word_1_244' title='bbox 3162 1720 3329 1774; x_wconf 82' lang='lat' dir='ltr'>enim.</span> <span class='ocrx_word' id='word_1_245' title='bbox 3393 1719 3580 1773; x_wconf 89' lang='lat' dir='ltr'>Locus</span> <span class='ocrx_word' id='word_1_246' title='bbox 3619 1723 3702 1773; x_wconf 90' lang='lat' dir='ltr'>est</span> <span class='ocrx_word' id='word_1_247' title='bbox 3746 1719 3876 1774; x_wconf 87' lang='lat' dir='ltr'>Jere-</span> 
     </span>
    </p>
   </div>
   <div class='ocr_carea' id='block_1_28' title="bbox 502 1791 2131 1894">
    <p class='ocr_par' dir='ltr' id='par_1_28' title="bbox 502 1791 2131 1864">
     <span class='ocr_line' id='line_1_28' title="bbox 502 1791 2131 1864; baseline 0 -19"><span class='ocrx_word' id='word_1_248' title='bbox 502 1793 670 1864; x_wconf 75' lang='grc' dir='ltr'>ὴμᾶς,</span> <span class='ocrx_word' id='word_1_249' title='bbox 709 1814 730 1841; x_wconf 79' lang='grc' dir='ltr'><strong><em>α</em></strong></span> <span class='ocrx_word' id='word_1_250' title='bbox 782 1791 1084 1846; x_wconf 88' lang='lat' dir='ltr'>invocetur</span> <span class='ocrx_word' id='word_1_251' title='bbox 1135 1807 1312 1863; x_wconf 88' lang='lat' dir='ltr'>super</span> <span class='ocrx_word' id='word_1_252' title='bbox 1359 1807 1488 1846; x_wconf 88' lang='lat' dir='ltr'>nos.</span> <span class='ocrx_word' id='word_1_253' title='bbox 1536 1812 1556 1840; x_wconf 79' lang='grc' dir='ltr'>ιι</span> <span class='ocrx_word' id='word_1_254' title='bbox 1594 1791 1796 1860; x_wconf 85' lang='lat' dir='ltr'>lmo,«</span> <span class='ocrx_word' id='word_1_255' title='bbox 1845 1792 2131 1847; x_wconf 76' lang='lat' dir='ltr'>commodi</span> 
     </span>
    </p>
   </div>
   <div class='ocr_carea' id='block_1_29' title="bbox 2252 1791 3874 1894">
    <p class='ocr_par' dir='ltr' id='par_1_29' title="bbox 2265 1803 3874 1878">
     <span class='ocr_line' id='line_1_29' title="bbox 2265 1803 3874 1878; baseline -0.001 -17"><span class='ocrx_word' id='word_1_256' title='bbox 2265 1806 2394 1878; x_wconf 61' lang='lat' dir='ltr'>mia:</span> <span class='ocrx_word' id='word_1_257' title='bbox 2447 1825 2562 1873; x_wconf 80' lang='lat' dir='ltr'>XIV,</span> <span class='ocrx_word' id='word_1_258' title='bbox 2610 1807 2852 1874; x_wconf 70' lang='grc' dir='ltr'>222Μὴ</span> <span class='ocrx_word' id='word_1_259' title='bbox 2912 1803 3052 1860; x_wconf 78' lang='grc' dir='ltr'>ἔστιν</span> <span class='ocrx_word' id='word_1_260' title='bbox 3115 1803 3166 1860; x_wconf 81' lang='grc' dir='ltr'>ἐν</span> <span class='ocrx_word' id='word_1_261' title='bbox 3229 1803 3478 1867; x_wconf 78' lang='grc' dir='ltr'>εἷδώλοις</span> <span class='ocrx_word' id='word_1_262' title='bbox 3537 1804 3702 1869; x_wconf 77' lang='grc' dir='ltr'>ἐθνῶν</span> <span class='ocrx_word' id='word_1_263' title='bbox 3759 1806 3874 1860; x_wconf 62' lang='lat' dir='ltr'>oni-</span> 
     </span>
    </p>
   </div>
   <div class='ocr_carea' id='block_1_30' title="bbox 504 1878 2131 1968">
    <p class='ocr_par' dir='ltr' id='par_1_30' title="bbox 504 1878 1950 1946">
     <span class='ocr_line' id='line_1_30' title="bbox 504 1878 1950 1946; baseline -0.006 -9"><span class='ocrx_word' id='word_1_264' title='bbox 504 1881 674 1938; x_wconf 90' lang='lat' dir='ltr'>nobis</span> <span class='ocrx_word' id='word_1_265' title='bbox 706 1895 941 1946; x_wconf 90' lang='lat' dir='ltr'>nomen,</span> <span class='ocrx_word' id='word_1_266' title='bbox 974 1886 1038 1934; x_wconf 87' lang='lat' dir='ltr'>ut</span> <span class='ocrx_word' id='word_1_267' title='bbox 1063 1879 1332 1934; x_wconf 82' lang='lat' dir='ltr'>dicamur</span> <span class='ocrx_word' id='word_1_268' title='bbox 1361 1895 1570 1935; x_wconf 85' lang='lat' dir='ltr'>uxores</span> <span class='ocrx_word' id='word_1_269' title='bbox 1602 1878 1739 1936; x_wconf 90' lang='lat' dir='ltr'>talis</span> <span class='ocrx_word' id='word_1_270' title='bbox 1767 1879 1893 1934; x_wconf 92' lang='lat' dir='ltr'>viri.</span> <span class='ocrx_word' id='word_1_271' title='bbox 1929 1902 1950 1929; x_wconf 77' lang='grc' dir='ltr'>ι</span> 
     </span>
    </p>
   </div>
   <div class='ocr_carea' id='block_1_31' title="bbox 2252 1878 3874 1968">
    <p class='ocr_par' dir='ltr' id='par_1_31' title="bbox 2269 1891 3874 1968">
     <span class='ocr_line' id='line_1_31' title="bbox 2269 1891 3874 1968; baseline -0.001 -20"><span class='ocrx_word' id='word_1_272' title='bbox 2269 1899 2412 1964; x_wconf 85' lang='grc' dir='ltr'>ζων;</span> <span class='ocrx_word' id='word_1_273' title='bbox 2465 1895 2567 1952; x_wconf 87' lang='grc' dir='ltr'>Καὶ</span> <span class='ocrx_word' id='word_1_274' title='bbox 2626 1895 2671 1949; x_wconf 86' lang='grc' dir='ltr'>εί</span> <span class='ocrx_word' id='word_1_275' title='bbox 2731 1895 2758 1948; x_wconf 84' lang='grc' dir='ltr'>ὁ</span> <span class='ocrx_word' id='word_1_276' title='bbox 2800 1894 3029 1968; x_wconf 78' lang='grc' dir='ltr'>οὐρανὸς</span> <span class='ocrx_word' id='word_1_277' title='bbox 3093 1891 3254 1949; x_wconf 85' lang='grc' dir='ltr'>δώσει</span> <span class='ocrx_word' id='word_1_278' title='bbox 3320 1893 3650 1966; x_wconf 70' lang='grc' dir='ltr'>πλησμονήν</span> <span class='ocrx_word' id='word_1_279' title='bbox 3718 1894 3874 1960; x_wconf 69' lang='grc' dir='ltr'>αὐτοῦ,</span> 
     </span>
    </p>
   </div>
   <div class='ocr_carea' id='block_1_32' title="bbox 573 1982 3878 2059">
    <p class='ocr_par' dir='ltr' id='par_1_32' title="bbox 573 1982 3878 2059">
     <span class='ocr_line' id='line_1_32' title="bbox 573 1982 3878 2059; baseline -0.002 -14"><span class='ocrx_word' id='word_1_280' title='bbox 573 1987 692 2045; x_wconf 92' lang='lat' dir='ltr'>Col.</span> <span class='ocrx_word' id='word_1_281' title='bbox 746 1987 852 2042; x_wconf 84' lang='lat'>335</span> <span class='ocrx_word' id='word_1_282' title='bbox 901 1986 942 2040; x_wconf 88' lang='lat' dir='ltr'>C</span> <span class='ocrx_word' id='word_1_283' title='bbox 995 1987 1080 2040; x_wconf 89' lang='lat'>11.</span> <span class='ocrx_word' id='word_1_284' title='bbox 1115 1986 1248 2041; x_wconf 83' lang='lat' dir='ltr'>Cum</span> <span class='ocrx_word' id='word_1_285' title='bbox 1291 1987 1444 2042; x_wconf 83' lang='lat' dir='ltr'>enim</span> <span class='ocrx_word' id='word_1_286' title='bbox 1471 1988 1723 2058; x_wconf 80' lang='lat' dir='ltr'>propria.</span> <span class='ocrx_word' id='word_1_287' title='bbox 1758 1989 1895 2054; x_wconf 63' lang='lat' dir='ltr'>Qum</span> <span class='ocrx_word' id='word_1_288' title='bbox 1934 1986 2149 2042; x_wconf 85' lang='lat' dir='ltr'>fuerint</span> <span class='ocrx_word' id='word_1_289' title='bbox 2266 1982 2392 2059; x_wconf 82' lang='grc' dir='ltr'>οὐχί</span> <span class='ocrx_word' id='word_1_290' title='bbox 2424 1983 2486 2038; x_wconf 75' lang='grc' dir='ltr'>σὺ</span> <span class='ocrx_word' id='word_1_291' title='bbox 2518 1983 2710 2052; x_wconf 84' lang='grc' dir='ltr'>αὖτός;</span> <span class='ocrx_word' id='word_1_292' title='bbox 2753 1987 3022 2057; x_wconf 80' lang='lat' dir='ltr'>Nunquid</span> <span class='ocrx_word' id='word_1_293' title='bbox 3067 1989 3144 2041; x_wconf 86' lang='lat' dir='ltr'>est</span> <span class='ocrx_word' id='word_1_294' title='bbox 3191 1988 3249 2040; x_wconf 78' lang='lat' dir='ltr'>in</span> <span class='ocrx_word' id='word_1_295' title='bbox 3297 1985 3461 2040; x_wconf 77' lang='lat' dir='ltr'>idolis</span> <span class='ocrx_word' id='word_1_296' title='bbox 3513 1987 3773 2055; x_wconf 80' lang='lat' dir='ltr'>gentium,</span> <span class='ocrx_word' id='word_1_297' title='bbox 3800 1989 3878 2056; x_wconf 81' lang='lat' dir='ltr'>qui</span> 
     </span>
    </p>
   </div>
   <div class='ocr_carea' id='block_1_33' title="bbox 503 2074 3876 2147">
    <p class='ocr_par' dir='ltr' id='par_1_33' title="bbox 503 2074 3876 2147">
     <span class='ocr_line' id='line_1_33' title="bbox 503 2074 3876 2147; baseline -0.001 -14"><span class='ocrx_word' id='word_1_298' title='bbox 503 2094 537 2133; x_wconf 88' lang='lat' dir='ltr'>a</span> <span class='ocrx_word' id='word_1_299' title='bbox 565 2076 737 2132; x_wconf 90' lang='lat' dir='ltr'>nobis</span> <span class='ocrx_word' id='word_1_300' title='bbox 768 2079 1058 2147; x_wconf 86' lang='lat' dir='ltr'>expuncta</span> <span class='ocrx_word' id='word_1_301' title='bbox 1090 2091 1203 2130; x_wconf 91' lang='lat' dir='ltr'>non</span> <span class='ocrx_word' id='word_1_302' title='bbox 1238 2077 1772 2146; x_wconf 86' lang='lat' dir='ltr'>exprimemus,sed</span> <span class='ocrx_word' id='word_1_303' title='bbox 1800 2080 1858 2131; x_wconf 91' lang='lat' dir='ltr'>et</span> <span class='ocrx_word' id='word_1_304' title='bbox 1887 2075 1983 2130; x_wconf 90' lang='lat' dir='ltr'>hic</span> <span class='ocrx_word' id='word_1_305' title='bbox 2009 2074 2146 2130; x_wconf 89' lang='lat' dir='ltr'>etin</span> <span class='ocrx_word' id='word_1_306' title='bbox 2262 2075 2453 2144; x_wconf 75' lang='lat' dir='ltr'>plum?</span> <span class='ocrx_word' id='word_1_307' title='bbox 2473 2074 2622 2143; x_wconf 85' lang='lat' dir='ltr'>Quod</span> <span class='ocrx_word' id='word_1_308' title='bbox 2651 2075 2699 2129; x_wconf 88' lang='lat' dir='ltr'>si</span> <span class='ocrx_word' id='word_1_309' title='bbox 2727 2075 2919 2130; x_wconf 73' lang='lat' dir='ltr'>crtum</span> <span class='ocrx_word' id='word_1_310' title='bbox 2951 2074 3102 2130; x_wconf 86' lang='lat' dir='ltr'>dabit</span> <span class='ocrx_word' id='word_1_311' title='bbox 3147 2075 3465 2129; x_wconf 75' lang='lat' dir='ltr'>satietatem</span> <span class='ocrx_word' id='word_1_312' title='bbox 3509 2091 3692 2144; x_wconf 85' lang='lat' dir='ltr'>suam,</span> <span class='ocrx_word' id='word_1_313' title='bbox 3721 2091 3876 2130; x_wconf 79' lang='lat' dir='ltr'>nonne</span> 
     </span>
    </p>
   </div>
   <div class='ocr_carea' id='block_1_34' title="bbox 505 2163 3875 2236">
    <p class='ocr_par' dir='ltr' id='par_1_34' title="bbox 505 2163 3875 2236">
     <span class='ocr_line' id='line_1_34' title="bbox 505 2163 3875 2236; baseline -0.001 -16"><span class='ocrx_word' id='word_1_314' title='bbox 505 2166 635 2222; x_wconf 86' lang='lat' dir='ltr'>aliis</span> <span class='ocrx_word' id='word_1_315' title='bbox 668 2165 849 2236; x_wconf 88' lang='lat' dir='ltr'>hujus</span> <span class='ocrx_word' id='word_1_316' title='bbox 879 2164 1290 2220; x_wconf 90' lang='lat' dir='ltr'>commentarii</span> <span class='ocrx_word' id='word_1_317' title='bbox 1320 2164 1485 2235; x_wconf 90' lang='lat' dir='ltr'>locis,</span> <span class='ocrx_word' id='word_1_318' title='bbox 1519 2181 1644 2236; x_wconf 73' lang='lat' dir='ltr'>qua:</span> <span class='ocrx_word' id='word_1_319' title='bbox 1689 2165 2001 2220; x_wconf 87' lang='lat' dir='ltr'>immutata</span> <span class='ocrx_word' id='word_1_320' title='bbox 2030 2163 2150 2220; x_wconf 89' lang='lat' dir='ltr'>sint</span> <span class='ocrx_word' id='word_1_321' title='bbox 2264 2173 2324 2219; x_wconf 86' lang='lat' dir='ltr'>tu</span> <span class='ocrx_word' id='word_1_322' title='bbox 2353 2180 2410 2219; x_wconf 86' lang='lat' dir='ltr'>es</span> <span class='ocrx_word' id='word_1_323' title='bbox 2435 2165 2585 2235; x_wconf 85' lang='lat' dir='ltr'>ipse?</span> <span class='ocrx_word' id='word_1_324' title='bbox 2613 2163 2765 2219; x_wconf 77' lang='lat' dir='ltr'>Alter</span> <span class='ocrx_word' id='word_1_325' title='bbox 2794 2169 3013 2231; x_wconf 90' lang='lat' dir='ltr'>autem,</span> <span class='ocrx_word' id='word_1_326' title='bbox 3047 2166 3111 2219; x_wconf 86' lang='lat' dir='ltr'>Et</span> <span class='ocrx_word' id='word_1_327' title='bbox 3137 2165 3333 2236; x_wconf 79' lang='lat' dir='ltr'>pluam</span> <span class='ocrx_word' id='word_1_328' title='bbox 3380 2180 3548 2236; x_wconf 83' lang='lat' dir='ltr'>super</span> <span class='ocrx_word' id='word_1_329' title='bbox 3592 2181 3771 2233; x_wconf 85' lang='lat' dir='ltr'>unam,</span> <span class='ocrx_word' id='word_1_330' title='bbox 3802 2165 3875 2218; x_wconf 88' lang='lat' dir='ltr'>ni-</span> 
     </span>
    </p>
   </div>
   <div class='ocr_carea' id='block_1_35' title="bbox 499 2251 3871 2326">
    <p class='ocr_par' dir='ltr' id='par_1_35' title="bbox 499 2251 3871 2326">
     <span class='ocr_line' id='line_1_35' title="bbox 499 2251 3871 2326; baseline -0.001 -17"><span class='ocrx_word' id='word_1_331' title='bbox 499 2254 585 2312; x_wconf 79' lang='lat' dir='ltr'>vel</span> <span class='ocrx_word' id='word_1_332' title='bbox 615 2253 945 2322; x_wconf 88' lang='lat' dir='ltr'>emendata,</span> <span class='ocrx_word' id='word_1_333' title='bbox 980 2253 1250 2326; x_wconf 88' lang='lat' dir='ltr'>pluribus</span> <span class='ocrx_word' id='word_1_334' title='bbox 1278 2270 1392 2309; x_wconf 91' lang='lat' dir='ltr'>non</span> <span class='ocrx_word' id='word_1_335' title='bbox 1443 2269 1825 2326; x_wconf 77' lang='lat' dir='ltr'>exponemus,</span> <span class='ocrx_word' id='word_1_336' title='bbox 1860 2269 1932 2309; x_wconf 89' lang='lat' dir='ltr'>ne</span> <span class='ocrx_word' id='word_1_337' title='bbox 1971 2252 2148 2324; x_wconf 89' lang='lat' dir='ltr'>proli-</span> <span class='ocrx_word' id='word_1_338' title='bbox 2263 2252 2343 2307; x_wconf 86' lang='lat' dir='ltr'>hil</span> <span class='ocrx_word' id='word_1_339' title='bbox 2378 2253 2667 2324; x_wconf 86' lang='lat' dir='ltr'>discrepat</span> <span class='ocrx_word' id='word_1_340' title='bbox 2691 2269 2724 2308; x_wconf 89' lang='lat' dir='ltr'>a</span> <span class='ocrx_word' id='word_1_341' title='bbox 2752 2253 2944 2308; x_wconf 90' lang='lat' dir='ltr'>verbis</span> <span class='ocrx_word' id='word_1_342' title='bbox 2973 2256 3150 2308; x_wconf 85' lang='lat' dir='ltr'>Amos</span> <span class='ocrx_word' id='word_1_343' title='bbox 3183 2271 3257 2323; x_wconf 80' lang='grc' dir='ltr'>ιν,</span> <span class='ocrx_word' id='word_1_344' title='bbox 3289 2255 3342 2307; x_wconf 90' lang='lat'>7.</span> <span class='ocrx_word' id='word_1_345' title='bbox 3376 2251 3612 2308; x_wconf 89' lang='lat' dir='ltr'>Tertius</span> <span class='ocrx_word' id='word_1_346' title='bbox 3665 2254 3871 2307; x_wconf 86' lang='lat' dir='ltr'>demum</span> 
     </span>
    </p>
   </div>
   <div class='ocr_carea' id='block_1_36' title="bbox 496 2341 3873 2415">
    <p class='ocr_par' dir='ltr' id='par_1_36' title="bbox 496 2341 3873 2415">
     <span class='ocr_line' id='line_1_36' title="bbox 496 2341 3873 2415; baseline -0.001 -15"><span class='ocrx_word' id='word_1_347' title='bbox 496 2344 688 2401; x_wconf 83' lang='lat' dir='ltr'>xiores</span> <span class='ocrx_word' id='word_1_348' title='bbox 709 2342 932 2399; x_wconf 68' lang='lat' dir='ltr'>sinthaa</span> <span class='ocrx_word' id='word_1_349' title='bbox 955 2346 1498 2414; x_wconf 84' lang='lat' dir='ltr'>notae,tantumque</span> <span class='ocrx_word' id='word_1_350' title='bbox 1521 2343 1706 2415; x_wconf 86' lang='lat' dir='ltr'>digito</span> <span class='ocrx_word' id='word_1_351' title='bbox 1738 2343 1897 2399; x_wconf 91' lang='lat' dir='ltr'>velut</span> <span class='ocrx_word' id='word_1_352' title='bbox 1928 2343 2152 2398; x_wconf 89' lang='lat' dir='ltr'>intento</span> <span class='ocrx_word' id='word_1_353' title='bbox 2262 2349 2351 2398; x_wconf 86' lang='lat' dir='ltr'>est</span> <span class='ocrx_word' id='word_1_354' title='bbox 2382 2341 2694 2398; x_wconf 78' lang='lat' dir='ltr'>Ezechielis</span> <span class='ocrx_word' id='word_1_355' title='bbox 2727 2359 2802 2409; x_wconf 86' lang='grc' dir='ltr'>ιν,</span> <span class='ocrx_word' id='word_1_356' title='bbox 2833 2343 2887 2408; x_wconf 90' lang='lat'>6,</span> <span class='ocrx_word' id='word_1_357' title='bbox 2924 2342 3187 2397; x_wconf 91' lang='lat' dir='ltr'>nonnihil</span> <span class='ocrx_word' id='word_1_358' title='bbox 3230 2341 3496 2396; x_wconf 83' lang='lat' dir='ltr'>diversus</span> <span class='ocrx_word' id='word_1_359' title='bbox 3529 2357 3544 2396; x_wconf 88' lang='lat'><strong>:</strong></span> <span class='ocrx_word' id='word_1_360' title='bbox 3581 2341 3696 2396; x_wconf 88' lang='lat' dir='ltr'>illic</span> <span class='ocrx_word' id='word_1_361' title='bbox 3739 2342 3873 2396; x_wconf 87' lang='lat' dir='ltr'>enim</span> 
     </span>
    </p>
   </div>
   <div class='ocr_carea' id='block_1_37' title="bbox 501 2430 3874 2504">
    <p class='ocr_par' dir='ltr' id='par_1_37' title="bbox 501 2430 3874 2504">
     <span class='ocr_line' id='line_1_37' title="bbox 501 2430 3874 2504; baseline -0.002 -15"><span class='ocrx_word' id='word_1_362' title='bbox 501 2431 901 2489; x_wconf 86' lang='lat' dir='ltr'>indicabimus</span> <span class='ocrx_word' id='word_1_363' title='bbox 935 2448 1033 2488; x_wconf 89' lang='lat' dir='ltr'>eas</span> <span class='ocrx_word' id='word_1_364' title='bbox 1064 2432 1406 2503; x_wconf 86' lang='lat' dir='ltr'>sententias,</span> <span class='ocrx_word' id='word_1_365' title='bbox 1441 2449 1568 2504; x_wconf 67' lang='lat' dir='ltr'>qua:</span> <span class='ocrx_word' id='word_1_366' title='bbox 1601 2449 1733 2488; x_wconf 89' lang='lat' dir='ltr'>cum</span> <span class='ocrx_word' id='word_1_367' title='bbox 1769 2431 1900 2488; x_wconf 90' lang='lat' dir='ltr'>aliis</span> <span class='ocrx_word' id='word_1_368' title='bbox 1929 2431 2150 2487; x_wconf 66' lang='lat' dir='ltr'>collata</span> <span class='ocrx_word' id='word_1_369' title='bbox 2263 2436 2353 2487; x_wconf 89' lang='lat' dir='ltr'>est</span> <span class='ocrx_word' id='word_1_370' title='bbox 2375 2431 2434 2486; x_wconf 91' lang='lat' dir='ltr'>in</span> <span class='ocrx_word' id='word_1_371' title='bbox 2467 2430 2673 2487; x_wconf 90' lang='lat' dir='ltr'>Bibliis</span> <span class='ocrx_word' id='word_1_372' title='bbox 2706 2431 3124 2488; x_wconf 84' lang='lat' dir='ltr'>Basiliensibus</span> <span class='ocrx_word' id='word_1_373' title='bbox 3154 2435 3211 2486; x_wconf 89' lang='lat' dir='ltr'>et</span> <span class='ocrx_word' id='word_1_374' title='bbox 3249 2432 3404 2503; x_wconf 91' lang='lat' dir='ltr'>apud</span> <span class='ocrx_word' id='word_1_375' title='bbox 3454 2430 3874 2504; x_wconf 86' lang='lat' dir='ltr'>Polychronium</span> 
     </span>
    </p>
   </div>
   <div class='ocr_carea' id='block_1_38' title="bbox 497 2519 3877 2592">
    <p class='ocr_par' dir='ltr' id='par_1_38' title="bbox 497 2519 3877 2592">
     <span class='ocr_line' id='line_1_38' title="bbox 497 2519 3877 2592; baseline -0.001 -15"><span class='ocrx_word' id='word_1_376' title='bbox 497 2519 1033 2591; x_wconf 88' lang='lat' dir='ltr'>editionibus,quid</span> <span class='ocrx_word' id='word_1_377' title='bbox 1057 2519 1113 2574; x_wconf 92' lang='lat' dir='ltr'>in</span> <span class='ocrx_word' id='word_1_378' title='bbox 1134 2520 1241 2574; x_wconf 91' lang='lat' dir='ltr'>hac</span> <span class='ocrx_word' id='word_1_379' title='bbox 1257 2520 1694 2576; x_wconf 64' lang='lat' dir='ltr'>Graeco-Latina</span> <span class='ocrx_word' id='word_1_380' title='bbox 1722 2521 1797 2576; x_wconf 90' lang='lat' dir='ltr'>sit</span> <span class='ocrx_word' id='word_1_381' title='bbox 1825 2521 2146 2592; x_wconf 76' lang='lat' dir='ltr'>prtestitum</span> <span class='ocrx_word' id='word_1_382' title='bbox 2264 2525 2440 2592; x_wconf 87' lang='lat' dir='ltr'>atque</span> <span class='ocrx_word' id='word_1_383' title='bbox 2470 2521 2526 2574; x_wconf 93' lang='lat' dir='ltr'>in</span> <span class='ocrx_word' id='word_1_384' title='bbox 2560 2520 3265 2592; x_wconf 85' lang='lat' dir='ltr'>manuscriptis,quorum</span> <span class='ocrx_word' id='word_1_385' title='bbox 3289 2519 3563 2575; x_wconf 89' lang='lat' dir='ltr'>meminit</span> <span class='ocrx_word' id='word_1_386' title='bbox 3586 2519 3877 2574; x_wconf 84' lang='lat' dir='ltr'>Flaminius</span> 
     </span>
    </p>
   </div>
   <div class='ocr_carea' id='block_1_39' title="bbox 496 2603 2131 2683">
    <p class='ocr_par' dir='ltr' id='par_1_39' title="bbox 496 2607 2131 2681">
     <span class='ocr_line' id='line_1_39' title="bbox 496 2607 2131 2681; baseline -0.002 -15"><span class='ocrx_word' id='word_1_387' title='bbox 496 2609 696 2667; x_wconf 90' lang='lat' dir='ltr'>lectori</span> <span class='ocrx_word' id='word_1_388' title='bbox 719 2608 986 2665; x_wconf 90' lang='lat' dir='ltr'>studioso</span> <span class='ocrx_word' id='word_1_389' title='bbox 1010 2607 1452 2680; x_wconf 80' lang='lat' dir='ltr'>significabant.</span> <span class='ocrx_word' id='word_1_390' title='bbox 1478 2609 1700 2681; x_wconf 85' lang='lat' dir='ltr'>Pagina</span> <span class='ocrx_word' id='word_1_391' title='bbox 1717 2608 1984 2681; x_wconf 90' lang='lat' dir='ltr'>sequenti</span> <span class='ocrx_word' id='word_1_392' title='bbox 2007 2608 2131 2664; x_wconf 80' lang='lat' dir='ltr'>scri</span> 
     </span>
    </p>
   </div>
   <div class='ocr_carea' id='block_1_40' title="bbox 2252 2603 3875 2683">
    <p class='ocr_par' dir='ltr' id='par_1_40' title="bbox 2262 2603 3875 2683">
     <span class='ocr_line' id='line_1_40' title="bbox 2262 2603 3875 2683; baseline -0.004 -19"><span class='ocrx_word' id='word_1_393' title='bbox 2262 2609 2561 2664; x_wconf 86' lang='lat' dir='ltr'>Nobilius:</span> <span class='ocrx_word' id='word_1_394' title='bbox 2589 2606 2686 2661; x_wconf 80' lang='grc' dir='ltr'>Καὶ</span> <span class='ocrx_word' id='word_1_395' title='bbox 2718 2605 2822 2683; x_wconf 78' lang='grc' dir='ltr'>ἐγὼ</span> <span class='ocrx_word' id='word_1_396' title='bbox 2855 2603 3062 2662; x_wconf 66' lang='grc' dir='ltr'>δέδωκά</span> <span class='ocrx_word' id='word_1_397' title='bbox 3094 2628 3177 2662; x_wconf 79' lang='grc' dir='ltr'>σοι</span> <span class='ocrx_word' id='word_1_398' title='bbox 3201 2607 3298 2668; x_wconf 74' lang='grc' dir='ltr'>τὰς</span> <span class='ocrx_word' id='word_1_399' title='bbox 3327 2605 3423 2661; x_wconf 80' lang='grc' dir='ltr'>δύο</span> <span class='ocrx_word' id='word_1_400' title='bbox 3470 2603 3680 2667; x_wconf 80' lang='grc' dir='ltr'>ἀδικίας</span> <span class='ocrx_word' id='word_1_401' title='bbox 3726 2605 3875 2659; x_wconf 83' lang='grc' dir='ltr'>αὐτῶν</span> 
     </span>
    </p>
   </div>
   <div class='ocr_carea' id='block_1_41' title="bbox 499 2693 2131 2772">
    <p class='ocr_par' dir='ltr' id='par_1_41' title="bbox 499 2694 2131 2772">
     <span class='ocr_line' id='line_1_41' title="bbox 499 2694 2131 2772; baseline -0.001 -18"><span class='ocrx_word' id='word_1_402' title='bbox 499 2700 729 2772; x_wconf 86' lang='lat' dir='ltr'>psimus</span> <span class='ocrx_word' id='word_1_403' title='bbox 749 2695 976 2772; x_wconf 85' lang='grc' dir='ltr'>κρίσεως</span> <span class='ocrx_word' id='word_1_404' title='bbox 1009 2696 1189 2769; x_wconf 67' lang='grc' dir='ltr'>ἡμέρα</span> <span class='ocrx_word' id='word_1_405' title='bbox 1221 2713 1324 2768; x_wconf 89' lang='lat' dir='ltr'>pro</span> <span class='ocrx_word' id='word_1_406' title='bbox 1341 2694 1567 2757; x_wconf 82' lang='grc' dir='ltr'>κτίσεως</span> <span class='ocrx_word' id='word_1_407' title='bbox 1600 2714 1667 2752; x_wconf 84' lang='lat' dir='ltr'>ex</span> <span class='ocrx_word' id='word_1_408' title='bbox 1700 2699 1760 2754; x_wconf 82' lang='lat' dir='ltr'>F.</span> <span class='ocrx_word' id='word_1_409' title='bbox 1794 2698 1862 2753; x_wconf 84' lang='grc' dir='ltr'><strong>Η.</strong></span> <span class='ocrx_word' id='word_1_410' title='bbox 1889 2703 1946 2753; x_wconf 91' lang='lat' dir='ltr'>et</span> <span class='ocrx_word' id='word_1_411' title='bbox 1976 2697 2131 2770; x_wconf 73' lang='lat' dir='ltr'>pauit</span> 
     </span>
    </p>
   </div>
   <div class='ocr_carea' id='block_1_42' title="bbox 2252 2693 3878 2772">
    <p class='ocr_par' dir='ltr' id='par_1_42' title="bbox 2262 2693 3878 2771">
     <span class='ocr_line' id='line_1_42' title="bbox 2262 2693 3878 2771; baseline -0.002 -22"><span class='ocrx_word' id='word_1_412' title='bbox 2262 2695 2337 2758; x_wconf 84' lang='grc' dir='ltr'>είς</span> <span class='ocrx_word' id='word_1_413' title='bbox 2411 2694 2642 2771; x_wconf 82' lang='grc' dir='ltr'>ἀριθμὸν</span> <span class='ocrx_word' id='word_1_414' title='bbox 2713 2697 2936 2770; x_wconf 80' lang='grc' dir='ltr'>ἡμερῶν</span> <span class='ocrx_word' id='word_1_415' title='bbox 3010 2693 3356 2766; x_wconf 72' lang='grc' dir='ltr'>ἐννενήκοντα</span> <span class='ocrx_word' id='word_1_416' title='bbox 3428 2695 3517 2749; x_wconf 72' lang='lat' dir='ltr'>vui</span> <span class='ocrx_word' id='word_1_417' title='bbox 3596 2695 3878 2770; x_wconf 71' lang='grc' dir='ltr'>τριακοσίας</span> 
     </span>
    </p>
   </div>
   <div class='ocr_carea' id='block_1_43' title="bbox 2260 2784 3876 2859">
    <p class='ocr_par' dir='ltr' id='par_1_43' title="bbox 2260 2784 3876 2859">
     <span class='ocr_line' id='line_1_43' title="bbox 2260 2784 3876 2859; baseline -0.002 -20"><span class='ocrx_word' id='word_1_418' title='bbox 2260 2785 2490 2859; x_wconf 66' lang='grc' dir='ltr'>ἡμέρας·</span> <span class='ocrx_word' id='word_1_419' title='bbox 2517 2808 2544 2836; x_wconf 91' lang='grc'>‹‹</span> <span class='ocrx_word' id='word_1_420' title='bbox 2570 2786 2639 2840; x_wconf 89' lang='lat' dir='ltr'>Et</span> <span class='ocrx_word' id='word_1_421' title='bbox 2660 2801 2764 2858; x_wconf 85' lang='lat' dir='ltr'>ego</span> <span class='ocrx_word' id='word_1_422' title='bbox 2791 2785 2920 2840; x_wconf 91' lang='lat' dir='ltr'>dedi</span> <span class='ocrx_word' id='word_1_423' title='bbox 2944 2784 3050 2840; x_wconf 89' lang='lat' dir='ltr'>tibi</span> <span class='ocrx_word' id='word_1_424' title='bbox 3093 2785 3240 2841; x_wconf 90' lang='lat' dir='ltr'>duas</span> <span class='ocrx_word' id='word_1_425' title='bbox 3270 2784 3616 2857; x_wconf 87' lang='lat' dir='ltr'>iniquitates</span> <span class='ocrx_word' id='word_1_426' title='bbox 3645 2785 3876 2856; x_wconf 90' lang='lat' dir='ltr'>ipsorum</span> 
     </span>
    </p>
   </div>
   <div class='ocr_carea' id='block_1_44' title="bbox 2259 2874 3878 2947">
    <p class='ocr_par' dir='ltr' id='par_1_44' title="bbox 2259 2874 3878 2947">
     <span class='ocr_line' id='line_1_44' title="bbox 2259 2874 3878 2947; baseline -0.002 -17"><span class='ocrx_word' id='word_1_427' title='bbox 2259 2876 2319 2931; x_wconf 90' lang='lat' dir='ltr'>in</span> <span class='ocrx_word' id='word_1_428' title='bbox 2352 2890 2664 2932; x_wconf 87' lang='lat' dir='ltr'>numerum</span> <span class='ocrx_word' id='word_1_429' title='bbox 2695 2875 2918 2930; x_wconf 89' lang='lat' dir='ltr'>dierum</span> <span class='ocrx_word' id='word_1_430' title='bbox 2958 2875 3280 2947; x_wconf 86' lang='lat' dir='ltr'>nonaginta</span> <span class='ocrx_word' id='word_1_431' title='bbox 3295 2874 3515 2930; x_wconf 89' lang='lat' dir='ltr'>scilicet</span> <span class='ocrx_word' id='word_1_432' title='bbox 3536 2879 3596 2930; x_wconf 87' lang='lat' dir='ltr'>et</span> <span class='ocrx_word' id='word_1_433' title='bbox 3617 2878 3878 2930; x_wconf 86' lang='lat' dir='ltr'>trecentos</span> 
     </span>
    </p>
   </div>
   <div class='ocr_carea' id='block_1_45' title="bbox 566 2963 3878 3054">
    <p class='ocr_par' dir='ltr' id='par_1_45' title="bbox 566 2963 3878 3054">
     <span class='ocr_line' id='line_1_45' title="bbox 566 2963 3878 3054; baseline -0.001 -14"><span class='ocrx_word' id='word_1_434' title='bbox 566 2983 689 3040; x_wconf 91' lang='lat' dir='ltr'>Col.</span> <span class='ocrx_word' id='word_1_435' title='bbox 725 2983 832 3038; x_wconf 61' lang='lat'>342</span> <span class='ocrx_word' id='word_1_436' title='bbox 861 2983 991 3038; x_wconf 86' lang='lat' dir='ltr'>A2.</span> <span class='ocrx_word' id='word_1_437' title='bbox 1024 2981 1258 3053; x_wconf 77' lang='lat' dir='ltr'>Quando</span> <span class='ocrx_word' id='word_1_438' title='bbox 1289 2983 1479 3054; x_wconf 82' lang='lat' dir='ltr'>igitur.</span> <span class='ocrx_word' id='word_1_439' title='bbox 1514 2981 1804 3038; x_wconf 90' lang='lat' dir='ltr'>Omiserat</span> <span class='ocrx_word' id='word_1_440' title='bbox 1851 2981 1947 3038; x_wconf 89' lang='lat' dir='ltr'>hic</span> <span class='ocrx_word' id='word_1_441' title='bbox 1996 2983 2147 3038; x_wconf 90' lang='lat' dir='ltr'>inte-</span> <span class='ocrx_word' id='word_1_442' title='bbox 2259 2965 2404 3020; x_wconf 77' lang='grc' dir='ltr'>άίθεο</span> <span class='ocrx_word' id='word_1_443' title='bbox 2439 2987 2465 3015; x_wconf 73' lang='grc' dir='ltr'><strong>υ</strong></span> <span class='ocrx_word' id='word_1_444' title='bbox 2500 2969 2557 3054; x_wconf 78' lang='lat' dir='ltr'>S-</span> <span class='ocrx_word' id='word_1_445' title='bbox 2592 2964 2984 3038; x_wconf 75' lang='lat' dir='ltr'>Hieronymus</span> <span class='ocrx_word' id='word_1_446' title='bbox 3011 2964 3070 3020; x_wconf 77' lang='lat' dir='ltr'>in</span> <span class='ocrx_word' id='word_1_447' title='bbox 3103 2981 3234 3054; x_wconf 70' lang='lat' dir='ltr'>eum</span> <span class='ocrx_word' id='word_1_448' title='bbox 3285 2963 3478 3054; x_wconf 68' lang='lat' dir='ltr'>locum</span> <span class='ocrx_word' id='word_1_449' title='bbox 3527 2968 3775 3054; x_wconf 53' lang='lat' dir='ltr'>testatur</span> <span class='ocrx_word' id='word_1_450' title='bbox 3811 2963 3878 3016; x_wconf 65' lang='lat' dir='ltr'>ita</span> 
     </span>
    </p>
   </div>
   <div class='ocr_carea' id='block_1_46' title="bbox 502 3053 2131 3145">
    <p class='ocr_par' dir='ltr' id='par_1_46' title="bbox 502 3053 2131 3145">
     <span class='ocr_line' id='line_1_46' title="bbox 502 3053 2131 3145; baseline 0 -18"><span class='ocrx_word' id='word_1_451' title='bbox 502 3089 669 3145; x_wconf 89' lang='lat' dir='ltr'>gram</span> <span class='ocrx_word' id='word_1_452' title='bbox 699 3071 917 3127; x_wconf 89' lang='lat' dir='ltr'>lineam</span> <span class='ocrx_word' id='word_1_453' title='bbox 951 3070 1128 3126; x_wconf 72' lang='lat' dir='ltr'>Graeci</span> <span class='ocrx_word' id='word_1_454' title='bbox 1158 3053 1350 3126; x_wconf 87' lang='lat' dir='ltr'>textus</span> <span class='ocrx_word' id='word_1_455' title='bbox 1382 3070 1689 3143; x_wconf 90' lang='lat' dir='ltr'>interpres,</span> <span class='ocrx_word' id='word_1_456' title='bbox 1719 3088 1894 3143; x_wconf 88' lang='lat' dir='ltr'>quam</span> <span class='ocrx_word' id='word_1_457' title='bbox 1928 3075 1986 3127; x_wconf 88' lang='lat' dir='ltr'>et</span> <span class='ocrx_word' id='word_1_458' title='bbox 2035 3071 2131 3127; x_wconf 83' lang='lat' dir='ltr'>Re-</span> 
     </span>
    </p>
   </div>
   <div class='ocr_carea' id='block_1_47' title="bbox 2252 3053 3880 3145">
    <p class='ocr_par' dir='ltr' id='par_1_47' title="bbox 2259 3053 3880 3126">
     <span class='ocr_line' id='line_1_47' title="bbox 2259 3053 3880 3126; baseline -0.002 -16"><span class='ocrx_word' id='word_1_459' title='bbox 2259 3055 2418 3110; x_wconf 82' lang='lat' dir='ltr'>LXX</span> <span class='ocrx_word' id='word_1_460' title='bbox 2448 3053 2727 3122; x_wconf 87' lang='lat' dir='ltr'>edidisse;</span> <span class='ocrx_word' id='word_1_461' title='bbox 2759 3054 3019 3125; x_wconf 89' lang='lat' dir='ltr'>itemque</span> <span class='ocrx_word' id='word_1_462' title='bbox 3051 3053 3345 3124; x_wconf 77' lang='lat' dir='ltr'>Aquilam,</span> <span class='ocrx_word' id='word_1_463' title='bbox 3379 3053 3792 3126; x_wconf 78' lang='lat' dir='ltr'>Symmachum</span> <span class='ocrx_word' id='word_1_464' title='bbox 3833 3059 3880 3106; x_wconf 82' lang='lat' dir='ltr'>et</span> 
     </span>
    </p>
   </div>
   <div class='ocr_carea' id='block_1_48' title="bbox 496 3141 2131 3232">
    <p class='ocr_par' dir='ltr' id='par_1_48' title="bbox 496 3141 2131 3232">
     <span class='ocr_line' id='line_1_48' title="bbox 496 3141 2131 3232; baseline 0.001 -18"><span class='ocrx_word' id='word_1_465' title='bbox 496 3141 627 3232; x_wconf 69' lang='lat' dir='ltr'>gius</span> <span class='ocrx_word' id='word_1_466' title='bbox 649 3158 980 3230; x_wconf 80' lang='lat' dir='ltr'>F.exhibet,</span> <span class='ocrx_word' id='word_1_467' title='bbox 999 3163 1056 3216; x_wconf 91' lang='lat' dir='ltr'>et</span> <span class='ocrx_word' id='word_1_468' title='bbox 1077 3175 1286 3214; x_wconf 88' lang='lat' dir='ltr'>novam</span> <span class='ocrx_word' id='word_1_469' title='bbox 1313 3141 1617 3231; x_wconf 83' lang='lat' dir='ltr'>periodum</span> <span class='ocrx_word' id='word_1_470' title='bbox 1640 3141 1945 3215; x_wconf 82' lang='lat' dir='ltr'>inchoarat</span> <span class='ocrx_word' id='word_1_471' title='bbox 1974 3161 2131 3216; x_wconf 64' lang='lat' dir='ltr'>verba</span> 
     </span>
    </p>
   </div>
   <div class='ocr_carea' id='block_1_49' title="bbox 2252 3141 3873 3232">
    <p class='ocr_par' dir='ltr' id='par_1_49' title="bbox 2259 3141 3873 3216">
     <span class='ocr_line' id='line_1_49' title="bbox 2259 3141 3873 3216; baseline -0.002 -18"><span class='ocrx_word' id='word_1_472' title='bbox 2259 3142 2740 3214; x_wconf 89' lang='lat' dir='ltr'>Theodotionem,</span> <span class='ocrx_word' id='word_1_473' title='bbox 2787 3141 2923 3198; x_wconf 88' lang='lat' dir='ltr'>licet</span> <span class='ocrx_word' id='word_1_474' title='bbox 2968 3143 3206 3216; x_wconf 88' lang='lat' dir='ltr'>vulgata</span> <span class='ocrx_word' id='word_1_475' title='bbox 3251 3141 3614 3214; x_wconf 82' lang='lat' dir='ltr'>exemplaria</span> <span class='ocrx_word' id='word_1_476' title='bbox 3664 3147 3873 3197; x_wconf 89' lang='lat' dir='ltr'>centum</span> 
     </span>
    </p>
   </div>
   <div class='ocr_carea' id='block_1_50' title="bbox 493 3203 2131 3322">
    <p class='ocr_par' dir='ltr' id='par_1_50' title="bbox 493 3203 2131 3322">
     <span class='ocr_line' id='line_1_50' title="bbox 496 3203 2131 3232; baseline 0.001 -18"><span class='ocrx_word' id='word_1_477' title='bbox 496 3203 627 3232; x_wconf 63' lang='grc' dir='ltr'><strong>οη...</strong></span> <span class='ocrx_word' id='word_1_478' title='bbox 649 3203 671 3216; x_wconf 82' lang='lat'><strong><em>.</em></strong></span> <span class='ocrx_word' id='word_1_479' title='bbox 698 3203 980 3230; x_wconf 58' lang='grc' dir='ltr'><strong>..ω-...νη</strong></span> <span class='ocrx_word' id='word_1_480' title='bbox 1000 3203 1056 3216; x_wconf 72' lang='grc' dir='ltr'><strong>ν.</strong></span> <span class='ocrx_word' id='word_1_481' title='bbox 1077 3203 1150 3214; x_wconf 75' lang='grc' dir='ltr'><strong>..ν</strong></span> <span class='ocrx_word' id='word_1_482' title='bbox 1168 3203 1286 3214; x_wconf 76' lang='grc'><strong>....-.</strong></span> <span class='ocrx_word' id='word_1_483' title='bbox 1313 3203 1617 3231; x_wconf 54' lang='lat' dir='ltr'>reue--.&quot;</span> <span class='ocrx_word' id='word_1_484' title='bbox 1641 3203 1945 3215; x_wconf 68' lang='lat'>....,...,......</span> <span class='ocrx_word' id='word_1_485' title='bbox 1984 3203 2131 3216; x_wconf 70' lang='grc' dir='ltr'><strong>..ηυ-</strong></span> 
     </span>
     <span class='ocr_line' id='line_1_51' title="bbox 493 3245 2131 3322; baseline -0.001 -18"><span class='ocrx_word' id='word_1_486' title='bbox 493 3249 598 3305; x_wconf 81' lang='lat' dir='ltr'>illa</span> <span class='ocrx_word' id='word_1_487' title='bbox 643 3253 897 3316; x_wconf 88' lang='lat' dir='ltr'>vertens,</span> <span class='ocrx_word' id='word_1_488' title='bbox 929 3246 1017 3300; x_wconf 78' lang='grc' dir='ltr'>καὶ</span> <span class='ocrx_word' id='word_1_489' title='bbox 1069 3247 1096 3301; x_wconf 89' lang='grc' dir='ltr'>ὁ</span> <span class='ocrx_word' id='word_1_490' title='bbox 1142 3245 1308 3322; x_wconf 79' lang='grc' dir='ltr'>λόγος</span> <span class='ocrx_word' id='word_1_491' title='bbox 1352 3245 1668 3317; x_wconf 75' lang='grc' dir='ltr'>αἰνίσσεται,</span> <span class='ocrx_word' id='word_1_492' title='bbox 1704 3271 1731 3299; x_wconf 87' lang='grc'>‹‹</span> <span class='ocrx_word' id='word_1_493' title='bbox 1767 3249 1916 3314; x_wconf 86' lang='lat' dir='ltr'>Quin</span> <span class='ocrx_word' id='word_1_494' title='bbox 1968 3249 2131 3306; x_wconf 81' lang='lat' dir='ltr'>etian‘</span> 
     </span>
    </p>
   </div>
   <div class='ocr_carea' id='block_1_51' title="bbox 2252 3203 3877 3322">
    <p class='ocr_par' dir='ltr' id='par_1_51' title="bbox 2262 3231 3877 3305">
     <span class='ocr_line' id='line_1_52' title="bbox 2262 3231 3877 3305; baseline -0.003 -16"><span class='ocrx_word' id='word_1_495' title='bbox 2262 3233 2583 3305; x_wconf 82' lang='lat' dir='ltr'>nonaginta</span> <span class='ocrx_word' id='word_1_496' title='bbox 2612 3249 2798 3288; x_wconf 89' lang='lat' dir='ltr'>annos</span> <span class='ocrx_word' id='word_1_497' title='bbox 2829 3232 3084 3288; x_wconf 88' lang='lat' dir='ltr'>habeant</span> <span class='ocrx_word' id='word_1_498' title='bbox 3116 3251 3128 3288; x_wconf 90' lang='lat'>:</span> <span class='ocrx_word' id='word_1_499' title='bbox 3161 3237 3218 3288; x_wconf 90' lang='lat' dir='ltr'>at</span> <span class='ocrx_word' id='word_1_500' title='bbox 3270 3231 3548 3301; x_wconf 86' lang='lat' dir='ltr'>Basilius,</span> <span class='ocrx_word' id='word_1_501' title='bbox 3585 3248 3686 3304; x_wconf 90' lang='lat' dir='ltr'>pro</span> <span class='ocrx_word' id='word_1_502' title='bbox 3725 3247 3877 3286; x_wconf 87' lang='lat' dir='ltr'>nona-</span> 
     </span>
    </p>
   </div>
   <div class='ocr_carea' id='block_1_52' title="bbox 497 3321 2131 3409">
    <p class='ocr_par' dir='ltr' id='par_1_52' title="bbox 497 3321 2131 3409">
     <span class='ocr_line' id='line_1_53' title="bbox 497 3321 2131 3409; baseline 0 -15"><span class='ocrx_word' id='word_1_503' title='bbox 497 3338 674 3394; x_wconf 89' lang='lat' dir='ltr'>tacite</span> <span class='ocrx_word' id='word_1_504' title='bbox 733 3336 927 3392; x_wconf 91' lang='lat' dir='ltr'>innuit</span> <span class='ocrx_word' id='word_1_505' title='bbox 982 3336 1133 3392; x_wconf 90' lang='lat' dir='ltr'>duas</span> <span class='ocrx_word' id='word_1_506' title='bbox 1191 3321 1321 3392; x_wconf 87' lang='lat' dir='ltr'>esse</span> <span class='ocrx_word' id='word_1_507' title='bbox 1378 3336 1604 3408; x_wconf 87' lang='lat' dir='ltr'>species</span> <span class='ocrx_word' id='word_1_508' title='bbox 1650 3337 2046 3409; x_wconf 87' lang='lat' dir='ltr'>baptismatis,</span> <span class='ocrx_word' id='word_1_509' title='bbox 2078 3355 2131 3394; x_wconf 72' lang='lat' dir='ltr'>ni</span> 
     </span>
    </p>
   </div>
   <div class='ocr_carea' id='block_1_53' title="bbox 2252 3321 3690 3409">
    <p class='ocr_par' dir='ltr' id='par_1_53' title="bbox 2261 3321 3690 3394">
     <span class='ocr_line' id='line_1_54' title="bbox 2261 3321 3690 3394; baseline 0 -18"><span class='ocrx_word' id='word_1_510' title='bbox 2261 3322 2424 3394; x_wconf 89' lang='lat' dir='ltr'>ginta</span> <span class='ocrx_word' id='word_1_511' title='bbox 2450 3325 2507 3378; x_wconf 89' lang='lat' dir='ltr'>et</span> <span class='ocrx_word' id='word_1_512' title='bbox 2535 3326 2847 3392; x_wconf 87' lang='lat' dir='ltr'>trecentos,</span> <span class='ocrx_word' id='word_1_513' title='bbox 2880 3321 3044 3391; x_wconf 83' lang='lat' dir='ltr'>dixit,</span> <span class='ocrx_word' id='word_1_514' title='bbox 3077 3343 3101 3374; x_wconf 81' lang='grc' dir='ltr'><strong><em>α</em></strong></span> <span class='ocrx_word' id='word_1_515' title='bbox 3136 3321 3457 3394; x_wconf 82' lang='lat' dir='ltr'>nonaginta</span> <span class='ocrx_word' id='word_1_516' title='bbox 3483 3325 3626 3376; x_wconf 84' lang='lat' dir='ltr'>tres.</span> <span class='ocrx_word' id='word_1_517' title='bbox 3662 3344 3690 3370; x_wconf 83' lang='lat'>»</span> 
     </span>
    </p>
   </div>
   <div class='ocr_carea' id='block_1_54' title="bbox 495 3423 3878 3498">
    <p class='ocr_par' dir='ltr' id='par_1_54' title="bbox 495 3423 3878 3498">
     <span class='ocr_line' id='line_1_55' title="bbox 495 3423 3878 3498; baseline -0.001 -16"><span class='ocrx_word' id='word_1_518' title='bbox 495 3423 2148 3498; x_wconf 81' lang='lat' dir='ltr'>quandoadternionemusqueprogrediaturbaptisma.»</span> <span class='ocrx_word' id='word_1_519' title='bbox 2329 3427 2451 3484; x_wconf 82' lang='lat' dir='ltr'>Col.</span> <span class='ocrx_word' id='word_1_520' title='bbox 2508 3428 2613 3482; x_wconf 89' lang='lat'>366</span> <span class='ocrx_word' id='word_1_521' title='bbox 2664 3430 2708 3481; x_wconf 90' lang='lat' dir='ltr'>B</span> <span class='ocrx_word' id='word_1_522' title='bbox 2764 3430 2818 3483; x_wconf 95' lang='lat'>7.</span> <span class='ocrx_word' id='word_1_523' title='bbox 2877 3429 2942 3484; x_wconf 88' lang='lat' dir='ltr'>Et</span> <span class='ocrx_word' id='word_1_524' title='bbox 2997 3428 3189 3484; x_wconf 83' lang='lat' dir='ltr'>oculus</span> <span class='ocrx_word' id='word_1_525' title='bbox 3239 3427 3556 3484; x_wconf 73' lang='lat' dir='ltr'>inexhaust.</span> <span class='ocrx_word' id='word_1_526' title='bbox 3612 3427 3878 3498; x_wconf 79' lang='lat' dir='ltr'>lutei-pres</span> 
     </span>
    </p>
   </div>
   <div class='ocr_carea' id='block_1_55' title="bbox 495 3511 3878 3587">
    <p class='ocr_par' dir='ltr' id='par_1_55' title="bbox 495 3511 3878 3587">
     <span class='ocr_line' id='line_1_56' title="bbox 495 3511 3878 3587; baseline 0.001 -19"><span class='ocrx_word' id='word_1_527' title='bbox 495 3520 668 3570; x_wconf 89' lang='lat' dir='ltr'>Porro</span> <span class='ocrx_word' id='word_1_528' title='bbox 729 3513 898 3584; x_wconf 89' lang='lat' dir='ltr'>illud,</span> <span class='ocrx_word' id='word_1_529' title='bbox 933 3515 1145 3585; x_wconf 77' lang='grc' dir='ltr'>πνεῦμα</span> <span class='ocrx_word' id='word_1_530' title='bbox 1202 3511 1466 3584; x_wconf 79' lang='grc' dir='ltr'>καύσεως,</span> <span class='ocrx_word' id='word_1_531' title='bbox 1493 3514 1756 3586; x_wconf 73' lang='lat' dir='ltr'>spiritum</span> <span class='ocrx_word' id='word_1_532' title='bbox 1802 3515 2044 3583; x_wconf 88' lang='lat' dir='ltr'>ardoris,</span> <span class='ocrx_word' id='word_1_533' title='bbox 2080 3517 2150 3573; x_wconf 90' lang='lat' dir='ltr'>de</span> <span class='ocrx_word' id='word_1_534' title='bbox 2260 3516 2594 3587; x_wconf 85' lang='lat' dir='ltr'>scripserat,</span> <span class='ocrx_word' id='word_1_535' title='bbox 2610 3532 2824 3586; x_wconf 85' lang='lat' dir='ltr'>«quam</span> <span class='ocrx_word' id='word_1_536' title='bbox 2849 3515 2898 3571; x_wconf 91' lang='lat' dir='ltr'>si</span> <span class='ocrx_word' id='word_1_537' title='bbox 2928 3516 3226 3572; x_wconf 81' lang='lat' dir='ltr'>definieris</span> <span class='ocrx_word' id='word_1_538' title='bbox 3253 3521 3447 3571; x_wconf 87' lang='lat' dir='ltr'>tecum</span> <span class='ocrx_word' id='word_1_539' title='bbox 3482 3517 3634 3571; x_wconf 89' lang='lat' dir='ltr'>nihil</span> <span class='ocrx_word' id='word_1_540' title='bbox 3664 3516 3878 3572; x_wconf 90' lang='lat' dir='ltr'>omnino</span> 
     </span>
    </p>
   </div>
   <div class='ocr_carea' id='block_1_56' title="bbox 497 3600 3879 3676">
    <p class='ocr_par' dir='ltr' id='par_1_56' title="bbox 497 3600 3879 3676">
     <span class='ocr_line' id='line_1_57' title="bbox 497 3600 3879 3676; baseline 0 -17"><span class='ocrx_word' id='word_1_541' title='bbox 497 3601 794 3674; x_wconf 87' lang='lat' dir='ltr'>baptismo</span> <span class='ocrx_word' id='word_1_542' title='bbox 825 3601 1004 3658; x_wconf 90' lang='lat' dir='ltr'>etiam</span> <span class='ocrx_word' id='word_1_543' title='bbox 1036 3601 1276 3673; x_wconf 83' lang='lat' dir='ltr'>exponit</span> <span class='ocrx_word' id='word_1_544' title='bbox 1306 3600 1554 3674; x_wconf 79' lang='lat' dir='ltr'>Cyrillus</span> <span class='ocrx_word' id='word_1_545' title='bbox 1601 3602 2032 3660; x_wconf 84' lang='lat' dir='ltr'>Alexandrinus</span> <span class='ocrx_word' id='word_1_546' title='bbox 2089 3605 2148 3660; x_wconf 93' lang='lat' dir='ltr'>in</span> <span class='ocrx_word' id='word_1_547' title='bbox 2260 3604 2581 3676; x_wconf 87' lang='lat' dir='ltr'>possidere.</span> <span class='ocrx_word' id='word_1_548' title='bbox 2619 3626 2645 3653; x_wconf 77' lang='grc' dir='ltr'>υ</span> <span class='ocrx_word' id='word_1_549' title='bbox 2673 3607 2745 3660; x_wconf 88' lang='lat' dir='ltr'>At</span> <span class='ocrx_word' id='word_1_550' title='bbox 2774 3603 3142 3676; x_wconf 80' lang='grc' dir='ltr'>συνορίζεσθαι</span> <span class='ocrx_word' id='word_1_551' title='bbox 3171 3621 3286 3662; x_wconf 90' lang='lat' dir='ltr'>non</span> <span class='ocrx_word' id='word_1_552' title='bbox 3335 3610 3424 3661; x_wconf 87' lang='lat' dir='ltr'>est</span> <span class='ocrx_word' id='word_1_553' title='bbox 3470 3604 3571 3660; x_wconf 88' lang='lat' dir='ltr'>hic</span> <span class='ocrx_word' id='word_1_554' title='bbox 3608 3627 3633 3658; x_wconf 78' lang='grc' dir='ltr'>ι</span> <span class='ocrx_word' id='word_1_555' title='bbox 3662 3604 3879 3660; x_wconf 83' lang='lat' dir='ltr'>definire</span> 
     </span>
    </p>
   </div>
   <div class='ocr_carea' id='block_1_57' title="bbox 502 3686 2131 3770">
    <p class='ocr_par' dir='ltr' id='par_1_57' title="bbox 502 3686 2127 3770">
     <span class='ocr_line' id='line_1_58' title="bbox 502 3686 2127 3770; baseline -0.001 -21"><span class='ocrx_word' id='word_1_556' title='bbox 502 3691 936 3750; x_wconf 80' lang='lat' dir='ltr'>Commentario</span> <span class='ocrx_word' id='word_1_557' title='bbox 969 3709 982 3747; x_wconf 88' lang='lat'><strong>:</strong></span> <span class='ocrx_word' id='word_1_558' title='bbox 1017 3688 1272 3752; x_wconf 69' lang='grc' dir='ltr'>Καύσεως</span> <span class='ocrx_word' id='word_1_559' title='bbox 1327 3686 1384 3744; x_wconf 70' lang='grc' dir='ltr'>δὲ</span> <span class='ocrx_word' id='word_1_560' title='bbox 1431 3689 1643 3764; x_wconf 78' lang='grc' dir='ltr'>πνεῦμά</span> <span class='ocrx_word' id='word_1_561' title='bbox 1695 3712 1865 3770; x_wconf 77' lang='grc' dir='ltr'>φαμεν</span> <span class='ocrx_word' id='word_1_562' title='bbox 1910 3694 2009 3762; x_wconf 68' lang='grc' dir='ltr'>τὴν</span> <span class='ocrx_word' id='word_1_563' title='bbox 2062 3691 2127 3747; x_wconf 79' lang='grc' dir='ltr'>ἑτι</span> 
     </span>
    </p>
   </div>
   <div class='ocr_carea' id='block_1_58' title="bbox 2252 3686 3876 3770">
    <p class='ocr_par' dir='ltr' id='par_1_58' title="bbox 2259 3693 3876 3767">
     <span class='ocr_line' id='line_1_59' title="bbox 2259 3693 3876 3767; baseline -0.002 -18"><span class='ocrx_word' id='word_1_564' title='bbox 2259 3695 2414 3766; x_wconf 85' lang='lat' dir='ltr'>apud</span> <span class='ocrx_word' id='word_1_565' title='bbox 2449 3709 2530 3762; x_wconf 89' lang='lat' dir='ltr'>se,</span> <span class='ocrx_word' id='word_1_566' title='bbox 2559 3715 2586 3745; x_wconf 84' lang='lat'><strong>»</strong></span> <span class='ocrx_word' id='word_1_567' title='bbox 2619 3710 2820 3750; x_wconf 89' lang='lat' dir='ltr'>verum</span> <span class='ocrx_word' id='word_1_568' title='bbox 2849 3714 2875 3746; x_wconf 75' lang='grc' dir='ltr'><strong>ι</strong></span> <span class='ocrx_word' id='word_1_569' title='bbox 2910 3694 3162 3750; x_wconf 77' lang='lat' dir='ltr'>confinio</span> <span class='ocrx_word' id='word_1_570' title='bbox 3183 3694 3377 3766; x_wconf 86' lang='lat' dir='ltr'>jungi.</span> <span class='ocrx_word' id='word_1_571' title='bbox 3408 3717 3436 3745; x_wconf 83' lang='lat'><strong>»</strong></span> <span class='ocrx_word' id='word_1_572' title='bbox 3470 3695 3654 3751; x_wconf 88' lang='lat' dir='ltr'>Paulo</span> <span class='ocrx_word' id='word_1_573' title='bbox 3683 3700 3804 3767; x_wconf 85' lang='lat' dir='ltr'>post</span> <span class='ocrx_word' id='word_1_574' title='bbox 3830 3693 3876 3746; x_wconf 90' lang='lat' dir='ltr'>in</span> 
     </span>
    </p>
   </div>
   <div class='ocr_carea' id='block_1_59' title="bbox 503 3776 2131 3856">
    <p class='ocr_par' dir='ltr' id='par_1_59' title="bbox 503 3776 2131 3856">
     <span class='ocr_line' id='line_1_60' title="bbox 503 3776 2131 3856; baseline 0.001 -22"><span class='ocrx_word' id='word_1_575' title='bbox 503 3783 600 3834; x_wconf 78' lang='grc' dir='ltr'>τοῦ</span> <span class='ocrx_word' id='word_1_576' title='bbox 656 3778 810 3856; x_wconf 83' lang='grc' dir='ltr'>ἁγίου</span> <span class='ocrx_word' id='word_1_577' title='bbox 867 3776 1184 3852; x_wconf 79' lang='grc' dir='ltr'>ΙΙνιύματος</span> <span class='ocrx_word' id='word_1_578' title='bbox 1243 3776 1404 3853; x_wconf 78' lang='grc' dir='ltr'>χάριν</span> <span class='ocrx_word' id='word_1_579' title='bbox 1463 3777 1523 3833; x_wconf 80' lang='grc' dir='ltr'>οὐ</span> <span class='ocrx_word' id='word_1_580' title='bbox 1575 3777 1703 3855; x_wconf 84' lang='grc' dir='ltr'>δίχα</span> <span class='ocrx_word' id='word_1_581' title='bbox 1760 3779 2061 3854; x_wconf 74' lang='grc' dir='ltr'>πνεύματος</span> <span class='ocrx_word' id='word_1_582' title='bbox 2095 3780 2131 3836; x_wconf 62' lang='grc' dir='ltr'>ἐι</span> 
     </span>
    </p>
   </div>
   <div class='ocr_carea' id='block_1_60' title="bbox 2252 3776 3878 3856">
    <p class='ocr_par' dir='ltr' id='par_1_60' title="bbox 2262 3778 3878 3856">
     <span class='ocr_line' id='line_1_61' title="bbox 2262 3778 3878 3856; baseline -0.002 -18"><span class='ocrx_word' id='word_1_583' title='bbox 2262 3799 2373 3839; x_wconf 89' lang='lat' dir='ltr'>ms.</span> <span class='ocrx_word' id='word_1_584' title='bbox 2408 3787 2462 3840; x_wconf 79' lang='lat' dir='ltr'>F.</span> <span class='ocrx_word' id='word_1_585' title='bbox 2499 3798 2802 3856; x_wconf 88' lang='lat' dir='ltr'>perperam</span> <span class='ocrx_word' id='word_1_586' title='bbox 2835 3783 3119 3856; x_wconf 89' lang='lat' dir='ltr'>scriptum</span> <span class='ocrx_word' id='word_1_587' title='bbox 3153 3784 3262 3839; x_wconf 90' lang='lat' dir='ltr'>fuit</span> <span class='ocrx_word' id='word_1_588' title='bbox 3289 3781 3350 3837; x_wconf 83' lang='grc' dir='ltr'>οὐ</span> <span class='ocrx_word' id='word_1_589' title='bbox 3381 3778 3575 3856; x_wconf 75' lang='grc' dir='ltr'>λήψει,</span> <span class='ocrx_word' id='word_1_590' title='bbox 3608 3784 3757 3839; x_wconf 87' lang='lat' dir='ltr'>unde</span> <span class='ocrx_word' id='word_1_591' title='bbox 3783 3781 3878 3837; x_wconf 87' lang='lat' dir='ltr'>Til-</span> 
     </span>
    </p>
   </div>
   <div class='ocr_carea' id='block_1_61' title="bbox 505 3869 2131 3946">
    <p class='ocr_par' dir='ltr' id='par_1_61' title="bbox 505 3869 2131 3945">
     <span class='ocr_line' id='line_1_62' title="bbox 505 3869 2131 3945; baseline 0.004 -23"><span class='ocrx_word' id='word_1_592' title='bbox 505 3871 640 3943; x_wconf 73' lang='grc' dir='ltr'>ἡμῖν</span> <span class='ocrx_word' id='word_1_593' title='bbox 671 3869 982 3945; x_wconf 63' lang='grc' dir='ltr'>γινομένην.</span> <span class='ocrx_word' id='word_1_594' title='bbox 1021 3892 1049 3919; x_wconf 88' lang='grc'>‹‹</span> <span class='ocrx_word' id='word_1_595' title='bbox 1101 3869 1337 3925; x_wconf 86' lang='lat' dir='ltr'>Ardoris</span> <span class='ocrx_word' id='word_1_596' title='bbox 1395 3885 1528 3925; x_wconf 89' lang='lat' dir='ltr'>vero</span> <span class='ocrx_word' id='word_1_597' title='bbox 1571 3871 1847 3943; x_wconf 87' lang='lat' dir='ltr'>spiritum</span> <span class='ocrx_word' id='word_1_598' title='bbox 1897 3872 2131 3928; x_wconf 64' lang='lat' dir='ltr'>dicimus</span> 
     </span>
    </p>
   </div>
   <div class='ocr_carea' id='block_1_62' title="bbox 2252 3869 3879 3946">
    <p class='ocr_par' dir='ltr' id='par_1_62' title="bbox 2261 3872 3879 3946">
     <span class='ocr_line' id='line_1_63' title="bbox 2261 3872 3879 3946; baseline -0.002 -17"><span class='ocrx_word' id='word_1_599' title='bbox 2261 3889 2514 3929; x_wconf 86' lang='lat' dir='ltr'>manuus</span> <span class='ocrx_word' id='word_1_600' title='bbox 2543 3877 2817 3942; x_wconf 88' lang='lat' dir='ltr'>verterat,</span> <span class='ocrx_word' id='word_1_601' title='bbox 2855 3893 2876 3923; x_wconf 76' lang='grc' dir='ltr'>ι</span> <span class='ocrx_word' id='word_1_602' title='bbox 2910 3873 3036 3946; x_wconf 86' lang='lat' dir='ltr'>ipse</span> <span class='ocrx_word' id='word_1_603' title='bbox 3065 3877 3260 3930; x_wconf 91' lang='lat' dir='ltr'>autem</span> <span class='ocrx_word' id='word_1_604' title='bbox 3292 3872 3437 3928; x_wconf 88' lang='lat' dir='ltr'>nihil</span> <span class='ocrx_word' id='word_1_605' title='bbox 3465 3875 3706 3929; x_wconf 90' lang='lat' dir='ltr'>omnino</span> <span class='ocrx_word' id='word_1_606' title='bbox 3727 3873 3820 3928; x_wconf 88' lang='lat' dir='ltr'>abs</span> <span class='ocrx_word' id='word_1_607' title='bbox 3835 3878 3879 3926; x_wconf 88' lang='lat' dir='ltr'>te</span> 
     </span>
    </p>
   </div>
   <div class='ocr_carea' id='block_1_63' title="bbox 501 3958 3873 4034">
    <p class='ocr_par' dir='ltr' id='par_1_63' title="bbox 501 3958 3873 4034">
     <span class='ocr_line' id='line_1_64' title="bbox 501 3958 3873 4034; baseline -0.001 -20"><span class='ocrx_word' id='word_1_608' title='bbox 501 3961 751 4032; x_wconf 86' lang='lat' dir='ltr'>gratiam</span> <span class='ocrx_word' id='word_1_609' title='bbox 785 3959 845 4015; x_wconf 89' lang='lat' dir='ltr'>in</span> <span class='ocrx_word' id='word_1_610' title='bbox 878 3962 1252 4015; x_wconf 91' lang='lat' dir='ltr'>sacrosancto</span> <span class='ocrx_word' id='word_1_611' title='bbox 1284 3959 1600 4032; x_wconf 89' lang='lat' dir='ltr'>baptismo,</span> <span class='ocrx_word' id='word_1_612' title='bbox 1634 3977 1749 4017; x_wconf 89' lang='lat' dir='ltr'>non</span> <span class='ocrx_word' id='word_1_613' title='bbox 1777 3961 2000 4034; x_wconf 88' lang='lat' dir='ltr'>absque</span> <span class='ocrx_word' id='word_1_614' title='bbox 2038 3961 2152 4034; x_wconf 87' lang='lat' dir='ltr'>spi-</span> <span class='ocrx_word' id='word_1_615' title='bbox 2261 3962 2538 4033; x_wconf 88' lang='lat' dir='ltr'>accipiet:</span> <span class='ocrx_word' id='word_1_616' title='bbox 2565 3984 2592 4011; x_wconf 84' lang='lat'>»</span> <span class='ocrx_word' id='word_1_617' title='bbox 2640 3965 2700 4018; x_wconf 91' lang='lat' dir='ltr'>at</span> <span class='ocrx_word' id='word_1_618' title='bbox 2738 3961 2922 4018; x_wconf 89' lang='lat' dir='ltr'>multo</span> <span class='ocrx_word' id='word_1_619' title='bbox 2973 3961 3190 4018; x_wconf 88' lang='lat' dir='ltr'>rectius</span> <span class='ocrx_word' id='word_1_620' title='bbox 3222 3962 3280 4017; x_wconf 93' lang='lat' dir='ltr'>in</span> <span class='ocrx_word' id='word_1_621' title='bbox 3312 3962 3379 4018; x_wconf 86' lang='grc' dir='ltr'><strong>Η.</strong></span> <span class='ocrx_word' id='word_1_622' title='bbox 3414 3968 3472 4019; x_wconf 89' lang='lat' dir='ltr'>et</span> <span class='ocrx_word' id='word_1_623' title='bbox 3501 3965 3571 4017; x_wconf 89' lang='lat' dir='ltr'>A.</span> <span class='ocrx_word' id='word_1_624' title='bbox 3607 3959 3668 4014; x_wconf 79' lang='grc' dir='ltr'>οὐ</span> <span class='ocrx_word' id='word_1_625' title='bbox 3702 3958 3873 4031; x_wconf 71' lang='grc' dir='ltr'>λείψει,</span> 
     </span>
    </p>
   </div>
   <div class='ocr_carea' id='block_1_64' title="bbox 499 4049 2772 4121">
    <p class='ocr_par' dir='ltr' id='par_1_64' title="bbox 499 4049 2772 4121">
     <span class='ocr_line' id='line_1_65' title="bbox 499 4049 2772 4121; baseline 0 -17"><span class='ocrx_word' id='word_1_626' title='bbox 499 4050 616 4105; x_wconf 88' lang='lat' dir='ltr'>ritu</span> <span class='ocrx_word' id='word_1_627' title='bbox 646 4049 816 4106; x_wconf 93' lang='lat' dir='ltr'>nobis</span> <span class='ocrx_word' id='word_1_628' title='bbox 847 4049 1270 4121; x_wconf 90' lang='lat' dir='ltr'>ingeneratam.</span> <span class='ocrx_word' id='word_1_629' title='bbox 1305 4070 1333 4098; x_wconf 82' lang='lat'><strong><em>»</em></strong></span> <span class='ocrx_word' id='word_1_630' title='bbox 2258 4073 2287 4101; x_wconf 84' lang='lat'><strong><em>«</em></strong></span> <span class='ocrx_word' id='word_1_631' title='bbox 2322 4067 2435 4106; x_wconf 92' lang='lat' dir='ltr'>non</span> <span class='ocrx_word' id='word_1_632' title='bbox 2470 4050 2717 4107; x_wconf 81' lang='lat' dir='ltr'>deﬁciet.</span> <span class='ocrx_word' id='word_1_633' title='bbox 2745 4073 2772 4102; x_wconf 84' lang='grc'><strong>››</strong></span> 
     </span>
    </p>
   </div>
   <div class='ocr_carea' id='block_1_65' title="bbox 563 4138 3875 4215">
    <p class='ocr_par' dir='ltr' id='par_1_65' title="bbox 563 4138 3875 4215">
     <span class='ocr_line' id='line_1_66' title="bbox 563 4138 3875 4215; baseline -0.002 -19"><span class='ocrx_word' id='word_1_634' title='bbox 563 4139 686 4198; x_wconf 89' lang='lat' dir='ltr'>Col.</span> <span class='ocrx_word' id='word_1_635' title='bbox 745 4141 850 4195; x_wconf 87' lang='grc'>346</span> <span class='ocrx_word' id='word_1_636' title='bbox 893 4142 931 4194; x_wconf 91' lang='lat' dir='ltr'>C</span> <span class='ocrx_word' id='word_1_637' title='bbox 983 4139 1032 4194; x_wconf 88' lang='lat'>1.</span> <span class='ocrx_word' id='word_1_638' title='bbox 1083 4141 1148 4194; x_wconf 88' lang='lat' dir='ltr'>Et</span> <span class='ocrx_word' id='word_1_639' title='bbox 1213 4139 1362 4194; x_wconf 85' lang='lat' dir='ltr'>male</span> <span class='ocrx_word' id='word_1_640' title='bbox 1423 4139 1790 4210; x_wconf 82' lang='lat' dir='ltr'>obsequentes.</span> <span class='ocrx_word' id='word_1_641' title='bbox 1837 4139 1963 4195; x_wconf 90' lang='lat' dir='ltr'>Non</span> <span class='ocrx_word' id='word_1_642' title='bbox 2021 4140 2146 4195; x_wconf 85' lang='lat' dir='ltr'>ani-</span> <span class='ocrx_word' id='word_1_643' title='bbox 2327 4138 2446 4195; x_wconf 91' lang='lat' dir='ltr'>Col.</span> <span class='ocrx_word' id='word_1_644' title='bbox 2479 4141 2579 4195; x_wconf 86' lang='lat'>371</span> <span class='ocrx_word' id='word_1_645' title='bbox 2614 4142 2653 4196; x_wconf 79' lang='grc' dir='ltr'>Α</span> <span class='ocrx_word' id='word_1_646' title='bbox 2687 4141 2771 4196; x_wconf 93' lang='grc'><strong>10.</strong></span> <span class='ocrx_word' id='word_1_647' title='bbox 2803 4142 2970 4196; x_wconf 74' lang='lat' dir='ltr'>Juxta</span> <span class='ocrx_word' id='word_1_648' title='bbox 3000 4143 3200 4215; x_wconf 80' lang='lat' dir='ltr'>igitur.</span> <span class='ocrx_word' id='word_1_649' title='bbox 3236 4141 3360 4196; x_wconf 89' lang='lat' dir='ltr'>Non</span> <span class='ocrx_word' id='word_1_650' title='bbox 3414 4144 3480 4196; x_wconf 90' lang='lat' dir='ltr'>ut</span> <span class='ocrx_word' id='word_1_651' title='bbox 3526 4145 3701 4196; x_wconf 86' lang='lat' dir='ltr'>antea</span> <span class='ocrx_word' id='word_1_652' title='bbox 3750 4142 3875 4202; x_wconf 86' lang='lat' dir='ltr'>erat,</span> 
     </span>
    </p>
   </div>
   <div class='ocr_carea' id='block_1_66' title="bbox 2258 4229 3878 4304">
    <p class='ocr_par' dir='ltr' id='par_1_66' title="bbox 2258 4229 3878 4304">
     <span class='ocr_line' id='line_1_67' title="bbox 2258 4229 3878 4304; baseline -0.002 -20"><span class='ocrx_word' id='word_1_653' title='bbox 2258 4229 2482 4300; x_wconf 82' lang='lat' dir='ltr'>«juxta</span> <span class='ocrx_word' id='word_1_654' title='bbox 2509 4229 2690 4302; x_wconf 85' lang='lat' dir='ltr'>igitur</span> <span class='ocrx_word' id='word_1_655' title='bbox 2709 4231 3071 4302; x_wconf 86' lang='lat' dir='ltr'>parcemiam,</span> <span class='ocrx_word' id='word_1_656' title='bbox 3105 4253 3132 4279; x_wconf 90' lang='grc'><strong>››</strong></span> <span class='ocrx_word' id='word_1_657' title='bbox 3167 4247 3239 4286; x_wconf 88' lang='lat' dir='ltr'>ne</span> <span class='ocrx_word' id='word_1_658' title='bbox 3267 4230 3402 4303; x_wconf 89' lang='lat' dir='ltr'>quis</span> <span class='ocrx_word' id='word_1_659' title='bbox 3432 4231 3747 4304; x_wconf 83' lang='lat' dir='ltr'>profanum</span> <span class='ocrx_word' id='word_1_660' title='bbox 3769 4243 3878 4284; x_wconf 88' lang='lat' dir='ltr'>esse</span> 
     </span>
    </p>
   </div>
   <div class='ocr_carea' id='block_1_67' title="bbox 499 2781 2145 2861">
    <p class='ocr_par' dir='ltr' id='par_1_67' title="bbox 499 2781 2145 2861">
     <span class='ocr_line' id='line_1_68' title="bbox 499 2781 2145 2861; baseline -0.002 -17"><span class='ocrx_word' id='word_1_661' title='bbox 499 2790 635 2859; x_wconf 90' lang='lat' dir='ltr'>post</span> <span class='ocrx_word' id='word_1_662' title='bbox 664 2783 879 2859; x_wconf 79' lang='grc' dir='ltr'>λεῖμμα</span> <span class='ocrx_word' id='word_1_663' title='bbox 913 2801 1016 2858; x_wconf 89' lang='lat' dir='ltr'>pro</span> <span class='ocrx_word' id='word_1_664' title='bbox 1047 2781 1270 2857; x_wconf 74' lang='grc' dir='ltr'>λῆμμαο</span> <span class='ocrx_word' id='word_1_665' title='bbox 1304 2785 1449 2842; x_wconf 89' lang='lat' dir='ltr'>illud</span> <span class='ocrx_word' id='word_1_666' title='bbox 1481 2785 1596 2840; x_wconf 90' lang='grc' dir='ltr'>κατ’</span> <span class='ocrx_word' id='word_1_667' title='bbox 1628 2782 1863 2860; x_wconf 78' lang='grc' dir='ltr'>ἐκλογὴν</span> <span class='ocrx_word' id='word_1_668' title='bbox 1897 2787 2145 2861; x_wconf 81' lang='grc' dir='ltr'>χάριτος,</span> 
     </span>
    </p>
   </div>
   <div class='ocr_carea' id='block_1_68' title="bbox 498 2876 2146 2947">
    <p class='ocr_par' dir='ltr' id='par_1_68' title="bbox 498 2876 2146 2947">
     <span class='ocr_line' id='line_1_69' title="bbox 498 2876 2146 2947; baseline -0.001 -14"><span class='ocrx_word' id='word_1_669' title='bbox 498 2876 798 2935; x_wconf 78' lang='lat' dir='ltr'>secundum</span> <span class='ocrx_word' id='word_1_670' title='bbox 830 2876 1150 2932; x_wconf 76' lang='lat' dir='ltr'>electionem</span> <span class='ocrx_word' id='word_1_671' title='bbox 1198 2876 1415 2947; x_wconf 69' lang='lat' dir='ltr'>gratiae,</span> <span class='ocrx_word' id='word_1_672' title='bbox 1449 2880 1537 2932; x_wconf 90' lang='lat' dir='ltr'>est</span> <span class='ocrx_word' id='word_1_673' title='bbox 1584 2877 1656 2932; x_wconf 90' lang='lat' dir='ltr'>ad</span> <span class='ocrx_word' id='word_1_674' title='bbox 1704 2876 1950 2933; x_wconf 80' lang='lat' dir='ltr'>Roman.</span> <span class='ocrx_word' id='word_1_675' title='bbox 1983 2893 2062 2947; x_wconf 75' lang='lat' dir='ltr'>xx,</span> <span class='ocrx_word' id='word_1_676' title='bbox 2091 2877 2146 2932; x_wconf 88' lang='grc'><strong>5.</strong></span> 
     </span>
    </p>
   </div>
   <div class='ocr_carea' id='block_1_69' title="bbox 497 4227 2145 4302">
    <p class='ocr_par' dir='ltr' id='par_1_69' title="bbox 497 4227 2145 4302">
     <span class='ocr_line' id='line_1_70' title="bbox 497 4227 2145 4302; baseline -0.001 -17"><span class='ocrx_word' id='word_1_677' title='bbox 497 4229 813 4286; x_wconf 86' lang='lat' dir='ltr'>madvertit</span> <span class='ocrx_word' id='word_1_678' title='bbox 841 4228 1138 4302; x_wconf 88' lang='lat' dir='ltr'>Evangelii</span> <span class='ocrx_word' id='word_1_679' title='bbox 1192 4233 1245 4283; x_wconf 89' lang='lat' dir='ltr'>et</span> <span class='ocrx_word' id='word_1_680' title='bbox 1297 4227 1549 4300; x_wconf 88' lang='lat' dir='ltr'>apostoli</span> <span class='ocrx_word' id='word_1_681' title='bbox 1595 4227 1759 4284; x_wconf 91' lang='lat' dir='ltr'>Pauli</span> <span class='ocrx_word' id='word_1_682' title='bbox 1807 4229 2000 4284; x_wconf 87' lang='lat' dir='ltr'>verbis</span> <span class='ocrx_word' id='word_1_683' title='bbox 2059 4231 2145 4285; x_wconf 89' lang='lat' dir='ltr'>uti</span> 
     </span>
    </p>
   </div>
   <div class='ocr_carea' id='block_1_70' title="bbox 495 4317 3877 4391">
    <p class='ocr_par' dir='ltr' id='par_1_70' title="bbox 495 4317 3877 4391">
     <span class='ocr_line' id='line_1_71' title="bbox 495 4317 3877 4391; baseline -0.001 -18"><span class='ocrx_word' id='word_1_684' title='bbox 495 4318 776 4377; x_wconf 89' lang='lat' dir='ltr'>Basilium</span> <span class='ocrx_word' id='word_1_685' title='bbox 812 4318 1122 4390; x_wconf 83' lang='lat' dir='ltr'>interpres,</span> <span class='ocrx_word' id='word_1_686' title='bbox 1147 4339 1175 4366; x_wconf 90' lang='grc'><em>‹‹</em></span> <span class='ocrx_word' id='word_1_687' title='bbox 1203 4317 1457 4389; x_wconf 87' lang='lat' dir='ltr'>maligne</span> <span class='ocrx_word' id='word_1_688' title='bbox 1479 4317 1873 4390; x_wconf 89' lang='lat' dir='ltr'>obsequentes</span> <span class='ocrx_word' id='word_1_689' title='bbox 1890 4322 2145 4375; x_wconf 86' lang='lat' dir='ltr'>attentos</span> <span class='ocrx_word' id='word_1_690' title='bbox 2255 4322 2420 4389; x_wconf 87' lang='lat' dir='ltr'>putet</span> <span class='ocrx_word' id='word_1_691' title='bbox 2443 4318 2751 4391; x_wconf 87' lang='lat' dir='ltr'>adagium:</span> <span class='ocrx_word' id='word_1_692' title='bbox 2777 4323 2866 4375; x_wconf 87' lang='lat' dir='ltr'>est</span> <span class='ocrx_word' id='word_1_693' title='bbox 2884 4318 3040 4375; x_wconf 90' lang='lat' dir='ltr'>enim</span> <span class='ocrx_word' id='word_1_694' title='bbox 3060 4320 3213 4391; x_wconf 91' lang='lat' dir='ltr'>apud</span> <span class='ocrx_word' id='word_1_695' title='bbox 3236 4319 3637 4386; x_wconf 85' lang='lat' dir='ltr'>Salomonem,</span> <span class='ocrx_word' id='word_1_696' title='bbox 3663 4324 3877 4374; x_wconf 83' lang='lat' dir='ltr'>Prover-</span> 
     </span>
    </p>
   </div>
   <div class='ocr_carea' id='block_1_71' title="bbox 493 4403 2131 4485">
    <p class='ocr_par' dir='ltr' id='par_1_71' title="bbox 493 4405 2131 4480">
     <span class='ocr_line' id='line_1_72' title="bbox 493 4405 2131 4480; baseline 0 -16"><span class='ocrx_word' id='word_1_697' title='bbox 493 4408 794 4478; x_wconf 86' lang='lat' dir='ltr'>reddebat,</span> <span class='ocrx_word' id='word_1_698' title='bbox 827 4429 856 4456; x_wconf 84' lang='lat'>»</span> <span class='ocrx_word' id='word_1_699' title='bbox 907 4410 985 4478; x_wconf 88' lang='lat' dir='ltr'>et,</span> <span class='ocrx_word' id='word_1_700' title='bbox 1026 4428 1055 4456; x_wconf 87' lang='lat'>«</span> <span class='ocrx_word' id='word_1_701' title='bbox 1103 4405 1440 4463; x_wconf 87' lang='lat' dir='ltr'>lameniatio</span> <span class='ocrx_word' id='word_1_702' title='bbox 1498 4415 1620 4463; x_wconf 85' lang='lat' dir='ltr'>erat</span> <span class='ocrx_word' id='word_1_703' title='bbox 1675 4407 2131 4480; x_wconf 73' lang='lat' dir='ltr'>impmnitentem</span> 
     </span>
    </p>
   </div>
   <div class='ocr_carea' id='block_1_72' title="bbox 2252 4403 3879 4485">
    <p class='ocr_par' dir='ltr' id='par_1_72' title="bbox 2253 4403 3879 4485">
     <span class='ocr_line' id='line_1_73' title="bbox 2253 4403 3879 4485; baseline -0.004 -23"><span class='ocrx_word' id='word_1_704' title='bbox 2253 4406 2401 4463; x_wconf 89' lang='lat' dir='ltr'>bior.</span> <span class='ocrx_word' id='word_1_705' title='bbox 2461 4425 2622 4476; x_wconf 70' lang='lat' dir='ltr'>XXIII,</span> <span class='ocrx_word' id='word_1_706' title='bbox 2680 4408 2744 4463; x_wconf 88' lang='grc'><strong>31</strong></span> <span class='ocrx_word' id='word_1_707' title='bbox 2803 4425 2816 4464; x_wconf 85' lang='lat'>:</span> <span class='ocrx_word' id='word_1_708' title='bbox 2869 4406 2933 4463; x_wconf 71' lang='lat' dir='ltr'>Ei</span> <span class='ocrx_word' id='word_1_709' title='bbox 2989 4408 3094 4482; x_wconf 80' lang='grc' dir='ltr'>γὰρ</span> <span class='ocrx_word' id='word_1_710' title='bbox 3152 4406 3228 4469; x_wconf 80' lang='grc' dir='ltr'>εἷς</span> <span class='ocrx_word' id='word_1_711' title='bbox 3279 4407 3374 4469; x_wconf 68' lang='grc' dir='ltr'>τὰς</span> <span class='ocrx_word' id='word_1_712' title='bbox 3435 4405 3638 4485; x_wconf 66' lang='grc' dir='ltr'>φιάλας</span> <span class='ocrx_word' id='word_1_713' title='bbox 3693 4406 3776 4461; x_wconf 76' lang='grc' dir='ltr'>καὶ</span> <span class='ocrx_word' id='word_1_714' title='bbox 3823 4403 3879 4458; x_wconf 68' lang='grc' dir='ltr'>τὰ</span> 
     </span>
    </p>
   </div>
   <div class='ocr_carea' id='block_1_73' title="bbox 492 4492 2131 4574">
    <p class='ocr_par' dir='ltr' id='par_1_73' title="bbox 492 4494 2131 4555">
     <span class='ocr_line' id='line_1_74' title="bbox 492 4494 2131 4555; baseline 0.001 -2"><span class='ocrx_word' id='word_1_715' title='bbox 492 4495 809 4553; x_wconf 82' lang='lat' dir='ltr'>conficiens</span> <span class='ocrx_word' id='word_1_716' title='bbox 865 4510 1111 4551; x_wconf 79' lang='lat' dir='ltr'>maerore</span> <span class='ocrx_word' id='word_1_717' title='bbox 1173 4512 1240 4551; x_wconf 89' lang='lat' dir='ltr'>ac</span> <span class='ocrx_word' id='word_1_718' title='bbox 1290 4494 1532 4552; x_wconf 89' lang='lat' dir='ltr'>tristitia</span> <span class='ocrx_word' id='word_1_719' title='bbox 1561 4495 1634 4551; x_wconf 88' lang='lat' dir='ltr'>ad</span> <span class='ocrx_word' id='word_1_720' title='bbox 1669 4495 1984 4553; x_wconf 73' lang='lat' dir='ltr'>salutem.»</span> <span class='ocrx_word' id='word_1_721' title='bbox 2020 4500 2131 4555; x_wconf 88' lang='lat' dir='ltr'>Imc</span> 
     </span>
    </p>
   </div>
   <div class='ocr_carea' id='block_1_74' title="bbox 2252 4492 3874 4574">
    <p class='ocr_par' dir='ltr' id='par_1_74' title="bbox 2252 4492 3874 4574">
     <span class='ocr_line' id='line_1_75' title="bbox 2252 4492 3874 4574; baseline 0 -26"><span class='ocrx_word' id='word_1_722' title='bbox 2252 4496 2490 4570; x_wconf 74' lang='grc' dir='ltr'>ποτήρια</span> <span class='ocrx_word' id='word_1_723' title='bbox 2562 4492 2667 4568; x_wconf 80' lang='grc' dir='ltr'>δῷς</span> <span class='ocrx_word' id='word_1_724' title='bbox 2734 4495 2860 4558; x_wconf 83' lang='grc' dir='ltr'>τοὺς</span> <span class='ocrx_word' id='word_1_725' title='bbox 2936 4496 3253 4574; x_wconf 72' lang='grc' dir='ltr'>ὀφθαλμούς</span> <span class='ocrx_word' id='word_1_726' title='bbox 3327 4517 3443 4551; x_wconf 85' lang='grc' dir='ltr'>σου.</span> <span class='ocrx_word' id='word_1_727' title='bbox 3503 4499 3567 4554; x_wconf 81' lang='lat' dir='ltr'>Si</span> <span class='ocrx_word' id='word_1_728' title='bbox 3625 4501 3767 4555; x_wconf 76' lang='lat' dir='ltr'>enim</span> <span class='ocrx_word' id='word_1_729' title='bbox 3829 4496 3874 4549; x_wconf 73' lang='lat' dir='ltr'>in</span> 
     </span>
    </p>
   </div>
   <div class='ocr_carea' id='block_1_75' title="bbox 491 4575 2131 4658">
    <p class='ocr_par' dir='ltr' id='par_1_75' title="bbox 491 4581 2131 4658">
     <span class='ocr_line' id='line_1_76' title="bbox 491 4581 2131 4658; baseline 0.003 -20"><span class='ocrx_word' id='word_1_730' title='bbox 491 4581 907 4656; x_wconf 69' lang='grc' dir='ltr'>ἀμεταμέλητον</span> <span class='ocrx_word' id='word_1_731' title='bbox 973 4582 1244 4658; x_wconf 89' lang='grc' dir='ltr'>σωτηρίαν</span> <span class='ocrx_word' id='word_1_732' title='bbox 1303 4584 1470 4652; x_wconf 90' lang='lat' dir='ltr'>dieit,</span> <span class='ocrx_word' id='word_1_733' title='bbox 1515 4601 1629 4641; x_wconf 89' lang='lat' dir='ltr'>non</span> <span class='ocrx_word' id='word_1_734' title='bbox 1686 4585 1983 4642; x_wconf 85' lang='lat' dir='ltr'>hominem</span> <span class='ocrx_word' id='word_1_735' title='bbox 2027 4588 2131 4643; x_wconf 91' lang='lat' dir='ltr'>im-</span> 
     </span>
    </p>
   </div>
   <div class='ocr_carea' id='block_1_76' title="bbox 2252 4575 3876 4658">
    <p class='ocr_par' dir='ltr' id='par_1_76' title="bbox 2252 4586 3876 4658">
     <span class='ocr_line' id='line_1_77' title="bbox 2252 4586 3876 4658; baseline -0.002 -17"><span class='ocrx_word' id='word_1_736' title='bbox 2252 4586 2468 4658; x_wconf 79' lang='lat' dir='ltr'>phialas</span> <span class='ocrx_word' id='word_1_737' title='bbox 2520 4592 2572 4643; x_wconf 83' lang='lat' dir='ltr'>et</span> <span class='ocrx_word' id='word_1_738' title='bbox 2610 4587 2813 4658; x_wconf 82' lang='lat' dir='ltr'>pocula</span> <span class='ocrx_word' id='word_1_739' title='bbox 2861 4587 3084 4642; x_wconf 84' lang='lat' dir='ltr'>dederis</span> <span class='ocrx_word' id='word_1_740' title='bbox 3133 4587 3316 4642; x_wconf 81' lang='lat' dir='ltr'>oculos</span> <span class='ocrx_word' id='word_1_741' title='bbox 3361 4595 3496 4643; x_wconf 90' lang='lat' dir='ltr'>tuos.</span> <span class='ocrx_word' id='word_1_742' title='bbox 3544 4588 3706 4654; x_wconf 88' lang='lat' dir='ltr'>Quod</span> <span class='ocrx_word' id='word_1_743' title='bbox 3762 4600 3876 4639; x_wconf 75' lang='lat' dir='ltr'>vero</span> 
     </span>
    </p>
   </div>
   <div class='ocr_carea' id='block_1_77' title="bbox 486 4672 2131 4750">
    <p class='ocr_par' dir='ltr' id='par_1_77' title="bbox 486 4672 2131 4746">
     <span class='ocr_line' id='line_1_78' title="bbox 486 4672 2131 4746; baseline 0.003 -18"><span class='ocrx_word' id='word_1_744' title='bbox 486 4673 886 4745; x_wconf 74' lang='lat' dir='ltr'>pmnitentem,</span> <span class='ocrx_word' id='word_1_745' title='bbox 921 4673 1023 4728; x_wconf 90' lang='lat' dir='ltr'>sed</span> <span class='ocrx_word' id='word_1_746' title='bbox 1083 4673 1332 4730; x_wconf 90' lang='lat' dir='ltr'>salutem</span> <span class='ocrx_word' id='word_1_747' title='bbox 1389 4672 1814 4746; x_wconf 58' lang='grc' dir='ltr'>ἀμετακίνητον</span> <span class='ocrx_word' id='word_1_748' title='bbox 1850 4675 1934 4732; x_wconf 90' lang='lat' dir='ltr'>vel</span> <span class='ocrx_word' id='word_1_749' title='bbox 1984 4683 2131 4733; x_wconf 87' lang='lat' dir='ltr'>certe</span> 
     </span>
    </p>
   </div>
   <div class='ocr_carea' id='block_1_78' title="bbox 2252 4672 3872 4750">
    <p class='ocr_par' dir='ltr' id='par_1_78' title="bbox 2252 4672 3872 4750">
     <span class='ocr_line' id='line_1_79' title="bbox 2252 4672 3872 4750; baseline -0.001 -20"><span class='ocrx_word' id='word_1_750' title='bbox 2252 4676 2518 4747; x_wconf 81' lang='lat' dir='ltr'>sequitur</span> <span class='ocrx_word' id='word_1_751' title='bbox 2571 4672 2664 4729; x_wconf 75' lang='grc' dir='ltr'>τὸν</span> <span class='ocrx_word' id='word_1_752' title='bbox 2717 4673 3083 4750; x_wconf 84' lang='grc' dir='ltr'>γενεσιουργὸν</span> <span class='ocrx_word' id='word_1_753' title='bbox 3148 4673 3367 4746; x_wconf 61' lang='lat' dir='ltr'>iwosiv,</span> <span class='ocrx_word' id='word_1_754' title='bbox 3401 4682 3493 4732; x_wconf 78' lang='lat' dir='ltr'>est</span> <span class='ocrx_word' id='word_1_755' title='bbox 3544 4693 3616 4732; x_wconf 79' lang='lat' dir='ltr'>ex</span> <span class='ocrx_word' id='word_1_756' title='bbox 3655 4677 3872 4748; x_wconf 85' lang='lat' dir='ltr'>Sapien-</span> 
     </span>
    </p>
   </div>
   <div class='ocr_carea' id='block_1_79' title="bbox 491 4758 2138 4836">
    <p class='ocr_par' dir='ltr' id='par_1_79' title="bbox 491 4758 2138 4836">
     <span class='ocr_line' id='line_1_80' title="bbox 491 4758 2138 4836; baseline 0.003 -20"><span class='ocrx_word' id='word_1_757' title='bbox 491 4762 776 4835; x_wconf 80' lang='grc' dir='ltr'>μετάνοιαν</span> <span class='ocrx_word' id='word_1_758' title='bbox 839 4758 1259 4834; x_wconf 73' lang='grc' dir='ltr'>ἀμεταμέλητον</span> <span class='ocrx_word' id='word_1_759' title='bbox 1335 4763 1479 4820; x_wconf 80' lang='lat' dir='ltr'>dixit</span> <span class='ocrx_word' id='word_1_760' title='bbox 1534 4764 1871 4836; x_wconf 82' lang='lat' dir='ltr'>Apostolus,</span> <span class='ocrx_word' id='word_1_761' title='bbox 1934 4765 1984 4821; x_wconf 91' lang='lat' dir='ltr'>ll</span> <span class='ocrx_word' id='word_1_762' title='bbox 2040 4769 2138 4822; x_wconf 89' lang='lat' dir='ltr'>Co-</span> 
     </span>
    </p>
   </div>
   <div class='ocr_carea' id='block_1_80' title="bbox 484 4851 2132 4924">
    <p class='ocr_par' dir='ltr' id='par_1_80' title="bbox 484 4851 2132 4924">
     <span class='ocr_line' id='line_1_81' title="bbox 484 4851 2132 4924; baseline 0.003 -18"><span class='ocrx_word' id='word_1_763' title='bbox 484 4851 666 4907; x_wconf 90' lang='lat' dir='ltr'>rinth.</span> <span class='ocrx_word' id='word_1_764' title='bbox 697 4869 800 4923; x_wconf 82' lang='lat' dir='ltr'>vn,</span> <span class='ocrx_word' id='word_1_765' title='bbox 838 4854 922 4920; x_wconf 87' lang='lat'>10,</span> <span class='ocrx_word' id='word_1_766' title='bbox 953 4854 1354 4922; x_wconf 78' lang='lat' dir='ltr'>pamitentiam,</span> <span class='ocrx_word' id='word_1_767' title='bbox 1388 4854 1544 4922; x_wconf 80' lang='lat' dir='ltr'>cuius</span> <span class='ocrx_word' id='word_1_768' title='bbox 1573 4869 1670 4909; x_wconf 81' lang='lat' dir='ltr'>nos</span> <span class='ocrx_word' id='word_1_769' title='bbox 1707 4869 1817 4910; x_wconf 85' lang='lat' dir='ltr'>non</span> <span class='ocrx_word' id='word_1_770' title='bbox 1849 4857 2132 4924; x_wconf 72' lang='lat' dir='ltr'>pwm’teat,</span> 
     </span>
    </p>
   </div>
   <div class='ocr_carea' id='block_1_81' title="bbox 483 4938 2132 5014">
    <p class='ocr_par' dir='ltr' id='par_1_81' title="bbox 483 4938 2132 5014">
     <span class='ocr_line' id='line_1_82' title="bbox 483 4938 2132 5014; baseline 0.001 -17"><span class='ocrx_word' id='word_1_771' title='bbox 483 4945 550 4997; x_wconf 87' lang='lat' dir='ltr'>ut</span> <span class='ocrx_word' id='word_1_772' title='bbox 572 4941 721 4997; x_wconf 91' lang='lat' dir='ltr'>dona</span> <span class='ocrx_word' id='word_1_773' title='bbox 750 4941 848 4996; x_wconf 88' lang='lat' dir='ltr'>Dei</span> <span class='ocrx_word' id='word_1_774' title='bbox 881 4941 1164 4997; x_wconf 90' lang='lat' dir='ltr'>dicuntur</span> <span class='ocrx_word' id='word_1_775' title='bbox 1213 4938 1624 5014; x_wconf 68' lang='grc' dir='ltr'>ἀμεταμέλητα,</span> <span class='ocrx_word' id='word_1_776' title='bbox 1659 4942 1904 4998; x_wconf 78' lang='lat' dir='ltr'>Roman.</span> <span class='ocrx_word' id='word_1_777' title='bbox 1958 4962 1997 5011; x_wconf 85' lang='lat'>1,</span> <span class='ocrx_word' id='word_1_778' title='bbox 2041 4945 2132 5012; x_wconf 86' lang='lat'>29,</span> 
     </span>
    </p>
   </div>
   <div class='ocr_carea' id='block_1_82' title="bbox 481 5029 2129 5106">
    <p class='ocr_par' dir='ltr' id='par_1_82' title="bbox 481 5029 2129 5106">
     <span class='ocr_line' id='line_1_83' title="bbox 481 5029 2129 5106; baseline 0.002 -19"><span class='ocrx_word' id='word_1_779' title='bbox 481 5035 657 5102; x_wconf 81' lang='lat' dir='ltr'>atque</span> <span class='ocrx_word' id='word_1_780' title='bbox 689 5031 770 5087; x_wconf 91' lang='lat' dir='ltr'>ita</span> <span class='ocrx_word' id='word_1_781' title='bbox 798 5029 1030 5086; x_wconf 86' lang='lat' dir='ltr'>videtur</span> <span class='ocrx_word' id='word_1_782' title='bbox 1089 5031 1383 5102; x_wconf 88' lang='lat' dir='ltr'>accepisse</span> <span class='ocrx_word' id='word_1_783' title='bbox 1431 5033 1489 5087; x_wconf 93' lang='lat' dir='ltr'>S.</span> <span class='ocrx_word' id='word_1_784' title='bbox 1531 5032 1789 5089; x_wconf 85' lang='lat' dir='ltr'>Joannes</span> <span class='ocrx_word' id='word_1_785' title='bbox 1835 5033 2129 5106; x_wconf 81' lang='lat' dir='ltr'>Chrysost.</span> 
     </span>
    </p>
   </div>
   <div class='ocr_carea' id='block_1_83' title="bbox 479 5113 2128 5195">
    <p class='ocr_par' dir='ltr' id='par_1_83' title="bbox 479 5113 2128 5195">
     <span class='ocr_line' id='line_1_84' title="bbox 479 5113 2128 5195; baseline 0.001 -21"><span class='ocrx_word' id='word_1_786' title='bbox 479 5119 683 5176; x_wconf 86' lang='lat' dir='ltr'>homil.</span> <span class='ocrx_word' id='word_1_787' title='bbox 741 5121 852 5175; x_wconf 86' lang='lat'>15:</span> <span class='ocrx_word' id='word_1_788' title='bbox 902 5113 1098 5180; x_wconf 74' lang='grc' dir='ltr'>Οὐδεὶς</span> <span class='ocrx_word' id='word_1_789' title='bbox 1157 5119 1346 5173; x_wconf 71' lang='grc' dir='ltr'>ἑαυτοῦ</span> <span class='ocrx_word' id='word_1_790' title='bbox 1405 5119 1824 5195; x_wconf 81' lang='grc' dir='ltr'>καταγνώσεται,</span> <span class='ocrx_word' id='word_1_791' title='bbox 1881 5119 1968 5175; x_wconf 72' lang='grc' dir='ltr'>ἐὰν</span> <span class='ocrx_word' id='word_1_792' title='bbox 2027 5119 2128 5176; x_wconf 85' lang='grc' dir='ltr'>λυ-</span> 
     </span>
    </p>
   </div>
   <div class='ocr_carea' id='block_1_84' title="bbox 477 5206 2128 5286">
    <p class='ocr_par' dir='ltr' id='par_1_84' title="bbox 477 5206 2128 5286">
     <span class='ocr_line' id='line_1_85' title="bbox 477 5206 2128 5286; baseline 0.004 -25"><span class='ocrx_word' id='word_1_793' title='bbox 477 5207 630 5282; x_wconf 75' lang='grc' dir='ltr'>πηθῇ</span> <span class='ocrx_word' id='word_1_794' title='bbox 681 5206 762 5286; x_wconf 77' lang='grc' dir='ltr'>ἐφ’</span> <span class='ocrx_word' id='word_1_795' title='bbox 822 5206 1078 5281; x_wconf 78' lang='grc' dir='ltr'>ἁμαρτίᾳ,</span> <span class='ocrx_word' id='word_1_796' title='bbox 1137 5207 1224 5261; x_wconf 70' lang='grc' dir='ltr'>ἐὰν</span> <span class='ocrx_word' id='word_1_797' title='bbox 1284 5210 1549 5283; x_wconf 73' lang='grc' dir='ltr'>πενθήσῃ,</span> <span class='ocrx_word' id='word_1_798' title='bbox 1606 5209 1696 5264; x_wconf 79' lang='grc' dir='ltr'>καὶ</span> <span class='ocrx_word' id='word_1_799' title='bbox 1760 5210 1944 5266; x_wconf 73' lang='grc' dir='ltr'>ἑαυτὸν</span> <span class='ocrx_word' id='word_1_800' title='bbox 2006 5233 2128 5267; x_wconf 87' lang='grc' dir='ltr'>συν-</span> 
     </span>
    </p>
   </div>
   <div class='ocr_carea' id='block_1_85' title="bbox 475 5296 2127 5372">
    <p class='ocr_par' dir='ltr' id='par_1_85' title="bbox 475 5296 2127 5372">
     <span class='ocr_line' id='line_1_86' title="bbox 475 5296 2127 5372; baseline 0.007 -24"><span class='ocrx_word' id='word_1_801' title='bbox 475 5296 663 5370; x_wconf 73' lang='grc' dir='ltr'>τρίψῃο</span> <span class='ocrx_word' id='word_1_802' title='bbox 700 5320 728 5348; x_wconf 88' lang='grc'><em>‹‹</em></span> <span class='ocrx_word' id='word_1_803' title='bbox 761 5298 960 5369; x_wconf 89' lang='lat' dir='ltr'>Neque</span> <span class='ocrx_word' id='word_1_804' title='bbox 1002 5298 1158 5353; x_wconf 88' lang='lat' dir='ltr'>enim</span> <span class='ocrx_word' id='word_1_805' title='bbox 1201 5299 1515 5370; x_wconf 83' lang='lat' dir='ltr'>quisquam</span> <span class='ocrx_word' id='word_1_806' title='bbox 1571 5317 1836 5372; x_wconf 88' lang='lat' dir='ltr'>unquam</span> <span class='ocrx_word' id='word_1_807' title='bbox 1890 5301 2002 5358; x_wconf 89' lang='lat' dir='ltr'>sibi</span> <span class='ocrx_word' id='word_1_808' title='bbox 2061 5320 2127 5359; x_wconf 90' lang='lat' dir='ltr'>eo</span> 
     </span>
    </p>
   </div>
   <div class='ocr_carea' id='block_1_86' title="bbox 477 5387 2128 5460">
    <p class='ocr_par' dir='ltr' id='par_1_86' title="bbox 477 5387 2128 5460">
     <span class='ocr_line' id='line_1_87' title="bbox 477 5387 2128 5460; baseline 0.005 -21"><span class='ocrx_word' id='word_1_809' title='bbox 477 5387 712 5442; x_wconf 90' lang='lat' dir='ltr'>nomine</span> <span class='ocrx_word' id='word_1_810' title='bbox 751 5387 1143 5454; x_wconf 89' lang='lat' dir='ltr'>succensebit,</span> <span class='ocrx_word' id='word_1_811' title='bbox 1165 5387 1320 5458; x_wconf 92' lang='lat' dir='ltr'>quod</span> <span class='ocrx_word' id='word_1_812' title='bbox 1353 5389 1424 5443; x_wconf 92' lang='lat' dir='ltr'>ob</span> <span class='ocrx_word' id='word_1_813' title='bbox 1459 5394 1696 5460; x_wconf 86' lang='lat' dir='ltr'>peccata</span> <span class='ocrx_word' id='word_1_814' title='bbox 1725 5406 1851 5446; x_wconf 88' lang='lat' dir='ltr'>sese</span> <span class='ocrx_word' id='word_1_815' title='bbox 1883 5407 2128 5449; x_wconf 76' lang='lat' dir='ltr'>mmrore</span> 
     </span>
    </p>
   </div>
   <div class='ocr_carea' id='block_1_87' title="bbox 474 5475 2123 5554">
    <p class='ocr_par' dir='ltr' id='par_1_87' title="bbox 474 5475 2123 5554">
     <span class='ocr_line' id='line_1_88' title="bbox 474 5475 2123 5554; baseline 0.005 -27"><span class='ocrx_word' id='word_1_816' title='bbox 474 5475 763 5546; x_wconf 80' lang='lat' dir='ltr'>afﬂixerit,</span> <span class='ocrx_word' id='word_1_817' title='bbox 790 5481 965 5548; x_wconf 87' lang='lat' dir='ltr'>atque</span> <span class='ocrx_word' id='word_1_818' title='bbox 1007 5477 1329 5532; x_wconf 73' lang='lat' dir='ltr'>obtriverit.</span> <span class='ocrx_word' id='word_1_819' title='bbox 1367 5500 1388 5528; x_wconf 76' lang='grc' dir='ltr'>ι</span> <span class='ocrx_word' id='word_1_820' title='bbox 1431 5480 1588 5532; x_wconf 86' lang='lat' dir='ltr'>Intra</span> <span class='ocrx_word' id='word_1_821' title='bbox 1614 5476 1712 5545; x_wconf 82' lang='grc' dir='ltr'>τὴν</span> <span class='ocrx_word' id='word_1_822' title='bbox 1752 5484 1854 5554; x_wconf 81' lang='grc' dir='ltr'>γῆν</span> <span class='ocrx_word' id='word_1_823' title='bbox 1884 5481 1984 5548; x_wconf 80' lang='grc' dir='ltr'>τῆς</span> <span class='ocrx_word' id='word_1_824' title='bbox 2028 5500 2123 5535; x_wconf 75' lang='grc' dir='ltr'>κα-</span> 
     </span>
    </p>
   </div>
   <div class='ocr_carea' id='block_1_88' title="bbox 471 5559 2121 5640">
    <p class='ocr_par' dir='ltr' id='par_1_88' title="bbox 471 5559 2121 5640">
     <span class='ocr_line' id='line_1_89' title="bbox 471 5559 2121 5640; baseline 0.008 -28"><span class='ocrx_word' id='word_1_825' title='bbox 471 5559 774 5635; x_wconf 75' lang='grc' dir='ltr'>τασχὲσεως</span> <span class='ocrx_word' id='word_1_826' title='bbox 804 5565 968 5636; x_wconf 83' lang='lat' dir='ltr'>dixit,</span> <span class='ocrx_word' id='word_1_827' title='bbox 994 5567 1150 5636; x_wconf 90' lang='lat' dir='ltr'>quod</span> <span class='ocrx_word' id='word_1_828' title='bbox 1191 5565 1536 5622; x_wconf 89' lang='lat' dir='ltr'>Tilmannus</span> <span class='ocrx_word' id='word_1_829' title='bbox 1567 5567 1758 5636; x_wconf 79' lang='lat' dir='ltr'>vertit,</span> <span class='ocrx_word' id='word_1_830' title='bbox 1793 5591 1820 5619; x_wconf 79' lang='grc' dir='ltr'>υ</span> <span class='ocrx_word' id='word_1_831' title='bbox 1869 5571 2121 5640; x_wconf 85' lang='lat' dir='ltr'>promis-</span> 
     </span>
    </p>
   </div>
   <div class='ocr_carea' id='block_1_89' title="bbox 473 5648 2114 5730">
    <p class='ocr_par' dir='ltr' id='par_1_89' title="bbox 473 5648 2114 5730">
     <span class='ocr_line' id='line_1_90' title="bbox 473 5648 2114 5730; baseline 0.009 -28"><span class='ocrx_word' id='word_1_832' title='bbox 473 5648 674 5722; x_wconf 89' lang='lat' dir='ltr'>sionis,</span> <span class='ocrx_word' id='word_1_833' title='bbox 703 5674 731 5702; x_wconf 89' lang='lat'>»</span> <span class='ocrx_word' id='word_1_834' title='bbox 769 5654 934 5723; x_wconf 87' lang='lat' dir='ltr'>quasi</span> <span class='ocrx_word' id='word_1_835' title='bbox 983 5653 1306 5728; x_wconf 77' lang='grc' dir='ltr'>κατάσχεσις</span> <span class='ocrx_word' id='word_1_836' title='bbox 1343 5656 1497 5712; x_wconf 92' lang='lat' dir='ltr'>idem</span> <span class='ocrx_word' id='word_1_837' title='bbox 1549 5655 1642 5712; x_wconf 89' lang='lat' dir='ltr'>hic</span> <span class='ocrx_word' id='word_1_838' title='bbox 1691 5658 1928 5727; x_wconf 88' lang='lat' dir='ltr'>valeret,</span> <span class='ocrx_word' id='word_1_839' title='bbox 1962 5661 2114 5730; x_wconf 89' lang='lat' dir='ltr'>quod</span> 
     </span>
    </p>
   </div>
   <div class='ocr_carea' id='block_1_90' title="bbox 2246 4764 3717 4838">
    <p class='ocr_par' dir='ltr' id='par_1_90' title="bbox 2246 4764 3717 4838">
     <span class='ocr_line' id='line_1_91' title="bbox 2246 4764 3717 4838; baseline 0.001 -18"><span class='ocrx_word' id='word_1_840' title='bbox 2246 4764 2341 4820; x_wconf 59' lang='lat' dir='ltr'>tim</span> <span class='ocrx_word' id='word_1_841' title='bbox 2371 4782 2498 4835; x_wconf 82' lang='lat' dir='ltr'>xui,</span> <span class='ocrx_word' id='word_1_842' title='bbox 2527 4766 2581 4819; x_wconf 87' lang='lat'>5.</span> <span class='ocrx_word' id='word_1_843' title='bbox 2617 4765 2922 4838; x_wconf 74' lang='grc' dir='ltr'>Ψυκτήρων</span> <span class='ocrx_word' id='word_1_844' title='bbox 2957 4766 3023 4820; x_wconf 84' lang='lat' dir='ltr'>{it</span> <span class='ocrx_word' id='word_1_845' title='bbox 3063 4765 3300 4832; x_wconf 87' lang='lat' dir='ltr'>mentio,</span> <span class='ocrx_word' id='word_1_846' title='bbox 3335 4767 3356 4822; x_wconf 96' lang='grc' dir='ltr'>Ι</span> <span class='ocrx_word' id='word_1_847' title='bbox 3386 4766 3556 4822; x_wconf 82' lang='lat' dir='ltr'>Esdr.</span> <span class='ocrx_word' id='word_1_848' title='bbox 3593 4784 3635 4835; x_wconf 84' lang='lat'>1,</span> <span class='ocrx_word' id='word_1_849' title='bbox 3665 4766 3717 4822; x_wconf 86' lang='lat'>9.</span> 
     </span>
    </p>
   </div>
   <div class='ocr_carea' id='block_1_91' title="bbox 2315 4850 3868 4924">
    <p class='ocr_par' dir='ltr' id='par_1_91' title="bbox 2315 4850 3868 4924">
     <span class='ocr_line' id='line_1_92' title="bbox 2315 4850 3868 4924; baseline -0.003 -14"><span class='ocrx_word' id='word_1_850' title='bbox 2315 4854 2435 4910; x_wconf 81' lang='lat' dir='ltr'>Col.</span> <span class='ocrx_word' id='word_1_851' title='bbox 2490 4855 2589 4909; x_wconf 89' lang='lat'>371</span> <span class='ocrx_word' id='word_1_852' title='bbox 2650 4855 2694 4910; x_wconf 94' lang='lat' dir='ltr'><strong>D</strong></span> <span class='ocrx_word' id='word_1_853' title='bbox 2755 4855 2807 4910; x_wconf 81' lang='grc'>1.</span> <span class='ocrx_word' id='word_1_854' title='bbox 2859 4853 3243 4912; x_wconf 60' lang='grc' dir='ltr'>δεδαιανίαηι.</span> <span class='ocrx_word' id='word_1_855' title='bbox 3293 4859 3418 4915; x_wconf 82' lang='grc' dir='ltr'>Ταῖς</span> <span class='ocrx_word' id='word_1_856' title='bbox 3473 4850 3668 4924; x_wconf 73' lang='grc' dir='ltr'>ἔξωθεν</span> <span class='ocrx_word' id='word_1_857' title='bbox 3726 4853 3868 4919; x_wconf 79' lang='lat' dir='ltr'>dixit,</span> 
     </span>
    </p>
   </div>
   <div class='ocr_carea' id='block_1_92' title="bbox 2243 4945 3868 5020">
    <p class='ocr_par' dir='ltr' id='par_1_92' title="bbox 2243 4945 3868 5020">
     <span class='ocr_line' id='line_1_93' title="bbox 2243 4945 3868 5020; baseline -0.001 -19"><span class='ocrx_word' id='word_1_858' title='bbox 2243 4950 2308 5001; x_wconf 92' lang='lat' dir='ltr'>ut</span> <span class='ocrx_word' id='word_1_859' title='bbox 2357 4947 2429 5002; x_wconf 91' lang='lat' dir='ltr'>ab</span> <span class='ocrx_word' id='word_1_860' title='bbox 2473 4945 2887 5003; x_wconf 86' lang='lat' dir='ltr'>ecclesiasticis</span> <span class='ocrx_word' id='word_1_861' title='bbox 2945 4945 3255 5004; x_wconf 69' lang='lat' dir='ltr'>saeculares</span> <span class='ocrx_word' id='word_1_862' title='bbox 3296 4948 3646 5020; x_wconf 82' lang='lat' dir='ltr'>distinguat,</span> <span class='ocrx_word' id='word_1_863' title='bbox 3697 4963 3801 5002; x_wconf 90' lang='lat' dir='ltr'>non</span> <span class='ocrx_word' id='word_1_864' title='bbox 3843 4959 3868 4996; x_wconf 75' lang='grc' dir='ltr'>ει</span> 
     </span>
    </p>
   </div>
   <div class='ocr_carea' id='block_1_93' title="bbox 2241 5035 3865 5110">
    <p class='ocr_par' dir='ltr' id='par_1_93' title="bbox 2241 5035 3865 5110">
     <span class='ocr_line' id='line_1_94' title="bbox 2241 5035 3865 5110; baseline -0.001 -21"><span class='ocrx_word' id='word_1_865' title='bbox 2241 5035 2593 5092; x_wconf 89' lang='lat' dir='ltr'>Christianis</span> <span class='ocrx_word' id='word_1_866' title='bbox 2623 5035 2866 5108; x_wconf 84' lang='lat' dir='ltr'>gentiles</span> <span class='ocrx_word' id='word_1_867' title='bbox 2915 5043 3016 5093; x_wconf 89' lang='lat' dir='ltr'>aut</span> <span class='ocrx_word' id='word_1_868' title='bbox 3065 5053 3348 5110; x_wconf 86' lang='lat' dir='ltr'>paganas,</span> <span class='ocrx_word' id='word_1_869' title='bbox 3381 5036 3865 5109; x_wconf 85' lang='lat' dir='ltr'>quemadmodum</span> 
     </span>
    </p>
   </div>
   <div class='ocr_carea' id='block_1_94' title="bbox 2240 5123 3862 5197">
    <p class='ocr_par' dir='ltr' id='par_1_94' title="bbox 2240 5123 3862 5197">
     <span class='ocr_line' id='line_1_95' title="bbox 2240 5123 3862 5197; baseline -0.004 -17"><span class='ocrx_word' id='word_1_870' title='bbox 2240 5123 2526 5180; x_wconf 81' lang='lat' dir='ltr'>intellexit</span> <span class='ocrx_word' id='word_1_871' title='bbox 2555 5125 2865 5197; x_wconf 86' lang='lat' dir='ltr'>interpres,</span> <span class='ocrx_word' id='word_1_872' title='bbox 2903 5146 2931 5178; x_wconf 74' lang='grc' dir='ltr'>ιι</span> <span class='ocrx_word' id='word_1_873' title='bbox 2965 5131 3028 5182; x_wconf 91' lang='lat' dir='ltr'>ut</span> <span class='ocrx_word' id='word_1_874' title='bbox 3058 5127 3418 5197; x_wconf 70' lang='lat' dir='ltr'>praefecturis</span> <span class='ocrx_word' id='word_1_875' title='bbox 3466 5125 3604 5182; x_wconf 88' lang='lat' dir='ltr'>istis</span> <span class='ocrx_word' id='word_1_876' title='bbox 3655 5143 3688 5181; x_wconf 84' lang='lat' dir='ltr'>a</span> <span class='ocrx_word' id='word_1_877' title='bbox 3722 5123 3862 5179; x_wconf 82' lang='lat' dir='ltr'>Chri-</span> 
     </span>
    </p>
   </div>
   <div class='ocr_carea' id='block_1_95' title="bbox 2241 5215 3863 5288">
    <p class='ocr_par' dir='ltr' id='par_1_95' title="bbox 2241 5215 3863 5288">
     <span class='ocr_line' id='line_1_96' title="bbox 2241 5215 3863 5288; baseline -0.005 -17"><span class='ocrx_word' id='word_1_878' title='bbox 2241 5215 2433 5271; x_wconf 89' lang='lat' dir='ltr'>stiana</span> <span class='ocrx_word' id='word_1_879' title='bbox 2455 5215 2788 5288; x_wconf 83' lang='lat' dir='ltr'>frugalitate</span> <span class='ocrx_word' id='word_1_880' title='bbox 2819 5215 3271 5272; x_wconf 89' lang='lat' dir='ltr'>abhorrentibus</span> <span class='ocrx_word' id='word_1_881' title='bbox 3304 5215 3572 5272; x_wconf 89' lang='lat' dir='ltr'>nonnihil</span> <span class='ocrx_word' id='word_1_882' title='bbox 3600 5217 3863 5271; x_wconf 82' lang='lat' dir='ltr'>accrescat</span> 
     </span>
    </p>
   </div>
   <div class='ocr_carea' id='block_1_96' title="bbox 2239 5293 3965 5372">
    <p class='ocr_par' dir='ltr' id='par_1_96' title="bbox 2239 5293 3965 5372">
     <span class='ocr_line' id='line_1_97' title="bbox 2239 5293 3965 5372; baseline -0.012 -3"><span class='ocrx_word' id='word_1_883' title='bbox 2239 5303 2582 5360; x_wconf 70' lang='lat' dir='ltr'>hODeslatis.</span> <span class='ocrx_word' id='word_1_884' title='bbox 2620 5327 2648 5354; x_wconf 83' lang='lat'>»</span> <span class='ocrx_word' id='word_1_885' title='bbox 2682 5305 2909 5362; x_wconf 83' lang='lat' dir='ltr'>Rursus</span> <span class='ocrx_word' id='word_1_886' title='bbox 2940 5305 3216 5362; x_wconf 88' lang='lat' dir='ltr'>omiserat</span> <span class='ocrx_word' id='word_1_887' title='bbox 3247 5302 3494 5372; x_wconf 75' lang='grc' dir='ltr'><strong>11100,το</strong></span> <span class='ocrx_word' id='word_1_888' title='bbox 3523 5300 3860 5358; x_wconf 69' lang='grc' dir='ltr'>ἐπονείδιστον</span> <span class='ocrx_word' id='word_1_889' title='bbox 3958 5293 3965 5308; x_wconf 78' lang='lat'><em>&#39;</em></span> 
     </span>
    </p>
   </div>
   <div class='ocr_carea' id='block_1_97' title="bbox 2235 5388 3856 5468">
    <p class='ocr_par' dir='ltr' id='par_1_97' title="bbox 2235 5388 3856 5468">
     <span class='ocr_line' id='line_1_98' title="bbox 2235 5388 3856 5468; baseline 0.006 -23"><span class='ocrx_word' id='word_1_890' title='bbox 2235 5391 2686 5466; x_wconf 72' lang='grc' dir='ltr'>περιστέλλουσα,</span> <span class='ocrx_word' id='word_1_891' title='bbox 2736 5398 2968 5451; x_wconf 86' lang='lat' dir='ltr'>tantum</span> <span class='ocrx_word' id='word_1_892' title='bbox 3035 5395 3192 5451; x_wconf 91' lang='lat' dir='ltr'>enim</span> <span class='ocrx_word' id='word_1_893' title='bbox 3259 5395 3600 5468; x_wconf 87' lang='lat' dir='ltr'>scripserat,</span> <span class='ocrx_word' id='word_1_894' title='bbox 3652 5419 3678 5443; x_wconf 85' lang='grc'><em>‹‹</em></span> <span class='ocrx_word' id='word_1_895' title='bbox 3728 5388 3856 5464; x_wconf 80' lang='lat' dir='ltr'>quod</span> 
     </span>
    </p>
   </div>
   <div class='ocr_carea' id='block_1_98' title="bbox 2235 5482 3090 5556">
    <p class='ocr_par' dir='ltr' id='par_1_98' title="bbox 2235 5482 3090 5556">
     <span class='ocr_line' id='line_1_99' title="bbox 2235 5482 3090 5556; baseline 0.002 -18"><span class='ocrx_word' id='word_1_896' title='bbox 2235 5482 2406 5555; x_wconf 89' lang='lat' dir='ltr'>plane</span> <span class='ocrx_word' id='word_1_897' title='bbox 2430 5484 2884 5556; x_wconf 86' lang='lat' dir='ltr'>vituperandum</span> <span class='ocrx_word' id='word_1_898' title='bbox 2919 5490 3027 5541; x_wconf 88' lang='lat' dir='ltr'>est.</span> <span class='ocrx_word' id='word_1_899' title='bbox 3061 5506 3090 5535; x_wconf 86' lang='lat'><strong>»</strong></span> 
     </span>
    </p>
   </div>
   <div class='ocr_carea' id='block_1_99' title="bbox 2304 5572 3852 5630">
    <p class='ocr_par' dir='ltr' id='par_1_99' title="bbox 2304 5572 3852 5630">
     <span class='ocr_line' id='line_1_100' title="bbox 2304 5572 3852 5630; baseline -0.001 -2"><span class='ocrx_word' id='word_1_900' title='bbox 2304 5572 2420 5628; x_wconf 90' lang='lat' dir='ltr'>Col.</span> <span class='ocrx_word' id='word_1_901' title='bbox 2453 5573 2558 5627; x_wconf 84' lang='lat'>379</span> <span class='ocrx_word' id='word_1_902' title='bbox 2606 5573 2730 5629; x_wconf 90' lang='lat' dir='ltr'>C6.</span> <span class='ocrx_word' id='word_1_903' title='bbox 2784 5574 2863 5630; x_wconf 85' lang='lat' dir='ltr'>Ad</span> <span class='ocrx_word' id='word_1_904' title='bbox 2893 5589 3162 5630; x_wconf 85' lang='lat' dir='ltr'>occasum.</span> <span class='ocrx_word' id='word_1_905' title='bbox 3198 5573 3321 5629; x_wconf 85' lang='lat' dir='ltr'>Non</span> <span class='ocrx_word' id='word_1_906' title='bbox 3383 5577 3446 5630; x_wconf 91' lang='lat' dir='ltr'>ut</span> <span class='ocrx_word' id='word_1_907' title='bbox 3497 5577 3672 5629; x_wconf 84' lang='lat' dir='ltr'>antea</span> <span class='ocrx_word' id='word_1_908' title='bbox 3731 5573 3852 5626; x_wconf 81' lang='lat' dir='ltr'>erat.</span> 
     </span>
    </p>
   </div>
   <div class='ocr_carea' id='block_1_100' title="bbox 2231 5661 3846 5736">
    <p class='ocr_par' dir='ltr' id='par_1_100' title="bbox 2231 5661 3846 5736">
     <span class='ocr_line' id='line_1_101' title="bbox 2231 5661 3846 5736; baseline -0.004 -18"><span class='ocrx_word' id='word_1_909' title='bbox 2231 5662 2354 5718; x_wconf 83' lang='lat' dir='ltr'>«ad</span> <span class='ocrx_word' id='word_1_910' title='bbox 2386 5661 2709 5720; x_wconf 87' lang='lat' dir='ltr'>retinacula</span> <span class='ocrx_word' id='word_1_911' title='bbox 2739 5663 2900 5732; x_wconf 68' lang='lat' dir='ltr'>vitae;</span> <span class='ocrx_word' id='word_1_912' title='bbox 2929 5685 2957 5714; x_wconf 89' lang='grc'><strong>››</strong></span> <span class='ocrx_word' id='word_1_913' title='bbox 2992 5679 3296 5736; x_wconf 88' lang='lat' dir='ltr'>perperam</span> <span class='ocrx_word' id='word_1_914' title='bbox 3318 5663 3478 5720; x_wconf 86' lang='lat' dir='ltr'>enim</span> <span class='ocrx_word' id='word_1_915' title='bbox 3520 5662 3746 5718; x_wconf 89' lang='lat' dir='ltr'>calamo</span> <span class='ocrx_word' id='word_1_916' title='bbox 3779 5672 3846 5712; x_wconf 75' lang='lat' dir='ltr'>ex-</span> 
     </span>
    </p>
   </div>
  </div>
