4124 6240
288 380 434 440 1101

1506 382 1583 444 ΙΝ
1628 381 2038 443 COMMENT.
2085 381 2164 441 ΙΝ
2210 379 2483 441 ISAIAM

3540 382 3698 446 HO!

283 517 512 569 aratum
545 515 670 567 erat
699 511 758 567 in
781 512 840 568 F.
870 508 1033 586 μέχρι
1053 514 1161 566 τῶν
1195 507 1427 584 δεσμῶν.
1461 517 1537 568 At
1556 515 1920 570 emendatum

2048 514 2286 568 ﬂamma
2317 529 2560 569 accensa
2591 531 2605 569 :
2646 532 2668 563 ε
2703 514 3084 586 quamobrem
3116 531 3260 572 sane
3288 514 3696 589 mirum,quod

285 607 374 657 est
403 619 470 657 ex
501 601 568 656 H.
603 605 660 656 et
685 605 754 655 Α.
809 600 976 676 μέχρι
1004 603 1111 655 τῶν
1158 597 1376 672 δυσμῶν
1409 607 1508 670 τῆς
1542 606 1710 670 ζωῆς.
1742 603 1928 674 Δυσμή

286 715 313 743 ‹‹
349 691 494 747 solis
524 707 798 747 occasum
821 713 849 742 »
883 695 1055 747 sonat
1086 707 1100 745 :
1131 691 1480 747 transfertur
1510 692 1688 747 etiam
1711 693 1782 748 ad
1805 693 1935 747 vita

283 781 483 836 tinem.
518 779 839 852 Hesychius
887 784 944 836 et
985 780 1196 836 Suidas
1246 775 1476 852 δυσμαῖς
1512 778 1654 854 βίου,
1681 783 1760 851 τῷ
1787 779 1933 835 τέλει

280 873 451 938 ζωῆς.

349 958 468 1014 Col.
521 959 628 1013 382
672 963 714 1013 Β
761 958 814 1013 6.
869 958 976 1026 Qui
1022 975 1095 1014 ex
1143 958 1322 1015 Caini.
1377 959 1720 1030 Καθήκοντος
1767 960 1930 1027 dixit,

279 1049 440 1120 quod
469 1047 727 1117 καθήκειν
762 1048 1022 1104 devenire
1053 1052 1242 1104 sonet.
1273 1049 1592 1120 Procopius
1630 1050 1775 1105 dixit
1801 1069 1930 1103 κατ-

279 1135 578 1211 αγομίνοῦ,
637 1155 690 1209 p.
751 1138 819 1191 77
877 1154 897 1194 .'
955 1135 989 1190 ἃ
1043 1139 1140 1190 τοῦ
1189 1131 1386 1191 Ἰωϐάλ
1447 1136 1588 1191 ἐστιν
1650 1137 1930 1212 εὖρήματχ

272 1230 372 1281 τοῦ
403 1225 463 1280 ἐκ
489 1228 586 1280 τοῦ
629 1225 757 1280 Κὰϊν
809 1229 1207 1300 καταγομένου,
1261 1248 1287 1279 α
1330 1244 1580 1299 quorum
1627 1234 1926 1284 auctorem

279 1316 477 1384 illum,
509 1316 608 1388 qui
639 1315 802 1372 Caini
851 1315 1082 1372 soboles
1122 1316 1362 1384 exstitit,
1417 1316 1774 1389 accepimus.
1805 1341 1825 1367 ι
1863 1322 1928 1373 Et

275 1404 941 1473 annotaturGenes.1v,
992 1405 1080 1459 17.
1127 1404 1275 1460 Nam
1323 1421 1393 1461 ex
1441 1405 1583 1461 Cain
1628 1409 1789 1461 ortus
1837 1411 1926 1462 est

275 1493 529 1562 llenoch,
563 1510 628 1550 ac
680 1493 890 1549 deinde
939 1509 1008 1548 ex
1050 1493 1284 1549 Henoch
1338 1495 1491 1563 Irad,
1523 1511 1592 1550 ex
1640 1495 1772 1551 Irad
1802 1499 1924 1550 Ma-

272 1583 461 1650 viaeb,
493 1599 561 1638 ex
591 1599 707 1654 quo
739 1580 1090 1652 Mathusael,
1118 1586 1175 1637 et
1204 1598 1274 1638 ex
1303 1583 1415 1638 isto
1448 1583 1721 1655 Lamech,
1753 1585 1923 1654 cujus

270 1672 376 1726 ﬁlii
409 1671 576 1728 Jabel
607 1676 665 1728 et
685 1671 878 1728 Jubal.
903 1673 1050 1726 Male
1073 1671 1366 1743 interpres
1389 1673 1670 1744 ediderat,
1698 1695 1725 1723 «
1747 1673 1920 1730 Jubal

273 1761 374 1832 qui
405 1777 476 1816 ex
504 1758 845 1832 genealogia
875 1760 986 1815 sibi
1013 1761 1409 1830 conveniente,
1444 1778 1654 1833 nempe
1685 1778 1755 1817 ex
1781 1762 1918 1817 Cain

269 1854 597 1921 prognatus
627 1848 928 1904 scribitur.
967 1871 988 1898 ι

340 1938 463 1993 Col.
495 1939 602 1993 386
631 1942 675 1992 D
706 1938 757 1992 4.
793 1929 1206 1994 Delestandum.
1241 1938 1532 2010 Interqres
1583 1939 1724 2012 legit
1760 1939 1818 1994 in
1851 1945 1909 1994 F.

267 2026 404 2100 πρὸς
453 2029 532 2097 τῷ
579 2024 810 2101 ἇναργεῖ,
842 2049 870 2077 ι(
905 2027 1060 2098 quod
1107 2026 1254 2082 nulli
1301 2044 1414 2082 non
1466 2027 1848 2100 colliquescit.
1885 2051 1912 2078 »

232 2124 236 2127 “
269 2116 480 2173 melius
510 2117 570 2172 in
622 2117 690 2172 Η.
722 2119 803 2187 τῷ
849 2113 1028 2190 ἐναγεῖ
1060 2121 1124 2171 ut
1162 2117 1457 2172 edidimus
1493 2135 1505 2173 :
1540 2134 1727 2190 neque
1755 2119 1912 2174 enim

262 2203 504 2279 ἐναργὲς,
535 2229 563 2256 ‹‹
603 2205 985 2262 manifestum
1016 2227 1046 2257 »
1076 2211 1165 2262 est
1212 2206 1494 2262 Davidem
1545 2223 1746 2263 omnes
1777 2224 1912 2280 pec-

262 2300 489 2350 catores
519 2299 686 2350 terra:
716 2294 1100 2351 interfecisse.

332 2400 450 2458 Col.
482 2403 586 2456 406
615 2405 654 2456 C
685 2403 732 2457 1.
769 2402 958 2457 latere
984 2403 1248 2458 rationes.
1282 2401 1406 2457 Non
1440 2407 1504 2456 ut
1538 2401 1910 2474 Tilmannus,

261 2513 288 2540 «
325 2491 425 2562 qui
463 2491 680 2545 audent
709 2490 968 2562 profiteri
1005 2506 1065 2545 se
1119 2506 1248 2546 esse
1282 2506 1449 2562 pares
1481 2490 1811 2547 scribendis
1843 2493 1913 2547 de

261 2595 618 2651 unaquaque
668 2597 726 2635 re
775 2578 963 2634 libris.
1008 2598 1033 2630 ι
1091 2579 1300 2635 Merito
1350 2585 1545 2635 tamen
1599 2585 1800 2651 postea
1853 2581 1910 2635 in

258 2669 524 2740 margine
571 2668 879 2724 addiderat
925 2673 1023 2735 τῆς
1075 2665 1287 2740 ἐποχῆς
1333 2669 1696 2724 inventorem
1727 2669 1912 2726 fuisse

259 2758 640 2830 Pyrrhonem,
689 2759 789 2829 qui
837 2773 1146 2813 assensum
1199 2758 1441 2829 praeberi
1482 2759 1734 2814 vetabat.
1767 2759 1910 2815 Vide

258 2846 574 2920 Diogenem
611 2847 928 2916 Laertium,
960 2845 1062 2902 lib.
1098 2863 1262 2918 ix,-p.
1293 2847 1436 2903 670:
1463 2845 1523 2900 οὐ
1556 2846 1659 2922 γὰρ
1695 2846 1906 2919 μᾶΛλον

257 2932 385 2990 τόδε
415 2936 451 3004 ἢ
482 2931 608 2990 τόδε
639 2934 769 2989 εἶναι
799 2931 1044 3004 ἕκαστον,
1079 2957 1106 2984 ‹‹
1144 2951 1335 3008 neque
1379 2936 1537 2992 enim
1579 2953 1707 2992 esse
1738 2937 1909 3009 quid-

263 3042 442 3096 quam
476 3024 636 3081 istud
668 3024 867 3097 potius
914 3041 1090 3096 quam
1141 3024 1308 3080 illud.
1345 3047 1372 3075 »
1405 3025 1700 3082 Omiserat
1733 3027 1909 3098 paulo

261 3119 397 3188 post
427 3115 583 3170 idem
616 3114 907 3186 interpres
937 3113 1038 3170 illa
1067 3115 1262 3182 verba,
1291 3131 1422 3186 quae
1451 3115 1647 3171 Graeca
1665 3133 1910 3189 sugges-

260 3209 419 3260 serat
453 3221 563 3260 ms.
599 3205 682 3274 F.,
710 3226 738 3256 «
773 3204 1007 3276 nigrum
1039 3221 1168 3260 esse
1199 3209 1504 3278 argentum
1545 3211 1782 3278 propter
1811 3223 1908 3262 ru-

2049 603 2205 658 idem
2238 603 2536 658 contendit
2565 605 2722 674 apud
2744 603 3024 660 Basiliam
3042 604 3176 676 legi,
3197 605 3694 676 quemadmodum

2048 693 2200 763 apud
2236 691 2581 764 Procopium
2615 697 2670 747 et
2700 693 2758 748 in
2793 694 2928 748 edit.
2961 697 3245 761 Romana,
3278 691 3632 765 ἀνειμένης,ιι
3663 712 3696 752 a

2048 782 2289 837 flamma
2321 781 2616 838 resoluta:
2653 804 2680 831 ››
2710 782 2821 838 nisi
2848 785 2993 838 forte
3016 783 3182 838 illum
3213 785 3271 839 in
3304 799 3558 840 errorem
3579 784 3692 840 im-

2047 870 2195 942 pulit
2228 872 2517 943 interpres
2555 871 2808 941 l.atinus,
2843 873 2942 945 qui
2974 873 3306 943 scripserat,
3336 896 3363 923 ι(
3390 890 3422 928 a
3452 875 3694 931 ﬂamma

2045 961 2251 1025 eti‘usa,
2286 982 2312 1010 »
2347 961 2431 1015 vel
2465 960 2643 1015 alium
2691 961 2951 1017 codicem
3002 962 3288 1032 scriptum
3337 967 3545 1019 nactus
3576 968 3686 1019 est.

2045 1048 2286 1120 Vulgata
2319 1050 2520 1105 Latina
2550 1050 2695 1105 dixit
2726 1066 2850 1120 cap.
2883 1068 2938 1120 v,
2970 1051 3060 1120 24,
3095 1074 3121 1100 ‹‹
3156 1056 3212 1106 et
3251 1049 3409 1107 calor
3438 1052 3687 1107 ﬂamma:

2041 1137 2250 1193 exurit.
2284 1159 2312 1188 »

2109 1227 2229 1283 Col.
2289 1228 2392 1281 428
2453 1233 2492 1281 Β
2543 1228 2596 1281 8.
2661 1229 2760 1283 Isti
2814 1230 3000 1301 quasi.
3063 1229 3192 1283 Ilzec
3252 1229 3321 1284 ad
3375 1229 3682 1286 verbume

2039 1315 2234 1372 Graeco
2251 1323 2390 1371 sunt
2419 1323 2781 1387 expressa,et
2806 1317 2862 1371 in
2895 1317 3088 1373 locum
3112 1335 3312 1372 eorum
3335 1318 3679 1389 substitute,

2037 1422 2165 1477 qua:
2186 1405 2474 1477 interpres
2505 1407 2817 1476 adjecerat.
2845 1407 3157 1478 Reliquum
3184 1407 3340 1462 enim
3366 1413 3554 1464 textus
3587 1425 3680 1464 ca-

2035 1494 2173 1565 pitis
2200 1494 2390 1561 quinti
2423 1499 2671 1549 verterat
2704 1496 3018 1566 prOphetaa,
3038 1500 3094 1549 et
3125 1495 3321 1550 Italico
3353 1496 3682 1553 charactere

2033 1588 2419 1654 expresserat,
2454 1599 2558 1638 nec
2592 1599 2720 1638 esse
2753 1583 2950 1638 Basilii
2981 1585 3156 1638 verba
3191 1585 3684 1642 animadverterat

2032 1671 2177 1726 illud
2209 1675 2400 1726 textus
2444 1671 2739 1742 reliquum
2784 1671 2842 1725 in
2881 1672 3300 1743 compendium
3333 1674 3677 1745 redigentis.

2101 1777 2357 1832 001.427
2419 1781 2461 1830 D
2522 1779 2569 1831 1.
2632 1778 2695 1830 Et
2755 1777 2898 1848 ignis
2954 1782 3232 1833 versatur.
3299 1780 3380 1834 Ita
3435 1780 3677 1851 scripsi-

2030 1882 2185 1936 mus,
2215 1883 2332 1922 non
2363 1883 2496 1921 cum
2521 1866 2850 1932 Titmanno,
2888 1889 2916 1916 ι(
2947 1873 3243 1938 aspectus,
3279 1867 3379 1939 qui
3411 1875 3678 1924 versatur

2027 1956 2182 2011 circa
2237 1957 2667 2011 concretionem
2710 1972 2722 2009 :
2763 1979 2782 2004 ι
2848 1973 2962 2010 non
3024 1955 3181 2010 enim
3243 1957 3326 2012 ait
3375 1961 3674 2029 aspectum

2025 2046 2300 2112 ﬂammae,
2324 2044 2436 2100 dici
2467 2045 2799 2100 carbonem.
2837 2044 3150 2116 Procopius
3179 2046 3235 2099 in
3270 2046 3476 2101 Isaiam
3502 2047 3673 2117 p.88:

2028 2131 2221 2206 ἄνθραξ
2255 2129 2310 2186 δὲ
2341 2129 2448 2186 ἐστι
2480 2133 2585 2205 πῦρ
2617 2129 2817 2208 γεῶδες
2854 2133 2989 2204 μετᾶ
3040 2134 3140 2201 τήν
3167 2139 3267 2201 τῆς
3297 2131 3502 2209 φλογὸς
3534 2133 3674 2208 πάρ-

2025 2218 2157 2276 οδον
2205 2225 2273 2295 τῇ
2341 2221 2621 2296 παχυτέρα
2671 2220 2772 2294 ὕλῃ
2830 2220 3207 2294 ἐναπομεῖναν’
3250 2245 3277 2273 ‹‹
3333 2223 3429 2278 Est
3467 2228 3662 2278 autem

2025 2311 2197 2366 carbo
2229 2310 2383 2382 ignis
2403 2310 2500 2366 ille
2529 2311 2928 2382 terrenus,qui
2952 2311 3239 2366 exstincta
3258 2311 3497 2366 ﬂamma
3518 2310 3668 2366 solet

2019 2399 2082 2455 in
2115 2401 2397 2456 crassiore
2424 2415 2726 2455 remanere
2749 2400 3014 2455 materia.
3034 2422 3061 2449 ››
3083 2400 3208 2454 Non
3233 2401 3412 2471 igitur
3433 2399 3669 2472 exponit

2022 2488 2116 2544 hic
2147 2489 2399 2545 Basilius
2451 2489 2550 2544 illa
2595 2489 2784 2544 verbis
2842 2487 2944 2542 ὑπὸ
2989 2487 3195 2563 φλογὸς
3227 2487 3568 2561 ἀνημμὲνης.
3601 2493 3668 2545 ut

2023 2577 2252 2633 videtur
2282 2578 2650 2634 existimasse
2701 2578 2889 2634 Flam.
2923 2578 3189 2634 Nobilius
3236 2579 3294 2632 in
3326 2578 3489 2634 Notis
3522 2578 3667 2645 suis,

2021 2669 2121 2722 sed
2151 2668 2288 2740 quid
2323 2668 2399 2724 sit
2430 2665 2620 2742 ἄνθραξ
2657 2691 2684 2718 ‹‹
2715 2669 2910 2733 carbo,
2946 2690 2973 2716 »
2999 2668 3422 2739 exponit.Quod
3455 2669 3504 2724 si
3535 2684 3672 2723 vera

2021 2762 2176 2812 esset
2205 2757 2505 2812 distinctio
2542 2756 2767 2826 lsidori,
2822 2756 3014 2828 ἄνθραξ
3063 2757 3158 2811 hic
3189 2780 3216 2806 «
3253 2774 3464 2828 pruna,
3495 2779 3523 2805 ››
3561 2774 3667 2828 po-

2019 2846 2138 2901 tius
2188 2852 2360 2902 esset.
2396 2869 2423 2896 ‹‹
2480 2851 2673 2901 Pruna
2716 2851 2824 2916 est,
2876 2845 3088 2917 inquit,
3138 2845 3400 2916 quandiu
3449 2846 3661 2901 ardet:

2020 2951 2153 2990 cum
2198 2935 2488 2991 exstincta
2537 2934 2730 3000 fuerit,
2781 2935 2956 2990 carbo
3007 2935 3367 2990 nominatur.
3410 2935 3606 2990 Pruna
3636 2952 3670 2990 a

2020 3025 2347 3096 perurendo
2378 3024 2532 3078 dicta
2563 3029 2652 3082 est
2685 3040 2696 3078 :
2731 3024 2904 3079 carbo
2938 3040 3069 3079 vero
3101 3025 3255 3095 quod
3305 3024 3544 3080 ﬂamma
3572 3039 3668 3079 ca-

2019 3118 2126 3169 ret.
2164 3136 2190 3161 »
2214 3113 2325 3169 Sed
2358 3117 2414 3168 et
2445 3115 2599 3186 apud
2633 3112 2912 3181 Plinium,
2943 3112 3045 3168 lib.
3080 3113 3462 3184 xv1u,dicitur
3491 3113 3670 3170 etiam

2022 3203 2218 3272 carbo,
2246 3203 2480 3274 quando
2511 3203 2733 3272 ignitus
2766 3219 2779 3258 :
2804 3224 2830 3253 «
2855 3203 3078 3258 Etcum
3103 3205 3275 3259 carbo
3301 3202 3675 3259 vehementer

259 3255 562 3365 esse}:
578 3255 756 3365 εξιέέιω
775 3255 1130 3349 Emittis:
1143 3255 1504 3357 iam;
1523 3255 1914 3368 τῖρξσὲᾖζλῆῖὲῃ
1944 3255 1988 3322 (ἶ
2025 3255 2279 3347 tanta:
2296 3255 2472 3360 gs
2495 3255 2607 3346 ιῖἑῖ
2633 3255 2833 3360 si...
2857 3255 3011 3363 25,3."
3025 3255 3126 3346 ξς
3141 3255 3439 3349 1.54.5.3}
3450 3255 3674 3364 "agis;

257 3387 533 3451 verterat,
565 3406 593 3434 ‹‹
629 3383 986 3456 quibuscum
1036 3400 1108 3439 ne
1155 3383 1380 3440 diutius
1419 3384 1796 3455 congrediare
1828 3385 1918 3440 fa-

263 3470 594 3541 miliariter,
624 3493 654 3521 ››
685 3470 824 3528 licet
855 3472 1010 3528 absit
1058 3473 1312 3544 negatio,
1344 3477 1402 3529 et
1434 3471 1652 3544 ὁμιλεῖν
1684 3489 1802 3529 non
1833 3475 1915 3529 si-

257 3559 499 3633 gniﬁcet
517 3564 746 3616 tantum
769 3560 1141 3617 familiariter
1163 3562 1458 3634 congredi,
1483 3563 1581 3618 sed
1605 3561 1780 3618 etiam
1804 3563 1914 3619 im-

187 3675 190 3677 λ
257 3648 498 3716 morari,
529 3650 748 3705 versari
783 3650 844 3705 in
874 3666 935 3706 re
970 3649 1189 3722 aliqua,
1223 3655 1287 3707 ut
1316 3652 1471 3723 apud
1516 3651 1915 3723 Thucydidem

260 3733 576 3808 ὡμιληκὼς
622 3735 877 3810 πολέμῳ,
913 3762 941 3790 ‹‹
973 3748 1237 3796 versatus
1287 3740 1348 3796 in
1387 3739 1576 3795 bello:
1613 3763 1641 3790 »
1673 3746 1730 3796 et
1760 3741 1915 3812 apud

257 3827 767 3899 Chrysostomum,
815 3828 1024 3884 homil.
1076 3831 1101 3884 1
1159 3831 1235 3884 De
1274 3831 1621 3901 paenitentia,
1671 3846 1727 3901 p.
1760 3830 1912 3885 660:

268 3915 371 3968 Καὶ
411 3911 586 3968 πολὺν
634 3915 834 3990 χρόνον
889 3913 1257 3988 ὁμιλήσαντες
1303 3921 1382 3988 τῷ
1411 3915 1562 3991 πυρί,
1595 3940 1622 3968 α
1655 3923 1825 3989 atque
1855 3918 1916 3972 in

261 4007 400 4078 igne
451 4005 637 4062 multo
686 4011 947 4078 tempore
976 4006 1192 4062 versati
1226 4025 1239 4063 :
1275 4029 1302 4057 »
1335 4013 1392 4063 et
1436 4005 1538 4062 lib.
1574 4024 1592 4062 ι
1624 4009 1696 4062 De
1722 4009 1917 4063 Provi-

259 4094 472 4165 dentia,
506 4111 562 4167 p.
597 4095 703 4150 158
729 4111 741 4150 :
764 4094 838 4156 ὡς
867 4092 956 4149 καὶ
987 4092 1258 4168 ὁμιλῆσαι
1288 4093 1511 4170 γάμοις,
1543 4119 1570 4146 ‹‹
1603 4104 1667 4152 ut
1691 4101 1914 4152 etuxo-

260 4200 356 4240 res
384 4185 686 4241 ducerent.
725 4205 750 4235 ι

332 4273 452 4330 Col.
495 4274 598 4329 418
629 4277 668 4330 C
710 4275 796 4329 11.
853 4275 966 4331 Non
991 4277 1174 4330 tamen
1227 4274 1292 4331 de
1337 4290 1417 4331 eo.
1457 4274 1732 4331 'l‘ilman.:
1767 4299 1793 4325 ι‹
1825 4274 1921 4330 Ait

259 4363 419 4420 enim
444 4363 751 4436 Scriptura
769 4365 1032 4419 nondum
1058 4363 1422 4420 immobilem
1450 4381 1578 4420 esse
1600 4365 1752 4420 circa
1766 4364 1919 4421 tales

259 4454 472 4509 animae
525 4454 771 4510 aﬂ'ectus
805 4470 818 4508 :
853 4453 996 4524 quin
1039 4453 1110 4509 de
1157 4470 1224 4509 eo
1277 4453 1533 4524 disserit,
1566 4476 1586 4504 ιο
1623 4459 1756 4522 etc.,
1792 4471 1919 4525 quae

261 4543 436 4614 plane
467 4561 501 4598 a
533 4547 731 4598 mente
776 4541 1032 4598 auctoris
1060 4542 1354 4598 aberrant.
1388 4542 1482 4598 Sic
1523 4543 1920 4598 restituendus

2022 3381 2110 3436 vis
2140 3385 2341 3436 exusto
2373 3380 2706 3452 iterumque
2738 3381 3028 3453 ﬂagranti.
3057 3403 3085 3432 »

2097 3486 2216 3543 Col.
2251 3488 2349 3543 431
2386 3492 2435 3541 Α
2467 3488 2552 3542 14.
2586 3489 2765 3543 Etiam
2797 3489 2844 3543 is
2873 3487 2982 3543 cui.
3036 3491 3360 3544 Annotarat
3407 3489 3468 3544 in
3520 3505 3674 3544 mar-

2025 3575 2158 3648 gine
2190 3576 2477 3648 interpres
2507 3577 2790 3649 quiddam
2809 3593 2872 3632 se
2897 3576 3306 3634 desiderarein
3333 3577 3674 3650 exemplari:

2026 3671 2083 3720 et
2116 3666 2358 3732 merito;
2394 3665 2592 3720 deerat
2622 3666 2777 3720 enim
2813 3683 2917 3721 vox
2948 3665 3137 3736 ἀκοήν,
3163 3684 3338 3738 quam
3370 3671 3567 3724 tamen
3597 3667 3679 3724 ita

2023 3755 2304 3810 vertendo
2331 3763 2717 3825 expresserat,
2744 3778 2770 3804 ‹‹
2797 3772 2991 3810 vocem
3021 3756 3252 3811 Domini
3276 3773 3388 3811 non
3413 3756 3674 3828 quidem,

2026 3859 2153 3913 qua:
2184 3842 2351 3897 icerit
2380 3860 2582 3897 aurem
2615 3842 2874 3913 corporis
2908 3860 2920 3897 :
2955 3845 3054 3898 sed
3100 3861 3218 3914 qua
3260 3845 3416 3899 Deus
3449 3852 3676 3899 tantum

2029 3931 2211 3986 menti
2259 3947 2460 3985 eorum
2513 3948 2616 4002 per
2664 3936 2830 3985 notas
2882 3932 3362 3987 adumbrationes
3395 3932 3679 4003 imprimit

2029 4019 2363 4076 consilium.
2394 4043 2420 4069 ››
2454 4018 2716 4075 Similem
2755 4019 2929 4074 habes
2956 4019 3151 4075 locum
3182 4019 3425 4076 infrazofa
3459 4016 3548 4074 διὰ
3575 4027 3676 4089 τῆς

2029 4113 2346 4181 σωματικῆς
2405 4105 2593 4178 ἀκοῆς,
2655 4104 2784 4160 ἀλλ’
2841 4105 3003 4161 αὐτοῦ
3065 4107 3126 4162 τὸ
3186 4107 3516 4182 ἡγεμονικόν
3551 4128 3563 4141 ·
3622 4116 3680 4166 et

2027 4200 2182 4272 apud
2209 4197 2556 4270 Procopium
2592 4215 2647 4268 p.
2681 4199 2780 4252 102
2805 4214 2818 4252 :
2848 4197 3076 4253 «Audit
3101 4203 3299 4254 autem
3329 4215 3527 4255 vocem
3563 4199 3677 4254 Do-

2029 4289 2194 4355 mini,
2227 4287 2323 4359 qui
2359 4292 2548 4342 mcnte
2566 4287 2637 4342 ab
2671 4285 2795 4358 ipso
2829 4287 3144 4343 informata
3175 4287 3504 4344 resonantis
3534 4287 3594 4342 in
3619 4305 3680 4342 sc

2028 4377 2184 4434 verbi
2221 4393 2433 4432 sonum
2465 4375 2778 4432 auscultat.
2818 4400 2845 4425 ››

2101 4467 2220 4522 Col.
2249 4467 2354 4521 435
2380 4466 2423 4520 D
2455 4469 2508 4520 2.
2563 4466 2638 4523 Ne
2676 4482 2773 4520 nos
2824 4465 3041 4523 educas.
3093 4467 3453 4523 Existimavit
3499 4466 3678 4523 inter-

2033 4574 2164 4628 pres
2216 4573 2278 4610 se
2327 4555 2537 4627 legisse
2597 4555 2669 4625 μὴ
2735 4553 3059 4627 ἀναγκάσῃς,
3121 4556 3208 4610 vel
3267 4549 3500 4629 ἀνάγκη,
3540 4557 3681 4612 dum

267 4637 365 4686 est
395 4635 454 4687 et
484 4631 638 4703 apud
672 4631 1018 4703 Procopium
1067 4632 1229 4688 locus
1261 4649 1316 4703 p.
1349 4634 1423 4686 86
1456 4649 1468 4687 :
1505 4631 1586 4684 ὅτι
1624 4631 1794 4702 μήπω
1829 4627 1920 4685 λέ-

2037 4644 2224 4711 vertit,
2249 4645 2616 4715 proﬁciscaris
2642 4644 2945 4712 nobiscum,
2977 4644 3130 4699 nihil
3168 4661 3387 4701 necesse
3414 4661 3512 4700 nos
3539 4649 3682 4701 cmi-

262 4740 356 4786 γει
407 4719 498 4773 τὸν
546 4718 748 4788 ἀπαθῆ.
793 4721 1071 4791 Sequitur
1123 4719 1286 4776 locus
1333 4738 1402 4776 ex
1444 4721 1771 4777 Proverbiis
1822 4737 1924 4791 x11,

271 4811 362 4877 16,
392 4809 492 4865 ubi
524 4809 608 4866 sic
640 4809 817 4866 habet
849 4826 861 4864 :
897 4814 1120 4886 ’Ἄφρων
1151 4808 1457 4884 αὐθήμερον
1491 4807 1804 4885 ἐξαγγέλλει
1838 4808 1929 4884 ὀρ-

269 4898 374 4973 γὴν
407 4895 602 4967 αὐτοῦ,
634 4896 859 4972 κρύπτει
892 4894 950 4952 δὲ
991 4900 1090 4967 τήν
1139 4898 1329 4952 ἑαυτοῦ
1379 4897 1597 4970 ἀτιμίαν
1649 4898 1782 4970 ἀνὴρ
1831 4919 1928 4952 πα·

266 4990 520 5060 νοῦργος·
575 5010 604 5038 ‹‹
658 4991 876 5043 Fatuus
925 4989 1050 5060 ipso
1099 4987 1192 5044 die
1239 4988 1462 5043 indicat
1507 4989 1653 5043 iram
1707 5004 1927 5044 suam:

269 5077 422 5134 celat
453 5083 649 5133 autem
683 5095 853 5134 suam
884 5076 1267 5150 ignominiam
1298 5078 1384 5133 vir
1408 5076 1680 5133 callidus.
1704 5100 1732 5127 ››
1760 5078 1929 5148 Apud

271 5165 624 5238 Procopium
677 5166 932 5238 legimus
965 5162 1264 5239 ἐξαγγελεῖ,
1297 5165 1583 5233 indicabit,
1615 5165 1833 5236 prodet,
1869 5169 1934 5219 ut

267 5254 427 5326 apud
478 5254 779 5311 Nobilium
823 5254 1117 5311 scholium
1168 5255 1433 5310 Graecum
1484 5249 1725 5322 δηλώσει
1762 5251 1930 5323 θυμὸν

265 5341 454 5408 acroi,
490 5365 516 5396 α
549 5345 867 5417 patefaciet
915 5345 1173 5400 furorem
1223 5360 1418 5411 suum,
1457 5367 1475 5391 ι
1513 5349 1568 5398 et
1613 5343 1933 5398 Theodotio

276 5431 556 5506 γνωρίσει,
592 5456 620 5485 ς(
649 5441 855 5490 notum
888 5433 1081 5490 faciet.
1119 5455 1146 5482 »

336 5539 458 5596 Col.
494 5540 598 5596 419
637 5541 678 5596 Β
713 5541 763 5595 1.
803 5541 1058 5595 Flamma
1087 5553 1337 5594 accensa.
1367 5533 1581 5611 Φλογὸς
1611 5534 1935 5607 ἀνημμένης

271 5629 567 5701 scriptum
610 5629 895 5687 exhibent
941 5629 1057 5683 duo
1108 5626 1268 5697 Regii
1314 5625 1481 5682 codd.
1533 5629 1593 5681 Ε.
1627 5633 1684 5680 et
1729 5625 1796 5679 Η.
1834 5643 1938 5680 nec

284 5719 460 5776 aliter
513 5719 629 5792 legi
685 5719 839 5791 apud
901 5716 1180 5790 Cyrillum
1224 5720 1468 5774 annotat
1515 5713 1803 5787 Nobilius,
1847 5734 1920 5772 «ι

2050 5711 2208 5786 ἁγίου
2283 5708 2592 5782 Πνεύματος
2650 5706 2957 5770 πανοπλίας
2990 5751 3001 5763 .

2035 4750 2216 4804 grare,
2251 4731 2430 4787 Exodi
2462 4747 2655 4799 xxxiii,
2684 4733 2776 4802 15,
2800 4733 3053 4803 legimus
3085 4733 3260 4804 paulo
3288 4733 3484 4802 aliter,
3525 4733 3573 4787 si
3606 4735 3681 4805 μὴ

2036 4820 2099 4875 σὺ
2149 4819 2308 4881 αὐτὸς
2367 4817 2685 4892 συμπορεύῃ
2737 4820 2852 4890 μεθ’
2903 4822 3101 4891 ἡμῶν,
3157 4823 3232 4892 μή
3290 4841 3356 4893 με
3408 4820 3686 4897 ἀναγάγῃς

2037 4909 2299 4973 ἐντεῦΟΞν’
2337 4909 2395 4964 Si
2422 4925 2532 4964 non
2587 4912 2646 4963 tu
2696 4910 2810 4980 ipse
2871 4911 3081 4965 veneris
3127 4911 3435 4982 nobiscum,
3485 4929 3554 4968 ne
3600 4930 3689 4968 me

2038 5003 2240 5056 educas
2269 4999 2416 5054 hinc.
2448 4996 2699 5069 Vulgata
2728 5013 2862 5052 cum
2897 4999 3085 5053 verbis
3115 4999 3312 5055 Basilii
3344 5002 3638 5056 consentit
3671 5019 3684 5056 :

2039 5092 2102 5144 Si
2128 5106 2242 5144 non
2265 5094 2324 5143 tu
2354 5089 2472 5155 ipse
2516 5086 2787 5158 praecedas
2835 5103 2953 5158 nos,
2994 5104 3064 5143 ne
3104 5091 3308 5145 educas
3358 5106 3474 5146 nos.
3508 5090 3686 5145 Paulo

2043 5184 2175 5251 post
2203 5172 2597 5250 ἀνθρωπότητα
2628 5174 2910 5231 intellexit
2941 5175 3365 5234 humanitatem
3395 5197 3428 5233 a
3456 5178 3688 5232 Christo

2045 5265 2464 5323 assumendum
2499 5263 2808 5335 interpres,
2840 5266 3164 5334 scribens,«
3186 5273 3241 5321 et
3273 5267 3340 5321 ad
3380 5283 3689 5321 assumen-

2047 5357 2182 5411 dam
2215 5371 2248 5408 a
2277 5359 2391 5408 Deo
2424 5352 2613 5408 Verbo
2663 5352 3112 5420 humanitatem,
3147 5354 3451 5424 oportebat
3481 5355 3692 5426 typicis

2047 5443 2253 5515 ﬁguris
2287 5442 2681 5515 prmsignarizn
2717 5443 2910 5513 aptius
2933 5449 3123 5497 tamen
3148 5458 3334 5512 genus
3364 5442 3693 5500 humanum

2047 5532 2364 5604 intelliges.
2400 5533 2494 5588 Sic
2525 5531 2731 5587 homil.
2763 5533 2854 5600 3t,
2898 5533 2971 5586 De
3002 5531 3172 5585 libero
3214 5531 3443 5588 arbi:rio
3477 5549 3489 5587 ε
3527 5531 3690 5606 Ei'mp

2047 5623 2146 5697 γὰρ
2184 5619 2365 5694 ἴσχυεν
2417 5622 2450 5687 ἡ
2495 5626 2593 5688 τῆς
2640 5619 3061 5693 ἁνθρωπότητος
3099 5618 3255 5692 φύσις
3287 5617 3438 5682 ἐκτὸς
3469 5622 3567 5687 τῆς
3597 5625 3693 5675 τοῦ

3066 5710 3356 5782 lnterpres
3435 5711 3698 5785 Procopii
