4138 6216
440 389 599 452 1103

1635 370 1872 434 ΝΟΤιΈ
1915 366 2355 430 FRONTONIS
2405 362 2657 426 ΒΗΟᾸΞΙ
2722 351 2750 424 ί

3691 356 3830 415 1104

445 542 504 598 p.
536 521 632 579 lOl
672 536 688 576 :
723 541 751 570 «
783 515 1130 591 Figurisque
1154 510 1320 583 prius
1350 506 1617 564 homines
1664 517 2029 560 assuescere.
2068 521 2093 549 ι»
2124 503 2179 569 Α
2206 497 2537 568 virginitate
2569 496 2785 568 dogma
2809 493 3118 550 manifeste
3147 488 3691 553 confirmant.Quod
3711 505 3831 545 vero

519 612 646 670 Col.
684 609 788 664 439
818 590 864 663 Α
897 607 946 661 1.
973 603 1051 660 Ad
1081 600 1224 658 illud
1263 599 1500 671 quidem.
1534 594 1638 650 Hic
1680 594 1829 648 duas
1877 590 2090 647 omise-

451 707 543 760 rat
569 700 757 756 lineas
787 695 1065 751 librarius
1096 691 1354 746 codicem
1377 686 1620 759 Regium
1645 684 1706 740 F.
1733 680 2091 747 exscribens,

453 807 601 865 quas
641 788 840 844 Latine
889 796 1200 839 conversas
1244 774 1579 847 interpretis
1611 772 1800 828 verbis
1853 767 2097 824 inserui-

455 858 590 937 mus
626 895 638 932 :
675 876 776 932 sed
811 872 956 928 illud
988 872 1093 923 ποῦ
1126 868 1356 923 duabus
1379 863 1676 919 inclusum
1707 858 1949 929 virgulis
1980 873 2095 911 non

457 967 724 1041 agnoscit
753 964 962 1034 Regius
996 959 1089 1026 H.,
1121 973 1309 1028 neque
1339 954 1462 1026 ipse
1512 949 1827 1021 Procopius
1861 965 1917 1019 p.
1952 946 2045 1002 lOl
2083 961 2094 998 :

455 1058 544 1113 καὶ
575 1055 679 1130 ἐγὼ
710 1049 1051 1125 πορεύσομαι
1063 1088 1074 1101 .

529 1125 676 1202 Ibid.
716 1143 813 1198 443
863 1152 912 1194 Λ
946 1142 994 1194 1.
1030 1137 1131 1193 Sed
1189 1134 1329 1208 quod
1375 1134 1490 1188 toti.
1537 1135 1754 1185 Novam
1796 1125 2100 1198 periodum

456 1238 553 1293 hic
593 1233 900 1288 inchoarat
943 1228 1234 1298 interpres
1287 1226 1391 1278 hoc
1445 1221 1618 1276 modo
1656 1235 1668 1272 :
1704 1241 1731 1267 ‹‹
1768 1217 1872 1272 Per
1920 1230 2103 1270 unum

462 1336 758 1396 quemque
788 1319 1141 1390 perseverat.
1175 1311 1324 1378 Quin
1374 1313 1430 1364 et
1477 1305 1721 1377 collegio
1762 1304 1974 1373 cuique
2006 1317 2106 1372 ap-

465 1392 698 1484 pellatio
726 1424 833 1465 sua
863 1407 1239 1462 conservetur
1271 1418 1284 1456 :
1321 1421 1349 1448 ››
1376 1399 1477 1453 sed
1508 1392 1979 1451 emendationem
2004 1405 2110 1444 no-

466 1480 652 1557 stram
676 1513 810 1553 cum
833 1491 1365 1562 manuscripti,tum
1392 1488 1620 1542 Graecus
1635 1480 1898 1552 Procopii
1919 1483 2112 1534 textus

467 1589 779 1646 conﬁrmat
829 1599 964 1655 pag.
1001 1582 1101 1636 104
1139 1604 1158 1629 α
1197 1597 1209 1634 :
1247 1577 1410 1642 Quod
1461 1580 1517 1630 et
1549 1573 1794 1628 urbibus
1843 1568 1988 1655 ipsis
2028 1583 2115 1655 ac-

468 1679 660 1735 cidere
685 1653 972 1731 vider—nus.
998 1692 1026 1720 »
1061 1670 1219 1725 Idem
1252 1668 1539 1736 interpres
1565 1658 1826 1732 Procopii
1851 1653 2113 1710 ἀλλοιοὺ-

475 1786 632 1840 μενον
663 1761 824 1834 λόγον
855 1762 1024 1817 vertit
1054 1761 1333 1814 variatum
1361 1754 1448 1809 vel
1479 1754 1768 1807 mutatum.

541 1851 661 1908 Col.
720 1850 827 1903 455
973 1847 1055 1901 8.
1113 1843 1383 1938 Laudatio
1442 1841 1558 1895 Dei.
1635 1835 1994 1938 Scripslmus
2053 1849 2199 1938 exB

474 1944 705 2000 duobus
754 1936 949 2009 Regiis
1013 1933 1460 2006 μετονομάζεται,
1524 1945 1625 2000 pro
1687 1923 2122 1997 μετωνόμασται,

475 2031 630 2104 quod
681 2026 889 2083 habuit
945 2021 1355 2096 apographum
1416 2016 1646 2089 Anglic.
1691 2014 2126 2104 ApudﬁGrazcos

475 2099 848 2192 Etymologos
880 2113 998 2170 sive
1029 2113 1088 2168 in
1124 2109 1329 2180 Lexicp
1362 2109 1432 2163 de
1465 2105 1807 2162 nominibus
1829 2099 2127 2158 Hebraicis

478 2209 752 2281 legimus,
786 2199 1017 2259 Ἰουδαία
1067 2195 1568 2273 ἐξομολογουμένη.
1630 2200 1688 2250 S.
1738 2192 2127 2263 Hieronymus

477 2280 671 2354 inilib.
703 2295 778 2350 De
821 2291 1141 2349 nominibus
1190 2287 1472 2344 Hebraicis
1504 2302 1515 2340 :
1550 2285 1579 2340 J
1591 2283 1706 2338 uda
1736 2281 1982 2337 laudatio
2013 2280 2133 2334 sive

479 2386 746 2458 confessio
774 2401 788 2452 ;
821 2385 878 2438 et
906 2379 1155 2453 epistola
1183 2379 1253 2432 25
1288 2394 1300 2433 :
1326 2400 1353 2427 ‹‹
1388 2375 1447 2431 Si
1477 2375 1508 2431 J
1518 2374 1632 2430 uda
1660 2373 1929 2444 confessio
1961 2369 2136 2424 inter-

481 2457 763 2551 pretatur,
797 2471 1080 2527 confitens
1099 2472 1296 2523 autem
1330 2463 1524 2522 omnis
1556 2461 1757 2518 anima
1787 2457 2130 2516 credentis:-

482 2547 539 2622 οι
565 2565 626 2620 in
658 2565 836 2634 caput
863 2576 998 2614 xxvr
1027 2557 1192 2612 Isaias
1225 2571 1238 2611 :
1273 2577 1299 2604 «
1335 2552 1643 2609 Canticum
1693 2549 1850 2605 istud
1897 2547 1956 2602 in
1988 2553 2138 2600 terra

482 2655 633 2712 Juda
654 2653 772 2708 sive
800 2646 1188 2719 Judtea,quod
1219 2644 1643 2714 interpretatur
1675 2643 1993 2708 utrumque
2016 2651 2141 2690 con-

487 2745 668 2819 fessio.
705 2764 732 2791 ››
765 2749 864 2801 n11
895 2743 1068 2794 sonat
1092 2736 1308 2807 gratias
1338 2747 1522 2802 agere,
1563 2729 1834 2799 conﬁteri,
1889 2725 2136 2782 laudare.

493 2815 652 2892 Idem
687 2830 1073 2900 Hieronymus
1104 2825 1162 2879 in
1186 2819 1503 2877 Ezechielis
1527 2836 1656 2892 cap.
1675 2832 1857 2873 XLVII:
1885 2837 1912 2863 ‹‹
1936 2815 2144 2870 Dama-

495 2941 632 2982 scus
651 2919 895 2992 sanguis
917 2914 1092 2986 sacci,
1108 2917 1166 2970 et
1186 2911 1372 2969 osculi
1395 2909 1515 2966 sive
1532 2906 1748 2981 poculi,
1771 2929 1797 2955 »
1817 2908 1872 2962 et
1893 2920 2099 2959 rursus
2125 2920 2138 2957 :

498 3038 526 3066 «
561 3013 714 3068 inter
763 3011 1136 3071 Damascum,
1173 3002 1282 3057 hoc
1317 3003 1431 3072 est,
1475 2995 1822 3070 sanguinem
1864 2992 2057 3061 cilicii,
2088 2995 2145 3046 et

500 3098 822 3160 confinium
874 3096 1208 3152 Hematum.
1245 3112 1272 3141 »
1302 3091 1461 3146 Idem
1501 3089 1559 3144 in
1610 3103 1737 3160 cap.
1770 3102 1882 3139 xvn
1935 3082 2095 3139 Isaias
2127 3096 2140 3136 :

501 3216 530 3245 ‹‹
586 3192 911 3247 Damascus
972 3184 1393 3254 interpretatur
1425 3220 1440 3251 ,
1501 3178 1834 3248 sanguinem
1910 3172 2094 3228 bibens
2127 3215 2142 3243 ,

2202 589 2272 644 de
2302 586 2634 643 vulturibus
2666 584 2900 640 feminis
2931 582 3190 652 subjicit,
3222 581 3484 636 jElianus
3514 580 3689 635 etiam
3721 595 3836 634 nar-

2204 683 2313 744 rat,
2348 676 2452 732 lib.
2484 692 2549 742 u,
2581 691 2708 744 cap.
2745 675 2812 728 46
2859 675 2932 728 De
2977 672 3315 727 animalibus
3367 665 3528 744 εγῦπα
3570 664 3626 720 δὲ
3658 665 3837 741 item

2207 763 2268 820 οὔ
2296 785 2421 838 φασι
2451 764 2693 837 γενέσθαι
2736 761 2868 816 ποτε
2918 759 3083 830 ἀλλὰ,
3119 756 3345 829 θηλείας
3378 758 3584 817 ἀπάσαις
3619 773 3631 813 :
3665 781 3692 805 «
3725 758 3837 812 vul-

2206 863 2399 913 turem
2428 871 2543 909 non
2586 853 2749 908 nasci
2783 867 3001 906 marem
3036 850 3222 919 aiunt,
3246 850 3344 904 sed
3373 848 3622 903 feminas
3651 863 3840 902 omnes

2207 944 2472 1017 generari
2505 959 2517 997 :
2552 943 2804 997 adversae
2835 944 3034 996 austro
3057 938 3290 1005 volant;
3315 936 3403 994 vel
3437 939 3485 992 si
3517 943 3718 992 auster
3741 953 3843 991 non

2211 1036 2420 1108 Spirat,
2452 1035 2522 1089 ad
2557 1049 2766 1088 eurum
2815 1037 3052 1087 ventum
3101 1030 3220 1086 oris
3252 1028 3416 1084 hiatu
3451 1045 3514 1084 se
3541 1029 3801 1100 pandunt
3833 1046 3845 1082 :

2213 1124 2454 1196 spiritus
2480 1123 2632 1178 venti
2677 1121 2929 1175 inﬂuens
2959 1119 3119 1190 ipsas
3149 1117 3373 1190 implet.
3409 1138 3436 1167 »

2286 1212 2540 1268 001.469
2587 1212 2626 1266 C
2682 1211 2735 1265 6.
2798 1207 3120 1282 ’Δπώγωνα.
3181 1206 3628 1262 Emendandum
3680 1223 3747 1260 ex
3785 1206 3846 1260 Η.

2219 1303 2250 1356 ἃ
2280 1301 2537 1376 πώγωνα,
2585 1320 2609 1352 α
2660 1300 2793 1363 Quae
2843 1298 3087 1353 barbam
3135 1294 3473 1367 appellavit,
3519 1317 3547 1346 »
3602 1300 3669 1350 ut
3711 1295 3853 1366 apud

2221 1391 2592 1461 Procopium,
2643 1405 2698 1460 p.
2734 1387 2839 1442 420
2872 1405 2884 1442 :
2917 1384 3022 1440 Καὶ
3071 1385 3162 1438 τὸν
3209 1384 3463 1458 πώγωνα,
3501 1384 3742 1437 τουτέστι
3770 1383 3851 1436 τὸν

2221 1479 2357 1534 κατὰ
2387 1476 2541 1554 φύσιν
2593 1473 2896 1550 ἀνθρώποις
2944 1473 3218 1549 πρέποντα
3264 1471 3467 1545 κόσμον
3503 1491 3516 1505 ·
3557 1496 3584 1524 ‹‹
3617 1475 3690 1528 Et
3734 1474 3853 1528 bar-

2225 1570 2382 1637 bam,
2416 1567 2524 1622 hoc
2555 1570 2662 1632 est,
2687 1570 3117 1630 ornamentum,
3138 1564 3292 1634 quod
3319 1561 3666 1618 naturaliter
3688 1561 3857 1617 homi.

2227 1674 2331 1712 nes
2377 1657 2558 1712 decet.
2595 1677 2624 1704 ››
2655 1657 2946 1726 Interpres
2995 1652 3332 1723 scripserat,
3367 1673 3393 1700 «
3430 1651 3655 1722 absque
3699 1649 3860 1706 barba

2227 1747 2350 1801 fore
2380 1745 2544 1801 dixit.
2582 1766 2609 1793 »
2641 1748 2789 1799 Item
2831 1760 2956 1814 quae
3007 1748 3360 1813 sequuntur,
3391 1738 3424 1791 ἃ
3475 1738 3563 1792 ἐπὶ
3609 1742 3712 1803 τῆς
3736 1737 3860 1812 γενέ·

2228 1854 2362 1894 σεως
2385 1831 2608 1908 γίνεται,
2641 1837 2913 1898 verterat,
2944 1852 2971 1882 ι(
2994 1831 3321 1886 secundum
3347 1829 3711 1884 nativitatem
3743 1845 3860 1884 nos-

2231 1924 2307 1980 tri
2340 1921 2760 1978 Emmanuelis.
2798 1944 2818 1970 ι

2306 2011 2425 2068 Col.
2460 2013 2556 2066 471
2592 2011 2634 2066 C
2662 2011 2716 2064 9.
2747 2009 2894 2065 Mille
2923 2010 3078 2064 vites.
3108 2013 3254 2077 Non,
3286 2013 3350 2063 ut
3379 2008 3730 2064 Tilmannus
3757 2009 3866 2064 edi-

2236 2105 2422 2174 derat,
2454 2125 2482 2152 «
2517 2102 2675 2158 mille
2706 2101 2852 2156 vites
2883 2101 3279 2156 distraherent
3301 2099 3459 2154 mille
3489 2101 3674 2158 siclis.
3695 2122 3720 2149 ››
3745 2101 3868 2155 Pro-

2239 2194 2446 2266 copius
2475 2193 2641 2263 dixit,
2682 2193 2859 2247 ΙΙᾶσαν
2912 2187 3159 2262 ἄμπελον
3208 2188 3302 2245 κᾶν
3337 2189 3521 2244 σίκλον
3555 2185 3663 2264 ἔχῃ
3695 2192 3869 2261 τιμήν,

2243 2309 2271 2336 ‹‹
2304 2287 2550 2341 Omnem
2580 2286 2756 2340 vitem
2778 2285 3159 2355 quantumvis
3175 2283 3303 2339 sicli
3332 2285 3514 2355 pretio
3536 2286 3875 2339 aestimatam

2243 2376 2536 2430 desertam
2581 2378 2638 2429 et
2685 2372 2968 2428 incultam
3016 2374 3134 2428 fore
3173 2389 3186 2427 :
3224 2395 3243 2421 -
3281 2373 3460 2428 vitem
3505 2373 3665 2427 enim
3697 2373 3878 2443 aptius

2245 2464 2410 2519 reddi
2442 2459 2686 2533 ἄμπελον
2720 2465 2880 2533 puto,
2905 2477 3080 2532 quam
3112 2460 3364 2528 vineam,
3392 2476 3526 2517 cum
3555 2460 3718 2517 mille
3746 2463 3882 2517 vites

2247 2552 2406 2608 siclis
2440 2552 2726 2623 prOpheta
2755 2550 2966 2606 dixerit
3001 2550 3344 2606 aestimatas.

2322 2641 2438 2696 Col.
2474 2642 2578 2695 475
2616 2647 2662 2694 Α
2693 2641 2744 2694 8.
2779 2647 3011 2710 Propter
3051 2656 3260 2695 eorum.
3289 2640 3536 2712 Legerat
3583 2641 3644 2694 in
3689 2657 3798 2696 ms.
3834 2641 3884 2694 F.

2250 2731 2539 2801 interpres
2589 2725 2657 2781 δι’
2706 2725 2738 2781 ἃ
2783 2724 2844 2780 τὸ
2890 2724 3151 2794 εὐπειθὲς,
3193 2727 3434 2798 ideoque
3471 2733 3751 2794 verterat,
3785 2752 3812 2777 ‹‹
3839 2729 3889 2781 vi

2250 2817 2651 2889 intelligentiae
2680 2815 2862 2871 fuisse
2891 2832 2926 2870 a
2954 2815 3122 2870 nobis
3155 2816 3607 2888 deprehensum,
3638 2833 3741 2887 per
3770 2833 3887 2887 qua:

2253 2923 2368 2963 non
2401 2922 2614 2979 magno
2645 2904 2898 2977 negotio,
2933 2920 3059 2976 quas
3083 2905 3347 2974 subjecta
3367 2909 3524 2972 sunt,
3546 2906 3890 2976 persuaden-

2252 3001 2369 3066 tur,
2401 3017 2428 3046 »
2465 2995 2562 3050 sed
2597 2998 2888 3065 receptam
2918 2991 3225 3048 lectionem
3255 2997 3499 3048 tuentur
3526 2993 3593 3048 Η.
3627 2998 3690 3048 et
3725 2994 3888 3063 Angl.

2253 3089 2311 3141 et
2342 3083 2674 3155 exemplum
2721 3080 3061 3148 Ezechielis,
3113 3082 3266 3153 quod
3321 3081 3660 3152 subjicitur,
3695 3105 3723 3132 «
3778 3099 3892 3153 pro-

2255 3175 2441 3248 phetae
2474 3189 2605 3229 vero
2637 3170 2967 3228 obedientia
2996 3187 3030 3226 a
3059 3171 3228 3226 nobis
3259 3169 3624 3242 intelligitur.
3663 3194 3692 3221 ››

497 3285 600 3338 aut
625 3277 857 3347 sanguis
886 3274 1077 3330 cilicii.
1109 3290 1136 3323 ιι
1202 3271 1514 3342 Propterea
1571 3264 1930 3322 correximus
1959 3261 2132 3330 infra,

2321 3281 2439 3337 Col.
2474 3281 2576 3334 487
2608 3282 2652 3334 Α
2703 3280 2758 3333 9.
2801 3279 2863 3336 Ul
2903 3281 2953 3334 si
2996 3277 3304 3350 pertrahat.
3347 3275 3688 3348 Ἑλκόμενον
3736 3278 3888 3347 dixit,

499 3393 521 3422 ι
561 3368 958 3442 Superborum
1017 3364 1192 3434 caput
1246 3363 1337 3414 est
1386 3353 1760 3419 exsecrabile,
1793 3369 1858 3408 ac
1895 3350 2137 3423 plenum

492 3441 821 3532 sanguinis,
854 3475 881 3504 »
916 3469 1033 3507 non
1067 3454 1130 3505 ut
1161 3448 1474 3519 scripserat
1506 3443 1878 3508 Tilmannus,
1905 3462 1931 3490 «
1966 3441 2142 3512 caput

491 3555 581 3607 est
609 3530 849 3620 quidam
883 3538 1302 3614 sanguinarius
1327 3553 1339 3592 :
1365 3558 1391 3586 ››
1419 3549 1608 3604 neque
1630 3531 1786 3589 enim
1817 3530 1997 3584 homo
2028 3532 2139 3596 est,

493 3639 594 3696 sed
625 3619 826 3692 civitas
858 3629 1033 3704 Syriae
1065 3624 1344 3700 primaria
1372 3623 1718 3690 Damascus,
1757 3619 1920 3676 Isaiae
1950 3635 2050 3687 vn,
2083 3619 2136 3685 8,

494 3732 552 3787 et
580 3728 665 3782 ita
720 3723 780 3779 in
821 3720 1072 3792 Vulgata
1122 3715 1348 3772 Latina.
1401 3715 1621 3769 Rursus
1673 3709 2138 3774 emendavimus,

499 3843 528 3870 «
562 3833 666 3890 pro
697 3809 1060 3886 poenitentia,
1086 3823 1214 3881 quae
1245 3804 1636 3871 existimatur,
1662 3824 1688 3851 »
1711 3817 1827 3856 non
1855 3821 1882 3849 «
1902 3815 2005 3871 pro
2028 3813 2143 3870 poe-

501 3887 745 3966 nitentia
775 3899 1020 3958 solemni
1067 3902 1123 3954 et
1175 3897 1232 3951 in
1274 3911 1435 3952 more
1481 3891 1688 3965 posita.
1723 3910 1753 3943 »
1789 3889 1942 3946 Licet
1987 3887 2141 3944 enim

501 3996 657 4070 apud
689 3989 1083 4048 Herodianum
1117 3985 1188 4046 ὡς
1234 3983 1520 4056 νομίζουσι
1551 3981 1813 4052 Ῥωμαῖοι
1844 3977 2050 4048 valeat,
2084 3984 2144 4032 ut

501 4066 760 4144 Romanis
787 4097 900 4136 mos
938 4087 1036 4147 est,
1092 4080 1150 4133 et
1191 4074 1251 4128 τὸ
1282 4070 1644 4146 νομιζόμενον
1687 4070 1781 4136 sit,
1818 4091 1846 4118 ‹‹
1897 4067 2052 4139 quod
2083 4066 2141 4120 in

499 4191 660 4234 more
692 4171 949 4246 positum
981 4170 1070 4224 est
1102 4183 1114 4222 :
1152 4186 1178 4214 ››
1211 4180 1345 4220 cum
1378 4166 1574 4218 tamen
1614 4160 1896 4231 sequatur
1926 4153 2022 4209 οὐκ
2053 4152 2144 4208 οὗ-

499 4287 591 4321 σαν
623 4243 1004 4330 δὶνάληθινήν,
1055 4254 1266 4310 melius
1300 4251 1636 4323 accipietur,
1670 4253 1734 4302 ut
1785 4249 1952 4302 sonet
1980 4243 2141 4317 νομί-

499 4363 676 4427 ζεσοαι
728 4346 1072 4416 existimari,
1107 4343 1320 4416 putari,
1357 4345 1420 4397 ut
1450 4342 1506 4396 in
1555 4337 1794 4395 concilio
1825 4335 2146 4407 Gangrensi

506 4422 636 4502 can.
685 4443 798 4498 42:
852 4435 923 4494 Ei’
971 4455 1055 4496 τις
1102 4430 1311 4506 ἀνδρῶν
1359 4427 1446 4484 διὰ
1493 4427 1860 4500 νομιζομένην
1921 4422 2142 4494 ἄσκησιν

497 4527 836 4610 περιϐολαίῳ
866 4532 1092 4602 χρῆταιο
1131 4546 1159 4574 (ί
1191 4523 1251 4579 Si
1286 4521 1419 4594 quis
1453 4518 1540 4574 vir
1569 4521 1804 4592 prOpter
1834 4532 1983 4586 eam,
2017 4531 2143 4587 quae

499 4606 888 4684 existimatur,
921 4612 1391 4671 exercitationem
1425 4608 1674 4665 amiculo
1707 4606 1908 4663 utitur.
1944 4627 1971 4657 »

571 4727 689 4786 Col.
724 4726 827 4781 463
871 4725 917 4779 A
945 4723 999 4777 7.
1042 4720 1313 4789 Quoniam
1372 4733 1444 4772 ea:
1487 4718 1713 4772 semine.
1767 4714 1896 4769 Haec
1939 4711 2142 4768 addita

501 4825 642 4879 sunt
669 4813 920 4874 versioni
948 4807 1265 4878 Tilmanni,
1290 4806 1569 4880 quoniam
1600 4809 1656 4860 et
1686 4803 1886 4859 Graeca
1914 4801 2144 4858 inclusa

498 4907 745 4981 virgulis
776 4905 1018 4961 aberant
1048 4918 1081 4955 a
1111 4899 1288 4971 Regio
1319 4913 1430 4952 ms.
1468 4896 1527 4951 F.
1561 4899 1616 4951 et
1644 4893 1704 4948 in
1735 4893 2141 4965 sequentibus,

497 5000 559 5054 τὸ
591 4995 800 5071 διὲφερι
829 4993 908 5049 sic
939 4988 1490 5062 accepitinterpres,
1515 4989 1580 5040 ut
1612 4988 1846 5040 sonaret
1877 4982 2143 5038 eminen-

495 5087 781 5156 tiam,hoc
812 5085 1038 5156 pacto,«
1071 5076 1273 5134 domui
1309 5073 1620 5146 David,hoc
1641 5073 2040 5142 est,Dominus
2060 5088 2145 5127 se-

499 5181 759 5236 cundum
778 5188 1038 5241 carnem,
1057 5168 1209 5241 quod
1232 5164 1639 5237 praeminebat
1655 5163 1715 5217 in
1731 5161 2000 5217 universa
2016 5177 2146 5231 cog-

497 5270 732 5329 natione
757 5261 1140 5333 David,idque
1157 5257 1415 5332 faustum
1431 5253 1681 5325 felixque
1704 5254 1979 5308 nuntium
2002 5261 2140 5308 esl.»

569 5377 688 5434 Col.
727 5375 832 5429 466
862 5376 908 5424 Λ
936 5370 991 5424 5.
1025 5369 1205 5423 Etiam
1241 5371 1552 5435 postquam.
1597 5359 1730 5415 Haec
1778 5358 1979 5414 addita
2009 5363 2148 5413 sunt

499 5464 751 5525 versioni
810 5461 1028 5517 Latinae
1076 5457 1148 5511 ob
1189 5457 1385 5509 Graeca
1433 5465 1499 5504 ex
1548 5449 1805 5518 Anglicis
1850 5449 2148 5503 codicibus

501 5559 742 5624 inserta,
773 5551 911 5607 licet
943 5566 976 5604 a
1003 5545 1198 5617 Regiis
1231 5541 1464 5597 duobus
1517 5539 1795 5593 abessent
1827 5553 1839 5592 :
1874 5535 1961 5588 καὶ
2018 5534 2151 5606 μετὰ

502 5647 563 5699 τὸ
592 5622 834 5717 γενέσθαι
872 5634 1081 5710 μητέρα
1113 5629 1188 5686 ἔτι
1215 5629 1481 5702 παρθένος
1521 5622 1867 5696 διαμένουσα,
1901 5643 2028 5696 qum
2060 5642 2148 5680 re-

503 5714 738 5804 ceptum
785 5729 857 5784 de
904 5729 1184 5798 perpetua
1230 5717 1614 5775 sanctissimis
1657 5714 1912 5786 Virginis
1944 5715 2150 5770 matris

2249 3387 2365 3426 non
2409 3365 2661 3431 ἕλκοντα,
2709 3372 2774 3423 ut
2817 3366 3087 3439 exigebat
3136 3367 3541 3438 interpretatio
3575 3367 3890 3434 Tilmanni,

2249 3481 2278 3511 ‹‹
2311 3475 2416 3515 nec
2446 3475 2582 3514 eum
2613 3456 2912 3529 pertrahat
2939 3457 3010 3511 ad
3045 3455 3368 3510 tribunalia
3387 3456 3806 3527 judicum,qui
3838 3473 3896 3512 se

2250 3549 2472 3604 exuerit
2501 3545 2589 3602 vel
2610 3544 2830 3601 tunica.
2868 3567 2888 3594 ι
2924 3543 3148 3600 Alludit
3168 3544 3450 3600 nimirum
3480 3545 3554 3599 ad
3580 3545 3731 3600 illud
3755 3549 3885 3598 Mat-

2249 3639 2384 3695 thmi
2416 3656 2472 3710 ν,
2521 3639 2628 3694 40:
2661 3633 2760 3688 Καὶ
2807 3638 2885 3705 τῷ
2934 3632 3147 3697 θέλοντι
3197 3641 3476 3707 κριθῆναι,
3526 3635 3616 3689 καὶ
3669 3636 3760 3689 τὸν
3804 3653 3895 3708 χι-

2248 3725 2393 3783 τῶνά
2450 3747 2545 3781 σου
2603 3718 2814 3794 λαϐεῖν,
2872 3724 3001 3801 ἄφες
3058 3723 3206 3795 αὐτῷ
3263 3724 3349 3777 καὶ
3403 3723 3466 3777 τὸ
3524 3724 3781 3796 ἱμάτιον
3836 3727 3893 3779 Et

2249 3819 2346 3891 qui
2374 3817 2492 3872 vult
2519 3824 2693 3871 tecum
2718 3814 2776 3868 in
2798 3813 3016 3882 judicio
3039 3812 3378 3881 contendere,
3400 3821 3453 3869 et
3471 3815 3722 3868 tunicam
3749 3816 3895 3867 tuam

2253 3909 2466 3973 tollere,
2498 3905 2715 3960 dimitte
2742 3904 2797 3958 ei
2824 3909 2880 3958 et
2897 3903 3156 3974 pallium.
3182 3906 3409 3957 Rursus
3439 3903 3598 3972 quod
3633 3903 3897 3972 sequitur

2257 3991 2752 4072 βλασφημούμενον
2785 3987 3120 4064 παρακαλενῖ
3149 3995 3418 4059 verterat,
3457 4013 3478 4039 ι
3513 3994 3580 4045 ut
3620 3990 3892 4063 blasphe-

2254 4105 2417 4145 mum
2450 4088 2806 4151 cohortetur,
2841 4088 2898 4139 et
2928 4100 3029 4156 pro
3059 4100 3126 4139 eo
3159 4089 3321 4156 roget
3353 4101 3366 4139 :
3401 4105 3429 4133 ››
3461 4085 3624 4156 alqui
3659 4085 3785 4140 hec
3815 4099 3898 4139 ex-

2254 4195 2456 4252 pressa
2485 4179 2624 4232 sunt
2654 4190 2723 4229 ex
2754 4174 2944 4228 verbis
2974 4172 3233 4244 Apostoli
3266 4177 3286 4225 I
3311 4177 3437 4228 Cor.
3467 4189 3541 4239 1v,
3579 4174 3647 4227 13
3685 4192 3698 4228 :
3732 4173 3897 4246 βλασ-

2254 4264 2601 4344 φημούμενοι
2651 4264 3094 4337 παρακαλοῦμεν,
3128 4262 3595 4332 blasphemamur,
3650 4271 3709 4318 et
3754 4263 3898 4318 obsc-

2253 4375 2282 4413 ε
2285 4373 2472 4413 ramus
2481 4397 2494 4410 .

2325 4446 2473 4501 Ibid.
2507 4445 2546 4498 Ο
2579 4445 2629 4498 4.
2663 4444 2755 4498 Est
2799 4456 2923 4496 vero
2969 4456 3249 4511 magnum.
3304 4441 3599 4511 Interpres
3651 4439 3902 4511 scripse-

2255 4541 2345 4592 rat
2373 4553 2385 4591 :
2419 4558 2446 4586 «
2481 4533 2680 4590 Timor
2711 4531 2869 4586 enim
2892 4530 2986 4584 Dei
3015 4530 3336 4585 maximum
3367 4534 3456 4585 est
3487 4535 3899 4601 argumentum

2172 4628 2220 4694 D
2251 4626 2366 4692 his,
2395 4623 2495 4696 qui
2519 4621 2869 4677 adnituntur
2891 4620 2962 4674 ad
2987 4618 3327 4674 sectandam
3347 4618 3769 4689 perfectionem
3795 4634 3904 4672 ser-

2245 4719 2378 4769 vato
2425 4718 2625 4768 tenore
2675 4707 3022 4778 disciplinas.
3061 4729 3088 4756 ››
3124 4705 3273 4762 Illud
3324 4723 3480 4777 vero,
3527 4706 3712 4761 πάντα
3753 4725 3902 4759 κατα·

2249 4804 2527 4871 πτήσσειν,
2559 4798 2776 4854 locutio
2809 4801 2897 4852 est
2928 4800 3209 4867 usurpata
3241 4795 3418 4851 etiam
3452 4813 3485 4850 a
3515 4796 3904 4868 Septuaginta

2250 4891 2519 4949 Proverb.
2576 4903 2777 4955 xxvm,
2836 4885 2904 4940 44
2958 4902 2970 4940 :
3032 4883 3308 4956 Μακάριος
3365 4883 3530 4953 ἀνὴρ,
3595 4884 3657 4945 ὃς
3716 4904 3900 4938 κατα-

2251 4982 2477 5050 πτήσσει
2530 4975 2696 5030 πάντα
2745 4971 2812 5028 δι’
2858 4965 3160 5028 εὐλάϐειαν*
3225 4975 3423 5029 Beatus
3475 4975 3561 5029 vir
3608 4975 3712 5045 qui
3759 4977 3901 5029 timet

2252 5071 2437 5128 omnia
2467 5069 2528 5124 ob
2557 5062 3176 5134 cautionem.Sequitur
3197 5063 3341 5118 ibid.
3373 5061 3537 5119 locus
3573 5065 3743 5119 Isaiae
3765 5064 3898 5117 cita-

2253 5165 2353 5216 tus
2384 5175 2498 5214 non
2532 5161 2595 5211 ut
2635 5169 2948 5224 expressus
2991 5157 3077 5207 est
3106 5170 3140 5207 a
3172 5151 3328 5222 LXX,
3353 5151 3514 5207 Isaias
3549 5169 3756 5220 xxvm,
3797 5152 3894 5205 l6:

2257 5246 2396 5306 Ἰδοὺ
2433 5246 2540 5321 ἐγὼ
2600 5239 2830 5318 ἐμϐαλῶ
2885 5241 2964 5303 εἷς
3005 5240 3072 5294 τὰ
3119 5239 3345 5312 θεμέλια
3405 5241 3570 5310 Σιών,
3629 5245 3769 5298 Ecce
3812 5257 3900 5309 ego

2259 5340 2556 5396 immittam
2587 5339 2647 5391 in
2666 5333 3029 5406 fundamenta
3059 5332 3191 5386 Sion
3214 5348 3225 5386 :
3252 5332 3355 5386 sed
3390 5336 3453 5387 ut
3482 5333 3703 5388 citatus
3732 5337 3819 5387 est
3838 5330 3900 5384 ab

2257 5425 2532 5500 Apostolo
2563 5425 2807 5480 Roinan.
2845 5439 2920 5491 1x,
2953 5422 3022 5475 33
3053 5438 3065 5476 :
3102 5416 3241 5473 Ἰδοὺ
3273 5417 3376 5495 ἐγὼ
3423 5420 3616 5491 τίθημι
3652 5419 3708 5473 ἐν
3745 5418 3897 5472 Σιών.

2330 5535 2451 5590 Col.
2485 5533 2585 5587 494
2618 5531 2658 5586 B
2689 5532 2743 5584 6.
2777 5531 2844 5585 Et
2893 5528 3127 5583 Galilaei.
3162 5527 3290 5582 Non
3329 5527 3522 5583 solum
3556 5528 3774 5593 idiotis,
3807 5524 3894 5579 sed

2261 5631 2317 5681 et
2350 5624 2584 5679 natione
2613 5619 2856 5686 Galilaei,
2880 5633 2995 5672 non
3019 5617 3387 5688 utinterpres
3409 5618 3690 5684 dixerat,«
3716 5616 3894 5670 idiotas

2262 5714 2479 5788 quippe
2509 5708 2779 5766 homines
2821 5705 3060 5763 Galilei.
3097 5727 3125 5756 »
3156 5707 3248 5762 Sic
3291 5706 3545 5762 Matthaei
3591 5722 3749 5775 xxvx,
3788 5704 3887 5756 69:
