4138 6216
299 351 453 412 1105

1515 357 1592 415 ΙΝ
1639 355 2042 415 ΟΟΜΜΕΝῬ.
2091 354 2164 413 ΙΝ
2211 355 2506 416 lSAlAM.

3561 357 3723 417 1106

293 485 368 537 Et
402 486 463 538 tu
495 500 623 539 cum
668 489 803 542 Iesu
848 485 1094 544 Galilzo
1141 504 1283 544 eras.
1316 490 1463 545 Nam
1490 493 1549 544 et
1579 487 1797 558 loquela
1852 490 1949 542 tua
1981 489 2036 556 Α
2067 487 2286 542 mentio
2318 487 2393 543 ΙΙΙ
2426 488 2649 560 Regum
2683 490 2846 560 ιν,24
2867 492 2963 544 :Et
2993 488 3224 543 habebat
3250 503 3447 559 pacem
3478 505 3548 544 ex
3569 488 3726 545 omni

290 574 658 643 manifestum
687 582 739 630 te
765 578 923 647 facit.
955 579 1017 632 In
1051 593 1224 649 quem
1274 577 1469 632 locum
1518 577 1909 648 Hieronymus
1941 592 1954 632 :

300 679 327 712 ι
359 663 519 725 Quod
552 679 919 736 unaquaeque
948 667 1249 736 provincia
1278 672 1334 722 et
1364 666 1522 738 regio
1561 665 1775 721 habeat
1825 682 1958 736 pro-

296 749 578 819 prietates
611 769 770 823 suas,
808 762 860 808 et
890 756 1270 811 vernaculum
1299 755 1574 827 loquendi
1610 755 1849 809 modum
1882 754 1958 808 vi-

297 845 425 894 tare
453 857 567 895 non
601 843 822 912 possit;
857 865 886 894 »
914 848 970 900 et
1011 844 1178 900 Luca;
1229 862 1369 910 χχιι,
1398 845 1490 915 59,
1529 861 1661 900 nam
1706 853 1758 900 et
1808 844 1958 900 Gali-

301 929 442 983 laeu:
477 938 579 986 est.
610 931 908 1004 Josephus
939 939 1154 1000 autem,
1189 934 1290 990 lib.
1325 952 1386 990 ιιι
1416 935 1489 989 De
1520 935 1681 1002 bello,
1715 951 1841 1006 cap.
1874 934 1909 986 2
1941 949 1955 988 :

301 1014 566 1090 Μάχιμοί
615 1038 673 1072 τε
721 1020 824 1093 γὰρ
880 1019 939 1074 ἐκ
980 1020 1190 1091 νηπίων
1223 1023 1312 1076 καὶ
1344 1020 1548 1077 πολλοὶ
1595 1020 1823 1076 πάντοτε
1856 1026 1956 1075 Γα-

301 1102 537 1178 λιλαῖοι,
567 1106 656 1161 καὶ
702 1104 825 1163 οὔτε
876 1107 1054 1164 δειλία
1101 1112 1232 1165 ποτὲ
1277 1110 1404 1173 τοὺς
1437 1108 1658 1187 ἄνδρας,
1686 1107 1809 1166 οὔτε
1840 1108 1957 1164 λει-

298 1191 560 1268 πανδρεία
587 1196 686 1264 τήν
732 1197 922 1273 χώραν
972 1199 1252 1276 κατέσχενο
1288 1206 1649 1273 «Pugnaces
1697 1204 1840 1256 sunt
1885 1201 1957 1255 ab

2065 581 2222 648 parte
2253 578 2310 632 in
2341 579 2600 634 circuitu.

2140 666 2257 721 Col.
2290 667 2396 722 515
2444 668 2485 722 Β
2533 669 2618 722 13.
2654 670 2817 723 Parte
2875 669 3044 722 enim.
3107 667 3224 722 Hoc
3281 666 3601 722 maluimus
3649 667 3721 722 ad

2067 756 2685 828 verbum,quamillud
2713 755 3722 829 interpretis,«Portiunculamenim

2072 846 2258 902 tribus
2285 847 2563 902 Davidicae
2589 845 2760 900 nihili
2783 847 3084 912 ducentes,
3103 850 3386 916 tanquam
3412 862 3540 918 quae
3563 844 3726 902 nullo

2069 937 2301 1005 negotio
2328 935 2544 991 aboleri
2569 940 2787 1007 posset,
2813 941 2870 991 et
2901 935 3137 1008 opprimi
3164 951 3179 1003 ;
3209 935 3346 990 licet
3375 935 3598 1008 regiam
3629 935 3727 990 ob-

2067 1025 2279 1096 tineret
2303 1025 2669 1097 dignitatem.
2698 1047 2725 1074 »
2748 1031 2948 1097 Neque
2969 1026 3123 1081 enim
3149 1041 3324 1081 unam
3348 1025 3567 1080 tribum
3591 1040 3726 1098 pos-

2069 1114 2299 1169 sidebat
2319 1115 2528 1170 domus
2552 1114 2757 1185 David,
2778 1115 2877 1170 sed
2906 1115 3053 1170 duas
3076 1115 3290 1182 tribus,
3313 1114 3469 1170 Juda
3498 1118 3554 1168 et
3585 1115 3728 1169 Ben-

2066 1203 2278 1274 jamin,
2305 1208 2438 1274 post
2466 1204 2850 1260 defectionem
2887 1205 3088 1260 decem
3124 1203 3542 1274 aliarum,quae
3572 1203 3730 1258 dixe-

301 1284 558 1341 inlantia
589 1287 830 1355 Galiliei,
865 1293 922 1344 et
951 1291 1111 1346 omni
1162 1296 1425 1362 tempore
1474 1290 1738 1362 plurimi,
1770 1305 1960 1360 neque
2071 1297 2206 1349 rant
2241 1294 2287 1348 ll
2322 1292 2674 1364 Paralipom.
2708 1311 2766 1362 x,
2801 1295 2866 1348 16
2897 1311 2910 1350 :
2941 1295 3058 1350 Non
3090 1302 3169 1349 est
3189 1293 3345 1349 nobis
3370 1308 3501 1365 pars
3529 1294 3586 1348 in
3621 1292 3724 1346 Da-

305 1381 408 1428 aut
441 1377 693 1432 formido
725 1394 986 1449 unquam
1010 1380 1187 1448 viros,
1208 1386 1310 1436 aut
1331 1381 1588 1436 virorum
1609 1379 1855 1452 penuria
1875 1395 1959 1432 re-

303 1463 512 1534 giones
545 1464 676 1520 illas
708 1467 1033 1538 occupavit.
1069 1491 1096 1517 »

370 1569 491 1626 Col.
526 1571 631 1625 499
661 1572 706 1626 D
736 1574 786 1626 5.
824 1575 992 1646 Atque
1039 1575 1144 1631 illi
1188 1577 1426 1648 quidem.
1468 1582 1526 1631 In
1571 1575 1744 1647 Regio
1783 1578 1841 1628 F.
1877 1574 1961 1628 la-

299 1676 451 1714 cuna
482 1665 625 1727 erat,
655 1663 806 1733 quod
841 1664 990 1720 duas
1021 1664 1208 1721 lineas
1245 1666 1526 1722 librarius
1559 1662 1965 1737 praetermisis-

2071 1384 2186 1453 vid,
2217 1399 2399 1453 neque
2427 1383 2725 1439 haereditas
2754 1386 2813 1438 in
2843 1385 2960 1454 ﬁlio
2989 1384 3185 1438 Israel.

2141 1489 2258 1544 Col.
2288 1491 2394 1544 527
2422 1495 2456 1541 Β
2507 1490 2561 1543 9.
2596 1490 3072 1562 Appmpinquabo.
3109 1494 3227 1546 Hoc
3271 1489 3398 1545 sine
3440 1490 3725 1560 interpre-

2072 1577 2292 1634 tatione
2335 1577 2694 1633 transilierat
2736 1577 3104 1650 Tilmannus,
3138 1579 3293 1649 quod
3342 1579 3621 1634 mendose
3662 1577 3724 1632 in

2074 1672 2322 1739 utroque
2360 1667 2536 1738 Regio
2569 1668 2696 1722 cod.
2731 1667 3040 1740 legeretur,
3087 1663 3302 1738 μᾶλλον
3330 1665 3366 1734 ἢ
3391 1664 3496 1740 οὐχ
3520 1664 3722 1735 ἥττων,

298 1753 411 1811 set,
463 1765 611 1820 quas
655 1767 720 1805 ex
766 1752 834 1806 H.
887 1762 938 1807 et
985 1755 1210 1826 Anglic.
1261 1755 1631 1811 restituimus
1678 1759 1734 1808 et
1765 1753 1953 1808 Greece

2074 1773 2175 1826 pro
2204 1752 2417 1826 μᾶλλον
2449 1755 2482 1824 ἣ
2519 1756 2546 1808 ὁ
2569 1756 2758 1829 χιτών.
2776 1756 3194 1812 Verumtamen
3228 1755 3564 1827 opelndz’cis
3579 1754 3727 1810 Grae-

300 1838 510 1905 textui,
542 1843 598 1894 et
628 1841 958 1912 interpreti,
987 1861 1172 1914 usque
1203 1845 1273 1900 ad
1332 1844 1433 1899 illa
1480 1845 1672 1911 verba,
1707 1865 1734 1892 ‹‹
1768 1842 1868 1914 qui
1900 1841 1958 1895 in
1991 1875 2036 1939 Β
2072 1848 2125 1900 ci
2157 1845 2537 1900 Kirchmanni
2573 1847 2671 1900 diu
2694 1847 2977 1917 quaesitus
3009 1846 3104 1900 hic
3135 1845 3300 1901 locus
3332 1861 3434 1916 per
3462 1843 3728 1916 singulas

300 1943 554 1983 errorem
591 1929 987 2000 pelliciuntur.
1010 1955 1035 1980 ››
1071 1933 1351 1989 Caeterum
1383 1934 1501 1988 haec
1533 1951 1563 1988 a
1595 1933 1833 1988 Tarasio
1854 1948 1949 2003 pa-

298 2017 560 2074 triarcha
581 2019 838 2074 citantur
867 2022 924 2075 in
952 2023 1122 2094 epist.
1157 2024 1230 2079 De
1258 2023 1721 2093 ordinationibus,
1756 2039 1812 2093 p.
1851 2022 1950 2075 193

294 2105 460 2161 Juris
490 2109 965 2164 Graeco-Romani
1005 2128 1018 2166 :
1051 2113 1212 2164 τοῦτο
1252 2111 1352 2185 γάρ
1401 2109 1510 2165 ἐστι
1560 2110 1622 2164 τὸ
1651 2106 1951 2183 καταγέλα-

295 2213 443 2252 nov.
481 2197 619 2251 Vide
651 2196 824 2252 etiam
863 2199 1203 2272 Procopium
1239 2202 1298 2255 in
1333 2201 1488 2256 hunc
1522 2200 1736 2256 locum.
1771 2197 1950 2254 Paulo

293 2283 451 2341 infra
478 2287 670 2355 afﬂixi
693 2303 785 2343 vos
816 2305 834 2342 :
866 2289 986 2345 haec
1019 2290 1294 2346 alludunt
1321 2293 1391 2347 ad
1424 2291 1570 2346 illud
1602 2291 1955 2345 Deuterono-

293 2374 398 2428 ωίί
452 2391 578 2441 VIII,
629 2377 664 2431 3
715 2393 727 2432 :
785 2376 883 2429 Καὶ
949 2380 1234 2452 μνησθήσῃ
1290 2385 1462 2433 πᾶσαν
1517 2380 1618 2448 τὴν
1678 2374 1824 2444 ὁδὸν,
1886 2376 1948 2443 ἣν

288 2460 466 2537 ἤγαγέ
544 2483 602 2518 σε
666 2465 866 2539 Κύριος
912 2467 940 2521 ὁ
1005 2467 1136 2528 Θεός
1206 2489 1300 2522 σου
1359 2467 1414 2522 ἐν
1467 2472 1533 2540 τῇ
1598 2466 1813 2539 ἐρήμῳ,
1863 2464 1952 2518 καὶ

291 2549 536 2605 ἐκάκωσὲ
588 2573 666 2618 σε,
696 2555 786 2608 καὶ
846 2554 1260 2631 ἐλιμαγχὸνησὲ
1315 2565 1401 2610 ee‘
1455 2562 1528 2613 Et
1587 2556 1956 2614 recordaberis

294 2645 475 2697 omnis
527 2644 650 2713 viae,
687 2663 783 2708 per
825 2663 990 2716 quam
1038 2647 1204 2702 duxit
1247 2653 1299 2703 te
1328 2649 1588 2703 Domiuus
1633 2657 1754 2702 tuus
1780 2649 1840 2701 in
1871 2645 1958 2700 de-

299 2735 473 2800 serto,
497 2742 550 2787 et
580 2736 792 2803 afﬂixit
823 2745 895 2800 le,
927 2744 981 2790 et
1007 2735 1199 2808 affecit
1224 2741 1280 2790 te
1306 2742 1478 2806 fame.

372 2837 496 2894 Col.
527 2839 636 2893 508
664 2845 708 2894 Β
735 2841 790 2894 8.
823 2843 1038 2913 Accepit
1061 2844 1308 2913 signum.
1341 2844 1489 2910 Non,
1527 2866 1556 2893 «
1603 2859 1669 2898 ex
1718 2857 1959 2912 compa-

301 2935 394 2982 cto
427 2927 716 2983 indictum
753 2931 1178 3001 curriculum,»
1197 2939 1261 2989 ut
1284 2938 1456 2989 antea
1487 2932 1821 3004 legebatur:
1844 2928 1962 2982 σύν-

308 3015 464 3085 θημα
516 3019 671 3072 enim
713 3019 808 3074 hic
852 3037 965 3076 non
1022 3027 1229 3092 sonat,
1283 3046 1309 3073 α
1361 3027 1732 3093 compactum
1786 3042 1814 3069 »

314 3125 343 3157 α
375 3110 794 3178 compositum,
825 3133 845 3159 ι
869 3113 968 3167 sed
1002 3111 1258 3186 ἀφορμῆς
1287 3116 1580 3183 σημεῖον,‹‹
1616 3112 1849 3182 signum
1874 3125 1963 3164 ex-

301 3195 602 3252 cursionis
625 3197 990 3271 inchoandas,
1012 3223 1039 3250 »
1061 3207 1126 3257 ut
1148 3204 1301 3273 apud
1334 3202 1646 3274 Virgilium
1674 3200 1954 3255 v/Eneida
1989 3241 2032 3307 Ο

447 3409 513 3445 ._.
552 3411 566 3445 ._
603 3410 614 3422 .
651 3410 663 3445 .
703 3412 714 3427 .
753 3412 768 3445 .
804 3413 814 3424 .
848 3374 1070 3443 signum
1097 3374 1337 3429 clamore
1360 3375 1573 3445 paratis

438 3441 720 3512 Aipilydes
751 3441 913 3514 longe
935 3445 1102 3511 dedit,
1136 3441 1492 3516 insonuitque
1521 3443 1772 3516 ﬂagello,

289 3612 350 3664 et
383 3611 540 3680 apud
574 3610 971 3670 Herodianum
1004 3613 1106 3671 lib.
1144 3633 1184 3670 ιι
1219 3632 1230 3670 :
1267 3615 1466 3675 Πάντες
1508 3611 1587 3687 ἐφ’
1621 3610 1695 3664 ἑνὶ
1743 3610 1942 3678 συνθή-

295 3717 427 3768 ματι
461 3694 957 3771 συλλαμϐάνονται·
985 3727 1012 3753 ‹‹
1047 3708 1261 3760 Omnes
1293 3721 1405 3759 uno
1435 3705 1568 3757 dato
1591 3702 1758 3772 signo
1782 3715 1940 3754 com-

292 3787 766 3857 Prehenduntur.
800 3813 828 3842 »
865 3793 1202 3865 Procopius,
1238 3811 1294 3864 p.
1330 3793 1431 3847 145
1464 3809 1476 3845 :
1506 3788 1745 3862 Δρομεὺς
1777 3783 1834 3841 δὲ
1865 3784 1937 3839 ὢν

290 3874 511 3949 ἀγαθὸς,
546 3878 658 3950 ἅμα
686 3883 766 3950 τῷ
816 3882 1117 3952 συνθήματι
1165 3881 1299 3955 πρὸς
1349 3879 1410 3934 τὸ
1453 3877 1610 3938 τέλος
1662 3875 1937 3952 ἠπείγετο.

290 3987 320 4014 ‹‹
347 3964 491 4022 Cum
526 3983 658 4023 vero
682 3985 882 4026 cursor
898 3971 1089 4027 bonus
1111 3976 1290 4041 esset,
1313 3971 1384 4026 ad
1408 3971 1584 4025 finem
1609 3969 1744 4024 dato
1771 3966 1939 4039 signo

287 4052 661 4127 properabat.
689 4080 719 4108 »

362 4161 480 4218 Col.
513 4165 613 4220 511
648 4164 690 4220 B
719 4167 773 4220 7.
807 4166 990 4224 Induit
1030 4169 1199 4224 enim.
1230 4167 1652 4239 Corrigendum
1691 4163 1940 4219 inGras-

288 4267 358 4305 co
404 4257 566 4308 textu
614 4271 680 4309 ex
731 4272 842 4311 ms.
874 4261 943 4311 H.
977 4256 1037 4313 F.
1073 4252 1318 4312 Ἐνὶδυσε
1369 4255 1470 4330 γάρ
1535 4273 1620 4326 με,
1670 4274 1699 4302 ‹‹
1749 4253 1944 4308 induit

287 4340 449 4394 enim
483 4357 596 4396 me.
624 4365 652 4391 »
675 4343 790 4398 Nec
821 4345 989 4400 aliter
1009 4345 1260 4416 Vulgata
1302 4344 1488 4399 Biblia
1521 4341 1680 4398 Isaiae
1709 4357 1816 4408 LXI,
1852 4341 1941 4409 10,

289 4429 394 4484 sed
429 4446 534 4500 pro
566 4429 897 4505 εὐφροσύνης
928 4435 1285 4490 existimavit
1315 4435 1603 4504 interpres
1634 4448 1695 4486 se
1733 4429 1942 4500 legisse

292 4513 667 4588 δικαιοσύνης,
699 4521 898 4593 itaque
929 4525 1332 4589 scribendum,
1369 4545 1396 4573 α
1445 4527 1501 4577 et
1553 4521 1754 4577 tunica
1795 4519 1940 4574 laeti-

293 4607 412 4677 tiis,
449 4627 475 4658 ι
511 4614 576 4665 ut
609 4611 764 4682 apud
795 4613 1142 4684 Procopium
1173 4630 1230 4685 p.
1267 4613 1393 4668 148.

369 4715 492 4771 Col.
574 4718 681 4772 513
761 4719 798 4774 Β
886 4721 938 4774 1.
1007 4719 1394 4775 Dirimerelur.
1459 4711 1955 4788 Συναπαρτίζεσθαι

300 4806 459 4862 idem
492 4806 661 4878 valet,
687 4809 842 4880 quod
873 4806 1278 4883 ἀπαρτίζεσθαι,
1319 4831 1339 4857 κ
1377 4807 1714 4863 absolutum
1768 4803 1954 4859 reddi:

299 4897 586 4952 omnibus
611 4897 872 4954 numeris
905 4897 1191 4970 expleri.»
1216 4899 1464 4952 Budaaus
1496 4895 1556 4950 in
1586 4897 1954 4952 Commentar.

300 5001 360 5056 p.
379 4986 511 5054 735,
545 5006 572 5038 α
593 4985 768 5042 simul
790 4986 970 5053 finiri,
993 5003 1159 5058 aequa
1180 5003 1308 5042 esse
1332 4983 1760 5058 magnitudine.
1795 5004 1821 5031 ››
1852 4979 1956 5036 Hic

299 5075 488 5146 igitur
517 5079 739 5132 vertere
759 5081 946 5148 potes,
963 5075 1180 5132 «simul
1203 5093 1336 5131 cum
1364 5075 1494 5147 ipsa
1517 5073 1720 5129 mundi
1745 5070 1960 5128 consti-

301 5165 555 5221 tutione.
595 5187 615 5215 ιι
653 5165 915 5238 Procopii
947 5167 1236 5238 interpres
1267 5165 1413 5220 dixit
1452 5181 1509 5236 p.
1544 5163 1640 5218 151
1681 5179 1695 5218 :
1726 5183 1756 5211 «
1813 5160 1960 5224 Quia

301 5254 351 5309 si
390 5271 459 5309 ex
491 5255 712 5312 mundo
743 5259 922 5322 esset,
952 5257 1023 5311 ab
1053 5255 1184 5328 ipsa
1215 5255 1438 5327 origine
1476 5251 1684 5308 mundi
1716 5250 1958 5323 coepisse

302 5361 617 5401 necessum
650 5345 786 5401 sita
813 5347 948 5412 Quae
973 5360 1108 5404 vero
1140 5347 1469 5416 sequuntur
1498 5343 1653 5414 apud
1684 5341 1958 5396 eumdem

304 5434 680 5506 Procopium,
715 5450 782 5491 ex
839 5433 1055 5492 Basilio
1106 5433 1190 5490 sic
1235 5432 1605 5490 emendanda
1652 5434 1810 5502 sunt,
1843 5447 1960 5482 συνο

309 5522 460 5579 ἐσται
516 5523 696 5579 τοίνυν
754 5523 889 5592 αὐτὴ
946 5527 1026 5596 τῷ
1073 5527 1199 5597 παρ’
1253 5522 1400 5593 αὐτῷ
1461 5516 1733 5593 δεξαμένῳ
1795 5516 1958 5592 μέχρι

310 5609 536 5676 παντός’
564 5635 587 5666 ι
614 5615 738 5672 Erit
759 5614 940 5687 igitur
967 5614 1026 5669 in
1058 5616 1407 5686 perpetuum
1436 5610 1539 5666 illa
1559 5627 1676 5666 una
1705 5625 1838 5665 cum
1871 5624 1959 5679 eo,

314 5707 420 5780 qui
451 5707 524 5764 ab
563 5706 695 5779 ipso
723 5720 849 5762 eam
895 5703 1202 5777 acceperit.
1237 5723 1265 5753 »
1297 5700 1463 5759 Pacis
1520 5697 1848 5757 Salomonis
1896 5697 1963 5754 ﬁt

2065 1951 2254 2002 voces,
2288 1935 2550 1989 nondum
2585 1935 2755 1989 nobis
2805 1933 3060 1989 occurrit
3111 1935 3171 1988 in
3225 1933 3549 2006 Scriptura.
3586 1933 3727 1990 Vide

2069 2023 2466 2095 proverbium,
2509 2042 2530 2069 α
2563 2023 2785 2078 Tunica
2817 2023 3074 2094 propior.
3108 2045 3135 2072 »

2136 2111 2258 2166 Col.
2289 2112 2389 2166 531
2427 2112 2552 2167 B6.
2606 2113 2672 2166 Et
2730 2111 3068 2168 Samariam.
3130 2112 3503 2182 Sequebatur
3567 2110 3724 2182 apud

2061 2201 2471 2271 interpretem,
2505 2223 2532 2250 «
2567 2201 3074 2264 Quemadmodum
3109 2205 3164 2256 et
3197 2201 3304 2256 hos
3347 2199 3496 2270 cepi,
3530 2201 3586 2252 et
3615 2197 3723 2252 hos

2063 2292 2301 2344 caeteros
2333 2305 2537 2345 omnes
2570 2290 2938 2361 principatus
2961 2289 3190 2360 capiam
3216 2305 3228 2343 :
3253 2311 3280 2339 ››
3299 2289 3396 2344 sed
3429 2287 3550 2342 haec
3577 2303 3610 2342 a
3631 2290 3718 2355 ty-

2063 2377 2364 2449 pographo
2391 2383 2531 2433 sunt
2562 2379 2806 2438 omissa.
2825 2395 2960 2434 cum
2983 2395 3050 2434 ea
3070 2379 3262 2433 deleta
3293 2377 3472 2433 fuisse
3494 2393 3526 2431 a
3546 2373 3716 2430 nobis

2065 2471 2318 2538 putaret,
2351 2484 2468 2522 una
2497 2465 2630 2522 cum
2662 2467 2777 2538 his,
2811 2469 3026 2539 quibus
3055 2467 3344 2538 interpres
3372 2467 3714 2537 sequentem

2067 2556 2370 2627 periodum
2396 2561 2778 2628 expresserat,
2805 2557 2862 2612 in
2887 2559 3034 2613 duas
3066 2572 3368 2630 perperam
3402 2573 3435 2612 a
3475 2571 3538 2610 se
3567 2552 3713 2609 divi-

2067 2661 2192 2699 sam
2220 2662 2232 2698 :
2266 2666 2292 2693 ‹‹
2315 2644 2394 2699 Ex
2427 2661 2543 2716 quo
2571 2644 2753 2717 igitur
2781 2646 2891 2699 sibi
2925 2645 3370 2717 cepit,reliquas
3387 2660 3592 2700 omnes
3613 2658 3717 2715 spe

2067 2734 2368 2804 praesumit
2397 2750 2458 2788 se
2490 2751 2660 2806 posse
2701 2736 2812 2790 sub
2847 2736 3060 2806 jugum
3095 2734 3446 2807 pertrahere.
3480 2733 3595 2788 Nec
3624 2731 3716 2786 in-

2067 2823 2235 2876 terim
2273 2822 2384 2876 iste
2412 2822 2700 2878 intellexit
2733 2824 2787 2877 id
2817 2823 3043 2879 confici.
3074 2846 3103 2873 ››

2142 2910 2257 2965 Col.
2291 2912 2396 2964 538
2438 2916 2478 2964 Β
2509 2913 2562 2966 3.
2595 2913 2660 2967 Et
2718 2915 3054 2968 concutiam.
3090 2916 3382 2984 Interpres
3431 2909 3718 2975 ediderat,

1864 3013 1965 3073 aut
2073 3000 2546 3070 «persuadendo
2605 3002 2966 3071 pertraham,
3026 3023 3055 3052 »
3108 3002 3262 3072 quod
3323 3000 3380 3054 in
3449 2997 3721 3069 Complu-

2071 3088 2223 3142 tensi
2283 3087 2539 3143 editione
2599 3095 2776 3155 esset,
2836 3089 3030 3160 πείσω,
3062 3090 3196 3146 licet
3251 3093 3310 3146 in
3369 3090 3430 3144 F.
3484 3088 3726 3159 legisset

2076 3175 2258 3242 σιίσω,
2280 3181 2344 3231 ut
2376 3181 2464 3233 est
2494 3178 2552 3231 in
2577 3178 2816 3249 reliquis
2848 3185 3061 3236 mss.et
3091 3180 3247 3251 apud
3279 3178 3593 3234 Eusebium
3617 3176 3720 3232 lib.

2070 3282 2126 3319 ιν
2155 3267 2228 3320 De
2251 3271 2532 3322 Demonsl.
2565 3284 2756 3336 evang.
2792 3285 2916 3341 cap.
2949 3270 2984 3323 9
3018 3287 3030 3323 :
3062 3285 3190 3341 quae
3247 3285 3382 3324 vera
3411 3271 3499 3322 est
3526 3265 3718 3329 lectio,

2053 3371 2184 3409 cum
2219 3359 2286 3410 et
2315 3355 2396 3410 ita
2424 3356 2708 3412 Vaticana
2738 3362 2794 3413 et
2839 3358 3118 3414 Marchali
3162 3359 3341 3414 codex
3397 3356 3630 3421 habeat,
3663 3358 3720 3410 et

2060 3447 2471 3519 Hieronymus,
2491 3454 2590 3503 «et
2611 3449 2834 3504 detraxi
2859 3451 3028 3521 quasi
3051 3454 3257 3521 potens
3289 3450 3346 3503 in
3371 3445 3609 3503 sublimi
3634 3461 3719 3499 re-

2055 3535 2334 3590 sidentes.
2372 3557 2399 3585 »
2434 3536 2584 3592 Male
2616 3538 2770 3609 apud
2805 3538 3162 3595 Clementem
3195 3542 3252 3595 et
3279 3537 3596 3594 Eusebium
3616 3549 3719 3589 xm

2062 3625 2132 3678 De
2161 3633 2466 3695 praeparat.
2503 3625 2687 3694 σώσω,
2722 3650 2748 3677 ‹‹
2785 3628 3052 3684 servabo.
3091 3651 3112 3678 ιι

2121 3729 2239 3785 Col.
2273 3731 2376 3787 540
2411 3732 2452 3786 Β
2485 3734 2538 3786 9.
2573 3738 2833 3804 Namque
2858 3737 2928 3791 ab
2961 3737 3176 3791 anima.
3215 3736 3277 3789 In
3310 3733 3488 3804 Regio
3528 3735 3587 3786 F.
3633 3729 3717 3785 lc-

2048 3819 2316 3891 gebatur,
2348 3818 2618 3893 ἀρξάμενοὶ
2654 3823 2749 3894 μὲν
2789 3822 2897 3878 ὑπὸ
2957 3825 3169 3896 ψυχῆς,
3203 3819 3444 3895 λήγοντα
3479 3815 3535 3872 δὲ
3567 3815 3618 3870 ἐν
3650 3819 3718 3885 τῇ

2051 3904 2260 3982 καρδίᾳ
2291 3908 2381 3962 καὶ
2415 3907 2540 3964 οὐδὲ
2573 3911 2791 3986 μέχρις.
2826 3917 2905 3968 Ex
2937 3913 3154 3985 quibus
3188 3909 3389 3966 Latine
3422 3921 3722 3980 expresse-

2049 4001 2141 4053 1‘at
2171 3998 2541 4071 Tilmannus,
2571 4023 2590 4049 α
2614 4002 2686 4056 ab
2710 4002 2909 4057 anima
2941 4001 3177 4074 quidem
3198 4014 3374 4055 suum
3393 4003 3589 4052 ortum
3615 3996 3723 4051 du-

2051 4087 2259 4157 ceutia,
2295 4089 2355 4144 in
2389 4090 2518 4162 ipso
2552 4096 2753 4148 autem
2793 4092 2965 4148 corde
2997 4087 3514 4161 conquiescentis:
3549 4107 3578 4135 »
3619 4085 3721 4140 sed

2050 4170 2108 4232 in
2156 4177 2338 4234 altero
2370 4179 2547 4252 Regio
2590 4182 2715 4236 cod.
2750 4183 2814 4236 tl.
2852 4182 2930 4236 ita
2960 4184 3085 4236 erat
3116 4182 3181 4234 ut
3207 4196 3277 4234 ex
3305 4175 3567 4249 Anglicis
3598 4173 3720 4228 edi-

2051 4269 2177 4322 tum
2211 4273 2321 4338 est,
2349 4269 2463 4324 nisi
2499 4272 2649 4340 quod
2702 4271 2937 4327 sublato
2969 4267 3084 4337 καί,
3111 4272 3343 4324 tantum
3394 4265 3717 4335 legebatur,

2051 4351 2177 4431 οόδὶ
2234 4356 2452 4431 μέχρις.
2491 4360 2653 4431 Apud
2709 4359 3076 4430 Pr000pium,
3110 4373 3243 4429 pag.
3282 4356 3405 4423 170,
3439 4353 3507 4408 ad
3564 4352 3717 4407 hunc

2051 4429 2243 4500 locum
2275 4429 2579 4517 alluditur,
2603 4429 2903 4523 ἀρξάμενον
2945 4445 3063 4500 ἀπὸ
3094 4449 3279 4520 ψυχῆς
3305 4447 3412 4497 τῶν
3447 4440 3498 4496 ἐν
3530 4444 3610 4511 τῷ
3637 4437 3716 4510 νῷ

2051 4536 2416 4606 παθημάτων.
2469 4537 2650 4592 Paulo
2705 4541 2838 4611 post
2895 4537 3175 4592 mendose
3205 4535 3360 4590 idem
3403 4534 3470 4590 F.
3509 4531 3718 4587 habuit

1977 4610 2023 4675 D
2055 4622 2248 4698 φθόνον
2271 4642 2373 4696 pro
2392 4610 2788 4702 qdvovﬁtaque
2816 4627 2876 4682 in
2900 4626 3098 4682 locum
3123 4623 3374 4694 invidias,
3400 4647 3424 4672 ‹‹
3451 4622 3666 4679 caedem
3683 4641 3711 4669 »

2069 4714 2506 4770 substituimus.

2137 4803 2253 4859 Col.
2306 4805 2409 4859 551
2471 4807 2509 4860 A
2568 4806 2654 4862 15.
2689 4805 2972 4878 Siquidem
3029 4805 3156 4859 alii.
3189 4801 3336 4857 Male
3369 4801 3718 4855 immutarat

2067 4892 2188 4947 haac
2221 4893 2570 4966 interpres,«
2596 4895 2896 4966 Siquidem
2923 4893 3144 4949 Hebraei
3177 4892 3453 4947 videntur
3473 4890 3717 4962 propius

2068 4983 2360 5038 accedere.
2397 5005 2418 5032 ι
2454 4983 2654 5056 Neque
2686 4983 2839 5039 enim
2873 4983 3147 5038 Hebraeos
3178 4981 3444 5052 designat
3474 4978 3720 5034 Basilius

2067 5071 2167 5124 sed
2198 5075 2426 5128 Graecos
2457 5072 2806 5144 interpretes
2865 5071 3152 5143 Aquilam,
3200 5069 3615 5143 Symmachum
3665 5071 3722 5122 et

2067 5159 2551 5226 Theodotionem,
2592 5179 2726 5216 cum
2761 5162 2844 5216 ait
2891 5162 2942 5214 oi
2988 5156 3176 5227 ἄλλοι,
3221 5155 3722 5231 quemadmodum

2068 5265 2248 5320 supra
2278 5248 2409 5324 ὅπερ
2441 5246 2615 5324 ἕτεροι
2661 5247 3042 5304 ἐκδεδώκασιν.
3072 5249 3146 5305 Ut
3194 5249 3252 5302 in
3307 5246 3475 5300 illum
3527 5245 3724 5299 locum

2069 5340 2477 5396 annotavimus
2495 5357 2508 5395 :
2526 5344 2583 5396 et
2600 5340 2753 5396 infra
2773 5345 3164 5396 consentanea
3196 5335 3548 5407 respondere
3571 5338 3724 5405 Apo-

2069 5427 2216 5484 stolo
2238 5430 2652 5502 Symmachum
2675 5428 3204 5486 etTheodotiouem
3229 5425 3339 5481 sub
3365 5425 3541 5478 finem
3564 5423 3723 5494 capi-

2069 5517 2148 5573 tis
2177 5518 2352 5575 istius
2384 5520 2551 5576 dixit.

2141 5606 2258 5664 Col.
2321 5609 2428 5664 555
2483 5612 2528 5665 A
2584 5610 2638 5665 5.
2701 5608 2972 5677 Gloriﬁco.
3015 5605 3165 5670 Non,
3226 5607 3289 5659 ut
3345 5605 3517 5658 antea
3570 5604 3715 5667 erat,

2077 5719 2096 5745 α
2115 5695 2480 5768 gloriﬁcabo:
2501 5720 2529 5749 »
2551 5693 2758 5766 δοξάζω
2779 5699 2936 5754 enim
2960 5695 3132 5752 dixit:
3149 5707 3486 5766 quanquam
3506 5689 3564 5746 in
3587 5690 3716 5763 ipso
