4124 6240
445 373 601 434 1107

1651 366 1886 426 NOTIE
1929 362 2371 425 FRONTONIS
2415 360 2674 422 DUCIEI

3710 350 3865 412 1108

443 507 761 578 Scriptura:
790 509 947 559 textu
973 503 1194 557 editum
1229 503 1338 562 est,
1367 499 1387 553 Ι
1420 502 1558 570 Reg.
1581 499 1724 567 11,30
1754 515 1770 554 :
1803 499 1924 553 Ὅτι
1961 493 2088 549 ἀλλ’

2229 494 2637 550 ιωοοᾶοῐιόυω
2669 491 2881 547 suadet
2902 485 3499 559 ἐπιτεταμένως,ροοό
3522 485 3586 540 in
3608 500 3724 540 usu
3756 489 3864 548 est,

445 595 481 662 ἢ
539 592 667 656 τοὺς
722 589 1036 664 δοξάζοντάς
1096 609 1159 661 με
1238 584 1482 656 δοξάσω·
1547 589 1819 656 Quoniam
1875 587 2102 642 nonnisi

443 685 821 754 gloriﬁcantes
849 698 935 737 me
961 681 1300 750 glori/icabo.
1325 677 1446 741 Quo
1479 684 1648 749 pacto
1679 679 1854 733 etiam
1887 676 2101 732 citetur

444 773 600 830 idem
637 773 802 828 locus
832 771 986 826 infra
1017 769 1123 825 col.
1590 812 1602 837 ,
1639 767 1720 820 ὅτι
1771 763 1896 826 τοὺς
1939 761 2097 833 δοξά-

450 867 658 930 ζοντας.

517 951 635 1007 Col.
669 951 774 1004 558
833 949 873 1002 B
928 949 1014 1002 12.
1052 949 1161 1002 Tati
1216 945 1440 1002 mundo.
1478 949 1557 1000 Ad
1619 945 1862 1000 verbum
1921 947 2098 1009 esset,

451 1063 479 1092 (ί
510 1057 642 1096 cum
668 1044 788 1094 toto
822 1038 1042 1092 mundo
1075 1034 1354 1091 crucifixa
1380 1036 1459 1090 sit
1493 1052 1505 1090 :
1543 1056 1569 1083 »
1603 1035 1757 1106 quod
1781 1034 2097 1090 obscurum

447 1135 558 1201 est,
583 1133 640 1185 et
663 1146 696 1184 a
725 1125 1002 1199 Procopio
1027 1124 1491 1198 pezetermissum
1515 1140 1614 1193 ;ex
1640 1139 1753 1195 quo
1786 1107 1979 1178 tamen
1997 1121 2101 1176 im-

448 1218 810 1275 mutavimus
843 1215 1385 1287 interpretationem
1411 1229 1636 1280 eorum,
1670 1230 1798 1285 qua:
1827 1211 1984 1267 hunc
2013 1210 2099 1266 lo-

448 1324 580 1362 cum
608 1306 1028 1378 sequebantur,
1061 1324 1082 1352 c
1110 1304 1283 1374 inque
1307 1303 1499 1358 medio
1522 1303 1740 1359 efﬁcaci
1765 1303 1893 1372 ejus
1913 1302 2101 1355 virtu-

445 1402 502 1452 te
527 1398 598 1452 ad
625 1397 771 1451 lines
797 1411 985 1466 usque
999 1399 1254 1464 quatuor
1275 1394 1528 1464 partium
1556 1393 1761 1447 mundi
1783 1408 1844 1447 se
1867 1395 2100 1462 proten-

446 1487 637 1553 dente,
673 1506 700 1535 »
725 1489 780 1538 et
826 1483 1038 1556 pagina
1072 1482 1339 1552 sequenti
1389 1481 1724 1536 addidimus
1757 1481 2101 1550 interpreta-

445 1575 616 1643 tioni,
651 1597 678 1623 «
713 1589 781 1627 ex
814 1570 1012 1638 Israel,
1041 1571 1138 1642 qui
1174 1570 1389 1624 dicitur
1420 1569 1759 1640 prraim,»
1797 1567 2103 1640 expunctis

449 1663 570 1718 illis
600 1661 814 1724 verbis,
843 1683 867 1709 ‹‹
902 1659 1016 1713 veri
1053 1657 1350 1713 lsraelitaz.
1387 1680 1414 1706 »
1448 1658 1657 1713 Decem
1700 1658 1853 1712 enim
1891 1657 2101 1726 tribus,

448 1768 578 1821 qua:
613 1749 836 1805 familia
881 1746 1111 1802 Davidis
1160 1747 1510 1815 defecerant,
1547 1750 1606 1800 et
1653 1746 1976 1802 Samariam
2013 1761 2105 1798 ur-

2210 601 2324 640 non
2378 579 2837 656 ἐπιτεταγμὲνως,
2887 594 3078 650 neque
3113 574 3600 649 ἐπιτετευγμένως.
3651 573 3864 629 Proco-

2209 674 2344 746 pius
2405 673 2552 728 dixit
2609 670 3027 743 compendiose
3081 684 3135 739 p.
3167 667 3270 723 195
3303 682 3316 720 :
3348 662 3501 724 Ἑνὸς
3539 662 3640 735 γᾶρ
3677 659 3865 737 ἄμφω,

2207 762 2373 816 αἰνεῖν
2402 782 2460 815 τε
2487 761 2575 815 καὶ
2609 757 2846 829 δοξάζειν
2878 757 3085 818 καλῶς’
3104 781 3131 807 ‹‹
3158 755 3344 812 Unius
3360 754 3520 811 enim
3540 758 3868 824 utrumque

2209 861 2318 918 est,
2350 852 2536 925 gloria
2563 855 2622 908 et
2651 851 2825 907 laude
2857 854 3010 906 recte
3041 848 3296 904 afﬁcere.
3332 868 3361 896 η

2279 958 2398 1015 Col.
2448 958 2556 1012 565
2586 958 2627 1012 Β
2671 957 2722 1012 4.
2775 955 3051 1011 Sublevat.
3111 953 3321 1026 Aptius
3378 949 3867 1022 interpretabere,

2210 1048 2477 1102 Dominus
2505 1045 2721 1100 exaliat
2760 1045 2960 1115 justas.
2991 1041 3166 1112 Atqui
3226 1039 3381 1111 apud
3428 1036 3714 1093 Davidem
3760 1033 3868 1089 ali-

2209 1141 2297 1191 ter
2328 1136 2564 1190 effertur
2594 1133 2690 1188 hic
2716 1132 2901 1198 locus,
2937 1131 3008 1186 ad
3041 1145 3212 1201 quem
3236 1128 3497 1184 alludere
3511 1125 3752 1180 videtur
3773 1127 3872 1177 Ba-

2211 1224 2402 1292 silius,
2437 1224 2667 1295 psalmo
2696 1238 2860 1292 CXLV,
2890 1221 2924 1274 8
2962 1237 2974 1275 :
3012 1217 3208 1291 Κύριος
3242 1216 3464 1291 ἀνορθοῖ
3491 1211 3873 1287 κατεῤῥαγμὲ-

2209 1333 2354 1380 νους,
2409 1310 2603 1385 Κύριος
2664 1311 2845 1386 ἀγαπᾷ
2899 1305 3163 1367 δικαίους·
3198 1309 3479 1362 Dominus
3535 1304 3716 1374 erigit
3767 1304 3869 1356 eli-

2210 1419 2294 1458 sos
2326 1421 2343 1457 :
2371 1403 2630 1457 Dominus
2659 1399 2853 1468 diligit
2891 1400 3082 1465 iustos.
3121 1398 3390 1452 Fortasse
3442 1393 3874 1449 observabatur

2213 1493 2394 1548 meriti
2427 1491 2683 1547 auctoris
2727 1489 2825 1544 ille
2873 1488 3019 1543 alter
3061 1486 3328 1542 Proverb.
3361 1500 3520 1548 xvm,
3555 1484 3622 1538 10
3655 1499 3670 1538 :
3709 1478 3869 1550 Αὐτῷ

2213 1577 2270 1634 δὲ
2300 1577 2740 1655 προσδραμόντες
2791 1573 2991 1630 δίκαιοι
3045 1574 3326 1647 ὑψοῦνται·
3363 1577 3731 1628 Accurrente:
3769 1587 3868 1625 au-

2213 1675 2318 1726 tem
2351 1671 2459 1740 ipsi
2487 1671 2617 1736 justi
2644 1667 2985 1722 excitantur.

2284 1760 2402 1814 Col.
2435 1759 2541 1813 568
2573 1758 2616 1812 D
2669 1757 2720 1811 1.
2756 1754 3141 1810 Educandum.
3183 1750 3387 1806 Verior
3426 1749 3553 1805 haec
3601 1746 3778 1804 lectio
3809 1746 3869 1803 F.

447 1841 580 1894 bern
605 1838 767 1910 regni
792 1837 1134 1909 primariam
1161 1836 1606 1900 constituerant,
1625 1835 1800 1890 Israel
1823 1835 2105 1889 vocaban-

2229 1853 2270 1904 δι
2301 1849 2360 1902 Α.
2395 1845 2727 1920 ἀνατροφῆς,
2762 1860 2939 1914 quam
2986 1842 3086 1896 illa
3131 1841 3197 1896 Η.
3248 1837 3616 1910 ἀναστροφῆς.
3647 1859 3676 1885 ι(
3728 1852 3869 1891 con-

448 1931 546 1982 tur
603 1931 660 1981 et
714 1925 1016 1997 Ephraim,
1043 1928 1098 1979 et
1129 1925 1340 1980 domus
1370 1923 1607 1996 Joseph,
1642 1928 1706 1978 ut
1733 1923 2020 1978 Zachariae
2047 1939 2101 1991 x,

458 2016 612 2087 quod
637 2015 912 2070 nimirum
940 2014 1116 2085 primi
1142 2014 1340 2068 decem
1368 2013 1628 2068 tribuum
1653 2029 1816 2082 leges
1839 2030 1906 2067 ex
1945 2011 2104 2066 tribu

456 2105 734 2176 Ephraim
803 2103 912 2159 orti
971 2107 1185 2158 essent.
1246 2101 1494 2173 Cyrillus
1553 2103 1611 2157 in
1664 2103 1852 2157 iOSee
1889 2119 1902 2156 :
1943 2102 2102 2153 Ὅταν

455 2191 660 2266 ἀκούῃς
736 2195 844 2245 τῶν
925 2189 1089 2264 ἁγίων
1178 2194 1473 2266 προφητῶν
1558 2188 1937 2262 ὀνομαζόντων
2009 2189 2101 2242 τὸν

457 2282 469 2304 ’
616 2282 629 2302 ἵ
749 2280 772 2300 ν
962 2280 974 2294 ‘
1073 2283 1088 2302 )
1247 2280 1269 2296 λ·
1415 2274 1426 2295 Ῑ
1546 2275 1569 2294 κ
2048 2278 2059 2295 \

475 2279 679 2354 Ισραηλ
739 2302 861 2350 ητοι
922 2301 1015 2334 τον
1095 2283 1334 2356 Εφραιμ,
1364 2300 1486 2333 τοτε
1543 2281 1608 2349 οή
1673 2299 1765 2351 μοι
1818 2278 1928 2332 νόει
1978 2299 2106 2342 τους

457 2369 510 2424 ἐν
567 2374 636 2442 τῇ
699 2368 993 2441 Σαμαρείᾳ’
1029 2392 1057 2418 ‹‹
1108 2373 1247 2424 Cum
1303 2370 1469 2424 audis
1514 2375 1748 2425 sanctos
1793 2368 2104 2440 prophetas

456 2460 829 2515 nominantes
859 2457 1035 2514 Israel
1067 2457 1187 2512 sive
1201 2457 1497 2529 prraim,
1519 2457 1921 2513 Samaritanos
1939 2456 2105 2512 intel-

453 2547 587 2618 lige.
623 2570 652 2597 »
1289 2593 1294 2600 .

528 2635 778 2691 001.559
819 2638 857 2688 C
901 2635 985 2688 14.
1016 2641 1275 2691 Ammon.
1311 2633 1409 2688 llic
1438 2633 1652 2689 lineam
1700 2634 1985 2705 integram
2031 2633 2104 2688 li-

457 2724 689 2780 brarius
714 2724 872 2795 Regii
893 2721 1114 2779 codicis
1137 2723 1196 2779 F.
1217 2724 1514 2794 omiserat,
1537 2740 1712 2794 quam
1746 2723 1808 2778 ll.
1832 2728 1890 2778 et
1917 2726 1982 2778 A.
2016 2740 2104 2778 re-

458 2818 793 2885 praesentat.
836 2813 895 2867 In
940 2812 1135 2866 codice
1167 2829 1279 2867 ms.
1323 2812 1512 2883 Regia:
1550 2812 1912 2868 bibliothecae
1945 2813 2105 2867 Lexi-

461 2920 594 2958 eum
610 2902 872 2958 Graecum
899 2901 1204 2956 nominum
1231 2901 1644 2957 llebraicorum
1670 2901 2108 2973 sicinterpreta-

461 2995 578 3059 tur,
642 2989 871 3062 Ἀμμὼν
933 2987 992 3042 ἐκ
1045 2992 1143 3042 τοῦ
1194 2987 1377 3062 γένους
1447 3010 1575 3060 μου,
1638 2991 1913 3060 Ἀμανῖτις
1977 2988 2106 3050 λαὸς

460 3081 648 3151 ἡμῶν,
687 3099 708 3128 ε
749 3083 997 3136 Ammon
1029 3097 1096 3134 ex
1126 3096 1334 3150 genere
1367 3096 1515 3148 meo,
1535 3082 1824 3135 Amanitis
1857 3079 2108 3152 populus

463 3174 696 3236 noster;
723 3189 750 3218 ››
775 3173 830 3224 et
853 3169 1240 3235 Hieronymus
1273 3170 1329 3222 in
1357 3186 1484 3240 cap.
1518 3186 1580 3224 ιιι
1603 3169 1851 3236 Nahum,
1877 3193 1904 3218 «
1940 3169 2106 3224 Moab

463 3257 886 3330 interpretatur
914 3274 982 3312 ea:
1007 3258 1402 3327 patre,junior
1422 3274 1554 3313 vero
1581 3265 1828 3313 Ammon
1849 3258 1933 3313 vel
1959 3260 2108 3329 ﬁlius

464 3348 684 3418 generis
715 3348 849 3412 mei,
880 3347 966 3401 vel
991 3347 1229 3418 populus
1260 3355 1462 3400 noster.
1493 3368 1522 3396 »

535 3453 655 3509 Col.
713 3454 820 3508 562
879 3458 922 3507 D
968 3455 1022 3508 5.
1084 3455 1149 3508 Et
1196 3457 1314 3522 post
1361 3452 1474 3507 haec
1525 3453 1730 3508 educet.
1791 3459 2116 3509 Annotarat

465 3543 526 3597 in
550 3541 815 3612 margine
835 3540 1203 3611 Tilmannus,
1228 3564 1254 3590 «
1281 3558 1384 3612 pro
1409 3537 1569 3602 τέλος
1598 3541 1724 3613 lege
1751 3541 1814 3595 τὸ
1845 3541 1980 3618 φῶς,
2008 3566 2027 3591 ι
2055 3547 2114 3598 et

467 3631 892 3701 Interpretatus
914 3635 1056 3699 erat,
1086 3650 1111 3682 α
1133 3629 1323 3686 Faciet
1345 3630 1633 3701 judicium
1659 3648 1877 3701 meum,
1903 3636 1961 3687 et
1983 3638 2116 3703 post

467 3717 578 3773 hoc
609 3718 816 3773 educet
847 3734 939 3773 me
973 3718 1026 3772 in
1062 3719 1278 3773 lucem:
1302 3720 1510 3790 »quasi
1538 3719 1814 3776 nimirum
1834 3721 2115 3775 substitui

467 3805 641 3862 vellet
668 3823 757 3875 ea,
791 3824 916 3876 quae
947 3809 1102 3879 apud
1131 3809 1431 3863 Miohzeam
1466 3808 1808 3880 prephetam
1841 3809 2117 3880 leguntur

467 3894 644 3951 Mich.
675 3912 776 3964 VII,
809 3896 888 3951 9:
933 3893 1021 3948 καὶ
1082 3897 1299 3965 ποιήσει
1355 3895 1417 3950 τὸ
1466 3894 1639 3970 κρῖμά
1699 3917 1823 3969 μου,
1883 3896 1973 3950 καὶ
2033 3895 2115 3967 ἐξ·

471 3982 580 4054 άξει
618 4004 684 4057 με
717 3981 791 4045 εἷς
821 3982 885 4037 τὸ
917 3986 1051 4062 φῶς.
1085 3984 1200 4041 Nos
1233 3988 1436 4042 contra
1486 3986 1752 4041 codicum
1803 3986 2115 4058 Regiorum

471 4078 528 4130 et
545 4074 1118 4145 Anglic.consensum
1140 4073 1284 4129 nihil
1303 4075 1738 4130 immutandum
1754 4075 2117 4131 censuimus.

474 4181 607 4219 cum
642 4180 794 4236 szepc
818 4163 1002 4220 soleat
1031 4162 1282 4219 Basilius
1314 4163 1399 4220 vel
1424 4162 1660 4218 fallente
1695 4164 1998 4233 memoria,
2031 4165 2119 4220 vel

473 4269 540 4309 ex
600 4252 730 4309 aliis
790 4252 1094 4325 prophetis
1138 4251 1249 4308 alia
1293 4253 1468 4308 verba
1517 4254 1820 4318 intercute,
1851 4253 2120 4309 nonnihil

474 4342 792 4398 immutata
813 4343 989 4398 unius
1018 4341 1194 4397 verba
1225 4342 1500 4413 prolerre.
1537 4342 1680 4399 Nam
1723 4347 1779 4397 et
1826 4345 1977 4414 apud
2012 4343 2120 4398 Job

480 4431 736 4502 legimus
785 4432 1010 4502 xxm,7
1045 4447 1057 4486 :
1094 4429 1370 4504 Ἐξάγαγοι
1433 4426 1489 4482 δὲ
1545 4428 1621 4490 εἷς
1679 4427 1836 4491 τέλος
1900 4451 2003 4502 μου
2058 4429 2122 4484 τὸ

477 4522 686 4591 κρῖμα·
738 4519 946 4576 Educat
1011 4525 1206 4576 autem
1257 4521 1318 4574 in
1378 4521 1544 4589 ﬁnem
1579 4519 1859 4590 judicium
1915 4537 2119 4588 meum,

2214 1924 2560 1994 versatione.
2597 1957 2624 1986 »
2659 1933 2835 1989 Paulo
2866 1935 2999 2004 post
3027 1933 3084 1988 in
3117 1931 3176 1986 F.
3227 1933 3285 1984 et.
3330 1928 3397 1984 Η.
3449 1922 3702 2000 ὀχοῶδες
3757 1941 3870 1980 non

2217 2022 2462 2101 ὀχρῶόες
2498 2023 2781 2095 scriptum
2817 2022 2947 2087 fuit,
2967 2025 3032 2076 ut
3059 2020 3117 2075 in
3146 2018 3257 2074 alio
3281 2016 3644 2089 apograpbo.
3663 2015 3874 2069 Proco-

2215 2116 2348 2189 pius
2366 2115 2510 2172 dixit
2533 2114 2718 2186 p.202
2741 2130 2754 2168 :
2780 2111 2872 2179 Μή
2905 2107 3285 2183 ἀπόκρημνον,
3315 2112 3375 2163 et
3403 2107 3532 2178 ejus
3551 2105 3872 2176 interpres,

2221 2227 2246 2258 ι
2277 2223 2391 2260 non
2427 2206 2787 2276 praeruptum
2821 2205 2922 2255 aut
2953 2197 3346 2270 praecipitem;
3383 2217 3405 2246 ι
3452 2194 3553 2249 sed
3603 2191 3871 2258 ὑπτιὰτη-

2211 2314 2278 2348 τοι
2311 2311 2423 2349 non
2453 2293 2597 2348 satis
2628 2298 2764 2362 apte
2793 2289 2984 2355 vertit,
3004 2311 3030 2337 «
3069 2284 3488 2341 humilitatem.
3509 2304 3530 2330 ι
3555 2282 3769 2352 Itaque
3790 2295 3875 2334 re-

2214 2383 2591 2438 scribendum
2650 2379 2904 2443 videtur,
2939 2399 2965 2426 ι(
3027 2393 3135 2431 sua
3185 2381 3381 2429 tamen
3433 2370 3687 2443 planitie
3717 2368 3777 2423 in
3809 2385 3876 2423 eo

2216 2471 2592 2527 manentibus
2649 2483 2946 2523 securum.
3001 2487 3029 2514 ››
3064 2464 3282 2520 Ibidem
3342 2478 3446 2532 pro
3504 2454 3877 2534 ἀκροσφαλεῖς

2215 2559 2566 2616 existimavit
2585 2556 2933 2612 Tilmannus
2964 2569 3026 2609 se
3052 2552 3265 2624 legisse
3283 2544 3566 2624 ἀσφαλεῖς,
3591 2563 3731 2601 cum
3754 2561 3877 2600 ver-

2214 2649 2306 2716 tit,
2345 2668 2366 2697 ι
2401 2646 2592 2702 reddit
2623 2645 2870 2700 tutiores
2899 2642 3126 2712 bis,qui
3159 2639 3485 2694 ascendunt
3513 2633 3870 2703 stationes,-

2217 2737 2386 2810 plane
2419 2735 2706 2790 contrario
2737 2749 2936 2789 sensu.
2962 2730 3260 2786 Postremo
3279 2743 3382 2799 pro
3403 2730 3568 2793 νοῆτε
3597 2729 3657 2780 et
3678 2718 3878 2794 διηγῆ-

2217 2825 2326 2895 σθε,
2361 2823 2662 2897 legebatur
2692 2822 2751 2877 in
2786 2820 2850 2876 Η.
2881 2822 3024 2872 νοεῖν
3059 2823 3117 2874 et.
3147 2813 3463 2889 διηγῆσθαι.

2289 2932 2550 2988 001.5711
2579 2930 2620 2985 C
2651 2929 2705 2983 3.
2754 2929 2920 2996 Reges
2968 2941 3115 2981 vero.
3180 2925 3471 2994 Interpres
3528 2918 3877 2990 scripserat,

2219 3046 2246 3073 ‹‹
2282 3039 2445 3093 reges
2492 3036 2653 3086 vero,
2685 3018 2786 3088 qui
2836 3017 2906 3072 ad
2954 3011 3249 3085 pastorale
3291 3010 3554 3082 regimen
3603 3007 3877 3063 Ecclesia:

2220 3109 2540 3182 eliguntur.
2579 3129 2604 3156 ››
2636 3105 2808 3177 Atqui
2860 3103 3008 3158 nihil
3059 3103 3174 3158 tate
3205 3102 3276 3155 de
3305 3098 3646 3171 pastoribus
3680 3097 3881 3151 Greca

2141 3227 2184 3294 α
2225 3181 2456 3264 sonant,
2482 3214 2587 3252 nec
2610 3195 2778 3294 aliter
2813 3193 2986 3294 habet
3013 3189 3331 3294 Procopius
3363 3187 3542 3294 p.204
3573 3202 3588 3242 ε
3620 3186 3721 3238 Ὧν
3751 3181 3882 3283 τοὺς

2225 3284 2512 3346 ἐκλεκτοὺς
2550 3281 2807 3358 βασιλέας
2837 3279 3012 3335 καλεῖ·
3049 3302 3078 3331 ι(
3100 3280 3358 3343 Quorum
3383 3277 3453 3331 de
3475 3290 3755 3343 numero,
3776 3273 3877 3344 qui

2221 3376 2430 3433 delecti
2451 3381 2610 3440 sunt,
2635 3389 2800 3444 reges
2822 3389 2942 3439 eos,
2965 3376 3249 3440 tanquam
3281 3366 3444 3438 regni
3486 3364 3639 3419 ﬁlios
3673 3363 3881 3434 appel-

2223 3467 2325 3522 lat.
2361 3487 2389 3515 »
2422 3466 2647 3519 Rursus
2679 3462 2896 3518 ibidem
2930 3454 3568 3526 immutavimus,quod
3592 3452 3881 3527 sequeba-

2222 3563 2340 3626 tur,
2357 3577 2381 3604 ‹‹
2412 3556 2552 3626 quia
2572 3570 2679 3607 vox
2699 3551 3004 3623 gigantum
3029 3548 3232 3618 utique
3262 3545 3526 3617 gentium
3550 3542 3878 3596 multarum

2222 3661 2363 3700 voce
2394 3641 2748 3714 aequipollet.
2786 3662 2813 3690 ››

2295 3732 2545 3788 (101.575
2595 3732 2636 3784 Α
2683 3730 2769 3784 10.
2805 3727 3174 3799 Inﬁdelitatis.
3211 3722 3540 3794 Legebatur
3592 3720 3652 3774 in
3685 3722 3746 3771 F.
3780 3737 3884 3770 ποο

2224 3824 2395 3892 νηροῦ
2453 3818 2640 3889 θυρεός
2697 3815 2835 3871 ἐστιν
2894 3812 3137 3868 ἀπιστία.
3195 3811 3545 3867 Tilmannus
3612 3811 3885 3870 verterat,

2231 3935 2251 3962 ι
2276 3909 2505 3982 reprobi
2529 3908 2766 3980 clypeos
2788 3904 3105 3961 inﬁdelitas
3133 3907 3224 3957 est
3257 3919 3271 3957 :
3306 3925 3328 3952 ι
3367 3904 3428 3955 at
3453 3899 3511 3953 in
3547 3897 3615 3953 Η.
3646 3901 3797 3962 erat,
3822 3901 3887 3948 ut

2228 4000 2518 4056 edidimus
2545 4017 2557 4053 :
2583 3998 2675 4052 cui
2698 3997 3059 4066 suffragatur
3082 3991 3228 4047 illud
3250 3988 3513 4060 Proc0pii
3531 4005 3589 4059 p.
3608 3987 3715 4040 204
3733 4003 3747 4040 :
3764 3987 3884 4042 τοῖς

2231 4089 2326 4161 μὲν
2383 4085 2571 4161 θυρεός
2629 4083 2738 4139 ἐστι
2797 4081 3052 4153 πίστεως,
3081 4085 3199 4141 τοῖς
3251 4075 3308 4132 δὲ
3351 4075 3623 4137 ἀπιστίας.
3656 4074 3890 4130 Alludit

2229 4179 2299 4234 ad
2361 4177 2504 4233 illud
2558 4175 2771 4246 Ephes.
2820 4189 2899 4241 VI,
2944 4173 3011 4227 16
3043 4187 3056 4227 :
3090 4161 3484 4226 Ἀναλαϐόντες
3540 4164 3635 4218 τὸν
3693 4162 3887 4236 θυρεὸν

2228 4273 2328 4334 τῆς
2353 4263 2606 4325 πίστεως·
2636 4266 2985 4319 Assumentes
3038 4262 3254 4316 scutum
3311 4257 3462 4329 ﬁdei.
3501 4257 3644 4310 Item
3709 4251 3887 4323 paulo

2233 4361 2364 4429 post
2393 4357 2451 4411 in
2493 4356 2554 4410 F.
2591 4359 2717 4410 erat
2743 4347 3068 4426 ἐπαγγελίαν
3097 4351 3301 4416 κακῶν,
3339 4368 3361 4397 ι
3397 4343 3692 4401 malorum
3720 4339 3892 4412 polli-

2231 4447 2581 4511 citationem,
2635 4466 2662 4493 ››
2721 4451 2779 4499 at
2837 4442 2905 4497 Η.
2964 4435 3324 4513 ἀπαγγελίαν,
3379 4434 3889 4491 denuntiationem.

2234 4536 2408 4590 Porro
2439 4535 2608 4602 illud,
2647 4536 2704 4587 ut
2747 4531 2975 4604 spiritus
3005 4529 3190 4584 salvus
3215 4526 3331 4597 ﬁat,
3364 4527 3457 4580 est
3487 4523 3509 4577 Ι
3539 4518 3808 4576 Corinth.
3835 4535 3892 4585 v,

480 4610 537 4663 et
565 4606 856 4663 Habacuc.
899 4624 940 4674 I,
965 4609 996 4662 4
1029 4625 1041 4664 :
1074 4606 1178 4661 Καὶ
1221 4605 1281 4660 οὐ
1333 4605 1623 4682 διεξάγεται
1684 4606 1758 4669 ε”ς
1799 4605 1957 4671 τέλος
2012 4614 2111 4683 κρῖ

2232 4626 2285 4679 5.
2314 4625 2394 4680 De
2427 4598 2705 4695 Phygello
2744 4598 2965 4676 mentio
2995 4619 3062 4672 fit
3102 4617 3152 4672 lt
3194 4615 3266 4671 ad
3289 4611 3548 4670 Timoth.
3580 4627 3620 4681 ι,
3649 4610 3739 4664 15.
3774 4607 3891 4663 Sed

485 4713 578 4767 μα·
613 4696 718 4751 Nec
743 4696 1030 4753 deducitur
1058 4699 1115 4752 in
1146 4698 1308 4768 ﬁnem
1332 4697 1625 4768 judicium.
1661 4699 1884 4753 Citatur
1913 4698 2126 4754 deinde

482 4784 648 4842 locus
679 4802 748 4842 ex
778 4787 1007 4859 psalmo
1038 4803 1134 4856 cu,
1161 4788 1214 4855 9,
1245 4787 1342 4841 ubi
1380 4788 1641 4857 Vulgata,
1674 4805 1851 4859 neque
1883 4791 1937 4842 in
1971 4791 2124 4843 (eter-

481 4891 617 4929 num
646 4876 914 4931 commina
925 4878 1089 4932 bitur.

554 4977 674 5034 Col.
708 4980 821 5034 564
843 4979 884 5035 Β
917 4982 971 5036 7.
1003 4981 1080 5034 Ad
1120 4981 1264 5035 idem
1292 4982 1459 5035 cnim.
1489 4983 1549 5036 In
1594 4981 1743 5037 libro
1793 4982 1966 5052 Regio
2010 4999 2120 5038 ms.

481 5070 875 5143 perscriptum
927 5069 1038 5125 fuit
1077 5066 1316 5138 δοξάζειν
1363 5089 1420 5122 τε
1463 5067 1937 5144 ἐπιτετευγμένως,
1971 5073 2126 5128 unde

481 5160 772 5232 interpres
795 5158 1100 5225 extulerat,
1123 5182 1147 5208 ‹‹
1171 5159 1250 5212 Ad
1278 5176 1376 5213 cor
1402 5159 1632 5229 quidem
1662 5161 1852 5232 ipsum
1878 5166 2122 5232 spectat,

481 5253 548 5307 ut
594 5249 879 5322 glorificet
934 5249 1117 5304 Deum
1176 5247 1444 5316 obnoxie,
1477 5265 1540 5302 ac
1586 5265 1883 5306 servorum
1919 5250 2031 5305 ritu
2065 5250 2124 5304 in

479 5339 805 5413 psalmodis
836 5340 1166 5396 concinet.»
1199 5337 1643 5411 Ἐπιτεταγμένοι
1675 5349 1810 5395 sunt
1842 5340 1900 5395 in
1919 5339 2128 5411 Vulga-

479 5429 558 5485 tis
591 5429 811 5486 Lexicis
848 5452 867 5480 ι
905 5427 1125 5485 subditi
1158 5451 1177 5476 η
1209 5425 1298 5482 vel
1333 5449 1360 5476 ‹‹
1396 5426 1672 5492 ministri,
1698 5449 1718 5478 ι
1745 5429 2124 5497 quamobrem

481 5515 914 5594 ἐπιτεταγμένως
943 5518 1173 5574 videtur
1203 5515 1569 5572 existimasse
1598 5517 2005 5591 corrigendum
2034 5534 2126 5575 es-

481 5625 547 5666 se
575 5609 946 5680 Tilmannus,
979 5613 1154 5680 atque
1197 5606 1278 5662 ita
1307 5621 1549 5677 prorsus
1580 5605 1814 5663 exhibet
1843 5606 2126 5679 Scriptum

481 5698 630 5758 alter
653 5699 872 5771 Regius
893 5699 961 5756 Η.
989 5697 1401 5754 Verumtamen
1417 5694 1598 5754 series
1623 5696 1752 5768 ipsa
1773 5696 2125 5756 narrationis

2232 4715 2510 4770 dicuntur
2531 4711 2728 4768 traditi
2753 4713 2981 4766 Satanae
2999 4707 3352 4779 Hymenaeus
3372 4697 3803 4760 etAlsxanderI
3821 4697 3893 4752 ad

2232 4801 2490 4859 Timoth.
2525 4817 2566 4870 1,
2595 4802 2687 4856 20.

2303 4892 2420 4947 Col.
2452 4891 2559 4946 582
2607 4893 2652 4946 Α
2708 4891 2765 4945 2.
2802 4887 3076 4944 Salvator.
3126 4884 3253 4940 Non
3314 4885 3385 4938 ut.
3433 4883 3606 4937 antea
3660 4877 3893 4933 editum

2233 4980 2365 5047 fuit,
2396 4982 2459 5035 Et
2504 4979 2660 5035 homo
2711 4979 2901 5050 gratia
2957 4974 3262 5031 Saluatoris
3308 4971 3420 5026 dici
3462 4970 3632 5042 possit
3660 4967 3890 5023 nobilis.

2233 5069 2348 5125 Nec
2406 5069 2576 5124 aliter
2630 5067 2844 5140 legitur
2900 5065 2960 5120 in
3011 5065 3081 5120 H.
3131 5077 3306 5134 quam
3357 5060 3386 5114 ὁ
3435 5056 3575 5113 κατὰ
3612 5055 3708 5110 τὸν
3765 5059 3892 5107 Σωο

2232 5158 2512 5231 τῆρα,ερό
2550 5158 2797 5214 fortasse
2835 5153 3053 5211 rectius
3091 5151 3245 5225 apud
3286 5145 3892 5220 Procopium,p,208,

2235 5247 2490 5320 ascripta
2531 5250 2620 5303 est
2647 5245 2806 5303 varia
2856 5242 3028 5300 lectio
3075 5240 3166 5296 καὶ
3205 5239 3232 5294 ὁ
3262 5238 3399 5293 κατὰ
3450 5239 3622 5310 σάρκα
3680 5232 3894 5307 ἅνθρω-

2234 5357 2360 5405 πος,
2389 5343 2447 5394 et
2496 5336 2715 5393 idcirco
2755 5335 3047 5406 interpres
3097 5329 3396 5387 Curterius
3425 5326 3642 5384 vertit:
3680 5345 3705 5377 ι
3757 5323 3892 5395 Ipse

2237 5431 2545 5499 prepterea
2579 5426 2905 5482 secundum
2934 5436 3171 5478 carnem
3200 5419 3376 5476 homo
3409 5417 3592 5474 relato
3624 5414 3700 5471 ad
3716 5413 3895 5499 Davi-

2236 5498 2370 5571 dem
2397 5531 2609 5589 genere
2631 5513 2869 5570 nobilis.
2897 5533 2919 5563 ι
2947 5515 3033 5569 Ita
3057 5525 3211 5584 siepe
3239 5508 3398 5582 apud
3428 5498 3898 5589 Paulumappel-

2236 5605 2351 5662 lari
2401 5585 2633 5663 scimus
2691 5603 3012 5672 Christum,
3047 5596 3108 5654 ὶκ
3169 5596 3478 5672 σπέρματος
3537 5586 3708 5648 Δαϐὶδ
3755 5585 3896 5643 κατὰ

2242 5699 2435 5769 σάρκα,
2489 5695 2740 5752 Roman.
2787 5709 2828 5766 ι,
2878 5692 2953 5762 3;
3013 5694 3072 5747 et
3146 5685 3454 5766 ἰγνώκαμτν
3521 5681 3659 5738 κατὰ
3722 5678 3898 5751 σάρκα
