4138 6216
304 401 460 460 1109

1501 399 1575 458 ΙΝ
1627 397 2036 458 COMMENT.
2083 399 2162 457 ΙΝ
2209 398 2501 460 lSAIAM.

3554 398 3711 459 1110

300 531 556 604 Χριστόν,
618 530 641 584 Ι
699 530 962 586 Corinth.
1023 548 1090 603 ν,
1146 532 1252 586 16.
1312 530 1486 588 Paulo
1545 536 1676 604 post
1731 531 1922 586 nonni‘

2055 549 2222 603 τρως,
2264 551 2285 579 ι
2320 549 2453 588 cum
2502 547 2800 603 mensura,
2848 531 3170 599 moderate,
3217 553 3246 583 »
3293 531 3384 588 vel
3432 536 3497 588 ut
3525 535 3614 589 est
3643 535 3706 588 ut

297 620 380 677 hil
440 637 652 678 sensus
709 620 1065 677 immutatus
1124 625 1234 691 est,
1265 619 1388 674 ’ὁταν
1424 616 1514 673 διὰ
1560 619 1622 673 τὸ
1670 617 1951 694 προσεγγί-

299 715 431 778 ζειν,
463 733 492 760 ‹‹
526 709 756 782 quoties
790 727 896 766 nos
923 710 1086 783 ipsos
1110 711 1181 768 ab
1213 727 1279 767 eo
1302 709 1795 784 elongaverimus,
1821 726 1946 782 pro-

297 801 660 873 pinquamus
693 799 1002 872 perditioni
1030 817 1043 867 ;
1077 822 1106 850 »
1139 804 1198 856 at
1228 799 1286 854 in
1319 799 1546 873 psalmo
1577 816 1820 867 LXXXVII,
1858 799 1942 866 19,

297 909 327 938 «
363 887 465 960 qui
495 887 730 960 elogant
754 904 816 944 se
848 905 882 944 a
910 892 986 957 te,
1018 887 1310 961 peribunt.
1344 910 1374 939 »

365 976 482 1033 Col.
514 978 622 1032 586
650 977 692 1033 C
724 978 810 1034 15.
843 979 1101 1038 Orionem
1129 996 1255 1050 app.
1289 979 1484 1034 Alium
1511 977 1780 1034 eliciebat
1811 993 1942 1033 sen-

297 1083 430 1122 sum
460 1065 742 1135 Tilman.,
777 1089 804 1118 ‹‹
824 1065 924 1138 qui
947 1066 1034 1123 vel
1059 1072 1204 1124 teste
1226 1068 1529 1140 Scriptura
1549 1067 1723 1123 Orion
1753 1066 1940 1122 nomi-

291 1159 470 1211 natus
491 1159 600 1223 est,
625 1155 781 1227 quod
807 1155 865 1211 in
891 1172 1075 1212 unum
1095 1172 1306 1228 corpus
1329 1161 1667 1228 compactos
1689 1156 1782 1212 sit.
1798 1179 1818 1204 ι
1845 1157 1941 1210 Αι-

291 1245 391 1315 qui
415 1261 708 1316 nusquam
737 1243 793 1299 id
826 1248 1076 1301 testatur
1104 1246 1422 1317 Scriptura,
1455 1249 1683 1300 tantum
1707 1243 1940 1300 Orionis

291 1333 560 1388 meminit
613 1333 724 1388 Job
773 1350 1008 1401 xxxviii,
1063 1335 1122 1389 3|
1165 1352 1177 1388 :
1231 1333 1330 1388 Καὶ
1382 1333 1628 1406 φραγμὸν
1681 1330 1938 1406 Ὠρίωνος

284 1419 525 1493 ἤνοιξας⁶
562 1427 624 1479 Et
653 1433 865 1493 septum
897 1423 1114 1479 Orionis
1146 1425 1434 1495 aperuisti.
1476 1423 1700 1478 Rursus
1732 1423 1788 1477 in
1823 1424 1937 1477 line

287 1511 514 1584 paginae
544 1509 740 1582 μεταξὺ
768 1514 878 1564 τῶν
913 1514 1116 1585 μερῶν,
1151 1515 1419 1578 verterat,
1454 1511 1621 1583 quasi
1675 1516 1849 1576 esset,
1881 1508 1931 1563 ἐν

287 1599 437 1672 μέσῳ
456 1601 562 1652 τῶν
600 1602 803 1673 μερῶν,
838 1601 1020 1656 media
1052 1601 1109 1655 in
1141 1609 1302 1673 parte
1334 1601 1573 1656 Orionis.
1628 1601 1736 1655 Sed
1791 1606 1933 1654 Ara-

287 1694 386 1744 tus
416 1689 708 1744 noninter
739 1695 935 1761 partes
975 1689 1227 1757 Orionis,
1281 1706 1486 1744 verum
1535 1690 1686 1744 inter
1738 1695 1932 1762 partes

283 1778 719 1850 Arctophylacis
751 1795 848 1833 seu
886 1779 1074 1834 Bootae
1108 1778 1352 1835 collocat
1381 1780 1714 1834 Arcturum.

431 1883 537 1956 ᾧπὸ
569 1883 711 1956 ζώνῃ
742 1881 799 1937 δὲ
829 1884 879 1938 οἱ
913 1885 1076 1956 αὐτὸς

282 1956 371 2026 Ἐξ
401 1953 588 2011 ἄλλων
619 1952 946 2031 Ἀρκτοῦρος
980 1954 1249 2010 ἑλίσσεται
1270 1952 1520 2033 ἀμφαδὸν
1553 1957 1746 2028 ἁστῆξν

276 2066 435 2136 quod
468 2065 664 2121 Cicero
693 2064 778 2120 ita
803 2065 992 2131 vertit,

420 2173 558 2226 lluic
585 2175 766 2228 autem
793 2175 980 2228 subter
1009 2171 1316 2244 praecordia
1345 2173 1462 2241 ﬁxa
1495 2172 1716 2228 videtur

422 2245 595 2299 Stella
622 2246 834 2300 micans
863 2245 1040 2299 radiis
1071 2246 1333 2299 Arcturus
1362 2246 1587 2298 nomine
1606 2244 1771 2299 dicta.

274 2349 435 2405 Idem
473 2354 682 2405 Aratus
705 2351 775 2405 ab
797 2349 1240 2422 ArctOphylace,
1267 2367 1368 2406 seu
1394 2355 1587 2418 Boote,
1611 2350 1926 2424 distinguit

269 2438 362 2492 τὸν
400 2436 566 2511 μέγαν
601 2437 889 2511 Ὡρίωνα,«
923 2440 1735 2511 ωᾶςουῐῐιεοιοὶοιιθῐηρηιυθω
1761 2455 1921 2496 eum-

271 2529 406 2584 dem
434 2545 565 2584 esse
581 2545 714 2584 cum
734 2534 910 2584 Boote
924 2528 1015 2585 hic
1039 2529 1119 2584 ait
1137 2529 1410 2584 Basilius.
1436 2529 1643 2584 Noster
1656 2546 1784 2585 vero
1799 2529 1920 2585 Cla-

271 2618 402 2672 vius
423 2617 478 2670 in
505 2617 948 2674 commentariis
975 2618 1030 2672 in
1055 2618 1332 2690 Sphxram
1361 2619 1606 2674 Joannis
1630 2620 1700 2674 de
1715 2622 1920 2674 Sacro-

271 2708 453 2762 bosco
476 2707 665 2762 Boote:
690 2724 792 2762 seu
814 2707 1225 2780 Arctophylaci
1249 2707 1679 2764 constellationi
1704 2709 1920 2780 quintae

269 2795 482 2851 tribuit
522 2795 720 2851 stellas
758 2797 904 2852 duas
940 2803 996 2851 et
1027 2797 1254 2869 viginti,
1288 2797 1469 2852 tertiae
1493 2797 1917 2870 magnitudinis

264 2890 544 2956 quatuor,
577 2889 796 2956 quarta:
830 2902 1058 2956 novem,
1093 2887 1314 2958 quintae
1343 2886 1482 2941 item
1515 2904 1740 2953 novem,
1776 2902 1915 2958 que-

266 2975 655 3029 madmodum
688 2974 784 3030 hic
815 2974 1088 3042 Basilius,
1123 2977 1224 3032 sed
1256 2976 1454 3032 Orioni
1485 2975 1917 3032 constellationi

264 3061 578 3118 tricesima:
612 3063 832 3134 quintae
862 3063 1100 3136 inpertit
1126 3063 1327 3120 stellas
1380 3081 1622 3120 numero
1680 3065 1920 3136 triginta

263 3154 419 3215 octo,
455 3150 652 3221 prima:
686 3152 1110 3224 magnitudinis
1143 3153 1310 3222 duas,
1341 3154 1611 3208 secundae
1644 3159 1916 3224 quatuor,

266 3239 455 3294 tertiae
491 3244 643 3310 octo,
675 3247 892 3312 quartae
916 3242 1274 3313 quindecim,
1307 3246 1479 3298 sextis
1512 3242 1791 3315 quinque.
1825 3260 1918 3299 ne-

261 3328 536 3384 bulosam
572 3347 774 3385 unam.

336 3416 457 3472 Col.
489 3418 596 3472 587
626 3419 675 3472 A
704 3419 874 3487 2.Qui
904 3420 1266 3475 nimir-um.ln
1300 3420 1595 3475 F.tantum
1619 3425 1763 3490 erat,
1787 3416 1913 3489 ἔξω-

269 3515 354 3568 θεν
391 3501 747 3574 δηλονότι,ΘΧ
779 3508 995 3580 quibus
1027 3508 1378 3564 Tilmannus
1397 3515 1914 3580 expresserat,¢as-

265 3599 590 3665 sectantur,
627 3601 769 3666 puta
803 3597 1040 3666 Hebraei,
1077 3597 1175 3668 qui
1209 3597 1411 3652 istbzec
1454 3616 1666 3652 arcana
1694 3607 1914 3654 natura:

269 3684 443 3738 anxio
470 3683 669 3740 labore
710 3691 1222 3754 commentantur;
1255 3706 1282 3738 ι
1320 3694 1378 3742 at
1408 3687 1462 3740 in
1497 3687 1562 3742 H.
1592 3683 1780 3755 ἔξωθεν
1807 3689 1911 3739 τῶν

266 3773 396 3844 παρ’
453 3765 720 3846 Ἐϐραίων
763 3769 1021 3843 δηλονότι
1073 3772 1703 3850 πολυπραγμονούντων,
1755 3780 1810 3831 et
1856 3775 1914 3830 in

265 3859 501 3932 Anglic.
540 3865 602 3916 ut
632 3861 960 3930 edidimus;
996 3862 1191 3934 itaque
1233 3864 1498 3936 repetitio
1525 3863 1752 3918 articuli
1784 3881 1916 3920 sen-

265 3965 402 4004 sum
438 3948 732 4006 immutat.
794 3951 972 4006 Porro
1006 3951 1162 4007 idem
1197 3953 1262 4008 ll.
1299 3970 1401 4023 pro
1451 3949 1741 4026 ὑπόκιρῤον
1771 3952 1917 4009 scri-

265 4042 436 4109 ptum
470 4037 735 4094 exhibuit
767 4039 1074 4114 ὑπόκειρον,
1102 4042 1317 4114 Regius
1349 4041 1492 4097 alter
1525 4043 1582 4097 F.
1618 4038 1916 4114 ὑπόκηροψ

264 4126 369 4181 sed
402 4125 691 4196 interpres
718 4132 874 4184 recte
905 4129 1052 4184 vidit
1091 4130 1526 4185 emendandum
1582 4127 1915 4203 ὑπόπυρῥον,

264 4230 404 4270 cum
439 4238 466 4265 ‹‹
502 4216 916 4274 subrufescens
939 4235 969 4270 ι
995 4218 1346 4290 vertit,quod
1377 4220 1528 4290 apud
1556 4219 1916 4274 Aristotelem

267 4304 582 4374 reperitur,
635 4312 691 4362 et
739 4305 1157 4379 interpretatur
1200 4307 1422 4364 Plinius
1472 4331 1499 4358 ‹‹
1534 4308 1726 4364 mellei
1759 4308 1917 4364 colo-

266 4390 369 4446 ris.
407 4417 429 4444 ι
479 4392 726 4450 Pleiadis
759 4396 1026 4452 meminit
1053 4397 1162 4452 Job
1194 4414 1320 4468 cap.
1355 4415 1432 4464 ιχ,
1461 4398 1519 4452 9.

339 4480 485 4536 lbid.
520 4482 561 4537 C
591 4483 679 4553 42,
712 4485 1066 4543 Malediclus.
1099 4486 1218 4541 Etsi
1254 4487 1467 4558 Regius
1497 4487 1558 4542 F.
1609 4485 1919 4543 exhibebat

269 4565 667 4644 ἰπικατάρατος
713 4573 960 4643 Χαναὰν,
1023 4578 1218 4630 tamen
1283 4592 1477 4631 errore
1547 4574 1741 4631 nescio
1801 4591 1914 4647 quo

2054 619 2266 677 Joann.
2303 621 2390 676 34.
2426 619 2484 673 ἐκ
2517 621 2735 695 μέτρου,
2767 620 2838 677 ad
2866 637 3206 678 mensuram.

2085 732 2087 734 ·
2127 708 2246 764 Col.
2278 710 2383 764 599
2417 715 2450 762 Β
2482 712 2532 765 3.
2571 712 2750 780 Quare
2786 710 3050 767 absolute.
3103 710 3396 767 Omiserat
3444 709 3539 766 hic
3585 713 3702 766 tres

2055 798 2240 856 lineas
2263 800 2478 872 Regius
2501 799 2776 856 librarius
2805 801 2860 854 in
2886 805 2966 866 [θη
2992 800 3239 872 ideoque
3261 799 3610 857 Tilmannus
3635 815 3704 854 ex

2055 890 2251 945 codice
2283 889 2492 946 mutilo
2521 894 2792 959 verterat,
2829 911 2858 941 «
2891 907 3072 962 quare
3103 907 3172 946 ea
3202 889 3701 962 vastitas,quanto

2053 983 2209 1034 esset
2231 982 2493 1052 tempore
2513 981 2819 1049 duratura,
2851 978 3120 1036 absolute
3150 996 3266 1036 non
3296 979 3545 1052 aperuit.
3574 978 3700 1034 Non

2051 1069 2207 1124 enim
2242 1068 2363 1126 illo.
2399 1092 2426 1119 »
2461 1070 2688 1126 Rursus
2720 1069 2872 1125 intra
2902 1086 3004 1142 pro
3035 1065 3439 1136 ἀποτελεῖσθαι,
3473 1071 3537 1124 ut
3563 1066 3702 1123 scri-

2050 1166 2213 1230 ptum
2237 1158 2346 1214 fuit
2368 1159 2426 1214 in
2451 1159 2539 1228 F.,
2568 1158 2925 1216 existimavit
2955 1158 3246 1231 interpres
3269 1174 3330 1215 se
3350 1157 3564 1230 legisse
3595 1153 3698 1210 ἀπ-

2050 1244 2313 1316 ολεῖσθαι,
2346 1265 2482 1305 cum
2512 1249 2707 1319 vertit,
2749 1269 2771 1298 α
2805 1248 2987 1305 semel
3015 1249 3287 1320 disrupta
3318 1264 3434 1304 non
3479 1246 3698 1302 sinitur

2047 1338 2329 1408 deperire.
2367 1360 2388 1390 ι
2425 1339 2724 1394 Contrario
2757 1339 2927 1411 plane
2956 1355 3172 1395 sensu:
3207 1361 3234 1387 ‹‹
3271 1354 3406 1393 nam
3441 1336 3499 1391 in
3549 1334 3693 1391 locis

2047 1426 2321 1482 habitatis
2369 1429 2558 1499 perire
2602 1428 2836 1495 dicitur,
2887 1432 2951 1483 ut
2981 1428 3133 1499 apud
3167 1425 3511 1498 Procopium
3561 1442 3689 1497 pag.

2043 1515 2186 1570 2|8:
2223 1515 2401 1579 Ε’Ξωθε
2431 1515 2886 1590 παραθραύεσθαι,
2921 1539 2948 1568 κ
2984 1517 3138 1572 unde
3195 1515 3356 1570 illam
3400 1513 3689 1586 disrumpi

2045 1603 2438 1677 dissiparique
2467 1607 2772 1678 contingit.
2807 1629 2830 1658 ι

2114 1711 2230 1766 Col.
2266 1712 2372 1767 602
2395 1714 2441 1768 Α
2474 1713 2562 1768 10.
2599 1713 2919 1770 Obscenum.
2952 1719 3059 1768 Pro
3089 1708 3323 1765 κάθυλαν
3353 1710 3414 1766 in
3453 1727 3564 1766 ms.
3599 1711 3686 1776 F.,

2043 1802 2413 1859 emendatius
2444 1801 2502 1857 in
2533 1802 2666 1858 aliis
2690 1800 2926 1856 κάθυλον
2957 1801 3283 1874 legebatur,
3317 1801 3472 1873 quod
3491 1804 3688 1855 tamen

1963 1895 2009 1960 Β
2042 1891 2115 1945 ab
2145 1887 2421 1956 ὑλακτεῖν,
2455 1893 2610 1962 quod
2634 1897 2724 1947 est
2753 1913 2781 1941 «
2812 1891 3047 1958 latrare,
3082 1913 3111 1940 »
3163 1907 3280 1946 non
3336 1888 3683 1945 deducitur:

2043 1995 2112 2034 ne
2143 1995 2274 2034 cum
2309 1980 2620 2035 Tilmanno
2651 1980 2746 2035 hic
2778 1985 2991 2041 vertas,
3027 2003 3054 2031 «
3087 1979 3410 2045 oblatrans,
3445 2000 3473 2027 »
3505 1979 3606 2034 sed
3623 1977 3686 2032 τὸ

2037 2062 2251 2136 ἔνυλον,
2286 2066 2319 2135 ἢ
2356 2066 2566 2136 ὑλικὸν,
2607 2067 2642 2136 ἢ
2681 2065 2893 2137 ὑλαῖον,
2929 2091 2957 2120 ‹‹
2993 2069 3146 2140 quod
3181 2066 3482 2123 materiale
3511 2072 3620 2137 est,
3657 2089 3680 2118 ι

2039 2161 2102 2212 ut
2123 2155 2398 2231 πρόσυλον
2434 2181 2462 2208 ‹‹
2503 2158 2656 2230 quod
2693 2157 2951 2213 materiae
2983 2157 3261 2227 adhaeret,
3289 2156 3446 2227 quod
3475 2172 3684 2210 carna-

2035 2245 2086 2300 le
2110 2252 2219 2312 est,
2253 2271 2281 2297 ››
2314 2249 2384 2304 ab
2416 2244 2519 2317 ὕλη
2557 2247 2709 2318 quod
2747 2248 2900 2319 apud
2929 2245 3231 2318 theologos
3262 2231 3466 2300 sordes
3492 2244 3682 2300 faeces-

2034 2352 2148 2406 que
2171 2337 2503 2392 mundanas
2526 2335 2840 2410 significat.
2865 2334 2956 2391 Sic
2982 2335 3271 2406 interpres
3294 2332 3558 2404 Procopii
3581 2328 3678 2402 δη-

2033 2419 2145 2477 λῶν
2173 2422 2406 2479 κσὶΟυλον
2433 2423 2522 2478 καὶ
2563 2423 2942 2497 ἐσκοτισμένον
2973 2419 3254 2496 ξδαίμονα,
3299 2446 3327 2473 (ι
3379 2427 3443 2478 ut
3472 2423 3680 2478 obsce-

2034 2531 2172 2568 num
2196 2519 2254 2569 et
2273 2515 2659 2587 caliginosum
2683 2515 3006 2570 daemonem
3036 2511 3386 2569 indicaret.»
3409 2511 3501 2567 Sic
3521 2512 3678 2584 apud

2035 2603 2385 2674 llesycbium
2447 2602 2849 2674 καθυλομανεῖν
2909 2607 2998 2658 est
3055 2598 3191 2670 ὕλην
3245 2597 3393 2675 ἔχειν
3434 2597 3676 2669 τὲολλνςν.

2029 2691 2190 2755 Quod
2227 2695 2420 2756 autem
2453 2690 2714 2763 sequitur
2743 2692 2813 2746 de
2867 2689 3302 2760 onocentauris,
3355 2689 3504 2745 hanc
3549 2705 3681 2744 esse

2031 2780 2277 2835 alteram
2311 2781 2644 2836 daemonum
2666 2781 3128 2852 speciem,quam
3155 2777 3363 2851 reliqui
3393 2779 3678 2850 interpre-

2031 2873 2118 2924 tes
2147 2869 2528 2924 nominarunt
2578 2868 2861 2924 Hebraica
2910 2885 3042 2924 voce
3091 2867 3259 2936 Siim,
3310 2867 3382 2922 ab
3429 2866 3675 2922 Eusebio

2031 2973 2265 3029 quoque
2323 2958 2602 3013 traditum
2634 2963 2723 3014 est
2751 2959 2926 3012 citato
2975 2957 3032 3012 in
3091 2955 3345 3012 editione
3371 2955 3674 3026 Vaticana,

2028 3042 2146 3097 ἀντί
2193 3046 2288 3097 τοῦ
2340 3043 2721 3120 ἀνοκὲνταυροι
2770 3042 2928 3098 σείειν
2979 3041 3304 3118 ἀνέγραψαν,
3357 3066 3386 3093 ››
3444 3044 3514 3098 Et
3570 3059 3673 3116 pro

2029 3134 2408 3190 onocentauri
2441 3135 2807 3206 scripserunt
2837 3134 2970 3190 siim
3005 3156 3034 3184 »
3061 3152 3074 3190 :
3105 3135 3260 3207 quod
3295 3141 3488 3189 tamen
3536 3149 3673 3188 con-

2029 3223 2235 3278 sistere
2286 3240 2400 3278 non
2454 3227 2643 3294 potest
2673 3240 2805 3278 cum
2837 3239 2924 3290 eo,
2958 3223 3114 3294 quod
3145 3222 3360 3278 ibidem
3407 3221 3489 3276 ait
3517 3221 3672 3276 idem

2029 3311 2334 3380 Eusebius,
2369 3311 2506 3366 Ἀντὶ
2541 3315 2636 3365 τοῦ
2668 3312 2832 3386 θηρία
2863 3310 3018 3365 σείειν
3067 3311 3118 3364 οἱ
3159 3309 3346 3366 λοιποὶ
3405 3309 3671 3384 ἑρμηνευ-

2022 3402 2110 3454 ταὶ
2143 3398 2490 3469 ἐκδεδώκασι,
2531 3426 2550 3450 ι
2581 3407 2683 3457 Pro
2708 3403 2925 3472 bestize,
2948 3401 3136 3457 caeteri
3169 3401 3519 3472 interpretes
3550 3399 3671 3455 edi-

2025 3493 2239 3546 derunt
2269 3491 2381 3547 siin
2421 3519 2440 3540 υ
2467 3508 2480 3546 :
2512 3508 2698 3562 neque
2729 3492 2872 3548 adeo
2900 3508 3034 3547 cum
3065 3491 3193 3563 ipso
3225 3495 3383 3546 textu
3410 3489 3667 3562 Hebraeo,

2026 3597 2094 3636 ex
2125 3598 2239 3652 quo
2270 3581 2571 3653 Pagninus
2607 3592 2741 3641 cur
2771 3583 2923 3636 lsiim
2964 3581 3165 3636 Latine
3209 3578 3435 3647 extulit,
3490 3579 3669 3635 bestia

2024 3672 2335 3733 silvestres,
2396 3674 2452 3724 et
2529 3687 2631 3740 pro
2709 3681 2933 3736 unum!
3014 3670 3302 3741 seghirim,
3376 3668 3673 3734 daemones,

2025 3757 2192 3812 Arias
2220 3761 2530 3813 Montanus
2563 3775 2697 3813 cum
2722 3759 2949 3830 Aquila,
2977 3759 3146 3830 pilosi
3182 3761 3243 3813 at
3290 3757 3677 3828 Septuaginta

2026 3843 2428 3916 ὀνοκὲνταυροι.
2467 3850 2766 3900 Postremo
2811 3846 2977 3912 illud,
3031 3846 3165 3918 μετὰ
3210 3845 3308 3912 τήν
3370 3842 3672 3918 ἐρήμωσιν,

2025 3933 2332 4001 vertimus,
2363 3941 2646 4004 postquam
2676 3935 2906 3990 redacta
2950 3937 3121 4004 fuerit
3169 3935 3229 3988 in
3287 3933 3673 3998 solitudinem,

2030 4027 2095 4078 ut
2123 4027 2294 4078 antea
2322 4027 2465 4093 erat,
2498 4027 2560 4078 ut
2590 4023 2735 4080 locus
2764 4025 3106 4079 assimiletur
3137 4023 3427 4094 Babyloni
3454 4025 3511 4077 in
3543 4023 3676 4078 soli-

2026 4111 2273 4167 tudinem
2303 4111 2633 4183 redigenda.

2099 4217 2218 4274 Col.
2249 4219 2515 4273 607Α4.
2575 4219 2739 4274 Terra
2795 4218 2927 4274 haec.
2989 4217 3112 4276 Non
3171 4216 3339 4282 dixit,
3399 4216 3501 4271 οὐκ
3554 4211 3671 4290 ἔχει

2032 4303 2244 4381 μερίδα,
2292 4307 2394 4363 sed
2445 4305 2542 4360 οὐκ
2589 4303 2698 4361 ἔστι
2745 4305 2942 4381 piper:
2993 4325 3062 4364 ne
3092 4307 3256 4363 locus
3287 4307 3366 4362 sit
3422 4305 3672 4362 versioni

2025 4395 2273 4467 vulgatae
2305 4401 2499 4463 antea,
2532 4418 2559 4446 «
2601 4397 2779 4452 Terra
2809 4397 2929 4452 haec
2983 4395 3206 4452 nullam
3239 4395 3415 4452 habet
3447 4401 3672 4467 partem

2028 4501 2163 4540 cum
2195 4501 2282 4555 ea,
2315 4485 2385 4540 de
2415 4503 2531 4556 qua
2561 4486 2829 4556 subjecta
2857 4485 3172 4541 maledicto
3205 4485 3427 4540 dictum
3457 4487 3578 4540 est:
3610 4485 3674 4538 In.

2026 4573 2327 4640 doloribus,
2361 4595 2390 4624 »
2421 4579 2529 4631 etc.
2565 4575 2792 4631 Rursus
2825 4579 3075 4630 verterat
3106 4575 3420 4646 interpres,
3451 4565 3671 4641 Ἰακὼϐ,

268 4627 592 4731 scripserat
612 4627 925 4734 interpres,
947 4627 988 4714 ἰ(
1010 4627 1760 4734 011δωῖ111ξυί
1782 4627 1915 4720 ciiii-

2036 4660 2080 4715 ἕν
2111 4627 2343 4736 γειώραν
2378 4663 2584 4740 Γραφή,
2635 4664 2820 4733 Jacob,
2872 4665 3024 4720 dicto
3073 4666 3130 4720 in
3184 4627 3483 4735 Seliiplu'ra
3511 4627 3672 4736 γειώζ

265 4748 544 4805 tristatus
577 4754 721 4806 erat.
756 4773 785 4802 »
830 4754 994 4807 Certe
1041 4751 1284 4809 Genesis
1328 4769 1405 4819 ιχ,
1447 4754 1538 4824 25,
1591 4771 1704 4809 non
1748 4753 1916 4810 aliter

263 4832 544 4906 legimus,
576 4833 963 4913 ἐπικατάρατος
997 4837 1216 4892 Χαναᾶτ
1244 4843 1390 4907 παῖς,
1423 4842 1744 4897 Malediclus
1771 4841 1912 4898 Cha-

2024 4770 2142 4825 ρας,
2174 4752 2340 4824 quasi
2373 4751 2551 4809 Jacob
2586 4753 2707 4825 ipse
2741 4753 2818 4809 sit
2875 4754 3070 4808 dictus
3128 4752 3386 4827 γειώρας.
3423 4757 3541 4807 Imo
3574 4768 3676 4823 per

2022 4841 2204 4898 Jacob
2226 4841 2500 4914 intelligit
2521 4842 2801 4914 populum
2830 4841 3335 4912 lsraeliticum,cui
3368 4843 3463 4911 qui
3491 4858 3552 4896 se
3569 4841 3672 4895 ad-

255 4940 440 4996 nuam
467 4941 624 4996 puer.
658 4927 838 4984 Paulo
858 4932 991 5000 post
1020 4930 1386 4986 emendanda
1415 4934 1503 4985 est
1531 4930 1722 4986 versio
1752 4951 1775 4981 ι
1810 4930 1914 4985 sed

2036 4931 2234 5001 iungit,
2265 4931 2499 5006 γειώρας
2527 4937 2584 4987 et
2612 4928 2983 5004 προσγςλυτος,
3017 4953 3045 4980 ‹‹
3093 4931 3338 4996 advena,
3377 4952 3405 4981 ››
3457 4930 3676 4985 dicitur

263 5013 521 5085 germini
555 5015 705 5086 ejus,
736 5021 793 5072 et
822 5017 983 5089 operi
1031 5017 1242 5090 ipsius,
1274 5019 1427 5089 quod
1476 5019 1720 5091 ﬁgurate
1761 5018 1913 5075 Cha-

265 5117 424 5156 naan
457 5103 833 5160 nominatur;
867 5124 893 5156 ν
934 5122 1049 5161 non
1077 5106 1234 5161 enim
1279 5106 1472 5163 Graece
1500 5112 1588 5164 est
1618 5103 1706 5160 διὰ
1733 5105 1796 5161 τὸ
1827 5099 1913 5180 ἔρ-

263 5209 389 5265 γον,
425 5193 526 5247 sed
559 5192 646 5246 καὶ
676 5197 755 5266 τῷ
787 5191 926 5270 ἔργω
949 5193 1132 5250 αὐτοῦ·

338 5280 460 5336 Col.
511 5283 617 5338 598
665 5287 713 5338 A
760 5287 814 5339 2.
871 5284 1006 5340 Cum
1052 5301 1330 5341 mensura.
1374 5286 1460 5342 Ἐν
1497 5286 1678 5360 μέτρῳ
1711 5287 1913 5360 priete-

261 5370 434 5425 rebat
464 5371 524 5426 F.
577 5371 951 5446 Tilmannus,
993 5395 1020 5426 ιι
1062 5375 1134 5430 ad
1164 5375 1512 5447 exigendam
1544 5378 1614 5432 de
1644 5376 1759 5442 his,
1812 5375 1913 5447 qui

257 5477 576 5533 perperam
599 5462 888 5534 vixerunt,
913 5481 1093 5538 preme
1115 5464 1522 5522 diversionem.
1546 5489 1572 5516 »
1598 5467 1913 5538 Procopius

260 5547 342 5611 εἷς
399 5548 462 5603 τὸ
508 5548 768 5621 κολάζειν
819 5549 871 5606 ἐν
921 5552 1105 5626 μέτρῳ
1151 5554 1280 5616 τοὺς
1322 5557 1501 5617 κακῶς
1557 5547 1914 5629 βεϐιωκότας,

259 5662 290 5690 ι(
327 5642 389 5694 et
417 5638 489 5694 ad
518 5657 720 5712 poenas
749 5643 923 5716 digne
955 5644 1026 5699 de
1047 5642 1368 5715 sceleratis,
1392 5650 1450 5701 et
1479 5661 1612 5700 cum
1635 5660 1915 5700 mensura

259 5727 605 5800 exigendas.
655 5753 686 5783 »
730 5734 805 5789 At
847 5732 909 5790 in
963 5730 1141 5807 Regio
1179 5729 1248 5791 H.
1290 5738 1414 5792 erat
1446 5738 1508 5791 ut
1536 5733 1596 5789 in
1625 5735 1690 5790 A.
1741 5729 1912 5806 ἆμμᾶ-

2025 5023 2090 5074 ut
2145 5018 2324 5076 Exodi
2382 5037 2483 5088 XII,
2547 5021 2653 5075 192
2732 5017 3276 5092 Ἐξολοορευθήσεται
3336 5011 3388 5073 ἔν
3441 5037 3499 5071 τε
3553 5021 3672 5076 τοῖς

2020 5107 2276 5182 γειώραις
2306 5107 2395 5162 καὶ
2429 5107 2726 5182 αὐτόχθοσι
2775 5108 2874 5176 τῆς
2923 5113 3050 5182 γῆς’
3103 5109 3313 5164 Peribit
3355 5110 3519 5179 inque
3571 5105 3672 5160 ad-

2022 5200 2175 5255 venis
2203 5203 2258 5259 et
2285 5197 2596 5268 indigenis;
2630 5202 2686 5253 et
2717 5198 2776 5252 in
2806 5198 3007 5253 eodem
3034 5199 3401 5270 capite,vers.
3424 5197 3528 5250 49:
3565 5190 3671 5246 Νό-

2027 5306 2128 5359 μος
2185 5288 2261 5347 εἷς
2315 5283 2460 5341 ἔσται
2520 5289 2600 5358 τῷ
2658 5284 2912 5360 ἐγχωρίῳ
2976 5284 3064 5339 καὶ
3130 5289 3210 5357 τῷ
3283 5279 3621 5359 προσηλύτῳ
3655 5298 3669 5311 ·

2022 5379 2138 5432 Lex
2168 5393 2280 5431 una
2309 5378 2414 5431 erit
2445 5377 2718 5446 indigena:
2747 5379 2797 5430 et
2829 5375 3072 5429 advenas.
3107 5373 3423 5445 Utrobiqus
3454 5376 3544 5427 est
3571 5371 3677 5426 He-

2022 5466 2177 5521 braea
2235 5483 2344 5520 vox
2387 5476 2450 5526 Ἶλ
2505 5483 2622 5537 ger,
2685 5481 2811 5536 qua:
2869 5469 2926 5518 et
2956 5463 3188 5538 γειώρας
3240 5467 3297 5518 et
3324 5456 3674 5536 προσήλυτος

2021 5555 2290 5610 vertitur.
2325 5554 2560 5626 PrOprie
2591 5553 2826 5627 γειώρας
2858 5559 2946 5607 est
2976 5551 3003 5605 ὁ
3033 5557 3134 5624 γῆν
3178 5549 3358 5624 ὡρῶν,
3409 5552 3506 5622 qni
3562 5559 3672 5605 ter-

2021 5660 2150 5698 ram
2178 5645 2437 5699 custodtt.
2472 5640 2816 5716 Hesychius,
2853 5640 3107 5716 γειώρας,
3139 5637 3376 5716 γείτονας
3409 5637 3459 5708 ἐξ
3491 5634 3670 5691 ἄλλου

2028 5733 2236 5807 γένους,
2266 5730 2660 5806 καλουμένους,
2691 5726 2727 5799 ἢ
2768 5726 2895 5792 τοὺς
2926 5727 3048 5806 περὶ
3077 5729 3176 5799 τήν
3220 5735 3324 5806 γῆν
3381 5724 3672 5784 διαπονου-
