4138 6216
478 418 661 481 *1111
1714 417 1949 478 ΝΟΤΛΕ
1992 416 2194 477 FRON

2311 417 2434 476 Nl?»
2480 418 2737 481 DUC/El
3752 416 3875 474 1112

525 549 747 623 μένους.
784 570 815 600 ‹‹
848 548 1060 620 Γεώρας
1090 547 1326 619 exponit
1346 546 1568 603 vicinos
1600 563 1666 603 ex
1713 548 1828 605 alia
1855 554 2049 621 gente,
2082 548 2167 604 vel

2305 566 2387 604 ;ur
2417 553 2473 605 et
2501 549 2557 605 in
2592 550 2856 606 centuria
2900 550 2936 605 5
2980 552 3426 618 Proverbiorum,
3474 549 3547 603 9:
3598 544 3877 620 Γυμνότερος

523 657 645 706 eos,
678 639 781 712 qui
813 637 1058 694 colenda
1091 636 1299 691 tellure
1328 642 1709 708 occupantur.
1735 661 1763 688 ››

2305 636 2480 711 ιπὲρου
2509 637 2599 692 καὶ
2632 632 2948 712 λεϐηρίδος’
2983 663 3011 691 ‹‹
3038 640 3262 696 Nudior
3282 638 3506 712 pistillo
3536 641 3591 693 et
3615 635 3877 707 leberide,»

594 729 722 787 Col.
760 727 937 783 6MB
985 727 1041 781 3.
1096 732 1207 782 Pro
1247 729 1502 799 peccatis.
1566 730 1629 782 In
1689 727 1864 799 Regio
1923 731 2171 797 utroque

2305 734 2336 783 ιι
2365 726 2703 803 Γυμνότερος
2735 727 3032 800 παττάλου,
3061 753 3089 781 ‹‹
3124 730 3348 786 Nudior
3378 728 3557 799 clavo,
3580 750 3605 776 ‹‹
3633 727 3696 781 de
3720 725 3878 780 homi-

522 822 644 880 ταῖς
676 814 962 891 ἁμαρτίαις
1010 814 1159 886 lego,
1209 833 1326 871 non
1377 814 1471 875 τὰς
1520 812 1809 887 ἁμαρτίας,
1852 820 1915 870 ut
1942 817 2174 870 videtur

2305 816 2458 873 nibus
2489 818 2912 890 egentissimis.

528 905 817 977 interpres
848 901 1135 973 corrigere
1180 901 1459 972 vomis”:
1511 902 1797 973 scribe”,
1842 925 1870 953 ί(
1905 903 2173 975 ρτορθεί·
2356 914 2473 970 Col.
2504 917 2610 971 634
2642 920 2679 973 C
2712 918 2797 973 13.
2832 919 3063 975 Nomine
3090 919 3261 973 enim.
3311 918 3371 971 F.
3414 915 3513 984 τὴν
3560 912 3657 987 γὰρ
3708 905 3880 968 Ναϐἀὸ.

529 1009 665 1048 nem
695 990 1010 1056 trueident,
1047 1006 1258 1060 nempe
1288 994 1559 1061 peccata:
1597 1012 1624 1040 »
1657 992 1757 1046 sed
1792 990 1901 1047 hoc
1932 992 2013 1047 ait
2064 991 2177 1047 Ba-

2305 1003 2446 1059 tlter
2470 1010 2662 1060 autem
2698 1010 2834 1078 Reg.
2866 1010 2925 1061 A.
2966 999 3170 1061 Ναϐαὖ.
3221 1004 3327 1060 (lui
3381 1004 3729 1073 suffragatur
3750 1000 3884 1055 Vati-

529 1083 725 1152 δίὶῖυε,
757 1105 786 1133 (ί
818 1082 1030 1137 αἰλίσιδὲ
1060 1099 1178 1137 sua?
1200 1082 1351 1138 fetus
1383 1083 1653 1138 OCGidﬂDt
1681 1084 1990 1156 Peccatit‘,"
2025 1086 2180 1140 unde
2289 1110 2436 1149 cana
2464 1094 2664 1163 editio,
2699 1095 2864 1168 Angl.
2903 1088 3100 1164 Ναϐἇν,
3134 1099 3191 1150 et
3221 1097 3414 1150 textus
3435 1092 3628 1149 editus
3647 1106 3765 1145 cum
3786 1088 3888 1144 Pro-

531 1172 803 1243 subjicit:
841 1194 867 1221 ‹‹
903 1170 1024 1227 Nisi
1049 1172 1204 1226 enim
1227 1171 1341 1244 ipsi
1371 1172 1694 1228 moriamur
1720 1181 1951 1245 peccato
1980 1191 1992 1230 :
2021 1197 2047 1223 ››
2069 1190 2180 1245 qua
2290 1181 2477 1254 copio,
2510 1182 2799 1255 interpres
2830 1184 2984 1240 male
3033 1207 3059 1234 ‹‹
3092 1184 3276 1239 Nabo.
3312 1204 3340 1232 η
3376 1181 3487 1237 Sed
3533 1179 3715 1235 verior
3750 1177 3889 1234 lectio

530 1262 756 1318 ratione
784 1261 1047 1333 loquitur
1090 1261 1161 1316 de
1210 1261 1524 1334 Apostolus
1574 1263 1646 1317 ad
1690 1266 1935 1318 Roman.
1981 1280 2057 1333 VI,
2107 1265 2179 1319 22
2290 1270 2520 1326 videtur
2565 1265 2771 1338 Ναϐαὖ,
2825 1274 2996 1345 cujus
3044 1271 3401 1346 etymologia
3449 1275 3505 1326 et
3532 1267 3889 1339 interpretatio

531 1348 739 1412 ΟἹτινες
796 1348 1131 1421 ἀπεθάνομεν
1190 1352 1257 1421 τῇ
1332 1348 1592 1423 ἁμαρτῖα·
1660 1351 1765 1419 Qui
1819 1354 2029 1407 mortui
2084 1368 2183 1407 su-

2305 1359 2579 1433 axplicatu
2607 1361 2997 1433 difficilis,etsi
3022 1365 3332 1417 annotarat
3349 1358 3754 1415 Tilmannusin
3773 1373 3894 1410 mar-

154 5810 171 5839 ,⁸
206 5834 213 5843 .

154 5864 225 5905 ut";

154 5908 213 5943 ξηι-

206 5834 213 5843 ο

202 5878 217 5889 πο

192 5898 225 5905 ιι.

192 5914 213 5933 ³·-

250 5794 275 5811 .H

242 5858 257 5869 ρ

533 1457 655 1495 mus
680 1443 917 1511 peccato.
980 1439 1074 1495 Sic
1106 1438 1251 1493 dixit
1307 1444 1478 1494 antea
1538 1439 1807 1502 Basilius,
1865 1438 1941 1500 εἰς
1972 1440 2181 1516 σφαγὴν

533 1532 654 1589 ταῖς
687 1526 999 1602 ἁμαρτίαις.
1036 1527 1214 1583 Paulo
1246 1532 1381 1600 post
1411 1531 1660 1583 verterat
1688 1527 1964 1595 Tilman.,
2000 1550 2023 1580 (ι
2082 1530 2187 1583 im-

536 1618 692 1691 pleat
722 1623 941 1674 terram
978 1617 1165 1684 bellis,
1200 1639 1226 1667 ››
1262 1619 1428 1689 quasi
1465 1616 1703 1689 legisset
1725 1617 1782 1672 in
1808 1619 1867 1673 F.
1902 1615 2187 1690 πολέμων,

544 1710 645 1782 qui
685 1714 883 1765 tamen
930 1709 1212 1780 scriptum
1264 1710 1529 1765 exhibuit
1583 1706 1823 1775 πόλεων,
1883 1714 1947 1765 ut
2001 1712 2187 1766 caeteri

544 1814 690 1854 mss.
733 1798 988 1854 Vulhata
1021 1798 1224 1853 Latina
1260 1799 1428 1867 dixit,
1459 1815 1630 1871 neque
1656 1800 1959 1870 implebunt
1987 1802 2186 1871 [aciem

2294 1450 2429 1521 gine
2457 1459 2549 1510 1::
2580 1450 2823 1522 loquela,
2855 1451 3160 1523 praphetia,
3191 1452 3398 1507 sessio:
3456 1464 3644 1519 neque
3671 1445 3804 1501 enim
3846 1444 3893 1497 in

2298 1541 2558 1595 Thesauro
2612 1540 2843 1597 Hebraeo
2900 1539 3142 1612 Pagnini
3204 1537 3426 1610 reperio
3496 1535 3686 1602 aliud,
3754 1549 3896 1604 quam

2296 1638 2501 1695 nam,
2524 1645 2650 1699 quae
2681 1644 2791 1683 vox
2815 1628 3183 1701 prophetiam
3211 1644 3312 1683 seu
3344 1625 3686 1682 vaticinium
3734 1627 3893 1687 sonat,

2299 1734 2591 1789 nusquam
2627 1717 2970 1773 sessionem.
3003 1717 3116 1773 Sed
3147 1726 3239 1779 ’πλε
3269 1732 3447 1787 nagar
3492 1714 3735 1769 vertitur
3779 1708 3901 1784 ὲγκα·

2299 1803 2462 1874 θίζειν
2494 1804 2813 1861 Ezechielis
2843 1822 3008 1871 xxxv,
3066 1806 3140 1861 5:
3203 1803 3306 1859 Καὶ
3363 1799 3667 1861 ἐνεκάθισας
3719 1803 3790 1870 τῷ
3835 1794 3899 1850 οἳ-

542 1889 692 1944 orbis
717 1888 1026 1943 civitatum.
1063 1891 1127 1941 At
1153 1888 1214 1942 in
1246 1888 1523 1944 Vaticana
1553 1888 1693 1942 edit.
1752 1885 2037 1959 πολέμων,
2072 1890 2188 1944 bet-

2305 1914 2379 1965 κῳ
2428 1891 2651 1966 Ἰσραὴλ
2719 1889 2920 1965 δόλῳε
2980 1896 3042 1949 Et
3107 1894 3404 1950 tetenderis
3464 1891 3779 1946 inimicitias
3827 1887 3900 1942 do-

544 1978 698 2044 lis,et
728 1980 1048 2033 annotatur
1069 1977 1126 2031 in
1161 1977 1518 2049 quibusdam
1554 1976 1853 2049 libris'legi
1882 1977 2188 2050 πολεμίων,

545 2067 811 2135 hostibus,
834 2070 890 2122 et
937 2065 1280 2121 Hebraicam
1329 2083 1525 2122 vocem
1561 2066 1890 2138 significare
1920 2085 2093 2141 posse
2125 2084 2193 2124 ex

543 2156 833 2212 sententia
867 2155 1197 2228 Hieronymi
1231 2157 1480 2211 civitates
1510 2161 1564 2211 et
1594 2159 1965 2214 adversarios.

616 2262 736 2318 σοι.
767 2262 874 2318 615
903 2261 943 2317 C
970 2263 1022 2316 3.
1066 2263 1332 2318 Aiuersus
1364 2262 1598 2334 ineptos.
1660 2262 1891 2319 Mallem
1951 2263 2196 2319 dixisset

546 2375 574 2403 (ι
607 2367 745 2423 erga
794 2350 1207 2421 simpliciores,
1260 2374 1287 2401 ››
1343 2350 1427 2407 vel
1477 2352 1816 2407 innocentes
1846 2356 1904 2407 et
1954 2353 2196 2408 minime

548 2439 754 2497 malos.
788 2462 814 2491 υ
855 2439 923 2495 Ut
954 2440 1013 2494 in
1047 2439 1341 2511 psalmum
1373 2457 1549 2495 xxvm
1606 2440 1782 2495 dixit:
1843 2440 1931 2501 Ὠς
1988 2433 2194 2515 πρόϐα-

546 2548 640 2582 τον
672 2525 759 2580 διὰ
791 2526 849 2579 τὸ
881 2526 1085 2601 ἥμερον
1120 2528 1206 2580 καὶ
1245 2524 1593 2599 μεταδοτικὸν
1646 2525 1858 2603 λέγεται
1911 2529 1938 2582 ὁ
1990 2529 2144 2601 ἅγιος
2179 2546 2191 2559 ·

551 2641 581 2669 ‹‹
616 2618 709 2673 Sic
738 2622 795 2673 et
823 2616 945 2673 ovis
976 2618 2069 2689 dicitursanctus,quiamansuetus,et
2091 2636 2198 2673 sua

553 2706 825 2779 dispertit
856 2706 914 2760 in
947 2723 1279 2762 commune.
1334 2729 1361 2756 »
1406 2708 1627 2787 _Auctsr
1667 2706 1856 2778 Operis
1888 2707 2201 2779 imperfecti

552 2795 759 2851 bomil.
793 2795 852 2850 in
881 2795 1071 2851 Matth.
1111 2812 1123 2850 :
1151 2818 1178 2846 ‹‹
1228 2796 1608 2851 Manifestum
1643 2802 1731 2851 est
1762 2797 1900 2868 quia
1930 2814 2064 2853 oves
2096 2815 2197 2869 ap-

551 2884 731 2958 pellat
758 2885 1675 2957 propterimansuetudinem,non
1699 2886 1972 2942 timentes
1999 2890 2195 2941 autem

555 2978 736 3031 Deum
770 2973 945 3046 lupos
977 2979 1214 3047 propter
1247 2973 1676 3029 crudelitatem.
1709 2995 1735 3023 »

620 3079 743 3136 Col.
774 3082 880 3135 623
912 3082 972 3137 C.
1005 3082 1059 3136 7.
1092 3082 1161 3136 Et
1188 3081 1413 3136 idcirco.
1438 3080 1539 3134 Καὶ
1570 3076 1660 3134 διὰ
1704 3083 1864 3134 τοῦτο
1910 3081 2196 3152 scriptum

549 3170 786 3226 exhibet
820 3171 903 3239 ἢ,
934 3177 993 3224 at
1021 3170 1077 3224 in
1114 3172 1227 3225 line
1259 3169 1467 3241 capitis
1501 3172 1559 3225 in
1610 3171 2037 3226 Commentario
2085 3175 2196 3225 Ba-

2297 1987 2418 2039 mui
2440 1982 2650 2051 Israel;
2690 1987 2747 2038 et
2780 1981 3171 2039 Ecclesiastici
3204 2000 3323 2050 VIII,
3362 1981 3442 2047 Hi,
3472 1981 3673 2035 eadem
3704 1976 3901 2032 notione

2304 2076 2623 2144 usurpatur
2650 2073 2889 2128 verbum
2927 2069 3220 2146 ἐγκαθίζειν
3266 2071 3380 2125 ’Ἰνα
3435 2068 3510 2140 μὴ
3564 2063 3806 2140 ἑγκαθίσῃ
3843 2064 3903 2124 ὡς

2299 2157 2515 2236 ἓνεδρον
2545 2163 2626 2231 τῷ
2681 2159 2911 2232 στόματί
2941 2177 3075 2217 aeu:
3126 2161 3203 2217 Ne
3259 2160 3445 2216 sedeat
3493 2156 3658 2228 quasi
3707 2154 3906 2209 insidia-

2301 2257 2387 2308 tor
2416 2253 2502 2306 ori
2520 2254 2631 2306 tuo.
2663 2250 2785 2306 Vox
2814 2254 3010 2307 tamen
3065 2252 3196 2322 ipsa
3254 2246 3584 2324 trustees;
3642 2260 3813 2317 neque
3858 2242 3908 2297 in

2306 2341 2510 2397 Graeca
2539 2340 2754 2409 linguae
2787 2341 3058 2397 Thesauro
3088 2339 3394 2411 reperitur.

2377 2438 2493 2495 Col.
2525 2439 2632 2493 638
2662 2439 2702 2495 Ο
2734 2438 2821 2495 13.
2854 2440 3157 2511 Appetitas,
3190 2434 3409 2510 ὀρέξεις.
3440 2435 3590 2492 Male
3637 2436 3795 2489 antea
3834 2446 3911 2486 er-

2306 2545 2434 2585 rore
2464 2530 2662 2600 potius
2719 2528 3066 2601 typographi
3127 2527 3237 2583 fuit
3266 2526 3491 2582 editum
3525 2546 3556 2575 «
3588 2520 3907 2597 apparentia:

2306 2618 2523 2672 subter.
2558 2633 2689 2688 gen.
2724 2616 3176 2689 supprimendus,
3214 2638 3240 2665 »
3274 2631 3406 2670 cum
3450 2613 3782 2686 scripsisset
3824 2609 3916 2663 for-

2304 2712 2461 2762 tasse
2492 2707 2778 2777 interpres
2813 2728 2840 2756 «
2872 2707 3238 2778 appetentias.
3277 2727 3304 2754 ιι
3344 2704 3469 2759 Sub
3501 2703 3680 2758 finem
3729 2698 3919 2772 pagina:

2307 2796 2471 2851 deest
2501 2800 2636 2850 nota
2668 2795 3137 2867 interrogationis
3170 2796 3224 2850 in
3258 2798 3455 2850 Grreco
3501 2797 3661 2848 textu
3710 2804 3914 2855 excuse,

2305 2889 2361 2941 et
2383 2885 2439 2938 in
2465 2888 2707 2956 utroque
2729 2885 2907 2957 Regio
2931 2901 3041 2940 ms.
3069 2885 3398 2956 supplenda
3414 2900 3482 2938 ex
3497 2882 3652 2938 serie
3671 2877 3920 2936 orationis

2307 2989 2485 3046 quam
2518 2978 2574 3028 et
2603 2978 2756 3029 recte
2775 2973 2999 3029 addidit
3017 2973 3365 3029 Tilmannus
3390 2966 3920 3041 versioni.quemad-

2307 3064 2547 3118 modum
2580 3066 2637 3118 et
2666 3063 2723 3117 in
2750 3061 3050 3119 nonnullis
3080 3061 3556 3119 Geneseoslibris
3580 3055 3921 3120 additur,hoc

2306 3157 2495 3223 pacto,
2556 3149 2645 3204 καὶ
2707 3152 2923 3220 ζήσεται
2960 3152 2995 3219 ἡ
3055 3151 3207 3225 ψυχή
3247 3149 3665 3223 p.0u;Vulgata
3723 3147 3920 3211 Latina,

548 3257 668 3314 Silii
702 3254 773 3311 δι’
803 3256 966 3312 αὐτοῦ
994 3256 1045 3311 οἱ
1074 3258 1314 3311 ταπεινοὶ
1348 3261 1443 3311 τοῦ
1475 3254 1610 3310 λαοῦ
1643 3260 2004 3328 σωθήσονται,
2046 3282 2071 3311 υ
2098 3276 2194 3330 per

2309 3241 2565 3313 Nunquid
2595 3257 2707 3296 non
2736 3241 2954 3296 modica
2986 3240 3113 3296 est?
3141 3243 3186 3296 A
3234 3240 3591 3313 quibusdam
3626 3244 3813 3294 tamen
3862 3232 3921 3287 li-

547 3349 746 3419 ipsum
778 3348 1031 3403 humiles
1068 3347 1252 3418 plebis
1283 3347 1534 3403 salutem
1562 3355 1966 3417 assequentur,
2003 3371 2030 3398 ››
2082 3365 2198 3419 quo

555 3442 725 3506 pacto
756 3436 933 3491 etiam
962 3436 1177 3507 legitur
1236 3437 1295 3490 in
1340 3435 1617 3491 Vaticana
1645 3435 1899 3492 editione
1942 3441 1997 3491 et
2043 3438 2199 3508 apud

558 3523 930 3594 Procopium.
965 3524 1356 3587 Quamobrem
1415 3523 1509 3579 hic
1539 3523 1851 3580 delendum
1901 3528 1992 3581 est
2028 3523 2198 3595 illud,

561 3634 591 3663 ‹‹
623 3610 1012 3668 salvabuntur
1041 3611 1241 3685 populi
1275 3611 1487 3668 multi:
1518 3635 1546 3663 »
1580 3630 1715 3668 nam
1767 3617 1824 3669 et
1871 3613 1931 3669 in
1980 3614 2041 3671 F.
2090 3615 2202 3670 fuit

555 3702 843 3775 scriptum
884 3702 936 3755 ot
959 3702 1200 3757 ταπεινοὶ
1254 3706 1350 3757 τοῦ
1402 3700 1560 3759 λαοῦ.
1594 3704 1713 3760 Sub
1757 3708 1930 3761 tinem
1976 3706 2199 3778 pagina:

552 3790 1001 3848 Palestinorum
1023 3791 1376 3865 etymologia
1397 3793 1679 3849 Iiebraica
1702 3793 2073 3866 traditur,ubi
2109 3796 2199 3851 in—

550 3886 778 3953 terpres
810 3887 1122 3938 aunolarat
1151 3898 1213 3938 se
1244 3882 1528 3955 scriptum
1573 3882 1887 3939 offendisse
1918 3883 1975 3938 in
2026 3883 2199 3956 Regio

549 3968 612 4025 F.
641 3968 940 4030 πίπτοντας
970 3969 1112 4039 mori
1126 3989 1275 4041 ματι,
1312 3993 1339 4019 ι(
1378 3971 1651 4025 cadentes
1683 3987 1913 4043 pavore,
1947 3978 2047 4028 aut
2079 3988 2201 4028 me-

547 4062 636 4130 tu,
672 4081 700 4109 ››
731 4061 833 4116 sed
858 4076 920 4116 se
940 4059 1131 4132 legere
1152 4063 1209 4115 et
1231 4058 1601 4131 interpretari
1620 4061 1920 4131 ποτήματι,
1949 4082 1976 4109 ‹‹
2001 4064 2194 4133 potu,»

551 4166 688 4208 nam
713 4157 769 4207 et
788 4150 884 4206 hic
908 4152 1178 4222 sequitur
1217 4151 1372 4223 apud
1396 4150 1682 4207 Basilium
1706 4155 1763 4207 et
1783 4151 1841 4206 in
1863 4152 2065 4208 eodem
2091 4153 2198 4209 Re-

550 4240 645 4312 gio
665 4238 885 4307 codice,
911 4237 1168 4293 πίπτουσι
1202 4234 1259 4291 δὲ
1291 4235 1439 4293 οὗτοι
1471 4240 1773 4311 ποτήματι.
1824 4241 1897 4295 At
1926 4240 1984 4295 in
2018 4240 2198 4298 altero

548 4329 728 4401 Regio
758 4329 826 4384 Η.
862 4329 1039 4401 priori
1072 4327 1198 4384 loco
1221 4328 1436 4402 legitur
1459 4327 1772 4400 πτώματι.‹‹
1798 4328 2192 4402 Ιειρευ,οίιδι],ι

545 4416 865 4487 posteriore
896 4417 1199 4489 ποτήματι,
1234 4440 1253 4466 ι
1291 4420 1455 4488 potu.
1494 4438 1518 4468 ν
1557 4418 1617 4471 In
1644 4416 1972 4473 Graecorum
2023 4418 2197 4473 scho-

543 4505 642 4559 liis
675 4505 745 4560 de
776 4504 1016 4561 vocibus
1056 4506 1313 4562 Hebraeis
1346 4506 1600 4562 occurrit
1658 4523 1810 4578 saepe
1842 4504 2193 4578 Φυλιπιείμ,

546 4587 878 4669 ἀλλόφυλοι,
923 4591 1247 4664 θαυμαστοί,
1310 4616 1330 4643 α
1390 4594 1749 4666 alienigenae,
1810 4594 2196 4651 mirabiles.»

544 4679 936 4752 Hieronymus
968 4682 1026 4737 in
1052 4682 1253 4754 psalm.
1290 4699 1465 4738 xxvm
1494 4700 1505 4736 :
1540 4707 1567 4733 ‹‹
1605 4682 1913 4739 Philistiim
1945 4700 2079 4740 vero
2110 4683 2197 4739 in-

544 4770 947 4838 terpretantur
997 4770 1255 4826 cadentes
1274 4774 1492 4837 potione
1524 4771 1631 4826 hoc
1659 4776 1764 4837 est,
1795 4772 1895 4843 qui
1926 4771 2196 4828 inebriati

546 4860 686 4910 sunt
714 4858 785 4912 de
816 4856 991 4914 calice
1008 4858 1247 4927 diaboli,
1269 4865 1325 4915 et
1347 4860 1615 4915 inebriati
1649 4860 2005 4917 ceciderunt.
2035 4882 2061 4913 α
2084 4865 2193 4918 Λιι-

545 4944 821 5016 gustinus
845 4945 903 5000 in
927 4947 1201 5003 eumdem
1222 4947 1516 5017 psalmum
1543 4965 1556 5003 :
1579 4970 1606 4998 «
1635 4947 1985 5021 Alienigenae
2003 4949 2061 5005 in
2084 4950 2195 5005 IIe-

544 5033 700 5089 braao
732 5033 1009 5090 dicuntur
1038 5035 1533 5109 Philistiim,qued
1560 5038 1976 5109 interpretatur
2002 5038 2194 5093 caden-

543 5130 622 5177 tes
651 5124 892 5194 potione,
924 5122 1084 5179 velut
1115 5142 1263 5197 quos
1294 5126 1427 5180 fecit
1458 5125 1651 5181 ebrios
1685 5125 1917 5182 luxuria
1954 5126 2194 5182 saecula-

543 5210 647 5267 ris.
683 5233 711 5261 ››
742 5212 907 5284 Apud
935 5216 1168 5267 Santcm
1229 5214 1556 5285 Pagninum
1589 5199 1764 5276 malm
1797 5215 2061 5286 Petrscth,
2096 5220 2193 5271 Pa-

541 5296 774 5356 laestina
806 5299 1021 5355 dicitur
1053 5300 1206 5373 regie
1238 5300 1536 5357 maritima
1564 5302 1632 5356 ad
1676 5302 2036 5358 occidentem
2086 5302 2191 5357 Ju-

541 5387 697 5456 dceaa,
730 5389 1035 5445 continens
1067 5389 1327 5462 quinque
1360 5391 1732 5462 praefecturas
1763 5389 1849 5445 vel
1879 5391 2189 5463 satrapias,

543 5478 600 5529 et
628 5473 828 5533 incola:
859 5478 989 5549 ejus
1022 5463 1270 5542 Dinw55
1313 5477 1611 5534 Petisthz'm
1662 5477 1960 5550 dicuntur,
2020 5482 2190 5550 quasi

543 5560 783 5621 volutati
816 5566 875 5621 in
904 5565 1099 5623 cinere
1127 5572 1141 5620 ξ
1175 5572 1231 5623 et
1258 5566 1497 5640 quidam
1531 5566 1775 5641 mystice
1814 5568 1970 5623 curis
2001 5584 2187 5625 sescu-

404 5664 491 5721 β’
542 5646 933 5737 ’“ὴριὶοἰιοε
963 5661 1263 5726 exponunt
1291 5674 1304 5725 ;
1340 5673 1476 5712 nam
1507 5640 1638 5719 ἀἴθε
1682 5656 1907 5729 palcsch
1938 5660 2027 5714 est
2057 5658 2189 5730 pul-

708 5738 804 5797 “fut
834 5741 1027 5797 cinere
1058 5759 1120 5799 se
1151 5744 1460 5801 involvere.
1495 5744 1659 5818 Apud
1691 5745 1934 5805 Suidam
1967 5746 2188 5819 reperi-

786 5884 1009 6093 ,ι

2314 3332 2429 3386 bris
2462 3331 2626 3386 abest
2654 3330 2772 3385 bzec
2801 3335 2954 3386 nota.

2380 3427 2496 3485 Col.
2521 3429 2627 3482 6’12
2660 3435 2697 3481 A
2721 3429 2776 3482 7.
2812 3428 3000 3483 Sermo
3031 3429 3201 3482 enim.
3240 3425 3419 3502 Λόγος
3459 3422 3632 3494 δηλοῖ
3678 3438 3924 3480 nonnun-

2309 3534 2484 3591 quam
2519 3518 2670 3588 apud
2699 3517 2896 3572 Patres
2926 3517 3079 3571 idem
3103 3516 3253 3572 valet
3284 3517 3492 3588 quod,-
3528 3515 3824 3586 Scriptura
3844 3512 3927 3565 de-

2310 3608 2525 3663 clarat:
2564 3628 2589 3654 ι)
2625 3611 2931 3677 propterea
2960 3610 3211 3660 verterat
3240 3605 3552 3676 interpres,
3589 3626 3617 3653 «
3657 3601 3928 3673 Scriptum

2308 3698 2461 3753 enim
2497 3695 2855 3766 simulatque
2885 3694 3103 3762 revicit,
3137 3698 3194 3750 et
3224 3693 3433 3750 acriter
3461 3691 3804 3766 perstrinxit
3830 3690 3925 3743 im-

2308 3785 2500 3857 proba:
2534 3784 2747 3839 mentis
2768 3783 3233 3853 elationem,eam
3256 3782 3445 3855 ipsam
3471 3781 3817 3838 contritione
3831 3774 3924 3831 col-

2309 3874 2438 3929 lidit
2459 3895 2485 3922 ››
2512 3891 2524 3929 :
2550 3873 2647 3928 sed
2683 3873 2752 3927 de
2785 3872 2990 3944 quovis
3012 3888 3283 3928 sermone
3300 3871 3676 3942 eastigatorio
3706 3869 3796 3925 hic
3823 3865 3926 3938 agi-

2308 3966 2405 4017 tur
2438 3978 2551 4017 non
2585 3962 2655 4015 de
2687 3960 2810 4015 sola
2840 3960 3164 4032 Scriptura,
3198 3965 3260 4015 ut
3281 3964 3453 4016 antea
3468 3959 3538 4014 de
3574 3956 3749 4013 Paulo
3779 3954 3928 4011 verba

2307 4051 2527 4106 faciens
2610 4050 2856 4118 dixerat,
2934 4046 3008 4109 εἷς
3090 4045 3430 4118 συναίσθησιν
3517 4048 3749 4122 ἄγοντας
3824 4040 3931 4099 τοδε

2307 4139 2495 4193 ἑαυτοῦ
2537 4136 2757 4211 λόγους.
2818 4138 2938 4193 Sub
2972 4137 3148 4193 tinem
3195 4136 3417 4210 paginas
3470 4137 3612 4192 item
3674 4134 3928 4194 ediderat,

2310 4229 2385 4299 μή
2417 4227 2507 4280 καὶ
2541 4224 2684 4279 οὕτω
2718 4223 2931 4298 μέλλει,
2961 4234 3024 4281 ut
3056 4244 3125 4281 ne
3151 4227 3231 4281 sic
3276 4227 3442 4282 salvae
3470 4228 3690 4297 ﬂerent.
3741 4228 3810 4281 At
3841 4222 3933 4277 hoc

2306 4317 2431 4372 loco
2468 4316 2543 4388 μὴ
2567 4316 3032 4388 interrogat,non
3059 4319 3255 4389 negat,
3289 4320 3356 4371 ut
3383 4315 3595 4371 Matth.
3630 4332 3731 4386 vn,
3759 4314 3825 4367 9:
3853 4308 3930 4372 Μῆ

2307 4400 2477 4467 λίθον
2521 4399 2775 4458 ἐπιδώσει
2834 4403 3020 4475 aere;
3099 4404 3363 4479 Nunquid
3419 4404 3665 4476 lapidem
3717 4401 3937 4475 porriget

2307 4494 2403 4549 ei?

2304 4494 2403 4549 ei?

2375 4590 2494 4648 Col.
2526 4592 2635 4647 643
2663 4593 2707 4647 Α
2736 4593 2791 4648 2.
2825 4596 2968 4650 Nam
2998 4593 3277 4665 quoniam.
3306 4594 3369 4649 In
3411 4591 3482 4647 Η.
3513 4596 3573 4648 et
3632 4592 3674 4647 Ι.
3731 4591 3808 4659 τῷ
3854 4582 3931 4639 mi-

2299 4679 2379 4752 τῷ
2430 4676 2645 4734 δύναται
2704 4679 2796 4734 καὶ
2852 4680 3019 4752 πέρας
3053 4679 3187 4735 εἶναι
3223 4679 3413 4755 χώρας
3440 4677 3529 4733 καὶ
3564 4677 3717 4754 ἀρχῆ
3747 4675 3807 4730 τὸ
3831 4694 3927 4748 xw-

2306 4765 2418 4843 ρίον
2441 4775 2563 4838 τῆς.
2598 4770 2710 4826 Sed
2744 4769 3035 4826 consentit
3062 4786 3196 4825 cum
3230 4769 3408 4843 Regio
3439 4769 3501 4825 F.
3526 4767 3703 4842 Angl.
3734 4770 3791 4823 et
3814 4768 3927 4820 Pro-

2304 4859 2528 4932 copius,
2564 4876 2620 4932 p.
2653 4858 2780 4928 217,
2838 4858 3012 4930 cujus
3069 4857 3450 4931 interpretem
3505 4857 3699 4914 secuti
3729 4867 3927 4917 sumus,

2304 4884 2528 4932 υυμξυὲκ,
2564 4884 2620 4932 με
2654 4884 2780 4928 (all,
2838 4884 3012 4930 UUJUH
3071 4884 3450 4931 ιυιυινΡι-υιυω
3505 4884 3699 4914 δυυυιι
3729 4884 3927 4917 sumus,

2304 4948 2609 5021 expunctis
2626 4946 2739 5003 illis
2755 4945 3045 5003 Tilmanni
3066 4946 3292 5003 verbis:
3313 4969 3342 4996 «
3360 4946 3504 5003 Nam
3524 4945 3766 5020 quando
3789 4943 3926 4997 limes
4055 4884 4057 5043 ί

2304 5054 2429 5094 esse
2450 5041 2660 5110 potest,
2687 5052 2875 5108 neque
2897 5035 3254 5109 principium
3275 5039 3332 5092 et
3359 5036 3657 5092 terminus
3689 5029 3928 5090 Moabiti—

2303 5126 2415 5183 dis.
2454 5146 2480 5178 α
2510 5127 2589 5181 Ex
2614 5126 2817 5181 eodem
2851 5124 3132 5198 Procopio
3164 5124 3502 5181 addidimus
3532 5123 3724 5181 textui
3742 5126 3925 5179 Graeco.

2298 5213 2405 5277 ἓως
2434 5217 2529 5268 τοῦ
2561 5212 2788 5292 φρέατος
2806 5210 3026 5287 Ἐλείμ.
3053 5215 3277 5271 Rursus
3304 5213 3757 5271 emendavimus
3785 5206 3922 5273 illud,

2302 5327 2329 5355 ‹‹
2350 5321 2549 5360 semen
2570 5304 2888 5374 Moab,non
2903 5308 2969 5359 ut
2985 5303 3056 5359 ad
3082 5302 3323 5360 meliora
3344 5302 3781 5375 transmigret,»
3797 5292 3924 5369 quod

2300 5398 2424 5449 erat
2480 5394 2675 5450 Greece
2728 5393 2789 5448 in
2854 5393 2918 5449 F.
2974 5392 3036 5447 τὸ
3079 5392 3157 5466 μὴ
3194 5385 3516 5466 μεταϐαῖνον
3549 5388 3645 5445 ἐπὶ
3684 5389 3747 5444 τὰ
3773 5383 3922 5462 κρείτ-

2298 5502 2447 5554 τονα,
2481 5483 2636 5556 apud
2670 5481 3036 5557 ProcOpium,
3078 5497 3211 5556 pag.
3241 5482 3372 5553 228,
3428 5481 3488 5535 τὸ
3541 5481 3625 5553 μή
3690 5472 3917 5553 peractio

2299 5567 2385 5624 ἐπὶ
2415 5571 2480 5625 τὰ
2508 5569 2810 5646 κρείττονα,
2849 5594 2871 5621 ι
2906 5573 3062 5644 quod
3095 5571 3167 5628 ad
3192 5570 3435 5628 meliora
3462 5569 3715 5627 minime
3762 5572 3921 5624 trans-

2298 5659 2381 5716 ire
2409 5659 2712 5717 voluerit.»
2737 5659 2882 5717 Vide
2899 5659 3091 5718 locum
3109 5659 3608 5731 Deutsron.xx1n,
3638 5659 3694 5714 3.
3727 5656 3917 5713 Postre-

2297 5763 2394 5807 mo
2461 5746 2787 5809 delovimue
2863 5748 2925 5808 in
2991 5746 3469 5825 interpretatione
3529 5746 3692 5807 Arist
3745 5753 3918 5804 vocem
