4124 6240
344 368 504 429 1113

1544 370 1623 430 IN
1669 366 2080 449 coMMEN'r.
2126 365 2206 426 lN
2251 368 2549 429 ISAIAM.

3594 372 3750 431 1114

340 521 370 548 ‹‹
409 497 548 568 Dei;
578 515 605 549 ι
642 500 871 554 tantum
903 497 1059 555 enim
1088 501 1179 555 est
1201 499 1392 556 Graece
1423 495 1562 552 λὲων
1597 495 1951 575 ἑρμηνεύεται
1979 514 1992 553 :

2120 498 2464 558 Ecclesiastes
2490 516 2643 557 vers.
2678 501 2746 557 46
2778 518 2791 557 :
2826 501 2889 557 Ei
2939 497 2995 555 δὲ
3021 502 3155 555 κατᾶ
3197 503 3379 556 κοινοῦ
3410 498 3659 577 ὲκληφθῇ
3690 502 3752 557 τὸ

340 586 401 642 in
433 586 502 642 H.
536 590 596 642 Ε.
641 586 684 643 Ι.
720 591 777 643 et
825 588 979 661 apud
1035 587 1407 661 Procopium,
1449 587 1586 645 licet
1640 586 1699 642 in
1735 586 1999 658 margine

343 674 744 749 conjecturam
776 696 946 735 suam
980 680 1319 753 ascripserit
1348 679 1830 754 interpres,'lcwc
1859 673 1999 731 λέων

346 770 503 837 Θεοῦ,
541 788 570 821 α
599 768 768 824 Forte
799 768 888 825 leo
940 769 1061 826 Dei.
1098 792 1127 820 »
1168 769 1557 843 Hieronymus
1600 766 1850 841 epistola
1878 758 1948 820 27
1981 781 1995 821 :

348 877 378 908 u
407 857 506 912 Va;
536 857 665 928 tibi,
692 858 898 915 civitas
932 858 1108 928 Ariel,
1141 859 1198 914 id
1230 864 1344 928 est,
1376 860 1458 915 leo
1490 860 1669 929 Dei,et
1698 856 1999 928 quondam

345 947 693 1019 fortissima,
726 965 899 1020 quam
934 949 1292 1022 expugnavit
1321 949 1521 1005 David.
1549 970 1577 1000 »
1609 945 1877 1004 Meminit
1895 944 2003 1001 hu-

337 1037 443 1110 jus
474 1037 732 1094 civitatis
766 1039 920 1094 idem
954 1039 1241 1112 propheta
1271 1039 1478 1108 Isaias,
1511 1055 1561 1094 c.
1595 1055 1748 1108 xxxx,
1776 1039 1851 1112 2_:
1882 1036 2002 1091 Cir-

344 1126 692 1184 cumvallabo
745 1128 896 1183 Ariel
929 1110 1099 1195 {sed
1163 1128 1245 1184 ibi
1303 1127 1432 1201 lego
1483 1127 1762 1183 Hebraice
1818 1110 2000 1187 Sana

347 1216 525 1282 Ariet,
557 1215 653 1272 hic
683 1231 818 1273 vero
855 1219 1087 1271 tantum
1138 1220 1228 1273 est
1277 1225 1440 1283 nam,
1474 1232 1603 1287 quas
1642 1231 1753 1270 vox
1782 1214 2004 1269 leonem

349 1311 545 1370 sonat,
577 1306 733 1361 unde
762 1305 1154 1378 Hieronymus
1184 1307 1375 1373 vertit,
1408 1307 1492 1359 his
1539 1304 1636 1376 qui
1664 1305 1913 1375 fugerint
1938 1302 2004 1357 ἀι

350 1394 501 1449 Moab
529 1394 760 1449 leonem.

419 1481 543 1539 Col.
574 1483 681 1537 644
710 1486 752 1538 C
779 1482 834 1537 7.
867 1484 1189 1538 Genuerint.
1224 1482 1544 1556 Γεγενῆσθαι
1577 1480 1742 1546 dixit,
1764 1496 1879 1536 non
1909 1498 2001 1554 γε·

348 1569 660 1645 γεννῆσθαι,
694 1571 796 1626 sed
848 1571 1097 1626 emenda
1146 1566 1235 1624 διὰ
1281 1568 1347 1624 τὸ
1392 1589 1568 1645 γεγεν.
1602 1585 1670 1625 ex
1700 1567 2001 1639 Procopio,

351 1660 524 1731 cujus
554 1659 843 1731 interpres
873 1658 1084 1727 edidit,
1117 1679 1145 1709 «
1178 1660 1413 1731 quando
1445 1676 1553 1715 sua
1582 1658 1696 1731 ipsi
1743 1656 2006 1729 nequitia

352 1754 694 1820 serpentum
731 1752 1002 1804 naturam
1033 1753 1091 1804 et
1118 1749 1282 1805 virus
1312 1751 1785 1820 assumpserunt.
1816 1768 1844 1797 »

424 1837 685 1936 001.631
795 1838 849 1893 9.
885 1837 1262 1908 Iniquitatem.
1296 1836 1445 1936 litalue
1471 1841 1668 1936 antea,
1705 1858 1734 1887 ‹‹
1765 1852 2004 1908 persua-
2033 1870 2082 1936 Β

356 1928 456 1982 det
488 1925 733 1981 antistes
750 1926 1138 1993 haeresum,ut
1159 1925 1385 1983 excelso
1404 1926 1607 1997 iniqua
1626 1924 2005 1996 loquantur.»

359 2015 543 2071 Locus
574 2020 664 2070 est
694 2014 921 2086 psalmo
967 2032 1138 2083 Lxxu,
1187 2019 1240 2084 8,
1294 2015 1391 2069 ubi
1441 2015 1721 2070 Vaticana
1765 2012 1946 2069 editio
1975 2027 2007 2068 e

359 2104 556 2161 Graeco
591 2104 755 2173 LXX,
789 2099 998 2157 ἀδικίαν
1028 2103 1104 2164 εἲς
1127 2102 1189 2156 τὸ
1221 2102 1355 2175 ὕψος
1400 2100 1700 2172 ἐλάλησαν,
1730 2104 2006 2173 iniquita-

358 2198 468 2250 tem
498 2196 558 2249 in
589 2195 766 2249 altum
820 2194 988 2249 locuti
1032 2203 1180 2248 sunt.
1214 2193 1582 2264 Sequebatur
1629 2190 1705 2253 εἰς
1754 2191 2004 2260 ζητήσεις

359 2275 855 2354 συγχαταϐαίνοιεν.
888 2282 1204 2337 Tilmann.:
1240 2304 1268 2333 «
1290 2282 1350 2337 Si
1372 2282 1608 2353 quando
1630 2298 1696 2338 eo
1727 2297 1789 2337 se
1820 2282 2005 2336 demi-

357 2371 566 2441 serint,
598 2375 663 2426 ut
709 2371 1115 2427 assentiantur
1160 2372 1469 2443 propositae
1511 2369 1839 2443 quaestioni.
1873 2391 1901 2419 ››
1934 2372 2008 2424 At

358 2454 797 2534 συγκαταϐαίνειν
828 2477 941 2517 non
973 2464 1062 2518 est
1094 2481 1122 2511 ‹‹
1152 2459 1450 2530 assentiri,
1476 2484 1504 2512 ι)
1534 2459 1634 2517 sed
1660 2482 1688 2510 ι(
1718 2476 1785 2516 eo
1812 2475 1875 2515 se
1905 2458 2007 2514 de-

358 2552 613 2607 mittere.
643 2572 672 2600 »

428 2640 546 2697 Col.
578 2642 685 2696 654
718 2647 760 2695 Α
795 2642 849 2697 4.
894 2642 1269 2711 Nequaquam,
1305 2640 1378 2697 0b
1408 2644 1525 2696 hoc.
1558 2639 1682 2696 Non
1732 2638 1880 2694 bene
1907 2654 2006 2694 ex-

357 2731 573 2804 pressit
600 2729 1067 2787 emendationem
1092 2736 1354 2784 nostram
1376 2726 2010 2801 typographuszrescri-

359 2820 622 2876 bendum
678 2819 879 2891 igitur,
938 2833 1286 2889 nequaquam
1333 2817 1756 2889 confundentur.
1792 2816 1866 2873 0b
1912 2817 2011 2874 hoc

359 2908 566 2963 dictum
596 2912 696 2973 est,
730 2907 924 2979 Campi
951 2908 1191 2961 Esebon.
1228 2905 1557 2961 Del'evimus
1588 2905 1746 2960 enim
1788 2904 1889 2960 illa
1917 2904 2008 2960 in-

359 2996 692 3068 terpretis,«
715 3010 1089 3068 nequaquam
1114 2995 1406 3067 attingent
1427 2999 1694 3050 centrum
1716 2993 1837 3049 sive
1860 3011 2009 3065 pun-

359 3092 541 3141 ctum.
571 3107 593 3135 ι
627 3085 910 3140 Vitiosam
944 3084 1102 3140 enim
1135 3083 1444 3139 lectionem
1476 3082 1694 3139 codicis
1726 3083 1786 3138 F.
1818 3086 2010 3154 expri-

358 3178 532 3230 munt
559 3174 694 3243 ista,
741 3170 931 3245 λόγοις
961 3169 1024 3224 οὐ
1071 3168 1278 3245 κέντρῳ
1326 3171 1665 3238 ποιήσονται.
1702 3170 1799 3224 Διά
1846 3173 2006 3224 τοῦτο

354 3262 424 3316 τὰ
469 3258 648 3319 πεδία,
683 3260 1107 3332 Corrigendum
1155 3261 1266 3316 fuit
1294 3278 1363 3317 ex
1392 3261 1520 3332 ipso
1553 3266 1716 3316 textu
1752 3265 1923 3333 prout
1951 3265 2009 3316 et

357 3353 644 3423 scriptum
700 3350 977 3406 exhibent
1029 3354 1100 3405 H.
1159 3355 1217 3405 et
1268 3353 1313 3416 Ι,
1370 3349 1470 3403 οὐκ
1527 3348 2005 3423 ἐντραπήσονται·

358 3442 586 3497 dictum
644 3439 801 3494 enim
851 3443 940 3495 est
986 3455 1020 3493 a
1051 3438 1357 3511 propheta,
1389 3438 1481 3493 καὶ
1521 3438 1625 3493 οὐκ
1671 3438 2007 3513 ἑντραπὴσῃ,

359 3539 411 3585 et
431 3545 543 3585 non
571 3529 945 3600 con/underis.
993 3528 1159 3598 Apud
1195 3527 1473 3600 Cyrillum
1505 3527 1718 3599 legitur
1746 3528 1920 3585 etiam
1952 3533 2010 3583 et

360 3620 516 3690 apud
564 3617 934 3690 prophetam,
981 3614 1074 3669 καὶ
1124 3614 1223 3669 οὐκ
1274 3614 1699 3690 ὲντραπήσονται
1745 3616 1814 3670 τὰ
1850 3613 2010 3670 πεδία

359 3700 615 3763 Ἑσιϐών.
658 3709 733 3762 Et
776 3721 887 3761 non
927 3705 1317 3762 reverebantur
1342 3721 1558 3777 campos
1589 3706 1813 3762 Esebon.
1847 3706 2010 3762 Unde

362 3796 611 3852 fortasse
641 3811 756 3852 non
791 3794 990 3850 minus
1036 3798 1170 3866 apte
1213 3793 1355 3850 verti
1409 3798 1628 3864 posset,
1672 3792 1762 3846 καὶ
1789 3792 1891 3846 οὐκ
1921 3791 2008 3846 ἐν-

359 3885 641 3958 τραπήσῃ,
686 3892 739 3939 et
782 3900 893 3941 non
943 3883 1298 3953 revereberis,
1356 3885 1415 3938 et
1471 3882 1531 3938 in
1578 3882 2008 3938 Commentario

362 3974 588 4039 Basilii,
659 3975 769 4026 Ουκ
841 3970 1309 4047 ἐντραπήσονται,
1363 3987 1716 4044 nequaquam
1778 3986 2011 4028 revere-

363 4065 588 4130 buntur,
621 4066 722 4117 aut
751 4062 1088 4118 erubescant.

432 4152 551 4209 Col.
600 4153 708 4207 655
738 4156 781 4206 D
821 4153 871 4208 4.
927 4151 1289 4207 Subauditur.
1334 4150 1683 4207 Tilmannus
1721 4150 2007 4217 ediderat,

358 4244 399 4298 Α
428 4242 709 4298 communi
752 4239 974 4311 quidem
1024 4239 1091 4295 de
1133 4247 1374 4311 utraque
1423 4248 1582 4309 gente
1617 4239 1845 4309 dicitur,
1878 4241 2009 4311 quia

359 4332 641 4403 lugebant,
673 4345 837 4401 seque
865 4330 1149 4400 plangant.
1186 4330 1302 4384 Hoc
1350 4332 1442 4384 est
1468 4331 1539 4384 de
1589 4329 1816 4385 Esebon
1848 4334 1906 4385 et
1935 4330 2008 4385 de

360 4421 633 4485 Sabama,
665 4419 766 4474 sed
815 4417 917 4474 illa
962 4417 1197 4490 phrasis
1235 4418 1436 4474 Graeca
1471 4417 1578 4471 ἀπὸ
1619 4420 1807 4472 κοινοῦ
1857 4419 2006 4475 nihil

360 4510 522 4566 aliud
545 4512 738 4577 sonat,
761 4525 941 4581 quam
964 4508 1204 4565 verbum
1225 4508 1479 4578 πενθήσει
1505 4509 2006 4581 subaudiendum,

2105 583 2210 640 ὐπὸ
2239 588 2330 642 τὸν
2362 585 2547 657 ἥλιον·
2581 613 2609 640 ‹‹
2643 592 2803 655 Quod
2854 591 2903 646 si
2953 593 3025 647 ad
3074 596 3395 664 utrumque
3435 592 3651 648 referas
3678 588 3751 647 il-

2103 675 2231 745 Iud,
2261 679 2357 733 sub
2377 679 2489 735 sole
2521 696 2533 734 :
2572 701 2600 729 »
2632 685 2688 736 et
2714 681 2865 753 apud
2898 682 2955 737 S.
2988 681 3157 737 Joan.
3183 682 3753 752 Chrysostomum,in

2104 768 2379 837 psalmum
2437 787 2638 841 cxxvu,
2698 787 2753 827 ν.
2820 772 2855 825 6
2915 787 2929 825 :
2988 769 3086 824 Καὶ
3151 766 3231 825 ἴδε
3271 769 3398 831 τοὺς
3445 769 3596 831 υἱοὺς
3640 773 3749 825 τῶν

2107 855 2242 910 υἱῶν
2300 877 2417 931 σου,
2468 855 2689 931 εἰρήνην
2750 857 2836 913 ἐπὶ
2894 858 2985 913 τὸν
3048 858 3266 934 Ἰσραὴλ
3302 901 3316 928 ,
3375 858 3511 913 κατὰ
3566 862 3751 913 κοινοῦ

2107 947 2143 1015 ἡ
2176 944 2337 1021 εὐχή,
2394 949 2494 1004 sed
2526 950 2956 1005 emendandum
3008 953 3093 1006 est
3144 966 3208 1005 ex
3241 951 3455 1006 Catena
3485 948 3665 1022 Regia
3693 949 3751 1004 in

2107 1037 2354 1093 Psalmos
2384 1054 2521 1106 ms.,
2549 1038 2683 1092 κατά
2713 1041 2898 1092 κοινοῦ
2927 1038 2989 1093 τὸ
3022 1035 3120 1093 ἴδε.
3156 1039 3330 1094 Τοῦτο
3378 1036 3480 1113 γὰρ
3517 1035 3755 1110 μάλιστα

2108 1126 2389 1182 ποθοῦσιν.
2429 1148 2455 1181 α
2482 1129 2679 1184 Pacem
2704 1145 2871 1201 super
2904 1128 3092 1184 Israel.
3126 1126 3410 1198 Subaudi,
3443 1126 3602 1183 Vide.
3638 1126 3756 1181 Hoc

2110 1215 2267 1272 enim
2300 1216 2552 1274 maxime
2599 1217 2955 1274 desiderant.
2992 1240 3021 1268 »
3054 1217 3372 1285 Librarius,
3420 1216 3575 1288 quod
3607 1215 3757 1271 hanc

2107 1305 2466 1361 locutionem
2502 1324 2615 1361 non
2649 1312 2901 1379 caperet,
2934 1324 3037 1379 pro
3065 1306 3128 1360 τὸ
3160 1301 3240 1359 ἴδε
3280 1304 3687 1371 substituerat,
3717 1304 3753 1370 ἡ

2111 1392 2273 1468 εὐχή,
2303 1397 2457 1450 unde
2489 1396 2777 1468 interpres
2801 1400 3067 1465 verterat,
3101 1418 3128 1445 «
3162 1395 3292 1451 Haec
3341 1399 3431 1450 est
3472 1393 3655 1449 oratio
3687 1393 3757 1448 de

2112 1484 2431 1539 communi.
2466 1506 2494 1534 »

2183 1572 2303 1628 Col.
2330 1573 2438 1627 659
2467 1574 2507 1631 C
2538 1574 2593 1629 4.
2634 1576 2717 1629 Eos
2749 1574 2978 1645 Spiritu.
3012 1577 3161 1642 Non,
3193 1588 3262 1628 ex
3301 1574 3485 1638 Patre,
3518 1575 3584 1627 ut
3613 1571 3758 1626 scri-

2112 1666 2311 1734 pserat
2340 1662 2649 1735 interpres,
2684 1664 2837 1735 quod
2874 1663 3151 1719 mendose
3181 1666 3336 1717 esset
3363 1661 3420 1716 in
3465 1661 3525 1716 F.
3559 1659 3619 1713 ἑκ
3663 1656 3760 1713 τοῦ

2111 1769 2273 1826 προς,
2306 1769 2408 1823 pro
2438 1771 2559 1812 πνς.
2590 1749 2921 1823 πνεύματος.

2185 1840 2305 1895 Col.
2337 1841 2443 1895 660
2474 1840 2514 1895 C
2541 1842 2595 1895 9.
2641 1843 2753 1912 Qui
2799 1840 2870 1896 ad
2898 1838 3200 1896 evitandas.
3254 1837 3759 1915 Συμπεριιρὲρεσθαι

2116 1927 2211 1983 hic
2233 1934 2298 1984 ut
2321 1931 2472 2000 apud
2509 1930 2833 2001 Epictetum
2875 1930 3029 1984 idem
3070 1928 3305 1982 videtur
3343 1943 3572 1995 sonare,
3608 1926 3762 1998 quod

2117 2019 2692 2091 συναναστρέφεσθαι,‹‹
2720 2034 2837 2072 una
2858 2034 2988 2072 cum
3014 2016 3290 2087 gentibus
3310 2015 3528 2071 versari
3551 2031 3563 2069 :
3590 2036 3619 2064 »
3651 2013 3765 2068 nisi

2116 2105 2290 2163 malis
2322 2108 2405 2163 ita
2434 2108 2614 2177 sumi,
2647 2112 2711 2163 ut
2741 2107 2843 2162 lib.
2880 2107 2929 2162 II
2979 2105 3444 2160 Machabeeorum
3495 2120 3624 2175 cap.
3658 2119 3715 2159 Ix
3747 2120 3761 2158 :

2114 2196 2738 2270 συμπεριενεχθήσεσοαι
2791 2193 2945 2266 ὖμῖν,
2978 2195 3352 2249 voluntatibus
3384 2192 3577 2248 vestris
3618 2192 3764 2261 laci-

2116 2286 2222 2342 lem
2263 2303 2321 2342 se
2361 2287 2733 2358 prwbiturum
2782 2293 2943 2356 atque
2991 2284 3395 2339 assentientem.
3444 2279 3762 2351 ProcOpius

2116 2374 2263 2430 dixit
2310 2392 2366 2446 p.
2419 2376 2527 2438 240
2557 2392 2570 2431 :
2603 2371 2905 2448 συγκαθιεῖς
2953 2372 3138 2426 ἑαυτὸν
3190 2367 3459 2445 δόγμασιν
3504 2366 3758 2431 ἐθνικοῖς·

2119 2485 2141 2514 ι
2178 2463 2554 2519 Ethnicorum
2588 2464 2861 2535 dogmata
2892 2461 3321 2534 amplectendo.
3353 2481 3382 2509 ››
3413 2457 3763 2514 Tilmannus

2115 2553 2452 2625 scripserat,
2477 2575 2505 2604 ‹‹
2531 2570 2679 2625 quos
2711 2552 2885 2607 nullae
2907 2556 3132 2625 gentes,
3159 2549 3386 2605 nullum
3420 2545 3762 2603 tentationis

2115 2658 2301 2715 genus
2333 2643 2724 2715 persequitur,
2757 2641 2815 2696 hi
2849 2641 3365 2696 circumferuntur.
3404 2659 3431 2687 ››

2186 2731 2306 2789 Col.
2337 2733 2448 2786 662
2479 2736 2514 2787 Λ
2547 2731 2635 2787 Η.
2670 2733 3034 2787 Ascensiones.
3092 2728 3411 2784 Addiderat
3448 2725 3760 2795 interpres,

2123 2844 2145 2871 ι
2179 2821 2493 2892 disposuit,
2529 2842 2556 2872 ››
2590 2825 2647 2876 et
2692 2823 3001 2875 annotarat
3040 2818 3098 2871 in
3142 2816 3431 2888 margine,
3463 2836 3491 2865 «
3527 2812 3672 2867 Defit
3701 2812 3760 2865 in

2117 2909 2432 2981 exemplari
2484 2906 2710 2971 διέθετο.
2746 2932 2768 2961 ι
2806 2908 2915 2964 Sed
2963 2922 3094 2962 cum
3151 2906 3210 2960 in
3241 2905 3314 2960 H.
3370 2908 3428 2958 et
3455 2902 3499 2958 Ι.
3532 2903 3765 2956 deesset

2118 2998 2261 3054 illud
2307 2999 2569 3066 verbum,
2600 3016 2633 3053 a
2672 2996 2882 3053 Basilio
2931 2996 3217 3051 omissum
3270 2990 3760 3053 existimavimus,

2117 3086 2509 3143 subaudiente
2531 3084 2653 3158 εἰσί,
2683 3107 2711 3136 (ι
2738 3084 3109 3140 assensiones
3131 3086 3273 3138 sunt
3295 3097 3307 3135 :
3326 3102 3353 3131 »
3380 3077 3642 3150 alioquin
3664 3076 3766 3131 im-

2120 3176 2369 3232 mutavit
2410 3174 2676 3231 nonnihil
2711 3175 2884 3229 verba
2914 3172 3152 3228 Davidis
3188 3169 3400 3243 psalm.
3440 3182 3646 3232 Lxxxn,
3678 3166 3713 3219 6
3748 3183 3762 3222 :

2122 3260 2400 3326 ἀναϐάσεις
2451 3262 2501 3317 ἐν
2551 3265 2619 3336 τῇ
2667 3257 2864 3334 καρδίᾳ
2910 3261 3078 3315 αὐτοῦ
3129 3256 3354 3321 διέθετο.
3407 3254 3765 3313 Scholiasles

2116 3360 2313 3411 tamen
2346 3355 2581 3410 Graecus
2620 3353 2898 3409 admonet
2947 3351 3231 3422 quosdam
3267 3351 3553 3419 punctum
3588 3345 3764 3415 ﬁgere

2117 3449 2251 3517 post
2278 3441 2464 3512 αὐτοῦ,
2489 3459 2555 3498 ac
2576 3442 2817 3498 verbum
2844 3436 3048 3501 διέθετο
3081 3436 3468 3509 sequentibus
3491 3434 3764 3504 jungere,

2117 3539 2293 3606 atque
2321 3533 2403 3589 ita
2434 3547 2668 3604 quoque
2697 3530 3127 3585 Theodoretum
3176 3527 3591 3597 interpungere
3639 3520 3762 3575 Fla-

2118 3623 2342 3679 minius
2370 3620 2639 3677 Nobilius
2681 3618 2997 3675 annotavit.

2189 3711 2313 3768 Col.
2351 3711 2458 3765 666
2490 3715 2528 3762 Δ
2564 3712 2618 3763 2.
2652 3710 2718 3763 Et
2760 3710 2865 3763 erit
2905 3711 2966 3761 ut
3010 3707 3392 3761 revereantur.
3426 3699 3760 3756 Emendan—

2118 3801 2258 3855 dum
2291 3804 2402 3869 est,
2442 3818 2464 3845 ι
2496 3798 2567 3852 Et
2596 3797 2709 3851 erit
2739 3801 2805 3850 nt
2831 3801 2891 3850 tu
2913 3794 3251 3859 reverearis,
3270 3792 3351 3846 vel
3374 3796 3441 3845 ut
3463 3794 3526 3844 tu
3556 3788 3763 3843 erube-

2117 3905 2269 3944 scas.
2296 3909 2325 3937 »
2358 3888 2422 3942 In
2454 3884 2708 3941 editione
2728 3883 3013 3939 Vaticana
3036 3882 3308 3949 vertitur,
3332 3880 3395 3933 Et
3416 3878 3522 3932 erit
3553 3877 3614 3929 in
3633 3891 3760 3930 con-

2113 3978 2389 4049 fusionem
2412 3983 2581 4031 tuam.
2611 3970 2873 4043 Procopii
2902 3970 3216 4040 interpres,
3246 3972 3296 4022 et
3318 3967 3422 4022 erit
3444 3968 3505 4019 ut
3533 3964 3763 4049 confunf

2114 4047 2265 4122 tiaris
2295 4081 2308 4121 :
2343 4063 2444 4120 sed
2476 4061 2616 4135 quia
2645 4056 2901 4115 Basilius
2929 4056 3094 4113 addit
3124 4051 3342 4123 αὐτούς,
3373 4051 3435 4106 in
3482 4047 3627 4105 locis
3658 4047 3760 4118 qui

2115 4158 2468 4227 sequuntur,
2500 4150 2695 4223 aptius
2724 4146 2898 4204 verbo
2931 4169 2958 4197 «
2993 4141 3263 4209 revereri,
3296 4163 3324 4191 »
3358 4138 3447 4196 vel
3478 4162 3504 4189 ‹‹
3547 4136 3759 4194 erube-

2115 4226 2277 4301 scere
2310 4265 2338 4293 »
2371 4241 2572 4299 uteris.
2601 4241 2665 4296 Et
2692 4238 2797 4295 erit
2824 4243 2884 4292 ut
2905 4240 2963 4291 tu
2993 4232 3294 4290 reverearis
3323 4231 3487 4301 ipsos,
3519 4226 3628 4282 hoc
3646 4229 3758 4292 est,

2115 4332 2433 4401 eveniet,ut
2453 4329 2534 4387 illi
2557 4329 2664 4385 tibi
2695 4326 2975 4399 pudorem
3003 4318 3405 4390 incutiant,vel
3428 4318 3757 4388 imponant.

2117 4426 2420 4479 Postremo
2452 4435 2584 4492 pag.
2615 4418 2742 4482 617,
2779 4416 2993 4483 Quanto
3034 4413 3297 4483 majorem
3333 4411 3504 4480 famae
3531 4405 3759 4461 celebri-

2116 4507 2732 4577 tatem,substituimus
2749 4505 2808 4559 in
2826 4504 3016 4559 locum
3040 4500 3276 4557 illorum
3290 4495 3761 4567 interpretisver-

360 4601 516 4672 quod
547 4615 861 4656 commune
888 4598 984 4667 sit,
1013 4603 1069 4654 et
1090 4599 1465 4672 jungendum
1497 4615 1629 4655 cum
1661 4598 1779 4655 illis
1817 4599 2009 4658 verbis
2039 4590 2086 4656 D
2117 4601 2325 4657 borum
2356 4616 2369 4655 ε
2408 4600 2634 4663 Quanto
2672 4594 2829 4650 enim
2877 4589 3253 4647 existimabat
3286 4600 3597 4659 superesse
3647 4583 3756 4638 sibi

358 4688 427 4740 τὰ
472 4683 633 4742 πεδία
686 4679 946 4757 Ἐσεϐών,
996 4690 1054 4742 et
1108 4702 1243 4743 cum
1292 4686 1425 4743 istis
1473 4683 1722 4759 ἄμπελος
1766 4680 2010 4761 Σεόαμά.

366 4776 511 4832 Nam
544 4776 606 4832 in
635 4775 920 4833 Vaticana
962 4774 1239 4845 editione,
1271 4779 1329 4831 et
1375 4777 1531 4848 apud
1574 4775 1921 4849 Procopium
1950 4778 2012 4833 in

356 4870 521 4923 textu
569 4865 685 4922 ista
729 4865 815 4921 sic
866 4866 1366 4937 interpunguntur
1396 4880 1412 4919 :
1443 4862 1559 4919 Οὐκ
1602 4860 1913 4940 ἰντραπήσῃ
1944 4864 2013 4920 τὰ

361 4950 520 5009 πεδία
604 4947 862 5010 Ἑσεϐώνο
949 4954 1207 5023 πενθήσει
1292 4948 1547 5025 ἄμπελος
1634 4947 1873 5026 Ζεϐαμά·
1945 4957 2013 5012 Et

359 5059 474 5100 non
518 5043 853 5100 revereberis
898 5057 1118 5115 campos
1165 5042 1366 5099 Esebon
1399 5059 1419 5097 :
1450 5043 1617 5098 vinea
1660 5042 1899 5099 Sabama
1930 5044 2015 5099 luo

356 5133 527 5200 gebit.
558 5132 623 5187 In
655 5130 789 5189 aliis
820 5131 1009 5203 libris,
1043 5135 1111 5188 ut
1150 5130 1247 5188 hic
1278 5131 1433 5203 apud
1465 5130 1767 5201 Basilium,
1799 5131 2013 5203 legitur

354 5220 455 5273 Καὶ
513 5218 613 5275 οὐκ
667 5217 979 5296 ἐντραπήσῃ
1028 5261 1042 5276 .
1089 5221 1164 5274 Τὰ
1220 5216 1380 5275 πεδία
1437 5212 1669 5274 Ἐσιϐὼν
1727 5220 2007 5291 πενθήσει,

354 5306 606 5384 ἄμπελος
635 5304 875 5384 Ζεϐαμά.
920 5310 1016 5367 Sio
1071 5311 1227 5384 apud
1286 5310 1788 5384 Olympiodorum,
1840 5312 1904 5367 in
1945 5328 2009 5368 ιιι

2122 4687 2537 4744 luculentiores
2568 4684 2825 4749 divitias,
2858 4685 3022 4736 tanto
3050 4678 3406 4742 merebatur,
3431 4680 3495 4730 ut
3525 4690 3640 4731 non
3672 4688 3760 4728 re-

2119 4776 2325 4833 velatis
2354 4774 2619 4831 arcanis:
2647 4795 2675 4823 »
2709 4763 2989 4841 ὐπόληψις
3023 4768 3181 4824 enim
3214 4766 3449 4835 famam,
3475 4779 3590 4819 non
3621 4777 3761 4833 Opes

2121 4864 2436 4939 significat,
2484 4866 2543 4919 et
2584 4856 3056 4915 ἀποκαλύπτεσθαι
3110 4854 3384 4923 revelare,
3436 4868 3552 4909 non
3603 4850 3761 4906 obte-

2121 4937 2279 5027 gere,
2338 4956 2404 5008 ut
2457 4953 2617 5007 Lucae
2676 4966 2733 5017 χ,
2759 4947 2820 5003 21
2863 4964 2875 5003 :
2926 4944 3027 5002 Καὶ
3077 4939 3430 5014 ἀπεκάλυψας
3475 4937 3612 4994 αὐτᾶ
3664 4956 3760 5027 νή-

2122 5026 2289 5103 πίοιςο
2325 5044 2396 5097 Et
2424 5040 2688 5097 revelasti
2734 5052 2800 5093 ea
2846 5034 3096 5107 parvulis
3128 5032 3271 5088 :etI
3306 5035 3430 5086 Cor.
3484 5045 3601 5093 XIV,
3644 5026 3716 5079 25
3747 5039 3760 5077 :

2120 5130 2201 5187 Τὰ
2228 5129 2443 5204 κρυπτὰ
2468 5134 2568 5197 τῆς
2602 5122 2826 5203 καρδίας
2858 5123 3058 5200 φανερὰ
3084 5120 3303 5197 γίνεται*
3337 5120 3555 5175 Occulta
3584 5112 3764 5171 cordis

2119 5222 2416 5293 manifesta
2444 5221 2607 5291 ﬁunt.
