4138 6216
1833 149 1846 176 1

425 348 579 439 i115

1842 347 2017 407 FED.
2067 343 2414 403 MORELLI

3679 341 3835 399 1116

1286 646 2062 772 FEDERICI
2152 643 2940 790 MORELLI,

1595 861 2015 907 PROFESSORUM
2057 858 2361 905 REGIORUH
2403 859 2648 918 DECANI,

1073 989 1465 1078 NOTAE
1560 991 1723 1076 ET
1821 984 3166 1075 ANIMADVEBSIONES-

492 1299 653 1364 Quod
688 1298 924 1369 Ulysses
956 1299 1298 1356 Homericus
1330 1299 1400 1355 de
1428 1299 1705 1354 Diomede
1741 1298 1853 1352 ﬁdo
1888 1302 1943 1351 et
1976 1297 2066 1350 in-
2098 1298 2150 1363 Α

421 1387 651 1444 divulso
683 1389 896 1445 comite
927 1390 1298 1461 deprmdicat,
1333 1391 1542 1446 merito
1573 1390 1642 1444 de
1673 1386 1884 1442 Basilio
1907 1387 2071 1458 Mag-

422 1495 496 1533 no
528 1480 933 1550 usurpaverim
968 1479 1102 1532 κατά
1131 1476 1432 1550 παρῳδίαν.

422 1605 546 1690 ἓως
588 1599 744 1688 dua-1“,
780 1600 1067 1656 Βασιλείου
1097 1601 1397 1690 ἐγὼᾱθεῖοιο
1426 1601 1720 1690 λαθοίμην,

421 1670 498 1750 ς)γῦ
534 1672 657 1750 περὶ
693 1675 788 1744 μὶν
817 1675 1074 1750 πρόφρων
1099 1670 1321 1750 κραδίῃ,
1355 1675 1442 1750 καὶ
1477 1670 1895 1750 θυμὸςνᾲγήνωρ

421 1745 504 1797 Ἐν
533 1744 786 1798 πάντεσσι
816 1744 1051 1799 πόνοίσι·
1087 1744 1238 1823 φιλεῖ
1269 1744 1324 1801 δὲ
1359 1745 1381 1800 ἐ
1413 1744 1638 1821 Χρισὲὸς
1667 1744 1878 1813 Ima;
1909 1763 1922 1810 ;

421 1835 528 1901 Qui
556 1837 749 1904 magni
773 1851 984 1904 possem
1017 1836 1219 1892 Basilii
1247 1854 1365 1892 esse
1386 1840 1673 1892 immemor
1697 1852 1958 1906 unquam,

421 1907 588 1975 (.‘ujus
624 1922 720 1961 cor
749 1907 932 1962 alacre
961 1917 1011 1962 et
1040 1909 1304 1964 sublimia
1326 1914 1551 1976 pectora
1582 1912 1641 1962 in
1671 1911 1821 1962 omni

418 1979 614 2048 Magno
641 1994 805 2049 opere
839 1996 857 2032 :
896 1979 1041 2034 unde
1071 1982 1294 2037 adamat
1323 1982 1595 2036 doctorem
1646 1981 1795 2035 hunc
1826 1978 2068 2106 Clin-ista;

1898 2066 2020 2105 esus

1898 2066 2020 2105 esus

419 2174 704 2244 Equidem
737 2176 808 2230 ab
841 2175 975 2231 hinc
1009 2177 1182 2232 annis
1212 2195 1284 2232 XL
1333 2177 1571 2250 scriptis
1617 2178 1745 2249 ejus
1791 2175 2064 2248 gravissi-

419 2262 532 2318 mis
562 2263 749 2319 libens
782 2265 1118 2320 incumbere
1147 2267 1291 2339 cmpi
1321 2285 1332 2321 :
1365 2284 1468 2322 nec
1501 2266 1900 2338 pmnitendum
1933 2282 2065 2320 sus-

419 2351 543 2423 cepi
564 2351 1064 2426 laborem,partim
1091 2355 1148 2410 in
1174 2357 1541 2411 emendando
1564 2355 2066 2424 cod.Germanico,

419 2457 532 2512 qua
563 2443 633 2496 ab
662 2443 1134 2514 interpunctione
1166 2450 1223 2499 et
1264 2445 1432 2500 foedis
1467 2445 1694 2500 mendis
1725 2429 1952 2517 typogr.
1989 2443 2067 2500 la-

417 2530 900 2602 borabat,partim
935 2550 1068 2587 cum
1104 2535 1646 2599 mss.conl‘erendo;
1683 2535 1894 2606 partim
1927 2551 2064 2588 con-

409 2619 656 2690 jecturis
686 2637 799 2675 non
825 2621 1157 2677 infelicibus
1193 2624 1447 2678 medicas
1469 2623 1801 2679 adhibendo
1829 2641 2062 2692 manus,

417 2725 483 2764 ac
535 2725 724 2764 naevos
772 2709 974 2766 tollere
1003 2716 1061 2766 et
1088 2713 1272 2768 nodos
1303 2712 1522 2768 solvere
1544 2714 1842 2769 tentando.
1876 2713 2061 2768 Etiam

415 2813 574 2852 nunc
604 2803 770 2854 aetate
802 2805 1074 2868 provecta
1107 2800 1264 2856 idem
1318 2801 1576 2856 stadium
1626 2801 1777 2858 ultro
1809 2819 1940 2858 sum
1975 2819 2063 2858 re-

419 2903 662 2942 mensus
693 2888 751 2942 in
785 2888 892 2943 hac
918 2906 1064 2944 nova
1088 2894 1146 2944 ct
1171 2894 1520 2962 exaggerata
1543 2891 1819 2946 editionis
1839 2895 2062 2946 Graeco-

418 2975 635 3031 Latinse
670 2977 989 3048 molitione,
1022 2979 1162 3033 dum
1199 2985 1384 3034 rotam
1417 2980 1895 3052 typographicam
1928 2997 2061 3035 cur-

416 3070 641 3121 rentem
677 3066 940 3124 animose
971 3084 1316 3140 prosequor.

737 3226 810 3264 AD
852 3227 868 3263 Ι
912 3227 1197 3266 ιιοΜιιιΑΜ
1238 3229 1296 3266 IN
1338 3229 1721 3267 HEXAEMERON

484 3314 604 3371 Col.
631 3317 664 3370 8
697 3316 733 3370 Β
767 3318 852 3371 15.
886 3317 1019 3389 Leg.
1055 3315 1135 3371 ὅτι
1183 3316 1350 3387 καλή.
1402 3324 1692 3390 Interpres
1743 3325 1942 3377 noster
1982 3322 2063 3377 ita

412 3408 667 3459 verterat
697 3421 764 3460 ac
795 3406 844 3461 si
879 3404 1140 3477 legisset,
1175 3405 1250 3466 ὡς
1279 3403 1422 3474 καλὴ
1457 3408 1490 3475 ἡ
1523 3407 1693 3477 τάξις,
1727 3411 1895 3479 quasi
1946 3410 2064 3463 κατ’

415 3489 760 3568 ἐπιφώνημα,
811 3499 876 3548 ut
936 3493 1144 3565 psalm.
1197 3513 1296 3550 VIII
1328 3513 1341 3550 :
1373 3495 1459 3555 Ὠς
1510 3496 1815 3569 θαυμαστὸν
1855 3497 1916 3550 τό
1945 3493 2062 3551 ὅνο-

419 3579 492 3652 μά.
516 3601 629 3635 σου.
665 3582 828 3636 Plato
860 3584 918 3638 in
957 3585 1113 3639 Tim.:
1145 3584 1206 3640 Ὀ
1231 3583 1360 3646 Θεὸς
1383 3588 1485 3638 πᾶν
1508 3583 1632 3639 ὅσον
1665 3586 1732 3653 ἦν
1765 3585 1955 3663 ὁρατὸν
1982 3585 2060 3650 εἷς

411 3667 557 3738 τάξιν
585 3665 783 3742 ἤγαγεν
817 3669 868 3739 ἐξ
899 3669 1140 3742 ἀταξίας.

729 3830 804 3868 AD
845 3830 885 3868 Π
926 3831 1218 3870 HOMILIAM
1258 3833 1317 3871 IN
1359 3834 1739 3875 lIEXAEMERON

483 3919 600 3975 Col.
633 3920 704 3974 37
731 3924 771 3974 Β
802 3922 886 3978 13.
939 3920 1038 3974 Καὶ
1079 3918 1287 3992 διενεκῆ
1320 3945 1371 3978 τ.
1404 3944 1456 3980 κ.
1487 3927 1655 3998 Apud
1690 3928 1910 3984 Lucret.
1947 3929 1984 3984 l.
2019 3947 2057 3984 ιι

409 4011 605 4065 eadem
638 4009 976 4082 hypothesis
1009 4014 1355 4085 proponitur
1386 4014 1442 4068 in
1477 4017 1694 4072 atomis
1729 4033 1742 4074 :

410 4117 573 4172 Multa
591 4118 808 4172 minuta
838 4118 1012 4174 modis
1042 4120 1234 4176 multis
1263 4136 1361 4189 per
1384 4138 1546 4176 mane
1571 4123 1778 4179 videbis

415 4189 652 4266 gorpara
681 4191 907 4266 misceri
945 4190 1238 4246 radiorum
1264 4192 1473 4266 lumine
1498 4195 1556 4248 in
1598 4196 1735 4266 ipso,

410 4261 490 4338 Et
509 4260 654 4314 velut
682 4265 890 4338 azlerno
918 4266 1218 4318 certamine
1242 4265 1443 4338 praelia
1464 4260 1782 4338 pugnasque

414 4330 601 4408 {Edere
619 4335 917 4408 turmatim
928 4407 931 4408 ν
943 4338 1154 4408 certant
1162 4330 1255 4404 ia,
1272 4353 1371 4391 nec
1407 4330 1473 4390 da
1481 4330 1556 4391 νϐ’
1565 4330 1798 4408 ρααᾶαηῑ

413 4403 676 4458 Conciliis
714 4413 767 4460 et
794 4405 1046 4461 dissidiis
1068 4403 1317 4462 exercita
1347 4403 1575 4464 crebris;

412 4512 494 4564 En
536 4505 811 4570 ἄπαυστος
851 4509 1100 4583 πόλεμος
1150 4511 1240 4566 καὶ
1301 4510 1558 4583 διηνεκὴς
1603 4516 1636 4583 ἡ
1691 4515 1882 4592 φθορὰ,
1933 4537 2061 4591 γρα-

411 4595 648 4651 τούντων
679 4597 730 4651 ἐν
768 4598 915 4671 μέρει
945 4600 1032 4654 καὶ
1064 4601 1470 4675 κρατουμένων.
1503 4605 1737 4662 Homer.
1787 4604 2063 4661 ὀλλύντων

409 4706 468 4740 τε
497 4687 587 4740 καὶ
621 4685 971 4760 ὀλλυμένων.

483 4776 605 4832 Col.
634 4778 702 4832 40
733 4783 777 4831 Α
808 4779 862 4834 3.
894 4778 1007 4834 Ἀεὶ
1037 4778 1138 4854 γὰρ
1161 4785 1266 4835 τῶν
1288 4802 1395 4858 γιν.
1419 4784 1667 4856 Epicteti
1691 4783 2064 4860 Ἐγχειριδίου

410 4866 686 4939 princeps
719 4868 949 4938 divisio,
971 4873 1081 4923 τῶν
1109 4865 1280 4926 ὄντων
1302 4871 1369 4926 τὰ
1397 4873 1492 4944 μὲν
1529 4872 1668 4928 ἐστιν
1702 4872 1782 4952 ἐφ’
1810 4877 1968 4948 ἡμῖν,
1999 4877 2066 4930 τὰ

414 4951 471 5009 δὶ
497 4953 596 5009 οὐκ
631 4953 714 5030 ἐφ’
739 4957 901 5028 ἡμῖν.

485 5045 606 5102 Col.
641 5047 710 5102 43
750 5047 792 5102 Β
840 5049 892 5102 6.
942 5045 1254 5111 Συνέθαλπε
1304 5049 1395 5104 καὶ
1455 5050 1525 5123 ἐξ.
1582 5074 1632 5108 τ.
1682 5074 1732 5110 τ.
1787 5054 1834 5110 ὑ.
1885 5053 2066 5130 φύσιν,

414 5134 551 5190 κατά
625 5135 724 5204 τὴν
795 5134 973 5190 εἷ’κόνα
1044 5144 1144 5207 τῆς
1219 5137 1570 5210 ἐπωαζούσης
1644 5138 1736 5219 ὅρν
1769 5187 1780 5199 .
1836 5145 2068 5201 Plenior

413 5225 624 5293 versio,
656 5225 736 5282 Ad
768 5228 989 5283 similit.
1014 5229 1154 5298 avis,
1187 5232 1576 5287 incubantibus
1605 5235 1738 5302 ovis,
1776 5251 1828 5288 υ.
1861 5234 2066 5290 Adria-

415 5332 528 5370 nus
559 5315 618 5370 in
646 5313 937 5390 Εἰσαγωγὴ
973 5314 1049 5379 εἷς
1095 5317 1191 5380 τὰς
1239 5316 1382 5381 θείας
1427 5320 1662 5397 Γραφάς,
1717 5323 2062 5393 hujusmodi

2950 1338 2962 1350 .
3003 1338 3016 1352 .
3053 1337 3064 1351 .
3104 1339 3118 1352 .
3149 1297 3484 1368 mistumque
3511 1296 3728 1352 duobus

2183 1368 2288 1434 Qui
2316 1383 2479 1439 super
2503 1367 2761 1424 aethercas
2792 1370 3055 1424 volitabat
3085 1370 3325 1439 Spiritus
3353 1367 3548 1424 undas.

2181 1513 2487 1569 Enimvero
2517 1525 2635 1603 qm
2667 1532 2773 1570 vox
2822 1515 2990 1569 llebr.
3035 1532 3068 1569 a
3117 1513 3274 1569 Mose
3301 1531 3337 1581 ῐ,
3367 1514 3421 1581 2,
3455 1513 3598 1568 Gen.
3653 1528 3828 1567 usur-

2181 1609 2315 1674 pata
2345 1604 2458 1657 vim
2493 1598 2668 1659 habet
2713 1607 2809 1656 τοῦ
2847 1600 3210 1677 ἐπιφέρεσθαι,
3261 1599 3603 1668 συνθάλπων,
3647 1598 3828 1653 imoi-

2181 1695 2309 1759 ζειν,
2352 1693 2610 1764 agitandi
2663 1693 3003 1764 fovendique
3054 1695 3238 1748 instar
3285 1691 3440 1746 alitis
3489 1690 3826 1745 incubantis

2179 1799 2358 1852 supra
2390 1783 2593 1836 nidum
2626 1800 2827 1838 suum.
2872 1787 2975 1837 Ast
3023 1799 3056 1837 o
3089 1781 3187 1838 ubi
3240 1798 3394 1836 nunc
3425 1780 3687 1853 gentium
3724 1781 3823 1851 Sy-

2178 1869 2336 1925 riaca
2366 1871 2468 1925 illa
2497 1871 2876 1927 Pentateuchi
2903 1868 3254 1947 μετάφρατις,
3297 1871 3464 1942 cujus
3494 1869 3589 1925 hic
3635 1885 3823 1941 praeco

2177 1965 2266 2014 est
2295 1963 2472 2032 Syrus
2504 1960 2862 2016 Basilianusl

2246 2048 2366 2105 Col.
2402 2050 2466 2104 44
2500 2050 2539 2104 C
2567 2053 2619 2104 2.
2659 2050 2944 2119 Γενηθήτω
2977 2053 3117 2127 φώς.
3159 2049 3391 2120 Insigne
3437 2065 3503 2104 ac
3553 2046 3825 2103 luculen-

2175 2141 2300 2192 tum
2322 2138 2725 2194 testimonium
2743 2139 3190 2211 magnificentiae
3212 2139 3390 2208 hujus
3407 2136 3687 2193 orationis
3711 2137 3830 2191 Mo-

2176 2228 2344 2282 saicae
2377 2245 2410 2281 a
2439 2227 2709 2300 Dionysio
2745 2229 3005 2299 Longino
3037 2229 3320 2300 scriptore
3350 2227 3537 2282 Attico
3576 2227 3825 2297 antiquo

2175 2315 2482 2372 exhibetur
2511 2318 2569 2370 in
2597 2317 2833 2372 aureolo
2865 2318 2965 2372 lib.
2999 2317 3124 2390 Περὶ
3161 2315 3349 2389 ὕψους,
3386 2317 3474 2371 bis
3505 2315 3699 2370 verbis
3722 2315 3824 2370 :‘O

2173 2407 2280 2456 τῶν
2329 2400 2604 2458 Ἰουδαίων
2639 2405 2988 2476 Θεσμοθὲτης,
3023 2404 3128 2479 οὐχ
3156 2405 3183 2458 ὁ
3213 2406 3395 2478 τυχὼν
3427 2401 3584 2477 ἀνὴρ,
3627 2398 3819 2470 ἐπειδή

2173 2491 2273 2558 τὴν
2321 2496 2422 2546 τοῦ
2472 2492 2625 2546 Gaio»
2659 2490 2884 2565 δύναμιν
2926 2494 3060 2547 κατὰ
3109 2493 3207 2560 τήν
3243 2493 3390 2562 ἀξίαν
3423 2490 3693 2567 ἐξέφηνεν,
3728 2491 3823 2545 εὖ-

2175 2578 2267 2641 Θὺς
2296 2578 2347 2633 ἐν
2389 2585 2456 2654 τῇ
2503 2576 2754 2656 εἰσϐολῇ,
2789 2583 2816 2636 ὁ
2855 2583 3004 2654 Θεὸς,
3057 2583 3208 2659 φησί.
3253 2583 3358 2651 Tt;
3393 2579 3625 2635 Ιένὲσθω
3675 2585 3817 2657 φῶς.

2099 2672 2140 2735 Β
2175 2669 2270 2723 Καὶ
2303 2668 2514 2745 ἐγένετο
2541 2715 2552 2728 .

2492 2852 2562 2888 AD
2605 2850 2661 2889 ιν
2700 2851 2984 2890 HOMILIAM
3029 2851 3086 2889 IN
3127 2849 3505 2889 HEKAEMEBON

2242 2994 2360 3050 Col.
2391 2996 2461 3048 77
2509 2995 2549 3050 C
2601 2995 2684 3048 10.
2728 2992 2846 3049 Εἰσί
2889 3013 3031 3054 τινες
3079 2991 3270 3056 πόλεις
3321 3013 3382 3047 π.
3441 2993 3628 3057 Quum
3687 3011 3826 3050 vera

2171 3083 2249 3140 sit
2281 3083 2400 3138 Ι]ωο
2432 3084 2700 3155 assertio,
2728 3085 2896 3139 docet
2927 3083 3126 3139 Basilii
3173 3084 3356 3139 nostri
3388 3084 3616 3139 amicus
3647 3090 3702 3139 et
3735 3084 3821 3138 fa-

2171 3173 2420 3228 miliaris
2447 3173 2727 3229 Libanius
2757 3173 2815 3228 in
2849 3173 3122 3229 Monodia
3157 3189 3332 3244 super
3370 3173 3733 3240 Nicomedia,
3768 3178 3826 3227 et

2171 3263 2230 3317 in
2263 3262 2418 3319 Orat.
2469 3261 2604 3335 πρὸς
2652 3259 2780 3323 τοὺς
2831 3261 2980 3322 νὲους
3008 3259 3132 3332 περί
3179 3265 3277 3315 τοῦ
3309 3260 3503 3335 λόγου,
3549 3279 3676 3333 ηοω
3708 3264 3824 3317 hoc

2170 3367 2323 3406 anno
2353 3368 2387 3406 a
2417 3367 2510 3406 me
2560 3354 2753 3406 Graece
2802 3356 2859 3406 et
2904 3353 3029 3406 Lat.
3065 3355 3206 3406 sunt
3251 3352 3417 3406 edita:
3444 3369 3458 3419 ;
3490 3356 3549 3406 et
3600 3353 3658 3406 Β.
3697 3354 3822 3405 Au-

2169 3440 2444 3511 gustinus
2473 3443 2740 3496 Enarrat.
2777 3443 2834 3495 in
2865 3441 3008 3512 psal.
3043 3457 3163 3510 cm,
3198 3440 3298 3496 ubi
3330 3440 3554 3510 scribit,
3591 3463 3619 3491 α
3649 3443 3818 3497 Vide-

2169 3527 2244 3583 tis
2275 3529 2415 3598 quid
2449 3529 2623 3584 faciat
2655 3529 2880 3594 civitas,
2914 3529 3012 3584 ubi
3042 3528 3346 3583 abundant
3373 3528 3756 3599 spectacula?
3788 3551 3816 3576 ››

2169 3618 2431 3690 Itemque
2459 3622 2514 3672 S.
2567 3618 2825 3674 Hilarius
2873 3620 2933 3673 in
2972 3619 3113 3689 psal.
3147 3634 3338 3685 cxvm,
3377 3622 3572 3673 octon.
3611 3618 3712 3684 He,
3747 3619 3826 3672 De

2167 3707 2311 3762 culis
2339 3725 2359 3763 :
2395 3708 2500 3775 Qui
2548 3709 2604 3762 in
2654 3707 3028 3762 theatralibus
3083 3705 3232 3762 ludis
3277 3707 3482 3778 captivi
3533 3706 3824 3774 incubant,

2169 3797 2266 3865 qui
2292 3796 2625 3852 circensium
2649 3797 3045 3852 certaminibus
3075 3797 3349 3851 serviunt.

2239 3883 2357 3939 Col.
2395 3888 2464 3940 80
2517 3887 2563 3940 A
2616 3886 2702 3940 13.
2754 3889 2917 3958 ’Όναρ
2966 3883 3100 3959 ὑπὲρ
3155 3887 3261 3938 τῶν
3303 3880 3493 3937 ἳππων
3552 3903 3692 3958 μαχ.
3748 3886 3828 3940 Ex

2167 3974 2555 4048 Aristophane
2584 3971 2636 4028 ἐν
2664 3971 2950 4049 Νεφέλαις.
2984 3979 3209 4046 Streps.

2871 4117 2947 4190 '_0_
2963 4111 3021 4168 δὲ
3040 4116 3221 4190 κόμην
3255 4110 3396 4190 ἔχων

2386 4187 2696 4256 Ἰππάζεταί
2724 4207 2782 4241 τε
2809 4188 2898 4263 na}.
2935 4186 3364 4263 ξυνωρὶκεύεται,

2389 4261 2768 4336 Ὀνειροπολεῖ
2797 4261 2843 4323 θ’
2868 4257 3095 4321 ἵππους.

2246 4404 2365 4460 Col.
2418 4405 2483 4460 81
2544 4409 2610 4458 D.
2642 4405 2697 4458 5.
2759 4403 2904 4478 Πρὸς
2958 4402 3055 4469 τὴν
3117 4399 3281 4477 ρυτὴν
3338 4401 3554 4480 ἀφορῶν
3610 4423 3665 4459 τ.
3719 4404 3823 4460 Hic

2173 4493 2400 4550 eximiae
2449 4493 2537 4549 vir
2585 4492 2936 4549 eruditionis
2964 4495 3021 4546 et
3059 4493 3350 4548 facundia:
3393 4493 3596 4548 Joach.
3631 4493 3822 4549 Perio-

2175 4584 2333 4653 nius,
2363 4583 2604 4639 notione
2631 4585 2728 4636 τοῦ
2761 4581 2978 4658 ἀφορῶν
3012 4597 3126 4637 non
3160 4586 3449 4654 percepta,
3483 4582 3685 4638 docuit
3727 4584 3821 4637 ab-

2175 4673 2357 4729 surda
2383 4673 2885 4745 interpretatione,
2912 4693 2941 4722 ‹‹
2971 4687 3149 4742 quam
3182 4671 3442 4728 humana
3472 4689 3684 4744 parum
3715 4689 3818 4726 na-

2175 4766 2311 4819 tura
2339 4763 2532 4818 videat
2556 4763 2876 4828 interdum,
2900 4785 2928 4812 »
2961 4765 3024 4817 ut
3053 4766 3253 4818 monet
3273 4761 3536 4831 Flaccus,
3559 4763 3661 4833 qui
3691 4778 3818 4816 sen-

2174 4852 2422 4907 tentiam
2455 4852 2606 4908 hanc
2654 4851 3012 4908 Basilianam
3062 4851 3380 4908 admodum
3425 4850 3688 4907 illustrat
3732 4849 3819 4905 his

2175 4941 2392 4997 versib.
2426 4944 2532 5014 Ep.
2565 4942 2638 4997 ad
2680 4939 2933 4997 Lollium
2967 4941 2994 4995 1
3033 4956 3046 4993 :

2358 5088 2612 5142 Rusticus
2641 5087 2912 5156 exspectat
2942 5081 3070 5140 dum
3104 5081 3305 5156 deﬂuat
3329 5083 3533 5156 amnis,
3566 5092 3625 5138 at
3655 5084 3751 5140 ille

2354 5159 2590 5215 Labitur
2619 5167 2672 5213 et
2704 5153 2919 5213 labetur
2944 5157 3004 5211 in
3025 5171 3183 5211 omne
3208 5153 3470 5211 volubilis
3497 5171 3698 5210 sevum-

2177 5319 2321 5384 Quis
2378 5319 2574 5391 aptius
2626 5321 2684 5374 et
2729 5315 3052 5390 elegantius
3096 5314 3197 5382 τήν
3254 5311 3419 5389 ῥυτήν
3457 5318 3568 5368 τῶν
3619 5312 3817 5369 ὑδάτων

414 5403 687 5460 Hebraici
719 5404 1080 5462 characteris
1113 5403 1318 5479 ἰδίωμα
1349 5407 1432 5462 ἐπὶ
1483 5415 1582 5477 τῆς
1627 5406 1885 5478 διανοίας,
1920 5428 2071 5467 nun-

2185 5413 2378 5483 μοῖραν
2411 5407 2700 5481 exprimat
2720 5407 2743 5462 Ρ

417 5497 596 5564 cupat
627 5491 730 5545 ἀπὸ
762 5495 1024 5564 κινήσεως
1073 5498 1426 5568 σωματικῶν,
1457 5497 1547 5553 vel
1601 5498 1704 5551 ἀπὸ
1742 5499 1949 5573 τόπων,
1980 5500 2071 5557 vel

421 5578 526 5633 ἀπὸ
575 5580 906 5653 στολισμῶν.
951 5586 1252 5642 Ausonius
1303 5585 1447 5643 scite
1497 5587 1810 5646 aemulatus
1865 5594 1956 5646 est
2009 5589 2069 5646 in

420 5667 798 5741 ephemeride.

2251 5499 2371 5556 Col.
2403 5499 2474 5553 89
2534 5503 2578 5552 Δ
2627 5498 2682 5553 9.
2745 5489 3070 5550 Ὠὄὲλισνταιο
3133 5494 3160 5547 ὁ
3219 5489 3277 5548 δὲ
3324 5487 3540 5556 ὀϐελός.
3573 5495 3818 5550 ~Allilum

2179 5591 2497 5644 transverso
2526 5586 2737 5643 calamo
2775 5587 2998 5656 signum
3027 5583 3101 5640 ab
3129 5583 3327 5640 Horat.
3359 5582 3576 5640 dicitur
3603 5584 3672 5639 ad
3704 5583 3813 5638 Pis.

2179 5675 2502 5748 Ausonius,
2559 5675 2758 5749 Epigr.
2813 5673 2888 5733 ad
2934 5672 3234 5743 Pacatum,
3281 5671 3468 5731 Obelos
3509 5674 3813 5747 θρανίον-πω
