4124 6240
329 362 484 423 1117

1903 361 2160 421 NOTAE.

3582 358 3737 419 1118

349 496 569 564 igmala
623 495 811 548 vatum
854 495 1041 549 vocat.
1076 491 1291 548 Mirum
1349 496 1439 549 est
1495 496 1616 550 tam
1677 492 1972 565 insignem
2001 494 2056 560 Α
2086 492 2284 564 itaque
2315 492 2387 548 ad
2419 491 2820 548 maturitatem
2845 491 3033 547 ducit:
3062 490 3212 546 nhoc
3239 490 3530 546 insectum
3551 490 3730 546 Graeci

326 582 520 639 Basilii
554 581 737 638 nostri
768 580 1336 637 animadversionem
1380 581 1626 637 latuisse
1671 581 1973 636 eruditiss.

323 689 392 728 ac
435 670 922 744 diligentissimos
968 671 1258 743 quosdam
1307 669 1463 726 viros
1493 667 1976 747 φιλιερογράφους.

638 850 712 890 AD
751 849 788 888 V
826 849 1112 888 HOMILIAM
1153 849 1212 888 IN
1253 848 1654 888 HEXAEMERON.

395 975 514 1032 Col.
555 975 656 1032 103
683 975 723 1031 C
754 975 804 1030 4.
836 974 996 1031 Idem
1052 978 1289 1031 notatur
1344 990 1378 1030 a
1431 973 1524 1031 Jo.
1558 973 1862 1045 Chrysost.
1918 972 1978 1029 in

325 1063 608 1138 Panegyri
639 1064 698 1120 in
728 1067 786 1118 S.
813 1063 1124 1120 Thomam.

398 1154 548 1210 Ibid.
580 1153 622 1211 C
678 1153 860 1210 4.Ἵν’
915 1151 974 1206 ἐκ
1027 1155 1126 1207 τοῦ
1175 1149 1408 1230 ἀφανοῦς
1451 1151 1546 1215 τὰς
1595 1151 1724 1227 παρ’
1774 1151 1978 1207 ἑαυτῶν

327 1237 540 1318 βλάϐας
603 1246 720 1303 τοῖς
806 1239 1206 1316 ἀκεραιοτέροις
1265 1235 1600 1314 ἐμϐάλωσιν.
1662 1246 1781 1298 Hoc
1823 1242 1977 1299 idem

323 1333 526 1403 Basil.,
556 1337 700 1388 tom.
736 1331 807 1398 II,
840 1333 1013 1404 epist.
1051 1333 1176 1402 410,
1209 1332 1464 1404 appellat
1493 1329 1838 1399 καταπαίζειν
1866 1334 1973 1385 τῶν

321 1418 736 1496 ἀκεραιοτὲρων,
773 1421 1010 1476 eludere
1044 1421 1290 1476 minime
1324 1420 1537 1477 malos.

395 1510 517 1566 Col.
553 1511 657 1566 105
687 1510 801 1566 Β8.
836 1509 1000 1565 Corr.
1036 1505 1294 1582 ῥοδωνιαὶ
1322 1530 1374 1565 κ.
1409 1510 1604 1580 Virgil.
1629 1533 1658 1560 «
1696 1510 1978 1566 rosaria.»

326 1603 397 1654 Et
426 1599 580 1671 apud
611 1599 713 1656 Rei
746 1603 894 1655 rust.
927 1599 1155 1671 script.,
1188 1603 1252 1654 ut
1281 1599 1396 1666 hic,
1429 1621 1456 1648 «
1495 1605 1708 1670 roseta,
1737 1599 1976 1672 myrthi,

327 1688 554 1745 laurus.
592 1710 620 1737 ››

397 1777 517 1832 Col.
553 1777 653 1831 108
683 1782 723 1830 Δ
757 1777 812 1834 3.
844 1775 905 1832 Ὁ
939 1773 1302 1846 ὑποκείμενος
1331 1779 1410 1846 τῷ
1441 1773 1636 1852 φύλλῳ
1664 1777 1884 1844 κόκκος,
1918 1777 1974 1830 ’ὸν

327 1864 525 1940 μίσχον
579 1864 721 1926 τινὲς
778 1885 830 1920 τ.
883 1864 1030 1920 Hinc
1088 1865 1442 1936 Hesychium
1527 1867 1611 1922 sic
1681 1866 2060 1931 emendazB

327 1953 561 2028 Μίαχος⁶
588 1951 730 2007 οὕτω
762 1950 1035 2027 λέγουσιν,
1067 1950 1113 2024 ᾦ
1147 1954 1479 2025 συνήρτηται
1525 1953 1661 2026 πρὸς
1702 1954 1764 2008 τὸ
1815 1955 1978 2030 φυτὸν

324 2042 416 2096 καὶ
448 2043 476 2096 ὁ
507 2043 714 2118 καρπὸς
740 2041 829 2096 καὶ
851 2040 914 2095 τὸ
947 2039 1187 2118 φύλλον.
1212 2041 1423 2117 Μίσχος
1448 2043 1476 2097 ὁ
1504 2042 1649 2114 παρᾶ
1679 2046 1756 2114 τῷ
1784 2041 1982 2120 φύλλῳ

325 2131 542 2193 κόκκος.
576 2155 603 2183 ι(
641 2131 933 2188 Mischum
967 2131 1298 2203 indigetant
1327 2149 1576 2204 granum
1611 2132 1746 2188 folio
1788 2132 1982 2188 adhin-

328 2238 494 2288 rens;
540 2221 599 2276 id
651 2219 922 2276 videlicet
973 2237 1088 2292 quo
1151 2223 1374 2276 fructus
1405 2226 1461 2276 et
1491 2221 1694 2277 lolium
1727 2237 1985 2277 connexa

328 2317 468 2368 sunt
514 2311 752 2384 plantas.
798 2334 825 2362 »
857 2311 1064 2368 Nonne
1095 2311 1216 2368 hinc
1249 2329 1383 2368 cum
1438 2313 1750 2369 Basilianis
1797 2313 1984 2368 amice

344 2401 659 2472 conjurant
678 2401 706 2456 ?

401 2489 546 2546 Ibid.
583 2495 624 2543 Α
681 2490 766 2544 14.
802 2487 962 2546 Οἶνον
1017 2492 1259 2563 γεννῶσα
1317 2490 1438 2567 εὖφ.
1471 2491 1542 2547 XI
1599 2491 1736 2546 Jud.
1770 2491 1827 2546 in
1884 2507 1982 2562 pa-

330 2578 532 2635 rabola
586 2579 863 2635 Joathan.
926 2577 1069 2632 εἶπεν
1126 2575 1394 2651 ἄμπελος,
1449 2579 1641 2652 ἀφεῖσα
1699 2579 1793 2634 τὸν
1838 2578 1980 2633 οἶνόν

333 2687 461 2740 μου,
503 2668 605 2737 τήν
646 2665 991 2741 εὐφροσύνην
1041 2670 1149 2722 τῶν
1204 2666 1522 2741 ἀνθρώπων.
1555 2674 1780 2725 Fremat
1827 2675 1983 2725 Ana-

333 2757 564 2813 cbarsis
613 2757 770 2825 licet,
803 2754 949 2810 οἶνον
1011 2756 1145 2811 εἶναι
1195 2753 1340 2832 ὕδωρ
1399 2756 1560 2811 σαπὶν
1613 2757 1715 2812 ὑπὸ
1763 2758 1980 2836 φλοιοῦ.

341 2870 368 2897 ι(
396 2852 626 2918 Aquam
659 2847 768 2902 sub
799 2841 1016 2902 certice
1047 2851 1300 2920 putrem.
1337 2869 1364 2897 ι»

402 2935 523 2991 Col.
556 2936 659 2991 109
701 2936 746 2991 D
779 2937 832 2993 3.
867 2935 1150 3010 Ἐρὲψιμα.
1201 2936 1524 3009 Hesychius
1584 2938 1819 3011 exponit
1864 2957 1981 2992 στε-

335 3023 564 3096 γάσιμα,
597 3047 624 3076 «
658 3025 728 3080 ad
761 3027 898 3081 teet.
931 3041 1080 3096 opus
1139 3025 1346 3097 tigilla,
1388 3025 1642 3097 tignave.
1680 3051 1700 3080 ι
1741 3027 1886 3082 Ibid.
1921 3027 1978 3081 d.

331 3115 388 3168 9.
422 3113 498 3166 Τὰ
531 3112 625 3185 μὶν
661 3111 949 3186 μονόλοπα
977 3111 1063 3167 αὖ.
1100 3115 1253 3170 Idem
1305 3115 1626 3188 Hesychius
1660 3111 1977 3188 μονόλωπα,

333 3197 711 3300 μονόδερμαη
750 3200 1138 3277 μονοχίτωνα,
1198 3203 1470 3276 explicat.
1532 3203 1718 3266 Λοπός
1791 3206 1977 3261 eidem
2011 3233 2052 3300 Ο

328 3291 666 3364 ωιιυὶροηοι
693 3288 969 3364 λεπισμῷ.
1012 3295 1212 3364 Itaque
1240 3293 1617 3349 scribendum
1648 3293 1841 3365 potius
1875 3313 1979 3364 μο-

327 3378 562 3447 νόλοπα,
595 3381 667 3436 de
699 3381 916 3453 plantis
946 3380 1122 3437 unica
1151 3383 1495 3438 membrana
1543 3383 1810 3439 tunicave
1859 3385 1982 3438 cin-

331 3471 445 3526 ctis
479 3469 713 3536 Fabius,
747 3469 806 3525 in
855 3471 1095 3525 Declam.
1126 3487 1228 3525 xm
1276 3472 1479 3543 Paup.,
1512 3473 1754 3528 ﬂoribus
1806 3474 1982 3528 etiam

330 3557 564 3614 tunicas
594 3557 820 3614 tribuit.
857 3558 1055 3620 Λὼπος
1088 3565 1283 3616 tamen
1311 3560 1566 3616 amictus
1602 3561 1792 3633 quivis
1841 3562 1982 3618 dici-

330 3649 452 3712 tur,
484 3645 726 3718 pallium
760 3647 992 3718 proprie
1029 3665 1042 3704 :
1078 3649 1232 3703 unde
1271 3644 1586 3703 ὶωποδύται
1638 3650 1982 3722 nuncupati.

402 3736 520 3791 Col.
578 3737 680 3792 112
737 3738 774 3791 Α
836 3737 921 3791 15.
975 3734 1268 3810 Σπὲρματα
1339 3741 1449 3791 τῶθ
1503 3736 1622 3814 ἀρῥ.
1676 3739 1804 3800 τοὺς
1863 3737 1981 3812 λεγ.

329 3825 529 3896 ψῆνας.
564 3824 808 3898 Hssych.
841 3825 898 3881 id
929 3826 1012 3882 ita
1041 3827 1258 3893 ﬁrmat,
1291 3832 1355 3882 ut
1382 3827 1520 3883 hinc
1551 3829 1986 3899 deprompsisse

335 3913 646 3969 videatur:
681 3915 855 3985 ψῆνας
904 3913 972 3968 τὰ
1025 3913 1308 3989 σπέρματα
1360 3919 1467 3970 τῶν
1527 3914 1764 3992 ἀῤῥένων
1813 3915 1983 3993 φοινί-

338 4022 476 4057 κων.
525 4002 656 4058 Mox
698 4001 1054 4078 ἀνορθοῦσθαι
1111 4001 1246 4060 πάλ.
1284 4005 1563 4062 Libanius
1621 4005 1680 4062 in
1729 4008 1987 4062 Encomio

342 4093 561 4163 palmae,
596 4108 650 4164 p.
684 4092 718 4146 3
745 4092 842 4148 Gr.
881 4092 1020 4148 edit.
1057 4097 1268 4150 nostra
1303 4109 1316 4148 :
1349 4093 1410 4150 Ὀ
1443 4093 1620 4171 φοίνιξ
1671 4093 1810 4169 ὑψοῦ
1858 4094 1986 4169 πρό-

336 4179 468 4250 εἱσι,
526 4178 614 4234 καὶ
671 4185 774 4253 γῆς
826 4178 1010 4255 ἆνέχει
1069 4181 1137 4235 τὰ
1203 4180 1458 4254 μάλιστα·
1491 4182 1582 4238 καὶ
1638 4185 1765 4259 παρ’
1801 4183 1984 4253 αὐτὸν,

332 4265 408 4329 ὠς
474 4267 662 4338 simis,
697 4267 831 4324 ἱέναι
883 4265 1100 4324 σπεύδει
1155 4269 1250 4324 τὸν
1309 4270 1557 4346 οὐρανόν·
1596 4293 1623 4326 ε
1663 4277 1868 4330 Palma
1924 4273 1984 4329 in

332 4357 519 4414 altum
570 4373 632 4414 se
691 4357 884 4430 erigit,
918 4357 1218 4432 humoque
1247 4360 1473 4418 extollit
1525 4361 1844 4418 admodum
1883 4380 1895 4417 :
1930 4367 1987 4419 et

332 4447 406 4502 ad
454 4447 674 4520 ipsum,
705 4453 772 4504 ut
817 4449 900 4504 ita
953 4448 1169 4520 dicam,
1199 4450 1410 4506 cmlum
1459 4467 1699 4524 pergere
1745 4456 1981 4508 conten.

332 4535 440 4594 dit.
473 4558 502 4587 ››
535 4537 716 4592 Addit
744 4537 902 4594 idem
934 4536 1123 4594 solam
1156 4540 1414 4610 palmam
1441 4541 1746 4598 surculum
1778 4541 1838 4598 in
1888 4559 1983 4598 ca-

334 4624 452 4697 pite
507 4641 878 4692 conservare,
913 4623 1079 4698 μόνος
1138 4627 1255 4682 κατ’
1298 4625 1422 4682 εὐθὺ
1474 4630 1684 4703 προϊὼν
1743 4629 1831 4685 ἐπὶ
1887 4636 1988 4700 τῆς

333 4709 584 4791 κεφαλῆς
643 4710 926 4782 διασώζειν
980 4715 1079 4784 τὴν
1128 4715 1388 4794 κεφαλήν·
1421 4735 1490 4776 ex
1546 4720 1837 4792 Theophr.
1880 4720 1984 4777 lib.

336 4819 394 4858 ιν
423 4805 585 4873 Hist,
619 4819 668 4859 ο.
701 4804 790 4874 23,
827 4805 923 4860 ubi
978 4809 1171 4862 tamen
1225 4803 1520 4884 ἰγκὲφαλος
1572 4809 1806 4882 legitur,
1867 4827 1985 4867 non

332 4889 568 4968 κεφαλή.
601 4891 786 4964 Philo,
817 4909 838 4949 ι
867 4895 942 4950 Πσ
988 4895 1101 4950 vita
1147 4894 1303 4964 Μοδη
1335 4892 1580 4970 καρδίαν,
1613 4914 1730 4959 cor.
1793 4898 1983 4955 nomi-

334 4985 436 5037 nat
467 4999 481 5038 ι
518 4979 706 5053 Φοίνιξ
731 4982 832 5051 τὴν
867 4983 1102 5051 ζωτικὴν
1135 4977 1255 5057 ἔχει
1289 4980 1542 5057 δύναμιν,
1571 4984 1676 5040 οὐκ
1705 4983 1756 5040 ἐν
1787 4983 1980 5061 ῥίζαις,

336 5068 518 5146 ὥσπερ
566 5071 656 5126 καὶ
711 5071 778 5126 τὰ
832 5068 977 5128 ἄλλα
1033 5072 1191 5151 φυτὰ,
1223 5071 1370 5129 ἀλλὰ
1423 5072 1726 5152 ἀσώφυτον,
1755 5071 1983 5150 καρδίας

333 5159 556 5233 τρόπον,
584 5159 636 5216 ἐν
684 5164 764 5233 τῷ
823 5161 1127 5236 μεσαιτάτῳ
1183 5166 1290 5217 τῶν
1323 5161 1636 5237 ἀκρεμόνων
1670 5161 1979 5236 ἱδρυμένην.

335 5249 518 5306 Paulo
549 5255 681 5322 post
711 5251 782 5306 de
811 5250 984 5307 ticub.
1018 5251 1069 5306 ot
1126 5247 1184 5306 δὲ
1229 5249 1357 5314 τοὺς
1419 5249 1680 5314 ὀλύνθους
1723 5248 1982 5322 ἐκδήσαν-

333 5357 444 5406 τες,
473 5358 526 5396 τ.
559 5339 840 5396 Etl‘ectum
879 5339 1058 5409 hujus
1111 5341 1343 5397 artificii
1402 5342 1472 5398 ad
1535 5357 1772 5398 causam
1804 5343 1981 5398 etiam

336 5427 669 5485 naturalem
723 5429 899 5485 refert
954 5430 1280 5503 Hesychius
1335 5432 1390 5487 in
1441 5427 1706 5504 ψηνίζων.
1738 5430 1919 5484 Ἔστιν
1952 5431 1980 5484 ὁ

336 5516 443 5589 ψὴν
494 5513 636 5578 εἶδος
689 5515 828 5586 ζώου
877 5515 1070 5590 ὅμοιον
1115 5517 1362 5593 κώνωπι,
1393 5518 1423 5573 ’ὀ
1454 5515 1718 5575 εἰσδύεται
1750 5518 1826 5580 εἷς
1855 5517 1982 5581 τοὺς

337 5602 601 5669 ὀλύνθους
657 5609 768 5662 τῶν
819 5605 1017 5679 σύκων,
1047 5606 1405 5664 καίἰπεπαίνει
1452 5607 1669 5671 αὐτούς.
1702 5632 1731 5661 ιι
1765 5608 1980 5665 Insecti

337 5695 562 5768 species
591 5695 802 5754 similis
833 5696 1005 5754 culioi
1031 5701 1305 5772 penetrat
1349 5698 1410 5756 in
1451 5712 1690 5773 grossos
1734 5698 1978 5768 ﬂauum,

2089 582 2234 652 ψῆνα
2258 585 2465 636 vocant
2498 599 2510 636 :
2541 581 2647 636 hoc
2669 581 2987 637 etiamnum
3018 580 3077 635 in
3109 596 3246 650 agro
3293 580 3737 652 Constantinop.

2089 671 2162 725 ad
2195 688 2368 726 usum
2401 671 2686 740 adhiberi,
2718 669 2976 724 αὐτόπται
3026 668 3327 741 ἀξιόπιστοι
3377 668 3521 724 mihi
3573 676 3734 724 retu-

2091 759 2313 815 lerunt.

2161 849 2280 906 Col.
2319 850 2419 904 113
2451 854 2497 904 Α
2552 851 2632 905 ιο.
2681 849 2787 918 Τὴν
2837 847 3180 924 ἐντεριώνην.
3234 847 3534 921 llesychio,
3594 843 3735 899 ἐντε-

2091 937 2288 1012 ριώνη,
2345 938 2407 992 τὸ
2465 937 2614 1000 ἕντὸς
2667 941 2764 992 τοῦ
2823 935 3018 1013 ὂὶγρίου
3076 937 3286 1005 σικύου,
3338 937 3372 1004 ἢ
3431 935 3498 991 τὰ
3555 931 3734 989 ἔνδον.

2089 1027 2248 1083 Ἤτοι
2302 1026 2366 1081 τὸ
2428 1027 2588 1100 μὲσον
2639 1031 2735 1082 τοῦ
2784 1025 2949 1100 ξύλου
2978 1024 3190 1102 καρδία·
3225 1026 3276 1080 ot
3309 1021 3366 1080 δὲ
3403 1022 3623 1098 μυελός.
3657 1025 3737 1080 De

2091 1117 2418 1174 meditullio
2474 1119 2667 1187 corde,
2727 1117 3104 1189 medullaque
3169 1117 3394 1173 fructus
3453 1119 3511 1172 et
3566 1113 3734 1186 ligni,

2090 1210 2430 1279 usurpatur.

2163 1297 2307 1352 Ibid.
2341 1297 2380 1351 C
2436 1299 2489 1350 8.
2544 1301 2674 1368 Leg.
2707 1293 2758 1348 ἐν
2818 1292 3046 1367 ἀψινθίῳ
3083 1293 3118 1362 ἢ
3162 1314 3248 1350 σκ.
3306 1294 3523 1350 Festive
3584 1289 3736 1345 ἀπιν-

2089 1395 2204 1446 θιον
2232 1385 2384 1454 apud
2418 1385 2672 1440 comicos
2704 1385 2823 1447 ΟΡ..
2857 1385 3011 1456 quod
3051 1385 3321 1439 bibentes
3371 1382 3515 1437 illud
3573 1381 3736 1436 fasti-

2088 1473 2269 1539 diant,
2300 1473 2372 1528 ob
2405 1473 2698 1545 insignem
2732 1473 3088 1541 amaritiem,
3123 1489 3299 1543 quam
3358 1471 3450 1526 hic
3501 1467 3735 1543 ἐσχάτην

2089 1559 2392 1636 πικρότητα
2475 1563 2640 1626 dixit,
2704 1563 2857 1617 unde
2925 1560 3254 1633 βαθῦπικρον
3323 1564 3735 1631 nuncupatur;

2089 1653 2241 1723 quod
2272 1651 2649 1706 scammoniae
2683 1666 2916 1721 quoque
2948 1649 3221 1720 congruit
3254 1665 3266 1702 :
3302 1649 3372 1704 de
3401 1665 3513 1719 qua
3547 1647 3734 1702 Diosc.

2092 1742 2138 1796 l.
2180 1757 2256 1805 ιν,
2287 1757 2415 1811 cap.
2470 1741 2594 1794 261.
2629 1739 2743 1794 Cic.
2777 1755 2793 1792 ι
2825 1740 2900 1793 De
2926 1739 3062 1802 dz'v.,
3115 1738 3181 1792 Et
3235 1738 3438 1807 Georg.
3497 1735 3736 1801 Pisidas,

2091 1830 2426 1898 Cosmurgiaa
2458 1845 2608 1884 vers.
2634 1828 2761 1897 929,
2794 1823 3183 1898 ἆσκαμμωνίαν
3219 1833 3418 1883 vocat:

2231 1951 2426 2027 Τράγοι
2453 1952 2543 2006 καὶ
2576 1953 2674 2027 τὴν
2719 1949 2952 2027 ἄπεπτον
2986 1949 3383 2027 ᾇσκαμμωνίαν

2235 2022 2596 2093 Δειπνοῦντες,
2629 2023 2917 2078 ἐκπτιόουσι
2947 2024 3046 2092 τὴν
3080 2022 3337 2095 ἀπεψίαν.

2093 2151 2258 2216 Quod
2293 2149 2713 2221 interpretatus
2745 2148 2883 2203 olim
2917 2165 3077 2215 sum,

2234 2275 2400 2332 Haedi
2429 2291 2596 2346 usque
2619 2273 2904 2344 difﬁcilem
2933 2289 3056 2327 cum
3087 2270 3271 2346 edunt
3315 2269 3736 2335 scammoniam,

2237 2347 2364 2403 Cibo
2391 2344 2730 2402 hoc‘dolores
2760 2346 3048 2400 cruditatis
3078 2344 3319 2398 leniunt.

2165 2472 2311 2526 Ibid.
2372 2469 2578 2527 11.Ἐν
2632 2473 2752 2530 ταῖς
2794 2461 3152 2542 Τερεὸίνθοις.
3214 2467 3287 2521 Ex
3347 2465 3611 2536 Theoph.
3673 2481 3735 2519 ιιι

2093 2562 2166 2616 De
2195 2561 2336 2630 h.p.
2373 2560 2496 2615 Lat.
2559 2558 2732 2614 scrib.
2795 2559 2849 2611 in
2913 2555 3268 2612 Terebinthis.
3327 2554 3536 2619 Diosc.,
3599 2553 3640 2608 Ι.
3697 2571 3736 2620 ι,

2089 2647 2378 2724 τέρμινθον
2443 2653 2706 2718 usurpat.
2761 2647 2826 2702 Et
2885 2641 3516 2717 Hesych.Tspép.w00c,
3577 2640 3740 2716 φυτὸν

2091 2735 2320 2815 ἐμφερὲς
2351 2740 2430 2808 τῷ
2464 2733 2620 2808 λίνῳ,
2656 2733 2706 2804 ἐξ
2749 2735 2809 2787 οὗ
2862 2731 3152 2788 πλέκουσιν
3207 2731 3490 2800 Ἀθηναῖοι
3530 2747 3706 2804 παρορ

2094 2826 2243 2898 μίας.
2270 2850 2298 2878 ‹‹
2329 2827 2517 2897 Stirps
2550 2830 2639 2880 est
2670 2823 2952 2880 assimilis
2982 2822 3139 2888 lino;
3175 2821 3328 2875 unde
3352 2818 3737 2874 Athenienses

2091 2917 2399 2973 nectebant
2432 2913 2740 2970 monilium
2772 2911 3186 2983 appendices.»
3203 2910 3296 2964 Sic
3316 2907 3470 2964 enim
3497 2913 3738 2962 autumo

2088 3003 2398 3080 παρορμίας
2433 3003 2525 3059 hic
2551 3003 2760 3074 accipi,
2794 3001 3031 3056 tametsi
3065 2999 3242 3054 dictio
3276 3015 3408 3052 rara
3437 3001 3494 3051 et
3523 3013 3734 3067 suspe-

2088 3100 2181 3152 cta
2211 3095 2305 3150 sit.
2339 3099 2375 3146 Δ
2412 3093 2701 3148 Nicandro
2728 3089 2988 3165 τρίμιθος
3018 3089 3196 3144 etiam
3232 3090 3498 3143 vocatur.

2164 3183 2281 3240 Col.
2321 3184 2424 3238 115
2452 3185 2490 3238 C
2519 3184 2572 3236 5.
2607 3181 2766 3244 Quod
2829 3179 2899 3234 ad
2951 3179 3144 3234 locum
3193 3174 3458 3232 Jeremiaa
3505 3173 3736 3241 attinet,

2091 3290 2217 3344 cap.
2252 3288 2387 3338 xvu,
2420 3288 2472 3326 ν.
2505 3271 2562 3337 6,
2598 3287 2709 3324 non
2765 3266 2963 3341 μυρίκη
3001 3268 3056 3320 in
3113 3282 3262 3320 vers.
3297 3264 3439 3319 LXX
3494 3263 3736 3334 Interp.,

2092 3363 2194 3418 sed
2252 3357 2614 3435 ἀγριομυρίκη
2678 3357 2911 3429 legitur,
2945 3353 3090 3408 ἔσται
3151 3354 3225 3414 ὡς
3275 3353 3310 3421 ἡ
3366 3351 3735 3426 ἀγριομυρίκη

2092 3451 2128 3518 ἡ
2159 3449 2210 3502 ἐν
2239 3447 2305 3522 τῇ
2345 3447 2558 3524 ἐρήμῳ.
2593 3448 2674 3502 De
2721 3447 2997 3518 junipero
3055 3444 3346 3499 Hebraicze
3401 3441 3614 3513 lingua:
3648 3458 3740 3510 pe-

2094 3542 2326 3597 ritiores
2353 3538 2649 3610 accipiunt
2674 3535 2736 3590 τὸ
2778 3546 2964 3600 Ἷντηε
3020 3551 3137 3604 qua
3168 3531 3421 3588 dictione
3451 3547 3548 3586 rex
3581 3529 3739 3586 Psal-

2095 3628 2454 3701 mographus
2487 3644 2628 3683 usus
2661 3630 2750 3682 est
2781 3625 2927 3696 psal.
2959 3640 3033 3690 οι,
3067 3622 3153 3678 vel
3213 3626 3278 3676 ut
3329 3620 3500 3676 llebr.
3535 3635 3737 3674 nume-

2095 3726 2222 3775 rant
2254 3735 2352 3783 cu,
2380 3717 2478 3772 ubi
2510 3715 2803 3772 contrario
2833 3731 3009 3769 sensu
3045 3711 3297 3767 humiles
3341 3709 3594 3781 myricas
3644 3725 3740 3779 ap-

2097 3805 2276 3879 pellat
2349 3801 2636 3862 ταπεινοὺς
2711 3802 2801 3855 καὶ
2861 3798 3168 3873 ἀκεραίους,
3227 3815 3479 3870 quorum
3540 3814 3741 3868 preces

2095 3895 2252 3951 Deus
2282 3893 2558 3948 exaudire
2576 3890 3055 3961 solet,quomodo
3088 3887 3228 3943 olim
3261 3903 3493 3941 versum
3522 3886 3592 3939 57
3622 3889 3743 3939 Sta-

2095 3983 2162 4040 tii
2191 3981 2572 4055 exposuimus
2601 3995 2631 4034 e
2661 3979 2851 4050 Sylvia
2880 3979 2941 4033 in
2970 3976 3208 4048 Epulum
3237 3974 3582 4030 Domitiani:

2201 4127 2447 4196 Namque
2474 4123 2698 4179 animas
2733 4120 2956 4193 (superi)
2987 4133 3134 4190 saepe
3180 4115 3452 4173 exaudire
3500 4113 3742 4168 minores

2201 4200 2491 4254 Dicuntur.
2505 4237 2516 4250 .
2528 4238 2540 4250 .
2552 4237 2565 4250 .

2165 4339 2312 4404 Quid
2346 4339 2528 4411 igitur
2557 4337 2615 4392 in
2648 4352 2824 4391 causa
2855 4338 2938 4388 est
2970 4349 3074 4388 cur
3103 4333 3309 4386 auctor
3337 4331 3533 4382 noster
3567 4340 3742 4380 accu-

2095 4431 2292 4486 ratiss.
2329 4429 2385 4483 in
2416 4425 2736 4499 Scripturis
2766 4423 2950 4480 sacris
2982 4418 3246 4476 Jeremiaa
3280 4416 3518 4489 quidem
3542 4418 3739 4470 aucto.

2095 4519 2325 4574 ritatem
2357 4515 2712 4584 adhibuerit,
2735 4512 2990 4570 Davidici
3017 4526 3148 4564 vero
3180 4505 3384 4580 hymni
3409 4522 3520 4560 non
3542 4503 3742 4558 memi-

2019 4599 2066 4666 D
2099 4608 2284 4665 nerit?
2313 4607 2459 4672 Quia
2492 4604 2767 4660 nimirum
2825 4601 2956 4658 LXX
3010 4602 3252 4671 interpr.
3287 4596 3515 4652 Graecos
3569 4593 3748 4649 duces

2095 4697 2468 4767 sequebatur,
2502 4693 2782 4748 hiiautem
2815 4691 2872 4746 in
2903 4689 3158 4747 Jeremia
3185 4686 3304 4741 vim
3339 4681 3602 4740 vocabuli
3634 4682 3742 4738 He-

2095 4785 2232 4842 braei
2265 4788 2706 4856 expresserant;
2737 4780 2791 4834 in
2830 4779 3039 4834 Davide
3070 4793 3202 4832 vero
3234 4791 3349 4830 non
3410 4773 3574 4833 item.
3607 4787 3742 4827 cum

2094 4874 2222 4932 loco
2257 4875 2520 4947 μυρικῶν,
2557 4869 2970 4926 substituerint
3024 4864 3086 4918 τὸ
3138 4865 3428 4918 ταπεινῶν.
3457 4861 3739 4917 Caeterum

2097 4965 2252 5038 quod
2289 4969 2348 5019 Β.
2382 4959 2638 5018 Basilius
2668 4959 2763 5014 hic
2812 4954 3140 5030 pr0posuit,
3173 4951 3272 5021 τὴν
3329 4947 3566 5024 μυρίκην
3624 4952 3742 5008 τοῖς

2095 5049 2382 5130 φιλύδροις
2441 5050 2906 5123 συναριθμεῖσθαι,
2968 5046 3258 5108 ﬁrmatur,
3319 5041 3377 5096 in
3438 5057 3550 5095 ms.
3610 5053 3740 5093 meo

2094 5126 2221 5201 eod.
2254 5144 2333 5212 τῷ
2375 5138 2512 5193 πάνυ
2571 5133 2819 5190 παλαιῶν
2875 5129 3461 5204 λέξεωνλιυλυεωοάὶ
3517 5126 3740 5212 descri-

2092 5209 2588 5306 ptione,Moptx‘q,
2637 5225 2838 5300 βοτάνη
2901 5221 3200 5298 ἄχρηστος,
3257 5209 3736 5289 κυπαρισσοειδής,

2089 5303 2487 5394 περιπεφυκυῖα
2543 5313 2594 5370 ὲν
2640 5319 2942 5387 ποταμοῖςο
2977 5338 2997 5364 σ
3063 5311 3296 5383 Myrice,
3329 5306 3529 5394 planta
3582 5303 3736 5373 vilis,

2089 5393 2351 5484 cupressi
2385 5405 2598 5480 specie,
2631 5405 2958 5462 innascitur
2988 5404 3222 5474 propter
3261 5393 3527 5450 ﬂumina.
3563 5415 3591 5442 ››

2390 5577 2464 5618 ΑΙ)
2502 5577 2560 5615 VI
2601 5573 2885 5615 HOMILIAM
2925 5571 2984 5609 IN
3025 5563 3429 5608 HEXAEMERON.

2158 5695 2277 5754 Col.
2339 5695 2440 5752 117
2498 5693 2564 5749 Β.
2624 5687 2923 5764 ’Δκροατήν
2982 5689 3252 5760 προσῆκεν
3310 5678 3518 5746 οἴκοθεν
3577 5674 3732 5756 ἔχοιν
