  <div class='ocr_page' id='page_1' title='image "/cluster/home/n/w/nwhite01/storage/ocr_20150623/30/hvd.32044073501827/568.png"; bbox 0 0 4124 6240; ppageno 0'>
   <div class='ocr_carea' id='block_1_1' title="bbox 294 313 445 376">
    <p class='ocr_par' dir='ltr' id='par_1_1' title="bbox 294 313 445 376">
     <span class='ocr_line' id='line_1_1' title="bbox 294 313 445 376; baseline -0.013 0"><span class='ocrx_word' id='word_1_1' title='bbox 294 313 445 376; x_wconf 69' lang='lat' dir='ltr'>“ﬂ</span> 
     </span>
    </p>
   </div>
   <div class='ocr_carea' id='block_1_2' title="bbox 286 528 1939 612">
    <p class='ocr_par' dir='ltr' id='par_1_2' title="bbox 286 528 1939 612">
     <span class='ocr_line' id='line_1_2' title="bbox 286 528 1939 612; baseline -0.002 -23"><span class='ocrx_word' id='word_1_2' title='bbox 286 555 421 607; x_wconf 87' lang='grc' dir='ltr'>των,</span> <span class='ocrx_word' id='word_1_3' title='bbox 468 537 798 612; x_wconf 70' lang='grc' dir='ltr'>σφηνοῦνται</span> <span class='ocrx_word' id='word_1_4' title='bbox 848 531 945 595; x_wconf 74' lang='grc' dir='ltr'>τὰς</span> <span class='ocrx_word' id='word_1_5' title='bbox 993 528 1252 609; x_wconf 81' lang='grc' dir='ltr'>κεφαλάς·</span> <span class='ocrx_word' id='word_1_6' title='bbox 1301 531 1494 587; x_wconf 85' lang='lat' dir='ltr'>«Cur</span> <span class='ocrx_word' id='word_1_7' title='bbox 1539 529 1848 602; x_wconf 77' lang='lat' dir='ltr'>vigilantes</span> <span class='ocrx_word' id='word_1_8' title='bbox 1878 530 1939 585; x_wconf 78' lang='lat' dir='ltr'>itl</span> 
     </span>
    </p>
   </div>
   <div class='ocr_carea' id='block_1_3' title="bbox 289 620 1950 695">
    <p class='ocr_par' dir='ltr' id='par_1_3' title="bbox 289 620 1950 695">
     <span class='ocr_line' id='line_1_3' title="bbox 289 620 1950 695; baseline -0.004 -15"><span class='ocrx_word' id='word_1_9' title='bbox 289 625 443 681; x_wconf 69' lang='lat' dir='ltr'>luna:</span> <span class='ocrx_word' id='word_1_10' title='bbox 474 623 533 681; x_wconf 94' lang='lat' dir='ltr'>lu</span> <span class='ocrx_word' id='word_1_11' title='bbox 546 623 968 691; x_wconf 87' lang='lat' dir='ltr'>mine,tametsi</span> <span class='ocrx_word' id='word_1_12' title='bbox 991 620 1198 695; x_wconf 90' lang='lat' dir='ltr'>perdiu</span> <span class='ocrx_word' id='word_1_13' title='bbox 1229 620 1289 677; x_wconf 90' lang='lat' dir='ltr'>in</span> <span class='ocrx_word' id='word_1_14' title='bbox 1311 637 1378 677; x_wconf 91' lang='lat' dir='ltr'>eo</span> <span class='ocrx_word' id='word_1_15' title='bbox 1402 624 1950 690; x_wconf 80' lang='lat' dir='ltr'>versentur,nequu-</span> 
     </span>
    </p>
   </div>
   <div class='ocr_carea' id='block_1_4' title="bbox 293 708 1943 787">
    <p class='ocr_par' dir='ltr' id='par_1_4' title="bbox 293 708 1943 787">
     <span class='ocr_line' id='line_1_4' title="bbox 293 708 1943 787; baseline -0.004 -17"><span class='ocrx_word' id='word_1_16' title='bbox 293 731 473 787; x_wconf 88' lang='lat' dir='ltr'>quam</span> <span class='ocrx_word' id='word_1_17' title='bbox 505 714 579 771; x_wconf 84' lang='lat' dir='ltr'>ab</span> <span class='ocrx_word' id='word_1_18' title='bbox 612 713 712 770; x_wconf 90' lang='lat' dir='ltr'>illo</span> <span class='ocrx_word' id='word_1_19' title='bbox 737 713 1070 769; x_wconf 72' lang='lat' dir='ltr'>laeduntur:</span> <span class='ocrx_word' id='word_1_20' title='bbox 1106 711 1208 784; x_wconf 89' lang='lat' dir='ltr'>qui</span> <span class='ocrx_word' id='word_1_21' title='bbox 1238 727 1369 767; x_wconf 90' lang='lat' dir='ltr'>vero</span> <span class='ocrx_word' id='word_1_22' title='bbox 1390 710 1690 766; x_wconf 90' lang='lat' dir='ltr'>dormiunt</span> <span class='ocrx_word' id='word_1_23' title='bbox 1712 708 1770 764; x_wconf 90' lang='lat' dir='ltr'>in</span> <span class='ocrx_word' id='word_1_24' title='bbox 1792 708 1943 764; x_wconf 66' lang='lat' dir='ltr'>luna</span> 
     </span>
    </p>
   </div>
   <div class='ocr_carea' id='block_1_5' title="bbox 294 802 1586 875">
    <p class='ocr_par' dir='ltr' id='par_1_5' title="bbox 294 802 1586 875">
     <span class='ocr_line' id='line_1_5' title="bbox 294 802 1586 875; baseline -0.006 -15"><span class='ocrx_word' id='word_1_25' title='bbox 294 802 496 875; x_wconf 90' lang='lat' dir='ltr'>radiis,</span> <span class='ocrx_word' id='word_1_26' title='bbox 530 803 743 875; x_wconf 79' lang='lat' dir='ltr'>capitis</span> <span class='ocrx_word' id='word_1_27' title='bbox 774 802 1147 875; x_wconf 79' lang='lat' dir='ltr'>gravedinem</span> <span class='ocrx_word' id='word_1_28' title='bbox 1172 804 1535 872; x_wconf 87' lang='lat' dir='ltr'>comparant.</span> <span class='ocrx_word' id='word_1_29' title='bbox 1566 822 1586 849; x_wconf 74' lang='grc' dir='ltr'><strong><em>ιο</em></strong></span> 
     </span>
    </p>
   </div>
   <div class='ocr_carea' id='block_1_6' title="bbox 363 884 1945 962">
    <p class='ocr_par' dir='ltr' id='par_1_6' title="bbox 363 884 1945 962">
     <span class='ocr_line' id='line_1_6' title="bbox 363 884 1945 962; baseline -0.005 -12"><span class='ocrx_word' id='word_1_30' title='bbox 363 893 596 950; x_wconf 73' lang='grc' dir='ltr'>ΟοΙ.144</span> <span class='ocrx_word' id='word_1_31' title='bbox 626 892 668 947; x_wconf 91' lang='grc' dir='ltr'><strong>Β</strong></span> <span class='ocrx_word' id='word_1_32' title='bbox 703 892 900 948; x_wconf 81' lang='lat' dir='ltr'>ll.Hic</span> <span class='ocrx_word' id='word_1_33' title='bbox 931 892 1222 962; x_wconf 85' lang='lat' dir='ltr'>interpres</span> <span class='ocrx_word' id='word_1_34' title='bbox 1254 884 1575 961; x_wconf 82' lang='grc' dir='ltr'>ἀμπώτιδος</span> <span class='ocrx_word' id='word_1_35' title='bbox 1607 904 1745 944; x_wconf 89' lang='lat' dir='ltr'>voce</span> <span class='ocrx_word' id='word_1_36' title='bbox 1768 886 1945 943; x_wconf 87' lang='lat' dir='ltr'>etiam</span> 
     </span>
    </p>
   </div>
   <div class='ocr_carea' id='block_1_7' title="bbox 293 976 1945 1056">
    <p class='ocr_par' dir='ltr' id='par_1_7' title="bbox 293 976 1945 1056">
     <span class='ocr_line' id='line_1_7' title="bbox 293 976 1945 1056; baseline -0.002 -20"><span class='ocrx_word' id='word_1_37' title='bbox 293 978 638 1056; x_wconf 77' lang='grc' dir='ltr'>πλημμύραν</span> <span class='ocrx_word' id='word_1_38' title='bbox 689 979 1111 1053; x_wconf 84' lang='lat' dir='ltr'>comprehendi</span> <span class='ocrx_word' id='word_1_39' title='bbox 1148 978 1520 1048; x_wconf 82' lang='lat' dir='ltr'>existimavit,</span> <span class='ocrx_word' id='word_1_40' title='bbox 1555 976 1945 1049; x_wconf 88' lang='lat' dir='ltr'>reciprocatos</span> 
     </span>
    </p>
   </div>
   <div class='ocr_carea' id='block_1_8' title="bbox 297 1065 1751 1138">
    <p class='ocr_par' dir='ltr' id='par_1_8' title="bbox 297 1065 1751 1138">
     <span class='ocr_line' id='line_1_8' title="bbox 297 1065 1751 1138; baseline -0.005 -10"><span class='ocrx_word' id='word_1_41' title='bbox 297 1076 496 1128; x_wconf 89' lang='lat' dir='ltr'>motus</span> <span class='ocrx_word' id='word_1_42' title='bbox 527 1071 778 1127; x_wconf 83' lang='lat' dir='ltr'>afﬂuxus</span> <span class='ocrx_word' id='word_1_43' title='bbox 810 1074 865 1124; x_wconf 88' lang='lat' dir='ltr'>ct</span> <span class='ocrx_word' id='word_1_44' title='bbox 896 1069 1175 1125; x_wconf 87' lang='lat' dir='ltr'>reﬂuxus.</span> <span class='ocrx_word' id='word_1_45' title='bbox 1210 1067 1384 1122; x_wconf 89' lang='lat' dir='ltr'>Poeta</span> <span class='ocrx_word' id='word_1_46' title='bbox 1410 1065 1751 1138; x_wconf 85' lang='lat' dir='ltr'>Georgicus,</span> 
     </span>
    </p>
   </div>
   <div class='ocr_carea' id='block_1_9' title="bbox 587 1152 1647 1232">
    <p class='ocr_par' dir='ltr' id='par_1_9' title="bbox 587 1152 1647 1232">
     <span class='ocr_line' id='line_1_9' title="bbox 587 1152 1647 1232; baseline -0.004 -17"><span class='ocrx_word' id='word_1_47' title='bbox 587 1152 649 1217; x_wconf 70' lang='grc'>.⁴.</span> <span class='ocrx_word' id='word_1_48' title='bbox 686 1202 699 1215; x_wconf 92' lang='grc'>.</span> <span class='ocrx_word' id='word_1_49' title='bbox 731 1177 841 1232; x_wconf 86' lang='lat' dir='ltr'>qua</span> <span class='ocrx_word' id='word_1_50' title='bbox 872 1160 927 1215; x_wconf 88' lang='lat' dir='ltr'>vi</span> <span class='ocrx_word' id='word_1_51' title='bbox 956 1161 1142 1214; x_wconf 85' lang='lat' dir='ltr'>maria</span> <span class='ocrx_word' id='word_1_52' title='bbox 1174 1158 1289 1213; x_wconf 88' lang='lat' dir='ltr'>alta</span> <span class='ocrx_word' id='word_1_53' title='bbox 1320 1160 1647 1232; x_wconf 80' lang='lat' dir='ltr'>tumescant,</span> 
     </span>
    </p>
   </div>
   <div class='ocr_carea' id='block_1_10' title="bbox 469 1227 1944 1304">
    <p class='ocr_par' dir='ltr' id='par_1_10' title="bbox 469 1227 1944 1304">
     <span class='ocr_line' id='line_1_10' title="bbox 469 1227 1944 1304; baseline -0.005 -15"><span class='ocrx_word' id='word_1_54' title='bbox 469 1227 964 1304; x_wconf 44' lang='lat' dir='ltr'>Obicibus-ruptis,</span> <span class='ocrx_word' id='word_1_55' title='bbox 1008 1244 1310 1301; x_wconf 76' lang='lat' dir='ltr'><strong><em>rursusque</em></strong></span> <span class='ocrx_word' id='word_1_56' title='bbox 1338 1231 1399 1284; x_wconf 84' lang='lat' dir='ltr'>in</span> <span class='ocrx_word' id='word_1_57' title='bbox 1426 1246 1484 1285; x_wconf 85' lang='lat' dir='ltr'>se</span> <span class='ocrx_word' id='word_1_58' title='bbox 1514 1230 1643 1302; x_wconf 83' lang='lat' dir='ltr'>ipsa</span> <span class='ocrx_word' id='word_1_59' title='bbox 1673 1227 1944 1285; x_wconf 74' lang='lat' dir='ltr'>residant.</span> 
     </span>
    </p>
   </div>
   <div class='ocr_carea' id='block_1_11' title="bbox 916 1350 1335 1393">
    <p class='ocr_par' dir='ltr' id='par_1_11' title="bbox 916 1350 1335 1393">
     <span class='ocr_line' id='line_1_11' title="bbox 916 1350 1335 1393; baseline -0.007 -1"><span class='ocrx_word' id='word_1_60' title='bbox 916 1353 989 1393; x_wconf 83' lang='lat' dir='ltr'>AD</span> <span class='ocrx_word' id='word_1_61' title='bbox 1020 1352 1224 1391; x_wconf 83' lang='lat' dir='ltr'>HOMIL.</span> <span class='ocrx_word' id='word_1_62' title='bbox 1257 1350 1335 1390; x_wconf 80' lang='lat' dir='ltr'>VII</span> 
     </span>
    </p>
   </div>
   <div class='ocr_carea' id='block_1_12' title="bbox 372 1416 1946 1500">
    <p class='ocr_par' dir='ltr' id='par_1_12' title="bbox 372 1416 1946 1500">
     <span class='ocr_line' id='line_1_12' title="bbox 372 1416 1946 1500; baseline -0.004 -17"><span class='ocrx_word' id='word_1_63' title='bbox 372 1425 492 1483; x_wconf 83' lang='lat' dir='ltr'>Col.</span> <span class='ocrx_word' id='word_1_64' title='bbox 530 1426 632 1482; x_wconf 79' lang='grc'>148</span> <span class='ocrx_word' id='word_1_65' title='bbox 689 1425 853 1481; x_wconf 83' lang='grc' dir='ltr'>Α13.</span> <span class='ocrx_word' id='word_1_66' title='bbox 911 1423 1149 1500; x_wconf 78' lang='grc' dir='ltr'>Οὐρανὸς</span> <span class='ocrx_word' id='word_1_67' title='bbox 1208 1424 1314 1475; x_wconf 77' lang='grc' dir='ltr'>τῶν</span> <span class='ocrx_word' id='word_1_68' title='bbox 1366 1419 1600 1495; x_wconf 73' lang='grc' dir='ltr'>ἀστέρων</span> <span class='ocrx_word' id='word_1_69' title='bbox 1655 1422 1722 1475; x_wconf 73' lang='grc' dir='ltr'>τὰ</span> <span class='ocrx_word' id='word_1_70' title='bbox 1788 1416 1946 1489; x_wconf 75' lang='grc' dir='ltr'>ἄνθη.</span> 
     </span>
    </p>
   </div>
   <div class='ocr_carea' id='block_1_13' title="bbox 295 1511 1944 1588">
    <p class='ocr_par' dir='ltr' id='par_1_13' title="bbox 295 1511 1944 1588">
     <span class='ocr_line' id='line_1_13' title="bbox 295 1511 1944 1588; baseline -0.005 -16"><span class='ocrx_word' id='word_1_71' title='bbox 295 1516 511 1572; x_wconf 89' lang='lat' dir='ltr'>Eadem</span> <span class='ocrx_word' id='word_1_72' title='bbox 546 1515 796 1588; x_wconf 84' lang='lat' dir='ltr'>ﬁgurata</span> <span class='ocrx_word' id='word_1_73' title='bbox 827 1515 1001 1571; x_wconf 80' lang='lat' dir='ltr'>verba</span> <span class='ocrx_word' id='word_1_74' title='bbox 1032 1513 1368 1570; x_wconf 81' lang='lat' dir='ltr'>notavimus</span> <span class='ocrx_word' id='word_1_75' title='bbox 1402 1511 1662 1584; x_wconf 85' lang='lat' dir='ltr'>insuper.</span> <span class='ocrx_word' id='word_1_76' title='bbox 1690 1512 1944 1567; x_wconf 84' lang='lat' dir='ltr'>hom.v1.</span> 
     </span>
    </p>
   </div>
   <div class='ocr_carea' id='block_1_14' title="bbox 298 1598 1946 1676">
    <p class='ocr_par' dir='ltr' id='par_1_14' title="bbox 298 1598 1946 1676">
     <span class='ocr_line' id='line_1_14' title="bbox 298 1598 1946 1676; baseline -0.004 -15"><span class='ocrx_word' id='word_1_77' title='bbox 298 1606 594 1676; x_wconf 89' lang='lat' dir='ltr'>Interpres</span> <span class='ocrx_word' id='word_1_78' title='bbox 627 1603 856 1659; x_wconf 81' lang='lat' dir='ltr'>addidit</span> <span class='ocrx_word' id='word_1_79' title='bbox 884 1601 1368 1675; x_wconf 75' lang='lat' dir='ltr'>Graec.epitheton</span> <span class='ocrx_word' id='word_1_80' title='bbox 1388 1617 1503 1656; x_wconf 90' lang='lat' dir='ltr'>non</span> <span class='ocrx_word' id='word_1_81' title='bbox 1527 1598 1946 1674; x_wconf 78' lang='grc' dir='ltr'>φορτικόν,ουιιι</span> 
     </span>
    </p>
   </div>
   <div class='ocr_carea' id='block_1_15' title="bbox 296 1685 1948 1765">
    <p class='ocr_par' dir='ltr' id='par_1_15' title="bbox 296 1685 1948 1765">
     <span class='ocr_line' id='line_1_15' title="bbox 296 1685 1948 1765; baseline -0.005 -17"><span class='ocrx_word' id='word_1_82' title='bbox 296 1695 460 1765; x_wconf 83' lang='lat' dir='ltr'>ﬂores</span> <span class='ocrx_word' id='word_1_83' title='bbox 490 1708 679 1749; x_wconf 86' lang='lat' dir='ltr'>roseos</span> <span class='ocrx_word' id='word_1_84' title='bbox 708 1692 878 1762; x_wconf 81' lang='lat' dir='ltr'>dixit,</span> <span class='ocrx_word' id='word_1_85' title='bbox 912 1697 979 1748; x_wconf 90' lang='lat' dir='ltr'>ut</span> <span class='ocrx_word' id='word_1_86' title='bbox 1007 1690 1151 1753; x_wconf 83' lang='grc' dir='ltr'>Ἠώς</span> <span class='ocrx_word' id='word_1_87' title='bbox 1203 1691 1275 1747; x_wconf 88' lang='lat' dir='ltr'>ab</span> <span class='ocrx_word' id='word_1_88' title='bbox 1319 1690 1567 1747; x_wconf 89' lang='lat' dir='ltr'>Homero</span> <span class='ocrx_word' id='word_1_89' title='bbox 1618 1685 1948 1765; x_wconf 73' lang='grc' dir='ltr'>ῥοδοδάκτυ-</span> 
     </span>
    </p>
   </div>
   <div class='ocr_carea' id='block_1_16' title="bbox 300 1780 705 1843">
    <p class='ocr_par' dir='ltr' id='par_1_16' title="bbox 300 1780 705 1843">
     <span class='ocr_line' id='line_1_16' title="bbox 300 1780 705 1843; baseline 0.005 -8"><span class='ocrx_word' id='word_1_90' title='bbox 300 1780 399 1843; x_wconf 86' lang='grc' dir='ltr'>λος</span> <span class='ocrx_word' id='word_1_91' title='bbox 451 1782 705 1838; x_wconf 86' lang='lat' dir='ltr'>canitur.</span> 
     </span>
    </p>
   </div>
   <div class='ocr_carea' id='block_1_17' title="bbox 366 1868 1950 1944">
    <p class='ocr_par' dir='ltr' id='par_1_17' title="bbox 366 1868 1950 1944">
     <span class='ocr_line' id='line_1_17' title="bbox 366 1868 1950 1944; baseline -0.004 -17"><span class='ocrx_word' id='word_1_92' title='bbox 366 1871 515 1928; x_wconf 87' lang='lat' dir='ltr'>Ibid.</span> <span class='ocrx_word' id='word_1_93' title='bbox 547 1875 586 1926; x_wconf 89' lang='lat' dir='ltr'>C</span> <span class='ocrx_word' id='word_1_94' title='bbox 616 1873 667 1927; x_wconf 89' lang='grc'>3.</span> <span class='ocrx_word' id='word_1_95' title='bbox 701 1870 887 1927; x_wconf 88' lang='lat' dir='ltr'>Scrib.</span> <span class='ocrx_word' id='word_1_96' title='bbox 922 1872 1029 1925; x_wconf 82' lang='grc' dir='ltr'>τῶν</span> <span class='ocrx_word' id='word_1_97' title='bbox 1063 1868 1398 1944; x_wconf 78' lang='grc' dir='ltr'>ἐρπυστικῶν</span> <span class='ocrx_word' id='word_1_98' title='bbox 1448 1870 1491 1927; x_wconf 81' lang='grc' dir='ltr'>ἐ.</span> <span class='ocrx_word' id='word_1_99' title='bbox 1545 1871 1833 1927; x_wconf 86' lang='lat' dir='ltr'>Homerus</span> <span class='ocrx_word' id='word_1_100' title='bbox 1889 1868 1950 1921; x_wconf 88' lang='grc' dir='ltr'>τὸ</span> 
     </span>
    </p>
   </div>
   <div class='ocr_carea' id='block_1_18' title="bbox 299 1957 1557 2035">
    <p class='ocr_par' dir='ltr' id='par_1_18' title="bbox 299 1957 1557 2035">
     <span class='ocr_line' id='line_1_18' title="bbox 299 1957 1557 2035; baseline 0.001 -21"><span class='ocrx_word' id='word_1_101' title='bbox 299 1957 481 2035; x_wconf 75' lang='grc' dir='ltr'>ἕρπειν</span> <span class='ocrx_word' id='word_1_102' title='bbox 511 1960 717 2018; x_wconf 81' lang='lat' dir='ltr'>tribuit</span> <span class='ocrx_word' id='word_1_103' title='bbox 746 1959 1107 2017; x_wconf 81' lang='lat' dir='ltr'>animalibus</span> <span class='ocrx_word' id='word_1_104' title='bbox 1139 1961 1519 2017; x_wconf 82' lang='lat' dir='ltr'>terrestribus</span> <span class='ocrx_word' id='word_1_105' title='bbox 1545 1978 1557 2015; x_wconf 92' lang='lat'>:</span> 
     </span>
    </p>
   </div>
   <div class='ocr_carea' id='block_1_19' title="bbox 861 2044 1734 2125">
    <p class='ocr_par' dir='ltr' id='par_1_19' title="bbox 861 2044 1734 2125">
     <span class='ocr_line' id='line_1_19' title="bbox 861 2044 1734 2125; baseline 0 -23"><span class='ocrx_word' id='word_1_106' title='bbox 861 2044 1109 2105; x_wconf 53' lang='grc' dir='ltr'>οὐδὲν...</span> <span class='ocrx_word' id='word_1_107' title='bbox 1144 2048 1511 2125; x_wconf 52' lang='grc' dir='ltr'>ὀςίζυρῴτερον</span> <span class='ocrx_word' id='word_1_108' title='bbox 1533 2045 1734 2125; x_wconf 21' lang='grc' dir='ltr'>ανδρὸμς</span> 
     </span>
    </p>
   </div>
   <div class='ocr_carea' id='block_1_20' title="bbox 450 2114 1946 2197">
    <p class='ocr_par' dir='ltr' id='par_1_20' title="bbox 450 2114 1946 2197">
     <span class='ocr_line' id='line_1_20' title="bbox 450 2114 1946 2197; baseline -0.001 -22"><span class='ocrx_word' id='word_1_109' title='bbox 450 2118 667 2175; x_wconf 81' lang='grc' dir='ltr'>Πάντων</span> <span class='ocrx_word' id='word_1_110' title='bbox 702 2119 834 2174; x_wconf 81' lang='grc' dir='ltr'>ὅσσα</span> <span class='ocrx_word' id='word_1_111' title='bbox 860 2141 920 2174; x_wconf 86' lang='grc' dir='ltr'>τε</span> <span class='ocrx_word' id='word_1_112' title='bbox 956 2125 1113 2196; x_wconf 80' lang='grc' dir='ltr'>γαῖαν</span> <span class='ocrx_word' id='word_1_113' title='bbox 1164 2114 1440 2197; x_wconf 66' lang='grc' dir='ltr'>ἐπιῤῥὲπέι</span> <span class='ocrx_word' id='word_1_114' title='bbox 1485 2117 1585 2190; x_wconf 75' lang='grc' dir='ltr'>ἠδὲ</span> <span class='ocrx_word' id='word_1_115' title='bbox 1630 2114 1718 2174; x_wconf 61' lang='grc' dir='ltr'>διαὶ</span> <span class='ocrx_word' id='word_1_116' title='bbox 1775 2114 1946 2193; x_wconf 73' lang='grc' dir='ltr'>ἕρπει.</span> 
     </span>
    </p>
   </div>
   <div class='ocr_carea' id='block_1_21' title="bbox 381 2206 1954 2285">
    <p class='ocr_par' dir='ltr' id='par_1_21' title="bbox 381 2206 1954 2285">
     <span class='ocr_line' id='line_1_21' title="bbox 381 2206 1954 2285; baseline -0.004 -19"><span class='ocrx_word' id='word_1_117' title='bbox 381 2209 503 2266; x_wconf 88' lang='lat' dir='ltr'>Col.</span> <span class='ocrx_word' id='word_1_118' title='bbox 538 2211 709 2265; x_wconf 67' lang='lat' dir='ltr'>149A</span> <span class='ocrx_word' id='word_1_119' title='bbox 764 2210 850 2265; x_wconf 87' lang='grc'>11.</span> <span class='ocrx_word' id='word_1_120' title='bbox 912 2209 1387 2285; x_wconf 83' lang='grc' dir='ltr'>Ἀπαριθμεῖσθαι,</span> <span class='ocrx_word' id='word_1_121' title='bbox 1439 2210 1473 2279; x_wconf 75' lang='grc' dir='ltr'><strong>ἢ</strong></span> <span class='ocrx_word' id='word_1_122' title='bbox 1523 2214 1640 2271; x_wconf 89' lang='grc' dir='ltr'>ταῖς</span> <span class='ocrx_word' id='word_1_123' title='bbox 1693 2206 1954 2271; x_wconf 75' lang='grc' dir='ltr'>κοτύλαις</span> 
     </span>
    </p>
   </div>
   <div class='ocr_carea' id='block_1_22' title="bbox 309 2294 1951 2374">
    <p class='ocr_par' dir='ltr' id='par_1_22' title="bbox 309 2294 1951 2374">
     <span class='ocr_line' id='line_1_22' title="bbox 309 2294 1951 2374; baseline -0.001 -22"><span class='ocrx_word' id='word_1_124' title='bbox 309 2304 592 2373; x_wconf 73' lang='grc' dir='ltr'>πειρᾶσθαι</span> <span class='ocrx_word' id='word_1_125' title='bbox 675 2299 736 2353; x_wconf 80' lang='grc' dir='ltr'>τὸ</span> <span class='ocrx_word' id='word_1_126' title='bbox 820 2294 967 2374; x_wconf 68' lang='grc' dir='ltr'>ὕδωρ</span> <span class='ocrx_word' id='word_1_127' title='bbox 1029 2319 1078 2355; x_wconf 88' lang='grc' dir='ltr'>τ.</span> <span class='ocrx_word' id='word_1_128' title='bbox 1140 2300 1505 2356; x_wconf 84' lang='lat' dir='ltr'>Proverbiale</span> <span class='ocrx_word' id='word_1_129' title='bbox 1561 2296 1684 2374; x_wconf 87' lang='grc' dir='ltr'>περί</span> <span class='ocrx_word' id='word_1_130' title='bbox 1758 2294 1951 2352; x_wconf 73' lang='grc' dir='ltr'>ἀδυνά-</span> 
     </span>
    </p>
   </div>
   <div class='ocr_carea' id='block_1_23' title="bbox 305 2386 1952 2461">
    <p class='ocr_par' dir='ltr' id='par_1_23' title="bbox 305 2386 1952 2461">
     <span class='ocr_line' id='line_1_23' title="bbox 305 2386 1952 2461; baseline 0.001 -20"><span class='ocrx_word' id='word_1_131' title='bbox 305 2408 439 2444; x_wconf 86' lang='grc' dir='ltr'>των.</span> <span class='ocrx_word' id='word_1_132' title='bbox 469 2389 540 2445; x_wconf 88' lang='lat' dir='ltr'>Ut</span> <span class='ocrx_word' id='word_1_133' title='bbox 563 2391 720 2461; x_wconf 86' lang='lat' dir='ltr'>apud</span> <span class='ocrx_word' id='word_1_134' title='bbox 750 2389 1069 2444; x_wconf 81' lang='lat' dir='ltr'>Pindarum</span> <span class='ocrx_word' id='word_1_135' title='bbox 1102 2389 1161 2444; x_wconf 89' lang='lat' dir='ltr'>in</span> <span class='ocrx_word' id='word_1_136' title='bbox 1199 2388 1462 2445; x_wconf 83' lang='lat' dir='ltr'>clausula</span> <span class='ocrx_word' id='word_1_137' title='bbox 1503 2390 1627 2446; x_wconf 74' lang='lat' dir='ltr'>eda:</span> <span class='ocrx_word' id='word_1_138' title='bbox 1673 2389 1709 2443; x_wconf 86' lang='lat'><strong><em>2</em></strong></span> <span class='ocrx_word' id='word_1_139' title='bbox 1756 2386 1952 2460; x_wconf 87' lang='lat' dir='ltr'>Olym-</span> 
     </span>
    </p>
   </div>
   <div class='ocr_carea' id='block_1_24' title="bbox 308 2477 562 2550">
    <p class='ocr_par' dir='ltr' id='par_1_24' title="bbox 308 2477 562 2550">
     <span class='ocr_line' id='line_1_24' title="bbox 308 2477 562 2550; baseline -0.004 -17"><span class='ocrx_word' id='word_1_140' title='bbox 308 2477 525 2550; x_wconf 87' lang='lat' dir='ltr'>pionic.</span> <span class='ocrx_word' id='word_1_141' title='bbox 549 2493 562 2532; x_wconf 90' lang='lat'><strong>:</strong></span> 
     </span>
    </p>
   </div>
   <div class='ocr_carea' id='block_1_25' title="bbox 591 2562 1663 2644">
    <p class='ocr_par' dir='ltr' id='par_1_25' title="bbox 591 2562 1663 2644">
     <span class='ocr_line' id='line_1_25' title="bbox 591 2562 1663 2644; baseline 0.002 -25"><span class='ocrx_word' id='word_1_142' title='bbox 591 2562 706 2620; x_wconf 79' lang='grc' dir='ltr'>ἐπεὶ</span> <span class='ocrx_word' id='word_1_143' title='bbox 729 2563 957 2638; x_wconf 77' lang='grc' dir='ltr'>ψάμμος</span> <span class='ocrx_word' id='word_1_144' title='bbox 988 2566 1217 2643; x_wconf 81' lang='grc' dir='ltr'>ἀριθμὸν</span> <span class='ocrx_word' id='word_1_145' title='bbox 1249 2565 1663 2644; x_wconf 68' lang='grc' dir='ltr'>περιπέφευγεν.</span> 
     </span>
    </p>
   </div>
   <div class='ocr_carea' id='block_1_26' title="bbox 379 2654 1951 2733">
    <p class='ocr_par' dir='ltr' id='par_1_26' title="bbox 379 2654 1951 2733">
     <span class='ocr_line' id='line_1_26' title="bbox 379 2654 1951 2733; baseline -0.003 -20"><span class='ocrx_word' id='word_1_146' title='bbox 379 2657 638 2714; x_wconf 65' lang='lat'>(301.149</span> <span class='ocrx_word' id='word_1_147' title='bbox 697 2660 756 2714; x_wconf 88' lang='lat' dir='ltr'>C.</span> <span class='ocrx_word' id='word_1_148' title='bbox 818 2656 1004 2712; x_wconf 73' lang='grc' dir='ltr'>Δίαιτα</span> <span class='ocrx_word' id='word_1_149' title='bbox 1053 2676 1259 2733; x_wconf 80' lang='grc' dir='ltr'>κεχωρ.</span> <span class='ocrx_word' id='word_1_150' title='bbox 1317 2659 1764 2730; x_wconf 75' lang='lat' dir='ltr'>Theophrastus</span> <span class='ocrx_word' id='word_1_151' title='bbox 1823 2654 1951 2732; x_wconf 81' lang='grc' dir='ltr'>Περὶ</span> 
     </span>
    </p>
   </div>
   <div class='ocr_carea' id='block_1_27' title="bbox 308 2742 1952 2822">
    <p class='ocr_par' dir='ltr' id='par_1_27' title="bbox 308 2742 1952 2822">
     <span class='ocr_line' id='line_1_27' title="bbox 308 2742 1952 2822; baseline 0.002 -24"><span class='ocrx_word' id='word_1_152' title='bbox 308 2745 539 2821; x_wconf 77' lang='grc' dir='ltr'>ἰχθύων,</span> <span class='ocrx_word' id='word_1_153' title='bbox 577 2748 673 2803; x_wconf 89' lang='lat' dir='ltr'>ubi</span> <span class='ocrx_word' id='word_1_154' title='bbox 704 2742 908 2800; x_wconf 83' lang='grc' dir='ltr'>δίαιταν</span> <span class='ocrx_word' id='word_1_155' title='bbox 943 2749 1118 2803; x_wconf 86' lang='lat' dir='ltr'>etiam</span> <span class='ocrx_word' id='word_1_156' title='bbox 1155 2744 1433 2822; x_wconf 78' lang='grc' dir='ltr'>διαγωγήν</span> <span class='ocrx_word' id='word_1_157' title='bbox 1482 2753 1667 2804; x_wconf 85' lang='lat' dir='ltr'>vocat.</span> <span class='ocrx_word' id='word_1_158' title='bbox 1719 2747 1952 2803; x_wconf 83' lang='lat' dir='ltr'>Plutar-</span> 
     </span>
    </p>
   </div>
   <div class='ocr_carea' id='block_1_28' title="bbox 306 2834 1953 2907">
    <p class='ocr_par' dir='ltr' id='par_1_28' title="bbox 306 2834 1953 2907">
     <span class='ocr_line' id='line_1_28' title="bbox 306 2834 1953 2907; baseline -0.001 -16"><span class='ocrx_word' id='word_1_159' title='bbox 306 2837 454 2892; x_wconf 87' lang='lat' dir='ltr'>chus</span> <span class='ocrx_word' id='word_1_160' title='bbox 484 2837 545 2892; x_wconf 90' lang='lat' dir='ltr'>in</span> <span class='ocrx_word' id='word_1_161' title='bbox 606 2840 860 2892; x_wconf 87' lang='lat' dir='ltr'>tractatu</span> <span class='ocrx_word' id='word_1_162' title='bbox 906 2838 980 2893; x_wconf 90' lang='lat' dir='ltr'>De</span> <span class='ocrx_word' id='word_1_163' title='bbox 1025 2838 1263 2894; x_wconf 74' lang='lat' dir='ltr'>solertia</span> <span class='ocrx_word' id='word_1_164' title='bbox 1302 2838 1557 2907; x_wconf 87' lang='lat' dir='ltr'>animal.,</span> <span class='ocrx_word' id='word_1_165' title='bbox 1613 2836 1673 2893; x_wconf 84' lang='grc' dir='ltr'>Ὁ</span> <span class='ocrx_word' id='word_1_166' title='bbox 1716 2839 1822 2890; x_wconf 84' lang='grc' dir='ltr'>τῶν</span> <span class='ocrx_word' id='word_1_167' title='bbox 1864 2834 1953 2889; x_wconf 63' lang='grc' dir='ltr'>ἕνα</span> 
     </span>
    </p>
   </div>
   <div class='ocr_carea' id='block_1_29' title="bbox 309 2924 1951 3003">
    <p class='ocr_par' dir='ltr' id='par_1_29' title="bbox 309 2924 1951 3003">
     <span class='ocr_line' id='line_1_29' title="bbox 309 2924 1951 3003; baseline -0.001 -20"><span class='ocrx_word' id='word_1_168' title='bbox 309 2926 444 2983; x_wconf 77' lang='grc' dir='ltr'>λιων</span> <span class='ocrx_word' id='word_1_169' title='bbox 482 2926 624 3002; x_wconf 77' lang='grc' dir='ltr'>βίος,</span> <span class='ocrx_word' id='word_1_170' title='bbox 660 2924 798 2988; x_wconf 73' lang='grc' dir='ltr'>ἴδιός</span> <span class='ocrx_word' id='word_1_171' title='bbox 826 2924 937 2981; x_wconf 85' lang='grc' dir='ltr'>ἐστι</span> <span class='ocrx_word' id='word_1_172' title='bbox 973 2927 1060 2981; x_wconf 77' lang='grc' dir='ltr'>καὶ</span> <span class='ocrx_word' id='word_1_173' title='bbox 1095 2927 1406 3003; x_wconf 78' lang='grc' dir='ltr'>αὐθιγενής.</span> <span class='ocrx_word' id='word_1_174' title='bbox 1439 2929 1518 2983; x_wconf 85' lang='lat' dir='ltr'><strong>Ex</strong></span> <span class='ocrx_word' id='word_1_175' title='bbox 1566 2928 1638 2983; x_wconf 88' lang='lat' dir='ltr'>iis</span> <span class='ocrx_word' id='word_1_176' title='bbox 1668 2943 1801 2983; x_wconf 84' lang='lat' dir='ltr'>vero</span> <span class='ocrx_word' id='word_1_177' title='bbox 1824 2944 1951 2999; x_wconf 64' lang='lat' dir='ltr'>qua</span> 
     </span>
    </p>
   </div>
   <div class='ocr_carea' id='block_1_30' title="bbox 310 3012 1949 3090">
    <p class='ocr_par' dir='ltr' id='par_1_30' title="bbox 310 3012 1949 3090">
     <span class='ocr_line' id='line_1_30' title="bbox 310 3012 1949 3090; baseline -0.002 -17"><span class='ocrx_word' id='word_1_178' title='bbox 310 3033 442 3073; x_wconf 86' lang='lat' dir='ltr'>mox</span> <span class='ocrx_word' id='word_1_179' title='bbox 470 3024 820 3090; x_wconf 86' lang='lat' dir='ltr'>sequuntur,</span> <span class='ocrx_word' id='word_1_180' title='bbox 854 3014 952 3069; x_wconf 78' lang='grc' dir='ltr'>Διὰ</span> <span class='ocrx_word' id='word_1_181' title='bbox 979 3018 1139 3070; x_wconf 80' lang='grc' dir='ltr'>τοῦτο</span> <span class='ocrx_word' id='word_1_182' title='bbox 1170 3012 1299 3070; x_wconf 75' lang='grc' dir='ltr'>οὐδὲ</span> <span class='ocrx_word' id='word_1_183' title='bbox 1328 3013 1732 3079; x_wconf 79' lang='grc' dir='ltr'>τιθασσεύεσθαί</span> <span class='ocrx_word' id='word_1_184' title='bbox 1758 3037 1810 3070; x_wconf 86' lang='grc' dir='ltr'>τι</span> <span class='ocrx_word' id='word_1_185' title='bbox 1840 3019 1949 3070; x_wconf 82' lang='grc' dir='ltr'>τῶν</span> 
     </span>
    </p>
   </div>
   <div class='ocr_carea' id='block_1_31' title="bbox 307 3102 1952 3179">
    <p class='ocr_par' dir='ltr' id='par_1_31' title="bbox 307 3102 1952 3179">
     <span class='ocr_line' id='line_1_31' title="bbox 307 3102 1952 3179; baseline 0.002 -20"><span class='ocrx_word' id='word_1_186' title='bbox 307 3109 521 3176; x_wconf 79' lang='grc' dir='ltr'>νηκτῶν</span> <span class='ocrx_word' id='word_1_187' title='bbox 548 3102 926 3179; x_wconf 51' lang='grc' dir='ltr'>καταδέχεται,</span> <span class='ocrx_word' id='word_1_188' title='bbox 971 3105 1245 3179; x_wconf 88' lang='lat' dir='ltr'>colligere</span> <span class='ocrx_word' id='word_1_189' title='bbox 1280 3111 1370 3162; x_wconf 87' lang='lat' dir='ltr'>est</span> <span class='ocrx_word' id='word_1_190' title='bbox 1402 3107 1472 3161; x_wconf 89' lang='lat' dir='ltr'>ad</span> <span class='ocrx_word' id='word_1_191' title='bbox 1508 3123 1720 3162; x_wconf 86' lang='lat' dir='ltr'>manus</span> <span class='ocrx_word' id='word_1_192' title='bbox 1751 3106 1952 3162; x_wconf 81' lang='lat' dir='ltr'>Basilii</span> 
     </span>
    </p>
   </div>
   <div class='ocr_carea' id='block_1_32' title="bbox 309 3194 2023 3267">
    <p class='ocr_par' dir='ltr' id='par_1_32' title="bbox 309 3194 2023 3267">
     <span class='ocr_line' id='line_1_32' title="bbox 309 3194 2023 3267; baseline 0.001 -18"><span class='ocrx_word' id='word_1_193' title='bbox 309 3195 495 3250; x_wconf 79' lang='lat' dir='ltr'>nostri</span> <span class='ocrx_word' id='word_1_194' title='bbox 523 3210 638 3252; x_wconf 93' lang='lat' dir='ltr'>non</span> <span class='ocrx_word' id='word_1_195' title='bbox 661 3196 997 3267; x_wconf 85' lang='lat' dir='ltr'>pervenisse</span> <span class='ocrx_word' id='word_1_196' title='bbox 1012 3194 1280 3251; x_wconf 90' lang='lat' dir='ltr'>libellum</span> <span class='ocrx_word' id='word_1_197' title='bbox 1302 3195 1546 3253; x_wconf 87' lang='lat' dir='ltr'>citatum</span> <span class='ocrx_word' id='word_1_198' title='bbox 1567 3195 1948 3262; x_wconf 87' lang='lat' dir='ltr'>Plutarchi,in</span> <span class='ocrx_word' id='word_1_199' title='bbox 1980 3199 2023 3267; x_wconf 74' lang='grc' dir='ltr'>ο</span> 
     </span>
    </p>
   </div>
   <div class='ocr_carea' id='block_1_33' title="bbox 308 3283 1955 3357">
    <p class='ocr_par' dir='ltr' id='par_1_33' title="bbox 308 3283 1955 3357">
     <span class='ocr_line' id='line_1_33' title="bbox 308 3283 1955 3357; baseline 0.001 -18"><span class='ocrx_word' id='word_1_200' title='bbox 308 3300 425 3355; x_wconf 92' lang='lat' dir='ltr'>quo</span> <span class='ocrx_word' id='word_1_201' title='bbox 455 3299 757 3339; x_wconf 84' lang='lat' dir='ltr'>sacrarum</span> <span class='ocrx_word' id='word_1_202' title='bbox 789 3290 847 3339; x_wconf 86' lang='lat' dir='ltr'>et</span> <span class='ocrx_word' id='word_1_203' title='bbox 875 3283 1270 3341; x_wconf 86' lang='lat' dir='ltr'>cicuratarum</span> <span class='ocrx_word' id='word_1_204' title='bbox 1302 3285 1693 3357; x_wconf 85' lang='lat' dir='ltr'>anguillarum</span> <span class='ocrx_word' id='word_1_205' title='bbox 1713 3285 1772 3340; x_wconf 89' lang='lat' dir='ltr'>in</span> <span class='ocrx_word' id='word_1_206' title='bbox 1796 3286 1955 3341; x_wconf 85' lang='lat' dir='ltr'>fonte</span> 
     </span>
    </p>
   </div>
   <div class='ocr_carea' id='block_1_34' title="bbox 304 3371 1952 3446">
    <p class='ocr_par' dir='ltr' id='par_1_34' title="bbox 304 3371 1952 3446">
     <span class='ocr_line' id='line_1_34' title="bbox 304 3371 1952 3446; baseline 0.001 -19"><span class='ocrx_word' id='word_1_207' title='bbox 304 3371 625 3443; x_wconf 62' lang='lat' dir='ltr'>Arethusae,</span> <span class='ocrx_word' id='word_1_208' title='bbox 659 3378 717 3427; x_wconf 88' lang='lat' dir='ltr'>et</span> <span class='ocrx_word' id='word_1_209' title='bbox 746 3372 996 3428; x_wconf 90' lang='lat' dir='ltr'>aliorum</span> <span class='ocrx_word' id='word_1_210' title='bbox 1029 3372 1279 3445; x_wconf 89' lang='lat' dir='ltr'>piscium</span> <span class='ocrx_word' id='word_1_211' title='bbox 1319 3373 1455 3427; x_wconf 78' lang='lat' dir='ltr'>alibi</span> <span class='ocrx_word' id='word_1_212' title='bbox 1486 3373 1751 3446; x_wconf 87' lang='lat' dir='ltr'>gentium</span> <span class='ocrx_word' id='word_1_213' title='bbox 1783 3389 1952 3429; x_wconf 87' lang='lat' dir='ltr'>man-</span> 
     </span>
    </p>
   </div>
   <div class='ocr_carea' id='block_1_35' title="bbox 306 3460 1953 3533">
    <p class='ocr_par' dir='ltr' id='par_1_35' title="bbox 306 3460 1953 3533">
     <span class='ocr_line' id='line_1_35' title="bbox 306 3460 1953 3533; baseline 0.002 -17"><span class='ocrx_word' id='word_1_214' title='bbox 306 3461 699 3516; x_wconf 86' lang='lat' dir='ltr'>suefactorum</span> <span class='ocrx_word' id='word_1_215' title='bbox 732 3460 1042 3517; x_wconf 85' lang='lat' dir='ltr'>historiam</span> <span class='ocrx_word' id='word_1_216' title='bbox 1074 3461 1395 3533; x_wconf 81' lang='lat' dir='ltr'>didicisset,</span> <span class='ocrx_word' id='word_1_217' title='bbox 1429 3466 1486 3518; x_wconf 90' lang='lat' dir='ltr'>et</span> <span class='ocrx_word' id='word_1_218' title='bbox 1514 3479 1769 3519; x_wconf 82' lang='lat' dir='ltr'>murenae</span> <span class='ocrx_word' id='word_1_219' title='bbox 1791 3462 1953 3519; x_wconf 90' lang='lat' dir='ltr'>illius</span> 
     </span>
    </p>
   </div>
   <div class='ocr_carea' id='block_1_36' title="bbox 306 3548 1951 3624">
    <p class='ocr_par' dir='ltr' id='par_1_36' title="bbox 306 3548 1951 3624">
     <span class='ocr_line' id='line_1_36' title="bbox 306 3548 1951 3624; baseline 0.002 -19"><span class='ocrx_word' id='word_1_220' title='bbox 306 3566 484 3622; x_wconf 86' lang='lat' dir='ltr'>quam</span> <span class='ocrx_word' id='word_1_221' title='bbox 516 3548 765 3606; x_wconf 86' lang='lat' dir='ltr'>Crassus</span> <span class='ocrx_word' id='word_1_222' title='bbox 796 3554 1087 3606; x_wconf 88' lang='lat' dir='ltr'>mortuam</span> <span class='ocrx_word' id='word_1_223' title='bbox 1116 3550 1338 3608; x_wconf 83' lang='lat' dir='ltr'>luxisse</span> <span class='ocrx_word' id='word_1_224' title='bbox 1368 3551 1601 3608; x_wconf 88' lang='lat' dir='ltr'>dicitur.</span> <span class='ocrx_word' id='word_1_225' title='bbox 1635 3552 1705 3608; x_wconf 90' lang='lat' dir='ltr'>Et</span> <span class='ocrx_word' id='word_1_226' title='bbox 1733 3554 1834 3624; x_wconf 91' lang='lat' dir='ltr'>qui</span> <span class='ocrx_word' id='word_1_227' title='bbox 1865 3552 1951 3608; x_wconf 89' lang='lat' dir='ltr'>la-</span> 
     </span>
    </p>
   </div>
   <div class='ocr_carea' id='block_1_37' title="bbox 302 3635 1951 3715">
    <p class='ocr_par' dir='ltr' id='par_1_37' title="bbox 302 3635 1951 3715">
     <span class='ocr_line' id='line_1_37' title="bbox 302 3635 1951 3715; baseline 0.002 -21"><span class='ocrx_word' id='word_1_228' title='bbox 302 3643 428 3695; x_wconf 87' lang='lat' dir='ltr'>tere</span> <span class='ocrx_word' id='word_1_229' title='bbox 457 3635 729 3715; x_wconf 68' lang='grc' dir='ltr'>πάνσοφον</span> <span class='ocrx_word' id='word_1_230' title='bbox 761 3638 1058 3696; x_wconf 89' lang='lat' dir='ltr'>doctorem</span> <span class='ocrx_word' id='word_1_231' title='bbox 1082 3640 1293 3712; x_wconf 89' lang='lat' dir='ltr'>potuit,</span> <span class='ocrx_word' id='word_1_232' title='bbox 1317 3642 1472 3712; x_wconf 90' lang='lat' dir='ltr'>quod</span> <span class='ocrx_word' id='word_1_233' title='bbox 1506 3641 1951 3697; x_wconf 88' lang='lat' dir='ltr'>celeberrimum</span> 
     </span>
    </p>
   </div>
   <div class='ocr_carea' id='block_1_38' title="bbox 304 3728 1951 3802">
    <p class='ocr_par' dir='ltr' id='par_1_38' title="bbox 304 3728 1951 3802">
     <span class='ocr_line' id='line_1_38' title="bbox 304 3728 1951 3802; baseline 0.002 -19"><span class='ocrx_word' id='word_1_234' title='bbox 304 3728 416 3784; x_wconf 77' lang='lat' dir='ltr'>fuit</span> <span class='ocrx_word' id='word_1_235' title='bbox 444 3730 504 3785; x_wconf 94' lang='lat' dir='ltr'>in</span> <span class='ocrx_word' id='word_1_236' title='bbox 534 3729 780 3800; x_wconf 90' lang='lat' dir='ltr'>piscinis</span> <span class='ocrx_word' id='word_1_237' title='bbox 812 3730 1053 3786; x_wconf 63' lang='lat' dir='ltr'>Caesaris</span> <span class='ocrx_word' id='word_1_238' title='bbox 1074 3730 1551 3802; x_wconf 78' lang='lat' dir='ltr'>Domitiani,quaa</span> <span class='ocrx_word' id='word_1_239' title='bbox 1580 3736 1746 3787; x_wconf 87' lang='lat' dir='ltr'>erant</span> <span class='ocrx_word' id='word_1_240' title='bbox 1776 3731 1951 3799; x_wconf 88' lang='lat' dir='ltr'>Baiis,</span> 
     </span>
    </p>
   </div>
   <div class='ocr_carea' id='block_1_39' title="bbox 303 3818 1952 3891">
    <p class='ocr_par' dir='ltr' id='par_1_39' title="bbox 303 3818 1952 3891">
     <span class='ocr_line' id='line_1_39' title="bbox 303 3818 1952 3891; baseline 0.004 -20"><span class='ocrx_word' id='word_1_241' title='bbox 303 3818 498 3889; x_wconf 84' lang='lat' dir='ltr'>pisces</span> <span class='ocrx_word' id='word_1_242' title='bbox 530 3818 811 3874; x_wconf 89' lang='lat' dir='ltr'>nimirum</span> <span class='ocrx_word' id='word_1_243' title='bbox 842 3824 1075 3874; x_wconf 86' lang='lat' dir='ltr'>vocatos</span> <span class='ocrx_word' id='word_1_244' title='bbox 1104 3820 1177 3874; x_wconf 90' lang='lat' dir='ltr'>ad</span> <span class='ocrx_word' id='word_1_245' title='bbox 1210 3835 1421 3874; x_wconf 87' lang='lat' dir='ltr'>nomen</span> <span class='ocrx_word' id='word_1_246' title='bbox 1454 3821 1729 3876; x_wconf 83' lang='lat' dir='ltr'>venisse?</span> <span class='ocrx_word' id='word_1_247' title='bbox 1760 3826 1952 3891; x_wconf 84' lang='lat' dir='ltr'>Atque</span> 
     </span>
    </p>
   </div>
   <div class='ocr_carea' id='block_1_40' title="bbox 302 3906 1952 3982">
    <p class='ocr_par' dir='ltr' id='par_1_40' title="bbox 302 3906 1952 3982">
     <span class='ocr_line' id='line_1_40' title="bbox 302 3906 1952 3982; baseline 0.002 -20"><span class='ocrx_word' id='word_1_248' title='bbox 302 3906 414 3963; x_wconf 88' lang='lat' dir='ltr'>hoc</span> <span class='ocrx_word' id='word_1_249' title='bbox 445 3912 789 3979; x_wconf 81' lang='lat' dir='ltr'>argumento</span> <span class='ocrx_word' id='word_1_250' title='bbox 824 3906 1172 3974; x_wconf 88' lang='lat' dir='ltr'>Plinius,lib.</span> <span class='ocrx_word' id='word_1_251' title='bbox 1201 3925 1255 3976; x_wconf 73' lang='grc' dir='ltr'>χ,</span> <span class='ocrx_word' id='word_1_252' title='bbox 1290 3909 1741 3981; x_wconf 87' lang='lat' dir='ltr'>cap.70,probat</span> <span class='ocrx_word' id='word_1_253' title='bbox 1761 3909 1952 3982; x_wconf 86' lang='lat' dir='ltr'>pisces</span> 
     </span>
    </p>
   </div>
   <div class='ocr_carea' id='block_1_41' title="bbox 303 3996 1947 4070">
    <p class='ocr_par' dir='ltr' id='par_1_41' title="bbox 303 3996 1947 4070">
     <span class='ocr_line' id='line_1_41' title="bbox 303 3996 1947 4070; baseline 0.002 -19"><span class='ocrx_word' id='word_1_254' title='bbox 303 3996 523 4053; x_wconf 87' lang='lat' dir='ltr'>habere</span> <span class='ocrx_word' id='word_1_255' title='bbox 554 3996 845 4067; x_wconf 87' lang='lat' dir='ltr'>auditum,</span> <span class='ocrx_word' id='word_1_256' title='bbox 892 3998 993 4054; x_wconf 91' lang='lat' dir='ltr'>sed</span> <span class='ocrx_word' id='word_1_257' title='bbox 1044 3997 1333 4070; x_wconf 67' lang='lat' dir='ltr'>praecipue</span> <span class='ocrx_word' id='word_1_258' title='bbox 1363 3996 1664 4070; x_wconf 85' lang='lat' dir='ltr'>mugilem,</span> <span class='ocrx_word' id='word_1_259' title='bbox 1698 3997 1947 4070; x_wconf 86' lang='lat' dir='ltr'>salpam,</span> 
     </span>
    </p>
   </div>
   <div class='ocr_carea' id='block_1_42' title="bbox 302 4085 1948 4158">
    <p class='ocr_par' dir='ltr' id='par_1_42' title="bbox 302 4085 1948 4158">
     <span class='ocr_line' id='line_1_42' title="bbox 302 4085 1948 4158; baseline 0.002 -17"><span class='ocrx_word' id='word_1_260' title='bbox 302 4085 935 4158; x_wconf 87' lang='lat' dir='ltr'>chromim,lupum.De</span> <span class='ocrx_word' id='word_1_261' title='bbox 956 4087 1948 4157; x_wconf 85' lang='lat' dir='ltr'>eorumdemmansuetudine,idem</span> 
     </span>
    </p>
   </div>
   <div class='ocr_carea' id='block_1_43' title="bbox 301 4174 1949 4247">
    <p class='ocr_par' dir='ltr' id='par_1_43' title="bbox 301 4174 1949 4247">
     <span class='ocr_line' id='line_1_43' title="bbox 301 4174 1949 4247; baseline 0.002 -17"><span class='ocrx_word' id='word_1_262' title='bbox 301 4174 404 4241; x_wconf 79' lang='lat' dir='ltr'>lib,</span> <span class='ocrx_word' id='word_1_263' title='bbox 435 4191 614 4243; x_wconf 81' lang='lat' dir='ltr'><strong>xxxn,</strong></span> <span class='ocrx_word' id='word_1_264' title='bbox 647 4191 772 4247; x_wconf 90' lang='lat' dir='ltr'>cap.</span> <span class='ocrx_word' id='word_1_265' title='bbox 823 4178 877 4229; x_wconf 86' lang='lat'>2.</span> <span class='ocrx_word' id='word_1_266' title='bbox 930 4181 1012 4230; x_wconf 80' lang='lat' dir='ltr'>Ac</span> <span class='ocrx_word' id='word_1_267' title='bbox 1043 4174 1218 4246; x_wconf 90' lang='lat' dir='ltr'>lupus</span> <span class='ocrx_word' id='word_1_268' title='bbox 1248 4176 1485 4246; x_wconf 89' lang='lat' dir='ltr'>quidem</span> <span class='ocrx_word' id='word_1_269' title='bbox 1522 4177 1785 4233; x_wconf 86' lang='lat' dir='ltr'>marinus</span> <span class='ocrx_word' id='word_1_270' title='bbox 1831 4195 1949 4234; x_wconf 64' lang='lat' dir='ltr'>evo</span> 
     </span>
    </p>
   </div>
   <div class='ocr_carea' id='block_1_44' title="bbox 300 4262 1950 4337">
    <p class='ocr_par' dir='ltr' id='par_1_44' title="bbox 300 4262 1950 4337">
     <span class='ocr_line' id='line_1_44' title="bbox 300 4262 1950 4337; baseline 0.002 -18"><span class='ocrx_word' id='word_1_271' title='bbox 300 4268 501 4319; x_wconf 87' lang='lat' dir='ltr'>nostro</span> <span class='ocrx_word' id='word_1_272' title='bbox 530 4263 590 4317; x_wconf 89' lang='lat' dir='ltr'>in</span> <span class='ocrx_word' id='word_1_273' title='bbox 623 4262 809 4319; x_wconf 85' lang='lat' dir='ltr'>Caroli</span> <span class='ocrx_word' id='word_1_274' title='bbox 846 4263 992 4319; x_wconf 82' lang='grc' dir='ltr'>Νοιιὶ</span> <span class='ocrx_word' id='word_1_275' title='bbox 1044 4264 1198 4335; x_wconf 86' lang='lat' dir='ltr'>regis</span> <span class='ocrx_word' id='word_1_276' title='bbox 1254 4263 1659 4321; x_wconf 86' lang='lat' dir='ltr'>Christianiss.</span> <span class='ocrx_word' id='word_1_277' title='bbox 1719 4266 1950 4337; x_wconf 85' lang='lat' dir='ltr'>piscina</span> 
     </span>
    </p>
   </div>
   <div class='ocr_carea' id='block_1_45' title="bbox 292 4352 1945 4428">
    <p class='ocr_par' dir='ltr' id='par_1_45' title="bbox 292 4352 1945 4428">
     <span class='ocr_line' id='line_1_45' title="bbox 292 4352 1945 4428; baseline 0.002 -21"><span class='ocrx_word' id='word_1_278' title='bbox 292 4352 467 4423; x_wconf 83' lang='lat' dir='ltr'>juxta</span> <span class='ocrx_word' id='word_1_279' title='bbox 493 4352 734 4424; x_wconf 82' lang='lat' dir='ltr'>Regiam</span> <span class='ocrx_word' id='word_1_280' title='bbox 757 4352 997 4424; x_wconf 74' lang='lat' dir='ltr'>Luparaa</span> <span class='ocrx_word' id='word_1_281' title='bbox 1038 4353 1320 4422; x_wconf 89' lang='lat' dir='ltr'>nutritus,</span> <span class='ocrx_word' id='word_1_282' title='bbox 1353 4354 1425 4409; x_wconf 89' lang='lat' dir='ltr'>ad</span> <span class='ocrx_word' id='word_1_283' title='bbox 1448 4370 1668 4423; x_wconf 89' lang='lat' dir='ltr'>vocem,</span> <span class='ocrx_word' id='word_1_284' title='bbox 1703 4356 1945 4428; x_wconf 91' lang='lat' dir='ltr'>Lupule,</span> 
     </span>
    </p>
   </div>
   <div class='ocr_carea' id='block_1_46' title="bbox 299 4439 1947 4514">
    <p class='ocr_par' dir='ltr' id='par_1_46' title="bbox 299 4439 1947 4514">
     <span class='ocr_line' id='line_1_46' title="bbox 299 4439 1947 4514; baseline 0.004 -20"><span class='ocrx_word' id='word_1_285' title='bbox 299 4440 523 4513; x_wconf 91' lang='lat' dir='ltr'>lupule,</span> <span class='ocrx_word' id='word_1_286' title='bbox 576 4439 985 4509; x_wconf 85' lang='lat' dir='ltr'>clamantium,</span> <span class='ocrx_word' id='word_1_287' title='bbox 1038 4445 1096 4497; x_wconf 91' lang='lat' dir='ltr'>et</span> <span class='ocrx_word' id='word_1_288' title='bbox 1125 4442 1197 4498; x_wconf 87' lang='lat' dir='ltr'>ad</span> <span class='ocrx_word' id='word_1_289' title='bbox 1229 4458 1442 4498; x_wconf 89' lang='lat' dir='ltr'>manus</span> <span class='ocrx_word' id='word_1_290' title='bbox 1472 4444 1642 4514; x_wconf 89' lang='lat' dir='ltr'>panis</span> <span class='ocrx_word' id='word_1_291' title='bbox 1694 4444 1947 4502; x_wconf 86' lang='lat' dir='ltr'>frustula</span> 
     </span>
    </p>
   </div>
   <div class='ocr_carea' id='block_1_47' title="bbox 1872 308 2129 370">
    <p class='ocr_par' dir='ltr' id='par_1_47' title="bbox 1872 308 2129 370">
     <span class='ocr_line' id='line_1_47' title="bbox 1872 308 2129 370; baseline -0.004 0"><span class='ocrx_word' id='word_1_292' title='bbox 1872 308 2129 370; x_wconf 68' lang='lat' dir='ltr'>NOTAE.</span> 
     </span>
    </p>
   </div>
   <div class='ocr_carea' id='block_1_48' title="bbox 292 438 2025 523">
    <p class='ocr_par' dir='ltr' id='par_1_48' title="bbox 292 438 2025 523">
     <span class='ocr_line' id='line_1_48' title="bbox 292 438 2025 523; baseline -0.003 -23"><span class='ocrx_word' id='word_1_293' title='bbox 292 443 626 522; x_wconf 80' lang='grc' dir='ltr'>βλάπτονται</span> <span class='ocrx_word' id='word_1_294' title='bbox 677 442 812 520; x_wconf 67' lang='grc' dir='ltr'>ὑπὲρ</span> <span class='ocrx_word' id='word_1_295' title='bbox 861 442 1087 498; x_wconf 75' lang='grc' dir='ltr'>τούτου·</span> <span class='ocrx_word' id='word_1_296' title='bbox 1131 443 1184 497; x_wconf 76' lang='grc' dir='ltr'>οἱ</span> <span class='ocrx_word' id='word_1_297' title='bbox 1227 438 1286 496; x_wconf 72' lang='grc' dir='ltr'>δὲ</span> <span class='ocrx_word' id='word_1_298' title='bbox 1313 438 1663 505; x_wconf 71' lang='grc' dir='ltr'>καθεύδοντες</span> <span class='ocrx_word' id='word_1_299' title='bbox 1692 439 1781 494; x_wconf 77' lang='grc' dir='ltr'>ἐπὶ</span> <span class='ocrx_word' id='word_1_300' title='bbox 1813 438 1939 495; x_wconf 75' lang='grc' dir='ltr'>τού-</span> <span class='ocrx_word' id='word_1_301' title='bbox 1969 456 2025 523; x_wconf 75' lang='grc' dir='ltr'><strong>Α</strong></span> 
     </span>
    </p>
   </div>
   <div class='ocr_carea' id='block_1_49' title="bbox 3549 334 3751 394">
    <p class='ocr_par' dir='ltr' id='par_1_49' title="bbox 3549 334 3751 394">
     <span class='ocr_line' id='line_1_49' title="bbox 3549 334 3751 394; baseline 0.01 -1"><span class='ocrx_word' id='word_1_302' title='bbox 3549 334 3751 394; x_wconf 64' lang='grc'><strong>1122³</strong></span> 
     </span>
    </p>
   </div>
   <div class='ocr_carea' id='block_1_50' title="bbox 2199 445 3180 525">
    <p class='ocr_par' dir='ltr' id='par_1_50' title="bbox 2199 445 3180 525">
     <span class='ocr_line' id='line_1_50' title="bbox 2199 445 3180 525; baseline 0.017 -28"><span class='ocrx_word' id='word_1_303' title='bbox 2199 445 2439 525; x_wconf 52' lang='lat' dir='ltr'>[gaianas</span> <span class='ocrx_word' id='word_1_304' title='bbox 2464 445 2631 525; x_wconf 17' lang='lat' dir='ltr'>sedet,</span> <span class='ocrx_word' id='word_1_305' title='bbox 2651 448 2722 504; x_wconf 87' lang='lat' dir='ltr'>ad</span> <span class='ocrx_word' id='word_1_306' title='bbox 2752 449 2906 525; x_wconf 76' lang='lat' dir='ltr'>lacus</span> <span class='ocrx_word' id='word_1_307' title='bbox 2936 459 3180 525; x_wconf 81' lang='lat' dir='ltr'>rogator.</span> 
     </span>
    </p>
   </div>
   <div class='ocr_carea' id='block_1_51' title="bbox 2199 514 3243 602">
    <p class='ocr_par' dir='ltr' id='par_1_51' title="bbox 2199 514 3243 602">
     <span class='ocr_line' id='line_1_51' title="bbox 2199 514 3243 602; baseline 0.019 -34"><span class='ocrx_word' id='word_1_308' title='bbox 2199 514 2261 602; x_wconf 61' lang='grc' dir='ltr'>,μ</span> <span class='ocrx_word' id='word_1_309' title='bbox 2283 518 2363 602; x_wconf 73' lang='lat' dir='ltr'>tu,</span> <span class='ocrx_word' id='word_1_310' title='bbox 2393 516 2521 600; x_wconf 74' lang='lat' dir='ltr'>dum</span> <span class='ocrx_word' id='word_1_311' title='bbox 2543 523 2714 602; x_wconf 68' lang='lat' dir='ltr'>potes,</span> <span class='ocrx_word' id='word_1_312' title='bbox 2746 514 3243 602; x_wconf 51' lang='lat' dir='ltr'>innocensvrecede,</span> 
     </span>
    </p>
   </div>
   <div class='ocr_carea' id='block_1_52' title="bbox 2194 588 3221 672">
    <p class='ocr_par' dir='ltr' id='par_1_52' title="bbox 2194 588 3221 672">
     <span class='ocr_line' id='line_1_52' title="bbox 2194 588 3221 672; baseline 0.019 -33"><span class='ocrx_word' id='word_1_313' title='bbox 2194 588 2365 672; x_wconf 51' lang='lat' dir='ltr'>{actis</span> <span class='ocrx_word' id='word_1_314' title='bbox 2391 588 2736 659; x_wconf 80' lang='lat' dir='ltr'>simplicibus</span> <span class='ocrx_word' id='word_1_315' title='bbox 2763 596 2902 672; x_wconf 76' lang='lat' dir='ltr'>cibis</span> <span class='ocrx_word' id='word_1_316' title='bbox 2935 600 2995 653; x_wconf 87' lang='lat' dir='ltr'>in</span> <span class='ocrx_word' id='word_1_317' title='bbox 3022 601 3221 672; x_wconf 85' lang='lat' dir='ltr'>undas,</span> 
     </span>
    </p>
   </div>
   <div class='ocr_carea' id='block_1_53' title="bbox 2196 659 3070 730">
    <p class='ocr_par' dir='ltr' id='par_1_53' title="bbox 2196 659 3070 730">
     <span class='ocr_line' id='line_1_53' title="bbox 2196 659 3070 730; baseline 0.017 -18"><span class='ocrx_word' id='word_1_318' title='bbox 2196 659 2259 713; x_wconf 85' lang='lat' dir='ltr'>Et</span> <span class='ocrx_word' id='word_1_319' title='bbox 2284 659 2458 730; x_wconf 84' lang='lat' dir='ltr'>pisces</span> <span class='ocrx_word' id='word_1_320' title='bbox 2486 676 2748 719; x_wconf 86' lang='lat' dir='ltr'>venerare</span> <span class='ocrx_word' id='word_1_321' title='bbox 2776 667 3070 727; x_wconf 80' lang='lat' dir='ltr'>dedicatos.</span> 
     </span>
    </p>
   </div>
   <div class='ocr_carea' id='block_1_54' title="bbox 2057 746 3711 840">
    <p class='ocr_par' dir='ltr' id='par_1_54' title="bbox 2057 746 3711 840">
     <span class='ocr_line' id='line_1_54' title="bbox 2057 746 3711 840; baseline 0.015 -39"><span class='ocrx_word' id='word_1_322' title='bbox 2057 746 2243 840; x_wconf 72' lang='lat' dir='ltr'>Idem,</span> <span class='ocrx_word' id='word_1_323' title='bbox 2276 747 2467 840; x_wconf 52' lang='lat' dir='ltr'>lib._x,</span> <span class='ocrx_word' id='word_1_324' title='bbox 2501 750 2850 823; x_wconf 87' lang='lat' dir='ltr'>epigramm,</span> <span class='ocrx_word' id='word_1_325' title='bbox 2892 758 2984 824; x_wconf 90' lang='lat'>30,</span> <span class='ocrx_word' id='word_1_326' title='bbox 3017 761 3087 815; x_wconf 89' lang='lat' dir='ltr'>de</span> <span class='ocrx_word' id='word_1_327' title='bbox 3121 767 3622 840; x_wconf 84' lang='lat' dir='ltr'>murena.mugile</span> <span class='ocrx_word' id='word_1_328' title='bbox 3652 774 3711 827; x_wconf 87' lang='lat' dir='ltr'>et</span> 
     </span>
    </p>
   </div>
   <div class='ocr_carea' id='block_1_55' title="bbox 2057 835 3708 921">
    <p class='ocr_par' dir='ltr' id='par_1_55' title="bbox 2057 835 3708 921">
     <span class='ocr_line' id='line_1_55' title="bbox 2057 835 3708 921; baseline 0.015 -31"><span class='ocrx_word' id='word_1_329' title='bbox 2057 835 2280 891; x_wconf 89' lang='lat' dir='ltr'>mullis.</span> <span class='ocrx_word' id='word_1_330' title='bbox 2316 837 2504 893; x_wconf 84' lang='lat' dir='ltr'>Adisis</span> <span class='ocrx_word' id='word_1_331' title='bbox 2536 841 3122 912; x_wconf 75' lang='lat' dir='ltr'>Athenamm,lib.v11x</span> <span class='ocrx_word' id='word_1_332' title='bbox 3152 858 3361 921; x_wconf 84' lang='grc' dir='ltr'>Δειπν.,</span> <span class='ocrx_word' id='word_1_333' title='bbox 3387 835 3708 914; x_wconf 77' lang='lat' dir='ltr'>Lucianum</span> 
     </span>
    </p>
   </div>
   <div class='ocr_carea' id='block_1_56' title="bbox 2067 923 3709 1017">
    <p class='ocr_par' dir='ltr' id='par_1_56' title="bbox 2067 923 3709 1017">
     <span class='ocr_line' id='line_1_56' title="bbox 2067 923 3709 1017; baseline 0.016 -40"><span class='ocrx_word' id='word_1_334' title='bbox 2067 923 2105 1017; x_wconf 81' lang='lat' dir='ltr'>l.</span> <span class='ocrx_word' id='word_1_335' title='bbox 2142 926 2218 980; x_wconf 92' lang='lat' dir='ltr'>De</span> <span class='ocrx_word' id='word_1_336' title='bbox 2245 925 2350 981; x_wconf 86' lang='lat' dir='ltr'>dea</span> <span class='ocrx_word' id='word_1_337' title='bbox 2376 927 2560 999; x_wconf 85' lang='lat' dir='ltr'>Syria.</span> <span class='ocrx_word' id='word_1_338' title='bbox 2613 931 2827 994; x_wconf 86' lang='lat' dir='ltr'>Quidni</span> <span class='ocrx_word' id='word_1_339' title='bbox 2864 952 2999 993; x_wconf 88' lang='lat' dir='ltr'>vero</span> <span class='ocrx_word' id='word_1_340' title='bbox 3041 942 3297 1000; x_wconf 84' lang='lat' dir='ltr'>Basilius</span> <span class='ocrx_word' id='word_1_341' title='bbox 3329 948 3526 1017; x_wconf 83' lang='lat' dir='ltr'>regius</span> <span class='ocrx_word' id='word_1_342' title='bbox 3578 964 3709 1003; x_wconf 89' lang='lat' dir='ltr'>vere</span> 
     </span>
    </p>
   </div>
   <div class='ocr_carea' id='block_1_57' title="bbox 2056 1013 3705 1105">
    <p class='ocr_par' dir='ltr' id='par_1_57' title="bbox 2056 1013 3705 1105">
     <span class='ocr_line' id='line_1_57' title="bbox 2056 1013 3705 1105; baseline 0.016 -39"><span class='ocrx_word' id='word_1_343' title='bbox 2056 1013 2533 1105; x_wconf 85' lang='lat' dir='ltr'>doctoreamdem</span> <span class='ocrx_word' id='word_1_344' title='bbox 2558 1017 2793 1086; x_wconf 87' lang='lat' dir='ltr'>planein</span> <span class='ocrx_word' id='word_1_345' title='bbox 2814 1027 3244 1087; x_wconf 88' lang='lat' dir='ltr'>assertionibus</span> <span class='ocrx_word' id='word_1_346' title='bbox 3260 1013 3520 1105; x_wconf 68' lang='lat' dir='ltr'>physicis</span> <span class='ocrx_word' id='word_1_347' title='bbox 3536 1036 3705 1092; x_wconf 87' lang='lat' dir='ltr'>ratio-</span> 
     </span>
    </p>
   </div>
   <div class='ocr_carea' id='block_1_58' title="bbox 2057 1104 3704 1192">
    <p class='ocr_par' dir='ltr' id='par_1_58' title="bbox 2057 1104 3704 1192">
     <span class='ocr_line' id='line_1_58' title="bbox 2057 1104 3704 1192; baseline 0.016 -36"><span class='ocrx_word' id='word_1_348' title='bbox 2057 1104 2503 1192; x_wconf 84' lang='lat' dir='ltr'>nemhabuerit,</span> <span class='ocrx_word' id='word_1_349' title='bbox 2537 1124 2714 1178; x_wconf 89' lang='lat' dir='ltr'>quam</span> <span class='ocrx_word' id='word_1_350' title='bbox 2745 1112 3187 1192; x_wconf 68' lang='lat' dir='ltr'>Theophrastus</span> <span class='ocrx_word' id='word_1_351' title='bbox 3218 1122 3278 1176; x_wconf 89' lang='lat' dir='ltr'>in</span> <span class='ocrx_word' id='word_1_352' title='bbox 3310 1104 3485 1179; x_wconf 86' lang='lat' dir='ltr'>rebus</span> <span class='ocrx_word' id='word_1_353' title='bbox 3517 1125 3704 1181; x_wconf 88' lang='lat' dir='ltr'>civili-</span> 
     </span>
    </p>
   </div>
   <div class='ocr_carea' id='block_1_59' title="bbox 2056 1190 3706 1278">
    <p class='ocr_par' dir='ltr' id='par_1_59' title="bbox 2056 1190 3706 1278">
     <span class='ocr_line' id='line_1_59' title="bbox 2056 1190 3706 1278; baseline 0.014 -34"><span class='ocrx_word' id='word_1_354' title='bbox 2056 1190 2208 1246; x_wconf 77' lang='lat' dir='ltr'>bus?</span> <span class='ocrx_word' id='word_1_355' title='bbox 2239 1208 2372 1247; x_wconf 91' lang='lat' dir='ltr'>cum</span> <span class='ocrx_word' id='word_1_356' title='bbox 2424 1215 2452 1243; x_wconf 83' lang='lat'>«</span> <span class='ocrx_word' id='word_1_357' title='bbox 2493 1197 2630 1265; x_wconf 87' lang='lat' dir='ltr'>jura</span> <span class='ocrx_word' id='word_1_358' title='bbox 2673 1190 2954 1258; x_wconf 86' lang='lat' dir='ltr'>constitui</span> <span class='ocrx_word' id='word_1_359' title='bbox 2985 1212 3251 1276; x_wconf 90' lang='lat' dir='ltr'>oportere</span> <span class='ocrx_word' id='word_1_360' title='bbox 3288 1210 3456 1278; x_wconf 83' lang='lat' dir='ltr'>dixit,</span> <span class='ocrx_word' id='word_1_361' title='bbox 3489 1210 3550 1267; x_wconf 90' lang='lat' dir='ltr'>in</span> <span class='ocrx_word' id='word_1_362' title='bbox 3612 1212 3706 1268; x_wconf 90' lang='lat' dir='ltr'>his</span> 
     </span>
    </p>
   </div>
   <div class='ocr_carea' id='block_1_60' title="bbox 2058 1278 3705 1356">
    <p class='ocr_par' dir='ltr' id='par_1_60' title="bbox 2058 1278 3705 1356">
     <span class='ocr_line' id='line_1_60' title="bbox 2058 1278 3705 1356; baseline 0.014 -22"><span class='ocrx_word' id='word_1_363' title='bbox 2058 1296 2185 1350; x_wconf 67' lang='lat' dir='ltr'>quas</span> <span class='ocrx_word' id='word_1_364' title='bbox 2214 1278 2288 1340; x_wconf 81' lang='grc' dir='ltr'>ὡς</span> <span class='ocrx_word' id='word_1_365' title='bbox 2321 1278 2407 1334; x_wconf 76' lang='grc' dir='ltr'>ἐπὶ</span> <span class='ocrx_word' id='word_1_366' title='bbox 2436 1282 2499 1336; x_wconf 89' lang='grc' dir='ltr'>τὸ</span> <span class='ocrx_word' id='word_1_367' title='bbox 2528 1280 2784 1341; x_wconf 85' lang='grc' dir='ltr'>πλεῖστον</span> <span class='ocrx_word' id='word_1_368' title='bbox 2814 1294 3089 1349; x_wconf 88' lang='lat' dir='ltr'>accidunt</span> <span class='ocrx_word' id='word_1_369' title='bbox 3118 1311 3130 1350; x_wconf 89' lang='lat'><strong>:</strong></span> <span class='ocrx_word' id='word_1_370' title='bbox 3162 1318 3190 1345; x_wconf 87' lang='grc'><strong>››</strong></span> <span class='ocrx_word' id='word_1_371' title='bbox 3225 1295 3503 1355; x_wconf 87' lang='lat' dir='ltr'>laudante</span> <span class='ocrx_word' id='word_1_372' title='bbox 3531 1304 3705 1356; x_wconf 89' lang='lat' dir='ltr'>Pom-</span> 
     </span>
    </p>
   </div>
   <div class='ocr_carea' id='block_1_61' title="bbox 2057 1367 3705 1457">
    <p class='ocr_par' dir='ltr' id='par_1_61' title="bbox 2057 1367 3705 1457">
     <span class='ocr_line' id='line_1_61' title="bbox 2057 1367 3705 1457; baseline 0.015 -36"><span class='ocrx_word' id='word_1_373' title='bbox 2057 1367 2230 1439; x_wconf 90' lang='lat' dir='ltr'>ponio</span> <span class='ocrx_word' id='word_1_374' title='bbox 2258 1370 2313 1426; x_wconf 88' lang='lat' dir='ltr'>J.</span> <span class='ocrx_word' id='word_1_375' title='bbox 2344 1369 2427 1440; x_wconf 89' lang='lat' dir='ltr'>C.,</span> <span class='ocrx_word' id='word_1_376' title='bbox 2462 1371 2499 1427; x_wconf 93' lang='lat' dir='ltr'>l.</span> <span class='ocrx_word' id='word_1_377' title='bbox 2532 1390 2594 1429; x_wconf 90' lang='grc' dir='ltr'><strong><em>ιιι</em></strong></span> <span class='ocrx_word' id='word_1_378' title='bbox 2625 1377 2714 1442; x_wconf 89' lang='lat' dir='ltr'>D.,</span> <span class='ocrx_word' id='word_1_379' title='bbox 2757 1380 2829 1434; x_wconf 90' lang='lat' dir='ltr'>De</span> <span class='ocrx_word' id='word_1_380' title='bbox 2857 1381 3086 1454; x_wconf 78' lang='lat' dir='ltr'>legibus,</span> <span class='ocrx_word' id='word_1_381' title='bbox 3128 1390 3185 1439; x_wconf 89' lang='lat' dir='ltr'>et</span> <span class='ocrx_word' id='word_1_382' title='bbox 3230 1386 3407 1443; x_wconf 88' lang='lat' dir='ltr'>Paulo</span> <span class='ocrx_word' id='word_1_383' title='bbox 3439 1388 3457 1443; x_wconf 93' lang='lat' dir='ltr'>l</span> <span class='ocrx_word' id='word_1_384' title='bbox 3512 1407 3566 1444; x_wconf 83' lang='lat' dir='ltr'>v1</span> <span class='ocrx_word' id='word_1_385' title='bbox 3616 1391 3705 1457; x_wconf 82' lang='lat' dir='ltr'>D.,</span> 
     </span>
    </p>
   </div>
   <div class='ocr_carea' id='block_1_62' title="bbox 2056 1457 3709 1548">
    <p class='ocr_par' dir='ltr' id='par_1_62' title="bbox 2056 1457 3709 1548">
     <span class='ocr_line' id='line_1_62' title="bbox 2056 1457 3709 1548; baseline 0.012 -37"><span class='ocrx_word' id='word_1_386' title='bbox 2056 1457 2300 1548; x_wconf 77' lang='lat' dir='ltr'>eodem:</span> <span class='ocrx_word' id='word_1_387' title='bbox 2333 1458 2402 1511; x_wconf 88' lang='grc' dir='ltr'>Τὸ</span> <span class='ocrx_word' id='word_1_388' title='bbox 2430 1459 2531 1534; x_wconf 80' lang='grc' dir='ltr'>γὰρ</span> <span class='ocrx_word' id='word_1_389' title='bbox 2560 1461 2696 1532; x_wconf 81' lang='grc' dir='ltr'>ἅπαξ</span> <span class='ocrx_word' id='word_1_390' title='bbox 2746 1465 2781 1533; x_wconf 76' lang='grc' dir='ltr'><strong>ἢ</strong></span> <span class='ocrx_word' id='word_1_391' title='bbox 2835 1463 2917 1529; x_wconf 82' lang='grc' dir='ltr'>δὶς</span> <span class='ocrx_word' id='word_1_392' title='bbox 2958 1466 3379 1544; x_wconf 80' lang='grc' dir='ltr'>παραϐαίνουσιν</span> <span class='ocrx_word' id='word_1_393' title='bbox 3432 1474 3483 1528; x_wconf 81' lang='grc' dir='ltr'>οἱ</span> <span class='ocrx_word' id='word_1_394' title='bbox 3533 1495 3709 1548; x_wconf 88' lang='grc' dir='ltr'>νομο-</span> 
     </span>
    </p>
   </div>
   <div class='ocr_carea' id='block_1_63' title="bbox 2058 1544 3707 1635">
    <p class='ocr_par' dir='ltr' id='par_1_63' title="bbox 2058 1544 3707 1635">
     <span class='ocr_line' id='line_1_63' title="bbox 2058 1544 3707 1635; baseline 0.013 -38"><span class='ocrx_word' id='word_1_395' title='bbox 2058 1544 2225 1635; x_wconf 60' lang='grc' dir='ltr'>θέται.</span> <span class='ocrx_word' id='word_1_396' title='bbox 2249 1546 2372 1610; x_wconf 86' lang='lat' dir='ltr'>Quo</span> <span class='ocrx_word' id='word_1_397' title='bbox 2390 1564 2568 1605; x_wconf 90' lang='lat' dir='ltr'>sensu</span> <span class='ocrx_word' id='word_1_398' title='bbox 2589 1550 2794 1609; x_wconf 88' lang='lat' dir='ltr'>Celsus</span> <span class='ocrx_word' id='word_1_399' title='bbox 2820 1557 3109 1629; x_wconf 87' lang='lat' dir='ltr'>interpres</span> <span class='ocrx_word' id='word_1_400' title='bbox 3141 1561 3212 1615; x_wconf 79' lang='lat' dir='ltr'>(id</span> <span class='ocrx_word' id='word_1_401' title='bbox 3225 1580 3292 1617; x_wconf 91' lang='lat' dir='ltr'>us</span> <span class='ocrx_word' id='word_1_402' title='bbox 3314 1544 3707 1635; x_wconf 81' lang='lat' dir='ltr'>Theophrasti</span> 
     </span>
    </p>
   </div>
   <div class='ocr_carea' id='block_1_64' title="bbox 2058 1634 3705 1725">
    <p class='ocr_par' dir='ltr' id='par_1_64' title="bbox 2058 1634 3705 1725">
     <span class='ocr_line' id='line_1_64' title="bbox 2058 1634 3705 1725; baseline 0.013 -37"><span class='ocrx_word' id='word_1_403' title='bbox 2058 1634 2139 1690; x_wconf 88' lang='lat' dir='ltr'>ait</span> <span class='ocrx_word' id='word_1_404' title='bbox 2163 1634 2202 1689; x_wconf 92' lang='lat' dir='ltr'>l.</span> <span class='ocrx_word' id='word_1_405' title='bbox 2233 1652 2288 1690; x_wconf 84' lang='grc' dir='ltr'>ιν</span> <span class='ocrx_word' id='word_1_406' title='bbox 2316 1642 2407 1706; x_wconf 92' lang='lat' dir='ltr'>D,,</span> <span class='ocrx_word' id='word_1_407' title='bbox 2441 1640 2608 1695; x_wconf 88' lang='lat' dir='ltr'>eod.:</span> <span class='ocrx_word' id='word_1_408' title='bbox 2646 1663 2675 1691; x_wconf 84' lang='grc'>‹‹</span> <span class='ocrx_word' id='word_1_409' title='bbox 2701 1643 2778 1697; x_wconf 82' lang='lat' dir='ltr'><strong>Ex</strong></span> <span class='ocrx_word' id='word_1_410' title='bbox 2809 1645 2901 1700; x_wconf 89' lang='lat' dir='ltr'>his</span> <span class='ocrx_word' id='word_1_411' title='bbox 2937 1664 3065 1717; x_wconf 67' lang='lat' dir='ltr'>quae</span> <span class='ocrx_word' id='word_1_412' title='bbox 3123 1650 3269 1706; x_wconf 84' lang='lat' dir='ltr'>forte</span> <span class='ocrx_word' id='word_1_413' title='bbox 3330 1669 3447 1708; x_wconf 89' lang='lat' dir='ltr'>uno</span> <span class='ocrx_word' id='word_1_414' title='bbox 3482 1634 3705 1725; x_wconf 79' lang='lat' dir='ltr'>aliquo</span> 
     </span>
    </p>
   </div>
   <div class='ocr_carea' id='block_1_65' title="bbox 2058 1726 3701 1809">
    <p class='ocr_par' dir='ltr' id='par_1_65' title="bbox 2058 1726 3701 1809">
     <span class='ocr_line' id='line_1_65' title="bbox 2058 1726 3701 1809; baseline 0.014 -33"><span class='ocrx_word' id='word_1_415' title='bbox 2058 1739 2198 1779; x_wconf 89' lang='lat' dir='ltr'>casu</span> <span class='ocrx_word' id='word_1_416' title='bbox 2228 1726 2491 1781; x_wconf 85' lang='lat' dir='ltr'>accidere</span> <span class='ocrx_word' id='word_1_417' title='bbox 2532 1736 2783 1798; x_wconf 88' lang='lat' dir='ltr'>possunt</span> <span class='ocrx_word' id='word_1_418' title='bbox 2812 1734 2950 1802; x_wconf 83' lang='lat' dir='ltr'>jura</span> <span class='ocrx_word' id='word_1_419' title='bbox 3001 1752 3117 1792; x_wconf 93' lang='lat' dir='ltr'>non</span> <span class='ocrx_word' id='word_1_420' title='bbox 3177 1740 3640 1809; x_wconf 88' lang='lat' dir='ltr'>constituuntur,</span> <span class='ocrx_word' id='word_1_421' title='bbox 3680 1765 3701 1793; x_wconf 74' lang='grc' dir='ltr'><strong><em>ι</em></strong></span> 
     </span>
    </p>
   </div>
   <div class='ocr_carea' id='block_1_66' title="bbox 2061 1811 2842 1880">
    <p class='ocr_par' dir='ltr' id='par_1_66' title="bbox 2061 1811 2842 1880">
     <span class='ocr_line' id='line_1_66' title="bbox 2061 1811 2842 1880; baseline 0.017 -18"><span class='ocrx_word' id='word_1_422' title='bbox 2061 1811 2300 1880; x_wconf 85' lang='lat' dir='ltr'>proinde</span> <span class='ocrx_word' id='word_1_423' title='bbox 2330 1828 2435 1867; x_wconf 87' lang='lat' dir='ltr'>nec</span> <span class='ocrx_word' id='word_1_424' title='bbox 2466 1816 2842 1875; x_wconf 89' lang='lat' dir='ltr'>assertioues.</span> 
     </span>
    </p>
   </div>
   <div class='ocr_carea' id='block_1_67' title="bbox 2131 1898 3708 1988">
    <p class='ocr_par' dir='ltr' id='par_1_67' title="bbox 2131 1898 3708 1988">
     <span class='ocr_line' id='line_1_67' title="bbox 2131 1898 3708 1988; baseline 0.014 -37"><span class='ocrx_word' id='word_1_425' title='bbox 2131 1898 2247 1988; x_wconf 72' lang='lat' dir='ltr'>Col.</span> <span class='ocrx_word' id='word_1_426' title='bbox 2284 1900 2386 1988; x_wconf 54' lang='grc' dir='ltr'>15ςᾷ</span> <span class='ocrx_word' id='word_1_427' title='bbox 2414 1904 2473 1955; x_wconf 90' lang='lat' dir='ltr'>C.</span> <span class='ocrx_word' id='word_1_428' title='bbox 2506 1906 2629 1964; x_wconf 81' lang='grc' dir='ltr'>Τοῖς</span> <span class='ocrx_word' id='word_1_429' title='bbox 2686 1903 2913 1969; x_wconf 76' lang='grc' dir='ltr'>οἰκείοις</span> <span class='ocrx_word' id='word_1_430' title='bbox 2972 1910 3160 1983; x_wconf 69' lang='grc' dir='ltr'>ἀρκοῖν</span> <span class='ocrx_word' id='word_1_431' title='bbox 3207 1914 3366 1969; x_wconf 85' lang='grc' dir='ltr'>πενία</span> <span class='ocrx_word' id='word_1_432' title='bbox 3417 1918 3551 1988; x_wconf 78' lang='grc' dir='ltr'>μετὰ</span> <span class='ocrx_word' id='word_1_433' title='bbox 3606 1918 3708 1971; x_wconf 80' lang='grc' dir='ltr'>αὒ-</span> 
     </span>
    </p>
   </div>
   <div class='ocr_carea' id='block_1_68' title="bbox 2059 1986 3593 2075">
    <p class='ocr_par' dir='ltr' id='par_1_68' title="bbox 2059 1986 3593 2075">
     <span class='ocr_line' id='line_1_68' title="bbox 2059 1986 3593 2075; baseline 0.016 -39"><span class='ocrx_word' id='word_1_434' title='bbox 2059 1986 2309 2060; x_wconf 81' lang='grc' dir='ltr'>ταρκείας</span> <span class='ocrx_word' id='word_1_435' title='bbox 2338 1986 2427 2044; x_wconf 86' lang='grc' dir='ltr'>ἀλ.</span> <span class='ocrx_word' id='word_1_436' title='bbox 2461 1992 2735 2062; x_wconf 62' lang='lat' dir='ltr'>Alpheus</span> <span class='ocrx_word' id='word_1_437' title='bbox 2767 1996 2951 2068; x_wconf 80' lang='lat' dir='ltr'>Mytil.</span> <span class='ocrx_word' id='word_1_438' title='bbox 2987 2001 3050 2054; x_wconf 85' lang='lat' dir='ltr'>in</span> <span class='ocrx_word' id='word_1_439' title='bbox 3080 2002 3242 2058; x_wconf 83' lang='lat' dir='ltr'>Phal.</span> <span class='ocrx_word' id='word_1_440' title='bbox 3275 1986 3552 2075; x_wconf 69' lang='lat' dir='ltr'>epigi‘am.</span> <span class='ocrx_word' id='word_1_441' title='bbox 3574 2025 3593 2061; x_wconf 93' lang='lat'><em>:</em></span> 
     </span>
    </p>
   </div>
   <div class='ocr_carea' id='block_1_69' title="bbox 2164 2081 3142 2164">
    <p class='ocr_par' dir='ltr' id='par_1_69' title="bbox 2164 2081 3142 2164">
     <span class='ocr_line' id='line_1_69' title="bbox 2164 2081 3142 2164; baseline 0.015 -29"><span class='ocrx_word' id='word_1_442' title='bbox 2164 2082 2483 2164; x_wconf 48' lang='grc' dir='ltr'>ἑύτάρξιους</span> <span class='ocrx_word' id='word_1_443' title='bbox 2518 2081 2712 2164; x_wconf 57' lang='grc' dir='ltr'>ἔραμαι</span> <span class='ocrx_word' id='word_1_444' title='bbox 2750 2091 2891 2164; x_wconf 73' lang='grc' dir='ltr'>βίου,</span> <span class='ocrx_word' id='word_1_445' title='bbox 2925 2089 3142 2161; x_wconf 76' lang='grc' dir='ltr'>Σαϐῖνε,</span> 
     </span>
    </p>
   </div>
   <div class='ocr_carea' id='block_1_70' title="bbox 2167 2156 3292 2243">
    <p class='ocr_par' dir='ltr' id='par_1_70' title="bbox 2167 2156 3292 2243">
     <span class='ocr_line' id='line_1_70' title="bbox 2167 2156 3292 2243; baseline 0.017 -37"><span class='ocrx_word' id='word_1_446' title='bbox 2167 2156 2272 2208; x_wconf 81' lang='grc' dir='ltr'>Καὶ</span> <span class='ocrx_word' id='word_1_447' title='bbox 2308 2156 2410 2231; x_wconf 76' lang='grc' dir='ltr'>γὰρ</span> <span class='ocrx_word' id='word_1_448' title='bbox 2445 2156 2797 2235; x_wconf 67' lang='grc' dir='ltr'>μηδὲνᾶγαν,</span> <span class='ocrx_word' id='word_1_449' title='bbox 2832 2156 2964 2238; x_wconf 73' lang='grc' dir='ltr'>ἄγαν</span> <span class='ocrx_word' id='word_1_450' title='bbox 2996 2188 3064 2239; x_wconf 88' lang='grc' dir='ltr'>με</span> <span class='ocrx_word' id='word_1_451' title='bbox 3086 2156 3292 2243; x_wconf 64' lang='grc' dir='ltr'>τέρπει.</span> 
     </span>
    </p>
   </div>
   <div class='ocr_carea' id='block_1_71' title="bbox 2061 2251 3135 2331">
    <p class='ocr_par' dir='ltr' id='par_1_71' title="bbox 2061 2251 3135 2331">
     <span class='ocr_line' id='line_1_71' title="bbox 2061 2251 3135 2331; baseline 0.016 -29"><span class='ocrx_word' id='word_1_452' title='bbox 2061 2253 2222 2305; x_wconf 85' lang='lat' dir='ltr'>Mart.</span> <span class='ocrx_word' id='word_1_453' title='bbox 2253 2251 2567 2309; x_wconf 64' lang='lat' dir='ltr'>aemulatur</span> <span class='ocrx_word' id='word_1_454' title='bbox 2595 2256 2695 2312; x_wconf 91' lang='lat' dir='ltr'>lib.</span> <span class='ocrx_word' id='word_1_455' title='bbox 2730 2274 2785 2313; x_wconf 85' lang='grc' dir='ltr'>ιν</span> <span class='ocrx_word' id='word_1_456' title='bbox 2813 2261 3095 2331; x_wconf 85' lang='lat' dir='ltr'>Epigram.</span> <span class='ocrx_word' id='word_1_457' title='bbox 3122 2280 3135 2319; x_wconf 93' lang='lat'><strong>:</strong></span> 
     </span>
    </p>
   </div>
   <div class='ocr_carea' id='block_1_72' title="bbox 2203 2350 3197 2428">
    <p class='ocr_par' dir='ltr' id='par_1_72' title="bbox 2203 2350 3197 2428">
     <span class='ocr_line' id='line_1_72' title="bbox 2203 2350 3197 2428; baseline 0.016 -27"><span class='ocrx_word' id='word_1_458' title='bbox 2203 2350 2498 2428; x_wconf 46' lang='lat' dir='ltr'>Nunquam</span> <span class='ocrx_word' id='word_1_459' title='bbox 2526 2352 2751 2428; x_wconf 82' lang='lat' dir='ltr'>divitias</span> <span class='ocrx_word' id='word_1_460' title='bbox 2780 2357 2951 2412; x_wconf 73' lang='lat' dir='ltr'>Deum</span> <span class='ocrx_word' id='word_1_461' title='bbox 2982 2364 3197 2428; x_wconf 87' lang='lat' dir='ltr'>rogavi,</span> 
     </span>
    </p>
   </div>
   <div class='ocr_carea' id='block_1_73' title="bbox 2207 2420 3222 2502">
    <p class='ocr_par' dir='ltr' id='par_1_73' title="bbox 2207 2420 3222 2502">
     <span class='ocr_line' id='line_1_73' title="bbox 2207 2420 3222 2502; baseline 0.017 -29"><span class='ocrx_word' id='word_1_462' title='bbox 2207 2420 2496 2477; x_wconf 76' lang='lat' dir='ltr'>Contentus</span> <span class='ocrx_word' id='word_1_463' title='bbox 2528 2426 2755 2498; x_wconf 87' lang='lat' dir='ltr'>modico,</span> <span class='ocrx_word' id='word_1_464' title='bbox 2787 2445 3008 2502; x_wconf 87' lang='lat' dir='ltr'>meoque</span> <span class='ocrx_word' id='word_1_465' title='bbox 3037 2420 3222 2489; x_wconf 65' lang='lat' dir='ltr'>laetus.</span> 
     </span>
    </p>
   </div>
   <div class='ocr_carea' id='block_1_74' title="bbox 2134 2516 3704 2602">
    <p class='ocr_par' dir='ltr' id='par_1_74' title="bbox 2134 2516 3704 2602">
     <span class='ocr_line' id='line_1_74' title="bbox 2134 2516 3704 2602; baseline 0.012 -30"><span class='ocrx_word' id='word_1_466' title='bbox 2134 2516 2279 2574; x_wconf 87' lang='lat' dir='ltr'>Ibid.</span> <span class='ocrx_word' id='word_1_467' title='bbox 2330 2519 2376 2574; x_wconf 89' lang='lat' dir='ltr'><strong>D</strong></span> <span class='ocrx_word' id='word_1_468' title='bbox 2437 2522 2486 2576; x_wconf 90' lang='grc'>1.</span> <span class='ocrx_word' id='word_1_469' title='bbox 2546 2521 2635 2575; x_wconf 80' lang='grc' dir='ltr'>Ἐν</span> <span class='ocrx_word' id='word_1_470' title='bbox 2692 2528 2773 2595; x_wconf 80' lang='grc' dir='ltr'>τῷ</span> <span class='ocrx_word' id='word_1_471' title='bbox 2818 2529 3178 2602; x_wconf 75' lang='grc' dir='ltr'>προσχήματι</span> <span class='ocrx_word' id='word_1_472' title='bbox 3232 2538 3334 2601; x_wconf 79' lang='grc' dir='ltr'>τῆς</span> <span class='ocrx_word' id='word_1_473' title='bbox 3387 2528 3704 2598; x_wconf 70' lang='grc' dir='ltr'>εὐλαϐείας.</span> 
     </span>
    </p>
   </div>
   <div class='ocr_carea' id='block_1_75' title="bbox 2067 2606 3702 2683">
    <p class='ocr_par' dir='ltr' id='par_1_75' title="bbox 2067 2606 3702 2683">
     <span class='ocr_line' id='line_1_75' title="bbox 2067 2606 3702 2683; baseline 0.014 -24"><span class='ocrx_word' id='word_1_474' title='bbox 2067 2606 2454 2663; x_wconf 87' lang='lat' dir='ltr'>Demosthen.</span> <span class='ocrx_word' id='word_1_475' title='bbox 2506 2609 2641 2681; x_wconf 89' lang='grc' dir='ltr'>πρὸς</span> <span class='ocrx_word' id='word_1_476' title='bbox 2697 2614 2967 2683; x_wconf 81' lang='grc' dir='ltr'>Λεπτίνην</span> <span class='ocrx_word' id='word_1_477' title='bbox 3023 2620 3227 2674; x_wconf 86' lang='lat' dir='ltr'>eadem</span> <span class='ocrx_word' id='word_1_478' title='bbox 3286 2622 3403 2677; x_wconf 78' lang='lat' dir='ltr'>fere</span> <span class='ocrx_word' id='word_1_479' title='bbox 3461 2629 3702 2682; x_wconf 88' lang='lat' dir='ltr'>mente:</span> 
     </span>
    </p>
   </div>
   <div class='ocr_carea' id='block_1_76' title="bbox 2064 2689 3706 2784">
    <p class='ocr_par' dir='ltr' id='par_1_76' title="bbox 2064 2689 3706 2784">
     <span class='ocr_line' id='line_1_76' title="bbox 2064 2689 3706 2784; baseline 0.013 -37"><span class='ocrx_word' id='word_1_480' title='bbox 2064 2693 2209 2767; x_wconf 77' lang='grc' dir='ltr'>Χρὴ,</span> <span class='ocrx_word' id='word_1_481' title='bbox 2268 2694 2343 2755; x_wconf 83' lang='grc' dir='ltr'>ὡς</span> <span class='ocrx_word' id='word_1_482' title='bbox 2397 2689 2590 2772; x_wconf 78' lang='grc' dir='ltr'>ἔμοιγε</span> <span class='ocrx_word' id='word_1_483' title='bbox 2636 2696 2805 2767; x_wconf 80' lang='grc' dir='ltr'>δοκεῖ,</span> <span class='ocrx_word' id='word_1_484' title='bbox 2864 2702 3035 2758; x_wconf 79' lang='grc' dir='ltr'>πάντα</span> <span class='ocrx_word' id='word_1_485' title='bbox 3085 2704 3185 2760; x_wconf 79' lang='grc' dir='ltr'>ὅσα</span> <span class='ocrx_word' id='word_1_486' title='bbox 3213 2727 3294 2770; x_wconf 87' lang='grc' dir='ltr'>τις</span> <span class='ocrx_word' id='word_1_487' title='bbox 3325 2710 3548 2784; x_wconf 82' lang='grc' dir='ltr'>πράττει</span> <span class='ocrx_word' id='word_1_488' title='bbox 3578 2712 3706 2775; x_wconf 81' lang='grc' dir='ltr'>τοὺς</span> 
     </span>
    </p>
   </div>
   <div class='ocr_carea' id='block_1_77' title="bbox 2061 2781 3707 2872">
    <p class='ocr_par' dir='ltr' id='par_1_77' title="bbox 2061 2781 3707 2872">
     <span class='ocr_line' id='line_1_77' title="bbox 2061 2781 3707 2872; baseline 0.013 -38"><span class='ocrx_word' id='word_1_489' title='bbox 2061 2781 2213 2843; x_wconf 74' lang='grc' dir='ltr'>θεοὺς</span> <span class='ocrx_word' id='word_1_490' title='bbox 2269 2782 2640 2861; x_wconf 75' lang='grc' dir='ltr'>ἐπιφημίζων.</span> <span class='ocrx_word' id='word_1_491' title='bbox 2698 2795 2924 2846; x_wconf 81' lang='grc' dir='ltr'>τοιαῦτα</span> <span class='ocrx_word' id='word_1_492' title='bbox 2972 2794 3271 2870; x_wconf 77' lang='grc' dir='ltr'>φαίνεσθαι,</span> <span class='ocrx_word' id='word_1_493' title='bbox 3332 2781 3419 2852; x_wconf 69' lang='grc' dir='ltr'>οἷα</span> <span class='ocrx_word' id='word_1_494' title='bbox 3483 2798 3614 2872; x_wconf 81' lang='grc' dir='ltr'>μηδ’</span> <span class='ocrx_word' id='word_1_495' title='bbox 3645 2799 3707 2856; x_wconf 78' lang='grc' dir='ltr'>ἄν</span> 
     </span>
    </p>
   </div>
   <div class='ocr_carea' id='block_1_78' title="bbox 2063 2871 3705 2963">
    <p class='ocr_par' dir='ltr' id='par_1_78' title="bbox 2063 2871 3705 2963">
     <span class='ocr_line' id='line_1_78' title="bbox 2063 2871 3705 2963; baseline 0.014 -39"><span class='ocrx_word' id='word_1_496' title='bbox 2063 2871 2144 2926; x_wconf 67' lang='grc' dir='ltr'>ἐπ’</span> <span class='ocrx_word' id='word_1_497' title='bbox 2200 2871 2488 2963; x_wconf 68' lang='grc' dir='ltr'>ἀνθρώπου</span> <span class='ocrx_word' id='word_1_498' title='bbox 2535 2880 2847 2953; x_wconf 72' lang='grc' dir='ltr'>πραχθέντα</span> <span class='ocrx_word' id='word_1_499' title='bbox 2893 2883 3108 2959; x_wconf 69' lang='grc' dir='ltr'>πονηρὰ</span> <span class='ocrx_word' id='word_1_500' title='bbox 3157 2885 3369 2963; x_wconf 78' lang='grc' dir='ltr'>φανείη.</span> <span class='ocrx_word' id='word_1_501' title='bbox 3414 2889 3546 2945; x_wconf 85' lang='lat' dir='ltr'>Mox</span> <span class='ocrx_word' id='word_1_502' title='bbox 3605 2887 3705 2945; x_wconf 75' lang='grc' dir='ltr'>λύ-</span> 
     </span>
    </p>
   </div>
   <div class='ocr_carea' id='block_1_79' title="bbox 2060 2957 3706 3052">
    <p class='ocr_par' dir='ltr' id='par_1_79' title="bbox 2060 2957 3706 3052">
     <span class='ocr_line' id='line_1_79' title="bbox 2060 2957 3706 3052; baseline 0.013 -40"><span class='ocrx_word' id='word_1_503' title='bbox 2060 2980 2189 3052; x_wconf 51' lang='lat' dir='ltr'>icon;</span> <span class='ocrx_word' id='word_1_504' title='bbox 2209 2957 2461 3052; x_wconf 64' lang='grc' dir='ltr'>Δἅρπαγας</span> <span class='ocrx_word' id='word_1_505' title='bbox 2486 2963 2766 3052; x_wconf 67' lang='lat' dir='ltr'>tv,lllatth.</span> <span class='ocrx_word' id='word_1_506' title='bbox 2790 2987 2891 3038; x_wconf 81' lang='lat' dir='ltr'>vn,</span> <span class='ocrx_word' id='word_1_507' title='bbox 2924 2973 2991 3027; x_wconf 86' lang='grc'>15</span> <span class='ocrx_word' id='word_1_508' title='bbox 3013 2990 3025 3028; x_wconf 92' lang='lat'><strong>:</strong></span> <span class='ocrx_word' id='word_1_509' title='bbox 3044 2957 3356 3048; x_wconf 14' lang='lat' dir='ltr'>V”Epvxovrat</span> <span class='ocrx_word' id='word_1_510' title='bbox 3389 2976 3528 3051; x_wconf 86' lang='grc' dir='ltr'>πρὸς</span> <span class='ocrx_word' id='word_1_511' title='bbox 3565 2979 3706 3052; x_wconf 84' lang='grc' dir='ltr'>ὑμᾶς</span> 
     </span>
    </p>
   </div>
   <div class='ocr_carea' id='block_1_80' title="bbox 2062 3046 3703 3142">
    <p class='ocr_par' dir='ltr' id='par_1_80' title="bbox 2062 3046 3703 3142">
     <span class='ocr_line' id='line_1_80' title="bbox 2062 3046 3703 3142; baseline 0.013 -41"><span class='ocrx_word' id='word_1_512' title='bbox 2062 3048 2113 3103; x_wconf 82' lang='grc' dir='ltr'>ἐν</span> <span class='ocrx_word' id='word_1_513' title='bbox 2146 3046 2405 3122; x_wconf 68' lang='grc' dir='ltr'>ἐνδύμασι</span> <span class='ocrx_word' id='word_1_514' title='bbox 2434 3048 2746 3128; x_wconf 74' lang='grc' dir='ltr'>προϐάτων,</span> <span class='ocrx_word' id='word_1_515' title='bbox 2780 3054 2972 3113; x_wconf 77' lang='grc' dir='ltr'>ἔσῶθεν</span> <span class='ocrx_word' id='word_1_516' title='bbox 3026 3057 3082 3114; x_wconf 76' lang='grc' dir='ltr'>δὲ</span> <span class='ocrx_word' id='word_1_517' title='bbox 3141 3046 3241 3117; x_wconf 72' lang='grc' dir='ltr'>εἶσι</span> <span class='ocrx_word' id='word_1_518' title='bbox 3303 3046 3462 3119; x_wconf 80' lang='grc' dir='ltr'>λύκοι</span> <span class='ocrx_word' id='word_1_519' title='bbox 3532 3046 3703 3142; x_wconf 78' lang='grc' dir='ltr'>ἁρπα-</span> 
     </span>
    </p>
   </div>
   <div class='ocr_carea' id='block_1_81' title="bbox 2061 3142 3706 3220">
    <p class='ocr_par' dir='ltr' id='par_1_81' title="bbox 2061 3142 3706 3220">
     <span class='ocr_line' id='line_1_81' title="bbox 2061 3142 3706 3220; baseline 0.012 -27"><span class='ocrx_word' id='word_1_520' title='bbox 2061 3157 2176 3212; x_wconf 81' lang='grc' dir='ltr'>γες.</span> <span class='ocrx_word' id='word_1_521' title='bbox 2208 3144 2271 3196; x_wconf 89' lang='grc' dir='ltr'>Β.</span> <span class='ocrx_word' id='word_1_522' title='bbox 2302 3142 2470 3199; x_wconf 87' lang='lat' dir='ltr'>Joan.</span> <span class='ocrx_word' id='word_1_523' title='bbox 2501 3144 2947 3218; x_wconf 81' lang='lat' dir='ltr'>Chrysostom.,l</span> <span class='ocrx_word' id='word_1_524' title='bbox 2986 3156 3132 3207; x_wconf 87' lang='lat' dir='ltr'>orat.</span> <span class='ocrx_word' id='word_1_525' title='bbox 3166 3155 3226 3209; x_wconf 84' lang='lat' dir='ltr'>in</span> <span class='ocrx_word' id='word_1_526' title='bbox 3258 3154 3386 3211; x_wconf 84' lang='lat' dir='ltr'>Gen.</span> <span class='ocrx_word' id='word_1_527' title='bbox 3412 3175 3429 3210; x_wconf 91' lang='lat'><strong><em>:</em></strong></span> <span class='ocrx_word' id='word_1_528' title='bbox 3459 3156 3517 3210; x_wconf 81' lang='lat'>&#39;0</span> <span class='ocrx_word' id='word_1_529' title='bbox 3540 3155 3706 3220; x_wconf 82' lang='grc' dir='ltr'>λύκος</span> 
     </span>
    </p>
   </div>
   <div class='ocr_carea' id='block_1_82' title="bbox 2062 3225 3041 3304">
    <p class='ocr_par' dir='ltr' id='par_1_82' title="bbox 2062 3225 3041 3304">
     <span class='ocr_line' id='line_1_82' title="bbox 2062 3225 3041 3304; baseline 0.012 -23"><span class='ocrx_word' id='word_1_530' title='bbox 2062 3225 2220 3281; x_wconf 80' lang='grc' dir='ltr'>εἰκὼν</span> <span class='ocrx_word' id='word_1_531' title='bbox 2252 3234 2348 3283; x_wconf 73' lang='grc' dir='ltr'>τοῦ</span> <span class='ocrx_word' id='word_1_532' title='bbox 2378 3231 2736 3304; x_wconf 79' lang='grc' dir='ltr'>ἁρπακτικοῦ.</span> <span class='ocrx_word' id='word_1_533' title='bbox 3038 3258 3041 3265; x_wconf 68' lang='lat'><strong>‘</strong></span> 
     </span>
    </p>
   </div>
   <div class='ocr_carea' id='block_1_83' title="bbox 2132 3318 3706 3397">
    <p class='ocr_par' dir='ltr' id='par_1_83' title="bbox 2132 3318 3706 3397">
     <span class='ocr_line' id='line_1_83' title="bbox 2132 3318 3706 3397; baseline 0.012 -24"><span class='ocrx_word' id='word_1_534' title='bbox 2132 3318 2279 3374; x_wconf 83' lang='lat' dir='ltr'>Ibid.</span> <span class='ocrx_word' id='word_1_535' title='bbox 2315 3321 2357 3375; x_wconf 89' lang='lat' dir='ltr'><strong>D</strong></span> <span class='ocrx_word' id='word_1_536' title='bbox 2410 3322 2464 3377; x_wconf 89' lang='lat'>5.</span> <span class='ocrx_word' id='word_1_537' title='bbox 2527 3325 2701 3397; x_wconf 83' lang='grc' dir='ltr'>Φεῦγε</span> <span class='ocrx_word' id='word_1_538' title='bbox 2753 3325 2816 3379; x_wconf 85' lang='grc' dir='ltr'>τὸ</span> <span class='ocrx_word' id='word_1_539' title='bbox 2857 3325 3198 3385; x_wconf 85' lang='grc' dir='ltr'>παντοδαπὸν</span> <span class='ocrx_word' id='word_1_540' title='bbox 3229 3351 3281 3390; x_wconf 83' lang='grc' dir='ltr'>κ.</span> <span class='ocrx_word' id='word_1_541' title='bbox 3314 3334 3503 3393; x_wconf 86' lang='lat' dir='ltr'>Calles</span> <span class='ocrx_word' id='word_1_542' title='bbox 3564 3353 3706 3392; x_wconf 85' lang='lat' dir='ltr'>aure</span> 
     </span>
    </p>
   </div>
   <div class='ocr_carea' id='block_1_84' title="bbox 2061 3408 3701 3492">
    <p class='ocr_par' dir='ltr' id='par_1_84' title="bbox 2061 3408 3701 3492">
     <span class='ocr_line' id='line_1_84' title="bbox 2061 3408 3701 3492; baseline 0.012 -32"><span class='ocrx_word' id='word_1_543' title='bbox 2061 3421 2240 3477; x_wconf 88' lang='lat' dir='ltr'>quam</span> <span class='ocrx_word' id='word_1_544' title='bbox 2272 3411 2557 3467; x_wconf 87' lang='lat' dir='ltr'>concinna</span> <span class='ocrx_word' id='word_1_545' title='bbox 2579 3416 2635 3467; x_wconf 89' lang='lat' dir='ltr'>et</span> <span class='ocrx_word' id='word_1_546' title='bbox 2665 3408 2929 3488; x_wconf 68' lang='grc' dir='ltr'>εὔρυθμος</span> <span class='ocrx_word' id='word_1_547' title='bbox 2962 3417 3040 3473; x_wconf 89' lang='lat' dir='ltr'>sit</span> <span class='ocrx_word' id='word_1_548' title='bbox 3063 3419 3270 3492; x_wconf 84' lang='lat' dir='ltr'>oratio,</span> <span class='ocrx_word' id='word_1_549' title='bbox 3305 3428 3369 3477; x_wconf 87' lang='lat' dir='ltr'>ut</span> <span class='ocrx_word' id='word_1_550' title='bbox 3396 3439 3466 3479; x_wconf 81' lang='lat' dir='ltr'>ex</span> <span class='ocrx_word' id='word_1_551' title='bbox 3512 3424 3701 3481; x_wconf 90' lang='lat' dir='ltr'>hemi-</span> 
     </span>
    </p>
   </div>
   <div class='ocr_carea' id='block_1_85' title="bbox 2061 3495 3705 3573">
    <p class='ocr_par' dir='ltr' id='par_1_85' title="bbox 2061 3495 3705 3573">
     <span class='ocr_line' id='line_1_85' title="bbox 2061 3495 3705 3573; baseline 0.012 -22"><span class='ocrx_word' id='word_1_552' title='bbox 2061 3495 2275 3553; x_wconf 90' lang='lat' dir='ltr'>stichio</span> <span class='ocrx_word' id='word_1_553' title='bbox 2305 3498 2473 3556; x_wconf 86' lang='lat' dir='ltr'>facile</span> <span class='ocrx_word' id='word_1_554' title='bbox 2504 3500 2580 3556; x_wconf 88' lang='lat' dir='ltr'>sit</span> <span class='ocrx_word' id='word_1_555' title='bbox 2610 3508 3041 3573; x_wconf 84' lang='lat' dir='ltr'>pentametrum</span> <span class='ocrx_word' id='word_1_556' title='bbox 3075 3508 3373 3567; x_wconf 83' lang='lat' dir='ltr'>absolvere</span> <span class='ocrx_word' id='word_1_557' title='bbox 3420 3514 3469 3569; x_wconf 90' lang='lat' dir='ltr'>si</span> <span class='ocrx_word' id='word_1_558' title='bbox 3520 3514 3705 3570; x_wconf 87' lang='lat' dir='ltr'>ascri-</span> 
     </span>
    </p>
   </div>
   <div class='ocr_carea' id='block_1_86' title="bbox 2060 3585 3534 3671">
    <p class='ocr_par' dir='ltr' id='par_1_86' title="bbox 2060 3585 3534 3671">
     <span class='ocr_line' id='line_1_86' title="bbox 2060 3585 3534 3671; baseline 0.012 -29"><span class='ocrx_word' id='word_1_559' title='bbox 2060 3588 2269 3659; x_wconf 88' lang='lat' dir='ltr'>pseris,</span> <span class='ocrx_word' id='word_1_560' title='bbox 2302 3585 2665 3646; x_wconf 88' lang='grc' dir='ltr'>πολλαπλὸον</span> <span class='ocrx_word' id='word_1_561' title='bbox 2695 3612 2752 3646; x_wconf 84' lang='grc' dir='ltr'>τι</span> <span class='ocrx_word' id='word_1_562' title='bbox 2775 3593 3001 3668; x_wconf 84' lang='grc' dir='ltr'>τρόπου.</span> <span class='ocrx_word' id='word_1_563' title='bbox 3035 3597 3280 3657; x_wconf 77' lang='lat' dir='ltr'>Proteus</span> <span class='ocrx_word' id='word_1_564' title='bbox 3311 3601 3534 3671; x_wconf 87' lang='lat' dir='ltr'>animo,</span> 
     </span>
    </p>
   </div>
   <div class='ocr_carea' id='block_1_87' title="bbox 2213 3686 3632 3761">
    <p class='ocr_par' dir='ltr' id='par_1_87' title="bbox 2213 3686 3632 3761">
     <span class='ocr_line' id='line_1_87' title="bbox 2213 3686 3632 3761; baseline 0.011 -20"><span class='ocrx_word' id='word_1_565' title='bbox 2213 3686 2411 3743; x_wconf 80' lang='lat' dir='ltr'>Omnia</span> <span class='ocrx_word' id='word_1_566' title='bbox 2443 3692 2849 3761; x_wconf 84' lang='lat' dir='ltr'>trans/ormans</span> <span class='ocrx_word' id='word_1_567' title='bbox 2869 3710 2985 3748; x_wconf 87' lang='lat' dir='ltr'>sese</span> <span class='ocrx_word' id='word_1_568' title='bbox 3016 3696 3074 3750; x_wconf 88' lang='lat' dir='ltr'>in</span> <span class='ocrx_word' id='word_1_569' title='bbox 3105 3698 3377 3754; x_wconf 87' lang='lat' dir='ltr'>miracula</span> <span class='ocrx_word' id='word_1_570' title='bbox 3405 3717 3594 3756; x_wconf 80' lang='lat' dir='ltr'>rerum</span> <span class='ocrx_word' id='word_1_571' title='bbox 3620 3720 3632 3758; x_wconf 92' lang='lat'>:</span> 
     </span>
    </p>
   </div>
   <div class='ocr_carea' id='block_1_88' title="bbox 2893 3764 3454 3841">
    <p class='ocr_par' dir='ltr' id='par_1_88' title="bbox 2893 3764 3454 3841">
     <span class='ocr_line' id='line_1_88' title="bbox 2893 3764 3454 3841; baseline 0.014 -23"><span class='ocrx_word' id='word_1_572' title='bbox 2893 3764 3147 3836; x_wconf 64' lang='lat' dir='ltr'>Vinum,</span> <span class='ocrx_word' id='word_1_573' title='bbox 3178 3785 3233 3824; x_wconf 78' lang='grc' dir='ltr'>ιν</span> <span class='ocrx_word' id='word_1_574' title='bbox 3263 3773 3454 3841; x_wconf 86' lang='lat' dir='ltr'>Georg.</span> 
     </span>
    </p>
   </div>
   <div class='ocr_carea' id='block_1_89' title="bbox 2130 3851 3705 3940">
    <p class='ocr_par' dir='ltr' id='par_1_89' title="bbox 2130 3851 3705 3940">
     <span class='ocr_line' id='line_1_89' title="bbox 2130 3851 3705 3940; baseline 0.01 -31"><span class='ocrx_word' id='word_1_575' title='bbox 2130 3854 2415 3912; x_wconf 88' lang='lat' dir='ltr'>IbidD7.</span> <span class='ocrx_word' id='word_1_576' title='bbox 2474 3856 2534 3912; x_wconf 90' lang='grc' dir='ltr'>Ὁ</span> <span class='ocrx_word' id='word_1_577' title='bbox 2591 3851 2712 3934; x_wconf 77' lang='grc' dir='ltr'>ὄφις</span> <span class='ocrx_word' id='word_1_578' title='bbox 2767 3858 3040 3923; x_wconf 83' lang='grc' dir='ltr'>ποικίλος.</span> <span class='ocrx_word' id='word_1_579' title='bbox 3103 3865 3264 3920; x_wconf 80' lang='lat' dir='ltr'>idem</span> <span class='ocrx_word' id='word_1_580' title='bbox 3320 3866 3490 3923; x_wconf 82' lang='lat' dir='ltr'>Joan.</span> <span class='ocrx_word' id='word_1_581' title='bbox 3524 3868 3705 3940; x_wconf 84' lang='lat' dir='ltr'>Chry-</span> 
     </span>
    </p>
   </div>
   <div class='ocr_carea' id='block_1_90' title="bbox 2059 3940 3706 4020">
    <p class='ocr_par' dir='ltr' id='par_1_90' title="bbox 2059 3940 3706 4020">
     <span class='ocr_line' id='line_1_90' title="bbox 2059 3940 3706 4020; baseline 0.007 -21"><span class='ocrx_word' id='word_1_582' title='bbox 2059 3947 2329 4013; x_wconf 88' lang='lat' dir='ltr'>sostom.,</span> <span class='ocrx_word' id='word_1_583' title='bbox 2362 3944 2505 3999; x_wconf 86' lang='lat' dir='ltr'>ibid.</span> <span class='ocrx_word' id='word_1_584' title='bbox 2535 3945 2562 3997; x_wconf 88' lang='grc' dir='ltr'>ὁ</span> <span class='ocrx_word' id='word_1_585' title='bbox 2594 3940 2715 4020; x_wconf 70' lang='grc' dir='ltr'>ὄφις</span> <span class='ocrx_word' id='word_1_586' title='bbox 2749 3945 2905 4001; x_wconf 72' lang='grc' dir='ltr'>εἷκὼν</span> <span class='ocrx_word' id='word_1_587' title='bbox 2938 3953 3033 4002; x_wconf 80' lang='grc' dir='ltr'>τοῦ</span> <span class='ocrx_word' id='word_1_588' title='bbox 3065 3951 3290 4006; x_wconf 81' lang='grc' dir='ltr'>σκολιοῦ</span> <span class='ocrx_word' id='word_1_589' title='bbox 3321 3952 3411 4009; x_wconf 85' lang='grc' dir='ltr'>καὶ</span> <span class='ocrx_word' id='word_1_590' title='bbox 3460 3959 3556 4009; x_wconf 79' lang='grc' dir='ltr'>τοῦ</span> <span class='ocrx_word' id='word_1_591' title='bbox 3606 3978 3706 4010; x_wconf 88' lang='grc' dir='ltr'>πο-</span> 
     </span>
    </p>
   </div>
   <div class='ocr_carea' id='block_1_91' title="bbox 2056 4031 3705 4115">
    <p class='ocr_par' dir='ltr' id='par_1_91' title="bbox 2056 4031 3705 4115">
     <span class='ocr_line' id='line_1_91' title="bbox 2056 4031 3705 4115; baseline 0.011 -31"><span class='ocrx_word' id='word_1_592' title='bbox 2056 4031 2360 4106; x_wconf 84' lang='grc' dir='ltr'>νηροτάτου</span> <span class='ocrx_word' id='word_1_593' title='bbox 2384 4032 2477 4088; x_wconf 82' lang='grc' dir='ltr'>τὸν</span> <span class='ocrx_word' id='word_1_594' title='bbox 2504 4033 2733 4109; x_wconf 74' lang='grc' dir='ltr'>τρόπον.</span> <span class='ocrx_word' id='word_1_595' title='bbox 2768 4038 3051 4111; x_wconf 76' lang='lat' dir='ltr'>Georgius</span> <span class='ocrx_word' id='word_1_596' title='bbox 3080 4041 3222 4112; x_wconf 86' lang='lat' dir='ltr'>Pis.,</span> <span class='ocrx_word' id='word_1_597' title='bbox 3254 4059 3404 4099; x_wconf 83' lang='lat' dir='ltr'>vers.</span> <span class='ocrx_word' id='word_1_598' title='bbox 3456 4047 3584 4115; x_wconf 79' lang='lat'>758,</span> <span class='ocrx_word' id='word_1_599' title='bbox 3632 4048 3705 4102; x_wconf 83' lang='lat' dir='ltr'>de</span> 
     </span>
    </p>
   </div>
   <div class='ocr_carea' id='block_1_92' title="bbox 2059 4122 2488 4179">
    <p class='ocr_par' dir='ltr' id='par_1_92' title="bbox 2059 4122 2488 4179">
     <span class='ocr_line' id='line_1_92' title="bbox 2059 4122 2488 4179; baseline 0.002 -1"><span class='ocrx_word' id='word_1_600' title='bbox 2059 4127 2189 4178; x_wconf 87' lang='lat' dir='ltr'>astu</span> <span class='ocrx_word' id='word_1_601' title='bbox 2224 4122 2450 4178; x_wconf 68' lang='lat' dir='ltr'>Satanae</span> <span class='ocrx_word' id='word_1_602' title='bbox 2476 4142 2488 4179; x_wconf 88' lang='lat'><strong>:</strong></span> 
     </span>
    </p>
   </div>
   <div class='ocr_carea' id='block_1_93' title="bbox 2198 4207 3471 4291">
    <p class='ocr_par' dir='ltr' id='par_1_93' title="bbox 2198 4207 3471 4291">
     <span class='ocr_line' id='line_1_93' title="bbox 2198 4207 3471 4291; baseline 0.009 -28"><span class='ocrx_word' id='word_1_603' title='bbox 2198 4210 2385 4291; x_wconf 60' lang='grc' dir='ltr'>Ὥιρεις</span> <span class='ocrx_word' id='word_1_604' title='bbox 2411 4207 2467 4291; x_wconf 59' lang='lat'>8:5</span> <span class='ocrx_word' id='word_1_605' title='bbox 2497 4211 2723 4291; x_wconf 54' lang='grc' dir='ltr'>πιπρους</span> <span class='ocrx_word' id='word_1_606' title='bbox 2754 4211 2962 4291; x_wconf 80' lang='grc' dir='ltr'>ἐκτελεῖ</span> <span class='ocrx_word' id='word_1_607' title='bbox 2989 4215 3114 4291; x_wconf 77' lang='grc' dir='ltr'>τοὺς</span> <span class='ocrx_word' id='word_1_608' title='bbox 3138 4218 3471 4291; x_wconf 76' lang='grc' dir='ltr'>βασκάνους,</span> 
     </span>
    </p>
   </div>
   <div class='ocr_carea' id='block_1_94' title="bbox 2196 4282 3256 4362">
    <p class='ocr_par' dir='ltr' id='par_1_94' title="bbox 2196 4282 3256 4362">
     <span class='ocr_line' id='line_1_94' title="bbox 2196 4282 3256 4362; baseline 0.01 -26"><span class='ocrx_word' id='word_1_609' title='bbox 2196 4282 2301 4338; x_wconf 83' lang='grc' dir='ltr'>Τὸν</span> <span class='ocrx_word' id='word_1_610' title='bbox 2337 4282 2417 4337; x_wconf 71' lang='grc' dir='ltr'>ἰὸν</span> <span class='ocrx_word' id='word_1_611' title='bbox 2442 4282 2609 4348; x_wconf 79' lang='grc' dir='ltr'>ἐνθεὶς</span> <span class='ocrx_word' id='word_1_612' title='bbox 2640 4289 2707 4359; x_wconf 78' lang='grc' dir='ltr'>τῇ</span> <span class='ocrx_word' id='word_1_613' title='bbox 2739 4289 2879 4360; x_wconf 81' lang='grc' dir='ltr'>κακῇ</span> <span class='ocrx_word' id='word_1_614' title='bbox 2911 4282 3256 4362; x_wconf 71' lang='grc' dir='ltr'>περιπλοῖσει.</span> 
     </span>
    </p>
   </div>
   <div class='ocr_carea' id='block_1_95' title="bbox 2199 4374 3274 4451">
    <p class='ocr_par' dir='ltr' id='par_1_95' title="bbox 2199 4374 3274 4451">
     <span class='ocr_line' id='line_1_95' title="bbox 2199 4374 3274 4451; baseline 0.008 -23"><span class='ocrx_word' id='word_1_615' title='bbox 2199 4374 2298 4451; x_wconf 66' lang='lat' dir='ltr'>I_fic</span> <span class='ocrx_word' id='word_1_616' title='bbox 2320 4374 2534 4451; x_wconf 80' lang='lat' dir='ltr'>luridas</span> <span class='ocrx_word' id='word_1_617' title='bbox 2563 4392 2632 4430; x_wconf 78' lang='lat' dir='ltr'>ex</span> <span class='ocrx_word' id='word_1_618' title='bbox 2653 4377 2839 4451; x_wconf 74' lang='lat' dir='ltr'>lividis</span> <span class='ocrx_word' id='word_1_619' title='bbox 2867 4395 3073 4447; x_wconf 83' lang='lat' dir='ltr'>angues</span> <span class='ocrx_word' id='word_1_620' title='bbox 3101 4383 3274 4451; x_wconf 85' lang='lat' dir='ltr'>parit,</span> 
     </span>
    </p>
   </div>
   <div class='ocr_carea' id='block_1_96' title="bbox 2198 4445 3273 4524">
    <p class='ocr_par' dir='ltr' id='par_1_96' title="bbox 2198 4445 3273 4524">
     <span class='ocr_line' id='line_1_96' title="bbox 2198 4445 3273 4524; baseline 0.008 -25"><span class='ocrx_word' id='word_1_621' title='bbox 2198 4445 2453 4501; x_wconf 76' lang='lat' dir='ltr'>Fundens</span> <span class='ocrx_word' id='word_1_622' title='bbox 2479 4463 2753 4503; x_wconf 85' lang='lat' dir='ltr'>venenum</span> <span class='ocrx_word' id='word_1_623' title='bbox 2776 4445 2992 4518; x_wconf 79' lang='lat' dir='ltr'>ﬁctione</span> <span class='ocrx_word' id='word_1_624' title='bbox 3011 4445 3273 4524; x_wconf 55' lang='lat' dir='ltr'>pessima;</span> 
     </span>
    </p>
   </div>
   <div class='ocr_carea' id='block_1_97' title="bbox 299 4530 1948 4636">
    <p class='ocr_par' dir='ltr' id='par_1_97' title="bbox 299 4530 1943 4607">
     <span class='ocr_line' id='line_1_97' title="bbox 299 4530 1943 4607; baseline 0.004 -23"><span class='ocrx_word' id='word_1_625' title='bbox 299 4530 736 4601; x_wconf 85' lang='lat' dir='ltr'>projicientium</span> <span class='ocrx_word' id='word_1_626' title='bbox 775 4530 829 4602; x_wconf 90' lang='lat' dir='ltr'>(e</span> <span class='ocrx_word' id='word_1_627' title='bbox 872 4546 1125 4601; x_wconf 90' lang='lat' dir='ltr'>quorum</span> <span class='ocrx_word' id='word_1_628' title='bbox 1167 4546 1412 4586; x_wconf 88' lang='lat' dir='ltr'>numero</span> <span class='ocrx_word' id='word_1_629' title='bbox 1444 4532 1787 4589; x_wconf 82' lang='lat' dir='ltr'>adolescens</span> <span class='ocrx_word' id='word_1_630' title='bbox 1836 4535 1943 4607; x_wconf 83' lang='lat' dir='ltr'>fui)</span> 
     </span>
    </p>
   </div>
   <div class='ocr_carea' id='block_1_98' title="bbox 2069 4530 3703 4636">
    <p class='ocr_par' dir='ltr' id='par_1_98' title="bbox 2069 4542 3703 4636">
     <span class='ocr_line' id='line_1_98' title="bbox 2069 4542 3703 4636; baseline 0.007 -38"><span class='ocrx_word' id='word_1_631' title='bbox 2069 4542 2246 4636; x_wconf 23' lang='lat' dir='ltr'>_‘Col;</span> <span class='ocrx_word' id='word_1_632' title='bbox 2283 4545 2386 4636; x_wconf 25' lang='lat'>1‘56</span> <span class='ocrx_word' id='word_1_633' title='bbox 2416 4544 2458 4599; x_wconf 92' lang='lat' dir='ltr'>B</span> <span class='ocrx_word' id='word_1_634' title='bbox 2492 4545 2593 4636; x_wconf 82' lang='lat' dir='ltr'>lO.</span> <span class='ocrx_word' id='word_1_635' title='bbox 2615 4542 2742 4601; x_wconf 74' lang='grc' dir='ltr'>Οἶδε</span> <span class='ocrx_word' id='word_1_636' title='bbox 2771 4546 2837 4601; x_wconf 70' lang='grc' dir='ltr'>τὰ</span> <span class='ocrx_word' id='word_1_637' title='bbox 2862 4548 3027 4618; x_wconf 74' lang='grc' dir='ltr'>κήτη.</span> <span class='ocrx_word' id='word_1_638' title='bbox 3062 4551 3145 4605; x_wconf 91' lang='lat' dir='ltr'>Ab</span> <span class='ocrx_word' id='word_1_639' title='bbox 3176 4550 3269 4608; x_wconf 90' lang='lat' dir='ltr'>his</span> <span class='ocrx_word' id='word_1_640' title='bbox 3308 4553 3454 4609; x_wconf 83' lang='lat' dir='ltr'>cotis</span> <span class='ocrx_word' id='word_1_641' title='bbox 3484 4555 3703 4610; x_wconf 82' lang='lat' dir='ltr'>orcisve</span> 
     </span>
    </p>
   </div>
   <div class='ocr_carea' id='block_1_99' title="bbox 298 4617 1944 4681">
    <p class='ocr_par' dir='ltr' id='par_1_99' title="bbox 298 4617 1944 4681">
     <span class='ocr_line' id='line_1_99' title="bbox 298 4617 1944 4681; baseline 0.005 -8"><span class='ocrx_word' id='word_1_642' title='bbox 298 4618 660 4674; x_wconf 89' lang='lat' dir='ltr'>accurrebat.</span> <span class='ocrx_word' id='word_1_643' title='bbox 688 4618 766 4674; x_wconf 89' lang='lat' dir='ltr'>De</span> <span class='ocrx_word' id='word_1_644' title='bbox 800 4618 996 4674; x_wconf 87' lang='lat' dir='ltr'>Baiani</span> <span class='ocrx_word' id='word_1_645' title='bbox 1026 4617 1186 4674; x_wconf 89' lang='lat' dir='ltr'>illius</span> <span class='ocrx_word' id='word_1_646' title='bbox 1208 4621 1367 4675; x_wconf 90' lang='lat' dir='ltr'>lacus</span> <span class='ocrx_word' id='word_1_647' title='bbox 1401 4622 1725 4680; x_wconf 86' lang='lat' dir='ltr'>mansuetis</span> <span class='ocrx_word' id='word_1_648' title='bbox 1746 4628 1805 4680; x_wconf 91' lang='lat' dir='ltr'>et</span> <span class='ocrx_word' id='word_1_649' title='bbox 1824 4625 1944 4681; x_wconf 71' lang='lat' dir='ltr'><strong>Cae-</strong></span> 
     </span>
    </p>
   </div>
   <div class='ocr_carea' id='block_1_100' title="bbox 300 4706 1944 4783">
    <p class='ocr_par' dir='ltr' id='par_1_100' title="bbox 300 4706 1944 4783">
     <span class='ocr_line' id='line_1_100' title="bbox 300 4706 1944 4783; baseline 0.004 -20"><span class='ocrx_word' id='word_1_650' title='bbox 300 4724 431 4765; x_wconf 88' lang='lat' dir='ltr'>sare</span> <span class='ocrx_word' id='word_1_651' title='bbox 461 4706 751 4764; x_wconf 86' lang='lat' dir='ltr'>dedicatis</span> <span class='ocrx_word' id='word_1_652' title='bbox 784 4707 1048 4779; x_wconf 88' lang='lat' dir='ltr'>piscibus</span> <span class='ocrx_word' id='word_1_653' title='bbox 1071 4707 1518 4781; x_wconf 88' lang='lat' dir='ltr'>audifestivum,</span> <span class='ocrx_word' id='word_1_654' title='bbox 1551 4712 1794 4783; x_wconf 87' lang='lat' dir='ltr'>morale,</span> <span class='ocrx_word' id='word_1_655' title='bbox 1824 4713 1944 4769; x_wconf 88' lang='lat' dir='ltr'>his-</span> 
     </span>
    </p>
   </div>
   <div class='ocr_carea' id='block_1_101' title="bbox 300 4796 1466 4869">
    <p class='ocr_par' dir='ltr' id='par_1_101' title="bbox 300 4796 1466 4869">
     <span class='ocr_line' id='line_1_101' title="bbox 300 4796 1466 4869; baseline 0.003 -18"><span class='ocrx_word' id='word_1_656' title='bbox 300 4797 556 4853; x_wconf 88' lang='lat' dir='ltr'>toricum</span> <span class='ocrx_word' id='word_1_657' title='bbox 587 4796 872 4853; x_wconf 85' lang='lat' dir='ltr'>Martialis</span> <span class='ocrx_word' id='word_1_658' title='bbox 903 4797 1089 4869; x_wconf 88' lang='lat' dir='ltr'>epigr.</span> <span class='ocrx_word' id='word_1_659' title='bbox 1120 4798 1211 4867; x_wconf 88' lang='lat'>30,</span> <span class='ocrx_word' id='word_1_660' title='bbox 1244 4797 1346 4853; x_wconf 92' lang='lat' dir='ltr'>lib.</span> <span class='ocrx_word' id='word_1_661' title='bbox 1375 4814 1466 4855; x_wconf 77' lang='lat' dir='ltr'>iv:</span> 
     </span>
    </p>
   </div>
   <div class='ocr_carea' id='block_1_102' title="bbox 437 4883 1469 4957">
    <p class='ocr_par' dir='ltr' id='par_1_102' title="bbox 437 4883 1469 4957">
     <span class='ocr_line' id='line_1_102' title="bbox 437 4883 1469 4957; baseline 0.001 -17"><span class='ocrx_word' id='word_1_662' title='bbox 437 4888 655 4942; x_wconf 81' lang='lat' dir='ltr'>Baiano</span> <span class='ocrx_word' id='word_1_663' title='bbox 683 4883 884 4957; x_wconf 79' lang='lat' dir='ltr'>procul</span> <span class='ocrx_word' id='word_1_664' title='bbox 910 4902 949 4941; x_wconf 89' lang='lat' dir='ltr'>a</span> <span class='ocrx_word' id='word_1_665' title='bbox 978 4886 1125 4952; x_wconf 85' lang='lat' dir='ltr'>lacu,</span> <span class='ocrx_word' id='word_1_666' title='bbox 1157 4902 1469 4957; x_wconf 80' lang='lat' dir='ltr'>monemus,</span> 
     </span>
    </p>
   </div>
   <div class='ocr_carea' id='block_1_103' title="bbox 437 4959 1504 5029">
    <p class='ocr_par' dir='ltr' id='par_1_103' title="bbox 437 4959 1504 5029">
     <span class='ocr_line' id='line_1_103' title="bbox 437 4959 1504 5029; baseline 0.003 -18"><span class='ocrx_word' id='word_1_667' title='bbox 437 4959 709 5029; x_wconf 73' lang='lat' dir='ltr'>Piscator,</span> <span class='ocrx_word' id='word_1_668' title='bbox 735 4962 888 5029; x_wconf 80' lang='lat' dir='ltr'>luge,</span> <span class='ocrx_word' id='word_1_669' title='bbox 921 4973 991 5012; x_wconf 86' lang='lat' dir='ltr'>ne</span> <span class='ocrx_word' id='word_1_670' title='bbox 1022 4972 1227 5013; x_wconf 85' lang='lat' dir='ltr'>nocens</span> <span class='ocrx_word' id='word_1_671' title='bbox 1255 4960 1504 5014; x_wconf 82' lang='lat' dir='ltr'>recedas.</span> 
     </span>
    </p>
   </div>
   <div class='ocr_carea' id='block_1_104' title="bbox 443 5028 1527 5100">
    <p class='ocr_par' dir='ltr' id='par_1_104' title="bbox 443 5028 1527 5100">
     <span class='ocr_line' id='line_1_104' title="bbox 443 5028 1527 5100; baseline 0.003 -17"><span class='ocrx_word' id='word_1_672' title='bbox 443 5028 624 5083; x_wconf 87' lang='lat' dir='ltr'>Sacris</span> <span class='ocrx_word' id='word_1_673' title='bbox 653 5028 896 5100; x_wconf 76' lang='lat' dir='ltr'>piscibus</span> <span class='ocrx_word' id='word_1_674' title='bbox 923 5030 1013 5085; x_wconf 66' lang='lat' dir='ltr'>hoe</span> <span class='ocrx_word' id='word_1_675' title='bbox 1041 5035 1317 5085; x_wconf 84' lang='lat' dir='ltr'>natantur</span> <span class='ocrx_word' id='word_1_676' title='bbox 1346 5030 1527 5100; x_wconf 71' lang='lat' dir='ltr'>undae,</span> 
     </span>
    </p>
   </div>
   <div class='ocr_carea' id='block_1_105' title="bbox 437 5100 1755 5174">
    <p class='ocr_par' dir='ltr' id='par_1_105' title="bbox 437 5100 1755 5174">
     <span class='ocr_line' id='line_1_105' title="bbox 437 5100 1755 5174; baseline 0.003 -19"><span class='ocrx_word' id='word_1_677' title='bbox 437 5100 541 5174; x_wconf 82' lang='lat' dir='ltr'>Qui</span> <span class='ocrx_word' id='word_1_678' title='bbox 567 5104 773 5155; x_wconf 82' lang='lat' dir='ltr'>norunt</span> <span class='ocrx_word' id='word_1_679' title='bbox 801 5101 1108 5168; x_wconf 83' lang='lat' dir='ltr'>dominum,</span> <span class='ocrx_word' id='word_1_680' title='bbox 1138 5117 1474 5174; x_wconf 83' lang='lat' dir='ltr'>manumque</span> <span class='ocrx_word' id='word_1_681' title='bbox 1507 5103 1755 5159; x_wconf 84' lang='lat' dir='ltr'>lambunt</span> 
     </span>
    </p>
   </div>
   <div class='ocr_carea' id='block_1_106' title="bbox 438 5173 1492 5244">
    <p class='ocr_par' dir='ltr' id='par_1_106' title="bbox 438 5173 1492 5244">
     <span class='ocr_line' id='line_1_106' title="bbox 438 5173 1492 5244; baseline 0.001 -18"><span class='ocrx_word' id='word_1_682' title='bbox 438 5173 599 5226; x_wconf 85' lang='lat' dir='ltr'>Illam</span> <span class='ocrx_word' id='word_1_683' title='bbox 627 5188 737 5243; x_wconf 75' lang='lat' dir='ltr'>qua</span> <span class='ocrx_word' id='word_1_684' title='bbox 766 5174 910 5244; x_wconf 82' lang='lat' dir='ltr'>nihil</span> <span class='ocrx_word' id='word_1_685' title='bbox 941 5182 1021 5228; x_wconf 79' lang='lat' dir='ltr'>est</span> <span class='ocrx_word' id='word_1_686' title='bbox 1050 5174 1110 5227; x_wconf 83' lang='lat' dir='ltr'>in</span> <span class='ocrx_word' id='word_1_687' title='bbox 1136 5174 1265 5228; x_wconf 89' lang='lat' dir='ltr'>orbe</span> <span class='ocrx_word' id='word_1_688' title='bbox 1292 5174 1492 5244; x_wconf 84' lang='lat' dir='ltr'>majus,</span> 
     </span>
    </p>
   </div>
   <div class='ocr_carea' id='block_1_107' title="bbox 432 5243 1735 5317">
    <p class='ocr_par' dir='ltr' id='par_1_107' title="bbox 432 5243 1735 5317">
     <span class='ocr_line' id='line_1_107' title="bbox 432 5243 1735 5317; baseline 0.003 -19"><span class='ocrx_word' id='word_1_689' title='bbox 432 5244 602 5311; x_wconf 82' lang='lat' dir='ltr'>Quid,</span> <span class='ocrx_word' id='word_1_690' title='bbox 633 5243 775 5317; x_wconf 80' lang='lat' dir='ltr'>quod</span> <span class='ocrx_word' id='word_1_691' title='bbox 802 5260 1002 5299; x_wconf 82' lang='lat' dir='ltr'>nomen</span> <span class='ocrx_word' id='word_1_692' title='bbox 1031 5244 1256 5313; x_wconf 83' lang='lat' dir='ltr'>habent,</span> <span class='ocrx_word' id='word_1_693' title='bbox 1291 5254 1350 5300; x_wconf 83' lang='lat' dir='ltr'>ut</span> <span class='ocrx_word' id='word_1_694' title='bbox 1378 5243 1446 5301; x_wconf 86' lang='lat' dir='ltr'>ad</span> <span class='ocrx_word' id='word_1_695' title='bbox 1476 5250 1735 5317; x_wconf 76' lang='lat' dir='ltr'>magistri</span> 
     </span>
    </p>
   </div>
   <div class='ocr_carea' id='block_1_108' title="bbox 438 5316 1419 5387">
    <p class='ocr_par' dir='ltr' id='par_1_108' title="bbox 438 5316 1419 5387">
     <span class='ocr_line' id='line_1_108' title="bbox 438 5316 1419 5387; baseline 0.002 -16"><span class='ocrx_word' id='word_1_696' title='bbox 438 5317 620 5371; x_wconf 84' lang='lat' dir='ltr'>Vocem</span> <span class='ocrx_word' id='word_1_697' title='bbox 647 5316 876 5387; x_wconf 81' lang='lat' dir='ltr'>quisque</span> <span class='ocrx_word' id='word_1_698' title='bbox 904 5318 991 5370; x_wconf 85' lang='lat' dir='ltr'>sui</span> <span class='ocrx_word' id='word_1_699' title='bbox 1020 5319 1168 5371; x_wconf 82' lang='lat' dir='ltr'>venit</span> <span class='ocrx_word' id='word_1_700' title='bbox 1196 5322 1419 5373; x_wconf 79' lang='lat' dir='ltr'>citatus.</span> 
     </span>
    </p>
   </div>
   <div class='ocr_carea' id='block_1_109' title="bbox 430 5387 1582 5461">
    <p class='ocr_par' dir='ltr' id='par_1_109' title="bbox 430 5387 1582 5461">
     <span class='ocr_line' id='line_1_109' title="bbox 430 5387 1582 5461; baseline 0.003 -20"><span class='ocrx_word' id='word_1_701' title='bbox 430 5388 537 5461; x_wconf 65' lang='lat' dir='ltr'>(loc</span> <span class='ocrx_word' id='word_1_702' title='bbox 567 5387 839 5461; x_wconf 83' lang='lat' dir='ltr'>quondam</span> <span class='ocrx_word' id='word_1_703' title='bbox 875 5387 1038 5461; x_wconf 78' lang='lat' dir='ltr'>Libys</span> <span class='ocrx_word' id='word_1_704' title='bbox 1071 5388 1275 5459; x_wconf 85' lang='lat' dir='ltr'>impius</span> <span class='ocrx_word' id='word_1_705' title='bbox 1298 5390 1582 5461; x_wconf 80' lang='lat' dir='ltr'>profundo</span> 
     </span>
    </p>
   </div>
   <div class='ocr_carea' id='block_1_110' title="bbox 429 5459 1602 5531">
    <p class='ocr_par' dir='ltr' id='par_1_110' title="bbox 429 5459 1602 5531">
     <span class='ocr_line' id='line_1_110' title="bbox 429 5459 1602 5531; baseline 0.003 -18"><span class='ocrx_word' id='word_1_706' title='bbox 429 5460 570 5513; x_wconf 85' lang='lat' dir='ltr'>Dum</span> <span class='ocrx_word' id='word_1_707' title='bbox 596 5460 857 5531; x_wconf 77' lang='lat' dir='ltr'>praedam</span> <span class='ocrx_word' id='word_1_708' title='bbox 878 5459 1099 5515; x_wconf 86' lang='lat' dir='ltr'>calamo</span> <span class='ocrx_word' id='word_1_709' title='bbox 1133 5459 1409 5516; x_wconf 78' lang='lat' dir='ltr'>tremente</span> <span class='ocrx_word' id='word_1_710' title='bbox 1432 5464 1602 5531; x_wconf 83' lang='lat' dir='ltr'>ducit,</span> 
     </span>
    </p>
   </div>
   <div class='ocr_carea' id='block_1_111' title="bbox 430 5532 1410 5602">
    <p class='ocr_par' dir='ltr' id='par_1_111' title="bbox 430 5532 1410 5602">
     <span class='ocr_line' id='line_1_111' title="bbox 430 5532 1410 5602; baseline 0 -15"><span class='ocrx_word' id='word_1_711' title='bbox 430 5534 620 5600; x_wconf 80' lang='lat' dir='ltr'>Raptis</span> <span class='ocrx_word' id='word_1_712' title='bbox 649 5532 957 5587; x_wconf 81' lang='lat' dir='ltr'>luminibus</span> <span class='ocrx_word' id='word_1_713' title='bbox 986 5540 1204 5602; x_wconf 83' lang='lat' dir='ltr'>repente</span> <span class='ocrx_word' id='word_1_714' title='bbox 1232 5548 1410 5589; x_wconf 67' lang='lat' dir='ltr'>caecus</span> 
     </span>
    </p>
   </div>
   <div class='ocr_carea' id='block_1_112' title="bbox 433 5603 1493 5674">
    <p class='ocr_par' dir='ltr' id='par_1_112' title="bbox 433 5603 1493 5674">
     <span class='ocr_line' id='line_1_112' title="bbox 433 5603 1493 5674; baseline 0.004 -17"><span class='ocrx_word' id='word_1_715' title='bbox 433 5604 664 5673; x_wconf 83' lang='lat' dir='ltr'>Captum</span> <span class='ocrx_word' id='word_1_716' title='bbox 692 5619 801 5658; x_wconf 80' lang='lat' dir='ltr'>non</span> <span class='ocrx_word' id='word_1_717' title='bbox 831 5604 1013 5674; x_wconf 83' lang='lat' dir='ltr'>potuit</span> <span class='ocrx_word' id='word_1_718' title='bbox 1042 5603 1224 5658; x_wconf 85' lang='lat' dir='ltr'>videre</span> <span class='ocrx_word' id='word_1_719' title='bbox 1248 5605 1454 5674; x_wconf 81' lang='lat' dir='ltr'>piscem</span> <span class='ocrx_word' id='word_1_720' title='bbox 1478 5619 1493 5661; x_wconf 89' lang='lat'><strong>:</strong></span> 
     </span>
    </p>
   </div>
   <div class='ocr_carea' id='block_1_113' title="bbox 430 5675 1462 5746">
    <p class='ocr_par' dir='ltr' id='par_1_113' title="bbox 430 5675 1462 5746">
     <span class='ocr_line' id='line_1_113' title="bbox 430 5675 1462 5746; baseline 0.003 -18"><span class='ocrx_word' id='word_1_721' title='bbox 430 5675 494 5729; x_wconf 85' lang='lat' dir='ltr'>Et</span> <span class='ocrx_word' id='word_1_722' title='bbox 514 5690 664 5729; x_wconf 84' lang='lat' dir='ltr'>nunc</span> <span class='ocrx_word' id='word_1_723' title='bbox 692 5675 989 5745; x_wconf 78' lang='lat' dir='ltr'>sacrilegos</span> <span class='ocrx_word' id='word_1_724' title='bbox 1014 5690 1245 5746; x_wconf 83' lang='lat' dir='ltr'>perosus</span> <span class='ocrx_word' id='word_1_725' title='bbox 1274 5675 1462 5732; x_wconf 83' lang='lat' dir='ltr'>hamos</span> 
     </span>
    </p>
   </div>
   <div class='ocr_carea' id='block_1_114' title="bbox 2053 4633 3699 4715">
    <p class='ocr_par' dir='ltr' id='par_1_114' title="bbox 2053 4633 3699 4715">
     <span class='ocr_line' id='line_1_114' title="bbox 2053 4633 3699 4715; baseline 0.007 -27"><span class='ocrx_word' id='word_1_726' title='bbox 2053 4633 2347 4705; x_wconf 84' lang='lat' dir='ltr'>Theognis</span> <span class='ocrx_word' id='word_1_727' title='bbox 2382 4635 2696 4708; x_wconf 72' lang='grc' dir='ltr'>μεγακήτεα</span> <span class='ocrx_word' id='word_1_728' title='bbox 2726 4636 2921 4691; x_wconf 79' lang='grc' dir='ltr'>πόντον</span> <span class='ocrx_word' id='word_1_729' title='bbox 2955 4640 3110 4695; x_wconf 83' lang='lat' dir='ltr'>canit</span> <span class='ocrx_word' id='word_1_730' title='bbox 3160 4647 3575 4715; x_wconf 81' lang='grc' dir='ltr'>μετωνυμικῶς.</span> <span class='ocrx_word' id='word_1_731' title='bbox 3638 4647 3699 4701; x_wconf 82' lang='lat' dir='ltr'>In</span> 
     </span>
    </p>
   </div>
   <div class='ocr_carea' id='block_1_115' title="bbox 2052 4723 3701 4802">
    <p class='ocr_par' dir='ltr' id='par_1_115' title="bbox 2052 4723 3701 4802">
     <span class='ocr_line' id='line_1_115' title="bbox 2052 4723 3701 4802; baseline 0.008 -25"><span class='ocrx_word' id='word_1_732' title='bbox 2052 4723 2317 4778; x_wconf 88' lang='lat' dir='ltr'>versione</span> <span class='ocrx_word' id='word_1_733' title='bbox 2348 4723 2469 4779; x_wconf 87' lang='lat' dir='ltr'>Lat.</span> <span class='ocrx_word' id='word_1_734' title='bbox 2507 4723 2843 4797; x_wconf 85' lang='lat' dir='ltr'>legendum,</span> <span class='ocrx_word' id='word_1_735' title='bbox 2874 4730 3089 4786; x_wconf 77' lang='lat' dir='ltr'>Norant</span> <span class='ocrx_word' id='word_1_736' title='bbox 3113 4732 3282 4802; x_wconf 82' lang='lat' dir='ltr'>plane</span> <span class='ocrx_word' id='word_1_737' title='bbox 3317 4735 3462 4790; x_wconf 82' lang='lat' dir='ltr'>Oete.</span> <span class='ocrx_word' id='word_1_738' title='bbox 3496 4734 3575 4790; x_wconf 91' lang='lat' dir='ltr'>De</span> <span class='ocrx_word' id='word_1_739' title='bbox 3607 4734 3701 4791; x_wconf 89' lang='lat' dir='ltr'>his</span> 
     </span>
    </p>
   </div>
   <div class='ocr_carea' id='block_1_116' title="bbox 2053 4811 3449 4891">
    <p class='ocr_par' dir='ltr' id='par_1_116' title="bbox 2053 4811 3449 4891">
     <span class='ocr_line' id='line_1_116' title="bbox 2053 4811 3449 4891; baseline 0.009 -25"><span class='ocrx_word' id='word_1_740' title='bbox 2053 4811 2207 4867; x_wconf 85' lang='lat' dir='ltr'>idem</span> <span class='ocrx_word' id='word_1_741' title='bbox 2239 4812 2444 4885; x_wconf 86' lang='lat' dir='ltr'>Georg.</span> <span class='ocrx_word' id='word_1_742' title='bbox 2482 4812 2684 4883; x_wconf 89' lang='lat' dir='ltr'>Pisid.,</span> <span class='ocrx_word' id='word_1_743' title='bbox 2716 4831 2869 4871; x_wconf 88' lang='lat' dir='ltr'>vers.</span> <span class='ocrx_word' id='word_1_744' title='bbox 2901 4818 3006 4871; x_wconf 84' lang='lat'>969</span> <span class='ocrx_word' id='word_1_745' title='bbox 3038 4819 3185 4891; x_wconf 74' lang='lat' dir='ltr'>Opi].</span> <span class='ocrx_word' id='word_1_746' title='bbox 3219 4823 3449 4879; x_wconf 77' lang='lat' dir='ltr'>mundi:</span> 
     </span>
    </p>
   </div>
   <div class='ocr_carea' id='block_1_117' title="bbox 2193 4909 3548 4998">
    <p class='ocr_par' dir='ltr' id='par_1_117' title="bbox 2193 4909 3548 4998">
     <span class='ocr_line' id='line_1_117' title="bbox 2193 4909 3548 4998; baseline 0.011 -37"><span class='ocrx_word' id='word_1_747' title='bbox 2193 4909 2288 4998; x_wconf 49' lang='lat' dir='ltr'>:Ill;</span> <span class='ocrx_word' id='word_1_748' title='bbox 2317 4909 2407 4996; x_wconf 50' lang='lat' dir='ltr'>xz}</span> <span class='ocrx_word' id='word_1_749' title='bbox 2438 4909 2505 4998; x_wconf 57' lang='grc' dir='ltr'>τὰ</span> <span class='ocrx_word' id='word_1_750' title='bbox 2532 4912 2700 4998; x_wconf 53' lang='grc' dir='ltr'>ξιήτη,</span> <span class='ocrx_word' id='word_1_751' title='bbox 2729 4918 2827 4998; x_wconf 70' lang='grc' dir='ltr'>τῇς</span> <span class='ocrx_word' id='word_1_752' title='bbox 2852 4912 3135 4998; x_wconf 40' lang='grc' dir='ltr'>,θειλάσσης</span> <span class='ocrx_word' id='word_1_753' title='bbox 3160 4917 3287 4998; x_wconf 69' lang='grc' dir='ltr'>τοὺς</span> <span class='ocrx_word' id='word_1_754' title='bbox 3320 4917 3548 4998; x_wconf 72' lang='grc' dir='ltr'>λόφους,</span> 
     </span>
    </p>
   </div>
   <div class='ocr_carea' id='block_1_118' title="bbox 2194 4980 3399 5068">
    <p class='ocr_par' dir='ltr' id='par_1_118' title="bbox 2194 4980 3399 5068">
     <span class='ocr_line' id='line_1_118' title="bbox 2194 4980 3399 5068; baseline 0.01 -33"><span class='ocrx_word' id='word_1_755' title='bbox 2194 4981 2278 5036; x_wconf 86' lang='grc' dir='ltr'>Ἐν</span> <span class='ocrx_word' id='word_1_756' title='bbox 2308 4986 2425 5043; x_wconf 80' lang='grc' dir='ltr'>τοῖς</span> <span class='ocrx_word' id='word_1_757' title='bbox 2454 4980 2682 5057; x_wconf 72' lang='grc' dir='ltr'>ἐρήμοις</span> <span class='ocrx_word' id='word_1_758' title='bbox 2712 4980 2811 5054; x_wconf 85' lang='grc' dir='ltr'>τῆς</span> <span class='ocrx_word' id='word_1_759' title='bbox 2842 4980 3072 5051; x_wconf 72' lang='grc' dir='ltr'>ἀϐύσςου</span> <span class='ocrx_word' id='word_1_760' title='bbox 3092 4980 3355 5068; x_wconf 68' lang='grc' dir='ltr'>’συλΛέγὶι</span> <span class='ocrx_word' id='word_1_761' title='bbox 3384 5019 3399 5062; x_wconf 87' lang='lat'><strong>;</strong></span> 
     </span>
    </p>
   </div>
   <div class='ocr_carea' id='block_1_119' title="bbox 2193 5072 3554 5154">
    <p class='ocr_par' dir='ltr' id='par_1_119' title="bbox 2193 5072 3554 5154">
     <span class='ocr_line' id='line_1_119' title="bbox 2193 5072 3554 5154; baseline 0.011 -29"><span class='ocrx_word' id='word_1_762' title='bbox 2193 5072 2328 5154; x_wconf 84' lang='lat' dir='ltr'>_Cete</span> <span class='ocrx_word' id='word_1_763' title='bbox 2356 5074 2480 5154; x_wconf 68' lang='lat' dir='ltr'>quis</span> <span class='ocrx_word' id='word_1_764' title='bbox 2498 5073 2629 5154; x_wconf 48' lang='lat' dir='ltr'>bac</span> <span class='ocrx_word' id='word_1_765' title='bbox 2656 5080 2907 5154; x_wconf 79' lang='lat' dir='ltr'>portenta</span> <span class='ocrx_word' id='word_1_766' title='bbox 2938 5081 3133 5154; x_wconf 83' lang='lat' dir='ltr'>maris,</span> <span class='ocrx_word' id='word_1_767' title='bbox 3168 5083 3284 5137; x_wconf 86' lang='lat' dir='ltr'>alta</span> <span class='ocrx_word' id='word_1_768' title='bbox 3312 5083 3554 5154; x_wconf 78' lang='lat' dir='ltr'>utjuga,</span> 
     </span>
    </p>
   </div>
   <div class='ocr_carea' id='block_1_120' title="bbox 2192 5145 3348 5219">
    <p class='ocr_par' dir='ltr' id='par_1_120' title="bbox 2192 5145 3348 5219">
     <span class='ocr_line' id='line_1_120' title="bbox 2192 5145 3348 5219; baseline 0.009 -21"><span class='ocrx_word' id='word_1_769' title='bbox 2192 5145 2253 5198; x_wconf 83' lang='lat' dir='ltr'>lu</span> <span class='ocrx_word' id='word_1_770' title='bbox 2284 5147 2539 5199; x_wconf 82' lang='lat' dir='ltr'>vastitate</span> <span class='ocrx_word' id='word_1_771' title='bbox 2568 5150 2822 5201; x_wconf 76' lang='lat' dir='ltr'>immeasi</span> <span class='ocrx_word' id='word_1_772' title='bbox 2851 5148 3038 5219; x_wconf 78' lang='lat' dir='ltr'>abyssi</span> <span class='ocrx_word' id='word_1_773' title='bbox 3064 5145 3348 5209; x_wconf 85' lang='lat' dir='ltr'>continet?</span> 
     </span>
    </p>
   </div>
   <div class='ocr_carea' id='block_1_121' title="bbox 2120 5240 3697 5316">
    <p class='ocr_par' dir='ltr' id='par_1_121' title="bbox 2120 5240 3697 5316">
     <span class='ocr_line' id='line_1_121' title="bbox 2120 5240 3697 5316; baseline 0.007 -21"><span class='ocrx_word' id='word_1_774' title='bbox 2120 5240 2266 5295; x_wconf 91' lang='lat' dir='ltr'>Ibid.</span> <span class='ocrx_word' id='word_1_775' title='bbox 2302 5246 2340 5295; x_wconf 87' lang='lat' dir='ltr'>C</span> <span class='ocrx_word' id='word_1_776' title='bbox 2372 5242 2459 5295; x_wconf 92' lang='grc'>11.</span> <span class='ocrx_word' id='word_1_777' title='bbox 2493 5242 2726 5313; x_wconf 82' lang='lat' dir='ltr'>Corrige</span> <span class='ocrx_word' id='word_1_778' title='bbox 2754 5249 2856 5311; x_wconf 81' lang='grc' dir='ltr'>τῆς</span> <span class='ocrx_word' id='word_1_779' title='bbox 2884 5248 3130 5316; x_wconf 77' lang='grc' dir='ltr'>κυήσεως</span> <span class='ocrx_word' id='word_1_780' title='bbox 3159 5268 3276 5304; x_wconf 86' lang='grc' dir='ltr'>κατ.</span> <span class='ocrx_word' id='word_1_781' title='bbox 3310 5249 3521 5305; x_wconf 88' lang='lat' dir='ltr'>Genes.</span> <span class='ocrx_word' id='word_1_782' title='bbox 3553 5266 3663 5305; x_wconf 76' lang='lat' dir='ltr'><strong>xxx</strong></span> <span class='ocrx_word' id='word_1_783' title='bbox 3685 5293 3697 5316; x_wconf 92' lang='lat'>,</span> 
     </span>
    </p>
   </div>
   <div class='ocr_carea' id='block_1_122' title="bbox 2045 5329 3699 5411">
    <p class='ocr_par' dir='ltr' id='par_1_122' title="bbox 2045 5329 3699 5411">
     <span class='ocr_line' id='line_1_122' title="bbox 2045 5329 3699 5411; baseline 0.004 -28"><span class='ocrx_word' id='word_1_784' title='bbox 2045 5345 2113 5384; x_wconf 86' lang='lat' dir='ltr'>ex</span> <span class='ocrx_word' id='word_1_785' title='bbox 2141 5329 2288 5384; x_wconf 79' lang='lat' dir='ltr'>LXX</span> <span class='ocrx_word' id='word_1_786' title='bbox 2318 5329 2565 5402; x_wconf 88' lang='lat' dir='ltr'>Interpr.</span> <span class='ocrx_word' id='word_1_787' title='bbox 2602 5348 2775 5403; x_wconf 85' lang='lat' dir='ltr'>vers.,</span> <span class='ocrx_word' id='word_1_788' title='bbox 2807 5334 2870 5387; x_wconf 86' lang='grc' dir='ltr'>τὸ</span> <span class='ocrx_word' id='word_1_789' title='bbox 2916 5332 3165 5409; x_wconf 76' lang='grc' dir='ltr'>ἐγκισσᾷν</span> <span class='ocrx_word' id='word_1_790' title='bbox 3208 5338 3447 5392; x_wconf 87' lang='lat' dir='ltr'>denotat</span> <span class='ocrx_word' id='word_1_791' title='bbox 3504 5338 3699 5411; x_wconf 81' lang='grc' dir='ltr'>καιρὸν</span> 
     </span>
    </p>
   </div>
   <div class='ocr_carea' id='block_1_123' title="bbox 2042 5419 3697 5558">
    <p class='ocr_par' dir='ltr' id='par_1_123' title="bbox 2042 5419 3697 5558">
     <span class='ocr_line' id='line_1_123' title="bbox 2042 5419 3697 5496; baseline 0.007 -26"><span class='ocrx_word' id='word_1_792' title='bbox 2042 5424 2144 5485; x_wconf 84' lang='grc' dir='ltr'>τῆς</span> <span class='ocrx_word' id='word_1_793' title='bbox 2196 5419 2479 5488; x_wconf 79' lang='grc' dir='ltr'>κυήσεως.</span> <span class='ocrx_word' id='word_1_794' title='bbox 2535 5419 2640 5476; x_wconf 87' lang='lat' dir='ltr'>Hic</span> <span class='ocrx_word' id='word_1_795' title='bbox 2690 5420 2975 5477; x_wconf 81' lang='grc' dir='ltr'>ἐνεκίσσων</span> <span class='ocrx_word' id='word_1_796' title='bbox 3027 5424 3094 5477; x_wconf 79' lang='grc' dir='ltr'>τὰ</span> <span class='ocrx_word' id='word_1_797' title='bbox 3148 5419 3398 5496; x_wconf 64' lang='grc' dir='ltr'>πρόϐατκ</span> <span class='ocrx_word' id='word_1_798' title='bbox 3456 5424 3533 5488; x_wconf 72' lang='grc' dir='ltr'>εἰς</span> <span class='ocrx_word' id='word_1_799' title='bbox 3593 5427 3697 5488; x_wconf 69' lang='grc' dir='ltr'>τὰς</span> 
     </span>
     <span class='ocr_line' id='line_1_124' title="bbox 2044 5500 2300 5558; baseline 0 0"><span class='ocrx_word' id='word_1_800' title='bbox 2044 5500 2300 5558; x_wconf 71' lang='grc' dir='ltr'>ὁάὸδους-</span> 
     </span>
    </p>
   </div>
   <div class='ocr_carea' id='block_1_124' title="bbox 2044 5502 2301 5581">
    <p class='ocr_par' dir='ltr' id='par_1_124' title="bbox 2044 5502 2301 5581">
     <span class='ocr_line' id='line_1_125' title="bbox 2044 5502 2301 5581; baseline 0.004 -23"><span class='ocrx_word' id='word_1_801' title='bbox 2044 5502 2301 5581; x_wconf 70' lang='grc' dir='ltr'>ῥάϐδους.</span> 
     </span>
    </p>
   </div>
   <div class='ocr_carea' id='block_1_125' title="bbox 2111 5595 3688 5678">
    <p class='ocr_par' dir='ltr' id='par_1_125' title="bbox 2111 5595 3688 5678">
     <span class='ocr_line' id='line_1_126' title="bbox 2111 5595 3688 5678; baseline 0.007 -28"><span class='ocrx_word' id='word_1_802' title='bbox 2111 5595 2232 5651; x_wconf 86' lang='lat' dir='ltr'>Col.</span> <span class='ocrx_word' id='word_1_803' title='bbox 2294 5597 2395 5651; x_wconf 86' lang='grc'>157</span> <span class='ocrx_word' id='word_1_804' title='bbox 2454 5602 2497 5651; x_wconf 89' lang='grc' dir='ltr'><strong><em>Β</em></strong></span> <span class='ocrx_word' id='word_1_805' title='bbox 2555 5599 2643 5655; x_wconf 80' lang='grc'>14.</span> <span class='ocrx_word' id='word_1_806' title='bbox 2706 5600 3083 5671; x_wconf 89' lang='lat' dir='ltr'>Legendum:</span> <span class='ocrx_word' id='word_1_807' title='bbox 3139 5600 3303 5655; x_wconf 82' lang='grc' dir='ltr'>ὑπτία</span> <span class='ocrx_word' id='word_1_808' title='bbox 3343 5605 3688 5678; x_wconf 64' lang='grc' dir='ltr'>προκειμένη</span> 
     </span>
    </p>
   </div>
   <div class='ocr_carea' id='block_1_126' title="bbox 2037 5683 3697 5768">
    <p class='ocr_par' dir='ltr' id='par_1_126' title="bbox 2037 5683 3697 5768">
     <span class='ocr_line' id='line_1_127' title="bbox 2037 5683 3697 5768; baseline 0.01 -33"><span class='ocrx_word' id='word_1_809' title='bbox 2037 5685 2144 5735; x_wconf 82' lang='grc' dir='ltr'>τῶν</span> <span class='ocrx_word' id='word_1_810' title='bbox 2203 5683 2288 5755; x_wconf 85' lang='grc' dir='ltr'>ἀν,</span> <span class='ocrx_word' id='word_1_811' title='bbox 2345 5689 2464 5747; x_wconf 83' lang='grc' dir='ltr'>ταῖς</span> <span class='ocrx_word' id='word_1_812' title='bbox 2524 5685 2687 5757; x_wconf 77' lang='grc' dir='ltr'>βίαις,</span> <span class='ocrx_word' id='word_1_813' title='bbox 2759 5684 2946 5759; x_wconf 77' lang='grc' dir='ltr'>ὀλίγας</span> <span class='ocrx_word' id='word_1_814' title='bbox 3008 5687 3171 5752; x_wconf 71' lang='grc' dir='ltr'>ἀκτὰς</span> <span class='ocrx_word' id='word_1_815' title='bbox 3223 5692 3312 5746; x_wconf 84' lang='grc' dir='ltr'>καὶ</span> <span class='ocrx_word' id='word_1_816' title='bbox 3347 5691 3697 5768; x_wconf 81' lang='grc' dir='ltr'>ὑποδρόμους</span> 
     </span>
    </p>
   </div>
  </div>
