4124 6240
451 281 610 340 1127

1857 279 2035 340 FED.
2083 277 2432 343 MORELLI

3730 284 3881 347 1128

502 413 647 471 Ὀοὶ.
679 412 783 469 185
824 417 871 466 Α
905 412 991 468 11.
1025 413 1320 485 Interpres
1365 413 1580 486 legisse
1628 420 1963 471 censeretur
1996 429 2009 469 :
2041 413 2097 467 Tt

2237 416 2338 471 Adi
2368 415 2664 490 Hippolyti
2696 415 2799 474 lib.
2831 415 3198 490 singularem
3252 415 3387 493 Περὶ
3423 411 3743 479 συντελείας
3792 418 3878 472 χό-

451 503 551 577 γὰρ
586 500 645 556 ἄν
676 521 759 564 τις
789 498 928 555 ἄλλο
960 505 1133 557 ποιοῖ.
1165 502 1312 559 Ibid.
1341 500 1855 577 11,κατατρύφησον
1883 505 1981 558 τοῦ
2000 508 2102 557 Κυ-

454 591 595 667 ρίου,
628 611 702 656 κ.,
727 608 756 647 e
788 591 1014 663 psalmo
1044 609 1234 659 xxxvr,
1271 608 1415 648 vers.
1446 593 1500 647 5.
1547 593 1707 648 Idem
1750 596 1881 648 Bas.
1929 592 2104 659 infra,

453 682 612 736 hom.
665 681 755 748 30,
782 678 866 739 si:
902 679 996 733 τὸν
1058 676 1407 754 παράδεισον.
1444 680 1834 753 Apollinarius
1873 680 1954 739 ita
1983 698 2104 738 me-

452 769 596 825 trice
626 770 819 840 vertit,

525 857 738 933 Χαίρων
829 856 1078 930 ἀθανάτῳ
1165 857 1468 931 καταθύμια
1555 862 1728 914 πάντα
1811 859 2105 921 κοπίσεις.

456 947 706 1004 Basilius
783 948 1055 1004 Seleucia:
1136 950 1329 1020 epise.
1392 953 1520 1005 orat
1608 947 1684 1011 εἰς
1764 947 1829 1003 τὰ
1901 946 2109 1021 Ὀλύμο

449 1056 565 1101 nisi,
625 1037 826 1093 eadem
889 1038 1126 1094 notione
1183 1042 1429 1110 usurpat
1490 1038 1551 1092 τὸ
1612 1036 1965 1115 ἐντρυφῆσαι,
2011 1025 2113 1093 ubi

449 1127 672 1197 Scribit,
709 1125 753 1179 εἶ
800 1130 922 1188 ταῖς
979 1132 1079 1195 τῆς
1135 1126 1373 1201 κρίσεως
1433 1124 1664 1201 δωρεαῖς
1718 1126 2050 1203 ὲντρυφήσας
2082 1126 2110 1180 ὁ

451 1213 757 1289 ἅνθρωπος,
780 1215 937 1273 homo
969 1232 1161 1272 rerum
1191 1224 1501 1274 creatarum
1542 1218 1864 1275 muneribus
1912 1234 2111 1273 cumu-

454 1304 621 1372 latus,
654 1311 764 1362 etc.

522 1395 668 1451 Ibid.
710 1399 752 1451 C
797 1396 851 1449 7.
890 1391 1085 1469 Σχολὴ
1144 1394 1270 1469 γὰρ,
1330 1389 1453 1447 ἄνευ
1513 1388 1686 1468 φόϐου
1749 1398 1907 1465 Θεοῦ,
1967 1415 2111 1464 πονη

448 1481 568 1557 ρίας
596 1480 922 1546 διδάσκαλος
954 1504 1004 1538 τ.
1041 1484 1350 1556 Ejusmodi
1379 1483 1731 1540 Ovidianum
1768 1484 1937 1553 illud,

663 1593 792 1649 Otia
822 1592 873 1647 si
902 1591 1086 1661 tollas,
1117 1592 1333 1661 periere
1382 1590 1677 1661 Cupidinis
1721 1592 1900 1646 artes.

522 1695 780 1751 001.188
835 1699 881 1751 Α
942 1698 1028 1751 11.
1065 1698 1186 1755 Πῶς
1227 1694 1356 1767 ὑμῖν
1414 1696 1449 1763 ἡ
1506 1695 1701 1763 ἑωθινή
1761 1699 1869 1749 τῶν
1934 1693 2116 1767 λόγων

452 1783 696 1856 τράπεζα
723 1784 994 1860 κατεφάνη
1025 1810 1039 1851 ;
1069 1785 1250 1839 Mirus
1290 1790 1379 1840 est
1428 1800 1754 1840 consensus
1799 1789 1858 1840 et
1914 1803 2113 1857 συγκα-
2146 1792 2193 1857 Β

447 1873 762 1960 τάθεσιςνίῐλ
791 1871 1122 1948 τεχνολογίᾳ
1153 1874 1332 1943 hujus
1381 1874 1604 1929 exordii
1653 1874 1933 1930 Basiliani
1978 1890 2113 1929 cum

448 1962 778 2019 Horatiana:
809 1967 920 2018 sat.
954 1962 1057 2018 ult.
1084 1960 1381 2034 periocha.
1414 1979 1533 2033 qua
1560 1962 1827 2020 lautitias
1852 1963 2113 2020 insulsus

447 2050 751 2107 Nasidieni
784 2052 1032 2121 deridet,

771 2159 836 2213 Ut
861 2158 1154 2213 Nasidieni
1174 2159 1325 2229 juvit
1354 2166 1403 2213 te
1432 2174 1593 2213 caena
1626 2158 1815 2214 beati?

451 2264 557 2318 Hic
588 2267 714 2318 erat
746 2280 921 2319 omne
958 2268 1144 2334 pater,
1194 2262 1458 2336 ἑστιάτωρ
1507 2262 1699 2332 πένης,
1749 2260 1898 2317 ἀλλά
1958 2261 2112 2341 φιλό-

448 2371 621 2429 φρων,
655 2350 713 2412 ὃς
769 2355 878 2404 τῶν
928 2350 1270 2426 εὐτραπέζων
1319 2372 1402 2413 τις
1452 2351 1584 2405 εἶναι
1615 2349 2108 2426 φιλοτιμούμενος,

447 2438 650 2513 ἀπορίᾳ
675 2443 783 2493 τῶν
815 2438 1294 2515 πολυτελεστέρων
1347 2440 1629 2494 ἀποκναίει
1673 2439 1805 2502 τοὺς
1848 2438 2108 2514 δαιτυμό-

449 2549 564 2595 νας,
605 2530 758 2584 unde
793 2529 1018 2584 ironica
1064 2529 1166 2584 illa
1212 2530 1464 2585 convivas
1506 2531 1811 2601 responsio
1847 2547 1859 2585 ε
1893 2533 1986 2587 δίο
2005 2531 2104 2602 ju-

445 2620 524 2673 vit
555 2634 641 2673 me
669 2635 849 2687 coma,
886 2623 950 2673 ut
982 2619 1126 2673 mihi
1160 2635 1461 2690 nunquam
1494 2619 1554 2674 in
1598 2618 1714 2674 vita
1762 2620 1948 2675 fuerit
1994 2636 2112 2675 me-

447 2705 566 2763 lius
599 2722 612 2763 :
642 2706 856 2763 etenim
887 2704 1123 2780 πενιχρᾶ
1170 2707 1484 2779 παρασκευή
1547 2703 1794 2780 δαψιλῶς
1851 2706 2109 2785 ἐπιφερο-

456 2794 590 2868 μένη
620 2796 731 2852 fuit
762 2813 775 2851 :

586 2901 866 2975 Imprimis
899 2906 1153 2958 Lucanus
1180 2917 1337 2971 aper,
1379 2904 1496 2959 leni
1522 2905 1635 2975 fuit
1664 2906 1857 2960 austro

590 2974 813 3045 Captus,
847 2978 984 3043 etc.,
1016 2976 1174 3030 acria
1205 2976 1417 3030 circum

588 3047 827 3116 Παρίλια,
863 3046 1113 3116 lactuca,
1146 3046 1385 3114 radices,
1420 3046 1613 3118 qualia
1646 3047 1860 3102 lassum

582 3118 911 3172 Pervellunt
938 3118 1301 3174 stomachum.

442 3222 522 3277 Τὸ
550 3219 846 3299 φιλότιμον
876 3223 1214 3295 exprimunt
1244 3223 1365 3291 illa,

902 3329 1161 3387 habemus
1191 3330 1416 3386 divitias
1446 3332 1644 3387 miras.

441 3435 590 3490 Hinc
656 3439 918 3491 continuo
973 3436 1158 3507 patuit
1223 3432 1587 3511 ἀπειροκαλία
1644 3435 2092 3511 συμποσιάρχου,

436 3532 487 3579 et
515 3540 639 3578 cum
662 3525 915 3596 passeris
944 3526 1058 3579 assi

576 3632 855 3700 lngustata
891 3629 1031 3686 mihi
1058 3625 1369 3702 porrexerit
1416 3629 1528 3686 ilia
1558 3629 1803 3703 rhombi,
1836 3635 1948 3688 etc.

512 3736 659 3792 Ibid.
690 3737 731 3792 C
760 3740 795 3792 2
816 3736 883 3794 Oi.
915 3735 1298 3813 ὀνειροκρίται.
1327 3738 1633 3809 Ejusmodi
1664 3738 2090 3809 conjectorum,

439 3842 507 3882 ex
535 3824 833 3882 levissimo
865 3830 921 3881 et
950 3825 1358 3883 indoctissimo
1415 3843 1625 3898 genere
1667 3827 2088 3896 constantium,

443 3933 631 3988 nugas
687 3915 886 3972 Cicero
938 3934 981 3971 II
1035 3922 1115 3973 De
1169 3914 1345 3972 divin.
1378 3915 1664 3988 coarguit,
1697 3916 1977 3989 Synesius
2033 3920 2092 3973 et

434 4003 602 4060 Philo
635 4005 708 4061 De
734 4007 984 4073 somniis,
1019 4007 1074 4061 et
1123 4003 1528 4061 Artemidorus
1584 4004 1643 4060 in
1695 4004 2089 4078 Ὀνειροκριτι-

432 4113 497 4147 κο
512 4114 573 4155 ις.

506 4183 652 4239 Ibid.
714 4186 757 4239 C
804 4182 860 4237 9.
919 4177 1044 4237 Εἴτε
1098 4177 1300 4257 σφαῖρά
1366 4178 1528 4251 ἐστιν,
1589 4177 1697 4235 εἷ’τε
1770 4178 2084 4256 κύλινδρος,

432 4269 536 4326 ε’ίτε
564 4272 651 4326 καὶ
689 4268 861 4343 δίσκῳ
891 4269 933 4324 ἐ.
970 4270 1404 4327 Anaximander
1434 4275 1650 4326 terram
1698 4271 1929 4328 volebat
1956 4290 2088 4331 esse

430 4355 809 4435 τραπεζοειδῆ,
869 4375 1074 4416 mensw
1130 4361 1353 4426 instar;
1388 4358 1485 4414 alii
1542 4363 1765 4417 veteres
1823 4360 2083 4433 philoso-

433 4450 530 4521 phi
565 4445 736 4503 ai'nov
766 4449 864 4516 τῆς
899 4449 1069 4521 μονῆς
1090 4453 1189 4516 τῆς
1212 4452 1313 4523 γῆς
1342 4446 1404 4500 τὸ
1439 4443 1643 4508 πλάτος
1676 4451 2082 4517 autumabant,

430 4538 803 4594 latitudinem
839 4537 1068 4592 telluris
1100 4535 1438 4593 stabilitatis
1470 4552 1600 4592 esse
1648 4554 1910 4596 causam.
1947 4538 2085 4597 Illos
2114 4522 2161 4590 D

434 4625 642 4700 nugari
675 4624 950 4682 Manilius
982 4626 1190 4697 probat
1225 4642 1243 4679 1
1273 4625 1581 4681 Astronom.
1621 4641 1633 4681 :

498 4754 592 4807 Est
620 4752 793 4822 igitur
821 4750 984 4806 tellus
1030 4749 1136 4817 (sic
1162 4748 1318 4804 enim
1351 4748 1502 4821 lego)
1532 4748 1771 4806 mediam
1815 4754 2013 4809 sortita

1691 4822 2011 4893 [cavernam

502 4894 681 4956 Aeris,
714 4900 768 4947 et
795 4901 903 4949 toto
934 4893 1153 4960 pariter
1180 4907 1445 4962 suspensa
1470 4893 1751 4961 pro/unda
1781 4913 1795 4961 ς

501 4966 606 5021 Nec
633 4965 857 5036 patulas
903 4964 1135 5019 distenta
1161 4964 1373 5033 plagas,
1406 4963 1498 5019 sed
1542 4964 1764 5020 condita
1806 4968 1867 5021 in
1899 4966 2085 5024 orbem

507 5037 754 5109 Undique
792 5043 1106 5103 surgentem
1142 5038 1372 5105 pariter,
1417 5036 1734 5107 pariterque
1779 5037 2081 5095 cadintem.

503 5161 648 5218 Ibid.
698 5162 742 5217 C
798 5159 884 5215 13.
936 5155 1234 5219 Ὑπονοίας.
1296 5160 1432 5223 Quae
1489 5165 1844 5233 sequuntur,
1902 5160 2084 5237 γλώσ-

432 5270 584 5324 σημα
627 5250 805 5317 olent,
839 5248 890 5301 oi
949 5244 1073 5319 περί
1129 5250 1224 5301 τοῦ
1280 5245 1399 5301 κόσ.
1431 5246 1595 5322 γράψ.
1633 5248 1800 5306 initio
1861 5250 2085 5322 periodi

432 5339 890 5412 praeposita,nisi
925 5337 1337 5395 inculcationis
1364 5336 1756 5409 patrocinium
1780 5340 1857 5395 sit
1882 5356 2086 5412 paren-

430 5430 757 5576 thésdi]..489
787 5515 827 5571 Β
859 5516 912 5570 8.
943 5515 1088 5575 Ἕως
1117 5508 1177 5565 ἂν
1213 5510 1240 5565 ὁ
1294 5510 1502 5583 κόσμος
1552 5511 1759 5583 συμπλ.
1817 5518 1874 5571 et
1935 5533 2072 5590 pag.

433 5608 695 5680 proxime
727 5622 848 5679 seq.
886 5597 1051 5677 μέχρι
1086 5608 1184 5671 τῆς
1228 5597 1536 5662 συντελείας
1580 5604 1677 5654 τοῦ
1728 5602 1925 5666 παντὸς
1983 5625 2079 5664 πα.

2214 524 2377 576 σμου,
2412 506 2606 563 Grece
2634 506 2864 562 editum
2896 505 3136 563 Parisiis
3164 524 3201 562 a
3228 506 3360 562 Gul.
3391 505 3655 563 Morelio.

2284 595 2431 650 Ibid.
2464 600 2508 650 B
2536 596 2591 651 9.
2624 595 2712 656 Ὦς
2744 597 2777 664 ἡ
2837 599 3059 671 σφαῖρα,
3109 594 3195 650 ἐπ.
3228 595 3497 654 Catullus
3546 597 3620 652 ad
3663 596 3873 653 Horta—

2211 684 2340 742 lum
2366 685 2789 742 venustissime
2819 684 2974 741 idem
3006 684 3301 758 expressit
3327 701 3342 740 :

2361 801 2423 859 Ut
2450 802 2685 856 missum
2712 802 2904 872 sponsi
2926 804 3136 872 furtivo
3164 817 3392 858 munere
3418 801 3634 858 malum

2502 874 2787 945 Procurril
2815 878 2964 945 casto
2991 875 3228 944 virginis
3256 889 3287 929 e
3312 876 3548 945 gremio,

2362 943 2516 1014 Quod
2546 946 2766 1001 miserm
2796 944 2985 1000 oblitae
3015 943 3173 1001 moili
3198 943 3477 1000 sub'veste
3505 944 3776 1013 locatum,

2507 1016 2642 1071 Dum
2672 1016 2923 1072 adventu
2950 1019 3156 1072 matris
3170 1017 3426 1089 prosilit,
3460 1017 3771 1087 excutitur,

2361 1088 2534 1158 Atque
2566 1088 2709 1144 illud
2736 1103 2908 1159 prono
2933 1088 3183 1161 praeceps
3220 1090 3414 1158 agitur
3438 1088 3703 1144 decursu.

2290 1209 2439 1266 Ibid.
2472 1212 2513 1268 C
2543 1211 2595 1266 5.
2628 1211 2822 1266 Ἵππον
2890 1210 2983 1283 μὶν
3042 1211 3147 1286 γὰρ
3202 1207 3380 1265 ’ίππου
3437 1231 3556 1268 ποι.
3590 1212 3795 1269 Horat.
3830 1212 3879 1276 4,

2220 1303 2350 1357 Car.
2385 1299 2450 1355 Ο.
2483 1300 2538 1355 4.

2366 1408 2549 1462 Fortes
2580 1413 2843 1462 creantur
2869 1408 3127 1478 fortibus,
3159 1410 3209 1464 et
3239 1407 3396 1464 bonis

2365 1478 2456 1534 Est
2486 1479 2543 1532 in
2576 1478 2839 1546 iuvencis,
2868 1487 2953 1533 est
2981 1480 3037 1533 in
3068 1480 3218 1551 equis
3244 1489 3473 1551 patrum

2445 1551 2622 1623 [’irtus
2650 1568 2672 1604 :
2700 1567 2804 1604 nec
2833 1550 3335 1623 imbellemferoces

2437 1622 2820 1691 Progenerant
2849 1624 3048 1694 aquila
3070 1623 3398 1678 columbam.

2295 1733 2443 1790 Ibid.
2502 1739 2545 1792 C
2589 1736 2643 1791 8.
2698 1732 3017 1798 Συντελιίας
3072 1740 3175 1791 τοῦ
3231 1736 3432 1799 παντὸς
3487 1737 3869 1811 παραπέμπει.

2220 1821 2380 1879 Alter
2409 1824 2662 1882 Basilius
2703 1825 2981 1883 Seleucia
3029 1827 3233 1899 episc.,
3266 1827 3328 1882 in
3360 1826 3642 1883 Prommio
3674 1831 3773 1884 Or.
3806 1826 3879 1889 εἷς

2221 1912 2287 1965 τὰ
2316 1908 2582 1985 Ὀλύμπ.,
2614 1918 2694 1984 τῷ
2725 1915 3105 1987 παραπέμπειν
3138 1917 3387 1989 figurate
3436 1933 3583 1974 usus
3632 1922 3751 1987 est,
3783 1916 3879 1972 ubi

2222 2000 2450 2069 scribit,
2484 1995 2716 2076 φοϐερὸς
2750 1999 2808 2057 δὲ
2837 2002 3038 2079 χρόνος
3070 2008 3147 2075 τῷ
3180 2001 3500 2075 λεληθότως
3529 2004 3629 2066 τὰς
3654 2009 3767 2059 τῶν
3805 2006 3884 2080 βε-

2224 2082 2513 2161 ϐιωμένων
2546 2093 2929 2165 παραπέμπειν
2960 2092 3202 2157 εὐθύνας.

2294 2178 2415 2234 Col.
2478 2180 2580 2234 193
2636 2188 2679 2235 Α
2741 2182 2795 2236 8.
2846 2185 2963 2235 Τῶν
3023 2179 3237 2257 ἀλόγων
3296 2178 3759 2255 ἀπολειπόμενοι.
3820 2189 3880 2240 Β.

2222 2272 2469 2339 August.
2508 2271 2571 2325 in
2625 2274 2767 2341 psal.
2818 2288 2992 2327 xcvm
3024 2288 3038 2328 :
3078 2274 3305 2328 idoneus
3350 2282 3430 2329 est
3470 2274 3631 2329 homo
3660 2275 3736 2328 ad
3766 2275 3882 2329 vul-

2219 2360 2533 2413 nerandum
2586 2375 2677 2423 se;
2706 2361 2963 2432 nunquid
3019 2361 3249 2417 idoneus
3305 2370 3384 2418 est
3427 2362 3507 2418 ad
3559 2362 3881 2419 sanandum

2219 2462 2277 2501 se
2296 2446 2323 2501 ?
2355 2452 2467 2502 etc.

2293 2534 2632 2591 Ibid.Bﬂ.
2672 2541 2931 2612 Χερσαῖον
2992 2536 3172 2613 ἐχῖνον
3231 2536 3385 2613 ἐτήρ.
3444 2541 3605 2597 Idem
3666 2542 3872 2613 Georg.

2218 2624 2424 2692 Pisid.,
2456 2624 2515 2680 in
2550 2626 2839 2696 Cosmurg.
2871 2627 2942 2681 de
2976 2642 3144 2683 mure
3176 2644 3348 2697 caeco,
3383 2629 3869 2697 omnivoto,vers.

2219 2713 2357 2769 1129
2385 2718 2439 2769 et
2465 2730 2613 2786 seq.,
2641 2732 2787 2785 quos
2814 2715 3003 2771 obiter
3032 2717 3504 2786 emendahimus,

2287 2822 2787 2905 Ilo‘ioqnbtflioﬁou
2822 2832 3232 2905 μαντικωτᾴτου
3248 2828 3486 2905 Δτρίπους

2284 2900 2383 2978 '_I‘_ov
2418 2903 2519 2978 μζξν
2556 2896 2795 2978 ᾅιδέσκει
2823 2896 2916 2955 τὸν
2941 2900 3177 2978 τυφλὸν,
3208 2896 3306 2978 cva
3334 2904 3651 2978 παμφάγον,

2287 2966 2515 3049 Ένιτοῖς
2557 2966 2904 3049 λαϐυρίνθοις
2937 2966 3065 3028 ὄντα
3089 2966 3195 3029 τῶν
3227 2966 3577 3049 ὀρυγμᾶτ’ων’,

2283 3041 2553 3121 φράττων.
2577 3044 2681 3121 πρὸ
2703 3041 3032 3121 ’καιροῦᾲτῆς
3066 3041 3377 3121 {opacam-ii
3403 3047 3729 3121 πνευμάτων

2281 3114 2729 3189 Τὰς-ἀντιᾳλόξους
2759 3114 2867 3170 τῶν
2897 3116 3051 3171 ὀπῶν
3077 3114 3380 3189 διεξόδους,

2282 3185 2495 3249 νΑλλας
2524 3184 2581 3241 δὲ
2610 3184 2788 3242 ποιεῖν
2820 3184 3241 3259 ἁντισυνθὲτους,
3276 3184 3413 3259 ὅπου

2278 3260 2356 3315 Τὸ
2387 3263 2557 3334 χῶμα
2583 3266 2683 3329 τῆς
2706 3265 2807 3332 γῆς
2836 3260 2932 3323 τὰς
2956 3261 3126 3322 πνοὰς
3153 3255 3460 3337 ἀποκρύόοι
3483 3277 3497 3328 ;

2205 3375 2329 3431 Lat.
2362 3375 2753 3448 Metapbrasis
2783 3394 2818 3433 a
2848 3378 3018 3434 nobis
3047 3377 3347 3450 recognita
3376 3376 3463 3433 sic
3493 3377 3693 3449 habet,

2344 3490 2511 3562 ρίανί
2536 3490 2703 3562 tripes
2732 3491 2853 3562 quis
2870 3490 3135 3561 fatidicus
3162 3490 3455 3562 Apollinis,

2344 3560 2549 3616 Murem
2580 3560 2913 3629 helluonem,
2943 3560 3248 3618 luminibus
3276 3560 3472 3619 orbum
3499 3562 3706 3631 edocet,

2345 3632 2479 3688 Cum
2510 3633 2671 3688 latuit
2697 3635 2757 3688 in
2787 3634 3151 3704 labyrinthiis
3176 3634 3469 3700 meatibus,

2343 3704 2655 3769 Occludere,
2688 3707 2988 3775 antequam
3014 3707 3199 3760 irruat
3226 3709 3377 3761 venti
3405 3708 3671 3775 impetus,

2339 3777 2695 3831 Foraminum
2721 3777 2917 3831 cubitis
2945 3780 3198 3846 opposita
3226 3779 3363 3842 vias,

2339 3848 2607 3918 Aliasque
2634 3861 2954 3904 construere
2981 3849 3192 3905 scrobes
3220 3848 3549 3918 contrarias,

2344 3920 2585 3975 Telluris
2612 3935 2784 3991 agger
2810 3921 3056 3975 stamina
3088 3929 3148 3976 ut
3177 3918 3461 3976 coerceat?

2266 4035 2589 4101 Aristotel.,
2620 4033 2725 4089 lib.
2758 4052 2816 4091 ιχ
2862 4037 3012 4092 Hist.
3059 4054 3179 4101 an.,
3215 4036 3684 4110 Theophrastus,
3717 4035 3848 4108 Περὶ

2196 4120 2460 4195 σημείων,
2495 4123 2813 4193 Plutarch.,
2864 4124 2938 4180 De
2992 4125 3227 4181 solertia
3264 4128 3442 4181 anim.
3498 4127 3558 4182 in
3611 4125 3849 4183 nomine

2195 4210 2385 4286 ἐχίνου
2432 4208 2691 4286 χερσαίου
2748 4210 3021 4281 ἆκανΟίου,
3055 4216 3475 4284 consentiunt;
3510 4215 3701 4272 Latini
3731 4215 3846 4271 eri-

2195 4318 2437 4358 naceum
2473 4299 2771 4374 appellant
2801 4318 2814 4356 :
2847 4301 2997 4358 Gali.
3039 4303 3309 4359 lterisson.

2267 4390 2411 4447 Ibid.
2447 4394 2509 4447 C.
2571 4390 2625 4446 8.
2688 4389 2832 4464 Πρὸς
2888 4389 2951 4444 τὸ
3011 4386 3319 4465 ὑπόδειγμα
3374 4394 3471 4445 τοῦ
3530 4392 3847 4468 μύρμηκος.

2196 4481 2257 4535 Β.
2283 4483 2451 4535 Joan.
2483 4478 2810 4551 Cbrysost.,
2840 4496 2859 4534 ι
2888 4481 2947 4534 in
2987 4479 3117 4536 Gen.
3158 4480 3223 4534 οὐ
3280 4486 3512 4549 συνῆκας
3569 4485 3689 4543 πῶς
3747 4483 3847 4551 τήν

2189 4572 2286 4623 τοῦ
2364 4566 2654 4642 μύρμηκος
2712 4564 3036 4644 φιλοπονίαν
3099 4568 3452 4644 ὑποθέμενος,
3513 4569 3591 4634 εἰς
3647 4568 3845 4626 ἄοκνον
3938 4619 3947 4626 .

2190 4660 2352 4731 ἡμῶν
2383 4655 2688 4733 προθυμίαν
2721 4653 3168 4731 ἐπαιδαγώγησεν
3180 4701 3193 4714 .

2264 4747 2385 4805 Col.
2424 4747 2526 4801 196
2579 4747 2627 4802 Α
2672 4747 2723 4801 1.
2754 4749 2880 4807 Ταῖς
2941 4745 3133 4801 ἑαυτοῦ
3191 4743 3401 4821 χηλαῖς
3460 4751 3568 4801 τῶν
3621 4753 3850 4823 καρπῶν

2191 4836 2253 4891 τὸ
2288 4855 2403 4908 μεσ.
2438 4834 2585 4900 Quid
2618 4836 2669 4890 si
2700 4834 2861 4907 legas
2889 4839 2996 4889 τῶν
3029 4834 3288 4892 κόκκωνῖ
3319 4837 3523 4893 Nonne
3569 4832 3850 4892 εἷδικώτε-

2195 4945 2287 4999 ρον
2318 4924 2409 4979 καὶ
2469 4919 2922 4999 ίδιοτροπώτερον
2982 4925 3096 4981 erit
3146 4925 3632 4984 formicis?Sane
3690 4928 3850 4986 idem

2194 5015 2402 5086 Georg.
2433 5013 2577 5083 Pis.,
2609 5030 2775 5069 versu
2813 5014 2971 5083 1187,
3005 5011 3094 5067 τὸν
3138 5013 3336 5069 κόκκον
3387 5032 3679 5089 usurpare
3720 5034 3855 5073 ma-

2194 5104 2326 5174 luit,
2360 5102 2458 5159 ubi
2493 5102 2563 5158 de
2594 5102 2794 5158 eadem
2832 5101 3077 5158 formica
3103 5103 3187 5158 ait
3219 5119 3232 5160 :

2339 5205 2576 5283 Πρόελβε
2611 5205 2831 5283 μύρμηξ
2861 5204 3225 5283 σιτοκλὲπτης
3265 5206 3523 5283 ἐργάτης,

2335 5276 2434 5336 Tbv
2466 5276 2661 5335 κόκκον
2688 5276 3009 5355 ἦμίτμςητον
3040 5276 3304 5355 ἐγκλείων
3331 5276 3505 5355 κατὰ),

2337 5355 2519 5425 Μήπω
2549 5349 2772 5425 νοτισθῇ
2804 5349 2891 5425 καὶ
2924 5349 3220 5425 σαπῇτριῖς
3255 5350 3471 5425 ΐκμάσι,

2335 5420 2435 5480 Καὶ
2466 5420 2764 5501 φθαρτικὴν
2792 5420 3030 5487 κάτωθεν
3047 5420 3265 5497 ’ἀνθήσῃ
3299 5420 3481 5497 χλόην

2334 5532 2583 5591 Accedite
2615 5531 2987 5603 hucformica
3021 5532 3296 5601 frumenti
3324 5547 3521 5603 rapax,

2340 5605 2642 5676 Operaria,
2679 5602 3008 5659 abscondens
3035 5604 3191 5659 humi
3216 5602 3400 5676 grana
3423 5606 3485 5659 in
