4138 6216
257 269 398 328 1129

1825 266 1874 324 Ν
1881 265 2080 326 ΟΤᾹΞ.

3488 269 3648 334 1130

378 401 612 468 Partito,
643 413 716 453 ne
741 415 904 470 quam
934 399 1206 470 uliginem
1231 403 1330 455 aut
1366 407 1571 455 cartem
1618 397 1874 465 trahant,
1907 399 1960 464 Α
1992 397 2142 464 titia,
2173 397 2506 470 accipiunt;
2542 401 2608 453 ut
2636 400 2693 453 et
2721 397 3081 470 Apollinaris
3109 398 3170 454 in
3199 398 3438 459 hernica
3465 403 3650 460 Mela.

362 481 490 544 ~Aut
517 489 752 544 noxium
781 504 815 542 a
847 487 1034 542 radice
1061 503 1290 558 gramen
1317 486 1576 558 pullulet,
1608 492 1720 542 etc.

255 576 539 648 Quidquid
573 577 672 647 sit,
716 575 958 632 Flaccus
986 575 1336 650 γενικώτερον
1367 576 1514 632 dixit
1561 576 1631 632 de
1676 576 1880 631 eadem

253 666 504 730 formica,

250 753 342 809 Ore
387 752 561 808 trahit
599 751 957 824 quodcunque
1013 757 1203 823 potest,
1253 758 1418 825 atque
1471 752 1623 808 addit
1669 767 1879 807 acervo.

310 843 438 897 Mox
461 857 637 913 quam
661 841 915 897 Basilius
933 845 1101 896 vocat
1120 837 1336 910 εὐδινὴν
1363 841 1516 914 ἀέρος
1539 840 1880 908 κατάστασιν,

250 931 334 987 hic
360 930 828 1002 Iambographus
868 927 1075 1004 αἰθρίαν
1124 929 1478 1003 πεπηγμένην
1525 930 1666 985 scite
1715 929 1879 984 dixit.

249 1020 518 1074 Ceterum
560 1024 774 1074 Aratus
806 1019 958 1074 inter
986 1023 1207 1089 σημεῖα,
1241 1020 1432 1090 signa,
1464 1024 1522 1074 et
1549 1037 1884 1092 προγνωστι-

248 1104 327 1172 na",
361 1107 510 1161 hanc
543 1107 920 1161 formicarum
953 1113 1182 1162 cautam
1205 1105 1558 1180 προαίσθησιν
1592 1107 1756 1178 prius
1786 1106 1883 1161 ob-

248 1202 495 1250 servarat
524 1195 582 1248 in
615 1193 1000 1264 Φαινομένοις.

384 1283 452 1337 Ἢ
481 1279 678 1350 κοίλης
716 1280 998 1355 μύρμηκες
1027 1279 1163 1346 ὀπῆς
1279 1275 1387 1336 ὤεα
1416 1282 1588 1335 πάντα

378 1376 583 1425 Θᾰσσον
615 1369 999 1443 ἀνηνέγκαντο.

245 1467 388 1526 Quos
418 1478 624 1518 versus
654 1461 908 1516 laudans
933 1459 1326 1525 Plutarcb.,in
1358 1457 1590 1529 Dialogo
1621 1459 1695 1512 De
1719 1458 1884 1513 soler-

243 1553 323 1608 tia
351 1552 554 1615 anim.,
592 1553 760 1604 notat
788 1547 1104 1604 nonnullos
1147 1564 1262 1602 non
1295 1541 1402 1599 ὤεα
1449 1547 1722 1614 scribere,
1755 1562 1882 1616 qua:

245 1656 343 1695 ova
390 1639 723 1710 designant,
755 1637 858 1692 sed
907 1632 1024 1706 ἤϊα,
1059 1652 1266 1705 nempe
1315 1631 1702 1704 ἀποκειμένους
1750 1653 1880 1707 καρ-

245 1726 395 1797 πούς,
425 1727 671 1782 conditas
701 1729 910 1796 fruges,
938 1741 1054 1795 quo
1085 1724 1261 1780 etiam
1306 1722 1430 1777 loco
1463 1722 1660 1777 Basilii
1715 1722 1881 1778 lectio
1915 1753 1959 1817 Β

247 1819 530 1872 ﬁrmatur.

311 1904 407 1960 Col
459 1904 564 1958 197
616 1903 657 1959 C
703 1903 758 1957 5.
793 1902 944 1973 Lego
993 1896 1146 1954 οὔπω
1182 1899 1250 1952 τὰ
1304 1896 1500 1972 κέρατα
1545 1902 1624 1970 τῷ
1659 1899 1874 1973 μόσχῳ,

251 2011 312 2050 ex
358 1993 603 2047 Philone
658 1991 826 2046 llebr.
861 2006 976 2045 non
1025 1987 1228 2060 procul
1285 1988 1356 2043 ab
1413 1987 1582 2043 initio
1612 1987 1713 2044 lib.
1747 1987 1876 2060 Περὶ

155 2140 162 2146 ,
243 2085 340 2135 τῶν
377 2077 924 2152 μετονομαζομένων.
957 2078 1119 2132 Ovid.
1149 2077 1208 2130 in
1241 2075 1580 2131 Halieuticis
1613 2093 1627 2131 :

379 2171 596 2240 Accepit
625 2169 869 2223 mundus
901 2167 1092 2236 legem,
1115 2164 1262 2221 dedit
1290 2181 1448 2218 arma
1474 2180 1576 2231 per
1602 2179 1804 2232 omnes,

379 2257 780 2328 Admonuitque
797 2257 888 2311 sui
915 2274 936 2311 :
965 2254 1170 2309 vitulus
1197 2255 1280 2308 sic
1307 2269 1541 2325 namque
1564 2253 1774 2307 minari

379 2347 487 2415 Qui
517 2348 762 2402 nondum
790 2345 932 2414 gerit
979 2345 1035 2398 in
1085 2352 1269 2398 tenera
1291 2343 1414 2413 jam
1444 2357 1650 2398 cornua
1675 2344 1875 2412 fronte.

309 2436 452 2491 Ibid.
503 2437 545 2491 C
594 2436 648 2488 1.
701 2431 894 2508 Σοφοὶ,
933 2432 1027 2492 τὰς
1088 2434 1194 2484 τῶν
1240 2426 1468 2503 συλλογ.
1527 2427 1878 2485 Plutarchus

241 2527 295 2580 in
327 2524 556 2594 Dialogo
584 2523 821 2578 laudato
842 2520 1134 2576 ccncisius
1163 2520 1314 2575 hanc
1343 2521 1504 2574 canis
1532 2516 1877 2594 συλλογιστι-

237 2613 336 2680 κήν
370 2608 594 2682 δύναμιν
628 2615 840 2665 tractat
864 2609 956 2664 bis
983 2599 1199 2673 verbis,
1231 2624 1359 2678 quas
1392 2607 1702 2663 Basilianis
1757 2607 1878 2679 col-

236 2702 351 2757 lata
373 2700 668 2771 juvabunt
698 2715 712 2753 :
747 2697 814 2754 Οἱ
841 2692 1173 2750 διαλεκτικοί
1203 2715 1330 2769 φασι
1361 2695 1452 2748 τὸν
1484 2693 1618 2749 κύνα
1661 2699 1741 2766 τῷ
1790 2691 1878 2748 διὰ

235 2786 506 2843 πλειόνων
540 2783 900 2859 διεζευγμένῳ
956 2783 1242 2858 χρώμενον
1293 2782 1344 2837 ἓν
1386 2788 1503 2844 ταῖς
1548 2779 1878 2857 πολυσχιδὲς

240 2899 319 2931 σιν
350 2877 612 2950 ἀτράποις
645 2872 1061 2947 συλλογίζεσθαι
1108 2871 1242 2945 πρὸς
1275 2871 1484 2926 ἑαυτόν·
1512 2873 1668 2927 Ἤτοι
1716 2868 1878 2941 τήνδε

237 2967 297 3020 τὸ
349 2964 542 3038 θηρίον
603 2963 880 3036 ὥρμηκεν,
941 2959 976 3028 ἢ
1030 2956 1214 3030 τήνδε,
1247 2959 1283 3027 ἢ
1329 2956 1513 3028 τήνδε·
1573 2956 1720 3014 ἀλλᾶ
1769 2960 1876 3032 μὴν

243 3051 366 3109 οὕτε
395 3049 579 3124 τήνδε,
613 3047 737 3104 οὕτε
763 3045 940 3118 τήνδε·
963 3043 1127 3118 τήνδε
1154 3045 1350 3102 λοιπόν
1383 3045 1503 3120 ἄρα.

307 3143 431 3200 Col.
463 3143 570 3196 200
625 3144 666 3196 C
721 3140 772 3194 1.
805 3139 1092 3211 Ἔνυστρα.
1124 3137 1255 3192 Hinc
1313 3153 1421 3192 vox
1459 3138 1684 3206 majora
1729 3136 1877 3191 inte-

243 3233 404 3288 stina
433 3229 703 3301 designat
730 3227 884 3298 apud
917 3225 1118 3281 Galen.
1153 3223 1284 3280 Alia
1312 3231 1471 3291 sunt,
1503 3222 1721 3300 ἔλυτρα,
1754 3242 1883 3296 quae

243 3320 422 3376 dictio
453 3317 626 3388 Hipp.
658 3311 1023 3388 κεκρυφάλοις
1082 3313 1411 3384 respondet,
1445 3319 1502 3368 et
1551 3315 1884 3370 communis

241 3406 579 3465 oratoribus
607 3409 698 3459 est
730 3419 863 3458 cum
920 3401 1128 3472 poetis.
1158 3401 1244 3456 .lo.
1277 3401 1509 3457 'l‘zelzes
1549 3402 1711 3458 initio
1751 3419 1885 3474 poe-

246 3497 425 3550 matis
457 3500 533 3550 Dc
563 3493 845 3560 allegoriis
898 3507 1102 3546 recens
1147 3491 1339 3545 Graece
1387 3495 1444 3545 et
1491 3491 1612 3545 Lat.
1646 3508 1680 3546 a
1719 3491 1886 3546 nobis

240 3583 407 3645 editi,

385 3665 626 3742 Ἔλυτρα
653 3669 818 3719 ταῦτα
844 3668 952 3718 τῶν
980 3667 1202 3741 γραφῶν
1233 3663 1552 3726 τεθεικότες.

391 3763 529 3814 llaec
561 3757 853 3811 involucra
881 3754 1203 3824 scriptionis
1233 3755 1329 3824 qui
1357 3758 1568 3808 notant.

312 3847 438 3904 Col.
483 3845 590 3900 204
634 3847 680 3900 Α
725 3846 778 3898 8.
827 3843 989 3917 Ὁρᾷς
1039 3840 1124 3895 ὅτι
1172 3841 1629 3916 φρυγανιζομίνῳ
1678 3844 1757 3910 τῷ
1810 3846 1880 3898 ll.

247 3941 322 3990 Ex
374 3941 562 3989 Actor.
611 3931 861 4003 apostol.
911 3948 1040 4002 cap.
1089 3930 1202 3986 28:
1240 3928 1643 4002 Συστρὲψαντος
1704 3925 1762 3982 δὲ
1795 3932 1892 3982 τοῦ

241 4021 470 4078 Παύλου
531 4019 812 4097 φρυγάνων
869 4016 1104 4088 πλῆθος,
1161 4016 1252 4070 καὶ
1310 4014 1586 4079 ἐπιθέντος
1658 4016 1741 4071 ἐπὶ
1792 4018 1890 4085 τήν

238 4110 446 4184 πυράν.
480 4108 657 4164 Vides
689 4111 975 4180 quantam
1005 4107 1123 4162 vim
1167 4113 1224 4162 et
1266 4101 1494 4179 ἔμφασιν
1541 4104 1634 4161 hic
1683 4106 1896 4162 habeat

236 4200 306 4254 τὸ
342 4195 784 4273 φρυγανίζεσθαι,
819 4198 973 4266 quod
1002 4200 1087 4251 tot
1117 4194 1306 4249 verbis
1337 4198 1400 4248 Β.
1438 4191 1620 4249 Lucas
1665 4211 1897 4266 expres-

247 4290 369 4343 sii?

325 4376 476 4430 Ibid.
513 4378 552 4427 Β
605 4374 661 4426 7.
722 4371 1066 4444 Ἐπιγνῶναι.
1101 4367 1177 4426 Οὐ
1233 4369 1333 4443 γὰρ
1394 4369 1558 4440 μόνον
1618 4367 1900 4445 ὀφθαλμὸς

238 4464 316 4518 τά
366 4461 470 4534 ἔξω
520 4459 762 4535 βλὲπων,
790 4459 836 4516 ὲ.
873 4460 1030 4514 ldem
1079 4459 1259 4514 tradit
1304 4459 1466 4514 Philo
1516 4459 1663 4514 libro
1695 4459 1894 4514 lauda-
1932 4453 1976 4514 1)

241 4564 329 4609 to.
366 4551 525 4623 quod
559 4567 692 4605 mox
723 4547 1059 4619 subjicitur,
1089 4546 1116 4599 ὁ
1149 4549 1272 4605 νοῦς
1323 4545 1504 4616 ὀξέως,
1533 4547 1595 4600 τὸ
1643 4544 1894 4619 ἀλλότρ..

240 4643 323 4696 ub
361 4639 599 4696 Horatio
631 4641 1112 4708 representatum
1145 4641 1235 4690 est
1264 4634 1356 4690 bis
1388 4651 1538 4689 vers.
1576 4651 1590 4690 :

394 4750 535 4804 Cum
565 4751 667 4799 tua
696 4741 988 4814 pervideas
1019 4741 1192 4796 oculis
1239 4741 1384 4796 male
1423 4741 1602 4812 lippus
1633 4743 1724 4796 inn
1739 4745 1904 4809 netis,

404 4836 515 4890 Cur
545 4835 605 4888 in
635 4834 941 4887 aiuicorum
970 4831 1121 4884 vitiis
1161 4837 1273 4884 tam
1310 4831 1487 4884 cernis
1517 4833 1765 4900 acutum,

399 4928 583 4994 Quam
617 4925 711 4975 aut
745 4920 933 4993 aquila
963 4924 1061 4973 aut
1089 4934 1306 4986 serpens
1336 4918 1714 4989 Epidaurius?

247 5035 317 5090 ln
352 5031 484 5087 Lat.
513 5027 776 5083 versione
810 5025 928 5080 huic
959 5024 1225 5090 emenda,
1245 5024 1404 5078 larda
1427 5033 1502 5079 est
1531 5033 1580 5078 et
1606 5027 1913 5080 ιιιιηιῖιαιίον

247 5121 328 5176 ad
358 5136 471 5176 om.

333 5208 486 5262 Ibid.
535 5209 578 5261 C
626 5205 680 5259 3.
733 5202 926 5274 Ἐμοῢ,
982 5193 1280 5265 τουτέστιν,
1338 5196 1568 5270 ἐμαυτὸν
1609 5205 1744 5256 κατ’.
1806 5202 1913 5255 Ea.

249 5298 399 5352 dem
434 5292 768 5364 explanatio
800 5292 978 5363 hujus
1010 5289 1215 5344 versic.
1248 5290 1298 5343 6.
1334 5304 1364 5343 e
1401 5287 1612 5359 psalm.
1644 5307 1912 5356 cxxxvui,

249 5384 559 5456 repetitur
611 5381 684 5436 ab
741 5385 975 5436 auctore
1013 5383 1233 5442 nostro,
1271 5393 1432 5431 romo
1487 5379 1554 5443 ll,
1585 5377 1754 5450 epist.
1788 5379 1912 5436 393.

249 5473 324 5529 B.
359 5469 1004 5541 Joan.Cbrysostomus
1035 5471 1091 5520 et
1121 5465 1395 5531 Rabbini,
1429 5466 1500 5520 de
1530 5465 1809 5534 mirabili,
1831 5487 1919 5524 ar-

246 5565 386 5618 dua
425 5578 494 5616 ac
543 5557 872 5630 perdillicili
923 5557 1019 5609 τοῦ
1073 5553 1268 5629 βάθους
1299 5555 1398 5621 τῆς
1444 5555 1764 5628 θεογνωσίας
1814 5576 1914 5615 no-

581 5685 839 5745 PATHUL.
889 5686 998 5746 Gn.
1048 5682 1234 5743 XXX.

1910 3096 1952 3161 C

1991 486 2213 556 phrasi,

1990 573 2181 645 Θαῦμά
2214 595 2253 645 μ
2276 571 2390 647 ἔχει
2423 571 2505 628 ὅτι
2537 577 2649 628 σεῖο
2674 575 3078 649 περιφρασομαι
3111 575 3266 650 φρεσὶ
3301 582 3491 651 μῆτιν,

1991 658 2134 717 Οὐδὲ
2163 661 2274 734 νόῳ
2306 659 2535 734 δύναμαι
2558 663 2940 737 κρατερώτατα
2972 661 3182 717 πολλὸν
3218 664 3463 739 ὁρᾶσθαι.

2063 751 2186 806 Ibid
2240 752 2281 806 C
2336 753 2390 805 6.
2451 754 2563 805 Ηοῦ
2617 771 2710 822 μοι
2771 751 2798 804 ὁ
2847 747 3129 820 Ἰουδαῖος,
3191 750 3248 813 ὅς
3304 752 3356 806 ἐν
3409 774 3462 810 τ.
3513 775 3637 812 κατ.

1991 839 2137 903 Quid
2171 839 2220 895 si
2248 839 2410 911 legas
2447 837 2618 908 ὅπου;
2652 840 2865 911 Ecquis
2920 840 3016 896 hic
3071 842 3306 897 Judaaus
3342 841 3354 896 !
3404 846 3491 900 An
3524 864 3641 898 κατ

1990 923 2209 1000 ἐξοχήν,
2242 926 2406 982 Philo
2441 927 2736 995 Hebraeus,
2771 926 2799 980 ὁ
2829 926 2968 980 πάνυ
2997 930 3104 981 τῶν
3137 925 3476 1004 ἐλλογίμων,
3520 930 3639 986 ele-

1989 1013 2621 1086 εοηιὶεε.Κοσμοποιίας
2651 1015 2901 1087 scriptor
2920 1017 2948 1071 ’ἶ
2980 1017 3468 1088 Neutiquam,seu
3498 1035 3638 1090 gen-

1990 1104 2066 1158 tis
2094 1103 2480 1178 ’χριστομοὶχου
2517 1121 2761 1159 nomen:
2799 1105 2952 1159 unde
2980 1104 3152 1175 paulo
3180 1111 3314 1176 post
3339 1108 3631 1178 sequitur,

1988 1198 2223 1266 ἀκούεις,
2255 1198 2299 1252 ὦ
2327 1201 2714 1275 χριστομάχες
2749 1219 2864 1257 non
2905 1202 3068 1258 video
3099 1219 3204 1257 cur
3251 1208 3540 1276 interpres
3569 1202 3634 1258 τὸ

1989 1286 2040 1340 ἐν
2073 1292 2188 1349 τοῖς
2221 1287 2446 1342 κατόπιν
2479 1291 2552 1345 ad
2584 1291 2880 1346 antedicta
2910 1291 3529 1363 referat,potiusquam
3560 1293 3634 1348 ad

1991 1377 2259 1432 debentia
2297 1378 2432 1449 dici,
2467 1384 2532 1433 ut
2587 1379 2850 1450 loquitur
2879 1381 3152 1434 Flaccus:
3203 1380 3404 1450 utique
3427 1381 3633 1436 eadem

1991 1465 2190 1537 phrasi
2223 1466 2376 1521 intra
2403 1467 2628 1534 scribit,
2669 1467 2842 1520 πάντα
2879 1465 3102 1520 κατόπιν
3138 1486 3233 1520 σου
3265 1467 3488 1540 γίνεται.

2062 1552 2182 1608 Col.
2213 1554 2321 1608 205
2375 1553 2417 1609 C
2461 1554 2515 1607 9.
2571 1553 2710 1616 Νέας
2755 1574 2808 1609 κ.
2861 1553 2889 1606 ὁ
2936 1555 3025 1607 τὸν
3065 1551 3404 1627 Ἰουδαϊσμὸν
3435 1549 3630 1629 πρεσϐ.

1991 1637 2043 1694 ἐν
2077 1658 2171 1714 χρ.
2204 1641 2589 1714 προσποιήσει.
2644 1641 2739 1697 Sic
2795 1642 3046 1698 Basilius
3099 1643 3323 1698 Selene.
3356 1644 3536 1716 episc.
3571 1643 3632 1700 in

1989 1728 2228 1784 laudata
2255 1745 2418 1784 conc.
2453 1726 2529 1789 εἷς
2559 1727 2625 1782 τὰ
2678 1726 2878 1800 Ὀλύμ.
2939 1729 3160 1800 Olymp.
3200 1730 3498 1804 πανήγυριν
3530 1747 3632 1786 vo-

1987 1824 2082 1872 cat
2121 1813 2496 1889 Ἑλληνισμὸν
2545 1815 2970 1890 Χριστιανισμοῦ
3019 1816 3350 1889 προσωπείῳ
3394 1815 3630 1872 κουπτό-

1991 1924 2082 1976 μεν
2091 1924 2147 1958 ον
2158 1945 2171 1960 .

2273 2009 2346 2048 AD
2382 2009 2646 2048 EJUSDEM
2683 2008 2968 2048 ΗΟΜΠᾸΑΜ
3008 2008 3068 2047 IN
3112 2009 3271 2048 PBAL.
3313 2009 3332 2047 ι

2055 2080 2176 2136 Col.
2208 2082 2314 2135 212
2342 2085 2390 2136 A
2422 2083 2472 2136 1.
2502 2086 2666 2151 ’Ίαμα
2712 2079 2841 2154 γὰρ,
2883 2078 3038 2155 φησὶ,
3085 2099 3280 2136 καταπ.
3315 2080 3476 2136 Vers.
3506 2085 3632 2136 ter-

1986 2169 2105 2224 tius
2161 2169 2493 2224 Ecclesiast.
2553 2168 2774 2224 Salom.
2835 2185 2962 2240 cap.
3021 2184 3078 2234 κ,
3123 2168 3206 2222 sic
3238 2168 3447 2223 habet:
3507 2167 3632 2224 Ἐὰν

1985 2260 2197 2329 πνεῦμα
2247 2257 2648 2328 ὲξουσιάζοντος
2706 2250 2881 2328 ἀναϐῇ
2941 2254 3028 2310 ἐπὶ
3081 2255 3160 2326 σὶ,
3212 2253 3380 2309 τόπον
3425 2275 3520 2309 σου
3551 2255 3628 2328 μὴ

1989 2345 2152 2422 ἀφῇς,
2185 2344 2268 2400 ὅτι
2293 2342 2435 2416 ’ἱαμα
2463 2343 2793 2399 καταπαύσει
2823 2345 3090 2417 ἁμαρτίας
3123 2341 3380 2418 μεγάλας.

2060 2436 2206 2506 Ibip.
2242 2440 2286 2488 Β
2329 2437 2383 2489 5.
2433 2439 2540 2502 Τῆς
2592 2430 2890 2504 μελῳδίας.
2942 2433 3305 2489 Themistius
3340 2433 3400 2488 in
3431 2432 3630 2488 exord.

1989 2529 2134 2580 orat.
2156 2541 2235 2580 vu
2259 2524 2416 2579 hunc
2438 2522 2779 2595 psalmodiis
2805 2526 3295 2578 Dav.concentum
3316 2529 3480 2576 vocat
3499 2519 3630 2575 Ἀσ-

1990 2611 2172 2685 σόριον
2211 2609 2401 2683 μὲλος,
2433 2609 2522 2664 καὶ
2584 2608 2644 2663 ἐκ
2699 2603 2953 2679 Λιϐάνου,
3011 2615 3069 2665 et
3105 2608 3434 2681 subjungit,
3492 2607 3635 2671 τινες

1987 2697 2253 2769 κηλοῦσιν
2311 2699 2450 2770 ὑμᾶς
2497 2701 2567 2770 τῇ
2619 2717 2678 2752 τε
2734 2695 2946 2752 οἴκοθεν
2974 2695 3227 2770 ἁρμονίᾳ.
3284 2696 3374 2750 καὶ
3419 2694 3489 2769 τῇ
3540 2693 3633 2750 Θύ-

1985 2789 2161 2859 ραθεν.
2195 2789 2310 2843 Alii
2367 2786 2604 2857 (inquit)
2662 2787 3028 2842 vernaculum
3059 2787 3223 2840 melos
3282 2785 3631 2856 (Pegaseium

1988 2877 2221 2932 Persius
2259 2878 2318 2930 in
2349 2875 2576 2946 Prolog.
2607 2879 2726 2930 Sat.
2760 2874 3060 2942 dixit),aliz
3091 2875 3385 2944 Assyrium
3410 2888 3636 2928 carnem

1988 2973 2034 3020 et
2068 2981 2140 3020 ex
2169 2966 2376 3021 Libano
2403 2966 2712 3036 profectum
2747 2967 3032 3028 xanentes,
3063 2978 3189 3017 cum
3217 2962 3515 3018 domestico
3544 2976 3635 3016 vos

1995 3061 2108 3110 tum
2131 3055 2425 3127 peregrino
2455 3061 2720 3108 concentu
2750 3051 3081 3107 demulcent.

2062 3143 2208 3198 lbid.
2242 3147 2285 3196 Β
2313 3143 2366 3196 8.
2420 3138 2570 3196 Κατὰ
2611 3136 2742 3200 τοὺς
2782 3135 2980 3214 σοφοὺς
3005 3139 3114 3190 τῶν
3149 3133 3368 3209 ἰατρῶν.
3403 3137 3631 3193 Lucret.

1993 3232 2032 3288 l.
2067 3249 2160 3288 1v:

2341 3320 2530 3391 pueris
2560 3317 2844 3373 absint/tia
2873 3319 3019 3372 tetra
3046 3314 3317 3371 medentes

2207 3409 2343 3464 Cum
2369 3408 2501 3463 dare
2529 3414 2820 3472 conantur,
2859 3406 3016 3476 prius
3045 3419 3174 3460 oras
3201 3403 3406 3471 pocula
3423 3403 3636 3459 circum

2209 3499 2548 3566 Contingunt
2575 3495 2762 3549 mellis
2791 3493 2942 3548 dulci
2970 3495 3218 3562 ﬂavoque
3245 3493 3476 3563 liquore.

1997 3605 2100 3659 llic
2135 3601 2314 3674 μὲλιτι
2344 3601 2442 3669 τήν
2475 3599 2674 3654 κύλικα
2703 3597 3098 3673 περιχρίουσιν.
3155 3597 3317 3654 Idem
3355 3595 3640 3652 Themist.

1997 3698 2144 3748 urat.
2177 3692 2380 3746 eodem
2413 3707 2426 3745 :
2458 3689 2598 3748 Τοὺς
2622 3685 2962 3763 σοφωτέρους
2993 3683 3258 3758 μιμητέον
3285 3687 3392 3737 τῶν
3420 3682 3642 3755 ἰατρῶν,

1999 3776 2144 3832 θ’ἰτά
2197 3775 2490 3850 πικρότερα
2545 3779 2651 3828 τῶν
2705 3773 3029 3850 φαρμάκων,
3083 3773 3268 3845 μίλιτι
3316 3773 3416 3840 τήν
3441 3769 3646 3825 κύλικα

1999 3863 2429 3939 περιχρίσαντες,
2461 3861 2635 3916 πίνειν
2667 3857 2900 3916 διδόασι.

2070 3953 2186 4008 Col.
2219 3954 2325 4008 213
2356 3956 2398 4005 Δ
2453 3951 2539 4006 11.
2599 3948 2841 4020 Μάθημα
2899 3945 2960 4000 οὐ
3014 3966 3074 4003 π.
3125 3965 3254 4020 παρ.
3304 3946 3368 3999 τὸ
3418 3941 3476 3999 δὶ
3511 3943 3648 4017 μετὰ

1997 4043 2236 4114 τέρψεως
2263 4039 2350 4094 καὶ
2383 4041 2609 4113 χάριτος
2644 4035 2744 4093 εἷ’σ.
2781 4037 2940 4093 Idem
2992 4035 3285 4108 Theognis
3330 4033 3471 4090 olim
3503 4050 3649 4106 prte-

2007 4134 2248 4187 cinerat.
3412 4122 3414 4124 ⁷

2266 4221 2542 4297 Τερπωλὴ
2575 4225 2698 4292 νικᾷ
2725 4221 2898 4275 πάντα
2927 4217 3020 4274 σὺν
3055 4217 3383 4294 εὐφροσύνη.

2011 4325 2094 4379 vel
2130 4323 2420 4395 parodice,
2453 4318 2546 4372 σὺν
2580 4315 2811 4395 ὠφελίῃ.

2082 4412 2230 4467 Ibid.
2266 4417 2308 4464 ι)
2337 4411 2391 4464 9.
2427 4409 2596 4482 Ὂπερ
2628 4407 2656 4460 ὁ
2689 4405 2942 4477 Θεμὲλιος
2974 4404 3025 4461 ἐν
3059 4405 3131 4462 οἱ.
3168 4405 3466 4461 Demosth.
3519 4404 3577 4460 in
3610 4420 3653 4459 ιι

2009 4498 2233 4570 Olynth.
2267 4503 2423 4568 (pag.
2454 4497 2585 4564 21):
2617 4493 2705 4554 Ὦς
2737 4491 2912 4555 οἰκίας
2939 4491 3028 4546 καὶ
3055 4489 3260 4545 πλοίου
3291 4488 3381 4544 καὶ
3408 4492 3516 4542 τῶν
3548 4486 3654 4542 ἄλ-

2011 4585 2122 4640 λων
2153 4589 2261 4638 τῶν
2291 4581 2554 4637 τοιούτων
2606 4584 2672 4635 τά
2707 4583 2944 4635 κάτωθεν
2978 4578 3310 4654 ἰσχυρότατα
3358 4578 3490 4632 εἶναι
3549 4574 3652 4633 δεῖ.

2013 4671 2268 4728 οὕτωκαὶ
2322 4675 2430 4724 τῶν
2476 4669 2718 4743 πράξεων
2764 4669 2859 4731 τὰς
2919 4668 3092 4744 ἀρχὰς
3135 4666 3224 4721 καὶ
3254 4665 3350 4729 τὰς
3379 4666 3653 4730 ὑποθέσεις

2015 4762 2240 4830 ἀληθεῖς
2277 4760 2366 4814 καὶ
2399 4757 2606 4819 δικαίας
2637 4759 2766 4812 εἶναι
2797 4759 3083 4829 προσήκει.

2085 4851 2204 4907 Col.
2236 4852 2344 4904 217
2377 4854 2418 4901 Δ
2448 4850 2504 4904 2.
2563 4843 2714 4911 Θῆλυ
2770 4845 2886 4899 ἐπο.
2939 4843 3024 4898 αὖ·
3077 4844 3150 4896 ὦν
3191 4839 3248 4896 δὲ
3277 4843 3313 4912 ἠ
3345 4840 3501 4920 φύσις
3537 4839 3658 4915 μία,

2015 4937 2164 4993 τούτ.
2199 4939 2361 4994 Plato
2409 4936 2447 4990 l.
2497 4953 2532 4992 v
2581 4938 2655 4992 De
2701 4952 2841 5006 rep.,
2881 4934 2981 4989 ubi
3013 4931 3218 4988 siatuit
3247 4932 3571 5004 generatim
3603 4934 3662 4987 et

2020 5025 2613 5103 ἀδιορίστωςθᾶωάοω
2643 5041 2772 5080 esse
2801 5023 3058 5078 virorum
3092 5026 3152 5077 et
3180 5019 3512 5090 mulierum,
3542 5035 3661 5075 non

2021 5117 2315 5172 diversam
2349 5118 2620 5170 naturam
2667 5109 2719 5164 ἐν
2751 5107 3013 5182 πολιτικῇ
3045 5105 3331 5178 διοικήσει,
3364 5124 3430 5164 ac
3461 5107 3662 5178 proin-

2021 5209 2092 5260 de
2117 5205 2391 5261 mulieres
2414 5203 2483 5257 ad
2518 5200 2704 5256 civilis
2734 5197 3265 5254 administrationis
3295 5211 3537 5250 munera
3567 5193 3666 5248 ad-

2023 5293 2176 5347 mitti
2207 5307 2340 5346 cum
2379 5289 2522 5344 viris
2569 5289 2816 5354 debere;
2867 5291 3090 5356 quanta
3130 5298 3265 5338 vero
3305 5281 3364 5335 id
3395 5280 3665 5336 cautione

2024 5379 2455 5436 admittendum
2503 5377 2602 5445 sit,
2632 5377 2797 5431 docet
2827 5372 3060 5429 Proclus
3079 5371 3138 5425 in
3169 5370 3562 5425 Commentar.
3590 5367 3663 5424 ad

2026 5469 2182 5524 hunc
2212 5467 2359 5522 Plat.
2389 5465 2493 5520 lib.

2096 5556 2218 5611 Col.
2248 5556 2354 5609 220
2387 5559 2426 5606 Α
2481 5556 2536 5608 7.
2598 5548 2865 5619 11ώλησον
2916 5567 2964 5604 σ.
3027 5545 3232 5602 Matth.
3278 5561 3412 5600 xxx:
3461 5545 3666 5617 Ὕπαγε

3309 5672 3388 5732 36
