4138 6216
451 245 602 305 1131

1793 241 2058 302 VARI/E
2097 239 2529 302 LECTIONES

3687 241 3851 301 1132

446 374 593 432 πὼλ.
627 373 962 449 ὑπάρχοντα,
996 375 1082 429 καὶ
1118 372 1168 431 δ.
1227 375 1358 430 Mox
1383 371 1474 427 καὶ
1514 372 1600 427 ἐάν
1651 391 1734 434 τις
1782 393 1829 428 σ.
1883 371 2085 428 Matth.
2119 374 2173 438 Α
2274 370 2418 426 Ibid.
2453 369 2494 424 C
2526 370 2608 425 13.
2643 365 2957 423 Δυναστείαν
2979 362 3473 442 περιϐεϐλημένον,
3495 367 3531 438 ἢ
3565 367 3646 433 to.
3680 372 3849 428 Idem

445 481 506 536 ν,
538 464 769 537 legitur,
804 461 856 518 ci’
876 483 958 525 τις
992 483 1048 516 σε
1077 462 1373 538 ἀγγαριόσῃ
1431 483 1490 534 μ.
1546 467 1608 516 Β.
1659 464 1852 534 Cypr.,
1907 462 2091 516 Simus

445 556 566 610 sine
593 554 825 624 angaria
869 553 1048 622 bajuti
1100 553 1298 607 crucis.
1356 550 1534 607 Paulo
1593 555 1745 623 post,
1807 549 1834 602 6
1894 547 2092 624 Κύριος

447 638 653 704 ἔνδοθέν
715 661 876 714 φησιν
941 639 1073 693 εἶναι
1127 639 1195 693 τὰ
1243 641 1534 693 κοινοῦντα
1584 658 1634 691 τ.
1707 640 1910 696 Matth.
1974 655 2089 694 xv:

446 728 509 782 τὸ
572 726 998 803 ἐκπορευόμενον
1045 725 1105 780 ἐκ
1157 730 1255 780 τοῦ
1314 727 1580 798 στόματος
1611 769 1625 794 ,
1701 730 1862 780 τοῦτο
1918 729 2095 780 κοινοῖ

447 817 538 871 τὸν
569 814 850 884 ἄνθρωπον
881 821 1177 887 Interpres
1208 817 1291 872 ita
1331 815 1524 888 vertit,
1583 832 1649 871 ac
1698 816 1748 872 si
1807 815 1951 870 illud
2010 808 2092 867 ἔν-

451 901 602 968 δοθεν
655 903 783 958 εἶναι
832 923 883 958 τ.
915 920 1083 960 verna
1114 903 1346 959 Domini
1377 907 1595 974 essent,
1657 919 1790 959 cum
1837 902 2093 959 Basilius

446 995 708 1049 oratione
729 991 967 1063 obliqua
997 1009 1142 1049 usus
1173 992 1489 1060 fuerit,non
1521 997 1716 1048 recta:
1747 991 1963 1048 rectius
1994 991 2096 1048 ita-

446 1098 559 1152 que
581 1085 923 1137 verteretur:
947 1081 1115 1136 Dom.
1135 1081 1216 1136 ait
1235 1083 1396 1136 intus
1417 1098 1546 1137 esse
1567 1097 1696 1152 quae
1713 1080 2097 1151 coinquinant

444 1169 764 1225 hominem.
812 1169 894 1224 Ab
950 1169 1060 1224 hoc
1107 1170 1282 1224 verbo
1311 1171 1548 1238 κοινοῦν,
1605 1167 1693 1223 vel
1751 1166 2091 1233 ἀνακοινοῦν,

445 1257 680 1313 Latinos
711 1273 886 1313 suum
918 1259 1217 1329 inquinare
1246 1258 1482 1313 ﬁnxisse
1513 1257 1650 1312 olim
1683 1255 1983 1312 admonui.

517 1345 666 1400 Ibid.
697 1345 854 1400 013.
888 1341 1045 1405 Ὁδὸς
1081 1344 1176 1416 μὲν
1226 1345 1318 1398 οὖν
1360 1344 1387 1397 6
1441 1341 1555 1418 βίος
1600 1340 1700 1416 ε’ἷρ.
1760 1345 1917 1399 Idem
1965 1342 2096 1399 Tul-

447 1432 565 1489 lius
594 1450 650 1488 vx
681 1439 761 1489 De
791 1448 909 1504 rep.
943 1433 1122 1488 Basil.
1154 1432 1429 1489 Seleucia;
1458 1431 1580 1488 loco
1617 1431 1876 1500 laudato,
1909 1429 1985 1493 εἷς
2027 1431 2094 1484 τὰ

448 1518 593 1592 Ὀλ.,
633 1526 691 1578 et
740 1521 1082 1577 Gennadihs
1121 1521 1269 1576 libro
1323 1520 1605 1592 singulari
1661 1518 1786 1594 περί
1815 1515 2094 1593 προδιορι-

446 1612 587 1680 apo?»
617 1609 811 1679 (cujus
866 1609 1193 1666 versionem
1255 1609 1372 1664 Lat.
1433 1607 2093 1680 AppendiciBasilianaa

445 1697 923 1768 adjecimus,tum
960 1698 1112 1769 quod
1147 1696 1600 1768 sapientissimis
1623 1697 1934 1752 sententiis
1965 1713 2093 1769 gra-

445 1785 738 1856 vibusque
767 1785 961 1841 verbis
991 1785 1236 1840 ordatus
1268 1786 1365 1852 sit,
1398 1788 1525 1840 tum
1584 1785 1736 1855 quod
1781 1785 1982 1840 Basilii
2016 1786 2092 1852 Μ,

449 1888 690 1929 causam
722 1877 877 1944 agat,
902 1877 960 1928 et
992 1872 1492 1944 Basiliomastigas
1523 1873 1836 1945 concidat),
1867 1874 2098 1944 pag.29,

448 1967 513 2030 Β,
575 1961 851 2018 editionis
912 1964 1146 2030 nostrae,
1205 1961 1302 2016 hic
1355 1962 1389 2028 ἡ
1449 1960 1543 2032 μὲν
1594 1960 1697 2035 γὰρ
1728 1959 1949 2014 ἐντκῦθα
1982 1962 2093 2030 ζωὴ

461 2045 748 2123 ὁδοιπορία
775 2047 857 2109 τίς
889 2047 996 2102 ἔστι
1025 2049 1162 2120 πρὸς
1186 2048 1249 2102 τὸ
1278 2047 1636 2122 προκείμενον
1663 2047 1844 2119 τέλος,
1877 2054 1986 2105 etc.

530 2139 679 2194 Ibid.
741 2143 782 2192 D
845 2139 899 2192 7.
946 2133 1252 2205 Καθεύδεις,
1305 2138 1391 2190 καὶ
1444 2137 1472 2190 6
1520 2135 1716 2212 χρόνος
1747 2157 1804 2190 σε
1831 2137 2097 2213 παρατρέ-

397 2285 402 2288 ,
458 2244 569 2300 χιι.
604 2227 762 2281 Idem
794 2225 1042 2281 Basilius
1092 2225 1364 2281 Seleuciae
1419 2243 1509 2296 ep.
1560 2226 1726 2281 initio
1753 2229 1850 2279 τοῦ
1902 2225 1977 2286 εἷς
2031 2226 2098 2278 τὰ

458 2311 695 2386 Ὀλυμ.ὶ
729 2313 825 2368 Καὶ
854 2313 1080 2388 τερπνὸς
1109 2313 1466 2388 παρατρέχων
1513 2314 1541 2367 ὁ
1588 2312 1808 2388 χρόνος,
1848 2313 1936 2368 καὶ
1993 2334 2094 2390 φο-

455 2400 633 2477 ϐερός.
664 2407 726 2458 Β.
775 2404 1023 2474 August.
1072 2404 1126 2457 in
1172 2404 1313 2474 psal.
1364 2419 1440 2473 cx,
1481 2403 1552 2458 de
1583 2402 2005 2474 temporalibus
2037 2407 2096 2459 et

453 2491 686 2548 aeternis
717 2490 944 2545 diebus.
972 2495 1102 2546 Mox
1130 2495 1321 2551 πάντες
1353 2489 1510 2562 ἐσμὲν
1535 2487 1589 2543 ἐν
1621 2487 1751 2561 ὁδῷ.
1791 2492 1950 2546 Idem
1982 2498 2096 2546 Au-

454 2583 612 2650 gust.
645 2578 705 2633 in
736 2578 976 2633 Meditat.
999 2597 1020 2633 ,ο

522 2671 660 2725 Haec
684 2669 778 2722 via
805 2683 913 2740 qua
932 2667 1113 2734 vadis,
1147 2669 1236 2722 via
1263 2669 1501 2739 pessima
1529 2668 1798 2740 plenaque
1824 2668 2019 2724 ctadis.

521 2756 760 2813 001.221
797 2757 862 2812 D.
899 2753 1010 2809 Λύο
1037 2755 1139 2830 γάρ
1172 2754 1303 2808 εἰσιν
1337 2752 1476 2812 ὁδοί,
1530 2757 1817 2813 Hesiodus
1875 2758 1901 2811 1
1962 2760 2090 2828 Ἔρ-

448 2863 582 2917 γων,
644 2849 700 2900 et
759 2845 1034 2900 Prodicus
1084 2841 1322 2914 Διαλὲξει
1381 2841 1506 2918 πιρῖ
1577 2841 1906 2920 Ἡρακλέους
1960 2863 2091 2898 παι-

451 2929 702 3000 δεύσεως,
736 2934 886 3004 apud
935 2933 1402 3003 Xenophontem,
1463 2935 1503 2988 ir
1561 2931 2089 3004 Ἀπομνημονευμά-

447 3023 576 3076 τῶν.
611 3021 911 3076 Emblema
944 3021 1390 3093 Pythagoricum
1425 3022 1552 3090 luit,
1579 3024 1789 3078 Littera
1816 3022 2090 3094 Pythago-

2125 1741 2172 1806 B

2202 459 2404 515 scribit
2433 459 2505 514 ad
2555 458 2857 515 Julianum
2896 459 3236 530 Apostatam
3270 459 3439 530 epist,
3471 476 3586 515 ccc.
3623 461 3847 517 Eodem

2203 547 2392 604 tendit
2420 547 2561 604 illud
2595 548 2848 617 Homeri,
2870 563 3073 604 omnes
3112 545 3306 603 clades
3345 547 3484 602 oriri
3515 549 3811 617 canentis,

2271 635 2580 708 Ἡγεμόνων
2612 635 2894 706 κακότητι,
2923 633 3296 711 ἐφημοσύνησί
3322 655 3378 688 τε
3409 634 3576 702 λαῶν,

2201 725 2377 781 Mente
2405 726 2605 780 ducum
2628 741 2826 796 prava,
2861 728 2912 779 et
2936 726 3264 796 populorum
3291 733 3499 796 pectore
3527 741 3698 794 regni.

2827 829 2886 867 IN
2927 828 3082 867 ΡεΑῐ..
3116 828 3215 867 VII.

2273 901 2393 957 Col.
2424 901 2531 955 229
2562 905 2605 954 B
2631 900 2685 954 5.
2722 896 2950 969 Συλλὲξ.
2985 901 3336 972 Interpunge
3378 904 3436 956 et
3473 905 3640 956 muta
3670 917 3846 972 pros-

2204 990 2421 1057 odiam,
2469 987 2564 1050 τὰς
2619 985 2902 1060 δυνάμεις·
2953 985 3072 1052 ὅθεν
3122 986 3214 1042 καὶ
3258 985 3549 1050 ἀπόδεκτος
3603 989 3670 1058 ἦν
3723 1008 3849 1058 πα.,

2205 1078 2358 1150 quod
2399 1082 2648 1134 Homero
2679 1082 2789 1148 est,
2820 1072 3017 1145 ἥνδανε
3047 1079 3227 1148 θυμῷ.

2273 1165 2394 1222 001.
2424 1167 2531 1220 248
2559 1170 2601 1222 C
2632 1167 2686 1221 8.
2739 1165 2837 1218 Διά
2889 1167 2997 1219 τῶν
3044 1168 3300 1240 πονηρῶν
3347 1165 3586 1240 πράξεων
3645 1164 3847 1240 ἐγκαύ-

2203 1273 2316 1314 σας.
2348 1257 2608 1310 Manusc.
2638 1257 2702 1311 C.
2730 1253 3038 1309 lectionem
3089 1253 3274 1310 secuti
3313 1271 3542 1321 sumus,
3574 1255 3672 1310 cui
3704 1272 3845 1311 con-

2203 1343 2360 1414 gruit
2415 1343 2602 1398 versio
2652 1342 2714 1396 L.
2747 1341 2818 1394 Τὸ
2858 1339 3113 1414 ἐγκαίειν,
3161 1344 3406 1412 inurere,
3441 1359 3543 1415 per
3586 1344 3847 1399 transla-

2201 1433 2421 1487 tionem
2453 1448 2488 1486 a
2520 1429 2676 1485 notis
2706 1446 2832 1500 quae
2865 1429 3578 1502 inuruntur,velagenere
3600 1431 3848 1502 picture

2203 1519 2574 1595 ἐγκαυοτικῆς,
2608 1519 2678 1573 ad
2712 1535 2890 1589 quam
2923 1519 3273 1574 ﬁrmandam
3323 1520 3475 1591 ignis
3505 1520 3846 1587 adhibetur,

2204 1609 2362 1664 unde
2391 1608 2546 1678 apud
2575 1611 2744 1662 Mart.
2778 1609 2819 1662 Ι.
2856 1623 2932 1677 ιν,
2965 1623 3056 1678 ep.
3089 1607 3204 1663 47‘:

2276 1698 2577 1752 Encaustus
2597 1695 2884 1751 Phaethon
2915 1696 3107 1751 tabula
3135 1695 3375 1766 depictus
3404 1699 3464 1750 in
3490 1701 3590 1751 hac
3615 1701 3697 1752 est

2281 1785 2421 1854 Quid
2451 1785 2555 1840 tibi
2579 1786 2680 1854 vis,
2711 1785 2945 1856 dipyron
2975 1787 3073 1854 qui
3102 1783 3442 1839 Phaethonta
3467 1785 3644 1855 facis?

2280 1873 2443 1929 Prior
2470 1878 2665 1929 tamen
2698 1874 2867 1929 lectio
2889 1869 3151 1945 ἐκχεύσας
3169 1872 3257 1928 vel
3279 1869 3472 1947 ἐκχὲας
3505 1875 3575 1929 ad
3605 1874 3721 1930 late
3737 1876 3850 1930 dif-

2208 1963 2405 2018 fusum
2438 1962 2834 2034 improbitatis
2863 1962 3026 2018 virus
3057 1961 3258 2018 referri
3304 1967 3505 2033 posset
3536 1978 3550 2018 :
3577 1979 3697 2034 quo
3728 1965 3852 2021 fere

2208 2067 2385 2107 sensu
2419 2055 2482 2106 Β.
2504 2051 2796 2107 Eusebius
2825 2051 3036 2106 Emiss.
3055 2050 3213 2106 hom.
3232 2068 3251 2106 ι
3270 2051 3342 2106 de
3365 2049 3528 2106 initio
3549 2052 3850 2124 Quadrag.

2207 2140 2412 2194 scribit
2441 2139 2562 2195 haec
2595 2157 2607 2194 :
2645 2141 2800 2195 Sicut
2849 2140 3071 2210 quando
3109 2141 3313 2210 aliquis
3338 2148 3521 2210 peccat
3557 2141 3662 2195 sub
3711 2158 3854 2196 con-

2203 2228 2439 2282 scientia
2469 2243 2532 2282 ac
2561 2227 2920 2283 destructione
2944 2228 3340 2298 plurimorum,
3373 2228 3446 2282 de
3471 2229 3727 2299 pluribus
3759 2233 3851 2284 in-

2204 2317 2385 2372 currit
2410 2321 2668 2372 reatum:
2699 2321 2750 2371 et
2777 2325 3038 2387 quantum
3063 2332 3163 2387 per
3190 2318 3356 2372 unius
3385 2317 3614 2372 membri
3641 2320 3854 2373 vitium

2202 2392 2372 2475 serpit
2419 2406 2528 2461 tate
2573 2405 2833 2476 diffusum
2863 2405 3082 2476 reliqua
3108 2421 3206 2476 per
3231 2406 3473 2460 membra
3501 2409 3849 2477 contagium,

2203 2497 2419 2548 tantum
2466 2496 2524 2548 in
2571 2503 2846 2549 auctorem
2883 2509 3048 2548 suum
3075 2491 3418 2564 multiplicis
3441 2495 3577 2548 mali
3605 2498 3850 2550 recurrit

2202 2590 2558 2652 augmentum
2569 2622 2581 2635 .

2275 2671 2478 2726 lbid.C
2509 2670 2595 2725 11.
2619 2670 2848 2742 Legitur
2877 2669 2938 2725 in
2969 2669 3096 2726 cod.
3129 2684 3427 2726 manuscr.
3461 2668 3576 2732 υἱὸς
3607 2666 3845 2740 ἒκιῖνος,

2202 2757 2248 2828 ᾧ
2275 2755 2384 2816 διά.
3587 2767 3595 2774 ”

2768 2863 2825 2901 IN
2862 2862 3017 2901 PSAL.
3059 2862 3256 2901 XXVIII.

2272 2934 2392 2991 Col.
2443 2935 2545 2990 284
2603 2939 2651 2988 Α
2703 2936 2789 2990 15.
2850 2935 2935 3006 Τῇ
2993 2930 3329 3008 ἐπιχορηγίᾳ
3382 2937 3477 2989 τοῦ
3525 2934 3849 3006 magno;

2200 3019 2320 3097 ἀρδ.
2354 3024 2567 3080 Eodem
2601 3027 2866 3095 spectant
2894 3023 2996 3078 illa
3023 3023 3178 3095 apud
3208 3023 3571 3080 Clementem
3601 3025 3766 3081 Alex.
3787 3027 3849 3082 in

448 3125 545 3163 rw.
579 3109 690 3164 Sed
723 3110 936 3180 Evang.
971 3109 1146 3164 etiam
1176 3109 1433 3167 uraculis
1465 3111 1811 3183 proponitur
1835 3105 2089 3183 ἔκφρασις
2122 3097 2164 3164 0
2203 3114 2427 3186 Hymno
2459 3113 2528 3168 ad
2561 3115 2886 3179 Cumarum,

447 3197 555 3252 xiaa
585 3197 876 3269 ancipitis,
937 3201 1105 3252 arcte
1153 3203 1210 3253 et
1264 3198 1429 3254 lates:
1489 3204 1550 3256 Β.
1612 3200 1813 3255 Matth.
1872 3215 1972 3268 vn,
2033 3203 2090 3254 et

447 3285 616 3341 Lucas
645 3303 768 3341 xm.
802 3287 936 3350 Quas
965 3287 1259 3342 Juvencus
1292 3287 1531 3359 Hispan.
1595 3289 1900 3360 presbyter
1947 3287 2086 3342 olim

447 3375 590 3430 scite
624 3374 833 3446 pieque
861 3375 1149 3446 expressit
1179 3376 1288 3431 sub
1315 3375 1490 3431 ﬁnem
1521 3375 1622 3430 lib.
1658 3392 1836 3431 carm.
1871 3377 2086 3448 Evang.

451 3461 546 3518 his
575 3478 724 3518 vers.
750 3480 762 3518 :

595 3551 785 3606 Vitatis
813 3552 986 3607 vastis
1015 3551 1258 3622 stipatur
1284 3551 1482 3606 semita
1511 3553 1668 3607 saccis

591 3639 852 3708 Cetsaque
879 3642 976 3694 vix
999 3655 1201 3710 paucos
1229 3639 1387 3695 ducet
1414 3655 1512 3711 per
1539 3655 1771 3710 scrupea
1799 3643 1978 3696 virtus
1999 3660 2018 3698 .·

588 3729 656 3783 At
683 3728 736 3782 si
763 3743 894 3798 quos
922 3727 1160 3782 nimium
1187 3729 1376 3799 fallax
1403 3730 1648 3801 illexque
1677 3731 1946 3786 malorum
1975 3730 1983 3738 '

589 3816 872 3872 Planities
900 3818 1078 3872 suasit
1112 3817 1353 3887 deformi
1383 3818 1598 3874 lubrica
1627 3819 1808 3888 lapsu,

590 3906 806 3973 Arripit
835 3906 950 3961 hos.

519 3989 642 4060 Col,
672 3993 779 4047 225
809 3993 849 4047 B
879 3993 967 4048 11.
1008 3989 1157 4045 Εἰσὶν
1209 3993 1262 4046 οἱ
1308 3990 1498 4065 λοιμοὶ
1541 3993 1592 4047 οἱ
1638 3994 1702 4049 τὸ
1741 3991 1885 4049 ’ίδιον
1927 3996 2089 4049 κακὸν

450 4075 536 4130 ἐπὶ
565 4079 692 4134 πάν.
725 4079 872 4136 Huic
902 4091 1332 4137 consentaneus
1363 4082 1526 4140 locus
1567 4089 1655 4140 est
1677 4085 1830 4155 apud
1855 4085 2090 4158 Gregor.

448 4166 584 4222 Naz.
616 4168 768 4225 Orat.
806 4169 929 4224 fun.
963 4169 1021 4224 in
1047 4168 1332 4226 Basilium
1357 4169 1434 4226 M.

2657 3197 2831 3268 θηλῆς
2866 3196 3096 3272 λογικῆς

2516 3285 2787 3358 ΙῙνιύματι
2821 3282 3064 3361 δροσιρῷ

2519 3373 2979 3447 Ἐμπιπλάμενοι.

2514 3465 2759 3520 Mammas
2790 3466 3000 3520 ratione
3027 3463 3309 3536 praedictae

2514 3553 2764 3609 Flumine
2791 3552 3004 3609 roscido

2521 3642 2692 3713 Usque
2722 3643 2932 3712 referti.

2765 3746 2825 3785 IN
2865 3746 3020 3785 PSAL.
3050 3746 3264 3784 XXXVII.

2271 3823 2434 3875 Tom.
2466 3821 2537 3889 ΙΙ,
2569 3817 2677 3874 001.
2709 3818 2781 3873 92
2831 3818 2876 3874 D
2917 3819 2971 3874 3.
3007 3821 3113 3871 Πᾶν
3165 3815 3466 3891 ἁμάρτημα
3525 3820 3640 3872 κατ’
3672 3817 3853 3895 ἀφρο-

2199 3905 2361 3976 σύνην
2392 3926 2444 3981 γ.
2479 3907 2724 3963 Axioma
2766 3907 2986 3962 morale
3037 3911 3126 3962 est
3172 3924 3205 3962 a
3253 3906 3451 3963 Flacco
3494 3907 3579 3963 sic
3611 3925 3860 3979 expres-

2201 4013 2335 4052 sum

2279 4086 2457 4140 Virtus
2485 4092 2565 4140 est
2596 4084 2788 4140 vitium
2814 4085 3025 4156 fugere,
3057 4087 3106 4140 et
3133 4085 3408 4156 sapientia
3444 4087 3634 4157 prima

2271 4173 2524 4229 Stultitia
2553 4175 2818 4229 caruisse.

3421 4359 3861 4373 *ψ

1349 4502 1943 4660 VARI/13
2042 4538 2948 4663 LECTIONES

1628 4773 1742 4857 IN
1809 4771 2650 4862 HEXAEMERON.

444 4953 608 5024 (Cod.
640 4953 779 5026 Reg.
813 4954 952 5012 olim
985 4957 1140 5028 1824,
1175 4957 1351 5015 hodie
1379 4959 1504 5014 476.
1539 4989 1606 5002 -
1634 4959 1758 5016 Non
1793 4959 1992 5033 magni
2027 4961 2305 5017 momenti
2337 4959 2588 5017 varietas
2612 4959 2968 5028 lectionum;
3005 4959 3104 5016 sed
3157 4959 3346 5015 multa
3394 4958 3463 5014 ed
3517 4960 3855 5031 marginem

1438 5052 1670 5117 exstant
1699 5047 1921 5104 scholia
1951 5065 2082 5121 quae
2113 5049 2428 5106 Garnerius
2454 5048 2830 5121 neglexerat.)

513 5397 634 5453 Col.
749 5401 853 5453 Τοῦ
884 5397 936 5453 ἐν
986 5397 1169 5474 ἁγίοις
1228 5401 1437 5474 Harpe;

441 5465 806 5593 Ἦιπισκὸπου
839 5465 1153 5560 Κοιισαρέίας
1196 5465 1578 5559 Καππαδοκίας
1627 5475 1821 5548 ὁμιλία
1863 5476 1938 5539 εἷς
1984 5465 2081 5547 τῆν

508 5537 774 5610 ξαήμερον
807 5560 1022 5610 πρωτη.
1054 5543 1138 5599 Ἐν
1171 5544 1318 5610 ἀργῃ
1351 5544 1623 5610 ἐποίησεν.

614 5561 774 5615 μερον
807 5560 1022 5615 πρωτη.
1054 5560 1138 5599 ἰςν
1171 5560 1318 5620 αρχῃ
1351 5560 1623 5616 εποιησεν.

1483 5404 1642 5475 ἡμῶν
1676 5403 1966 5460 Βασιλείου
1997 5406 2090 5478 ἀρ·
2118 5420 2164 5485 D
2264 5408 2385 5464 Col.
2416 5407 2451 5461 5
2481 5408 2524 5460 Α
2553 5407 2606 5461 5.
2637 5406 2706 5530 τῇ
2734 5409 2822 5478 (γε
2852 5405 3203 5478 interlitum)
3232 5403 3563 5476 ἀξιοπιστίᾳ.

1483 5474 1578 5530 ιίας
1627 5475 1821 5530 ὁμιλία
1863 5476 1938 5530 εἷς
1984 5479 2081 5530 τῆν
2264 5484 2310 5530 Α
2341 5481 2396 5530 8.
2427 5471 2670 5530 καταὸαλ
2714 5497 2894 5530 μενος.

2264 5484 2310 5532 Α
2341 5481 2396 5534 8.
2427 5471 2894 5548 καταϐαλόμζένος.

2262 5558 2308 5605 Α
2335 5551 2388 5605 7.
2423 5551 2654 5618 Μωσῆς,
2702 5547 2731 5602 ὓ
2792 5549 3258 5622 suprascriptum
3293 5567 3306 5619 ;
3359 5548 3500 5605 item
3539 5547 3696 5602 linea
3751 5562 3845 5602 se-
