3838 6214
253 377 268 382 “
289 375 300 381 ⁸
331 376 334 378 ⁷
347 373 410 380 ’.ἡ
421 374 486 378 ν-ὐ-
655 371 688 378 Φ
980 365 1352 377 hm-‘t-
1588 367 3358 389 “ww—-

3365 381 3382 388 -

200 367 3442 429 W~_nm..

1000 505 1724 694 APPENDIX
1808 577 2173 694 TOMI
2252 582 2654 700 PRIMl

523 760 1306 997 oPERUM
1395 835 1556 991 s.
1651 832 2353 992 BASILII
2440 837 3124 1042 MAGNI,

1603 1127 2059 1172 COMPLECTENS

343 1280 603 1339 OPERA
637 1278 970 1347 QUATDAM
1005 1276 1084 1330 EI
1115 1273 1352 1331 FALSO
1385 1273 1740 1330 ASCRIPTA
1768 1319 1782 1343 ,
1864 1275 2138 1342 QUIBUS
2171 1277 2358 1335 OPUS
2412 1275 2746 1332 EUNOMII
2803 1277 3297 1338 ADJUNGITUR.

1509 1575 2133 1698 MONITUM.

256 1783 417 1858 323
451 1783 559 1838 llas
584 1791 692 1834 tres
712 1774 980 1838 liomilias,
1012 1770 1259 1842 qutejam
1289 1767 1415 1822 olim
1441 1765 1598 1820 editae
1631 1763 1866 1830 fuerant,
1896 1767 2140 1821 videlicet
2164 1768 2281 1822 duae
2307 1770 2511 1838 priores
2547 1771 2598 1823 iu
2615 1769 2850 1827 editione
2875 1773 3189 1845 Basileensi,
3211 1787 3372 1840 mnia
3406 1787 3458 1842 in

195 1856 420 1932 editione
461 1868 777 1930 Parisieusi,
817 1877 1003 1919 rursus
1053 1861 1287 1917 edendas
1326 1859 1540 1913 curavit
1570 1857 1656 1910 vir
1695 1856 2041 1911 doctissimus
2088 1856 2445 1914 Combelisius
2491 1861 2544 1915 iu
2592 1876 2689 1916 suo
2726 1859 2930 1920 Basilio
2983 1877 3239 1930 recensita
3267 1895 3286 1931 :
3317 1881 3459 1936 unde

203 1978 306 2021 tam
337 1965 527 2021 Graeca
553 1975 714 2030 quam
752 1957 937 2011 Latina
977 1951 1204 2007 mutuati
1232 1963 1416 2004 sumus
1445 1945 1682 2017 (a).-Cur
1696 1955 1876 2000 autem
1910 1946 1962 2000 id
1997 1946 2196 2015 ceperit
2223 1947 2454 2014 consilii,
2488 1949 2601 2016 ipse
2628 1951 2782 2008 docet
2802 1966 2944 2013 tomo
2967 1964 3143 2030 primo
3176 1984 3297 2037 pag.
3332 1972 3457 2030 558.

195 2062 281 2129 Ut,
315 2061 512 2131 inquit,
545 2059 640 2112 has
673 2052 927 2109 ‘homilias
953 2065 1018 2104 ex
1052 2049 1253 2117 integro
1284 2047 1488 2112 darem,
1516 2043 1752 2112 fecerunt
1780 2059 1915 2097 unus
1937 2052 1985 2096 et
2022 2041 2160 2096 alter
2189 2041 2314 2113 Reg.
2347 2045 2467 2098 cod.
2489 2045 2609 2114 jam
2648 2052 2885 2116 ascripti,
2920 2065 3030 2112 tum
3063 2071 3118 2115 ut
3149 2081 3214 2118 ea;
3245 2066 3460 2124 illorum

193 2161 290 2228 fide
331 2157 540 2213 Basilio
574 2149 884 2223 appendices
914 2148 1013 2199 tias
1042 2142 1437 2196 lucubrationes
1480 2155 1788 2203 assererem,
1821 2148 1931 2191 tum
1969 2138 2107 2208 quod
2145 2139 2410 2208 praecipue
2443 2139 2564 2193 dua:
2600 2143 2798 2208 priores
2840 2149 3058 2213 pessime
3085 2157 3240 2211 ειιῖιξε
3271 2159 3460 2217 habita,

194 2263 328 2312 sunt.
355 2245 599 2320 pturimis
619 2240 953 2306 desideratis,
979 2255 1042 2292 ac
1074 2253 1288 2307 prorsus
1313 2235 1419 2289 alia
1442 2235 1830 2302 compositione,
1853 2251 2008 2304 quam
2044 2251 2167 2289 mss.
2208 2235 2362 2288 codd.
2404 2236 2659 2302 habeant;
2693 2246 2980 2306 praesertim
3025 2265 3141 2304 vero
3168 2253 3256 2307 ille
3292 2256 3460 2316 Henr,

197 2340 253 2396 Π
276 2341 566 2411 insignibus
597 2344 808 2390 notatus
849 2348 904 2386 η.
934 2329 1072 2384 1472
1099 2331 1267 2400 (nunc
1291 2328 1439 2399 505),
1477 2343 1544 2382 ea:
1566 2342 1668 2395 quo
1693 2327 1851 2380 etiam
1885 2325 2123 2395 Gregorii
2163 2325 2393 2396 Νεβεεηὶ
2429 2328 2631 2382 illustre
2669 2344 2962 2394 excerptum
3011 2339 3083 2391 ad
3110 2341 3462 2410 defensionem

193 2432 375 2488 Basilii
396 2432 655 2501 produco.
693 2424 850 2478 Tenet
871 2423 986 2492 ejus
1008 2420 1337 2489 antiquarius
1376 2418 1708 2480 sententiam,
1751 2427 1808 2470 ut
1850 2434 1941 2470 nec
1971 2415 2175 2471 Basilio
2201 2429 2425 2483 asserat,
2466 2435 2557 2472 nec
2605 2420 2890 2489 abjudicet,
2919 2429 3011 2480 sed
3049 2447 3156 2485 rem
3193 2435 3248 2488 in
3275 2439 3461 2510 dubio,

193 2530 514 2581 diversorum
553 2522 826 2578 sententiis
873 2513 1255 2585 pugnantibus,
1293 2511 1579 2582 relinquat.
1625 2511 1818 2563 Mirum
1857 2526 1986 2564 sane
2035 2511 2110 2564 sic
2145 2509 2402 2578 explicata
2433 2510 2638 2566 Basilio
2681 2516 3000 2572 connexione
3041 2521 3225 2577 horum
3261 2536 3460 2585 tracta-

193 2627 355 2680 tuum,
386 2617 455 2670 ad
493 2630 684 2669 nonam
719 2612 866 2665 illum
900 2610 980 2672 εἰς
1014 2607 1114 2677 τὴν
1153 2605 1513 2676 Ἐξαήμερον,
1551 2619 1626 2655 src
1654 2601 1760 2655 alte
1793 2602 1856 2654 de
1893 2602 2000 2654 illis
2049 2601 2266 2654 dubium
2311 2602 2584 2670 insedisse,
2624 2604 2762 2672 quod
2795 2614 2988 2663 veteres
3039 2628 3215 2668 novem
3247 2620 3462 2677 marum

191 2715 446 2768 duntaxat
483 2710 852 2765 meminerint:
877 2720 996 2760 cum
1034 2702 1281 2773 proclivis
1321 2700 1457 2754 ratio
1497 2699 1565 2753 sit
1593 2700 1671 2751 ita
1717 2699 2036 2762 meminisse,
2066 2697 2204 2767 quod
2238 2697 2343 2752 illa:
2373 2700 2448 2751 sic
2481 2713 2584 2751 uno
2616 2702 2770 2768 quasi
2808 2717 2998 2760 conatu
3041 2712 3217 2782 dicite,
3246 2734 3462 2790 magno-

192 2823 286 2873 que
313 2805 505 2872 plausu
537 2811 784 2869 acceptis,
830 2814 951 2854 mox
989 2800 1046 2854 in
1091 2797 1359 2868 publicum
1393 2795 1619 2865 vulgata:
1645 2795 1796 2858 sint;
1829 2793 2040 2847 Basilio
2083 2793 2294 2847 interim
2321 2808 2413 2861 per
2443 2809 2633 2862 wgram
2667 2794 3016 2856 valetudinem
3044 2808 3357 2880 quiescente,
3398 2834 3463 2871 ac

193 2913 282 2968 per
304 2897 488 2959 otium,
530 2903 579 2948 et
614 2903 670 2945 ut
693 2891 882 2944 licebat
913 2891 1012 2944 ista
1057 2889 1344 2958 supplente.
1378 2884 1490 2940 Nec
1531 2887 1686 2938 aliter
1712 2882 1914 2938 Bellar.
1958 2883 2187 2938 Budwus
2211 2899 2414 2953 quoque
2451 2885 2574 2937 hinc
2609 2891 2806 2953 possint
2849 2889 2988 2947 locos
3027 2894 3222 2954 Basilii
3257 2907 3463 2962 nomine

193 2988 418 3056 exponit.
447 2984 606 3050 Quod
649 2982 932 3052 Gregorius
969 2981 1241 3052 Nyssenus
1284 2978 1474 3032 Basilii
1501 2976 1694 3045 fratris
1727 2976 2163 3067 lucubrationem
2204 2975 2305 3045 τῆς
2349 2975 2715 3067 Ἑξαημέρου,
2760 2978 2813 3030 in
2848 2979 3078 3040 Homine
3124 2992 3461 3067 suppleverit,

193 3083 392 3152 egregia
413 3080 684 3149 prwstitit,
704 3079 760 3131 in
795 3091 946 3144 opere
962 3088 1088 3142 pene
1115 3070 1194 3123 illi
1229 3068 1441 3131 tumulo,
1478 3069 1531 3121 in
1559 3084 1660 3137 quo
1685 3066 1800 3135 ejus
1817 3066 2106 3133 plurimum
2143 3083 2300 3135 opera
2331 3066 2625 3137 desudavit,
2657 3071 2925 3141 magisque
2961 3075 3015 3130 in
3045 3066 3464 3144 luculentissimb

197 3171 322 3227 libro
349 3176 422 3228 De
462 3173 684 3244 opiﬁcio
713 3169 982 3231 hominis,
1011 3181 1163 3236 quem
1193 3162 1340 3218 Petri
1375 3163 1558 3232 fratris
1597 3163 1652 3216 in
1676 3178 1792 3216 eam
1821 3163 1988 3230 ipsam
2017 3178 2123 3216 rem
2151 3163 2362 3217 hortatu
2389 3165 2720 3233 conscripsit,
2752 3183 3054 3240 omnemque
3083 3175 3464 3248 physiologiam

194 3263 412 3316 hominis
443 3260 678 3315 mirabili
701 3273 810 3312 arte
837 3275 898 3311 ac
941 3256 1350 3313 conatrneximie
1386 3254 1675 3322 expressit;
1706 3255 1921 3322 ipsaque
1956 3252 2038 3305 hic
2076 3251 2264 3307 Basilii
2301 3255 2536 3323 ejusdem
2571 3265 2690 3309 uota
2733 3257 2957 3326 feliciter
2993 3263 3244 3332 implevit.
3277 3264 3465 3324 Pauca

193 3359 415 3423 adnota;
447 3375 568 3426 quw
601 3356 936 3424 prwstiterim
968 3353 1137 3420 magis
1167 3351 1445 3414 docebunt,
1478 3367 1595 3420 quia
1634 3359 1949 3419 reprwsento
1987 3365 2106 3403 cum
2136 3349 2315 3415 editis,
2348 3358 2405 3402 ut
2427 3351 2623 3417 lubeat,
2659 3349 2874 3408 collata.
2910 3351 3180 3409 Hactenus
3211 3355 3278 3421 is,
3303 3371 3464 3427 quem

195 3447 318 3513 dixi,
357 3449 442 3502 vir
465 3449 535 3503 de
563 3445 764 3500 Basilio
791 3446 982 3516 Magno
1005 3449 1207 3519 optime
1241 3449 1492 3505 meritus.

262 3540 360 3597 Ubi
397 3543 635 3612 primum
667 3543 765 3596 bas
797 3554 908 3598 tres
947 3542 1198 3598 ltomilias
1227 3541 1333 3611 legi
1384 3542 1439 3597 in
1471 3543 1732 3612 vulgatis,
1763 3557 1858 3597 eas
1901 3541 2090 3597 Basilii
2141 3558 2248 3597 non
2294 3558 2416 3599 esse
2459 3542 2697 3611 iudicavi
2744 3543 2957 3614 quidem
2993 3544 3127 3596 :sed
3177 3553 3463 3614 postquam

190 3640 400 3694 easdem
457 3639 640 3708 reperi
692 3639 966 3695 auctiores
1009 3641 1064 3694 in
1105 3639 1313 3694 Basilio
1347 3642 1598 3695 recensita
1641 3639 1976 3706 Combciisii,
2018 3642 2071 3694 in
2117 3642 2219 3696 hac
2261 3656 2378 3696 mea
2429 3642 2692 3696 sententia
2723 3639 2880 3707 longe
2907 3634 3078 3705 magis
3111 3634 3464 3689 conﬂrmatus

192 3744 325 3782 sum.
358 3728 426 3782 Et
458 3742 591 3783 vero
617 3743 736 3798 qua:
763 3728 972 3796 adjecta
1017 3740 1166 3795 sunt,
1196 3740 1250 3785 et
1302 3745 1423 3800 qua:
1461 3729 1818 3785 Corubelisius
1848 3731 2072 3800 putabat
2115 3733 2170 3786 in
2226 3733 2459 3803 vulgatis
2488 3731 2806 3797 desiderari,
2836 3743 2898 3784 ca
2936 3728 3125 3780 harum
3155 3724 3461 3779 orationum

195 3823 480 3880 falsitatem
506 3824 679 3894 magis
709 3838 773 3877 ac
803 3825 972 3893 magis
998 3825 1312 3880 ostendunt.
1347 3825 1458 3880 Nec
1494 3826 1653 3879 aliter
1698 3826 2140 3880 existimaturum
2178 3837 2330 3896 puto,
2373 3827 2463 3898 qui
2490 3838 2720 3896 utraque
2761 3826 2901 3878 inter
2932 3835 2990 3876 se
3037 3817 3459 3887 comparaverit.

195 3914 326 3987 Lege
358 3915 766 3980 Praziationem,
793 3915 884 3970 ubi
911 3917 978 3970 de
1006 3931 1332 3986 unaquaque
1365 3932 1424 3970 re
1454 3932 1564 3971 suo.
1583 3916 1703 3971 loco
1729 3926 1786 3971 et
1818 3917 2012 3970 ordine
2045 3916 2368 3986 disputatur.
2397 3916 2510 3972 lloc
2543 3925 2646 3982 est,
2677 3929 2796 3984 quae
2821 3912 2993 3982 primo
3021 3907 3137 3962 loco
3167 3907 3220 3960 iu
3243 3905 3460 3975 Appen-

194 4013 305 4067 tlice
340 4014 514 4084 posita
568 4021 716 4076 sunt,
752 4013 818 4066 de
859 4011 926 4065 iis
969 4010 1148 4080 primo
1194 4011 1316 4066 loco
1363 4013 1707 4082 disceptatur
1762 4011 1816 4065 in
1850 4009 2213 4066 Prwiatione:
2248 4011 2453 4075 itidem,
2487 4025 2606 4080 qute
2647 4004 2885 4062 secundo
2921 4001 3038 4053 loco
3069 3998 3124 4052 iu
3152 3994 3464 4067 Appendicu

195 4113 504 4172 occurrunt,
541 4116 609 4157 ea
642 4101 883 4157 secundo
919 4100 1042 4156 loco
1069 4101 1418 4156 excutiuntur
1446 4103 1499 4156 in
1540 4100 1904 4168 Praefatioue;
1937 4102 2030 4170 qui
2065 4102 2199 4159 ordo
2232 4102 2296 4156 ad
2327 4103 2488 4157 linem
2515 4115 2684 4170 usque
2709 4093 3031 4153 servabitur.

442 4368 585 4422 ΤΟΥ
621 4368 712 4422 ΕΝ
752 4367 975 4422 ΔΓῙΟΙΣ
1011 4369 1282 4424 ΠΑΤΡοΣ
1320 4371 1518 4424 ΗΜΩΝ
1808 4377 1856 4432 Δ

1808 4377 1856 4432 Δ
2254 4367 2510 4423 'SANCTI
2548 4363 2797 4419 PATRIS
2832 4358 3092 4418 NOSTRI

690 4514 1278 4602 ΒΑΣΙΛΕΙΟΥ
2486 4518 2703 4595 BASI
2722 4513 2867 4592 LII

352 4677 816 4752 ’Δρχιεπισκόπου
845 4677 1192 4748 Καισαρείας
1219 4675 1617 4738 Καππαδοκίας

2121 4677 2386 4730 (la-sares:
2415 4675 2775 4741 uappadocta:
2805 4665 3223 4736 archiepiscopi,

837 4812 1055 4867 ΛΟΓΟΣ
1087 4811 1145 4863 A'

2523 4799 2784 4856 ORATIO
2811 4799 2831 4852 ι

392 4949 536 5014 Περὶ
568 4942 680 5013 τῆς
708 4943 815 4997 τοῦ
843 4941 1158 5012 ἀνθρώπου
1191 4938 1594 5009 κατασκευῆς.

1483 4938 1594 5009 γῆς.
2346 4939 2420 4992 De
2451 4939 2677 4993 hominis
2708 4945 2999 4990 structura.

263 5198 313 5252 1.
345 5195 588 5251 Παλαιοῦ
618 5194 811 5268 χρέους
843 5193 1048 5247 ἔκτισιν
1086 5189 1502 5263 ἀποπληρώσων
1530 5191 1651 5262 ἥκω
1669 5205 1686 5221 ο
1715 5182 1778 5244 οὗ

1952 5184 2198 5258 3241.
2247 5183 2415 5241 Vetus
2468 5184 2706 5239 debitum
2771 5182 3150 5252 persoluturus
3190 5181 3462 5248 advenio;

192 5287 288 5360 τὴν
317 5289 575 5342 ἀπόδοσιν
603 5286 972 5357 ἀνεϐαλὸμην,
1002 5285 1102 5338 οὐκ
1128 5282 1494 5356 ἀγνωμοσύνῃ
1522 5298 1708 5354 προαιε

1949 5275 2034 5344 jus
2066 5279 2252 5346 utique
2285 5277 2630 5342 solutionem,
2668 5289 2776 5329 non
2827 5274 3060 5344 improbi
3100 5272 3267 5328 animi
3329 5274 3465 5330 vitio

198 5398 351 5446 σεως,
379 5381 495 5436 ἀλλ’
523 5382 776 5453 ἀσθενείᾳ
799 5380 1050 5452 σώματος
1070 5395 1085 5410 ο
1117 5378 1277 5450 χρέος
1308 5376 1713 5447 ἀναγκαιότατα

1943 5369 2220 5433 (ferebam,
2254 5367 2350 5425 sed
2377 5367 2593 5422 inﬁrma
2620 5367 2870 5437 corporis
2896 5365 3246 5422 valetudine:
3279 5367 3334 5420 in
3366 5365 3459 5432 iis,

195 5472 286 5525 καὶ
309 5473 660 5544 ὀφειλόμενον
701 5471 857 5544 ὑμῶν
886 5473 954 5543 τῇ
983 5469 1266 5542 ἀκροάσει.
1296 5468 1408 5524 Καὶ
1439 5467 1551 5539 γὰρ
1588 5466 1655 5521 ἂν
1689 5484 1711 5519 ε

1941 5475 2001 5515 tae
2050 5473 2261 5516 summe
2296 5457 2601 5513 necessaria
2643 5466 2792 5522 sunt,
2837 5455 3148 5512 habendum
3191 5457 3457 5522 debitum,

258 5587 341 5698 ((ιέ>
364 5588 568 5662 Priores
587 5590 712 5662 dum.
725 5565 968 5652 leguntur
1003 5585 1153 5635 etiam
1191 5585 1326 5634 inter
1368 5583 1534 5646 Opera
1575 5583 1804 5656 Gregorii
1833 5579 2069 5652 Nysseui.
2089 5575 2220 5628 Vide
2239 5576 2480 5649 .Garnerii
2508 5573 2725 5635 Prmfat.,
2763 5588 2814 5624 η.
2841 5573 2918 5634 13,
2946 5587 2998 5638 p.
3033 5587 3199 5652 culti.
3227 5573 3302 5625 Ex
3337 5573 3467 5626 editi

258 5663 308 5696 im
343 5651 534 5698 elistani
552 5653 816 5698 collatione
835 5649 1072 5698 nonnulla
1097 5649 1423 5697 restituimus.
1452 5645 1624 5695 Varias
1643 5645 1892 5698 lectiones
1911 5641 2093 5695 codicis
2127 5640 2270 5698 Regii
2288 5640 2409 5691 olun
2433 5639 2573 5698 M72,
2594 5645 2770 5698 postea
2789 5637 2933 5698 2286,
2963 5651 3097 5688 nunc
3122 5639 3234 5698 υυό,
3263 5650 3291 5687 a
3319 5635 3467 5690 nobis

198 5635 1072 5702 causariammanserimus
1097 5635 1429 5697 restituimus:
1452 5645 1624 5695 Varias
1643 5635 1896 5698 lé'ctiones
1911 5641 2093 5695 codicis
2127 5640 2270 5705 Regii
2288 5640 2409 5691 olim
2433 5639 2573 5704 1472,
2594 5645 2770 5702 postea
2789 5637 2933 5700 2286,
2948 5635 3097 5688 'uunc
3122 5639 3234 5700 503,
3263 5650 3291 5687 a
3319 5635 3468 5690 nobis

199 5709 360 5766 denuo
382 5711 570 5774 collati,
592 5715 653 5763 ad
675 5714 861 5763 calcem
883 5711 994 5762 libri
1019 5709 1239 5759 edendas
1260 5709 1554 5762 curavimus.
1589 5705 1730 5762 Εοιτ.

517 5797 797 5860 Parnm"
845 5795 966 5860 Gn.
1016 5792 1224 5856 XXX.

3102 5780 3143 5871 ις
