3838 6214
351 247 417 301 ﬂ
1308 239 1652 295 APPENDIX
1691 236 1979 295 OPERUM
2021 235 2078 290 S.
2121 235 2363 291 BASILII
2405 237 2644 294 MAGNI.
3547 236 3611 290 12

351 373 454 414 nec
493 365 688 414 vestrm
717 357 1014 428 quidquam
1045 355 1345 411 audientiae
1380 355 1777 426 denegandum.
1824 353 1921 408 lni-

2032 350 2237 416 ἄδικον,
2262 350 2333 405 τὰ
2367 352 2496 423 περὶ
2530 351 2733 423 θηρίων
2764 353 2858 406 καὶ
2887 353 3102 422 νηκτῶν
3137 354 3233 408 καὶ
3270 353 3482 426 κτηνῶν
3514 359 3609 411 καὶ

353 464 520 519 quum
544 450 749 519 quippe
784 447 969 514 fuerit,
1007 448 1101 518 qui
1134 448 1201 503 de
1249 448 1460 512 bestiis,
1496 447 1671 516 deque
1697 446 1935 500 natatili-

351 545 454 599 bus
479 540 818 610 etjumentis
844 555 909 595 ac
939 538 1285 603 volucribus;
1325 541 1391 594 de
1436 539 1577 594 cmlo
1605 540 1754 604 item,
1787 547 1842 592 et
1869 537 1934 593 iis

352 647 474 702 qua
511 635 578 687 ad
624 632 797 702 ipsum
853 637 1135 700 spectant;
1183 645 1392 685 necnon
1433 630 1499 684 de
1550 641 1712 694 terra,
1761 630 1935 699 iisque

351 723 632 793 stirpibus,
661 738 782 792 quae
833 723 886 777 in
939 732 1082 778 terra
1131 733 1279 788 sunt,
1309 723 1677 788 didicerimus,
1725 732 1784 776 ut
1826 738 1933 776 non

351 815 518 871 etiam
545 824 794 871 nostrum
823 824 1005 871 ortum
1035 832 1102 870 ex
1136 815 1320 872 divina
1351 814 1636 884 Scriptura
1683 813 1933 883 lucisque

355 907 471 977 ejus
513 907 666 962 radio
704 906 1026 964 doceamur.
1071 905 1536 973 Quemadmodum
1589 905 1733 960 enim
1785 904 1930 959 oculi

353 1001 550 1064 nostri,
584 1013 708 1054 cum
742 1013 802 1052 ea
841 1014 959 1069 quae
995 1008 1147 1052 extra
1191 1013 1250 1053 se
1297 1007 1425 1052 sunt
1453 997 1691 1062 videant,
1722 996 1928 1066 seipsos

355 1091 497 1146 haud
531 1092 831 1156 intuentur,
866 1091 968 1146 nisi
1002 1092 1139 1146 forte
1174 1091 1303 1145 heve
1329 1089 1546 1159 aliquod
1581 1089 1923 1159 solidumque

353 1185 648 1253 attingant,
691 1185 834 1239 unde
872 1183 1138 1239 refractus
1169 1184 1391 1238 obtutus
1422 1183 1565 1237 velut
1593 1181 1792 1236 reﬂexu
1825 1183 1929 1238 hoc

347 1287 572 1349 praestet
616 1287 676 1332 ut
713 1292 836 1347 qua:
890 1293 948 1333 se
995 1287 1139 1332 retro
1187 1286 1310 1330 sunt
1353 1276 1688 1344 conspiciant
1718 1293 1731 1328 :
1759 1276 1836 1330 sic
1874 1283 1927 1330 et

348 1369 567 1424 animus
591 1380 798 1434 noster,
829 1369 920 1439 qui
960 1368 1064 1423 alia
1096 1369 1294 1433 videat,
1334 1368 1474 1421 haud
1509 1368 1664 1422 aliter
1687 1368 1922 1436 seipsum

345 1463 512 1528 videt,
561 1477 720 1530 quam
761 1463 805 1516 si
854 1461 1052 1516 divinis
1107 1460 1410 1531 Scripturis
1453 1459 1750 1514 incumbat.
1789 1459 1922 1513 Dum

347 1554 491 1608 enim
527 1554 669 1622 quod
706 1553 758 1607 in
801 1552 881 1607 eis
919 1562 994 1606 est
1030 1551 1207 1606 lumen
1247 1550 1596 1618 refrangitur,
1632 1550 1682 1604 id
1716 1549 1842 1604 facit
1867 1557 1928 1604 ut

348 1647 581 1716 quisque
617 1656 861 1700 nostrum
904 1644 1137 1712 seipsum
1187 1643 1488 1713 pervideat.
1542 1642 1648 1712 Ipsi
1691 1658 1926 1712 namque

347 1753 446 1792 nos
476 1738 621 1807 ipsos
659 1753 764 1793 non
811 1735 1203 1806 intelligimus:
1233 1735 1586 1804 inconspicua
1638 1736 1796 1790 nobis
1831 1751 1924 1790 no-

345 1841 460 1886 etra
491 1829 816 1884 conetitutio
840 1838 894 1884 et
925 1827 1133 1884 fabrica
1163 1836 1284 1882 est:
1310 1827 1453 1897 quod
1485 1841 1692 1893 sumus,
1730 1826 1927 1895 quidve

345 1921 540 1984 simus,
568 1920 866 1975 nescimus.
898 1918 1110 1974 Nostris
1145 1918 1197 1973 in
1241 1920 1402 1974 rebus
1441 1933 1650 1972 summa
1677 1917 1925 1973 socordia

347 2025 650 2078 versamur,
687 2016 746 2064 ut
781 2024 880 2064 nec
919 2024 1108 2064 eorum
1153 2023 1273 2079 quae
1317 2008 1370 2062 in
1411 2017 1663 2079 promptu
1701 2017 1828 2064 sunt
1868 2017 1927 2062 ut

345 2103 610 2169 sciantur,
649 2114 705 2157 et
754 2117 874 2168 quae
913 2103 966 2157 in
1016 2102 1173 2158 nobis
1216 2101 1438 2156 minima
1475 2109 1622 2166 sunt,
1676 2100 1924 2156 notitiam

346 2195 664 2250 habeamus.
695 2192 877 2249 Multa:
901 2203 1046 2249 artes
1083 2203 1136 2248 et
1159 2192 1408 2248 scientia:
1439 2192 1584 2248 circa
1605 2207 1801 2262 corpus
1828 2207 1926 2247 no-

346 2295 518 2341 strum
550 2288 847 2342 humanum
885 2297 1110 2341 versatae
1141 2295 1294 2350 sunt;
1326 2301 1425 2340 nec
1456 2284 1618 2355 pauci
1650 2285 1803 2340 nobis
1829 2299 1924 2340 su-

344 2379 621 2450 periorum
656 2393 873 2434 onmem
921 2393 1074 2433 suam
1128 2393 1351 2446 operam
1387 2391 1452 2431 ac
1478 2377 1718 2431 studium
1765 2375 1817 2430 in
1861 2389 1926 2431 eo

345 2471 593 2526 rimando
625 2471 1024 2543 impenderunt.
1051 2471 1240 2524 Artem
1271 2470 1536 2525 medicam
1567 2470 1612 2524 si
1643 2482 1927 2538 percurre-

345 2569 442 2632 ris,
474 2581 636 2638 quam
683 2565 850 2620 multa
889 2567 956 2620 de
987 2580 1085 2620 usu
1127 2579 1315 2620 eorum
1358 2579 1478 2633 quae
1511 2564 1564 2619 in
1611 2563 1768 2620 nobis
1798 2573 1926 2620 sunt

345 2662 596 2722 disserat,
629 2658 787 2713 facile
819 2659 1090 2715 inveneris
1119 2677 1132 2713 :
1165 2674 1329 2729 quam
1363 2657 1560 2714 multas
1587 2659 1652 2713 de
1676 2659 1924 2713 interiori

345 2761 533 2808 nostra
571 2759 870 2815 structura,
927 2751 1311 2806 dissectionum
1356 2749 1658 2815 molitione,
1710 2749 1924 2805 abditas

344 2844 695 2914 occultasque
736 2842 850 2899 vias
897 2844 1281 2911 deprehendit;
1319 2843 1584 2900 obscuros
1613 2853 1824 2899 meatus
1859 2859 1925 2899 ac

345 2936 635 3001 foramina,
653 2950 815 2989 unum
840 2936 1086 3006 corporis
1117 2937 1326 2990 ratione
1351 2945 1676 2991 concentum
1700 2950 1765 2991 ac
1795 2950 1924 2990 con-

345 3025 609 3089 cordiam,
655 3024 881 3094 spiritus
931 3025 1098 3090 rivos,
1137 3026 1416 3096 sanguinis
1465 3025 1682 3094 ductus,
1727 3027 1990 3116 animata

344 3115 720 3170 attractionem
747 3153 763 3180 ,
807 3112 913 3169 foci
951 3115 1148 3170 caloris
1188 3114 1241 3168 in
1285 3115 1448 3169 corde
1485 3115 1691 3180 sedem,
1723 3129 1918 3186 perpe-

341 3217 492 3262 tuam
537 3207 760 3276 spiritus
798 3207 851 3260 in
896 3208 1209 3276 praecordiis
1255 3208 1621 3278 agitationem.
1653 3209 1782 3276 Quae
1811 3225 1915 3264 nu-

345 3314 553 3356 merum
585 3300 850 3354 excedant
882 3301 950 3354 ab
1007 3300 1113 3356 illis
1145 3299 1418 3369 disputata
1461 3311 1622 3365 sunt;
1655 3313 1708 3355 et
1737 3311 1914 3356 tamen

345 3405 446 3446 nos
476 3389 718 3444 omnium
750 3390 918 3459 ignari
948 3406 1159 3457 sumus,
1182 3392 1381 3460 quippe
1416 3393 1507 3460 qui
1552 3393 1605 3447 in
1649 3391 1916 3460 ejusmodi

344 3481 582 3536 studium
604 3481 738 3537 nihil
770 3483 1181 3550 incumbamus;
1222 3499 1323 3540 nec
1349 3495 1432 3540 est
1454 3485 1544 3554 qui
1593 3493 1750 3540 curet
1777 3485 1921 3541 scire

344 3574 468 3645 quis
496 3576 567 3632 sit
599 3575 734 3646 ipse.
768 3576 1014 3632 Proclive
1054 3578 1212 3634 nobis
1243 3588 1346 3646 est,
1376 3591 1434 3632 ut
1484 3578 1681 3634 ccelum
1716 3580 1914 3648 potius,

335 3682 508 3738 quam
533 3683 635 3724 nos
664 3669 809 3739 ipsos
837 3683 1250 3740 cognoscamus.
1287 3670 1650 3738 Quamobrem
1685 3672 1828 3740 quod
1863 3673 1917 3726 in

337 3773 398 3816 ‘te
428 3759 673 3817 miraculi
701 3769 784 3816 est
815 3776 882 3816 ne
902 3764 1313 3834 contempseris.
1341 3764 1554 3820 Etenim
1581 3765 1807 3836 pusillus
1832 3780 1914 3834 es,

345 3859 404 3904 ut
430 3849 712 3905 arbitraris
737 3867 751 3916 ;
775 3861 833 3906 at
865 3867 1120 3920 magnum
1157 3863 1209 3908 te
1242 3854 1414 3910 oratio
1445 3869 1742 3911 excurrens
1772 3871 1918 3912 com-

347 3940 538 4008 periet.
558 3938 852 4010 Propterea
871 3942 1088 4010 sapiens
1105 3942 1295 4010 David,
1321 3943 1416 4014 qui
1451 3944 1696 4014 seipsum
1732 3947 1918 4000 consi-

343 4031 541 4086 derare
566 4040 812 4098 noverat,
839 4031 1124 4099 Mirabilis,
1172 4034 1368 4104 inquit,
1405 4035 1549 4104 facta
1583 4043 1660 4088 est
1696 4035 1913 4090 scientia

2035 441 2276 513 πτηνῶν,
2309 442 2539 514 οὐρανοῦ
2569 460 2629 496 τε
2663 443 2755 496 καὶ
2793 445 2901 498 τῶν
2931 445 3052 498 κατ’
3085 446 3343 517 οὐρανὸν,
3387 449 3514 520 περί
3548 467 3610 503 τε

2033 539 2137 610 γῆς
2163 539 2258 594 καὶ
2300 538 2409 592 τῶν
2437 540 2496 592 ἑν
2531 541 2599 610 τῇ
2643 542 2712 611 γῇ
2749 540 2928 608 φυτῶν
2954 540 3304 611 διδαχθέντας
3330 544 3500 612 ἡμᾶς,
3535 543 3610 614 μὴ

2039 630 2131 682 καὶ
2164 628 2232 682 τὰ
2259 629 2387 700 περὶ
2413 630 2511 700 τῆς
2534 629 2805 699 ἡμετέρας
2838 631 3104 698 γενέσεως
3139 633 3202 684 ἐκ
3229 632 3328 702 τῆς
3356 631 3614 708 θεοπνεύ-

2035 736 2162 772 στου
2201 720 2423 790 Γραφῆς
2456 719 3055 792 φωτισθῆναι.·⁹Ὠσπερ
3088 723 3198 794 γὰρ
3243 724 3292 775 οἱ
3339 722 3611 793 ὀφθαλμοὶ

2029 811 2210 883 ἡμῶν,
2235 811 2302 865 τὰ
2327 811 2431 878 ἔξω
2459 811 2762 881 βλέποντες,
2788 813 3014 878 ἑαυτοὺς
3035 815 3133 884 οὐχ
3157 814 3378 886 ὁρῶσιν,
3404 815 3499 868 ἐάν
3532 815 3607 886 μή

2033 921 2136 958 που
2167 903 2312 958 λείου
2345 904 2488 966 τινὸς
2514 903 2758 972 ἅψωνται
2789 905 3035 975 στερεοῦ,
3081 907 3336 962 κάκεῖθεν
3364 907 3610 961 ἀνακλα-

2034 993 2278 1066 σθεῖσαὴ
2314 994 2456 1064 ὄψις,
2483 994 2671 1066 ὥσπερ
2709 995 2814 1048 ἀπὸ
2844 996 3189 1068 παλιρροίας,
3237 1000 3370 1070 ὁρᾷν
3411 999 3610 1064 αὐτοὺς

2031 1087 2236 1159 ποιήσῃ
2263 1086 2331 1140 τὰ
2357 1087 2564 1139 ἑαυτῶν
2592 1087 2818 1142 κατόπιν
2843 1105 2856 1120 ·
2885 1087 3026 1141 οὕτω
3061 1089 3156 1143 καὶ
3185 1093 3213 1143 ὁ
3251 1090 3376 1156 νοῦς
3401 1093 3428 1145 ὁ
3469 1092 3610 1163 ἡμέ-

2029 1195 2205 1250 τερος,
2235 1178 2370 1232 ἄλλα
2399 1178 2558 1249 ὁρῶν,
2590 1179 2765 1242 ἄλλως
2812 1180 3004 1233 ἑαυτὸν
3033 1181 3092 1233 οὺ
3131 1181 3335 1252 βλέπει,
3384 1183 3477 1238 ἐὰν
3529 1185 3605 1256 μὴ

2027 1273 2147 1334 ταῖς
2176 1272 2422 1342 Γραφαῖς
2448 1271 2662 1344 ἐγκύψῃ
2683 1290 2696 1304 ο
2719 1273 2780 1325 τὸ
2799 1273 2908 1345 γάρ
2931 1273 3164 1327 ἐνταῦθα
3191 1274 3327 1344 φῶς,
3359 1277 3608 1330 ἀνακλώ-

2032 1381 2216 1434 μενον,
2243 1363 2337 1416 τοῦ
2373 1363 2704 1435 καθορᾶσθαι
2733 1365 2963 1419 ἕκαστον
2988 1369 3159 1421 αἴτιον
3190 1368 3346 1437 ἡμῶν
3369 1369 3603 1438 γίνεται.

2041 1455 2194 1508 Ἐπεὶ
2239 1455 2488 1509 ἀσύνετοί
2520 1459 2686 1527 ἐσμεν
2727 1458 2957 1522 ἑαυτῶν,
2995 1461 3316 1530 ἀπερίοπτοι
3347 1461 3446 1532 τῆς
3473 1462 3606 1515 ἑαυ-

2025 1547 2133 1602 τῶν
2165 1549 2510 1620 κατασκευῆς
2532 1565 2545 1578 ·
2574 1550 2710 1621 ὅπερ
2742 1551 2926 1620 ἐσμὲν,
2957 1551 3051 1605 καὶ
3077 1553 3128 1604 τί
3165 1556 3332 1623 ἐσμεν
3379 1555 3607 1623 ἀγνοοῦ-

2035 1655 2164 1707 μεν·
2197 1639 2543 1708 ἀμελέστατα
2573 1638 2683 1707 γὰρ
2714 1639 2920 1694 ἑαυτῶν
2953 1640 3293 1710 διακείμεθα,
3322 1641 3430 1694 τῶν
3469 1659 3606 1714 προ-

2031 1729 2226 1799 χείρων
2252 1729 2350 1800 τῆς
2376 1729 2630 1798 γνώσεως
2647 1729 2868 1784 καὶτῶν
2894 1731 3235 1802 μικροτάτων
3263 1731 3368 1786 τῶν
3389 1734 3447 1786 ἐν
3474 1735 3608 1805 ἡμῖν

2027 1818 2228 1886 γνῶσιν
2257 1821 2355 1873 οὐκ
2401 1821 2636 1891 ἔχοντες.
2680 1822 2880 1876 Πολλαὶ
2935 1827 3308 1894 πραγματεῖαι
3365 1825 3492 1897 περὶ¹
3544 1827 3608 1879 τὺ

2029 1910 2189 1982 σῶμα
2233 1911 2293 1964 τὸ
2333 1912 2605 1984 ἡμέτερον
2645 1913 2706 1967 τὸ
2746 1911 3106 1985 ἀνθρώπινον,
3156 1915 3251 1967 καὶ
3295 1916 3394 1968 οὐκ
3435 1915 3606 1985 ὀλίγοι

2026 2005 2134 2058 τῶν
2169 2005 2276 2076 πρὸ
2315 2005 2471 2076 ἡμῶν
2513 2005 2611 2077 τὴν
2643 2008 2819 2059 πᾶσαν
2861 2005 3071 2060 ἑαυτῶν
3127 2007 3361 2078 σπουδὴν
3403 2025 3608 2062 καταν-

2028 2095 2263 2153 άλωσαν.
2297 2097 2418 2152 Κᾶν
2462 2098 2711 2173 ἰατρικὴν
2745 2100 3000 2173 ἐπέλθῃς,
3037 2101 3290 2171 εὑρήσεις
3313 2100 3452 2155 πόσα
3478 2103 3608 2174 περὶ

2025 2189 2126 2260 τῆς
2152 2189 2339 2260 χρείας
2359 2191 2468 2244 τῶν
2486 2193 2770 2264 ἡμετέρων
2799 2194 2928 2263 ἡμῖν
2948 2191 3214 2264 διηγεῖται
3233 2210 3247 2223 ο
3277 2198 3450 2259 πόσας
3477 2195 3609 2266 περὶ

2025 2282 2124 2353 τῆς
2161 2282 2372 2337 ἔνδοθεν
2420 2285 2554 2356 ἡμῖν
2595 2284 2962 2355 κατασκευῆς,
3006 2285 3066 2337 ἐν
3103 2287 3219 2348 ταῖς
3249 2285 3608 2357 ἀνατομικαῖς

2027 2377 2420 2448 ἐγχειρήσεσιν,
2445 2375 2632 2448 ἐξεῦρε
2659 2377 3048 2448 κεκρυμμένας
3074 2377 3253 2441 ὁδούς·
3286 2379 3609 2450 συντρήσεδς

2026 2467 2086 2520 ἐν
2127 2466 2206 2539 τῷ
2250 2469 2468 2537 ἀφανεῖ,
2515 2469 2643 2540 μίαν
2685 2468 2990 2540 σύμπνοιαν
3024 2470 3134 2523 άπὸ
3183 2469 3278 2522 τοῦ
3329 2469 3606 2541 σώματος,

2026 2560 2247 2630 ὀχετοὺς
2273 2561 2602 2633 πνεύματος,
2634 2561 2984 2635 ὑδραγωγίας
3026 2563 3288 2634 αἵματος,
3324 2562 3607 2632 ἀναπνοῆς

2025 2651 2217 2724 ὁλκὴν,
2265 2652 2478 2723 οἴκησιν
2511 2655 2696 2720 ἑστίας
2722 2655 2816 2710 τοῦ
2847 2655 3051 2728 θερμοῦ
3086 2659 3179 2711 ἐπὶ
3207 2658 3304 2729 τῆς
3339 2659 3565 2730 καρδίας
3588 2699 3604 2724 ,

2026 2744 2239 2814 κίνησιν
2282 2745 2482 2819 διαρκῆ
2511 2747 2604 2800 τοῦ
2653 2748 3005 2819 περικαρδίου
3049 2748 3380 2821 πνεύματος.
3423 2750 3608 2820 Μυρία

2027 2839 2157 2909 παρ’
2185 2839 2412 2903 ἐκείνοις
2444 2840 2894 2913 πεφιλοσόφηται,
2929 2844 3024 2896 καὶ
3070 2843 3243 2906 οὐδεὶς
3273 2842 3429 2913 ἡμῶν
3461 2847 3607 2896 ἐστιν

2025 2927 2310 2999 ἔμπειρος,
2349 2928 2427 2999 τῷ
2472 2931 2744 3002 μηδεμίαν
2788 2931 2984 3002 σχολὴν
3013 2931 3410 3002 ἀπονεῖμαιτῷ
3449 2930 3607 3002 μέρει

2024 3019 2196 3091 τούτῳ
2229 3023 2327 3094 τῆς
2355 3021 2672 3088 ἐξετάσεως,
2724 3023 2859 3094 μηδὲ
2891 3021 3094 3092 γνῶναι
3139 3023 3329 3077 ἑαυτὸν
3375 3023 3608 3087 ἕκαστος

2022 3113 2171 3176 ὅστις
2201 3113 2367 3168 ἐστίν.
2395 3112 2621 3166 Εῦκολοί
2645 3115 2814 3184 ἐσμεν
2845 3113 3047 3184 γνῶναι
3087 3115 3314 3186 οὐρανὸν
3343 3114 3542 3185 μᾶλλον
3570 3115 3605 3187 ἢ

2023 3203 2267 3267 ἑαυτούς.
2293 3204 2456 3255 Ὥστε
2490 3204 2564 3275 μὴ
2595 3204 2928 3273 καταφρόνει
2957 3203 3052 3256 τοῦ
3079 3205 3136 3256 ἐν
3179 3204 3261 3256 σοὶ
3287 3202 3564 3274 θαύματος
3588 3218 3603 3232 ο

2026 3297 2222 3368 μικρὸς
2253 3294 2362 3368 γὰρ
2386 3291 2455 3361 εί,
2483 3295 2560 3358 ὡς
2581 3295 2842 3366 νομίζεις,
2887 3296 3058 3368 μέγαν
3089 3297 3146 3350 δέ
3173 3297 3540 3369 ἐπερχόμενος
3576 3297 3606 3349 ὁ

2022 3391 2180 3460 λόγος
2207 3392 2449 3464 εὑρήσει.
2481 3391 2579 3444 Διὰ
2611 3391 2769 3444 τοῦτο
2797 3393 2825 3444 ὁ
2860 3391 3022 3461 σοφὸς
3045 3389 3230 3455 Δαϐὶδ,
3259 3387 3416 3453 εἰδὼς
3449 3388 3608 3460 ἀκρι-

2027 3483 2134 3548 ϐῶς
2178 3484 2369 3538 ἑαυτὸν
2418 3484 2703 3550 ἐξετάσαι,
2755 3482 3252 3554 Ἐθαυμαστώθη,
3302 3482 3504 3552 φησὶν,
3561 3480 3604 3549 ἡ

2026 3577 2250 3648 γνῶσίς
2283 3593 2399 3632 σου
2425 3576 2495 3642 ἐξ
2523 3577 2668 3646 ἐμοῦ
2687 3595 2700 3607 ·
2731 3577 2996 3638 τουτέστι,
3019 3575 3115 3646 τὴν
3135 3574 3336 3645 γνῶσιν
3352 3575 3450 3646 τὴν
3475 3575 3606 3646 περὶ

2026 3671 2120 3724 σοῦ
2159 3669 2486 3741 θαυμαστῶς
2514 3669 2732 3738 ἐξεῦρον
2757 3684 2771 3698 ·
2817 3667 3012 3734 πόθεν;
3057 3667 3158 3732 Ἐξ
3187 3666 3355 3738 ἐμοῦ.
3399 3667 3602 3720 Ἐθαυ-

2020 3761 2308 3833 μαστώθη
2341 3761 2379 3828 ἡ
2411 3759 2635 3830 γνῶσίς
2681 3775 2798 3813 σου
2831 3759 2900 3824 ἐξ
2936 3759 3112 3829 ἐμοῦ’
3150 3759 3244 3811 καὶ
3273 3757 3371 3830 τὴν
3407 3757 3605 3829 τέχνην

2025 3855 2122 3926 τὴν
2152 3854 2209 3907 ἐν
2238 3853 2383 3924 ἐμοὶ,
2424 3853 2524 3925 ὅσῃ
2557 3853 2718 3923 σοφίᾳ
2749 3850 3158 3923 κατεσκευάσθη
3195 3867 3297 3922 μου
3328 3849 3389 3904 τὸ
3419 3849 3602 3920 σῶμα,

2025 3947 2386 4016 κατανοήσας,
2405 3947 2470 3999 ἐκ
2493 3944 2586 3998 τοῦ
2619 3944 2816 4017 μικροῦ
2851 3947 2969 4014 μὲν,
2999 3944 3312 4016 θαυμαστοῦ
3329 3945 3386 3997 δέ
3410 3943 3604 3997 τούτου

2023 4039 2581 4109 κατασκευάσματος,
2615 4037 2706 4090 τὸν
2739 4037 2912 4107 μέγαν
2939 4036 3272 4108 δημιουργὸν
3317 4036 3600 4105 ἐνενοήσα.

347 4135 443 4179 tua
468 4142 533 4179 ex
553 4143 632 4179 me
653 4127 690 4178 ¹.
715 4125 830 4181 Hoc
854 4138 954 4191 est,
980 4144 1098 4198 qua:
1125 4129 1193 4184 de
1217 4138 1269 4184 te
1297 4141 1382 4184 est
1419 4131 1705 4185 scientiam
1733 4131 1966 4187 mirabili
2002 4136 2207 4190 ratione
2224 4131 2887 4204 deprehendi.|Undenam
2927 4133 3132 4203 porro?
3163 4131 3249 4185 Ex
3285 4148 3386 4186 me.
3431 4131 3604 4186 Mira-

345 4217 468 4272 bilis
508 4219 651 4286 facta
678 4227 752 4273 est
796 4220 1015 4274 scientia
1060 4230 1150 4274 tua
1183 4237 1247 4275 ea:
1281 4237 1397 4286 me;
1423 4237 1677 4290 eamque,
1711 4238 1833 4292 qua:
1873 4224 1927 4276 in
1971 4240 2059 4279 me
2103 4235 2210 4292 est,
2243 4235 2440 4289 artem,
2473 4235 2674 4293 quanta
2713 4223 2977 4293 sapientia
3023 4237 3201 4277 meum
3245 4222 3318 4276 sit
3355 4231 3606 4277 constru-

347 4323 494 4365 ctum
534 4325 753 4381 corpus,
797 4313 1176 4377 considerans,
1215 4329 1281 4369 ex
1326 4330 1491 4384 parva
1547 4316 1789 4383 quidem,
1823 4317 1918 4370 sed
1961 4316 2198 4370 mirabili
2233 4317 2334 4370 hac
2359 4315 2587 4381 fabrica,
2615 4316 2668 4369 in
2704 4315 3119 4384 magnisensum
3147 4314 3358 4383 opiﬁcis
3388 4315 3529 4369 veni.

416 4403 472 4456 2.
513 4401 798 4457 Faciamus
831 4405 1093 4460 hominem
1144 4406 1212 4459 ad
1264 4407 1544 4476 imaginem
1594 4417 1826 4460 nostram
1874 4418 1921 4461 et

2098 4407 2151 4462 2.
2185 4406 2538 4476 Ποιήσωμεν
2571 4407 2888 4473 ἄνθρωπον
2919 4407 3048 4459 κατ’
3077 4407 3282 4459 εἰκόνα
3313 4403 3605 4475 ἡμετέραν

346 4495 806 4550 similitudinem'.
836 4495 1127 4552 Ostensum
1166 4507 1251 4552 est
1281 4500 1512 4568 pridem,
1545 4513 1629 4565 ac,
1660 4509 1920 4567 quantum

346 4598 434 4643 sat
461 4596 599 4653 erat,
623 4600 923 4653 ostensum,
960 4592 1208 4660 quisnam
1234 4592 1304 4645 sit
1333 4591 1424 4660 qni
1469 4591 1743 4660 loquatur,
1773 4592 1839 4645 ad
1869 4601 1925 4646 et

345 4697 507 4752 quem
535 4696 715 4737 sermo
743 4682 1026 4752 dirigatur.
1055 4681 1231 4737 liabet
1279 4682 1516 4737 Ecclesia
1555 4684 1620 4738 de
1657 4684 1804 4739 hisce
1838 4699 1926 4738 re-

346 4778 451 4832 bus
507 4775 1027 4839 demonstrationes;
1079 4774 1325 4844 quinimo
1358 4773 1521 4844 325
1559 4775 1718 4828 Iidem
1759 4775 1925 4830 habet

339 4868 497 4922 ιοιιιιιί
534 4867 998 4922 demonstratione
1038 4867 1357 4924 ﬁrmiorem.
1399 4867 1692 4922 Faciamus
1743 4869 1920 4922 homi-

346 4975 492 5014 nem.
538 4957 700 5014 Disce
739 4961 990 5028 teipsum,
1046 4959 1174 5014 hinc
1212 4961 1536 5030 auspicatus.
1579 4959 1826 5015 Nondum
1870 4962 1923 5016 in

346 5051 459 5107 ullo
492 5051 787 5107 creationis
822 5065 989 5120 opere
1019 5065 1122 5106 vox
1161 5051 1252 5106 illa
1295 5052 1601 5123 conscripta
1653 5063 1754 5110 est.
1799 5053 1915 5108 Lux

349 5153 534 5199 creata
576 5151 690 5212 est;
746 5142 1083 5212 simplexque
1140 5143 1529 5213 jussio:Dixit
1583 5145 1744 5211 Deus,
1798 5145 1923 5200 Fiat

349 5235 448 5290 tua:
475 5236 530 5301 ';
573 5235 795 5299 caelum,
833 5234 1088 5304 nullaque
1119 5235 1319 5290 ctelum
1371 5238 1798 5304 consultatione;
1842 5239 1924 5292 lu-

350 5327 607 5392 minaria,
636 5327 950 5397 nullumque
1001 5327 1112 5384 illis
1138 5329 1352 5398 pmivit
1388 5332 1715 5400 consilium;
1750 5347 1922 5396 mare,

349 5429 407 5473 et
434 5433 556 5488 quae
583 5435 867 5480 numerum
898 5421 1165 5481 excedunt
1208 5436 1429 5492 aequora
1455 5439 1470 5490 ;
1499 5421 1764 5492 jussuque
1789 5436 1922 5491 pro-

350 5512 510 5567 ducta
552 5521 704 5578 sunt,
748 5521 806 5567 ut
858 5520 1042 5569 essent
1086 5512 1144 5570 in
1201 5528 1385 5569 rerum
1422 5525 1651 5582 natura;
1685 5515 1921 5588 piscium

1094 5696 1113 5725 ‘
1143 5694 1276 5751 Gen.
1309 5710 1347 5758 ι,
1379 5695 1466 5751 26.

333 5655 374 5782 ξ.
421 5689 444 5764 ,⁸
469 5689 610 5748 Psal-
645 5706 911 5764 Cnxvm,
943 5691 996 5748 6.
1094 5696 1113 5725 ί
1143 5694 1276 5751 Gen.
1309 5710 1347 5758 ι,
1379 5695 1466 5751 26.
1542 5695 1584 5768 _'
1609 5693 1735 5753 ibid.
1769 5695 1819 5750 5.

2022 4500 2123 4554 καὶ
2154 4501 2283 4554 καθ’
2309 4505 2613 4570 ὁμοίωσιν.
2658 4499 2897 4573 Ἐδείχθη
2926 4499 3117 4571 πρώην
3157 4501 3214 4552 ἐν
3254 4499 3601 4571 παραδρομῇ,

2020 4594 2114 4646 καὶ
2137 4593 2449 4665 ἀρκούντως
2478 4592 2712 4664 ἐδείχθη,
2737 4594 2821 4657 τίς
2852 4595 2881 4646 ὁ
2909 4594 3104 4662 λέγων,
3146 4591 3238 4646 καὶ
3267 4592 3404 4662 πρὸς
3430 4591 3549 4645 τίνα
3575 4594 3607 4645 ὁ

2019 4687 2196 4756 λόγος.
2231 4687 2386 4757 Ἔχει
2421 4691 2454 4758 ἡ
2501 4687 2800 4758 Ἐκκλησία
2841 4685 2940 4750 τὰς
2979 4688 3107 4756 περὶ
3149 4684 3354 4738 τούτων
3387 4684 3606 4736 ἀποδεί-

2023 4779 2161 4843 ξειςο
2199 4779 2401 4850 μᾶλλον
2452 4780 2511 4833 δὲ
2556 4780 2670 4851 ἔχει
2709 4779 2912 4845 πίστιν,
2974 4777 3299 4842 ἀποδείξεως
3332 4775 3609 4846 βεϐαιοτέ-

2025 4890 2145 4944 ραν.
2190 4873 2549 4943 Ποιήσωμεν
2581 4873 2915 4940 ἅνθρωπον.
2980 4869 3280 4939 Κατάμαθε
3334 4867 3604 4934 σεαυτὸν,

2022 4961 2272 5015 ἐντεῦθεν
2315 4962 2643 5033 ἀρξάμενος.
2677 4960 2846 5014 Οὔπω
2901 4959 3031 5031 περὶ
3090 4957 3250 5012 ἄλλου
3284 4955 3394 5010 τῶν
3432 4973 3606 5009 κατα-

2024 5055 2416 5126 σκευασμάτων
2431 5054 2566 5124 αῦτη
2598 5055 2631 5124 ή
2665 5053 2816 5122 φωνὴ
2835 5053 3201 5122 ἀνάγραπτος.
3225 5049 3343 5113 Φῶς
3366 5047 3605 5116 ἐγένετο,

2022 5147 2117 5200 καὶ
2150 5145 2355 5201 ἁπλοῦν
2384 5145 2733 5217 πρόσταγμα.
2773 5140 2960 5197 Εἶπεν
2987 5147 3019 5198 ό
3061 5142 3234 5208 Θεός·
3282 5135 3609 5208 Γενηθήτω

2022 5236 2175 5308 φῶς·
2210 5238 2459 5309 οὐρανὸς,
2489 5237 2582 5290 καὶ
2611 5237 2742 5291 ἄνευ
2780 5235 2979 5308 βουλῆς
3022 5237 3051 5290 ὁ
3087 5234 3352 5306 οὐρανός·
3389 5233 3610 5304 φωστῆ-

2024 5347 2136 5401 ρες,
2168 5330 2263 5382 καὶ
2288 5330 2440 5383 οὐδὲν
2473 5328 2944 5400 προεὸουλεύσατο
2977 5327 3108 5401 περὶ
3136 5325 3244 5380 τῶν
3267 5327 3604 5398 φωστήρων·

2021 5422 2266 5476 θάλασσα
2288 5421 2384 5476 καὶ¹
2406 5424 2624 5495 πελάγη
2652 5422 2882 5496 ἄπειρα,
2914 5422 3010 5476 καὶ
3040 5422 3324 5492 προσταγῇ
3348 5417 3608 5491 παρήχθη

2021 5517 2100 5580 εἰς
2125 5515 2186 5568 τὸ
2227 5511 2387 5570 εἶναι.
2435 5515 2657 5588 Ἰχθύων
2701 5516 2834 5588 γένη
2874 5511 3228 5579 παντοδαπὰ,
3285 5510 3608 5566 κελευθέντα
