3838 6214
303 328 385 389 1-5

1263 305 1612 365 APPENDIX
1650 300 1941 361 OPEBUM
1981 300 2043 355 S.
2080 290 2329 351 BASlLIl
2360 285 2602 343 «MAGNI.

3505 272 3579 330 16

305 451 420 507 Deo
445 461 512 502 ac
538 438 835 499 illiberales
862 431 1180 507 opiniones;
1210 425 1515 496 cuiusmodi
1544 422 1769 495 quidam
1798 421 1882 476 di-
1914 453 1926 481 λ

2026 414 2133 469 ἰεοῦ
2183 413 2513 507 γεγόναμεν,
2556 408 2888 479 σύμμορφος
2944 404 3164 466 πάντως
3201 401 3336 472 ἡμῖν
3368 397 3517 450 ἐστιν
3547 393 3579 445 ὁ

307 547 458 597 cunt.
493 535 709 593 Etenim
753 529 801 585 si
834 527 903 583 ad
947 524 1041 580 Dei
1087 519 1381 590 imaginem
1434 514 1638 571 conditi
1671 526 1881 577 sumus,

308 634 453 689 Deus
497 628 655 687 nobis
704 634 930 696 prorsus
964 613 1265 674 conformis
1317 608 1570 667 exsistit?
1604 622 1705 663 nec
1753 602 1894 658 forte

310 709 509 783 desunt
559 721 670 776 Deo
707 714 853 773 oculi
888 719 943 767 ει
991 720 1185 768 aures;
1238 709 1424 772 caput,
1482 709 1784 766 manusque
1838 701 1895 747 et

312 832 505 884 coxas,
529 814 729 886 quibus
769 805 1051 866 fulciatur,
1087 797 1290 878 habet?
1328 793 1539 850 Etenim
1568 790 1621 843 in
1651 787 1896 855 Scriptu-

313 927 377 967 ra
406 875 606 966 dicitur
638 904 779 958 Deus
822 897 1041 960 sedere;
1071 875 1299 962 pedibus
1324 883 1582 959 praeditus
1605 894 1743 939 esse.
1780 875 1899 947 qui-

312 1007 416 1063 bus
448 998 708 1057 ambulet.
746 991 900 1049 Haud
927 988 1206 1044 enimvero
1236 980 1380 1036 Deus
1404 976 1528 1031 talis
1559 981 1661 1029 est.
1690 971 1898 1026 Absur-

317 1100 413 1154 das
436 1094 619 1149 animo
642 1087 834 1160 ablega
862 1078 1241 1153 cogitationes.
1270 1073 1500 1129 Sensum
1537 1065 1713 1137 abjice
1735 1077 1767 1116 a
1805 1058 1898 1115 Dei

318 1189 704 1244 abhorrentem
733 1172 1124 1247 magnitudine.
1150 1168 1292 1223 Deus
1322 1162 1468 1219 omni
1506 1165 1665 1212 vacat
1691 1153 1897 1224 ﬁgura;

319 1278 550 1349 simplex
576 1285 681 1337 e5t,
712 1243 852 1325 mole
879 1272 1027 1320 caret
1059 1270 1116 1316 et
1150 1255 1477 1328 quantitate.
1505 1246 1627 1302 Noli
1660 1255 1753 1298 tuo
1787 1243 1904 1311 ipse

319 1372 502 1428 animo
538 1366 768 1422 formam
827 1360 881 1413 in
931 1356 1040 1411 Deo
1065 1351 1327 1421 cogitare.
1376 1341 1494 1399 Noli
1524 1337 1746 1394 Judaice
1779 1347 1904 1388 eum

320 1466 414 1535 qui
460 1472 692 1528 magnus
719 1461 824 1517 est,
859 1452 918 1505 in
956 1452 1241 1517 angustum
1278 1448 1494 1508 cogere.
1541 1430 1662 1486 Noli
1712 1438 1908 1495 corpo-

319 1556 431 1615 reis
476 1555 647 1609 Deum
695 1543 1025 1616 cogitatibus
1076 1531 1507 1606 complectizne
1552 1534 1656 1580 tuae
1706 1518 1913 1576 mentis

324 1645 590 1715 angustiis
639 1656 763 1695 eum
809 1629 1247 1691 circumscribas.
1294 1616 1779 1689 lncomprebensus
1827 1617 1912 1665 est

322 1738 714 1810 magnitudine.
749 1730 937 1800 Cogita
965 1735 1243 1795 magnum,
1278 1715 1526 1782 addeque
1571 1721 1767 1779 magno
1793 1718 1909 1758 am-

1991 508 2125 571 Θεός
2150 523 2164 572 ;
2197 505 2292 560 καὶ
2320 502 2590 574 ὀφθαλμοί
2614 500 2758 571 τάχα
2789 498 2919 570 περί
2947 495 3103 561 Θεὸν,
3136 485 3379 557 καίὧτα,
3409 502 3581 556 κεφα-

1993 600 2079 671 λὴ,
2125 601 2325 670 χεῖρες,
2380 594 2552 665 ἰσχίον
2597 593 2684 661 ἐφ’
2718 582 2779 644 οῦ
2823 589 3073 660 ἴδρυται;
3122 584 3360 653 Λέγεται
3404 577 3516 649 γὰρ
3550 577 3583 632 ὁ

1993 667 2223 758 Θεὸς-*ὲν
2243 693 2311 762 τῇ
2340 689 2534 761 Γραφῇ
2566 683 2931 749 καθέζεσθαιο
2964 681 3061 734 καὶ
3102 677 3266 740 πόδες
3308 671 3482 743 αὐτῷ,
3511 667 3581 724 δι’

1996 782 2071 843 ὧν
2102 785 2417 859 περιπατεῖ.
2459 777 2671 834 Οὐκοῦν
2703 775 2945 839 τοιοῦτος
2969 777 2998 829 ὁ
3026 772 3192 836 Θεός;
3246 762 3587 823 Ἀποσκεύα-

2000 888 2090 925 σον
2109 846 2188 941 (r1).
2209 870 2308 939 τῆς
2328 864 2556 937 καρδίας
2579 861 2942 934 φαντάσματα
2965 857 3188 929 ἀπρεπῆ
3212 871 3226 886 ο
3258 851 3455 907 ἔκϐαλε
3476 846 3587 902 ἀπὸ

2000 962 2095 1018 σοῦ
2120 939 2365 1016 ήδιάνοιαν
2404 954 2831 1029 ἀφαρμόςουσαν
2871 951 2950 1023 τῷ
3009 948 3229 1023 μεγέθει
3282 943 3379 999 τοῦ
3422 939 3585 996 Θεοῦ.

2013 1054 2447 1127 Ἀσχημάτιστος
2493 1051 2523 1103 ὁ
2572 1047 2725 1114 Θεὸς,
2753 1044 2983 1111 ἁπλοῦς,
3023 1039 3323 1113 ἀμεγέθης,
3357 1036 3589 1096 ἄποσοςτ

2001 1151 2094 1224 Μὴ
2111 1124 2448 1218 -φαντασθῇς
2487 1139 2700 1214 μορφὴν
2727 1139 2820 1192 ἐπὶ
2839 1134 2998 1190 Θεοῦ·
3035 1135 3110 1206 μὴ
3132 1124 3588 1202 κατασμικρύνῃς

2018 1220 2323 1302 Ἰουδαϊκῶς
2349 1237 2439 1291 τὸν
2472 1234 2647 1306 μέγαν
2664 1249 2677 1262 ·
2707 1229 2783 1302 μὴ
2803 1225 3219 1301 περιλάϐῃςτὸν
3242 1220 3378 1275 Θεὸν
3407 1231 3595 1287 σωμασ

2004 1335 2180 1396 τικαῖς
2224 1330 2485 1392 ἐννοίαις·
2530 1326 2607 1397 μὴ
2654 1321 3003 1396 περιγράψῃς
3049 1315 3213 1372 αὐτὸν
3255 1311 3334 1384 τῷ
3379 1309 3456 1381 σῷ
3488 1306 3589 1378 νῷ.

2019 1419 2418 1496 Ἀπερίληπτός
2465 1419 2582 1471 ἐστι
2641 1415 2722 1486 τῷ
2781 1412 3028 1484 μεγέθει.
3088 1404 3443 1473 Κατανόησον
3497 1398 3592 1452 τὸν

2013 1487 2209 1587 μέγαν,
2253 1487 2350 1566 καὶ
2376 1507 2455 1578 τῷ
2493 1504 2713 1578 μεγάλῳ
2739 1502 2975 1576 πρόσθες
2997 1500 3182 1553 πλεῖον
3209 1493 3303 1549 τοῦ
3334 1487 3596 1560 νενοημέ-

2010 1624 2127 1670 νου,
2158 1604 2255 1659 καὶ
2282 1601 2360 1673 τῷ
2390 1599 2599 1654 πλείονι
2631 1597 2693 1650 τὸ
2734 1595 2919 1649 πλεῖον
2940 1609 2955 1624 ’
3005 1591 3099 1646 καὶ
3124 1589 3216 1642 τὸν
3251 1582 3479 1639 σεαυτοῦ
3502 1581 3598 1634 λο-

2012 1698 2212 1770 γισμὸν
2235 1698 2442 1761 πεῖσον,
2470 1688 2686 1746 ὅτιτῶν
2721 1687 3040 1760 ἀπεράντων
3064 1683 3167 1737 οὐκ
3193 1678 3458 1750 ἐφίξεται.

324 1774 714 1810 ...αδηιιυωυω
753 1774 937 1800 wn"—
965 1774 1159 1795 --μυ---κ
1231 1774 1242 1783 .
1439 1774 1453 1782 .
1664 1774 1688 1779 -

324 1834 465 1905 plius
489 1846 651 1903 quam
675 1815 1387 1896 cogitaverismmpliusque
1424 1807 1599 1863 adhuc
1627 1797 1982 1872 superaddas,
2009 1807 2301 1865 certusque
2333 1791 2519 1846 animo
2550 1788 2647 1853 sis,
2680 1799 2787 1839 non
2825 1796 2988 1854 posse
3015 1779 3156 1844 ﬁeri,
3189 1786 3251 1832 ut
3295 1787 3421 1844 qua;
3468 1774 3603 1825 sunt

327 1929 555 1990 inﬁnita,
583 1936 820 1993 unquam
851 1912 1183 1985 assequaris.

397 2020 451 2076 5.
490 1977 854 2082 Noliitaque
890 1977 1143 2078 «cog-itare
1193 2001 1462 2071 ﬁguram;
1492 2010 1522 2048 a
1555 1989 1796 2063 potentia
1828 1985 1912 2041 in-
1940 1993 1988 2052 Β
2085 1977 2140 2033 5.

331 2111 593 2184 δειιίςὶιιιι·
634 2106 800 2163 Deus.
852 2100 971 2157 Non
1008 2095 1406 2167 quantitatem;
1442 2086 1647 2143 etenim
1696 2082 1899 2149 ubique

328 2216 435 2271 est,
464 2215 521 2260 et
546 2215 711 2271 supra
744 2210 924 2253 rerum
978 2203 1193 2247 omnem
1246 2182 1668 2240 universitatem
1730 2173 1910 2230 modis

329 2296 629 2371 majoribus
679 2284 1045 2356 excedit:qui
1100 2295 1204 2339 nec
1256 2272 1545 2332 attrectari
1593 2276 1779 2340 queat,
1816 2279 1915 2319 nec

329 2368 525 2457 videri,
550 2394 643 2443 aut
671 2392 851 2439 mente
883 2375 1135 2446 intelligi,
1176 2371 1274 2443 qui
1307 2383 1413 2426 nec
1456 2368 1627 2438 ﬁgura
1659 2373 1931 2418 coercea-

333 2496 446 2551 tur,
476 2496 575 2537 nec
607 2472 983 2547 magnitudine
1010 2464 1517 2526 circumscribatur,
1547 2472 1653 2513 nec
1675 2450 1915 2525 potentia

332 2585 650 2634 mensuram
692 2569 917 2629 habeat,
960 2575 1068 2617 non
1115 2553 1379 2626 temporis
1420 2548 1780 2608 concludatur
1813 2557 1916 2596 an-

335 2668 549 2743 gustiis,
608 2678 716 2719 non
776 2658 952 2714 tribus
981 2651 1233 2709 terminis
1284 2646 1529 2702 ﬁniatur.
1578 2634 1916 2696 Nibilenim

333 2776 562 2835 prorsus
592 2759 648 2813 in
692 2755 836 2818 Deo,
869 2744 1175 2818 cuiusmodi
1218 2743 1271 2798 in
1302 2739 1483 2804 nobis,
1511 2744 1606 2791 aut
1652 2732 1819 2787 etiam
1863 2726 1918 2778 in

336 2860 409 2916 iis
434 2872 556 2930 quae
588 2852 706 2912 sola
751 2856 939 2907 mente
968 2848 1202 2917 possunt
1244 2835 1494 2905 intelligi.

412 3044 467 3099 6.
508 3042 885 3112 Agnoscamus
935 3028 1065 3100 quid
1117 3023 1215 3082 Dei
1268 3019 1545 3093 proprium
1598 3013 1922 3071 habeamus,

342 3149 507 3208 atque
551 3099 606 3188 id
654 3128 797 3201 quod
832 3099 1019 3181 estad
1074 3117 1365 3188 imaginem
1407 3110 1551 3168 baud
1607 3116 1835 3178 prorsus
1866 3099 1923 3154 in

341 3231 516 3286 forma
552 3236 815 3297 corporea
854 3217 1027 3288 accipi
1071 3225 1254 3285 posse.
1294 3206 1425 3262 Hmc
1458 3203 1657 3274 quippe
1704 3199 1761 3255 in
1804 3209 1929 3251 cor-

344 3336 476 3390 pore
522 3327 607 3374 est
653 3313 829 3371 oculis
879 3306 1508 3378 conspicuoznusquam
1540 3306 1675 3349 vero
1723 3288 1842 3353 ﬁat,
1867 3293 1931 3339 ut

344 3412 490 3485 quod
518 3413 859 3477 inaspectum
885 3411 991 3469 est,
1017 3400 1072 3455 in
1099 3411 1159 3452 re
1192 3392 1369 3451 oculis
1399 3386 1693 3456 conspicua
1722 3380 1927 3448 ﬁgure-

349 3521 472 3575 tur;
499 3514 557 3560 at
601 3515 799 3572 neque,
833 3505 894 3553 ut
920 3492 1067 3567 quod
1102 3482 1444 3557 corruptioni
1493 3475 1791 3536 obnoxium
1820 3478 1927 3535 est,

347 3600 464 3668 eius
496 3563 822 3665 imago-sit,
875 3563 1020 3660 quod
1049 3583 1118 3640 ab
1144 3580 1293 3638 omni
1319 3584 1405 3632 est
1438 3569 1789 3640 corruptione
1830 3563 1933 3619 im-

348 3703 536 3747 mune.
569 3688 782 3741 Etenim
823 3693 1023 3751 corpus
1062 3680 1412 3744 augmentum
1442 3663 1594 3730 facit,
1618 3655 1937 3715 diminutio-

350 3796 474 3839 nem
498 3777 723 3849 patitur,
755 3746 1117 3849 consenescit,
1145 3763 1248 3819 alia
1288 3775 1355 3813 ex
1404 3757 1510 3813 alia
1550 3751 1812 3824 qualitate
1840 3746 1935 3800 de-

355 3836 563 3928 teren'te
592 3836 872 3927 mutatur;
903 3841 1047 3913 aliud
1072 3857 1125 3910 in
1155 3854 1441 3924 juventute
1465 3852 1573 3910 est,
1602 3851 1766 3912 atque
1787 3836 1936 3893 aliud

352 3970 408 4023 in
444 3970 756 4025 senectute;
784 3954 929 4011 aliud
957 3966 1081 4008 cum
1107 3959 1365 4019 prospera
1396 3941 1571 3998 utitur
1600 3932 1934 3997 valetudine,

354 4071 522 4132 atque
574 4052 719 4111 aliud
774 4064 896 4105 cum
949 4042 1155 4101 morbis
1185 4041 1449 4111 iactatur;
1487 4029 1632 4087 aliud
1673 4041 1797 4082 cum
1848 4023 1940 4077 la:-

360 4117 525 4214 tatiir,
552 4147 697 4203 aliud
736 4157 861 4198 cum
899 4139 953 4193 in
990 4132 1269 4192 doloribus
1307 4135 1591 4187 versatur;
1633 4117 1781 4174 aliud
1806 4128 1945 4185 prte-

359 4211 551 4305 ﬁdens,
583 4236 730 4295 aliud
762 4248 885 4291 cum
920 4227 1143 4291 metuit;
1180 4220 1331 4277 aliud
1378 4218 1434 4272 in
1484 4211 1736 4285 penuria,
1784 4215 1944 4275 atque

360 4339 506 4394 aliud
537 4337 590 4390 in
628 4323 989 4388 redundantia
1038 4336 1104 4375 ac
1149 4314 1474 4376 saturitate;
1529 4304 1674 4362 aliud
1706 4304 1761 4356 in
1787 4311 1945 4370 pace,

364 4441 528 4500 atque
565 4424 710 4480 aliud
745 4422 802 4476 in
840 4414 1005 4472 bello.
1037 4410 1192 4466 Alius
1221 4401 1501 4477 vigilantis
1534 4406 1620 4456 est
1654 4394 1827 4459 color,
1861 4398 1943 4444 at-

364 4488 470 4596 que
503 4521 640 4593 alius
679 4506 1026 4570 dormientis.
1055 4500 1307 4572 Vigilans
1352 4493 1526 4564 magis
1563 4488 1794 4552 eﬁloret,
1838 4495 1948 4552 quo

366 4590 566 4673 rubore
604 4602 976 4681 perfunditur,
1010 4596 1222 4652 idcirco
1278 4589 1409 4660 quia
1450 4584 1601 4640 calor
1632 4588 1789 4636 extra
1821 4589 1953 4647 pro-

366 4706 646 4780 greditur;
676 4692 1005 4755 dormientis
1030 4698 1213 4744 autem
1249 4675 1600 4750 confrigescit
1625 4671 1774 4727 calor
1807 4677 1863 4724 et
1892 4666 1948 4720 in

366 4770 692 4874 profundum
748 4786 1121 4850 eontruditur;
1176 4788 1343 4847 atque
1395 4773 1448 4828 id
1507 4780 1686 4825 causa;
1725 4770 1813 4819 est
1853 4773 1952 4814 cur

369 4849 794 4961 gubpallescant,
827 4877 925 4949 qui
952 4887 1146 4932 somno
1184 4866 1349 4938 sopiti
1397 4871 1543 4919 sunt.
1572 4857 1823 4925 Quonam
1851 4849 1954 4921 igi-

372 4996 463 5039 tur
478 4940 672 5043 Ιιῐιοάο,
709 4972 852 5044 quod
882 4966 963 5023 sic
991 4979 1059 5021 ex
1113 4961 1220 5018 alio
1265 4956 1410 5012 aliud
1440 4958 1633 5012 mutat,
1658 4960 1783 5001 eum
1808 4940 1953 4997 refe-

372 5090 461 5133 rat
487 5074 581 5146 qui
615 5071 684 5127 ab
715 5066 861 5125 omni
899 5059 1157 5119 immunis
1205 5050 1504 5108 mutatione
1529 5040 1655 5099 est?
1704 5038 1758 5093 id
1811 5032 1954 5105 quod

371 5181 653 5239 nunquam
679 5159 951 5222 consistit,
982 5168 1084 5222 nec
1113 5152 1168 5204 in
1195 5147 1386 5202 eodem
1419 5146 1563 5195 statu
1592 5138 1793 5191 manet,
1826 5140 1957 5181 eum

1522 5228 1537 5239 .
1597 5227 1608 5239 .
1670 5223 1724 5239 ,η
1758 5215 1929 5239 ΜΛ,

372 5261 465 5332 qui
489 5215 949 5322 eode-mnsemper
971 5216 1134 5301 modo
1159 5247 1412 5310 peraeque
1437 5243 1497 5287 se
1522 5223 1724 5283 habet?
1757 5215 1962 5276 Dilabi-

376 5308 465 5332 γη
495 5308 680 5315 --ν-η-
852 5308 866 5322 ,
1161 5308 1175 5310 _

376 5365 469 5409 tur
503 5350 679 5413 nobis,
711 5346 856 5402 velut
884 5355 974 5405 res
1005 5340 1152 5393 ﬂuxa
1179 5348 1199 5387 :
1227 5330 1545 5401 priusquam
1602 5308 1955 5385 compereri-

377 5407 523 5510 mus,
567 5454 628 5496 se
665 5407 913 5494 uelocius
945 5426 1238 5487 subducit:
1268 5419 1528 5476 aliud-et
1584 5409 1691 5465 alio
1736 5407 1961 5475 apparet

328 5613 333 5618 '
376 5494 675 5593 ila—manum
709 5540 925 5597 corpus.
972 5521 1053 5578 Ad
1111 5513 1397 5584 imaginem
1433 5513 1693 5562 nostram.
1726 5494 1963 5563 Quinam

449 5756 532 5830 (α)
562 5749 1029 5817 Ἀποσκεύασον.
1057 5739 1235 5809 Ειὶὶιί,
1252 5728 1653 5803 ἀποσκεύαζον.
1680 5720 1871 5805 Enna.

2170 1974 2266 2044 Μὴ
2309 1963 2404 2024 οῦν
2451 1965 2639 2037 σχῆμα
2683 1961 2916 2034 νοήσῃς
2971 1956 3082 2011 ἀπὸ
3130 1954 3416 2023 δυναμεως
3469 1945 3604 2009 Θεὸς

2010 2072 2234 2126 νοεῖται.
2253 2039 2372 2134 ⁷Μὴ
2400 2056 2664 2131 μέγεθοςο
2703 2046 2985 2120 πανταχοῦ
3023 2048 3134 2117 γάρ
3164 2044 3303 2108 ἐστι,
3330 2040 3427 2094 καὶ
3454 2039 3603 2107 ὑπὲρ

2004 2162 2065 2217 τὸ
2093 2159 2203 2213 πᾶν
2230 2148 2573 2225 περισσεύει,
2603 2145 2905 2213 ἀνέπαφον,
2929 2140 3182 2213 ἀόρατον,
3205 2130 3603 2201 ἀκατανόητονο

2013 2252 2153 2325 μήτε
2185 2223 2428 2318 σχήματι
2467 2235 3045 2313 περιλαμϐανόμενον,
3081 2229 3218 2301 μήτε
3254 2223 3477 2298 μεγέθει
3501 2237 3609 2273 πε-

2018 2314 2421 2418 ριγραφόμενον
2443 2355 2457 2367 ·
2493 2333 2569 2408 μὴ
2597 2330 2825 2401 δυνάμει
2843 2322 3113 2398 ὲκμετρού
3123 2336 3305 2394 μενον,
3328 2317 3403 2390 μὴ
3425 2314 3608 2387 χρόνῳ

2016 2405 2507 2511 περικλειὸμενον,⁷
2530 2425 2605 2497 μὴ
2629 2423 2832 2495 πέρασι
2862 2418 3042 2490 τρισὶν
3073 2411 3412 2486 ὁριζόμενον.
3439 2405 3612 2462 Οὐδὲν

2014 2500 2127 2603 γάρ
2152 2500 2464 2585 ἐστιν-ὅλως
2495 2517 2624 2591 περί
2656 2515 2810 2581 Θεὸν,
2849 2514 3033 2567 ὁποῖον
3067 2506 3196 2578 περὶ
3233 2505 3404 2577 ἡμᾶς,
3444 2501 3478 2572 ἣ
3509 2500 3612 2552 καὶ

2014 2591 2294 2695 τὰίμόνως
2319 2614 2506 2687 νοητά.
2536 2611 2663 2675 Πῶς
2686 2603 2780 2663 οῦν
2814 2608 2850 2678 ἡ
2881 2606 3074 2676 Γραφη
3113 2595 3268 2654 εἶπεν
3298 2595 3447 2669 ἡμᾶς
3480 2591 3611 2646 κατ’

2016 2715 2202 2770 εἰκόνα
2228 2709 2364 2764 Θεοῦ
2391 2702 2722 2776 γεγενῆσθαι
2746 2717 2762 2766 ;

1524 2832 1772 2900 Quonam
1815 2824 1975 2895 igitur
2020 2813 2181 2871 modo
2224 2808 2506 2878 Scriptura
2539 2803 2608 2857 ad
2641 2800 2735 2855 Dei
2790 2812 2888 2853 nos
2935 2792 3226 2864 imaginem
3277 2788 3451 2843 factos
3487 2796 3627 2838 esse

1951 3007 1996 3065 ο
2099 2990 2153 3046 6.
2195 2981 2546 3055 Ἐπιγνῶμεν
2571 2977 2623 3032 τί
2656 2977 2855 3033 οίκεῖον
2891 2972 3029 3029 Θεοῦ
3058 2971 3276 3042 ἔχομεν,
3315 2984 3413 3021 και
3443 2981 3528 3020 οτι
3551 2973 3625 3018 τὸ·

1996 3076 2150 3141 ’κατ’
2200 3078 2390 3132 εἰκόνα
2440 3072 2661 3134 πάντως
2712 3069 2814 3122 οὐκ
2857 3068 2916 3119 ὲν
2961 3067 3029 3137 τῇ
3084 3061 3369 3134 σωματικῇ
3428 3059 3619 3131 μορφῇ

2028 3171 2364 3246 ὲκληφθῆναι
2399 3162 2643 3220 δυνατόν.
2694 3160 2756 3212 Ἦ
2798 3159 2895 3229 μὲν
2942 3155 3051 3227 γὰρ
3081 3154 3174 3208 ὲπί
3198 3149 3474 3225 ὁρωμένου
3518 3147 3628 3202 σῶ-

2030 3243 2234 3341 ματοςο
2275 3263 2334 3315 ὲν
2371 3254 2552 3331 ὀρατῷ
2586 3254 2645 3308 δὲ
2682 3252 2743 3307 τὸ
2793 3249 3026 3322 ἀόρατον
3072 3246 3136 3300 ού
3184 3243 3622 3317 σχηματίζεται·

2030 3334 2146 3415 ἀλλ’
2183 3355 2304 3411 οὐδὲ
2339 3352 2437 3424 μὲν
2467 3350 2542 3422 (b)
2570 3348 2635 3403 τὸ
2671 3343 2914 3417 φθαρτὸν
2961 3341 3047 3412 εἴη
3092 3338 3160 3393 ἂν
3201 3337 3297 3390 τοῦ
3335 3334 3644 3407 ἁφθάρτουι

2032 3454 2067 3524 ἡ
2096 3447 2281 3505 εἰκών.
2313 3443 2387 3498 Τὸ
2422 3441 2582 3512 σῶμα
2615 3439 2715 3512 μὲν
2730 3437 2855 3508 ’γὰρ
2886 3431 3132 3498 αὒξεται,
3154 3428 3421 3502 μειοῦται,
3445 3428 3625 3498 γηρᾷ,

2033 3520 2362 3599 ἀλλοιοῦται.
2400 3533 2568 3588 Ἀλλο
2597 3531 2746 3584 ἐστὶν
2780 3531 2838 3583 ὲν
2859 3530 2927 3599 τῇ
2956 3525 3203 3598 νεότητι,
3249 3523 3345 3576 καὶ
3385 3520 3515 3576 ἄλλο
3563 3522 3639 3574 ὲν·

2035 3637 2216 3707 γήρᾳν
2247 3630 2375 3684 ἄλλο
2411 3628 2540 3680 ὅταν
2571 3624 2793 3693 εὐεκτῇ,
2832 3621 2927 3674 καὶ
2958 3617 3087 3675 ἄλλο
3123 3618 3255 3671 ὅταν
3290 3618 3350 3669 ὲν
3392 3614 3631 3668 πάθεσιν

2035 3706 2264 3801 ᾗέίᾶλλο
2292 3718 2740 3792 εὐφραινόμενον,
2780 3715 2878 3769 καί
2908 3712 3036 3767 ἄλλο
3067 3709 3407 3781 λυπούμενον
3439 3725 3454 3739 ’
3496 3706 3632 3760 ἄλλο

2039 3800 2297 3890 θαρροῦν,
2329 3811 2426 3867 καὶ
2456 3808 2586 3863 ἄλλο
2616 3806 2984 3879 φοϐούμενονο
3026 3802 3155 3859 ἄλλο
3192 3804 3250 3856 ὲν
3294 3800 3492 3871 ἐνδείᾳ,
3528 3800 3633 3853 καὶ

2040 3911 2169 3967 ἄλλο
2194 3910 2251 3963 ὲν
2283 3904 2568 3977 πλησμονῇ
2590 3919 2604 3932 ·
2630 3900 2759 3957 ἄλλο
2781 3900 2839 3954 ὲν
2863 3899 3077 3970 εἰρήνῃ,
3098 3895 3193 3951 καὶ
3213 3894 3344 3948 ἀλλο
3368 3896 3426 3948 ὲν
3452 3894 3630 3970 μάχῃ,

2042 4006 2170 4062 ἀλλο
2207 4001 2406 4074 χρῶμα
2432 3995 2816 4071 ἐγρηγορότος,
2849 3992 2942 4045 καί¹
2968 3989 3095 4044 ἄλλο
3119 3986 3498 4051 καθεύδοντος*
3530 3984 3635 4039 τοῦ

2049 4098 2144 4170 μὲν
2169 4093 2379 4159 ἐξανθεῖ
2398 4090 2534 4162 πρὸς
2560 4088 2623 4141 τὸ
2654 4084 3038 4159 ἐρυθρότερον,
3080 4078 3174 4134 τοῦ
3215 4078 3418 4151 θερμοῦ
3446 4079 3540 4132 ἐπὶ
3568 4078 3636 4132 τὸ

2046 4190 2152 4255 ἔξω
2178 4184 2483 4261 χωροῦντος
2501 4199 2515 4215 ο
2551 4180 2648 4235 τοῦ
2672 4180 2729 4233 δὲ
2761 4177 3098 4247 κατέψυκται
3124 4174 3222 4228 καὶ
3249 4170 3634 4234 συνέσταλται,

2048 4254 2138 4337 ara:
2179 4254 2239 4335 et
2265 4254 2363 4333 επὶ
2390 4278 2452 4332 τὸ
2491 4275 2652 4347 βάθος
2682 4272 2780 4344 τὴν
2818 4269 3132 4343 θερμότητα
3163 4254 3504 4320 εἰσδύεσθαι·
3550 4264 3636 4318 διδ

1975 4383 2020 4437 D
2050 4374 2146 4428 καὶ
2174 4371 2407 4442 ῦπωχρα
2433 4368 2540 4420 τῶν
2584 4363 2944 4435 κοιμωμένων
2991 4358 3059 4413 τά
3098 4356 3348 4429 σώματα.
3382 4355 3507 4421 Πῶς
3539 4351 3637 4410 οὖν

2045 4466 2268 4521 δύναται
2295 4463 2357 4517 τὸ
2386 4458 2767 4530 ἀλλοιούμενον
2796 4453 2876 4526 τῷ
2899 4450 3244 4522 ἀναλλοιώτῳ
3274 4448 3546 4514 ὲοικέναι;
3573 4447 3640 4501 τὸ

2053 4560 2321 4634 μηδέποτε
2364 4554 2596 4625 ἑστηκὸς
2633 4550 2770 4625 μηδὲ
2816 4549 2909 4603 ἐπὶ
2959 4543 3157 4602 ταυτοῦ
3205 4543 3387 4617 μένον,
3421 4540 3503 4612 τῷ
3548 4541 3640 4594 ἀεὶ

2048 4633 2311 4716 ὡσαύτως
2332 4649 2434 4705 καὶ
2464 4645 2608 4701 κατά
2650 4643 2723 4698 τὰ
2750 4641 2893 4696 αὐτὰ
2920 4640 3130 4711 ἔχοντι;
3172 4635 3466 4705 Ἐκφεύγει
3489 4633 3643 4705 ἡμᾶς

2052 4748 2129 4810 ὡς
2177 4744 2247 4798 τά
2290 4740 2513 4814 ῥευστὰ,
2548 4738 2679 4811 πρὶν
2733 4732 2993 4804 θεαθῆναι
3031 4729 3372 4801 ὁπέδραμεν,
3417 4725 3548 4781 ἀλλο
3582 4721 3645 4787 ἐξ

2056 4837 2219 4892 ἄλλου
2246 4832 2588 4906 φαίνεταιτὸ
2621 4825 2963 4900 ἀνθρώπινον
3019 4820 3202 4893 σῶμα.
3256 4817 3394 4873 Κατ’
3436 4818 3646 4870 εἰκόνα

2056 4904 2374 5001 ἡμετέραν.
2406 4923 2533 4987 Πῶς
2552 4921 2725 4976 σῶσαι
2745 4916 2969 4971 δύναται
2995 4912 3097 4982 τῆς
3132 4908 3392 4979 ἀκινήτου
3427 4904 3646 4975 φύσεως

2058 4995 2112 5081 ii"
2149 4995 2345 5094 ῥευστὴ
2384 5017 2479 5072 καὶ
2515 5009 2874 5081 ἁλλοιουμένη
2925 5003 3124 5069 είκών;
3157 5001 3259 5072 τῆς
3306 4998 3582 5071 ἀμόρφου,
3609 4995 3674 5066 ἡ’

2064 5087 2506 5188 μεμορφωμένη;
2539 5105 2664 5170 Πῶς
2684 5099 2777 5158 οῦν
2810 5101 3137 5173 ζητήσωμεν
3168 5094 3230 5148 τὸ
3267 5093 3387 5147 κατ’
3409 5087 3596 5143 εἰκόνα
3629 5102 3645 5152 ;

2075 5180 2164 5263 Ἔν
2189 5180 2273 5270 οἷς
2295 5180 2467 5267 αῦτὸς
2491 5196 2644 5254 εἷπεν
2669 5197 2730 5261 ἐξ
2756 5192 2996 5263 ὑπογύου
3024 5191 3051 5242 ὁ
3087 5187 3242 5251 Θεός.
3278 5182 3403 5239 Ἐἀν
3435 5180 3567 5252 ὲμόν
3592 5193 3652 5231 τι

2065 5301 2227 5366 εῐπω,
2254 5268 2342 5369 μὴ
2366 5287 2769 5364 προσδέξησθε·
2804 5285 2903 5340 ὲάν
2949 5282 3006 5336 δὲ
3036 5275 3389 5341 δεσποτικὸν,
3422 5268 3655 5327 καταδέ-

2058 5363 2243 5459 ξασθε.
2266 5363 2630 5454 ,Ποιήσωμεν
2651 5380 2968 5448 ἄνθρωπον
2991 5374 3118 5428 κατ’
3133 5370 3339 5426 εἰκόνα
3356 5363 3656 5439 ἡμετέραν

2058 5456 2159 5541 καὶ
2196 5483 2327 5537 καθ’
2357 5477 2649 5549 ὁμοίωσιν
2667 5490 2682 5505 ο
2721 5470 2822 5526 καὶ
2872 5467 3237 5543 ἁρχέτωσαν,
3258 5461 3380 5520 τῶν
3408 5456 3631 5531 ἰχθύων

2137 5709 2209 5784 (δ)
2245 5705 2399 5796 Μένοη
2429 5703 2597 5794 Forte
2622 5700 2751 5778 μὴν.
2777 5697 2941 5757 Enr.
