3838 6214
270 302 347 357 ὢν
1256 300 1361 363 ps
1402 303 1688 363 Romans
1729 288 1886 363 srm

1988 303 2163 361 mna
2193 302 2454 362 ORATIO
2492 275 2565 361 ιζ’
3474 258 3560 360 ἰε

276 417 397 470 Τίνι
416 416 610 490 ἀρχῆς
635 416 749 474 τῶν
794 417 1028 491 ἰχθύων;
1053 416 1177 473 εἰπέ
1222 436 1342 491 μοι·
1383 419 1621 492 σώματι,
1651 420 1685 489 ἢ
1724 419 1875 488 λογι-

1988 419 2095 487 liat,
2127 427 2189 474 ut
2216 419 2573 475 immutabilis
2614 425 2821 472 natura:
2850 415 2987 471 ﬂuxa
3024 416 3095 470 sit
3124 414 3322 487 imago,
3353 416 3551 473 aliam-

273 507 439 580 σμῷς
474 512 532 563 ὲν
575 508 724 583 ψυχῇ
758 511 822 564 τὸ
867 511 1057 582 ἄρχον,
1087 512 1121 581 ἢ
1153 513 1211 565 ἐν
1243 512 1438 585 σαρκί;
1697 549 1701 552 -

1988 526 2084 580 que
2117 527 2184 567 ex
2218 512 2324 567 alia
2350 513 2670 582 qualitatem
2702 509 2958 564 mutans?
2981 507 3099 576 ejus
3129 508 3222 577 qui
3247 509 3427 563 omnis
3451 509 3563 564 for-

272 620 377 658 ma:
408 619 606 674 expers
632 605 871 668 exsistit,
898 619 1022 674 quae
1071 603 1247 660 forma
1288 607 1494 660 imbuta
1525 608 1643 661 est?
1671 606 1901 662 Ubinam
1926 605 2091 676 igitur
2117 622 2443 676 quaeremus,
2474 606 2620 678 quod
2651 616 2736 661 est
2770 607 2837 660 ad
2863 601 3268 673 imaginemiln
3296 604 3363 660 iis
3395 606 3561 659 nimi-

275 709 424 758 rum,
457 696 510 748 in
539 692 739 763 quibus
766 694 884 764 ipse
914 694 1058 751 Deus
1089 695 1340 764 proxime
1369 695 1534 766 327
1553 697 1711 753 dixit.
1727 696 1785 750 Si
1821 696 1953 764 quid
1991 710 2169 751 meum
2197 697 2404 759 dixero,
2436 712 2502 752 ne
2527 696 2826 767 recipiatis;
2859 697 2942 751 sin
2973 703 3152 750 autem
3178 699 3322 765 quod
3349 698 3561 757 Domini

274 803 380 853 est,
400 788 454 844 id
481 801 610 842 vero
630 785 875 855 reeipite.
908 784 1199 841 Faciamus
1220 786 1480 842 hominem
1502 792 1572 842 ad
1590 789 1874 853 imaginem
1897 798 2131 843 nostram
2158 797 2204 842 et
2230 789 2668 854 similitudinem;
2703 797 2752 842 et
2790 788 3006 857 prwsint
3024 787 3271 860 piscibus.
3294 787 3563 855 Quonam,

268 894 468 953 quaeso
502 886 579 945 te,
606 876 850 947 piscibus
878 892 1070 946 praees,
1105 878 1281 947 iisque
1316 879 1591 950 imperas?
1617 895 1866 947 corpore,
1896 897 1964 935 an
2006 880 2262 935 ratione?
2284 882 2336 935 in
2376 882 2561 935 animo
2590 880 2764 950 posita
2796 880 3010 950 imperii
3042 879 3145 947 vis,
3179 895 3246 933 an
3277 880 3331 934 in
3362 880 3566 936 carne?

349 973 403 1026 7.
439 970 512 1025 Τὺ
571 967 811 1041 μὲνγὰρ
856 967 1195 1040 ἀνθρώπινον
1239 967 1422 1041 σῶμα,
1473 969 1686 1025 πολλῶν
1717 967 1872 1035 ζώων

2057 977 2107 1029 7.
2148 974 2283 1028 Nam
2320 970 2463 1042 quod
2501 971 2694 1025 attinet
2726 972 2790 1024 ad
2826 986 3022 1040 corpus
3059 971 3383 1037 humanum,
3423 974 3565 1027 mul-

264 1064 490 1133 ὰλόγων
522 1060 863 1131 καθέστηκεν
904 1060 1297 1133 ἀσθενέστερον
1318 1077 1333 1091 ο
1386 1061 1483 1115 καὶ
1516 1062 1616 1116 οὐκ
1644 1060 1709 1115 ἄν
1740 1078 1870 1115 ποτε

1988 1078 2163 1122 larum
2199 1066 2486 1119 brutarum
2527 1061 2888 1115 animantium
2925 1061 3251 1116 imbecillius
3284 1071 3370 1116 est
3410 1079 3424 1116 :
3465 1078 3566 1117 nec

278 1154 607 1227 συγκριθείη
635 1153 774 1225 πρὸς
813 1152 1043 1223 δύναμιν
1085 1152 1222 1224 σὰρξ
1256 1153 1501 1224 ἡμετέρα
1544 1156 1612 1225 τῇ
1643 1153 1739 1207 τοῦ
1767 1170 1870 1208 κα·-

1988 1162 2076 1213 liat
2128 1171 2391 1227 unquam,
2437 1163 2498 1208 ut
2554 1163 2741 1208 nostra
2797 1168 2947 1221 caro,
2986 1164 3248 1224 quantum
3298 1157 3365 1209 ad
3397 1154 3562 1220 vires,

283 1246 478 1318 μήλου,
522 1245 556 1317 ἢ
604 1243 914 1313 ἐλέφαντος,
956 1244 990 1314 ἢ
1036 1242 1130 1297 τοῦ
1183 1244 1374 1309 ἵππου,
1416 1245 1450 1316 ἢ
1495 1244 1588 1298 τοῦ
1642 1243 1782 1315 βοὸς,
1834 1242 1867 1314 ἦ

1988 1252 2291 1307 conferatur
2342 1264 2464 1303 cum
2518 1248 2705 1302 cameli
2743 1262 2910 1302 carne
2961 1259 3060 1308 aut
3109 1248 3441 1317 elephantis,
3479 1251 3562 1305 vel

270 1340 517 1394 ἑκάστου
541 1378 557 1401 ,
589 1330 664 1390 ὧν
697 1335 762 1390 ἂν
795 1336 973 1400 εἴποις
1023 1336 1297 1406 μεγίστων
1331 1336 1557 1409 θηρίων.
1594 1337 1880 1400 Εὐάλωτος

1988 1346 2105 1415 equi
2141 1354 2236 1398 aut
2267 1344 2443 1406 bovis,
2476 1355 2568 1395 seu
2601 1341 2976 1410 cujuscunque
3006 1340 3266 1396 malueris
3296 1341 3560 1409 majorum

281 1432 317 1502 ἡ
358 1429 494 1502 σὰρξ
532 1430 567 1501 ὴ
614 1427 951 1499 ἀνθρωπίνη,
994 1430 1160 1499 σαρκὶ
1210 1427 1405 1500 θηρίου
1451 1427 1878 1500 παραλαμϐανο-

1988 1437 2295 1492 bestiarum.
2330 1434 2565 1502 Fragilis
2589 1445 2674 1487 est
2699 1434 2932 1486 humana
2961 1447 3114 1498 caro,
3139 1433 3181 1485 si
3215 1448 3338 1486 cum
3372 1434 3563 1489 bestia:

283 1520 425 1592 μένη
456 1522 558 1590 (a).
603 1518 742 1572 Ἀλλ’
778 1520 841 1573 ὲν
869 1518 976 1572 τίνι
1017 1517 1080 1571 τὸ
1122 1517 1386 1589 ἀρχικὸν;
1432 1518 1521 1570 Ἐν
1560 1521 1627 1588 τῇ
1669 1515 1765 1569 τοῦ
1794 1516 1884 1569 λο-

1988 1544 2142 1582 carue
2184 1526 2505 1582 contuleris.
2549 1525 2951 1590 EnimveroLin
2987 1539 3225 1593 quonam
3265 1525 3437 1593 posita
3482 1527 3563 1580 vis

280 1608 485 1679 γισμοῦ
529 1607 851 1680 περιουσίᾳ·
901 1608 1025 1660 ὅσον
1058 1605 1236 1658 λείπει
1265 1607 1332 1676 τῇ
1374 1604 1605 1675 δυνάμει
1645 1604 1739 1658 τοῦ
1773 1603 1881 1656 σώ-

1988 1622 2070 1674 illa
2106 1619 2365 1691 imperii?
2399 1619 2453 1672 lu
2486 1618 2714 1672 rationis
2741 1619 2893 1685 copia
2925 1631 2989 1671 ac
3012 1604 3348 1689 praestantia.
3381 1617 3563 1684 Quan.

286 1717 479 1772 ματος,
502 1699 756 1754 τοσοῦτον
777 1698 1026 1771 περίεστι
1051 1700 1116 1768 τῇ
1140 1697 1236 1752 τοῦ
1255 1696 1519 1768 λογισμοῦ
1537 1698 1874 1767 κατασκευῇ.

1988 1722 2095 1765 tum
2141 1710 2326 1764 delicit
2361 1711 2608 1776 corporis
2644 1708 2874 1774 viribus,
2914 1716 3066 1761 tanto
3128 1708 3356 1764 rationis
3398 1724 3565 1778 appa-

280 1794 395 1847 Καὶ
416 1793 528 1864 γὰρ
555 1794 590 1863 ἡ
621 1791 768 1863 ψυχὴ
802 1790 959 1862 ἡμῶν
980 1833 994 1855 ,
1027 1790 1176 1842 καὶὸ
1205 1789 1266 1842 ὲν
1302 1788 1440 1859 αὐτῇ
1483 1786 1629 1852 νοῦς,
1663 1787 1880 1841 ἅπαντα

1988 1813 2106 1856 ratu
2138 1801 2391 1870 superior
2420 1800 2654 1853 exsistit.
2687 1798 2885 1852 Anima
2918 1798 3117 1867 quippe
3150 1799 3331 1864 nobis,
3364 1808 3419 1854 et
3456 1816 3564 1868 qua

280 1885 457 1941 ταῦτα
485 1884 685 1957 ῥᾳδίως
708 1884 1029 1938 ὑποτάττειν
1047 1880 1351 1951 δεδύνηται.
1379 1879 1551 1933 Πόθεν
1572 1877 1643 1932 τὰ
1669 1878 1880 1949 μεγάλα

1988 1901 2164 1946 mente
2191 1890 2421 1960 praedita
2451 1898 2555 1954 est,
2585 1888 2771 1943 isthmc
2800 1888 2982 1942 omnia
3012 1888 3173 1943 facile
3209 1890 3385 1959 potuit
3411 1891 3563 1944 subi-

285 1977 429 2048 βάρη
461 1973 815 2046 μετατίθησιν
838 1973 1168 2045 ἄνθρωποςς
1210 1970 1477 2041 Ἐπινοίᾳ,
1508 1970 1541 2041 ἢ
1577 1969 1750 2033 τόνοις
1775 1986 1881 2022 σω-

1988 1998 2130 2055 gere.
2159 1982 2443 2039 Undenam
2480 1982 2642 2035 homo
2672 1979 2909 2050 ingentis
2945 1980 3104 2036 molis
3139 1982 3567 2051 transfert'pon-

284 2069 574 2140 ματικοτς;
606 2067 777 2119 Ὥστε
813 2065 877 2119 τὸ
916 2065 1146 2137 ἀρχικὸν
1188 2065 1322 2135 ἡμῖν
1346 2101 1360 2127 ,
1410 2063 1507 2116 καὶ
1548 2063 1669 2117 κατ’
1696 2062 1880 2115 εἰκόνα

1988 2073 2153 2130 dera?
2179 2074 2378 2129 mentis
2405 2073 2676 2138 acumine,
2706 2087 2777 2125 an
2812 2071 3063 2139 corporis
3103 2073 3340 2127 robore?
3376 2073 3566 2144 Itaque

282 2160 380 2214 καὶ
432 2158 557 2214 καθ’
603 2157 863 2229 ὁμοίωσιν
914 2156 1074 2221 Θεοῦ,
1124 2157 1183 2211 ὲν
1228 2158 1296 2228 τῇ
1342 2155 1436 2209 τοῦ
1479 2152 1744 2225 λογισμοῦ
1778 2171 1880 2208 κα-

264 2252 529 2320 τασκευῇ
561 2247 888 2320 θεωρητέον,
931 2248 1035 2302 οὐκ
1067 2249 1127 2301 έν
1156 2249 1224 2319 τῇ
1262 2246 1358 2300 τοῦ
1392 2246 1642 2317 σώματος
1675 2248 1877 2317 μορφῇ.

280 2338 643 2407 Ποιήσωμεν
670 2337 989 2405 ἄνθρωπον
1026 2336 1154 2391 κατ’
1188 2337 1394 2391 εὶκόνα
1422 2338 1739 2405 ἡμετέραν.
1777 2335 1880 2388 Τὸν

266 2429 396 2484 γισω
425 2429 713 2501 ἄνθρωπον
741 2429 926 2498 λέγει,
966 2427 1319 2498 Ποιήσωμεν
1352 2429 1687 2498 ἄνθρωπον.
1741 2426 1880 2480 Ἀλλ’

283 2524 434 2595 ipsi;
463 2521 529 2576 σύ
558 2538 573 2555 ⁸
607 2521 708 2575 Διὰ
751 2521 808 2575 τί
839 2522 900 2575 οὐ
939 2521 1088 2591 λέγει
1115 2522 1250 2592 ἡμῖν
1277 2521 1407 2593 περί⁸
1451 2519 1749 2592 λογισμοῦ;
1777 2520 1881 2573 Τὸν

284 2615 578 2686 ἄνθρωπον
617 2610 738 2669 εἷπε
791 2615 911 2667 κατ’
949 2613 1134 2668 εἰκόνα
1175 2612 1343 2666 Θεοῦ·
1389 2616 1419 2667 ὁ
1478 2613 1537 2666 δὲ
1598 2611 1878 2682 λογισμὸς,

286 2704 616 2777 ἄνθρωπος;
652 2707 852 2760 Ἄκουε
881 2704 978 2759 τοῦ
1007 2704 1336 2758 Ἀποστόλου
1374 2703 1625 2773 λέγοντος
1643 2721 1657 2736 ο
1692 2707 1760 2759 Ei
1781 2706 1879 2759 καὶ

285 2803 326 2856 ὀ
345 2799 464 2866 ἔξω
484 2800 653 2869 ἡμῶν
681 2798 989 2869 ἅνθρωπος
1025 2799 1344 2870 φθείρεται,
1378 2799 1516 2854 ἀλλ’
1537 2802 1571 2853 ό
1589 2798 1712 2853 ἔσω
1739 2799 1883 2853 ἀνα·

288 2890 602 2948 καινοῦται
646 2889 841 2960 ἡμέρᾳ
884 2891 984 2945 καὶ
1024 2889 1237 2960 ἡμέρᾳ.
1285 2890 1413 2954 Πῶς
1453 2886 1547 2945 οὖν
1579 2890 1689 2944 δύω
1735 2906 1878 2959 γνω-

1981 2167 2066 2220 vis
2107 2165 2198 2220 illa
2231 2164 2285 2218 in
2321 2164 2477 2218 nobis
2513 2162 2748 2231 imperii,
2786 2171 2841 2216 et
2867 2162 3010 2229 quod
3043 2162 3109 2216 ad
3144 2162 3237 2216 Dei
3275 2163 3563 2234 imaginem

1982 2272 2048 2311 ac
2108 2255 2524 2311 similitudinem
2584 2270 2835 2317 sumus,
2877 2254 2931 2307 in
2996 2254 3228 2309 rationis
3290 2256 3567 2324 animique

1981 2359 2256 2404 structura
2287 2349 2628 2404 considerari
2661 2349 2843 2415 debet,
2870 2363 2976 2403 non
3008 2349 3065 2405 in
3095 2346 3268 2404 forma
3295 2352 3565 2419 corporis.

1984 2440 2280 2496 Faciamus
2325 2441 2589 2494 hominem
2637 2441 2706 2493 ad
2756 2441 3033 2511 imaginem
3075 2450 3332 2496 nostram.
3375 2442 3452 2496 De
3485 2442 3568 2496 in-

1985 2536 2171 2591 teriori
2215 2534 2438 2590 homine
2479 2533 2737 2602 loquitur,
2773 2549 2895 2588 cum
2933 2536 3031 2599 ait,
3071 2532 3363 2591 Faciamus
3398 2536 3572 2589 homi-

1985 2643 2122 2681 nem.
2156 2626 2376 2680 Atenim
2421 2625 2591 2689 dices,
2634 2623 2703 2679 Ut
2744 2625 2869 2694 quid
2908 2626 3062 2680 nobis
3096 2626 3163 2679 de
3204 2627 3415 2682 ratione
3461 2643 3567 2682 non

1982 2717 2267 2787 loquitur?
2311 2717 2597 2771 Hominem
2631 2716 2769 2770 dixit
2817 2717 2881 2769 ad
2934 2717 3197 2772 Dei'esse
3243 2720 3568 2789 imaginem:

1984 2809 2226 2878 nunquid
2268 2809 2414 2863 ratio
2460 2804 2624 2863 homo
2667 2808 2792 2863 est?
2832 2809 2972 2862 Audi
3019 2809 3338 2879 Apostolum
3384 2812 3570 2866 dicen-

1984 2912 2092 2955 tem
2120 2919 2136 2956 :
2169 2901 2312 2956 Licet
2337 2902 2384 2956 is
2416 2902 2507 2971 qui
2545 2901 2676 2968 foris
2720 2911 2818 2965 est,
2851 2900 3252 2972 inquit,.noster
3277 2903 3431 2956 boum
3453 2918 3572 2956 cor-

291 2982 434 3056 ρίσω
457 2983 551 3064 τὴν
570 2982 733 3037 αὐτὸν
768 2981 1087 3053 ᾶνθρωπον;
1119 2983 1249 3049 Ναὶ,
1281 2983 1467 3054 φησιν,
1503 2982 1601 3037 ἕνα
1628 2983 1720 3037 τὸν
1753 3000 1883 3053 φαι-

1988 3000 2288 3061 rumpatur,
2321 3000 2496 3045 tamen
2529 2992 2575 3044 is
2603 2991 2696 3061 qui
2721 2991 2864 3044 intus
2890 3000 2964 3042 est
2990 2999 3275 3043 renovatur
3300 2990 3366 3043 de
3403 2989 3489 3044 die
3515 2990 3572 3044 in

287 3074 537 3146 νόμενον,
582 3074 679 3128 καὶ
709 3074 806 3129 ἕνα
836 3075 929 3129 τὸν
964 3075 1071 3130 ὑπὸ
1100 3075 1179 3146 τῷ
1218 3074 1529 3146 φαινομένῳ
1558 3074 1879 3146 κεκρυμμέ-

286 3186 404 3235 νον,
443 3169 693 3241 ἀόρατον,
714 3168 805 3222 τὸν
838 3168 946 3223 ἔσω
971 3168 1280 3241 ἄνθρωπον,
1308 3168 1399 3223 τὸν
1428 3168 1524 3223 καὶ
1548 3168 1882 3241 κυριώτερον

288 3262 390 3317 καὶ
431 3254 796 3333 ἀληθέστερον
827 3261 1135 3334 ἄνθρωπον.
1167 3261 1520 3314 Ἐσω-τοίνυν
1555 3260 1751 3333 ἔχομεν
1791 3261 1884 3314 ἄν·

194 3424 201 3431 .
289 3351 535 3425 ορωπον,
571 3352 666 3408 καὶ
714 3351 898 3405 διπλοῖ
938 3349 1083 3414 τινές
1131 3352 1327 3422 ἐσμεν·
1359 3351 1455 3405 καὶ
1494 3351 1567 3405 τό·
1589 3367 1653 3420 γε
1685 3350 1884 3423 ἀληθὲς

290 3445 611 3517 λεγόμενον,
634 3445 716 3498 ὅτι
743 3444 891 3499 ἔνδον
923 3444 1111 3517 ἐσμέν.
1148 3443 1290 3514 Ἐγὼ
1320 3444 1431 3517 γὰρ
1470 3443 1614 3498 κατὰ
1656 3444 1748 3498 τὸν
1777 3444 1886 3499 ἔσω

291 3536 615 3609 ἄνθρωπον·
664 3539 734 3591 τὰ
768 3535 874 3601 ἔξω
907 3537 1006 3590 οὐκ
1043 3535 1187 3605 ἐγὼ,
1221 3536 1360 3591 ἀλλὰ
1403 3535 1547 3608 ὲμά·
1590 3534 1701 3605 ἐγὼ
1728 3536 1786 3590 δὲ
1823 3536 1886 3590 τὸ

291 3629 515 3700 λογικὸν
559 3631 660 3703 τῆς
689 3629 888 3704 ψυχῆς.
915 3632 1078 3685 Ὥστε
1118 3631 1181 3685 τὸ
1224 3630 1433 3685 τέλειον
1478 3632 1536 3684 ἐν
1575 3629 1654 3701 τῷ
1681 3629 1886 3702 λογικῷ

291 3725 397 3796 τῆς
423 3723 605 3796 ψυχῆς
641 3724 859 3797 ἔχομεν.
886 3725 960 3778 Τὸ
981 3721 1075 3779 οῦν
1105 3724 1288 3795 σῶμα,
1330 3723 1442 3794 ἐμά
1459 3737 1473 3751 ·
1503 3722 1565 3776 τὸ
1585 3717 1678 3776 οῦν
1703 3722 1882 3794 σῶμα,

290 3819 531 3891 ὄργανον
571 3819 665 3873 τοῦ
713 3816 1034 3890 ἀνθρώπου,
1075 3816 1256 3888 ψυχῆς
1290 3816 1551 3888 ὄργανονο
1600 3813 1887 3887 ἄνθρωπος

290 3909 357 3964 δὲ
404 3909 632 3980 κυρίως,
679 3910 743 3964 τὸ
787 3910 908 3964 κατ’
937 3910 1108 3981 αὐτὴν
1146 3910 1245 3981 τὴν
1285 3907 1486 3979 ψυχήν.
1534 3907 1889 3977 Ποιήσωμεν

295 4002 617 4070 ἄνθρωπον
642 4000 771 4056 κατ’
797 4002 1002 4055 εἰκόνα
1034 4000 1361 4070 ἡμετέραν*
1397 3999 1673 4066 τουτέστι,
1705 3999 1888 4053 δώσω-

1986 3086 2124 3138 diem
2152 3086 2197 3136 °.
2228 3083 2374 3153 Ergo
2401 3082 2668 3150 duplicem
2691 3097 2981 3152 agnoscam
3015 3097 3179 3136 unum
3211 3082 3573 3151 eamdemque

1985 3176 2404 3232 hominem?lta
2452 3175 2648 3246 plane;
2694 3190 2860 3229 unum
2906 3175 3284 3242 conspicuum,
3312 3185 3369 3230 et
3404 3189 3570 3228 unum

1984 3269 2086 3324 sub
2131 3268 2224 3323 illo
2267 3269 2562 3336 conspicuo
2607 3265 2904 3330 occultum,
2938 3265 3251 3318 interiorem
3298 3264 3570 3318 hominem

1985 3359 2163 3414 oculis
2207 3372 2317 3413 non
2364 3359 2760 3427 conspicuum;
2812 3357 2902 3427 qui
2940 3367 2994 3412 et
3029 3357 3249 3427 praprie
3281 3358 3451 3426 magis
3481 3372 3574 3409 ve-

1987 3452 2212 3523 riusque
2245 3453 2409 3507 homo
2439 3461 2543 3508 est.
2581 3449 2734 3505 intus
2767 3451 2951 3519 itaque
2980 3450 3245 3508 habemus
3276 3449 3572 3513 hominem,

1986 3556 2154 3615 atque
2193 3544 2436 3614 duplices
2467 3544 2869 3614 quodammodo
2910 3555 3133 3606 sumus;
3168 3555 3464 3610 verumque
3492 3550 3579 3595 est

1988 3638 2129 3707 quod
2159 3638 2377 3703 dicitur,
2406 3623 2530 3692 esse
2572 3651 2672 3689 nos
2717 3635 2977 3699 interius;
3011 3649 3112 3704 ego
3149 3648 3382 3702 namque
3413 3634 3577 3687 homo

1973 3731 2082 3786 'ille
2108 3731 2338 3786 interior
2365 3745 2507 3786 sum.
2532 3728 2664 3796 Quae
2696 3728 2833 3784 foris
2864 3738 3009 3791 sunt,
3043 3743 3149 3781 non
3179 3741 3302 3796 ego,
3333 3725 3427 3780 sed
3455 3742 3573 3779 mea

1989 3834 2145 3889 sunt;
2190 3832 2291 3892 ego
2324 3832 2505 3877 autem
2549 3821 2730 3876 anima
2775 3833 2996 3889 compos
3040 3820 3291 3872 rationis.
3328 3818 3576 3885 Quapro-

1993 3925 2112 3982 pter
2144 3915 2289 3984 quod
2324 3912 2626 3983 perfectum
2662 3921 2764 3975 est,
2806 3912 2860 3965 in
2893 3911 3078 3965 animo
3118 3910 3315 3964 residet
3346 3904 3577 3962 rationis

1990 4013 2259 4072 compote.
2290 4002 2501 4072 Corpus
2535 4002 2699 4072 igitur
2730 4002 2785 4055 in
2821 4003 2888 4055 iis
2920 4017 3043 4070 qua:
3094 4015 3211 4057 mea
3256 4007 3403 4053 sunt.
3435 3997 3576 4063 Ergo

300 4111 403 4165 μεν
436 4092 586 4165 αὐτῷ
607 4093 769 4162 λόγου
801 4094 1142 4166 περιουσίαν,
1166 4092 1262 4147 καὶ
1278 4090 1453 4156 οὕτως
1507 4090 1886 4161 Ἀρχέτωσαν

1991 4111 2187 4165 corpus
2234 4096 2472 4150 hominis
2522 4095 2943 4150 instrumentum
2988 4104 3093 4157 est,
3133 4093 3329 4145 animae
3374 4091 3579 4145 instru-

296 4181 420 4239 τῶν
468 4185 690 4254 ἰχθύων
730 4183 833 4238 καὶ
882 4184 1001 4239 τῶν
1046 4184 1268 4252 θηρίων
1319 4184 1414 4237 καὶ
1459 4182 1700 4237 πάντων.
1772 4185 1886 4237 Οὐκ

1992 4195 2268 4250 mentum;
2293 4186 2456 4240 homo
2488 4195 2670 4239 autem
2702 4186 2941 4256 proprie,
2975 4184 3089 4253 ipse
3121 4183 3355 4237 animus.
3380 4180 3580 4234 Facia—

299 4273 423 4330 εἶπε
446 4276 527 4342 δὲ,
557 4277 640 4330 ὅτι
661 4275 1015 4346 Ποιήσωμεν
1035 4275 1350 4344 ἄνθρωπον
1372 4275 1499 4329 κατ’
1515 4276 1720 4330 εἰκόνα
1748 4278 1886 4345 ἡμε-

1992 4292 2109 4328 mus
2146 4275 2411 4329 hominem
2448 4274 2519 4328 ad
2564 4276 2848 4346 imaginem
2903 4284 3176 4338 nostram;
3219 4274 3318 4327 hoc
3341 4281 3443 4338 est,
3470 4271 3578 4325 Fa-

299 4368 501 4438 τέραν,
553 4368 651 4422 καὶ
691 4368 1118 4440 θυμούσθωσαν,
1154 4369 1249 4422 καὶ
1296 4368 1757 4439 ὲπιθυμείτωσαν,
1797 4372 1886 4424 καί

1997 4369 2206 4420 ciamus
2262 4367 2336 4420 illi
2394 4368 2620 4422 rationis
2671 4368 2917 4434 copiam;
2978 4366 3143 4434 inque
3192 4379 3317 4417 eum
3356 4364 3574 4417 modum

299 4459 702 4515 λυπείσθωσαν.
746 4459 822 4513 Ut’:
854 4458 964 4532 γὰρ
994 4460 1065 4513 τὰ
1104 4459 1250 4532 πάθη
1300 4460 1381 4522 είς
1409 4458 1507 4531 τὴν
1532 4459 1625 4512 τοῦ
1650 4460 1784 4513 Θεοῦ
1816 4461 1886 4513 εἰ-

2003 4457 2230 4513 Prmsint
2258 4459 2487 4527 piscibus
2514 4469 2561 4512 et
2590 4458 2765 4512 bestiis
2794 4467 2957 4525 atque
2971 4457 3245 4510 omnibus.
3272 4453 3389 4508 Non
3415 4454 3573 4521 dixit,

299 4554 436 4608 κόνα
458 4552 783 4626 παρελήφθη
805 4570 822 4585 ·
857 4553 973 4608 ἀλλ’
998 4556 1027 4606 ὁ
1051 4552 1313 4623 λογισμὸς
1342 4551 1452 4605 τῶν
1486 4551 1675 4605 παθῶν
1698 4552 1886 4606 δεσπό-

1999 4550 2289 4605 Faciamus
2338 4550 2598 4603 hominem
2649 4549 2719 4602 ad
2770 4550 3052 4618 imaginem
3093 4559 3347 4610 nostram,
3381 4553 3437 4599 et
3466 4546 3577 4599 ira~

298 4663 423 4718 της,
446 4647 477 4699 ὁ
503 4644 686 4717 ἄρχων
718 4646 940 4699 πάντων
965 4644 1075 4698 τῶν
1112 4644 1464 4716 σωματικῶν,
1500 4644 1597 4698 καὶ
1648 4645 1886 4717 ὑπεραν-

1996 4645 2196 4699 cundia
2228 4645 2457 4709 feratur,
2487 4642 2804 4714 cupiditate,
2830 4652 2885 4696 et
2918 4641 3178 4695 maestitia
3204 4649 3415 4709 agatur.
3457 4638 3575 4693 Non

300 4736 552 4809 εστηκὼς
576 4735 685 4792 τῶν
710 4737 1080 4807 φαινομένων,
1096 4737 1190 4789 καὶ
1220 4735 1583 4808 ψευδομένων.
1623 4737 1695 4789 Σὺ
1722 4735 1779 4788 δέ
1807 4753 1886 4805 μοι

1995 4738 2141 4792 enim
2173 4734 2616 4804 perturbationes
2657 4743 2950 4802 assumptaa
2985 4739 3109 4786 sunt
3153 4732 3207 4785 in
3247 4730 3342 4784 Dei
3388 4729 3577 4798 imagi-

300 4828 587 4899 θαύμασον
616 4827 715 4900 τὴν
758 4829 887 4900 περί
928 4828 988 4881 σὲ
1017 4826 1113 4881 τοῦ
1142 4826 1280 4881 Θεοῦ
1306 4827 1366 4895 ἐξ
1399 4827 1575 4898 ἀρχῆς
1598 4827 1767 4897 αὐτῆς
1796 4845 1898 4900 κηο

299 4920 558 4991 δεμόνιαν
595 4922 691 4975 καὶ
722 4920 998 4992 πρόνοιαν,
1034 4921 1114 4974 ὅτι
1147 4920 1312 4983 εὐθὺς
1344 4918 1620 4991 ὲκτίσθης,
1665 4919 1767 4973 καὶ
1799 4920 1901 4991 ἄρ-

300 5030 415 5083 χων
446 5008 725 5083 ὲκτίσθης,
758 5012 855 5066 καὶ
905 5013 1126 5084 διηνεκῆ
1159 5012 1302 5084 ἔχεις
1355 5012 1450 5065 καὶ
1482 5011 1764 5081 ἀδιάδοχον
1796 5013 1896 5082 τὴν

301 5105 501 5175 ἀρχήν.
558 5102 884 5175 ΙΙἈνθρωπος
934 5105 1041 5176 γὰρ
1092 5105 1242 5177 παρὰ
1295 5102 1583 5177 ἀνθρώπου
1649 5105 1896 5171 ἐξουσίαν

303 5196 427 5249 τινὰ
450 5194 767 5267 λαμϐάνων,
801 5196 879 5261 ὡς
910 5196 1103 5269 θνητὸς
1156 5197 1310 5269 παρὰ
1341 5195 1559 5268 θνητοῦ,
1590 5198 1685 5250 καὶ
1713 5197 1789 5260 ὡς
1822 5197 1897 5269 μὴ

304 5287 447 5359 ἔχων
474 5288 628 5361 παρὰ
678 5289 753 5362 μὴ
798 5289 1036 5361 ἔχοντος,
1065 5290 1249 5349 (ποίαν
1291 5290 1402 5363 γὰρ
1433 5291 1684 5357 ἐξουσίαν
1719 5289 1898 5360 ψυχῆς

306 5379 423 5451 εχει
450 5380 793 5453 ἄνθρωπος;)
842 5384 1069 5446 εἰκότως
1122 5383 1259 5454 ταχὺ
1298 5383 1442 5453 μάλα
1488 5383 1660 5454 αὐτὴν
1694 5382 1897 5436 ἀποϐέ-

305 5471 481 5544 ϐληκε
503 5491 518 5504 ·
565 5474 631 5527 σὺ
663 5472 721 5527 δὲ
751 5476 882 5545 παρ’
915 5474 1080 5530 αὑτοῦ
1132 5475 1339 5546 ταύτην
1367 5475 1559 5539 ἔλαϐες
1605 5473 1700 5530 τοῦ
1736 5473 1894 5541 Θεοῦ,

383 5635 408 5668 ⁸
432 5633 477 5693 ΙΙ
504 5635 628 5692 Cor.
663 5652 740 5703 tv,
768 5635 857 5692 16.

1995 4842 2157 4893 nem;
2207 4827 2302 4882 sed
2357 4827 2497 4879 ratio
2546 4840 2668 4895 qua:
2714 4822 3220 4892 perturbationibus
3274 4820 3431 4875 herili
3483 4834 3580 4889 po-

1998 4924 2194 4971 testate
2259 4915 2600 4978 dominatur;
2666 4913 2806 4965 ratio
2863 4910 3121 4964 nimirum
3191 4910 3246 4962 in
3315 4922 3578 4976 corporea

1994 5009 2187 5062 omnia
2227 5007 2533 5076 principatu
2583 5004 2813 5076 pollens,
2848 5012 2904 5057 et
2948 5016 3069 5071 qum
3118 5000 3290 5055 omnis
3336 5000 3581 5069 subjecta

1996 5110 2123 5155 sunt
2170 5099 2472 5168 luduntque
2514 5097 2698 5167 specie
2747 5095 3037 5151 excedens.
3082 5093 3160 5146 Tu
3193 5106 3341 5156 vero,
3372 5105 3575 5157 qumso,

1996 5194 2198 5247 mirare
2246 5191 2339 5246 Dei
2376 5191 2429 5245 in
2482 5199 2535 5245 te
2578 5204 2644 5245 ex
2683 5189 2803 5259 ipso
2831 5186 3056 5241 exordio
3095 5197 3280 5237 curam
3313 5195 3377 5235 ac
3402 5182 3581 5249 provi-

1996 5286 2260 5351 dentiam,
2299 5285 2443 5355 quod
2492 5283 2677 5338 statim
2728 5291 2893 5349 atque
2931 5276 3180 5331 conditus
3212 5288 3294 5339 es,
3330 5272 3581 5342 princeps

1996 5395 2119 5433 eum
2156 5377 2387 5449 imperio
2443 5376 2695 5431 conditus
2745 5387 2826 5437 es,
2869 5370 3107 5441 jugeque
3162 5365 3475 5435 imperium,
3514 5378 3581 5419 ac

1996 5474 2139 5545 quod
2186 5472 2336 5528 nullo
2395 5481 2715 5527 successore
2760 5463 3087 5522 abolendum
3139 5461 3232 5526 sit,
3262 5469 3458 5514 nactus
3496 5468 3580 5515 es.

387 5790 467 5864 (ο)
510 5793 1111 5863 Παραλαμῶινομένη.
1184 5793 1364 5862 Forte,
1428 5787 1900 5862 παραϐαλλομένη.
1931 5784 2088 5840 Ευιτ.
