3838 6214
248 189 317 245 19
966 256 969 261 γ
1203 186 1559 248 ᾹΡΡΕΝΒΙΧ
1584 193 1862 253 'OPERUB

1960 223 1985 252 ι.
2022 197 2270 254 BASlLii
2299 180 2539 254 metu;
3437 194 3509 249 eo

248 308 424 364 llomo
483 319 720 378 namque
777 306 846 366 ab
896 308 1114 364 homine
1168 318 1492 378 potestatem
1554 311 1833 383 aliquam,

1960 316 2035 368 ta‘t
2065 315 2448 383 ἀνεξάλειπτον
2476 314 2648 386 ἔχεις·
2679 316 2781 369 οὐκ
2803 315 2861 370 ἐν
2894 314 3073 382 ξύλοις
3100 315 3511 387 γεγραμμένην,

250 400 409 470 quasi
460 401 710 457 mortalis
757 416 788 456 a
829 402 1069 471 mortali,
1101 413 1157 457 et
1206 405 1360 474 quasi
1412 390 1518 461 non
1568 408 1774 463 habens
1802 423 1837 462 a

251 508 359 546 non
401 490 636 548 habente
666 492 942 562 accipiens
989 492 1174 564 (quam
1219 497 1363 551 enim
1412 497 1575 552 homo
1621 499 1672 552 in
1719 498 1836 552 ani-

254 599 397 638 mam
448 593 773 643 potestatem
820 586 1093 654 babet?),
1136 587 1332 644 merito
1363 605 1527 659 quam
1562 591 1670 645 cito
1720 604 1839 645 eam

255 677 492 744 amittit;
519 685 575 731 tu
610 685 790 733 autem
826 678 895 751 ab
930 678 1046 748 ipso
1077 682 1187 736 Deo
1201 695 1320 735 eam
1353 682 1628 750 accepisti,
1651 690 1707 737 et
1724 696 1844 752 quae

261 766 542 822 obiiterari
584 781 693 821 non
746 768 921 837 possit
951 769 1147 836 habes,
1176 784 1281 824 non
1323 772 1378 825 in
1405 771 1604 825 tabulis
1650 770 1845 839 ligneis

258 859 544 927 scriptam,
590 865 685 912 aut
722 861 776 912 in
813 844 1084 914 codicillis
1124 860 1403 930 perituris,
1447 875 1565 930 quae
1604 876 1634 915 a
1683 861 1845 916 tineis

261 950 581 1014 exedantur,
633 951 727 1006 sed
778 950 830 1004 in
864 950 978 1020 ipsa
1006 961 1199 1006 natura
1230 952 1423 1007 divinae
1449 953 1597 1008 vocis
1625 968 1847 1008 munere

264 1041 585 1109 iusculptam
634 1056 698 1094 ac
753 1039 1033 1108 caelatum;
1101 1056 1323 1111 nempe,
1387 1041 1635 1099 Prwsint.
1682 1043 1848 1114 328

263 1133 340 1186 Ex
395 1143 521 1187 tunc
577 1146 814 1200 namque
866 1141 920 1186 et
974 1133 1028 1186 in
1076 1131 1238 1187 ﬁnem
1280 1149 1450 1202 usque
1489 1142 1681 1188 cuncta
1733 1135 1849 1190 haec

267 1225 505 1278 Immano
563 1237 721 1278 serva
776 1221 917 1278 facta
967 1233 1096 1279 sunt
1135 1238 1198 1279 ac
1249 1224 1555 1293 mancipata
1599 1225 1847 1294 imperio.

261 1317 351 1370 Ait
388 1331 624 1384 namque
653 1332 670 1371 :
705 1313 936 1370 Prtesint
962 1317 1211 1385 piscibus,
1251 1317 1424 1370 bestiis
1456 1328 1628 1381 terrae,
1661 1318 1847 1371 volati-

263 1409 401 1462 libus
450 1407 587 1472 caeli,
635 1408 912 1477 pecoribus
966 1426 1028 1462 ac
1073 1410 1353 1478 jumentis,
1407 1408 1678 1477 reptilibus
1734 1427 1852 1479 qua:

265 1510 473 1570 reptant
504 1518 660 1569 super
684 1511 881 1556 terrant
906 1502 950 1555 ".
982 1500 1102 1556 Non
1133 1502 1271 1556 dixit
1308 1525 1320 1557 :
1365 1499 1653 1556 Faciamus
1683 1502 1855 1556 Itami-

268 1610 385 1646 nem
421 1594 490 1646 ad
526 1595 807 1665 imaginem
837 1603 886 1648 et
915 1594 1317 1648 similitudinem
1373 1604 1630 1658 nostram,
1660 1602 1715 1647 et
1760 1610 1853 1648 ve-

1938 406 2059 459 οὑδὲ
2110 408 2168 459 ὲν
2205 405 2367 470 πλαξὶ
2413 406 2681 478 φθαρταῖς
2737 404 2831 459 καὶ
2878 405 3056 474 σητῶν
3089 405 3513 477 δαπανήμασινο

1939 498 2055 553 ἀλλ’
2107 500 2166 552 έν
2218 499 2355 570 αὐτῇ
2406 502 2473 571 τῇ
2525 498 2684 568 φύσει
2736 497 3218 569 ἐγκεκολαμμένην
3265 498 3372 551 ἀπὸ
3417 499 3518 569 τῆς

1943 591 2164 662 πρώτης
2191 589 2342 653 θείας
2369 590 2573 660 φωνῆς,
2619 589 2738 659 τῆς,
2770 587 3153 657 Ἀρχέτωσαν.
3203 586 3379 641 Δοῦλα
3408 588 3519 659 γὰρ

1944 684 2142 738 ἕκτοτει
2172 683 2266 737 καὶ
2299 682 2427 754 ἄχρι
2451 682 2640 746 τέλους
2665 681 2735 736 τὰ
2773 680 3064 752 σύμπαντα
3104 681 3277 736 ταῦτα
3302 683 3401 753 τῆς
3423 683 3518 736 άν-

1945 775 2225 847 θρωπίνης
2283 773 2479 846 ἀρχῆς.
2540 772 2905 843 Ἀρχέτωσαν
2952 774 3090 845 γὰρ,
3162 773 3331 844 φησὶ,
3400 771 3524 826 τῶν

1948 868 2186 936 ἰχθύων,
2211 864 2333 919 τῶν
2357 866 2578 934 θηρίων
2610 863 2719 932 τῆς
2748 864 2884 934 τῆς,
2915 863 3033 919 τῶν
3091 864 3373 921 πετεινῶν
3415 864 3522 918 τοῦ

1947 951 2230 1020 οὐρανοῦ,
2257 951 2377 1005 τῶν
2422 950 2691 1020 κτηνῶν,
2726 952 2848 1006 τῶν
2880 951 3144 1021 ἑρπετῶν
3180 953 3301 1006 τῶν
3322 953 3533 1021 ἑρπόν-

1947 1060 2065 1097 των
2080 1042 2181 1097 ἐπὶ
2217 1042 2330 1112 τῆς
2353 1042 2487 1114 τῆς.
2518 1045 2632 1098 Οὐκ
2661 1040 2783 1098 εἷπε
2802 1061 2819 1075 ο
2840 1043 3194 1115 Ποιήσωμεν
3212 1045 3532 1121 ᾅνθρωπον

1949 1136 2076 1188 κατ’
2123 1136 2327 1189 εἰκόνα
2383 1135 2484 1188 καὶ
2547 1134 2676 1190 καθ’
2716 1135 3000 1204 ὁμοίωσιν
3049 1134 3379 1205 ἡμετέραν,
3434 1133 3530 1187 καὶ⁸

1951 1228 2279 1281 ἐσθιέτωσαν
2329 1229 2437 1282 πᾶν
2495 1226 2651 1292 ξύλον
2704 1226 3015 1299 κάρπιμον,
3063 1226 3094 1278 ὃ
3150 1224 3264 1296 ἔχει
3320 1223 3534 1294 καρπὸν

1953 1321 2011 1372 ὲν
2048 1318 2254 1390 ἑαυτῷο
2306 1318 2531 1391 ὕστερον
2587 1316 2697 1389 γὰρ
2745 1316 2949 1381 ταῦτα,
3006 1315 3144 1389 μετὰ
3173 1316 3274 1387 τὴν
3300 1316 3395 1369 τοῦ
3422 1332 3535 1377 παν

1955 1415 2206 1486 ραδείσου
2246 1413 2503 1482 φυτείαν,
2539 1413 2626 1468 ἵνα
2679 1413 2743 1465 σὺ
2786 1411 3075 1482 διδαχθῇς,
3124 1409 3351 1480 δεύτερα
3389 1408 3538 1478 ἔχειν

1954 1508 2023 1561 τὰ
2058 1507 2158 1577 τῆς
2188 1506 2389 1578 σαρκὸς
2431 1508 2705 1575 ἀναγκαῖα
2751 1503 2903 1576 παρά
2937 1502 3009 1557 τὰ
3050 1502 3151 1574 τῆς
3180 1501 3361 1573 ψυχῆς
3402 1516 3540 1572 προ-

1958 1601 2094 1671 ηγού
2103 1616 2258 1669 μενα.

268 1693 452 1737 scatur
489 1684 558 1739 de
611 1685 759 1738 omni
806 1684 953 1756 ligno
1008 1684 1295 1754 pomifero,
1331 1685 1474 1754 quod
1526 1685 1689 1741 habet
1731 1684 1966 1743 fructum
2004 1692 2056 1745 in
2089 1691 2400 1761 semetipso.
2466 1687 2592 1743 lizec
2657 1688 2802 1742 enim
2880 1695 3091 1755 postea,
3151 1694 3269 1755 post
3301 1683 3540 1754 paradisi

271 1774 489 1830 scilicet
534 1775 959 1845 piantationem;
999 1791 1109 1846 quo
1159 1785 1213 1831 tu
1263 1777 1465 1843 discas,
1504 1780 1556 1832 in
1601 1780 1854 1835 secundis
1893 1782 2096 1838 habere
2156 1799 2276 1854 quae
2342 1793 2468 1838 suut
2506 1781 2813 1837 necessaria
2857 1780 3059 1846 curuis,
3088 1794 3197 1849 prae
3229 1778 3296 1833 iis
3326 1792 3446 1847 qua:
3472 1775 3546 1830 ad

269 1869 509 1938 animum
551 1879 819 1939 spectant,
860 1878 1094 1939 suntque
1132 1870 1522 1941 principaliora
1571 1887 1637 1929 ac
1682 1875 1858 1945 primo
1895 1876 2184 1932 destinata.

342 1963 399 2017 8.
439 1962 620 2017 Prima
675 1978 910 2034 namque
961 1964 1120 2018 nobis
1168 1978 1384 2032 unaque
1426 1978 1610 2020 comes
1654 1965 1857 2020 consti-

2026 1970 2082 2024 8.
2126 1968 2342 2039 Ἐπειδὴ
2389 1967 2486 2021 καὶ
2534 1968 2750 2038 πρῶτον
2792 1966 2924 2036 ἡμῖν
2976 1961 3456 2035 συνεχειροτονήθη
3508 1963 3548 2034 ἠ

273 2065 386 2108 tuta
431 2064 516 2109 est
562 2054 865 2125 imperandi
903 2064 1174 2125 potestas:
1210 2064 1322 2109 tum
1357 2063 1413 2111 et
1455 2056 1691 2126 paradisi
1724 2057 1859 2112 libe-

273 2147 509 2202 ralitatis
550 2146 767 2202 cumulo
797 2147 1022 2217 adjectae
1051 2146 1280 2202 deliciae.
1310 2147 1525 2201 Animal
1559 2162 1640 2212 es,
1674 2148 1857 2215 homo,

274 2236 509 2305 imperio
555 2236 891 2291 destinatum
921 2256 932 2290 :
970 2224 1038 2291 ut.
1070 2237 1199 2306 quid
1244 2238 1746 2307 perturbationibus
1776 2247 1861 2293 at-

276 2345 388 2400 que
419 2329 569 2383 vitiis
598 2328 808 2383 servis?
844 2337 903 2381 ut
931 2329 1062 2397 quid
1102 2338 1246 2383 tuam
1287 2329 1604 2400 dignitatem
1651 2329 1858 2399 dejicis,

276 2435 342 2476 ac
366 2421 576 2491 peccati
603 2436 795 2475 servus
823 2418 1095 2475 eﬂiceris?
1121 2431 1178 2474 ut
1212 2421 1340 2490 quid
1376 2432 1426 2476 te
1455 2421 1668 2477 diabolo
1690 2423 1862 2493 capti-

278 2530 405 2568 vum
441 2513 685 2568 addicis?
713 2512 991 2568 Creaturte
1041 2513 1294 2582 princeps
1342 2524 1561 2569 creatus
1605 2529 1685 2580 es,
1733 2523 1864 2569 tute-

279 2625 388 2680 que
410 2609 734 2680 gravitatem
764 2608 1044 2678 projecisti
1083 2617 1312 2666 naturae.
1345 2607 1401 2663 In
1430 2611 1602 2680 gradu
1630 2610 1863 2681 quodam

281 2717 348 2756 ac
373 2700 693 2770 magistratu
746 2692 931 2754 saéculi
983 2698 1147 2768 hujus
1185 2700 1516 2756 constitutus
1554 2714 1613 2757 es
1644 2717 1658 2754 :
1694 2700 1867 2772 magis

282 2790 490 2845 teneris
526 2803 592 2845 ac
637 2788 852 2845 debitor
902 2792 982 2855 bs,
1017 2799 1079 2846 ut
1119 2799 1180 2846 et
1218 2791 1461 2846 animum
1501 2806 1567 2847 ac
1601 2793 1865 2848 rationem

281 2882 493 2953 pariter
539 2880 769 2953 imperio
813 2880 1104 2951 pollentem
1156 2882 1383 2950 habeas,
1423 2891 1590 2953 atque
1622 2883 1771 2938 vitiis
1802 2899 1868 2939 ac

287 2972 578 3028 adfectibus
629 2973 1046 3042 dominantem;
1104 2990 1173 3031 ne
1263 2975 1406 3032 risus
1458 2992 1524 3033 ac
1576 2976 1867 3034 ludibrium

285 3066 518 3121 subditis
545 3067 798 3132 exsistas,
830 3071 920 3137 qui
967 3084 1068 3140 pro
1098 3084 1163 3125 eo
1193 3085 1258 3125 ac
1295 3071 1484 3140 praesis
1524 3078 1689 3140 atque
1726 3086 1869 3141 prte-

286 3158 473 3222 t-ellas,
510 3166 562 3212 te
596 3157 890 3221 subditum,
932 3168 989 3214 et
1016 3160 1106 3229 qui
1145 3162 1347 3228 agaris,
1387 3163 1613 3230 perinde
1643 3180 1709 3220 ac
1749 3181 1868 3221 ser-

286 3265 388 3303 vus
446 3249 663 3306 vinctus
707 3259 761 3304 et
810 3251 1054 3319 inutilis,
1109 3262 1365 3320 reputent
1419 3270 1484 3310 ac
1543 3257 1868 3328 intelligant.

1962 2062 2057 2117 τοῦ
2094 2062 2284 2133 ἄρχειν
2310 2060 2561 2131 δύναμις.
2601 2059 2793 2112 ἔπειτα
2837 2057 2933 2111 καὶ
2973 2059 3007 2128 ἡ
3045 2056 3375 2128 παραδείσου
3421 2071 3554 2110 συν-

1964 2151 2358 2223 επεδαψιλεύθη
2386 2150 2704 2213 ἀπόλαυσις.
2735 2147 2985 2220 Ἀρχικὸν
3012 2142 3064 2200 εἷ
3084 2144 3243 2211 ζῶον,
3268 2145 3551 2218 ἄνθρωπε,

1966 2247 2061 2302 καὶ
2088 2246 2140 2300 τί
2167 2245 2435 2308 δουλεῦεις
2459 2245 2572 2307 τοῖς
2602 2239 2800 2296 πάθεσι
2825 2257 2840 2306 ;
2883 2240 2936 2293 τί
2983 2237 3208 2293 σεαυτοῦ
3238 2238 3300 2291 τὸ
3325 2237 3555 2309 ἀξίωμα

1969 2334 2354 2399 καταϐάλλεις,
2386 2334 2482 2388 καὶ
2509 2331 2696 2394 δοῦλος
2720 2331 2846 2403 γίνῃ
2880 2330 2979 2401 τῆς
3024 2329 3327 2401 ἁμαρτίας;
3375 2326 3466 2381 διὰ
3493 2326 3555 2382 τί

1970 2427 2196 2481 σεαυτὸν
2247 2426 2420 2489 ποιεῖς
2468 2422 2812 2495 αἰχμάλωτον
2846 2420 2941 2475 τοῦ
2994 2420 3281 2485 διαϐόλου;
3329 2419 3556 2489 ’Δρχων

1970 2518 2204 2579 κτίσεως
2248 2513 2679 2587 ἐχειροτονήθης,
2728 2510 2825 2564 καὶ
2872 2508 3183 2581 ἀπέρριψας
3241 2506 3557 2578 σεμνότητα

1968 2608 2071 2679 τῆς
2111 2605 2337 2660 σεαυτοῦ
2382 2605 2616 2675 φύσεως.
2677 2603 2765 2655 Ἐν
2816 2603 2956 2673 ἀρχῇ
3017 2617 3122 2653 τινι
3172 2598 3394 2666 τέταξαι
3455 2615 3558 2651 κο-

1974 2701 2142 2771 σμικῇ
2167 2715 2182 2763 ;
2224 2697 2339 2751 ἐστι
2368 2712 2450 2749 σοι
2480 2694 2640 2748 πλέον
2677 2693 2744 2747 δι’
2773 2691 3019 2763 ὀφειλῆς,
3069 2690 3129 2743 τδ
3164 2689 3262 2743 καὶ
3288 2688 3379 2741 τὸν
3405 2687 3561 2755 λογι-

1975 2792 2111 2863 σμὸν
2142 2790 2342 2862 ὁμοίως
2381 2789 2527 2861 ἔχειν
2560 2789 2916 2860 συνάρχοντα,
2963 2784 3058 2839 καὶ
3094 2780 3399 2855 κρατοῦντα
3444 2779 3564 2834 τῶν

1974 2883 2192 2940 παθῶνο
2221 2882 2309 2937 ἵνα
2333 2882 2407 2953 μὴ
2449 2879 2624 2949 γέλως
2656 2880 2774 2951 εῖης
2800 2881 2914 2942 τοῖς
2949 2874 3292 2949 ἀρχομένοις,
3332 2870 3429 2926 καὶ
3455 2871 3567 2940 έμ-

1975 2974 2236 3046 παιγμὸς,
2271 2974 2392 3027 ἀντὶ
2420 2973 2679 3044 ἄρχοντος
2709 2970 2803 3023 καὶ
2839 2969 3219 3039 ὑπερέχοντος,
3259 2961 3572 3034 ὑποκείμε-

1975 3086 2065 3124 νον
2092 3069 2187 3123 καὶ
2212 3067 2478 3137 ἀγόμενον
2508 3065 2598 3118 ῐσα
2631 3064 2725 3118 καὶ
2755 3062 2926 3133 δούλῳ
2953 3059 3159 3132 δεσμίῳ
3183 3056 3276 3113 καὶ
3298 3055 3568 3128 ἀχρήστῳ

1978 3160 2305 3217 κατανοοῦσι
2356 3175 2436 3214 σε.
2491 3157 2718 3223 Δοῦλος
2751 3153 3061 3221 ἐκλήθης;
3109 3150 3163 3205 τί
3218 3166 3279 3203 σε
3323 3147 3484 3201 λυπεῖ
3525 3148 3566 3218 ὴ

1977 3253 2190 3309 δουλεία
2236 3250 2332 3306 τοῦ
2378 3249 2665 3321 σώματος;
2709 3247 2801 3301 διὰ
2846 3246 2900 3300 τί
2932 3245 2993 3299 οὐ
3045 3243 3188 3316 μέγα
3224 3241 3443 3313 φρονεῖς
3488 3240 3568 3309 τῇ

289 3341 486 3396 Servus
528 3353 739 3397 uocatus
769 3358 822 3396 es
848 3342 896 3395 8?
921 3343 1056 3408 Quid
1092 3345 1187 3399 tibi
1220 3345 1483 3402 molestiae
1522 3347 1657 3404 facit
1705 3351 1862 3406 servi-

1974 3345 2263 3416 δεσποτεία
2301 3345 2369 3414 τῇ
2422 3340 2577 3415 παρὰ
2606 3338 2743 3393 Θεοῦ
2777 3355 2860 3391 σοι
2891 3335 3163 3409 διδομένῃ,
3189 3335 3273 3388 ὅτι
3304 3328 3571 3402 λογισμὸν

290 3445 377 3488 tus
412 3434 697 3504 corporis?
721 3433 918 3502 Quidni
955 3436 1128 3506 magis
1149 3437 1317 3494 altum
1344 3441 1493 3508 sapis
1524 3457 1590 3497 ac
1622 3442 1878 3512 gloriaris

290 3527 572 3581 dominatu
594 3528 690 3582 tibi
719 3542 748 3581 a
780 3527 889 3583 Deo
907 3533 1355 3599 coucesso,quod
1407 3533 1618 3589 ratione
1660 3544 1878 3604 pertur-

288 3622 567 3679 bationum
623 3621 844 3677 domina
892 3623 1152 3691 praeditus
1205 3627 1305 3679 es?
1351 3625 1484 3681 Cum
1531 3627 1744 3693 herum,
1790 3627 1878 3683 cui

292 3714 492 3781 servis,
531 3713 824 3783 voluptatis
875 3729 1091 3771 servum
1136 3716 1342 3775 videris
1398 3731 1463 3773 ac
1513 3717 1776 3786 libidinis,
1828 3727 1879 3774 te

290 3820 425 3862 vero
470 3803 786 3875 temperatis
833 3819 958 3860 esse
1003 3806 1281 3876 castisque
1329 3808 1595 3874 moribus,
1638 3808 1877 3880 intellige

293 3912 418 3954 esse
447 3907 498 3954 te
528 3912 748 3954 servum
795 3898 970 3954 solum
1014 3899 1234 3955 nomine
1266 3908 1458 3963 tenus;
1502 3900 1653 3956 illum
1686 3914 1878 3959 contra

293 3991 515 4047 nomine
556 3990 774 4059 quidem
822 3991 941 4045 heri
989 3997 1253 4059 potestate
1287 3991 1511 4061 pollere,
1546 3993 1659 4062 ipsa
1698 4003 1877 4048 autem

292 4099 357 4138 re
379 4081 726 4138 obfirmatum
751 4081 855 4136 sibi
880 4080 1140 4135 asrivisse
1164 4081 1447 4137 servitutis
1466 4080 1678 4153 iugum.
1706 4084 1885 4150 Quan-

298 4175 588 4245 doquidem
639 4174 785 4230 enim
836 4173 988 4228 illum
1041 4174 1260 4243 quidem
1318 4173 1699 4230 fornicationis
1752 4186 1880 4245 puta

299 4266 487 4319 vitium
530 4264 899 4332 mancipatum
948 4262 1137 4328 trahit,
1171 4272 1227 4316 tu
1269 4277 1398 4317 vero
1440 4263 1665 4317 rationis
1714 4265 1887 4317 domi-

1974 3434 2119 3506 ἔχεις
2148 3433 2337 3488 παθῶν
2365 3432 2669 3502 δεσπότην;
2706 3428 2877 3482 Ὅταν
2907 3426 3025 3499 ἴδῃς
3062 3425 3153 3479 τὸν
3175 3421 3441 3494 δεσπότην
3466 3436 3571 3473 σου

1974 3527 2161 3581 δοῦλον
2214 3525 2342 3580 ὄντα
2394 3524 2494 3594 τῆς
2540 3520 2755 3594 ἡδονῆς,
2805 3518 3029 3573 σεαυτὸν
3062 3516 3120 3570 δὲ
3157 3514 3442 3586 σώφρονα,
3474 3511 3575 3580 γί-

1976 3638 2154 3678 νωσκε
2193 3623 2276 3675 ὅτι
2322 3619 2387 3672 σὺ
2438 3618 2536 3688 μὲν
2588 3611 2640 3669 εἷ
2676 3613 2862 3676 δοῦλος
2908 3611 3132 3683 ὀνόματι
3168 3607 3329 3679 μόνον
3349 3623 3363 3637 ·
3418 3606 3573 3658 έκεῖ-

1979 3732 2067 3779 νος
2102 3715 2160 3768 δὲ
2204 3713 2428 3783 ὀνόματι
2470 3709 2632 3779 μόνον
2662 3706 2738 3779 (a)
2767 3705 2881 3776 ἔχει
2923 3702 3021 3775 τὴν
3049 3700 3385 3765 δεσποτείαν,
3417 3697 3577 3769 ἔργῳ

1972 3809 2029 3863 δὲ
2073 3804 2464 3878 βεϐαιουμένην
2515 3801 2866 3856 ἐπεσπάσατο
2911 3798 3012 3868 τὴν
3057 3793 3324 3849 δουλείαν.
3372 3791 3575 3846 Ὁπότε

1974 3901 2084 3972 γὰρ
2111 3901 2316 3953 ἐκεῖνον
2358 3897 2455 3967 μὲν
2480 3894 2542 3949 τὸ
2580 3893 2681 3963 τῆς
2711 3890 2972 3963 πορνείας
3016 3887 3190 3951 πάθος
3214 3883 3378 3955 τυχὸν
3420 3883 3577 3937 ἕλκει

1975 3988 2414 4053 καταδουλῶσαν,
2450 3989 2515 4041 σὺ
2561 3985 2619 4038 δὲ
2669 3983 2860 4038 τούτου
2907 3981 2996 4035 διὰ
3027 3978 3126 4051 τὴν
3172 3977 3268 4031 τοῦ
3306 3973 3575 4046 λογισμοῦ

1977 4083 2274 4153 κυριότητα
2303 4079 2771 4153 ὑπερανέστηκας,
2816 4073 2935 4137 πῶς
2973 4071 3096 4142 οὐχὶ
3147 4068 3415 4139 δεσπότης
3472 4066 3579 4138 μὲν

1983 4173 2188 4246 κυρίως
2252 4171 2372 4243 εἴης
2427 4169 2622 4232 αὐτὸς,
2680 4170 2709 4220 ὁ
2758 4166 2858 4236 τῆς
2909 4162 3102 4233 ἡδονῆς
3153 4161 3576 4232 ὑπερκείμενος,

1984 4268 2192 4327 ἐκεῖνος
2245 4264 2303 4317 δὲ
2364 4262 2564 4334 μᾶλλον
2602 4260 2821 4323 δοῦλος,
2872 4260 2901 4311 ὁ
2937 4255 3297 4326 ὑποκείμενος
3347 4251 3426 4323 τῷ
3469 4251 3583 4307 ὑπὸ

300 4368 426 4412 natu
445 4356 538 4411 illo
560 4356 805 4424 superior
823 4353 1067 4417 evasisti,
1098 4354 1189 4422 qui
1207 4354 1300 4407 ﬁat
1317 4364 1374 4408 ut
1401 4368 1504 4409 non
1531 4354 1647 4424 ipse
1677 4355 1856 4425 propri

1987 4354 2082 4409 σοῦ
2114 4353 2440 4424 πατουμένῳ
2474 4351 2637 4405 πάθει
2663 4366 2678 4414 ;
2702 4350 2876 4402 Ὅπου
2901 4344 3033 4416 γοῦν
3065 4344 3215 4417 ὴτοῦ
3253 4343 3441 4415 ἄρχειν
3480 4339 3579 4396 δύ·-

300 4463 536 4518 vereque
566 4448 817 4503 dominus
859 4448 955 4512 sis,
988 4447 1080 4516 qui
1112 4446 1389 4516 voluptate
1429 4462 1493 4502 ac
1536 4447 1760 4502 libidine
1803 4463 1892 4502 su-

300 4541 489 4613 perior
515 4541 615 4605 sis,
642 4540 840 4609 illeque
863 4540 1044 4608 potius
1073 4552 1286 4603 servus,
1314 4538 1408 4607 qui
1455 4538 1589 4592 vitio
1618 4553 1648 4591 a
1682 4548 1733 4592 te
1763 4553 1892 4608 pro-

1991 4461 2179 4515 ναμις,
2227 4445 2345 4497 ὲκεῖ
2372 4444 2406 4513 ἡ
2432 4440 2527 4494 τοῦ
2552 4439 2687 4493 Θεοῦ
2716 4437 2881 4492 εἰκών
2904 4454 2919 4468 ο
2959 4438 3095 4491 ὅπου
3138 4436 3198 4489 δὲ
3233 4436 3268 4506 ή
3314 4432 3407 4487 τοῦ
3440 4431 3580 4486 Θεοῦ

1994 4536 2189 4601 εἰκὼν,
2225 4538 2345 4590 ἐκεῖ
2376 4538 2406 4589 ὁ
2434 4536 2524 4590 ὑπ’
2553 4532 2718 4588 αὑτοῦ
2749 4529 3132 4603 πεπλασμένος
3163 4527 3470 4598 ἅνθρωπος.

302 4638 520 4693 cuicato
561 4637 881 4707 subjaceat?
909 4635 1011 4691 Ubi
1045 4635 1229 4705 itaque
1268 4634 1483 4705 imperii
1519 4634 1599 4690 vis
1639 4651 1703 4689 ac
1742 4635 2101 4704 principatus,
2129 4634 2202 4689 ibi
2266 4633 2359 4687 Dei
2432 4633 2612 4701 imago
2644 4648 2659 4685 :
2697 4629 2787 4685 ubi
2833 4637 3011 4682 autem
3079 4623 3175 4679 Dei
3244 4625 3443 4690 imago,
3474 4619 3584 4674 illic

303 4744 361 4788 et
390 4733 555 4818 homo
580 4731 673 4801 qui
703 4732 772 4786 ab
799 4730 891 4785 illo
917 4731 1186 4818 formatus
1215 4740 1324 4784 est.

373 4825 431 4881 9.
471 4806 702 4880 Prtest'nt
748 4806 1281 4893 piscibusfPrimum
1333 4823 1518 4876 datum
1568 4832 1656 4877 est
1728 4823 1862 4877 nobi:

1960 4848 1962 4862 ι
2060 4824 2114 4881 9.
2170 4822 2542 4891 Ἀρχέτωσαν
2588 4819 2707 4875 τῶν
2744 4817 2985 4886 ἰχθύων.
3033 4811 3257 4884 Πρῶτον
3303 4811 3436 4880 ἡμῖν
3473 4807 3584 4862 τῶν

303 4919 594 4988 imperium
649 4931 837 4971 eorum
890 4928 1014 4984 quae
1061 4913 1251 4983 procul
1310 4923 1518 4969 semota
1572 4923 1720 4968 sunt.
1770 4910 1862 4969 Not

1987 4914 2392 4986 ἀπῳκισμένων
2422 4915 2456 4983 ἡ
2502 4910 2646 4982 ἀρχὴ
2696 4907 2877 4978 ἐδόθη.
2915 4905 3032 4959 Οὐκ
3064 4900 3240 4963 εἶπεν,
3284 4898 3396 4953 Καὶ
3423 4898 3586 4968 ἀρχέ-

304 5013 464 5076 dixit,
503 5010 571 5064 Et
606 5008 830 5079 praesint
855 5005 1184 5061 animalibus
1222 5019 1342 5073 quae
1371 5003 1531 5059 simul
1567 5004 1862 5060 educantur

1986 5024 2170 5061 τωσαν
2219 5005 2329 5058 τῶν
2377 5004 2693 5076 συντρόφων
2740 4997 2917 5065 ζώων,
2952 4994 3110 5058 ἀλλὰ,
3166 4990 3291 5047 Τῶν
3325 4989 3545 5059 ἰχθύων
3566 5003 3582 5017 °

320 5105 422 5167 ‘ed,
462 5101 730 5166 Piscibus,
764 5099 860 5170 qui
908 5100 1078 5154 vitam
1131 5098 1183 5153 in
1228 5096 1385 5167 aquis
1434 5096 1656 5165 degunt.
1708 5095 1862 5151 Primi

1989 5098 2210 5170 ἔνυδρος
2243 5096 2354 5169 γὰρ
2386 5095 2566 5151 αὐτῶν
2603 5096 2636 5165 ἡ
2686 5093 2889 5147 δίαιτα.
2918 5088 3040 5143 Τῶν
3069 5081 3164 5140 οὖν
3201 5082 3399 5155 ἰχθύων
3427 5079 3587 5151 ἐδόθη

308 5198 471 5265 .gitur
520 5193 676 5249 nobis
725 5193 781 5248 in
827 5192 1007 5261 pisces
1060 5190 1318 5245 traditum
1357 5197 1440 5244 est
1486 5188 1798 5257 imperium,
1831 5203 1862 5241 u

1990 5194 2125 5264 ἡμῖν
2163 5193 2196 5261 ἠ
2238 5190 2381 5260 ἁρχὴ
2417 5188 2653 5260 πρῶτον,
2694 5186 2803 5253 ἵνα,
2844 5182 2936 5237 διὰ
2974 5179 3084 5234 τῶν
3136 5173 3458 5265 πορῤοτέρω
3493 5171 3590 5228 καὶ

307 5261 405 5357 per
432 5302 519 5352 ea,
554 5302 676 5357 qua:
722 5286 938 5357 longius
985 5285 1178 5341 dissita
1222 5292 1350 5339 sunt
1386 5297 1451 5338 ac
1483 5281 1763 5353 aquatilia,
1792 5296 1861 5350 po

1994 5261 2256 5352 ἐνύδρων,
2286 5277 2465 5348 πολλῷ
2507 5276 2706 5349 μᾶλλον
2738 5273 2834 5328 καὶ
2869 5271 2942 5325 τὰ
2992 5266 3393 5357 πλησιαίστερα
3434 5261 3590 5315 ὕστε-

311 5355 438 5434 tiori
490 5355 652 5449 longe
703 5355 919 5436 ratione
965 5379 1311 5449 postmodum
1362 5376 1528 5432 etiam
1593 5391 1712 5444 qute
1767 5390 1862 5431 suu

2004 5389 2097 5447 ρον
2140 5369 2546 5443 συμπεριλάδῃ.
2584 5369 2750 5439 ἤγουν
2783 5365 2851 5420 τὰ
2891 5364 3124 5436 χερσαῖα
3164 5358 3261 5414 καὶ
3293 5355 3585 5449 σύντροφα.

310 5443 1027 5545 viciniora-complectatur,
1076 5472 1129 5525 id
1185 5478 1268 5525 est
1308 5471 1610 5541 terrestria,
1657 5478 1714 5527 et
1770 5483 1862 5540 qua

2001 5443 2128 5530 Πῶς
2154 5460 2247 5519 οὖν
2275 5463 2383 5521 τῶν
2440 5462 2641 5534 ἰχθύων
2692 5458 2959 5530 δοκοῦμεν
3002 5455 3211 5528 ἄρχειν,
3263 5451 3314 5504 oi
3362 5446 3442 5521 μὴ
3470 5443 3579 5499 ate-

390 5589 411 5619 τ
436 5589 576 5644 Gen.
607 5605 651 5656 ι,
675 5587 767 5644 9.6.
842 5587 865 5620 ⁸
891 5587 911 5641 1
938 5586 1065 5642 Cor.
1103 5599 1197 5655 ru,
1231 5586 1323 5642 2|.

385 5705 460 5779 (a)
489 5706 712 5764 Μόνον.
740 5702 863 5776 his,
898 5702 1060 5777 μόνῳ.
