3838 6214
247 385 305 439 21
1248 375 1338 429 DE
1380 372 1666 429 HOMINIS
1709 374 1812 427 STI

1923 372 2134 428 ITURA
2176 371 2433 428 ORATIO
2471 374 2515 430 l.
2915 421 2918 424 .
3453 379 3524 436 2‘2

246 518 436 572 γοντες
477 505 576 554 σὺν
610 499 830 563 αὑτοῖς;
866 497 936 550 Εἴ
974 513 1078 550 που
1112 495 1286 564 ἔγνως
1332 494 1557 548 σεαυτὸν
1593 495 1651 546 ὲν
1683 493 1812 563 λίμν

1923 507 2052 547 ηυηε
2087 489 2367 546 nobiscum
2403 491 2569 544 vitam
2613 496 2777 558 agunt
2827 498 2883 545 et
2927 491 3244 548 educantur.
3269 493 3392 560 Qua
3421 496 3528 550 ita-

245 591 378 645 ποτὲ
407 591 814 659 καταφανέντα,
849 586 1082 657 έϐλεψάς
1115 603 1176 640 τε
1210 583 1329 648 πῶς
1356 585 1390 655 ἡ
1423 584 1552 638 σκιά
1579 601 1673 636 σου
1703 583 1812 654 μόν-

1939 599 2046 655 que
2101 587 2312 638 ratione
2364 584 2612 638 videmur
2665 581 2905 653 piscibus
2961 583 3190 654 imperio
3245 598 3518 656 praeesse,

245 683 427 736 πάντα
465 681 536 734 τά
581 677 970 748 ὲνδιαιτώμενα
1015 675 1189 747 ταύτῃ
1237 674 1447 746 ἰχθύδια
1503 673 1812 744 διεπτόησεν

1940 678 2030 746 qui
2063 678 2225 731 vitam
2252 691 2374 730 cum
2403 677 2484 731 eis
2523 691 2630 730 non
2659 677 2920 746 agamus?
2953 675 3011 733 Si
3044 677 3260 746 quando
3287 679 3522 750 teipsum

245 774 495 841 ἐπέγνως
541 771 608 825 ἂν
649 771 868 833 πάντως
911 769 1049 839 ταχὺ
1101 767 1163 820 τὸ
1211 767 1311 836 τῆς
1343 765 1538 837 ἀρχῆς.
1596 764 1693 828 Τίς
1731 764 1812 834 γάγ

1939 770 1995 824 in
2024 769 2217 839 palude
2247 769 2679 824 animadvertisti
2713 769 3092 839 conspicuum,
3122 778 3286 840 atque
3311 771 3518 836 vidisti,

243 863 390 917 οὕτω
449 861 716 934 δεσπότης
774 861 982 924 οίκίας,
1057 856 1455 929 θορυϐουμένου
1511 855 1607 909 τοῦ
1665 857 1838 919 οἴκου,

243 955 460 1028 ἀθρόως
498 953 748 1016 ἐπιστὰς,
785 953 1016 1024 ἡσυχίαν
1056 949 1302 1020 ἐποίησε,
1339 949 1434 1003 καὶ
1466 948 1644 1002 πάντα
1705 965 1836 1017 μετ-

244 1049 441 1103 έϐαλεν
466 1049 546 1112 είς
598 1046 897 1117 εὐκοσμίαν
937 1046 1005 1115 τῇ
1039 1041 1310 1113 παρουσίᾳ
1350 1040 1444 1094 τοῦ
1485 1038 1830 1112 κρατοῦντος,

241 1143 320 1206 ὡς
355 1141 561 1210 πᾶσαή
597 1139 816 1209 ἔνυδρος
866 1135 1062 1199 κτίσις,
1099 1135 1453 1203 ὲπιφάνεντος
1477 1131 1596 1195 ἐνὸς
1627 1129 1832 1204 ἀνθρώ-

239 1248 370 1294 που,
410 1228 733 1301 μεταϐάλλει
784 1227 846 1279 τὸ
901 1225 1126 1296 σχῆμα;
1163 1224 1360 1277 Οὐκέτι
1410 1224 1510 1294 τὴν
1541 1221 1829 1294 ἐλευθέραν

239 1322 357 1392 ἔχει
387 1323 698 1392 διαγωγήν·
756 1320 818 1373 οὐ
862 1319 1037 1390 τολμᾷ
1088 1316 1600 1388 ὲπινήξασθαιτοῖς
1639 1315 1829 1379 νώτοις

237 1417 341 1486 τῆς
370 1413 648 1484 Θαλάσσης
679 1413 713 1484 ἢ
743 1412 843 1482 τῆς
874 1410 1092 1481 λίμνης.

1938 859 2395 931 quemadmodum
2446 860 2559 916 sola
2606 869 2694 914 tua
2736 861 2926 916 umbra
2972 860 3256 930 .pisciculis
3304 863 3518 917 eunetis

1936 952 1991 1006 in
2025 967 2088 1006 ea
2131 953 2452 1022 degentibus
2483 961 2745 1006 terrorem
2786 952 2991 1022 injecit,
3015 952 3125 1007 cito
3160 967 3382 1020 prorsus
3414 952 3518 1006 im-

1940 1045 2074 1113 perii
2125 1045 2231 1098 vim
2286 1045 2572 1115 agnovisti.
2616 1042 2749 1109 Quis
2781 1045 2927 1100 enim
2975 1045 3050 1099 ita
3098 1043 3512 1115 paterfamilias,

1941 1137 2156 1190 turbata
2183 1136 2364 1201 domo,
2393 1137 2681 1205 derepente
2715 1144 2918 1204 astans,
2951 1135 3135 1190 sedata
3164 1135 3316 1190 turba
3348 1135 3515 1190 silen-

1939 1230 2075 1283 tium
2124 1229 2274 1296 fecit,
2308 1239 2612 1299 cunctaque
2651 1229 2982 1284 dominantis
3010 1229 3250 1299 potentia
3279 1229 3331 1282 in
3361 1229 3511 1282 ordi-

1937 1336 2060 1374 nem
2107 1321 2336 1389 redegit,
2383 1322 2654 1391 quomodo
2698 1320 3004 1376 natatilium
3042 1334 3213 1391 genus
3244 1333 3407 1374 omne
3445 1322 3513 1374 ad

1937 1411 2098 1468 unius
2132 1415 2368 1467 hominis
2429 1423 2730 1484 aspectum,
2766 1421 2982 1482 gestum
3019 1419 3194 1466 mutat
3220 1421 3383 1480 atque
3415 1425 3511 1480 ge-

239 1506 430 1560 nium?
477 1505 592 1559 Non
633 1504 865 1574 amplius
913 1503 1057 1572 degit
1110 1501 1313 1566 libere;
1362 1513 1464 1555 nec
1510 1513 1609 1567 per
1657 1499 1822 1552 maris
1855 1501 2072 1559 lacusve
2102 1519 2342 1560 summas
2383 1507 2555 1560 undas
2583 1505 2747 1560 audet
2776 1512 2988 1560 natare.

313 1603 401 1654 10.
456 1601 514 1654 '0
546 1600 752 1670 δελφὶς,
778 1601 906 1653 ὅταν
926 1597 1153 1669 πλησίον
1169 1595 1455 1666 ἄνθρωπον
1477 1594 1605 1647 ὄντα
1627 1595 1827 1666 θεάση-

234 1710 325 1746 ται
351 1732 366 1753 ,
405 1693 583 1748 καίτοι
623 1692 785 1756 αὐτός
816 1692 893 1744 ῶν
926 1693 954 1744 6
993 1687 1418 1761 βασιλικώτατος
1447 1687 1556 1741 τῶν
1605 1687 1824 1758 ἰχθύων,

2004 1599 2172 1670 329
2230 1600 2318 1654 10.
2378 1599 2714 1670 Delphinus,
2774 1599 2864 1654 ubi
2918 1597 3192 1652 hominem
3244 1610 3303 1652 se
3347 1605 3512 1666 prope

1933 1689 2297 1758 conspexerit,
2337 1688 2554 1743 tametsi
2589 1688 2730 1743 inter
2753 1687 2993 1743 natatilia
3041 1701 3106 1741 ac
3132 1686 3308 1755 pisces
3343 1684 3510 1756 regali

233 1785 465 1838 αἰδεῖται
491 1785 674 1849 οἱονεὶ,
707 1784 801 1838 καὶ
831 1781 1016 1836 οὐκέτι
1045 1783 1295 1843 κινεῖται,
1325 1779 1434 1833 οὐδ’
1468 1778 1542 1842 ὡς
1574 1777 1694 1841 ἔθος
1735 1777 1812 1830 ἆλ-

1936 1781 2173 1836 maxime
2202 1781 2362 1850 pollet
2395 1782 2555 1851 genio
2586 1794 2748 1850 atque
2778 1779 2980 1847 indole,
3013 1779 3157 1834 velut
3198 1787 3418 1832 veretur
3448 1791 3511 1830 ac

231 1878 407 1931 λεται.
438 1875 634 1946 Δελφίς
659 1874 769 1928 τῶν
801 1872 1014 1946 νηκτῶν
1042 1875 1070 1926 6
1101 1869 1527 1943 βασιλικώτατος
1558 1869 1785 1923 αἰδεῖται
1804 1886 1819 1901 ⁸

229 1966 410 2030 οὕτως
439 1965 596 2036 ὲδόθη
632 1964 712 2036 τῷ
733 1963 1006 2035 ἀνθρώπῳ
1038 1965 1072 2034 ή
1101 1963 1243 2017 κατά
1271 1961 1378 2016 τῶν
1409 1959 1625 2033 νηκτῶν
1653 1961 1820 2033 ἀρχή.

233 2060 407 2114 Ὅταν
433 2058 490 2112 δὲ
524 2057 640 2132 ἴδῃς
669 2056 896 2111 σεαυτοῦ
930 2055 1022 2110 τὸν
1056 2054 1316 2126 λογισμὸν
1362 2053 1452 2108 διὰ
1485 2052 1714 2121 πάντωνὲ
1743 2053 1822 2106 δι-

232 2152 443 2222 ήκοντα
503 2150 599 2204 καὶ
653 2149 872 2202 πάντων
913 2148 1034 2210 ταῖς
1086 2145 1304 2216 τέχναις
1340 2144 1668 2216 κρατοῦντα,
1702 2143 1820 2208 πῶς

227 2246 354 2316 οὐχὶ
378 2244 491 2298 τῶν
512 2241 694 2314 κητῶν
721 2242 832 2295 τῶν
859 2240 1108 2313 μεγάλων
1129 2240 1319 2311 ἄρχεις
1341 2255 1356 2305 ;

304 2421 395 2477 11.
441 2415 594 2474 Εἶδον
641 2419 883 2472 ἐπίνοιαν
912 2417 1259 2489 ἀνθρωπίνην
1278 2456 1293 2482 ,
1336 2417 1418 2471 ὅτι
1448 2417 1691 2472 ποιοῦσιν
1717 2419 1819 2486 ἀγ·-

229 2514 472 2586 κίστρων
510 2511 672 2565 τινῶν
713 2510 1079 2580 κατασκευὴν,
1121 2509 1216 2563 καὶ
1263 2509 1475 2572 τούτοις
1503 2509 1818 2564 ἐπιϐάλλον-

225 2622 320 2669 τες
349 2604 696 2674 δελεάσματα
741 2600 1030 2672 σύμμετρα
1050 2599 1128 2671 τῷ
1170 2599 1388 2671 μεγέθει
1417 2599 1526 2653 τῶν
1574 2617 1814 2654 καταπι-

226 2699 432 2753 νόντων
461 2695 642 2768 κητῶν
663 2713 677 2726 ·
712 2691 833 2750 εἶτα
887 2692 996 2747 τῶν
1042 2693 1227 2765 ἄκρων
1267 2693 1488 2748 ἐκείνων
1528 2693 1636 2748 τῶν
1671 2711 1816 2764 σχοι-

223 2790 382 2854 νίων,
433 2782 509 2843 ὧν
559 2789 874 2860 ἀπήρτηται
918 2785 988 2839 τὰ
1033 2786 1308 2856 ἄγκιστρα
1357 2785 1496 2838 κατά
1533 2785 1593 2838 τὸ
1629 2785 1813 2856 ἕτερον

227 2880 432 2951 πέρας,
460 2879 665 2941 ἀσκοὺς
713 2875 982 2946 πνεύματι
1009 2874 1365 2937 διατείνοντες
1382 2913 1397 2939 ,
1427 2873 1521 2928 καὶ
1548 2873 1813 2944 ἐκδήσαν-

224 2989 318 3035 τες
349 2969 462 3024 τῶν
487 2970 671 3040 ἄκρων
703 2967 946 3031 ἐκείναιν,
979 2963 1286 3036 μετεώρους
1324 2964 1550 3034 ἀφιᾶσιν
1578 2963 1672 3016 ἐπὶ
1715 2961 1811 3016 τοῦ

224 3064 521 3131 πελάγους.
581 3060 897 3130 Ἐνεχθέντα
949 3058 1130 3112 τοίνυν
1180 3055 1250 3111 τὰ
1298 3055 1466 3128 ἄγρια
1513 3056 1652 3127 κήτη
1698 3057 1811 3120 τοῖς

222 3156 578 3227 δελεάσμασι,
607 3153 703 3207 καὶ
725 3152 794 3206 τὰ
817 3153 1091 3222 ἄγκιστρα
1115 3149 1261 3204 ἔνδον
1291 3149 1498 3203 ἑαυτῶν
1525 3149 1810 3219 δεξάμενα,
1841 3137 1882 3196 C

225 3247 383 3320 σύρει
416 3246 516 3318 μὲν
539 3246 667 3308 τοὺς
688 3244 890 3307 ἀσκοὺς
919 3244 999 3307 εἰς
1027 3242 1088 3296 τὸ
1118 3241 1310 3314 βάθος·
1341 3246 1374 3313 ἡ
1405 3242 1462 3295 δὲ
1496 3242 1603 3296 τῶν
1628 3242 1815 3296 ἀσκῶν

221 3338 390 3411 φύσις
425 3336 716 3408 ἀνωφερὴς
747 3331 903 3396 οὖσα,
951 3334 1113 3388 πάλιν
1145 3333 1398 3388 ἀνθέλκει
1441 3335 1522 3397 εἰς
1565 3334 1664 3404 τὴν
1694 3336 1814 3387 ἐπι-

223 3433 477 3504 φάνειαν,
520 3430 616 3484 καὶ
664 3427 1068 3500 ὲμπεπαρμένα
1097 3430 1162 3498 τῇ
1208 3425 1313 3498 ίδίᾳ⁵
1361 3429 1534 3498 τροφῇ
1573 3426 1686 3482 ἀνω
1719 3426 1812 3480 καὶ

223 3527 376 3580 κάτω
417 3523 809 3596 μαιμάσσεται,
849 3522 944 3573 καὶ
974 3519 1205 3573 ἀλύοντα
1227 3519 1355 3582 τοὺς
1385 3518 1582 3588 βυθοὺς
1605 3517 1812 3589 διερευί-

224 3619 405 3680 νᾶται,
441 3615 656 3684 πελάγη
691 3611 942 3682 πελαγῶν
970 3611 1221 3682 ἀμείϐει’
1257 3611 1351 3665 καὶ
1390 3611 1480 3664 τὸν
1518 3611 1686 3664 πολὺν
1710 3611 1811 3664 πό-

223 3726 316 3763 νον
347 3709 632 3779 ἀπρακτον
661 3704 806 3775 ἔχον,
834 3704 1144 3757 τελευταῖον
1169 3703 1364 3774 βραχεῖ
1395 3701 1473 3772 τῷ
1505 3702 1807 3774 ἀγκίστρῳ,

224 3802 287 3855 τὸ
324 3800 467 3872 μέγα
503 3799 599 3852 καὶ
638 3798 869 3868 ἄτρυτον
903 3794 1092 3866 θηρίον
1138 3793 1414 3865 ἁλώσιμον
1452 3793 1699 3862 γίνεται,
1735 3795 1813 3864 τῷ

225 3889 698 3964 πόνῳδαμασθὲν,
731 3887 810 3959 τῷ
852 3887 996 3958 λιμῷ
1028 3886 1403 3956 καταπονηθὲν
1425 3927 1440 3949 ,
1487 3887 1582 3940 καὶ
1617 3886 1809 3957 νεκρὸν

229 3985 366 4057 μετά
414 3983 526 4036 τῶν
576 3980 762 4036 ἀσκῶν
813 3979 1139 4051 συρόμενον,
1193 3977 1415 4050 θήραμα
1470 3977 1681 4045 γίνεται
1731 3976 1808 4048 τῷ

226 4076 472 4148 θηρατῇο
501 4072 579 4144 τῷ
610 4071 814 4144 μικρῷ,
843 4071 905 4124 τὸ
951 4070 1130 4140 μέγα’
1166 4067 1245 4140 τῷ
1287 4069 1540 4133 ἀσθενεῖ,
1574 4071 1634 4122 τὸ
1665 4069 1810 4138 ἀμα-

225 4187 321 4242 χον
350 4170 453 4240 τὴν
485 4167 636 4238 ἰσχύν
659 4183 673 4198 ο
703 4165 793 4219 διὰ
825 4164 912 4229 τί;
947 4164 1029 4216 ὅτι
1058 4165 1125 4233 τῇ
1171 4161 1266 4216 τοῦ
1299 4161 1558 4232 λογισμοῦ
1592 4179 1812 4232 περιου-

229 4264 324 4332 σία
353 4261 586 4332 δύναμιν
629 4258 725 4312 τοῦ
775 4257 964 4328 ἄρχειν
994 4254 1174 4308 λαϐὼν
1206 4256 1235 4307 ό
1263 4253 1549 4324 ἄνθρωπος
1569 4291 1583 4318 ,
1613 4253 1684 4318 ὡς
1714 4271 1812 4306 κα-

223 4357 359 4418 κοὺς
390 4352 666 4424 δραπέτας
690 4349 825 4420 πρὸς
854 4346 1164 4401 εὐπείθειαν
1194 4347 1318 4414 ἄγει
1340 4346 1464 4410 τοὺς
1486 4346 1813 4400 ἀπειθεστά-

221 4456 379 4506 τουςο
412 4441 506 4495 καὶ
536 4441 662 4502 τοὺς
697 4437 772 4509 μὴ
802 4436 1133 4508 δυναμένους
1162 4435 1229 4489 δι’
1261 4435 1602 4506 ἡμερότητος
1643 4452 1812 4506 προσ-
1841 4486 1885 4542 D

221 4533 482 4605 ἀχθῆναι,
515 4531 738 4594 τούτους
784 4528 876 4584 διὰ
918 4529 1021 4600 τῆς
1069 4529 1314 4598 ἀνάγκης
1363 4525 1804 4580 καταδουλοῦται.

224 4627 414 4691 Οῦτως
458 4623 734 4694 πανταχοῦ
782 4625 814 4694 ἡ
868 4620 964 4676 τοῦ
1003 4621 1192 4692 ἄρχειν
1238 4619 1468 4690 δύναμις
1514 4619 1666 4691 παρὰ
1709 4620 1805 4673 τοῦ

222 4717 510 4778 κτίσαντος
555 4713 881 4784 ἐγγινομένη
931 4710 1011 4782 τῷ
1056 4709 1328 4781 ἀνθρώπῳ
1379 4711 1634 4782 ὑπάρχει.
1692 4711 1806 4764 Ἐν-

220 4807 410 4862 τεῦθεν
434 4805 629 4875 ξιφίαι,
661 4805 758 4859 καὶ
783 4804 1029 4874 ζύγεναι,
1062 4803 1157 4857 καὶ
1186 4803 1466 4873 φάλαιναι,
1505 4803 1599 4856 καὶ
1644 4803 1802 4874 πρίο-

1933 1871 2124 1936 timet;
2167 1885 2267 1925 nec
2309 1871 2447 1924 ultra
2495 1879 2762 1933 movetur,
2807 1885 2983 1939 neque
3027 1876 3085 1923 ut
3132 1868 3350 1934 assolet,
3386 1867 3512 1922 salit

1932 1979 1996 2018 ac
2027 1963 2304 2034 tripudiat.
2348 1963 2442 2018 Sic
2471 1964 2628 2018 datus
2663 1961 2867 2018 homini
2915 1963 2967 2018 in
3013 1977 3076 2017 ea
3118 1973 3238 2032 quae
3270 1961 3323 2015 in
3351 1959 3508 2030 aquis

1928 2057 2153 2127 degunt,
2179 2056 2522 2126 principatus
2549 2064 2654 2111 est.
2685 2054 2820 2119 Cum
2853 2054 3035 2124 itaque
3063 2053 3326 2108 rationem
3359 2063 3505 2108 tuam

1927 2151 2278 2218 animumque
2305 2148 2486 2204 omnia
2516 2149 2926 2219 pervadentem,
2952 2145 3276 2216 cunctisque
3305 2145 3506 2198 artium

1927 2243 1980 2296 vi
2027 2240 2397 2295 dominantem
2441 2240 2676 2304 videris;
2724 2239 2994 2308 quomodo
3030 2253 3136 2293 non
3185 2237 3349 2292 etiam
3389 2251 3505 2289 ma-

1926 2348 2155 2402 gnorum
2187 2343 2432 2386 ceterum
2468 2333 2699 2401 imperio
2727 2333 2916 2400 potiris
2935 2331 2966 2384 ἓ

1997 2423 2084 2478 Η.
2129 2421 2249 2478 Vidi
2303 2438 2404 2494 ego
2459 2424 2657 2479 subtile
2710 2423 2989 2478 hominum
3041 2423 3354 2486 inventum,
3409 2421 3502 2491 qui

1926 2513 2102 2568 hamis
2127 2513 2196 2567 ad
2227 2521 2378 2568 cetos
2423 2513 2715 2582 capiendos
2741 2512 3025 2581 conlectis,
3054 2522 3218 2583 atque
3247 2525 3370 2568 esca
3403 2525 3502 2580 pro

1924 2603 2136 2660 ratione
2169 2605 2562 2676 magnitudinis
2589 2619 2776 2660 eorum
2815 2605 2908 2674 qui
2949 2605 3264 2674 deglutiant,
3291 2604 3500 2674 adjecta

1921 2696 2151 2752 summis
2190 2696 2412 2752 funibus
2446 2696 2645 2765 quibus
2685 2695 2829 2751 hami
2872 2697 3120 2764 suspensi
3165 2705 3310 2764 sunt,
3349 2705 3498 2752 utres

1920 2802 1986 2844 ex
2030 2788 2204 2844 altera
2237 2797 2398 2860 parte
2432 2797 2596 2844 vento
2628 2788 2814 2858 plenos
2851 2789 3093 2859 alligant,
3121 2802 3321 2858 eosque
3367 2802 3498 2858 pen-

1920 2881 2054 2937 siles
2083 2895 2250 2952 super
2298 2896 2449 2937 mare
2491 2881 2724 2951 jactant.
2760 2880 2960 2936 lnvecti
2999 2881 3179 2950 itaque
3220 2881 3273 2935 in
3315 2894 3494 2935 escam

1920 2971 2020 3028 feri
2057 2972 2188 3037 ceti,
2220 2986 2398 3042 exque
2447 2987 2510 3027 ea
2555 2971 2763 3027 haustis
2795 2972 2988 3038 hamis,
3019 2983 3168 3026 utres
3195 2971 3410 3042 quidem
3445 2972 3497 3024 in

1919 3064 2246 3134 profundum
2301 3063 2568 3118 trahunt:
2601 3078 2790 3120 verum
2840 3079 2964 3118 cum
3013 3079 3077 3118 ea
3123 3074 3272 3120 utres
3322 3063 3499 3118 indole

1918 3156 2028 3212 sint
2056 3167 2116 3211 ut
2155 3171 2375 3212 sursum
2407 3157 2656 3221 tendant,
2690 3158 2758 3212 ad
2792 3171 3056 3211 summam
3093 3171 3280 3211 rursus
3309 3169 3496 3225 super-

1916 3247 2094 3303 ﬁciem
2156 3251 2484 3303 retrahunt:
2518 3246 2825 3318 conﬁxique
2871 3263 2993 3302 cum
3049 3263 3148 3305 sua
3189 3261 3312 3301 esca
3354 3245 3487 3310 ceti,

1916 3354 2010 3395 sus
2051 3344 2228 3410 deque
2275 3342 2464 3409 perciti
2513 3350 2660 3395 mqu
2697 3341 3058 3405 concitantur,
3096 3337 3384 3406 doloreque
3425 3351 3491 3391 ac

1915 3442 2048 3486 aestu
2090 3429 2356 3501 profunda
2411 3440 2756 3495 scrutantur;
2807 3429 2910 3483 alia
2953 3443 3020 3482 ex
3060 3427 3182 3483 aliis
3222 3434 3489 3482 mutantes

1912 3539 2137 3594 aequora
2169 3541 2183 3579 :
2212 3522 2528 3592 frustraque
2561 3531 2759 3578 conatu
2803 3538 2868 3577 ac
2912 3521 3096 3577 labore
3125 3521 3380 3586 impenso,
3419 3519 3487 3572 ad

1915 3626 2220 3672 extremum
2251 3615 2404 3670 brevi
2430 3615 2594 3668 hamo
2617 3613 2841 3685 grandis
2864 3629 2930 3668 ac
2953 3608 3288 3668 indomabilis
3314 3609 3486 3664 bestia

1919 3717 2074 3776 capta
2106 3707 2161 3760 in
2199 3721 2394 3760 manus
2425 3705 2610 3771 venit;
2657 3705 2844 3760 labore
2887 3704 3136 3769 edomita,
3165 3699 3308 3755 fame
3349 3713 3487 3755 con-

1916 3799 2077 3865 fecta,
2115 3808 2170 3855 et
2202 3814 2324 3869 qua:
2353 3814 2457 3852 una
2489 3814 2612 3853 cum
2627 3799 2837 3855 utribus
2863 3801 3369 3862 traltatur‘tnortua,
3395 3811 3487 3851 ve-

1916 3890 2100 3945 nantis
2147 3891 2329 3959 praeda
2381 3888 2569 3944 eﬂ‘ecta
2609 3907 2624 3944 :
2665 3890 2782 3959 ejus
2828 3890 2917 3960 qui
2969 3887 3183 3961 pusillus
3227 3887 3315 3949 sit,
3345 3901 3487 3954 prm-

1916 4002 2151 4057 magna;
2187 3986 2303 4055 ejus
2334 3988 2425 4057 qui
2471 3984 2777 4052 imbecillis,
2813 3984 3071 4038 immenso
3107 3978 3302 4033 robore
3327 3978 3486 4046 vique

1914 4080 2159 4150 praedita.
2185 4079 2324 4146 Quid
2356 4080 2472 4134 ita?
2502 4078 2657 4146 Quod
2690 4077 2940 4132 nimirum
2972 4072 3192 4128 rationis
3221 4078 3486 4141 praestan-

1916 4171 1988 4226 tia
2020 4180 2183 4240 atque
2211 4171 2388 4239 copia,
2424 4170 2652 4239 imperio
2686 4168 2901 4238 regendi
2946 4163 3207 4219 facultate
3240 4171 3483 4230 accepta,

1913 4249 2168 4330 tanquam
2203 4260 2465 4329 mancipia
2499 4259 2743 4328 qumdam
2787 4255 3206 4328 procacissimos
3248 4250 3318 4307 ad
3353 4251 3486 4306 obea

1915 4355 2169 4410 dientiam
2201 4369 2298 4423 per
2325 4355 2434 4408 vim
2471 4361 2721 4416 revocat;
2768 4360 2825 4404 ut
2877 4349 2967 4418 qui
3016 4347 3240 4402 lenitate
3287 4345 3483 4400 adduci

1914 4445 2289 4515 nequiverant,
2319 4445 2354 4499 ii
2393 4443 2716 4498 necessitate
2740 4443 3003 4496 servitute
3032 4446 3364 4509 premantur.
3393 4436 3485 4492 Sic

1915 4534 2124 4602 imperii
2151 4535 2232 4588 vis
2258 4550 2287 4587 a
2314 4533 2570 4587 Creatore
2594 4530 2794 4587 homini
2827 4528 3013 4595 indita,
3043 4529 3241 4597 ubique
3263 4529 3312 4581 ei
3344 4542 3486 4581 cum-

1908 4625 2062 4693 petit.
2107 4623 2351 4693 ilincque
2382 4624 2517 4678 adeo
2546 4625 2624 4689 lit,
2653 4632 2792 4678 utet
2841 4622 3040 4691 xiphiaa
3090 4636 3186 4676 seu
3224 4621 3407 4690 gladii,
3433 4627 3487 4673 et

1908 4727 2161 4784 zygenm,
2197 4725 2252 4768 et
2296 4713 2534 4778 balaenm,
2567 4721 2625 4767 et
2647 4726 2833 4776 serrae,
2873 4722 2928 4765 et
2972 4709 3126 4766 vituli
3175 4709 3397 4773 marini,
3426 4717 3482 4763 et

1906 4805 2109 4874 reliqua
2129 4807 2383 4861 terribilia
2401 4814 2642 4859 eetorum
2663 4818 2858 4873 genera
2875 4803 3074 4857 homini
3091 4801 3331 4870 subjecta
3352 4802 3480 4856 sint.

218 4918 332 4966 νες,
366 4904 459 4953 καὶ
487 4899 606 4971 βόες
627 4941 642 4965 ,
679 4898 775 4952 καὶ
800 4899 975 4952 πάντα
1015 4899 1199 4951 ἐκεῖνα
1225 4896 1296 4950 τὰ
1330 4896 1536 4968 φοϐερὰ
1570 4897 1680 4950 τῶν
1707 4899 1888 4969 κητῶν
1917 4901 2160 4972 ὀνόματα
2189 4899 2472 4972 ὑποχείρια
2494 4897 2684 4967 γέγονε
2703 4895 2782 4967 τῷ
2813 4893 3103 4965 ἀνθρώπῳ.

295 4994 386 5048 12.
424 4991 804 5062 Ἀρχέτωσαν
818 4989 936 5044 τῶν
959 4991 1180 5060 ἰχθύων·
1203 4989 1314 5058 τῆς
1336 4989 1810 5058 θαλάσσηςμαὶ

223 5085 344 5142 τῶν
371 5086 592 5156 θηρίων
620 5081 728 5150 τῆς
755 5080 885 5153 γῆς.
919 5083 1031 5152 Οὑχ
1059 5082 1192 5152 ὁρᾷς
1238 5081 1328 5136 τὸν
1367 5081 1555 5134 λέοντα
1588 5081 1680 5134 τὸν
1715 5079 1811 5150 βα-

227 5182 324 5252 ρὺν
343 5219 360 5244 ,
388 5177 483 5231 τὸν
517 5175 846 5248 βρυχητικὺν
872 5213 889 5238 ,
915 5166 979 5227 οὑ
1007 5174 1100 5227 καὶ
1122 5174 1185 5228 τὺ
1212 5173 1384 5245 ὄνομα
1426 5174 1702 5246 ἀφόρητον
1741 5177 1808 5245 τῇ

224 5275 386 5345 ἀκοῇ,
415 5271 512 5326 καὶ
531 5273 559 5324 6
593 5268 837 5343 βρυγμὸς
864 5268 1180 5340 ὑπότρομον
1225 5269 1494 5339 ποιεῖτὴν
1514 5267 1618 5337 γῆν
1643 5260 1719 5334 ;ᾧ
1737 5267 1812 5339 (a)

224 5363 329 5419 τίνι
353 5364 503 5416 ἐστὶν
527 5360 703 5426 οὑτως
748 5359 1006 5433 φορητὸν,
1053 5359 1196 5413 ὥστε
1237 5359 1418 5432 όρμὴν
1463 5357 1630 5413 αὐτοῦ
1674 5360 1808 5412 ὑπο-

227 5458 450 5528 μεῖναι;
484 5453 650 5507 Οὐδὲ-ν
691 5452 799 5506 τῶν
841 5451 1052 5521 ἀλόγων
1080 5452 1176 5506 καὶ⁹
1221 5450 1496 5522 μεγίστων
1539 5449 1694 5515 ζώων
1723 5468 1812 5504 το-

225 5549 404 5621 σαύτῃ
435 5547 665 5600 πέποιθε
705 5546 988 5619 δυνάμεως
1035 5546 1354 5618 περιουσίᾳ,
1384 5545 1524 5599 ὥστε
1551 5545 1810 5616 ἀντιστῆ-

221 5655 314 5694 ναι
346 5636 656 5709 ὁρμωμένῳ
695 5638 891 5692 λέοντι.
935 5637 1074 5690 Ἀλλ’
1127 5638 1277 5708 ὅμως
1328 5637 1536 5689 ἐκεῖνον
1573 5637 1705 5706 ὁρᾷς
1752 5639 1808 5690 ὲν

229 5725 417 5800 μικρῷ
469 5725 666 5799 ζώγρῳ
717 5725 1264 5797 κατακεκλεισμένον.
1299 5726 1395 5790 Τίς
1445 5726 1474 5777 6
1519 5723 1805 5794 καθείρξας

305 5846 383 5920 (τι)
413 5839 506 5918 ᾯ.
542 5847 724 5919 Forte,
744 5850 790 5920 ὃ,
822 5848 1032 5906 scilicet
1057 5846 1242 5918 θηρίον
1264 5844 1344 5904 vel
1364 5845 1550 5916 ὄνομα.
1582 5845 1754 5930 Eon.

1986 4995 2073 5047 η.
2120 4995 2187 5047 Et
2223 4996 2444 5064 pra’sint
2487 4992 2718 5063 piscibus
2770 4989 2957 5053 maris,
2998 4996 3049 5041 et
3095 4987 3272 5041 bestiis
3308 4998 3483 5043 term.
3581 5025 3590 5034 .

1917 5082 2166 5155 Nunquid
2217 5100 2324 5141 non
2381 5099 2600 5154 gravem
2656 5082 2905 5145 leonem,
2963 5079 3264 5148 rugientem
3313 5078 3483 5132 feram

1913 5179 2205 5248 conspicis,
2239 5178 2391 5249 cujus
2432 5186 2488 5232 et
2529 5189 2725 5232 nomen
2773 5174 2954 5229 auditu
2994 5171 3354 5241 importahile,
3392 5187 3486 5226 ru-

1913 5271 2166 5341 gitusque
2205 5285 2406 5342 pavore
2453 5277 2652 5324 terram
2699 5265 2980 5322 succutit?
3013 5264 3216 5334 ecquod
3271 5264 3484 5319 tandem

1912 5371 1994 5416 est
2027 5363 2211 5428 robur,
2247 5373 2304 5415 ut
2331 5361 2450 5433 eius
2483 5361 2756 5416 sustinere
2783 5358 3042 5427 impetum
3079 5355 3291 5426 possit?
3330 5355 3485 5411 Nulla

1912 5454 2054 5510 enim
2086 5458 2368 5511 hrutarum
2396 5453 2772 5518 animantium,
2796 5461 2850 5505 et
2875 5461 2994 5518 qua
3014 5448 3314 5518 pratgrandi
3347 5448 3486 5500 mole

1912 5548 2158 5617 corporis
2187 5548 2320 5613 sint,
2352 5557 2500 5601 tanta
2533 5546 2728 5598 virium
2764 5541 2920 5612 copia
2951 5540 3194 5604 conlidit,
3226 5550 3286 5594 ut
3318 5541 3486 5594 leonis

1911 5640 2178 5696 obsistere
2219 5640 2438 5710 impetui
2489 5638 2679 5710 possit.
2733 5637 2984 5690 Altamen
3033 5634 3182 5689 illum
3230 5631 3284 5687 in
3323 5646 3487 5701 parvo

1909 5732 2116 5788 vivario
2183 5732 2446 5788 inclusum
2516 5731 2682 5787 vides.
2745 5727 3004 5796 Quisnam
3073 5738 3293 5783 carcere
3351 5736 3486 5778 con-
