3838 6214
347 262 418 320 93
1302 276 1646 334 ᾹΡΡΕΝΒΙΧ
1685 279 1935 340 OPERUI

2045 311 2069 338 ι.
2109 280 2354 340 mrsu."
2387 285 2623 363 MAGNI.
3517 291 3591 347 at

349 383 610 441 Strinxit?
664 388 787 458 quis
841 389 1094 461 exiguum
1154 407 1429 449 cancerem
1486 399 1675 467 grandi
1735 401 1924 456 bestiae

2045 403 2338 468 ιὺτόν;τίς
2384 405 2412 457 6
2457 402 2519 455 τὸ
2572 401 2768 472 μικρὸν
2823 399 3191 471 δεσμωτήριον
3245 401 3321 471 τῷ
3376 403 3596 476 μεγάλῳ

346 479 725 550 excogitavit?
770 482 893 550 quis
949 499 1102 538 raros
1161 499 1338 540 caveze
1401 489 1593 560 lignea:
1655 493 1920 547 cancellos

349 571 573 626 inclusa:
605 571 733 625 ferae
767 574 1054 641 exstruxit,
1087 591 1192 645 quo
1225 580 1531 646 respiraret.
1566 595 1631 635 ne
1670 597 1768 636 suo
1807 584 1920 652 ipsa

350 661 590 717 anhelitu
638 663 1013 730 suﬁ'ocaretur,
1045 667 1138 720 sed
1188 668 1352 724 libere
1401 672 1634 725 animam
1677 674 1920 738 duceret,

350 764 652 819 secureque
703 755 929 821 ageret?
971 757 1128 824 quis?
1177 757 1424 828 Nunquid
1477 777 1582 816 non
1624 763 1804 825 homo,
1831 766 1921 833 qui

352 841 647 896 bestiarum
678 843 1010 901 saevissimas
1039 848 1150 902 sibi
1175 849 1365 904 ludum-
1391 851 1560 906 facit?

432 1020 520 1074 l5.
560 1019 809 1090 Nunquid
846 1038 950 1075 non
999 1024 1290 1090 pantheras
1329 1024 1551 1090 deludit,
1586 1041 1705 1080 cum
1737 1039 1923 1082 cnarta

357 1111 412 1165 in
441 1111 676 1167 hominis
708 1112 932 1183 elligiem
965 1113 1135 1168 elﬁcta
1165 1129 1195 1169 e
1223 1118 1485 1183 superiori
1535 1119 1653 1172 loco
1689 1119 1922 1184 objecta,

360 1207 606 1260 chartam
645 1209 906 1275 panthera
940 1208 1216 1278 discerpit,
1251 1218 1411 1279 atque
1443 1210 1604 1265 homo
1648 1211 1786 1264 infra
1829 1229 1925 1280 po—

359 1300 518 1364 silus,
551 1299 745 1354 bestiae
787 1301 1112 1356 dementiam
1161 1317 1330 1372 prono
1363 1304 1472 1358 risu
1515 1304 1752 1372 excipit?
1782 1305 1930 1358 Nnn-

357 1391 486 1459 q-uid
513 1407 620 1446 non
647 1391 810 1448 homo
847 1395 1070 1448 rationis
1094 1396 1246 1463 copia
1276 1397 1483 1450 cunctis
1511 1397 1755 1464 superior
1780 1399 1926 1451 exsi-

357 1480 497 1535 stit?
527 1480 769 1547 Quonam
803 1482 859 1535 id
886 1483 1080 1537 modo?
1120 1484 1301 1538 Dicam
1349 1485 1442 1539 tibi
1488 1487 1554 1539 de
1599 1487 1924 1553 volucribus,

327 1570 502 1626 haud
597 1573 812 1642 quidem
895 1574 945 1627 in
1047 1590 1175 1629 aera
1257 1591 1481 1645 corpore
1567 1579 1928 1632 conscendere

358 1664 633 1718 hominem
673 1681 842 1718 :nam
897 1681 1072 1734 neque
1122 1668 1222 1719 alis
1272 1668 1526 1735 prmditus
1570 1675 1683 1733 est;
1734 1670 1927 1722 mentis

359 1761 542 1808 tamen
587 1755 847 1821 potentia,
886 1771 990 1808 una
1049 1771 1172 1810 eum
1223 1757 1301 1810 eis
1351 1758 1584 1811 volatum
1629 1759 1924 1812 contendit.
1958 1738 1999 1791 Β

358 1843 502 1898 Nihil
544 1855 627 1900 est
664 1846 803 1916 quod
845 1847 1074 1902 hominis
1105 1847 1370 1902 rationem
1401 1849 1749 1917 animumque
1789 1849 1930 1904 deti-

359 1945 506 1992 neat.
539 1937 666 2004 Qua:
693 1939 744 1992 in
763 1939 1024 2007 profundo
1055 1950 1199 2004 sunt,
1222 1941 1475 2006 rimatur;
1509 1955 1626 2008 qum
1641 1955 1800 2008 super
1817 1948 1929 1994 ter-

361 2044 499 2094 ram,
534 2041 731 2084 venatu
762 2030 922 2100 330
959 2031 1132 2098 capit;
1177 2046 1296 2098 qua:
1342 2032 1392 2084 in
1433 2047 1580 2098 aere,
1610 2033 1931 2099 pernicitate

367 2120 562 2190 majori
595 2125 902 2184 antevertit,
931 2122 1276 2190 detractaque
1301 2123 1414 2176 solo
1449 2125 1682 2178 devehit.

434 2214 522 2266 14.
555 2213 742 2268 Vidisti
773 2213 1065 2282 aliquando.
1089 2213 1144 2266 in
1172 2229 1381 2268 summo
1409 2215 1620 2271 arboris
1662 2230 1814 2270 ramo
1850 2217 1932 2268 in-

363 2305 625 2360 sidentem
652 2305 942 2369 volucrem,
979 2305 1165 2359 subtus
1191 2307 1241 2358 in
1283 2314 1425 2360 terra
1457 2316 1736 2360 versantes
1763 2309 1934 2360 homi-

363 2397 827 2452 nesderidentem
855 2413 870 2460 ;
902 2405 962 2451 ut
995 2412 1119 2465 qua:
1167 2398 1372 2451 alarum
1422 2399 1557 2453 Freta
1613 2399 1932 2467 pernicitate

366 2487 698 2542 sit‘HIideas
751 2488 1097 2543 nihilominus
1129 2488 1216 2543 hic
1255 2503 1469 2558 quoque
1520 2488 1661 2542 hanc
1689 2502 1716 2542 a
1765 2503 1932 2558 puero

366 2578 491 2634 ludo
517 2579 654 2648 capi.
694 2579 940 2634 Calamos
965 2580 1108 2634 enim
1147 2579 1367 2634 calamis
1398 2577 1636 2646 subjicit,
1667 2593 1936 2632 summos-

365 2685 472 2739 que
498 2685 591 2724 eos
633 2671 778 2726 visco
802 2672 960 2725 illinit
989 2689 1003 2726 :
1039 2687 1103 2727 ac
1134 2680 1244 2726 tum
1267 2687 1362 2742 per
1397 2687 1576 2726 ramos
1597 2687 1660 2726 ac
1699 2671 1821 2726 l'olia
1861 2672 1933 2726 ita

367 2761 553 2814 furtim
585 2759 822 2830 disponit
853 2776 916 2816 ac
958 2763 1120 2827 locat,
1155 2771 1216 2816 ut
1247 2763 1454 2817 viscum
1501 2778 1604 2815 non
1655 2771 1932 2832 appareat,

368 2868 669 2924 vagumque
695 2869 759 2908 ac
777 2854 1058 2909 sublimem
1089 2855 1325 2909 volueris
1353 2854 1500 2908 fallat
1525 2855 1790 2908 obtutum.
1809 2854 1932 2908 Levi

369 2953 572 2998 attactu
631 2960 728 3013 per
777 2961 904 3000 aera
941 2946 1210 3000 volantem
1253 2945 1512 2999 aviculam
1562 2945 1772 3005 tenuit;
1818 2958 1937 3010 qua:

2023 493 2145 564 ζὼῳ
2174 497 2498 565 ἐπινοήσας;
2545 493 2628 556 τίς
2677 495 2705 546 ὁ
2749 495 2815 564 τῇ
2846 492 3127 563 ἀραιότητι
3159 493 3268 545 τῶν
3313 496 3598 564 στημόνων

2021 587 2243 640 ἐκείνων
2267 587 2375 640 τῶν
2407 587 2630 652 ξυλίνων
2652 585 2748 656 τὴν
2777 586 3053 654 ἀναπνοὴν
3087 584 3165 655 τῷ
3209 586 3600 653 ἐγκεκλεισμέ-

2023 698 2098 750 νῳ
2115 681 2189 750 (a)
2213 680 2383 751 θηρίῳ
2401 681 2844 750 παρασκευάσας,
2863 679 2937 740 ὡς
2957 678 3029 748 μὴ
3056 677 3346 742 ἀποπνῖξαι
3371 679 3500 732 αὐτὸ
3519 680 3600 750 τῷ

2028 772 2142 842 ἰδίῳ
2181 772 2436 841 ἄσθματι.
2481 770 2616 824 άλλά
2655 769 2747 822 καὶ
2788 769 3060 838 ἀναπνοὴν
3093 768 3394 842 ἐλευθέριον
3450 771 3600 842 αὑτῷ

2023 863 2162 925 δοὺς,
2219 863 2312 915 καὶ
2342 863 2440 933 τὴν
2485 861 2782 930 ἀσφάλειαν
2815 859 3262 930 διοικησάμενος;
3306 862 3348 912 Τ
3356 861 3434 925 ig;
3479 862 3599 931 οὐχὶ

2024 953 2118 1006 ἄνθ
2127 970 2304 1018 ρωπος
2320 953 2540 1020 παίγνια
2551 955 2781 1004 ποιεῖται
2793 951 2898 1003 τῶν
2915 949 3117 1020 θηρίων
3128 950 3194 1003 τὰ
3206 949 3560 1019 χαλεπώτατα
3577 967 3600 1014 ς

2096 1046 2183 1099 15.
2225 1044 2338 1097 Οὐκ
2388 1043 2682 1106 ἀποπαίζει
2730 1041 2838 1096 τῶν
2884 1041 3220 1112 παρδάλεων,
3267 1042 3395 1094 ὅταν
3426 1042 3596 1112 ὑπερ-

2023 1133 2173 1204 τείνῃ
2189 1133 2396 1204 χάρτην
2418 1135 2496 1195 εἰς
2516 1131 2799 1202 ἄνθρωπον
2822 1120 3306 1200 ἐσχηματισμένον·
3335 1131 3428 1182 καὶ
3446 1132 3480 1200 ἡ
3501 1131 3602 1200 μὲν

2025 1226 2116 1278 τὸν
2147 1226 2351 1296 χάρτην
2380 1223 2685 1294 ἐσπάραξεν
2705 1262 2719 1284 ,
2763 1225 2791 1275 6
2833 1223 2890 1276 δὲ
2927 1223 3211 1295 ἄνθρωπος
3240 1223 3390 1276 κάτω
3415 1223 3606 1291 κείμε-

2027 1335 2115 1381 νος
2147 1317 2245 1387 τῆς
2274 1317 2458 1378 ἀνοίας
2487 1315 2579 1368 τοῦ
2612 1315 2800 1385 θηρίου
2845 1315 3242 1384 κατεγέλασεν;
3272 1315 3347 1366 Οὐ
3381 1331 3604 1384 περιου-

2030 1409 2118 1478 σίᾳ
2152 1407 2244 1460 τοῦ
2270 1405 2529 1476 λογισμοῦ
2565 1405 2781 1457 πάντων
2814 1407 3004 1475 κρατεῖ
3033 1406 3061 1457 6
3099 1403 3409 1473 ἄνθρωποςς
3443 1402 3600 1467 πῶς;

2028 1501 2180 1553 Εἴπω
2228 1516 2309 1551 σοι
2362 1498 2489 1568 περὶ
2521 1496 2629 1550 τῶν
2679 1496 3017 1565 πετομένων,
3067 1496 3146 1548 ὃτι
3174 1497 3274 1549 οὐκ
3319 1495 3614 1556 ἀναϐαίνει

2033 1592 2128 1662 μὲν
2156 1593 2184 1643 6
2233 1589 2517 1661 ἄνθρωπος
2562 1590 2642 1651 εἰς
2675 1588 2765 1641 τὸν
2791 1589 2928 1659 ἀέρα
2975 1586 3186 1658 σώματι
3207 1603 3222 1618 ·
3256 1588 3316 1640 οὐ
3347 1587 3455 1657 γὰρ
3489 1586 3603 1656 ἔχει

2031 1681 2205 1751 πτερά
2229 1696 2240 1709 ·
2284 1679 2730 1749 συμπαρίπταται
2771 1678 2827 1731 δὲ
2875 1682 2987 1741 τοῖς
3027 1681 3249 1746 πτηνοῖς
3285 1681 3351 1748 τῇ
3386 1677 3480 1730 τοῦ
3509 1676 3600 1730 νοῦ

2029 1772 2268 1842 δυνάμει.
2304 1771 2468 1824 Οὐδὲν
2504 1771 2720 1840 κατέχει
2748 1770 2840 1823 τὸν
2858 1769 2950 1822 τοῦ
2981 1769 3268 1841 ἀνθρώπου
3305 1768 3562 1839 λογισμόν
3582 1785 3596 1797 ’

2028 1863 2096 1917 τὰ
2124 1866 2184 1916 ἐν
2217 1861 2362 1933 βυθῷ
2392 1863 2751 1933 διερευνᾶται,
2794 1861 2864 1914 τά
2909 1861 3049 1932 ὑπὲρ
3094 1862 3194 1931 γῆς
3242 1861 3496 1933 θηρᾶται,
3533 1861 3605 1913 τὰ

2031 1958 2088 2009 ἐν
2112 1955 2190 2026 τῷ
2221 1955 2340 2026 ἀέρι
2375 1953 2918 2025 προκαταλαμϐάνει,
2944 1955 3038 2008 καί
3071 1957 3153 2018 εἰς
3191 1954 3296 2023 γῆν
3318 1953 3601 2007 κατασπά-

2033 2067 2152 2112 σας,
2189 2048 2530 2118 ἀποκομίζει.

2105 2222 2188 2276 14.
2231 2217 2387 2284 Εἷδές
2452 2238 2581 2274 ποτε
2633 2222 2719 2274 ἐπ’
2768 2220 2936 2293 ἄκρου
2991 2220 3185 2274 κλάδου
3241 2221 3605 2291 καθεζόμενον

2034 2315 2220 2385 ὄρνεον
2246 2313 2561 2382 καταγελῶν
2593 2313 2700 2366 τῶν
2729 2313 2879 2367 κάτω
2907 2313 3034 2384 περὶ
3054 2313 3152 2383 τὴν
3179 2312 3280 2382 γῆν
3308 2311 3608 2383 στρεφομέ-

2033 2424 2137 2458 νων
2181 2404 2512 2474 ἀνθρώπων,
2547 2405 2604 2456 ἐν
2638 2404 2715 2475 τῷ
2741 2403 3054 2456 πεποιθέναι
3085 2405 3152 2474 τῇ
3195 2390 3482 2472 κουφότητι
3510 2401 3604 2454 τοῦ

2036 2495 2276 2567 πτεροῦ;
2347 2495 2485 2548 Ἀλλ’
2532 2496 2680 2565 ὅμως
2731 2495 2880 2548 ἐστιν
2929 2495 3091 2548 πάλιν
3131 2495 3409 2548 κάνταῦθα
3479 2493 3607 2546 ἰδεῖν

2033 2588 2199 2639 παῖδα
2223 2585 2635 2655 ἀδολεσχοῦντα,
2671 2586 2950 2657 καλάμους
2978 2586 3240 2656 καλάμοις
3283 2584 3609 2638 ὑποϐάλλον-

2034 2691 2123 2738 τα,
2149 2677 2245 2728 καὶ
2274 2675 2412 2728 κατά
2443 2675 2550 2728 τῶν
2585 2676 2768 2747 ἄκρων
2795 2676 2903 2729 τῶν
2933 2676 3194 2746 καλάμων
3229 2675 3336 2739 ἰξὸν
3367 2692 3610 2746 προσαρ-

2035 2769 2274 2839 τήσαντα
2298 2784 2312 2796 ο
2348 2763 2466 2820 εἶτα
2493 2767 2860 2832 λανθανόντως
2885 2768 2974 2822 διὰ
2996 2770 3104 2822 τῶν
3131 2769 3338 2822 κλάδων
3374 2769 3469 2822 καὶ
3499 2767 3608 2821 τῶν

2038 2859 2252 2928 φύλλων
2287 2859 2561 2929 κλέψαντα
2591 2861 2686 2913 τοῦ
2719 2860 2829 2927 ἰξοῦ
2858 2861 2959 2932 τὴν
2997 2859 3316 2931 παρουσίαν,
3353 2861 3446 2912 καὶ
3471 2861 3610 2912 ἀπο-

2041 2953 2499 3024 μετεωριζόμενον
2528 2953 2589 3006 τὸ
2631 2953 2784 3024 ὄμμα
2836 2952 2929 3006 τοῦ
2963 2953 3172 3025 ὀρνέου.
3225 2954 3414 3023 Μικρᾷ
3443 2969 3612 3024 προσ-

369 3051 466 3104 per
493 3038 692 3092 aethera
743 3036 968 3102 feratur,
1013 3037 1286 3091 volucrem
1321 3036 1468 3090 visco
1505 3036 1767 3090 devinxit.
1799 3034 1933 3088 Nam

2045 3045 2232 3115 ψαύσει
2265 3046 2533 3117 ἐκράτησε
2560 3045 2620 3098 τὸ
2661 3045 3024 3117 ἀεροποροῦν·
3059 3045 3120 3098 τὸ
3156 3043 3243 3097 διά
3275 3045 3367 3097 τοῦ
3395 3046 3611 3117 αἰθέρος

375 3131 520 3186 humi
548 3130 763 3199 quidem
789 3130 933 3200 jacet
964 3130 1125 3184 homo
1153 3147 1167 3196 ;
1197 3130 1342 3183 humi
1369 3143 1496 3184 vero
1520 3129 1637 3197 ejus
1671 3137 1725 3182 et
1747 3143 1935 3182 manus

2045 3137 2339 3206 φερόμενον
2367 3137 2588 3205 πτηνὸν,
2609 3135 2826 3205 δέσμιον
2857 3135 2950 3204 ἰξῷ
2970 3135 3164 3206 ἤγαγε.
3197 3135 3364 3188 Κάτω
3385 3135 3483 3205 μὲν
3502 3135 3612 3206 γάρ

373 3232 430 3276 et
478 3225 673 3294 pedes;
705 3223 821 3292 ejus
851 3221 1130 3276 enimvero
1175 3233 1328 3273 meus
1381 3229 1543 3287 atque
1581 3219 1792 3273 animus
1831 3233 1934 3271 una

377 3327 498 3366 cum
532 3313 840 3367 volucribus
879 3313 932 3366 in
975 3311 1202 3366 sublime
1240 3311 1505 3374 ascendit,
1549 3324 1612 3364 ac
1639 3323 1743 3378 qua
1777 3308 1938 3377 pollet

379 3403 516 3456 artis
543 3405 822 3466 industria,
845 3404 1028 3474 pervia
1060 3402 1136 3456 illi
1163 3401 1299 3456 fiunt
1318 3401 1579 3466 caelestia,
1613 3411 1670 3454 et
1699 3416 1817 3469 quae
1836 3401 1936 3455 sub

377 3511 540 3549 manu
565 3499 776 3552 veniant
805 3512 868 3552 ac
897 3498 1198 3567 capiantur,
1238 3513 1356 3567 quae
1383 3505 1508 3551 sunt
1540 3495 1641 3549 alis
1688 3495 1934 3565 przedita.

379 3584 516 3639 Tum
543 3586 676 3640 enim
713 3589 846 3644 retia
880 3570 1173 3645 tenduntur
1203 3589 1534 3651 volucribus,
1571 3596 1682 3642 tum
1717 3587 1941 3657 sagitta-

379 3677 448 3732 rii
474 3676 712 3734 volantes
753 3691 1113 3752 assequuntur
1137 3721 1152 3746 ,
1205 3696 1270 3738 ac
1306 3697 1428 3751 quae
1462 3691 1588 3736 sunt
1615 3679 1938 3751 gulosiores,

383 3784 630 3826 escarum
662 3771 903 3830 illecebra
934 3776 1126 3844 praedae
1153 3775 1373 3830 cedunt.

455 3861 547 3915 l5.
571 3859 712 3915 Num
745 3875 793 3916 et
833 3865 1066 3934 aquilam
1099 3881 1372 3934 nunquam
1412 3865 1595 3922 vidisti
1635 3865 1940 3938 vehementi

384 3951 585 4021 impetu
612 3952 804 4021 przedae
834 3954 1072 4024 illapsam
1100 3955 1267 4026 plagis
1314 3958 1460 4012 humi
1493 3956 1775 4012 confestim
1807 3958 1942 4010 irre-

381 4043 518 4098 tiri?
543 4044 620 4098 Ae
645 4059 766 4113 quae
789 4046 964 4100 volatu
997 4046 1103 4100 alta
1150 4048 1388 4115 petebat,
1438 4048 1669 4102 hominis
1692 4057 1810 4102 astu
1840 4049 1942 4102 ob-

379 4137 523 4205 jecta
551 4151 695 4203 esca,
731 4137 783 4190 in
819 4145 1010 4192 terram
1054 4140 1357 4194 detruditur
1385 4154 1448 4194 ac
1490 4149 1718 4194 tenetur.
1752 4139 1942 4194 Omnia

383 4227 579 4297 quippe
601 4225 700 4282 sub
731 4226 964 4281 hominis
989 4243 1146 4282 manu
1169 4245 1198 4282 a
1229 4229 1336 4283 Deo
1360 4231 1529 4298 posita
1563 4243 1707 4285 sunt.
1739 4229 1804 4282 Et
1837 4230 1944 4284 im-

383 4316 545 4385 plevit
569 4316 777 4380 orbem,
809 4323 862 4369 et
889 4316 1153 4370 hominem
1185 4310 1514 4386 principatus
1534 4327 1805 4388 expertem
1839 4335 1942 4373 non

2037 3229 2214 3279 κεῖται
2240 3229 2268 3280 6
2298 3226 2600 3298 ἅνθρωπος,
2631 3226 2780 3280 κάτω
2807 3227 2864 3280 δὲ
2897 3227 2990 3280 καὶ
3020 3225 3098 3278 τὼ
3142 3229 3293 3296 χεῖρε
3330 3225 3490 3279 αὑτοῦ
3519 3227 3612 3280 καὶ

2037 3319 2114 3371 τὼ
2159 3319 2324 3371 πόδε·
2358 3318 2475 3372 ἀλλ’
2522 3321 2556 3388 ἠ
2609 3319 2815 3372 διάνοια
2867 3316 3055 3370 τούτου
3109 3316 3486 3370 συναναϐαίνει
3532 3317 3612 3379 εἰς

2041 3409 2176 3478 ὕψος
2203 3411 2316 3472 τοῖς
2348 3411 2592 3479 πτηνοῖς,
2622 3408 2716 3462 καὶ
2747 3407 2835 3461 διὰ
2864 3408 2962 3477 τῆς
2997 3407 3190 3476 τέχνης
3219 3405 3414 3473 ἐφικτὰ
3441 3403 3614 3474 τούτῳ

2037 3499 2248 3567 γίνεται
2277 3497 2346 3550 τά
2371 3499 2618 3569 οὐράνια,
2654 3499 2748 3551 καί
2779 3497 2848 3550 τά
2881 3496 3152 3568 πτερωτὰ,
3181 3495 3381 3548 ἁλωτά.
3411 3494 3616 3548 Δίκτυά

2038 3609 2097 3644 τε
2123 3589 2232 3662 γὰρ
2258 3591 2471 3644 ἵσταται
2501 3593 2612 3649 τοῖς
2642 3589 2885 3660 πτηνοῖς,
2915 3589 3011 3642 καὶ
3051 3588 3263 3653 τοξόται
3306 3587 3414 3640 τῶν
3457 3603 3616 3639 πετο-

2045 3683 2218 3754 μένων
2261 3682 2782 3753 καταστοχάζονται,
2823 3681 2916 3735 καὶ
2961 3681 3288 3751 δελεάσμασι
3315 3678 3618 3750 βρωμάτων

2042 3774 2314 3847 θηρῶνται
2340 3776 2406 3828 τά
2435 3774 2864 3845 λαιμαργότερα.

2116 3865 2200 3918 lii.
2243 3865 2356 3916 Οὐκ
2380 3859 2518 3926 εἶδές
2549 3879 2679 3914 ποτε
2731 3863 2825 3915 καὶ
2873 3861 3028 3915 ἀετὸν
3055 3862 3272 3932 λάϐρως
3302 3861 3400 3932 μὲν
3448 3861 3621 3931 ἐμπεο

2045 3958 2207 4010 σόντα
2233 3955 2310 4026 τῷ
2332 3955 2632 4026 θηράματι,
2656 3954 2819 4024 τάχος
2845 3953 2902 4007 δὲ
2925 3971 2992 4007 πε
3003 3953 3298 4024 ριπαρέντα
3324 3955 3445 4014 ταῖς
3469 3951 3622 4004 κάτω

2045 4049 2248 4116 πάγαις
2273 4064 2288 4111 ;
2319 4046 2503 4109 Οὕτως
2527 4045 2588 4098 τὸ
2619 4045 2820 4114 ὑψηλὸν
2853 4045 3001 4098 κάτω
3032 4045 3240 4111 γίνεται
3268 4046 3382 4107 τοῖς
3410 4042 3624 4115 ἀνθρω-

2045 4142 2221 4204 πίνοις
2248 4141 2608 4208 δελεάσμασιν
2653 4137 3036 4192 καθελκυσθέν.
3062 4137 3246 4190 Πάντα
3266 4138 3375 4207 γάρ
3400 4135 3503 4188 ὑπὸ
3524 4135 3624 4206 τὴν

2047 4236 2202 4304 χεῖρα
2255 4232 2430 4302 ἤγαγε
2471 4228 2565 4282 τοῦ
2612 4228 2930 4299 ἀνθρώπουο
2967 4229 3060 4280 καὶ
3106 4228 3203 4298 τὴν
3249 4229 3424 4281 κτίσιν
3462 4227 3626 4298 ἐκλή-

2054 4342 2214 4395 ρωσε,
2247 4324 2342 4376 καὶ
2373 4323 2462 4376 τὸν
2493 4321 2775 4393 ἄνθρωπον
2801 4320 3025 4390 ἄμοιρον
3053 4319 3152 4388 τῆς
3187 4318 3499 4383 δεσποτείας
3523 4320 3625 4372 οὐκ

384 4408 533 4466 fecit.
563 4407 642 4463 Ne
684 4409 888 4463 dixeris
920 4427 934 4462 :
966 4407 1095 4474 Quae
1123 4411 1180 4464 in
1224 4425 1348 4465 aere
1382 4409 1653 4475 feruntur,
1681 4411 1935 4480 quomudc

2058 4419 2299 4488 ἐποίησε.
2333 4417 2424 4488 Μὴ
2461 4418 2653 4480 εἴποις·
2702 4416 2782 4469 Τὰ
2817 4419 2874 4470 ἐν
2901 4417 2979 4486 τῷ
3017 4415 3139 4487 ἀέρι
3169 4416 3462 4486 φερόμενα,
3507 4415 3626 4478 πῶς

387 4515 504 4554 mea
536 4500 695 4554 sunt?
717 4500 848 4554 Nam
879 4511 934 4555 et
969 4501 1054 4555 illa
1071 4503 1308 4563 .rationis
1338 4516 1439 4570 ope
1471 4503 1562 4556 tibi
1607 4504 1845 4570 subjecta
1885 4517 1950 4558 ac

384 4597 616 4650 obnoxia
646 4597 799 4651 ﬁunt.

459 4689 543 4742 16.
577 4686 647 4740 Et
676 4687 967 4757 reptilibus,
990 4705 1108 4759 qum
1136 4695 1341 4755 reptant
1371 4702 1525 4755 super
1549 4696 1760 4738 terram.
1795 4683 1952 4738 Vides

387 4782 478 4835 ubi
515 4781 676 4834 situm
701 4783 790 4847 sit,
829 4782 970 4850 quod
997 4782 1062 4835 ad
1105 4780 1197 4834 Dei
1239 4780 1521 4850 imaginem
1556 4778 1806 4832 conditus
1834 4791 1894 4830 es
1927 4776 1952 4829 ?

386 4869 442 4923 In
471 4883 536 4924 eo
567 4870 822 4924 nimirum
856 4870 996 4938 quod
1025 4871 1328 4939 principatu
1369 4867 1553 4937 polles,
1591 4868 1752 4936 inque
1783 4865 1947 4919 animi

384 4967 540 5030 parte
567 4959 894 5027 intelligente
911 4974 976 5014 ac
1005 4968 1188 5015 uteute
1213 4961 1430 5014 ratione.
1455 4957 1520 5010 Et
1540 4958 1656 5026 fecit
1685 4957 1823 5011 Deus
1859 4957 1954 5009 ho-

384 5053 596 5107 minem.
623 5051 760 5118 Quid
792 5051 954 5122 igitur
971 5060 1055 5108 est
1077 5053 1239 5107 homo
1261 5051 1381 5106 iEx
1401 5052 1464 5106 iis
1492 5066 1608 5121 quae
1627 5051 1872 5121 legimus,
1901 5059 1956 5104 et

384 5159 451 5196 ex
484 5145 549 5198 iis
577 5158 696 5212 qute
727 5144 1063 5208 audivimus,
1110 5143 1384 5198 hominem
1434 5142 1767 5197 deliniemus.
1811 5139 1956 5197 Nihil

383 5233 649 5302 enimjam
671 5250 807 5304 opus
832 5245 917 5290 est
939 5245 999 5292 ut
1015 5235 1218 5292 alienas
1243 5236 1586 5292 definitiones
1616 5245 1943 5298 mutuemur,

385 5338 561 5393 neque
587 5334 646 5380 ut
669 5327 739 5382 ab
760 5336 982 5382 externa
1008 5327 1248 5383 vanitate
1272 5328 1438 5398 petita
1472 5327 1526 5382 in
1547 5325 1788 5382 veritatis
1810 5325 1960 5395 cogi-

388 5423 558 5468 tatum
594 5431 925 5490 sensumque
975 5418 1316 5475 inducamus.
1363 5418 1534 5473 Homo
1565 5427 1649 5474 est
1676 5434 1812 5488 opus
1840 5417 1956 5481 Dei,

386 5507 596 5562 ratione
623 5510 930 5579 prmditum,
960 5511 1029 5568 ad
1069 5513 1304 5568 creantis
1331 5511 1620 5582 imaginem
1662 5510 1956 5566 conditum.

2051 4513 2174 4581 ἐμοί
2205 4511 2448 4582 διαφέρει
2479 4529 2493 4573 ;
2529 4510 2652 4562 ἐπεὶ
2699 4509 2927 4562 κάκεῖνα
2957 4509 3046 4562 διὰ
3098 4507 3193 4561 τοῦ
3240 4505 3501 4578 λογισμοῦ
3544 4525 3627 4561 σοι

2050 4598 2336 4670 ὑποχείρια
2375 4586 2604 4665 γίνεται.

2123 4691 2210 4744 16.
2251 4689 2366 4743 Kal
2403 4687 2522 4742 τῶν
2567 4688 2830 4756 ἑρπετῶν
2873 4689 2992 4742 τῶν
3029 4687 3332 4756 ἑρπόντων
3374 4688 3472 4741 ἐπὶ
3521 4687 3632 4756 τῆς

2054 4783 2186 4854 γῆς.
2250 4781 2412 4853 Ὁρᾷς
2458 4779 2559 4834 ποῦ
2601 4780 2748 4852 ἔχεις
2795 4781 2856 4834 τὸ
2897 4782 3015 4834 κατ’
3077 4781 3260 4834 εἰκόνα
3305 4780 3633 4850 γεγενῆσθαι

2059 4874 2228 4938 Θεοῦς
2255 4873 2398 4926 κατὰ
2434 4873 2495 4926 τὺ
2525 4874 2750 4944 ἀρχικὸν
2797 4871 3027 4944 δηλαδὴ,
3073 4873 3166 4926 καὶ
3210 4873 3272 4925 τὸ
3313 4874 3412 4944 τῆς
3455 4873 3634 4943 ψυχῆς

2059 4968 2244 5040 νοερόν
2272 4985 2332 5020 τε
2362 4967 2456 5020 καὶ
2493 4966 2729 5035 λογικόν.
2778 4967 2889 5020 Καὶ
2931 4967 3219 5035 ἐποίησεν
3267 4969 3301 5021 ό
3341 4968 3485 5033 Θεὸς
3526 4969 3634 5021 τὸν

2061 5058 2394 5125 ἄνθρωπον.
2427 5057 2492 5109 Τί
2529 5052 2620 5109 οὖν
2653 5058 2800 5109 ἐστιν
2847 5057 3152 5128 ἅνθρωπος,
3187 5056 3246 5121 ἐξ
3293 5050 3366 5109 ὧν
3397 5057 3636 5126 ἀνέγνω-

2067 5168 2186 5221 μεν,
2217 5150 2312 5204 καὶ
2359 5150 2417 5216 ἐξ
2456 5144 2530 5204 ὧν
2567 5150 2897 5222 ἠκούσαμεν,
2946 5149 3258 5221 ὀρισόμεθα.
3303 5150 3497 5203 Οὐκέτι
3523 5149 3635 5220 γὰρ

2065 5242 2224 5314 χρεία
2244 5241 2584 5304 δανείζεσθαι
2609 5241 2767 5311 ὅρους
2798 5240 3138 5312 ἀλλοτρίους,
3169 5239 3288 5292 οὐδὲ
3327 5240 3394 5292 τά
3439 5241 3505 5293 ἐκ
3537 5241 3637 5311 τῆς

2069 5330 2425 5401 ματαιότητος
2471 5330 2782 5399 ἐπεισάγειν
2820 5329 2898 5400 τῷ
2927 5328 3174 5398 λογισμῷ
3214 5328 3313 5398 τῆς
3355 5327 3637 5398 ἀληθείας.

2069 5422 2384 5494 ’Ἄνθρωπός
2417 5425 2562 5476 ἐστιν
2592 5422 2804 5493 ποίημα
2833 5419 2970 5474 Θεοῦ
3009 5419 3222 5488 λογικὸν
3242 5457 3257 5483 ,
3289 5421 3409 5472 κατ’
3455 5422 3642 5475 εἰκόνα

2065 5514 2356 5586 γενόμενον
2402 5515 2495 5570 τοῦ
2539 5514 2825 5581 κτίσαντος
2885 5515 3067 5569 αὐτόν.
3119 5514 3190 5569 Εἰ
3238 5532 3291 5568 τι
3344 5513 3522 5568 λείπει
3565 5515 3643 5585 τῷ

461 5665 538 5742 (rt)
583 5665 788 5742 Verba,
811 5667 886 5742 τιῖι
911 5670 1348 5742 ἐγκεκλεισμένῳ
1382 5684 1553 5738 usque
1595 5669 1661 5725 ad
1694 5667 1789 5742 καὶ
1820 5667 1935 5721 ἀνασ

2045 5666 2097 5740 ἣν
2145 5666 2197 5722 in
2239 5667 2475 5726 editione
2517 5666 2764 5726 Garnerii
2810 5667 2879 5726 ob
2918 5667 3372 5728 homceoteleuton
3406 5669 3644 5738 omissa,

386 5751 451 5793 ex
481 5738 790 5796 Combellsii
827 5738 1028 5794 Basilio
1059 5738 1696 5798 recen'sita'restituimus.
1733 5739 1888 5794 EDIT.

2651 5793 2690 5827 ,Ι
