3838 6214
151 304 227 365 25
1164 306 1253 367 DE
1293 305 1577 362 H0111le
1618 305 1744 364 STH

1856 307 2048 367 TUBA
2086 306 2346 375 ORATIO
2382 308 2441 365 Ι..
3366 310 3438 365 98

149 426 301 498 λόγῳ
328 422 527 495 τούτῳ,
554 423 605 477 οἱ
642 421 815 477 πολλὰ
843 420 1366 501 προσαναλώσαντες
1392 427 1458 496 τῇ
1484 424 1744 496 ἀναλήψει

1852 395 1908 480 ἑξ
1945 426 2073 496 quid
2099 428 2152 480 in
2198 428 2301 481 hac
2330 424 2645 481 definitione
2689 422 2850 489 desit,
2889 424 3235 481 considerent
3264 427 3322 491 ii,
3345 432 3439 499 qui

149 518 256 589 τῆς
289 514 660 589 φθειρομένης
704 515 898 585 σοφίας
939 513 1415 585 ὲπισκεῲάτωσαν.
1474 517 1665 587 Ἡμεῖς
1695 516 1752 569 δὲ

151 610 252 664 τοῦ
280 608 475 682 πρόσω
498 606 776 680 ἐχώμεθα.
804 608 942 662 Κατ’
977 606 1169 662 εἰκόνα
1212 606 1351 662 Θεοῦ
1391 607 1616 679 γέγονεν
1655 609 1752 664 ἀν-

155 702 401 775 θρωπος.
1162 784 1169 789 Ἠ

230 795 321 848 l7.
356 790 469 850 Kal
492 793 837 864 εὐλόγησεν
880 794 914 846 ὀ
953 791 1095 859 Θεὸς
1134 791 1244 845 τὸν
1271 790 1618 860 ἄνθρωπον,
1652 789 1752 845 καὶ

154 884 360 942 εἶπεν·
398 886 753 952 Αὐξὰνεσθε
795 885 894 940 καὶ
923 885 1330 953 πληθύνεσθε,
1373 884 1474 938 καὶ
1514 882 1750 953 πληρώ-

156 994 310 1034 σατε
338 978 460 1048 τὴν
483 978 622 1050 γῆν.
655 976 807 1051 Αὕτη
841 979 936 1031 καὶ
959 981 992 1048 ἡ
1022 976 1220 1048 ἰχθύων
1243 976 1483 1045 εὐλογία.
1520 975 1632 1031 Καὶ
1668 972 1752 1030 εἷ-

156 1086 275 1127 πεν
290 1075 325 1127 d
351 1072 499 1138 Θεός
518 1089 535 1105 ο
581 1069 946 1140 Ἐξαταγέτω
968 1070 1040 1124 τὰ
1064 1068 1254 1123 ὕδατα
1284 1067 1505 1137 ἑρπετὰ
1532 1066 1751 1137 ψυχῶν

157 1165 397 1228 ζωσῶν,
442 1162 544 1218 καὶ
588 1162 826 1233 ἐγένετο
871 1162 1082 1226 οὕτως.
1134 1157 1267 1215 Εἶτα
1290 1178 1305 1192 ·
1348 1160 1461 1215 Kal
1505 1156 1676 1214 εἶπεν
1716 1162 1752 1214 ό

161 1258 306 1323 Θεός
325 1273 341 1288 ·
366 1254 717 1322 Αὐξάνεσθε
756 1254 854 1308 καὶ
905 1254 1291 1321 πληθύνεσθε
1308 1292 1323 1317 ,
1372 1252 1473 1306 καὶ
1512 1249 1753 1320 πληρώ-

155 1364 309 1405 σατε
331 1349 405 1403 τὰ
437 1348 647 1402 ὕδατα.
695 1347 762 1400 Τί
791 1341 884 1401 οὖν
924 1346 1224 1417 περισσόν;
1264 1345 1603 1414 Ἀναγκαίως
1654 1344 1750 1398 καὶ

152 1443 227 1498 τὰ
254 1442 416 1497 κοινά
445 1459 531 1496 σοι
554 1442 729 1496 ταῦτα
755 1441 1068 1512 ἐχαρίσατο.
1100 1440 1281 1494 καὶτὰ
1320 1439 1425 1494 ίδιὰ
1453 1456 1513 1492 σε
1545 1437 1749 1509 ἀναμέ-

154 1551 259 1589 νει.
313 1533 535 1606 Αὐξάνῃ
565 1534 675 1604 γὰρ
701 1533 777 1597 ὡς
821 1532 1007 1586 καὶτὰ
1048 1531 1211 1585 λοιπὰ
1237 1530 1371 1596 ζῶα,
1402 1530 1512 1585 ἀπὸ
1547 1528 1745 1601 μικροῦ

152 1625 250 1679 τοῦ
278 1624 499 1696 πρώτου
521 1627 645 1689 ταῖς
687 1624 806 1678 κατ’
831 1624 1015 1692 ὀλίγον
1042 1623 1383 1696 προσθήκαις
1408 1624 1501 1676 ἐπὶ
1524 1621 1747 1675 τελείω-

155 1734 242 1770 σιν
264 1717 422 1790 ἔρχῃ.
458 1717 616 1770 Οὕτω
653 1717 749 1770 καὶ
802 1715 963 1768 ἵπποι
993 1716 1086 1769 καὶ
1115 1714 1304 1779 κύνες,
1338 1714 1482 1767 οὕτω
1517 1714 1613 1767 καὶ
1649 1714 1744 1767 ἀε-

1856 517 2081 572 multum
2123 518 2174 571 in
2224 518 2420 573 studiis
2448 506 2983 586 sapientiae-caduca:
3022 533 3201 588 operae
3242 534 3441 591 posuec

1853 621 2027 665 runt:
2061 625 2160 665 nos
2191 624 2322 665 vero
2377 609 2605 665 ulterius
2651 609 3087 680 progrediamur.
3130 610 3213 666 Ad
3251 612 3440 685 imagi-

1852 719 1976 759 nem
2004 703 2096 759 Dei
2132 705 2307 760 factus
2336 716 2420 759 est
2448 705 2631 759 homo.

1926 796 2012 851 i7.
2054 794 2117 850 Et
2142 796 2404 851 benedixit
2434 795 2575 851 Deus
2605 796 2866 850 hominem
2888 812 2905 856 :
2924 805 2975 851 et
2999 796 3074 850 ait
3090 811 3115 850 :.
3134 798 3360 854 Crescite
3386 808 3438 854 et

1852 888 2299 957 multiplicamini,
2345 898 2395 943 et
2430 888 2621 957 replete
2648 896 2841 942 terram
2867 890 2907 943 ’.
2944 889 3066 946 llzec
3110 901 3166 945 et
3201 892 3434 960 piscium

1851 981 2154 1035 benedictio
2182 990 2283 1034 est.
2308 980 2374 1034 Et
2404 981 2539 1034 dixit
2560 979 2699 1034 Deus
2722 998 2742 1037 :
2767 977 3086 1035 Producant-
3106 999 3258 1049 aqum
3282 984 3434 1051 repti-

1851 1072 1926 1125 lia
1958 1072 2258 1125 animarum
2297 1072 2574 1126 viventium
2604 1087 2623 1125 :
2662 1081 2709 1125 et
2753 1070 2952 1140 factum
2997 1082 3072 1126 est
3104 1074 3202 1128 ita.
3236 1071 3307 1126 Et
3354 1074 3433 1128 ait

1850 1161 1993 1215 Deus
2015 1179 2033 1217 :
2056 1161 2287 1216 Crescite
2311 1169 2364 1214 et
2404 1161 2863 1231 multiplicamini,
2885 1171 2934 1215 et
2964 1163 3153 1232 replete
3180 1180 3345 1235 aquas
3363 1164 3432 1219 ¹⁰.

1850 1253 1991 1319 Quid
2026 1253 2192 1324 igitur
2232 1252 2437 1308 homini
2480 1252 2760 1322 amplius?
2790 1252 3106 1309 Necessario
3144 1254 3260 1310 haec
3300 1269 3436 1326 quo.

1848 1359 1953 1414 que
1977 1346 2284 1399 communia
2312 1343 2406 1398 tibi
2446 1343 2678 1411 tribuit;
2710 1352 2872 1415 teque
2901 1356 3120 1400 manent
3142 1361 3261 1416 quae
3303 1355 3434 1402 sunt

1844 1436 2085 1506 propria.
2122 1434 2338 1491 Crescis
2391 1435 2537 1490 enim
2587 1444 2647 1489 ut
2697 1445 2753 1491 et
2804 1436 3011 1505 reliqua
3063 1438 3346 1504 animalia,
3377 1449 3434 1495 et

1845 1527 2106 1598 paulatim
2130 1543 2229 1599 per
2267 1529 2604 1583 incrementa
2637 1543 2707 1582 ex
2759 1543 2924 1597 parva
2970 1529 3037 1581 ad
3068 1526 3269 1599 justam
3304 1545 3432 1599 per-

1845 1619 2154 1689 fectamque
2198 1618 2627 1686 magnitudinem
2675 1619 2949 1687 pervenis.
2997 1618 3088 1673 Sic
3121 1629 3177 1674 et
3208 1621 3332 1689 equi
3376 1629 3436 1676 et

1845 1725 2041 1774 canes;
2073 1710 2155 1765 sic
2195 1718 2251 1764 et
2278 1709 2472 1779 aquilae
2509 1719 2564 1764 et
2597 1710 2776 1781 cycni,
2817 1719 2871 1764 et
2910 1725 3247 1781 quaecunque
3276 1712 3430 1766 dixe~

150 1806 236 1859 τοὶ
270 1807 368 1860 καὶ
396 1805 590 1859 κύκνοι
613 1844 628 1869 ,
663 1806 759 1858 καὶ
803 1806 986 1860 πάντα
1021 1805 1166 1875 ἅπερ
1195 1804 1271 1872 (tt)
1315 1804 1383 1857 ἂν
1425 1805 1619 1868 εἴποις,
1656 1800 1744 1858 διὰ

1850 1803 1926 1858 ris
1958 1802 2164 1872 reliqua
2192 1801 2522 1862 animalia,a
2556 1801 2732 1869 primo
2764 1801 2962 1869 exiguo
2989 1811 3143 1868 partu
3177 1801 3431 1869 paulatim

157 1899 362 1968 μικρᾶς
385 1898 487 1969 τῆς
512 1895 736 1969 πρώτης
752 1897 999 1968 κυήσεως
1025 1899 1089 1968 τῇ
1117 1896 1238 1950 κατ’
1257 1897 1435 1965 ὀλίγον
1457 1896 1748 1969 προσθήκῃ

152 1988 214 2042 τὸ
239 1988 450 2042 τέλειον
479 1989 580 2059 τῆς
613 1988 894 2059 αὐξήσεως
928 1988 1288 2055 ἀπολαϐόντα,
1329 1987 1490 2042 πάλιν
1518 1987 1607 2041 διὰ
1645 1989 1746 2059 τῆς

155 2079 441 2150 μειώσεως
498 2079 638 2151 πρὸς
692 2080 755 2132 τὺ
804 2080 1027 2135 ἔλαττον
1078 2080 1433 2152 ὑποστρέφει.
1472 2082 1539 2132 "A
1564 2079 1745 2133 τοίνυν

152 2170 311 2226 κοινὰ
334 2172 440 2242 τῆς
461 2171 677 2241 φύσεως
722 2168 811 2241 ἧν,
869 2173 967 2226 καὶ
1008 2174 1140 2244 ἡμῖν
1184 2172 1514 2244 ἐδωρήσατο.
1560 2170 1746 2235 Adlid-

149 2267 336 2320 νεσθε
356 2281 373 2294 ·
395 2263 665 2327 τουτέστι,
686 2264 953 2336 τρέφεσθε
969 2281 984 2295 ·
1017 2264 1203 2336 μικροὶ
1221 2262 1549 2334 γεννώμενοι
1571 2264 1744 2334 μεγά-

149 2356 235 2412 λοι
272 2356 515 2427 γίνεσθε,
551 2357 646 2411 καὶ
678 2356 856 2429 πέρας
884 2357 1027 2411 ἔστω
1051 2357 1151 2428 τῆς
1178 2356 1480 2427 αὐξήσεως.
1525 2356 1599 2411 Οὐ
1634 2356 1744 2428 γὰρ

151 2450 343 2523 ἐπειδὴ
372 2453 432 2505 ἔν
461 2453 529 2523 τῇ
563 2450 758 2523 πρώτῃ
785 2450 1053 2522 ἐπταετίᾳ
1089 2450 1402 2523 τρεφόμεθα
1425 2490 1440 2512 ,
1483 2450 1578 2503 καὶ
1605 2448 1745 2519 λαμ-

152 2540 306 2596 ϐάνει
330 2543 482 2613 ἡμᾶς
512 2542 903 2614 μεθηλικίωσις
935 2542 1029 2595 ἐπὶ
1060 2541 1160 2613 τὴν
1193 2541 1451 2614 δευτέραν
1475 2541 1743 2613 ἑϐδομάδα

148 2628 261 2687 τῶν
276 2634 437 2696 ἑτῶν,
467 2635 567 2707 ήδη
596 2634 884 2705 ὀφείλομεν
916 2634 1119 2706 ὁμοίως
1148 2635 1206 2687 ὲν
1239 2634 1401 2688 παντὶ
1440 2634 1596 2706 μέρει
1640 2633 1742 2704 τῆς

153 2725 303 2797 ζωῆς
349 2726 451 2797 τῆς
485 2727 761 2799 ἡμετέρας
792 2726 919 2782 καθ’
948 2726 1247 2798 ἑϐδομάδας
1273 2726 1737 2798 μεθηλικιοῦσθαι.

220 2819 312 2874 18.
354 2820 420 2873 Ἡ
446 2819 637 2893 πρώτη
667 2819 902 2891 ἑϐδομὰς
929 2818 1026 2891 τὴν
1068 2820 1325 2891 παιδικὴν
1356 2819 1573 2891 ἠλικίαν
1607 2820 1741 2891 ἔχει.

151 2910 360 2982 Ὅρους
385 2909 489 2981 τῆς
520 2910 777 2983 παιδικῆς
804 2909 1026 2982 ἡλικίας
1054 2913 1281 2983 φανεροῖ
1306 2911 1341 2982 ἠ
1367 2911 1479 2964 τῶν
1515 2911 1742 2967 ὀδόντων

150 3002 383 3074 ἐκϐολή·
417 3004 465 3055 oi
518 3002 617 3074 μὲν
662 3001 880 3066 ἔπεσον,
911 3004 959 3055 οί
989 3002 1047 3055 δὲ
1092 3002 1430 3076 ἀνειρύησαν.
1468 3003 1744 3077 Δευτέραν

149 3092 315 3148 ἔλαϐε
349 3091 525 3164 ἀρχὴν
563 3091 791 3165 αὔξησις
836 3092 945 3157 ἔως
981 3093 1169 3157 τέλους
1214 3095 1315 3164 τῆς
1346 3085 1741 3168 τεσσαρεσκαι-

147 3184 407 3254 δεκάτης.
445 3184 509 3236 Ἦ
538 3183 766 3255 δευτέρα
793 3183 1001 3248 λοιπὸν,
1043 3185 1077 3255 ἡ
1109 3183 1218 3237 τῶν
1250 3184 1488 3239 παίδων·
1524 3185 1742 3257 πρῶτον

150 3276 254 3350 μὲν
285 3275 401 3346 γὰρ
427 3274 664 3338 παιδίον,
706 3269 827 3328 εἷτα
859 3278 1008 3341 παῖς,
1038 3271 1157 3329 εἶτα
1190 3275 1392 3348 ἔφηϐος
1418 3277 1525 3331 ἀπὸ
1553 3295 1744 3332 τεσσα-

148 3366 641 3442 ρεσκαιδεκαετοῦς
657 3366 734 3439 (b)
751 3384 766 3400 ·
787 3367 1024 3423 ἐνταῦθα
1052 3369 1103 3421 ol
1124 3370 1240 3441 ὅροι
1252 3370 1353 3441 τῆς
1368 3370 1561 3444 τρίτης
1576 3370 1744 3444 αὐξή-

150 3477 311 3524 σεως.
363 3454 500 3514 Εἶτα
547 3459 711 3532 ἁνήρ.
766 3458 1117 3525 Αὺξάνεσθε
1151 3456 1265 3516 οὖν.
1318 3462 1435 3516 Οὐκ
1477 3462 1573 3516 ἐὰν
1610 3464 1749 3537 γένῃ

149 3552 348 3608 ἑκατὸν
375 3552 515 3607 ἑτῶν
549 3551 658 3606 ἀπὸ
688 3544 921 3625 πρώτου
943 3550 1105 3624 μέχρι
1130 3551 1225 3605 τοῦ
1252 3553 1546 3608 έκατοστοῦ
1569 3554 1742 3626 αὔξη-

151 3660 238 3698 σιν
268 3642 530 3715 ἔπιδέχῃ·
571 3641 708 3696 ἀλλὰ
758 3640 920 3697 τοῦτο
960 3641 1041 3706 τὸ,
1073 3641 1443 3711 Αὐξάνεσθε,
1476 3643 1537 3697 ἓν
1589 3645 1744 3717 ῥῆμα

150 3733 335 3806 σοφῶς
367 3734 581 3807 λεχθὲν,
616 3731 991 3806 προνοητικῶς
1017 3734 1381 3804 οἰκονομεῖται
1400 3752 1415 3767 ο
1446 3735 1743 3804 αὐξάνεσθε

151 3826 320 3897 μέχρι
353 3825 520 3890 τινός.
545 3825 706 3880 Κατὰ
748 3826 850 3898 τὴν
886 3825 1110 3899 πρώτην
1144 3826 1405 3879 σύστασιν
1437 3827 1538 3899 τὴν
1568 3845 1741 3883 κατα-

148 3915 446 3989 ϐληθεῖσαν
479 3917 540 3969 ὲν
580 3918 648 3989 τῇ
683 3917 886 3988 μήτρᾳ,
918 3916 1335 3989 κατεϐλήθησαν
1372 3919 1468 3971 καὶ
1509 3919 1559 3971 oi
1595 3918 1743 3989 λόγοι

146 4009 248 4080 τῆς
281 4007 599 4081 αὐξήσεως·
636 4007 752 4062 ἀλλ’
788 4010 852 4062 οὐ
896 4009 959 4061 τὸ
1002 4008 1142 4080 μετὰ
1182 4008 1358 4062 ταῦτα
1389 4008 1650 4084 νεώτερον
1679 4011 1742 4065 τὸ

145 4100 251 4171 τῆς
296 4100 517 4170 ἡλικίας
560 4100 804 4173 χάρισμα
847 4100 1173 4169 ἐπιγίνεται,
1226 4101 1345 4155 ἀλλ’
1376 4103 1432 4155 at
1487 4101 1740 4175 μητρῷαι

145 4190 452 4246 καταϐολαὶ
504 4190 1095 4262 συγκαταϐεϐλημένας
1144 4190 1326 4263 ἔχουσι
1368 4192 1466 4257 τὰς
1497 4193 1634 4265 πρὸς
1679 4194 1741 4249 τὸ

144 4281 482 4350 αὐξάνεσθαι
540 4282 1005 4354 ὲπιτηδειότητας.

146 4373 403 4445 ἔγνωμεν
428 4372 511 4425 ὃτι
535 4370 747 4443 ηὐξήθη
779 4371 937 4426 τόσον
959 4372 1157 4445 μέτρον
1175 4391 1189 4405 ·
1215 4374 1427 4444 τριετὲς
1447 4374 1507 4429 τὸ
1528 4376 1739 4431 παιδίον

1081 4283 1319 4337 Ἔπεσον
1375 4285 1426 4337 οί
1483 4285 1693 4351 ὀδόντες
1721 4280 1759 4353 ;“

1844 1911 1945 1965 per
1992 1895 2240 1950 assiduas
2291 1893 2631 1948 accessiones
2657 1893 2723 1947 ad
2765 1892 3074 1948 absolutum
3109 1894 3436 1960 perveniunt

1847 1997 2231 2058 augmentum;
2271 1999 2593 2054 rursumque
2627 1983 2885 2054 paulatim
2915 1983 3106 2038 minori
3134 1984 3275 2039 mole
3299 2000 3432 2040 con-

1848 2082 2161 2132 trahuntur.
2200 2076 2331 2143 Quae
2362 2078 2527 2146 igitur
2559 2085 2767 2130 natura;
2803 2075 3112 2130 communia
3139 2087 3285 2140 sunt,
3313 2075 3431 2131 lucc

1844 2182 1897 2224 et
1928 2170 2084 2223 nobis
2108 2169 2369 2237 elargitns
2401 2177 2505 2222 est.
2537 2167 2769 2222 Crescite
2800 2182 2819 2221 :
2854 2166 2906 2221 id
2948 2176 3053 2231 est,
3078 2166 3424 2231 enutrimini;

1845 2274 1898 2317 et
1934 2277 2056 2316 cum
2103 2261 2254 2332 parvi
2314 2259 2816 2328 nascatnini,justa
2872 2268 3077 2313 statura
3139 2260 3428 2329 magnique

1844 2355 2060 2408 evadite
2084 2371 2101 2417 ;
2129 2362 2293 2422 atque
2321 2354 2594 2418 augmenti
2622 2352 2691 2406 sit
2731 2352 3017 2407 terminus.
3056 2349 3242 2417 Neque
3286 2353 3433 2408 enim

1845 2446 2104 2515 quoniam
2134 2445 2309 2514 primo
2339 2444 2625 2514 septennia
2652 2444 2812 2515 331
2842 2444 2913 2497 ita
2942 2445 3234 2509 nutrimur,
3272 2452 3435 2513 atque

1845 2538 2126 2601 vertimur,
2159 2547 2219 2591 ut
2243 2537 2413 2591 altero
2459 2539 2741 2606 septentrio
2794 2539 2846 2591 in
2886 2537 3048 2590 aliam
3083 2548 3296 2592 aetatem
3333 2538 3436 2592 im-

1843 2639 2118 2685 mutemur
2154 2648 2167 2684 :
2204 2632 2282 2686 sic
2314 2631 2366 2684 in
2396 2631 2541 2685 omni
2575 2630 2684 2682 vita
2720 2644 2817 2697 per
2864 2630 3148 2700 septennia
3178 2629 3246 2685 de
3273 2640 3435 2686 aetate

1846 2723 1899 2778 in
1929 2730 2140 2777 aetatem
2171 2722 2489 2777 commutari
2520 2722 2800 2776 debemus.

1915 2815 2001 2868 18.
2026 2812 2265 2867 Prinntm
2291 2811 2629 2881 septennium
2666 2810 2965 2866 infantilem
2989 2821 3208 2866 aetatem
3248 2812 3433 2867 conti-

1843 2916 1956 2962 net.
1989 2905 2258 2960 infantilis
2295 2905 2429 2959 lines
2466 2902 2644 2958 aetatis
2682 2903 3000 2958 manifestat
3040 2904 3282 2975 dentium
3317 2902 3433 2971 eje-

1844 2999 1987 3065 ctio;
2021 3011 2142 3051 cum
2175 2998 2228 3051 in
2261 2996 2436 3050 locum
2472 3011 2658 3051 eorum
2688 2994 2778 3063 qui
2805 2994 3152 3063 ceciderunt,
3184 2994 3272 3048 alii
3314 2994 3427 3048 fue-

1848 3091 1958 3144 rint
1995 3088 2163 3144 enati.
2195 3088 2441 3143 Alterum
2475 3102 2662 3142 rursus
2692 3096 3036 3157 augmentum
3069 3087 3237 3141 sumit
3280 3087 3433 3156 prin-

1852 3186 2088 3256 cipium,
2137 3185 2205 3239 ad
2248 3184 2409 3239 ﬁnem
2461 3197 2632 3252 usque
2684 3182 2810 3236 anni
2855 3180 3257 3251 quartitlecimi.
3307 3178 3436 3234 llaec

1850 3277 2019 3332 altera
2053 3275 2165 3345 jam
2210 3282 2363 3339 aetas,
2399 3289 2522 3345 qua:
2548 3282 2633 3327 est
2662 3286 2976 3341 puerorum.
3017 3271 3257 3326 Primum
3288 3271 3435 3325 enim

1850 3369 2029 3423 infans
2059 3375 2178 3435 est;
2209 3377 2322 3422 tum
2345 3365 2717 3436 pucr,exlnde
2743 3366 2935 3437 pubes,
2949 3365 3015 3419 ab
3036 3378 3179 3419 anno
3209 3372 3436 3434 quarto-

1850 3462 2081 3516 decimo.
2130 3459 2232 3515 Hic
2264 3459 2409 3514 tertii
2462 3458 2739 3527 augmenti
2785 3458 3039 3511 finis:ac
3094 3455 3290 3510 deinde
3328 3454 3434 3509 vir.

1850 3554 2079 3609 Crescite
2110 3565 2259 3622 ergo.
2307 3550 2424 3605 Non
2458 3550 2505 3607 si
2558 3560 2775 3605 centum
2834 3561 3099 3601 annorum
3144 3545 3369 3609 vixeris,
3400 3560 3434 3602 ι

1847 3644 2027 3714 primo
2071 3642 2139 3696 ad
2189 3641 2548 3697 centesimum
2594 3654 2770 3709 usque
2825 3652 3047 3704 annum,
3083 3645 3432 3707 augmentum

1850 3734 2151 3804 susceperis
2181 3750 2195 3787 :
2225 3733 2320 3789 sed
2346 3747 2451 3788 una
2486 3732 2574 3785 illa
2602 3746 2728 3797 vox,
2761 3729 3011 3794 Crescite,
3030 3730 3260 3799 sapienti
3290 3730 3434 3785 dicta

1848 3828 2096 3894 consilio,
2126 3841 2214 3883 res
2248 3824 2583 3895 providentia
2618 3823 2873 3895 disponit.
2907 3822 2988 3876 Ad
3019 3832 3231 3877 eertum
3267 3836 3439 3893 usque

1846 3919 2137 3974 terminum
2161 3917 2414 3973 crescite.
2440 3916 2541 3972 Pro
2570 3917 2780 3971 ratione
2807 3916 2997 3985 prima:
3028 3914 3170 3970 illius
3192 3918 3248 3969 in
3279 3924 3437 3969 utero

1845 4010 2272 4074 constitutionis,
2317 4008 2482 4079 iactae
2534 4008 2887 4063 fundamento
2942 4016 3066 4063 sunt
3113 4007 3281 4062 etiam
3336 4021 3439 4062 au-

1846 4102 2047 4174 gmenti
2098 4102 2357 4157 rationes.
2410 4101 2527 4156 Non
2583 4102 2728 4155 enim
2786 4100 2930 4172 quod
2979 4109 3168 4170 postea
3227 4100 3439 4157 accedit

1846 4194 2118 4250 recentius
2150 4204 2235 4251 est
2286 4203 2529 4269 staturae
2565 4209 2763 4249 munus
2793 4211 2809 4260 ;
2841 4194 2935 4250 sed
3001 4204 3243 4250 materna
3290 4192 3437 4249 fetus

1845 4286 1915 4341 ab
1958 4285 2112 4353 alvo,
2142 4301 2249 4342 una
2305 4300 2521 4357 quoque
2566 4286 2632 4340 ad
2668 4296 3015 4356 augmentum
3064 4287 3286 4354 idonea,
3315 4294 3434 4341 rata

1846 4378 2051 4432 semina
2104 4377 2245 4433 tulit.
2308 4375 2508 4433 Dentes
2554 4378 2869 4433 ceciderunt
2911 4396 2929 4433 :
2969 4377 3173 4433 scimus
3225 4386 3432 4433 tantum

146 4463 459 4535 ἐμέτρησεν
489 4463 519 4515 ὀ
549 4462 768 4534 πατήρ·
807 4456 949 4517 οἶδεν
985 4464 1067 4518 ὅτι
1114 4465 1178 4519 τὸ
1221 4465 1502 4520 διπλάσιον
1545 4468 1737 4522 τούτου

1850 4469 2118 4540 augmenti
2174 4470 2490 4525 accessisse.
2540 4469 2830 4525 Triennem
2890 4468 3165 4540 infantem}
3207 4464 3441 4525 admeno'

151 4553 389 4625 μέγεθος
431 4552 767 4625 ἀπολήψεται
798 4554 857 4606 ὲν
900 4557 966 4626 τῇ
1013 4554 1307 4610 τελειώσει.
1344 4557 1508 4622 ’Ὀσος
1548 4560 1659 4631 γὰρ
1684 4561 1744 4615 ὲν

1850 4577 1937 4618 sus
1974 4569 2058 4617 est
2090 4575 2289 4633 parens
2323 4579 2338 4627 ;
2373 4561 2523 4617 novit
2568 4560 2684 4617 fore
2725 4570 2785 4616 ut
2819 4561 2979 4631 duplo
3021 4560 3280 4630 majorem
3327 4562 3433 4618 hac

145 4649 213 4718 τῇ
247 4644 466 4718 τριετίᾳ
486 4644 564 4718 τῷ
597 4647 762 4718 μήκει
791 4647 820 4699 ὁ
846 4646 1134 4718 ἄνθρωπος
1160 4650 1430 4719 φαίνεται,
1454 4652 1537 4717 δὶς
1558 4654 1748 4708 τοσοῦ-

146 4756 240 4794 τον
279 4738 438 4792 ἔσται
485 4739 545 4793 ὲν
585 4741 653 4811 τῇ
690 4738 1081 4811 συμπληρώσει
1114 4743 1213 4812 τῆς
1242 4742 1545 4815 αὐξήσεως.
1577 4745 1750 4802 Τοῦτο

145 4832 210 4887 τὺ
242 4832 447 4904 μέτρον
476 4831 580 4903 τῆς
625 4831 973 4905 ἀνθρωπίνης
1001 4832 1237 4903 φύσεως,
1279 4837 1439 4909 μέχρι
1485 4839 1745 4912 πέρατος,

152 4925 322 4999 μέχρι
354 4926 507 4999 ὅρου.
545 4923 681 4977 Ἀπὸ
711 4923 812 4994 τῆς
840 4924 1134 4996 ἑϐδομάδος
1156 4927 1253 5000 τῆς
1275 4930 1501 5002 πρώτης
1526 4931 1620 4985 ἐπὶ
1646 4932 1745 5005 τὴν

147 5018 416 5090 δευτέραν
440 5016 785 5089 μεταϐαίνει·
812 5017 929 5070 ἐκεῖ
954 5017 1139 5072 λοιπὸν
1165 5021 1198 5091 ή
1222 5019 1493 5094 θερμότης
1520 5022 1746 5092 πλείων,

148 5113 184 5184 ἡ
211 5109 508 5174 διάπλασις
536 5108 635 5163 τοῦ
664 5108 919 5179 σώματος
941 5110 1255 5185 ἀραιοτέρα,
1282 5114 1315 5184 ὴ
1344 5113 1579 5187 ὑγρότης
1618 5116 1742 5170 ἐπι-

148 5201 355 5267 λείπει,
407 5201 759 5275 κραταιοῦται
792 5202 863 5256 τὰ
896 5202 1061 5275 μέλη·
1108 5203 1471 5280 ἰσχυροτέρων
1504 5207 1744 5280 ἐφάπτε-

148 5312 243 5351 ται
280 5294 480 5369 ἔργων,
506 5291 618 5349 οἷον
644 5297 693 5349 οἱ
724 5294 833 5349 τῶν
863 5294 1140 5368 ὲφηλίκων
1184 5296 1312 5360 εἰσὶ,
1361 5295 1514 5351 οὔπω
1562 5299 1661 5369 μὲν
1687 5299 1749 5353 τὸ

151 5387 361 5442 τέλειον
407 5386 655 5458 ἔχοντες·
690 5388 965 5460 νεοπαγὴς
1017 5387 1128 5460 γὰρ
1172 5388 1353 5443 αὐτῶν
1396 5390 1431 5465 ή
1476 5389 1612 5462 σὰρξ
1640 5392 1745 5457 ἔτι,

153 5478 251 5532 καὶ
284 5476 427 5549 πρὸς
473 5477 668 5543 πόνους
702 5479 1066 5551 καρτερικοίκ
1111 5479 1479 5552 ἀνεπιτηδεία.
1529 5480 1604 5535 Τὸ
1649 5484 1749 5553 μὲν

156 5569 359 5641 κοῦφον
383 5570 482 5624 καὶ
508 5571 792 5643 εὐκίνητον
820 5571 1064 5627 ἀπέλαϐε
1093 5570 1279 5628 λοιπὸν
1310 5573 1372 5627 τὺ
1396 5573 1534 5639 ζῶον
1551 5591 1566 5606 ·
1603 5576 1661 5629 ἐν
1690 5575 1751 5629 δὲ

224 5691 248 5722 ⁹
276 5688 418 5747 Gen.
460 5705 501 5757 ι,
523 5688 614 5747 28.
690 5690 736 5724 ³⁸
764 5690 898 5750 ibid.
928 5691 1022 5758 20,
1049 5688 1142 5749 22.
1190 5740 1195 5743 _

1844 4656 2198 4726 quantitatem
2240 4656 2507 4725 recipiat,
2545 4669 2669 4710 cum
2721 4655 2881 4710 fuerit
2934 4655 3113 4711 aetatis
3157 4653 3431 4724 perfectae.

1845 4747 2059 4813 Quanta
2101 4744 2247 4800 enim
2301 4745 2530 4800 triennis
2582 4744 2761 4799 artatis
2814 4753 3024 4799 statura
3061 4744 3298 4800 hominis
3348 4744 3434 4799 vi-

1845 4838 2016 4904 situr,
2056 4838 2220 4908 duplo
2271 4838 2481 4893 auctior
2506 4836 2616 4893 erit
2667 4850 2790 4891 cum
2816 4836 2928 4907 jam
2959 4846 3312 4906 augmentum
3337 4849 3436 4891 ex-

1845 4929 2094 5001 pleverit.
2129 4928 2234 4987 llic
2264 4930 2518 4986 humana
2560 4928 2753 4984 modus
2787 4937 2994 4983 natura:
3028 4936 3133 4993 est,
3167 4926 3221 4981 in
3270 4927 3433 4982 finem

1844 5036 2041 5091 usque.
2069 5023 2117 5077 A
2139 5023 2317 5092 primo
2349 5019 2633 5090 septennio
2671 5020 2739 5075 ad
2769 5018 3066 5075 secundum
3109 5018 3328 5072 transit.
3356 5017 3435 5073 lbi

1844 5114 1958 5185 jam
1985 5114 2252 5170 exuberat
2278 5112 2429 5169 calor
2461 5131 2476 5168 :
2505 5113 2681 5167 rarior
2703 5112 2948 5182 corporis
2979 5109 3296 5166 constitutio
3327 5120 3433 5178 est,

1847 5206 2033 5262 deficit
2060 5205 2379 5272 bumiditas,
2417 5205 2745 5261 roborantur
2779 5202 3045 5267 membra,
3078 5200 3302 5256 fortiora
3335 5214 3434 5273 ag-

1848 5297 2172 5367 grediuntur
2198 5312 2382 5369 opera,
2417 5295 2724 5366 cuiusmodi
2751 5296 3039 5367 puberum,
3075 5295 3167 5363 qui
3192 5293 3433 5348 nondum

1848 5389 2076 5459 perfecti
2099 5397 2248 5445 sunt.
2286 5390 2384 5447 Est
2409 5391 2556 5446 enim
2587 5389 2695 5446 illis
2728 5403 2923 5446 recens
2957 5394 3240 5458 compacta
3278 5400 3433 5453 caro,

1847 5494 1903 5537 et
1938 5484 2007 5538 ad
2048 5484 2303 5540 robustos
2355 5482 2574 5541 labores
2626 5482 2810 5537 minus
2858 5480 3073 5537 idonea.
3131 5476 3433 5533 Levitatcm

1849 5577 2116 5632 duntaxat
2144 5583 2201 5632 et
2224 5572 2522 5646 agilitatem
2540 5571 2738 5631 animal
2768 5571 2883 5645 jam
2923 5568 3151 5647 recepit.
3174 5568 3234 5628 In
3269 5568 3434 5626 tertio

224 5803 307 5872 (ο)
343 5805 555 5876 Ἀπερ.
581 5804 706 5877 Ms,
738 5805 857 5863 ὅσα.
936 5805 1013 5881 (b)
1050 5807 1801 5879 Τεσσαρεσκωδεκαποῦς.
1846 5806 2009 5881 Editi,
2039 5807 2599 5879 Τεσσαρεσκαίὸεκα
2624 5810 2817 5882 ἔτους.
2848 5808 3019 5899 Enn.
