3838 6214
353 281 429 339 σιτ
1315 273 1666 330 APPENDIX
1705 267 1995 329 OPERUM
2037 265 2096 323 s.
2138 262 2382 320 nasum
2422 226 2657 318 MAGNI.
3557 251 3643 305 23

348 408 611 475 'delnceps
633 398 934 473 septennio,
964 414 1068 455 una
1097 414 1308 470 quoque
1336 397 1631 468 perlectum
1676 409 1939 466 augmen-

2079 408 2200 479 ρίτῃ
2231 405 2415 458 λοιπὸν
2446 400 2699 473 ἐϐδομάδι
2728 399 2823 454 καὶ
2867 398 2929 451 τὸ
2969 394 3176 450 τέλειον
3204 392 3304 465 τῆς
3339 391 3641 465 αὐξήσεως

359 507 472 550 tum
498 494 836 552 nanciscitur
869 508 882 545 :
912 508 1011 547 nec
1033 491 1141 561 jam
1167 489 1418 560 amplius,
1441 487 1605 542 tertio
1628 486 1841 554 expleto
1864 499 1943 537 se-

354 587 583 655 ‘ptennio
620 600 816 656 corpus
846 584 1038 640 altiore
1066 592 1275 638 statura
1306 581 1616 650 surrigitur.
1651 577 1939 645 Postquam

361 690 494 731 vero
519 685 710 730 natura
733 691 763 730 a
794 674 1069 730 laboribus
1098 669 1323 741 augendi
1357 671 1411 723 in
1441 668 1606 721 altum
1637 665 1936 737 respirave-

365 768 475 824 rit:
525 765 637 836 jam
683 768 736 822 ln
786 767 954 821 latum
1008 764 1196 835 incipit
1246 769 1589 833 augmentum
1639 758 1941 822 traducere,

362 856 688 928 tediliciique
709 859 790 913 sui
827 857 1120 928 fastigium,
1142 866 1396 922 tanquam
1433 849 1795 905 fundamentis
1819 848 1945 902 snb-

363 952 552 1007 Btratis
589 949 800 1015 fulcire,
848 942 1141 1017 crassaque
1172 946 1225 1001 in
1258 947 1446 1001 orbem
1485 943 1717 1013 adjicere
1748 940 1942 1011 pergit,

364 1052 526 1110 atque
553 1041 604 1095 in
634 1055 755 1096 eum
790 1040 1007 1095 modum
1043 1038 1280 1092 membra
1312 1033 1556 1106 corporis
1580 1033 1836 1088 roborare
1864 1041 1945 1084 at-

365 1144 471 1197 que
518 1132 772 1197 formare,
806 1143 860 1183 et
898 1131 951 1185 in
996 1129 1353 1184 robustiorem
1379 1127 1593 1195 {statum
1626 1122 1942 1194 perducere.

364 1225 489 1293 Agit
522 1226 637 1279 ba:c
673 1223 914 1294 quotidie
969 1233 1159 1276 natura
1214 1217 1651 1287 imprretermisse
1690 1215 1807 1270 suo'
1829 1216 1943 1283 ipsa

366 1316 579 1381 ordine,
614 1316 708 1369 sed
747 1315 898 1385 cujus
921 1329 983 1367 ex
1013 1323 1280 1382 przecepto
1317 1307 1595 1363 Dominico
1629 1307 1782 1377 origo
1811 1316 1896 1360 est
1925 1321 1941 1371 ;

369 1422 436 1462 ac
462 1417 590 1463 tunc
623 1407 917 1479 prolatum,
948 1421 1045 1476 per
1079 1418 1293 1459 onmem
1338 1402 1389 1455 in
1432 1401 1590 1455 linem
1622 1414 1791 1468 usque
1820 1413 1946 1468 per-

368 1506 530 1568 petuo
560 1507 864 1554 creaturam
899 1508 1180 1568 grassatur
1215 1512 1230 1550 :
1265 1495 1514 1559 Crescite,
1545 1502 1592 1546 et
1624 1490 1946 1559 multiplica-

367 1591 523 1646 mini.
566 1589 812 1654 Crescite,
864 1590 1057 1659 inquit.
1090 1602 1156 1643 ne
1186 1587 1240 1641 in
1276 1601 1383 1640 uno
1411 1592 1603 1639 natura
1633 1582 1942 1637 deliniatur.

2044 494 2519 567 συναπολαμϐάνει
2538 512 2551 525 ο
2584 493 2665 547 ἐτι
2691 491 2749 546 δὲ
2792 490 2885 545 καὶ
2912 491 2992 552 είς
3023 488 3196 560 μῆκος
3216 488 3250 558 ή
3276 485 3641 547 διανάστασις

2040 588 2134 643 τοῦ
2169 586 2421 659 σώματος
2465 585 2565 638 οὐκ
2606 581 2910 651 ἐπιγίνεται
2947 577 3087 649 μετά
3117 576 3217 649 τὴν
3259 575 3449 648 τρίτην
3481 573 3645 627 ἐϐδο-

2044 680 2208 752 μάδα.
2258 678 2505 732 Ἐπειδὰν
2538 676 2595 730 δὲ
2627 672 2941 743 ἀναπνεύσῃ
2975 673 3009 742 ἡ
3035 669 3196 740 φύσις
3224 667 3333 721 τῶν
3358 665 3640 738 καμάτων

2040 774 2140 842 τῆς
2187 773 2280 825 ἐπὶ
2327 771 2389 824 τὸ
2425 769 2538 824 ἅνω
2582 768 2884 838 αὐξήσεως,
2930 763 3156 834 ἄρχεται
3204 758 3390 814 λοιπὸν
3431 759 3511 823 είς
3557 755 3640 811 τὰ

2043 866 2222 936 πλάτη
2248 860 2580 924 διαϐιϐάζειν
2609 860 2709 931 τὴν
2736 856 2991 927 αὐξησιν,
3023 855 3118 908 καὶ
3140 852 3302 907 οἱονεὶ
3330 849 3638 922 περιθεμε-

2042 957 2191 1012 λιοῦν
2220 956 2290 1010 τὰ
2315 953 2618 1025 ὐψωθέντα,
2643 950 2738 1005 καὶ
2766 949 2915 1020 πάχη
2939 947 3124 1011 αὐτοῖς
3143 942 3500 1017 περιτιθέναι,
3530 939 3640 993 καὶ

2042 1047 2187 1102 οὕτω
2214 1047 2466 1118 στερεοῦν
2495 1045 2589 1099 καὶ
2621 1042 2912 1115 κρατύνειν
2938 1040 3033 1093 τοῦ
3078 1036 3332 1108 σώματος
3362 1033 3432 1087 τά
3461 1032 3645 1103 μέλη,

2044 1140 2141 1193 καὶ
2166 1140 2247 1202 είς
2276 1138 2338 1190 τὸ
2377 1134 2801 1209 ῥωμαλεώτερον
2833 1129 3227 1199 ἁποκαθιστᾷν.
3268 1124 3454 1180 Ταῦτα
3483 1123 3645 1176 ποιεῖ

2048 1231 2146 1302 μὲν
2175 1230 2434 1283 ἑκάστοτε
2461 1229 2495 1299 ή
2527 1226 2688 1296 φύσις
2732 1222 3158 1296 ἀπαραλείπτως
3192 1218 3334 1273 κατὰ
3371 1217 3469 1288 τὴν
3503 1217 3645 1269 ἐαυ-

2043 1325 2144 1393 τῆς
2176 1319 2532 1375 ἀκολουθίανο
2564 1317 2780 1386 ἐγένετο
2823 1315 2881 1368 δὲ
2926 1314 2986 1381 ἐξ
3028 1311 3204 1384 ἀρχῆς
3249 1309 3644 1380 προστάγματι

2044 1411 2368 1483 δεσπτικῷ,
2418 1410 2514 1463 καὶ
2547 1409 2669 1462 τότε
2721 1405 2974 1476 λαληθὲν,
3015 1402 3339 1471 διὰπάσης
3390 1399 3478 1452 ἀεὶ
3526 1397 3640 1466 τῆς

2045 1504 2277 1566 κτίσεως
2305 1502 2468 1573 μέχρι
2516 1500 2702 1563 τέλους
2753 1500 2941 1569 χωρεῖ.
2972 1494 3320 1561 Αὺξάνεσθε
3347 1490 3448 1544 καὶ
3478 1492 3643 1556 πλη-

2046 1595 2320 1649 θύνεσθε.
2353 1590 2702 1658 Αὺξάνεσθε
2730 1588 2861 1660 γὰρ,
2892 1587 3046 1658 φησὶ,
3078 1587 3164 1640 ἵνα
3197 1583 3272 1656 μὴ
3306 1582 3493 1646 ἀτελὲς
3516 1581 3643 1634 δια-

372 1680 819 1751 Multiplicamini,
860 1696 927 1736 ne
975 1680 1040 1734 ad
1078 1693 1240 1732 unum
1297 1680 1577 1742 duntaxat,
1629 1674 1723 1728 sed
1774 1682 1827 1727 et
1878 1673 1944 1726 ad

2073 1687 2206 1759 ιείνῃ
2232 1685 2293 1739 τὸ
2317 1685 2527 1756 ποίημα
2545 1699 2560 1713 ο
2593 1682 2997 1750 πληθύνεσθε,
3026 1678 3113 1733 ἴνα
3148 1676 3223 1748 μὴ
3247 1677 3328 1738 είς
3353 1673 3470 1736 ἕνα,
3496 1670 3643 1725 ἀλλὰ

371 1743 551 1843 plures
584 1788 752 1843 genus
787 1743 1061 1827 excurrat.
1093 1769 1246 1826 Unde
1277 1780 1333 1823 et
1380 1765 1575 1835 adjecit
1607 1783 1620 1819 :
1652 1762 1719 1819 Et
1759 1764 1946 1830 replete

2073 1778 2143 1832 ια).
2172 1743 2252 1841 Et;
2282 1743 2510 1839 πολλούς
2539 1743 2815 1845 διαδράμῃ
2835 1771 2897 1825 τὸ
2920 1770 3095 1840 γένος.
3245 1767 3338 1821 καὶ
3356 1766 3635 1836 ἐπήγαγεο

371 1875 589 1920 terram.
620 1863 827 1933 Replete
858 1877 1009 1927 vero,
1033 1877 1138 1916 non
1170 1860 1532 1924 habitatione;
1567 1857 1645 1912 sic
1674 1857 1816 1912 enim
1848 1855 1948 1910 fal-

371 1972 466 2012 sus
492 1964 636 2012 esset
668 1970 868 2019 sermo,
898 1951 1333 2024 quandoquidem
1369 1935 1665 2006 etiamnum
1701 1965 1948 2021 magnam

372 2059 533 2106 terra:
581 2062 812 2121 partem,
842 2065 961 2121 quae
986 2066 1090 2105 non
1113 2049 1404 2109 habitetur,
1442 2047 1685 2101 videmus
1718 2061 1732 2098 :
1763 2060 1947 2099 verum

373 2134 601 2211 Replete.
641 2142 991 2206 Potestatem,
1030 2141 1226 2209 inquit,
1261 2136 1570 2192 dominandi
1612 2146 1768 2190 terra:
1797 2135 1951 2190 nobis

376 2238 586 2293 tribuit.
612 2233 764 2302 Quod
805 2233 946 2287 enim
993 2231 1193 2287 dictum
1234 2240 1339 2294 est,
1396 2227 1602 2296 Replete
1644 2237 1860 2290 terram,
1894 2227 1949 2280 in

375 2326 706 2381 habitatione
740 2323 913 2377 locum
945 2336 1050 2375 non
1094 2320 1252 2374 habet
1280 2335 1296 2384 ;
1341 2333 1465 2371 nam
1502 2332 1677 2387 neque
1706 2316 1836 2371 solis
1860 2333 1951 2371 ar—

376 2419 597 2472 doribus
626 2424 897 2478 exustam,
928 2423 1089 2481 atque
1123 2409 1403 2473 incultam,
1437 2409 1547 2463 sive
1574 2408 1694 2478 gelu
1726 2408 1951 2478 rigidam

377 2510 686 2576 inviamque
738 2521 801 2561 ac
848 2506 1200 2559 inaccessam.
1236 2501 1487 2571 Nunquid
1546 2500 1689 2554 hanc
1738 2515 1954 2570 quoque

378 2601 625 2656 homines
655 2600 921 2662 habitant,
945 2606 998 2652 et
1030 2594 1253 2664 implent
1293 2603 1489 2648 terram
1515 2592 1539 2646 ἲ
1568 2593 1671 2647 Sed
1697 2608 1759 2647 ea
1794 2593 1956 2647 ratio-

378 2710 447 2746 ne
473 2701 628 2746 terra!
660 2689 924 2758 replendae
952 2687 1184 2742 arbitros
1208 2684 1333 2740 fecit
1352 2724 1367 2747 ,
1393 2694 1447 2739 et
1477 2684 1745 2753 replemus
1767 2699 1858 2752 per
1876 2699 1954 2738 raa

380 2785 602 2847 tionem,
633 2781 773 2850 quod
816 2779 1055 2836 sciamus
1096 2787 1294 2849 quanta
1331 2779 1403 2832 sit
1434 2777 1549 2848 ejus
1595 2792 1719 2846 pars
1754 2775 1958 2830 inhabi-

381 2874 561 2931 tabilis
595 2873 829 2942 solisque
873 2870 1157 2925 ardoribus
1195 2880 1386 2924 exusta
1420 2888 1432 2923 :
1477 2869 1619 2937 quod
1649 2866 1957 2922 noverimus

381 2977 580 3035 quanta
608 2966 725 3034 ejus
755 2963 992 3019 borealis
1016 2962 1194 3034 plaga,
1211 2960 1455 3032 ex332
1484 2960 1700 3030 frigoris
1722 2972 1957 3026 exsupe-

2045 1867 2155 1923 Καὶ
2199 1864 2555 1937 πληρώσατε
2589 1862 2708 1933 τὴν
2746 1861 2883 1934 γῆν.
2938 1859 3299 1928 Πλημέισατε
3344 1857 3523 1921 δὲ,“οὐ
3558 1858 3640 1927 τῇ

2047 1962 2400 2032 κατοικήσει·
2428 1958 2571 2014 οὕτω
2604 1958 2714 2030 γὰρ
2753 1957 2907 2013 ἔσται
2950 1959 2981 2010 ὁ
3022 1956 3181 2026 λόγος
3217 1953 3635 2025 διεψευσμένος,

2049 2052 2237 2124 ἐπειδὴ
2263 2052 2392 2124 ἄχρι
2417 2050 2508 2104 τοῦ
2555 2049 2651 2105 νῦν
2691 2050 2909 2123 ὁρῶμεν
2950 2049 3152 2121 πολλὴν
3194 2049 3299 2119 γῆν
3341 2046 3633 2118 ἀοίκητον·

2049 2143 2207 2208 ἀλλὰ,
2257 2143 2656 2212 Πληρώσατεο
2693 2141 2792 2214 τὴν
2837 2141 3108 2209 ἐξουσίαν,
3167 2141 3329 2211 φησὶ,
3394 2137 3490 2192 τοῦ
3541 2155 3645 2192 κυ-

2052 2239 2253 2311 ριεύειν
2279 2238 2380 2311 τὴν
2413 2239 2516 2309 γῆν
2542 2237 2776 2291 δέδωκεν
2803 2238 2956 2308 ἡμῖν.
2988 2234 3063 2289 Τό
3099 2233 3231 2306 γὰρ,
3273 2233 3649 2302 Πληρώσατε

2050 2331 2168 2399 τὴν
2221 2327 2355 2400 γῆν,
2407 2329 2502 2383 ἐπὶ
2537 2329 2637 2399 τῆς
2681 2328 3056 2400 κατοικήσεως
3101 2326 3285 2399 χώραν
3337 2327 3439 2379 οὐκ
3488 2325 3650 2396 ἔχει’

2053 2422 2242 2492 ἐπειδὴ
2292 2420 2413 2475 οὐδὲ
2449 2421 2548 2493 τὴν
2591 2420 3029 2492 διακεκαυμένην
3068 2421 3166 2474 καὶ
3208 2417 3583 2489 ἀγεώργητον,
3609 2414 3647 2487 ἢ

2051 2512 2150 2584 τὴν
2177 2511 2595 2584 κατεψυγμένην
2644 2512 2739 2566 καὶ
2770 2511 2968 2566 ἄϐατον
2994 2528 3009 2543 ·
3049 2511 3144 2565 καὶ
3193 2511 3316 2581 οὐχὶ
3360 2508 3565 2579 ταύτην
3595 2509 3650 2561 oi

2054 2605 2329 2677 ἄνθρωποι
2375 2604 2689 2660 κατοικοῦσι
2725 2605 2822 2658 καὶ
2876 2603 3145 2676 πληροῦσι
3175 2602 3274 2675 τὴν
3313 2601 3441 2672 γῆν.
3482 2600 3651 2654 Ἀλλά

2056 2699 2280 2770 κυρίους
2305 2698 2452 2769 ἡμᾶς
2482 2697 2706 2770 ἐποίησε
2732 2697 2997 2769 πληροῦν,
3032 2696 3130 2751 καὶ
3161 2693 3478 2767 πληροῢμεν
3502 2692 3652 2746 ἐκεί-

2056 2806 2155 2860 νην
2183 2788 2261 2859 τῷ
2292 2786 2560 2858 λογισμῷ.
2593 2786 2673 2858 τῷ
2717 2787 2915 2841 εἰδέναι
2946 2788 3096 2858 ἡμᾶς
3124 2784 3289 2839 πόσον
3324 2782 3520 2855 μέτρον
3545 2783 3661 2853 τῆς

2057 2879 2314 2950 ἀοικήτου
2339 2879 2435 2932 καὶ
2447 2878 2887 2949 διακεκαυμένης
2908 2878 3031 2949 γῆς.
3053 2878 3222 2931 Ὅταν
3239 2876 3436 2947 ἴδωμεν
3457 2873 3536 2945 (a)
3559 2874 3654 2928 πό-

2061 2987 2152 3025 σον
2164 2970 2224 3025 τὸ
2249 2969 2421 3042 κλίμα
2430 2969 2492 3024 τὸ
2509 2968 2739 3042 βόρειον,
2756 2969 2785 3023 ὃ
2802 2969 2892 3024 διὰ
2909 2969 3008 3040 τὴν
3028 2967 3470 3040 ὑπερϐάλλουσαν
3487 2966 3651 3038 ψύξιν

385 3062 560 3115 rantia
613 3057 814 3114 inculta
867 3068 950 3111 est
1000 3055 1304 3122 nulliusque
1353 3056 1541 3123 frugis.
1571 3050 1821 3119 Nunquid
1850 3064 1955 3104 nou

2073 3060 2413 3135 ὲγεώργητόν
2461 3062 2578 3115 ἐστι
2623 3061 2720 3115 καὶ
2759 3061 3052 3132 ἄχρηστον,
3097 3059 3219 3129 οὐχὶ
3251 3056 3652 3130 ὲπληρώσαμεν

382 3161 586 3206 terram
618 3148 943 3219 replevimus
970 3146 993 3199 ?
1016 3144 1255 3213 nunquid
1298 3157 1406 3198 nou
1435 3144 1642 3197 delecto
1676 3142 1817 3211 quod
1841 3142 1958 3193 usui

384 3248 550 3305 esset,
577 3237 836 3309 quidquid
858 3250 1048 3306 parum
1076 3231 1417 3287 commodum
1455 3233 1520 3285 ad
1554 3233 1842 3285 humanam
1876 3229 1963 3280 vi-

387 3339 497 3384 tam
526 3328 928 3398 transigendam
966 3324 1249 3397 rejecimus
1276 3324 1299 3378 ?
1325 3322 1682 3391 Quamobrem
1721 3320 1861 3388 quod
1892 3321 1963 3374 ita

390 3419 589 3475 dictum
617 3426 722 3482 est,
753 3416 983 3486 Replete,
1007 3417 1084 3470 rei
1113 3431 1209 3471 nos
1240 3415 1476 3469 arbitros
1510 3412 1658 3467 fecit.
1694 3409 1812 3466 Non
1840 3411 1965 3480 quia

391 3514 661 3569 universa:
686 3525 841 3565 usum
887 3523 993 3563 non
1032 3509 1316 3570 habemus,
1356 3520 1461 3560 non
1494 3502 1606 3572 ejus
1632 3511 1833 3573 quanta
1862 3510 1965 3567 est,

391 3605 594 3660 domini
628 3603 907 3659 constituti
940 3617 1147 3656 sumus.
1198 3598 1382 3669 Neque
1431 3598 1573 3653 enim
1606 3606 1684 3663 tu,
1723 3606 1969 3665 coempto

394 3696 593 3761 tritico,
629 3694 830 3749 idcirco
853 3707 957 3746 non
993 3691 1112 3760 ejus
1149 3691 1326 3744 omnis
1358 3688 1608 3744 dominus
1638 3700 1697 3742 es
1728 3687 1871 3756 quod
1914 3685 1967 3738 in

395 3789 576 3843 tritico
606 3786 747 3840 aliud
777 3785 953 3851 edule,
984 3783 1127 3837 aliud
1184 3782 1324 3852 quod
1360 3782 1411 3834 in
1443 3796 1622 3835 escam
1658 3780 1851 3835 cedere
1879 3793 1973 3833 ne-

394 3887 560 3948 queat
596 3876 850 3940 oﬂ‘endis,
882 3886 935 3931 et
958 3874 1145 3940 abjicis
1173 3890 1188 3934 ;
1219 3887 1282 3926 ac
1314 3871 1595 3941 scrupulos
1642 3869 1856 3940 quidem
1907 3881 1972 3922 ac

396 3970 602 4040 lapides
650 3969 871 4040 projicis
916 3978 976 4022 ut
1016 3966 1265 4031 inutiles,
1297 3979 1360 4018 ac
1384 3963 1427 4018 si
1465 3962 1593 4032 quid
1641 3961 1782 4015 aliud
1825 3974 1973 4015 com-

398 4066 617 4121 mistum
658 4074 740 4118 est
774 4062 918 4132 quod
947 4062 1011 4114 ad
1037 4074 1191 4114 usum
1221 4057 1440 4111 minime
1465 4055 1713 4109 idoneum
1746 4053 1834 4114 sit,
1857 4052 1973 4121 glu-

401 4170 595 4227 tuaque
615 4153 890 4209 exsufﬂata
913 4161 1072 4222 atque
1096 4150 1269 4220 palea,
1308 4162 1371 4203 ac
1402 4157 1612 4201 secreto
1640 4145 1784 4207 lolio,
1814 4144 1972 4212 quid-

400 4248 530 4318 quid
562 4248 630 4303 ad
655 4245 783 4301 vitae
823 4244 1274 4302 sustentationem
1310 4254 1499 4310 purmn
1529 4246 1633 4302 est,
1679 4237 1731 4291 id
1762 4236 1970 4305 deligis.

475 4340 563 4396 i9.
605 4336 699 4396 Sic
742 4339 923 4407 itaque
960 4337 1124 4391 etiam
1174 4342 1342 4398 terra,
1376 4329 1571 4400 partim
1607 4328 1674 4383 ad
1727 4327 1973 4383 habitan-

2063 3152 2160 3225 τὴν
2176 3153 2279 3223 γῆν
2294 3169 2309 3219 ;
2333 3152 2394 3206 οὐ
2415 3152 2476 3205 τὸ
2495 3152 2766 3225 χρήσιμον
2783 3149 3153 3222 ἐκλεξάμενοι,
3169 3150 3230 3204 τὸ
3244 3150 3365 3203 ὅσον
3380 3150 3652 3222 ἄχρηστον

2066 3247 2145 3309 είς
2178 3244 2455 3317 διαγωγὴν
2482 3242 2789 3316 ἀνθρώποις
2830 3243 3314 3315 ἀπεπεμψάμεθα;
3359 3244 3521 3297 Ὥστε
3565 3244 3651 3309 τὸ,

2064 3335 2431 3404 Πληρώσατε
2467 3336 2585 3404 τὴν
2615 3333 2756 3406 γῆν,
2787 3335 3012 3408 κυρίους
3042 3336 3191 3407 ἡμᾶς
3230 3334 3505 3407 ἐποίησεν.
3536 3335 3654 3390 Οὐκ

2068 3427 2257 3499 ἐπειδὴ
2294 3426 2476 3498 πάσης
2522 3428 2624 3481 οὐκ
2664 3427 2862 3499 ἔχομεν
2901 3423 3001 3497 τὴν
3045 3425 3259 3497 χρῆσιν,
3309 3426 3411 3480 οὐκ
3454 3425 3654 3496 ἔχομεν

2069 3518 2250 3590 πάσης
2281 3518 2374 3573 τοῦ
2401 3517 2699 3590 κυριεύειν.
2726 3517 2862 3572 Οὐδὲ
2896 3516 3006 3590 γάρ
3047 3518 3112 3571 σὺ
3141 3517 3233 3571 τὸν
3273 3519 3422 3570 σῖτον
3450 3517 3657 3588 ἁγορά-

2071 3626 2172 3673 σας
2200 3609 2301 3680 (b),
2333 3609 2434 3662 οὐκ
2475 3603 2529 3661 εῐ
2558 3607 2649 3661 διὰ
2680 3606 2839 3662 τοῦτο
2867 3606 2961 3660 τοῦ
2992 3606 3194 3671 παντὸς
3226 3606 3435 3679 κύριος,
3466 3606 3654 3677 ἐπειδὴ

2069 3702 2129 3756 ἐν
2155 3700 2233 3772 τῷ
2263 3700 2396 3771 σίτῳ
2421 3699 2482 3753 τὸ
2509 3699 2610 3773 μὲν
2630 3698 2914 3769 ἐδώδιμον,
2937 3698 2999 3753 τδ
3025 3698 3083 3753 δὲ
3109 3697 3354 3770 ἄϐρωτον
3379 3697 3656 3768 εὑρίσκεις

2071 3793 2167 3848 καὶ
2195 3791 2474 3863 ἀποϐάλλῃ
2494 3808 2508 3821 ·
2537 3791 2634 3846 καλ⁸
2658 3790 2727 3845 τὰ
2751 3790 2951 3845 λιθίδια
2976 3789 3075 3862 μὲν
3104 3789 3181 3854 ὡς
3208 3791 3458 3861 ἄχρηστα
3485 3788 3658 3859 ἀπορ-

2074 3884 2306 3955 ρίπτεις,
2347 3883 2442 3937 καὶ
2473 3880 2528 3935 εἴ
2567 3900 2622 3935 τι
2678 3882 2808 3937 ἄλλο
2856 3881 3222 3953 ἐπιμέμικται
3272 3880 3409 3953 πρὸς
3455 3878 3655 3951 βρῶσιν

2071 3973 2465 4044 ἀνεπιτήδειον
2489 3973 2552 4027 τὺ
2581 3974 2639 4026 δέ
2665 3973 2868 4046 ἄχυρον
2903 3973 3266 4043 ἀποφυσήσας
3293 3971 3389 4027 καὶ
3418 3971 3481 4024 τὸ
3505 3968 3659 4035 ζιζά-

2072 4064 2528 4135 νιονάποκρίνας,
2560 4064 2621 4117 τὸ
2663 4063 2787 4118 ὅσον
2832 4063 3073 4135 καθαρὸν
3109 4061 3244 4134 πρὸς
3280 4061 3380 4134 τὴν
3406 4061 3500 4116 τοῦ
3539 4060 3654 4132 βίου

2075 4154 2333 4209 σύστασιν
2358 4155 2517 4209 τοῦτο
2542 4154 2925 4226 ἐκλεξάμενος.

2146 4335 2232 4390 19.
2275 4334 2430 4390 Οὕτω
2475 4337 2656 4390 τοίνυν
2695 4336 2854 4409 καὶή
2900 4337 2996 4409 γῆ,
3045 4339 3083 4409 ή
3130 4338 3227 4409 μὲν
3275 4336 3411 4408 πρὸς
3447 4337 3656 4406 οἴκησιν

402 4432 529 4486 dum
577 4431 731 4486 nobis
762 4443 1022 4485 concessa
1064 4426 1254 4482 idonea
1295 4435 1412 4489 est;
1448 4422 1642 4491 partim
1685 4422 1751 4475 ad
1792 4419 1960 4475 colent

2082 4427 2342 4500 ἐχαρίσθη
2385 4427 2684 4498 ἐπιτηδεία,
2730 4430 2764 4500 ἡ
2794 4428 2852 4481 δὲ
2892 4429 2969 4493 ὡς
3016 4431 3154 4500 πρὸς
3187 4429 3461 4500 γεωργίαν
3489 4427 3656 4495 ἀναγ-

405 4527 691 4597 dos'agros
728 4523 1030 4577 necessaria
1068 4534 1083 4585 ;
1116 4518 1307 4588 partim
1343 4518 1410 4570 ad
1437 4512 1842 4584 quadrupedum
1896 4521 1980 4566 at-

405 4627 511 4682 que
569 4626 823 4683 pecorum
883 4624 1078 4680 pascua
1119 4607 1385 4672 dimissa;
1426 4604 1638 4675 aliaque
1679 4603 1974 4659 secundum

405 4707 568 4761 alium
627 4705 912 4775 quemdam
961 4717 1142 4765 usum,
1184 4701 1280 4754 tibi
1325 4701 1449 4754 vine
1487 4698 1787 4752 rationibus
1820 4705 1980 4752 tuen-

406 4800 488 4854 dis
513 4808 895 4870 opportunum,
915 4798 1086 4865 deque
1112 4794 1195 4848 illa
1217 4807 1335 4862 qua:
1357 4791 1508 4856 libet,
1532 4799 1586 4845 et
1612 4800 1669 4844 ut
1696 4790 1842 4855 libet,
1866 4789 1980 4844 dis-

407 4893 601 4962 ponis;
664 4890 869 4945 idcirco
909 4888 1205 4953 nimirum,
1249 4883 1388 4954 quod
1440 4881 1698 4937 Dominus
1756 4894 1869 4934 suae
1930 4887 1982 4934 te

408 4995 672 5041 creatum
693 4983 967 5038 dominum
989 4980 1290 5035 constituit.
1325 4976 1475 5032 Licet
1499 4975 1682 5044 itaque
1712 4974 1840 5027 mihi
1861 4987 1982 5043 qua:

409 5079 570 5134 velim
605 5077 911 5146 disponere,
947 5071 1145 5143 quippe
1178 5070 1267 5139 qui
1308 5067 1559 5124 dominus
1603 5075 1818 5120 creatus
1856 5065 1979 5127 sim,

413 5173 583 5241 ipsius
615 5170 708 5241 qui
756 5181 843 5222 me
886 5165 1093 5222 creavit
1147 5158 1357 5217 Domini
1412 5175 1653 5215 munere.
1683 5156 1748 5211 Et
1779 5153 1984 5222 implete

412 5276 630 5316 terram.
662 5256 730 5312 Et
770 5258 1047 5329 prwsidcte
1093 5254 1322 5325 piscibus
1371 5248 1557 5326 maris,
1596 5255 1647 5302 et
1686 5244 1983 5300 volatilibus

414 5352 547 5418 cmli,
574 5362 623 5405 et
647 5351 822 5405 bestiis
857 5347 1089 5404 terrae“.
1124 5344 1246 5400 Hzec
1265 5345 1375 5414 jam
1400 5341 1536 5413 ejus,
1567 5338 1708 5409 quod
1742 5348 1844 5402 est,
1886 5336 1986 5390 lie-

412 5444 547 5512 plete
586 5452 799 5503 terram,
821 5436 1161 5504 benedictio;
1197 5434 1313 5490 haec
1343 5432 1550 5488 saucita
1581 5428 1661 5483 lex
1697 5443 1711 5482 :
1748 5427 1861 5482 haec
1885 5440 1982 5480 no-

483 5540 527 5572 “
563 5534 698 5592 Gen.
727 5551 767 5604 ι,
792 5539 885 5590 28.

488 5649 1043 5725 (a)'1_6mpsr._Forte
1096 5645 1344 5716 εἰδῶμεν,
1382 5650 1441 5698 ut
1486 5648 1542 5697 et
1594 5639 1864 5710 interpres
1904 5637 1980 5695 le-

423 5720 564 5781 αιδδό
595 5720 821 5777 videtur.
852 5720 1009 5775 Enn.
1629 5749 1639 5757 -

2082 4516 2239 4570 καίαο
2271 4516 2404 4589 άλλη
2442 4517 2517 4581 ὡς
2564 4518 2699 4589 πρὸς
2744 4518 3108 4590 βοσκημάτων
3161 4519 3255 4572 καὶ
3313 4515 3656 4589 τετραπόδων

2079 4605 2268 4676 ἀνείθη
2299 4607 2490 4679 νομὴν,
2524 4608 2618 4661 καὶ
2658 4608 2792 4679 ἄλλη
2827 4610 2947 4663 κατ’
2990 4608 3156 4680 ἄλλην
3183 4608 3371 4680 χρείαν
3410 4607 3530 4661 τινὰ
3550 4608 3657 4660 τῶν

2077 4712 2159 4750 σοι
2189 4696 2331 4751 κατὰ
2359 4697 2452 4751 τὸν
2486 4698 2597 4769 βίον
2626 4700 2983 4773 ἀρμοζουσῶν
3002 4716 3017 4730 ο
3060 4702 3156 4755 καὶ
3185 4700 3443 4772 διατάττῃ
3472 4699 3509 4753 ἃ.
3536 4698 3656 4770 βού-

2073 4786 2176 4853 λει,
2204 4789 2300 4841 καὶ
2346 4788 2421 4855 ὡς
2457 4790 2636 4861 βούλει
2675 4792 2800 4863 περὶ
2849 4791 3041 4862 αὐτῆς,
3081 4792 3269 4866 ἐπειδή
3312 4808 3374 4846 σε
3416 4792 3600 4863 κύριον
3624 4794 3656 4846 ὁ

2074 4881 2352 4954 Δεσπότης
2389 4883 2489 4954 τῆς
2527 4884 2724 4938 ἑαυτοῦ
2769 4885 3072 4955 κατέστησε
3110 4885 3362 4949 κτίσεως.
3410 4884 3654 4952 Ἔξεστιν

2077 4968 2170 5029 οὖν
2206 4975 2557 5041 διατάξασθαι
2588 4977 2624 5031 ἃ
2661 4976 2942 5050 βούλομαι,
2974 4979 3162 5051 ἐπειδὴ
3202 4979 3400 5048 γέγονα
3448 4979 3681 5052 κύριος,

2081 5066 2234 5139 παρά
2266 5069 2366 5140 τὴν
2408 5068 2507 5123 τοῦ
2544 5070 2831 5135 κτίσαντός
2876 5089 2944 5144 με
2982 5071 3253 5126 Δεσπότου
3288 5071 3515 5144 δωρεάν.
3545 5072 3652 5126 Kal

2083 5161 2441 5230 πληρώσατε
2470 5163 2587 5233 τὴν
2609 5164 2750 5233 γῆν.
2778 5166 2887 5220 Kal
2914 5165 3127 5235 ἄρχετε
3156 5164 3275 5219 τῶν
3303 5166 3523 5236 ἰχθύων
3548 5163 3653 5233 τῆς

2082 5249 2421 5321 θαλάσσης,
2474 5253 2575 5307 καὶ
2621 5252 2740 5308 τῶν
2780 5253 3069 5308 πετεινῶν
3109 5254 3218 5309 τοῦ
3245 5254 3523 5323 οὐρανοῦ,
3560 5254 3651 5308 καί

2082 5339 2203 5396 τῶν
2242 5346 2463 5413 θηρίων
2506 5343 2617 5415 τῆς
2646 5346 2781 5417 γῆς.
2814 5346 2964 5417 Αὐτη
2997 5345 3182 5401 λοιπὸν
3209 5349 3242 5419 ἡ
3271 5347 3387 5413 τοῦ,
3425 5344 3656 5416 lumb-

2008 5524 2011 5527 γ
2083 5448 2230 5488 σατε
2254 5434 2370 5506 τὴν
2391 5435 2530 5508 γῆν,
2564 5438 2805 5508 εὐλογία,
2838 5437 2978 5509 αὕτη
3013 5440 3046 5509 ή
3081 5440 3393 5510 νομοθεσία,
3419 5438 3574 5495 τοῦτο
3599 5437 3655 5492 τὸ

2165 5639 2239 5717 (b)
2288 5640 2622 5712 Ἆῖυράσας.
2658 5638 2744 5708 L.,
2770 5639 3142 5713 ὠνησάμενος.
