3838 6214
91 269 160 343 29
1082 275 1176 331 DE
1216 276 1504 336 HOMINIS
1536 281 1970 342 STRUCTL’RA
2009 284 2274 342 ORATIO
2311 285 2356 343 1.
3298 288 3367 340 δυ

88 390 309 461 ἀξίωμα
329 388 392 444 τὺ
420 390 703 463 δεδομένον
735 392 868 464 ἡμῖν
896 394 1048 467 παρὰ
1079 394 1238 453 Θεοῦ.
1264 400 1373 453 Kal
1402 399 1681 467 ἐποίησεν

1807 403 1880 456 bis
1915 417 1945 457 a
1983 402 2091 458 Deo
2118 403 2310 459 collata
2342 402 2600 475 dignitas.
2643 401 2714 458 Et
2764 403 2888 474 fecit
2914 402 3052 458 Deus
3086 404 3366 463 hominem-

84 484 119 538 ό
153 481 301 549 Θεὸς
322 483 433 537 τὸν
451 483 786 554 ἄνθρωπον.
816 489 956 541 Κατ’
983 489 1190 542 εἰκόνα
1218 491 1368 545 Θεοῦ
1393 492 1682 559 ἐποίησεν

84 576 295 630 αὐτόν.
320 571 471 648 τΔρα
501 577 603 632 οὐκ
634 579 989 653 ἐπεσημήνω,
1023 582 1106 635 ὅτι
1133 583 1359 656 ἐλλιπὴς
1384 581 1450 655 ἦν
1489 588 1520 656 ἡ
1550 586 1680 639 ἀπό-

84 666 250 733 δειξις
279 668 359 739 (α)
382 687 398 731 ;
425 667 781 740 Ποιήσωμεν
811 670 1128 743 ἄνθρωπον
1154 677 1283 730 κατ’
1314 680 1522 732 εἰκόνα
1545 678 1683 748 ἠμε-

86 756 266 827 τέραν
293 759 397 813 καὶ
442 762 571 815 καθ’
597 764 905 834 ὁμοίωσιν.
950 766 1014 819 Ἠ
1048 765 1218 838 βουλὴ
1253 767 1349 822 δύο
1394 764 1527 839 εἶχε,
1557 771 1680 824 κατ’

87 848 298 914 εἰκόνα,
343 851 438 904 καὶ
468 854 591 907 καθ’
618 854 877 925 ὁμοίωσιν
896 873 913 887 ο
939 858 973 927 ἡ
1015 857 1348 931 δημιουργία
1386 860 1445 913 τὸ
1473 860 1530 913 ἓν
1567 861 1680 932 ἔχει

92 940 274 1011 μόνον,
303 941 368 996 τὸ
401 943 522 997 κατ’
570 945 775 1000 εἰκόνα.
820 947 913 1019 Μὴ
946 947 1121 1013 ἄλλως
1146 949 1434 1023 ἐϐουλήθη,
1466 952 1561 1006 καὶ
1593 952 1684 1007 ἄλ-

90 1034 196 1100 λως
227 1037 721 1108 μετεϐουλεύσατο;
775 1042 851 1115 μὴ
888 1044 1224 1115 μεταμέλειά
1258 1026 1344 1111 τις
1372 1049 1431 1100 ὲν
1476 1050 1542 1119 τῇ
1572 1049 1687 1102 κτί-

94 1143 173 1180 σει
233 1130 724 1204 παρηκολούθησε;
793 1135 868 1207 μὴ
924 1135 1111 1190 ἀτονία
1161 1138 1321 1208 τυχὸν
1374 1140 1678 1203 κτίσαντος,

95 1220 305 1289 μεγάλα
341 1221 442 1292 μὲν
487 1224 874 1295 προελομένου,
909 1227 1081 1298 μικρά
1121 1229 1177 1281 δὲ
1224 1230 1677 1294 ἀποτελέσαντος;

92 1309 145 1378 ἢ,
178 1312 255 1382 μή
290 1328 397 1365 που
429 1313 712 1385 ἀδολεσχία
741 1317 797 1369 ἐν
826 1319 940 1380 τοῖς
969 1319 1258 1389 προτέροις
1285 1319 1462 1388 λόγοις
1488 1319 1685 1391 ὑποληο

94 1402 278 1475 φθείη,
300 1405 400 1458 καὶ
427 1405 654 1478 περιττὴ
679 1408 713 1479 ἡ
736 1406 829 1460 τοῦ
854 1407 1108 1480 δευτέρου
1139 1411 1447 1482 προσθήκη,
1469 1412 1546 1475 ὡς
1574 1411 1682 1467 τῶν

91 1493 183 1548 δύο
212 1494 419 1562 λέξεων
465 1496 564 1569 τὴν
611 1498 782 1570 αὐτὴν
817 1498 1027 1554 ἔννοιαν
1059 1502 1319 1572 ἐχουσῶν,
1349 1505 1443 1557 καὶ
1466 1503 1527 1557 τὸ
1550 1505 1682 1559 αὐτὸ

90 1587 534 1660 ἀπαραλλάκτως
589 1592 1010 1662 σημαινουσῶν;
1051 1594 1187 1647 Ἀλλ’
1215 1594 1354 1667 ὅπερ
1385 1595 1451 1649 ἂν
1475 1598 1539 1650 ἐκ
1565 1597 1685 1651 τού-

90 1696 197 1734 των
224 1681 487 1736 ἀπάντων
526 1684 920 1756 ὑπονοήσωμεν
957 1688 1053 1741 καὶ
1084 1688 1571 1760 προφασισόψεθα,
1602 1691 1684 1754 εἰς

92 1775 433 1847 κατηγορίαν
474 1776 634 1832 τοῦτο
658 1779 758 1850 τῆς
795 1780 1023 1851 Γραφῆς
1046 1781 1105 1835 οὐ
1142 1783 1369 1856 μετρίαν
1398 1783 1683 1837 ἀποτελευ-

1789 495 1871 546 Ad
1894 494 2168 559 imaginem
2192 490 2291 546 Dei
2313 492 2432 554 fecit
2458 508 2599 546 eum.
2622 490 2876 562 Nunquid
2908 506 3014 549 non
3042 493 3370 558 observasti,

1790 598 2039 637 mancum
2071 598 2192 638 esse
2217 598 2282 639 ac
2332 583 2656 638 diminutum
2697 584 2747 638 id
2781 584 2921 652 quod
2952 584 3193 639 redditur
3215 584 3239 638 Ἰ
3260 582 3346 638 Fa

1785 677 1989 729 ciamus
2017 676 2279 729 hominem
2302 675 2369 729 nd
2394 676 2672 745 imaginem
2700 685 2931 730 nostram
2954 686 3001 730 et
3024 677 3095 729 ad
3124 677 3362 732 similim

1786 769 1984 821 dinem.
2014 766 2313 822 Consilium
2351 767 2456 823 duo
2500 767 2711 834 habuit,
2758 766 2826 821 ad
2862 767 3176 838 imaginem,
3218 776 3273 822 et
3306 770 3374 823 ad

1766 858 2198 919 similitudinem
2236 878 2249 913 :
2289 859 2600 928 procreatio
2645 873 2808 912 unam
2864 859 3130 915 duntaxat
3179 860 3373 929 habet,

1784 965 1978 1020 nempe
2002 952 2144 1020 quod
2180 959 2266 1005 est
2295 953 2361 1005 ad
2387 950 2697 1021 imaginem.
2728 948 2979 1021 Nunquid
3009 952 3168 1008 aliter
3193 951 3378 1008 decre-

1784 1041 1883 1103 vit,
1930 1051 2096 1111 atque
2127 1041 2289 1097 aliter
2322 1052 2530 1098 mutato
2577 1044 2809 1099 consilio
2831 1045 3005 1099 fecit?
3033 1060 3160 1100 num
3202 1045 3380 1115 paeni-

1785 1137 1916 1189 tudo
1948 1134 2126 1203 aliqua
2160 1135 2213 1188 in
2248 1135 2525 1189 creatione
2565 1136 2856 1193 subsecuta
2898 1145 2983 1191 est
3007 1136 3032 1191 i
3054 1137 3192 1191 Num
3236 1136 3379 1193 forte

1785 1224 1971 1279 fracta:
2000 1225 2240 1279 creantis
2280 1225 2426 1279 vires
2459 1240 2524 1278 ac
2554 1226 2799 1291 minutae,
2824 1236 2883 1281 ut
2907 1242 3030 1281 cum
3064 1242 3256 1298 magna
3280 1228 3378 1283 de-

1785 1316 2089 1382 stinaverit,
2138 1316 2349 1370 minora
2383 1331 2551 1386 opere
2587 1328 2880 1373 exsecutus
2917 1318 3040 1373 sit?
3072 1318 3201 1382 Αυι,
3242 1335 3382 1374 nun-

1784 1408 1913 1478 quid
1956 1408 2007 1462 in
2053 1408 2329 1477 prioribus
2378 1409 2560 1464 verbis
2605 1411 2892 1481 nugacitas
2944 1411 3263 1465 aestimanda
3309 1411 3382 1467 sit

1784 1498 2166 1571 supernuaque
2203 1499 2342 1567 ejus,
2379 1501 2523 1571 quod
2567 1502 2804 1557 secundo
2840 1502 2962 1557 loco
3006 1503 3244 1573 positum
3274 1512 3379 1570 est,

1785 1591 2053 1659 adjectio;
2089 1591 2289 1662 quippe
2325 1593 2471 1661 quod
2507 1594 2679 1648 ambae
2710 1593 2976 1649 dictiones
3008 1596 3258 1649 eumdem
3286 1593 3383 1648 ha-

1785 1682 1953 1737 beant
1984 1698 2230 1748 sensum,
2255 1683 2511 1754 nulloque
2533 1685 2851 1741 discrimine
2870 1686 3012 1741 idem
3038 1686 3384 1755 significent?

1785 1774 2080 1831 Enimvero
2122 1776 2386 1845 quidquid
2433 1776 2630 1832 horum
2667 1777 2928 1848 suspicati
2964 1792 3029 1834 ac
3071 1777 3382 1834 causiﬁcati

90 1868 269 1937 τήσει.
304 1868 431 1922 Εἴτε
466 1868 576 1943 γὰρ
598 1869 675 1935 ὡς
702 1871 974 1941 παρέλκον
1002 1889 1053 1926 τι
1081 1873 1168 1937 τὸ,
1199 1874 1678 1943 Καθ’,όμοίωσιη

1807 1865 2068 1931 'uerimus,
2093 1867 2144 1921 in
2170 1865 2471 1937 Seripturae
2499 1867 2639 1923 haud
2672 1867 2790 1925 leve
2822 1870 3031 1926 crimen
3054 1870 3229 1927 cedet.
3257 1868 3384 1925 Sive

93 1956 236 2011 εἴποι
276 1975 386 2024 τις,
420 1958 497 2025 ὡς
535 1960 618 2024 δὶς
655 1960 718 2015 τὸ
761 1960 896 2015 αὐτὸ
942 1961 1144 2031 λέγειν,
1179 1964 1347 2035 ἀργὸν
1388 1964 1598 2036 ἐλέγχει
1621 1964 1683 2019 τὸ

94 2053 247 2124 ῥῆμα
265 2073 280 2083 ·
319 2054 414 2107 καὶ
441 2051 757 2126 βλασφημία
781 2054 928 2127 δεινὴ
956 2055 1114 2110 τοῦτο
1141 2057 1283 2111 κατά
1315 2058 1412 2129 τῆς
1436 2059 1680 2131 Γραφῆς,

1783 1959 1928 2012 enim
1972 1971 2071 2013 ceu
2114 1957 2243 2028 quid
2292 1958 2599 2016 redundans
2624 1958 2772 2015 dicat
2804 1962 2947 2030 quis,
2978 1961 3122 2031 quod
3146 1962 3219 2016 ita
3242 1958 3387 2018 scri-

1784 2061 1933 2122 ptum
1968 2063 2073 2121 est,
2096 2053 2178 2106 Ad
2196 2054 2618 2118 similitudinem,
2643 2056 2799 2123 quasi
2846 2055 2928 2110 bis
2964 2055 3104 2111 idem
3143 2056 3383 2122 dicatur,

94 2144 215 2213 ἥτις
241 2144 346 2198 οὐκ
368 2141 480 2199 οἶδε
515 2147 646 2200 ποτὲ
674 2146 1017 2219 ἀργολογείν.
1046 2148 1257 2202 Οὐκοῦν
1282 2149 1556 2217 ἀναγκαῖα
1589 2149 1681 2203 καὶ

1807 2145 2018 2199 ιιίοειιιο
2043 2148 2262 2201 verbum
2288 2147 2496 2217 arguit:
2516 2149 2802 2218 gravisque
2824 2148 2940 2202 haec
2963 2148 3016 2202 in
3045 2147 3382 2217 Scripturam

93 2234 264 2306 ἄμφω
302 2238 399 2292 καὶ
430 2238 841 2311 ἰδιοσήμαντρα,
871 2239 934 2293 τό
953 2258 1013 2294 τε
1049 2244 1189 2295 Κατ’
1220 2243 1443 2304 εἰκόνα.
1476 2244 1570 2299 καὶ
1597 2244 1681 2308 τὸ,

94 2329 239 2384 Καθ’
272 2330 589 2399 ὁμοίωσιν.
611 2330 738 2396 Πῶς
767 2327 862 2386 οὖν
887 2332 1008 2404 οὐχὶ
1034 2333 1129 2387 καὶ
1170 2333 1310 2404 μετά
1340 2333 1404 2387 τὸ
1430 2335 1683 2403 γενέσθαι

91 2421 187 2475 τὸν
229 2422 518 2494 ἄνθρωπον
563 2424 769 2495 ὁμοίως
808 2425 1016 2499 ἐρρήθη
1057 2426 1140 2489 τὸ,
1191 2428 1327 2481 Κατ’
1365 2427 1549 2481 εἰκόνα
1591 2428 1687 2482 καὶ

93 2513 222 2569 καθ’
248 2513 511 2584 ὁμοίωσιν
560 2514 815 2588 ἐποίησεν
858 2516 1021 2570 αὐτὸν
1063 2518 1092 2570 6
1117 2517 1272 2584 Θεὸς,
1314 2518 1451 2574 ἀλλά
1499 2518 1683 2590 μόνον,

93 2606 229 2659 κατ’
263 2607 511 2671 εἰκόνα;
539 2607 606 2661 Εἰ
650 2607 751 2679 μὲν
799 2608 881 2662 ὅτι
917 2608 1182 2681 ἡτόνησεν
1205 2612 1235 2665 6
1257 2610 1450 2679 ποιῶν,
1483 2612 1687 2684 ἀσεϐὴς

94 2698 126 2751 6
169 2696 333 2765 λόγος
367 2699 462 2751 καὶ
503 2697 738 2762 ἄτοπος·
788 2701 837 2753 εἰ
874 2700 935 2754 δὲ
965 2700 1047 2754 ὃτι
1080 2700 1422 2774 μετεμελήθη
1454 2703 1483 2755 6
1513 2718 1684 2773 προσ-

94 2790 343 2854 τάσσων,
401 2790 765 2864 ἀσεϐέστερον
798 2791 862 2846 τὸ
900 2792 1189 2864 ἐνθύμημα
1214 2810 1230 2824 ⁸
1273 2795 1323 2848 εἰ
1368 2792 1427 2847 δὲ
1469 2793 1566 2849 καὶ
1603 2794 1687 2848 ὅτι

93 2884 197 2955 τὴν
222 2882 499 2955 προτέραν
529 2883 746 2956 βουλὴν,
788 2885 849 2938 οὐ
889 2884 1030 2939 πάνυ
1059 2885 1234 2958 ὀρθῶς
1259 2885 1506 2958 ἔχουσαν,
1531 2885 1691 2940 ὔστε-

95 2991 197 3045 ρον
224 2975 371 3046 τάχα
413 2977 473 3029 ἐν
500 2978 572 3048 τῇ
619 2978 840 3048 ποιήσει
879 2977 1341 3050 ὲπιδιωρθώσατο,
1388 2979 1484 3033 καὶ
1530 2977 1690 3033 τοῦτο

94 3066 307 3138 ὁμοίως
331 3066 523 3132 ἀθεΐας
558 3067 622 3121 τὸ
656 3068 918 3141 ἐννόημα.
956 3069 1094 3124 Ἀλλ’
1120 3069 1245 3125 οὔτε
1281 3070 1312 3124 6
1349 3072 1692 3144 Δημιουργὸς

1786 2235 2150 2306 blasphemia,
2173 2237 2330 2307 cujus
2359 2254 2636 2309 nunquam
2686 2240 2856 2296 moris
2886 2249 2973 2297 est
3001 2240 3177 2296 otiosa
3210 2240 3380 2311 loqui.

1784 2324 1973 2395 Itaque
2000 2328 2314 2384 necessaria
2349 2330 2508 2385 ambo
2541 2339 2687 2395 sunt,
2718 2345 2785 2385 ac
2809 2330 3070 2401 cujusque
3103 2330 3382 2401 proprium

1786 2418 2172 2487 signiﬁcatum,
2192 2430 2305 2476 tum
2348 2421 2466 2488 ejus
2494 2422 2637 2492 quod
2663 2424 2746 2477 Ad
2771 2423 3073 2492 imaginem,
3096 2432 3210 2477 tum
3239 2424 3384 2493 quod

1785 2507 1871 2561 Ad
1922 2508 2323 2565 similitudinem
2381 2512 2647 2581 scriptum
2693 2522 2799 2568 est.
2828 2514 2968 2580 Quid
3004 2513 3170 2583 igitur
3205 2527 3386 2569 causa:

1788 2610 1892 2663 εει,
1922 2614 2023 2656 cur
2064 2610 2119 2656 et
2154 2612 2276 2672 post
2327 2604 2609 2659 conditum
2669 2605 2968 2670 hominem,
3023 2620 3129 2659 non
3181 2604 3389 2675 pariter

1789 2692 1991 2748 dictum
2026 2704 2123 2761 est,
2161 2694 2241 2749 Ad
2274 2695 2563 2765 imaginem
2593 2704 2648 2751 et
2669 2696 3078 2752 similitudinem
3109 2696 3386 2752 feciteum

1790 2784 1953 2851 Deus,
1986 2786 2081 2841 sed
2119 2786 2407 2854 duntaxat,
2428 2787 2509 2840 Ad
2539 2788 2873 2857 imaginem?
2906 2788 2986 2843 Ac
3015 2788 3141 2858 quia
3177 2788 3224 2842 si
3263 2787 3386 2844 ideo

1790 2879 1934 2948 quod
1964 2892 2156 2933 creans
2189 2878 2430 2934 minutus
2458 2880 2699 2950 potentia
2726 2889 2830 2947 est,
2860 2881 3061 2951 impius
3099 2894 3278 2936 sermo
3302 2888 3388 2936 est

1789 2983 1846 3029 et
1878 2976 2166 3029 absurdus.
2186 2974 2281 3030 Sin
2308 2975 2687 3040 vero,idcirco
2714 2976 2840 3046 quia
2880 2978 3033 3046 prius
3070 2964 3384 3043 consilium,

1790 3065 1933 3136 quod
1967 3067 2113 3122 haud
2161 3066 2321 3122 valde
2367 3075 2516 3122 recte
2562 3067 2809 3133 haberet,
2860 3067 3203 3139 postmodum
3241 3066 3386 3125 forte

96 3152 306 3218 ἀτονεῖ,
328 3151 455 3206 οὔτε
476 3154 507 3207 6
534 3153 759 3222 ἀγαθὸς,
801 3155 873 3209 τὰ
894 3155 1075 3209 πάντα
1098 3155 1274 3222 εἰδὼς,
1303 3156 1681 3229 μεταμέλεται,

1807 3173 1846 3211 κη
1896 3158 2173 3215 creatione
2225 3160 2404 3215 denuo
2469 3160 2808 3226 emendarit,
2866 3168 2924 3214 et
2987 3159 3105 3215 hare
3160 3159 3389 3228 perinde

97 3245 197 3299 καὶ
223 3244 356 3316 περὶ
382 3242 482 3307 τὰς
523 3244 851 3315 ὑποσχέσεις
892 3245 1275 3313 ἀναϐάλλεται,
1300 3246 1426 3301 οὔτε
1465 3248 1495 3300 6
1529 3247 1681 3317 σοφὸς

1815 3247 2057 3317 mpietati
2094 3252 2309 3307 haerens
2336 3252 2671 3307 existimatio
2699 3260 2802 3307 est.
2849 3253 2920 3305 At
2952 3265 3130 3321 neque
3159 3251 3388 3306 Creator

99 3335 585 3407 μεταϐουλεύεται,
624 3335 749 3390 οὔτε
774 3338 808 3409 ἡ
834 3338 1028 3410 Γραφὴ
1066 3337 1306 3393 τοιοῦτον
1329 3357 1382 3393 τι
1406 3338 1575 3409 λέγει.
1600 3339 1681 3403 Τίς

1807 3344 2000 3399 viribus
2038 3343 2326 3411 deﬁcitur;
2358 3358 2538 3413 neque
2587 3343 2678 3413 qui
2710 3343 2887 3398 bonus
2939 3351 3044 3408 est,
3079 3350 3389 3411 cunctaque

98 3424 195 3482 οὖν
218 3431 249 3483 6
274 3428 437 3498 λόγος
460 3427 558 3482 τοῦ
583 3429 667 3493 τὸ,
691 3430 832 3485 Κατ’
858 3432 1087 3496 εἰκόνα,
1105 3431 1287 3502 μόνον,
1315 3433 1374 3487 ὲν
1393 3435 1459 3502 τῇ
1483 3436 1674 3503 ποιησε

1807 3436 2069 3506 :Xplorata
2089 3436 2273 3501 habet,
2293 3437 2632 3506 paenitudine
2652 3435 2889 3500 ducitur,
2917 3448 2983 3489 ac
3008 3447 3190 3488 moras
3220 3433 3392 3488 nectit

98 3518 195 3572 τοῦ
253 3517 569 3592 ἀνθρώπου,
636 3521 810 3574 εἰπεῖν
854 3521 947 3575 τὸν
988 3520 1275 3576 θεσπέσιον
1304 3522 1566 3593 Μωῦσῆν,
1612 3522 1681 3585 τὸ.

1807 3539 1851 3583 ιι
1874 3529 2139 3597 promissa
2162 3530 2382 3600 impleat
2409 3543 2423 3582 :
2453 3542 2555 3583 nec
2585 3528 2677 3597 qui
2716 3528 2935 3596 sapiens
2966 3536 3072 3591 est,
3101 3523 3387 3580 consilium

95 3613 245 3669 Καθ’
267 3614 578 3683 ὁμοίωσιν,
596 3615 1082 3685 ἀποσιωπήσαντα,
1096 3615 1275 3669 καίτοι
1290 3616 1350 3668 ὲν
1367 3616 1435 3687 τῇ
1458 3613 1681 3686 προτέρᾳ

1807 3636 1988 3692 mutat,
2023 3638 2125 3681 nec
2173 3622 2457 3691 Scriptura
2500 3621 2765 3691 ejusmodi
2800 3618 2961 3691 333
2990 3618 3268 3690 quidpiam
3302 3617 3390 3672 lo-

98 3705 272 3778 βουλῇ
317 3706 646 3779 ἀμφοτέρων
673 3707 878 3778 ὁμοίως
906 3707 1483 3780 συμπαραληφθέντων
1506 3704 1681 3777 αὐτῷ

1807 3713 2001 3781 quitur.
2036 3712 2295 3779 Quaenam
2325 3712 2489 3781 igitur
2516 3711 2659 3765 ratio
2696 3719 2801 3775 est,
2833 3725 2934 3765 cur
2959 3709 3177 3764 divinus
3208 3705 3393 3765 Moses

101 3801 233 3864 hoc,
255 3799 403 3869 quod
431 3809 516 3855 est
545 3800 613 3855 ad
653 3799 975 3870 imaginem,
1006 3800 1060 3856 in
1110 3801 1350 3856 hominis
1396 3803 1676 3872 creatione
1711 3802 2051 3860 solummodo
2093 3803 2314 3867 dixerit,
2342 3803 2595 3872 quodque
2635 3805 2703 3857 ad
2744 3803 3155 3858 similitudinem
3187 3810 3292 3869 εει,
3309 3801 3390 3858 si-

99 3890 275 3948 lentio
335 3893 597 3959 presserit
627 3908 644 3949 :
707 3894 923 3950 tametsi
953 3894 1008 3948 in
1041 3894 1210 3961 priori
1242 3895 1471 3951 consilio
1497 3907 1787 3969 utrumque
1812 3898 1973 3953 simul
1996 3896 2220 3967 perinde
2239 3904 2607 3963 assumpserat
2632 3895 2657 3948 ἲ

172 3985 269 4040 20.
316 3984 505 4057 Ῥᾳδία
541 3984 612 4056 τῷ
643 3985 964 4057 προσέχοντι
992 3987 1086 4041 καὶ
1119 3986 1358 4042 συνιέναι
1395 3986 1681 4062 βουλομένη

1881 3989 1973 4044 20.
2005 3988 2206 4043 Facilis
2231 3996 2337 4051 est,
2372 3986 2417 4041 si
2469 3987 2591 4056 quis
2633 3986 2875 4040 animum
2929 3983 3177 4040 attendat
3202 3997 3268 4039 ae
3305 3983 3392 4039 in-

98 4078 134 4149 ή
158 4075 439 4140 ὲπίλυσις.
469 4077 545 4130 Τὸ
577 4076 678 4148 μὲν
704 4077 839 4149 γὰρ,
866 4076 1011 4133 Κατ’
1044 4080 1275 4144 εἰκόνα,
1311 4078 1679 4149 φύσειδέδοτα

1811 4082 2056 4154 telligere
2087 4080 2238 4147 velit,
2266 4079 2490 4135 solutio.
2534 4078 2748 4135 Etenim
2776 4077 2921 4149 quod
2954 4084 3038 4133 est
3088 4076 3159 4132 ad
3200 4076 3393 4146 imagi-

99 4171 262 4241 ἡμῖν,
319 4169 414 4222 καὶ
466 4168 844 4240 ἀμετάϐλητον
866 4168 928 4235 ἐξ
972 4170 1150 4242 ἀρχῆς
1190 4171 1286 4225 καὶ
1328 4172 1410 4235 εἰς
1446 4170 1509 4225 τὸ
1550 4172 1681 4225 τέλο.

1811 4190 1958 4241 nem,
2001 4182 2199 4229 natura
2224 4172 2383 4228 nobis
2405 4186 2726 4227 concessum
2771 4179 2878 4239 est,
2931 4178 3094 4240 atque
3126 4184 3156 4224 a
3185 4169 3395 4241 princi-

104 4263 464 4336 συμπάρεστι
490 4280 505 4295 ο
523 4262 681 4327 τὸδὲ,
713 4265 855 4318 Καθ’
883 4263 1190 4333 ὁμοίωσιν,
1222 4265 1289 4318 ἐκ
1311 4264 1681 4338 προαιρέσεως

1810 4268 1902 4338 pio
1934 4265 2274 4321 immutabile
2302 4275 2358 4319 et
2388 4264 2442 4317 in
2470 4263 2630 4318 ﬁnem
2652 4277 2827 4333 usque
2856 4276 3039 4319 comes
3080 4270 3187 4317 est.
3234 4259 3393 4328 Quod

103 4356 205 4411 καὶ
233 4354 454 4410 οἴκοθεν
511 4355 887 4427 κατορθοῦμεν
932 4354 1318 4428 ὖστερον.,Ἐν
1370 4356 1469 4427 μὲν
1512 4352 1607 4411 οὖν
1637 4361 1681 4427 τῆ

1810 4376 1941 4416 vero
1967 4360 2034 4415 ad
2064 4357 2500 4422 similitudinem,
2548 4356 2717 4411 libera
2749 4355 3033 4415 voluntate
3072 4364 3130 4411 et
3172 4368 3203 4410 a
3236 4353 3396 4411 nobis

104 4446 307 4521 πρώτῃ
337 4447 503 4519 βουλῇ
534 4447 711 4516 λέγων
757 4450 787 4502 6
811 4447 964 4511 Θεὸς,
1005 4447 1362 4516 Ποιήσωμεν
1396 4448 1710 4517 ἄνθρωπον

101 4543 237 4597 κατ’
264 4542 476 4595 εἰκόνα
498 4540 814 4610 ἡμετέραν,
838 4540 932 4594 καὶ
958 4539 1040 4604 τὸ,
1067 4541 1214 4595 Καθ’
1243 4541 1531 4609 ὁμοίωσιν
1544 4557 1711 4613 προσ-

107 4635 342 4705 έθηκεν·
371 4634 614 4697 δεικνὺς,
644 4634 726 4687 ὅτι
753 4633 849 4686 καὶ
872 4631 1193 4705 προαίρεσιν
1207 4633 1339 4703 ἡμῖν
1357 4631 1710 4699 αὐτεξουσίαν

106 4725 367 4796 ἐμϐαλεῖ,
396 4724 497 4796 τὴν
525 4725 836 4796 δυναμένην
894 4725 1121 4796 ποιῆσαι
1178 4726 1326 4796 ἡμᾶς
1380 4725 1710 4797 ὁμοιωθῆναι

108 4817 254 4890 Θεῷ.
307 4817 425 4871 Καὶ
464 4816 598 4888 γοῦν
641 4817 738 4870 καὶ
789 4816 1023 4870 τοιοῦτοι
1074 4816 1407 4889 ἀπετελέσθη
1418 4834 1538 4889 μεν,
1569 4819 1710 4872 κατὰ

107 4910 212 4981 τὴν
245 4908 557 4982 πρόρρησιν
593 4904 690 4962 τειιὶ
721 4908 879 4963 Θεοῦ.
914 4909 1106 4964 Πολλοὶ
1131 4910 1241 4983 γάρ
1268 4912 1318 4964 οἱ
1353 4911 1711 4983 ὁμοιωθέντες

109 4998 287 5070 αὐτῷ,
314 4999 541 5063 πάντως
598 4997 658 5053 δὲ
685 4999 784 5054 καὶ⁸
835 5000 1325 5072 ὁμοιωθησόμενοι,
1358 5000 1465 5055 κᾶν
1508 5002 1583 5073 μὴ
1617 5003 1712 5058 καὶ

110 5093 327 5157 πάντες
380 5094 461 5156 εἰς
486 5092 647 5146 τοῦτο
678 5092 1126 5164 ὲπισπεύδοιμεν,
1170 5094 1308 5148 ἀλλὰ
1337 5094 1435 5165 τὴν
1464 5096 1712 5151 ἐναντίαν

116 5184 326 5257 μᾶλλον
356 5185 464 5239 ὑπὸ
491 5184 850 5251 ὲθελοκακίας
873 5185 1204 5258 βαδίζοιμεν.
1252 5188 1342 5241 Ἐν
1368 5187 1425 5241 δὲ
1444 5189 1509 5259 τῇ
1544 5204 1714 5242 κατα-

113 5280 289 5351 σκευῇ
335 5277 565 5350 ὕστερον
599 5279 763 5350 μόνον
800 5274 920 5333 εἶπε
951 5279 1033 5344 τὸ,
1068 5281 1212 5333 Κατ’
1250 5281 1473 5345 εἰκόνα,
1507 5278 1583 5344 ὡς
1616 5281 1713 5335 καὶ

116 5371 284 5443 μόνον
321 5370 484 5425 τοῦτο
515 5371 729 5435 ἐντελὲς
762 5373 857 5426 καὶ
896 5371 1257 5427 ἀναλλοίωτον
1298 5375 1363 5444 τῇ
1397 5371 1714 5446 ἀνθρωπίνῃ

114 5462 284 5529 φύσει
317 5461 840 5530 ὲγκατασκευὰσας·
899 5461 961 5516 τὸ
1011 5462 1070 5515 δέ
1099 5478 1187 5531 γε,
1232 5464 1371 5517 Καθ’
1405 5464 1711 5532 ὁμοίωσιν,

115 5555 311 5627 ἐπειδὴ
342 5554 577 5627 δυνάμει
601 5554 739 5620 τέως
771 5554 930 5627 μόνον
960 5555 1358 5628 ἐγκατέσπειρε
1396 5555 1475 5629 τῷ
1501 5555 1711 5629 ἀνθρώ-

190 5733 265 5808 (o)
305 5733 651 5802 Ἀπόδειξις.
689 5731 840 5807 Leg.,
872 5733 1144 5801 ἀπόδοσις.

1812 4451 2162 4522 postmodum
2195 4457 2511 4519 praestatur.
2537 4445 2670 4502 Cum
2695 4448 2883 4517 itaque
2907 4448 2964 4503 in
2998 4447 3177 4518 primo
3210 4446 3385 4502 consi-

1811 4544 1887 4598 lio
1917 4543 1995 4597 ait
2026 4541 2190 4606 Deus,
2236 4539 2523 4593 Faciamus
2557 4538 2818 4592 hominem
2866 4538 2938 4593 nd
2976 4538 3265 4611 imaginem
3293 4556 3392 4594 no-

1812 4646 2002 4700 stram,
2029 4634 2229 4704 adjecit
2273 4641 2347 4698 et,
2378 4631 2460 4685 Ad
2496 4629 2945 4697 similitudinem;
2977 4639 3036 4684 ut
3079 4629 3396 4687 ostenderet

1813 4729 2040 4784 liberam
2066 4742 2284 4797 quoque
2311 4726 2468 4781 nobis
2494 4723 2831 4779 voluntatem
2864 4724 3076 4791 indere,
3104 4738 3202 4794 per
3230 4739 3393 4794 quam

1812 4819 2056 4874 nancisci
2091 4818 2273 4884 liceat,
2308 4825 2369 4872 ut
2401 4815 2514 4871 Deo
2548 4814 2759 4871 similes
2795 4814 3112 4871 eiliciamur.
3142 4815 3221 4869 Ae
3260 4831 3397 4872 sane

1815 4912 1950 4967 tales
1992 4912 2157 4967 etiam
2189 4909 2373 4966 ell‘ecti
2402 4924 2614 4975 sumus,
2658 4923 2758 4979 pro
2797 4923 2864 4965 eo
2918 4923 2984 4964 ac
3019 4908 3207 4963 divino
3255 4923 3399 4976 prte-

1813 5006 2015 5060 dictum
2054 5003 2277 5059 oraculo
2299 5012 2405 5059 est.
2434 5001 2590 5058 Multi
2625 5003 2772 5059 enim
2817 5000 3022 5059 similes
3062 5001 3113 5056 ei
3146 5012 3392 5067 evasere,

1813 5110 2147 5169 prorsusque
2168 5097 2332 5152 etiam
2366 5094 2612 5151 futurum
2644 5095 2870 5149 utmulti
2897 5095 3152 5162 evadant,
3181 5093 3397 5149 tametsi

1814 5206 1922 5247 non
1948 5204 2140 5246 omnes
2159 5191 2225 5245 ad
2252 5188 2357 5245 hoc
2375 5187 2752 5259 properemus,
2772 5187 2866 5244 sed
2893 5188 3222 5244 contrariam
3241 5200 3400 5258 pror-

1816 5296 1910 5339 sus
1933 5282 2077 5337 viam
2110 5290 2296 5337 nostra
2328 5288 2523 5350 sponte
2547 5280 2799 5336 socordia
2828 5280 3165 5336 incedamus.
3201 5278 3261 5333 In
3299 5279 3401 5334 ho-

1815 5375 1980 5431 minis
1999 5387 2130 5430 vero
2166 5373 2511 5445 postmodum
2535 5380 2812 5430 structura
2846 5371 3019 5428 solum
3068 5369 3208 5426 dixit
3253 5369 3399 5441 quod

1814 5476 1900 5521 est
1935 5467 2002 5522 ad
2042 5467 2361 5536 imaginem,
2383 5467 2586 5537 quippe
2615 5465 2709 5537 qui
2743 5465 2908 5522 etiam
2943 5476 3112 5520 unum
3148 5464 3252 5520 hoc
3275 5477 3398 5533 per-

1821 5560 2027 5616 fectum
2054 5567 2111 5615 et
2138 5558 2478 5616 immutabile
2506 5559 2561 5616 in
2597 5559 2834 5618 humana
2877 5565 3070 5615 natura
3101 5553 3401 5614 fabricatus
