3838 6214
492 309 557 367 3t
594 316 597 319 ’
1456 310 1808 369 APPENDIX
1846 308 2062 367 OPERI

2170 307 2229 363 S‘.
2269 304 2519 363 BASlLﬂ
2548 301 2792 361 MAGNI.
3680 302 3762 360 32

490 432 656 480 esset.
685 420 845 493 Quod
863 438 997 481 vero
1016 426 1083 481 ad
1121 425 1535 484 similitudinem
1568 437 1672 493 est,
1699 427 1845 499 quod
1877 437 2062 497 poten-

2168 441 2278 495 πῳ,
2311 421 2464 476 οὔπω
2505 421 2563 476 δὲ
2600 420 2697 476 καὶ
2742 420 2825 484 εἰς
2856 417 2918 473 τδ
2970 414 3318 489 ἀποτέλεσμα
3352 414 3757 490 ἐμπεφάνιστο,

492 519 568 571 tia
603 517 776 574 solum
820 520 1084 576 hactenus
1112 521 1315 575 homini
1358 521 1687 586 inseruerat,
1718 535 1784 577 ac
1829 519 2061 574 necdum

492 610 546 665 in
570 609 765 667 eﬁ'ectu
797 612 1062 678 eluserat,
1092 614 1185 668 sed
1217 614 1283 667 ad
1314 622 1472 670 actus
1500 613 1748 669 etlectum
1789 613 2063 682 accipien-

490 698 562 754 tis
591 700 768 755 adhuc
793 701 1031 755 animum
1057 702 1329 756 volentem
1358 702 1631 771 exigebat,
1666 701 1863 756 merito
1903 701 2064 755 silen-

490 791 568 844 tio
595 791 817 859 pressit.
852 791 1132 863 Siquidem
1165 794 1333 864 igitur
1358 793 1507 849 nullo
1536 802 1813 863 prmeunte
1845 792 1893 846 ei
1925 806 2058 847 con-

487 881 610 936 silio
637 882 863 939 dixisset
894 884 1057 952 Deus,
1092 888 1235 954 quod
1261 895 1343 939 est
1372 885 1441 939 ad
1473 883 1911 946 similitudinem,
1947 886 2062 951 prl-

486 971 671 1040 mique
701 972 849 1028 illius
875 972 1021 1028 eﬁ‘ati
1057 985 1246 1029 tenore
1276 975 1531 1029 virtutem
1565 974 1749 1028 statim
1804 974 2064 1043 elargitus

486 1072 653 1127 esset,
703 1072 764 1116 ut
792 1063 902 1119 Deo
939 1065 1145 1120 similes
1173 1064 1527 1131 eﬂiceremur,
1560 1065 1975 1135 haudquaquam
1995 1080 2064 1119 ex

486 1152 601 1207 sola
652 1164 840 1209 nostra
891 1165 1163 1225 potestate
1211 1158 1553 1226 postmodum
1610 1173 1862 1227 magnum
1916 1157 2064 1211 istud

2168 513 2284 568 ἀλλ’
2317 514 2487 567 ἐδεῖτο
2536 512 2617 566 ἔτι
2644 511 2784 583 πρὸς
2836 511 3182 582 ἀποτέλεσμα
3237 510 3336 582 τῆς
3375 507 3630 581 πράξεως
3657 509 3759 563 τοῦ

2165 603 2422 668 λαϐόντος
2448 603 2547 675 τὴν
2590 603 2928 676 προαίρεσιν,
2976 602 3200 665 εἰκότως
3244 599 3654 673 ἀπεσιώπησεν.
3689 600 3760 655 Εί

2170 697 2270 767 μὲν
2297 692 2413 759 οὖν,
2440 695 2573 766 μηδὲ
2596 691 2884 767 προλαϐὼν
2920 694 2980 746 ὲν
3008 695 3074 764 τῇ
3100 692 3261 763 βουλῇ
3288 693 3317 745 ὁ
3346 692 3479 754 Θεὸς
3511 687 3636 744 εἷπε
3664 691 3755 749 τὸ.

2166 789 2309 842 Καθ’
2358 787 2665 856 ὁμοίωσιν,
2696 787 2792 840 xui.
2820 784 2908 838 διὰ
2951 783 3046 838 τοῦ
3076 783 3293 856 πρώτου
3341 783 3501 852 λόγου
3541 783 3758 837 ἐκείνου

2162 880 2262 951 τὴν
2293 878 2521 950 δύναμιν
2554 877 2717 942 εὐθὺς
2756 878 3050 949 ἐχαρίσατο
3090 877 3189 929 τοῦ·
3220 876 3543 945 γενήσεσθαι
3573 876 3758 947 ὅμοιοι

2163 971 2304 1042 Θεῷ,
2339 972 2439 1025 οὑκ
2475 970 2541 1024 ἂν
2569 968 2678 1023 ἀπὸ
2716 970 2883 1041 μόνης
2923 970 3023 1039 τῆς
3055 968 3265 1023 ἑαυτῶν
3306 968 3554 1034 ἐξουσίας
3583 969 3757 1037 ἡμεῖς

2162 1062 2291 1117 ὕστε
2302 1080 2394 1134 ρον
2418 1063 2480 1115 τὺ
2504 1062 2648 1132 μέγα
2676 1062 2834 1115 τοῦτο
2862 1062 3108 1133 χάρισμα
3134 1060 3529 1133 προσδέξασθαι
3554 1059 3758 1129 ἠδυνά-

2165 1154 2335 1226 μεθαο
2377 1155 2471 1207 καὶ
2502 1153 2590 1207 διὰ
2617 1152 2776 1207 τοῦτο
2803 1152 3120 1221 ἀναγκαίως
3162 1153 3284 1205 τότε
3318 1151 3748 1221 προσείληπται.

454 1240 687 1295 .donum
731 1244 1001 1299 asciscere
1050 1245 1437 1312 potuissemus,
1468 1262 1531 1301 ac
1550 1256 1836 1315 propterea
1875 1261 2062 1300 neces-

2175 1247 2329 1301 Ἐπεὶ
2356 1247 2414 1300 δὲ
2452 1246 2547 1299 καὶ
2578 1247 2658 1309 εἰς
2690 1246 2752 1299 τὸ
2796 1242 3075 1308 κτίζεσθαι
3114 1244 3214 1315 ἤδη
3250 1244 3620 1313 κατέστημεν,
3653 1245 3751 1299 καὶ

487 1330 636 1386 sario
669 1341 795 1387 tunc
817 1335 995 1403 adepti
1050 1350 1315 1393 essemus.
1364 1337 1462 1392 Ubi
1496 1338 1606 1407 jam
1640 1352 1767 1392 vere
1802 1352 1869 1392 νο
1901 1339 2062 1392 deve-

2165 1340 2223 1392 τὸ
2257 1335 2395 1391 εἶναι
2428 1338 2535 1392 ἀπὸ
2565 1337 2658 1391 τοῦ
2700 1338 2774 1408 μὴ
2813 1338 2965 1400 ὄντος
3012 1335 3553 1405 προσελαμϐἀνομεν,
3583 1334 3613 1387 ὃ
3652 1335 3751 1405 μὲν

486 1420 671 1477 nimus
709 1430 770 1478 ut
817 1426 1200 1499 conderemur,
1231 1436 1401 1498 atque
1423 1443 1491 1483 ex
1524 1429 1695 1483 nihilo
1731 1439 1790 1483 ut
1818 1444 2062 1484 essemus

2165 1431 2312 1503 παρὰ
2335 1430 2427 1483 τοῦ
2453 1429 2729 1493 κτίζοντος
2757 1428 2955 1481 ἐδίδοτο
2977 1430 3042 1499 τῇ
3078 1426 3234 1496 φύσει
3260 1426 3415 1497 ἡμῶν
3435 1426 3597 1479 οἱονεὶ
3625 1442 3754 1477 συν-

487 1513 544 1567 in
573 1528 756 1570 rerum
785 1526 981 1572 natura
1009 1519 1459 1589 adipisceremur,
1494 1522 1547 1577 id
1592 1523 1809 1592 quidem
1845 1523 1988 1591 quod
2030 1537 2062 1577 a

2165 1520 2513 1592 ουσιωμένον,
2572 1519 2669 1573 xui.
2720 1516 3049 1571 ἀπεντεῦθεν
3101 1515 3527 1587 ἀπηρτισμένον,
3588 1513 3752 1567 τοῦτο
3810 1576 3813 1583 ,

485 1613 710 1661 creante
728 1615 934 1664 natura:
966 1620 1167 1665 nostrae
1198 1620 1256 1666 ut
1280 1613 1331 1668 ei
1373 1613 1520 1669 velut
1578 1615 1883 1669 substantia
1918 1614 2062 1668 indi-

2165 1612 2321 1676 εὐθὺς
2350 1611 2564 1683 ἔχομεν,
2599 1610 2692 1664 καὶ
2721 1609 2780 1675 ἐξ
2802 1607 2966 1663 αὐτοῦ
3001 1606 3359 1678 ὲκαλούμεθα,
3392 1607 3515 1660 κατ’
3562 1605 3753 1659 εἰκόνα

490 1706 636 1762 tum,
663 1698 953 1769 atquejam
988 1708 1100 1756 tum
1125 1702 1425 1773 perfectum
1460 1704 1838 1770 tribuebatur,
1873 1705 2057 1760 statim

2165 1703 2358 1775 δηλαδὴ
2388 1703 2562 1759 Θεοῦτ
2602 1702 2631 1755 ὃ
2662 1701 2719 1754 δὲ
2765 1702 2866 1754 οὐκ
2908 1698 3072 1762 εὐθὺς
3115 1697 3549 1766 συναπετελέσθη
3593 1698 3749 1767 ἡμῖν,

487 1787 632 1840 nacti
658 1802 863 1855 sumus,
891 1798 1054 1859 atque
1083 1806 1150 1846 ex
1179 1807 1249 1847 eo
1270 1794 1581 1865 nuncupati,
1612 1809 1805 1864 nempe
1828 1795 1893 1848 ad
1926 1796 2060 1849 ima~

2165 1797 2285 1850 οὐδὲ
2332 1794 2859 1867 συμπαρωμάρτησε
2904 1791 3152 1862 φυσικῶς
3212 1791 3277 1844 ἐκ
3317 1791 3419 1860 τῆς
3471 1789 3748 1852 πλάσεως,

490 1878 695 1948 ginem.
722 1879 874 1947 Quod
901 1897 1031 1937 vero
1062 1897 1168 1938 non
1202 1886 1393 1940 statim
1432 1902 1540 1941 una
1567 1888 1848 1942 nobiscum
1894 1888 2060 1943 abso-

2166 1886 2280 1940 ἀλλ’
2308 1889 2371 1939 ὲκ
2396 1886 2494 1955 τῆς
2535 1882 3003 1953 ὲπιγενησομένης
3035 1880 3430 1953 προαιρέσεως,
3468 1878 3562 1933 ἆτε
3591 1881 3751 1947 ἐνερ-

490 1967 663 2021 lutum
708 1979 811 2036 est,
844 1985 944 2026 nec
974 1980 1165 2027 natura
1198 1989 1380 2031 comes
1412 1974 1723 2031 formationi
1757 1977 1857 2031 fuit
1885 2016 1902 2040 ,
1963 1978 2061 2033 sed

2166 1977 2319 2047 γείας
2340 1976 2634 2048 ἡμετέρας,
2658 1974 2849 2046 ἔμελλε
2877 1974 3167 2044 ἐσύστερον
3189 1969 3570 2043 προσαρμόσαι
3591 1971 3749 2041 ἡμῖν,

487 2073 556 2111 ex
579 2057 875 2115 adventura
906 2063 1078 2117 libera
1112 2065 1411 2131 voluntate,
1438 2076 1628 2122 nostra.
1656 2069 1854 2138 quippe
1871 2084 2062 2138 opera-

2166 2069 2228 2122 τὸ
2251 2070 2348 2139 τῆς
2380 2066 2690 2138 ὁμοιώσεώς
2725 2083 2866 2137 φημι
2918 2062 3012 2118 τοῦ
3056 2063 3211 2127 Θεοῦ,
3257 2061 3417 2115 τοῦτο
3446 2060 3599 2114 οῦπω
3623 2059 3750 2113 οὔτε

488 2149 661 2215 tione,
690 2152 1034 2218 postmodum
1074 2154 1229 2209 nobis
1254 2170 1555 2227 congruere
1600 2157 1876 2225 debebat,
1938 2175 2062 2228 quae

2166 2157 2327 2232 ἦμεν,
2353 2158 2477 2213 οὔτε
2514 2158 2768 2228 λέγεσθαι
2813 2156 3145 2229 ἠδυνάμεθα.
3187 2154 3391 2224 ’Δφῆκε
3440 2152 3551 2225 γὰρ
3587 2151 3753 2206 τοῦτο

491 2239 679 2307 nobis,
711 2241 953 2312 inquam,
979 2258 1101 2298 cum
1126 2246 1235 2300 Deo
1267 2247 1778 2316 initursimilitudo,
1810 2252 1863 2305 id
1904 2253 2064 2307 nimi-

488 2348 609 2388 rum
641 2350 744 2390 nec
777 2336 956 2391 adhuc
982 2352 1221 2405 eramus,
1245 2356 1346 2395 nec
1368 2341 1475 2397 dici
1495 2351 1827 2410 poteramus.
1854 2345 2064 2401 Dimisit

487 2425 633 2480 enim
658 2426 760 2481 hoc
794 2427 860 2482 de
910 2428 1173 2486 industria
1224 2431 1460 2487 Creator
1503 2434 1984 2502 imperfectum,ut
2030 2451 2063 2491 ι

489 2515 648 2569 nobis
674 2515 805 2576 boni
837 2531 1002 2570 usura
1052 2519 1427 2587 perﬁceretur,
1476 2530 1834 2592 nostrumque
1863 2526 2062 2578 bonum

488 2604 783 2669 videretur,
813 2619 871 2660 ut
897 2617 953 2662 et
984 2610 1220 2664 debitam
1265 2612 1393 2666 inde
1432 2613 1731 2667 mercedem
1763 2629 2064 2685 conseque-

491 2709 723 2751 remur:
764 2711 831 2751 ne
882 2699 1027 2753 Velut
1061 2700 1350 2756 simulacra
1403 2702 1640 2757 inanima
1678 2718 1942 2769 essemus,
1984 2705 2065 2776 pi-

488 2795 705 2840 ctorum
731 2788 948 2857 quidem
985 2800 1102 2846 arte
1155 2790 1330 2847 eﬂicta
1362 2800 1674 2865 temereque
1712 2793 1973 2863 jacentis,
2007 2807 2064 2853 et

490 2892 612 2944 quae
639 2891 670 2931 a
697 2892 756 2933 se
780 2879 913 2934 nihil
940 2882 1225 2938 conferant
1250 2884 1316 2937 ad
1340 2885 1590 2940 decorem
1614 2903 1628 2953 ;
1652 2901 1773 2956 qua:
1799 2889 1892 2957 qui
1926 2905 2062 2945 eon~

485 2977 727 3038 tueatur,
777 2982 1079 3044 exacteque
1131 2974 1346 3045 depicta
1401 2978 1747 3044 consideret,
1795 2962 2089 3049 pictorem}

488 3063 707 3132 quidem
737 3066 931 3120 merito
953 3077 1009 3121 et
1029 3066 1326 3123 admiretur
1341 3079 1397 3126 et
1423 3068 1609 3127 laudet
1632 3089 1648 3139 ;
1669 3072 1909 3141 ipsorum
1933 3090 2062 3130 vero

2168 2254 2356 2317 ἀτελὲς
2385 2254 2413 2305 ὁ
2446 2252 2638 2316 κτίσας
2664 2251 2938 2321 ἐπίτηδες,
2980 2250 3068 2304 ἵνα
3094 2249 3225 2320 παρ’
3262 2246 3418 2318 ⁴ἡμῶν
3440 2248 3475 2318 ὴ
3513 2246 3757 2317 ἐργασία

2165 2351 2261 2404 τοῦ
2304 2350 2469 2404 καλοῦ
2503 2349 2857 2419 ἀποτελεσθῇ,
2902 2347 2997 2401 καὶ
3040 2346 3309 2419 ἡμέτερον
3352 2344 3475 2415 δόξῃ
3514 2343 3575 2396 τὸ
3606 2343 3750 2411 ἀγα-

2170 2439 2281 2500 θὸν,
2339 2437 2478 2491 ὥστε
2523 2438 2618 2492 καὶ
2670 2436 2857 2507 μισθὸν
2899 2437 3046 2507 ἡμᾶς
3100 2432 3351 2486 ἐντεῦθεν
3399 2431 3750 2502 ὀφειλόμενον

2115 2597 2122 2603 .
2172 2533 2351 2600 σχεῖνο
2386 2530 2473 2582 ἵνα
2510 2528 2585 2599 μὴ
2620 2527 2808 2597 ῶσπερ
2841 2525 3049 2589 εἰκόνες
3077 2524 3273 2594 ἄψυχοι
3316 2523 3412 2596 (a),
3453 2522 3606 2594 παρὰ
3643 2522 3752 2586 ζω-

2177 2620 2401 2689 γράφοις
2447 2618 2544 2689 μὲν
2569 2615 3030 2677 ἀποτελεσθεῖσαι,
3084 2615 3209 2685 εἰκῆ
3241 2613 3300 2668 δὲ
3341 2612 3613 2683 κείμεναι,
3655 2611 3751 2664 καὶ

2173 2709 2338 2779 μηδὲν
2371 2709 2511 2781 πρὸς
2540 2708 2601 2760 τὸ
2627 2706 2819 2769 κάλλος
2852 2706 3071 2767 ἑαυταῖς
3115 2703 3584 2775 συμϐαλλόμεναι·
3621 2700 3685 2765 ἃς
3720 2702 3751 2753 ό

2170 2799 2461 2871 θεώμενος,
2513 2798 2607 2854 xui.
2650 2798 2786 2869 πρὸς
2828 2795 3114 2868 ἀκρίϐειαν
3152 2794 3543 2866 γεγραμμένας
3576 2809 3753 2846 κατα-

2158 2891 2328 2953 νοῶν,
2370 2892 2461 2944 τὸν
2507 2891 2604 2961 μὲν
2640 2888 2927 2959 ζωγράφον
2966 2887 3192 2951 εἰκότως
3234 2889 3330 2940 καὶ
3353 2883 3622 2955 θαυμάζει
3652 2884 3751 2937 καὶ

2171 2983 2401 3047 ἐπαινεῖ,
2432 2980 2572 3034 αὐτὰ
2610 2980 2666 3033 δὲ
2698 2981 2764 3033 δι’
2794 2979 2960 3032 ἑαυτὰ
3007 2978 3293 3051 χρώματα,
3323 2977 3358 3047 ἢ
3404 2978 3529 3039 τοὺς
3560 2977 3645 3045 ἐφ’
3670 2970 3750 3028 ὢν

2171 3075 2510 3146 γεγράφαται
2553 3072 2806 3137 πίνακας,
2842 3071 3056 3135 οὐδενὸς
3097 3071 3238 3135 ἀξιοῖ
3286 3069 3467 3138 λόγου.
3499 3068 3618 3120 Ἵνα
3646 3067 3753 3119 τοίὲ

495 3155 579 3209 sui
604 3170 767 3212 causa
794 3159 1060 3227 colorum,
1086 3172 1179 3216 aut
1202 3162 1255 3216 in
1283 3163 1480 3232 quibus
1510 3134 1712 3235 depicti
1755 3168 1866 3222 sint
1896 3170 2062 3224 tabel-

2165 3134 2258 3220 νυν
2277 3134 2568 3235 ζιτὸΙθαῦμα
2606 3164 2700 3216 xui.
2727 3134 2859 3233 ἐμὸν
2900 3162 3147 3233 γένηται,
3179 3160 3273 3215 καὶ
3319 3134 3751 3231 συμμερίσωμαι

492 3244 667 3301 larum
695 3248 895 3304 nullam
935 3253 1206 3307 rationem
1242 3253 1456 3312 habeat.
1506 3255 1580 3312 Ut
1612 3257 1794 3328 itaque
1822 3260 2061 3314 admira-

492 3340 568 3395 tio
594 3341 760 3395 etiam
792 3357 909 3397 mea
942 3341 1105 3407 foret,
1147 3358 1213 3398 ac
1268 3361 1391 3399 cum
1437 3345 1550 3404 Deo
1578 3349 1799 3419 optimas
1847 3350 2061 3405 laudem

500 3431 798 3486 creationis
824 3448 928 3487 una
961 3436 1210 3503 partirer,
1241 3436 1373 3490 mihi
1403 3436 1622 3508 reliquit
1650 3449 1710 3493 ut
1730 3442 1798 3495 ad
1830 3441 1922 3495 Dei
1949 3441 2064 3496 eﬂi-

485 3536 642 3578 cerer
671 3523 1100 3581 similitudinem.
1138 3526 1235 3583 Est
1264 3528 1446 3597 itaque
1476 3530 1528 3585 in
1565 3546 1651 3585 me
1672 3534 1913 3601 potentia
1940 3537 2064 3602 qui-

486 3613 607 3667 dem
638 3613 865 3670 rationis
893 3616 975 3670 vis
998 3632 1062 3672 ac
1090 3617 1484 3690 intelligentiae,
1505 3623 1655 3691 quod
1667 3627 1853 3694 utique
1872 3626 1940 3680 ad
1966 3627 2060 3682 Dei

486 3719 573 3758 me
600 3704 801 3761 factum
837 3707 1123 3778 imaginem
1148 3711 1384 3765 ostendit
1414 3724 1569 3768 :actu
1596 3730 1727 3769 vero
1746 3755 1763 3781 ,
1789 3726 1846 3770 ut
1865 3726 1920 3770 et
1948 3721 2060 3771 vir-

487 3804 655 3849 tutem
678 3798 974 3866 amplectar
993 3841 1009 3867 ,
1040 3802 1340 3872 sedulaque
1364 3805 1578 3859 actione
1607 3806 1659 3860 id
1688 3808 1831 3876 quod
1864 3808 2063 3863 hones-

485 3895 601 3940 tum
625 3901 689 3942 ac
715 3888 873 3943 ollicii
915 3899 1019 3956 est,
1060 3904 1331 3961 praestem,
1366 3905 1529 3965 atque
1578 3897 1649 3951 ita
1691 3901 1801 3953 vita
1839 3901 2061 3970 optimis

484 3976 789 4033 rationibus
848 3979 1115 4050 instituta,
1156 3985 1222 4038 ad
1283 3985 1377 4041 Dei
1429 3988 1834 4044 similitudinem
1899 3991 2063 4064 334

486 4067 796 4124 deveniam.
822 4072 1002 4138 Quare
1024 4072 1075 4127 id
1110 4076 1353 4144 quidem,
1383 4079 1525 4147 quod
1549 4080 1715 4135 estad
1743 4082 2057 4150 imaginem,

487 4159 616 4215 boni
649 4161 802 4230 origo
834 4163 1097 4232 radixque
1129 4174 1235 4231 est,
1275 4183 1438 4235 quam
1492 4168 1608 4239 ipsa
1656 4174 1837 4226 statim
1871 4177 2060 4230 condi-

489 4250 639 4305 tione
661 4240 783 4329 cum
814 4263 1009 4307 natura
1048 4254 1400 4311 fundamento
1421 4257 1621 4325 jactam
1674 4260 1875 4327 habui;
1915 4265 2058 4332 quod

484 4356 614 4395 vero
647 4341 711 4395 ad
746 4341 838 4397 Dei
867 4344 1300 4413 similitudinem,
1320 4362 1385 4401 ex
1413 4350 1548 4402 meis
1567 4360 1899 4417 postremum
1931 4370 2061 4423 ope-

2163 3256 2241 3328 τῷ
2267 3255 2385 3327 Θεῷ
2413 3257 2506 3310 τδν
2538 3257 2602 3309 ὲκ
2630 3255 2733 3325 τῆς
2762 3253 2933 3324 καλῆς
2962 3254 3323 3326 δημιουργίας
3349 3252 3590 3312 ἔπαινον,
3623 3251 3752 3321 ἐμοὶ

2164 3349 2421 3402 κατέλιπε
2447 3349 2509 3402 τὸ
2549 3347 2673 3402 καθ’
2706 3346 2962 3419 ὁμοίωσιν
3004 3345 3327 3417 γεγενῆσθαι
3364 3342 3518 3398 Θεοῦ.
3558 3343 3751 3395 Ἔστιν

2161 3436 2254 3494 οὖν
2282 3440 2508 3512 δυνάμει
2546 3441 2647 3511 μὲν
2678 3440 2737 3493 τὸ
2777 3441 2835 3493 ὲν
2865 3438 2988 3509 ἐμοὶ
3023 3439 3240 3507 λογικὸν
3263 3439 3358 3492 καὶ
3387 3435 3593 3507 νοερὸν,
3623 3435 3653 3488 ὃ
3681 3435 3749 3506 δὴ

2164 3534 2257 3587 καὶ
2290 3535 2412 3587 κατ’
2433 3532 2617 3588 εἰκόνα
2654 3531 2790 3585 Θεοῦ
2832 3531 3161 3603 πεποιῆσθαί
3195 3548 3264 3603 με
3302 3531 3572 3583 δείκνυσιν
3596 3545 3610 3559 ’
3658 3529 3750 3580 ὲν-

2163 3623 2353 3697 εργεία
2397 3623 2474 3690 δὲ,
2518 3621 2581 3675 τὸ
2622 3623 2716 3676 xui
2763 3621 3178 3693 ἀντιποιηθῆναι
3224 3620 3328 3690 τῆς
3383 3618 3607 3691 ἀρετῆς,
3654 3618 3751 3670 xui.

2162 3714 2361 3785 πράξει
2402 3712 2747 3785 κατορθῶσαι
2790 3713 2852 3767 τὸ
2884 3713 3069 3779 καλὸν,
3106 3713 3202 3765 καὶ
3246 3711 3419 3774 οὕτως
3452 3709 3628 3762 ἐλθεῖν
3659 3707 3750 3762 διὰ

2161 3808 2259 3878 τῆς
2278 3806 2505 3877 ἀρίστης
2524 3805 2797 3869 πολιτείας
2823 3806 2903 3868 εἰς
2944 3804 3005 3857 τὸ
3034 3803 3154 3857 καθ’
3175 3803 3435 3874 ὁμοίωσιν
3463 3801 3558 3855 τοῦ
3583 3800 3746 3855 Θεοῦ.

2164 3900 2327 3951 Ὥστε
2362 3898 2423 3951 τὸ
2454 3898 2551 3969 μὲν
2587 3898 2707 3951 κατ’
2731 3896 2916 3950 εἰκόνα
2952 3895 3111 3960 Θεοῦ,
3148 3896 3290 3966 ἀρχή
3323 3896 3441 3947 ἐστι
3472 3891 3569 3945 xui.
3608 3890 3747 3964 ῥίζα

2159 3989 2255 4043 τοῦ
2279 3988 2508 4058 ἀγαθοῦ,
2541 3988 2607 4059 ἣν
2624 3988 2783 4052 εὐθὺς
2809 3990 2866 4041 ὲν
2893 3986 2968 4058 τῷ
2990 3984 3275 4050 κτίξεσθαι
3293 3980 3749 4054 συγκαταϐεϐλη-

2162 4079 2337 4151 μένην
2368 4081 2436 4151 τῇ
2489 4078 2649 4149 φύσει
2692 4095 2795 4150 μου
2847 4076 3093 4149 ἔσχηκα·
3122 4078 3185 4131 τὸ
3233 4078 3289 4131 δὲ
3340 4076 3458 4131 καθ’
3485 4075 3750 4146 ὁμοίωσιν

2159 4170 2317 4235 Θεοῦ,
2346 4171 2570 4242 ἔσχατον
2602 4174 2667 4225 ἐκ
2697 4172 2806 4226 τῶν
2836 4172 3013 4244 ἔργων
3052 4189 3175 4242 μου,
3230 4169 3327 4223 καὶ
3356 4168 3463 4222 τῶν
3496 4167 3626 4240 περὶ
3676 4168 3749 4222 τὰ

2161 4263 2302 4316 καλά
2331 4264 2530 4327 πόνων,
2566 4264 2661 4318 καὶ
2686 4264 2786 4335 τῆς
2826 4264 2963 4334 πρὸς
2994 4263 3122 4335 ὃλην
3151 4261 3295 4328 ζωὴν
3329 4259 3587 4332 ἐναρέτου
3626 4258 3749 4313 δια-

2160 4360 2370 4430 γωγῆς,
2423 4358 2762 4429 περιγίνεταί
2819 4376 2926 4430 μοι.
2960 4359 3212 4427 Εὑλόγως
3255 4355 3455 4419 τοίνυν,
3498 4357 3594 4421 οὐχ
3629 4355 3748 4427 ἅμα

484 4434 658 4502 ribus,
685 4424 873 4504 iisque
896 4452 1017 4506 qua:
1052 4437 1278 4493 honesta
1314 4453 1391 4494 ac
1426 4439 1585 4495 oﬂicii
1619 4453 1749 4496 sunt
1795 4444 2058 4514 impensis

2165 4424 2238 4520 τῷ
2258 4424 2576 4520 κτισθῆναι,
2597 4451 2691 4504 και
2716 4450 2777 4503 τὸ
2804 4424 2926 4504 δὲαιγ
2953 4424 3212 4521 ὁμοίωσιν
3245 4448 3379 4502 Θεοῦ
3404 4448 3566 4511 εὐθὺς
3592 4424 3749 4516 γενέ-

486 4522 787 4591 laboribus,
829 4536 939 4582 tota
970 4529 1203 4598 denique
1241 4531 1352 4585 vita
1404 4532 1620 4588 virtutis
1663 4534 1811 4590 cultu
1845 4548 2060 4606 exacta,

2165 4541 2283 4595 σθαι
2331 4560 2414 4611 μοι
2455 4544 2484 4595 ὁ
2534 4542 2726 4605 κτίσας
2769 4543 3101 4614 ἀπεφήνατο.
3153 4542 3351 4594 ’Ἄκουε
3392 4543 3502 4611 γὰρ
3552 4539 3649 4593 xui.
3691 4540 3748 4592 τί

486 4615 617 4679 mihi
668 4619 901 4673 accedit.
947 4617 1197 4689 Congrue
1223 4621 1406 4691 itaque
1440 4623 1580 4677 haud
1612 4640 1717 4678 una
1753 4643 1875 4680 cum
1907 4643 2062 4684 erea-

2165 4650 2323 4703 φησιν
2350 4635 2409 4686 ἐν
2443 4634 2790 4704 Εὐαγγελίῳ·
2839 4634 3097 4688 Γίνεσθε
3138 4632 3376 4694 τέλειοι,
3415 4631 3612 4697 καθὼς
3642 4633 3751 4685 καὶ

487 4707 660 4774 tione,
702 4718 762 4763 ut
797 4711 929 4766 mihi
979 4712 1165 4766 statim
1215 4714 1357 4781 quod
1407 4714 1474 4768 ad
1520 4715 1614 4770 Dei
1649 4717 2059 4775 similitudinem

2165 4728 2190 4779 ὁ
2218 4725 2419 4793 Πατὴρ
2446 4725 2614 4795 ὑμῶν
2642 4729 2675 4780 ὀ
2704 4725 2983 4795 οὐράνιος
3010 4724 3242 4792 τέλειός
3280 4725 3482 4779 ἐστιν·
3515 4723 3604 4777 ὅτι
3636 4723 3753 4776 τόν

482 4810 592 4868 est,
622 4804 953 4871 proveniret,
983 4803 1216 4859 Creator
1242 4805 1445 4861 sanxit.
1476 4807 1615 4861 Audi
1654 4808 1799 4863 enim
1822 4811 1951 4880 quid
1978 4812 2062 4867 dio

2165 4814 2337 4883 ἣλιον
2364 4818 2554 4872 αὐτοῦ
2601 4817 2920 4871 ἀνατέλλει
2960 4816 3059 4870 ἐπὶ
3093 4816 3397 4885 πονηροὺς
3445 4815 3544 4868 καί
3605 4814 3749 4884 ἀγα-ν

484 4902 577 4947 cat
609 4894 663 4949 in
700 4893 993 4966 Evangelio
1022 4914 1036 4952 :
1075 4897 1261 4952 Estote
1284 4898 1501 4969 perfecti
1537 4899 1675 4953 sicut
1701 4910 1750 4954 et
1777 4899 1943 4956 Pater
1966 4920 2059 4959 ve-

2165 4911 2319 4978 9οὺς,
2354 4911 2452 4965 καί
2472 4910 2681 4980 βρέχει
2714 4910 2813 4964 ἐπὶ
2846 4910 3114 4977 δικαίους
3146 4910 3245 4964 καὶ
3275 4910 3544 4977 ἀδίκους.

480 4996 590 5041 ster
635 4987 853 5041 celestis
902 4988 1163 5058 perfectus
1226 4998 1347 5057 est;
1389 4991 1519 5063 quia
1584 4990 1745 5048 solem
1786 5009 1945 5048 suum
1997 4998 2134 5053 oriri
2171 5003 2300 5071 facit
2330 5020 2488 5073 super
2517 5004 2684 5058 malos
2728 5016 2777 5057 et
2825 5002 3010 5070 bonos,
3044 5013 3094 5057 et
3126 5002 3258 5072 pluit
3292 5019 3451 5072 super
3485 5002 3665 5073 justas
3694 5011 3753 5056 es

479 5084 685 5149 iniquos
710 5082 772 5137 “.

549 5175 641 5229 21.
675 5174 871 5230 Vidisti
913 5175 1131 5231 ubinam
1180 5186 1236 5231 et
1267 5177 1487 5246 quando
1531 5179 1794 5237 Dominus
1825 5182 1877 5238 id
1912 5185 2059 5254 quod

2227 5185 2320 5240 21.
2363 5179 2514 5248 Εἶδες
2541 5180 2643 5236 ποῦ
2684 5182 2779 5236 καὶ
2809 5183 2939 5236 πότε
2967 5181 3291 5236 ἀποδίδωσιν
3313 5184 3445 5254 ἡμῖν
3485 5182 3514 5235 ό
3540 5179 3751 5253 Κύριος

481 5274 567 5319 est
611 5262 679 5320 ad
719 5264 1133 5321 similitudinem
1185 5266 1341 5323 nobis
1395 5269 1733 5328 reddiderit?
1789 5274 2059 5340 Quoniam

2165 5278 2216 5333 τὸ
2249 5276 2373 5331 καθ’
2394 5275 2687 5347 ὁμοίωσιν;
2722 5275 2846 5329 Ὀτι
2882 5273 2990 5328 τὸν
3029 5273 3207 5341 ἥλιον
3256 5273 3443 5327 αὐτοῦ
3485 5273 3744 5328 ἀνατέλ-

477 5356 639 5410 solem
665 5373 820 5411 suum
851 5358 980 5412 oriri
1005 5359 1135 5427 facit
1162 5378 1317 5431 super
1335 5362 1504 5417 malos
1537 5373 1585 5417 et
1619 5365 1800 5428 bonos,
1840 5377 1889 5420 et
1919 5368 2057 5436 pluit

2165 5372 2254 5425 ,κει
2276 5366 2372 5420 ἐπὶ
2397 5365 2699 5433 πονηροὺς
2721 5365 2820 5419 καί
2847 5365 3130 5436 ἀγαθοὺς,
3159 5365 3257 5419 καὶ
3285 5364 3496 5434 βρέχει
3524 5364 3625 5418 ἐπὶ
3656 5363 3748 5417 δι..

474 5462 633 5514 super
651 5446 829 5517 justas
851 5460 899 5504 et
926 5450 1155 5523 iniquos.
1182 5455 1238 5509 Si
1276 5455 1460 5513 oderis
1483 5456 1720 5525 scelera,
1748 5457 1795 5515 si
1823 5458 2057 5529 injurias

2165 5460 2369 5524 καίους’
2390 5456 2488 5512 καί
2522 5454 2790 5521 ἀδίκους.
2839 5456 2964 5512 Ἐὰν
2995 5454 3126 5528 γένῃ
3153 5456 3535 5529 μισοπόνηρος,
3563 5454 3745 5530 ἀμνηη

549 5596 597 5631 ιι
628 5595 818 5657 Matth.
855 5617 910 5671 v,
938 5603 1032 5669 ts,
1064 5606 1153 5662 ts.

542 5753 619 5829 (α)
656 5755 755 5817 ilic
810 5759 1004 5819 deesse
1043 5762 1252 5821 videtur
1301 5763 1449 5839 ὦμεν
1482 5810 1497 5839 ,
1544 5770 1627 5827 vel
1675 5771 1779 5829 tale
1834 5772 1983 5841 quid.
2045 5774 2201 5833 Enn.
