3838 6214
94 299 179 360 τε

1101 292 1192 351 DE
1229 293 1518 351 110mle
1558 287 1986 352 STRUCTURA
2021 292 2284 350 ORATIO
2316 292 2365 349 1.
3238 323 3249 334 -
3292 290 3385 350 τι

108 411 362 474 σίκακος,
395 408 472 481 μὴ
502 409 841 482 ἀμυνόμενος
868 409 959 463 τὸν
982 407 1198 481 ἐχθρὸν,
1230 408 1305 480 μὴ
1352 409 1698 481 μεμνημένος

1803 425 1921 464 rum
1954 409 2273 464 memoriam
2307 404 2591 472 deleveris,
2641 404 2850 461 hostem
2881 403 3026 461 haud
3070 399 3369 473 ulciscare,

105 501 206 572 τῆς
231 501 426 573 χθιζῆς
455 501 659 573 ἔχθρας
682 517 697 531 ·
729 500 828 554 ἐὰν
853 499 984 571 γένῃ
1010 499 1351 570 φιλάδελφος,
1381 498 1692 571 συμπαθὴς,

104 592 408 664 ὡμοιώθης
433 593 571 663 Θεῷ.
623 592 748 649 Ἐάν
778 586 890 656 οἷός
919 593 1067 645 ἐστιν
1104 590 1198 644 ἐπὶ
1232 591 1292 643 σὲ
1315 591 1408 645 τὸν
1441 592 1696 662 ἁμαρτω-

102 682 196 737 λὸν
219 686 250 739 ὁ
281 683 440 748 Θεὸς,
492 684 586 737 τὸν
644 682 1053 753 ἐναντιούμενον
1109 681 1259 753 αὐτῷ
1288 683 1411 736 καθ’
1436 683 1694 753 ἑκάστην,

102 772 351 840 τοιοῦτος
378 776 513 849 γένῃ
544 776 639 829 sui.
671 775 766 829 τὸν
794 777 875 840 εἰς
906 775 966 829 σὲ
1003 773 1512 848 πεπλημμεληκότα
1537 773 1695 827 ἀδελ-

103 866 229 937 φὺν,
256 869 327 938 τῇ
374 865 558 937 τελείᾳ
594 865 782 936 ἀγάπῃ
821 866 917 919 καὶ
946 868 1012 937 τῇ
1047 865 1183 937 πρὸς
1210 865 1301 918 τὸν
1339 863 1570 936 πλησίον
1606 864 1698 917 εὐ-

106 958 441 1030 σπλαγχνίᾳ,
471 957 758 1029 ὡμοιώθης
779 956 920 1028 Θεῷ.
952 957 1117 1010 Ὥστε
1137 957 1199 1010 τὸ
1231 958 1350 1010 κατ’
1372 957 1557 1010 εἰκόνα
1596 956 1697 1028 μὲν

105 1051 251 1123 ἔχεις
289 1053 361 1105 ὲκ
407 1050 505 1105 τοῦ
538 1050 753 1120 λογικὸς
791 1047 965 1104 εἶναι*
999 1050 1123 1104 καθ’
1155 1050 1413 1121 ὁμοίωσιν
1455 1050 1513 1102 δὲ
1540 1049 1694 1121 γένῃ,

105 1142 172 1195 ὲκ
201 1141 304 1196 τοῦ
347 1140 691 1214 χρηστότητα
724 1141 1037 1197 ἀναλαϐεῖν.
1108 1140 1367 1197 Ἀνάλαϐε
1408 1141 1698 1213 τοιγαροῦν

104 1231 440 1302 σπλάγχνα
502 1234 834 1304 οἰκτιρμοῦ,
887 1235 1295 1304 χρηστότητα,
1359 1235 1446 1289 ἵνα
1501 1234 1697 1307 ἐνδύσῃ

103 1324 381 1394 Χριστόν·
422 1323 491 1377 δι’
514 1319 590 1379 ὧν
624 1324 733 1397 γὰρ
768 1324 1172 1395 ἀναλαμὸάνεις
1208 1326 1307 1395 τὴν
1331 1326 1695 1397 χρηστότητα,

96 1408 198 1469 ’διὰ
220 1414 433 1469 τούτων
461 1415 620 1488 ὲνδύῃ
646 1416 900 1486 Χριστὸν,
932 1416 1026 1470 καὶ
1044 1418 1110 1486 τῇ
1140 1416 1275 1488 πρὸς
1300 1417 1462 1470 αὐτὸν
1488 1415 1700 1470 οἰκειώ-

110 1525 192 1561 σει
228 1506 605 1579 οἰκειούμενος
635 1506 774 1579 Θεῷ.
803 1507 989 1571 Οῦτως
1030 1509 1063 1579 ή
1105 1508 1312 1582 ἱστορία
1343 1508 1443 1578 τῆς
1483 1508 1698 1580 ἀνθρω-

108 1598 273 1669 πίνης
307 1598 561 1661 πλάσεως
586 1596 866 1662 παίδευσις
892 1599 1009 1650 ὲστι
1024 1597 1119 1651 τοῦ
1148 1597 1260 1668 βίου
1282 1597 1375 1651 τοῦ
1406 1599 1695 1669 ἡμετέρου.

1795 499 1841 554 si
1873 499 2143 553 hesternae
2184 496 2484 566 simultatis
2535 506 2699 562 atque
2736 494 2844 550 odii
2905 493 3226 550 recordatus
3258 510 3366 552 non

1798 590 2000 645 fueris:
2041 590 2086 644 si
2115 590 2339 644 fratrem
2366 601 2550 641 amore
2576 600 2641 641 ac
2662 585 3013 641 miseratione
3041 584 3211 641 fueris
3237 598 3368 654 pro-

1795 695 2041 749 secutus,
2069 684 2180 739 Deo
2216 682 2412 738 similis
2433 679 2676 739 evasisti.
2701 679 2761 736 Si
2797 695 2866 734 ex
2899 679 3082 734 animo
3111 678 3369 734 dimisisti

1796 775 2039 841 inimico,
2075 775 2187 830 Deo
2216 774 2410 830 similis
2444 773 2686 829 exsistis.
2717 771 2989 842 Siqualis
3010 787 3136 842 erga
3166 779 3220 827 te
3242 786 3371 841 pec-

1796 866 1936 922 catis
1969 867 2267 922 obnoxium
2303 867 2445 921 Deus
2472 873 2578 928 est,
2618 866 2709 935 qui
2747 864 2994 934 quotidie
3020 865 3096 919 illi
3121 865 3374 919 adverse-

1796 960 1894 1023 ris,
1946 959 2070 1014 talis
2097 969 2150 1015 et
2188 959 2303 1029 ipse
2350 973 2478 1028 erga
2512 956 2737 1013 fratrem
2775 958 2829 1012 in
2862 966 2917 1012 te
2965 957 3371 1026 delinquentetn

1795 1050 2054 1114 eﬂiciare,
2108 1050 2302 1105 affectu
2335 1050 2424 1103 illo
2457 1049 2769 1103 miserantis
2802 1047 2969 1103 animi
3020 1063 3148 1117 erga
3181 1046 3368 1117 proxio

1795 1157 1967 1208 nmm,
2008 1141 2115 1196 Deo
2135 1141 2329 1195 similis
2349 1137 2574 1193 effectus
2602 1152 2680 1193 es.
2714 1137 3078 1205 Quamobrem
3113 1136 3256 1206 quod
3283 1144 3372 1193 est

1797 1233 1866 1287 ad
1896 1232 2184 1302 imaginem
2222 1230 2346 1284 inde
2369 1229 2556 1291 habes,
2581 1228 2725 1297 quod
2752 1227 2963 1283 ratione
2989 1227 3248 1293 prmditus
3269 1240 3367 1283 es:

1797 1316 2025 1378 elliceris
2048 1336 2175 1375 vero
2203 1321 2267 1375 ad
2289 1319 2713 1379 similitudinem.
2758 1333 2828 1373 ex
2852 1332 2918 1372 eo
2948 1320 3089 1387 quod
3121 1315 3373 1386 benigni-

1801 1423 1966 1468 tatem
1993 1412 2248 1466 assumis.
2280 1411 2514 1465 Assume
2544 1409 2730 1480 itaque
2747 1409 2946 1464 viscera
2968 1408 3371 1477 misericordia,

1798 1504 2167 1573 benignitatem
2205 1501 2268 1566 ιδ,
2299 1508 2357 1553 ut
2387 1499 2665 1554 Christum
2714 1499 2927 1556 induas.
2973 1499 3179 1566 Quibus
3221 1497 3370 1554 enim

1802 1592 2185 1661 benignitatem
2214 1593 2467 1655 assumis,
2501 1591 2568 1645 iis
2589 1591 2865 1646 Christum
2900 1588 3120 1652 induis;
3169 1597 3228 1643 et
3264 1603 3373 1656 qua

98 1686 471 1758 Ποιήσωμεν
512 1686 830 1757 ἄνθρωπον
871 1691 999 1742 κατ’
1025 1690 1231 1744 εἰκόνα
1270 1689 1564 1758 ἡμετέραν
1595 1690 1692 1744 κιιί

1803 1684 1877 1737 illi
1909 1682 2307 1738 necessitudine
2334 1683 2705 1753 conjungeris,
2732 1699 2853 1737 cum
2874 1681 2983 1735 Deo
3009 1679 3370 1735 necessitudi-

107 1753 573 1848 xaﬂ’vdyolwa'tr.
619 1753 821 1850 ;Exé‘:to
864 1781 923 1833 ὲν
965 1781 1102 1852 αὐτῇ
1152 1783 1218 1852 τῇ
1264 1753 1532 1836 κτίσει-τὸ
1571 1785 1693 1836 κατ’

1803 1789 1922 1828 nem
1959 1775 2263 1828 contrahis.
2302 1775 2361 1828 In
2411 1778 2552 1830 hunc
2595 1775 2813 1828 modum
2864 1773 3097 1828 hominis
3151 1771 3372 1826 formati

109 1867 294 1924 εἰκόνα
318 1886 332 1899 ·
356 1868 600 1937 γενέσθω
624 1869 682 1923 δὲ
705 1870 798 1922 καὶ
821 1869 943 1923 καθ’
965 1872 1218 1942 ὁμοίωσιν
1247 1871 1334 1926 διὰ
1368 1874 1467 1943 τῆς
1491 1873 1695 1937 οἰκείας

111 1960 386 2030 σπουδῆς·
420 1961 609 2031 ἐπειδὴ
654 1961 752 2033 τὴν
789 1960 1020 2032 δύναμιν
1056 1963 1245 2016 τούτου
1280 1962 1393 2034 ἔχει
1427 1966 1485 2017 ἐν
1514 1968 1579 2036 τῇ
1614 1966 1693 2018 οἰ-

110 2045 235 2116 κείᾳ
280 2045 444 2115 φύσει
472 2045 676 2102 λαϐών.
705 2049 768 2101 Εἰ
794 2048 1015 2120 ἐποίησε
1043 2051 1165 2104 καθ’
1192 2051 1448 2122 ὁμοίωσιν
1478 2052 1612 2106 Θεοῦ
1639 2053 1694 2120 ἐξ

111 2136 309 2206 ἀρχῆς,
345 2136 452 2189 ποῦ
487 2154 580 2190 σου
609 2139 643 2209 ἡ
675 2138 871 2211 χάρις;
929 2140 1093 2194 ⁸ινιόθεν
1149 2140 1216 2195 ἂν
1252 2142 1316 2195 σὺ
1363 2143 1692 2213 ἐστεφανοῦς

112 2224 171 2280 Ei
206 2228 322 2300 γὰρ
349 2230 378 2282 ὁ
410 2230 758 2301 Δημιουργὸς
784 2231 845 2284 τὸ
868 2231 988 2285 ὅλον
1008 2235 1074 2304 τῇ
1099 2233 1256 2303 φύσει
1280 2234 1549 2300 ἀπέδωκε,
1576 2236 1695 2300 πῶς

96 2316 173 2369 ’ἀν
202 2334 288 2371 σοι
314 2321 347 2389 ἡ
381 2318 629 2390 βασιλεία
655 2320 763 2375 τῶν
790 2321 1034 2394 οὐρανῶν
1065 2323 1309 2394 ἡνοίγετο
1334 2342 1350 2392 ;
1385 2325 1499 2380 Νῦν
1523 2327 1598 2392 δὲ,
1634 2326 1696 2379 τὸ

100 2409 210 2479 ,μὲν
238 2408 395 2465 ὲδόθγι
416 2427 430 2441 ’
456 2411 518 2464 τὸ
545 2411 602 2464 δὲ
626 2412 810 2477 ἀτελὲς
847 2412 1173 2486 κατελείφθη
1191 2432 1208 2448 ο
1245 2416 1332 2469 ἵνα
1362 2416 1585 2470 σεαυτὸν
1610 2434 1697 2470 τε-

109 2495 366 2563 λειὼσας,
397 2499 545 2564 ἄξιος
571 2501 705 2574 γένῃ
752 2502 852 2571 τῆς
879 2501 1031 2571 παρά
1065 2501 1158 2555 τοῦ
1186 2502 1324 2555 Θεοῦ
1365 2503 1695 2572 μισθαποδο-

109 2589 248 2653 σίας.
268 2589 399 2653 Πῶς
418 2585 509 2643 οῦν
535 2590 792 2660 γινόμεθα
815 2591 936 2644 καθ’
955 2593 1211 2662 ὁμοίωσιν
1232 2610 1247 2660 ;
1272 2593 1371 2647 Διά
1396 2594 1489 2648 τοῦ
1516 2595 1695 2665 Εὐαγ-

107 2680 315 2749 γελίου.
361 2682 427 2734 Τί
459 2682 568 2753 γάρ
610 2684 724 2735 ἐστι
754 2684 1209 2755 Χριστιανισμὸς;
1258 2684 1393 2738 Θεοῦ
1440 2686 1695 2757 ὁμοίωσις

107 2772 252 2826 κατά
280 2773 343 2825 τὸ
373 2773 721 2845 ἐνδεχόμενον
747 2774 1034 2846 ἀνθρώπου
1075 2775 1255 2845 φύσει.
1281 2775 1346 2830 Εἰ
1373 2777 1608 2844 ἀνεδέξω
1634 2778 1696 2831 τὸ

109 2861 251 2918 εἶναι
304 2864 647 2935 Χριστιανὸς,
701 2863 983 2936 έπείχθητι
1008 2864 1264 2934 γενέσθαι
1316 2866 1497 2937 ὅμοιος
1533 2866 1690 2938 θεῷ’

108 2956 332 3009 ἔνδυσαι
359 2956 616 3026 Χριστόν.
652 2956 782 3021 Πῶς
818 2957 876 3009 δὲ
902 2957 1118 3032 ἐνδύσῃ,
1149 2958 1177 3009 ὁ
1213 2960 1286 3029 μὴ
1322 2959 1697 3031 σφραγισάμε-

104 3064 198 3110 νος
223 3062 239 3112 ;
271 3045 393 3109 πῶς
424 3045 641 3118 ἐνδύσῃ,
675 3048 704 3101 ὁ
730 3047 895 3119 μήπω
922 3047 983 3101 τὸ
1018 3048 1295 3119 βάπτισμα
1322 3049 1558 3122 εἰληφώς
1583 3067 1598 3115 ;
1636 3050 1695 3102 '0

1803 1866 2053 1929 historia,
2104 1866 2227 1920 vita:
2279 1876 2481 1921 nostra).
2532 1867 2785 1921 formatio
2830 1876 2921 1924 est.
2961 1880 3025 1919 ac
3064 1863 3370 1933 disciplina.

1796 1953 2092 2009 Faciamus
2140 1957 2401 2009 hominem
2448 1957 2517 2010 ad
2542 1957 2820 2026 imaginem
2852 1967 3085 2009 nostram
3113 1965 3160 2009 et
3197 1956 3267 2009 ad
3296 1957 3374 2010 si-

1802 2044 2167 2098 militudinem.
2186 2044 2391 2102 Habeat
2409 2046 2570 2100 homo
2594 2046 2648 2101 in
2681 2045 2796 2115 ipsa
2818 2046 3118 2110 creatione,
3145 2055 3204 2099 ut
3224 2046 3375 2116 quod

1800 2145 1884 2190 est
1918 2138 1982 2189 ad
2027 2135 2341 2202 imaginem,
2389 2136 2481 2189 fiat
2506 2146 2562 2191 et
2598 2136 2666 2191 ad
2704 2135 3113 2192 similitudinem
3150 2137 3373 2208 proprio

1801 2223 1979 2277 Studio
2005 2233 2165 2291 atque
2186 2238 2350 2292 Opera
2371 2239 2397 2289 λ
2417 2225 2613 2293 quippe
2637 2224 2727 2293 qui
2752 2225 2826 2278 rei
2860 2225 3020 2296 hujus
3057 2225 3373 2282 facultatem

1802 2313 1856 2368 in
1891 2314 2107 2384 propria
2141 2325 2335 2369 nactus
2368 2327 2559 2370 natura
2587 2327 2690 2371 est.
2715 2315 2771 2371 Si
2799 2317 2982 2371 Deusa
3008 2317 3272 2387 principio
3300 2317 3371 2372 ad

1801 2401 2212 2455 similitudinem
2266 2401 2522 2468 fecisset,
2570 2403 2786 2457 ubinam
2831 2414 2918 2459 tua
2973 2403 3115 2459 foret
3144 2405 3316 2475 gratia
3348 2403 3378 2459 ?

1802 2491 1940 2558 Quid
1975 2502 2126 2547 esset
2147 2493 2287 2547 unde
2310 2508 2514 2548 corona
2542 2495 2864 2549 donareris?
2893 2494 2950 2550 Si
2967 2496 3110 2550 enim
3143 2495 3377 2552 Creator

1803 2597 1915 2636 rem
1947 2598 2164 2637 omnem
2190 2593 2396 2638 naturae
2427 2584 2727 2651 tribuisset,
2759 2599 2864 2655 qua
2902 2585 3120 2640 tandem
3161 2586 3376 2642 ratione

1803 2688 2027 2743 regnum
2068 2675 2329 2730 caelorum
2384 2675 2474 2729 tibi
2501 2675 2747 2745 pateret?
2797 2674 2949 2730 Nunc
2975 2689 3104 2731 vero
3141 2676 3376 2732 alterum

1803 2766 1972 2830 dedit,
2004 2764 2233 2820 alterum
2284 2766 2664 2837 imperfectum
2710 2767 2957 2838 reliquit,
2990 2776 3049 2820 ut
3094 2776 3149 2822 tu
3183 2768 3376 2837 teipse

1802 2858 2089 2925 perficiens
2126 2856 2323 2930 dignus
2362 2855 2634 2925 el‘ﬁciaris,
2671 2859 2763 2924 qui
2828 2858 3131 2914 mercedem
3177 2874 3208 2914 a
3262 2859 3375 2914 Deo

1802 2950 2176 3020 consequaris.
2213 2949 2330 3017 Qua
2377 2949 2545 3020 igitur
2582 2950 2793 3004 ratione
2843 2950 2925 3025 ad
2957 2948 3373 3025 similitudinem

1803 3040 2110 3095 efﬁcimur?
2146 3039 2249 3095 Per
2287 3039 2670 3110 Evangelium.
2694 3040 2835 3107 Quid
2874 3039 3020 3096 enim
3075 3049 3159 3096 est
3214 3041 3378 3096 Chri-

103 3110 311 3205 γάρήτὸ
350 3134 555 3206 ἔνδυμα
709 3110 1028 3208 ἀφθαρσίας.
1055 3137 1130 3209 μὴ
1157 3110 1469 3209 δεξάμενος,
1514 3110 1698 3209 τέόρρω

1806 3132 1980 3186 stiana
2011 3129 2314 3201 professio?
2360 3128 2498 3185 Inita
2521 3146 2645 3187 cum
2681 3130 2792 3186 Deo
2841 3127 3159 3197 similitudo,
3194 3134 3376 3200 quoad

110 3224 258 3277 πάνυ
279 3223 609 3279 καθίσταται
636 3226 737 3297 τῆς
760 3226 897 3298 πρὸς
921 3226 1053 3281 Θεὸν
1072 3226 1404 3299 ὁμοιώσεως.
1427 3230 1490 3282 Εἰ
1520 3229 1705 3298 ἔλεγόν

115 3332 219 3380 σοι,
250 3314 415 3387 δεῦρο
439 3315 598 3385 γενοῦ
631 3316 815 3388 ὅμοιος
838 3317 1067 3389 βασιλεῖ,
1091 3320 1191 3373 οὐκ
1211 3319 1277 3374 ἂν
1310 3321 1601 3392 εὐεργέτην
1637 3339 1705 3393 με

113 3407 361 3479 ἔκρινας,
388 3408 484 3461 καὶ
513 3407 693 3478 πολλῷ
710 3406 792 3480 τῷ
818 3408 971 3481 τάχει
997 3409 1255 3474 έσπευδες
1278 3412 1415 3483 πρὸς
1440 3412 1502 3466 τὸ
1522 3412 1709 3467 καλού-

118 3514 310 3571 μενον;
359 3498 513 3552 Ἐπεὶ
540 3498 600 3553 δὲ
654 3497 914 3570 βούλομαί
947 3517 1007 3553 σε
1052 3501 1239 3572 ὅμοιον
1287 3501 1406 3573 Θεῷ
1456 3502 1706 3573 ποιῆσαι,

1803 3222 1921 3290 ejus
1950 3222 2095 3294 capit
2124 3223 2362 3277 humana
2395 3233 2614 3278 natura.
2650 3222 2707 3279 Si
2737 3223 2789 3277 in
2833 3223 3076 3278 animum
3113 3221 3371 3277 induxisti

1804 3320 1864 3368 ut
1890 3327 2038 3368 esses
2086 3312 2444 3380 Christianus,
2473 3328 2694 3385 operam
2731 3327 2868 3368 nava
2923 3321 2985 3368 ut
3025 3313 3137 3368 Deo
3177 3312 3375 3368 similis

1804 3404 2054 3460 elIiciaris
2085 3422 2099 3458 :
2134 3405 2300 3460 indue
2332 3392 2635 3461 Christum.
2666 3405 2735 3459 At
2782 3419 3014 3474 quanam
3037 3404 3230 3459 indues
3278 3419 3373 3457 rav

1805 3497 1973 3563 tione,
2000 3497 2090 3567 qui
2130 3512 2239 3551 non
2279 3512 2341 3552 es
2368 3496 2546 3567 sigillo
2571 3495 2962 3567 consignatus?
2990 3494 3271 3562 Quomodo
3299 3494 3376 3548 in-

115 3589 343 3659 φεύγεις
368 3589 463 3643 τὸν
490 3588 647 3658 λόγον
672 3589 764 3643 τὸν
793 3588 1140 3645 θεοποιοῦντά
1164 3608 1243 3653 σε,
1270 3592 1710 3664 ἐπιφραξάμενος

115 3682 184 3736 τά
202 3676 344 3748 ὦτα,
386 3681 475 3735 ἵνα
500 3681 636 3753 μηδὲ
660 3683 877 3737 ἀκούειν
901 3681 1032 3754 ἔχῃς
1057 3683 1166 3737 τῶν
1197 3684 1478 3754 σωτηρίων
1512 3684 1705 3754 λόγων.
1748 3695 1759 3704 ’

1805 3591 1958 3656 ducs,
1984 3590 2074 3660 qui
2104 3590 2342 3645 nondum
2381 3590 2653 3658 baptismo
2684 3603 2744 3644 es
2773 3586 3055 3642 initiatus?
3094 3585 3195 3652 Qui
3227 3584 3373 3640 enim

1806 3681 2234 3753 incorruptionis
2281 3684 2657 3737 indumentum
2721 3696 2829 3733 non
2874 3678 3158 3749 suscepit,
3211 3676 3373 3733 valde

117 3778 368 3847 procula
400 3776 494 3832 Dei
529 3777 886 3833 similitudine
918 3778 1190 3835 consiStit.
1249 3778 1308 3834 Si
1369 3779 1608 3834 dicerem
1639 3779 1759 3847 tibi,
1802 3778 2051 3848 agedum,
2087 3787 2204 3833 esto
2258 3776 2452 3832 similis
2504 3773 2852 3844 imperatori;
2911 3784 3089 3826 nonne
3138 3769 3373 3825 amicum

117 3884 205 3923 me
231 3885 298 3925 ac
322 3867 632 3924 beneﬁcum
678 3869 1048 3933 existimares,
1089 3884 1155 3925 ac
1198 3885 1360 3940 quam
1412 3870 1699 3927 celerrime
1736 3887 1844 3941 quo
1907 3870 2154 3925 invitaris
2214 3868 2575 3940 proper-ares?
2607 3867 2743 3935 Quia
2771 3879 2903 3922 vero
2927 3865 3039 3921 Deo
3060 3873 3114 3918 te
3136 3862 3373 3919 similem

110 3968 383 4027 priestsre
417 3966 632 4024 satago,
664 3957 965 4014 obstructis
995 3957 1218 4014 auribus
1264 3972 1572 4014 sermonem
1604 3958 1749 4031 fugis
1804 3971 1856 4015 te
1913 3958 2112 4013 deitate
2140 3959 2454 4026 donantem,
2512 3967 2573 4012 ut
2620 3970 2721 4011 nec
2748 3955 2934 4010 auditu
2985 3953 3179 4009 salutis
3208 3951 3374 4008 verba

118 4050 296 4119 possis
326 4049 634 4117 percipere.

185 4144 278 4197 2‘2.
311 4142 422 4197 Καὶ
441 4141 734 4211 ἐποίησεν
757 4143 791 4197 ὁ
822 4141 969 4210 Θεὸς
995 4143 1103 4197 τὸν
1119 4141 1461 4213 ἄνθρωπον-ο
1490 4144 1619 4198 κατ’
1634 4146 1698 4198 εἰ·

1879 4143 1969 4199 22.
2001 4139 2069 4197 Et
2121 4141 2246 4211 fecit
2305 4138 2447 4194 Deus
2495 4138 2755 4193 hominem
2784 4152 2806 4191 :
2853 4136 2923 4189 ad
2961 4135 3242 4216 imaginem
3276 4132 3376 4186 Dei

117 4237 271 4290 κόν-α
289 4232 438 4288 Θεοῦ
457 4234 747 4302 ἐποίησεν
766 4234 972 4289 αὐτόν.
996 4233 1152 4287 Εἴποι
1173 4233 1238 4287 ἂν
1256 4234 1395 4304 τάχα
1419 4233 1698 4307 ἐνταῦθαὴ

1808 4237 1927 4306 fecit
1962 4251 2079 4289 eum
2110 4233 2176 4287 ιδ.
2204 4232 2466 4288 Dicat-hic
2497 4230 2724 4286 forsitan
2755 4229 2947 4285 mulier
2977 4246 2992 4283 :
3025 4226 3262 4296 Quidﬁd
3291 4238 3377 4280 me

116 4326 257 4396 γυνή
274 4342 290 4356 ·
318 4321 386 4377 Τί
404 4322 539 4395 πρὸς
558 4324 659 4394 ἐμὲ
679 4325 708 4377 ὁ
726 4323 882 4393 λόγος
903 4339 917 4389 ;
941 4325 969 4376 ὁ
988 4321 1128 4394 ἀνὴρ
1147 4322 1446 4393 τηνικαῦτα
1465 4324 1698 4394 ἐγένετο.

117 4418 193 4470 Οὐ
210 4415 324 4487 γὰρ
338 4410 459 4468 εἷπε
476 4414 575 4487 τὴν
591 4414 898 4486 ἄνθρωπον,
924 4416 1109 4489 φησιν,
1129 4417 1162 4490 ἥ
1183 4416 1369 4481 ἁπλῶς
1387 4417 1672 4490 ἄνθρωπον
1684 4436 1697 4450 ·

118 4508 254 4561 ἀλλὰ
280 4510 349 4578 τῇ
372 4506 466 4560 τοῦ
495 4505 698 4578 ἄρθρου
721 4506 1007 4579 προσθήκῃ
1030 4507 1090 4561 τὸ
1118 4507 1402 4580 ἀρρενικὸν
1424 4508 1700 4582 ἐνέφηνεν.

126 4599 273 4652 Ἀλλ’
298 4598 387 4653 ἵνα
422 4598 497 4670 μὴ
544 4597 775 4668 ἀμαθῶς
799 4615 885 4662 τις
909 4601 978 4669 τῇ
1007 4597 1102 4650 τοῦ
1130 4596 1415 4671 ἀνθρώπου
1439 4615 1706 4670 προσηγο-

122 4691 215 4764 ρίᾳ
242 4690 338 4743 ἐπὶ
356 4689 453 4742 τοῦ
482 4685 727 4763 ἀνδρὸςῇ
757 4689 918 4761 μόνον
937 4690 1296 4761 κεχρημένος,
1323 4690 1662 4761 προσέθηκεν
1688 4708 1702 4720 ·

122 4784 343 4850 Ἀρσεν
379 4780 480 4835 καί
503 4779 659 4849 θῆλυ
696 4781 985 4851 ἐποίησεν
1015 4782 1268 4847 αὐτούς’
1313 4782 1400 4835 ἵνα
1426 4781 1589 4853 γνῷς,
1622 4783 1704 4836 ὃτι

120 4875 292 4947 καίῃή
343 4873 483 4946 γυνὴ
537 4872 651 4945 ἔχει
704 4872 767 4926 τὸ
813 4874 933 4926 κατ’
961 4872 1148 4927 εἰκόνα
1181 4872 1315 4927 Θεοῦ
1356 4875 1703 4947 γεγενῆσθαι,

121 4943 289 5020 καίὸῖ
311 4943 481 5037 ἀνήρξ
509 4943 731 5037 Ὅμοιαι
758 4963 865 5035 γὰρ
888 4966 944 5018 αἱ
976 4964 1164 5035 φύσεις
1197 4965 1519 5037 ἀμφοτέρων
1541 4943 1708 5021 ’ἐπλά-

122 5058 355 5131 σθησαν,
393 5057 491 5113 καὶΙ
518 5056 631 5110 ῐσαι
662 5056 870 5111 τούτων
894 5058 949 5111 αἰ
982 5054 1228 5129 πράξεις,
1269 5057 1358 5111 ῐσα
1384 5056 1453 5111 τὰ
1477 5057 1702 5125 ἔπαθλα,

123 5149 212 5222 ῐση
247 5149 286 5220 ή
328 5147 531 5201 τούτων
578 5146 859 5218 καταδίκη.
908 5146 1000 5219 Μὴ
1044 5147 1159 5225 γὰρ.
1196 5147 1614 5220 προφασιζέσθω
1646 5149 1707 5203 τὸ

119 5239 511 5311 ἀσθενέστερον
565 5240 601 5311 ἡ
640 5239 811 5310 γυνή’
870 5238 929 5291 ὲν
974 5237 1083 5310 γὰρ
1113 5241 1180 5310 τῇ
1234 5239 1399 5311 σαρκὶ
1433 5239 1626 5294 τοῦτο⁹
1668 5242 1705 5311 ἡ

121 5330 312 5400 μέντοι
333 5327 480 5400 ψυχὴ
501 5329 694 5399 ἐπίσης
714 5329 782 5398 τῇ
802 5326 1022 5399 ἀνδρείᾳ
1046 5325 1143 5398 τὴν
1165 5327 1369 5380 οἰκείαν
1391 5325 1589 5398 ἔσχηκε
1614 5325 1706 5380 δύ-

121 5436 311 5492 ναμιν.
360 5419 581 5491 Ἐπειδὴ
632 5414 727 5472 οὖν
776 5418 1041 5490 ὁμότιμον
1081 5417 1144 5470 τὸ
1195 5420 1313 5473 κατ’
1343 5419 1526 5472 εἰκόνα
1572 5418 1708 5473 Θεοῦ

122 5509 433 5582 εἰλήφασιν,
457 5507 722 5580 ὁμότιμον
765 5505 947 5578 έχουσι
980 5505 1076 5560 καὶ
1102 5504 1203 5577 τὴν
1233 5503 1456 5578 ἀρετὴν,
1485 5505 1578 5560 καὶ
1608 5503 1710 5580 τὴν

98 5624 113 5685 ι
193 5712 243 5789 αξ
263 5709 472 5771 Coloss.
502 5723 588 5780 ιιι,
622 5707 709 5781 12.
790 5706 837 5787 ξδ
864 5703 1003 5762 Gen.
1037 5719 1080 5775 ι,
1118 5701 1214 5758 27.

1807 4342 1989 4381 sermo
2043 4325 2297 4396 spectat?
2335 4310 2449 4378 Vir
2481 4331 2608 4379 tunc
2636 4322 2884 4377 conditus
2911 4328 3015 4374 est.
3052 4317 3171 4372 Non
3197 4318 3367 4382 enim,

1807 4418 1969 4490 335
2007 4417 2203 4487 inquit,
2253 4416 2390 4473 dixit
2419 4416 2692 4471 hominem
2724 4428 2923 4483 genere
2955 4411 3238 4476 feminino,
3277 4418 3374 4464 aut

1811 4511 2133 4580 simpliciter
2160 4510 2457 4575 hominem,
2487 4507 2580 4563 sed
2611 4504 2827 4560 articuli
2857 4504 3158 4573 adjectione
3191 4517 3378 4557 mascu

1811 4602 1977 4657 linum
2010 4616 2198 4656 sexum
2227 4600 2511 4656 indicavit.
2543 4601 2615 4654 At
2641 4612 2708 4652 ne
2736 4595 2859 4666 quis
2895 4594 3092 4649 inscite
3128 4592 3375 4648 hominis

1810 4693 2169 4764 appellatione
2182 4692 2236 4747 in
2256 4693 2371 4746 viro
2385 4691 2646 4744 duntaxat
2659 4701 2816 4742 usum
2831 4685 3125 4749 existimet,
3139 4682 3373 4752 adjecit:

1811 4783 2111 4837 Masculum
2136 4791 2187 4837 et
2215 4781 2462 4852 {emittam
2489 4780 2612 4848 fecit
2635 4793 2753 4843 eos;
2784 4786 2843 4831 ιιι
2874 4774 3144 4844 intelligas
3176 4773 3379 4828 habere

1810 4874 2196 4935 etmulierem.
2231 4870 2375 4941 quod
2426 4869 2496 4924 ad
2544 4869 2639 4923 Dei
2691 4854 2980 4937 imaginem
3024 4862 3238 4919 condita
3282 4862 3379 4924 sit,

1811 4976 1868 5022 et
1894 4965 2037 5035 quod
2066 4963 2133 5017 ad
2164 4962 2259 5017 Dei
2289 4959 2698 5016 similitudinem
2741 4971 2862 5012 esse
2900 4953 3269 5016 nanciscatur,
3298 4950 3378 5007 uti

1810 5063 1867 5109 et
1902 5052 2006 5106 vir.
2044 5050 2199 5105 Paris
2251 5047 2533 5120 dignitatis
2586 5046 2868 5101 amborum
2918 5041 3137 5098 formati
3190 5054 3376 5104 sexus,

1810 5157 2079 5215 paresque
2107 5151 2233 5197 sunt
2268 5141 2458 5196 horum
2490 5139 2758 5206 actiones,
2808 5136 2958 5207 paria
3006 5132 3248 5205 praemia,
3279 5145 3380 5199 par

1811 5248 1998 5291 eorum
2046 5231 2338 5288 damnatio.
2390 5230 2469 5286 Ne
2513 5230 2657 5284 enim
2711 5228 2908 5284 mulier
2968 5222 3376 5280 imbecilliorem

1812 5336 2000 5379 sexum
2025 5319 2390 5376 causiﬁcetur.
2420 5317 2569 5373 Istud
2605 5327 2837 5384 namque
2865 5314 2921 5369 in
2961 5326 3127 5368 carne
3163 5319 3281 5376 est;
3310 5309 3379 5362 ad

1814 5413 2049 5468 animam
2086 5426 2214 5467 vero
2242 5412 2386 5482 quod
2426 5409 2642 5478 attinet,
2668 5406 2802 5462 nihil
2833 5406 2953 5461 viro
2986 5404 3247 5473 imparem
3279 5415 3378 5454 na-

1813 5515 1902 5564 cta
1954 5515 2044 5564 est
2090 5506 2412 5581 potentiam.
2462 5501 2910 5574 Quandoquidem
2964 5497 3131 5570 igitur
3163 5493 3378 5552 femina
