3838 6214
458 236 551 293 35-

1422 228 1772 287 APPENDIX
1813 227 2103 287 OPERUM
2142 226 2200 286 S.
2242 230 2490 287 BASILII
2529 230 2767 289 MAGNL
2852 237 2855 239 ’

3657 228 3749 284 38

460 353 584 423 pari
604 353 738 409 viris
774 353 1033 425 dignitate
1061 365 1317 421 accepere
1357 359 1417 405 ut
1452 348 1519 404 ad
1564 348 1659 405 Dei
1693 349 1803 405 sint
1833 349 2030 419 imagi-

2134 351 2241 405 τῶν
2266 352 2489 421 ἀγαθῶν
2520 354 2697 426 ἔργων
2723 353 3012 419 ἐπίδειξιν*
3062 354 3158 408 καὶ
3189 352 3414 427 οὐδεμία
3445 353 3747 425 παραίτη-

462 459 612 510 nem,
654 445 772 515 pari
826 444 1090 515 dignitate
1137 443 1335 498 virtute
1389 441 1613 511 pollent,
1658 442 2035 510 bonorumque

458 549 687 604 operum
729 536 895 590 edunt
944 534 1259 604 specimen:
1292 533 1549 600 nullaque
1601 533 1882 587 excusatio
1929 541 2030 597 est,

465 625 513 680 si
574 640 679 695 qua
737 625 878 681 forte
923 624 1174 694 corporis
1240 622 1539 678 imbecilles
1584 623 1727 678 vires
1759 627 2031 679 ostendat.

459 714 783 786 Quanquam
811 717 959 771 enim
991 715 1238 772 absolute
1272 715 1487 770 mollius
1515 713 1910 785 delicatiusque
1938 730 2035 768 na-

466 816 578 861 tum
609 815 712 872 est,
753 815 811 861 at
842 821 1073 877 pronum
1096 816 1453 877 paratumque
1490 807 1558 861 ad
1594 807 2030 874 miserationem,

463 898 532 952 ad
564 897 911 953 tolerantiam
939 900 1179 955 vividum
1215 915 1278 953 ac
1306 898 1542 966 ﬁrmum,
1584 899 1638 953 in
1676 899 1874 970 vigiliis
1908 916 2035 956 acre

460 999 527 1041 ac
546 993 881 1042 contentum.
906 986 1090 1058 Longe
1107 987 1250 1043 enim
1279 987 1443 1041 etiam
1463 987 1726 1042 femineus
1748 1003 1907 1042 sexus
1936 988 2034 1042 ho-

461 1074 605 1130 nesti
641 1074 840 1142 studio,
872 1074 1077 1131 laboris
1104 1075 1363 1131 instantia
1405 1089 1472 1129 ac
1513 1075 1796 1130 tolerantia
1820 1078 2032 1132 virilem

460 1166 693 1223 excedit.
728 1166 807 1224 Ac
837 1182 1114 1237 nunquam
1152 1167 1247 1222 ﬁat
1277 1176 1336 1222 ut
1378 1168 1464 1221 vir
1491 1169 1715 1237 paribus
1749 1170 1925 1224 modis
1955 1169 2035 1224 i'e-

461 1262 623 1317 minae
651 1273 913 1332 mquetur,
946 1261 1060 1317 sive
1098 1262 1152 1316 in
1192 1260 1384 1331 jejunii
1435 1259 1768 1329 virtutisque
1813 1260 2033 1330 reliqum

458 1349 632 1417 cultu,
668 1352 783 1407 sive
837 1351 893 1406 in
951 1351 1317 1420 lacrymarum
1367 1350 1747 1413 exuberantia,
1804 1351 1919 1403 sive
1975 1351 2030 1404 in

459 1440 687 1496 rationis
715 1440 921 1506 labore,
951 1440 1067 1496 sive
1093 1440 1146 1494 in
1176 1439 1549 1494 beneﬁcentiae
1575 1438 1749 1508 capia.
1782 1439 1905 1494 Vidi
1933 1454 2032 1509 ego

458 1532 764 1598 mulierem,
785 1531 925 1586 clam
956 1532 1094 1596 viro,
1125 1545 1246 1600 quae
1283 1544 1413 1585 usus
1454 1528 1670 1583 familiae
1711 1540 1891 1584 essent
1943 1531 2033 1599 pio

463 1635 529 1675 ac
562 1619 786 1676 salutari
826 1619 974 1675 furto
1007 1620 1417 1685 subducentem,
1459 1633 1524 1673 ac
1572 1620 1899 1688 pauperibus
1939 1636 2033 1674 oc-

2138 444 2222 509 σίς
2273 446 2389 498 ἐστι
2426 448 2490 517 τῇ
2530 447 2944 521 προῆαλλομένῃ
2986 448 3149 518 τυχὸν
3197 447 3296 519 τὴν
3340 445 3434 498 τοῦ
3470 443 3748 516 σώματος

2135 536 2440 591 ἀσθένειαν.
2476 538 2538 591 Ei
2563 536 2672 608 γὰρ
2699 538 2793 592 καὶ
2819 538 3007 602 ἁπλῶς
3039 538 3244 593 ἁπαλὸν
3268 535 3556 606 ἐπεφύκει,
3588 537 3751 591 ἀλλὰ

2134 628 2350 699 ἕτοιμον
2374 631 2456 693 είς
2488 629 2853 700 συμπάθειαν,
2889 629 3104 684 εὔτονον
3132 632 3214 693 εἰς
3251 629 3568 701 καρτερίαν,
3601 627 3748 682 σύν-

2133 735 2284 771 τονον
2325 721 2385 771 ἐν
2423 718 2772 790 ἀγρυπνίαις.
2811 719 3130 791 Ὑπεραίρει
3172 720 3280 792 γὰρ
3326 719 3461 773 πολὺ
3495 718 3592 773 καὶ
3629 718 3746 790 τὴν

2135 809 2389 882 ἀνδρείαν
2419 809 2580 880 φύσιν
2608 811 2642 880 ἡ
2674 809 2769 863 τοῦ
2801 809 2993 882 θήλεος
3027 811 3154 884 περὶ
3184 811 3245 864 τὸ
3270 811 3587 865 ὲνστατικὸν
3631 810 3743 864 τοῦ
3788 854 3799 877 ε

2135 900 2303 955 καλοῦ
2349 901 2442 955 καὶ
2486 902 2850 975 καρτερικόν·
2881 902 2977 956 xui.
3015 903 3116 956 οὐκ
3145 902 3212 957 ἄν
3256 918 3388 956 ποτε
3438 900 3738 971 ἐξισωθείη
3788 894 3803 917 ί

2133 992 2277 1065 ἀνὴρ
2319 994 2558 1061 γυναικὶ,
2593 993 2626 1064 ῆ
2664 994 2792 1064 περὶ
2820 993 2920 1065 τὴν
2951 994 3051 1065 τῆς
3079 994 3332 1064 νηστείας
3356 993 3453 1047 καὶ
3483 996 3585 1065 τῆς
3633 991 3739 1048 ἄλ-
3790 1038 3801 1053 .ν

2132 1083 2232 1155 λης
2258 1083 2457 1155 ἀρετῆς
2492 1082 2744 1153 ἄσκησιν,
2777 1083 2810 1154 ἢ
2840 1083 2902 1136 τὸ
2931 1084 2989 1137 ὲν
3016 1084 3248 1155 δάκρυσι
3281 1083 3522 1154 δαψιλὲς,
3574 1082 3609 1155 ἢ
3666 1082 3736 1136 τὸ

2133 1178 2191 1229 ὲν
2221 1179 2547 1247 προσευχαῖς
2577 1175 2883 1246 φιλόπονον,
2916 1175 2949 1245 ἢ
2995 1176 3057 1229 τὸ
3086 1177 3143 1229 ὲν
3176 1176 3442 1239 εὐποιίαις
3465 1174 3728 1243 ἄφθονον.

2134 1262 2286 1320 Εἶδον
2316 1266 2427 1335 ἐγὼ
2452 1267 2873 1339 γυναῖκαλλάθρα
2898 1267 2990 1321 τοῦ
3008 1267 3197 1339 ἀνδρὸς
3224 1267 3631 1338 ὑφαιρουμένην
3658 1268 3733 1323 τὰ

2132 1357 2232 1427 τῆς
2284 1356 2461 1422 οἰκίας
2510 1357 2762 1430 χρειώδη,
2816 1358 3021 1430 κλοπὴν
3072 1357 3361 1429 ἐπαινετὴν
3402 1359 3497 1412 xui.
3540 1376 3729 1431 σωτη-

2134 1448 2277 1520 ρίαν,
2306 1448 2401 1503 καὶ
2433 1448 2660 1519 πένησιν
2690 1449 2829 1502 αὐτά
2871 1452 2930 1503 ὲν
2956 1448 3034 1519 τῷ
3059 1448 3303 1521 λεληθότι
3328 1449 3722 1521 διανέμουσαν,
3808 1502 3809 1511 η

2133 1539 2227 1592 καὶ
2258 1538 2461 1594 ἄκοντα
2502 1541 2596 1594 καὶ
2637 1539 2935 1609 ἀγνοοῦντα
2977 1540 3069 1593 τόν
3119 1541 3287 1612 ἄνδρα
3332 1542 3424 1595 καὶ
3466 1542 3596 1606 τοὺς
3637 1545 3725 1597 ol-

2132 1630 2316 1695 κείους
2340 1631 2734 1704 εὐεργετοῦσαν
2754 1649 2767 1662 ·
2798 1634 2939 1704 ὑπὲρ
2972 1632 3083 1704 γὰρ
3110 1634 3345 1698 ἐκείνου,
3369 1635 3464 1688 xui.
3494 1635 3596 1706 τῆς
3622 1635 3725 1688 τοῦ

455 1710 606 1767 culte
646 1711 1086 1777 distribuentem,
1123 1710 1463 1779 invitumque
1484 1709 1659 1763 virum
1691 1724 1755 1764 ac
1789 1712 2029 1766 nescien-

2134 1725 2281 1777 οἴκου
2309 1724 2608 1795 αὐξήσεως,
2662 1725 2755 1779 καὶ
2796 1725 2897 1797 τῆς
2921 1725 3030 1780 τῶν
3060 1726 3263 1780 τέκνων
3302 1726 3564 1799 διαμονῆς
3591 1727 3727 1799 ἔδρα

461 1813 591 1869 tem,
617 1817 825 1859 necnon
858 1802 1183 1858 domesticos
1216 1802 1604 1857 demerentem.
1633 1800 1739 1857 Pro
1772 1802 1861 1856 illo
1880 1819 2032 1856 nam-

456 1908 568 1964 que
608 1880 933 1962 etfamiliae
970 1900 1284 1963 augmento,
1334 1894 1697 1961 natorumque
1740 1892 2031 1947 incolumi-

456 1993 576 2042 tate
612 1984 985 2040 beneﬁcentiae
1008 1999 1173 2054 opera
1206 1984 1525 2053 praestabat.

525 2096 618 2153 25.
659 2096 829 2154 Habet
867 2098 1053 2167 itaque
1097 2103 1156 2150 et
1212 2094 1440 2162 femina,
1490 2095 1628 2149 nihil
1672 2096 1790 2152 viro
1825 2098 2029 2164 minus,

455 2193 571 2241 tum
598 2186 742 2257 quod
776 2190 843 2242 ad
865 2188 1182 2259 imaginem,
1214 2196 1325 2241 tum
1356 2187 1498 2256 quod
1522 2189 1588 2241 ad
1615 2187 2029 2247 similitudinem

456 2285 542 2333 est
567 2293 583 2331 :
613 2278 831 2348 quando
862 2294 968 2333 non
1010 2279 1062 2334 in
1103 2277 1325 2332 homine
1357 2277 1447 2347 qui
1478 2277 1614 2333 foris
1657 2287 1831 2347 paret,
1865 2279 1915 2333 id
1950 2287 2036 2333 est

458 2366 513 2423 in
540 2382 790 2440 corpore,
822 2369 917 2424 sed
954 2370 1007 2424 in
1041 2368 1254 2423 interno
1278 2382 1343 2423 ac
1381 2369 1751 2439 principaliori
1779 2370 1893 2425 haec
1921 2378 2031 2424 tum

459 2460 850 2531 intelliguntur,
888 2470 1001 2516 tum
1033 2459 1328 2516 constituta
1378 2469 1504 2516 sunt
1546 2477 1611 2516 ac
1660 2462 1920 2518 resident.
1949 2462 2034 2519 ld-

458 2565 564 2621 que
596 2551 731 2606 adeo
759 2552 809 2605 in
842 2565 1008 2606 causa
1038 2559 1142 2616 est,
1169 2560 1228 2604 ut
1255 2558 1309 2605 et
1337 2565 1438 2606 nos
1460 2553 1526 2605 ad
1555 2563 1837 2622 utrosque,
1869 2555 2025 2623 quasi

457 2645 525 2697 ad
561 2657 745 2708 unum,
778 2656 1090 2696 sermonem
1126 2639 1495 2698 intendamus.
1532 2643 1661 2710 Ejus
1695 2657 1827 2698 vero
1873 2660 2034 2714 pror-

455 2748 550 2789 sus
576 2747 799 2803 compos
832 2730 1068 2787 eﬂiciere
1111 2732 1468 2800 benignitatis
1501 2733 1811 2802 stipendiis,
1858 2737 2033 2788 malo-

455 2840 578 2881 rum
610 2824 967 2890 sustinentia,
1000 2823 1421 2887 communionis,
1465 2823 1875 2893 impartitionis,
1913 2842 2031 2878 nino

454 2925 562 2972 tua!
609 2916 970 2986 fraternaeque
1014 2915 1291 2983 amicitiae,
1330 2915 1439 2971 odii
1474 2916 1739 2971 scelerum
1784 2931 1848 2973 ac
1873 2918 2031 2973 vitio-

458 3023 616 3073 rum;
657 3018 820 3078 atque
841 3009 944 3062 hoc
967 3007 1206 3074 demum,
1235 3008 1278 3062 si
1310 3006 1518 3078 peccati
1539 3005 1824 3062 libidinum
1858 3008 2032 3063 victor

454 3099 749 3154 exstiteris.
781 3096 917 3152 Hinc
947 3097 1092 3151 enim
1125 3097 1178 3152 in
1211 3112 1274 3151 ea
1300 3112 1420 3168 quae
1444 3097 1657 3152 ratione
1686 3108 1877 3153 carent
1902 3099 2031 3154 bru-

453 3197 645 3259 usque
672 3190 979 3244 animantes
1011 3189 1300 3259 imperium
1335 3188 1607 3258 provenit.

523 3283 615 3341 24.
656 3282 725 3337 Et
749 3284 991 3352 prierint,
1021 3283 1217 3352 inquit,
1258 3282 1458 3336 bestiis.
1488 3281 1653 3337 Forte
1683 3296 1813 3337 vero
1841 3297 1910 3337 an
1946 3282 2032 3338 di-

453 3387 574 3440 cas,
595 3373 925 3442 quibusnam
965 3372 1204 3426 futurum
1260 3382 1321 3425 ut
1364 3372 1577 3441 praesim
1607 3372 1814 3437 bestiis,
1851 3388 1916 3428 ac
1940 3373 2030 3428 ubi

454 3464 540 3519 hae
577 3461 708 3517 mihi
754 3461 990 3517 adsunt?
1018 3461 1217 3531 Utique
1262 3476 1392 3516 vero
1426 3461 1629 3527 nescis,
1671 3461 1874 3518 bestias
1912 3479 2033 3532 quae

453 3568 739 3609 umerum
791 3554 1060 3608 excedant
1105 3553 1315 3608 circum
1366 3563 1419 3609 te
1472 3568 1637 3619 esse,
1694 3554 2031 3624 multamque

453 3646 717 3717 ejusmodi
744 3645 955 3700 turbam
986 3645 1042 3698 in
1077 3653 1127 3700 te
1156 3645 1536 3711 circumferre,
1568 3660 1634 3698 ac
1660 3645 1711 3698 in
1740 3655 1791 3699 te
1821 3648 2028 3711 versari

454 3736 749 3794 continue?
783 3735 1030 3792 Parvane
1083 3737 1257 3792 bestia
1322 3737 1403 3791 ira
1456 3743 1511 3791 et
1576 3737 1750 3801 furor,
1804 3753 1925 3791 cum
1974 3739 2029 3793 in

452 3829 620 3886 corde
649 3828 907 3894 oblatrat,
937 3828 1196 3897 omnique
1216 3828 1369 3900 pejus
1402 3842 1541 3883 cane
1573 3830 1931 3884 exacerbatur
1967 3843 2031 3884 ac

453 3925 759 3982 exaestuat?
788 3924 952 3978 Dolus
1004 3931 1169 3993 atque
1212 3923 1383 3988 fraus,
1422 3938 1546 3978 cum
1594 3923 1647 3976 in
1680 3922 1864 3977 animo
1897 3922 2033 3977 deli~

455 4018 826 4086 tescit,atque
871 4014 1094 4069 insidias
1128 4015 1372 4082 instruit,
1410 4029 1594 4069 nonne
1643 4013 1815 4068 bestia
1867 4015 2030 4083 vulpe

372 4178 375 4181 _
455 4110 651 4165 satvior
690 4120 922 4174 ursaque
966 4105 1412 4160 incicurabilior?
1443 4105 1542 4171 Qui
1594 4115 1773 4158 autem
1801 4102 2027 4172 injuria-

454 4216 572 4255 rum
615 4198 949 4269 procacitate
990 4212 1231 4267 praeceps
1283 4210 1386 4263 εει,
1428 4211 1607 4250 nonne
1657 4198 1835 4266 palam
1872 4212 2028 4251 scor-

452 4292 701 4365 pius‘iAt
723 4293 811 4360 qui
841 4289 1146 4345 clanculum
1176 4304 1242 4342 ex
1278 4288 1490 4342 insidiis
1518 4287 1818 4351 ulciscitur,
1849 4302 2028 4341 nonne

2132 1815 2230 1888 τὴν
2259 1816 2507 1870 εὐποιίαν
2532 1837 2554 1853 ο

2201 2089 2291 2145 23.
2325 2089 2479 2161 Ἔχει
2503 2088 2680 2143 τοίνυν
2711 2087 2804 2142 xui
2827 2086 2889 2140 τὸ
2914 2087 3070 2158 θῆλυ,
3095 2088 3194 2158 οὐχ
3227 2083 3391 2162 ἦττον
3413 2086 3510 2142 τοῦ
3543 2089 3722 2163 ἀρρε-

2131 2197 2242 2245 νος,
2276 2180 2370 2233 καὶ
2398 2179 2457 2235 τὸ
2482 2180 2599 2234 κατ’
2631 2179 2835 2242 εἰκόνα,
2863 2178 3036 2233 καὶτὸ
3062 2180 3182 2233 καθ’
3207 2179 3465 2250 ὁμοίωσιν
3483 2194 3499 2210 ⁶
3529 2179 3724 2251 ἐπειδή

2136 2269 2211 2342 μὴ
2240 2271 2298 2323 ὲν
2331 2269 2409 2342 τῷ
2442 2268 2639 2337 ἔξωθεν
2671 2269 2978 2341 φαινομένῳ
3004 2268 3298 2341 ἀνθρώπῳ,
3330 2271 3448 2341 ἤτοι
3492 2269 3574 2342 τῷ
3612 2270 3726 2324 σώ-

2136 2382 2266 2435 ματι
2285 2406 2301 2430 ,
2335 2362 2450 2418 ἀλλ’
2492 2364 2550 2416 ὲν
2608 2361 2686 2433 τῷ
2728 2360 2929 2414 ἔσωθεν
2957 2361 3049 2414 xui
3074 2361 3393 2433 κυριωτέρῳ
3420 2361 3596 2417 ταῦτα
3622 2363 3725 2416 καὶ

2134 2457 2512 2529 ὲπιθεωρεῖται
2543 2456 2638 2510 xui
2679 2456 3089 2509 ὲπισυνίσταται
3112 2472 3128 2487 ·
3176 2455 3271 2509 xui.
3302 2454 3397 2509 διὰ
3434 2455 3594 2511 τοῦτο
3623 2456 3724 2510 καὶ

2133 2550 2327 2621 ἡμεῖς,
2362 2548 2438 2612 ὡς
2483 2548 2618 2619 πρὸς
2662 2546 2793 2610 ἕνα,
2841 2547 2976 2618 πρὸς
3023 2545 3364 2618 ἀμφοτέρους
3414 2545 3720 2619 ποιούμεθα

2129 2641 2231 2712 τὴν
2268 2639 2521 2705 διάλεξιν.
2574 2639 2745 2693 Τοῦτο
2784 2641 2841 2695 δὲ
2878 2640 3162 2711 περιέσται
3209 2657 3293 2694 σοι
3339 2640 3581 2704 πάντως,
3628 2639 3719 2694 διά

2132 2734 2231 2805 τῆς
2280 2735 2664 2806 χρηστότητος,
2708 2735 2809 2807 τῆς
2858 2733 3228 2800 ἀνεξικακίας,
3269 2735 3369 2807 τῆς
3408 2735 3715 2799 κοινωνίας.

2132 2825 2233 2897 τῆς
2260 2826 2622 2897 μεταδόσεως,
2650 2828 2751 2898 τῆς
2796 2825 3165 2896 φιλαλληλίας,
3216 2820 3314 2899 τῆς
3341 2825 3714 2897 φιλαδελφίας,

2132 2917 2232 2989 τῆς
2277 2920 2687 2992 μισοπονηρίας,
2739 2921 2832 2974 καὶ
2878 2919 2969 2973 τοῦ
3013 2923 3233 2992 κρατεῖν
3260 2918 3371 2975 τῶν
3404 2919 3591 2974 παθῶν
3616 2921 3717 2990 τῆς

2133 3011 2407 3082 ἁμαρτίας
2430 3028 2444 3041 ο
2491 3011 2737 3067 ἐντεῦθεν
2786 3012 2896 3084 γὰρ
2950 3011 3235 3067 ἀκολουθεῖ
3272 3011 3367 3067 καὶ
3411 3013 3471 3067 τὸ
3524 3013 3717 3086 ἄρχειν

2132 3104 2241 3159 τῶν
2277 3105 2509 3175 ἀλόγων.

2200 3284 2292 3338 ει.
2336 3283 2448 3338 Καὶ
2487 3283 2837 3361 ἁρχέτωσαν
2859 3324 2874 3349 ,
2916 3284 3108 3354 φησὶν,
3146 3283 3266 3338 τῶν
3284 3284 3523 3352 θηριων.
3561 3285 3719 3357 Τάχζι

2131 3371 2224 3429 οὖν
2267 3377 2440 3448 ἐρεῖς⁹
2484 3376 2595 3429 Καὶ
2642 3377 2811 3429 ποίων
2865 3375 3047 3446 μέλλω
3092 3374 3297 3447 θηρίων
3340 3376 3567 3447 ἄρχειν;
3622 3374 3723 3433 xu‘.

2133 3465 2236 3518 ποῦ
2270 3483 2359 3537 μοι
2395 3464 2566 3518 ταῦτα
2588 3465 2870 3537 πάρεισιν;
2913 3465 3149 3534 Ἀγνοεῖς
3176 3465 3234 3518 δὲ
3259 3465 3402 3535 ἄρα,
3430 3466 3511 3519 ὅτι
3545 3466 3722 3536 μυρία

2133 3555 2297 3627 θηρία
2329 3558 2457 3627 περ)⁵
2490 3557 2570 3620 σὲ,
2600 3558 2694 3611 καὶ
2734 3557 2901 3611 πολὺν
2931 3556 3168 3611 τοιοῦτον
3209 3555 3364 3627 ὄχλον
3407 3557 3466 3611 ἐν
3500 3558 3721 3629 σεαυτῷ

2133 3649 2468 3720 περιφέρεις,
2514 3651 2607 3703 xui.
2648 3651 2798 3712 ὲντός
2848 3666 2941 3701 σου
2975 3630 3241 3720 διατρίϐει
3276 3647 3572 3720 διηνεκῶς;
3607 3650 3719 3703 Μι-

2132 3739 2263 3810 κρὸν
2303 3739 2490 3809 θηρίον
2521 3738 2666 3791 ἐστίν
2689 3740 2718 3791 ὁ
2751 3737 2951 3810 θυμὸς,
2980 3738 3141 3791 ὁπότε
3169 3736 3392 3790 ὑλακτεῖ
3422 3740 3487 3809 τῇ
3514 3737 3719 3810 καρδίᾳ

2131 3831 2228 3884 καὶ
2275 3833 2453 3901 χεῖρον
2492 3832 2692 3894 παντὸς
2734 3832 2895 3895 κυνὸς
2945 3831 3319 3902 ἀγριαίνεται;
3368 3831 3397 3883 ό
3442 3830 3592 3895 δόλος
3629 3831 3714 3896 δὲ,

2132 3917 2261 3970 ὅταν
2291 3919 2357 3987 τῇ
2386 3916 2532 3988 ψυχῇ
2562 3918 2888 3987 ὲμφωλεύει,
2925 3920 3020 3972 καὶ
3046 3918 3145 3981 τὰς
3178 3912 3473 3982 ἐπιϐουλὰς
3502 3936 3715 3991 καταρ-

2131 4008 2252 4080 τύῃ,
2274 4009 2335 4061 οὑ
2365 4007 2551 4080 θηρίον
2572 4010 2854 4073 ἀλώπεκος
2876 4009 3211 4082 ἀγριώτερον
3241 4011 3334 4066 καὶ
3358 4011 3559 4083 ἄρκτου
3581 4010 3717 4065 δυσς

2132 4098 2532 4169 ημερὲστερονς
2562 4102 2590 4152 ό
2625 4100 2681 4152 δὲ
2745 4099 2864 4165 ὀξὺς
2905 4103 2984 4165 είς
3027 4100 3204 4173 ὓϐριν,
3237 4102 3298 4154 οὐ
3331 4101 3590 4173 σκορπίος
3615 4102 3713 4156 ἀνα

2129 4208 2322 4262 τικρυς
2347 4208 2361 4258 ;
2400 4194 2428 4245 ό
2469 4193 2525 4245 δὲ
2551 4193 2723 4266 λάθρα
2764 4195 3104 4266 ἀμυνόμενος
3125 4233 3139 4258 ,
3168 4194 3268 4249 οὐκ
3297 4195 3511 4266 ἐχίδνης
3542 4196 3711 4265 χαλε-

2131 4281 2405 4355 πώτεροςς
2430 4286 2589 4338 Ποῖον
2614 4285 2801 4355 θηρίον
2828 4287 2927 4339 οὐκ
2948 4287 3092 4340 ἔνδον
3130 4287 3221 4341 καὶ
3251 4288 3308 4340 ἐν
3338 4290 3550 4352 ἑαυτοῖς
3575 4288 3711 4341 ὑπο-

455 4383 639 4453 vipera
674 4382 916 4436 trucior?
949 4381 1249 4448 Quamnam
1299 4381 1523 4434 bestiam
1556 4381 1702 4433 intus
1740 4379 1943 4444 animo,
1973 4389 2028 4432 et

2134 4376 2420 4447 τρέφομεν,
2464 4378 2587 4430 ἐπεὶ
2632 4378 2725 4431 καὶ
2758 4378 2786 4430 ὁ
2838 4377 3171 4451 θηλυμανὴς,
3206 4380 3371 4444 ἵππος
3398 4380 3545 4434 ἐστιν
3586 4382 3711 4435 ὲπι-
3752 4388 3763 4401 ‘

453 4473 507 4527 in
546 4473 705 4528 nobis
748 4472 849 4542 ipsi
903 4488 1008 4526 non
1040 4472 1257 4536 alimus,
1286 4471 1505 4540 quando
1543 4470 1706 4523 etiam
1735 4471 1828 4539 qui
1856 4480 1910 4524 ct
1940 4470 2021 4525 fe-

453 4564 721 4618 minarum
762 4563 983 4618 libidine
1022 4572 1277 4631 :estuant,
1307 4562 1430 4629 equi
1464 4570 1591 4616 sunt
1638 4560 2017 4615 insanientes?

452 4658 593 4729 Equi
622 4658 781 4723 enim,
818 4657 1011 4725 inquit,
1046 4656 1275 4726 [urentes
1319 4656 1374 4708 in
1410 4655 1630 4724 feminas
1677 4652 1806 4721 facti
1856 4649 2024 4706 sunt:

451 4748 805 4818 unusquisque
833 4747 902 4800 ad
921 4762 1136 4800 uxorem
1170 4746 1400 4811 proximi
1428 4746 1511 4799 sui
1546 4745 1850 4798 hinniebant
1873 4745 1936 4796 ³⁵.
1966 4744 2023 4798 lu

451 4841 737 4896 brutarum
771 4853 1006 4908 namque
1036 4837 1395 4892 animantium
1429 4837 1662 4891 indolem
1694 4851 2027 4904 censumque

450 4930 617 5003 336
641 4943 762 4984 sese
795 4929 918 4998 quis
951 4928 1250 4993 transtulit,
1279 4942 1385 4998 qua
1408 4943 1467 4982 se
1486 4927 1696 4981 lidibini
1721 4940 1883 4995 atque
1900 4927 2029 4980 vitio

452 5022 854 5078 necessitudine
894 5020 1153 5076 devinxit.
1193 5019 1373 5074 Multae
1416 5020 1602 5089 itaque
1629 5029 1753 5074 sunt
1786 5019 1838 5072 in
1873 5019 2029 5073 nobis

452 5116 662 5184 bestiae,
688 5115 887 5185 quibus
913 5115 1122 5169 enitere
1147 5119 1207 5166 ut
1231 5111 1459 5182 imperio
1487 5111 1698 5180 praesis.
1724 5110 1780 5163 Si
1806 5109 2026 5178 quidem

454 5207 521 5263 iis
543 5223 665 5278 quae
691 5206 826 5261 loris
852 5213 979 5260 sunt
1007 5204 1221 5275 praesis,
1263 5218 1383 5272 quae
1417 5215 1548 5255 vero
1579 5201 1724 5253 intus
1764 5209 1894 5252 sunt
1928 5200 2030 5251 im-

453 5301 607 5369 perio
639 5281 858 5365 liberas,
890 5298 944 5354 id
982 5308 1086 5364 est,
1112 5311 1223 5353 non
1274 5296 1632 5364 mancipatas,
1672 5292 2030 5361 subditasque

454 5374 766 5458 reliqueris,
795 5406 962 5463 pensa
988 5391 1173 5445 animo
1208 5386 1336 5458 quid
1358 5387 1706 5442 cernentibus
1732 5383 2024 5451 videberis,

455 5486 544 5552 qui
573 5483 745 5538 leonis
777 5484 994 5554 quidem
1031 5491 1193 5541 mutae
1226 5480 1518 5538 animantis
1559 5478 1735 5536 victor
1762 5476 2023 5547 exsistas,

523 5672 570 5704 “
595 5671 789 5728 Jerem.
822 5689 871 5742 v,
902 5671 955 5727 8.

2135 4469 2453 4539 μαινόμενος
2468 4486 2483 4534 ;
2500 4470 2700 4524 Ἵπποι
2717 4469 2845 4538 γὰρ,
2870 4470 3002 4541 φησὶ
3016 4508 3031 4532 ,
3049 4471 3412 4541 θηλυμανεῖς
3421 4470 3709 4542 ἐγενήθη.

2128 4576 2252 4615 σαν
2266 4578 2279 4590 ο
2311 4560 2567 4627 ἕκαστος
2583 4562 2681 4616 ἐπὶ
2699 4561 2815 4632 τὴν
2828 4565 3082 4633 γυναῖκα
3101 4562 3208 4617 τοῦ
3222 4564 3490 4633 πλησίον
3513 4564 3707 4619 αὐτοῦ

2120 4650 2465 4721 ἐχρεμέτιζε.
2494 4650 2773 4723 Μετὲθηκε
2800 4652 2909 4724 γὰρ
2933 4653 3122 4707 ἑαυτὸν
3138 4655 3231 4709 ἐπὶ
3245 4654 3343 4726 τὴν
3369 4652 3476 4707 τῶν
3492 4653 3707 4722 ἀλόγων

2123 4741 2307 4810 φύσιν,
2349 4744 2437 4797 διὰ
2479 4745 2542 4798 τὸ
2568 4744 2740 4808 πάθος
2788 4737 2832 4812 ᾧ
2871 4745 3284 4817 προσῳκειώθη.
3320 4744 3500 4801 Πολλά
3522 4746 3707 4800 τοίνυν

2124 4833 2288 4906 θηρία
2320 4834 2376 4888 ἐν
2403 4835 2556 4906 ἡμῖν,
2591 4827 2665 4887 ὧν
2697 4834 2964 4904 ἀγωνίζου
2988 4835 3195 4907 ἄρχειν.
3231 4837 3293 4888 ΕΞ
3326 4834 3436 4907 γὰρ
3467 4834 3707 4902 τῶνὲξω

2129 4928 2226 4995 μὲν
2264 4925 2449 4997 ἄρχεις
2487 4925 2689 4997 θηρίων
2714 4964 2730 4990 ,
2770 4926 2838 4979 τὰ
2864 4926 2919 4981 δὲ
2952 4925 3100 4980 ἔνδον
3133 4925 3496 4991 ἀϐασίλευτα,
3524 4925 3704 4980 είτουν

2128 5019 2474 5071 ἀνυπότακτα
2509 5016 2873 5087 καταλείψεις,
2923 5017 3137 5079 σκόπει,
3186 5017 3239 5069 τί
3282 5019 3396 5081 τοῖς
3438 5016 3609 5087 ὁρῶσί
3640 5034 3703 5070 σε

2127 5108 2320 5173 δόξεις,
2362 5108 2574 5172 λέοντος
2615 5109 2712 5179 μὲν
2742 5109 2938 5179 ἀλόγου
2981 5107 3120 5174 ζώου
3162 5108 3380 5180 κρατῶν
3407 5108 3501 5162 καὶ
3527 5125 3702 5163 κατα-

2128 5201 2339 5273 φρονῶν
2393 5200 2558 5255 αὑτοῦ
2610 5200 2705 5254 τοῦ
2753 5201 3120 5277 βρυχήματος,
3175 5199 3268 5254 τοῦ
3316 5200 3373 5253 δὲ
3424 5201 3553 5271 περὶ
3601 5200 3702 5271 τὴν

2126 5292 2350 5347 καρδίαν
2382 5291 2553 5360 θυμοῦ
2582 5290 2891 5364 ἡττώμενος
2911 5310 2926 5323 ο
2961 5293 3055 5346 καὶ
3082 5291 3255 5364 πρίων
3283 5291 3381 5363 μὲν
3400 5291 3526 5354 τοὺς
3550 5291 3666 5345 όδόν
3690 5320 3700 5329 ~

2123 5402 2253 5449 τας,
2286 5384 2468 5455 φωνὴν
2517 5386 2574 5437 δὲ
2605 5383 2871 5457 ἄναρθρον
2905 5383 3196 5450 πολλάκις,
3242 5382 3345 5437 ὑπὸ
3381 5382 3481 5453 τῆς
3527 5399 3699 5438 κατα-

2123 5476 2359 5549 σχούσης
2403 5475 2618 5548 μανίας,
2664 5475 2840 5546 ἀφιείς
2860 5492 2888 5546 3
2910 5476 3070 5548 τυχὸν
3093 5475 3151 5530 δὲ
3176 5475 3269 5531 xui
3299 5478 3484 5547 χεῖρας
3516 5472 3695 5529 ἐκτεί-
