3838 6214
105 214 165 269 37
1090 209 1179 264 DE
1218 206 1504 268 H05!!le
1537 210 1972 272 STRUCTURA
1999 215 2265 273 ORATIO
2307 216 2369 272 ll.
3314 219 3387 276 38

105 343 202 380 νων
222 326 300 389 εἰς
324 324 426 397 τὴν
466 320 564 379 τοῦ
593 323 945 395 παρεστῶτος
967 324 1202 396 ἄμυναν.
1230 322 1378 400 *Αρα
1409 329 1470 382 ού
1496 329 1693 391 παντὸς

1802 329 1896 385 irae
1926 347 2054 386 vero
2083 334 2450 399 succumbas;
2481 348 2546 388 ac
2579 333 2796 404 quidem
2841 335 3078 392 strideas
3103 335 3387 409 dentibus,

106 415 400 488 ἀρχομένου
431 415 553 486 μὲν,
588 414 938 479 εύεκτοῦντος
961 415 1042 478 δὲ,
1078 415 1411 490 ἀθλιώτερος
1442 418 1695 472 ἐντεῦθεν

107 508 194 560 καὶ
226 507 795 580 καταγελαστότερος,
832 507 914 560 ὅτι
953 508 1110 579 ἄρχει
1165 510 1369 580 μᾶλλον
1418 511 1512 564 σοῦ
1541 513 1569 565 6
1603 511 1703 564 θυ-

109 598 230 670 μὸς,
288 599 384 653 τὸν
437 599 695 670 λογισμὸν
753 599 1190 670 παρωσάμενος,
1241 603 1337 655 καὶ
1393 603 1492 674 τὴν
1540 603 1702 656 δυνα-

109 689 281 742 στείαν
321 689 424 760 τῆς
462 689 643 761 ψυχῆς
693 688 1050 761 παραλαϐὼν,
1088 690 1213 759 ἄγει
1265 709 1324 744 σε
1371 692 1505 747 ὅπου
1547 692 1701 763 τύχοι

109 782 194 835 ica
229 782 324 835 καὶ
361 781 607 853 δέσμιον,
651 782 710 836 ὃν
743 782 987 852 ἄρχοντα
1031 783 1251 838 πάντων
1299 785 1635 856 κατέστησεν
1673 788 1702 839 ὁ

96 872 232 937 ’Θεός
253 889 269 939 ;

1800 438 1901 478 nec
1932 440 2056 480 raro
2097 427 2409 494 impeditam
2441 441 2629 482 vocem
2678 436 2733 482 et
2776 428 3147 484 indistinctam
3199 429 3390 491 furore

1799 529 2086 586 correptus
2113 519 2364 586 emittas;
2402 519 2513 574 fors
2540 528 2718 575 autem
2753 521 2918 576 etiam
2962 539 3156 580 manus
3185 527 3250 580 ad
3294 526 3378 578 ul-

1801 609 2000 659 tionem
2048 607 2172 676 ejus
2220 610 2312 677 qui
2359 618 2536 664 state
2578 610 2757 664 vicino
2807 612 3090 666 extendas.
3126 611 3386 684 Nunquid

1799 710 1905 748 non
1935 697 2126 765 quovis
2161 697 2398 763 subdito,
2439 698 2526 753 cui
2579 714 2713 774 sane
2751 700 2855 754 rite
2899 701 3136 756 habeam
3185 703 3385 762 mean

1800 786 2058 852 rationes,
2119 789 2244 844 inde
2295 789 2662 845 miserabilior
2718 807 2778 847 es
2827 808 2891 848 ac
2942 793 3378 863 deridiculosior,

1797 879 1940 945 quod
1978 879 2056 932 ira
2099 881 2274 950 magis
2325 881 2553 950 imperio
2593 885 2810 950 premit,
2856 884 3106 940 sumeta
3141 886 3374 951 ratione,

107 977 423 1039 arreptoque
449 969 617 1024 animi
646 968 950 1034 dominatu,
983 983 1049 1025 ac
1088 967 1245 1038 quasi
1289 969 1530 1024 vinctum
1557 984 1667 1040 quo
1706 968 1925 1026 libuerit
1957 974 2147 1040 trahit,
2175 977 2263 1030 cui
2328 975 2470 1030 Deus
2537 977 2916 1032 universorum
2984 982 3255 1037 concessit
3281 982 3382 1036 im-

105 1065 345 1137 perium?

167 1159 256 1214 25.
320 1157 483 1212 Ἀλλά
540 1157 607 1211 σὺ
663 1157 762 1229 μὲν
826 1156 1066 1228 φύλαττε
1119 1157 1182 1212 τὸ
1240 1156 1394 1212 δοθὲν
1445 1155 1692 1229 ἀξίωμα·

104 1253 279 1325 ἄρχων
309 1250 589 1321 ἐκτίσθης,
616 1250 801 1322 ἄρχων
840 1250 1052 1305 παθῶν.
1088 1251 1259 1322 Ἀρχε
1294 1248 1522 1322 θηρίων,
1559 1251 1695 1322 ἆρχε

100 1341 365 1414 ἑρπετῶν,
399 1342 536 1413 ἄρχε
565 1341 850 1395 πετεινῶν.
885 1343 978 1413 Μὴ
1010 1342 1344 1414 μετεωρίζου
1393 1345 1508 1406 τοῖς
1551 1342 1698 1412 λογι-

104 1436 276 1504 σμοῖς,
306 1433 381 1504 μὴ
411 1430 613 1500 κοῦφος
639 1431 731 1485 ἔσο
766 1433 834 1503 τῇ
859 1432 1068 1504 διανοίᾳ
1096 1433 1190 1486 καὶ
1212 1433 1442 1495 ἀστατος
1459 1449 1474 1462 ·
1506 1433 1695 1504 ἄρχειν

102 1529 203 1600 γάρ
245 1525 474 1599 ἐκρίθης
516 1524 760 1596 πτηνῶν,
808 1524 908 1594 οὐχ
935 1525 1256 1597 ὁμοιοῦσθαι
1302 1527 1549 1596 πτηνοῖς.
1597 1525 1690 1595 Μὴ

97 1613 188 1671 οὖν
243 1615 522 1685 τυφωθῇς.
563 1614 653 1694 μὴ,
687 1613 1030 1685 ὑπεραρθῇςν
1085 1614 1160 1686 μὴ
1199 1614 1372 1686 μείζω
1414 1617 1692 1687 φρονήσῃς

102 1709 194 1782 τῆς
221 1706 572 1778 ἀνθρωπίνης
617 1705 712 1760 καὶ
743 1706 941 1778 γηίνης
979 1707 1228 1774 φύσεως*
1271 1707 1346 1779 μὴ
1392 1707 1692 1779 ὑπερφυσῶ

100 1798 508 1870 ἐπαινούμενος,
547 1796 622 1869 μὴ
673 1797 862 1862 δόξαζε
917 1799 1165 1864 σεαυτὸν,
1221 1799 1356 1872 μηδὲ
1420 1799 1690 1870 μεγάλυνε

95 1892 162 1944 τὰ
198 1889 287 1953 σὰ,
333 1890 423 1943 ἴνα
469 1889 544 1960 μὴ
575 1886 716 1958 μετά
747 1887 857 1940 τῶν
905 1887 1124 1958 πτηνῶν
1156 1888 1448 1961 λογισθῇς,
1493 1890 1691 1962 ἐπίσης

98 1983 324 2046 ἐκείνοις
378 1983 763 2050 ἐπαιρόμενος,
810 1981 906 2033 καὶ¹
947 1979 1074 2052 τῇδε
1117 1981 1342 2035 κάκεῖσε
1378 1985 1444 2054 τῇ
1489 1985 1688 2070 πτήσει

97 2073 547 2145 περιφερόμενος.
577 2073 748 2142 Ἀρχε
774 2069 884 2124 τῶν
913 2072 971 2125 ἐν
1001 2071 1083 2124 σοὶ
1111 2071 1409 2142 λογισμῶν,
1442 2072 1529 2124 ἵνα
1555 2069 1690 2144 γένη

95 2166 276 2237 ἄρχων
291 2163 403 2218 τῶν
425 2163 596 2217 όντων
627 2163 845 2217 πάντων
865 2179 879 2194 ·
903 2161 1079 2226 οὕτως
1103 2165 1136 2235 ὴ
1161 2163 1303 2218 κατά
1319 2163 1426 2216 τῶν
1445 2163 1600 2229 ζώων
1616 2163 1696 2216 δε.

92 2256 297 2327 δομένη
325 2254 472 2326 ἀρχὴ
495 2252 750 2324 ῥυθμίζει
787 2254 937 2324 ἡμᾶς
963 2253 1099 2324 πρὸς
1123 2254 1184 2308 τὸ
1207 2253 1366 2326 ἡμῶν
1393 2255 1575 2309 αὐτῶν
1597 2255 1696 2327 ἄρ-

91 2365 228 2420 χειν.
274 2349 514 2400 ’Λτοπον
553 2345 662 2417 γάρ
709 2346 826 2399 ἐστι
861 2345 1275 2418 βασιλευόμενον
1301 2349 1474 2411 οῖκοι,
1525 2348 1695 2402 ἐθνῶν

91 2439 288 2512 ἄρχειν
308 2456 323 2470 ο
361 2439 459 2493 καὶ
490 2439 594 2491 ὑπὸ
627 2438 819 2511 ἑτέρας
849 2437 1217 2510 κρατούμενον
1267 2441 1396 2492 εῖσω
1427 2438 1691 2504 ἐξουσίας,

91 2531 331 2604 δημοσία
365 2531 574 2599 πόλεως
605 2527 744 2584 εἶναι
780 2531 1115 2602 προστάτην.
1149 2533 1270 2604 Χρὴ
1315 2532 1371 2584 δὲ
1414 2531 1483 2586 τὰ
1518 2535 1694 2587 οἰκεῖα

92 2624 309 2697 πρῶτον
362 2622 546 2686 καλῶς
589 2621 947 2693 διαθέμενον,
1009 2624 1102 2676 καὶ
1145 2623 1215 2676 τὰ
1261 2621 1410 2677 ἔνδον
1467 2622 1694 2695 εὐταξία

90 2719 468 2789 κοσμήσαντα,
501 2715 644 2769 οὕτω
673 2715 782 2768 τῶν
821 2716 980 2778 ἐκτὸς
1010 2715 1106 2769 καὶ
1151 2715 1376 2768 ὀθνείων
1408 2715 1695 2787 προσλαμ-

89 2810 272 2864 ϐάνειν
297 2810 401 2881 τὴν
430 2806 757 2862 ἐπιστασίαν
787 2824 802 2838 ⁸
841 2808 968 2860 ἐπεὶ
1009 2809 1512 2879 περιστραφήσεται
1543 2810 1696 2881 παρά

1871 1153 1968 1209 25.
1996 1153 2310 1218 Enimvero,
2336 1163 2391 1208 tu
2419 1154 2637 1224 quidem
2672 1171 2831 1210 serva
2862 1172 3175 1214 concessam
3201 1158 3381 1230 digni-

1799 1254 1988 1300 tatem.
2024 1244 2288 1316 Princeps
2310 1257 2527 1301 creatus
2550 1262 2644 1309 cs;
2673 1249 2764 1316 qui
2801 1249 2947 1304 vitiis
2978 1250 3207 1318 imperio
3236 1265 3379 1320 pra-

1795 1339 1875 1394 sis
1897 1353 1960 1393 ac
1984 1337 2289 1393 aﬂ'ectibus.
2328 1337 2457 1392 Esto
2481 1339 2692 1404 bestiis,
2730 1349 2847 1396 esto
2874 1342 3240 1410 serpentibus,
3261 1353 3381 1399 esto

1797 1430 2104 1486 volatilibus
2154 1445 2376 1500 praeses.
2431 1431 2550 1486 Noli
2598 1434 2782 1487 animo
2826 1435 3033 1488 extolli.
3086 1434 3206 1488 Noli
3260 1451 3383 1491 esse

1799 1532 1984 1576 mente
2030 1522 2164 1576 levis
2209 1538 2274 1576 ac
2321 1523 2614 1578 instabilis.
2658 1523 3026 1578 Constitutum
3070 1525 3166 1579 tibi
3202 1536 3287 1580 est
3325 1535 3384 1582 ut

1797 1614 1985 1683 prtesis
2041 1613 2375 1678 volucribus,
2423 1629 2528 1668 non
2585 1627 2641 1668 ιιι
2689 1616 3006 1672 volucribus
3056 1617 3254 1672 similis
3281 1619 3379 1674 sis.

1793 1701 1912 1756 Noli
1953 1703 2136 1772 itaque
2170 1705 2422 1771 superbia
2471 1705 2668 1770 inﬂari,
2715 1707 2822 1762 noli
2865 1709 3031 1764 altius
3078 1709 3283 1776 efferri,
3313 1725 3384 1766 ne

1795 1809 1956 1863 quam
1993 1809 2090 1863 pro
2116 1798 2347 1848 humana
2388 1804 2714 1867 terrenaque
2759 1799 2939 1855 indole
2971 1800 3143 1870 majus
3176 1803 3380 1873 sapias.

1792 1884 1870 1940 Ne
1903 1895 2057 1940 extra
2111 1889 2329 1940 modum
2385 1885 2527 1942 fastu
2565 1898 2774 1944 tumeas
2821 1893 3074 1948 laudibus
3123 1896 3381 1964 acceptis.

1801 1977 1922 2031 Noli
1967 1977 2194 2045 teipsum
2229 1976 2472 2042 laudare,
2503 1994 2614 2032 nec-
2636 1982 2924 2050 magnifice
2953 1995 3040 2037 tua
3064 1982 3278 2051 eﬂ'erre,
3314 2000 3383 2042 ne

1795 2080 1916 2119 cum
1964 2067 2278 2120 volucribus
2311 2070 2670 2136 computeris,
2703 2073 2796 2140 qui
2843 2074 2960 2142 pari
3013 2074 3119 2128 illis
3162 2077 3379 2132 ratione

1795 2158 2086 2224 attollaris,
2115 2168 2279 2228 atque
2308 2161 2414 2216 huc
2455 2177 2520 2217 ac
2551 2162 2679 2218 illuc
2724 2164 2906 2220 volatu
2949 2166 3382 2223 circumferaris.

1795 2248 1927 2305 Tuis
1977 2251 2092 2319 ipse
2159 2253 2348 2321 prtesis
2404 2255 2733 2321 rationibus,
2795 2267 2855 2310 ut
2910 2273 3086 2312 rerum
3137 2259 3381 2313 omnium

1795 2357 1996 2414 praeses
2034 2343 2306 2398 emciaris.
2351 2342 2488 2398 Eum
2538 2345 2592 2399 in
2642 2348 2859 2401 modum
2910 2363 3174 2403 concessa
3225 2350 3383 2404 nobis

1795 2432 2060 2488 adversus
2099 2443 2280 2489 mutas
2307 2437 2612 2490 animantes
2643 2437 2852 2504 imperii
2878 2439 2980 2503 vis,
3018 2451 3076 2492 ut
3106 2454 3206 2493 nos
3236 2442 3383 2508 ipsos

1802 2525 2034 2594 imperio
2069 2541 2322 2596 regamus
2354 2528 2652 2596 componit.
2679 2529 2987 2584 Absurdum
3019 2545 3252 2599 namque
3275 2541 3382 2595 est,

1797 2628 1856 2671 ut
1889 2618 1980 2687 qui
2031 2633 2196 2688 penes
2247 2619 2485 2686 seipsum
2535 2623 2761 2689 imperio
2807 2632 3102 2691 prematur,
3131 2625 3384 2693 gentibus

1799 2707 2028 2778 imperio
2061 2710 2285 2779 praesit;
2319 2711 2520 2780 quique
2556 2713 2701 2766 intus
2728 2715 2910 2767 animo
2937 2715 3092 2768 alteri
3122 2715 3194 2770 sit
3225 2729 3381 2770 man-

1798 2801 2013 2868 cipatus
2070 2803 2350 2871 potentiae,
2417 2802 2632 2868 publice
2680 2804 2799 2858 urbi
2854 2815 3138 2873 patronum
3201 2819 3380 2876 agere.

88 2902 192 2956 τῶν
241 2899 570 2972 ἀρχομένων
620 2900 648 2951 6
699 2898 856 2968 λόγος
876 2941 890 2961 ,
941 2900 1025 2952 ὅτι
1069 2899 1280 2967 Ἰατρὲ,
1319 2899 1693 2967 θεράπευσον

1803 2891 1975 2945 Ροιϊο
2009 2907 2188 2960 operae
2222 2892 2452 2961 pretium
2481 2904 2563 2946 est
2587 2901 2646 2946 ut
2674 2894 2740 2947 de
2765 2893 2879 2947 suis
2915 2895 3150 2963 primum
3181 2896 3386 2964 optime

85 2995 372 3048 σεαυτόν.
413 2991 616 3046 Λοιπὸν
663 2992 893 3056 ἑαυτοὺς
920 2990 1255 3063 θεραπεῦσαι
1289 2991 1504 3062 πρῶτον
1539 3009 1696 3045 σπου-

82 3086 360 3156 δάσωμεν.
395 3082 586 3147 Οὐδεὶς
630 3085 739 3154 γὰρ
782 3084 865 3136 ὅτι
912 3084 987 3154 μὴ
1051 3083 1289 3154 ἐθήρασε
1336 3083 1528 3136 λέοντα
1567 3101 1693 3137 κατ-

86 3173 353 3246 εμέμφθη
403 3173 578 3227 ποτέ·
629 3176 679 3227 εἰ
728 3173 785 3228 δὲ
829 3173 904 3245 μὴ
949 3173 1222 3244 ἐκράτησε
1267 3173 1360 3230 τοῦ
1391 3172 1585 3245 θυμοῦ,
1617 3176 1696 3228 ἐν·

82 3262 329 3335 επαίχθη
359 3261 512 3333 παρά
537 3261 740 3327 παντός
759 3281 772 3293 ·
800 3263 876 3326 ὡς
901 3265 929 3316 ό
967 3262 1066 3334 μὲν
1104 3263 1180 3335 μὴ
1211 3263 1458 3334 δυνηθεὶς
1482 3264 1690 3335 ἀγρίων

84 3355 472 3428 περιγενέσθαι
505 3354 733 3426 θηρίων,
763 3354 916 3408 οὔπω
947 3355 1209 3426 μέμψεως
1237 3355 1386 3421 ἄξιος
1411 3373 1423 3385 ’
1457 3359 1485 3410 ό
1514 3356 1571 3410 δὲ
1595 3355 1688 3409 τοῦ

81 3447 432 3520 ἐνοχλοῦντος
483 3446 690 3512 πάθους
735 3449 1008 3520 κρατῆσαι
1042 3447 1358 3520 ἡτονηκὼς,
1399 3449 1503 3502 ὑπὸ
1532 3449 1693 3503 κατά·

81 3556 289 3608 γνωσιν
313 3540 563 3604 πάντως·
605 3540 739 3593 διότι
767 3542 946 3592 ἐκεῖνο
980 3540 1082 3610 μὲν
1113 3540 1174 3592 οὐ
1206 3541 1576 3612 συμϐάλλεται
1614 3541 1693 3612 τῷ

79 3631 180 3702 τῆς
225 3630 455 3702 λογικῆς
489 3631 772 3698 ἀξιωθέντι
824 3634 1024 3702 ἀρχῆς,
1086 3630 1246 3685 τοῦτο
1291 3633 1349 3686 δὲ
1395 3633 1692 3703 ἀναγκαῖον

80 3725 175 3777 καὶ
203 3724 582 3794 ὀφειλόμενον.
627 3723 686 3774 '0
729 3723 785 3775 δὲ
814 3723 1177 3793 οἰκονομήσας
1205 3721 1383 3776 ταῦτα
1412 3724 1690 3794 γραφῆναι

79 3817 313 3888 Κύριος,
343 3817 372 3869 ὁ
399 3815 495 3869 καὶ
523 3816 623 3887 τὴν
654 3814 858 3887 μικράν
885 3814 1042 3886 ἡμῶν
1075 3816 1169 3868 καὶ
1196 3813 1398 3886 ἀσθενῆ
1435 3815 1692 3884 γλῶσσαν

80 3905 524 3979 παρασκευάσας
557 3905 722 3977 μέχρι
775 3906 1030 3959 τοσούτου
1074 3907 1202 3977 ὑμῖν
1233 3906 1513 3977 ὁμιλῆσαι,
1543 3910 1572 3962 ὁ
1602 3908 1690 3962 διὰ

77 3998 180 4067 τῆς
214 3995 480 4059 ἀσθενοῦς
515 3995 672 4066 ἡμῶν
717 3996 953 4061 διανοίας
1004 3997 1274 4066 μεγάλους
1313 3998 1442 4067 ὑμῖν
1494 3997 1694 4069 θησαυ-

82 4087 208 4156 ροὺς
253 4087 317 4139 ἐν
365 4088 478 4150 τοῖς
533 4085 758 4156 βραχέσι
813 4086 1232 4156 ἀποσκιάσμασι
1281 4085 1386 4155 τῆς
1429 4084 1689 4155 ἀληθείας

78 4177 553 4248 ἐγκατασπείρας,
579 4177 688 4250 δῴη
719 4179 846 4248 ὑμῖν
871 4177 959 4231 διὰ
980 4177 1088 4230 τῶν
1119 4178 1331 4249 μικρῶν
1359 4177 1428 4230 τὰ
1454 4178 1684 4247 μεγάλα,

1799 2991 2027 3046 statuat,
2063 2983 2156 3052 qui
2190 2999 2379 3038 eorum
2419 2999 2540 3052 qum
2584 2983 2718 3040 foris
2757 2995 2887 3040 sunt
2917 2996 2972 3040 et
2997 2997 3382 3043 extraneorum

1797 3084 2182 3143 assumpturus
2204 3084 2286 3129 est
2304 3075 2636 3144 praelationis
2663 3092 2877 3131 munus.
2905 3077 3120 3148 Alioqui
3153 3080 3204 3133 in
3227 3089 3377 3134 tuum

1795 3175 2036 3220 vertetur
2060 3176 2221 3235 caput
2252 3183 2281 3222 a
2315 3167 2546 3222 subditis
2578 3169 2722 3238 quod
2756 3169 2828 3222 ita
2864 3171 3069 3224 dictum
3105 3179 3188 3224 est
3215 3187 3228 3222 :
3258 3170 3377 3225 Me-

1795 3259 1929 3324 dice,
1955 3275 2084 3312 cura
2117 3259 2342 3328 teipaum
2365 3260 2443 3314 ¹⁸.
2476 3259 2760 3328 Reliquum
2791 3271 2896 3325 est,
2925 3271 2983 3315 ut
3009 3263 3110 3331 ipsi
3145 3278 3241 3318 nos
3267 3265 3382 3333 pri-

1795 3365 1942 3404 mum
1991 3365 2189 3405 curare
2236 3353 2575 3405 studeamus.
2618 3350 2791 3406 Nemo
2818 3354 2964 3407 enim
2996 3355 3140 3422 quod
3166 3355 3378 3409 leonem

1796 3451 1996 3495 venatu
2043 3457 2152 3496 non
2198 3444 2406 3510 ceperit
2466 3459 2708 3513 unquam
2761 3444 3220 3514 reprehendatur;
3274 3446 3382 3501 nisi

1795 3546 1927 3587 vero
1981 3534 2100 3602 quis
2149 3533 2242 3588 ira:
2286 3549 2509 3603 compos
2553 3535 2732 3590 factus
2769 3535 2955 3602 fuerit,
3011 3538 3079 3592 ab
3129 3537 3382 3593 omnibus

1803 3627 2038 3683 ludibrio
2064 3629 2316 3685 habetur.
2353 3630 2534 3696 Quare
2564 3631 2610 3685 is
2638 3630 2853 3700 quidem
2881 3635 2971 3700 qui
3002 3632 3144 3688 {eras
3174 3635 3381 3691 bestias

1795 3720 2020 3782 domare
2044 3722 2370 3791 nequiverit,
2398 3723 2541 3777 haud
2572 3726 2699 3780 dum
2732 3726 2927 3793 dignus
2956 3725 3224 3794 vitupcrio
3258 3736 3376 3796 est;

1794 3811 1886 3878 qui
1919 3821 2101 3865 autem
2139 3811 2344 3865 viribus
2368 3811 2592 3868 fractior
2623 3816 2809 3879 fuerit,
2849 3830 3013 3885 quam
3049 3827 3108 3871 ut
3150 3817 3376 3874 moleste

1795 3903 2106 3971 ingruentes
2148 3903 2372 3959 affectus
2415 3906 2654 3978 vitiaque
2713 3908 3005 3974 domuerit,
3046 3911 3381 3969 damnationi

1794 4011 2020 4065 prorsus
2059 3996 2328 4051 obnoxius
2381 3998 2562 4052 fuerit.
2636 3999 2846 4054 Idcirco
2909 4001 3166 4055 nimirum
3235 4003 3381 4072 quod

1793 4087 1924 4144 illud
1955 4087 2090 4142 nihil
2136 4089 2392 4143 conducit
2419 4091 2491 4158 ei,
2529 4093 2621 4162 qui
2669 4093 2902 4148 rationis
2949 4095 3256 4164 principatu
3283 4097 3381 4152 do-

1796 4191 1958 4234 natus
2013 4182 2106 4248 sit,
2162 4183 2306 4235 istud
2341 4197 2473 4236 vero
2525 4185 2889 4238 necessarium
2919 4200 2982 4240 ac
3014 4185 3250 4240 debitum
3283 4188 3378 4243 sit.

76 4271 165 4324 διά
193 4271 309 4324 τῶν
342 4270 539 4338 ὀλίγων
576 4270 911 4342 σπερμάτων
949 4269 1010 4323 τὸ
1036 4268 1240 4322 τέλειον
1274 4269 1372 4340 τῆς
1396 4268 1652 4336 γνώσεως
1671 4287 1685 4300 ·

1801 4271 2062 4326 Dominus
2095 4288 2279 4341 porro,
2307 4275 2460 4343 cujus
2496 4275 2610 4329 haec
2639 4277 2976 4343 providentia
3004 4279 3206 4346 scripta
3251 4289 3380 4335 sunt

77 4364 172 4420 καὶ
206 4365 349 4434 ἡμῖν
401 4362 502 4433 μὲν
549 4361 648 4433 τῆς
697 4361 1072 4433 προαιρέσεως
1117 4360 1210 4413 τὸν
1255 4359 1446 4430 μισθὸν
1477 4361 1687 4432 ἐντελῆ,

1798 4377 1862 4415 ac
1888 4361 2148 4427 consilio;
2183 4361 2274 4430 qui
2304 4373 2360 4415 et
2387 4365 2655 4416 concessit
2688 4373 2747 4418 ut
2775 4364 2984 4418 mouira
3029 4376 3195 4433 atque
3224 4365 3380 4419 debi-

76 4455 212 4525 ὑμῖν
253 4454 316 4508 δὲ
365 4455 470 4524 τῆς
501 4452 857 4517 ἀπολαύσεως
904 4453 1014 4508 τῶν
1056 4452 1216 4506 θείων
1268 4453 1443 4522 λόγων
1478 4451 1690 4521 καρπὸν

1798 4453 1864 4507 lis
1894 4453 2071 4521 lingua
2097 4465 2282 4508 nostra
2311 4455 2428 4508 haec
2452 4454 2606 4510 vobis
2637 4455 2970 4526 loqueretur,
3001 4459 3205 4526 quique
3233 4459 3372 4514 adeo

78 4545 554 4618 πεπληρωμένον·
585 4545 667 4597 ὅτι
712 4543 864 4616 αὐτῷ
904 4546 938 4616 ἡ
981 4543 1109 4608 δόξα
1139 4543 1234 4597 καὶ
1271 4544 1334 4597 τὸ
1363 4543 1564 4616 κράτος
1609 4544 1690 4608 εἰς

1798 4545 2024 4600 inﬁrma:
2063 4548 2258 4601 mentis
2293 4557 2491 4601 nostrae
2543 4563 2708 4617 opera
2763 4549 3006 4620 ingentes
3047 4550 3202 4606 vobis
3245 4551 3367 4606 the-

77 4637 208 4700 τοὺς
237 4633 448 4698 αἰῶνας
483 4633 594 4689 τῶν
620 4634 854 4690 αἰώνων.
902 4635 1099 4705 Ἀμήν.

1798 4649 2008 4698 sauros,
2039 4635 2187 4690 tenui
2227 4635 2472 4690 veritatis
2517 4637 2951 4699 adumbratione,
2981 4637 3175 4706 quovis
3215 4639 3380 4693 modo

80 4727 375 4795 inspersit,
416 4726 537 4795 ipse
573 4727 729 4808 vobis
771 4742 838 4781 ex
886 4727 1069 4796 parvis
1114 4741 1331 4796 magna,
1366 4741 1432 4780 ex
1485 4725 1672 4795 paucis
1741 4727 2040 4780 seminibus
2104 4724 2406 4794 perfectam
2482 4728 2769 4781 scientiam
2819 4729 3063 4780 tribuat:
3140 4741 3205 4782 ac
3262 4737 3377 4782 tum

79 4818 245 4872 nobis
278 4817 404 4886 eius
432 4816 726 4874 voluntatis
751 4815 1085 4870 cumulatum
1121 4824 1342 4885 praestet
1369 4815 1676 4884 praemium,
1721 4823 1830 4870 tum
1861 4815 2014 4871 vobis
2077 4815 2428 4871 fruendorum
2453 4815 2759 4872 divinorum
2821 4832 3133 4872 sermonum
3157 4817 3375 4886 plenum

81 4909 353 4967 fructum.
387 4906 492 4976 Ipsi
521 4895 694 4976 gloria
723 4915 779 4960 et
801 4906 1090 4976 imperium
1133 4905 1186 4959 in
1226 4905 1422 4960 SiBCttla
1454 4903 1796 4958 saeculorum.
1829 4904 2026 4958 Amen.

155 5081 277 5138 Τοῦ
308 5078 501 5140 αὐτοῦ
533 5078 668 5150 περὶ
697 5075 807 5144 τῆς
829 5078 1144 5150 civ-0909301)
1178 5073 1584 5143 κατασκευῆς,

1984 5073 2147 5146 337
2190 5075 2501 5150 Ejusdent,‘
2525 5075 2870 5150 de__(t01_ninis
2927 5085 3187 5132 structura

737 5143 957 5201 ΛΟΓΟΣ
987 5146 1066 5200 B’.

1996 5143 2023 5146 “
2051 5143 2080 5146 ⁷
2103 5143 2127 5145 Ὗ
2233 5143 2244 5146 ⁷
2417 5144 2684 5200 ORATIO
2717 5143 2782 5199 ll.

162 5249 228 5300 Ὀ
291 5245 397 5316 μὲν
445 5243 608 5314 σοφὸς
655 5239 932 5312 Σολομὼν,
966 5242 1067 5293 οὐκ
1123 5241 1180 5292 ἐν
1227 5239 1438 5302 πειθοῖς
1491 5238 1686 5307 σοφίας

1863 5235 2088 5307 Sapiens
2112 5237 2200 5293 ille
2227 5237 2507 5303 Salomon,
2537 5223 2923 5292 non'humante
2945 5234 3226 5306 sapientiae
3255 5251 3378 5290 ver-

76 5337 447 5409 ἀνθρωπίνης
492 5336 708 5405 λόγοις,
762 5333 879 5388 ἀλλ’
928 5335 988 5387 ἐν
1039 5333 1310 5394 διδακτοῖς
1363 5330 1683 5402 Πνεύματος

1798 5331 1870 5387 bis
1901 5332 1969 5386 ad
2029 5333 2364 5387 suadendum
2435 5329 2770 5399 compositis,
2816 5328 2910 5384 sed
2961 5327 3200 5382 doctrina
3251 5342 3377 5382 sau-

77 5431 249 5499 ἀγίου
282 5427 587 5498 σοφισθεὶς,
631 5430 689 5481 ἐν
719 5429 832 5490 τοῖς
858 5425 1063 5496 ἀρτίως
1095 5427 1227 5494 ἡμῖν
1255 5421 1691 5494 ἀνεγνωσμένοις

1799 5423 1870 5478 cti
1905 5423 2141 5494 Spiritus
2181 5424 2446 5488 eruditus,
2476 5422 2531 5478 in
2567 5422 2651 5480 his
2677 5435 2797 5490 quae
2835 5419 2995 5490 paulo
3028 5429 3186 5473 antea
3221 5420 3376 5474 nobis

80 5520 496 5593 ἀποσεμνύνων
551 5520 643 5572 τὸν
690 5518 1000 5591 ἄνθρωπον,
1055 5517 1188 5569 ἐϐόα
1245 5515 1418 5583 λέγων
1446 5532 1460 5545 ο
1523 5512 1689 5583 Μέγα

1798 5514 1932 5571 lecta
1966 5527 2091 5570 sunt
2114 5517 2384 5570 hominem
2417 5513 2711 5568 delaudans
2757 5528 2819 5567 ac
2856 5513 3034 5582 elogio
3070 5511 3374 5578 celebrans,

79 5613 429 5681 ἄνθρωπος,
473 5608 573 5664 καὶ
623 5609 817 5679 τίμιον
855 5609 1008 5678 ἀνὴρ
1065 5605 1355 5678 ἐλεήμων.
1419 5603 1559 5674 Ἐγὼ
1629 5605 1684 5659 δὲ

1798 5605 2158 5675 exclamabat,
2179 5603 2235 5659 Μ
2241 5622 2399 5676 agna,
2417 5602 2690 5673 inquiens,
2715 5619 2797 5658 res
2821 5611 2896 5658 ea!
2915 5603 3092 5670 homo,
3111 5610 3157 5656 et
3173 5615 3374 5672 pretio-

160 5701 384 5758 “'Luc.
414 5717 490 5768 tv,
517 5701 603 5755 15.
