3838 6214
473 265 553 322 ’39
1436 255 1781 315 API’ENDIX
1826 252 2115 316 OPERUM
2156 250 2215 314 S.
2251 250 2502 314 BASILII
2533 250 2780 314 MAGNI.
3687 253 3760 315 ῖθ

482 386 602 433 tum
628 378 707 433 oir
734 377 1030 431 misericors
1059 374 1128 429 ".
1157 373 1273 443 Ego
1299 381 1477 427 autem
1522 375 1685 430 stulte
1715 390 1926 430 mecum
1956 374 2073 445 ipse

2181 375 2424 445 ματαίως
2464 374 2588 428 κατ’
2619 372 2854 444 ἐμαυτὸν
2892 362 3282 443 λογισάμενος,
3323 364 3360 425 ἀ
3402 387 3463 424 τε
3496 366 3643 443 εἶχον
3702 377 3763 428 ἐν

484 480 763 542 reputans,
810 478 924 524 tum
957 482 1077 537 qua:
1122 466 1255 522 mihi
1305 466 1521 521 animus
1573 468 1921 536 suggerebat,
1957 475 2069 520 tum

2181 469 2234 537 τῇ
2268 466 2507 536 ἐμαυτοῦ
2540 465 2769 537 διανοίᾳ,
2806 465 2897 519 καί⁵
2928 464 2965 520 ἃ.
3005 463 3158 537 παρά
3208 467 3307 536 τῆς
3339 463 3568 536 Γραφῆς
3614 465 3761 519 δεδι-

484 577 608 634 quae
631 576 699 615 ex
731 560 1011 630 Scriptura
1045 559 1112 613 de
1141 557 1362 613 homine
1407 557 1741 623 didiceram;
1780 558 1939 626 plane
1973 558 2072 613 du-

2167 556 2436 628 δαγμένος
2482 558 2632 628 ἥμην
2703 558 2832 630 περὶ
2889 547 2985 610 τοῦ
3044 554 3372 628 ἀνθρώπου,
3437 555 3600 620 αὐτὸς
3661 558 3762 628 μὲν

483 652 746 716 bitabam,
774 651 868 719 qui
910 649 1005 703 liat
1044 649 1101 703 in
1141 648 1304 703 homo
1345 661 1431 703 res
1467 662 1658 719 magna
1705 649 1807 714 sit,
1846 648 2073 703 mortale

2181 649 2484 722 Βιηπόρουν,
2516 650 2597 702 ὅτι
2630 648 2773 723 ,πῶς
2832 648 2979 719 μέγα
3024 646 3312 718 ἄνθρωπος
3336 687 3352 712 ,
3396 646 3458 699 τὸ
3482 642 3793 727 ἐπίκηρον,

484 744 696 801 scilicet
721 741 942 805 animal,
978 739 1576 809 innumerabilibusque
1609 741 1905 796 obnoxium
1939 755 2065 811 per-

460 834 906 899 -turbationihus,
928 843 1090 903 atque
1137 833 1204 887 ab
1244 841 1368 887 ortu
1406 833 1708 887 nativitatis
1748 833 1815 888 ad
1855 831 2070 888 senium

487 941 660 996 usque
714 925 976 980 malorum
1027 937 1148 992 quae
1206 936 1489 976 numerum
1542 922 1810 1007 excedant
1841 937 2072 977 examen

484 1015 806 1081 eaantlans;
841 1014 909 1069 de
938 1028 1046 1083 quo
1091 1013 1356 1082 scriptum
1402 1021 1488 1067 est
1524 1030 1537 1067 :
1571 1012 1816 1076 Domine,
1845 1014 1972 1083 quid
1999 1024 2073 1067 est

490 1118 667 1174 homo,
719 1110 845 1179 quia
901 1107 1179 1161 innotuisti
1205 1108 1252 1160 ei
1283 1106 1484 1161 u"1A0
1520 1106 1738 1175 quidem
1790 1106 2076 1161 Psalmista

490 1200 767 1257 hominem
788 1199 1041 1268 despicit,
1069 1207 1128 1253 ut
1157 1198 1264 1252 vile
1301 1196 1522 1252 animal.
1548 1196 2078 1253 Parmmiastesvero

491 1301 555 1346 ut
581 1305 833 1361 magnum
862 1290 992 1359 quid
1013 1289 1295 1345 hominem
1315 1288 1575 1358 praedicat
1597 1299 1651 1344 et
1679 1288 1854 1344 elIert.
1875 1288 2077 1343 Verum

491 1382 752 1452 quidquid
792 1381 936 1435 istud
974 1379 1123 1435 dubii
1165 1388 1250 1434 est
1286 1380 1419 1434 mihi
1454 1379 1615 1434 solvit
1645 1394 1765 1447 quze
1810 1378 1950 1433 lecta
1995 1389 2081 1435 est

2171 738 2330 803 ζῶον,
2378 739 2441 793 τὸ
2485 740 2701 811 μυρίοις
2736 738 2964 794 πάθεσιν
2995 737 3377 808 ὑποκείμενον,
3412 737 3473 790 τὸ
3499 740 3564 791 ὲκ
3608 753 3791 807 γενεοη

2170 829 2269 903 τῆς
2295 833 2379 896 εἰς
2412 831 2592 903 γῆρας
2621 831 2830 903 μυρίων
2866 829 3055 884 κακῶν
3094 830 3263 901 ἐσμὸν
3289 826 3607 894 ὲξαντλοῦν,
3634 829 3765 899 περὶ

2171 917 2233 976 οῦ
2263 922 2478 993 εἴρηται
2500 939 2512 952 ο
2547 923 2745 990 Κύριε,
2777 920 2837 974 τί
2882 921 3054 974 ἐστιν
3096 918 3426 986 ἅνθρωπος,
3468 918 3559 972 ὅτι
3589 917 3767 990 ἐγνώ-

2173 1013 2329 1079 σθης
2357 1008 2557 1076 αὐτῷ;
2596 1011 2693 1064 καὶ
2755 1011 2783 1063 ὁ
2817 1010 2913 1081 μὲν
2940 1008 3250 1085 arenosa;
3307 1012 3641 1081 καταφρονεῖ
3662 1008 3765 1073 ’ὡς
3795 1074 3801 1084 ,

2175 1101 2428 1167 εὐτελοῦς
2454 1102 2548 1156 τοῦ
2583 1101 2747 1167 ζώου,
2775 1100 2870 1155 καὶ
2900 1102 2934 1172 ἡ
2955 1099 3236 1172 Παροιμία
3275 1099 3643 1171 ἀποσεμνύνει
3687 1100 3764 1165 ὡς
3796 1090 3800 1096 ’

2180 1193 2324 1264 μέγα
2342 1208 2404 1247 ¹τι
2436 1193 2527 1248 τὸν
2551 1193 2860 1265 ἄνθρωπον.
2914 1191 3079 1246 Ἀλλά
3113 1201 3204 1263 μοι
3242 1188 3343 1263 τὴν
3370 1190 3627 1262 τοιαύτην
3648 1190 3764 1245 δια-

2178 1286 2412 1357 πόρησιν
2450 1284 2643 1339 ἔλυσεν
2684 1287 2717 1356 ἡ
2764 1283 2975 1355 ἱστορία
3013 1283 3113 1355 τῆς
3135 1282 3405 1351 γενέσεως
3427 1280 3521 1336 τοῦ
3552 1280 3764 1353 ἀνθρώ-

2176 1393 2281 1429 που
2308 1374 2744 1443 ἀναγνωσθεῖσα.
2773 1368 3074 1443 Ἠκούομεν
3095 1372 3204 1443 γὰρ
3226 1370 3321 1426 νῦν
3347 1371 3582 1435 ὅτιθεὸς
3603 1370 3763 1425 ἔλαϐε

486 1473 730 1528 hominis
755 1476 916 1536 tortus
941 1470 1442 1541 procreationisque
1465 1470 1727 1526 historia.
1762 1470 2078 1526 Audivimus

2181 1467 2309 1538 χοῦν
2365 1466 2476 1521 ἀπὸ
2533 1466 2635 1537 τῆς
2694 1465 2839 1535 γῆς,
2900 1464 2996 1517 καὶ
3044 1462 3247 1516 ἔπλασε
3304 1462 3399 1517 τὸν
3451 1461 3759 1535 ἄνθρωπον.

482 1564 640 1620 enim
667 1565 825 1618 modo
858 1561 1001 1630 quod
1032 1561 1174 1615 Deus
1202 1561 1479 1631 pulverem
1523 1560 1591 1615 de
1644 1571 1791 1614 terra
1826 1574 2078 1629 sumpse-

2181 1554 2353 1630 Εὗρον
2376 1558 2553 1612 τοίνυν
2590 1555 2702 1626 ἐγὼ
2729 1558 2795 1610 ὲκ
2841 1554 2937 1609 τοῦ
2970 1556 3213 1626 ῥήματος
3230 1550 3425 1609 ¹τοῦτου
3455 1553 3761 1625 ἀμφότερα,
3808 1586 3813 1591 -

490 1656 589 1721 rit,
622 1662 782 1724 atque
811 1654 1085 1708 hominem
1108 1652 1376 1708 formarit.
1398 1650 1523 1717 Quo
1562 1666 1627 1705 ex
1667 1651 1834 1706 verbo
1864 1666 1929 1706 ac
1950 1666 2078 1705 sen-

2181 1651 2265 1704 ὃτι
2318 1650 2471 1703 οὐδὲν
2530 1647 2840 1720 ἄνθρωπος,
2899 1647 2995 1700 καὶ
3057 1646 3200 1716 μέγα
3261 1645 3567 1718 ἄνθρωπος.
3639 1644 3764 1697 Ἐὰν

488 1749 687 1815 tentia,
715 1757 1001 1815 utrumque
1038 1746 1255 1801 scilicet
1284 1745 1491 1811 inveni,
1527 1754 1639 1797 tum
1668 1743 1804 1798 nihil
1837 1758 1957 1799 esse
1980 1745 2078 1798 ho-

2181 1742 2319 1815 πρὸς
2345 1742 2443 1814 τὴν
2477 1741 2638 1812 φύσιν
2671 1740 2831 1811 μόνον
2864 1738 3199 1810 ἀποϐλέψῃς,
3222 1737 3285 1791 τὸ
3317 1737 3503 1809 μηδὲν,
3535 1738 3634 1792 καὶ
3666 1734 3760 1790 τοῦ

496 1836 713 1901 minem,
752 1844 864 1890 tum
887 1849 1143 1903 magnum
1179 1832 1313 1903 quid
1342 1848 1486 1888 esse.
1526 1831 1607 1886 Ad
1634 1820 1803 1885 solam
1825 1842 2076 1887 naturam

2185 1831 2414 1903 μηδενὸς
2443 1831 2622 1895 ἄξιος·
2655 1829 2749 1883 ἐὰν
2778 1828 2836 1883 δὲ
2883 1827 3021 1900 πρὸς
3053 1827 3152 1899 τὴν
3189 1826 3352 1900 τιμὴν
3393 1827 3460 1899 ἢν
3502 1826 3763 1901 ἐτιμήθη,

484 1926 540 1980 si
569 1924 901 1995 respexeris,
930 1923 1169 1979 nihilest
1192 1922 1378 1988 homo,
1416 1920 1731 1991 tmlliusque
1764 1922 1923 1992 pretii
1956 1925 2077 1978 :siu

496 2027 677 2073 autem
699 2017 768 2072 ad
798 2018 1059 2072 honorem
1086 2029 1246 2087 quem
1278 2014 1505 2085 adeptus
1523 2023 1645 2085 “est,
1672 2030 1920 2084 mag-num
1949 2016 2078 2085 quid

488 2108 662 2162 ibomo
691 2115 794 2162 est.

574 2197 628 2251 l.
647 2195 817 2262 Quem
840 2194 988 2249 illum
1003 2193 1317 2262 iCompone
1346 2193 1582 2248 hominis
1603 2204 1803 2260 ortum,
1821 2194 2083 2248 omnium-

486 2300 606 2355 que
646 2285 874 2339 aliarum
909 2299 1115 2338 rerum.
1151 2282 1297 2335 Dixit
1332 2282 1493 2346 Deus,
1531 2280 1657 2335 Fiat
1704 2283 1817 2348 lux,
1842 2292 1893 2336 et
1937 2283 2081 2351 facta

486 2389 571 2431 est
604 2376 698 2429 tua:
715 2375 783 2429 ι’.
816 2372 945 2427 Fiat
975 2377 1364 2441 firmamentum
1382 2388 1403 2431 ;
1433 2386 1732 2441 magnaque
1756 2374 1879 2427 coeli
1914 2374 2084 2428 fabri-

489 2484 566 2522 ca
606 2468 836 2535 desuper
876 2464 1031 2519 nobis
1062 2471 1283 2517 extenta
1327 2472 1443 2527 est,
1470 2464 1587 2517 solo
1629 2466 1792 2519 verbo
1837 2465 2029 2520 effecta
2062 2482 2077 2519 :

491 2559 691 2623 stellae,
720 2557 823 2621 sol,
854 2556 1019 2617 luna;
1051 2561 1355 2623 cunctaque
1409 2552 1536 2622 alia,
1584 2563 1697 2608 tum
1754 2570 1876 2625 qua:
1924 2557 2082 2612 oculo

491 2650 790 2713 cernimus,
821 2657 931 2701 tum
960 2660 1081 2715 quae
1113 2655 1301 2699 mente
1328 2643 1761 2713 complectimur,
1788 2647 1954 2701 verbo
1981 2661 2081 2700 na-

500 2750 587 2796 cta
610 2747 737 2795 sunt
769 2747 829 2793 ut
857 2745 1061 2791 essent.
1096 2734 1268 2801 Mare,
1294 2743 1351 2789 et
1375 2743 1545 2801 terra,
1573 2745 1628 2789 et
1656 2744 1893 2805 quantus
1918 2737 1972 2790 in
2001 2737 2083 2792 eis

492 2842 726 2889 ornatus
753 2828 1202 2888 estzanimalium
1226 2828 1537 2883 omnimoda
1568 2842 1789 2898 genera,
1832 2830 2081 2899 stirpium

494 2927 731 2980 diversae
750 2922 1021 2990 variaeque
1062 2919 1311 2988 species;
1345 2927 1537 2972 cuncta
1569 2929 1839 2989 praecepto
1863 2921 2082 2975 condita

500 3027 648 3073 sunt.
671 3016 842 3071 Homo
876 3022 1055 3068 autem
1087 3026 1193 3065 non
1228 3010 1379 3065 item.
1400 3009 1553 3064 Haud
1576 3011 1722 3064 enim
1746 3011 1946 3067 dictum
1978 3019 2080 3066 est»

495 3108 621 3164 Fiat
637 3109 821 3172 homo,
838 3104 1003 3160 veluti
1022 3100 1149 3156 Fiat
1171 3100 1602 3171 ﬁrma-mentum;
1635 3113 1821 3154 verum
1849 3100 2077 3170 amplius

500 3197 703 3269 aliquid
750 3197 806 3251 in
861 3193 1079 3250 homine
1118 3190 1310 3255 vides,
1335 3203 1500 3259 quam
1536 3189 1591 3244 in
1648 3189 1766 3245 luce
1791 3229 1808 3257 ,
1839 3204 2002 3261 quam
2026 3190 2076 3245 in

494 3289 660 3354 caelo,
689 3299 852 3357 quam
883 3285 937 3338 in
967 3278 1595 3336 luminaribus.Prtestat
1618 3280 1872 3334 omnibus
1900 3280 2078 3334 ltomi-

499 3382 586 3434 nis
607 3376 933 3450 procreatio.
964 3371 1174 3442 Accepit
1220 3373 1392 3437 enim,
1422 3370 1620 3440 inquit,
1647 3369 1788 3425 Deus
1817 3370 2078 3441 puluerem

499 3476 566 3526 de
592 3482 751 3535 terra,
784 3478 833 3522 et
862 3468 1107 3537 formavit
1160 3465 1421 3519 hominem
1441 3464 1511 3517 ‘°.
1540 3464 1698 3518 Manu
1749 3464 1963 3534 propria
1999 3464 2081 3518 di-

496 3573 699 3634 gnatur
753 3573 947 3628 corpus
996 3565 1240 3611 nostrum
1272 3554 1533 3612 formare.
1576 3554 1693 3608 Non
1723 3556 1945 3624 angelus
1970 3554 2081 3610 fors

497 3656 702 3710 mando
743 3650 1093 3708 ministravit.
1124 3649 1243 3703 Non
1286 3648 1435 3703 velut
1467 3648 1722 3714 cicadas,
1752 3659 1943 3717 sponte
1988 3651 2083 3704 hu-

502 3762 625 3802 mus
647 3746 919 3800 hominem
948 3742 1187 3813 protulit.
1216 3740 1338 3795 Non
1366 3741 1701 3796 administris
1722 3742 2081 3810 potestatibus

502 3838 608 3891 hoc
625 3844 680 3889 ut
702 3834 902 3889 illudve
929 3834 1174 3887 lacerent
1190 3834 1484 3901 praecepit;
1511 3832 1605 3886 sed
1638 3847 1799 3885 manu
1826 3846 1923 3885 sua
1946 3847 2081 3901 opus

495 3929 763 3993 elaborat,
794 3936 1008 3996 sumpto
1049 3933 1253 3979 eterra
1284 3924 1524 3995 pulvere.
1564 3921 1665 3978 Ubi
1706 3924 1889 3979 oculos
1934 3925 2001 3978 ad
2028 3924 2080 3978 id

500 4022 647 4089 quod
687 4028 962 4087 acceptum
993 4026 1077 4071 est
1122 4014 1443 4080 adverteris,
1476 4016 1671 4070 merito
1719 4015 1964 4070 dicturus
1996 4032 2076 4082 es,

504 4111 642 4175 Quid
672 4119 746 4164 est
794 4108 993 4163 homo?
1018 4107 1115 4163 Ubi
1157 4118 1339 4161 autem
1379 4105 1446 4160 ad
1485 4106 2081 4176 formantem,ejusqne

503 4202 670 4271 ipsius
713 4199 972 4255 fabricam
1021 4199 1215 4252 mentis
1254 4197 1743 4251 considerationem
1791 4198 2075 4265 adjeceris,

500 4303 705 4350 mutata
737 4307 925 4347 rursus
944 4292 1231 4357 sententia,
1259 4288 1509 4361 Magnum
1536 4299 1611 4344 est
1642 4292 1817 4355 homo,
1842 4306 2078 4359 pronun-

2184 1923 2326 1994 μέγα
2354 1924 2382 1975 ὁ
2398 1921 2498 1978 ἀνθ
2508 1938 2707 1994 ρωπος.

2255 2192 2308 2247 1.
2347 2190 2514 2245 Ποίαν
2556 2189 2792 2260 ταύτην;
2841 2186 3138 2260 Σύγκρινον
3184 2185 3474 2257 ἀνθρώπου
3517 2183 3759 2253 γένεσιν,

2184 2283 2277 2337 καὶ
2327 2282 2436 2335 τῶν
2479 2282 2652 2336 ἄλλων
2681 2283 2954 2336 ἁπάντων.
2986 2281 3156 2336 Εἶπεν
3178 2282 3206 2334 ὁ
3241 2280 3374 2343 Θεὸς
3393 2296 3408 2311 ο
3444 2276 3765 2345 Γενηθήτω

2182 2374 2328 2444 φῶς,
2361 2374 2462 2428 καὶ
2485 2373 2719 2445 ἐγένετο
2751 2375 2909 2443 φῶς·
2941 2371 3246 2444 γενηθήτω
3272 2371 3592 2442 στερέωμα,
3619 2370 3764 2424 καὶύ

2187 2467 2362 2537 μέγας
2393 2467 2620 2538 οὐρανὸς
2678 2465 2886 2521 ἄνωθεν
2932 2468 3063 2538 ἡμῖν
3115 2464 3499 2536 ὐπερτέταται,
3559 2461 3764 2533 ῥήματι

2183 2557 2318 2611 Θεοῦ
2350 2558 2641 2629 γενόμενος
2661 2574 2677 2589 ο
2719 2558 2948 2631 ἀστέρες
2982 2559 3079 2611 καὶ
3108 2558 3259 2629 ἥλιος
3291 2556 3385 2610 καὶ
3424 2554 3646 2623 σελήνη,
3671 2551 3766 2605 καὶ

2182 2651 2229 2703 τ’
2263 2650 2399 2704 ἄλλα
2426 2650 2527 2703 ὅσα
2555 2649 2868 2721 θεωροῦμεν
2898 2650 3180 2722 ὀφθαλμῷ,
3232 2649 3326 2704 καὶ
3360 2650 3459 2702 ὃσα
3489 2646 3565 2719 νῷ
3594 2662 3762 2699 καταρ

2183 2741 2556 2813 λαμϐάνομεν,
2589 2742 2792 2812 ῥήματι
2827 2741 2953 2813 ἔσχε
2979 2742 3039 2796 τὸ
3070 2738 3227 2798 εἶναι.
3261 2740 3519 2794 Θάλασσα
3546 2737 3644 2791 καὶ
3666 2737 3761 2808 γῆ,

2184 2834 2278 2888 καὶ
2309 2835 2342 2905 ἡ
2373 2837 2431 2888 ὲν
2469 2836 2652 2901 αὐτοῖς
2682 2837 3061 2907 διακόσμησις,
3088 2833 3241 2898 ζώων
3266 2834 3397 2905 γένη
3422 2830 3759 2895 παντοδαπὰ,

2185 2923 2369 2994 φυτῶν
2401 2924 2647 2997 διάφοροι
2701 2927 2986 2990 ποικιλίαι,
3038 2926 3216 2981 πάντα
3264 2924 3646 2995 προστάγματι
3672 2921 3763 2989 γέε

2182 3031 2362 3083 γονεν.
2397 3014 2719 3087 Ἀνθρωπος
2740 3016 2797 3070 δὲ
2828 3017 2927 3088 οὐχ
2945 3015 3138 3078 οὕτως.
3168 3015 3244 3067 Οὐ
3280 3013 3388 3084 γὰρ
3414 3010 3609 3081 ἐλέχθη
3664 3009 3762 3081 (α),

2180 3107 2471 3179 Γενηθήτω
2528 3107 2855 3181 ἄνθρωπος,
2926 3107 3004 3171 ὡς
3055 3104 3377 3174 Γενηθήτω
3430 3100 3762 3171 στερέωμα·

2179 3197 2317 3252 ἀλλά
2364 3198 2551 3253 πλεῖόν
2590 3217 2642 3253 τι
2678 3201 2811 3271 ὁρᾷς
2868 3200 2928 3253 ὲν
2983 3198 3062 3270 τῷ
3105 3195 3383 3269 ἀνθρώπῳ
3425 3194 3563 3266 ὐπὲρ
3627 3192 3763 3263 φῶςν

2181 3290 2322 3360 ὑπὲρ
2349 3292 2601 3363 οὐρανὸν,
2654 3292 2797 3363 ὑπὲρ
2846 3291 3168 3363 φωστῆρας·
3218 3289 3360 3358 ὑπὲρ
3406 3286 3642 3357 πάνταή
3676 3285 3767 3338 ἀνι

2181 3382 2402 3454 θρώπου
2436 3383 2684 3454 γένεσις·
2737 3385 2961 3438 "Elatia
3006 3382 3137 3453 γὰρ,
3168 3382 3354 3452 φησὶν,
3388 3382 3420 3434 δ
3447 3377 3594 3445 Θεὸς
3616 3376 3766 3448 χοῦν

2180 3475 2304 3529 ἀπὸ
2375 3474 2484 3545 τῆς
2526 3475 2658 3547 γῆς,
2699 3475 2799 3529 καὶ
2835 3476 3069 3529 ἔπλασε
3105 3473 3213 3528 τὸν
3254 3472 3589 3541 ἄνθρωπον.
3621 3470 3766 3523 Κατ·

2180 3565 2329 3631 αξιοῖ
2359 3565 2468 3637 ίδίᾳ
2514 3567 2661 3636 χειρὶ
2703 3564 2999 3618 διαπλάσαι
3044 3562 3107 3615 τὸ
3130 3560 3397 3634 ἡμέτερον
3438 3557 3618 3629 σῶμα.
3653 3555 3767 3610 οὐκ

2177 3656 2412 3725 ἄγγελος
2455 3657 2843 3728 ὑπηρετήσατο
2897 3659 2977 3719 είς
3026 3655 3126 3727 τὴν
3178 3653 3415 3707 πλάσιν·
3472 3651 3573 3720 οὐχ
3608 3650 3644 3720 ἡ
3694 3648 3765 3718 Ὑῆ

2184 3748 2511 3818 αὐτομάτως
2558 3748 2748 3821 ὥσπερ
2790 3750 2916 3813 τοὺς
2969 3748 3224 3817 τέττιγας
3256 3748 3403 3819 ἡμᾶς
3435 3743 3763 3815 ἔξέϐρασενο

2181 3839 2285 3891 οὐκ
2316 3835 2439 3893 εἷπε
2466 3840 2585 3893 τόδε
2624 3843 2721 3895 καὶ
2765 3841 2883 3894 τόδε
2915 3840 3141 3911 ποιῆσαι
3170 3839 3570 3910 λειτουργικαῖς
3602 3834 3762 3888 δυνά-

2186 3945 2343 4000 μεσιν
2365 3944 2379 3958 ·
2408 3927 2524 3983 ἀλλ’
2559 3929 2664 4003 ίδία
2708 3929 2853 4001 χειρὶ
2890 3930 3215 3999 φιλοτεχνεῖ,
3268 3928 3396 3999 χοῦν
3445 3923 3628 3981 λαϐὼν
3660 3924 3765 3977 ἀπὸ

2180 4023 2282 4093 τῆς
2313 4022 2435 4093 γῆς.
2480 4022 2652 4077 Ὅταν
2684 4023 2781 4093 μὲν
2809 4022 2947 4094 πρὸς
2980 4022 3042 4075 τὸ
3069 4020 3274 4090 ληφθὲν
3293 4019 3510 4091 ἀπίδῃς,
3538 4017 3765 4079 εἰκότως

2179 4116 2325 4186 ἐρεῖς
2350 4129 2365 4144 ο
2407 4114 2468 4168 Τί
2497 4113 2669 4167 ἐστιν
2712 4113 3023 4182 ἅνθρωπος
3042 4127 3058 4143 ο
3096 4111 3225 4165 ὅταν
3253 4108 3311 4162 δὲ
3343 4109 3432 4162 τὸν
3461 4107 3762 4170 πλάσαντα,

2181 4206 2275 4260 καὶ
2298 4205 2398 4276 τὴν
2423 4204 2614 4257 τούτου
2639 4205 2970 4275 αὐτουργίαν
3001 4204 3367 4273 κατανοήσῃς,
3398 4199 3559 4254 πάλιν
3595 4214 3764 4270 μετα-

2181 4294 2361 4351 ϐαλὼν
2394 4296 2649 4367 ἀποφήνῃ
2696 4294 3042 4360 ὲνδιαθέτως,
3094 4295 3177 4347 ὅτι
3219 4293 3385 4363 Μέγα
3430 4291 3761 4359 ἄνθρωπος’

503 4385 758 4453 tiaveris;
794 4385 1025 4439 alterum
1055 4391 1276 4452 propter
1321 4382 1605 4436 materiam
1651 4396 1718 4435 ex
1746 4396 1851 4449 qua
1894 4383 2074 4434 fabre-

2181 4389 2239 4441 τὸ
2265 4389 2385 4459 μὲν,
2417 4387 2506 4442 διὰ
2545 4390 2645 4460 τὴν
2677 4386 2811 4461 ὐλην
2838 4388 2898 4453 ἐξ
2932 4385 3001 4462 ἦς
3033 4386 3489 4449 κατεσκεύασται,
3515 4385 3589 4448 ὡς
3609 4383 3766 4437 οὐδέν

496 4477 680 4531 lactus
711 4483 895 4540 est,ut
918 4490 1039 4543 quae
1067 4489 1163 4529 sua
1196 4474 1313 4544 ipsa
1340 4482 1534 4527 natura
1563 4472 1715 4526 nihili
1758 4481 2075 4542 reputetur;

501 4568 730 4622 alterum
748 4568 970 4623 honoris
985 4581 1147 4621 causa
1176 4580 1284 4636 quo
1306 4565 1537 4620 donatus
1552 4576 1636 4619 est
1659 4583 1675 4633 ;
1704 4565 1871 4637 338
1884 4567 2081 4638 quippe

500 4674 691 4714 revera
715 4674 968 4728 magnum
985 4659 1114 4727 quid
1130 4659 1376 4723 exsistat,
1391 4673 1457 4714 eo
1475 4663 1617 4729 quod
1632 4660 1701 4715 ad
1725 4663 2010 4731 imaginem
2027 4670 2083 4715 et

499 4753 571 4806 ad
608 4751 1036 4807 similitudinem.
1066 4750 1136 4803 Et
1169 4752 1389 4818 sumpsit
1441 4750 1581 4804 Deus
1628 4752 1907 4819 puluerem.
1934 4752 2080 4819 Quo-

500 4840 661 4894 modo
687 4840 760 4894 ibi
798 4840 852 4895 in
880 4839 1269 4908 superioribus,
1303 4837 1369 4891 Et
1397 4838 1519 4909 fecit
1548 4838 1689 4893 Deus
1720 4841 1981 4894 hominem
2008 4841 2077 4895 ad

500 4931 781 4999 imaginem
811 4947 960 4986 tuam
992 4931 1061 4986 “.
1092 4929 1335 4986 llontinis
1367 4931 1671 5001 procreatio
1700 4928 1810 4999 jam
1841 4932 1893 4985 in
1919 4946 2078 4998 supe-

499 5023 738 5079 rioribus
761 5024 999 5091 tradita;
1035 5023 1125 5078 hic
1172 5032 1353 5077 autem
1405 5037 1594 5076 rursus
1619 5037 1649 5075 a
1684 5023 1984 5093 principio,
2013 5038 2077 5079 ac

500 5115 548 5170 si
589 5113 851 5169 nihildum
900 5115 966 5170 de
1010 5108 1246 5171 hominis
1302 5113 1634 5168 formatione
1667 5115 2072 5180 didicissemus,

501 5205 865 5260 narrationem
893 5205 1142 5261 instituit.
1179 5203 1244 5258 Et
1283 5188 1501 5275 sumpsit
1550 5206 1690 5261 Deus
1720 5205 1985 5277 pulverem
2012 5212 2077 5264 de

501 5305 662 5364 terra,
686 5306 734 5351 et
762 5293 1009 5366 [armavit
1034 5299 1317 5353 hominem.
1350 5297 1505 5365 Quod
1540 5298 1588 5355 si
1613 5300 1833 5371 quidam
1864 5302 2074 5370 dixere,

2174 4496 2228 4532 τι
2281 4481 2426 4533 κατά
2469 4481 2571 4551 τὴν
2625 4480 2761 4535 ίδίαν
2815 4480 2980 4552 φύσιν
3025 4479 3423 4551 λογιζομένην·
3458 4477 3521 4530 τὸ
3547 4476 3627 4542 δὲ,
3673 4475 3763 4529 διὰ

2173 4573 2274 4645 τὴν
2317 4574 2485 4646 τιμὴν
2532 4576 2598 4644 ἦν
2649 4574 2959 4645 τετίμηται,
3009 4574 3085 4638 ὡς
3123 4572 3267 4645 μέγα
3299 4573 3357 4624 ἐν
3389 4568 3643 4641 ἀληθείᾳ,
3673 4567 3763 4621 διὰ

2184 4664 2238 4718 τὸ
2303 4668 2424 4720 κατ’
2486 4665 2671 4719 είκόνα
2720 4666 2817 4720 καὶ
2866 4664 2991 4720 καθ’
3046 4665 3346 4736 ὁμοίωσιν,
3409 4654 3758 4746 κρινομένην.

2180 4756 2286 4812 Καὶ
2318 4756 2540 4810 ἔλαϐεν
2580 4761 2614 4811 ό
2660 4756 2808 4823 Θεύς
2845 4755 3020 4827 χοῦν.
3070 4755 3196 4819 Πῶς
3233 4756 3352 4808 ἐκεῖ
3386 4754 3486 4825 μὲν
3540 4755 3600 4808 ὲν
3648 4755 3766 4815 τοῖς

2174 4845 2426 4904 κατόπιν.
2468 4845 2579 4899 Καὶ
2603 4847 2892 4914 ἐποίησεν
2920 4850 2953 4900 ό
2992 4846 3136 4914 Θεὸς
3163 4845 3272 4901 τὸν
3291 4844 3607 4913 ἄνθρωπον
3635 4845 3762 4897 κατ’

2172 4939 2379 4994 εἰκόνα
2403 4938 2590 4993 αὐτοῦ
2617 4977 2631 5002 ,
2667 4938 2900 4992 ἐνταῦθα
2932 4938 2990 4992 δὲ
3022 4938 3230 4993 ἄνωθεν
3273 4937 3437 4993 πάλιν
3468 4934 3762 5009 ἀνθρώπου

2173 5030 2387 5099 γένεσις
2436 5032 2749 5102 ἱστορεῖται,
2799 5029 2876 5094 ὡς
2933 5031 3102 5102 μήπω
3148 5029 3316 5101 μηδὲν
3345 5029 3475 5102 περὶ
3517 5029 3618 5100 τῆς
3665 5027 3762 5081 τοῦ

2174 5120 2463 5193 ἀνθρώπου
2510 5122 2853 5187 διαπλάσεως
2897 5122 3298 5193 δεδιδαγμένων
3349 5120 3542 5194 ήμῶνς
3593 5118 3761 5188 Λέγει

2172 5215 2280 5285 γάρ
2301 5230 2314 5244 ·
2352 5214 2466 5270 Καὶ
2498 5214 2721 5270 ἔλαϐεν
2758 5219 2791 5270 ὀ
2821 5214 2965 5282 Θεὸς
2990 5214 3147 5285 χοῦν
3173 5213 3290 5269 ἀπὸ
3317 5213 3429 5283 τῆς
3454 5211 3570 5283 γῆς
3595 5252 3611 5279 ,
3660 5211 3764 5265 καί

2173 5302 2408 5361 ἔπλασε
2459 5306 2567 5361 τὸν
2621 5306 2956 5377 ἄνθρωπον.
3000 5306 3066 5360 Ei.
3112 5302 3172 5359 δέ
3220 5321 3363 5370 τινες
3415 5303 3650 5376 ἔφασαν,
3698 5300 3764 5357 τὸ

568 5449 614 5485 ⁸⁷
640 5450 800 5510 Prov.
844 5469 936 5517 xx,
965 5454 1020 5511 6.
1095 5454 1141 5488 “
1165 5455 1312 5514 Psal.
1341 5474 1528 5529 cxun,
1552 5457 1608 5516 '5.
1683 5455 1728 5491 ¹⁹
1763 5455 1960 5515 Cenes.
1995 5473 2029 5526 I,
2060 5457 2078 5515 ξ

2181 5466 2202 5513 ι.
2276 5461 2323 5495 ¹⁶
2354 5461 2553 5520 Genes.
2589 5477 2651 5533 tt,
2681 5463 2736 5521 6.
2813 5466 2858 5499 “
2886 5464 3083 5525 Genes.
3113 5480 3155 5536 ι,
3190 5464 3281 5521 27.

567 5681 648 5757 (α)
691 5682 955 5756 Ὲλέχθη.
980 5684 1103 5756 Ms.,
1126 5682 1267 5744 εἷπε.
