3838 6214
250 256 318 304 «η
1235 247 1326 305 DE
1363 250 1648 310 HOMINIS
1682 253 2110 317 STRUCTURA
2146 264 2406 323 ORATIO
2444 267 2509 327 il.
3418 297 3491 352 42

254 348 359 420 μὲν
390 349 682 418 ἔπλασεν,
737 353 832 409 ἐπὶ
879 357 974 411 τοῦ
1032 364 1283 433 σώματος
1329 365 1613 438 εἰρῆσθαι·
1669 368 1780 423 τδε

254 439 543 479 inminereq-
621 444 708 479 εημι
754 447 855 479 μευ.
896 448 1104 479 .l.....::-.
1145 455 1233 479 --.Α
1284 456 1414 479 ρ---,
1463 458 1555 479 -.ιη
1590 458 1657 479 σμγ
1754 462 1780 475 ~

1880 298 2110 317 ...νιιει
2147 298 2406 323 υιυηιυ
2444 298 2509 327 ιι.
3418 298 3488 352 42

1880 398 1899 443 ι
1925 371 2051 429 illud
2077 377 2288 446 quidem
2312 380 2575 453 formavit,
2594 386 2659 443 de
2674 404 2900 463 corpore
2924 396 3126 457 dictum
3160 418 3280 463 esse
3311 415 3488 479 :quod

249 439 570 510 ἐποίησεν,
620 444 713 497 ἐπὶ
754 447 855 517 τῆς
896 448 1104 523 ψυχῆς
1145 455 1239 508 καὶ
1284 456 1414 521 ἴσως
1457 458 1558 511 οὐκ
1588 458 1692 527 ἔξω
1721 462 1822 532 τῆς

246 528 512 598 ἀληθείας
560 534 588 585 6
634 532 811 602 λόγος.
866 537 1039 593 Ὅπου
1087 543 1186 612 μὲν
1236 545 1344 614 γὰρ
1403 545 1654 619 εἴρηται,
1710 528 1822 604 Κάὶ

244 620 540 689 ἐποίησεν
563 625 597 677 ό
618 625 760 692 Θεὸς
792 627 899 681 τὸν
922 629 1252 700 ἄνθρωπον,
1274 635 1444 704 λέγει,
1476 641 1600 691 κατ’
1618 642 1821 695 εἰκόνα

248 711 402 765 Θεοῦ
449 713 741 783 ἐποίησεν
778 720 998 774 αὐτόν’
1043 725 1176 776 ὅπου
1217 726 1273 804 δε
1319 726 1503 782 λοιπὸν
1547 733 1673 803 περὶ
1720 734 1819 804 τῆς

249 804 571 875 σωματικῆς
628 808 788 876 ἡμῶν
854 810 1202 879 ὑποστάσεως
1244 800 1362 871 ’καὶ
1413 823 1511 890 τῆς
1570 822 1817 890 πλάσεως

241 890 536 961 διηγεῖται,
564 896 624 949 τὸ
655 898 927 977 ἔπλασεν
949 903 1113 972 λέγει.
1144 908 1416 980 Διαφοράν
1453 912 1509 965 δὲ
1548 916 1816 986 ποιήσεως

242 981 339 1033 καὶ
368 983 618 1049 πλάσεως
644 988 737 1041 καὶ
766 991 795 1042 6
827 991 1131 1064 Ψαλμῳδὸς
1179 997 1412 1064 ἐδίδαξεν
1430 1041 1446 1065 ,
1504 981 1705 1056 εἰπών’
1743 1010 1814 1060 Αἱ

237 1072 437 1141 χεῖρές
475 1091 592 1131 σου
620 1079 917 1148 ἐποίησάν
937 1102 1016 1153 με
1040 1080 1138 1140 aedi
1171 1088 1454 1146 ἔπλασάν
1481 1111 1557 1163 με
1576 1112 1592 1128 ο
1616 1097 1813 1167 ἐποίη-

236 1178 361 1216 σαν
403 1165 494 1219 τὸν
542 1167 649 1222 ἔσω
699 1171 980 1245 ἄνθρωπον
1001 1217 1016 1242 ,
1072 1179 1351 1236 ἔπλασαν
1396 1185 1487 1238 τὸν
1524 1187 1657 1253 ἔξω·
1715 1190 1810 1243 καὶ

234 1254 347 1327 γὰρ
379 1259 578 1327 πρέπει
622 1263 654 1332 ἠ
691 1265 789 1333 μὲν
837 1268 1035 1333 πλάσις
1064 1272 1254 1343 πηλῷ,
1312 1277 1344 1347 ή
1396 1276 1447 1330 δὲ
1479 1280 1695 1351 ποίησις
1730 1282 1809 1355 τῷ

235 1349 357 1399 κατ’
389 1351 610 1404 εἰκόνα·
666 1353 805 1409 ὥστε
838 1358 1079 1432 ἐπλάσθη
1134 1363 1233 1433 μὲν
1278 1367 1311 1437 ἡ
1352 1367 1521 1440 σὰρξ,
1576 1349 1804 1444 ἐποιήθη

231 1434 290 1487 δὲ
326 1439 358 1507 ἡ
388 1438 555 1512 ψυχή.
595 1444 740 1498 Ἀνω
772 1449 952 1503 τοίνυν
982 1453 1074 1504 ἐπὶ
1102 1453 1280 1527 ψυχῆς
1300 1434 1678 1527 ῦποέπάσεως,

232 1528 362 1598 περὶ
395 1530 493 1600 τῆς
529 1534 622 1587 τοῦ
658 1535 907 1608 σώματος
936 1542 1276 1612 διαπλάσεως
1313 1551 1444 1620 ἡμῖν
1472 1552 1798 1623 διαλέγεται.

1925 481 2054 523 vero
2100 469 2241 539 fecit,
2269 474 2337 530 de
2379 476 2595 547 anima;
2625 480 2766 540 haud
2799 486 2939 545 forte
2974 508 3003 546 a
3050 510 3179 552 vero
3219 506 3488 562 sententia

1923 556 2039 613 haec
2067 561 2277 618 abierit.
2306 564 2439 623 Nam
2469 571 2557 626 ubi
2592 574 2789 631 dictum
2826 590 2925 647 est,
2962 584 3029 638 Et
3066 587 3188 655 fecit
3221 556 3485 653 Detraho:

1921 648 2132 718 minem,
2177 655 2444 724 subditur,
2485 663 2555 713 ad
2588 663 2681 719 Dei
2721 669 2999 740 imaginem
3026 677 3152 745 fecit
3190 683 3389 752 illum;
3425 700 3483 744 at

1919 739 2010 793 ubi
2040 744 2191 800 nobis
2214 752 2456 817 corporis
2489 753 2746 814 fabricam
2776 739 2959 821 narrat
2988 783 3052 824 ac
3098 775 3478 847 substantiam,

1918 827 2162 896 formavit
2208 838 2360 895 dicit.
2399 842 2568 902 Porro
2597 849 2884 910 discrimen
2908 859 3023 929 ejus
3055 867 3196 931 quod
3219 879 3304 925 est
3331 871 3479 929 face-

1915 932 1994 983 re,
2026 929 2080 977 et
2127 929 2269 994 quod
2305 931 2564 1003 formare,
2601 940 2780 997 docuit
2827 962 2925 1005 nos
2971 963 3024 1006 et
3059 929 3347 1017 i’salmista
3389 963 3476 1018 di-

1913 1022 2042 1066 cens
2070 1029 2084 1067 :
2110 1014 2300 1075 Manus
2330 1032 2435 1078 tua:
2459 1027 2694 1093 fecerunt
2727 1052 2827 1101 me,
2854 1048 2904 1093 et
2932 1041 3284 1110 formaverunt
3312 1058 3472 1112 me”.

1911 1096 2064 1156 Fecit
2088 1103 2398 1167 interiorem
2430 1116 2741 1193 hominem;
2781 1127 3030 1195 formavit
3054 1150 3174 1193 eum
3212 1146 3303 1211 qui
3341 1146 3477 1204 foris

1910 1199 2012 1245 est.
2056 1193 2134 1250 Ac
2178 1213 2308 1256 sane
2355 1203 2466 1261 luto
2504 1211 2716 1279 quidem
2754 1215 2975 1278 formari
3012 1232 3264 1288 convenit
3297 1252 3312 1301 ;
3352 1238 3470 1295 ﬁeri

1908 1293 2058 1347 vero,
2089 1284 2137 1339 ei
2178 1291 2317 1358 quod
2350 1305 2433 1349 est
2475 1299 2541 1353 ad
2579 1302 2885 1375 imaginem.
2921 1316 3294 1379 ,Quamobrem
3343 1342 3471 1384 caro

1909 1370 2122 1439 quidem
2152 1374 2384 1437 formata
2411 1395 2492 1440 est
2522 1406 2538 1457 ;
2570 1389 2741 1448 factus
2780 1411 2906 1454 vero
2943 1404 3178 1463 animus.
3210 1411 3341 1469 Cum
3369 1418 3472 1474 ita-

1906 1475 2011 1530 que
2040 1469 2286 1536 superius
2313 1474 2378 1529 de
2423 1479 2587 1535 animi
2641 1486 2941 1547 substantia
2988 1497 3230 1570 dixisset,
3258 1506 3325 1562 de
3355 1524 3472 1564 cor-

1904 1556 2051 1620 poris
2083 1575 2225 1617 nunc
2267 1563 2592 1626 formatione
2642 1578 2798 1633 nobis
2853 1583 3085 1643 disserit.
3133 1556 3270 1659 Quin
3326 1598 3471 1659 hanc

232 1619 365 1690 Ἔχε
392 1624 486 1676 καὶ
523 1627 710 1681 τοῦτον
757 1630 849 1685 τὸν
896 1632 1072 1703 λόγον.
1110 1639 1205 1704 Τίς
1250 1641 1306 1695 δὲ
1337 1619 1530 1712 οὗτος;
1568 1619 1692 1700 Ὅτι
1732 1648 1780 1703 τὲ

233 1711 332 1746 ..ευ
375 1714 432 1746 ι..
476 1719 751 1746 “unum,”
793 1723 985 1746 u--__,,
1035 1741 1048 1746 -
1126 1730 1137 1746 .
1184 1732 1223 1746 ο..
1385 1735 1397 1746 .
1492 1737 1504 1746 .
1659 1739 1671 1746 .

1906 1619 1918 1620 7
2305 1619 2309 1620 ν
2365 1619 2592 1626 μνημ--
2642 1619 2798 1633 ..νυ-α
2853 1619 3085 1643 unum".
3133 1619 3270 1659 νυιιι
3326 1619 3470 1659 hanc

1903 1656 2115 1716 quoque
2148 1651 2286 1708 habe
2323 1662 2664 1719 sententiam.
2723 1665 2974 1734 Quaenam
3029 1692 3152 1736 vero
3203 1694 3287 1740 est
3331 1688 3470 1746 illa?

231 1711 332 1780 μὲν
373 1714 432 1766 ὲν
476 1719 755 1793 κεφαλαίῳ
793 1723 1010 1793 λέγεται
1035 1741 1049 1757 '
1082 1730 1151 1784 τὰ
1179 1732 1235 1786 δὲ
1269 1735 1410 1788 κατὰ
1455 1737 1547 1790 τὸν
1576 1739 1796 1810 τρόπον,

227 1803 350 1856 καθ’
383 1805 440 1858 6v
475 1807 703 1865 ἕκαστον
732 1814 974 1884 γέγονεν,
1005 1822 1139 1892 ἡμῖν
1162 1826 1530 1896 παραδίδοται.
1559 1803 1798 1887 ’Ᾰνωθεν

224 1892 332 1963 μὲν
380 1892 472 1950 οὖν
515 1901 596 1954 ὅτι
641 1905 735 1958 καὶ
772 1908 1058 1978 ἐποίησεν,
1127 1892 1570 1991 οὐκ-ἐνδιέτριψε
1612 1921 1671 1973 δὲ
1719 1921 1797 1993 τῷ

221 1985 412 2057 τρόπῳ
452 1989 554 2060 τῆς
597 1996 869 2067 ποιήσεως
893 2018 908 2033 ο
954 1994 1056 2055 ὧδε
1096 2006 1191 2058 καὶ
1234 2007 1351 2073 πῶς
1384 1985 1657 2084 ἐποίησεν.
1730 1985 1796 2069 Εἰ

219 2078 328 2150 γὰρ
356 2081 546 2148 ἁπλῶς
576 2083 748 2154 εἶπεν,
793 2091 874 2145 ὅτι
917 2095 1192 2169 ἐποίησεν,
1250 2078 1540 2170 ἐλογίζετο-
1576 2106 1663 2171 ἂν,
1710 2108 1792 2161 ὅτι

220 2169 477 2240 εποίησεν
523 2174 598 2238 ὡς
626 2177 693 2231 τὰ
720 2181 913 2254 κτήνη,
955 2184 1032 2248 ὡς
1080 2187 1150 2241 τὰ
1190 2169 1374 2262 θηρία,
1414 2193 1491 2257 ὡς
1530 2194 1598 2248 τὰ
1628 2169 1788 2265 (ῥυτὰ,

219 2267 295 2319 ως
314 2258 407 2311 τὸν
435 2261 649 2330 χόρτον.
684 2267 797 2321 Ἵνα
820 2266 911 2323 οὖν
935 2273 1113 2347 φύγῃς
1131 2276 1229 2348 τὴν
1245 2258 1399 2351 ⁷πρὸς
1422 2280 1493 2336 τὰ
1525 2258 1792 2356 ἀγριώτελ-

222 2357 291 2413 pa
333 2347 428 2399 καὶ
480 2350 911 2429 ἀναισθητότερα
966 2347 1274 2431 κοινωνίαν,
1309 2347 1424 2441 -τὴν
1483 2347 1789 2438 ἰδιάζουσαν

219 2437 347 2508 περὶ
387 2439 448 2492 σὲ
481 2442 572 2495 τοῦ
607 2445 739 2500 Θεοῦ
783 2451 1157 2528 φιλοτέχνησιν
1185 2460 1212 2511 6
1254 2437 1412 2531 λόγος
1443 2465 1783 2538 παρέδωκεν.

219 2524 474 2581 Ἔλαϐεν
497 2534 528 2584 ὀ
562 2535 705 2601 Θεὸς
735 2540 890 2607 χοῦν
933 2524 1063 2599 ἀπὸ-
1101 2546 1213 2616 τῆς
1241 2524 1567 2620 γῆξίἘκεῖ
1604 2553 1780 2624 εἶπεν,

213 2613 292 2668 ὅτι
329 2619 608 2693 ἐποίησεν,
644 2628 875 2684 ἐνταῦθα
918 2632 975 2685 δὲ
1017 2636 1134 2701 πῶς
1163 2613 1389 2712 εποίησε
1415 2659 1428 2673 °
1458 2645 1590 2715 χοῦν
1625 2613 1781 2703 ἔλαϐε

210 2704 317 2758 ἀπὸ
345 2709 446 2779 τῆς
499 2715 621 2783 γῆς,
661 2717 756 2770 καὶ
799 2719 999 2776 ἔπλασε
1047 2728 1166 2790 ταῖς
1199 2704 1356 2794 ίδίαίς
1405 2704 1614 2803 χερσίν.
1658 2737 1780 2791 Ἐν-

212 2794 506 2872 θυμήθητι,
542 2806 658 2872 πῶς
702 2810 1008 2885 ἐπλάσθης·
1051 2817 1111 2870 τὸ
1146 2794 1507 2894 ἐργαστήριον
1538 2827 1639 2898 τῆς
1682 2830 1781 2900 φύ-

211 2902 348 2950 σεως
396 2889 639 2959 λόγισαιο
679 2900 802 2970 χείρ
852 2904 965 2957 ἐστι
1014 2905 1149 2960 Θεοῦ
1181 2889 1230 2982 -ή
1295 2889 1775 2973 κατασκευάσασα.

207 2979 281 3033 Τὸ
300 2978 394 3036 οὗν
422 2987 574 3057 παρά
604 2989 737 3046 Θεοῦ
762 2995 1015 3063 πλασθὲν,
1044 3000 1132 3054 διὰ
1157 2978 1421 3076 πονηρίας
1449 3008 1522 3080 μὴ
1553 3011 1774 3084 μιανθῇ,
1804 3051 1846 3108 C

207 3071 271 3108 εν*
311 3074 589 3108 ἧκαν-ι..-
633 3082 703 3108 ...~.
766 3085 904 3108 msh
942 3089 1018 3108 ,n-o
1172 3092 1184 3108 ι
1253 3097 1267 3108 .
1371 3096 1384 3108 .
1553 3101 1599 3108 -.
1711 3104 1736 3108 _

202 3071 271 3124 δι’
311 3074 589 3148 ἁμαρτίας
631 3082 704 3155 μὴ
759 3085 1057 3162 άλλοιωθῇ,
1124 3092 1199 3165 μὴ
1250 3071 1522 3169 ἐκπέσῃ-ς’
1548 3071 1637 3172 big:

203 3167 535 3241 συνεχούσης
586 3188 644 3224 σε
670 3177 850 3246 χειρὸς
882 3181 974 3233 τοῦ
1027 3182 1183 3237 θεοῦ.
1218 3167 1506 3252 Σκεῦας-ἐἰ
1548 3167 1776 3247 θεόπλα-

201 3273 346 3326 στον,
388 3261 541 3333 παρὰ
573 3264 708 3319 Θεοῦ
738 3270 1025 3341 γενόμενον
1045 3291 1060 3306 ·
1098 3276 1286 3342 δόξαζε
1324 3281 1415 3335 τὸν
1449 3287 1769 3356 ποιήσαντα.

198 3347 334 3400 Οὐδὲ
372 3349 484 3422 γὰρ
513 3351 673 3407 ἄλλου
697 3358 843 3423 τινὸς
872 3360 1056 3435 ἕνεκεν
1091 3366 1300 3434 ἐγένου,
1332 3370 1365 3441 ἢ
1418 3371 1505 3425 ἵνα
1542 3347 1772 3445 όργανον

194 3433 263 3511 ᾖς
284 3440 587 3512 ἐπιτήδειον
616 3447 716 3518 τῆς
739 3447 896 3520 δόξης
920 3433 1013 3506 τοῦ
1054 3454 1211 3511 Θεοῦ.
1241 3433 1481 3535 Καιγάρ
1511 3466 1539 3517 6
1570 3433 1773 3539 κόσμος

192 3522 349 3594 οὗτός
404 3549 486 3586 σοι
536 3535 654 3601 ὅλος
684 3537 872 3610 ὥσπερ
918 3560 970 3597 τι
1027 3545 1229 3615 βιϐλίον
1265 3522 1540 3626 ἐγγραίρόν
1596 3522 1766 3628 ἐστιν,

192 3620 670 3697 ὑπαγορευόμενον
702 3631 801 3700 τὴν
825 3634 919 3687 τοῦ
975 3636 1109 3693 Θεοῦ
1157 3620 1477 3719 δόξαν-*τὴν
1523 3620 1768 3724 (Ξιπόκρυζ

190 3727 292 3780 φον
325 3717 420 3768 καὶ
474 3718 699 3788 ἀόρατον
744 3740 839 3778 του
893 3726 1026 3780 Θεοῦ
1083 3717 1470 3807 μεγαλωσύνην
1520 3739 1586 3793 δι’
1638 3717 1765 3796 ἐαυ-

2651 1717 2660 1719 ε
2731 1717 2973 1734 ,ιη-...ω-
3035 1717 3152 1736 υυιυ
3203 1717 3287 1740 σοι
3331 1717 3464 1746 uti”

1830 1717 1874 1773 Β
1901 1734 2104 1807 Nempe
2137 1744 2330 1809 partim
2371 1755 2679 1810 summatim
2717 1760 2899 1818 dicere
2928 1763 3304 1845 Scripturam;
3340 1794 3467 1849 par-

1901 1827 1997 1881 tim
2052 1835 2265 1890 modum
2311 1853 2420 1908 quo
2470 1844 2679 1915 singula
2724 1867 2949 1925 quaeque
2982 1827 3124 1918 facta
3152 1827 3466 1936 sint,’n:)bis

1900 1920 2131 1983 tradere.
2164 1925 2421 1997 Superius
2452 1934 2614 2006 igitur
2642 1920 2803 1999 etiam
2847 1946 3042 2008 fecisse
3085 1956 3353 2019 hominem
3380 1968 3466 2023 di-

1896 2009 1996 2073 xit,
2023 2011 2076 2066 in
2108 2018 2269 2073 modo
2301 2030 2476 2078 tamen
2527 2042 2633 2096 quo
2663 2032 2733 2087 sit
2776 2034 2952 2095 factus
3002 2058 3111 2100 non
3144 2049 3302 2109 haesit
3328 2071 3344 2121 ;
3373 2057 3463 2116 hic

1894 2102 2113 2158 modum
2138 2122 2350 2179 quoque
2379 2117 2541 2172 tradit
2569 2135 2676 2189 quo
2706 2126 2855 2182 fecit.
2885 2130 2941 2186 Si
2970 2136 3114 2192 enim
3143 2102 3462 2215 simplici-te;

3156 2194 3452 2215 ,,__.,-._.....

1893 2205 2015 2247 eum
2046 2194 2238 2255 fecisse
2266 2204 2508 2274 dixisset,
2527 2212 2926 2275 existimaretur
2947 2222 3027 2279 sic
3056 2230 3255 2291 fecisse
3271 2249 3461 2306 quem-

1893 2285 2119 2306 ...ΙΑΑΑ-Ινς
2238 2293 2253 2306 ⁹

1891 2285 2178 2343 admodum
2230 2293 2496 2365 jumenta,
2528 2306 2975 2371 quemadmodum
3020 2317 3244 2390 bestias,
3266 2285 3459 2398 quem-

1890 2376 2173 2436 admodum
2198 2386 2415 2456 stirpes,
2453 2399 2903 2461 quemadmodum
2942 2407 3143 2469 fenum.

1890 2466 1991 2494 μυ
2043 2486 2226 2494 “mu
2495 2488 2506 2494 _
2637 2489 2656 2494 _

1888 2466 1992 2524 hoc
2038 2486 2268 2544 caveas;
2300 2495 2369 2536 ne
2408 2488 2594 2542 eadem
2629 2489 2766 2549 forte
2810 2505 2971 2568 atque
3012 2466 3454 2574 agrestioraaani-

1886 2563 2111 2630 mantia,
2141 2575 2303 2638 atque
2331 2587 2361 2627 a
2392 2576 2559 2631 sensu
2595 2586 2882 2643 remotiora
2922 2606 3151 2664 corpora
3192 2601 3449 2676 habeare,

1886 2654 2192 2676 ..-ψιεημ
2275 2671 2285 2676 _
2352 2665 2442 2676 ...

1885 2654 2154 2719 peculiare
2178 2660 2230 2714 in
2272 2671 2322 2718 te
2350 2665 2442 2721 Dei
2470 2671 2691 2729 artiﬁcis
2710 2689 2928 2746 Operam
2972 2654 3249 2760 scriptura
3284 2654 3451 2758 tradi:

1884 2741 1964 2797 dit
2001 2761 2015 2796 :
2052 2746 2285 2819 Snmpsit
2340 2755 2482 2814 Deus
2544 2741 2802 2831 pulverem
2845 2772 2911 2827 de
2958 2741 3452 2850 (errati-lic

1883 2837 2025 2902 quod
2062 2838 2285 2910 fecerit‘,
2311 2845 2398 2903 hic
2446 2865 2576 2906 vero
2620 2857 2833 2912 modum
2876 2876 2983 2932 quo
3020 2868 3168 2931 fecit.
3207 2874 3450 2951 Sumpsit

1884 2924 1947 2951 Α..
1985 2937 2119 2951 nu.--
2170 2934 2258 2951 -ηι
2615 2944 2633 2951 ⁸

1882 2924 1949 2980 de
1985 2937 2123 2984 terra
2169 2934 2477 3007 pulverem,
2510 2952 2563 2998 et
2609 2944 2862 3006 formavit
2892 2962 3125 3030 propriis
3175 2924 3443 3031 manibius.

1880 3013 1998 3070 Alta
2028 3032 2206 3077 mente
2233 3027 2405 3097 cogita
2454 3039 2721 3101 quomodo
2757 3013 3020 3105 form-atus
3049 3054 3125 3108 sis
3153 3071 3169 3115 :
3201 3072 3320 3128 quae
3355 3079 3447 3118 na-

1879 3115 2011 3164 turae
2045 3110 2274 3183 ofﬁcina,
2302 3121 2483 3179 animo
2522 3139 2729 3198 reputa,
2767 3135 2858 3190 Dei
2888 3140 3094 3199 scilicet
3118 3162 3309 3208 manus
3338 3166 3440 3224 est,

1871 3212 1990 3267 quae
2025 3212 2074 3260 te
2106 3217 2187 3262 est
2210 3209 2492 3273 fabricata.
2524 3221 2676 3288 Quod
2720 3228 2900 3300 itaque
2935 3236 3042 3292 Deo
3073 3254 3294 3304 auctore
3326 3250 3441 3307 for-

1870 3302 2072 3350 matum
2102 3308 2202 3369 est,
2224 3318 2355 3360 cave
2381 3324 2446 3364 ne
2474 3326 2567 3381 per
2596 3318 2848 3377 malitiam
2878 3328 3181 3403 polluatur;
3217 3355 3286 3396 ne
3309 3358 3439 3413 pec-

2878 3386 2895 3396 .
3092 3386 3136 3390 νέ-
3166 3386 3181 3403 ι
3217 3386 3285 3396 --ν
3309 3386 3437 3413 rw‘

1869 3386 1976 3441 cati
2008 3395 2259 3463 contagio
2290 3397 2346 3452 in
2391 3402 2661 3462 diversum
2710 3424 2964 3483 mutetur,
2994 3439 3062 3479 ne
3094 3441 3353 3491 excussus
3380 3439 3437 3494 vi

1869 3490 1898 3529 a
1929 3477 2019 3533 Dei
2050 3496 2209 3538 manu
2236 3494 2286 3542 te
2312 3505 2666 3556 conservante
2709 3507 3028 3571 prolabaris.
3066 3515 3172 3575 Vas
3206 3536 3265 3578 es
3296 3525 3435 3583 divi-

1867 3567 2013 3624 nitus
2064 3571 2374 3649 formatum,
2407 3598 2436 3638 a
2488 3586 2599 3644 Deo
2631 3597 2932 3667 conditum;
2964 3604 3119 3664 lauda
3167 3627 3288 3671 eum
3339 3623 3431 3690 qui

1867 3656 1987 3690 fnnh
2048 3661 2225 3690 At---“
2271 3673 2380 3690 __-,
2506 3678 2537 3690 ..
2643 3683 2676 3690 .-

2918 3656 2931 3667 I
2988 3656 3119 3664 -ννν--ε
3169 3656 3287 3671 vulll
3380 3656 3428 3678 ul

1862 3656 2010 3715 fecit.
2043 3661 2228 3735 Neque
2266 3673 2409 3728 enim
2465 3678 2571 3733 ulla
2606 3683 2708 3739 alia
2754 3702 2836 3742 er
2872 3707 3034 3752 causa
3074 3656 3428 3780 condituszs,

1862 3762 2019 3780 (In-nm
2051 3764 2106 3780 na
2141 3758 2322 3780 J3-.:_-_
2354 3763 2367 3780 I
2459 3766 2492 3780 ι.
2554 3771 2565 3780 .
2591 3773 2604 3780 -

1859 3762 2020 3817 quam
2051 3764 2108 3809 ut
2136 3758 2328 3815 divinae
2352 3763 2524 3824 laudis
2552 3771 2799 3833 idoneum
2829 3797 3091 3854 organum
3132 3809 3304 3857 esses.
3343 3758 3435 3860 Et:

187 3802 285 3855 τοῦ
307 3804 619 3876 διαγγέλλον
669 3815 860 3887 σοιτῷ
915 3819 1036 3872 νοῦν
1090 3821 1283 3893 ἔχοντι,
1327 3830 1407 3892 εἰς
1440 3833 1764 3907 κατανόησιν

187 3893 325 3948 Θεοῦ
358 3898 458 3949 τῆς
487 3901 760 3949 ἀλτὶθείαε-
800 3908 1024 3949 "(Euam-
1050 3909 1143 3949 ηπ..
1196 3916 1466 3949 "tinuum.-.
1524 3923 1596 3949 I..\
1652 3926 1759 3949 _.~.-.

1880 3802 1893 3817 _
2057 3802 2108 3809 __
2136 3802 2327 3815 _........
2352 3802 2524 3824 ...υυιο
2552 3802 2799 3833 .uuucum
2829 3802 3091 3854 organum
3132 3809 3304 3857 esses.
3343 3805 3432 3860 Et-

1880 3840 2001 3893 enim
2036 3847 2266 3903 mundus
2294 3851 2379 3907 hic
2406 3858 2687 3919 universus
2719 3869 2863 3924 velut
2899 3874 3033 3931 liber
3052 3883 3267 3949 quidam
3292 3894 3432 3948 scriv

187 3893 325 3948 Θεοῦ
358 3898 458 3968 τῆς
487 3901 761 3973 ἀληθείας.
800 3908 1024 3976 Πάντως
1050 3909 1143 3969 οῦν
1194 3916 1471 3989 μέμνησαι
1522 3923 1597 3996 (α)

185 4079 283 4135 Dei
316 4085 680 4156 majestatem,
712 4106 742 4146 a
777 4108 836 4149 se
864 4096 981 4166 tibi,
1012 4101 1103 4170 qui
1135 4103 1345 4159 ratione
1407 4111 1668 4177 praeditus
1731 4115 1831 4185 sis,

178 4174 418 4234 Prorsus
450 4181 611 4252 igitur
633 4202 751 4254 quae
783 4189 926 4246 dicta
967 4206 1092 4249 sunt
1118 4200 1376 4255 memoria
1406 4209 1607 4261 teneto.

2940 3926 3022 3931 η--
3055 3926 3065 3933 .
3094 3926 3267 3943 ..........
3292 3926 3432 3948 οωιν

1650 3926 1760 3982 τῶν
1856 3941 1980 4000 ptus
2012 3936 2105 3991 tibi
2140 3948 2242 4007 est,
2272 3945 2361 4012 qui
2389 3946 2483 4003 Dei
2517 3953 2725 4013 laudem
2758 3971 2920 4033 atque
2957 3926 3179 4037 gloriam
3210 3979 3264 4034 in
3311 3982 3447 4041 me?

1854 4027 2082 4083 moriam
2108 4046 2365 4106 revocet;
2399 4046 2662 4104 occultam
2698 4063 2860 4123 atque
2881 4061 3053 4118 oculis
3092 4067 3421 4140 inaspectam

1872 4120 1935 4140 Α
1970 4121 2062 4140 η.
2197 4129 2209 4140 .
2345 4137 2356 4140 -

1869 4120 1935 4175 ad
1967 4121 2085 4192 Dei,
2119 4129 2210 4197 qui
2246 4137 2445 4192 veritas
2493 4150 2597 4209 est,
2634 4145 3034 4222 intelligentiam
3072 4166 3420 4226 annuntians.

249 4270 308 4323 2·
338 4274 447 4326 Κάὶ
485 4279 832 4347 ηὐλόγησεν
855 4286 1076 4354 αὐτοὺς
1110 4293 1143 4344 ὀ
1182 4292 1344 4360 Θεὸς,
1398 4298 1496 4350 καὶ
1549 4295 1752 4354 εἷπεν-ο

249 4360 529 4403 ἰἒάνι-ηνηρ
560 4368 654 4403 νηὶ
680 4387 721 4403 εγ
740 4376 1057 4403 σκωιμηηη,
1116 4383 1210 4403 -.με
1266 4389 1332 4403 γε.
1437 4388 1448 4403 ρ
1685 4391 1696 4403 .

1926 4305 1980 4361 2.
2011 4305 2080 4363 Et
2120 4310 2375 4370 benedixit
2390 4318 2465 4372 eis
2492 4322 2652 4391 Deus,
2680 4336 2730 4381 et
2764 4332 2840 4385 ait
2871 4346 2891 4387 :
2918 4335 3142 4395 Crescite
3165 4353 3215 4398 et
3239 4348 3420 4403 multi-

175 4360 529 4424 Αὑξάνεσθε
558 4368 655 4421 καὶ
677 4376 1075 4445 πληθύνεσθε,
1111 4383 1212 4436 καὶ
1249 4388 1607 4454 πληρώσατε
1639 4391 1753 4461 τὴν

174 4450 317 4520 γῆν.
352 4455 524 4526 Διπλῆ
573 4460 741 4534 γὰρὴ
779 4464 1039 4538 αὕξησις’
1069 4473 1101 4543 ἡ
1155 4475 1253 4544 μὲν
1298 4450 1578 4548 σιὶἷματος,
1633 4483 1666 4554 ή
1696 4450 1753 4536 δὲ

172 4546 375 4616 ψυχῆς.
425 4548 582 4603 Ἀλλὰ
617 4554 649 4623 ή
692 4554 868 4627 ψυχῆς
901 4559 1208 4636 cognatm;
1256 4567 1343 4622 διὰ
1365 4546 1472 4622 τῶν
1510 4546 1760 4644 μαθημά-

170 4651 283 4688 των
316 4639 397 4701 εἰς
438 4640 715 4698 τελείωσιν
768 4650 1052 4725 προσθήκη
1079 4670 1092 4683 ·
1138 4655 1390 4728 σώματος
1413 4661 1469 4715 δὲ
1500 4639 1751 4737 αὔξησις,

168 4727 201 4794 ἡ
231 4727 342 4779 ἀπὸ
370 4731 567 4802 μικροῦ
599 4736 680 4799 εἰς
700 4737 761 4790 τὸ
789 4740 1028 4813 καθῆκον
1059 4727 1255 4819 μέτρον
1286 4727 1750 4822 ἀποκατάστασιςί

168 4818 245 4871 T6
273 4815 370 4873 οὖν
389 4823 736 4888 Αὺξάνεσθε
769 4831 861 4883 ἐπὶ
892 4815 1110 4891 πάντων
1141 4815 1454 4912 λεγόμενον,
1490 4851 1602 4911 τοῖς
1651 4849 1751 4919 μὲν

165 4908 388 4979 ἀλόγοις
435 4913 626 4982 ζώοις,
685 4921 825 4974 κατὰ
873 4923 971 4995 τὴν
1020 4927 1115 4980 τοῦ
1168 4931 1418 5003 σώματος
1469 4939 1748 4994 τελείωσιν

164 4999 314 5052 κατά
368 5002 459 5056 τὸν
505 5006 850 5080 ἀπαρτισμὸν
896 5014 996 5084 τῆς
1033 4999 1267 5087 φύσεως,
1321 5027 1569 5098 εἴρηται·
1610 5031 1744 5100 ἡμῖν

163 5093 262 5145 καὶ
284 5095 401 5156 τοῖς
430 5095 688 5164 λογικοῖς,
718 5102 779 5155 τὸ
801 5104 1183 5176 Αῠξάνεσθε,
1231 5093 1490 5171 κατὰ-τδν
1515 5093 1744 5176 ἔσω-ἀν-

161 5181 418 5253 θρωπον,
465 5188 606 5242 κατά
635 5192 735 5263 τὴν
770 5200 1050 5272 προκοπὴν
1087 5204 1185 5275 τὴν
1223 5208 1303 5271 εἰς
1348 5208 1480 5264 Θεὸν
1509 5212 1743 5282 ἀνάγου-

160 5290 262 5326 σαν
285 5289 298 5303 ’
331 5270 442 5341 οἷος
470 5274 539 5349 ἦν
564 5283 591 5333 6
616 5283 845 5352 Παῦλος,
875 5293 990 5354 τοῖς
1008 5270 1110 5363 μὲν
1141 5270 1453 5369 ἔμπροσθεν
1486 5270 1741 5358 ἐπεκτει-

157 5365 406 5435 νόμενος,
430 5369 540 5423 τῶν
556 5372 600 5425 δ’
616 5374 839 5434 ὄπισθεν
873 5365 1380 5458 ἐπιλανθανόμενος.
1416 5393 1562 5466 Αῦτη
1590 5396 1737 5450 ἐστὶν

156 5456 453 5530 ήαΰξησις,
469 5464 501 5534 η
523 5467 632 5518 τῶν
649 5468 1018 5543 θεωρημάτων
1034 5477 1131 5549 τῆς
1147 5456 1426 5549 εὐσεϐείας
1442 5456 1727 5558 ἀνάληψις,

221 5573 269 5606 ⁸⁸
288 5574 438 5633 Psal.
468 5593 657 5646 ωινιη,
680 5584 767 5641 73.
845 5589 889 5620 ²⁹
917 5589 1053 5645 Gen.
1083 5610 1123 5660 ι,
1143 5596 1234 5653 28.
1307 5601 1352 5633 ²⁰
1375 5600 1602 5675 Philipp.
1627 5623 1709 5675 In,
1742 5614 1826 5671 15.

1852 4595 1968 4635 rum
1996 4595 2222 4653 augetur
2268 4593 2519 4661 animus,
2545 4614 2666 4655 cum
2706 4604 2999 4677 disciplinis
3052 4620 3316 4677 excolitur
3348 4641 3415 4681 ac

1850 4674 2128 4737 perficitur
2170 4693 2184 4731 :
2219 4693 2414 4751 corpus
2470 4698 2651 4743 autem
2697 4674 2929 4764 crescit,
2962 4702 3086 4758 dum
3128 4723 3195 4761 ex
3243 4726 3411 4780 parva

1848 4761 1990 4818 mole
2033 4766 2099 4820 ad
2136 4767 2338 4838 justum
2371 4790 2434 4831 ac
2458 4793 2838 4851 congruentem
2874 4796 3259 4862 magnitudinis
3293 4819 3411 4860 mo—

1847 4848 1972 4903 dum
1998 4858 2266 4921 provenit.
2300 4848 2750 4940 Crescerc'igitur
2779 4878 2919 4943 quod
2941 4848 3006 4935 de
3045 4889 3293 4945 omnibus
3326 4895 3407 4947 di-

1844 4951 2028 5010 catur;
2052 4946 2226 5005 brutis
2251 4954 2467 5022 quidem
2501 4962 2861 5024 animantibus
2884 4970 3084 5030 dictum
3109 4989 3212 5045 est,
3244 4992 3301 5037 ut
3335 4987 3403 5040 ad

1841 5036 2083 5101 corporis
2105 5040 2488 5106 perfectionem
2522 5051 2764 5111 instituta
2798 5072 2987 5117 natura
3019 5073 3359 5135 pervenirent
3385 5096 3399 5131 :

1841 5125 1994 5179 nobis
2031 5138 2208 5184 autem
2250 5133 2305 5213 in
2358 5138 2603 5197 interiori
2658 5147 2874 5206 homine
2904 5157 3073 5222 posita
3119 5170 3399 5223 crescendi

2250 5202 2283 5213 η
2904 5202 3073 5222 τη.--
3120 5202 3399 5223 “esse...”

1835 5211 1945 5277 lex,
1976 5217 2216 5282 profectu
2238 5222 2329 5280 illo
2353 5230 2441 5297 qui
2467 5236 2711 5299 provehit
2737 5242 2802 5294 ad
2834 5242 3038 5312 Deum;
3072 5251 3248 5319 qualis
3283 5270 3404 5314 erat

1834 5302 2056 5371 Paulus,
2096 5313 2162 5366 ad
2195 5327 2258 5368 ea
2286 5332 2407 5386 quae
2434 5335 2463 5374 a
2496 5321 2672 5382 fronte
2700 5336 2993 5392 extendens
3027 5346 3396 5418 semetipsum,

1833 5404 1887 5448 et
1943 5413 2255 5480 qn:e_retro
2301 5424 2481 5468 essent
2535 5419 2857 5482 obliviscens
2886 5428 3090 5489 '°.lloc
3140 5437 3397 5498 nimirum

1839 5501 2205 5563 augmentum,
2265 5501 2473 5570 piarum
2526 5516 3032 5587 contemplationum
3086 5543 3402 5591 sensorumr

225 5687 305 5759 to)
337 5688 677 5761 Μέμνησαι.
701 5698 771 5754 At
797 5700 1058 5773 interpres
1098 5708 1181 5783 ita
1215 5717 1395 5785 vertit,
1422 5725 1570 5791 quasi
1621 5727 1780 5799 legiss

1880 5734 2128 5811 ιέμνησο.
2164 5741 2325 5805 Eon.

456 5786 733 5854 ΡΑΤιιοι.
781 5797 899 5857 Gn.
946 5801 1154 5869 XXX.
