3838 6214
380 279 447 334 ιδ
1320 270 1660 327 APPENDIX
1700 267 1986 325 OPERUM
2026 268 2083 323 S.
2125 268 2373 325 BASILII
2411 268 2649 326 MAGNI.
3530 270 3605 326 ιι

373 417 480 469 que
548 397 715 454 animi
780 396 1049 466 susceptio
1088 412 1105 461 ;
1141 395 1207 450 ad
1266 394 1318 450 id
1375 395 1517 465 quod
1580 392 1752 463 frugis
1817 406 1928 446 am-

2033 392 2064 462 ή
2100 392 2192 444 τοῦ
2222 391 2461 454 πλείονος
2489 392 2801 454 ἓπέκτασις,
2821 390 2881 444 τὺ
2906 390 2992 445 ἀεὶ
3013 390 3299 462 ὀρέγεσθαι
3325 391 3475 462 ἡμᾶς
3495 391 3607 443 τῶν

372 494 560 563 plioris
601 494 673 548 sit
720 489 1123 564 superextensio
1157 506 1172 555 ;
1206 501 1393 542 eorum
1457 501 1576 555 quae
1629 499 1788 555 supra
1835 498 1933 538 nos

372 592 501 638 sunt
569 581 711 654 jugis
775 578 1135 647 continuaque
1198 575 1502 645 appetitio:
1550 574 1600 629 id
1655 575 1795 643 quod
1843 589 1934 629 ac-

372 676 570 739 cessit,
617 680 763 728 retro
817 684 1028 739 semper
1076 669 1392 735 dimittere;
1438 668 1580 737 quod
1626 681 1757 722 vero
1803 666 1933 721 reli—

375 782 540 834 qttum
590 773 697 829 est,
733 771 797 818 ut
853 760 991 831 quod
1029 759 1380 823 desideretur,
1418 773 1517 828 pro
1556 757 1702 813 virili
1750 766 1933 812 nostra

372 855 536 927 339
554 848 1010 923 requirere.Talis
1035 847 1338 912 eratlsaac,
1356 849 1422 902 de
1443 862 1549 917 quo
1566 848 1930 903 testimonium

375 948 506 1001 illud
545 944 719 1000 sacris
740 942 965 998 Litteris
999 939 1375 1009 consignatum
1394 950 1475 994 est
1509 958 1523 995 :
1561 938 1628 993 Et
1651 940 1934 1009 procedens

373 1037 637 1091 excitatus
667 1045 767 1098 est,
799 1032 963 1086 donec
988 1046 1209 1100 magnus
1239 1030 1409 1098 factus
1435 1040 1510 1084 est
1542 1032 1610 1085 “.
1644 1030 1760 1086 Non
1788 1032 1933 1086 enim

373 1127 675 1192 abscessu,
707 1139 807 1181 nec
833 1140 955 1179 cum
991 1138 1183 1193 parum
1223 1132 1412 1178 auctus
1443 1132 1608 1187 esset,
1654 1125 1931 1190 substitit;

371 1222 469 1276 sed
521 1218 733 1289 magnis
784 1229 996 1285 semper
1035 1214 1312 1283 gressibus
1352 1214 1657 1282 processit,
1706 1214 1931 1283 gradum

371 1310 439 1365 ad
469 1310 726 1364 virtutem
769 1307 985 1362 tollens.
1014 1305 1407 1374 Temperantia:
1447 1305 1621 1360 stadia
1667 1321 1732 1361 ac
1758 1307 1933 1362 conti-

368 1400 566 1454 nentiae
597 1397 759 1453 celeri
807 1396 944 1465 pede
990 1393 1272 1458 transivit;
1309 1393 1578 1463 justitiam
1627 1394 1927 1461 inscendit,

369 1491 494 1545 exin
543 1487 913 1545 fortitudinem
946 1485 1290 1551 conscendit;
1340 1493 1500 1554 atque
1531 1485 1603 1538 ita
1644 1486 1931 1555 gradiens,

369 1586 438 1638 ad
462 1596 728 1639 summum
751 1580 877 1636 boni
902 1579 1108 1647 apicem
1131 1578 1215 1632 vir
1233 1577 1414 1646 justus
1437 1578 1652 1647 fastigio
1675 1580 1930 1649 assurgit.

370 1673 600 1729 Crescite
626 1671 794 1742 igitur
823 1684 888 1725 eo
917 1679 1217 1734 cremento,
1247 1684 1309 1723 ea
1339 1669 1671 1736 perfectione
1700 1686 1822 1739 quae
1850 1683 1934 1726 est

2040 483 2333 553 ὑπὲρήμᾶς
2348 501 2361 513 ·
2394 483 2453 535 τὸ
2469 482 2893 554 προσγενόμενον
2924 484 3021 553 μὲν
3045 483 3133 535 ἀεὶ⁵
3152 483 3379 537 κατόπιν
3407 481 3605 535 ἑαυτοῦ

2037 574 2272 643 ἀφιέναιο
2285 574 2344 627 τὸ
2364 574 2419 627 δὲ
2434 574 2616 627 λοιπὸν
2634 575 2732 644 τῆς
2750 573 3045 637 εὐσεϐείας,
3058 573 3215 627 τοῦτο
3224 574 3299 638 ὡς
3316 572 3491 626 ἐνδέον
3504 573 3607 642 ὅση

2037 665 2263 737 δύναμις
2290 664 2584 737 ἐπιζητεῖν.
2628 660 2752 728 Οἴος
2780 662 2847 735 ἦν
2887 665 3072 718 Ἰσαὰκ
3093 704 3108 729 ,
3142 665 3268 736 περὶ
3298 656 3359 717 οὗ
3393 664 3426 734 ή
3460 680 3606 733 μαρ-

2038 757 2198 828 τυρία
2223 757 2402 827 ἐκείνη
2429 756 2859 829 ἀναγέγραπται,
2883 758 2965 810 ὅτι
2989 757 3327 824 Προϐαίνων
3346 754 3605 823 ύψοῦτο,

2034 848 2241 919 μέγρις
2271 844 2343 904 οὗ
2389 847 2575 919 μένας
2624 847 2878 918 ἐγένετο.
2932 849 3006 902 Οὐ
3054 849 3163 921 γάρ
3203 848 3437 919 ἀπέστη,
3485 846 3609 899 οὐδὲ

2045 941 2237 1013 μικρὸν
2277 940 2532 1010 αὐξηθεὶς
2574 939 2898 1011 ἀπέμεινεν·
2946 939 3080 993 ἀλλά
3142 938 3464 1010 προέϐαινεν
3519 937 3610 989 ἀεὶ

2040 1032 2339 1103 διαδήμασι
2401 1030 2687 1102 μεγάλοις,
2740 1031 3047 1085 ἀναϐαίνων
3100 1031 3193 1084 ἐπὶ
3241 1030 3339 1100 τὴν
3380 1028 3601 1099 ἀρετήν.

2041 1123 2201 1193 Διέϐη
2238 1121 2455 1192 μεγάλῳ
2493 1121 2692 1192 βήματι
2741 1121 2840 1193 τὴν
2870 1120 3252 1193 σωφροσύνην·
3304 1118 3473 1190 ἐπέϐη
3507 1119 3610 1189 τὴν

2039 1213 2409 1283 δικαιοσύνην·
2439 1213 2647 1265 ἐκεῖθεν
2673 1213 2763 1265 ἐπὶ
2806 1211 2905 1283 τὴν
2944 1211 3193 1285 ἀνδρείαν
3225 1209 3412 1280 ἀνέϐη.
3449 1208 3610 1261 Οὕτω

2038 1305 2347 1369 διαϐαίνων,
2382 1305 2473 1357 ἐπὶ
2515 1305 2577 1357 τὸ
2601 1305 2767 1375 ἄκρον
2792 1302 2887 1356 τοῦ
2918 1303 3086 1373 ὕψους
3122 1302 3216 1355 τοῦ
3265 1299 3471 1370 ἀγαθοῦ
3514 1317 3611 1352 κο-

2042 1394 2300 1468 ρυφοῦται
2322 1397 2350 1448 ὁ
2372 1394 2596 1458 δίκαιος.
2620 1393 2963 1459 Αὺξάνεσθε
2985 1389 3077 1447 οὖν
3095 1392 3319 1463 αὔξησιν
3341 1392 3438 1461 τὴν
3464 1389 3610 1444 κατά

2038 1488 2191 1553 Θεὸν,
2217 1487 2488 1541 τελείωσιν
2521 1486 2619 1558 τὴν
2657 1488 2793 1542 κατά
2816 1488 2906 1541 τὸν
2938 1486 3083 1541 ἔνδον
3105 1486 3411 1556 ἄνθρωπον.
3440 1487 3607 1550 Πλη-

2038 1579 2310 1634 θύνεσθε.
2341 1579 2663 1649 Ἐκκλησίας
2688 1580 2722 1649 ἡ
2746 1579 2978 1647 εὐλογία.
3006 1578 3097 1648 Μὴ
3124 1579 3181 1630 ὲν
3208 1578 3310 1640 ἑνὶ,
3327 1575 3481 1646 φησι,
3508 1575 3609 1627 κα).

2039 1670 2161 1723 δυσὶ
2194 1672 2601 1742 περιγραφείτω
2640 1673 2673 1742 ἡ
2702 1671 2949 1739 θεολογία
2971 1686 2985 1701 ·
3030 1670 3145 1724 ἀλλ’
3175 1671 3255 1733 είς
3294 1671 3472 1722 πᾶσαν
3504 1668 3608 1735 τὴν

368 1761 663 1818 secundum
687 1759 877 1822 Deum,
905 1772 1026 1827 quae
1050 1759 1105 1809 in
1143 1758 1388 1812 interiori
1417 1758 1637 1814 homine
1659 1770 1927 1815 versatur.

2033 1765 2137 1833 γῆν
2163 1762 2489 1833 κηρυχθήτω
2521 1762 2582 1814 τὸ
2614 1763 2942 1830 Εὐαγγέλιον
2971 1763 3068 1833 τῆς
3107 1759 3399 1832 σωτηρίας.
3439 1762 3609 1827 Πλη-

368 1850 821 1920 Multiplicamini.
857 1847 1115 1903 Ecclesiae
1148 1849 1260 1903 haec
1293 1850 1598 1905 benedictio
1627 1861 1729 1907 est.
1766 1853 1845 1907 Ne
1874 1853 1929 1907 ia

368 1959 477 2000 uno
508 1959 573 2000 ac
603 1942 810 1999 duobus
837 1942 1317 1998 circumscribatur
1344 1943 1561 1999 deitatis
1591 1945 1804 2011 notitia,
1834 1945 1931 2000 sed

366 2034 424 2087 in
452 2046 667 2088 omnem
699 2041 898 2087 terram
932 2032 1209 2103 Evangelii
1242 2033 1435 2089 salutis
1462 2035 1773 2104 praedicatio
1802 2052 1929 2106 pro-

365 2122 592 2179 feratur.
618 2121 1076 2190 Multiplicamini,
1098 2121 1364 2191 quinam?
1389 2120 1497 2178 Vos
1518 2125 1615 2193 qui
1648 2140 1714 2180 ex
1746 2125 1930 2181 Evan-

365 2215 489 2285 gelii
527 2213 828 2269 rationibus
859 2212 1170 2267 nascimini.
1210 2213 1421 2282 Replete
1451 2195 1668 2272 terram.
1700 2216 1928 2273 Carnem

366 2304 518 2359 vobis
548 2304 729 2359 datam
771 2303 823 2357 in
851 2302 1169 2372 obsequium
1210 2302 1411 2372 replete
1458 2304 1614 2361 bonis
1654 2309 1928 2378 operibus.

365 2395 655 2464 Repleatur
689 2392 876 2448 oculus
905 2392 1022 2447 visu
1054 2406 1243 2447 eorum
1276 2408 1397 2463 qua:
1421 2394 1582 2450 ollicii
1614 2407 1741 2453 sunt
1768 2416 1784 2454 :
1818 2416 1931 2456 ma—

364 2501 467 2541 nus
501 2485 671 2553 plena:
713 2483 821 2538 sint
849 2483 1109 2538 bonorum
1156 2497 1382 2552 Operum
1422 2502 1436 2539 :
1478 2486 1732 2542 incedant
1766 2490 1929 2558 pedes

365 2578 433 2633 ad
473 2575 781 2631 invisendos
811 2575 1077 2639 infirmos,
1112 2575 1235 2644 agili
1278 2590 1465 2645 gressu
1492 2578 1558 2632 ad
1596 2592 1657 2632 ea
1691 2596 1812 2651 qua:
1840 2582 1931 2637 ho-

364 2676 516 2723 ne3ta
545 2680 719 2735 exque
756 2680 980 2720 munere
1025 2675 1170 2719 sunt.
1201 2664 1391 2721 Omnis
1435 2667 1800 2724 membrorum
1834 2688 1931 2727 no-

367 2767 604 2813 strorum
640 2757 955 2812 constitutio
999 2756 1157 2825 plena
1193 2758 1264 2810 sit
1293 2756 1671 2813 observatione
1711 2763 1932 2816 manda-

247 2897 255 2905 .
362 2858 540 2902 torum
571 2847 687 2901 Dei.
739 2845 853 2901 Hoc
893 2845 994 2902 sibi
1042 2844 1159 2900 vult
1209 2846 1349 2914 quod
1391 2846 1464 2902 ait
1515 2849 1582 2901 ad
1630 2849 1929 2914 hominem,

363 2938 581 3009 Replete
615 2947 830 2991 terram.
862 2936 1189 2991 Communes
1242 2936 1462 3006 quidem
1510 2948 1637 2992 sunt
1667 2947 1725 2993 et
1766 2941 1930 2995 mutis

361 3028 733 3085 animantibus
758 3042 953 3092 voces;
985 3027 1217 3097 propriae
1245 3036 1424 3081 tamen
1454 3027 1610 3094 fiunt,
1638 3043 1761 3084 cum
1789 3029 1841 3083 in
1866 3045 1930 3085 eo

362 3122 506 3193 quod
556 3130 641 3177 est
691 3120 760 3175 ad
811 3120 1134 3190 imaginem,
1182 3127 1237 3173 et
1284 3133 1391 3189 quo
1439 3120 1646 3174 honore
1689 3124 1926 3190 provecti

363 3227 552 3268 sumus
599 3212 1039 3280 impraztermisse
1086 3208 1193 3264 illis
1237 3211 1322 3264 usi
1356 3208 1638 3265 fuerimus.
1673 3209 1810 3265 Nam
1840 3212 1928 3266 illa

364 3304 583 3374 quidem
626 3300 895 3372 corporali
941 3312 1235 3372 augmento
1274 3310 1559 3370 crescunt;
1606 3317 1705 3359 nos
1744 3313 1925 3359 autem

360 3394 586 3465 spiritali
623 3411 641 3450 :
675 3404 836 3466 atque
875 3394 965 3449 illa
1004 3394 1223 3465 quidem
1270 3403 1468 3448 terram
1500 3394 1712 3465 replent
1736 3395 1926 3449 multi-

359 3486 487 3557 plici
528 3486 743 3565 sobole;
780 3500 879 3541 nos
919 3499 1047 3539 vero
1096 3484 1445 3552 coniunctam
1490 3485 1648 3539 nobis
1688 3495 1925 3555 terram,

359 3594 556 3649 corpus
596 3578 806 3635 scilicet
838 3593 868 3632 e
901 3586 1045 3632 terra
1076 3576 1440 3644 eﬂ‘ormat‘um,
1474 3578 1628 3634 bonis
1648 3579 1927 3650 replemus

357 3672 632 3738 operibus.
672 3669 805 3724 Ecce
856 3669 976 3723 dedi
1014 3667 1202 3734 “vobis,
1240 3669 1457 3739 inquit:
1502 3669 1668 3725 Omne
1727 3672 1925 3741 lignum

357 3759 496 3832 quod
529 3760 760 3831 fructum
809 3759 961 3813 habet
989 3761 1045 3812 in
1091 3759 1365 3827 semetipso
1391 3798 1408 3825 ,
1442 3760 1540 3812 erit
1582 3757 1725 3813 vobis
1759 3761 1813 3813 in
1846 3761 1926 3813 ci-

361 3853 480 3906 bum
508 3853 578 3905 ”.
621 3849 765 3905 Nihil
798 3848 1035 3905 Ecclesia
1068 3856 1356 3917 praetereat
1401 3867 1416 3904 :
1460 3851 1641 3904 omnia
1685 3850 1926 3919 legitima

359 3951 507 3998 sunt.
534 3939 650 3997 Non
677 3940 813 3995 dixit
838 3958 853 3994 :
885 3939 1013 3995 Dedi
1037 3939 1190 3994 vobis
1226 3940 1402 4008 pisces
1432 3941 1597 3995 maris
1623 3940 1676 3994 in
1706 3940 1883 3995 cibum
1908 3957 1925 4007 ;

359 4032 482 4088 dedi
506 4030 663 4086 vobis
695 4044 924 4100 pecora;
958 4030 1079 4085 dedi
1114 4030 1348 4099 reptilia,
1375 4030 1612 4085 volatilia
1633 4070 1648 4097 ,
1681 4029 1925 4100 quadru-

362 4125 518 4195 peda.
542 4121 662 4177 Non
689 4122 832 4177 enim
861 4122 914 4176 in
941 4121 1088 4175 hunc
1112 4135 1267 4176 usum
1290 4120 1450 4177 fuere
1478 4133 1687 4189 creata,
1718 4126 1921 4196 inquit;

336 4209 456 4269 'sed
489 4212 662 4284 prima
696 4209 785 4268 lex
815 4219 872 4265 ut
898 4209 1165 4265 fructibus
1189 4224 1536 4266 vesceremur
1558 4225 1923 4271 concesserat.

360 4301 722 4366 Adhucenim
751 4302 1000 4372 paradiso
1027 4301 1169 4372 digni
1194 4301 1666 4371 existimabamur,
1703 4303 1927 4374 ejusque

2033 1851 2307 1915 θύνεσθε,
2335 1850 2505 1915 τίνες;
2535 1852 2597 1903 Οἱ
2629 1851 2768 1905 κατά
2794 1850 2861 1913 τὸ,
2896 1852 3224 1920 Εὐαγγέλιον
3250 1848 3605 1921 γεννώμενοι.

2033 1938 2395 2007 Πληρώσατε
2447 1940 2563 2009 τὴν
2611 1940 2749 2010 γῆν.
2804 1942 2915 2013 Τὴν
2963 1941 3143 2013 σάρκα
3185 1942 3283 2012 τὴν
3315 1940 3610 2010 δεδομένην

2033 2031 2162 2101 ὑμῖν
2216 2034 2296 2095 είς
2342 2032 2683 2103 ὑπηρεσίαν,
2741 2030 3065 2101 πληρώσατε
3112 2031 3333 2099 ἀγαθῶν
3389 2030 3605 2103 ἔργων’

2031 2122 2307 2195 ὀφθαλμὸς
2328 2123 2541 2195 πλήρης
2565 2123 2705 2176 ἔστω
2722 2123 2815 2177 τοῦ
2840 2125 2971 2195 όρᾷν
2991 2124 3059 2177 τά
3081 2123 3268 2176 δέοντα
3289 2140 3304 2155 ’
3330 2123 3452 2193 χεὶρ
3469 2123 3613 2193 πλή-

2036 2227 2134 2284 ρης
2186 2212 2323 2266 ἔστω
2356 2213 2465 2266 τῶν
2501 2213 2720 2281 ἀγαθῶν
2780 2213 2991 2284 ἔργων’
3039 2214 3199 2278 πόδες
3240 2214 3610 2284 βαδιζέτωσαν

2030 2306 2111 2368 εἰς
2136 2305 2420 2375 ἐπίσκεψιν
2465 2305 2865 2368 ἀσθενούντων,
2901 2308 3214 2379 πορευτικοὶ
3245 2307 3398 2371 ὄντες
3446 2309 3532 2377 ἐφ’
3567 2307 3610 2361 ἃ

2031 2396 2275 2469 προσῆκε
2294 2413 2307 2426 ·
2338 2398 2486 2450 πᾶσα
2511 2398 2543 2466 ἡ
2572 2396 2680 2449 τῶν
2719 2396 2895 2467 μελῶν
2927 2398 3082 2469 ήμῶν
3111 2398 3439 2461 κατάστασις
3465 2398 3610 2470 πλή-

2035 2505 2132 2560 ρης
2156 2488 2294 2540 ἔστω
2321 2488 2427 2542 τῶν
2450 2488 2590 2541 κατά
2614 2487 2713 2551 τάς
2738 2487 2958 2551 ἐντολὰς
2984 2488 3255 2560 ἐργασιῶν
3277 2504 3291 2518 ·
3320 2486 3478 2542 τοῦτο
3495 2489 3611 2557 γάρ

2030 2580 2146 2632 ἐστι
2175 2579 2236 2631 τὸ
2258 2618 2273 2643 ,
2299 2577 2661 2645 Πληρώσατε
2689 2578 2803 2648 τὴν
2841 2578 2979 2647 γῆν.
3034 2581 3222 2634 Κοιναὶ
3273 2581 3372 2650 μὲν
3404 2580 3513 2652 γὰρ
3547 2584 3611 2636 αἱ

2032 2670 2208 2739 φωναὶ
2232 2671 2325 2723 καὶ
2361 2672 2471 2733 τοῖς
2506 2670 2754 2738 ἀλόγοιςο
2788 2671 3085 2735 ἰδιάζουσαι
3121 2671 3179 2724 δὲ
3208 2673 3343 2743 πρὸς
3385 2672 3477 2725 τὸν
3507 2673 3609 2728 ἇν-

2032 2759 2247 2833 θρωπον
2276 2761 2537 2828 γίνονται,
2581 2762 2709 2814 ὅταν
2754 2764 2916 2832 ἡμεῖς
2962 2763 3041 2833 τῷ
3072 2764 3190 2816 κατ’
3232 2763 3418 2817 είκόνα
3442 2764 3534 2817 καὶ
3559 2756 3613 2830 ᾧ

2031 2852 2389 2924 ἐτιμήθημεν,
2421 2852 2596 2923 τούτῳ
2629 2854 2991 2918 ἀδιαλείπτως
3012 2853 3362 2926 χρησώμεθα.
3396 2857 3475 2909 Τά
3505 2856 3611 2928 μὲν

2031 2943 2137 3014 γὰρ
2173 2943 2495 3015 σωματικῶς
2523 2943 2675 3008 αὔξει
2695 2960 2710 2974 °
2742 2945 2902 3015 ἡμεῖς
2929 2945 3005 3009 δὲ,
3058 2945 3478 3016 πνευματικῶς·
3509 2947 3612 3000 καὶ

2031 3033 2102 3088 τά
2131 3035 2248 3105 μὲν,
2280 3035 2359 3105 τῷ
2389 3034 2584 3106 πλήθει
2631 3034 2829 3107 πληροῖ
2873 3036 2972 3107 τὴν
3001 3036 3105 3106 γῆν
3126 3050 3143 3065 ·
3183 3038 3346 3108 ἡμεῖς
3378 3037 3436 3091 δὲ
3467 3037 3612 3109 πλη-

2036 3128 2235 3199 ροῦμεν
2274 3128 2395 3193 ταῖς
2440 3129 2673 3197 ἀγαθαῖς
2716 3129 3000 3199 ἐργασίαις
3043 3130 3141 3201 τὴν
3170 3130 3610 3203 συνεζευγμένην

2028 3222 2161 3291 ἡμῖν
2189 3220 2313 3290 γῆν,
2348 3220 2591 3273 τουτέστι
2619 3220 2719 3292 τὴν
2762 3220 3079 3292 σωματικὴν
3104 3220 3415 3277 διάπλασιν.
3454 3223 3610 3278 Ἰδοὺ

2028 3309 2260 3364 δέδωκα
2286 3310 2429 3380 ὑμῖν
2447 3327 2461 3340 °
2496 3308 2628 3366 Πᾶν
2652 3309 2847 3375 ξύλον
2876 3310 3021 3379 ὅπερ
3053 3311 3287 3379 καρπὸν
3312 3311 3461 3382 ἔχει,
3495 3330 3611 3385 φη-

2031 3403 2150 3466 σὶν,
2193 3401 2264 3454 ἐν
2322 3394 2533 3467 ἐαυτῷ,
2584 3402 2726 3471 ὑμῖν
2777 3403 2949 3457 ἔσται
2987 3405 3076 3469 είς
3111 3402 3366 3471 βρῶσιν.
3419 3405 3611 3477 Μηδὲν

2029 3492 2424 3564 παρατρεχέτω
2473 3495 2507 3563 ἡ
2567 3493 2896 3564 Ἐκκλησία·
2943 3494 3124 3549 πάντα
3169 3495 3379 3567 νόμιμά
3434 3498 3612 3555 ἐστιν.
3708 3518 3713 3521 ·

2028 3586 2143 3639 Οὐκ
2177 3580 2316 3638 εἴπεο
2339 3584 2556 3638 Δέδωκα
2576 3586 2702 3656 ὑμῖν
2721 3585 2846 3649 τοὺς
2875 3585 3062 3657 ἰχθύας
3097 3586 3195 3659 τῆς
3226 3587 3499 3660 θαλάσσης
3525 3592 3611 3653 είς

2029 3678 2230 3751 βρῶσιν
2260 3678 2356 3750 (α)·
2386 3678 2594 3732 δέδωκα
2617 3680 2743 3750 ὑμῖν
2773 3679 2842 3733 τά
2876 3680 3068 3751 κτήνη,
3090 3680 3158 3734 τά
3179 3679 3494 3752 ἑρπετὰ,τά
3508 3699 3611 3735 πε-

2024 3769 2285 3834 τεινὰ,τά
2318 3769 2649 3843 τετράποδα·
2680 3771 2741 3824 οὐ
2772 3770 2881 3843 γάρ
2906 3771 3111 3827 τούτων
3137 3772 3322 3827 ἔνεκεν
3353 3772 3612 3845 ἐκτίσθη-

2028 3874 2151 3922 σαν,
2175 3854 2338 3928 φησίν
2361 3875 2376 3889 ’
2417 3858 2533 3913 ἀλλ’
2570 3861 2605 3930 ή
2656 3859 2845 3933 πρώτη
2884 3861 3173 3932 νομοθεσία
3204 3861 3432 3934 καρπῶν
3468 3864 3611 3918 ἀπόο

2026 3949 2217 4003 λαυσιν
2241 3948 2637 4023 συνεχώρησεν.
2662 3952 2783 4005 Ἔτι
2807 3952 2915 4024 γὰρ
2938 3942 3295 4023 ἐνομιζόμεθα
3314 3952 3451 4018 ἄξιοι
3466 3951 3615 4009 εἶναι

2026 4038 2119 4092 τοῦ
2152 4039 2489 4110 παραδείσου
2522 4041 2618 4094 καὶ
2648 4041 2748 4112 τῆς
2779 4042 2837 4094 ὲν
2866 4041 3016 4111 αὑτῴ
3041 4041 3272 4114 διαίτης.
3306 4038 3430 4098 Οἷον
3460 4044 3520 4097 δέ
3549 4044 3616 4098 τι

2028 4131 2144 4183 ἐστι
2176 4131 2269 4184 καὶ
2296 4130 2358 4184 τὺ
2404 4133 2462 4184 ὲν
2493 4131 2573 4203 τῷ
2607 4131 2918 4185 λανθάνοντι
2963 4135 3369 4205 παρακείμενον
3396 4136 3612 4205 μυστή-

2031 4240 2142 4293 ριον
2161 4238 2174 4251 ·
2202 4224 2284 4276 ὅτι
2308 4224 2369 4277 οὐ
2403 4222 2562 4295 μόνον
2586 4226 2741 4295 ἡμῖν,
2771 4224 2909 4279 ἀλλά
2937 4226 3031 4280 καὶ
3058 4230 3174 4290 τοῖς
3201 4227 3417 4296 ἀλόγοις
3442 4228 3609 4293 ζώοις

2029 4314 2217 4378 πᾶσιν,
2249 4315 2282 4384 ἠ
2310 4314 2450 4384 αὑτὴ
2479 4316 2543 4367 ὲκ
2568 4314 2675 4367 τῶν
2700 4314 2927 4385 καρπῶν
2951 4317 3048 4386 τῆς
3070 4316 3175 4386 γῆς
3192 4317 3413 4371 καὶτῶν
3436 4335 3612 4389 σπερ-

361 4406 483 4461 qua:
514 4391 570 4445 in
601 4405 668 4445 eo
704 4399 790 4445 est
822 4391 995 4444 victus
1022 4389 1251 4444 ratione.
1284 4389 1582 4456 Qualenam
1619 4406 1749 4447 vero
1780 4398 1924 4464 quod

2033 4404 2216 4474 μάτων
2252 4405 2460 4476 ὡρίσθη
2494 4402 2571 4474 τῷ
2604 4406 2723 4458 τότε
2754 4407 2952 4477 τροφή.
2993 4406 3137 4462 Ἰδοὺ
3164 4408 3296 4476 γὰρ,
3323 4409 3475 4477 φησὶ,
3516 4408 3609 4463 δέ·-

362 4483 419 4537 in
464 4482 647 4537 abdito
685 4479 898 4550 adiacet
929 4480 1290 4551 mysterium?
1328 4479 1479 4547 Quod
1519 4482 1771 4538 nimirum
1817 4501 1923 4541 non

2033 4494 2197 4547 δωκα
2245 4495 2388 4566 ὑμῖν
2440 4494 2636 4549 πάντα
2693 4499 2910 4565 χόρτον
2966 4497 3290 4567 σπόριμον,
3352 4498 3609 4566 σπεῖρον

361 4572 533 4629 solum
569 4572 760 4637 nobis,
794 4571 888 4626 sed
933 4581 987 4628 et
1036 4573 1200 4626 mutis
1244 4572 1611 4628 animantibus
1658 4576 1925 4633 universis

360 4664 548 4718 eadem
574 4671 701 4721 tunc
740 4678 805 4717 ex
840 4663 1085 4733 frugibus
1120 4674 1278 4720 terrae
1307 4674 1361 4719 et
1394 4665 1693 4721 seminibus
1726 4668 1922 4725 alimo-

360 4755 452 4809 nia
495 4754 787 4810 constituta
814 4752 1001 4810 fuerit.
1039 4753 1177 4809 Ecce
1214 4756 1375 4820 enim,
1406 4754 1602 4824 inquit,
1632 4756 1752 4809 dedi
1782 4761 1924 4814 vobis

358 4862 511 4900 omne
548 4845 800 4916 pabulum
844 4847 1095 4900 seminale
1129 4848 1393 4901 seminans
1423 4863 1596 4901 semen
1618 4886 1635 4913 ,
1672 4850 1811 4918 quod
1848 4860 1924 4905 est

356 4954 513 5008 super
547 4947 774 4999 terram;
804 4948 852 4992 et
890 4954 1039 4992 omne
1072 4938 1269 5007 lignum
1304 4941 1438 5007 quod
1467 4938 1617 4991 habet
1645 4939 1698 4992 in
1736 4952 1925 4994 semet-

2030 4584 2284 4653 σπέρμα,
2320 4585 2353 4636 ὅ
2378 4585 2548 4639 ἐστιν
2576 4584 2775 4639 ἐπάνω
2798 4586 2909 4655 τῆς
2928 4588 3063 4657 γῆς·
3088 4589 3186 4641 καὶ
3212 4588 3335 4644 πᾶν
3349 4590 3538 4653 ξύλον
3566 4589 3603 4643 ὃ

2025 4674 2152 4743 ἔχει
2186 4676 2256 4729 ἐν
2278 4676 2468 4742 ἑαυτῷ
2491 4678 2721 4746 καρπὸν
2741 4680 3080 4750 σπέρματος
3113 4685 3433 4752 σπορίμου,
3456 4682 3606 4750 ὑμῖν

2027 4767 2197 4820 ἔσται
2228 4769 2315 4832 είς
2335 4766 2591 4837 βρῶσιν,
2623 4770 2721 4823 καὶ
2749 4768 2898 4824 πᾶσι
2926 4771 3051 4837 τοῖς
3076 4773 3302 4839 θηρίοις
3322 4770 3432 4840 τῆς
3464 4771 3602 4840 γῆς,

2027 4858 2125 4912 καὶ
2154 4858 2303 4913 πᾶσι
2327 4860 2451 4926 τοῖς
2473 4861 2762 4926 πετεινοῖς
2795 4861 2902 4916 τοῦ
2941 4864 3199 4931 οὐρανοῦ
3219 4904 3234 4930 ,
3282 4864 3382 4918 καὶ
3416 4863 3600 4917 παντὶ

2026 4947 2253 5015 ἑρπετῷ
2281 4949 2522 5018 ἕρποντι
2537 4947 2635 5004 ἐπὶ
2667 4951 2779 5020 τῆς
2810 4952 2945 5022 γῆς.

357 5034 472 5103 ipso
506 5034 737 5103 fructum
761 5034 974 5088 seminis
1004 5027 1294 5098 seminatis,
1325 5033 1591 5087 vobis'erit
1654 5035 1709 5088 in
1740 5036 1947 5103 cibum,
1988 5044 2288 5113 cunctisque
2336 5047 2514 5101 bestiis
2579 5056 2756 5111 terrm,
2797 5057 2845 5101 et
2882 5048 3086 5102 cunctis
3133 5047 3429 5103 volucribus
3456 5048 3600 5114 caeli,

356 5130 597 5199 omnique
618 5129 811 5194 reptili,
838 5130 978 5199 quod
1010 5138 1172 5197 reptat
1199 5144 1357 5197 super
1385 5138 1578 5183 terram
1606 5129 1673 5182 ³³.

427 5224 482 5278 '5.
521 5223 688 5294 Atqui
720 5239 860 5278 nunc
906 5223 1052 5277 dicat
1075 5223 1269 5292 aliquis
1298 5237 1312 5274 :
1340 5220 1601 5277 Videmus
1640 5222 1925 5294 plerasque

358 5313 560 5369 bestias
594 5330 698 5369 non
728 5314 873 5369 vesci
904 5313 1189 5369 fructibus.
1223 5313 1344 5379 Quo
1389 5314 1534 5366 enim
1580 5312 1759 5368 fructu
1790 5329 1925 5384 pan.

361 5401 514 5454 lbera
563 5402 723 5456 vitam
768 5403 1002 5457 sustinet
1049 5402 1321 5456 tolerare?
1366 5403 1490 5471 quis
1540 5417 1670 5455 vero
1720 5402 1927 5459 fructus

428 5516 469 5549 "
511 5515 645 5572 Gen.
694 5532 840 5583 xxv1,
874 5519 959 5573 15.
1033 5520 1078 5550 ’³
1110 5517 1244 5575 Gen.
1277 5536 1315 5584 ι,
1343 5518 1432 5572 ‘29.

432 5654 506 5728 (α)
546 5650 720 5708 Verba
749 5654 1021 5711 δέδωκα...
1050 5655 1250 5728 βρῶσιν
1282 5655 1645 5728 ευρριενὶηῃιε
1672 5670 1739 5710 cx
1769 5654 1928 5708 Com-

359 5726 577 5791 beﬁsio;
613 5733 671 5778 ut
701 5740 824 5781 mox
851 5742 915 5782 ex
943 5725 1176 5783 editiune
1209 5725 1500 5782 Basileensi
1532 5726 1720 5783 Ἔτι...
1755 5741 1930 5793 παρα-

1507 5518 1553 5549 ¹³
1597 5517 1730 5574 ibid.
1766 5517 1859 5583 29,
1889 5519 1985 5573 50.

2097 5228 2150 5281 5.
2190 5226 2299 5280 Καὶ
2335 5226 2441 5298 μὴν
2474 5228 2614 5282 εἴποι
2638 5246 2749 5293 τιςο
2782 5228 2895 5284 Νῦν
2917 5228 3130 5301 ὁρῶμεν
3148 5229 3218 5283 τά
3244 5230 3463 5285 πλείονα
3488 5229 3603 5287 τῶν

2029 5314 2234 5386 θηρίων
2281 5320 2517 5387 καρποῖς
2573 5318 2647 5389 μὴ
2701 5319 3030 5390 τρεφόμενα.
3085 5319 3230 5391 Ποίῳ
3260 5320 3369 5392 γὰρ
3400 5321 3604 5393 καρπῷ

2028 5408 2278 5478 ἀνέχεται
2305 5409 2567 5482 πάρδαλις
2598 5411 2867 5483 τραφῆναι
2890 5430 2906 5477 ;
2945 5411 3028 5475 τίς
3053 5411 3108 5464 δὲ
3138 5412 3349 5483 καρπὸς
3374 5409 3600 5468 δύναται

2033 5654 2231 5717 δείσου,
2279 5651 2331 5705 in
2380 5659 2607 5719 utraque
2643 5648 2948 5705 Combelisii
2986 5657 3041 5703 et
3082 5647 3329 5703 Garnerii
3359 5648 3599 5713 editione

2034 5725 2255 5791 omissa,
2286 5737 2404 5791 qua:
2435 5730 2610 5777 tamen
2636 5720 2991 5777 Coutbclisius
3014 5729 3268 5777 verterat.
3303 5719 3462 5777 Enn.
