3838 6214
193 343 260 397 45
1131 335 1220 389 DE
1257 333 1541 390 HOMINIS
1581 334 2004 392 srnucrum
2043 335 2303 393 ORATIO
2337 337 2401 392 n.
3353 313 3425 389 ιϐ

193 456 379 511 λέοντα
401 453 597 528 θρέψαι
625 471 641 520 ;
685 452 822 506 Ἀλλ’
855 451 1006 518 ῐστω,
1035 451 1118 504 ὅτι
1146 451 1242 505 καὶ
1271 450 1464 514 ταῦτα,
1496 451 1574 522 τῷ
1602 452 1753 524 νόμῳ

1865 453 2072 509 leonem
2099 462 2276 521 potest
2303 452 2484 508 alere?
2508 451 2657 508 Scito
2700 449 3054 506 nihilominus
3076 457 3253 504 tamen
3280 448 3426 517 quod

191 550 287 619 τῆς
319 547 528 618 φύσεως
557 543 988 615 ὑποτεταγμένα,
1027 545 1257 613 καρποῖς
1288 543 1349 595 τὸ
1394 543 1522 614 πρὶν
1550 543 1758 616 διετρέ-

192 657 317 709 φετο
343 653 356 666 ·
387 638 572 707 ἐπειδὴ
613 637 671 690 δὲ
700 639 728 688 ό
770 635 1055 705 ἄνθρωπος
1101 632 1441 706 ὲξεδιῃτὴθη,
1478 634 1571 686 καὶ
1598 633 1756 705 ἐξέϐη

191 729 312 788 τοὺς
335 727 492 797 ὄρους
517 727 645 788 τοὺς
687 725 937 786 δοθέντας
977 721 1147 792 αὐτῷ,
1196 723 1334 792 μετά
1364 724 1454 776 τὸν
1490 723 1761 777 κατακλυ-

193 816 324 885 σμὸν
357 814 510 878 εἰδὼς
539 812 616 882 (α)
639 815 667 866 ὁ
693 812 898 882 Κύριος
950 812 1192 880 ἀφειδεῖς
1245 812 1374 875 τοὺς
1413 812 1756 883 ἀνθρώπους,

193 883 405 959 πάντων
437 905 533 974 τὴν
567 905 864 958 ἀπόλαυσιν
904 902 1276 974 συνεχώρησε.
1319 903 1524 958 Πάντα
1573 905 1759 958 ταῦτὰ

190 991 449 1062 φάγεσθε
475 992 555 1058 ὡς
576 991 814 1059 λάχανα
837 992 1076 1060 χόρτου.
1100 991 1287 1066 Ταύτῃ
1310 993 1377 1064 τῇ
1409 994 1755 1065 συγχωρήσει

191 1087 282 1138 καὶ
316 1086 385 1140 τά
419 1085 582 1139 λοιπά
610 1085 723 1150 ζῶα
755 1084 916 1148 εὐθὺς
947 1084 1105 1138 ἔλαϐε
1131 1087 1230 1158 τὴν
1262 1083 1356 1140 τοῦ
1391 1090 1760 1158 σαρκοφαγεῖν

190 1177 386 1236 ἄδειαν.

257 1267 311 1320 4.
348 1264 442 1330 Ἐξ
470 1266 675 1319 ἐκείνου
705 1265 888 1320 λοιπὸν
929 1267 1206 1338 ώμοϐόρος
1244 1268 1273 1319 ὀ
1315 1268 1484 1322 λέων·
1523 1269 1580 1334 ἐξ
1612 1267 1759 1321 ὲκεί-

191 1373 277 1410 νου
307 1357 402 1412 καὶ
436 1357 609 1425 γῦπες
637 1358 963 1428 ἀναμένουσι
993 1358 1310 1430 θνησιμαῖα.
1341 1358 1416 1413 Ού
1455 1360 1624 1432 δήπου
1648 1359 1758 1431 γὰρ

191 1450 280 1501 καὶ
331 1448 508 1516 γῦπες
546 1446 680 1518 ὁμοῦ
711 1448 789 1519 τῷ
834 1449 1158 1518 γεννηθῆναι
1193 1449 1328 1514 ζῶα,
1364 1451 1758 1521 περιεσκόπουν

189 1538 282 1609 τὴν
307 1540 410 1610 γῆν
429 1557 444 1571 ·
489 1537 641 1592 οὔπω
674 1539 783 1610 γάρ
828 1555 880 1591 τι
929 1541 1198 1595 ἀπέθανεν
1229 1541 1336 1594 τῶν
1361 1542 1510 1610 παρὰ
1540 1541 1657 1612 Θεῷ
1683 1541 1757 1613 (b)

189 1631 528 1700 γενομένων,
563 1631 647 1684 ἵνα
670 1630 846 1699 γῦπες
875 1631 1176 1702 τραφῶσιν.
1210 1631 1347 1686 Οὔτε
1388 1619 1564 1706 γὰρἐὴ
1599 1633 1759 1704 φύσις

190 1720 534 1792 διεχείριζενο
577 1722 789 1790 ἀκμαῖα
833 1721 972 1791 γάρ·
1009 1720 1132 1774 οὔτε
1171 1719 1716 1793 θηραταὶ·ἀνάλωσαν
1739 1739 1753 1754 ο

1859 547 1975 602 ιιωο
2033 546 2147 614 ipsa
2203 544 2306 614 legi
2354 551 2560 600 naturae
2601 538 2854 599 obsecuta
2897 540 3104 611 pridem
3152 539 3425 595 fructibus

1859 637 2253 690 vescebantur:
2283 640 2564 705 postquam
2596 644 2777 688 autem
2802 627 2964 687 homo
2994 631 3277 700 pristinam
3307 643 3428 682 mu-

1862 726 1996 780 tavit
2037 727 2161 780 vita:
2195 727 2495 793 rationem,
2543 724 2783 794 ﬁnesque
2830 723 2931 778 sibi
2979 722 3299 777 constitutos
3331 726 3427 773 ex;

1861 819 2046 883 cessit,
2068 818 2256 874 videns
2273 818 2530 871 Dominus
2551 817 2671 886 post
2697 816 2951 870 diluvium
2981 813 3229 866 homines
3242 809 3429 878 profu-

1860 923 1950 963 sos
1971 907 2198 973 deliciis,
2218 907 2467 976 nullaque
2480 907 2768 960 obstrictos
2788 902 3144 974 parcimonia,
3168 896 3429 954 vescendi
3522 907 3531 916 '

1859 1004 2106 1058 omnibus
2137 993 2446 1057 facultatem
2474 1001 2620 1056 fecit.
2650 1001 2850 1055 Cuncta
2877 1001 3008 1059 hcce,
3036 996 3228 1065 inquit,
3251 1005 3426 1049 come;

1858 1093 2185 1162 detis,quusi
2233 1091 2375 1144 olera
2424 1090 2727 1144 virentia“.
2753 1089 2868 1154 Quo
2915 1101 3190 1151 concesso,
3221 1084 3428 1151 reliqua

1858 1197 2071 1252 quoque
2099 1181 2392 1235 animantia
2421 1180 2612 1234 edendi
2644 1180 2822 1232 statim
2850 1176 3119 1230 licentiam
3149 1188 3426 1242 accepere;

1929 1271 1982 1328 4.
2024 1273 2101 1327 Ex
2131 1273 2222 1328 illo
2249 1274 2359 1340 jam
2391 1284 2446 1326 et
2473 1273 2556 1325 leo
2582 1271 2902 1326 crudivorus
2929 1285 2942 1322 :
2973 1283 3040 1321 ex
3066 1265 3158 1320 illo
3187 1264 3428 1318 vultures

1859 1365 2013 1419 avida
2045 1365 2334 1433 gulositate
2365 1371 2680 1433 exspectant
2729 1362 3014 1414 cadavera.
3054 1356 3238 1425 Neque
3263 1353 3430 1425 350

1859 1458 1999 1510 enim
2016 1445 2258 1510 vultures
2282 1455 2438 1508 simul
2458 1470 2521 1508 ac
2549 1453 2803 1507 animalia
2830 1451 3010 1522 genita
3029 1458 3173 1513 sunt,
3193 1449 3430 1501 circum-

1859 1547 2156 1600 lustrabant
2179 1557 2402 1602 terram.
2417 1544 2556 1611 Quid
2577 1544 2720 1598 enim
2735 1556 2919 1596 eorum
2939 1555 3056 1609 quae
3072 1554 3102 1594 a
3117 1539 3225 1592 Deo
3242 1533 3430 1591 creata

1859 1647 2070 1704 essent,
2121 1638 2302 1692 statim
2351 1635 2670 1698 interierat,
2723 1644 2783 1687 ut
2823 1632 3064 1686 vultures
3117 1625 3431 1684 alerentur?

1858 1724 2042 1797 Neque
2067 1727 2208 1782 enim
2243 1737 2437 1780 natura
2473 1726 2588 1779 neci
2624 1725 2822 1790 dabat;
2853 1720 3051 1793 quippe
3089 1735 3209 1791 qua:
3237 1720 3432 1788 vigens

190 1809 334 1862 οὔπω
355 1809 468 1880 γὰρ
505 1809 847 1879 ἐπιτήδευσις
878 1807 946 1882 ἦν
973 1810 1146 1882 θήρας
1171 1828 1186 1843 ο
1227 1813 1289 1864 ού
1324 1811 1486 1882 θηρία
1530 1812 1756 1866 διέσπαο

1865 1818 2164 1887 ﬂorensque
2209 1827 2360 1884 erat;
2441 1831 2616 1884 neque
2672 1828 2958 1868 venatores
3009 1812 3430 1877 disperdebant;

190 1899 308 1954 οὔτε
349 1901 461 1973 γὰρ
486 1896 553 1971 ἦν
579 1899 836 1971 ώμοὸόρα
861 1918 874 1932 ’
903 1901 1036 1970 γυψὶ
1062 1902 1120 1955 δὲ
1145 1902 1371 1973 σύνηθες
1411 1903 1518 1956 ἀπὸ
1551 1905 1760 1974 νεκρῶν

188 1990 506 2044 διαιτᾶσθαι;
555 1993 717 2045 Ὥστε
760 1990 912 2045 οὔπω
955 1988 1024 2062 ἦν
1066 1992 1258 2061 νεκρὰ,
1309 1992 1462 2046 οὔπω
1502 1993 1758 2057 δυσωδία,

188 2081 334 2136 οὔπω
357 2083 584 2155 τοιαύτη
612 2085 786 2154 τροφὴ
813 2083 1003 2153 γυπῶν
1024 2099 1037 2113 ·
1067 2083 1204 2160 ἀλλὰ
1225 2084 1427 2149 πάντες
1451 2084 1520 2138 τά
1546 2084 1760 2138 κύκνων

187 2175 463 2247 διῃτῶντο,
495 2177 591 2229 καὶ
623 2175 801 2230 πάντα
845 2177 971 2240 τοὺς
1006 2175 1278 2246 λειμῶνας
1312 2176 1627 2248 ἐπενέμετο.
1652 2179 1762 2231 Καὶ

189 2260 517 2342 οἷα’όρῶμεν
545 2271 712 2334 κύνας
742 2269 1036 2341 θεραπείας
1061 2269 1248 2324 ἕνεκεν
1283 2271 1544 2336 πολλάκις
1574 2273 1757 2344 ἄγρω-

191 2376 299 2414 στιν
321 2364 767 2432 ὲπινεμομένους,
793 2363 893 2414 οὐκ
916 2361 1104 2433 ἐπειδὴ
1132 2362 1384 2434 συμφυὴς
1405 2364 1588 2427 αὐτοῖς
1611 2367 1760 2418 ἐστιν

188 2452 431 2525 ἠτροφὴ,
467 2455 580 2507 ἀλλ’
614 2452 798 2523 ἐπειδὴ
826 2453 1093 2523 ἀδιδάκτῳ
1122 2453 1231 2505 τινὶ
1267 2453 1480 2520 φύσεως
1503 2453 1761 2508 διδασκα-

187 2543 273 2615 λίᾳ
295 2545 387 2597 ἐπὶ
412 2544 478 2597 τὸ
504 2543 782 2614 συμφέρον
815 2543 1032 2613 ἔρχεται
1066 2542 1136 2595 τὰ
1167 2542 1338 2612 ἄλογα
1362 2561 1376 2574 ·
1410 2543 1638 2598 τοιαῦτα
1667 2546 1761 2598 καὶ

187 2637 302 2690 τότε
343 2636 560 2704 λόγισαι
586 2634 914 2688 καθεστάναι
942 2634 1010 2687 τὰ
1043 2633 1138 2687 νῦν
1163 2634 1421 2705 ώμοὸόρα
1448 2636 1556 2688 τῶν
1583 2635 1758 2702 ζώων,

189 2730 278 2781 καὶ
310 2727 380 2797 (ε)
407 2728 602 2798 χόρτον
629 2729 842 2789 ἑαυτοῖς
866 2727 1073 2797 τροφὴν
1103 2724 1358 2793 ἐπινοεῖν,
1384 2727 1484 2779 οὐκ
1511 2727 1762 2798 ἀλλήλοις

188 2816 601 2871 ἐπιϐουλεύοντα
624 2832 638 2846 ·
681 2817 795 2870 ἀλλ’
829 2817 916 2870 οἵα
961 2817 1144 2887 μέλλει
1181 2811 1320 2870 εἶναι
1354 2817 1490 2887 μετά
1517 2818 1689 2872 ταῦτα
1726 2822 1760 2890 ἡ

189 2910 653 2971 ἀποκατάστασις,
681 2907 903 2978 τοιαύτη
934 2903 1001 2979 ἦν
1031 2910 1064 2977 ἡ
1097 2907 1284 2979 πρώτη
1310 2909 1544 2978 γένεσις.
1563 2910 1762 2962 Ἐπαν-

191 3002 402 3072 έρχεται
434 3002 494 3054 δὲ
535 3003 564 3053 ὁ
593 3000 880 3072 ἄνθρωπος
913 3001 1004 3053 ἐπὶ
1035 3001 1134 3071 τὴν
1182 3001 1350 3055 πάλαι
1375 3002 1540 3055 αὐτοῦ
1587 2987 1760 3056 κατά-

193 3110 389 3159 στασιν,
420 3093 524 3162 τῆς
557 3092 822 3163 πονηρίας
867 3091 1168 3162 ἀφέμενος,
1197 3092 1294 3145 καὶ
1338 3093 1437 3164 τῆς
1487 3082 1617 3165 περὶ
1662 3081 1760 3165 τὴν

190 3185 388 3256 γεηράν
429 3183 638 3254 ταύτην
669 3184 763 3238 καὶ
797 3183 1062 3254 ὀδυνηρὰν
1094 3169 1238 3255 ζωὴν
1273 3184 1568 3256 μοχθηρίας
1593 3225 1608 3249 ,
1652 3185 1760 3240 τῶν

190 3277 311 3348 ’περὶ
337 3275 406 3329 τὰ
451 3275 682 3346 βιωτικά
724 3273 917 3340 ταῦτα,
945 3274 1012 3327 τὰ
1041 3273 1140 3346 τὴν
1170 3275 1346 3347 ψυχὴν
1377 3276 1756 3342 συνθολοῦντα,

191 3367 480 3438 φροντίδων
511 3365 606 3418 καὶ
654 3365 952 3437 μεριμνῶν.
993 3365 1178 3419 Ταῦτα
1216 3364 1310 3420 οὖν
1348 3368 1529 3421 πάντα
1558 3367 1760 3420 ἀποθέ-

194 3475 360 3528 μνος,
393 3458 491 3512 ἐπὶ
513 3457 604 3510 τὸν
628 3460 684 3510 ὲν
708 3446 1020 3528 παραδείσῳ
1046 3443 1376 3530 ὑποστρέφει
1407 3457 1520 3528 βίον
1555 3460 1761 3513 ἐκεῖνον

192 3551 276 3603 τὸν
321 3550 621 3604 ἀδούλωτον
661 3551 774 3611 τοῖς
799 3548 994 3602 πάθεσι
1023 3548 1124 3618 τῆς
1157 3548 1393 3619 σαρκὸς,
1419 3549 1509 3602 τὸν
1541 3549 1760 3602 ἐλεύθε-

196 3659 299 3714 ρον,
324 3645 413 3698 τὸν
467 3644 590 3714 Θεῷ
636 3625 938 3712 συνόμιλον,
995 3641 1086 3694 τὸν
1134 3642 1386 3710 ἀγγέλοις
1433 3641 1758 3710 ὁμοδίαιτον.

195 3735 368 3790 Ταῦτα
389 3737 570 3791 τοίνυν
619 3736 830 3806 εἴρηται
881 3735 1032 3804 ἡμῖν,
1065 3733 1166 3786 οὐκ
1219 3732 1405 3804 ἐπειδὴ
1453 3732 1762 3786 ἀποκλείειν

195 3824 406 3898 θέλομεν
434 3828 536 3897 τῆς
567 3809 858 3901 δεδομένης
888 3826 1019 3896 ἡμῖν
1041 3823 1190 3896 παρὰ
1219 3823 1354 3876 Θεοῦ
1379 3825 1625 3901 χρήσεως
1651 3823 1760 3875 τῶν

197 3913 489 3988 βρωμάτων
508 3957 523 3981 ,
551 3904 666 3970 ἀλλ’
718 3900 806 3969 ἵνα
833 3916 924 3970 τὸν
953 3915 1144 3988 πρώην
1194 3915 1588 3986 μακαρίσωμεν
1636 3914 1760 3985 χρό-

195 4024 296 4060 νονο
323 4010 408 4062 οἶα
431 4004 504 4078 ἦν
534 4010 568 4079 ἡ
592 4008 712 4060 τότε
746 3992 882 4078 ζωὴ,
909 4009 1057 4069 ὅπως
1081 4006 1408 4078 ἀπροσδεὴς,
1429 4007 1576 4068 ὅπως
1609 4006 1760 4074 όλιγ-

195 4099 386 4170 αρκής·
429 4098 551 4162 πῶς
586 4099 792 4169 βραχέα
833 4099 973 4152 πάνυ
1024 4099 1119 4152 καὶ
1160 4098 1459 4168 εὐπόριστα
1505 4095 1577 4150 τὰ
1622 4097 1761 4166 πρὸς

193 4189 285 4259 τὴν
317 4189 408 4242 τοῦ
448 4175 567 4260 βίου
609 4173 881 4258 διαγωγὴν
908 4190 1018 4250 τοῖς
1053 4186 1362 4258 ἀνθρώποις
1389 4184 1756 4252 συντείνοντα,

195 4281 282 4333 καὶ
311 4281 426 4344 πῶς
463 4281 528 4333 τὸ
563 4263 805 4333 ποικίλον
836 4280 938 4349 τῆς
979 4279 1189 4350 διαίτης
1215 4279 1346 4349 ἡμῖν
1395 4278 1429 4348 ὴ
1459 4278 1560 4348 τῆς
1583 4263 1763 4348 ἀμαρ-

199 4369 306 4433 τίας
347 4357 762 4442 συνεισήνεγκεν
813 4370 980 4423 αἰτία.
1038 4369 1255 4438 Ἐπειδὴ
1291 4367 1399 4439 γὰρ
1443 4369 1543 4439 τῆς
1575 4369 1762 4440 ἀληθι-

1863 1912 2100 1965 nondum
2141 1911 2284 1964 enim
2320 1925 2408 1963 ars
2447 1908 2674 1962 venandi
2705 1919 2822 1962 erat
2853 1926 2866 1960 :
2914 1920 3015 1961 nec
3048 1904 3233 1960 bestia:
3275 1909 3434 1954 erant

1861 2017 1980 2071 qua:
2033 2001 2434 2070 discerperent;
2484 2014 2608 2053 nam
2663 2012 2839 2066 neque
2884 2005 3044 2051 erant
3092 1993 3430 2049 crudivora:

1859 2092 2163 2148 vulturibus
2181 2108 2308 2148 vero
2327 2107 2395 2146 ex
2422 2091 2601 2145 indole
2622 2099 2706 2144 est
2734 2100 2792 2144 ut
2818 2088 3174 2142 cadaveribus
3203 2099 3432 2138 vescan-
3521 2081 3524 2084 ’

1860 2191 1967 2243 tur,
1999 2183 2181 2249 Quare
2209 2183 2443 2237 nondum
2469 2189 2628 2236 erant
2651 2181 2954 2245 cadavera;
2984 2178 3220 2232 nondum
3249 2175 3422 2238 fetor;

1860 2275 2096 2330 nondum
2124 2274 2248 2328 talis
2276 2271 2550 2328 vulturum
2584 2287 2708 2328 esca
2738 2290 2752 2326 :
2782 2271 2876 2326 sed
2913 2271 3093 2324 omnia
3132 2281 3430 2337 cycnorum

1861 2350 2013 2420 more
2039 2363 2394 2429 victitabant,
2423 2367 2727 2430 cunctaque
2763 2360 2815 2414 in
2850 2359 3018 2428 pratis
3044 2359 3427 2427 pascebantur.

1865 2457 1944 2510 Ac
1969 2455 2111 2510 sicut
2137 2455 2381 2508 videmus
2403 2451 2565 2508 canes
2591 2450 2888 2506 curationis
2926 2464 3088 2503 causa
3126 2446 3269 2501 haud
3301 2459 3430 2500 raro

1861 2545 2085 2616 gramen
2121 2546 2454 2614 depascere;
2487 2560 2593 2598 non
2626 2543 2769 2612 quod
2815 2542 2885 2597 sit
2920 2541 3026 2595 illis
3069 2539 3334 2606 genuinus
3363 2540 3433 2589 ex

1860 2647 2050 2692 natura
2078 2638 2405 2692 conveniens
2427 2637 2600 2699 cibus,
2634 2636 2730 2691 sed
2755 2635 2898 2705 quod
2928 2631 3159 2686 naturali
3189 2630 3425 2699 quodam

1865 2728 2123 2784 instinctu
2171 2729 2341 2782 bruta:
2383 2729 2684 2781 animantes
2725 2726 2778 2779 in
2825 2726 2880 2780 id
2913 2719 3164 2778 feruntdr
3194 2722 3336 2792 quod
3373 2722 3428 2773 in

1862 2834 1978 2874 rem
2013 2833 2200 2872 earum
2231 2819 2573 2872 conducibile
2607 2827 2715 2874 est.
2770 2816 3044 2885 Ejusmodi
3079 2815 3255 2884 cogita
3299 2815 3432 2868 tunc

1859 2911 2030 2967 fuisse
2052 2927 2170 2980 quae
2200 2926 2346 2966 nunc
2383 2911 2668 2965 crudivora
2701 2919 2827 2963 sunt
2856 2908 3142 2970 animalia,
3171 2921 3291 2976 quae
3315 2903 3421 2959 sib‘i

1862 3005 1992 3073 ipsis
2017 3003 2240 3082 herbam
2273 3003 2534 3056 virentem
2562 3017 2740 3056 escam
2769 3000 3164 3070 prospicerent,
3192 3002 3293 3053 nec
3318 2995 3427 3052 sibi

1789 3134 1832 3192 ο
1867 3105 2054 3150 mutuo
2084 3093 2306 3148 insidias
2344 3103 2618 3148 struerent
2651 3107 2666 3147 :
2706 3093 2798 3147 sed
2831 3092 3008 3170 qualis
3048 3101 3172 3162 post
3204 3092 3317 3145 haec
3347 3090 3434 3142 fu-

1867 3187 1986 3243 tura
2032 3197 2116 3242 est
2161 3188 2215 3240 in
2255 3187 2544 3256 pristinum
2597 3185 2888 3249 restitutio,
2922 3183 3045 3239 talis
3089 3191 3210 3238 erat
3255 3183 3432 3250 prima

1861 3279 2195 3351 procreatio.
2251 3274 2563 3333 Revertitur
2597 3288 2775 3333 autem
2823 3277 2984 3331 homo
3024 3277 3091 3330 ad
3138 3267 3427 3344 pristinum

1863 3373 2013 3426 illum
2043 3361 2270 3434 statUm,
2310 3372 2579 3441 pravitate
2604 3370 2836 3434 solutus,
2865 3370 3119 3438 circaque
3152 3370 3426 3422 terrenam

1864 3465 2005 3519 hanc
2027 3479 2090 3520 ac
2117 3479 2480 3518 aerumnosam
2510 3464 2672 3515 vitam
2707 3463 2854 3532 gravi
2883 3461 3151 3523 molestia,
3194 3475 3292 3513 nec
3318 3470 3426 3512 non

1862 3555 2010 3610 curis
2040 3570 2104 3610 ac
2135 3554 2588 3610 sollicitudinibus
2615 3567 2742 3623 erga
2773 3550 3051 3606 saecularia
3097 3552 3210 3604 haec
3240 3565 3418 3618 exque

1862 3646 1985 3700 vitae
2027 3662 2162 3712 usu,
2217 3647 2388 3701 animi
2441 3659 2693 3699 serenum
2745 3643 3036 3696 turbantia.
3081 3641 3206 3696 llaec
3258 3641 3425 3710 igitur

1861 3736 2043 3790 omnia
2079 3736 2172 3803 qui
2203 3735 2569 3797 abdicaverit,
2605 3735 2672 3787 ad
2713 3734 2877 3787 vitam
2911 3733 3054 3787 illam
3087 3733 3139 3786 in
3173 3734 3426 3800 paradiso

1861 3827 1990 3880 olim
2036 3826 2389 3880 constitutam
2440 3825 2769 3901 postliminio
2818 3825 2987 3890 redit;
3029 3821 3196 3879 vitam
3241 3827 3429 3895 utique

1862 3917 2172 3973 carnalibus
2201 3917 2348 3972 vitiis
2375 3917 2505 3971 nihil
2530 3918 2841 3982 obnoxiam,
2871 3917 3094 3994 liberam
3115 3920 3284 3984 illam,
3317 3920 3425 3974 Deo

1865 4010 2303 4065 contubernalem
2328 4049 2344 4075 ,
2377 4009 2583 4078 angelis
2619 4011 2844 4065 sociam.
2897 4010 3024 4066 Haec
3076 4027 3237 4081 porro
3281 4013 3426 4068 dicta

1864 4115 1893 4152 a
1919 4099 2074 4153 nobis
2104 4111 2252 4166 sunt,
2283 4113 2388 4152 non
2425 4101 2566 4168 quod
2599 4114 2628 4152 a
2659 4115 2920 4155 concesso
2957 4103 3112 4156 nobis
3139 4118 3167 4155 a
3202 4104 3311 4158 Deo
3341 4103 3422 4158 ci-

1862 4188 2053 4244 borum
2093 4203 2188 4242 usu
2219 4202 2406 4243 arcere
2439 4189 2702 4256 velimus;
2749 4190 2841 4245 sed
2880 4201 2937 4245 ut
2971 4193 3134 4261 prisci
3172 4199 3428 4265 temporis

1863 4279 2178 4334 felicitatem
2223 4281 2608 4347 praedicemus;
2663 4282 2838 4351 qualis
2867 4284 2976 4356 vita
3024 4288 3138 4338 haec
3175 4299 3330 4352 erat,
3365 4297 3427 4342 ut

1869 4373 2018 4425 curis
2049 4371 2241 4436 libera,
2292 4380 2352 4424 ut
2391 4371 2644 4440 frugalis,
2689 4381 2746 4424 ut
2779 4389 2950 4442 pauca
2994 4375 3147 4429 valde
3195 4378 3422 4448 ipsaque

197 4463 284 4531 νῆς
324 4463 536 4533 τρυφῆς
563 4463 662 4532 τῆς
696 4464 753 4514 ὲν
781 4460 858 4531 τῷ
890 4460 1204 4532 παραδείσῳ
1223 4459 1580 4530 ὲξεπέσαμεν,
1614 4476 1759 4513 νενο-

1865 4463 2112 4530 expedita
2156 4462 2224 4515 ad
2272 4463 2438 4515 vitam
2501 4465 2904 4531 transigendam
2955 4466 3191 4520 humano
3239 4472 3421 4538 generi

199 4549 450 4622 θευμένας
502 4552 712 4624 τρυφὰς
769 4551 846 4622 (ιι)
915 4553 1128 4614 ἑαυτοῖς
1177 4548 1623 4620 ὲπενοησάμεθαο
1670 4549 1764 4602 καὶ

200 4630 374 4714 ἐπειδὴ
395 4643 581 4697 οὐκέτι
616 4643 884 4714 βλέπομεν
913 4641 974 4694 τὸ
1008 4640 1162 4705 ξύλον
1190 4641 1291 4710 τῆς
1324 4638 1490 4710 ζωῆς,
1522 4641 1642 4694 οὐδὲ
1683 4639 1762 4711 τῷ

201 4733 370 4788 κάλλει
411 4736 608 4804 ἐκείνῳ
652 4734 721 4804 (ε)
767 4731 1192 4804 ὲναϐρυνόμεθα,
1231 4731 1489 4800 ἐδόθησαν
1521 4733 1654 4802 ἡμῖν
1683 4733 1763 4795 είς

201 4826 488 4880 ἀπόλαυσιν
521 4827 774 4898 μάγειροι
801 4810 1002 4888 λοιπδν,
1028 4824 1120 4876 καὶ
1165 4825 1462 4894 ἀρτοποιοὶ,
1497 4824 1590 4876 καὶ
1621 4841 1762 4895 πεμα-

207 4914 374 4981 μάτων
417 4917 680 4970 ποικιλίαι
707 4915 801 4968 καὶ
841 4913 1222 4984 θυμιαμάτων,
1264 4913 1360 4966 καὶ
1390 4912 1618 4966 τοιαῦτά
1645 4931 1764 4968 τινα

205 5007 661 5076 παραμυθούμενα
682 5005 838 5078 ἡμῶν
865 5005 960 5077 τὴν
989 5004 1196 5058 ἐκεῖθεν
1227 5002 1521 5058 ἔκπτωσιν.

1870 4552 2228 4607 conducentia
2249 4589 2267 4617 ,
2307 4560 2362 4606 et
2400 4561 2459 4605 ut
2483 4555 2650 4606 variis
2679 4555 2908 4620 dapibus
2937 4556 3178 4612 dill'ertas
3213 4574 3430 4614 mensas

1870 4656 1974 4695 una
2003 4641 2158 4696 nobis
2199 4641 2404 4695 invexit
2431 4644 2632 4709 peccati
2677 4659 2861 4698 causa.
2893 4645 3181 4714 Postquam
3215 4650 3359 4702 enim
3398 4667 3430 4704 a

1868 4733 2014 4786 veris
2043 4732 2147 4786 illis
2190 4733 2424 4801 paradisi
2462 4733 2670 4788 deliciis
2716 4735 3055 4800 excidimus,
3099 4739 3432 4793 adulterinas

1869 4824 2142 4892 falsasque
2166 4825 2318 4879 nobis
2349 4824 2568 4879 delicias
2602 4826 2977 4900 adinvenimus
3005 4843 3019 4878 :
3051 4830 3432 4897 quodquejam

1869 4913 2100 4982 amplius
2128 4913 2328 4982 lignum
2358 4915 2484 4967 vita:
2518 4930 2621 4967 non
2652 4917 3044 4984 conspicimus,
3090 4932 3192 4970 nec
3221 4919 3307 4970 illa
3340 4935 3433 4969 no-

1868 5005 1952 5058 bis
2001 5005 2400 5072 pulchritudine
2443 4989 2714 5073 placemus
2754 5017 2808 5060 et
2849 5007 3161 5076 gloriantur,
3215 5007 3265 5060 in
3315 5023 3431 5060 rent

207 5107 432 5150 nostram
483 5098 814 5166 fruendaque
861 5097 986 5150 vitae
1036 5095 1176 5149 lenia
1253 5109 1468 5148 cessere
1553 5095 1712 5163 coqui
1758 5109 1822 5148 ac
1860 5095 2129 5163 pistores,
2182 5097 2441 5165 variaque
2491 5097 2836 5152 bellariorum
2887 5113 2950 5152 ac
2999 5098 3426 5151 sullimcntorum

209 5199 426 5250 genera,
466 5190 690 5257 ejusque
718 5187 931 5257 generis
970 5184 1075 5238 alia
1120 5184 1364 5252 quaedam
1414 5185 1581 5236 nostri
1628 5183 1753 5238 inde
1792 5183 1976 5252 lapsus
2006 5185 2220 5240 solatia.

273 5277 322 5330 5.
359 5279 566 5350 Ὥσπερ
595 5280 644 5331 οἱ
679 5277 978 5340 νοσοῦντες.
1027 5277 1155 5328 ὅταν
1198 5273 1609 5344 καταϐληθῶσιν
1653 5274 1758 5326 ὑπὸ

213 5368 432 5439 σφοδρᾶς
459 5371 788 5442 ἀρρωστίας,
818 5370 878 5423 οὐ
915 5367 1199 5439 δυνάμενοι
1236 5366 1483 5437 μετέχειν
1509 5367 1606 5430 τῆς
1639 5383 1764 5419 συν-

273 5483 316 5513 ¹⁹⁵
343 5483 479 5537 Gen.
509 5500 587 5550 Ix,
625 5484 680 5540 5.

275 5598 348 5666 (a)
373 5597 578 5662 Εἰδὼς.
593 5659 596 5662 ,
611 5597 774 5651 Forte
799 5595 952 5666 ἰδών.
973 5595 1130 5666 Eutr.

278 5666 346 5733 (δ)
387 5667 529 5732 Θεῷ.
561 5667 720 5722 Forte
750 5666 903 5720 Θεοῦ.
941 5667 1096 5723 Eutr.

277 5733 341 5802 (ε)
371 5740 503 5792 Καί.
535 5737 627 5794 llic
651 5737 1030 5794 collocavimus
1072 5734 1200 5792 illud
1236 5733 1362 5803 καί,
1406 5733 1549 5803 quod
1591 5735 1772 5792 statim

1936 5275 1991 5328 5.
2035 5274 2102 5329 Ut
2127 5277 2364 5343 aegrotis,
2394 5278 2482 5344 qui
2513 5277 2660 5342 gravi
2696 5275 2878 5344 aliquo
2906 5277 3090 5330 morbo
3115 5276 3396 5330 conﬂictan

1874 5375 1982 5432 tur,
2007 5382 2130 5420 cum
2159 5369 2329 5421 solitis
2353 5369 2718 5436 voluptatibus
2745 5366 2851 5420 frui
2881 5383 2986 5420 non
3013 5370 3242 5437 possint,
3267 5383 3430 5438 quas—
3483 5401 3486 5405 ι

1868 5588 2606 5663 ροδι-καθεστάναι-ροςίιιιηι
2623 5596 2758 5642 erat.
2786 5588 2942 5644 Eon.

1945 5661 2019 5731 (ά)
2051 5659 2299 5728 Τρυφάς.
2323 5659 2413 5731 ills.
2450 5657 2666 5731 τροφάς.

1954 5663 1998 5731 [ά
2051 5661 2299 5728 Τρυφάς.
2323 5661 2413 5712 Ms.
2450 5661 2666 5726 τροφάς.

1954 5661 2023 5800 (εξ
2076 5731 2328 5795 Ἐκείνῳ.
2357 5726 2517 5784 Forte
2538 5727 2767 5785 ἐκείνου.
2801 5729 2958 5785 Ευιτ.
