3838 6214
410 373 477 427 47
1366 364 1714 422 APPENDIX
1751 364 2037 423 OPERUM
2073 365 2134 423 S.
2168 364 2415 422 BASlLﬂ
2455 364 2697 420 MAGNI.
3584 362 3658 421 ις

412 495 535 550 dam
568 493 793 549 odorum
819 491 1115 545 suavitates
1147 488 1346 544 medici
1374 488 1814 545 subministrant.
1843 488 1977 544 Cum

2083 488 2243 560 ήθους
2294 487 2673 553 ἀπολαύσεως,
2730 486 3098 558 όσφραντικάς
3140 501 3293 549 τινας
3339 483 3494 556 παρά
3548 484 3664 542 τῶν

411 585 556 639 enim
588 582 983 638 robustioribus
1008 578 1268 635 obiectari
1313 594 1421 634 non
1462 578 1648 642 liceat,
1679 593 1800 649 quae
1824 578 1976 634 inﬁr-

412 673 518 727 mis
560 681 920 727 consentanea
964 670 1070 735 sit,
1100 684 1275 738 exque
1300 683 1486 724 eorum
1524 669 1683 724 modo
1731 670 1978 724 sensibus

411 761 856 825 obblandientes,
904 760 1271 814 delinitionem
1318 760 1673 828 prospiciunt.
1730 759 1869 825 Quin
1925 768 1981 813 et

411 869 557 909 nunc
597 867 841 923 quoque,
871 852 1066 921 quibus
1105 852 1453 906 constitutum
1489 852 1594 915 sit,
1632 860 1693 904 ut
1723 853 1790 904 ad
1819 850 1935 920 ejus
1956 889 1973 916 ,

411 956 531 1010 qua:
552 941 605 995 in
636 940 886 1009 paradiso
912 946 1052 1003 erat,
1082 939 1208 993 vita:
1228 953 1477 993 normam
1502 939 1740 993 rationes
1768 947 1980 992 nostras

408 1032 786 1093 instituamus,
836 1032 1087 1101 pinguem
1129 1030 1269 1083 hanc
1314 1029 1475 1082 lautis
1519 1028 1747 1098 dapibus
1794 1042 1859 1082 ac
1890 1042 1981 1080 co-

406 1124 577 1193 piosis
618 1123 944 1192 voluptatem
994 1130 1277 1185 caventes,
1323 1120 1389 1174 ad
1431 1135 1550 1174 eam
1598 1120 1798 1186 vitam,
1838 1118 1980 1187 quod

411 1216 536 1270 licet
565 1229 662 1283 per
685 1213 993 1269 facultatem
1016 1252 1032 1278 ,
1061 1228 1157 1265 nos
1186 1212 1332 1279 ipsos
1368 1212 1707 1281 surrigamus
1736 1250 1751 1272 ,
1786 1208 1977 1262 fructi-

407 1302 619 1370 busque
658 1310 713 1355 et
737 1300 1038 1356 seminibus
1077 1309 1130 1353 et
1154 1300 1328 1366 pomis
1368 1314 1431 1353 ac
1456 1298 1682 1353 nucibus
1709 1299 1834 1350 vitae
1860 1311 1982 1351 sus-

412 1390 679 1445 tentandae
728 1398 979 1453 utentes,
1009 1390 1151 1457 quod
1201 1389 1285 1442 his
1315 1388 1548 1457 amplius
1595 1397 1678 1442 est
1710 1397 1769 1441 ut
1803 1388 1979 1443 minus

405 1479 778 1535 necessarium
830 1493 1170 1546 respuamus.
1234 1476 1350 1532 Non
1402 1478 1527 1546 quia
1582 1478 1975 1532 abominabilia

411 1572 544 1636 sint,
571 1572 768 1640 quippe
789 1585 909 1622 cum
940 1571 1046 1623 Deo
1062 1578 1284 1624 auctore
1301 1579 1493 1624 cuncta
1517 1579 1698 1625 creata
1720 1571 1849 1637 sint,
1879 1571 1978 1625 sed

412 1665 557 1734 quod
584 1663 653 1718 ob
683 1662 864 1717 carnis
893 1660 1087 1715 bonam
1118 1661 1487 1717 habitudinem
1515 1673 1841 1717 nocumento
1872 1678 1978 1717 non

402 1762 650 1809 careant.

2084 578 2281 650 ίατρῶν
2303 578 2635 649 λαμϐάνουσι
2661 577 2952 643 δεξιώσεις.
2997 577 3212 648 Ἐπειδὴ
3254 575 3364 648 γὰρ
3395 576 3502 629 τῶν
3531 592 3661 630 στε-

2082 668 2364 741 ρεωτέρων
2411 670 2491 731 εἰς
2536 666 2833 721 ἀπόλαυσιν
2864 665 3283 732 ἐκπεπτώκασι,
3316 668 3397 729 εἰς
3424 665 3649 719 ἀπόλαυ-

2084 777 2165 813 σιν
2196 759 2506 831 σύμμετρον
2537 762 2601 829 τῇ
2632 757 2887 830 ἀσθενείᾳ
2931 758 3155 820 τούτων,
3183 759 3233 810 οἱ
3272 756 3658 820 κολακεύοντες

2080 851 2260 904 αὐτῶν
2314 850 2413 913 τὰς
2466 850 2748 920 αἰσθήσεις
2791 850 3101 921 περινοοῦσι
3147 848 3459 919 θεραπείαν.
3509 846 3660 919 Πλὴν

2081 936 2216 991 ἀλλά
2251 937 2346 989 καῖ⁵
2392 936 2486 990 νῦν
2531 937 2673 990 κατά
2709 937 2939 1007 μίμησιν
2989 938 3086 1009 τῆς
3119 939 3175 990 ἐν
3220 936 3297 1007 τῷ
3344 937 3660 1010 παραδείσῳ

2082 1026 2225 1097 ζωῆς
2272 1028 2495 1089 ἑαυτοὺς
2544 1026 2699 1096 ἄγειν
2743 1027 3088 1098 βουλόμενοι,
3121 1026 3413 1096 φεύγοντες
3446 1027 3656 1098 ταύτην

2080 1120 2178 1189 τὴν
2208 1118 2469 1172 πολύῦλον
2498 1118 2605 1174 τῶν
2640 1119 2943 1190 βρωμάτων
2977 1120 3304 1184 ἀπόλαυσιν,
3333 1121 3419 1171 ἐπ’
3448 1121 3663 1173 ἐκεῖνον

2080 1210 2170 1262 τὸν
2205 1208 2317 1279 βίον
2337 1250 2351 1274 ,
2380 1207 2561 1271 καθώς
2586 1210 2698 1262 ἐστι
2731 1208 2953 1262 δυνατὸν
2972 1248 2985 1272 ,
3028 1210 3253 1272 ἑαυτοὺς
3298 1206 3655 1278 ἀναγώμεθα,

2082 1301 2311 1368 καρποῖς
2340 1299 2435 1352 καὶ
2472 1298 2770 1369 σπέρμασι,
2806 1298 2900 1351 καὶ
2937 1302 3048 1362 τοῖς
3076 1301 3140 1351 ἐκ
3190 1298 3298 1352 τῶν
3340 1298 3660 1369 ἀκροδρύων

2082 1390 2160 1451 εἰς
2185 1387 2460 1458 διαγωγὴν
2499 1386 2770 1458 χρώμενοι
2790 1404 2804 1418 ·
2835 1385 2897 1440 τὸ
2942 1388 2998 1441 δὲ
3032 1389 3287 1459 περισσὸν
3314 1389 3549 1455 τούτων,
3579 1387 3657 1453 ὡς

2081 1481 2181 1533 οὐκ
2211 1482 2526 1548 ἀναγκαῖον,
2572 1478 3051 1550 ἀποπεμπώμεθα.
3083 1480 3196 1550 Οὐχ
3231 1481 3316 1533 ὅτι
3355 1479 3654 1549 βδελυκτάο

2080 1571 2144 1621 ἐκ
2174 1569 2322 1623 Θεοῦι
2334 1568 2442 1641 γὰρ
2467 1569 2645 1623 πάντα
2674 1569 3001 1641 γεγένηται·
3036 1570 3149 1624 ἀλλ’
3174 1573 3257 1624 ὅτι
3288 1571 3542 1643 βλαϐερὰ,
3569 1571 3662 1625 διὰ

2080 1660 2177 1732 τὴν
2204 1661 2304 1730 τῆς
2336 1660 2537 1732 σαρκὸς
2567 1661 2881 1715 εὐπάθειαν.

479 1844 536 1901 6.
577 1844 645 1899 Et
685 1845 934 1917 requievit
978 1844 1120 1899 Deus
1168 1844 1232 1898 ab
1286 1845 1523 1899 omnibus
1573 1845 1811 1914 operibus
1868 1844 1978 1900 suis

2150 1836 2203 1893 6.
2243 1836 2356 1891 Καὶ
2401 1838 2784 1894 κατέπαυσεν
2834 1843 2868 1895 ὁ
2915 1841 3059 1908 Θεὸς
3097 1842 3217 1897 ἀπὸ
3251 1843 3493 1898 πάντων
3540 1842 3664 1898 τῶν

411 1936 498 1991 die
524 1938 744 2006 septimo
772 1938 838 1991 ’⁵.
881 1936 1074 1991 Dicant
1111 1935 1272 2007 igitur
1308 1935 1658 2000 arithmetici,
1693 1945 1746 1992 et
1778 1936 1866 2006 qui
1899 1946 1981 1990 ta-

413 2030 555 2084 libus
597 2028 791 2085 studiis
831 2028 1176 2088 incumbunt.
1212 2042 1277 2083 ac
1320 2043 1417 2083 ceu
1460 2043 1712 2099 magnum
1749 2030 1876 2099 quid
1907 2031 1984 2085 rei

412 2122 573 2187 hujus
617 2137 681 2178 ac
726 2135 1074 2177 numerorum
1118 2122 1324 2189 jactant
1372 2121 1677 2191 scientiam,
1712 2121 1983 2176 senarium

411 2210 568 2283 341
590 2228 870 2269 numerum
890 2213 1072 2267 mundi
1091 2212 1350 2267 creationi
1369 2226 1487 2267 esse
1503 2197 1738 2277 alIinem,
1763 2226 1827 2265 eo
1843 2213 1986 2282 quod

413 2302 573 2369 longe
617 2304 1037 2358 fecundissimus
1079 2302 1171 2368 sit,
1206 2301 1404 2356 multas
1437 2315 1504 2355 ex
1538 2315 1598 2355 se
1627 2301 1843 2370 pariens
1883 2315 1985 2353 nu-

413 2407 686 2447 merorum
734 2394 963 2462 species,
999 2394 1218 2463 suisque
1269 2392 1385 2463 ipse
1430 2391 1671 2461 partibus
1717 2389 1986 2460 perfectus

411 2482 656 2548 exsistat,
683 2496 747 2537 ac
778 2496 1107 2550 qumounque
1147 2482 1213 2535 de
1258 2482 1473 2537 senario
1513 2479 1624 2535 suis
1650 2480 1702 2534 in
1733 2479 1987 2535 scholicis

411 2572 865 2642 disputationibus
918 2573 1241 2627 arithmetici
1299 2572 1590 2642 garriunt:
1634 2585 1697 2625 ac
1750 2569 1795 2625 si
1848 2570 1987 2625 forte

411 2671 591 2730 vacat,
625 2678 724 2732 per
757 2677 875 2717 sese
910 2677 1031 2718 esse
1070 2663 1301 2718 dicatur.
1340 2662 1681 2719 Dicantvero
1715 2670 1769 2715 et
1806 2660 1871 2714 de
1901 2675 1987 2716 se-

411 2753 680 2824 ptenario,
706 2768 828 2808 esse
858 2753 909 2808 in
939 2767 1005 2808 eo
1038 2755 1325 2822 quamdam
1359 2754 1661 2808 sterilitatis
1695 2754 1889 2821 labem,
1927 2762 1986 2809 ut

412 2842 503 2910 qui
529 2856 629 2896 nec
662 2840 823 2894 alium
854 2856 919 2896 ex
949 2856 1007 2897 se
1044 2857 1325 2896 numerum
1373 2842 1579 2911 gignat,
1612 2857 1712 2897 nec
1759 2844 1826 2898 ab
1878 2844 1984 2899 alio

414 2931 529 2998 ipse
575 2930 844 3001 gignatur.
885 2930 964 2985 Ac
1003 2944 1072 2984 ne
1121 2929 1399 2998 multiplici
1451 2944 1630 2985 rerum
1668 2931 1986 2986 tractatione

413 3034 714 3075 sermonem
757 3019 1088 3089 protraham,
1118 3017 1282 3072 missa
1328 3032 1449 3087 quae
1496 3018 1564 3073 ad
1609 3033 1703 3073 vos
1735 3019 1983 3073 instituta

407 3112 584 3165 oratio
609 3120 711 3174 est,
740 3109 806 3164 ad
835 3124 896 3164 ea
926 3124 1044 3179 qua:
1073 3123 1225 3177 aequa
1261 3108 1430 3177 magis
1460 3108 1785 3177 ingenuique
1813 3108 1981 3162 animi

2081 1929 2270 1998 ἔργων
2290 1928 2478 1984 αὐτοῦ
2516 1929 2590 2000 τῇ
2627 1931 2818 2001 ἡμέρᾳ
2842 1930 2920 2000 τῇ
2951 1932 3191 2003 ἐϐδόμῃ.
3218 1934 3539 2003 Λεγέτωσαν
3565 1931 3663 1991 οῦν

2083 2016 2451 2090 ἀριθμητικοὶ,
2483 2021 2577 2073 καὶ
2613 2021 2661 2073 οἱ
2684 2021 2811 2093 περὶ
2835 2021 3005 2075 ταῦτα
3035 2022 3409 2093 ἐσχολακότες,
3436 2025 3532 2077 καὶ
3560 2023 3660 2097 τὴν

2083 2109 2337 2182 τοιαύτην
2389 2111 2582 2183 σοφίαν
2617 2113 2739 2166 ἀντί
2790 2115 3023 2185 μεγάλου
3068 2114 3488 2187 κατορθώματος
3521 2134 3659 2188 προ-

2083 2199 2422 2272 ϐαλλόμενοι,
2473 2204 2520 2256 οἱ
2579 2204 2678 2274 μὲν
2721 2205 2803 2258 ὅτι
2855 2206 3125 2277 συγγενὴς
3186 2209 3254 2279 τῇ
3304 2206 3403 2260 τοῦ
3448 2207 3658 2279 κόσμου

2085 2292 2259 2345 κτίσει
2292 2295 2320 2346 6
2353 2293 2411 2360 ἓξ
2441 2294 2692 2365 ἀριθμὸς,
2724 2297 2774 2349 οἱ
2798 2296 2841 2349 δ’
2874 2298 2955 2351 ὅτι
2988 2297 3283 2367 πολύγονός
3320 2300 3458 2364 ἐστι,
3488 2298 3662 2352 πολλά

2086 2385 2341 2455 σχήματα
2381 2386 2631 2457 ἀριθμῶν
2680 2389 2774 2457 ἀφ’
2820 2389 3016 2447 ἐαυτοῦ
3060 2390 3282 2457 τίκτων,
3322 2391 3417 2444 καῖ
3456 2390 3663 2454 τέλειος

2084 2478 2198 2538 τοῖς
2237 2475 2431 2530 ἑαυτοῦ
2488 2477 2701 2549 μέρεσι,
2747 2479 2843 2533 καὶ⁵
2895 2482 2997 2534 ὅσα
3048 2482 3176 2553 περὶ
3227 2481 3329 2551 τῆς
3370 2480 3554 2545 ἑξάδος
3601 2481 3662 2533 ἐν

2083 2568 2205 2630 ταῖς
2235 2567 2513 2637 σχολικαῖς
2558 2567 2856 2637 διαλέξεσιν
2906 2571 3260 2643 ἀριθμητικοὶ
3310 2571 3659 2643 διηγοῦνταιο

2085 2656 2141 2709 εἴ
2178 2676 2295 2723 πως
2339 2660 2501 2730 σχολὴ
2521 2668 2545 2723 ,’
2570 2661 2693 2715 καθ’
2718 2663 2912 2716 ἑαυτὸν
2954 2663 3217 2733 λεγέσθω.
3253 2665 3575 2734 Λεγέτωσαν
3602 2663 3662 2717 δὲ

2084 2747 2181 2802 καὶ⁸
2213 2747 2340 2821 περὶ
2374 2749 2476 2817 τῆς
2508 2750 2819 2823 ἑϐδομάδος,
2849 2754 2932 2807 ὅτι
2974 2754 3257 2827 στείρωσίς
3285 2755 3368 2819 τίς
3414 2756 3561 2809 ἐστιν
3602 2756 3661 2807 ὲν

2083 2838 2162 2911 τῷ
2195 2839 2432 2913 ἑϐδόμῳ·
2468 2842 2590 2896 οῦτε
2642 2843 2741 2916 μὲν
2787 2844 2896 2916 γὰρ
2944 2847 3112 2919 γεννᾷ
3154 2845 3247 2916 ἀφ’
3292 2844 3512 2910 ἑαυτοῦ,
3536 2844 3660 2900 οὔτε

2086 2931 2215 3001 παρ’
2249 2931 2435 3002 ἐτέρου
2470 2933 2714 2988 τίκτεται
2756 2938 2785 2988 6
2828 2935 2936 2990 τῶν
2978 2937 3118 2990 ἐπτά
3151 2936 3402 3009 ἀριθμός.
3436 2938 3547 2990 Καὶ¹
3574 2937 3661 2992 ἵνα

2089 3018 2165 3089 μὴ
2204 3020 2285 3082 εἰς
2315 3019 2578 3074 πολύῦλον
2608 3023 2832 3090 κατάγω
2873 3024 2963 3078 τὸν
2986 3023 3163 3093 λόγον,
3193 3024 3289 3096 τὴν
3310 3025 3543 3092 διάλεξιν
3563 3026 3661 3098 τὴν

2086 3107 2224 3178 πρὸς
2276 3106 2422 3177 ὑμᾶς
2472 3108 2818 3180 διαδραμὼν,
2891 3112 2984 3165 ἐπὶ
3034 3112 3105 3166 τὰ
3182 3114 3661 3186 εύγνωμονέστερα

380 3216 476 3256 'ac
507 3200 810 3256 necessaria
857 3199 1230 3267 procedamus.
1268 3197 1421 3263 Quod
1466 3198 1511 3252 si
1559 3197 1683 3267 quis
1718 3197 1882 3253 etiam
1918 3198 1980 3253 iis

2083 3199 2425 3269 χωρήσωμεν
2466 3201 2562 3252 καὶ
2602 3199 3023 3272 ἀναγκαιότερα.
3066 3203 3131 3255 Εἰ
3170 3202 3227 3255 δέ
3268 3220 3351 3267 τις
3390 3203 3483 3255 καὶ
3531 3204 3664 3274 περὶ

409 3293 466 3348 in
495 3294 655 3347 rebus
692 3300 939 3346 versatus
968 3299 1072 3356 est,
1110 3291 1154 3346 is
1184 3291 1396 3344 noverit
1430 3291 1621 3343 harum
1652 3304 1867 3359 quoque
1896 3303 1985 3343 re-

410 3397 531 3436 rum
568 3383 878 3436 thesaurum
923 3381 1062 3451 apud
1109 3394 1208 3435 nos
1246 3380 1583 3435 reconditum
1619 3394 1761 3436 esse.
1806 3380 1985 3447 Quare

410 3474 455 3526 si
508 3472 688 3542 magni
742 3472 988 3527 facienda
1037 3481 1121 3526 est
1177 3471 1540 3536 arithmetica,
1577 3472 1665 3527 hic
1704 3475 1807 3527 sita
1862 3480 1986 3526 sunt

411 3563 770 3618 arithmetica:
803 3564 1032 3619 semina.
1064 3562 1174 3617 Nos
1201 3577 1330 3617 vero
1372 3578 1478 3618 non
1518 3563 1571 3617 in
1611 3563 1729 3617 istis
1775 3564 1983 3617 animos

411 3653 697 3719 sumimus,
733 3654 883 3723 quod
930 3669 961 3708 e
1011 3653 1193 3707 mundi
1245 3653 1484 3722 profecta
1537 3654 1805 3720 sapientia
1852 3655 1981 3721 sint,

412 3752 506 3797 aut
540 3745 593 3797 in
626 3743 742 3812 ejus
783 3760 903 3815 quae
949 3760 1015 3798 ex
1047 3743 1228 3800 szcculi
1272 3759 1371 3799 usu
1416 3753 1501 3799 est
1550 3745 1827 3813 sapientiae
1858 3761 1981 3815 gra-

416 3834 579 3901 tiam;
610 3848 727 3903 qua:
763 3835 935 3904 magis
966 3849 1219 3905 spernere
1249 3844 1308 3889 ut
1342 3836 1557 3904 exigua,
1586 3848 1685 3889 nec
1713 3835 1779 3889 ad
1811 3835 1983 3893 virtu-

300 3990 307 3993 μ
415 3934 525 3979 tem
552 3926 927 3989 conducentia,
960 3940 1123 3993 quam
1153 3932 1428 3979 ostentare
1450 3922 1584 3992 jussi
1615 3940 1821 3980 sumus.
1849 3923 1982 3979 Nam

414 4015 507 4083 qui
560 4014 680 4070 istis
726 4016 961 4071 studium
1008 4029 1335 4084 operamque
1383 4025 1600 4076 navant,
1637 4017 1818 4084 parvis
1858 4016 1984 4072 hinc

415 4106 503 4176 (ex
531 4115 713 4159 nostra
758 4105 966 4160 scilicet
1008 4106 1275 4176 doctrina)
1324 4105 1511 4159 furtim
1558 4105 1801 4171 sublatis,
1836 4109 1981 4160 suis-

412 4210 518 4264 que
545 4195 782 4265 ipsorum
809 4196 1274 4251 lucubrationibus
1303 4195 1570 4258 admistis,
1594 4196 1666 4249 ita
1697 4212 1756 4251 se
1783 4196 1984 4265 magni-

409 4284 512 4339 ﬁce
555 4284 783 4350 jactant.
833 4284 944 4340 Nos
991 4285 1197 4353 itaque,
1230 4292 1291 4339 ut
1337 4285 1463 4339 hinc
1506 4284 1615 4339 illis
1663 4285 1883 4354 liqueat,
1916 4302 1980 4340 ea

408 4389 511 4431 nos
557 4377 832 4446 despectui
884 4376 1085 4432 habere
1131 4392 1251 4446 qua:
1292 4378 1373 4432 sic
1403 4380 1542 4446 apud
1574 4379 1722 4448 ipsos
1764 4380 1981 4449 plurimi

410 4468 576 4533 ﬂant,
630 4468 844 4524 silentio
893 4478 1364 4535 transcurramus,
1414 4471 1506 4540 qui
1544 4473 1610 4525 de
1660 4472 1766 4526 illis
1801 4487 1980 4526 sermo

296 4618 303 4624 ,
406 4565 516 4612 est.
541 4555 712 4611 Simul
750 4572 899 4623 vero,
929 4561 1071 4626 quod
1101 4557 1366 4626 ejusmodi
1408 4572 1589 4613 rerum
1615 4559 1978 4615 consideratio

408 4648 548 4704 haud
593 4650 666 4705 ita
694 4651 867 4706 facilis
895 4652 968 4705 sit
1001 4665 1065 4706 ac
1094 4652 1276 4721 pervia
1317 4652 1537 4734 publico
1565 4667 1629 4707 ac
1664 4654 1784 4708 rudi
1812 4655 1974 4724 plebi,

406 4735 742 4806 collectaque
787 4739 977 4793 concio
1027 4739 1120 4803 sit,
1167 4753 1273 4793 non
1320 4755 1440 4809 qua:
1488 4742 1810 4798 artiﬁciosos
1856 4744 1977 4799 illos

403 4842 468 4882 ac
499 4828 824 4898 sophisticos
854 4843 1131 4885 sermones
1174 4830 1363 4886 audire
1407 4842 1580 4902 paret,
1612 4834 1706 4888 sed
1746 4849 1865 4904 quae
1906 4838 1977 4890 ad

400 4920 811 4977 aediﬁcationem
856 4922 1109 4978 facientia
1155 4925 1381 4992 quaesita
1421 4925 1526 4981 sibi
1572 4926 1767 4981 resolvi
1813 4936 1975 4996 atque

398 5011 592 5079 exponi
626 5020 854 5081 quaerat.

466 5103 521 5155 7.
561 5101 836 5173 Septimus
876 5104 1058 5174 itaque
1098 5105 1214 5161 dies
1260 5107 1465 5161 honore
1494 5105 1750 5175 praelatus
1780 5116 1887 5173 est,
1918 5108 1970 5163 id

396 5202 505 5259 est,
534 5192 866 5261 Sabbatum;
904 5196 1134 5265 indeque
1174 5199 1510 5266 septenarius
1544 5213 1799 5255 numerus
1828 5200 1968 5270 apud

393 5282 653 5338 Hebraeos
703 5285 1070 5341 venerabilis:
1103 5287 1158 5341 in
1206 5302 1313 5358 quo
1344 5286 1838 5344 Tabernaculorum
1887 5289 1996 5358 fe-g

394 5384 559 5440 stum,
594 5373 760 5431 Tuba:
798 5392 863 5432 ac
900 5378 1016 5434 dies
1067 5376 1513 5447 Propitiationis:
1543 5379 1637 5435 sed
1688 5388 1744 5434 et
1793 5394 1969 5437 annus

392 5463 653 5532 septimus
697 5469 835 5535 apud
885 5483 978 5524 eos
1023 5469 1368 5536 venerabilis,
1404 5483 1564 5538 quem
1608 5469 1966 5528 Remissionis

389 5552 665 5610 dicebant.
714 5556 936 5613 Licebat
977 5560 1175 5632 ouippe
1220 5560 1378 5615 annis
1427 5575 1524 5615 sex
1568 5562 1817 5618 excolere
1863 5571 1971 5619 ter-

461 5668 513 5706 ⁸⁵
540 5670 676 5727 Gen.
705 5688 763 5737 ιι,
801 5673 894 5727 9.2.

474 5786 537 5859 ρ)
584 5784 999 5867 Ἕνᾶεχομέφ-η.
1032 5788 1197 5857 Forte
1223 5788 1576 5864 ἐκδεχομένη.
1599 5790 1757 5850 Eutr.

2085 3287 2259 3342 ταῦτα
2288 3288 2398 3358 ἔχει
2426 3289 2548 3342 τινὰ
2577 3290 2890 3362 ἐμπειρίαν,
2935 3293 3086 3358 ἵστω,
3123 3294 3205 3346 δτι
3238 3294 3333 3346 καὶ
3359 3294 3489 3365 παρ’
3528 3294 3663 3365 ἡμῖν

2085 3379 2469 3433 ἐναπόκειται·
2523 3379 2663 3433 ῶστε
2713 3384 2762 3435 εἰ
2812 3383 2955 3453 μέγα
2999 3383 3362 3455 ἀριθμητικὴ,
3430 3384 3663 3440 ἐνταῦθά

2086 3471 2201 3522 ἐστι
2248 3471 2349 3541 τῆς
2391 3470 2762 3544 ἀριθμητικῆς
2800 3473 2870 3526 τὰ
2910 3474 3219 3545 σπέρματα.
3263 3476 3454 3544 Ἡμεῖς
3491 3474 3549 3527 δὲ
3598 3475 3659 3527 ού

2085 3560 2391 3632 φρονοῦμεν
2424 3564 2482 3615 ἐν
2506 3562 2717 3626 τούτοις
2747 3565 2909 3635 μέγα,
2939 3563 3026 3617 διὰ
3056 3564 3114 3617 τὸ
3131 3566 3193 3617 ἐκ
3210 3564 3307 3634 τῆς
3338 3562 3430 3616 τοῦ
3452 3564 3664 3633 κόσμου

2084 3646 2224 3705 εἶναι
2246 3653 2456 3723 σοφίας,
2484 3653 2516 3726 ἢ
2555 3656 2642 3709 διά
2666 3655 2765 3727 τὴν
2796 3657 2859 3708 ἐκ
2887 3654 2980 3708 τοῦ
3007 3655 3211 3726 κόσμου
3239 3653 3451 3724 σοφίαν,
3488 3652 3523 3707 ἃ
3562 3671 3662 3706 πε-

2085 3748 2358 3816 ριφρονεῖν
2383 3747 2580 3816 μᾶλλον
2602 3750 2780 3819 ἡμεῖς,
2816 3749 2891 3812 ὡς
2912 3748 3083 3820 μικρὰ
3110 3749 3202 3801 καὶ
3230 3748 3493 3818 ἀσυντελῆ
3523 3747 3661 3819 πρὸς

2082 3834 2305 3905 ἀρετὴν,
2342 3835 2454 3888 ἀλλ’
2475 3838 2575 3889 οὑκ
2608 3837 3009 3891 ἐπιδείκνυσθαι
3039 3838 3424 3908 ἐντετάλμεθα.
3457 3839 3519 3891 Οἱ
3549 3837 3665 3909 γάρ

2081 3922 2258 3977 ταῦτα
2296 3924 2670 3995 περιέποντες,
2711 3927 2881 3998 μικρά
2936 3926 3170 3981 ἐνταῦθα
3213 3927 3542 3997 κλέψαντες,
3593 3926 3663 3979 ἐκ

2082 4015 2191 4068 τῶν
2216 4016 2499 4087 ἡμετέρων
2530 4017 2693 4086 λέγω,
2729 4022 2851 4082 ταῖς
2883 4018 3287 4090 πραγματείαις
3334 4016 3512 4071 αὐτῶν
3558 4033 3662 4071 κα-

2080 4106 2448 4176 ταμίξαντες,
2518 4108 2692 4172 οὕτως
2757 4109 3242 4181 ἀποσεμνύνονται.
3298 4111 3414 4163 Ἰνα
3477 4110 3663 4165 τοίνυν

2081 4196 2346 4267 δείξωμεν
2394 4199 2600 4263 αὐτοῖς.
2650 4200 2833 4253 ὅτιτά
2889 4202 3019 4270 παρ’
3075 4199 3303 4263 ἐκείνοις
3356 4201 3660 4269 περισπούο

2083 4286 2289 4353 δαστα,
2340 4290 2472 4359 ἡμῖν
2524 4291 2671 4342 ἐστιν
2719 4290 3205 4362 εὐκαταφρόνητα,
3243 4294 3419 4362 σιωπῇ
3474 4308 3657 4362 παρα-

2084 4374 2383 4446 δράμωμεν
2409 4377 2501 4429 τὸν
2532 4378 2660 4450 περὶ
2691 4378 2894 4433 τούτων
2925 4380 3083 4448 λόγον
3109 4398 3123 4410 ·
3155 4380 3291 4450 ὁμοῦ
3325 4380 3401 4444 δὲ,
3448 4382 3543 4434 καὶ
3575 4382 3659 4434 ὅτι

2083 4466 2184 4518 οὐκ
2212 4465 2478 4538 εὖληπτος
2516 4468 2594 4539 τῷ
2636 4469 2797 4540 κοινῷ
2834 4472 2928 4524 καὶ
2958 4471 3137 4543 ἰδιώτῃ
3164 4472 3298 4542 λαῷ,
3329 4473 3361 4543 ἡ
3388 4473 3657 4544 τεχνικῶν

2081 4559 2303 4613 ἐκείνων
2332 4560 2505 4629 λόγων
2536 4562 2629 4615 καὶ
2660 4564 2984 4632 σοφιστικῶν
3016 4565 3246 4636 θεωρία·
3280 4565 3589 4636 πάρεστιδέ
3620 4568 3655 4636 ἡ

2081 4651 2364 4724 ἐκκλησία,
2417 4654 2476 4706 οὐ
2520 4654 2838 4725 παραδόξων
2867 4655 3040 4723 λόγων
3069 4654 3332 4725 ἀκρόασιν
3365 4655 3638 4726 ἐνδεχομέ-

2079 4759 2144 4812 νη
2181 4742 2280 4813 (α),
2320 4742 2456 4797 ἀλλά
2488 4745 2596 4798 τῶν
2633 4746 2721 4799 ἐπ’
2760 4745 3012 4817 οἰκοδομῇ
3055 4748 3233 4819 οἰκεία
3276 4747 3657 4818 θεωρημάτων

2080 4829 2411 4902 ἐπιζητοῦσα
2438 4833 2537 4898 τὰς
2574 4834 2775 4898 λύσεις.

2148 5115 2203 5171 7.
2240 5117 2540 5189 Τετίμηται
2568 5118 2748 5172 τοίνυν
2786 5120 2821 5190 ἡ
2856 5120 3055 5192 ἑϐδόμη
3094 5120 3299 5193 ἡμέρα,
3345 5120 3407 5173 τὸ
3441 5119 3653 5175 Σάϐϐα-

2077 5223 2197 5274 τον,
2235 5209 2526 5263 κάντεῦθεν
2573 5212 2602 5263 6
2640 5209 2867 5281 ἕϐδομος
2903 5212 3135 5284 ἀριθμὸς
3182 5210 3333 5284 παρά
3376 5212 3652 5277 Ἰουδαίοις

2077 5299 2293 5369 τίμιος*
2343 5302 2402 5354 ἐν
2449 5295 2494 5371 ᾧ
2539 5304 2598 5356 αἱ
2653 5304 3062 5376 Σκηνοπηγίαι,
3116 5307 3172 5358 αἱ
3225 5305 3557 5375 Σάλπιγγες,
3616 5307 3653 5377 ἡ

2077 5388 2258 5460 ἡμέρα
2287 5389 2383 5443 τοῦ
2416 5391 2695 5465 ’ῐλασμοῦο
2718 5395 2812 5449 καὶ
2838 5397 2867 5449 6
2899 5397 3142 5460 ἐνιαυτὸς
3169 5395 3396 5467 ἕϐδομος
3424 5395 3483 5448 δὲ
3517 5398 3653 5467 παρ’

2078 5478 2305 5544 ἐκείνοις
2343 5482 2540 5553 τίμιος,
2585 5486 2614 5538 6
2671 5486 2772 5557 τῆς
2806 5487 3077 5555 Ἀφέσεως
3135 5487 3442 5557 λεγόμενος.
3490 5487 3653 5555 Ἐἒῆν

2079 5568 2177 5638 μὲν
2216 5571 2327 5645 γὰρ
2363 5572 2546 5636 αὐτοῖς
2584 5574 2643 5641 ἓξ
2675 5575 2769 5649 ἔτη
2804 5577 3139 5648 ἐργάσασθαι
3182 5578 3279 5649 τὴν
3309 5576 3442 5650 γῆν·
3485 5574 3565 5646 τῷ
3594 5574 3651 5628 δὲ
